4126 6268
361 335 379 346 ι
436 298 546 359 495

1236 297 1611 357 SYMEONIS
1637 298 1737 356 ΤΠ
1753 297 1925 358 ESSA
1936 294 2384 357 LONICENSIS
2408 291 2639 352 AHCEI
2653 290 2762 350 ΕΡ.

3563 286 3671 351 496

433 408 621 466 oculos
637 406 885 463 demittat
906 405 1445 476 superhumilitatcm
1471 405 1669 459 initiati
1693 405 1783 473 qui
1808 418 1991 459 coram

2113 407 2387 476 ιαρτυρεί,
2416 403 2837 472 δυσωπούμενον
2865 400 2969 453 ὑπὸ
3001 399 3180 468 πάσης
3197 396 3521 469 ἐπουρανίου
3546 399 3672 452 Ἐκ-

433 498 620 553 multis
639 507 762 552 vota
791 496 1153 566 nuncupavit,
1174 504 1371 550 etcum
1399 495 1649 550 admittat
1679 495 1735 549 in
1769 495 1998 564 gratiam

437 589 749 659 adoptionis
778 603 939 658 quam
969 587 1025 641 in
1060 601 1217 641 sacro
1252 587 1578 656 baptismate
1611 587 1844 641 redemit
1873 599 2003 655 pro-

436 692 559 753 pter
600 681 748 734 hunc
804 678 1046 733 habitum
1095 679 1340 747 angelico
1377 678 1749 743 simillimum;
1788 676 1999 747 ﬂagitat

435 775 599 829 etiam
628 782 688 827 ut
717 775 819 827 iste
845 771 899 825 in
929 785 994 826 eo
1025 779 1297 833 servetur,
1321 778 1379 824 et
1406 769 1667 823 induatur
1706 768 1903 823 robore
1931 767 2000 822 ad

434 864 788 935 pugnandum
822 872 1014 919 contra
1049 862 1380 918 invisibilem
1412 862 1720 927 inimicum,
1752 871 1809 916 et
1831 860 2003 929 subjia

432 956 659 1010 riendas
702 955 882 1009 carnis
918 954 1245 1009 rebelliones
1289 954 1491 1009 virtute
1527 953 1787 1023 Spiritus,
1829 963 1999 1024 utque

433 1056 600 1100 exuto
633 1056 817 1098 vetere
853 1044 1108 1106 homine,
1144 1058 1343 1097 novum
1379 1042 1609 1107 induat,
1650 1045 1707 1097 in
1746 1045 2001 1097 omnibus

433 1151 781 1191 commorans
820 1143 876 1190 et
912 1135 1160 1188 oratione
1211 1135 1471 1189 insistens
1519 1144 1578 1189 ut
1620 1134 1767 1189 vivat
1803 1134 1894 1188 ille
1943 1135 1998 1188 in

433 1211 721 1284 sanctitate
748 1238 802 1281 et
831 1228 1043 1297 iustitia
1068 1266 1083 1289 ,
1119 1228 1212 1280 l‘tat
1243 1227 1334 1279 Dei
1366 1226 1788 1280 instrumentum
1823 1234 1878 1280 et
1901 1226 2001 1279 ha-

433 1320 730 1374 bitaculum
779 1319 1051 1387 Spiritus,
1096 1326 1153 1371 et
1196 1317 1395 1387 dignus
1434 1318 1703 1370 habeatur
1739 1316 1832 1386 qui
1873 1330 1997 1370 cum

433 1410 688 1463 omnibus
715 1408 905 1462 electis
943 1422 1169 1475 regnum
1200 1405 1460 1460 cmlorunt
1492 1407 1770 1470 obtineat,
1804 1406 2001 1473 depre-

432 1508 607 1553 catur.
639 1499 701 1551 Et
734 1512 919 1552 vocem
948 1496 1217 1549 extollens
1249 1493 1523 1548 benedicit
1556 1493 1903 1554 Trinitatem,
1929 1509 2000 1548 ex

433 1606 540 1661 qua
574 1604 737 1642 omne
770 1588 927 1641 tzobis
966 1585 1116 1639 venit
1153 1587 1356 1638 donum
1383 1582 1689 1654 perfectum
1716 1600 1732 1648 ;
1764 1595 1819 1638 et
1849 1593 2002 1653 post-

433 1699 594 1753 quam
628 1698 813 1752 pacem
845 1681 1098 1745 omnibus
1124 1680 1521 1751 pronuntiavit,
1545 1690 1602 1737 et
1628 1679 1765 1736 dixit
1792 1697 1808 1735 :
1843 1679 2000 1734 Incli-

435 1785 561 1829 natc
591 1774 769 1842 capita
806 1782 1005 1837 vestra,
1033 1786 1225 1825 omnes
1260 1771 1534 1826 inclinant
1568 1786 1694 1826 emn
1727 1772 1999 1827 monacho

433 1881 611 1936 nuper
661 1865 895 1927 initiato,
938 1863 1031 1932 qui
1072 1877 1180 1915 non
1227 1876 1450 1915 manum
1506 1861 1779 1931 pontiﬁcis
1833 1862 2001 1917 habet

434 1958 747 2027 impositam
777 1997 793 2021 ,
839 1971 948 2009 non
995 1954 1143 2009 enim
1181 1954 1579 2009 ordinationem
1622 1953 1860 2024 accipit,
1901 1955 1998 2009 sed

435 2047 778 2103 solummodo
825 2046 1024 2101 librum
1067 2059 1289 2115 precum
1321 2059 1486 2114 super
1518 2054 1682 2114 caput
1718 2046 1954 2116 positum
1982 2087 1998 2111 ,

434 2142 564 2193 dum
593 2154 777 2193 sacras
811 2152 1000 2207 preces
1034 2136 1283 2205 sust-ipit.
1323 2135 1557 2190 Adhibet
1582 2151 1713 2206 ergo
1740 2137 2000 2191 sacerdos

378 2248 381 2251 λ
435 2232 597 2286 ιιιτιιηι
645 2229 950 2283 orationem
1000 2245 1015 2282 :
1072 2246 1092 2278 ι
1148 2227 1350 2282 Sancte
1405 2226 1636 2282 Domine
1684 2227 1996 2293 virtutum,

436 2321 597 2376 Pater
629 2320 842 2374 Domini
874 2318 1051 2373 nostri
1081 2317 1208 2373 Jesu
1241 2318 1444 2373 Christi
1467 2359 1482 2379 ,
1521 2317 1740 2388 suscipe
1775 2332 1995 2373 servum

437 2421 591 2463 tnnm
631 2409 818 2464 istum.
854 2426 873 2459 ι
910 2406 975 2461 Et
1011 2416 1092 2461 ter
1122 2407 1300 2477 signat
1340 2422 1466 2462 eum
1511 2408 1565 2461 in
1607 2407 1997 2478 perfectionem

434 2501 636 2555 initiati
672 2498 966 2564 monachi,
1010 2497 1285 2567 simulque
1329 2497 1388 2554 in
1437 2497 1663 2567 gloriam
1716 2496 2000 2553 Trinitatis

437 2594 525 2649 cui
561 2594 710 2647 illum
748 2600 1072 2654 consecrat,
1112 2600 1172 2646 et
1206 2597 1401 2646 caetera
1435 2589 1764 2660 deprecatus
1791 2590 1997 2645 elevata

436 2701 592 2752 voce,
624 2684 922 2745 bencdicit.
956 2683 1023 2738 Et
1067 2696 1366 2738 conversus
1405 2681 1677 2751 iacentem
1721 2682 1904 2751 erigit,
1946 2681 1999 2736 id

434 2778 692 2844 ‘nnucns,
719 2791 846 2831 eum
879 2790 944 2829 ex
982 2783 1214 2844 peccato
1257 2772 1583 2837 surrexisse,
1616 2773 2000 2828 remissionem

435 2879 818 2932 consecutum,
841 2877 891 2922 et
914 2874 1204 2936 exceptum
1231 2864 1399 2920 fuisse
1417 2881 1446 2920 a
1471 2864 1654 2926 Patre.
1674 2879 1999 2934 rursumque

436 2963 494 3017 In
534 2960 702 3014 lilium
734 2958 1075 3027 adoptatum,
1110 2955 1187 3010 illi
1232 2955 1465 3025 primm
1516 2955 1766 3025 puritatis
1806 2956 1999 3012 stolam

436 3051 767 3113 reddidisse,
789 3048 1200 3116 collocasseque
1225 3062 1350 3102 cum
1403 3048 1636 3118 angelis.
1663 3049 2008 3118 Quapmptcr
2037 3085 2079 3139 ο

438 3143 586 3198 illius
614 3142 897 3198 dexteram
930 3138 1224 3210 arripiens,
1257 3137 1407 3192 illum
1459 3138 1624 3210 erigit
1653 3141 1932 3205 sacerdos,
1956 3150 2012 3194 et

439 3234 740 3290 ostendens
772 3231 1125 3300 Evangelium
1151 3270 1166 3296 ,
1200 3239 1456 3300 tanquam
1495 3229 1836 3286 Salvatorem
1871 3229 2007 3285 illud

440 3324 750 3382 deosculari
781 3325 1020 3386 mandat,
1045 3321 1191 3392 quod
1216 3322 1394 3377 innuit
1416 3322 1669 3392 amplecti
1692 3331 1749 3378 et
1780 3323 2012 3378 deoscu-

462 3418 542 3472 ari
579 3415 822 3470 Patrem.
860 3413 999 3467 Tum
1038 3412 1190 3468 addit
1224 3429 1240 3466 :
1277 3412 1442 3476 Ecce,
1477 3412 2013 3485 Christusinvisibi-

439 3507 567 3563 liter
608 3507 701 3562 hic
750 3504 924 3568 adest,
975 3511 1271 3571 monetque
1316 3512 1373 3557 ut
1421 3508 1643 3558 attento'
1676 3503 1862 3558 animo
1910 3504 2057 3570 sis,‘

448 3613 628 3669 neque
677 3597 728 3651 in
778 3605 1056 3667 posterum
1115 3595 1301 3649 cadas.
1349 3593 1618 3659 Quoniam
1677 3609 1838 3649 nemo
1887 3611 2010 3650 eum

442 3692 588 3761 cogit
637 3689 710 3743 ita
755 3695 812 3742 ut
862 3687 1065 3741 invitus
1107 3687 1331 3753 veniat,
1363 3687 1457 3742 sed
1494 3687 1730 3743 libenter
1776 3689 2007 3744 accedit.

443 3774 599 3849 Quod
639 3781 710 3835 ita
743 3778 1072 3845 conﬁtetur,
1132 3793 1329 3847 nempe
1358 3793 1422 3834 ex
1476 3778 1756 3850 proposito
1800 3779 2010 3834 venire.

446 3874 578 3928 Dein
608 3887 824 3926 rursum
854 3870 931 3925 ait
961 3869 1220 3925 sacerdos
1251 3887 1267 3925 :
1303 3887 1321 3921 ι
1356 3869 1496 3925 Ecce
1524 3870 1779 3924 Christus
1817 3869 2014 3923 invisi-

446 3965 627 4022 biliter
654 3963 742 4018 hic
769 3961 944 4028 adest,
965 3973 1021 4016 et
1048 3962 1171 4015 vide
1199 3962 1265 4015 ad
1291 3976 1452 4030 quem
1479 3961 1715 4023 accedis,
1733 3960 2012 4014 Christum

445 4056 688 4120 scilicet,
725 4052 814 4109 cui
860 4051 1207 4123 conjungeris
1234 4091 1249 4117 ,
1296 4051 1398 4121 ipsi
1446 4051 1594 4105 enim
1627 4050 1841 4104 Christo
1877 4049 2015 4105 adn-

445 4144 616 4208 naris,
652 4152 708 4200 et
740 4143 826 4198 cui
863 4142 1240 4205 abrenuntias,
1274 4156 1473 4211 nempe
1514 4140 1720 4196 mundo
1753 4149 1810 4198 et
1847 4141 2016 4196 rebus

444 4220 656 4291 mu‘ndi.
689 4252 716 4286 ›
756 4231 1014 4302 Dansque
1049 4230 1325 4287 iorllculas
1355 4248 1369 4286 :
1408 4248 1428 4283 ι
1471 4229 1692 4300 Accipe,
1725 4230 1927 4300 inquit,
1962 4237 2017 4284 ct

446 4326 579 4382 mihi
611 4325 776 4381 redde
801 4342 849 4390 ι,
875 4333 935 4379 ιιι
967 4333 1327 4394 spontaneam
1357 4323 1612 4378 ostendat
1641 4322 2012 4377 voluntatem.

445 4417 515 4474 Et
554 4417 599 4473 si
626 4417 742 4489 ipse
773 4414 993 4487 quidem
1040 4416 1233 4486 recipit
1269 4423 1421 4483 pater
1450 4413 1543 4483 qui
1575 4424 1856 4469 tonsuram
1898 4411 2012 4467 [ειε-
2048 4432 2089 4485 υ

449 4520 605 4564 turus
634 4516 719 4564 est
748 4506 1032 4571 sacerdos,
1067 4506 1185 4575 ipse
1210 4506 1412 4561 iterum
1438 4505 1610 4561 sumit
1644 4503 1918 4559 forﬁculas
1946 4503 2016 4557 ab

448 4599 663 4655 initiato
697 4599 970 4654 monacho
998 4597 1094 4667 qui
1127 4597 1279 4667 prius
1329 4611 1456 4653 eum
1481 4595 1853 4666 amplectitur.
1876 4597 1942 4651 At
1969 4594 2015 4649 si

449 4690 549 4746 has
581 4690 777 4759 accipit
817 4704 1049 4759 sponsor
1073 4727 1088 4754 ,
1124 4687 1321 4742 deinde
1353 4701 1446 4741 cas
1476 4686 1569 4741 dat
1604 4684 1919 4749 sacerdoti,
1962 4693 2018 4738 et

447 4796 641 4837 rursus
674 4780 932 4835 sacerdos
976 4778 1189 4833 iniliato
1216 4777 1414 4841 tradit,
1458 4791 1631 4846 eoque
1666 4776 1862 4830 iterum
1896 4791 2017 4830 am-

447 4872 723 4945 plectente
761 4877 816 4924 et
859 4870 978 4925 illas
1018 4870 1267 4939 sponsori
1316 4874 1617 4939 praebente,
1654 4868 1774 4938 ipse
1818 4867 2014 4922 iterum

447 4979 545 5020 cas
575 4961 754 5018 reddit
779 4962 1072 5016 sacerdoti.
1110 4961 1263 5026 Quod
1298 4961 1354 5014 ﬁt
1390 4960 1533 5015 trina
1573 4961 1711 5021 vice.
1745 4972 1802 5015 et
1830 4961 1885 5015 in
1922 4962 2019 5015 ho-

438 5070 642 5119 .norcm
677 5052 993 5118 Trinitatis,
1029 5061 1084 5106 et
1125 5053 1179 5106 in
1219 5051 1691 5108 conﬁrmationem
1724 5051 1840 5120 ejus
1871 5053 2015 5124 quod

451 5156 654 5205 factum
698 5157 807 5204 est.
844 5146 1111 5201 Sacerdos
1143 5159 1272 5200 vero
1320 5144 1480 5199 tertia
1525 5145 1644 5200 vice
1686 5146 1963 5217 accipiens
1998 5162 2014 5201 :

456 5264 475 5294 ι
516 5242 675 5308 Ecce,
713 5242 810 5306 ait,
848 5254 879 5294 e
918 5254 1079 5292 manu
1140 5236 1342 5292 Christi
1376 5251 1471 5292 eas
1512 5237 1717 5307 accipis
1752 5255 1813 5303 ›;
1854 5239 2017 5293 terri-

449 5335 557 5389 bile
578 5335 803 5389 verbum
826 5341 1116 5386 tremorem
1131 5329 1404 5384 incutiens
1420 5329 1795 5387 audientibus.
1808 5329 2019 5387 Deinde

452 5446 675 5485 sumens
700 5429 975 5483 loriiculas
998 5427 1131 5482 dicit
1158 5445 1173 5491 ;
1205 5446 1223 5478 ι
1252 5425 1581 5481 Benedictus
1612 5423 1756 5479 Deus
1781 5424 1874 5492 qui
1904 5423 2019 5477 vult

452 5537 643 5576 omnes
673 5522 850 5577 salvos
886 5520 999 5575 ﬁeri
1042 5540 1061 5573 ι
1088 5559 1104 5583 ,
1139 5530 1195 5575 et
1226 5520 1451 5590 reliqua.
1482 5517 1615 5573 Nam
1657 5526 1873 5587 oportet
1911 5515 2018 5572 Do-

453 5617 605 5669 mino
653 5613 855 5685 gratias
907 5628 1066 5684 agerc
1119 5613 1188 5668 de
1238 5613 1494 5667 omnibus
1541 5611 1839 5667 salutiferis
1889 5624 2019 5678 ope-

456 5706 626 5762 ribus.
658 5704 849 5759 Statim
878 5719 1006 5773 crgo
1034 5705 1220 5759 tondet
1255 5718 1377 5759 eum
1415 5706 1672 5760 sacerdos
1711 5705 1763 5758 in
1794 5703 2017 5758 nomine

2102 496 2330 564 κλησίας
2355 487 2467 547 τῶν
2496 495 2627 549 ἄνω.
2648 490 3032 562 πρωτοτόκων,
3078 490 3176 545 καὶ
3215 490 3311 542 ἐπὶ
3339 489 3439 556 τὴν
3470 490 3669 542 ταπείο

2100 604 2266 641 νωσιν
2315 587 2534 657 εὔχεται
2567 585 2863 654 ἐπιϐλέψαι
2899 582 2995 637 τοῦ
3029 583 3383 652 τελουμένου,
3407 582 3506 636 τοῦ
3540 581 3672 635 πολ-

2102 678 2212 730 λῶν
2239 676 2472 730 ἐνώπιον
2490 676 2934 744 ὁμολογήσαντος
2962 675 3031 726 τὰ
3055 672 3157 741 τῆς
3185 671 3553 740 ὑποσχέσεως,
3575 670 3675 725 καὶ

2104 767 2340 836 συνάψαι
2367 767 2446 836 τῷ
2465 767 2770 838 χαρίσματι
2799 765 2897 835 τῆς
2927 763 3207 827 υἱοθεσίας
3234 762 3314 833 τῷ
3342 765 3400 816 ἐν
3420 760 3500 832 τῷ
3535 761 3676 830 ἁγίῳ

2104 857 2446 931 βαπτίσματι
2475 857 2565 910 διὰ
2596 855 2690 910 τοῦ
2716 854 3096 925 ἀγγελοειδοῦς
3135 854 3329 909 τούτου
3371 855 3673 925 σχήματος,

2102 952 2198 1006 καὶ
2222 948 2530 1019 τηρηθῆναι
2551 949 2612 1000 ἐν
2640 946 2811 1016 αὐτῷ,
2834 947 2928 1000 καὶ
2951 944 3397 1014 ἐνδυναμωθῆναι
3419 944 3557 1015 πρὸς
3580 943 3676 997 τὸν

2099 1042 2196 1095 τοῦ
2221 1040 2458 1110 ἀοράτου
2489 1038 2688 1110 ἐχθροῦ
2740 1038 2999 1106 πόλεμον,
3051 1037 3415 1091 καταϐάλλειν
3469 1053 3531 1090 τε
3569 1036 3675 1098 τὰς

2099 1135 2199 1203 τῆς
2225 1134 2429 1204 σαρκὸς
2455 1130 2852 1192 ἐπαναστάσεις
2873 1131 2938 1199 τῇ
2959 1128 3191 1197 δυνάμει
3215 1125 3309 1180 τοῦ
3332 1125 3676 1196 Πνεύματος,

2101 1228 2198 1279 καὶ
2220 1226 2313 1279 τὸν
2340 1223 2570 1278 παλαιὸν
2593 1220 3060 1291 ἀποϐαλλόμενον,
3087 1221 3179 1273 τὸν
3205 1218 3325 1273 νέον
3349 1217 3679 1272 ἐνδύσασθαι

2101 1318 2411 1386 ἄνθρωπον,
2438 1315 2531 1368 καὶ
2561 1316 2617 1367 ἐν
2651 1315 2818 1368 πᾶσιν
2834 1311 3117 1383 ὀχυρώσας
3144 1313 3241 1365 καὶ
3287 1309 3575 1380 ἐνισχύσας
3606 1311 3673 1378 τῇ

2100 1410 2257 1480 εὐχῇ,
2287 1407 2426 1462 ὥστε
2451 1406 2550 1476 ζῇν
2578 1408 2636 1459 ἐν
2664 1406 2907 1474 ὁσιότητι
2957 1405 3054 1503 xii.
3081 1401 3428 1473 δικαιοσύνῃ,
3462 1401 3559 1454 καὶ
3584 1401 3677 1472 δρ-

2098 1516 2265 1568 γανον
2287 1499 2539 1567 γενέσθαι
2568 1496 2726 1561 Θεοῦ,
2760 1496 2855 1549 καὶ
2887 1490 3308 1562 κατᾶκητήριον
3331 1490 3674 1560 Πνεύματος,

2100 1590 2598 1661 ἀξιωθῆναιτοῦιον
2626 1589 2855 1642 αἰτεῖται
2881 1588 2976 1639 σὺν
3007 1586 3142 1639 πᾶσι
3157 1586 3268 1648 τοῖς
3288 1583 3563 1644 ἐκλεκτοῖς
3577 1581 3679 1648 τῆς

2103 1684 2374 1753 βασιλείας
2403 1682 2511 1735 τῶν
2544 1678 2811 1750 οὐρανῶν.
2836 1677 2944 1731 Kal
2958 1676 3283 1745 ἐκφωνήσας
3298 1673 3567 1742 δοξολογεϊ
3582 1672 3678 1741 τὴν

2111 1776 2340 1846 Τριάδα,
2372 1773 2505 1843 παρ’
2547 1766 2614 1844 ἦς
2639 1772 2785 1827 ἅπαν
2809 1771 2944 1840 ἡμῖν
2969 1768 3287 1839 χορηγεῖται
3333 1764 3565 1835 δώρημα
3592 1764 3677 1816 τέ-

2112 1866 2276 1920 λειον.
2307 1866 2416 1920 Kal
2441 1864 2539 1934 τὴν
2569 1863 2793 1933 εἰρήνην
2841 1860 3254 1929 ἐκφωνήσαντος
3284 1858 3439 1920 πᾶσι,
3474 1857 3569 1909 καὶ
3618 1853 3678 1907 τὸ

2112 1958 2287 2011 κλῖναι
2336 1958 2436 2018 τὰς
2490 1955 2750 2022 κεφαλὰς,
2783 1952 2982 2014 πάντες
3010 1948 3274 2012 κλίνουσι,
3313 1947 3413 2018 τὴν
3432 1945 3679 1999 δουλείαν

2115 2046 2523 2109 ὑποδεικνύντες
2557 2046 2653 2099 σὺν
2674 2043 2751 2115 τῷ
2786 2041 3094 2112 τελουμένῳ
3124 2038 3339 2110 μοναχῷ
3365 2054 3378 2066 ·
3398 2036 3457 2100 ὃς
3484 2037 3549 2104 δὴ
3584 2035 3680 2090 καὶ

2115 2143 2178 2196 οὐ
2210 2141 2307 2212 τὴν
2335 2141 2492 2211 χεῖρα
2525 2137 2618 2192 τοῦ
2650 2135 2905 2206 ίεράρχου
2927 2134 3039 2203 ἔχει
3066 2129 3436 2200 ἐπικειμένην,
3467 2126 3528 2217 οξ)
3572 2126 3681 2196 γὰρ

2112 2231 2443 2305 χειροτονίαν
2463 2231 2700 2300 δέχεται,
2730 2228 2865 2282 ἀλλά
2892 2227 2952 2280 τδ
2997 2223 3201 2295 βιϐλίον
3244 2222 3353 2276 τῶν
3382 2223 3556 2291 εὐχῶν
3589 2218 3681 2288 μό-

2113 2339 2205 2376 νον
2234 2320 2326 2373 ἐπ)⁸
2353 2319 2613 2387 κεφαλῆς,
2640 2318 2736 2380 τὰς
2763 2315 2914 2385 ίεράς
2943 2314 3105 2385 εὑχάς
3125 2312 3433 2383 δεχόμενος.
3453 2308 3682 2374 Ἐπάγει

2113 2413 2207 2468 οὖν
2238 2414 2266 2466 ὁ
2296 2411 2474 2482 ἱερεὺς
2497 2410 2591 2462 καὶ
2619 2408 2716 2480 τὴν
2739 2407 2933 2478 ἑτέραν
2959 2403 3349 2476 εὐχῆν,‹”Αγιε
3378 2403 3551 2470 Κύριε
3575 2401 3681 2454 τῶν

2122 2504 2428 2574 δυνάμεων,
2455 2504 2482 2555 ὁ
2502 2502 2689 2571 Πατὴρ
2706 2497 2802 2552 τοῦ
2828 2497 3032 2568 Κυρίου
3053 2496 3210 2567 ήμῶν
3222 2493 3401 2564 Ἰησοῦ
3422 2490 3680 2563 Χριστοῦ,

2116 2594 2408 2662 πρόσδεξαι
2437 2592 2528 2646 τὸν
2574 2589 2759 2646 δοῦλόν
2798 2605 2890 2643 σου
2919 2590 2946 2642 ὁ
2974 2588 3139 2642 δεῖνα.
3182 2605 3202 2640 ι
3237 2587 3348 2640 Καὶ
3393 2584 3682 2653 σφραγίζει

2110 2686 2300 2741 τοῦτον
2330 2685 2448 2754 τρὶς
2488 2685 2565 2746 είς
2595 2683 2875 2736 τελείωσιν
2914 2681 3030 2751 ἀμα
3049 2677 3146 2732 τοῦ
3166 2676 3490 2747 τελουμένου
3520 2691 3681 2744 μονα-

2112 2778 2234 2850 χοῦ,
2263 2776 2532 2841 καὶδόξαν
2565 2774 2664 2843 τῆς
2692 2771 2942 2843 Τριάδος,
2990 2770 3236 2840 ἀφιερῶν
3277 2767 3465 2823 τοῦτον
3520 2767 3681 2834 αὖτῇ,

2116 2873 2212 2925 καὶ
2236 2870 2304 2923 τὰ
2323 2867 2484 2922 λοιπά
2516 2863 2973 2935 ὑπερευξάμενος,
3003 2862 3240 2932 ἐκφωνεῖ
3269 2860 3363 2929 καὶ
3391 2857 3683 2924 δοξολογεί.

2117 2958 2228 3013 Kal
2250 2956 2509 3037 στραφεὶς
2532 2956 2734 3024 ἐγείρει
2763 2953 2858 3008 τδν
2885 2952 3158 3024 κείμενον,
3183 2951 3396 3012 δεικνὺς
3431 2948 3508 3010 ὡς
3532 2947 3682 3011 ἐξανο

2111 3055 2245 3122 έστη
2296 3054 2398 3120 τῆς
2447 3047 2741 3120 ἁμαρτίας,
2788 3047 2882 3100 καὶ
2943 3045 3044 3117 τὴν
3102 3044 3298 3113 ἄφεσιν
3352 3042 3538 3105 ἔλασε,
3591 3039 3685 3093 καὶ

2114 3143 2478 3216 προσεδέξατο
2523 3140 2716 3194 τοῦτον
2737 3141 2765 3193 ὁ
2790 3137 3003 3208 Πατὴρ,
3030 3136 3127 3191 καὶ
3166 3139 3248 3200 είς
3276 3136 3376 3206 τὴν
3407 3132 3684 3189 υἱοθεσίαν

2112 3237 2304 3304 ἀνάγει
2344 3234 2528 3299 πάλιν,
2559 3234 2656 3287 καὶ
2683 3232 2782 3302 τὴν
2810 3230 3084 3301 προτέραν
3123 3228 3317 3299 στολὴν
3347 3228 3450 3297 τῆς
3477 3227 3685 3299 καθάρ-

2114 3345 2249 3391 σεως
2279 3327 2484 3391 δίδωσι,
2525 3326 2620 3378 καὶ
2647 3322 2788 3394 μετά
2818 3323 2928 3376 τῶν
2963 3320 3218 3390 ἀγγέλων
3258 3321 3565 3374 συντάττει.
3592 3319 3686 3372 Διδ

2113 3420 2208 3474 καὶ
2236 3417 2417 3472 λαϐὼν
2445 3417 2610 3471 αὐτὸν
2638 3418 2735 3487 τῆς
2760 3414 2945 3479 δεξιᾶς
2971 3415 3029 3467 ἐν
3051 3412 3128 3483 τῷ
3158 3414 3381 3484 ἀνιστᾷν
3405 3414 3433 3466 ὁ
3474 3412 3676 3482 ἱερεὺς,

2114 3512 2207 3565 καὶ
2233 3511 2294 3563 τὸ
2325 3508 2655 3578 Εὐαγγέλιον
2691 3506 2977 3569 ὑποδείξας
3007 3504 3083 3568 ὡς
3110 3503 3201 3558 τὸν
3229 3503 3484 3574 Σωτῆρα,
3508 3504 3682 3569 ἀσπά-

2116 3603 2311 3656 σασθαι
2356 3602 2506 3671 λέγει
2549 3602 2703 3665 αὐτὸ,
2742 3600 2771 3654 ὃ
2807 3600 2959 3669 δηλοῖ
2991 3599 3053 3654 τὸ
3098 3598 3561 3667 ἐναγκαλίσασθαι
3589 3601 3687 3653 καὶ

2115 3694 2487 3764 καταφιλῆσαι
2513 3693 2604 3747 τὸν
2632 3693 2873 3762 Πατέρα.
2924 3686 3058 3744 Εἶτα
3087 3693 3184 3745 καί
3226 3708 3413 3763 φησιν,
3447 3709 3467 3743 ι
3501 3691 3632 3745 Ἱδοῦ
3659 3693 3688 3745 ὁ

2115 3785 2349 3853 Χριστὸς
2399 3784 2646 3854 ἀοράτως
2692 3781 2926 3836 ἐνταῦθα
2985 3783 3239 3854 πάρεστι.
3279 3801 3298 3836 ι
3327 3780 3435 3837 Kal
3469 3798 3686 3853 παραγ⁶

2114 3876 2295 3945 γέλλει
2335 3876 2646 3947 προσέχειν,
2683 3874 2825 3928 ὥστε
2863 3874 3061 3946 μηκέτι
3090 3878 3310 3939 πεσεῖν’
3359 3877 3481 3931 ἐπεὶ
3506 3877 3681 3939 οὐδεὶς

2116 3966 2415 4035 ἀναγκάζει
2444 3967 2631 4021 τοῦτον
2658 3966 2802 4020 ὥστε
2831 3968 3108 4031 ἀκουσίως
3135 3967 3311 4022 ἐλθεῖν
3332 3984 3347 3999 ·
3377 3966 3496 4021 ἀλλ’
3523 3968 3684 4021 ἐκου-

2119 4060 2244 4121 σίως
2272 4061 2656 4129 προσέρχεται.
2689 4059 2799 4114 Kal
2829 4057 2986 4112 τοῦτο
3018 4058 3194 4122 οὕτως
3220 4059 3502 4128 ὁμολογεῖ,
3525 4057 3601 4121 ὡς
3620 4057 3686 4111 ἐκ

2120 4151 2491 4220 προαιρέσεως
2511 4152 2757 4219 ἔρχεται.
2793 4146 2927 4202 Εἶτα
2975 4148 3137 4202 πάλιν
3168 4149 3336 4218 φησίν
3375 4150 3404 4202 ὁ
3457 4147 3640 4219 ίερεὺς
3662 4163 3677 4180 ⁸

2125 4258 2144 4290 ι
2185 4240 2316 4293 Ἰδοὺ
2347 4241 2375 4293 ὀ
2405 4240 2642 4310 Χριστὸς
2670 4239 2917 4310 ἀοράτως
2974 4239 3212 4295 ἐνταῦθα
3279 4240 3534 4312 πάρεστι,
3589 4243 3684 4294 καὶ

2124 4330 2283 4400 βλέπε
2305 4329 2410 4383 τίνι
2433 4330 2712 4402 προσέρχῃ
2732 4346 2746 4360 ο
2768 4329 2846 4399 τῷ
2875 4330 3100 4399 Χριστῷ
3119 4329 3362 4397 δηλονότι
3383 4347 3398 4365 ο
3430 4332 3539 4387 τίνι
3566 4348 3685 4386 συν-

2117 4421 2292 4491 τᾶσσῃ
2313 4437 2327 4453 ο
2359 4420 2440 4472 ὅτι
2474 4419 2622 4487 αὐτῷ
2660 4418 2738 4488 τῷ
2773 4419 2996 4488 Χριστῷ
3022 4436 3038 4452 υ
3088 4419 3184 4473 καὶ
3227 4421 3335 4474 τίνι
3363 4420 3649 4491 ἀποτάσση
3671 4435 3687 4451 ·

2120 4504 2231 4561 οἷον
2255 4508 2405 4577 αὐτῷ
2424 4507 2501 4576 τῷ
2528 4507 2717 4577 κόσμῳ
2735 4509 2891 4578 192
2909 4510 3131 4572 καὶτοῖς
3157 4508 3256 4563 τοῦ
3279 4511 3511 4580 κόσμου.
3546 4510 3689 4563 «Καὶ

2118 4601 2241 4663 δοὺς
2282 4599 2430 4670 αὖτῷ
2483 4599 2542 4653 τὸ
2602 4599 2871 4668 ψαλίδιον,
2913 4619 2931 4650 ι
2968 4600 3114 4654 Λάϐε
3155 4601 3251 4654 καὶ
3297 4602 3483 4666 ἐπίδος
3512 4618 3626 4672 μοι,
3658 4618 3680 4654 ι

2121 4693 2306 4760 φησὶν,
2329 4680 2413 4744 ἵνα
2441 4690 2502 4743 τδ
2525 4691 2771 4744 ἑκούσιον
2803 4690 2980 4761 δείξῃ.
3013 4692 3123 4744 Kal
3148 4692 3197 4744 εί
3231 4692 3331 4761 μὲν
3350 4692 3512 4754 αὑτός
3537 4693 3689 4745 ἐστιν

2120 4783 2511 4853 ἀναδεχόμενος
2549 4783 2644 4834 καὶ
2683 4783 2892 4853 Πατὴρ,
2922 4783 2951 4836 ὁ
2990 4783 3085 4838 καὶ
3131 4785 3444 4854 ἀποκείρων
3482 4786 3687 4857 ἱερεὺς,
3762 4846 3763 4849 η

2119 4874 2280 4934 αὐτὸς
2313 4873 2578 4942 λαμϐάνει
2612 4873 2674 4926 τὸ
2711 4872 2958 4942 ψαλίδιον
2989 4870 3149 4930 πάλιν
3175 4876 3284 4928 ἀπὺ
3303 4875 3398 4929 τοῦ
3433 4876 3691 4946 τελουμέ-

2121 4982 2214 5017 νου
2246 4963 2500 5034 μοναχοῦ,
2542 4964 2934 5033 ἀσπασαμένου
2980 4964 3172 5019 τούτου
3212 4966 3506 5036 πρότερον.
3552 4967 3615 5020 Εἰ
3642 4968 3689 5022 δ’

2119 5056 2212 5110 οὖν
2242 5057 2508 5126 λαμϐάνει
2541 5058 2569 5110 ὸ
2598 5058 2856 5126 ἀνάδοχος
2880 5056 3056 5122 τοῦτο,
3090 5059 3185 5111 καὶ
3205 5059 3422 5113 δίδωσιν
3453 5062 3586 5115 αὐτὸ
3613 5063 3692 5132 τῷ

2123 5151 2275 5218 ίερεϊ.
2315 5149 2421 5203 Kal
2453 5150 2483 5202 ὁ
2511 5148 2694 5218 ἱερεὺς
2743 5149 2908 5203 πάλιν
2958 5151 3192 5221 παρέχει
3228 5152 3308 5222 τῷ
3343 5154 3651 5225 τελουμένῳ
3672 5171 3689 5187 ⁸

2119 5234 2182 5294 οὗ
2214 5240 2309 5293 καὶ
2336 5239 2715 5309 ἀσπαζομένου
2770 5240 2931 5294 πάλιν
2979 5242 3073 5295 καὶ
3130 5243 3366 5306 διδόντος
3412 5245 3572 5298 τοῦτο
3612 5244 3693 5313 τῷ

2122 5332 2383 5402 ἀναδὸχῳ,
2420 5330 2580 5394 αὐτὸς
2612 5331 2791 5384 δίδωσι
2844 5332 3009 5385 πάλιν
3063 5332 3141 5404 τῷ
3180 5335 3336 5404 ίερεί.
3395 5335 3506 5389 Kal
3533 5335 3695 5389 τοῦτο

2121 5428 2327 5497 γίνεται
2352 5424 2444 5476 ἐπὶ
2475 5422 2612 5493 τρὶς,
2646 5421 2726 5484 εἴς
2751 5439 2810 5475 τε
2839 5423 3004 5491 τιμὴν
3032 5422 3132 5491 τῆς
3179 5423 3432 5493 Τριάδος,
3454 5428 3564 5479 ’καὶ
3596 5426 3691 5479 τοῦ

2122 5515 2409 5587 γινομένου
2443 5512 2754 5585 βεϐαίωσιν.
2790 5513 2901 5567 Kal
2942 5517 2971 5567 ὁ
2994 5516 3172 5583 ἱερεὺς
3198 5517 3259 5567 τὸ
3290 5516 3475 5583 τρίτον
3492 5516 3693 5581 διδοὺς,

2122 5611 2322 5680 φησίν·
2366 5626 2384 5658 ι
2435 5607 2569 5660 Ἰδοὺ
2621 5607 2685 5659 ἐκ
2713 5605 2813 5677 τῆς
2865 5606 3046 5677 χειρὸς
3076 5605 3165 5659 τοῦ
3206 5607 3447 5677 Χριστοῦ
3474 5607 3689 5677 λαμϐά-

2123 5720 2234 5766 νεις
2268 5700 2421 5755 αὐτό.
2459 5717 2478 5751 ι
2533 5699 2766 5770 Φοϐερὺς
2809 5703 2837 5754 ὁ
2861 5699 3037 5766 λόγος.
3080 5698 3171 5752 καὶ
3201 5700 3407 5769 φρίκην
3437 5700 3688 5769 ἐμποιῶν
