4108 6262
416 473 519 535 497

1709 484 1808 545 DE
1846 483 2356 547 PCENlTENTl'A.

3547 475 3651 539 £98

407 584 518 648 τοῖς
543 584 854 642 ἁκούουσιν.
893 581 1028 642 Εῐτα
1075 590 1258 645 λαϐὼν
1300 590 1362 644 τὸ
1392 590 1656 661 ψαλίδιον,
1705 572 1972 661 ἐπιλέγει,

2099 594 2404 663 l’rinitatis,
2438 594 2591 651 illum
2626 609 2839 651 summa
2867 594 3080 651 cervice
3124 596 3176 648 in
3210 591 3440 648 formam
3473 588 3653 644 crucis

412 694 435 728 ε
473 675 776 746 Εὐλογητὸς
819 679 850 732 6
881 679 1014 743 Θεὸς
1039 683 1068 734 6
1090 681 1260 737 θέλων
1290 684 1498 746 πάντας
1530 684 1793 753 σωθῆναι,
1831 703 1850 735 ι
1883 686 1979 738 καὶ

402 766 475 819 τὰ
502 765 689 823 λοιπά.
728 769 823 823 Δεῖ
851 769 961 840 γὰρ
996 772 1339 843 εὐχαριστεῖν
1366 774 1448 844 τῷ
1492 775 1684 846 Κυρίῳ
1727 777 1821 830 ἐπὶ
1846 778 1980 830 πᾶσι

405 859 520 921 τοῖς
556 860 847 930 σωτηρίοις
871 862 1077 934 ἔργοις.
1117 865 1291 929 Εὐθὺς
1316 862 1410 921 οὖν
1440 867 1728 937 ἀποκείρει
1755 867 1920 922 αὐτὸν
1951 870 1980 922 6

406 950 589 1020 ἱερεὺς
626 953 708 1017 είς
755 953 931 1025 ὄνομα
965 972 1067 1026 της
1092 957 1342 1026 Τριάδος,
1390 958 1753 1030 σταυροειδῶς
1776 958 1980 1030 κείρων

405 1040 568 1095 αὑτὸν
594 1041 704 1096 ἀπὸ
733 1049 1000 1117 κορυφῆς,
1034 1048 1129 1102 καὶ
1150 1047 1250 1113 τὰς
1275 1048 1468 1121 τρίχας
1494 1048 1575 1120 τῷ
1608 1050 1982 1122 θυσιαστηρίῳ

405 1132 722 1204 ἀποτίθησι,
745 1135 983 1202 δεικνὺς,
1005 1139 1081 1202 ὡς
1103 1140 1327 1213 ἀπαρχὴ
1353 1134 1518 1196 αὗται
1541 1144 1638 1198 καὶ
1666 1142 1842 1211 δῶρόν
1873 1144 1985 1196 είσι

408 1222 489 1290 τῷ
516 1222 636 1289 Θεῷ
662 1223 741 1288 ὡς
762 1226 856 1280 καὶ
881 1228 910 1280 6
941 1232 1327 1300 προσενεχθεὶς
1352 1232 1495 1298 ὅλος,
1528 1233 1624 1286 καὶ
1646 1231 1807 1285 θυσία
1832 1230 1986 1295 ζῶσα

413 1308 509 1360 καὶ
537 1310 850 1382 εὐάρεστος.
876 1312 1010 1369 Εἶτα
1031 1318 1127 1371 καὶ
1150 1319 1217 1373 τὰ
1235 1319 1329 1371 τοῦ
1352 1321 1633 1390 σχήματος
1662 1319 1983 1386 ἐνδιδύσκει,

407 1397 636 1455 ’ἑκαστον
674 1404 988 1472 σφραγίζων
1012 1406 1092 1477 τῷ
1115 1407 1214 1462 τοῦ
1250 1411 1488 1481 σταυροῦ
1514 1410 1694 1480 τύπῳ.
1720 1411 1831 1465 Καὶ
1862 1412 1982 1464 ἐπι-

406 1488 604 1554 λέγων,
634 1511 653 1544 ι
692 1493 970 1550 Ἐνδύεται
995 1501 1025 1552 6
1046 1500 1231 1564 δοῦλος
1259 1500 1356 1555 τοῦ
1377 1501 1541 1561 Θεοῦ.
1577 1502 1611 1573 ἢ
1643 1502 1978 1575 περιζώννυο

405 1598 518 1652 ται,
550 1586 583 1657 ἢ
616 1587 930 1656 ὑποδύεται,
964 1590 1204 1662 ἢέτερόν
1238 1607 1314 1658 τι,
1343 1594 1425 1657 είς
1457 1594 1518 1647 τὸ
1536 1594 1708 1664 ὄνομα
1732 1593 1827 1647 τοῦ
1867 1594 1982 1646 Πα-

406 1673 537 1742 τρδς
566 1678 660 1731 καὶ
691 1678 786 1734 τοῦ
815 1680 965 1747 Υίοῦ,
993 1685 1086 1734 καὶ
1123 1681 1217 1736 τοῦ
1233 1683 1395 1751 ἁγίου
1421 1685 1759 1755 Πνεύματος⁶
1799 1704 1818 1739 ε
1847 1685 1979 1739 καί·

2085 686 2379 750 abradens,
2409 695 2464 741 et
2496 686 2723 757 capillos
2756 686 2914 741 altari
2941 685 3195 756 imponit,
3226 691 3656 738 monstranseas

2084 791 2211 832 esse
2245 775 2357 831 Deo
2386 776 2656 846 primitias
2683 785 2740 833 et
2777 776 2986 832 donum
3010 815 3025 837 ,
3056 783 3221 847 prout
3260 774 3348 829 ille
3382 781 3531 828 totus
3569 770 3655 827 of-

2086 869 2265 924 fertur
2312 867 2642 923 sacriﬁcium
2694 868 2882 925 vivum
2932 876 2987 923 et
3034 864 3389 936 acceptabile.
3451 862 3658 918 Deinde

2089 959 2276 1015 habitu
2307 974 2431 1015 eum
2465 959 2665 1017 induit.
2694 958 2907 1031 singula
2941 960 3164 1030 signans
3187 956 3343 1026 signo
3369 954 3573 1020 crucis,
3602 961 3659 1007 et

2083 1050 2273 1106 dicens
2299 1067 2313 1105 :
2344 1069 2364 1103 ι
2397 1048 2653 1105 induitur
2680 1065 2874 1105 servus
2906 1049 3024 1115 Dei,
3050 1050 3134 1106 vel
3170 1046 3540 1118 praecingitur,
3570 1042 3659 1097 vel

2084 1141 2441 1208 subvestitur,
2488 1150 2585 1197 aut
2624 1141 2771 1196 aliud
2812 1142 2966 1209 quid,
3011 1141 3067 1195 in
3101 1140 3326 1196 nomine
3357 1136 3573 1203 Patris,
3603 1143 3661 1191 et

2087 1233 2217 1289 Filii
2249 1241 2305 1288 et
2338 1232 2580 1303 Spiritus
2611 1232 2825 1297 sancti;
2863 1251 2881 1285 ι
2919 1240 2975 1286 et
3008 1248 3022 1286 :
3062 1249 3082 1283 ι
3116 1230 3376 1285 Dicamus
3415 1244 3511 1299 pro
3541 1244 3609 1283 eo
3641 1243 3657 1279 :

2087 1326 2273 1399 Kyrie,
2305 1326 2534 1380 eleison.
2575 1343 2594 1377 ι
2629 1324 2787 1392 Quod
2816 1334 2901 1380 ter
2946 1325 3001 1379 in
3033 1322 3262 1395 singulis
3295 1321 3363 1377 ab
3402 1321 3661 1377 omnibus
3743 1369 3751 1399 ἱ

2087 1413 2308 1480 dicitur,
2345 1429 2455 1483 quo
2495 1415 2805 1469 ostenditur
2836 1414 2990 1469 illum
3025 1414 3077 1468 in
3110 1412 3384 1468 Trinitate
3419 1406 3658 1478 contegi.

2087 1505 2443 1575 divinamque
2467 1504 2902 1561 misericordiam
2930 1520 3051 1561 esse
3077 1519 3243 1574 super
3269 1519 3431 1568 eum;
3461 1511 3515 1556 et
3546 1500 3663 1569 ipsa

2089 1596 2345 1652 monachi
2393 1597 2574 1652 oratio
2620 1597 2896 1668 przecipue
2946 1596 3185 1652 intendit
3224 1602 3283 1649 ut
3334 1610 3367 1649 a
3430 1592 3664 1648 Domino

2090 1682 2223 1741 Jesu
2250 1686 2467 1741 invocet
2499 1686 2961 1742 misericordiam.

413 1784 436 1820 ε
476 1766 734 1841 Εῐπωμεν
773 1772 915 1843 ὑπὲρ
963 1774 1129 1829 αὐτοῦ
1157 1776 1241 1843 τὸ,
1272 1777 1443 1848 Κύριε
1471 1780 1718 1848 ἐλέησον.
1756 1794 1776 1828 ι
1821 1780 1886 1831 '0
1952 1778 2050 1831 καὶ
2084 1770 2215 1848 τρὶς
2238 1779 2299 1832 ἐν
2340 1780 2560 1848 ἑκάστῳ
2595 1783 2749 1851 παρὰ
2790 1780 3008 1833 πάντων
3037 1780 3279 1845 λέγεται,
3308 1778 3664 1849 δηλςυμένου,

408 1860 485 1922 ὡς
506 1865 566 1916 ἐν
591 1865 655 1933 τῇ
691 1862 883 1935 Τριάδι
909 1865 1225 1942 τειχίζεται,
1256 1871 1351 1922 καὶ
1413 1870 1477 1922 τὸ
1543 1868 1687 1922 θεῖον
1715 1866 1867 1931 ἔλεός
1901 1861 2169 1924 ἐστιν’ἐπ’
2198 1870 2371 1941 αὐτῷ’
2409 1873 2505 1924 καὶ
2531 1869 2672 1941 αῦτη
2700 1872 2735 1940 ἡ
2769 1870 2904 1942 εὐχὴ
2939 1870 3238 1941 ἐξαιρέτως
3267 1867 3363 1922 τοῦ
3400 1867 3664 1938 μοναχοῦ,

409 1951 469 2004 τὸ
507 1954 657 2019 παρὰ
680 1955 774 2010 τοῦ
805 1958 1010 2028 Κυρίου
1034 1941 1212 2031 Ἰησοῦ
1240 1960 1591 2015 ἐκκαλεῖσθαι
1619 1961 1709 2014 τὸν
1739 1959 1912 2015 ἔλεον.

963 2077 1006 2128 Κ
1019 2077 1215 2133 ΕΦΑΛ.
1263 2077 1425 2132 ΣυΓθ.

414 2161 477 2216 Τί
494 2163 756 2231 δηλοῦσι
783 2167 857 2221 τὰ
890 2166 998 2220 τοῦ
1016 2168 1181 2291 lspdoii
1207 2169 1524 2238 σχήματος
1547 2168 1669 2225 τῶν
1700 2165 1990 2241 μοναχῶν

1130 2254 1311 2292 ama.

1090 2256 1128 2291 a
1178 2257 1194 2270 η
1223 2256 1311 2297 ια.

487 2324 764 2381 Ἐνδύεται
791 2326 850 2382 δὲ
882 2328 1101 2401 πρῶτον
1126 2256 1257 2399 :fv,
1294 2330 1452 2402 φησὶ,
1481 2330 1690 2402 χιτῶνα
1717 2327 1992 2402 εὐφροσύ-

415 2435 512 2485 νης
536 2419 633 2474 καὶ
660 2420 1063 2489 ἀγαλλιάσεως,
1105 2423 1228 2479 ἀντὶ
1262 2423 1365 2492 τῆς
1403 2423 1743 2492 γυμνώσεως
1778 2423 1995 2492 ἐκείνης

413 2528 473 2563 τε
499 2513 597 2565 καὶ
617 2514 901 2584 αἰσχύνης,
933 2516 1031 2568 καὶ
1056 2517 1157 2585 τῆς
1181 2515 1750 2585 παρακολουθησάσης
1772 2515 1861 2568 διὰ
1891 2515 1997 2584 τῆς

414 2602 706 2671 παρακοῆς
735 2607 834 2656 καὶ
862 2605 965 2673 τῆς
991 2604 1264 2674 ἁμαρτίας
1292 2604 1503 2675 φθορᾶς
1524 2604 1621 2659 τοῦ
1648 2605 1883 2660 θανάτου
1902 2603 1997 2658 καὶ

418 2693 519 2760 τῆς
572 2692 768 2764 λύπης,
824 2695 893 2764 ἢν
946 2696 1173 2766 ἀναιρεῖ
1216 2696 1287 2749 δι’
1318 2697 1569 2766 ὑπακοῆς
1603 2698 1700 2750 καὶ
1749 2697 1995 2766 ἀφθόρου

420 2784 572 2855 ζωῆς
599 2787 660 2842 τὸ
695 2788 981 2859 μοναδικὸν
1005 2789 1195 2859 σχῆμα
1219 2789 1281 2842 τὸ
1306 2788 1485 2855 ἅγιον.
1528 2785 1662 2843 Εἶτα
1684 2788 1746 2841 τὸ
1773 2788 1998 2842 παλλίον

414 2878 509 2932 τοῦ
529 2880 763 2949 μεγάλου
784 2882 883 2952 σχή
893 2900 1081 2952 ματος,
1104 2900 1122 2933 ι
1137 2882 1229 2945 Είς
1246 2880 1460 2953 στολὴν,
1479 2882 1669 2950 λέγων,
1692 2880 2000 2951 ἀφθαρσίας

417 2974 511 3027 καὶ
536 2975 919 3044 σεμνότητος,›
950 2976 1027 3040 ὡς
1073 2976 1210 3030 Θιοῦ
1242 2976 1457 3047 σκέπης
1497 2977 1751 3046 σημεῖον,
1781 2974 1872 3029 διὰ
1896 2976 1999 3043 τῆς

414 3068 474 3122 ἐν
494 3065 754 3137 εύλαόείᾳ
770 3066 921 3136 ζωῆς
944 3068 1307 3139 χαριζόμενον
1339 3069 1486 3141 ζωὴν
1511 3068 1730 3123 αίώνιον
1758 3070 1836 3139 τῷ
1860 3071 1999 3139 λαμ-

414 3159 655 3221 ϐάνοντι,
707 3160 792 3213 ἔτι
840 3159 897 3213 δὲ
938 3162 1035 3214 καὶ
1062 3161 1146 3224 είς
1169 3160 1317 3215 θείαν
1342 3159 1660 3232 περιϐολὴν,
1691 3161 1758 3232 ἢν
1780 3161 1813 3231 ἠ
1840 3161 2000 3231 χάρις

413 3251 507 3305 τοῦ
541 3251 858 3322 Πνεύματος
882 3251 1119 3318 δίδωσιν,
1155 3252 1281 3306 ἀντὶ
1311 3252 1423 3306 τῶν
1463 3252 1811 3324 δερματίνων
1834 3251 2000 3324 χιτώ-

414 3358 540 3396 νων.
574 3341 708 3396 Εἶτα
729 3343 791 3396 τὸ
825 3343 1143 3397 κύκούλιον
1174 3342 1273 3413 τῆς
1300 3343 1562 3409 ἀκακίας.
1604 3345 1737 3410 «Είς
1768 3361 1994 3414 περικε-

416 3434 657 3503 φαλαίαν
686 3434 904 3500 ἐλπίδος
932 3402 1492 3507 σωτηρξουδ-’λέγωη
1633 3402 1734 3509 τὴν
1759 3440 1823 3492 ἐκ
1845 3402 1993 3491 ’θεοῦ
2019 3402 2066 3459 c

414 3526 515 3596 τῆς
541 3527 767 3596 χάριτος
789 3526 1122 3595 ἐπεσκίασιν,
1151 3530 1248 3583 καὶ
1284 3528 1381 3583 τοῦ
1407 3528 1745 3600 ἡγεμονικοῦ
1768 3528 1857 3581 διὰ
1894 3529 1993 3595 τῆς

415 3617 924 3693 ταπεινοφροσύνης
967 3632 1064 3676 και
1105 3621 1208 3692 τῆς
1260 3623 1502 3684 ἀκακίας
1541 3622 1685 3677 κατὰ
1720 3621 1790 3676 τὰ
1829 3619 1994 3674 ἄδολα

418 3714 590 3782 νήπια
622 3712 853 3783 ὖψωσιν,
903 3715 999 3768 καὶ
1040 3713 1123 3769 ἐτι
1167 3716 1268 3783 τῆς
1297 3714 1547 3783 κεφαλῆς
1599 3715 1743 3780 μετὰ
1774 3714 1995 3767 πάντων

417 3804 529 3860 τῶν
562 3803 932 3876 αἰσθητηρίων
951 3803 1053 3877 τὴν
1074 3806 1138 3860 ἐκ
1160 3805 1253 3859 τοῦ
1302 3805 1438 3859 Θεοῦ
1489 3805 1739 3876 φυλακὴν
1771 3806 1867 3860 καὶ
1898 3823 1994 3859 πε-

424 3897 698 3967 ρξθαλψιν.
730 3900 795 3951 '0
821 3898 886 3969 δὴ
929 3898 1024 3951 καὶ
1050 3895 1361 3970 ἔμπροσθεν
1400 3899 1535 3967 περὶ
1577 3899 1639 3951 τὸ
1675 3898 1873 3970 στῆθος
1905 3898 1997 3952 διὰ

422 3992 482 4044 τὸ
505 3991 814 4060 λογιστικὸν
838 3994 934 4046 καὶ
960 3993 1060 4062 τὴν
1080 3992 1309 4062 καρδίαν
1332 3991 1430 4045 καὶ
1458 3991 1687 4046 ὄπισθεν
1716 3992 1998 4062 ἐκκρέμα-

420 4100 533 4150 ται,
557 4084 825 4156 σταυροὺς
850 4084 1115 4155 ἐρυθροὺς
1145 4083 1465 4155 περιφέρον,
1490 4086 1570 4147 είς
1597 4083 1660 4135 τὸ
1681 4083 1899 4136 διώκειν
1918 4081 1997 4152 τῷ

426 4174 692 4246 βασιλικῷ
725 4177 821 4230 καὶ
851 4174 1068 4246 φρικτῷ
1103 4166 1339 4249 σημείῳ
1372 4175 1501 4239 τοὺς
1550 4173 1677 4228 καθ’
1717 4174 1874 4243 ήμῶν
1901 4173 1998 4242 ἔμ-

427 4270 663 4342 προσθέν
699 4285 760 4322 τε
789 4270 884 4323 καλ⁵
915 4267 1139 4322 ὄπισθεν
1164 4269 1261 4321 ἐπε
1272 4267 1622 4338 μόαίνοντας.
1650 4267 1882 4321 Ἔπειτα
1905 4266 1998 4320 τὸν

424 4362 697 4418 άνάλαϐον
723 4361 788 4414 ἐκ
811 4360 1099 4431 δερμάτων
1145 4346 1310 4425 ζὼου
1331 4358 1419 4413 διὰ
1445 4358 1544 4431 τὴν
1571 4360 1683 4415 τῶν
1713 4359 1999 4429 κοσμικῶν

423 4452 693 4523 νέκρωσιν
721 4454 830 4507 ἀπὸ
858 4453 967 4506 τῶν
997 4450 1167 4523 ὤμων
1200 4451 1513 4523 ἔμπροσθέν
1540 4469 1601 4503 τε
1629 4454 2000 4522 σταυροειδῶς

423 4549 519 4601 καὶ
543 4546 789 4611 δπισθεν,
843 4546 1048 4616 σημεῖα
1098 4546 1442 4616 κεκτημένον
1491 4544 1755 4616 σταυροῦ,
1790 4544 1998 4616 μᾶλλον

426 4639 486 4693 δέ
507 4639 673 4693 αὐτὸν
701 4636 1042 4691 ἐκτυποῦντα
1073 4636 1166 4690 τὸν
1201 4637 1454 4707 σταυρὸν,
1490 4655 1509 4689 ε
1542 4636 1994 4707 Ἀναλαμὸάνων,

425 4727 599 4796 λέγων
625 4731 655 4782 6
714 4729 917 4798 ἱερεὺς,
947 4728 1040 4780 τὸν
1072 4727 1307 4797 σταυρὸν
1338 4725 1506 4780 αὐτοῦ
1542 4729 1635 4781 ἐπὶ
1663 4729 1773 4781 τῶν
1805 4727 1995 4797 ὤμων,
2029 4751 2077 4813 D

426 4818 521 4873 καὶ
547 4817 858 4872 ἀκολουθῶν
883 4816 963 4885 τῷ
1000 4818 1269 4889 Δεσπότῃ,
1315 4817 1462 4871 καθά
1513 4816 1578 4887 δὴ
1609 4818 2006 4888 καθωμολόγηιο

426 4925 537 4964 σεν.
573 4928 594 4962 ι
630 4905 767 4964 Εἶτα
815 4908 908 4961 ἐπὶ
957 4906 1169 4971 τούτοις
1197 4908 1296 4977 τὴν
1336 4907 1537 4978 ζώνην,
1569 4907 1666 4961 καὶ
1694 4906 1905 4978 ταύτην
1936 4906 2003 4961 ὲκ

422 5001 715 5072 δέρματος,
750 5000 1150 5073 περιζώννυται
1180 5000 1378 5069 λέγων,
1424 5018 1443 5052 ι
1485 5000 1599 5070 Τὴν
1624 5001 1797 5068 ὀσφὺν
1831 4996 2001 5054 αὑτοῦ

425 5095 504 5158 είς
532 5094 802 5162 νέκρωσιν
840 5091 1093 5163 σώματος
1118 5093 1215 5146 καὶ
1238 5093 1587 5146 άνακαίνισιν
1631 5095 1764 5145 πνεύ
1773 5109 1996 5161 ματος.»

424 5182 516 5235 διὰ
531 5182 634 5251 τὴν
664 5180 1025 5252 σωφροσύνην
1057 5183 1154 5236 καὶ
1182 5181 1282 5253 τὴν
1310 5181 1556 5250 ἁγνείαν,
1587 5182 1685 5237 καὶ
1710 5182 1771 5235 τὸ
1797 5182 2000 5253 νεκρὰς

429 5274 607 5328 ποιεῖν
632 5275 733 5342 ὅση
786 5275 1017 5343 δύναμις
1063 5273 1165 5337 τὰς
1221 5274 1468 5345 κινήσεις
1517 5275 1620 5345 τῆς
1654 5273 1883 5342 σαρκὸς.
1913 5275 2005 5329 καὶ

428 5363 778 5434 ἐνισχύεσθαι
811 5365 957 5420 κατὰ
981 5364 1092 5420 τῶν
1114 5365 1326 5431 παθῶν,
1355 5366 1450 5419 καὶ
1472 5365 1612 5436 πρὸς
1637 5365 1737 5429 τὰς
1773 5366 2003 5435 πράξεις

425 5457 537 5510 τῶν
559 5455 792 5511 ἐντολῶν
842 5458 1215 5528 ἀνδρίζεσθαι.
1258 5454 1391 5511 Εἶτα
1434 5457 1506 5512 τὰ
1536 5457 1816 5522 σανδάλια,
1854 5474 1873 5509 ι
1907 5458 2004 5520 Εἰς

427 5549 768 5621 ἐτοιμασίαν,
809 5552 966 5622 φησὶ,
993 5550 1092 5605 τοῦ
1144 5548 1481 5618 ΕύαγῪελίου
1534 5549 1635 5621 τῆς
1698 5550 1942 5621 είρήνης,
1978 5567 1996 5601 ι

428 5638 519 5693 ενα
558 5639 636 5711 μὴ
665 5641 992 5714 προσκόπτῃ
1023 5640 1152 5705 τοὺς
1181 5640 1350 5703 πόδας
1371 5640 1498 5704 τοὺς
1524 5641 1745 5712 νοεροὺς
1767 5641 1868 5709 τῆς
1902 5640 2005 5709 ψυ-

427 5730 554 5800 χῆς,
596 5731 734 5802 μηδὲ
769 5733 921 5804 παρὰ
945 5733 1053 5785 τῶν
1077 5733 1382 5803 νοουμένων
1403 5731 1582 5802 ὄφεων
1617 5731 1882 5801 δάκνηται
1903 5730 2003 5803 τὴν

428 5821 540 5874 τῶν
561 5820 844 5892 λογισμῶν
871 5822 1126 5894 πτέρναν,
1151 5822 1268 5876 ἀλλ’
1286 5823 1470 5876 ἐπάνω
1484 5821 1691 5876 τούτων
1720 5820 2000 5892 ἐπιϐαίνῃ,

431 5912 535 5967 καὶ
560 5915 850 5985 καταπατῇ
879 5912 1068 5968 λέοντα
1098 5916 1193 5969 καὶ
1222 5915 1513 5984 δράκοντα,
1545 5912 1867 5982 campum-3t
1904 5912 2004 5982 τῆς

2574 2075 2807 2134 CAPUT
2845 2076 3175 2134 CCLXXI".

2160 2169 2301 2236 Quid
2352 2170 2558 2227 denotet
2612 2187 2764 2254 sacer
2798 2172 3183 2293 ἇηοέιαειιοτυηι
3230 2169 3440 2224 habitus
3504 2184 3608 2240 quo

2740 2258 2791 2293 ιη
2836 2258 2890 2293 ut
2919 2258 3005 2293 ur.

2740 2251 3005 2296 induitur.

2161 2328 2406 2385 Primum
2443 2329 2687 2399 quidem,
2713 2330 2871 2397 dixit,
2921 2330 3169 2386 induitur
3224 2339 3430 2386 vestem
3471 2329 3674 2384 laetitia!

2093 2430 2150 2477 et
2178 2421 2572 2478 exsultationis
2601 2422 2748 2477 illius
2783 2423 2903 2478 loco
2920 2424 3182 2479 nuditatis
3213 2432 3265 2479 et
3314 2421 3673 2494 turpitudinis

2095 2520 2152 2568 et
2199 2522 2404 2569 secuta:
2445 2528 2543 2584 per
2575 2515 3007 2571 inobedientiam
3051 2525 3110 2571 et
3160 2527 3444 2585 peccatmn
3486 2530 3677 2568 corru-

2094 2604 2304 2676 ptionis
2325 2608 2522 2661 mortis
2551 2621 2616 2662 ac
2640 2607 2897 2671 tristitiaa,
2923 2622 3086 2677 quam
3116 2607 3257 2662 tollit
3281 2623 3377 2675 per
3408 2607 3673 2661 obedien—

2099 2695 2229 2750 tiam
2260 2696 2550 2767 vitamque
2576 2697 3047 2766 incorruptiliilem
3078 2712 3235 2753 sacer
3274 2697 3673 2751 monachorum

2098 2787 2344 2844 habitus.
2402 2788 2609 2844 Deinde
2662 2789 2889 2860 pallium
2942 2789 3126 2845 induit
3178 2789 3402 2859 majoris
3433 2777 3675 2842 habitus

2097 2883 2290 2939 dicens
2321 2901 2336 2936 :
2372 2901 2392 2935 ι
2429 2883 2487 2937 1η
2528 2882 2724 2939 stolam
2758 2882 3187 2939 immortalitatis
3217 2891 3271 2937 et
3305 2881 3614 2936 sanctitatis
3651 2900 3670 2932 ο

2099 2984 2357 3046 tanquam
2385 2975 2600 3047 signum
2626 2975 2797 3031 divini
2832 2976 3072 3043 praesidii
3102 2975 3269 3029 vitam
3294 2983 3551 3028 :etcrnam
3581 2988 3677 3044 per

2098 3067 2267 3123 vitam
2305 3068 2361 3122 in
2400 3069 2604 3138 pietate
2650 3077 2934 3138 peractam
2983 3067 3307 3137 impertiens
3343 3066 3676 3135 accipienti,

2099 3167 2157 3216 et
2208 3160 2436 3231 insuper
2491 3160 2547 3214 in
2597 3161 2814 3231 signum
2855 3159 3026 3215 divini
3074 3159 3311 3214 amictus
3367 3174 3527 3228 quem
3580 3174 3679 3228 pro

2100 3253 2349 3309 vestibus
2384 3251 2635 3322 pelliceis
2669 3254 2905 3323 largitur
2942 3252 3183 3323 Spiritus
3228 3252 3425 3324 gratia.
3477 3252 3697 3306 Deinde

2104 3344 2271 3401 tradit
2311 3345 2591 3400 cucullum
2641 3345 2976 3400 innocentia:
3015 3345 3209 3399 dicens
3246 3362 3260 3399 :
3304 3361 3324 3396 ι
3352 3342 3423 3398 ‘lu
3469 3344 3679 3415 galeam

2102 3437 2355 3494 salutaris
2394 3436 2523 3492 ﬁdei
2575 3456 2636 3504 ι,
2685 3447 2914 3508 prOpIer
2957 3437 3431 3491 adumbrationem
3479 3436 3690 3491 divinas

2102 3530 2310 3603 gratiae,
2330 3538 2384 3585 et
2402 3529 2759 3601 principalem
2779 3529 3166 3585 exaltationem
3192 3529 3339 3583 hunc
3361 3536 3679 3582 manentem

2101 3622 2196 3692 qui
2244 3621 2554 3677 humilitate
2595 3629 2650 3676 et
2693 3621 3011 3676 innocentia
3049 3623 3303 3693 ingenuis
3340 3620 3681 3678 assimilatur

2103 3713 2409 3771 infantibus
2430 3753 2446 3780 ,
2477 3714 2564 3770 vel
2593 3715 2759 3769 etiam
2789 3725 3016 3785 propter
3047 3715 3352 3771 custodiam
3390 3724 3556 3785 atque
3592 3725 3682 3769 tu-

2103 3806 2268 3863 telam
2294 3849 2311 3875 ,
2352 3805 2465 3861 Deo
2494 3804 2711 3861 favente
2733 3846 2749 3873 ,
2791 3814 3063 3861 servatam
3095 3806 3297 3876 capitis
3323 3807 3692 3876 omniumque

2101 3898 2269 3955 simul
2292 3914 2580 3954 sensuum.
2603 3898 2758 3965 Quod
2781 3913 2810 3953 a
2844 3896 3020 3953 fronte
3042 3897 3263 3969 quidem
3292 3898 3499 3969 pendet
3533 3899 3684 3953 circa

2104 4001 2297 4062 pectus
2338 4000 2559 4062 propter
2598 3991 2864 4046 rationem
2902 4000 2958 4046 et
3002 4006 3136 4055 cor,
3187 4007 3264 4047 ac.
3293 4006 3322 4044 a
3366 3999 3519 4057 tergo
3553 3991 3684 4045 reli-

2103 4092 2261 4154 επιστ
2283 4122 2299 4149 ,
2337 4096 2532 4137 cruces
2566 4082 2763 4136 rubras
2795 4081 3197 4136 circumferens
3228 4086 3295 4135 ad
3337 4082 3684 4151 repellendos

2105 4173 2273 4241 regali
2312 4172 2651 4241 terribilique
2684 4175 2841 4243 signo
2876 4172 3159 4241 hostesin
3196 4188 3299 4228 nos
3339 4190 3367 4228 a
3406 4173 3583 4229 fronte
3627 4184 3684 4228 et

2104 4277 2136 4318 a
2186 4272 2340 4331 tergo
2389 4263 2684 4317 irruentes.
2739 4252 2945 4318 Deinde
2997 4265 3287 4334 scapulare
3336 4264 3569 4335 imponit
3615 4280 3694 4320 ex:

2106 4354 2251 4425 pelle
2283 4354 2539 4409 animalis
2566 4353 2792 4422 factum,
2820 4355 3079 4425 quoniam
3115 4356 3497 4411 rebusmundi
3537 4372 3684 4411 mor-

2107 4457 2234 4502 tuus
2284 4457 2369 4501 est
2415 4447 2764 4512 monachus,
2812 4449 2881 4503 ab
2925 4448 3172 4504 humeris
3224 4458 3378 4518 parte
3419 4449 3684 4504 anteriori

2104 4539 2352 4610 pendens
2385 4541 2441 4594 in
2478 4538 2710 4595 formam
2754 4541 2934 4595 crucis
2961 4580 2978 4602 ,
3020 4552 3175 4611 parte
3206 4555 3336 4596 vero
3388 4540 3681 4611 posteriori

2107 4631 2278 4700 signis
2322 4631 2503 4687 crucis
2556 4631 2819 4686 refertum
2870 4647 2970 4687 seu
3021 4632 3203 4702 potius
3241 4633 3416 4702 ipsam
3459 4648 3681 4688 crucem

2105 4721 2353 4777 referens
2383 4739 2398 4777 :
2437 4740 2458 4774 ι
2500 4720 2789 4792 Accipiens
2822 4737 3040 4778 crucem
3081 4738 3244 4794 super
3274 4725 3571 4790 humeros,
3606 4726 3686 4780 ait

2102 4814 2377 4880 sacerdos,
2412 4816 2659 4882 sequitur
2683 4815 2995 4883 Dominum,
3024 4827 3184 4886 prout
3213 4815 3497 4873 confessus
3521 4829 3627 4874 est.
3659 4837 3678 4870 ε

2103 4906 2310 4961 Deinde
2339 4917 2463 4976 post
2498 4908 2599 4962 ista
2632 4922 2822 4962 zonam
2854 4907 3035 4964 induit
3058 4917 3112 4963 et
3139 4909 3363 4979 quidem
3399 4910 3721 4980 pelliccam~

2101 5002 2292 5058 dicens
2324 5018 2339 5056 :
2376 5021 2396 5054 ι
2439 5003 2859 5075 Prtecinguntur
2905 5019 3077 5059 renes
3110 5005 3230 5075 ejus
3274 5005 3347 5059 in-
3387 5007 3682 5059 mortiﬁca-

2102 5093 2306 5148 tionem
2335 5094 2579 5163 corporis
2610 5102 2666 5148 et
2694 5095 3104 5150 renovationem
3160 5096 3391 5166 spiritus
3418 5095 3484 5150 ad
3521 5098 3686 5150 casti-

2107 5194 2274 5241 tatem
2311 5194 2365 5239 et
2397 5185 2721 5240 munditiam
2751 5185 2819 5240 ad
2854 5185 3265 5241 mortiﬁcandos
3291 5196 3556 5255 quantum
3588 5204 3685 5255 po-

2107 5277 2256 5343 terit,
2284 5284 2466 5359 motus
2493 5276 2694 5343 carnis,
2725 5277 2792 5331 ad
2827 5278 3215 5333 obluctandum
3246 5277 3508 5332 adversus
3532 5278 3681 5337 vitia,

2104 5371 2171 5425 ad
2192 5369 2627 5426 conﬁrmandum
2650 5369 2895 5423 animum
2914 5368 3056 5424 circa
3077 5377 3474 5439 pratceptorum
3494 5384 3683 5439 opera.

2105 5460 2300 5516 Postea
2326 5460 2540 5514 inducit
2568 5457 2808 5513 sandalia
2832 5458 3059 5513 dicens:
3087 5476 3106 5509 ι
3129 5458 3184 5512 ln
3229 5459 3684 5527 prteparatiOucm

2106 5548 2385 5619 Evangelii
2419 5548 2621 5617 pacis,»
2657 5557 2713 5600 ut
2741 5546 3011 5617 spiritales
3043 5548 3238 5602 anima:
3264 5548 3428 5615 pedes
3450 5556 3569 5601 ‘non
3597 5547 3684 5600 ol-

2111 5639 2319 5705 lendat,
2347 5654 2525 5707 neque
2555 5637 2838 5708 Spiritibus
2868 5636 3213 5706 serpentibus
3240 5637 3511 5693 lmdantur
3537 5639 3687 5709 cogi-

2113 5729 2377 5785 tationum
2401 5728 2622 5799 plantaa,
2641 5729 2735 5782 sed
2766 5743 2932 5798 super
2956 5726 3058 5783 flos
3077 5726 3316 5783 ambulet
3331 5728 3683 5782 elconculcet

2112 5818 2330 5874 leonem
2375 5828 2539 5888 atque
2582 5819 2916 5881 draconem,
2965 5815 3209 5871 occultas
3245 5816 3467 5870 malitia:
3510 5815 3684 5871 letha-

2113 5912 2298 5981 lcsquc
2356 5911 2595 5979 bestias,
2651 5920 2705 5968 ct
2764 5925 3041 5981 nunquam
3108 5924 3456 5979 regressurus
3502 5912 3684 5961 currat
