4126 6268
492 459 601 527 69')

1329 465 1714 530 SYMEONIS
1755 465 2529 534 THESSALONICENSIS
2568 469 2929 535 ARCHIEP.

2293 318 2403 338 ..ς-η

3640 467 3747 529 500

482 578 627 632 viam
659 572 974 650 Evangelii,
1017 595 1192 652 usque
1220 581 1350 637 dum
1386 596 1548 652 supra
1577 595 1808 638 currens
1836 581 1929 637 ubi
1960 585 2059 634 no-
2089 589 2124 641 Α

2208 581 2368 647 ακίας
2396 584 2498 639 atati
2519 582 2761 654 φθονερά
2788 583 2983 655 θηρία,
3013 582 3112 637 καὶ
3133 579 3549 653 ἀμεταστρεπτὶ
3572 579 3747 655 τρέχῃ

484 679 597 725 stra
628 672 977 726 conversatio
1009 680 1093 727 est
1118 713 1133 738 ,
1159 672 1227 728 ad
1256 673 1455 729 coelum
1485 672 1788 742 perveniat.
1821 671 2065 742 Denique

484 760 828 833 chlamydem
871 763 1021 818 velut
1049 765 1233 819 omnia
1275 765 1736 835 complectentem
1778 764 1959 831 addit,
1997 761 2066 818 ad

483 869 645 925 quam
681 854 897 910 clariori
940 870 1072 912 voce
1102 856 1358 913 sacerdos
1393 857 1569 913 dicit:
1612 857 1726 913 «Tu
1766 855 1936 913 frater
1965 873 2069 914 no-

485 953 623 1011 ster,
646 944 832 1014 accipe
862 960 1116 1016 magnum
1144 955 1199 1001 et
1221 946 1529 1018 angelicum
1563 947 1811 1003 habitum
1882 948 1941 1003 in
1968 963 2067 1004 no-

416 1051 427 1059 ·
484 1036 637 1092 mine
666 1036 935 1099 Patris.et
966 1035 1110 1102 Filii,
1131 1049 1186 1094 et
1220 1038 1455 1108 Spiritus
1484 1041 1661 1096 sancti
1708 1059 1727 1093 ι
1754 1081 1772 1108 ,
1809 1041 2068 1111 quoniam

489 1126 610 1185 haec
659 1130 825 1186 vestis
860 1138 945 1185 est
996 1131 1403 1199 periectissima
1448 1140 1507 1187 et
1551 1131 1736 1187 omnia
1778 1133 2068 1200 continet,

488 1235 705 1275 necnon
734 1220 988 1276 universa
1026 1223 1267 1278 custodit
1300 1230 1787 1294 protegentemque
1820 1223 1914 1278 Dei
1945 1223 2073 1278 vir-

490 1321 666 1367 tutem
709 1313 960 1368 ostendit
1010 1325 1066 1370 et
1118 1315 1391 1386 signiﬁcat
1437 1322 1605 1387 atque
1653 1315 2071 1383 austeritatem,

489 1402 750 1474 pietatem
786 1420 851 1460 ac
883 1405 1252 1461 humilitatem
1288 1409 1416 1463 vitae
1445 1407 1795 1475 monasticaz,
1839 1416 1896 1463 et
1932 1423 2073 1477 quo-

493 1495 638 1550 niam
670 1510 853 1566 neque
885 1512 1083 1551 manus
1112 1513 1216 1552 nec
1253 1498 1403 1553 aliud
1445 1498 1731 1569 quidpiam
1767 1500 2073 1556 membrum

497 1586 800 1642 secundum
837 1588 977 1643 hanc
1010 1589 1175 1643 vitam
1202 1589 1325 1644 viva
1357 1599 1412 1646 et
1441 1589 1507 1645 ad
1539 1591 1847 1646 mundanas
1880 1587 2076 1662 opera-

495 1676 678 1733 Iiones
712 1677 907 1742 libera,
939 1679 1034 1736 scd
1071 1681 1255 1735 omnia
1290 1690 1506 1737 mortua
1540 1681 1709 1738 habet
1748 1682 2075 1740 monachus.

494 1766 680 1823 Solum
707 1784 840 1825 vero
867 1770 1095 1826 liberum
1130 1773 1294 1828 habet
1316 1774 1564 1843 caputad
1596 1775 1763 1830 Deum
1795 1783 2076 1846 spectans,

2165 677 2265 746 τὴν
2294 674 2416 730 ὁδὸν
2466 675 2562 731 τοῦ
2610 676 2973 747 Εὑαγγελίου,
3025 672 3183 746 193
3239 673 3345 738 Em;
3378 672 3446 728 ἂν
3477 673 3592 729 ἄνω
3617 673 3750 744 δρα-

2170 764 2313 834 μὼν,
2343 765 2480 821 ὅπου
2509 768 2672 838 ἡμῶν
2712 767 2776 822 τὸ
2810 767 3117 837 πολίτευμα
3168 767 3228 820 ὲν
3266 764 3517 836 οὐρανοῖς
3545 778 3748 818 καταν-

2163 857 2333 930 τήσῃ,
2366 858 2679 915 τελευταῖον
2708 858 2789 927 δὲ,
2817 857 2896 926 ὡς
2925 857 3278 929 περιεκτικδν
3330 856 3552 912 πάντων
3587 870 3751 924 περι-

2167 952 2425 1011 ϐάλλεται
2451 953 2554 1025 τὴν
2584 954 2866 1024 μανδύαν’,
2898 957 2960 1009 6v
2990 944 3035 1025 ᾧ
3069 954 3168 1009 καὶ
3212 950 3539 1023 τρανότερόν
3584 964 3753 1019 φησιν

2166 1045 2196 1099 6
2224 1045 2432 1117 ἱερεὺς,
2462 1063 2482 1099 t
2528 1044 2589 1101 '0
2608 1045 2841 1116 ἀδελφὸς
2866 1045 3029 1117 ἡμῶν
3062 1045 3094 1098 6
3140 1043 3290 1098 δεῖνα
3318 1040 3483 1096 ἔλαϐε
3509 1041 3574 1094 τὸ
3604 1039 3795 1109 μέγα.

2169 1138 2264 1194 καὶ
2281 1138 2576 1208 ἀγγελικδν
2625 1139 2820 1211 σχῆμα
2853 1139 2939 1203 είς
2967 1135 3031 1193 τδ
3060 1137 3236 1221 δνομα
3261 1134 3359 1192 τοῦ
3395 1134 3635 1207 Πατρδς,
3657 1135 3754 1189 καὶ
3846 1174 3849 1175 ν
3885 1147 3893 1157 ’

2168 1230 2265 1286 τοῦ
2292 1227 2448 1301 Υίοῦ,
2471 1232 2690 1288 καὶτοῦ
2727 1232 2887 1304 ἀγίου
2925 1231 3270 1303 Πνεύματος,
3316 1247 3338 1284 ι
3375 1229 3454 1295 ὡς
3483 1226 3759 1283 τελεώτα-

2170 1339 2264 1378 τον
2290 1323 2422 1378 ὄντα
2453 1323 2551 1379 καὶ
2584 1327 2939 1397 περιεκτικδν
2968 1325 3209 1393 πάντων,
3239 1325 3338 1379 καὶ
3365 1322 3465 1393 τὴν
3497 1321 3762 1392 φυλακτι-

2173 1413 2279 1483 κὴν
2314 1413 2550 1471 καθόλου
2609 1417 2710 1470 καὶ
2768 1417 3148 1486 σκεπαστικὴν
3201 1414 3301 1470 τοῦ
3348 1414 3486 1469 Θεοῦ
3524 1414 3758 1484 δύναμιν

2173 1503 2442 1577 δηλοῦντά
2468 1520 2532 1561 τε
2566 1507 2666 1562 καὶ
2701 1506 3038 1579 σημαίνοντα
3059 1522 3077 1541 ο
3134 1507 3227 1562 καὶ⁴
3252 1506 3332 1561 ἔτι
3376 1506 3439 1559 τὺ
3467 1502 3762 1559 συνεσταλ-

2180 1599 2344 1673 μινον
2371 1600 2471 1655 καὶ
2490 1598 2725 1663 εὐλαϐὲς
2744 1601 2843 1655 καὶ
2867 1599 3126 1657 ταπεινὸν
3140 1600 3241 1670 τῆς
3258 1596 3567 1671 μοναχικῆς
3590 1594 3760 1664 ζωῆς.

2179 1693 2277 1749 aut
2300 1693 2385 1747 ὅτι
2419 1692 2482 1746 οὐ
2505 1692 2698 1765 χεῖρας
2725 1690 2760 1764 ἦ
2788 1709 2844 1747 τι
2872 1692 2983 1748 τῶν
3012 1692 3191 1764 μελῶν
3213 1694 3355 1749 κατά
3375 1682 3468 1746 τδν
3503 1690 3617 1762 βίον
3642 1689 3762 1759 ἔχει

2180 1782 2363 1849 ζῶντα
2394 1786 2423 1837 6
2452 1783 2706 1854 μοναχδς,
2723 1784 2822 1838 καὶ
2848 1783 2987 1855 πρὸς
3014 1784 3291 1857 κοσμικὴν
3315 1783 3583 1856 ἐργασίαν
3611 1781 3764 1836 ἐλεύ-

495 1863 587 1931 qui
625 1869 710 1916 est
739 1874 908 1933 caput
937 1865 1351 1929 universorum,
1387 1881 1586 1936 resque
1618 1865 1716 1923 Dei
1746 1867 1993 1939 cogitans
2023 1876 2082 1924 et
2112 1937 2124 1947 _

2208 1885 2344 1947 ιερα,
2395 1874 2532 1930 ἀλλά
2586 1875 2773 1931 πάντα
2815 1878 3009 1947 νεκρά.
3070 1877 3263 1947 Μόνην
3286 1876 3343 1931 δι
3368 1875 3469 1946 τὴν
3519 1873 3767 1943 κεφαλὴν

496 1953 564 2009 ad
610 1968 735 2010 eum
784 1970 1179 2028 approperans.
1229 1958 1369 2013 illud
1421 1971 1607 2014 autem
1647 1937 2124 2015 habet—cucullol

2208 1937 2485 2036 ,λευθὲραν
2515 1965 2654 2037 ἔχει,
2689 1966 2828 2037 πρὸς
2847 1937 2984 2020 Θεδν
3009 1937 3229 2038 ὁρῶσαν
3252 1967 3354 2036 τὴν
3378 1937 3490 2019 τέῦν
3510 1937 3773 2019 ἁπάντων

497 2044 903 2103 circumdatum
938 2058 1175 2132 propter
1198 2050 1589 2117 humilitatem,
1632 2060 1688 2108 et
1723 2065 1793 2106 ne
1823 2050 2079 2107 sensibus

500 2136 573 2192 ibi
606 2138 852 2195 collectis
885 2140 1094 2196 nullum
1132 2145 1206 2198 sit
1239 2142 1698 2213 integumentum.

2186 2057 2458 2128 κεφαλὴν,
2482 2055 2580 2110 καὶ
2608 2055 2680 2110 τὰ
2705 2056 2920 2111 ἐκείνου
2950 2055 3282 2129 φρονοῦσαν,
3310 2057 3408 2113 καὶ
3440 2055 3579 2127 πρὸς
3605 2053 3773 2108 αὐτδν

2187 2147 2623 2219 ἀνατρέχουσαν.
2676 2146 2842 2201 Ἀλλά
2890 2148 2989 2203 καῖ
3011 2149 3220 2217 ταύτην
3268 2146 3775 2218 περιστελλομένην

498 2234 578 2304 τῷ
611 2232 914 2304 κουκουλίῳ
955 2233 1045 2305 διὰ
1096 2235 1196 2307 τὴν
1250 2237 1774 2311 ταπεινοφροσύνην,
1819 2242 1914 2296 καὶ
1938 2241 2060 2313 μηδ’
2091 2242 2271 2297 εκεῖσε
2301 2240 2371 2295 τά
2401 2239 2738 2310 αἰσθητήρια
2785 2236 3217 2308 ἀπερικάλυπτα
3273 2237 3492 2310 ἔχοντα.

1001 2341 1232 2404 CAPUT
1277 2348 1603 2406 CCLXXIV.

507 2439 661 2506 Quod
727 2443 1012 2498 monachus
1076 2442 1262 2497 habitu
1326 2460 1426 2498 suo
1475 2444 1841 2501 conditionem
1901 2447 2134 2502 mortis”

1029 2511 1231 2569 Christi
1272 2515 1535 2570 imitatur.

579 2605 812 2676 insuper
846 2605 1205 2660 monasticam
1235 2619 1403 2673 agens
1437 2606 1604 2660 vitam
1648 2617 1898 2663 mortuus
1927 2614 2092 2664 estet
2158 2632 2163 2639 -

508 2702 660 2768 quasi
688 2699 743 2753 in
765 2698 1017 2767 sepulcro
1036 2697 1282 2767 positus.
1318 2695 1443 2752 ideo
1470 2697 1716 2769 chlamys
1741 2698 1959 2768 quidem
1980 2698 2096 2754 vel-

513 2799 572 2847 ut
592 2791 905 2859 sepulcrum
927 2828 943 2854 ,
993 2796 1174 2844 vestes
1203 2797 1384 2844 autem
1414 2790 1706 2845 interiores
1765 2791 2108 2866 scpuicraiia

516 2882 762 2937 referunt
792 2882 1111 2935 indumenta
1133 2920 1152 2947 ,
1190 2892 1387 2949 nempe
1419 2879 1604 2934 tunica
1636 2889 1692 2934 et
1726 2889 1941 2936 ca‘tcra.
1970 2881 2099 2936 Pas—

517 2976 731 3029 sionem
766 2986 897 3027 vero
946 2986 1043 3042 per
1074 2982 1294 3027 crucem
1330 2980 1765 3026 consummatam
1799 2971 2099 3027 ostendunt

520 3078 627 3119 tam
675 3061 960 3134 scapularc
990 3076 1151 3132 quam
1181 3061 1302 3117 alia:
1331 3072 1547 3129 vestes;
1602 3063 1900 3119 cruciﬁxus
1950 3062 2098 3117 enim

518 3157 821 3214 monachus
847 3165 933 3210 est
965 3153 1193 3221 mundo,
1222 3152 1368 3223 quod
1406 3161 1663 3209 caeterum
1693 3154 1977 3223 promisit;
2009 3168 2104 3207 cu-

2743 2351 2999 2406 ΚΕΦᾹΔ.
3040 2350 3204 2406 ΣΟΔθ.

2199 2446 2329 2500 ὀτι
2357 2444 2477 2514 τὴν
2497 2443 2605 2498 τοῦ
2628 2442 2887 2513 Χριστοῦ
2915 2442 3216 2514 νέκρωσιν
3242 2441 3343 2496 καὶ
3369 2438 3469 2496 διὰ
3487 2440 3596 2495 τοῦ
3624 2438 3777 2510 σχή-

2547 2511 2740 2583 ματος
2767 2511 3028 2582 μιμεῖται
3058 2514 3093 2567 ό
3127 2514 3422 2582 μοναχός.

2280 2606 2445 2662 ’Δλλά
2473 2606 2566 2660 καὶ
2594 2606 2678 2660 ὅτι
2710 2604 2904 2676 νεκρὸς
2942 2605 2972 2657 6
3001 2603 3250 2672 μονάζων
3281 2603 3361 2674 τῷ
3408 2603 3532 2675 βίῳ,
3565 2605 3662 2661 καὶ
3698 2605 3779 2670 ὡς

2198 2701 2259 2753 ἐν
2288 2699 2445 2769 τάφῳ
2491 2697 2642 2753 ὲστί·
2702 2695 2785 2750 διὸ
2822 2699 2919 2752 καὶ
2955 2695 3033 2760 ὡς
3060 2693 3232 2762 τάφος
3274 2695 3373 2766 μὲν
3425 2697 3457 2753 6
3488 2696 3731 2767 μανδύας
3757 2711 3775 2729 ’

2201 2792 2435 2860 ἐντάφια
2461 2791 2520 2845 δὲ
2578 2790 2649 2845 τὰ
2676 2786 2848 2853 ἐντὸς,
2876 2791 2904 2843 6
2937 2788 3105 2861 χιτὼν
3133 2787 3332 2862 δηλαδὴ
3372 2790 3465 2844 καὶ
3496 2790 3563 2844 τά
3591 2789 3779 2847 λοιπά.

2196 2878 2432 2955 Δηλοῦσι
2483 2883 2540 2937 δὲ
2568 2881 2628 2937 τὸ
2673 2881 2761 2937 διὰ
2810 2880 3048 2947 σταυροῦ
3087 2880 3261 2945 πάθος
3304 2883 3334 2934 6
3386 2881 3657 2944 ἀνάλαϐος
3681 2880 3782 2935 καὶ

2202 2978 2271 3030 τὰ
2324 2974 2484 3031 ἀλλα.
2555 2973 3002 3045 Ἐσταυρωμένος
3046 2979 3159 3045 γάρ
3208 2973 3287 3045 τῷ
3326 2966 3520 3044 κόσμῳ
3574 2974 3722 3027 ἐστὶν
3753 2976 3783 3028 6

2205 3065 2440 3135 μοναχός
2465 3081 2480 3099 ο
2516 3064 2611 3120 καὶ
2639 3064 2799 3119 τοῦτο
2830 3065 2897 3134 δὴ
2926 3063 3329 3134 καθυπέσχετο.
3357 3063 3432 3117 Τδ
3459 3064 3515 3117 δι
3544 3062 3783 3116 κουκού-

2201 3158 2318 3212 λιον
2348 3157 2458 3215 ἀπὸ
2488 3157 2731 3228 κεφαλῆς
2758 3156 2835 3221 ὥς
2865 3157 3169 3228 σουδάριον.
3201 3157 3313 3211 Καὶ
3343 3155 3465 3219 δλος
3494 3155 3587 3210 τδν
3621 3171 3784 3208 σταυ·

518 3247 693 3302 cuilus
712 3254 896 3302 autem
920 3261 951 3300 a
982 3244 1161 3316 capite
1183 3242 1428 3314 pendens
1459 3244 1608 3300 velut
1635 3244 1820 3309 sindo,
1853 3257 1921 3298 ex
1949 3242 2098 3298 omni

2209 3248 2450 3318 ρωθὲντα
2488 3248 2630 3319 ὑπὲρ
2666 3247 2826 3319 ἡμῶν
2863 3248 2959 3302 καὶ
2992 3248 3337 3302 ἀποθανόντα
3372 3247 3467 3301 καὶ
3499 3244 3786 3316 εῑληθέντα

518 3348 673 3410 parte
696 3337 1019 3394 cruciﬁxum
1050 3352 1149 3407 pro
1184 3336 1346 3391 nobis
1372 3346 1429 3391 et
1456 3345 1734 3392 mortuum
1770 3334 2105 3390 involutum-

522 3446 630 3502 que
691 3430 749 3485 in
790 3429 1197 3500 sepulcralihus
1247 3428 1584 3484 indumentis
1628 3442 1693 3483 ac
1720 3427 1958 3483 sindone
2000 3426 2108 3484 Do-

525 3522 733 3576 minum
763 3519 1028 3587 imitatur,
1062 3526 1123 3573 ut
1155 3517 1614 3590 quemadmodum
1654 3533 1752 3589 per
1784 3518 1953 3574 vitam
1981 3534 2105 3574 cum

524 3629 592 3667 c0
616 3612 914 3669 cruciﬁxus
944 3621 1028 3668 est
1064 3621 1121 3668 et
1155 3621 1427 3678 mortuus,
1466 3613 1537 3667 ita
1571 3627 1695 3669 cum
1728 3626 1797 3668 eo
1832 3621 2108 3684 resurgat,

528 3713 585 3759 ct
612 3704 903 3766 cxaitelur,
937 3715 992 3758 et
1027 3703 1205 3758 haeres
1234 3711 1492 3773 appareat
1522 3703 1735 3772 paterni
1774 3703 1896 3773 ejus
1928 3702 2107 3774 regni,

530 3799 910 3866 honorumque
930 3794 1086 3851 nobis
1109 3804 1423 3865 paratorum
1451 3810 1482 3848 a
1507 3795 1897 3851 constitutione
1923 3794 2110 3851 mundi

532 3889 803 3959 particeps
845 3888 1211 3952 exbibeatur;
1249 3903 1371 3958 quae
1400 3887 1449 3942 ei
1484 3888 1805 3956 deprecatur
1831 3888 2108 3953 sacerdos,

529 3991 817 4054 postquam
850 3991 1096 4037 sanctum
1121 3981 1420 4050 sumpserit
1452 3977 1718 4035 habitum.
1748 3979 1939 4034 Statim
1965 3979 2113 4034 enim

531 4088 728 4129 novam
753 4073 943 4141 adjicit
972 4072 1303 4137 orationem,
1333 4080 1389 4125 et
1420 4079 1675 4141 precatur
1699 4079 1758 4125 ut
1778 4070 1918 4125 Deus
1938 4071 2114 4127 bonus

536 4176 591 4220 et
620 4164 796 4221 ﬁdelis
833 4164 885 4218 in
918 4161 1204 4235 promissis
1237 4160 1352 4215 suis
1383 4168 1440 4215 et
1472 4158 1627 4228 cujus
1664 4159 1807 4215 dona
1843 4168 1973 4217 sunt
1996 4161 2116 4216 sine

539 4254 893 4324 poenitentia,
925 4254 1020 4309 det
1051 4252 1103 4308 ci
1134 4251 1604 4308 conversationem
1637 4251 1834 4307 bonam
1863 4260 1920 4307 et
1948 4253 2116 4308 hones

539 4359 680 4405 stam
713 4363 778 4402 ac
811 4344 1352 4418 irrcprehensibilem
1394 4353 1449 4399 et
1479 4344 1533 4399 in
1572 4343 2007 4400 sanctiﬁcatione
2041 4344 2121 4399 vi-

540 4457 677 4498 vens
712 4441 1098 4496 intemeratum
1130 4437 1404 4494 custodiat
1432 4435 1677 4505 habitum
1711 4450 1873 4507 quem
1910 4435 2118 4500 induit;

540 4544 598 4592 ct
624 4537 919 4590 annuntiat
965 4531 1301 4604 singularum
1341 4529 1574 4584 vestium
1612 4543 1830 4583 sensum
1865 4537 1920 4582 et
1951 4527 2123 4581 virtu-

546 4640 680 4693 tem,
705 4626 963 4697 quoniam
995 4591 1178 4679 tunica
1201 4621 1420 4694 qutidcm
1453 4616 1973 4688 divinamjustitiam
1998 4616 2121 4672 loco
2153 4591 2197 4646 υ

547 4716 1002 4789 transgressionis
1044 4715 1256 4781 induit;
1292 4729 1430 4769 zona
1473 4722 1657 4766 autem
1705 4707 2123 4764 mortiﬁcatione

546 4810 791 4878 corporis
817 4818 872 4863 et
896 4806 1216 4863 castimonia
1236 4806 1589 4873 semetipsum
1615 4802 1992 4867 circumdedit,
2013 4803 2129 4858 lucc

550 4903 696 4955 enim
755 4900 897 4955 circa
930 4914 1093 4954 rencs
1122 4900 1379 4962 mittitur,
1414 4908 1470 4953 ut
1521 4895 1968 4966 concupiscentia
2000 4895 2127 4964 qui-

484 4978 491 4985 ’
546 4991 677 5047 dem
703 4992 773 5045 sit
793 4999 1060 5053 mortuus,
1085 4990 1287 5044 virtute
1318 5003 1448 5045 vero
1477 4988 1891 5058 magnanimus;
1917 4986 2130 5042 cucullo

554 5081 845 5138 salutarem
875 5081 1108 5149 sumpsit
1136 5080 1497 5134 humilitatem
1525 5120 1541 5146 ,
1576 5088 1635 5133 ut
1668 5088 1849 5132 mente
1878 5093 1997 5147 quas
2033 5076 2130 5131 toti

556 5175 793 5245 imperat
821 5171 1028 5227 homini
1061 5171 1282 5226 humilia
1313 5169 1549 5234 sentiat,
1575 5179 1631 5225 et
1663 5170 1802 5225 bene
1828 5183 2022 5226 sensus
2048 5169 2134 5222 in-

559 5274 772 5334 struat;
807 5264 930 5321 ideo
960 5264 1107 5318 illam
1147 5261 1280 5317 dicit
1330 5260 1537 5329 galeam
1576 5261 1810 5327 salutis;
1860 5259 2134 5330 scapulari

560 5376 694 5417 vero
753 5372 919 5415 cruce
948 5356 1046 5424 ait,
1074 5365 1130 5411 et
1160 5353 1266 5410 ﬁde
1309 5367 1431 5409 sese
1460 5353 1744 5408 adornavit
1769 5392 1784 5418 ,
1815 5350 1948 5406 illud
1979 5351 2129 5405 enim

561 5450 731 5505 habet
766 5449 992 5520 ﬁguram
1020 5445 1225 5511 crucis,
1259 5458 1365 5515 qua
1398 5444 1597 5498 Christi
1627 5443 1787 5498 ﬁdem
1812 5449 1870 5495 et
1899 5448 2132 5494 mortem

565 5549 827 5609 testatur;
856 5538 1057 5594 amictu
1084 5548 1287 5604 autem,
1314 5535 1478 5605 pallio
1502 5533 1713 5590 scilicet
1741 5541 1796 5587 et
1827 5531 2137 5600 chlamyde,

569 5630 763 5685 stolam
804 5627 1232 5684 immortalitatis
1272 5635 1332 5679 ut
1377 5625 1600 5681 loricam
1632 5622 1866 5677 ferream
1889 5619 1995 5673 sibi
2025 5618 2139 5673 cir-

570 5722 843 5792 cumjecit,
868 5731 922 5777 et
947 5737 1043 5792 pro
1068 5718 1312 5791 peiliccis
1335 5717 1599 5779 vestibus,
1630 5712 1812 5769 divina
1840 5719 2140 5767 exornatus

573 5816 747 5885 gratia
775 5814 1086 5884 splenduit;
1125 5811 1386 5867 sandaliis
1414 5826 1543 5865 vero
1574 5815 1902 5878 potestatem
1925 5805 2138 5875 accepit

574 5905 896 5976 peragrandi
926 5904 1066 5961 viam
1102 5920 1222 5973 quae
1257 5901 1408 5957 ducit
1455 5901 1520 5958 ad
1555 5900 1783 5956 salutent
1820 5907 1874 5957 et
1906 5912 2093 5969 pacem
2121 5937 2153 5966 ,_

2206 3343 2320 3407 τοῖς
2349 3343 2630 3413 ἐνταφίοις
2663 3361 2723 3398 τε
2757 3343 2955 3415 καὶτῷ
3001 3344 3272 3417 σουδαρίῳ
3321 3343 3643 3413 ὲκμιμεῖται
3685 3344 3785 3394 Ae-

2209 3432 2454 3506 σπότηνο
2494 3434 2584 3490 ἵνα
2633 3436 2711 3500 ὡς
2760 3434 3170 3506 συσταυρωθεὶς
3201 3434 3282 3506 τῷ
3327 3434 3427 3505 βίῳ
3457 3434 3552 3489 καὶ
3597 3450 3786 3487 συννε-

2207 3528 2446 3597 κρωθεὶς
2500 3528 2652 3598 αὗτῷ
2676 3570 2692 3593 ,
2725 3528 2820 3583 καὶ
2885 3529 3192 3597 συναναστῇ
3251 3529 3345 3582 καὶ
3404 3525 3787 3595 συνανυψωθῇ.

2211 3622 2307 3676 καὶ
2344 3622 2787 3692 συγκληρονόμος
2820 3620 2960 3690 ὀφθῇ
2991 3620 3090 3689 τῆς
3129 3618 3410 3689 Πατρικῆς
3441 3618 3603 3672 αὐτοῦ
3636 3618 3787 3688 βασι-

2211 3712 2386 3776 λείας,
2428 3714 2524 3766 καὶ
2561 3713 2671 3779 τῶν
2694 3712 2912 3780 ἀγαθῶν
2941 3711 3049 3765 τῶν
3072 3713 3494 3781 ἡτοιμασμένων
3520 3710 3653 3779 ἡμῖν
3681 3709 3788 3778 πρὸ

2212 3803 2517 3872 καταϐολῆς
2556 3803 2762 3874 κόσμου
2797 3801 3051 3865 κοινωνὸς
3102 3803 3370 3873 ἀναφανῇ.
3404 3804 3472 3856 Ἀ
3507 3801 3604 3855 καὶ
3638 3797 3788 3870 sbic-

2214 3911 2302 3949 ται
2324 3896 2472 3963 αὐτῷ
2502 3897 2529 3949 6
2561 3895 2738 3964 ἱερεὺς
2771 3894 2908 3965 μετά
2936 3892 2998 3948 τὸ
3030 3891 3215 3946 λαϐεῖν
3232 3892 3295 3945 τὺ
3317 3891 3505 3962 σχῆμα
3517 3889 3581 3945 τδ
3611 3890 3790 3957 ἅγιον.

2216 3984 2396 4050 Εὐθὺς
2429 3986 2539 4057 γὰρ
2574 3987 2828 4058 ἐπιφέρει
2873 3984 3039 4040 πάλιν
3077 3985 3246 4055 εὐχήν
3270 4000 3285 4016 ·
3321 3985 3419 4037 καὶ
3455 3980 3675 4052 εὔχεται
3702 3981 3790 4034 ἵνα

2215 4081 2246 4133 6
2278 4079 2411 4142 Θεὸς
2442 4079 2471 4132 6
2500 4077 2725 4146 ἀγαθὸς,
2772 4079 2803 4130 6
2833 4075 3024 4141 πιστὸς
3060 4076 3118 4130 ὲν
3147 4076 3268 4138 ταῖς
3301 4074 3656 4143 ἐπαγγελίαις
3688 4072 3789 4125 αύ-

2218 4168 2314 4223 τοῦ
2342 4170 2436 4224 καὶ
2485 4171 2545 4224 tv
2573 4169 2686 4232 τοῖς
2713 4167 3052 4239 χαρίσμασιν
3102 4165 3518 4235 ἀμεταμέλητος
3556 4162 3654 4227 ὢν,
3681 4162 3792 4233 δῴη

2220 4259 2371 4334 αὐτῷ
2410 4261 2528 4332 βίον
2575 4260 2889 4332 εὐσχήμονα
2938 4259 3033 4313 καὶ
3080 4257 3363 4312 πολιτείαν
3414 4258 3666 4328 ινάρετον
3698 4254 3794 4309 καὶ

2222 4353 2648 4422 ἀκατάγνωστον
2673 4390 2690 4417 ,
2738 4348 2837 4405 καὶ
2864 4350 2921 4403 ὲν
2972 4346 3235 4418 ἁγιασμῷ
3279 4345 3523 4417 ζήσαντα
3569 4344 3795 4402 ἄσπιλον

2222 4445 2553 4512 διατηρῆσαι
2598 4441 2660 4496 τὸ
2694 4441 2882 4512 σχῆμα
2930 4438 2959 4493 6
3002 4438 3311 4493 ἐνεδύσατο.
3361 4438 3471 4491 Καὶ
3506 4436 3796 4505 καταλέγει

2226 4534 2462 4590 ἑκάστου
2490 4531 2601 4586 τῶν
2630 4531 2946 4601 ἐνδυμάτων
2970 4531 3068 4598 τὴν
3094 4527 3303 4581 ἔννοιάν
3337 4541 3394 4579 τε
3422 4527 3516 4580 καὶ
3543 4526 3796 4593 δύναμινο

2226 4626 2309 4678 ὅτι
2338 4622 2415 4693 τῷ
2471 4623 2571 4693 μὲν
2620 4620 2808 4692 χιτῶνι
2838 4619 2939 4691 τὴν
2971 4618 3120 4672 θείαν
3157 4618 3507 4688 δικαιοσύνην
3555 4617 3675 4671 ἀντὶ
3698 4616 3799 4686 τῆς

2231 4714 2603 4785 παραϐάσεως
2642 4710 2936 4766 ἐνεδύσατο
2959 4726 2975 4742 ·
2999 4712 3064 4780 τῇ
3114 4708 3172 4763 δὲ
3207 4708 3353 4780 ζώνῃ
3401 4708 3500 4779 τὴν
3535 4708 3802 4780 νέκρωσιν

2229 4806 2325 4862 τοῦ
2366 4808 2622 4877 σώματος
2652 4804 2748 4859 καὶ
2778 4804 2877 4873 τὴν
2910 4800 3269 4873 σωφροσύνην
3295 4803 3354 4857 ἐν
3393 4800 3573 4872 ἑαυτῷ
3610 4798 3801 4869 περιέ-

2232 4900 2374 4955 θετο.
2427 4899 2584 4953 Ἐπεὶ
2619 4899 2703 4951 ὅτι
2735 4898 2828 4951 καὶ
2855 4896 2982 4967 περὶ
3007 4895 3115 4966 τὴν
3145 4895 3340 4963 ὀσφὺν.
3363 4894 3451 4948 ῐνα
3480 4892 3671 4960 νεκρὸς
3705 4892 3803 4961 μὲν

2231 4989 2265 5067 ᾖ
2311 4994 2380 5063 τῇ
2438 4990 2728 5059 ἐπιθυμίᾳ,
2771 4989 3014 5059 ἀνδρεῖος
3062 4987 3118 5040 δὲ
3163 4987 3309 5050 ταῖς.
3337 4986 3585 5055 ἀρεταῖς.
3621 4983 3711 5053 Τῷ
3747 4982 3805 5036 δὲ

2235 5080 2540 5151 κουκουλίῳ
2585 5080 2685 5150 τὴν
2721 5075 3223 5147 ταπεινοφροσύνην
3258 5075 3340 5137 είς
3385 5072 3659 5142 σωτηρίαν
3705 5088 3808 5124 πε-

2237 5169 2572 5241 ριεϐάλλετο.
2609 5167 2772 5244 Ὥστε
2814 5167 2901 5220 διὰ
2939 5164 3036 5218 τοῦ
3077 5161 3408 5234 ἡγεμονικοῦ
3462 5162 3530 5214 τὰ
3577 5158 3808 5213 ταπεινά

2238 5256 2460 5325 φρονεῖν
2493 5255 2586 5307 καὶ
2619 5252 2799 5316 καλῶς
2827 5252 2926 5316 τὰς
2972 5251 3254 5321 αἰσθήσεις
3288 5249 3680 5316 παιδαγωγεῖν.
3713 5245 3809 5299 Διὸ

2239 5348 2336 5401 καὶ
2390 5345 2826 5416 περικεφαλαίαν
2882 5343 3151 5414 σωτηρίου
3201 5340 3361 5395 τοῦτό
3405 5357 3558 5410 φησι.
3613 5337 3704 5406 Τῷ
3751 5336 3809 5391 δὲ

2239 5439 2520 5509 ἀναλάόῳ,
2549 5439 2626 5509 τῷ
2651 5437 2869 5506 σταυρῷ
2918 5438 3012 5489 καὶ
3046 5438 3112 5507 τῇ
3161 5434 3343 5488 πίστει
3393 5429 3809 5500 κατεκοσμήθη,

2242 5533 2398 5602 φησί.
2432 5532 2616 5584 Τύπον
2660 5530 2768 5598 γὰρ
2798 5522 2951 5592 οὗτος
2994 5528 3109 5598 ἔχει
3159 5523 3416 5595 σταυροῦ,
3449 5523 3519 5577 δι’
3565 5517 3624 5575 οὗ
3655 5521 3688 5589 ἡ
3716 5519 3813 5572 τοῦ

2243 5622 2482 5691 Χριστοῦ
2517 5622 2695 5683 πίστις
2724 5635 2783 5672 τε
2808 5624 2900 5672 καὶ
2932 5620 2966 5687 ἡ
2996 5617 3263 5686 νέκρωσις
3302 5612 3686 5684 μαρτυρεῖται.
3723 5607 3816 5676 Τῷ

2244 5714 2300 5768 δὲ
2335 5711 2688 5782 περιϐολαῖῳ,
2736 5710 2814 5779 τῷ
2846 5708 3055 5775 παλλίῳ
3082 5704 3282 5775 δηλαδὴ
3321 5718 3415 5757 και
3458 5700 3536 5772 τῷ
3580 5698 3816 5775 autem,
3885 5718 3899 5728 ·

2249 5806 2442 5874 στολὴν
2483 5802 2793 5873 ἀφθαρσίας
2845 5802 2922 5864 ὡς
2964 5799 3189 5869 θώρακα
3242 5794 3462 5865 ἰσχυρὸν
3507 5790 3815 5860 περιέθετο.

2250 5897 2362 5953 Καὶ
2394 5895 2513 5950 ἀντὶ
2539 5895 2646 5947 τῶν
2689 5893 3027 5963 δερματὶνων
3067 5886 3307 5959 χιτώνων
3367 5885 3489 5954 θεία
3539 5881 3818 5950 κ..οωραῖ-
