4126 6268
464 459 562 521 501

1765 471 1861 533 DE
1896 470 2406 539 ΡΕΕἪΤΕΝΤΙἈ.

3603 482 3707 544 502

390 618 393 621 -
459 581 562 648 σθη
600 578 696 633 καὶ
723 577 1086 653 ἐλαμπρύνθη
1117 578 1322 654 χάριτι.
1359 584 1482 649 Τοῖς
1515 586 1572 640 δὲ
1610 588 1912 654 σανδαλίοις
1943 592 2050 645 δύ-·

2161 605 2243 650 ter
2273 600 2425 666 pacis
2446 598 2741 653 secundum
2768 594 3116 662 Evangelium
3143 596 3334 667 agendi
3353 603 3407 650 et
3427 598 3703 655 currendi.

458 688 626 739 ναμιν
669 671 914 741 εἴληφεν,
951 673 1092 727 ὥστε
1145 675 1403 744 ἐπιϐῆναι
1446 678 1549 745 τῆς
1587 676 1706 733 ὀδοῦ
1751 681 1852 747 τῆς
1896 681 2037 751 πρὸς

461 764 742 833 σωτηρίαν
768 764 1010 832 ἀγούσης
1044 767 1139 819 καὶ
1163 768 1262 837 τὴν
1303 768 1554 838 εἰρήνην,
1581 771 1649 823 τὰ
1680 771 1776 840 τῆς
1812 773 2036 843 εἰρήνης

460 856 603 908 κατὰ
640 854 702 908 τδ
746 855 1076 924 Εὑαγγέλιον
1117 858 1327 936 ὁδεύειν
1364 859 1467 915 καὶ
1515 863 1730 932 τρέχειν
1779 862 2033 933 ὀφείλων,

462 948 559 1000 καὶ
583 944 792 1017 ταύτην
823 946 1302 1018 εὐαγγελίζεσθαι,
1338 952 1417 1015 ὡς
1459 953 1552 1007 καὶ
1579 955 1744 1019 αὐτὸς
1786 956 2037 1027 μαθητὴς

461 1040 651 1109 ὀφθεὶς
678 1041 774 1094 τοῦ
822 1043 1086 1110 Χριστοῦ,
1137 1046 1317 1098 πάντα
1364 1046 1706 1113 καταλιπὼν,
1739 1049 1833 1102 καὶ
1861 1052 2038 1123 τούτῳ

465 1135 754 1203 ἑπόμενος.
802 1137 1037 1206 Χριστὸς
1064 1137 1120 1191 δέ
1164 1138 1313 1192 ἐστιν
1350 1141 1384 1204 ἠ
1432 1142 1627 1212 εἰρήνη
1667 1143 1845 1212 ἡμῶν,
1879 1144 1975 1197 καὶ⁵
2004 1145 2038 1212 ἡ

466 1225 585 1288 ὀδδς
616 1226 755 1293 πρὸς
778 1225 872 1280 τὸν
905 1226 1124 1297 Πατέρα
1151 1231 1245 1284 καὶ
1273 1230 1319 1295 ﬂ
1347 1230 1578 1301 ἀλήθεια
1612 1234 1706 1288 καὶ
1735 1235 1769 1305 ἠ
1807 1233 1921 1305 ζωὴ
1945 1238 2041 1292 καὶ

465 1317 528 1370 τὸ
557 1319 710 1386 φῶς·
744 1320 836 1372 καὶ
876 1319 906 1370 6
943 1317 1118 1387 τούτῳ
1169 1320 1480 1376 ἀκολουθῶν
1529 1322 1643 1389 ἔξει
1694 1325 1757 1379 τὸ
1800 1327 1912 1393 φῶς
1944 1327 2041 1395 τῆς

469 1410 636 1475 ζωῆς,
676 1412 772 1463 καὶ
815 1412 953 1479 πρὸς
1008 1412 1107 1480 τὴν
1155 1410 1303 1481 ζωὴν
1338 1415 1695 1485 καταντήσει.
1742 1416 1905 1469 Ἀλλὰ
1949 1418 2043 1472 καὶ

470 1498 560 1550 τὸν
599 1499 785 1552 Ἠλίαν
831 1501 926 1553 καὶ
963 1502 1056 1553 τὸν
1093 1492 1409 1575 Βαπτιστὴν
1462 1508 1852 1574 μιμησάμενος
1886 1509 1913 1560 6
1948 1523 2044 1574 μο-

469 1587 667 1653 νάζων,
699 1591 774 1653 ὡς
814 1591 909 1645 τοῦ
947 1593 1377 1667 ,ἀναχωρητικοῦ
1411 1596 1529 1666 βίου
1552 1598 1863 1669 ὸρχηγοὺς,
1896 1597 2042 1651 ἐνδύ-

474 1697 630 1735 σεται
679 1682 779 1754 τὴν
841 1684 950 1737 τῶν
1000 1684 1251 1752 ἀγγέλων
1312 1687 1645 1758 ἀφθαρσίαν,
1684 1691 1778 1744 κα)⁸
1836 1691 1937 1758 τῆς
1980 1690 2044 1743 ὲκ

471 1772 664 1837 δεξιῶν
702 1774 1012 1845 καταξιωθῇ
1060 1775 1153 1828 τοῦ
1188 1778 1428 1847 Χριστοῦ
1480 1782 1900 1851 παραστάσεως.
1950 1782 2047 1836 καὶ

473 1864 702 1917 ἀκούσει
742 1866 844 1933 τῆς
881 1868 1158 1936 μακαρίας
1201 1868 1365 1924 αὐτοῦ
1396 1872 1601 1942 φωνῆς»
1638 1874 1835 1941 Δεῦτε,
1867 1877 1923 1929 οί
1955 1876 2046 1929 εὐ-

2139 704 2326 757 pacem
2365 691 2775 762 evangelizandi
2806 711 2819 753 ;
2854 707 2976 744 nam
3016 692 3134 760 ipse
3186 691 3356 745 factus
3393 701 3472 745 est
3501 688 3704 744 Christi

2139 780 2476 849 discipulus.
2542 779 2734 846 illum,
2789 783 3044 837 omnibus
3093 782 3392 847 derelictis,
3440 789 3661 835 secutus
3691 819 3707 846 ,

2141 872 2396 928 Chrisms
2426 882 2609 929 autem
2655 884 2741 929 est
2783 889 2885 945 pax
2919 884 3107 930 nostra
3145 883 3200 928 et
3230 874 3313 928 via
3342 873 3409 927 ad
3445 871 3661 925 Patrem
3692 911 3708 935 ,

2140 964 2471 1033 veritasque.
2506 966 2614 1020 vita
2643 973 2806 1035 atque
2839 962 2950 1033 lux,
2984 977 3040 1021 et
3061 966 3151 1036 qui
3183 981 3306 1020 eum
3340 965 3585 1033 sequitur
3614 964 3713 1017 lia-

2139 1053 2294 1107 bebit
2335 1054 2517 1109 lumen
2575 1056 2702 1111 vitae
2735 1071 2797 1110 ac
2837 1058 2901 1111 ad
2940 1059 3105 1112 vitam
3156 1057 3471 1127 perveniet;
3524 1055 3619 1109 sed
3659 1065 3715 1109 et

2141 1143 2313 1199 Eliam
2343 1157 2507 1213 atque
2531 1144 2796 1203 Joannem
2833 1151 3081 1203 imitatus
3103 1149 3228 1204 vitm
3257 1149 3711 1203 anacltorelarum

2143 1236 2448 1306 principes,
2485 1240 2792 1294 monachus
2820 1239 3001 1293 induit
3029 1239 3341 1308 angelorum
3393 1237 3715 1291 immortali-

2143 1335 2332 1394 tatem,
2366 1341 2422 1383 et
2453 1330 2653 1401 dignus
2698 1330 2874 1386 factus
2929 1340 3015 1385 est
3058 1331 3151 1399 qui
3199 1345 3226 1384 a
3267 1329 3478 1384 dextris
3508 1329 3713 1383 Christi
3790 1341 3799 1364 ι

2143 1410 2466 1486 collocetur,
2496 1429 2551 1476 et
2584 1422 2769 1477 audiat
2797 1423 3008 1479 beatam
3044 1422 3162 1488 eius
3195 1436 3381 1474 vocem
3409 1437 3422 1474 :
3451 1440 3467 1472 ι
3499 1419 3717 1483 Venite,

2144 1513 2418 1571 benedicti
2454 1514 2630 1569 Patris
2659 1516 2789 1578 mei,
2828 1532 2846 1565 ι
2883 1530 2987 1581 qua
3019 1531 3209 1575 omnes
3239 1515 3431 1579 dignos
3465 1513 3577 1566 fieri
3620 1512 3719 1565 obh-

2145 1613 2341 1661 secrat.
2375 1605 2576 1660 Verum
2614 1607 2719 1661 alta
2753 1621 2885 1661 voce
2940 1616 3224 1676 postquam
3267 1603 3587 1660 Trinitatem
3621 1618 3720 1674 pro

2146 1712 2298 1752 more
2320 1698 2602 1752 benedixit
2634 1707 2690 1752 et
2715 1698 2791 1751 ait
2828 1713 2842 1749 :
2875 1716 2894 1749 ι
2933 1698 3040 1751 Pax
3070 1697 3326 1755 omnibus
3369 1715 3414 1762 ι,
3445 1696 3720 1765 jussitque

2146 1787 2326 1857 capita
2375 1786 2610 1841 Domino
2654 1785 2918 1840 inclinare
2958 1794 3018 1839 ιιι
3048 1800 3238 1841 servos
3263 1826 3276 1849 ,
3313 1792 3372 1838 ut
3402 1799 3594 1838 omnes
3624 1800 3718 1838 su~

2149 1893 2373 1947 pernam
2423 1885 2828 1947 consequantur
2879 1876 3358 1938 benedictionem,
3410 1888 3599 1928 rursus
3652 1875 3718 1927 ad

471 1956 796 2024 λοτημένοι
830 1956 938 2012 τοῦ
979 1961 1211 2026 Πατρός
1227 1977 1349 2029 μου
1374 1977 1388 1994 ³
1417 1958 1486 2032 ἧς
1514 1963 1607 2015 καὶ
1648 1964 1856 2027 πάντας
1886 1964 2048 2030 ἀξιω-

2153 1970 2319 2024 Deum
2352 1978 2625 2038 precatur,
2649 1977 2710 2021 ut
2737 1983 2860 2022 eum
2888 1966 3209 2022 introdueat
3227 1967 3281 2021 in
3303 1966 3543 2020 divinam
3568 1980 3719 2019 suam

474 2046 635 2114 θῆναι
667 2046 908 2119 εὔχεται.
945 2050 1300 2121 Ἑκφωνήσας
1330 2052 1384 2105 δὲ
1418 2053 1509 2106 καὶ
1531 2055 1629 2123 τὴν
1662 2055 1820 2125 194
1841 2055 2047 2126 Τριάδα

473 2135 834 2208 δοξολογήσας
865 2137 939 2201 ὠς
965 2137 1108 2202 ἔθος,
1136 2141 1231 2193 καὶ
1257 2141 1337 2205 τὸ,
1366 2144 1587 2211 Εἰρήνη
1613 2143 1823 2208 πᾶσιν,
1852 2144 2044 2213 εἰπὼν,

476 2231 573 2285 καὶ
605 2231 705 2294 τὰς
743 2231 990 2300 κεφαλὰς
1017 2232 1094 2302 τῷ
1121 2234 1309 2304 Κυρίῳ
1333 2235 1511 2287 κλῖναι
1540 2235 1800 2297 κελεύσας
1826 2238 1902 2301 ὡς
1928 2238 2049 2292 δού-

477 2321 624 2387 λους,
654 2323 742 2375 ἵνα
772 2325 1010 2394 τύχωσιν
1031 2325 1269 2389 ἅπαντες
1295 2326 1390 2379 καὶ⁸
1416 2327 1517 2395 τῆς
1546 2326 1753 2382 ἀνωθεν
1776 2329 2045 2400 εὐλογίας,

477 2417 640 2471 πάλιν
669 2414 890 2487 εὔχεται
922 2417 1060 2486 πρὸς
1091 2416 1245 2480 Θεὸν,
1285 2420 1603 2486 εἰσαγαγεῖν
1634 2420 1795 2475 αὑτὸν
1830 2423 1912 2486 είς
1940 2424 2042 2493 τὴν

478 2511 646 2565 αὐτοῦ
685 2510 837 2564 θείαν
881 2511 981 2563 καὶ
1010 2509 1385 2579 πνευματικὴν
1415 2510 1586 2582 αὐλήν
1611 2528 1626 2543 ο
1659 2514 1943 2568 τουτέστιν
1972 2517 2049 2568 οἱ·

479 2602 624 2653 κεϊον
650 2599 799 2671 αύτῷ
829 2600 1076 2670 ποιῆσαι,
1119 2601 1214 2653 καὶ
1246 2600 1507 2664 συντάξαι
1533 2603 1647 2666 τοῖς
1675 2602 1854 2670 φίλοις
1883 2604 2050 2659 αὑτοῦ

479 2694 571 2753 καὶ
602 2694 667 2762 τῇ
701 2691 992 2761 συγκλήτῳ
1037 2690 1226 2757 αὐτοῦ,
1259 2695 1352 2745 καὶ
1381 2691 1625 2762 καθαρὸν
1653 2692 1749 2747 καὶ
1793 2692 2051 2765 ὑψηλότε-

486 2796 576 2850 ρον
597 2780 762 2835 αύτοῦ
791 2781 1020 2851 ποιῆσαι
1049 2779 1112 2831 τὸ
1136 2779 1394 2848 φρόνημα
1420 2777 1530 2832 τῶν
1557 2778 1850 2849 βιωτικῶν,
1882 2782 1963 2844 είς
1989 2781 2052 2833 τὸ

481 2873 740 2945 διηνεκῶς
770 2873 1139 2944 μνημονεύειν
1155 2872 1262 2926 τῶν
1284 2872 1662 2942 ἀποκειμένων
1687 2873 1910 2941 ἀγαθῶν
1937 2874 2052 2937 τοῖς

481 2965 707 3027 ἑαυτοὺς
741 2958 828 3017 διὰ
876 2961 1110 3033 Χριστὸν
1143 2961 1219 3032 τῷ
1268 2960 1368 3031 βίῳ
1406 2961 1782 3032 σταυρώσασι.
1816 2961 1928 3016 Καὶ
1955 2964 2052 3014 ἐκ-

480 3054 672 3122 φώνως
710 3055 872 3108 πάλιν
922 3053 1155 3121 ποιμένα
1205 3053 1303 3107 καὶ
1356 3053 1658 3108 ἐπίσκοπον
1699 3054 1812 3107 τῶν
1861 3052 2051 3122 ψυχῶν

480 3149 642 3216 ἡμῶν
673 3145 765 3199 τὸν
797 3146 854 3198 ἐν
885 3143 1077 3213 Τριάδι
1103 3143 1278 3211 λέγων
1315 3142 1448 3197 Θεὸν
1479 3145 1727 3213 ἀνυμνεῖ.
1773 3145 1929 3197 Ἐπεὶ
1959 3144 2053 3196 καὶ

485 3238 615 3307 παρ’
647 3235 815 3290 αὐτοῦ
867 3236 1000 3306 ἡμῖν
1039 3237 1072 3306 ἡ
1103 3235 1296 3303 ὀδηγία
1335 3235 1427 3289 τοῦ
1456 3236 1765 3305 κρείττονος
1798 3237 1893 3289 καὶ
1924 3237 2053 3305 πρό-

2153 2051 2563 2130 spiritaleutque
2589 2060 2791 2121 aulam,
2812 2059 2865 2114 id
2896 2067 2999 2122 est,
3026 2070 3082 2113 ut
3110 2073 3235 2113 eum
3265 2057 3366 2112 sibi
3394 2056 3720 2111 familiarem

2148 2151 2332 2218 faciat,
2361 2160 2416 2208 et
2442 2150 2630 2208 amicis
2661 2152 2777 2219 suis
2822 2167 3032 2222 suoque
3065 2150 3275 2207 senatui
3305 2146 3602 2214 consociet,
3630 2167 3726 2205 co-

2150 2244 2446 2315 gitationes
2473 2245 2593 2315 ejus
2624 2244 2880 2315 purificet
2910 2250 2963 2299 et
2989 2241 3284 2298 mundanis
3318 2242 3685 2312 superexaltet
3705 2286 3720 2307 ,

2151 2342 2214 2390 ut
2260 2342 2530 2405 perpetuo
2569 2334 2892 2390 recordetur
2943 2336 3209 2390 bonorum
3252 2346 3348 2388 eos
3378 2332 3725 2386 manentium

2150 2427 2243 2495 qui
2274 2441 2369 2496 per
2403 2427 2567 2480 vitam
2615 2426 2938 2495 semetipsos
2975 2433 3200 2496 propter
3233 2423 3514 2479 Christqu
3546 2425 3726 2477 cruci-

2154 2516 2411 2571 tlxerunt.
2448 2514 2514 2570 Et
2546 2516 2742 2571 iterum
2777 2530 2964 2571 vocem
2995 2514 3258 2569 extollens
3280 2553 3296 2577 ,
3348 2522 3619 2583 pastorem
3670 2520 3726 2566 et

2152 2606 2469 2676 episc0pum
2504 2604 2811 2661 animarum
2838 2612 3148 2659 nostrarum
3171 2618 3333 2672 quem
3371 2603 3425 2656 in
3456 2602 3724 2656 Trinitatc

2152 2697 2283 2752 dicit
2320 2697 2491 2751 Deum
2532 2695 2806 2761 celebrat,
2857 2696 3114 2766 quoniam
3154 2695 3223 2748 ab
3267 2694 3387 2764 ipso
3430 2700 3514 2748 est
3566 2694 3723 2748 nobis

2152 2788 2394 2843 melioris
2439 2787 2567 2843 vitae
2602 2786 2894 2853 institutio,
2938 2786 3283 2859 providentia
3327 2794 3381 2839 et
3429 2784 3720 2854 inspectio.

2151 2877 2420 2949 Deinceps
2441 2878 2677 2934 diacono
2697 2888 2948 2933 sanctum
2985 2888 3200 2933 tenente
3222 2875 3596 2946 Evangelium,
3620 2873 3725 2929 hoc

2153 2969 2350 3037 accipit
2406 2970 2661 3025 sacerdos
2706 2979 2759 3024 et
2808 2971 2935 3024 ait:
3019 2987 3037 3020 ι
3078 2968 3221 3023 Dixit
3283 2967 3545 3022 Dominus
3602 2982 3617 3021 :
3666 2965 3723 3020 Si

2152 3059 2281 3129 quis
2306 3060 2421 3115 vult
2447 3069 2567 3130 post
2601 3077 2685 3115 me
2723 3063 2930 3125 venire,
2970 3060 3198 3130 abneget
3231 3059 3628 3128 semetipsum,
3671 3067 3726 3111 et

2157 3150 2310 3206 tollat
2335 3167 2552 3207 crucem
2579 3168 2732 3207 suam
2762 3161 2817 3207 et
2852 3163 3117 3221 sequatur
3151 3165 3257 3205 me.
3290 3169 3309 3201 ι
3345 3149 3411 3203 Ει
3441 3149 3536 3204 dat
3569 3149 3642 3212 ei,
3675 3150 3722 3202 si

2157 3241 2418 3296 sacerdos
2444 3252 2564 3309 est;
2599 3243 2647 3297 si
2678 3256 2859 3310 secus,
2885 3258 3105 3298 crucem
3139 3242 3187 3297 ei
3219 3241 3464 3297 exhibet.
3497 3240 3595 3294 llic
3627 3255 3725 3292 au-

483 3346 602 3382 νοια
633 3328 730 3383 καὶ
768 3328 1068 3397 ὲπισκοπή.
1099 3321 1231 3379 Εἶτα
1262 3325 1357 3379 τοῦ
1402 3326 1651 3381 διακόνου
1680 3327 1739 3381 τὸ
1780 3327 1927 3394 ἱερὸν
1956 3343 2050 3380 κα-

2161 3338 2270 3383 tem
2307 3331 2587 3400 accipiens
2623 3332 2818 3388 adorat
2858 3342 2916 3388 et
2947 3334 3228 3389 osculatur
3251 3374 3267 3399 ,
3319 3332 3615 3387 ostendens
3662 3344 3723 3383 se

479 3423 728 3491 τέχοντος
772 3420 1129 3487 Εύαγγὲλιον,
1159 3418 1427 3489 λαμϐάνει
1460 3417 1620 3472 τοῦτο
1644 3420 1671 3472 6
1716 3418 1894 3488 ἱερεύς
1913 3435 1930 3453 ο
1960 3419 2055 3473 καί

481 3528 665 3581 φησιν,
705 3528 724 3562 ι
763 3508 930 3565 Εἶπεν
970 3512 998 3564 ὀ
1025 3510 1253 3577 Κύριος,
1284 3511 1360 3567 EI
1388 3527 1479 3575 τις
1510 3511 1672 3564 θέλει
1723 3509 1915 3564 ὀπίσω
1939 3528 2056 3576 μου

481 3602 859 3669 ἀκολουθεῖν,
910 3602 1368 3671 ἀπαρνησάσθω
1416 3603 1655 3664 ἑαυτὸν,
1708 3600 1807 3655 καί
1859 3601 2057 3670 ἀράτω

481 3696 589 3749 τὸν
625 3694 895 3762 σταυρὸν
936 3692 1123 3749 αὐτοῦ
1157 3691 1257 3746 καί
1298 3692 1688 3760 ἁκολουθήτω
1716 3710 1842 3761 μοι.
1889 3711 1907 3745 ι
1947 3693 2057 3745 Καὶ

426 3822 441 3833 .
482 3783 696 3838 δίδωσιν
729 3783 880 3852 αὐτῷ
926 3783 975 3835 εί
1031 3781 1324 3851 ίερωμὲνος
1358 3783 1503 3836 ἐστίν
1529 3799 1542 3812 ο
1573 3784 1621 3836 εί
1648 3783 1692 3837 δ’
1715 3782 1798 3846 οὓ,
1826 3782 2056 3853 σταυρὸν

485 3873 715 3942 παρέχει
761 3872 933 3941 αὐτῷ.
965 3871 1137 3934 Αὐτὸς
1165 3872 1224 3924 δὲ
1262 3870 1583 3941 λαμϐάνων,
1627 3877 1923 3944 προσκυνεῖ
1961 3879 2057 3930 καὶ

485 3964 813 4030 ἀσπάζεται,
861 3962 1079 4027 δεικνὺς
1120 3964 1202 4016 ὅτι
1251 3963 1429 4033 τούτῳ
1476 3964 1909 4034 ἐπηκολούθησε,
1962 3968 2058 4022 καὶ

484 4057 692 4125 ὀφείλει
723 4056 1055 4110 ἀκολουθεῖν.
1094 4051 1226 4109 Εἶτα
1269 4055 1365 4109 καὶ
1399 4055 1661 4127 λαμπάδα
1691 4058 1721 4111 ὀ
1755 4057 1935 4130 ἱερεὺς
1979 4058 2058 4112 δί-

483 4150 668 4213 δωσιν,
702 4150 782 4212 είς
824 4149 1020 4218 δεῖγμα
1047 4141 1221 4217 οὗπερ
1270 4146 1463 4216 εἴληφε
1510 4146 1814 4216 φωτισμοῦ,
1857 4148 1950 4201 καὶ
1981 4149 2058 4213 ὡς

482 4240 748 4309 ὀφείλοντι
791 4238 1051 4309 καθαρῶς
1103 4235 1505 4311 πολιτεύεσθαι.
1552 4237 1645 4289 Διὸ
1688 4238 1784 4291 καὶ
1833 4239 1931 4300 τὰς
1960 4238 2056 4294 τοῦ

482 4332 735 4403 Σωτῆρος
765 4329 915 4398 αὐτῷ
947 4328 1093 4396 λέγει
1132 4329 1316 4400 φωνὰς
1365 4328 1595 4392 ἐκϐοῶν,
1652 4347 1670 4381 ι
1705 4324 1872 4382 Εἶπεν
1896 4330 1925 4382 6
1949 4330 2059 4384 Κύ-

423 4425 429 4430 ’
486 4437 622 4491 ριος,
655 4421 820 4473 Οὕτω
869 4418 1163 4488 λαμψάτω
1218 4417 1287 4471 τὸ
1330 4415 1458 4486 φῶς
1512 4416 1679 4487 ὑμῶν
1717 4417 2061 4487 ἔμπροσθεν

483 4511 603 4565 τῶν
628 4508 974 4578 ἀνθρώπων,
1013 4526 1033 4560 ι
1065 4506 1248 4562 καὶτὰ
1270 4506 1421 4576 ἑξῆς.
1453 4502 1587 4559 Εἶτα
1614 4506 1804 4560 τοῦτον
1836 4510 1931 4587 καὶ
1952 4508 2059 4578 πρὸ

2156 3432 2281 3473 eum
2319 3434 2441 3474 esse
2469 3431 2785 3477 secuturum
2819 3431 2978 3492 prout
3010 3422 3164 3493 sequi
3200 3421 3382 3477 debet.
3418 3420 3613 3475 Postea
3646 3420 3729 3473 lu-

2157 3523 2378 3564 cernam
2411 3511 2502 3566 dat
2526 3512 2805 3578 sacerdos,
2838 3514 2891 3567 in
2927 3514 3141 3584 signum
3173 3513 3294 3584 ejus
3323 3526 3485 3580 quam
3516 3509 3733 3580 accepit

2158 3600 2593 3664 illuminationis,
2631 3614 2686 3657 et
2708 3613 2964 3675 tanquam
2993 3618 3127 3674 pure
3160 3611 3574 3660 eouversaturo.
3602 3601 3726 3655 Ideo

2161 3691 2456 3748 Salvatoris
2504 3695 2835 3759 verbadicit
2879 3694 2929 3749 ei
2975 3695 3216 3749 clamans
3252 3713 3267 3748 :
3302 3712 3322 3745 ι
3364 3694 3508 3747 Dixit
3539 3692 3725 3746 Domi-

2157 3795 2261 3839 nus
2291 3801 2306 3838 :
2340 3783 2433 3838 Sic
2477 3784 2654 3838 luceat
2687 3784 2777 3837 lux
2828 3794 3005 3840 vestra
3032 3800 3216 3840 coram
3248 3784 3585 3847 hominibus,
3620 3800 3639 3834 ι
3674 3791 3730 3836 et

2158 3882 2378 3928 caetera.
2412 3874 2625 3929 Exinde
2661 3874 2813 3928 illum
2859 3883 2989 3928 ante
3022 3888 3206 3928 sacras
3235 3873 3420 3927 valvas
3457 3871 3687 3926 collocat
3712 3911 3726 3933 ,

2157 3965 2310 4035 quasi
2339 3965 2409 4020 ad
2450 3965 2644 4035 januas
2692 3965 2817 4020 caeli
2870 3965 3184 4034 pervenerit
3219 3978 3346 4019 cum
3383 3961 3612 4017 Omnino
3637 3977 3728 4016 re-

2158 4042 2510 4119 conciliatus,
2554 4054 2649 4123 qui
2694 4053 3047 4124 Evangelium
3100 4062 3284 4124 portat
3330 4050 3745 4120 ardentemque-

2160 4144 2465 4214 lampadt-m
2488 4184 2505 4210 ,
2540 4146 2801 4216 quoniam
2828 4145 3137 4201 secundum
3170 4143 3526 4215 Evangelium
3571 4151 3628 4198 et
3670 4143 3726 4196 in

2158 4234 2362 4291 lumine
2391 4236 2551 4291 debet
2584 4237 2788 4301 vivere,
2820 4237 2876 4291 in
2903 4237 3132 4308 gloriam
3161 4237 3250 4291 Dei
3278 4236 3371 4306 qui
3400 4235 3470 4291 ad
3492 4234 3730 4290 admira-

2157 4326 2268 4383 bile
2290 4325 2472 4382 lumen
2501 4342 2658 4383 suum
2688 4330 2910 4384 vocavit
2936 4344 3083 4384 eum.
3116 4329 3184 4384 Et
3227 4329 3370 4384 illico
3410 4343 3536 4383 eum
3567 4341 3723 4382 oscu-

2160 4418 2304 4475 latus
2348 4419 2606 4474 sacerdos
2636 4427 2858 4490 propter
2902 4420 3224 4475 charitatem
3274 4426 3329 4474 et
3374 4419 3632 4474 unionem
3671 4419 3729 4473 in

2159 4506 2397 4575 Christo,
2459 4509 2812 4581 ctelestisque
2841 4511 3021 4565 Patris
3075 4510 3320 4565 osculum
3369 4509 3721 4578 significans,

484 4602 592 4655 τῶν
623 4602 799 4670 ἀγίων
831 4598 1012 4671 θυρῶν
1052 4600 1197 4671 ίστᾷ,
1220 4597 1294 4663 ὡς
1325 4599 1405 4661 είς
1431 4598 1531 4663 τὰς
1572 4597 1742 4662 πύλας
1767 4598 1861 4653 τοῦ
1889 4600 2050 4671 οὐρα-

2163 4602 2423 4670 quoniam
2454 4603 2727 4671 perditum
2760 4602 2972 4658 invenit
2998 4601 3168 4657 tilium
3216 4610 3274 4656 et
3318 4615 3570 4672 magnam
3600 4599 3744 4654 fecit:

484 4693 577 4748 νοῦ
622 4693 923 4763 ὲφθακότα,
959 4692 1054 4747 καὶ
1098 4692 1178 4762 τῷ
1224 4693 1471 4766 Δεσπότῃ
1517 4693 1964 4763 κατηλλαγμὲνον
1995 4692 2050 4747 τὸ

2158 4695 2427 4765 laetitiam,
2458 4697 2602 4766 apud
2629 4711 2689 4751 se
2720 4695 2970 4760 collocat,
2999 4695 3125 4763 quia
3157 4692 3268 4748 Deo
3300 4692 3527 4764 propius
3554 4693 3747 4748 factus-

486 4785 824 4855 Εύαγγέλιον
877 4787 1114 4856 φέροντα
1163 4786 1256 4837 καὶ
1313 4784 1413 4854 τὴν
1464 4783 1727 4854 λαμπάδα
1779 4785 2057 4855 ἡμμένην.

496 4877 828 4946 Ἐπειδήπερ
859 4875 1233 4945 εὐαγγελικῶς
1281 4875 1374 4928 καὶ
1407 4876 1684 4940 φωτεινῶς
1712 4876 1918 4944 ὀφείλει
1959 4878 2058 4948 ζῆ-

488 4984 601 5033 σαι,
632 4967 713 5030 είς
761 4966 918 5030 δόξαν
962 4964 1059 5019 τοῦ
1090 4964 1228 5035 πρὸς
1271 4968 1334 5018 τὸ
1384 4964 1698 5034 θαυμαστὸν
1746 4966 1908 5020 αὑτοῦ
1942 4968 2057 5037 φῶς

488 5059 818 5122 καλέσαντος
850 5056 1014 5111 αὐτὸν
1045 5056 1204 5113 Θεοῦ.
1242 5058 1352 5110 Καὶ
1397 5057 1562 5120 εὐθὺς
1594 5058 1759 5112 αὑτὸν
1805 5059 2057 5114 ἀσπασά-

491 5164 648 5215 μενος
683 5148 712 5201 6
748 5149 928 5218 ἱερεὺς
955 5147 1045 5201 διὰ
1075 5147 1174 5217 τὴν
1202 5149 1260 5199 ἐν
1290 5145 1511 5218 Χριστῷ
1545 5147 1767 5218 ἀγάπην
1805 5148 1898 5201 καὶ
1924 5147 2054 5202 ἔνω-

491 5255 596 5304 σιν,
628 5239 725 5292 καὶ
757 5237 850 5292 τδν
871 5236 967 5292 τοῦ
992 5237 1244 5308 οὐρανίου
1274 5236 1489 5307 Πατρὺς
1527 5236 1703 5307 δηλῶν
1733 5239 2051 5309 ἀσπασμὸν,

490 5328 574 5382 ὅτε
625 5331 718 5383 τὸν
764 5328 1087 5382 ἀπολωλότα
1137 5321 1298 5397 εὗρεν
1355 5328 1488 5393 υἱὸν,
1523 5327 1622 5381 καὶ
1655 5328 1754 5397 τὴν
1807 5330 2054 5399 μεγάλην

489 5423 660 5492 χαρὰν
687 5421 956 5482 ἐτέλεσεν,
990 5420 1116 5491 ἱστᾷ
1151 5421 1381 5489 πλησίον
1415 5419 1603 5486 αὑτοῦ,
1635 5421 1717 5474 ὅτι
1761 5421 1860 5475 καὶ
1887 5422 2055 5490 ἐγγὺς

490 5511 580 5566 τοῦ
614 5513 748 5566 Θεοῦ
779 5512 1095 5583 γεγένηται.
1126 5509 1191 5567 Οί
1215 5511 1433 5581 ἀδελφοί
1465 5512 1696 5591 τειμετά
1718 5510 1811 5564 τοῦ
1846 5513 2057 5583 llas-pb;

488 5607 685 5665 πάντες
721 5601 1302 5672 λαμπαδηφοροῦντες,
1351 5603 1787 5673 ἐπιδεικνύμενοι
1836 5604 1897 5658 τὸ
1933 5622 2057 5672 φαι-

488 5693 630 5763 δρὸν,
655 5694 748 5747 καὶ
781 5693 881 5764 τὴν
910 5693 1006 5746 τοῦ
1037 5692 1173 5747 Θεοῦ
1203 5693 1386 5766 χάριν,
1418 5694 1509 5746 καὶ
1537 5693 1633 5763 τὴν
1670 5694 1778 5746 τῶν
1809 5694 2056 5764 ἀγγέλων

490 5785 683 5853 χαρὰν,
728 5786 1083 5855 ἀπέρχονται,
1109 5787 1202 5840 καὶ
1248 5785 1621 5856 ἀσπαζόμενοι
1643 5786 1871 5850 ἕκαστος
1916 5787 2054 5839 τότε

2154 4798 2262 4845 est.
2311 4791 2553 4853 Fratres,
2599 4790 2763 4845 etiam
2810 4803 2933 4843 cum
2960 4796 3115 4859 patre
3141 4802 3337 4842 omnes
3366 4788 3620 4843 lucernas
3649 4786 3725 4842 fe-

2156 4891 2365 4947 rentes,
2392 4895 2501 4949 quo
2535 4879 2865 4934 hilaritatem
2912 4887 3212 4935 conuotant
3255 4879 3460 4949 Deique
3497 4879 3727 4949 gratiam

2150 4981 2209 5027 et
2237 4972 2550 5042 angelorum
2578 4971 2857 5041 gaudium,
2879 4980 3103 5034 exeunt,
3129 4979 3183 5025 et
3203 4971 3401 5041 singuli
3429 4970 3729 5025 deosculati

2159 5069 2415 5116 sanctum
2448 5059 2800 5130 Evangelium
2826 5068 2880 5114 et
2908 5060 3245 5115 sacerdotem
3284 5057 3376 5128 qui
3430 5057 3633 5113 Christi
3664 5058 3730 5111 ti-

2160 5165 2350 5222 guram
2398 5158 2602 5212 servat,
2636 5150 2916 5220 ipsamque
2942 5150 3107 5220 hujus
3138 5164 3357 5205 crucem
3392 5157 3449 5204 et
3481 5162 3605 5202 eum
3637 5149 3726 5217 qui

2162 5239 2408 5293 habitum
2440 5241 2721 5309 suscepit,
2758 5240 3004 5295 lartantcs
3040 5240 3366 5294 conciuunt.
3399 5237 3515 5292 Hoc
3542 5248 3721 5293 autem

2159 5340 2453 5386 cantatur:
2488 5349 2506 5381 ι
2549 5329 2973 5400 Cognoscamus,
3003 5329 3225 5391 fratres,
3254 5328 3498 5397 mysterii
3549 5328 3723 5383 virtu--

2164 5429 2296 5474 tem.
2356 5438 2374 5471 ι
2436 5418 2634 5473 Verum
2675 5434 2924 5489 qu:enam
2981 5418 3104 5471 est?
3160 5415 3419 5488 quoniam
3474 5432 3540 5471 ex
3593 5432 3728 5486 pec-

2165 5527 2287 5570 cato
2319 5515 2385 5568 ad
2415 5513 2637 5568 domum
2673 5525 2955 5583 paternam
2987 5526 3264 5565 reversum
3296 5511 3536 5579 optimus
3571 5511 3727 5567 Pater

2165 5621 2460 5660 occurrens
2492 5602 2855 5674 amplectitur,
2886 5611 2942 5656 et
2973 5601 3200 5671 primam
3229 5601 3463 5655 reddens
3490 5602 3727 5671 dignita—

2167 5703 2298 5760 trm,
2329 5696 2576 5765 suginato
2609 5693 2777 5747 vitulo
2804 5693 3009 5757 occiso,
3040 5706 3163 5747 cum
3191 5691 3460 5748 cwlitibus
3496 5692 3628 5749 facit
3652 5692 3729 5746 fc-

2163 5788 2456 5843 stivitatem
2492 5797 2545 5840 ct
2578 5785 2833 5840 lanitium.

492 5879 632 5945 ξερὸν
660 5878 995 5948 Εὐαγγέλιον
1026 5879 1122 5934 καὶ
1150 5880 1240 5935 τὸν
1273 5880 1443 5949 ἱερέα,
1479 5877 1651 5932 τύπον
1697 5878 1939 5944 σώζοντα
1967 5880 2059 5933 τοῦ
2098 5881 2353 5951 Χριστοῦ,
2390 5882 2482 5935 καὶ
2516 5881 2675 5933 αὑτ“ιν
2713 5877 2801 5931 τὸν
2842 5875 3003 5931 αὖτοῦ
3041 5875 3291 5947 σταυρὸν,
3350 5877 3438 5931 καὶ
3481 5879 3568 5931 τὸν
3632 5875 3724 5930 λα-
