4126 6268
455 409 563 470 503

1274 419 1654 482 SYMEONIS
1677 420 2430 484 THESSALONICENSIS
2471 423 2833 486 ARCIIIEP.

3581 425 3694 490 504

451 524 618 580 δόντα
641 525 704 581 τὸ
732 527 936 597 σχῆμα.
981 531 1091 584 Kal
1118 530 1338 603 ᾄδουσιν
1387 536 1829 606 εὐφραινόμενοι.
1861 534 1936 589 Τὸ
1963 534 2020 586 δὲ
2059 536 2339 608 ᾀδόμενον,
2380 553 2400 587 ι
2441 534 2811 604 Ἐπιγνῶμεν,
2834 531 3077 602 ἀδελφοὶ,
3120 533 3215 587 τοῦ
3255 535 3553 607 μυστηρίου
3597 539 3697 608 τὴν

447 617 699 689 δύναμιν.
736 638 755 672 ι
794 619 890 684 Τίς
915 622 971 675 δὲ
998 624 1174 697 αὐτη;
1214 645 1233 680 ι
1270 627 1461 694 Ὅπως
1486 631 1579 684 τὸν
1611 633 1676 686 ἐκ
1715 634 1816 704 τῆς
1848 632 2124 701 ἁμαρτίας
2170 631 2308 702 πρὸς
2357 631 2456 700 τὴν
2505 629 2781 701 πατρικὴν
2843 629 3204 683 ἐπανελθόντα
3250 631 3432 686 ἑστίαν
3469 635 3497 685 ὁ
3557 652 3698 688 παν-

447 714 650 782 ἀγαθος
702 716 890 789 Πατὴρ
938 724 1365 794 προῦπαντήσας
1409 727 1738 793 ἀσπάζεται.
1766 718 1812 780 ἰ
1872 730 1982 782 Kal
2023 728 2148 791 δοὺς
2212 728 2273 780 τὸ
2301 727 2520 799 πρῶτον
2547 725 2784 797 ἀξίωμα,
2817 727 2958 794 μετά
2989 726 3097 781 τῶν
3138 727 3250 782 ἄνω
3308 730 3546 782 ποιεῖται
3595 732 3698 802 τὴν

447 803 701 869 εὐταξίαν
758 808 851 861 καὶ
910 811 1272 884 εὐφροσύνην,
1319 815 1488 882 θύσας
1533 818 1623 872 τὸν
1680 818 1883 890 μόσχον
1927 819 2020 874 τὸν
2058 819 2324 874 σιτευτόν.

971 931 1201 989 CAPUT
1250 934 1476 991 CCLXX
1488 936 1552 993 V.

450 1017 624 1086 Quod,
650 1031 764 1087 post
797 1022 1034 1101 osculum
1057 1035 1109 1079 et
1151 1029 1483 1083 acrimonias
1517 1031 1808 1095 uniuersas,
1839 1046 2022 1101 supre-

628 1107 771 1145 mum
817 1093 1091 1160 bonorum,
1115 1113 1284 1152 sacra:
1311 1115 1468 1154 coma:
1497 1093 1816 1156 communior.

507 1179 817 1250 'Propterea
853 1193 982 1254 post
1021 1189 1416 1244 osculationem
1469 1191 1796 1246 sacriﬁcium
1845 1191 2020 1262 agitur

449 1270 609 1326 vituli
640 1273 896 1342 viventis,
924 1285 979 1331 et
1006 1278 1308 1334 secundum
1339 1281 1588 1336 ordinem
1621 1292 1676 1336 ct
1706 1297 2016 1352 congruen-

450 1375 534 1419 ter
567 1364 640 1418 ita
673 1365 752 1431 tit,
781 1380 902 1422 cum
931 1369 999 1423 ab
1027 1368 1285 1435 Apostolo
1317 1373 1614 1442 appelletur
1643 1373 1811 1428 divini
1847 1376 2021 1428 Evan-

405 1471 416 1490 ο
450 1456 572 1525 gelii
599 1459 979 1514 summarium.
1012 1461 1113 1525 Qui
1147 1462 1394 1516 habitum
1426 1466 1658 1534 sumpsit
1684 1474 1810 1520 ante
1840 1466 2018 1520 Evan-

450 1546 650 1615 gelium
680 1558 736 1602 et
764 1557 985 1604 sanctos
1034 1551 1242 1605 lumina
1269 1551 1510 1609 ferentes
1555 1555 1922 1626 progreditur,
1959 1567 2018 1612 ut

455 1637 617 1694 miles
643 1638 846 1694 Christi
880 1649 936 1696 et
975 1640 1227 1697 minister
1251 1643 1604 1699 constitutus.
1647 1645 1716 1700 Et
1758 1646 2016 1701 memoria

447 1732 644 1802 dignus
675 1733 909 1789 habetur
940 1733 994 1788 in
1021 1735 1363 1790 orationibus
1398 1746 1588 1806 utpote
1622 1737 1674 1791 in
1716 1738 1854 1793 coelo
1883 1753 2013 1792 cun-

443 1824 684 1894 scriptus
712 1834 768 1880 et
798 1826 970 1880 choro
999 1825 1230 1881 fratrum
1266 1829 1556 1884 adunatus.
1586 1828 1832 1899 Denique
1865 1846 2016 1885 com-

446 1916 713 1971 munione
781 1916 1254 1972 divinissimorum
1313 1920 1694 1977 mvsteriorum
1743 1923 2012 1986 donatur,

444 2009 686 2065 ccelestis
727 2009 971 2081 vivaeque
997 2026 1199 2067 mensae
1227 2013 1499 2084 particeps
1529 2023 1801 2070 ostensus.
1851 2016 1918 2070 Et
1944 2015 2014 2070 ita

444 2116 572 2156 cum
612 2103 812 2174 gaudio
839 2103 1084 2160 omnium
1132 2106 1446 2162 canentium
1489 2115 1546 2161 et
1589 2107 1921 2175 precantium
1957 2116 2015 2161 ut

2689 938 2938 992 ΚΕΦΛΛ.
2973 934 3135 992 ΣΟΕ’.

2125 1029 2255 1083 Ὅτι
2297 1031 2450 1099 μετὰ
2499 1031 2609 1100 τὸν
2639 1029 2974 1100 ὰσπιζσμὸν
3016 1030 3113 1100 κει)
3176 1031 3247 1084 τὰ
3291 1030 3403 1098 τῆς
3450 1031 3699 1100 τελετῆς

2290 1098 2510 1168 πάντα,
2544 1099 2720 1164 τέλος
2744 1099 2862 1153 τῶν
2889 1098 3129 1169 ἀγαθῶν
3153 1100 3191 1167 ἠ
3227 1101 3530 1155 κοινωνία.

2191 1193 2284 1246 Διὸ
2318 1192 2413 1246 καὶ
2447 1193 2586 1263 μετά
2631 1193 2723 1247 τὸν
2756 1192 3049 1262 ἀσπασμὸν
3085 1194 3117 1262 ἡ
3152 1193 3435 1264 ἱερουργία
3462 1194 3697 1247 τελεῖται

2120 1283 2212 1336 τοῦ
2245 1283 2446 1348 ζῶντος
2477 1283 2708 1354 μόσχουο
2747 1285 2840 1337 καὶ
2883 1285 3027 1338 κατά
3054 1284 3208 1350 τάξιν
3247 1284 3582 1356 ἁρμοδίωςῆ
3633 1302 3697 1337 τε

2122 1376 2215 1427 τοῦ
2260 1375 2584 1430 ’Δποστόλου
2613 1376 2889 1445 περικοπή
2923 1375 3017 1429 καὶ
3039 1376 3133 1429 τοῦ
3179 1375 3326 1429 θείου
3355 1375 3694 1444 Εὐαγγελίου

2120 1465 2580 1533 ἀναγινώσκεται.
2640 1466 2749 1520 Καὶ
2786 1469 2814 1519 ὀ
2861 1465 2922 1519 τὸ
2970 1468 3156 1536 σχῆμα
3215 1464 3421 1530 λαϐὼν,
3470 1466 3563 1519 καὶ
3600 1467 3695 1519 τοῦ

2119 1555 2454 1625 Εὐαγγελίου
2492 1557 2587 1611 καὶ
2625 1557 2736 1610 τῶν
2772 1557 2944 1626 ἁγίων
2996 1556 3445 1626 λαμπαδηφορῶν
3483 1575 3693 1627 προπο-

2123 1647 2362 1718 ρεύεται,
2396 1648 2473 1712 ὡς
2508 1648 2854 1718 στρατιώτης
2885 1648 3128 1718 Χριστοῦ
3165 1647 3261 1701 καὶ
3292 1647 3564 1716 ὐπερέτης
3587 1664 3693 1700 κα-

2117 1741 2343 1802 ταστάς.
2375 1740 2488 1794 Καὶ
2521 1741 2744 1809 μνήμης
2775 1739 3022 1806 ἀξιοῦται
3053 1741 3110 1792 ὲν
3141 1740 3260 1799 ταῖς
3290 1739 3592 1808 αίτήσεσιν,
3619 1740 3697 1799 ὡς

2118 1833 2497 1901 καταγραφεὶς
2529 1833 2587 1884 ἐν
2641 1832 2754 1894 τοῖς
2786 1831 3060 1902 οὐρανοῖς,
3105 1831 3198 1884 καὶ
3232 1833 3298 1902 τῇ
3351 1831 3541 1901 χορείᾳ.
3586 1833 3696 1883 τῶν

2119 1924 2369 1992 ἀδελφῶν
2401 1923 2711 1992 συνταγείς.
2761 1925 2873 1978 Kal
2924 1924 3234 1976 τελευταῖον
3263 1924 3359 1992 τῆς
3405 1924 3696 1985 κοινωνίας

2116 2008 2224 2062 τῶν
2253 2009 2543 2063 θειοτάτων
2582 2009 2960 2076 καταξιοῢται,
3007 2011 3106 2078 τῆς
3159 2011 3698 2081 ὑπερουρανίουοκαὶ

2117 2100 2300 2169 ζώσης
2345 2100 2628 2172 τραπέζης
2669 2101 2926 2164 κοινωνὸς
2965 2100 3330 2171 ἀποδειχθείς.
3383 2101 3496 2154 Kal
3550 2100 3700 2154 οὕτω

445 2191 538 2247 ille
566 2193 694 2247 vitis
724 2193 935 2249 Domini
964 2194 1304 2266 disponatur,
1330 2195 1400 2251 ad
1431 2197 1744 2252 sensibilem
1772 2212 2012 2252 mensam

2121 2192 2239 2259 μετ’
2269 2192 2614 2263 εὐφροσύνης
2643 2193 2862 2246 πάντων
2896 2193 3131 2263 ᾀδόντων
3162 2193 3253 2247 καὶ
3279 2192 3590 2262 εὐχομένων
3617 2193 3694 2254 ὡς

447 2284 690 2349 procedit
714 2299 836 2339 cum
861 2287 1025 2342 sociis
1046 2287 1236 2342 laetitia
1267 2288 1543 2358 perfusus.
1571 2289 1637 2344 Et
1660 2297 1792 2346 tunc
1815 2304 2013 2343 vacans
2049 2271 2075 2324 Ε

2120 2281 2362 2350 ἄμπελον
2388 2283 2598 2353 Κυρίου
2638 2282 3072 2350 καταρτισθῆναι
3108 2284 3293 2347 αὐτὸν,
3329 2283 3426 2337 καὶ⁷
3472 2286 3552 2346 είς
3597 2283 3698 2352 τὴν

443 2375 810 2441 orationibus,
855 2377 1178 2434 obedientiae
1217 2389 1272 2436 et
1303 2380 1650 2446 ministerio,
1702 2359 1755 2433 in
1789 2379 2010 2434 humili-

2121 2369 2386 2441 αἰσθητὴν
2432 2371 2726 2439 πορεύεται
2750 2371 3051 2440 τράπεζαν,
3085 2374 3197 2435 τοῖς
3225 2371 3525 2441 ὁμοταγέσι
3571 2388 3700 2425 συν-

448 2476 556 2521 late
587 2483 814 2523 currens
863 2469 1002 2524 viam
1052 2470 1176 2526 vita:
1223 2468 1506 2526 Christum
1557 2472 1825 2540 sequitur,
1856 2471 2014 2540 cujus

2121 2464 2547 2533 ευφραινόμενος
2575 2480 2592 2496 ·
2635 2463 2915 2532 σχολάζων
2957 2464 3161 2518 ἔκτοτε⁹
3197 2466 3318 2528 ταῖς
3364 2465 3698 2534 προσευχαῖς

442 2558 629 2626 gloria:
673 2559 1090 2629 participatione
1151 2560 1354 2615 utinam
1409 2561 1654 2616 universi
1711 2561 2013 2615 habeantur

2121 2556 2217 2609 καὶ
2244 2557 2309 2626 τῇ
2344 2555 2557 2626 ὑπακοῇ
2591 2555 2684 2609 καὶ
2715 2555 2984 2626 διακονίᾳ,
3016 2557 3074 2609 ὲν
3096 2557 3426 2611 ταπεινώσει
3454 2554 3550 2625 τὴν
3579 2554 3699 2608 ὁδὸν

441 2649 591 2720 digni
623 2664 719 2718 per
749 2650 870 2721 ejus
907 2652 1364 2708 misericordiam.
1406 2652 1484 2707 En
1517 2653 1683 2723 igitur
1709 2652 2012 2706 doctrinam

2120 2649 2332 2720 τρέχων
2359 2648 2464 2719 τῆς·
2487 2648 2659 2728 ζωῆςἱ
2687 2651 2784 2703 καὶ
2810 2649 3194 2726 ἐπακολουθῶν
3237 2649 3314 2720 τῷ
3349 2648 3567 2720 Χριστῷ
3588 2665 3602 2679 ·
3634 2641 3698 2700 οὗ

443 2740 512 2794 de
546 2741 885 2809 pmnitentia,
918 2753 974 2795 ut
1019 2743 1179 2798 nobis
1225 2743 1326 2798 fuit
1357 2743 1616 2812 possibile
1641 2743 2014 2811 exposuimus,

2120 2740 2214 2793 καὶ
2261 2740 2464 2802 πάντες
2493 2740 2866 2810 ἀξιωθείημεν
2913 2740 3012 2809 τῆς
3044 2740 3204 2809 δόξης
3254 2740 3350 2794 καὶ
3403 2737 3691 2800 κοινωνίας

443 2845 657 2885 necnon
686 2831 754 2885 de
789 2831 980 2887 habitu
1011 2843 1225 2896 sancto,
1255 2834 1512 2903 quoniam
1546 2833 1826 2902 angelicus
1853 2841 1936 2887 est
1964 2841 2018 2887 et

2120 2829 2260 2884 ἐλέει
2304 2829 2491 2886 αὐτοῦ.
2541 2831 2673 2885 Ἶδού
2713 2831 2892 2885 τοίνυν
2923 2832 3018 2885 καὶ
3048 2831 3117 2885 τὰ
3159 2831 3260 2901 τῆς
3300 2830 3588 2902 μετανοίας
3618 2829 3698 2891 ὡς

341 2981 349 2988 ,
444 2924 778 2991 ιιωιιὶιειιιίτε
805 2925 1046 2980 habitus.
1080 2924 1341 2995 Superest
1382 2937 1439 2980 ut
1482 2926 1549 2981 de
1593 2927 1805 2982 duobus
1835 2926 2015 2980 adhuc

2125 2920 2242 2974 ἐνὸν
2284 2923 2417 2992 ἡμῖν
2471 2922 2841 2994 ὲξεθήκαμεν,
2875 2923 2974 2976 καὶ
3016 2922 3086 2976 τὰ
3127 2921 3221 2976 τοῦ
3277 2925 3556 2991 σχήματος
3598 2919 3693 2974 τοῦ

451 3016 677 3085 reliquis
707 3015 980 3086 mysteriis
1009 3015 1265 3073 Ecclesiae
1304 3018 1616 3073 summatim
1659 3017 1925 3079 dicamus.
1953 3023 2015 3070 ut

2125 3011 2296 3082 ἱεροῦ,
2332 3013 2408 3076 ὡς
2434 3018 2524 3068 καὶ
2557 3013 2875 3081 ἀγγελικοῦ,
2918 3014 3133 3083 καὶτῆς
3162 3014 3451 3082 μετανοίας
3479 3013 3697 3082 σχήμα-

442 3124 606 3164 omne
648 3110 789 3179 quod
837 3109 1185 3178 promisimus
1229 3109 1560 3186 expleamus,
1605 3118 1658 3164 et
1716 3110 1782 3166 ad
1842 3109 2004 3164 ﬁnem

2123 3123 2214 3169 τος
2250 3105 2425 3170 ὄντος.
2477 3105 2680 3160 Λοιπὸν
2713 3107 2962 3171 καὶπερὶ
2999 3104 3110 3159 τῶν
3133 3105 3227 3158 δύο
3269 3106 3351 3158 ἔτι
3381 3103 3696 3158 ὑπολοίπων

447 3215 771 3272 peragamus
808 3215 1139 3256 sermonem.

2127 3199 2444 3270 μυστηρίων
2483 3198 2582 3267 τῆς
2621 3197 2953 3266 Ἐκκλησίας
2994 3196 3137 3250 κατά
3163 3193 3384 3264 σύνοψιν
3425 3197 3691 3266 εἴπωμεν,

2119 3289 2193 3352 ὡς
2223 3289 2288 3344 ἂν
2337 3289 2496 3360 195
2530 3289 2598 3343 τά
2645 3288 2746 3357 τῆς
2775 3288 3121 3358 ὑποσχέσεως
3161 3286 3552 3358 ἐκτελέσωμεν,
3601 3288 3697 3340 καὶ

2123 3383 2205 3446 είς
2228 3382 2382 3442 τέλος
2407 3383 2496 3435 τον
2524 3382 2684 3451 λόγον
2709 3381 3026 3450 ἀγάγωμεν.

2193 3473 2516 3539 Κληρικός.
2575 3470 2778 3536 Καλὸν,
2837 3468 3108 3538 ἁγιώτατε
3156 3467 3416 3536 δέσποτα,
3449 3468 3526 3534 ὡς
3561 3470 3693 3542 περὶ

2124 3565 2232 3620 τῶν
2263 3564 2462 3630 ἄλλων,
2497 3564 2591 3617 καὶ
2622 3564 2753 3633 περὶ
2787 3561 2991 3616 τούτων
3023 3559 3217 3629 μαθεῖν
3249 3560 3419 3631 ἡμᾶς.

524 3471 783 3528 Clericus.
808 3471 1019 3526 Bonum
1054 3482 1155 3541 est,
1193 3472 1536 3527 sanctissime
1561 3471 1802 3535 domine,
1823 3485 2015 3541 quem-

447 3562 737 3620 admodum
777 3563 843 3620 de
871 3563 1015 3630 aliis,
1045 3564 1130 3619 ita“
1159 3572 1214 3619 et
1246 3563 1459 3621 de‘istis
1496 3580 1594 3620 nos
1619 3565 1872 3620 edocere.

1992 3893 2151 3948 ΠΕΡΙ

891 4073 1192 4191 ΤΟΥ
1254 4072 1797 4193 ΤΙΜΙΟΥ
1851 4069 2600 4191 ΝΟΜΙΜΟΥ
2659 4069 3228 4191 ΓΑΜΟΥ.

2039 4439 2127 4494 DE

765 4619 1440 4738 HONESTO
1525 4624 1708 4735 ET
1799 4617 2491 4733 LEGITIMO
2611 4615 3362 4800 CONJUGIO.

2201 4995 2560 5065 Ἀρχιερεύς.
2597 4995 2706 5049 Καὶ
2749 4993 2978 5063 λέγομεν
3023 4998 3121 5068 ἤδη
3157 4999 3284 5070 περὶ
3337 5000 3432 5054 τοῦ
3486 5002 3691 5072 γάμου,

2125 5087 2276 5152 ὅστις
2307 5089 2450 5142 κατὰ
2501 5087 2652 5140 Θείαν
2711 5087 3059 5157 συγχώρησιν
3110 5091 3167 5144 ὲν
3197 5091 3509 5161 ἀνθρώποις
3539 5095 3695 5150 ἐστὶν

2127 5179 2542 5251 ὲνεργούμενος,
2588 5178 2704 5241 τοῖς
2765 5181 2906 5232 κατά
2942 5181 3147 5250 κόσμον
3201 5183 3418 5237 θέλουσι
3451 5186 3571 5255 ζῇν,
3607 5187 3696 5241 διὰ

455 5297 680 5361 propter
710 5285 880 5342 solam
913 5282 1208 5338 liberorum
1257 5278 1662 5350 generationem
1707 5285 1761 5330 et
1793 5287 2018 5329 conces-
2051 5269 2060 5278 ’

2131 5271 2304 5342 μόνην
2357 5268 2724 5333 παιδοποιίαν,
2754 5271 2849 5321 καὶ
2905 5271 3321 5341 συγκεχώρηται
3367 5275 3456 5327 διὰ
3486 5277 3578 5328 τὸν
3629 5278 3694 5330 ἐκ

459 5356 584 5437 sum
625 5389 708 5435 est
741 5386 966 5449 propter
1014 5381 1247 5428 mortem
1287 5385 1352 5425 ex
1387 5366 1750 5423 inobedientia
1783 5379 2018 5431 sequen-

2129 5361 2229 5428 τῆς
2271 5359 2559 5430 παρακοῆς
2614 5356 3126 5425 ἐπακολουθήσαντα
3165 5360 3420 5427 θάνατον,
3457 5364 3543 5417 ἵνα
3591 5364 3696 5425 ἕως

453 5483 591 5537 tem,
623 5481 704 5534 ut,
739 5445 1044 5540 usquedum
1093 5480 1193 5536 per
1237 5463 1512 5518 Christum
1546 5458 1760 5514 venerit
1807 5455 1915 5511 vita
1968 5463 2023 5509 et

2129 5450 2196 5504 ἂν
2253 5450 2382 5519 ἔλθῃ
2429 5450 2462 5517 ἡ
2509 5447 2596 5500 διά
2628 5445 2722 5499 τοῦ
2765 5448 3006 5516 Χριστοῦ
3052 5449 3166 5520 ζωὴ
3201 5452 3294 5504 καὶ
3339 5453 3629 5514 ἀθανασία,
3665 5455 3693 5506 ό

455 5538 866 5624 immortalitas,
891 5571 1136 5629 praesens
1159 5552 1533 5623 corruptibilis
1559 5555 1873 5620 permaneat
1893 5545 2017 5610 vita,

2125 5541 2316 5612 παρὼν
2341 5541 2578 5610 φθαρτὸς
2611 5538 2840 5610 διαμένῃ
2885 5538 3021 5608 βίος,
3060 5543 3152 5593 καὶ
3201 5542 3275 5612 μὴ
3317 5544 3487 5614 χωρὶς
3516 5545 3691 5596 ἐὐ),ο-

453 5662 614 5708 etne
651 5652 770 5706 sine
819 5649 1200 5703 benedictione
1252 5643 1322 5698 sit
1377 5641 1661 5697 hominum
1704 5635 2022 5692 constitutio

2123 5635 2248 5701 γίας
2286 5633 2319 5700 ή
2349 5629 2457 5682 τῶν
2503 5629 2807 5700 ἀνθρώπων
2834 5633 2921 5700 εἴη
2970 5631 3244 5702 κατασολὴ
3283 5636 3375 5686 καὶ
3418 5637 3688 5706 ἀρχὴκαὶ

455 5753 624 5813 atque
650 5739 1003 5812 principium,
1035 5753 1140 5792 nec
1164 5735 1252 5789 isti
1279 5735 1480 5801 absque
1508 5746 1573 5785 ea
1603 5728 1766 5783 vitam
1803 5725 2019 5789 habeat,

2120 5723 2180 5776 τὸ
2212 5716 2597 5782 εἶναιτούτους
2626 5723 2684 5774 ὲν
2717 5721 2836 5790 βίῳ,
2873 5723 2964 5774 καὶ
3002 5722 3076 5784 ὡς
3109 5724 3259 5791 παρὰ
3299 5724 3396 5791 τῆς
3453 5726 3689 5778 ἀσπίλου

451 5809 624 5904 utque
652 5809 1006 5888 matrimonio
1047 5828 1115 5883 ab
1151 5827 1473 5881 intemerata
1515 5817 1753 5875 Ecclesia
1787 5815 2014 5870 benedi-

2135 5809 2462 5880 ‘sz‘zqoiac
2503 5809 2602 5883 τὴν
2630 5811 2880 5881 εὐλογίαν
2908 5810 3120 5882 ἔχοντος
3155 5811 3246 5864 τοῦ
3277 5812 3477 5877 γάμου,
3515 5812 3689 5867 σπεύ-

524 5010 794 5081 Pontifex.
827 5007 895 5062 Et
917 5007 1030 5077 iam
1060 5006 1338 5078 loquimur
1373 5005 1440 5060 de
1475 5001 1822 5058 matrimonio
1854 4999 2013 5070 quale
2038 4999 2085 5062 (Ζ

446 5104 750 5164 secundum
785 5100 1022 5156 divinam
1052 5099 1328 5153 licentiam
1360 5098 1501 5152 inter
1531 5094 1781 5150 homines
1809 5092 2021 5160 perﬁci-

455 5211 548 5258 tur
577 5197 645 5252 ab
674 5195 757 5252 eis
788 5193 882 5265 qui
923 5189 1225 5247 secundum
1265 5187 1527 5244 mundum
1567 5186 1757 5240 volunt
1808 5185 2013 5247 vivere,
