4108 6262
309 327 415 393 505

1612 335 1714 397 DE
1754 335 2276 398 MATRIMONIO.

3445 339 3548 399 506

307 444 472 498 δωσιν
516 446 565 499 οί
614 445 672 500 ἐν
697 444 870 516 τούτῳ
917 445 1138 501 ἄσπιλοι
1177 441 1320 502 εἶναι
1368 449 1442 512 ὡς
1491 447 1744 519 ἐγχωρεῖ,
1776 449 1860 501 irai

1974 447 2212 502 ctionem
2243 455 2565 512 consecuta,
2592 448 2846 503 studeant
2869 445 3129 518 coniuges
3153 445 3207 498 in
3232 457 3318 508 eo,
3349 451 3408 499 ut
3430 443 3548 500 ﬁeri

309 537 554 606 ἐννόμως
601 538 696 590 καὶ
741 537 866 607 δίχα
895 537 1066 607 ψόγου
1103 541 1198 593 καὶ
1245 541 1419 610 ῥύπου
1465 543 1872 605 συνάπτωνται,

307 629 404 680 καὶ
462 627 534 690 ὡς
592 628 764 681 εἰπεῖν
791 628 1021 698 ἄμωμον
1079 632 1174 685 καὶ
1201 632 1277 695 ὠς
1335 616 1664 702 παρθενικὸν
1705 633 1874 700 ἐγγὺς

306 717 602 786 φυλάσσειν
634 719 724 773 τὸν
747 720 948 789 γάμον.

857 813 1105 870 κεοΑΑ.
1139 816 1316 885 seq".

620 905 787 960 Διαττ
821 905 1109 976 στέφανοι
1142 910 1210 963 ἐν
1245 909 1326 975 τῷ
1372 908 1557 980 γάμῳ.

374 995 472 1050 Διά
511 997 672 1051 τοῦτο
703 997 811 1069 γάρ
857 1001 953 1054 καὶ
1001 1001 1253 1068 στέφανοι
1302 1004 1565 1069 τίθενται,
1601 1003 1689 1058 διὰ
1743 1005 1872 1069 τοὺς

304 1086 610 1152 παρθένους
640 1087 736 1141 καὶ⁹
770 1089 1065 1159 καθαροὺς,
1093 1093 1173 1144 ὅτι
1209 1095 1570 1149 συνάπτονται
1619 1095 1870 1159 ἄσπιλοι,

301 1178 400 1232 καὶ
421 1178 496 1242 ὡς
517 1177 616 1248 τὴν
645 1179 946 1246 παρθενίαν
972 1181 1100 1252 ἄχρι
1125 1183 1219 1236 τοῦ
1249 1186 1430 1252 γάμου
1459 1186 1872 1256 συντετηρήκα-

304 1286 410 1325 σιν.
452 1271 518 1324 '0
545 1271 608 1340 δὴ
638 1272 732 1324 καὶ
759 1272 855 1325 ἀπ’
886 1273 1054 1341 αὐτῆς
1076 1275 1176 1342 τῆς
1223 1277 1443 1344 φύσεως
1489 1277 1874 1347 μαρτυρούμε-

301 1381 393 1416 νον
414 1365 577 1418 καλὺν
605 1361 771 1427 εἶναι,
809 1367 837 1417 6
874 1368 1280 1436 συναπτόμενος
1311 1371 1376 1439 τῇ
1424 1369 1608 1440 νύμφη
1640 1371 1872 1439 νυμφίος

301 1455 408 1520 πρὸ
429 1454 631 1518 παντὸς
657 1454 813 1508 τοῦτο
834 1455 1080 1524 βούλεται
1106 1458 1405 1526 κεκτῆσθαι
1427 1459 1619 1529 αὐτὴν,
1643 1458 1704 1512 τὸ
1725 1475 1874 1527 παρ-

301 1546 452 1599 θένον
485 1542 626 1601 εἶναι
663 1548 756 1600 καὶ
785 1549 1052 1618 καθαράν,
1091 1555 1188 1602 καὶ
1222 1547 1296 1618 μὴ
1335 1547 1526 1618 ἐτέρου
1553 1549 1723 1614 τινος,
1754 1549 1872 1602 ἀλλ’

297 1637 463 1690 αὑτοῦ
487 1641 580 1691 καὶ
609 1639 773 1707 μόνου
801 1634 937 1692 εἶναι
973 1641 1067 1694 καὶ
1115 1641 1384 1710 κληθῆναι
1415 1643 1668 1708 γυναῖκα.
1700 1640 1866 1695 Ὅθεν

296 1730 392 1782 καὶ
423 1729 586 1783 αὑτὸν
611 1730 1020 1784 ἐκδιδάσκεσθαι
1053 1732 1156 1803 χρὴ
1178 1733 1420 1786 τοιοῦτον
1448 1734 1638 1787 ἑαυτὸν
1672 1736 1862 1806 τηρεῖν

293 1820 532 1890 νυμφίον
568 1821 811 1891 καθαρὸν
860 1825 926 1893 τῇ
967 1822 1176 1895 νύμφῃ.
1208 1823 1304 1877 καὶ
1353 1823 1523 1894 αὐτῆς
1550 1824 1739 1894 ἄνδρα,
1769 1825 1865 1879 καὶ

295 1912 394 1981 οὐχ
427 1911 644 1985 ἑτέρας.
685 1914 794 1967 Καὶ
849 1915 898 1966 εί
930 1913 1109 1972 τοῦτο.
1137 1915 1478 1986 εὐλογημένη
1537 1917 1571 1985 ἡ
1603 1915 1859 1985 συζυίγία,

293 2003 391 2056 καὶ
443 2005 476 2075 ἠ
530 2005 708 2073 κοίτη,
760 2006 904 2060 κατὰ
961 2006 1173 2060 Παῦλον
1223 2009 1421 2076 εἰπεῖν,
1481 2010 1712 2073 άσπιλος
1769 2012 1864 2063 καὶ

294 2095 594 2164 ἀμίαντος·
636 2097 730 2151 καὶ
765 2099 858 2152 ἐπὶ
907 2099 986 2168 τῷ
1017 2099 1180 2170 γάμῳ
1214 2101 1388 2168 τούτῳ
1430 2101 1616 2157 τελεία
1647 2104 1680 2174 ἡ
1713 2103 1866 2158 εὐλο-

295 2187 392 2253 γία
411 2203 425 2219 ·
452 2186 547 2240 καὶ
570 2187 598 2239 6
619 2188 858 2256 Χριστὸς
891 2191 1272 2259 παραγίνεται.
1300 2193 1362 2245 Εἰ
1392 2193 1450 2247 δὲ
1479 2195 1863 2264 νενοθευμένος

294 2278 323 2331 6
364 2277 542 2347 γάμος
569 2282 662 2333 καὶ
689 2279 879 2349 ρύπων
913 2280 1186 2351 ἔμπλεως,
1223 2283 1340 2346 πῶς
1368 2283 1478 2349 ἄρα
1525 2285 1702 2338 ἐκεῖσε
1731 2285 1864 2355 Χρι-

296 2368 452 2436 οτδς,
499 2371 526 2422 ὁ
572 2371 957 2442 καθαρώτατος
987 2375 1171 2442 μόνος,
1203 2375 1300 2428 καὶ
1345 2375 1454 2428 τῶν
1502 2375 1694 2446 ψυχῶν
1723 2394 1863 2444 wit.-

296 2459 417 2528 φίος
465 2460 618 2528 ἅγιός
642 2479 702 2513 τε
763 2463 859 2515 καὶ
891 2463 1121 2531 ἄμωμος
1143 2480 1159 2529 ;
1201 2465 1450 2518 Ἀπέστω
1499 2465 1683 2518 τοίνυν
1713 2467 1865 2518 πᾶσα

295 2552 524 2620 πορνεία
551 2551 646 2604 τοῦ
678 2551 864 2620 τιμίου
893 2554 1071 2621 γάμου
1096 2555 1192 2606 καὶ
1222 2555 1446 2624 ἅρπαγή
1473 2571 1487 2586 ·
1519 2558 1616 2608 καὶ
1645 2558 1863 2627 μοιχεία

295 2644 446 2696 πᾶσα
514 2642 740 2713 πόρρω,
799 2645 894 2698 καὶ
939 2644 1036 2697 σὺν
1074 2645 1247 2717 ταύτῃ
1301 2647 1601 2716 ήβδελυρὰ
1655 2649 1752 2700 καὶ
1803 2647 1866 2701 τὺ

298 2734 459 2802 γένος
488 2734 794 2804 συγχέουσα
823 2735 1117 2805 αίμομιξία
1141 2755 1201 2790 τε
1234 2738 1328 2792 καὶ
1358 2737 1698 2808 πολυγαμία.
1751 2739 1864 2792 Καὶ

293 2826 362 2880 τά
386 2825 481 2880 τοῦ
517 2826 664 2897 ίεροῦ
685 2827 855 2897 τόμου
880 2828 1195 2882 ἁκατάλυτα
1238 2829 1612 2899 φυλαττέσθω,
1649 2829 1737 2884 ἵνα
1768 2831 1862 2884 καὶ

289 2918 459 2988 τόμος
493 2919 579 2988 εἴη
615 2917 858 2980 ένώσεως
882 2921 977 2972 καὶ
1011 2921 1084 2989 μὴ
1109 2920 1468 2985 διαστάσεως,
1501 2920 1575 2982 ὡς
1615 2919 1726 2972 τῶν
1762 2937 1862 2973 κα-

289 3009 402 3069 κῶς
430 3009 857 3079 συναπτομένων
880 3012 1264 3082 χωριζομένων
1296 3011 1495 3080 μᾶλλον
1535 3013 1630 3065 καὶ
1655 3011 1860 3065 διιστα-

1975 547 2173 608 potest,
2193 538 2495 592 intemerati
2517 553 2656 593 esse.
2675 537 2737 592 Et
2761 539 2838 592 sic
2853 538 3146 596 licite.sine
3170 534 3547 601 reprehensio-

1973 644 2043 682 ne
2085 637 2139 682 et
2171 628 2374 697 absque
2407 628 2525 683 labe
2540 629 2964 699 coniunguntur,
2983 627 3056 680 ita
3075 622 3547 694 utirrcprehensi-

1974 718 2082 774 bile
2106 721 2316 775 dicatur
2334 731 2380 774 et
2402 721 2552 789 quasi
2579 719 2840 786 virginale
2858 728 3102 773 servetur
3121 715 3544 770 matrimonium.

2473 810 2703 866 CAPUT
2735 809 3054 867 CCLXXVI.

2270 903 2448 970 Quare
2473 906 2677 959 coronis
2703 906 2758 958 in
2787 906 2984 971 nuptiis
3026 913 3266 959 utantur.

2044 993 2126 1050 0b
2163 994 2304 1049 hanc
2334 992 2480 1049 enim
2507 1007 2726 1048 causam
2759 1006 3035 1063 ponuntur
3063 1012 3276 1052 coronae
3309 1008 3536 1069 prepter

1972 1085 2338 1157 virginitatem
2389 1093 2444 1140 et
2488 1083 2790 1140 castitatem
2833 1100 3019 1141 eorum
3086 1089 3178 1157 qui
3231 1091 3546 1148 intemerati

1972 1177 2302 1246 copulantur
2349 1186 2402 1230 et
2444 1175 2570 1245 quia
2611 1175 2981 1246 virginitatem
3021 1193 3193 1247 usque
3240 1181 3305 1234 ad
3361 1184 3546 1237 matri-

1973 1269 2217 1324 monium
2260 1268 2712 1335 custodiverunt;
2746 1269 2890 1337 quod
2925 1270 3040 1340 ipsa
3083 1281 3278 1325 natura
3311 1283 3546 1328 testatur

1973 1359 2177 1413 bonum
2207 1373 2349 1424 esse,
2379 1373 2608 1426 sponsus
2628 1359 2772 1414 enim
2808 1374 3021 1429 sponsa!
3047 1365 3392 1418 consoc’atus
3419 1374 3546 1421 ante

1940 1450 1943 1452 ’
1973 1463 2370 1519 quemcumque
2401 1448 2514 1502 vult
2541 1464 2658 1503 eam
2690 1449 2992 1519 possidere,
3020 1450 3090 1505 ita
3123 1463 3181 1506 ut
3215 1453 3366 1523 virgo
3393 1455 3463 1510 sit
3490 1465 3546 1510 et

1978 1553 2132 1608 pura,
2165 1553 2340 1608 neque
2370 1539 2664 1608 cujuslibet
2687 1540 2932 1599 alterius.
2969 1543 3062 1596 sed
3093 1558 3211 1596 eam
3246 1545 3328 1598 sui
3359 1545 3536 1600 solius

1975 1646 2138 1694 esse,
2186 1646 2453 1702 suamque
2520 1632 2700 1687 vocari
2769 1632 3027 1686 feminam
3084 1637 3334 1702 requirit.
3385 1636 3543 1692 Unde

1976 1722 2151 1791 ipsum
2182 1731 2400 1792 oportet
2446 1721 2693 1778 ediscere
2731 1723 2890 1778 talem
2931 1725 3284 1793 semetipsum
3330 1742 3544 1796 sponsa:

1971 1833 2166 1887 purum
2204 1833 2328 1872 esse
2359 1827 2702 1873 servaturum
2726 1859 2741 1883 ,
2776 1818 2848 1871 ita
2879 1827 2936 1870 ut
2964 1819 3034 1871 sit
3064 1818 3184 1887 eius
3214 1821 3316 1882 vir,
3343 1832 3394 1875 et
3432 1839 3541 1876 non

1963 1908 2227 1977 alterius;
2256 1910 2399 1979 quod
2432 1910 2476 1964 si
2507 1909 2672 1973 adsit,
2697 1909 3040 1964 benedictum
3073 1911 3177 1964 erit
3202 1912 3540 1982 coniugium,

1970 2010 2030 2056 et
2069 2001 2274 2067 cubile,
2315 2010 2374 2057 ut
2404 2001 2708 2056 secundum
2746 2000 2977 2055 Paulum
3023 1999 3237 2069 loquar,
3274 2003 3542 2060 immacu-

1965 2093 2140 2149 latum
2180 2094 2286 2149 erit
2331 2102 2386 2148 et
2435 2093 2724 2155 illibatum,
2765 2101 2821 2147 et
2863 2109 3032 2163 super
3064 2093 3170 2150 tale
3202 2097 3540 2151 connubittm

1967 2187 2142 2258 plena
2159 2188 2267 2244 erit
2299 2187 2631 2253 benedictio,
2662 2195 2717 2241 et
2754 2186 3008 2264 Christus
3041 2188 3091 2242 ei
3125 2188 3320 2244 aderit.
3356 2189 3460 2244 Sed
3494 2191 3540 2245 si

1963 2280 2226 2350 pollutum
2253 2280 2324 2334 sit
2350 2279 2755 2334 matrimonium
2772 2289 2826 2334 et
2843 2281 2968 2336 labe
2995 2281 3238 2350 plenum,
3261 2284 3538 2352 quomodo

1967 2371 2130 2441 igitur
2158 2369 2230 2423 ibi
2259 2370 2510 2424 Christus
2541 2371 2632 2439 qui
2665 2369 2816 2424 solus
2862 2373 3196 2439 purissimus
3227 2381 3310 2426 est
3339 2384 3391 2427 et
3417 2374 3540 2428 ani-

1967 2477 2172 2515 marum
2210 2474 2446 2530 sponsus
2479 2470 2703 2514 sanctus
2732 2473 2787 2515 et
2818 2462 3354 2530 irrcpreltensibilis?
3385 2465 3541 2519 Absit

1965 2554 2131 2623 igitur
2165 2552 2232 2607 ab
2281 2551 2588 2606 honorabili
2627 2552 2884 2621 coniugio
2919 2555 3100 2606 omnis
3147 2553 3441 2609 fornicatio
3483 2565 3538 2610 et

1965 2653 2174 2716 raptus,
2225 2643 2414 2714 procul
2463 2643 2607 2698 absit
2638 2657 2801 2697 omne
2844 2643 3197 2707 adulterium,
3230 2654 3283 2699 et
3319 2659 3440 2700 cum
3474 2662 3540 2702 eo

1965 2738 2303 2802 obscenium,
2331 2752 2440 2807 quo
2472 2736 2734 2790 miscetur
2794 2751 2964 2806 genus
2993 2737 3259 2792 incestum
3281 2739 3458 2793 scelus
3487 2751 3539 2794 et

1964 2829 2290 2901 polygamia,
2348 2837 2403 2884 et
2451 2829 2707 2883 inviolate
2754 2839 3045 2883 serventur
3085 2829 3223 2884 sacri
3263 2829 3542 2900 (Ritualis)

1964 2920 2086 2976 libri
2120 2929 2345 2982 statuta,
2375 2929 2436 2975 ut
2469 2920 2607 2974 liber
2638 2921 2710 2974 sit
2734 2921 2975 2986 unionis,
3010 2936 3116 2976 non
3148 2923 3538 2990 separationis,

1962 3028 2084 3068 cum
2107 3013 2244 3069 male
2267 3013 2615 3080 conveniant,
2630 3012 2726 3068 sed
2753 3013 2932 3082 potius
2953 3013 3244 3069 abscedant
3261 3015 3351 3084 qui
3376 3031 3402 3066 a
3428 3015 3540 3070 Deo

291 3104 469 3168 μένων
501 3100 658 3154 Θεοῦ·
690 3101 786 3154 καὶ
806 3102 887 3156 ὅτι
917 3102 982 3155 ὲκ
1019 3102 1113 3155 τοῦ
1153 3100 1376 3156 λύεσθαι
1405 3101 1598 3156 τοῦτον
1638 3103 1852 3173 ταραχὴ

1961 3107 2184 3173 distant;
2221 3115 2278 3161 et
2298 3106 2554 3176 quoniam
2591 3105 2637 3161 si
2673 3103 2906 3160 violetur
2954 3105 3043 3160 hic
3075 3105 3236 3171 liber,
3273 3106 3402 3160 hinc
3428 3115 3538 3161 tur-

288 3192 438 3246 ἔσται
468 3195 534 3262 τῇ
579 3192 899 3265 Ἐκκλησία.
934 3195 1045 3249 Kal.
1075 3197 1102 3248 6
1140 3193 1240 3264 μὲν
1291 3196 1522 3264 δίγαμος
1577 3193 1857 3258 κανονιζό-

291 3301 453 3352 μενος
477 3284 641 3346 ἔστω.
679 3286 823 3339 καθά
867 3302 1038 3354 φασιν
1069 3287 1116 3338 οί
1168 3286 1434 3357 Πατέρες.
1466 3287 1530 3340 Ὀ
1585 3285 1856 3355 τρίγαμος

287 3377 344 3429 δὲ
373 3377 556 3430 πλέον.
585 3376 699 3430 Καὶ
720 3376 873 3440 οὗτος
904 3377 1097 3447 τρίτην
1125 3377 1344 3445 ἀγέσθω
1377 3378 1452 3449 μὴ
1499 3379 1668 3431 τέκνα
1713 3377 1854 3447 έχων

287 3469 414 3540 ἄχρι
451 3470 547 3524 τοῦ
591 3470 1057 3542 τεσσαρακοστοῦ.
1083 3470 1174 3541 Τῷ
1233 3471 1398 3524 τέκνα
1445 3471 1500 3525 δὲ
1532 3469 1857 3540 κεκτημένῳ

292 3560 378 3615 τὸν
413 3563 850 3633 τεσσαρακοστὸν
892 3563 1399 3634 τελέσαντιχρόνον
1453 3559 1858 3633 άσυγχώρητος

287 3652 438 3709 ἔσται
482 3655 516 3726 ἠ
563 3656 852 3725 τριγαμία,
887 3657 915 3710 6
966 3655 1111 3726 ἱερός
1165 3672 1301 3728 φησι
1342 3657 1530 3726 τόμος.
1580 3656 1662 3710 Τά
1726 3655 1857 3722 περὶ

287 3747 493 3801 τούτων
521 3744 617 3803 οῦν
677 3750 778 3803 σὺν
835 3749 1098 3821 ἀκριϐείᾳ
1143 3748 1306 3814 ἔστω,
1334 3749 1431 3803 καὶ
1472 3752 1715 3820 προσοχῇ
1742 3750 1856 3812 τοῖς

286 3839 622 3909 προστάταις
645 3839 756 3893 τῶν
787 3839 1099 3910 ἐκκλησιῶν
1126 3840 1519 3909 ἐνεργούμενα.
1552 3840 1857 3910 Θεωρὴσω-

287 3944 388 3998 μεν
414 3929 472 3982 δὲ
501 3931 597 4010 xal.
619 3930 768 3994 ὅπως
796 3931 826 3984 6
849 3930 1028 4000 γάμος
1057 3929 1304 4000 νομίμως
1332 3931 1558 4000 ἄρχεται
1583 3930 1850 3998 γίνεσθαι.

286 4021 347 4075 Εί
376 4020 478 4092 μὲν
516 4023 752 4092 πατέρες
777 4023 890 4085 τοῖς
944 4025 1370 4092 συναπτομένοις
1414 4022 1571 4090 είσὶν,
1608 4021 1753 4076 οῦτοι
1789 4022 1856 4094 δὴ

285 4115 379 4168 καὶ
403 4114 789 4185 συμφωνοῦσιν
817 4114 1094 4181 ἀλλήλοις,
1124 4115 1218 4168 καὶ
1242 4115 1342 4178 τὰς
1369 4113 1596 4183 γνώμας
1626 4113 1764 4185 πρὸς
1793 4113 1856 4166 τὸ

285 4203 442 4276 ἔργον
480 4206 726 4262 ἱστῶσιν.
777 4201 912 4261 Εἶτα
965 4207 1062 4260 καὶ
1107 4207 1322 4277 ἡμέρας
1355 4208 1684 4272 ἐπιστάσης,
1712 4204 1854 4259 ὥστε

285 4299 558 4366 γραφῆναι
617 4298 713 4351 καὶ
768 4299 837 4352 τὰ
895 4298 1227 4366 συμσόλαια,
1266 4299 1610 4368 συνάθροισις
1657 4297 1856 4368 τιμίων

286 4387 494 4455 γίνεται
556 4388 792 4458 ἀνδρῶν,
827 4388 1136 4460 μαρτυρίας
1169 4389 1332 4460 χάριν
1394 4391 1488 4443 τοῦ
1540 4387 1848 4481 γινομένου,
1880 4423 1928 4481 D

287 4480 379 4532 καὶ
416 4481 500 4534 ὅτι
533 4480 767 4550 νομίμου
795 4483 970 4552 γάμου
995 4482 1348 4552 συνάλλαγμα
1380 4483 1704 4550 ἐνεργεῖται.
1735 4472 1852 4534 ’Διὸ

285 4570 376 4622 καὶ
411 4570 630 4640 νομικὸς
658 4571 1100 4640 ἀποτεταγμένος
1137 4571 1276 4638 ιστὶ,
1308 4573 1402 4626 καὶ
1447 4573 1515 4625 τά
1549 4570 1854 4640 συμϐόλαια

286 4662 520 4730 γράφει,
581 4663 679 4716 καὶ
741 4662 1140 4734 σιγνογραφίας
1203 4662 1312 4716 τῶν
1379 4663 1855 4717 συναλλαττὸντων

285 4754 522 4807 ποιεῖται
545 4753 632 4806 διὰ
665 4752 920 4825 σταυροῦ,
943 4753 1116 4822 δηλῶν
1144 4755 1219 4818 ὡς
1242 4756 1306 4810 ὲκ
1336 4754 1430 4809 τοῦ
1454 4755 1589 4809 Θεοῦ
1614 4754 1673 4808 τὸ
1693 4755 1854 4825 ἔργον

286 4843 420 4911 ἐστὶ,
455 4847 550 4898 καὶ
605 4847 662 4899 ὲν
693 4847 917 4918 Χριστῷ
975 4847 1224 4918 ἄρχεται,
1282 4847 1391 4901 τῶν
1458 4846 1853 4917 μελλονύμφων

286 4937 379 4990 καὶ
406 4937 514 4990 τῶν
542 4937 796 5008 πατέρων
821 4939 1000 4992 αὐτῶν
1028 4938 1125 4990 τοῦ
1153 4939 1400 5010 καλάμου
1432 4939 1849 5008 ὲφαπτομένων,

285 5027 346 5081 τὸ
387 5027 636 5081 ἑκούσιον
669 5030 760 5082 καὶ
785 5030 1111 5087 οίκειοθελὲς
1164 5029 1592 5099 ἐνδεικνυμένων
1637 5031 1700 5082 ὲκ
1730 5027 1852 5082 τού-

285 5131 410 5172 τουο
445 5118 539 5171 καὶ
584 5117 666 5171 ὅτι
720 5119 958 5189 Χριστὸς
1019 5119 1283 5173 συνάπτει
1329 5119 1548 5182 αὐτούς.
1611 5119 1702 5172 Διὸ
1759 5120 1854 5173 καὶ

292 5207 431 5275 πρὸς
462 5208 623 5262 αὑτὸν
653 5210 1016 5277 προσκυνοῦσι
1048 5213 1285 5282 πρῶτον,
1311 5212 1406 5264 καὶ
1454 5211 1597 5265 οὕτω
1626 5210 1721 5264 τοῦ
1749 5229 1851 5265 κομ

283 5298 463 5367 λάμου
499 5301 871 5366 ἐφάπτονται·
903 5302 997 5355 καὶ
1026 5304 1217 5355 τούτου
1244 5303 1448 5365 ἕνεκεν,
1484 5302 1567 5355 ὅτι
1616 5302 1850 5372 Χριστὸς

283 5383 465 5437 συνδεί
496 5384 721 5449 τούτους
741 5405 756 5420 ο
789 5389 881 5441 καὶ
906 5390 1188 5460 σταυρικοὶ
1221 5390 1468 5458 λέγονται
1500 5390 1708 5462 δεσμοί.
1741 5391 1853 5444 Καὶ

282 5475 382 5530 οὐκ
413 5475 532 5543 ἐξὸν
566 5478 726 5549 196
748 5478 945 5543 αὐτοὺς
973 5480 1121 5534 λύειν
1160 5479 1282 5551 δίχα
1310 5480 1472 5534 τινῶν
1501 5481 1850 5551 παρακολου-

282 5566 547 5638 θημάτων
571 5571 841 5638 νομίμων,
893 5570 1174 5638 τοιούτων,
1234 5571 1309 5634 ὼς
1363 5574 1454 5625 καὶ
1515 5574 1606 5626 ἐπὶ
1641 5575 1852 5627 τετελε-

283 5660 467 5728 σμὲνῳ
489 5657 569 5729 τῷ
590 5661 775 5729 γάμῳ.
797 5661 858 5713 Et
883 5660 928 5714 δ’
956 5651 1068 5719 οὖν,
1093 5663 1244 5714 ἔσται
1271 5665 1582 5732 παρανομία
1609 5664 1642 5731 ὴ
1671 5665 1846 5729 λύσις.

283 5750 390 5804 τοῦ
428 5749 622 5818 καιροῦ
656 5753 712 5806 δὲ
738 5753 1061 5816 ἐπιστάντος
1092 5754 1198 5807 τῶν
1227 5754 1442 5826 γάμων,
1476 5755 1556 5819 εἰς
1595 5756 1686 5809 τὸν
1718 5756 1843 5811 ναὸν

1957 3197 2176 3252 habitur
2218 3195 2490 3253 Ecclesia.
2523 3195 2779 3266 Bigamus
2815 3197 3036 3266 quidem
3063 3196 3346 3266 dirigatur,
3377 3207 3536 3266 prout

1957 3287 2215 3345 dixerunt
2251 3287 2467 3354 Patres,
2535 3287 2604 3343 de
2647 3289 2876 3360 trigamo
2919 3299 3104 3342 autem
3148 3288 3301 3358 plura
3335 3295 3537 3342 statuta

1958 3391 2107 3435 sunt.
2145 3376 2244 3433 llic
2271 3378 2488 3434 tertiam
2512 3377 2676 3433 ducat
2711 3394 2958 3445 uxorem,
2987 3379 3031 3434 si
3061 3380 3260 3434 liberos
3298 3394 3406 3433 non
3435 3379 3536 3434 ba-

1957 3470 2276 3541 bcat,usque
2303 3469 2370 3525 ad
2395 3485 2597 3524 annum
2620 3471 3124 3542 quadragesimum;
3153 3472 3247 3527 sed
3270 3473 3312 3526 si
3333 3472 3535 3527 liberos

1947 3561 2246 3637 .babeat,et
2270 3563 2381 3632 iam
2405 3562 2878 3632 quadragesimum
2907 3564 3150 3634 attigerit
3190 3579 3419 3627 annum,
3444 3573 3534 3619 to-

1957 3655 2119 3710 lerari
2139 3669 2244 3709 non
2279 3655 2474 3725 poterit
2492 3653 2710 3710 tertium
2742 3655 3171 3720 matrimonium,
3190 3671 3341 3710 sacer
3359 3657 3534 3725 inquit

1957 3746 2116 3802 liber.
2145 3745 2278 3812 Quae
2306 3746 2371 3800 de
2402 3744 2490 3800 his
2522 3752 2775 3800 accurate
2812 3753 2870 3799 et
2892 3744 3179 3814 diligenter
3201 3745 3532 3800 abEcclcsia:

1955 3836 2228 3910 praefectis
2264 3837 2683 3906 adimplcantur.
2731 3833 2931 3889 Verum
2990 3834 3349 3903 inspiciamus
3393 3848 3531 3902 quo-

1957 3930 2121 3986 modo
2149 3930 2560 3985 matrimonium
2587 3929 2876 3984 honestum
2908 3942 3030 3983 esse
3062 3927 3308 3996 incipiat.
3341 3926 3396 3981 Si
3426 3942 3527 3998 pa-

1958 4028 2070 4075 tres
2099 4019 2317 4088 quidem
2350 4027 2477 4073 sunt
2505 4017 2984 4082 convenientibus,
3012 4017 3086 4070 illi
3123 4017 3264 4072 inter
3293 4031 3352 4072 se
3385 4032 3522 4071 con-

1956 4110 2238 4172 Scntiunt,
2273 4125 2477 4180 suaque
2505 4110 2731 4165 consilia
2774 4109 2842 4163 ad
2890 4123 3026 4178 opus
3083 4109 3281 4163 initmt.
3317 4107 3523 4163 Deinde

1957 4205 2046 4260 die
2079 4202 2394 4266 constituta,
2428 4210 2487 4256 ut
2515 4202 2773 4271 nuptialis
2803 4202 3077 4257 scribatur
3117 4202 3316 4271 pactio,
3352 4202 3526 4256 hono-

1957 4293 2162 4348 rabiles
2205 4300 2604 4362 congregantur
2639 4292 2766 4354 viri,
2814 4291 2957 4360 quod
2990 4291 3049 4346 lit
3077 4293 3245 4363 gratia
3277 4293 3528 4350 testimo-

1957 4387 2055 4450 nii,
2081 4394 2136 4440 et
2158 4387 2413 4455 quoniam
2442 4384 2620 4455 legalis
2646 4386 2976 4440 matrimonii
3001 4396 3315 4442 contractus
3337 4388 3524 4442 initur.

1958 4478 2085 4534 Ideo
2116 4481 2279 4534 etiam
2315 4479 2399 4534 vir
2430 4479 2584 4534 adest
2609 4495 2636 4532 a
2663 4478 2779 4550 lege
2810 4477 3125 4550 designatus
3148 4481 3239 4548 qui
3271 4481 3526 4551 coniuga-

1957 4572 2037 4626 les
2071 4571 2260 4627 scribit
2292 4571 2542 4638 tabulas;
2587 4580 2640 4625 et
2689 4571 2923 4640 sigillum
2973 4571 3424 4640 deSponsatorum
3467 4572 3525 4625 ﬁt

1957 4678 2056 4734 per
2100 4679 2342 4730 crucem,
2392 4677 2498 4732 quo
2545 4671 2694 4734 patet
2726 4677 2862 4732 opus
2911 4677 2978 4716 ex
3029 4663 3136 4718 Deo
3184 4677 3323 4722 esse.
3357 4675 3412 4719 et
3468 4664 3524 4719 in

1953 4755 2176 4811 Christo
2209 4755 2450 4825 incipere
2473 4793 2489 4818 ,
2539 4755 2736 4810 futuris
2763 4755 3082 4826 coniugibus
3111 4765 3166 4810 et
3197 4771 3383 4811 eorum
3421 4771 3523 4827 pa-

1955 4849 2130 4903 tribus
2155 4846 2421 4903 calamum
2446 4847 2811 4916 tangentibus,
2846 4848 2915 4900 ita
2949 4847 3181 4918 singulis
3212 4849 3520 4904 libertatem

1956 4950 2009 4994 et
2028 4946 2379 5009 spontaneam
2401 4939 2728 4992 voluntatem
2755 4939 2859 4992 isto
2875 4938 3033 4992 modo
3060 4939 3521 5008 exprimentibus,

1955 5041 2013 5085 et
2075 5030 2332 5100 quoniam
2370 5028 2620 5083 Christus
2666 5043 2760 5083 eos
2812 5030 3116 5100 coniungit.
3178 5030 3518 5100 Quapropter

1955 5120 2102 5175 hunc
2129 5119 2364 5188 primum
2398 5118 2647 5185 adorant,
2670 5128 2727 5174 et
2751 5119 2946 5174 deinde
2969 5121 3234 5174 calamum
3271 5130 3521 5192 tangunt.

1954 5223 2008 5267 et
2071 5210 2326 5282 quoniam
2369 5209 2619 5265 Christus
2650 5225 2744 5266 eos
2792 5213 2972 5280 alligat
2996 5253 3011 5276 ,
3048 5213 3226 5266 crucis
3260 5213 3519 5266 dicuntur

1955 5302 2189 5364 vincula,
2226 5317 2402 5371 neque
2434 5301 2561 5374 licet
2608 5315 2670 5356 ea
2731 5303 2942 5356 solvere
2985 5304 3114 5371 quin
3162 5304 3407 5370 quaedam
3452 5318 3518 5357 ex

1953 5395 2070 5466 lege
2101 5401 2530 5463 consequantur,
2562 5393 2748 5448 eadem
2782 5408 2848 5447 ac
2879 5393 2946 5447 de
2969 5394 3212 5462 perfecto
3240 5395 3522 5449 matrimo-

1955 5486 2067 5550 nio,
2093 5485 2135 5539 si
2165 5501 2344 5549 serus,
2382 5492 2662 5553 peccatum
2707 5486 2810 5538 erit
2843 5485 3059 5539 solutio.
3089 5486 3287 5541 Verum
3321 5503 3516 5555 supcr-

1962 5577 2212 5631 vet:icntc
2246 5577 2556 5645 nuptiarum
2609 5575 2717 5637 die,
2754 5575 3016 5644 templum
3045 5571 3248 5630 adeunt
3277 5593 3515 5646 sponsus

1952 5676 2007 5721 ct
2033 5682 2252 5733 sponsa,
2286 5680 2408 5719 nam
2447 5681 2476 5718 a
2508 5664 2616 5719 Deo
2637 5663 2864 5734 eiusque
2889 5665 3123 5719 Ecclesia
3146 5665 3228 5719 vir
3254 5667 3514 5723 feminam

1956 5757 2172 5829 accipit,
2211 5766 2262 5811 ct
2294 5755 2572 5824 sacerdos,
2613 5770 2766 5812 sacra
2797 5756 2930 5812 stola
2962 5757 3208 5825 indutus,
3271 5759 3504 5830 primum
