4108 6262
621 383 730 448 5.07
1451 378 1833 442 SYMEONIS
1864 381 2624 444 TIIESSALONICENSIS
2665 383 3024 446 ARCHlEP.
3779 391 3890 456 508

622 491 842 564 quidem
877 503 1044 542 sacrae
1089 502 1292 543 mensa:
1353 485 1589 556 imponit
1643 486 1903 542 annulum
1962 487 2201 542 ferreum

2360 506 2420 542 τε
2451 490 2687 566 νυμφίος
2715 491 2810 544 καὶ
2838 492 2871 562 ὴ
2902 492 3092 561 νύμφη
3140 491 3403 558 γίνονται.
3439 495 3598 565 Παρὰ
3631 499 3728 555 τοῦ
3757 503 3899 557 Θεοῦ

621 587 843 650 prepter
884 578 1050 632 robur
1087 576 1229 642 viri,
1268 587 1323 630 et
1371 576 1632 630 annulum
1685 592 1912 631 aureum
1975 586 2203 647 propter

2336 583 2419 652 ’ἀρ
2452 586 2544 636 καὶ
2574 583 2675 652 τῆς
2715 584 3049 652 Ἐκκλησίας
3076 585 3241 639 αὐτοῦ
3273 587 3300 639 6
3340 588 3482 658 ἀνὴρ
3512 589 3612 658 τὴν
3656 599 3902 660 γυναῖκα

623 671 894 725 inﬁrmam
973 669 1219 738 corporis
1289 668 1738 722 constitutionem
1801 677 1855 723 et
1910 668 2202 738 puritatem

2340 675 2599 740 αμϐἀνει.
2631 675 2742 730 Καὶ
2789 677 2817 729 6
2851 677 3033 745 ἱερεὺς
3073 677 3224 748 ἱερὰν
3278 678 3475 750 στολὴν
3504 682 3899 753 ἐνδυσάμενος,

623 764 894 828 mulieris,
929 772 1094 832 alque
1128 769 1314 816 sancta
1361 762 1512 829 prius
1542 768 1898 823 consecrata,
1941 763 2201 830 quoniam

2336 770 2526 838 πρῶτον
2557 768 2660 836 μὲν
2678 773 2743 840 τῇ
2781 769 2904 840 ἱερᾷ
2937 769 3116 839 τίθησι
3141 771 3394 844 τραπέζῃ
3427 773 3716 829 δακτύλιον
3743 781 3898 848 6:511-

622 858 678 911 in
703 866 998 924 conspectu
1027 853 1230 908 Christi
1259 869 1398 923 opus
1427 851 1728 922 perﬁcitur,
1760 860 1815 905 et
1847 852 1964 921 ipse
1991 854 2096 908 erit
2121 854 2204 910 eis

620 948 677 1002 in
713 948 1003 1003 sanctitate
1051 953 1108 1000 et
1155 955 1300 999 recta
1357 944 1411 998 in
1459 958 1586 998 eum
1623 942 1726 999 ﬁde
1755 951 1920 1013 atque
1949 944 2204 1000 castitate

623 1040 940 1094 communio
971 1048 1027 1094 et
1057 1038 1336 1094 adunatio.

2316 859 2445 930 ροῦν
2474 859 2562 913 διὰ
2587 860 2647 913 τὸ
2675 860 2904 932 στερρὸν
2931 860 3025 914 τοῦ
3055 860 3274 932 ἀνδρὸς,
3307 863 3405 917 καὶ
3445 863 3735 920 δακτύλιον
3765 887 3904 938 χρυ-

2314 950 2467 1015 σοῦν,
2506 949 2596 1004 διὰ
2653 951 2715 1003 τὸ
2741 951 2954 1006 ἁπαλόν
2984 969 3043 1004 τε
3102 953 3199 1006 καὶ
3231 953 3396 1020 ἁγνὸν
3438 953 3539 1024 τῆς
3590 961 3896 1025 γυναικός·

2316 1043 2413 1096 καὶ
2447 1042 2515 1096 τὰ
2552 1043 2971 1114 προηγιασμένα
3031 1044 3200 1109 ἅγια,
3250 1044 3335 1098 ὅτι
3383 1045 3619 1102 ἐνώπιον
3662 1051 3903 1119 Χριστοῦ

620 1134 834 1200 γίνεται
864 1138 924 1188 τὸ
957 1133 1139 1205 ἔργον,
1173 1133 1266 1187 καὶ
1318 1132 1480 1197 αύτδς
1519 1133 1674 1188 ἔσται
1737 1131 1946 1197 τούτοις
1999 1133 2060 1187 έν
2117 1132 2380 1207 ἁγιασμῷ
2425 1135 2522 1192 καὶ
2554 1137 2621 1208 τῇ
2655 1135 2791 1208 πρὸς
2819 1134 2982 1190 αύτδν
3018 1134 3154 1208 ὀρθῇ
3213 1136 3394 1192 πίστει
3439 1139 3532 1192 καὶ
3575 1141 3907 1213 σωφροσύνη

627 1227 880 1279 κοινωνία
919 1229 1014 1280 καὶ
1043 1227 1256 1289 ἓνωσις.

1115 1344 1342 1403 CAPUT
1374 1341 1723 1400 CCLXXVII.

630 1445 754 1501 Non
795 1460 903 1500 esse
952 1440 1296 1497 matrimonio
1337 1437 1669 1520 jungendum
1700 1435 2056 1490 orthodoxam
2090 1452 2207 1491 cum

1191 1527 1338 1564 secus
1365 1517 1640 1563 sentiente.

697 1609 1042 1674 Quapropter
1080 1617 1361 1671 nunquam
1413 1599 1542 1655 licet
1569 1597 1873 1654 orthodoxe
1905 1595 2204 1653 heterodo-

628 1689 1006 1756 xamducere.
1033 1709 1160 1748 natn
1207 1708 1328 1763 qua:
1366 1706 1527 1762 pars,
1567 1689 1646 1746 ait
1683 1689 1977 1760 Apostolus
2005 1728 2020 1754 ,
2058 1687 2202 1744 ﬁdeli

629 1807 754 1845 eum
788 1787 1035 1843 inﬁdeli?
1073 1786 1280 1841 Deinde
1306 1785 1565 1840 sacerdos
1600 1784 1654 1838 in
1689 1798 1876 1837 mensa
1903 1782 2073 1837 altera
2109 1795 2204 1836 ca-

2879 1346 3138 1424 KEeAA.
3173 1349 3336 1402 xoz'.

2493 1434 2625 1490 Ὅτι
2670 1437 2744 1493 οὐ
2765 1436 2886 1508 χρὴ
2921 1423 3346 1510 σύνὰπτεσθαι
3399 1440 3729 1510 όρθόδοξον

2559 1528 2562 1532 '
2918 1509 3290 1578 ἐτερόφρονι.
3586 1529 3589 1531 ·

2387 1597 2479 1652 Διδ
2513 1597 2589 1668 μὴ
2623 1599 2926 1653 συναπτέω
2946 1598 3082 1662 ὅλως
3111 1600 3393 1671 ὀρθὸδοξον
3426 1601 3769 1673 ἑτερόφρονι.
3801 1605 3906 1668 Τίς

2313 1693 2446 1761 γὰρ,
2512 1691 2672 1758 φησὶ,
2733 1693 2891 1760 μερὶς
2945 1689 3126 1761 πιστῷ
3187 1693 3324 1763 μετὰ
3369 1693 3639 1762 artis-too;
3690 1696 3798 1748 Kal
3843 1696 3909 1747 ἐν

2316 1783 2729 1854 παρατραπέζῳ
2766 1784 2824 1837 δέ
2854 1801 2962 1838 τινι
3015 1783 3074 1850 ἐξ
3103 1784 3248 1839 οἴνου
3307 1786 3568 1855 ποτήριον
3593 1786 3802 1857 τίθησι,
3836 1789 3907 1840 τὸ

629 1877 788 1931 licem
825 1877 978 1944 ponit
1005 1889 1068 1928 ex
1107 1873 1256 1936 vino,
1293 1886 1642 1926 communem
1690 1870 1812 1925 ideo
1856 1870 2081 1925 calicem
2114 1884 2212 1939 ap-

2336 1875 2658 1945 καλούμενον
2688 1875 2830 1938 οὕτω
2863 1875 3041 1930 κοινὸν
3065 1877 3350 1945 ποτήριον,
3389 1876 3488 1947 τὴν
3519 1877 3912 1948 ὁμοφροσύνην

632 1971 890 2041 pellatum
919 1982 1027 2038 quo
1067 1965 1355 2021 concordia
1384 1963 1693 2019 ostenditur
1714 1963 1947 2033 vitaeque
1974 1977 2221 2020 commu-

635 2062 783 2116 nitas
821 2070 872 2114 et
916 2059 1196 2128 gaudium.
1236 2059 1302 2110 Et
1333 2058 1412 2112 sic
1450 2070 1703 2126 egressus
1750 2057 1805 2109 in
1856 2056 2090 2124 porticu,
2137 2055 2222 2110 vel

637 2133 780 2206 intra
820 2152 967 2207 fores
1010 2150 1217 2220 templi,
1254 2149 1406 2220 quasi
1441 2158 1569 2204 tunc
1604 2149 1956 2204 solummodo
1993 2148 2221 2203 daretur

637 2246 1036 2301 benedictionis
1067 2244 1392 2315 principium
1416 2253 1471 2298 et
1493 2250 1704 2297 starent
1726 2243 1780 2296 in
1809 2242 2074 2297 vestibulo
2091 2257 2222 2312 ope-

641 2341 734 2403 ris,
777 2341 1064 2394 ari'harum
1095 2337 1350 2405 adimplet
1389 2338 1575 2400 ritum,
1609 2352 1733 2389 nam
1772 2335 1840 2390 ad
1881 2336 1988 2391 hoc
2019 2335 2217 2404 prolati

637 2414 968 2483 ordinantur
1009 2428 1221 2493 annuli,
1259 2438 1318 2482 ut
1349 2428 1695 2484 concordiam
1728 2437 1783 2482 et
1810 2428 2045 2500 sigillum
2085 2442 2220 2483 con-

634 2532 844 2578 tractus
871 2513 1200 2594 signiﬁcent.

1081 2613 1310 2670 CAPUT
1369 2612 1758 2670 CCLXXVlIl.

839 2713 915 2766 De
943 2709 1326 2764 arrlmbonibus
1355 2707 1661 2775 futurarum
1689 2709 2022 2778 nuptiarum.

709 2807 878 2860 Deum
921 2821 1049 2874 ergo
1096 2802 1370 2857 benedicit
1416 2801 1696 2867 sacerdos,
1735 2811 1813 2866 et,
1890 2816 2025 2869 pace
2051 2801 2217 2867 dicta,

634 2914 805 2966 quum
855 2911 994 2965 opus
1046 2894 1115 2949 sit
1171 2908 1304 2962 pace
1351 2907 1469 2962 quze
1515 2907 1545 2947 a
1578 2891 1688 2946 Deo
1719 2902 1823 2958 est,
1851 2894 1990 2948 aciu
2011 2908 2142 2964 pace
2164 2901 2221 2948 et

637 3001 1062 3059 propterpaccm
1096 2996 1258 3056 atque
1283 2985 1628 3041 concordiam
1661 2987 2011 3055 conveniant,
2042 2989 2218 3044 virum

638 3084 856 3152 quidem
889 3082 1118 3136 collocat
1151 3096 1176 3132 a
1199 3080 1404 3134 dextris
1436 3095 1558 3134 cum
1601 3080 1702 3135 iste
1743 3081 1998 3151 princeps
2041 3082 2111 3136 sit
2165 3090 2217 3137 et

2323 1964 2520 2033 δηλοῦν
2550 1965 2646 2019 καὶ
2671 1965 2960 2020 κοινωνίαν
2994 1965 3086 2019 τοῦ
3121 1965 3238 2034 βίου
3265 1965 3363 2019 καὶ
3393 1966 3755 2036 εὐφροσύνην.
3793 1968 3914 2022 Καὶ

2323 2057 2495 2120 οὕτως
2526 2055 2762 2122 ἐξελθὼν
2808 2059 2867 2111 ἐν
2901 2058 2981 2127 τῷ
3009 2057 3262 2127 νάρθηκι,
3296 2057 3329 2129 ἢ
3372 2057 3522 2112 ἔνδον
3577 2058 3687 2112 τῶν
3720 2060 3913 2115 πυλῶν

2321 2148 2420 2203 τοῦ
2464 2148 2618 2216 ναοῦ,
2651 2150 2728 2212 ὡς
2752 2150 2850 2218 τῆς
2891 2149 3150 2219 ἀπαρχῆς
3177 2149 3467 2221 διδομένης
3495 2151 3595 2218 τῆς
3629 2150 3912 2218 εὐλογίας,

2325 2242 2418 2296 καὶ
2447 2243 2506 2296 ἐν
2533 2242 2831 2314 προθύροις
2871 2242 2966 2296 τοῦ
2998 2241 3161 2312 ἔργον
3211 2243 3385 2308 ὄντος,
3417 2242 3482 2296 τὰ
3511 2243 3619 2296 τῶν
3647 2243 3914 2314 ἀρραϐῶ-

2325 2354 2432 2389 νων
2462 2340 2722 2392 ποιεῖται.
2749 2339 2842 2401 Είς
2875 2335 3034 2390 τοῦτο
3058 2338 3168 2407 γὰρ
3195 2336 3292 2388 καὶ
3318 2335 3647 2406 τεταγμένοι
3685 2337 3828 2389 εἰσὶν
3861 2338 3912 2388 οί

2324 2428 2685 2498 προτεθέντες
2741 2429 3023 2483 δακτύλιοι
3057 2427 3144 2481 διὰ
3189 2426 3288 2498 τὴν
3327 2428 3655 2500 συμφωνίαν
3690 2429 3784 2482 καὶ
3812 2427 3916 2497 τὴν

2325 2522 2604 2595 σφραγῖδα
2632 2525 2730 2577 τοῦ
2753 2521 3226 2591 συναλλάγματος.

2879 2614 3139 2669 ΚΕΦΛΛ.
3182 2613 3356 2670 ΣΟΗ’.

2770 2709 2912 2777 Περί
2945 2708 3066 2762 τῶν
3097 2708 3222 2778 μνὴ
3230 2725 3450 2778 στρων.

2395 2799 2626 2870 Εύλογεῖ
2649 2799 2743 2855 οὖν
2772 2800 2864 2854 τὸν
2890 2799 3024 2854 Θεὸν
3047 2802 3076 2854 6
3113 2800 3291 2871 ἱερεύς
3311 2817 3324 2834 ο
3359 2801 3454 2853 καὶ
3487 2799 3593 2853 τῶν
3611 2797 3922 2870 εἰρηνικῶν

2323 2890 2659 2960 λεγομένων,
2686 2891 2808 2944 ἐπεὶ
2835 2892 2928 2946 καὶ
2959 2892 3116 2962 χρεία
3151 2892 3249 2960 τῆς
3281 2892 3343 2944 ἐκ
3377 2889 3512 2944 Θεοῦ
3563 2890 3786 2960 εἰρήνης
3811 2891 3926 2940 καὶ

2323 2986 2382 3037 ἐν
2421 2985 2613 3056 εἰρήνῃ
2638 2986 2734 3039 καὶ
2757 2983 2825 3038 δι’
2858 2983 3086 3055 εἰρήνην
3118 2986 3477 3038 συνάπτονται
3498 2983 3594 3037 καὶ
3621 2981 3917 3051 ὁμόνοιαν,

2331 3077 2460 3149 ἱστᾷ
2488 3077 2580 3130 τὸν
2613 3077 2712 3144 μὲν
2751 3076 2919 3146 ἄνδρα
2954 3079 3020 3130 ἐκ
3071 3075 3284 3139 δεξιῶν,
3314 3076 3435 3128 ἐπεὶ
3481 3076 3578 3128 καὶ
3607 3068 3766 3135 οὗτος
3814 3073 3921 3142 ἄρ-

637 3186 797 3244 caput
837 3174 1102 3237 mulieris,
1167 3173 1454 3227 mulierem
1501 3187 1630 3227 vero
1661 3187 1692 3226 a
1750 3173 1995 3228 sinistris
2029 3182 2219 3242 utpote

2336 3189 2446 3240 χων
2501 3172 2598 3223 καὶ
2632 3171 2847 3240 κεφαλὴ
2897 3171 2997 3236 τῆς
3031 3169 3316 3238 γυναικὸς,
3345 3167 3445 3237 τὴν
3489 3168 3727 3237 γυναῖκα
3757 3165 3815 3220 δὲ
3856 3165 3918 3229 ἐξ

641 3267 977 3331 inferiorem,
1020 3275 1073 3320 et
1103 3266 1234 3333 quia
1269 3280 1298 3318 a
1329 3263 1500 3318 latere
1534 3264 1652 3333 ejus
1679 3262 1784 3329 est,
1820 3265 1903 3320 vir
1931 3266 2078 3320 enim
2147 3265 2226 3321 fe-

643 3359 802 3412 minae
837 3357 1190 3427 principium.
1223 3356 1352 3412 Post
1395 3373 1605 3426 pacem,
1659 3365 1914 3427 precatur
1964 3363 2025 3412 ut
2061 3357 2227 3426 Deus,

644 3449 892 3518 dispersa
933 3448 986 3502 in
1015 3465 1182 3502 unum
1213 3462 1572 3518 congregans,
1633 3448 1722 3518 qui
1760 3448 2038 3504 benedixit
2081 3450 2231 3505 Isaac

645 3548 699 3592 et
731 3539 996 3606 Rebecca,
1024 3538 1285 3609 coniuges
1319 3539 1602 3594 benedicat
1623 3539 1999 3596 benedictione
2063 3541 2229 3612 Spiri-

649 3631 800 3685 tuali.
840 3630 988 3686 Isaac
1021 3640 1202 3686 autem
1239 3633 1489 3687 meminit
1516 3648 1579 3688 ac
1609 3632 1894 3697 Rebeccai,
1931 3635 2136 3690 nullius
2165 3635 2232 3691 e‘x

653 3725 982 3792 patriarchis
1009 3724 1254 3792 alterius,
1286 3725 1544 3794 quoniam
1582 3728 1751 3782 altera
1817 3728 1970 3783 lsaac
1995 3743 2105 3782 non
2131 3743 2234 3781 nu-

649 3815 780 3886 psit,
816 3815 1067 3885 hancque
1099 3830 1162 3870 ex
1192 3831 1391 3887 genere
1447 3832 1547 3872 suo
1613 3817 1914 3873 secundum
1942 3818 2115 3888 legem
2179 3817 2234 3872 in

651 3907 877 3976 nuptiali
927 3907 1129 3964 foedere
1157 3911 1389 3979 accepit,
1419 3919 1474 3964 et
1504 3920 1652 3964 eaSIe
1681 3924 1804 3964 eum
1825 3924 1891 3964 ea
1916 3909 2028 3965 sola
2057 3909 2234 3970 vixit:

649 4010 702 4056 et
746 4003 1004 4072 quoniam
1032 4003 1180 4057 solus
1198 4011 1316 4057 erat
1344 4002 1446 4057 iste
1468 4003 1734 4074 ingenuus
1770 4004 2042 4060 Abraham
2071 4004 2232 4072 (ilius,

657 4109 792 4163 puer
848 4088 1246 4150 benedictionis
1305 4110 1336 4149 a
1371 4094 1481 4150 Deo
1537 4095 1877 4152 benedictus.
1909 4097 2016 4154 Sed
2051 4098 2239 4169 gratiae

653 4203 995 4258 nequaquam
1022 4188 1274 4243 meminit
1320 4188 1374 4242 in
1427 4191 1792 4258 matrimonio,
1828 4192 2085 4262 quoniam
2118 4208 2238 4249 ma-

657 4280 980 4335 trimonium
1030 4279 1356 4336 Christianis
1389 4297 1502 4336 non
1541 4291 1625 4338 est
1651 4298 1790 4352 opus
1837 4284 1993 4339 alteri
2027 4299 2242 4354 praepo-

657 4369 844 4436 situm,
881 4371 984 4425 etsi
1029 4385 1062 4425 a
1110 4370 1330 4428 Christo
1374 4372 1814 4428 benedictionem
1871 4384 2242 4445 consequatur

658 4473 880 4533 propter
906 4461 1267 4518 lubricitatem
1301 4461 1606 4528 hominum,
1638 4471 1802 4532 utque
1825 4463 2006 4519 adhuc
2027 4471 2242 4520 constet

2331 3263 2665 3331 ἀριστερῶν,
2695 3262 2770 3326 ὡς
2796 3261 3222 3332 ὑποδεεστέραν,
3255 3262 3351 3315 καὶ⁵
3387 3259 3464 3324 ὠς
3511 3261 3579 3312 ὲκ
3606 3258 3708 3327 τῆς
3744 3257 3914 3311 πλευ-

2333 3357 2434 3426 ρᾶς
2465 3353 2655 3410 αὑτοῦ.
2715 3354 2879 3407 Aleia
2907 3355 3015 3425 γὰρ
3065 3354 3242 3416 αὐτῆς
3275 3355 3304 3406 6
3339 3353 3502 3424 ἀνήρ.
3531 3352 3645 3406 Καὶ
3681 3349 3823 3420 μετὰ
3849 3349 3918 3401 τὰ

2333 3446 2591 3516 εἰρηνικὰ
2646 3443 2918 3516 εὔχεται,
2995 3445 3084 3499 ἵνα
3131 3447 3167 3497 λό
3209 3443 3344 3506 Θεὸς
3393 3445 3422 3498 6
3477 3441 3545 3496 τὰ
3607 3441 3918 3514 διῃρημένα

2337 3538 2665 3606 συναγαγὼν
2701 3539 2780 3602 είς
2809 3539 3063 3607 ἑνότητα,
3111 3537 3206 3591 καὶ
3253 3536 3555 3606 εὐλογήσας
3593 3532 3776 3588 Ἰσαὰκ
3823 3531 3922 3583 καὶ

2344 3631 2670 3695 Ῥεϐέκκαν,
2697 3630 2791 3682 καὶ
2824 3629 2956 3693 τοὺς
2987 3628 3435 3698 συναπτομένους
3460 3625 3736 3696 εύλογήσῃ
3771 3623 3921 3674 εὐλο-

2313 3723 2433 3794 ιγία
2468 3724 2838 3792 πνευματικῇ.
2874 3722 3063 3776 Ἰσαὰκ
3122 3721 3180 3774 δὲ
3240 3720 3518 3791 μέμνηται
3566 3720 3659 3770 καὶ
3705 3715 3924 3768 Ῥεὸέκ-

2339 3834 2465 3880 κας.
2498 3815 2592 3870 καὶ
2627 3815 2727 3886 οὐχ
2776 3814 2970 3883 ἑτέρας
3020 3813 3130 3868 τῶν
3195 3813 3467 3879 παλαιῶν,
3509 3812 3594 3864 ὅτι
3626 3812 3793 3891 ἑτέρα
3827 3807 3924 3876 οτῷ

2350 3906 2538 3961 Ἰσαὰκ
2571 3906 2631 3960 ού
2660 3905 2933 3978 συνήφθη,
2967 3893 3063 3961 καὶ
3108 3905 3316 3975 ταύτην
3348 3907 3413 3958 ὲκ
3466 3901 3560 3957 τοῦ
3594 3903 3787 3971 γένους
3820 3901 3923 3954 αύ-

2340 3999 2435 4055 τοῦ
2466 4000 2716 4072 νομίμως
2743 4000 2802 4054 ὲν
2853 3999 3305 4068 συναλλάγμασιν
3336 3998 3496 4052 ἔλαϐε
3517 4013 3532 4026 ο
3565 3997 3658 4050 καὶ
3704 3993 3926 4062 σωφρό-

2343 4110 2452 4156 νως
2484 4091 2604 4162 μετ’
2662 4091 2836 4160 αὐτῆς
2888 4089 3021 4144 ὲὸίω
3054 4089 3259 4160 μόνηςο
3295 4089 3393 4143 καὶ
3427 4088 3510 4142 ὅτι
3565 4086 3793 4156 γνήσιος
3825 4083 3923 4168 τοῦ

2354 4183 2610 4251 Ἀϐραὰμ
2639 4176 2796 4246 οὗτος
2825 4183 2957 4244 παῖς
2987 4181 3172 4252 μόνος,
3200 4181 3297 4236 καὶ
3340 4182 3400 4246 ἐξ
3442 4182 3798 4250 ἐπαγγελίας,
3829 4182 3926 4235 καὶ

2343 4275 2711 4344 εὐλογημένος
2772 4275 2877 4328 ὑπὸ
2923 4274 3082 4329 Θεοῦ.
3124 4275 3220 4328 Ἐκ
3271 4273 3381 4327 τῶν
3432 4276 3530 4342 τῆς
3585 4275 3807 4344 χάριτος
3860 4272 3920 4326 δέ

2341 4385 2491 4432 τινος
2520 4369 2580 4422 οὐ
2619 4368 2896 4439 μέμνηται
2921 4371 2982 4422 ὲν
3015 4367 3093 4440 τῷ
3123 4370 3308 4439 γάμῳ,
3352 4369 3438 4421 ὅτι
3471 4368 3532 4420 οὐ
3565 4367 3921 4436 προηγούμε-

2347 4478 2437 4514 νον
2465 4460 2627 4531 ἔργον
2657 4463 2772 4525 τοῖς
2811 4461 3158 4531 Χριστιανοῖς
3186 4463 3214 4515 6
3242 4460 3446 4530 γάμος,
3480 4461 3528 4513 εἰ
3563 4460 3657 4514 καὶ
3703 4460 3928 4526 εὐλόγη-

657 4555 895 4611 mundus
943 4555 1046 4610 iste
1094 4553 1496 4623 corruptibilis;
1522 4553 1798 4624 perfectus
1830 4563 2008 4609 autem
2063 4555 2230 4611 Evan-

2346 4571 2436 4606 ται
2458 4554 2610 4623 παρὰ
2633 4553 2726 4609 τοῦ
2759 4553 3019 4624 Χριστοῦ,
3053 4554 3142 4608 διὰ
3167 4555 3228 4607 τὸ
3258 4553 3537 4606 εὐόλισοον
3577 4553 3686 4605 τῶν
3710 4551 3924 4622 ἀνθρώ-

656 4646 781 4716 gelii
809 4658 1007 4717 scopus
1041 4646 1332 4716 virginitas
1371 4656 1457 4700 est
1511 4655 1566 4700 et
1595 4646 2114 4716 incorruptibilitas,
2171 4648 2239 4703 ad

656 4752 820 4805 quam
877 4753 1069 4793 omnes
1104 4738 1358 4793 robustos
1411 4737 1673 4793 accedere
1728 4740 2001 4792 hortatur.
2037 4739 2242 4793 Deinde

659 4827 764 4880 alta
795 4843 928 4882 voce
967 4829 1284 4899 gloriﬁcans
1317 4829 1492 4884 Deum
1526 4828 1961 4893 misericordem,
1992 4829 2087 4884 dat
2118 4846 2240 4884 mu-

659 4918 780 4972 lieri
815 4919 1076 4973 annulum
1119 4919 1353 4975 ferreum
1415 4929 1474 4975 ut
1539 4921 1644 4976 viri
1689 4919 1908 4974 nomine
1969 4921 2240 4988 sacerdos,

660 5010 782 5064 viro
814 5019 995 5063 autem
1029 5024 1278 5073 aureum,
1318 5019 1377 5063 ut
1405 5011 1625 5066 nomine
1675 5011 1939 5077 mulieris,
1983 5022 2038 5065 et
2086 5013 2244 5067 tertia

659 5102 779 5157 vice
813 5116 906 5155 cos
934 5109 1226 5171 pertuutat,
1253 5102 1580 5158 Trinitatem
1621 5103 1877 5171 adorans,
1912 5119 2032 5173 qua:
2061 5104 2242 5159 omnia

663 5194 952 5266 perﬁcitct
985 5193 1184 5248 ﬁrmat.
1221 5195 1424 5250 Deinde
1447 5196 1679 5252 invicem
1711 5197 1949 5268 jungunt
1972 5197 2244 5265 dexteras,

659 5303 770 5356 quo
789 5299 1091 5344 monstrant
1119 5303 1177 5343 se
1215 5288 1267 5342 in
1299 5288 1514 5343 Christo
1568 5290 1836 5346 adunalos
1869 5299 1924 5346 et
1957 5308 2126 5346 unum
2160 5290 2248 5346 fa-

2345 4664 2488 4711 πων,
2547 4647 2644 4701 καὶ
2699 4647 2791 4700 τὸν
2844 4647 3081 4716 φθαρτὸν
3136 4647 3216 4699 ἔτι
3274 4645 3479 4716 κόσμον
3542 4646 3920 4701 συνίστασθαι.

2345 4738 2563 4800 Τέλειος
2627 4738 2684 4792 δὲ
2758 4739 2851 4793 τοῦ
2921 4738 3258 4807 Εὑαγγελίου
3340 4737 3542 4800 σκοπὸς
3618 4739 3652 4807 ἡ
3720 4738 3926 4806 παροε..

2349 4834 2436 4888 νία
2473 4835 2570 4889 καὶ
2621 4836 2934 4904 ἀφθαρσίαο
2987 4835 3124 4906 πρὸς
3177 4835 3245 4904 ἣν
3304 4835 3398 4889 καὶ
3450 4835 3577 4896 τοὺς
3642 4834 3926 4903 ἰσχύοντας

2355 4931 2555 4998 χωρεῖν
2598 4928 3010 5002 προσκαλεῖται.
3050 4925 3185 4980 Εἶτα
3226 4926 3320 4980 καὶ
3352 4926 3612 4994 ἑκφὼνως
3645 4925 3932 4992 δοξοὶοῖθπ

2349 5037 2448 5084 σας
2479 5021 2570 5074 τὸν
2602 5020 2874 5090 ἐλεήμονα
2903 5021 3037 5073 Θεὸν
3059 5020 3243 5072 δίδωσι
3278 5023 3342 5089 τῇ
3377 5019 3602 5085 γυναικὶ
3654 5018 3744 5070 τὸν
3783 5019 3926 5083 σιδη-
4029 5042 4031 5044 ·

2353 5112 2480 5183 ροῦν
2511 5112 2800 5166 δακτύλιον
2826 5112 2901 5175 ὡς
2935 5112 3089 5180 παρὰ
3109 5109 3206 5165 τοῦ
3233 5110 3427 5180 ἀνδρὸς
3459 5112 3487 5163 6
3517 5109 3697 5178 ἱερεύς
3721 5125 3737 5140 ο
3777 5110 3930 5179 τῴὃὲ

2349 5206 2503 5276 ἀνδρὶ
2535 5204 2627 5259 τὸν
2670 5206 2933 5276 χρυσοῦν,
2959 5205 3036 5268 ὡς
3081 5205 3228 5275 παρὰ
3253 5203 3354 5274 τῆς
3386 5204 3644 5271 γυναικός
3668 5219 3682 5233 ο
3721 5206 3817 5257 καὶ
3862 5205 3927 5254 ἐκ

2349 5296 2539 5366 τρίτου
2567 5295 2766 5357 αὐτοὺς
2796 5295 3182 5360 ἁνταλλάσσει,
3208 5295 3308 5364 τὴν
3340 5295 3549 5365 Τριάδα
3578 5295 3775 5363 τιμῶν,
3809 5295 3929 5364 ipa;

662 5392 785 5438 ctos
811 5399 954 5449 esse,
991 5385 1278 5452 virumque
1312 5383 1594 5438 mulierem
1616 5401 1646 5438 e
1676 5401 1838 5440 manu
1863 5386 2116 5441 Ecclesia:
2151 5402 2230 5455 per

2353 5384 2568 5440 ἅπαντα
2589 5385 2788 5438 τελειοί
2819 5402 2876 5438 τε
2915 5387 3011 5438 καὶ
3043 5384 3272 5454 βεϐαιοῖ.
3313 5382 3449 5438 Εἶτα
3495 5387 3592 5440 καὶ
3623 5385 3932 5453 συμπλέκει

663 5477 1002 5532 sacerdotem
1030 5477 1301 5546 accipere.
1327 5476 1496 5546 igitur
1523 5479 1802 5544 sacerdos,
1827 5493 1960 5548 pace
1990 5478 2247 5534 omnibus

663 5571 1006 5634 denuntiata,
1037 5570 1335 5625 ostendens
1361 5569 1621 5625 unionem
1677 5580 1733 5625 et
1787 5571 2158 5636 concordiam,
2191 5580 2248 5626 ct

667 5661 894 5718 dicens:
928 5661 1189 5717 lnclinate
1215 5663 1416 5733 capita,
1444 5672 1692 5732 precatur
1743 5673 1801 5716 ut
1830 5662 1922 5732 qui
1957 5663 2249 5732 despondit

670 5753 771 5809 sibi
803 5753 1097 5810 Ecclesiam
1128 5770 1192 5810 ex
1222 5757 1476 5827 gentibus
1532 5755 1797 5827 virginem
1860 5764 2087 5822 castam,
2151 5771 2250 5809 nos

677 5843 884 5902 scilicet
914 5845 1116 5912 ﬁdeles,
1150 5847 1244 5902 has
1278 5848 1563 5904 bcncdicat
1601 5857 1835 5917 nuptias,
1887 5856 1940 5903 et
1989 5849 2250 5914 coniuges

2351 5477 2533 5532 αὐτῶν
2565 5476 2662 5541 τὰς
2692 5476 2894 5542 δεξιὰς,
2931 5477 3146 5540 δεικνὺς
3198 5477 3280 5530 ὅτι
3313 5478 3372 5529 ὲν
3398 5477 3624 5547 Χριστῷ
3657 5476 3934 5544 συνηρμὸ-

2355 5569 2585 5640 σθησαν,
2618 5571 2712 5624 καὶ
2741 5570 2800 5623 ἓν
2824 5569 3114 5639 γεγόνασιο
3151 5569 3248 5622 καὶ
3281 5569 3363 5622 ὅτι
3389 5571 3416 5622 6
3441 5570 3580 5639 ἀνὴρ
3622 5568 3720 5639 τὴν
3750 5570 3936 5636 γυναῖ-

2353 5677 2426 5718 κα
2461 5664 2570 5717 ἀπὸ
2600 5663 2700 5733 τῆς
2753 5663 2934 5733 χειρὸς
2972 5665 3068 5731 τῆς
3111 5662 3442 5732 Ἐκκλησίας
3482 5662 3571 5715 διὰ
3603 5660 3696 5714 τοῦ
3736 5661 3929 5730 ἱερέως

2357 5753 2686 5823 παρέλαϐεν.
2730 5753 2790 5809 '0
2823 5752 3002 5822 ἱερεὺς
3027 5751 3120 5804 οὖν
3152 5751 3478 5820 ἐκφωνήσεις
3507 5751 3736 5820 εἰρήνην
3773 5751 3932 5814 πᾶσι,

2355 5847 2570 5910 δεικνὺς
2619 5846 2716 5914 τὴν
2761 5845 2961 5898 ἕνωσιν
3003 5846 3095 5897 καὶ
3129 5843 3404 5912 ὁμόνοιαν,
3466 5844 3558 5894 καὶ
3609 5844 3782 5896 κλῖναι
3836 5842 3935 5902 τὰς
