4126 6268
259 410 373 478 509

262 531 510 598 κεφαλὰς
571 528 763 595 εἰπὼν,
823 525 1086 601 εὔχεται,
1140 529 1227 584 ἵνα
1274 530 1304 584 6
1363 531 1847 600 μνηστευσάμενος

261 587 440 691 ἑαυτῷ
469 587 569 691 τὴν
625 619 684 685 ἐξ
727 587 917 674 έθνῶνῇ
935 587 1273 689 Ἐκκλησίαν
1311 587 1584 690 πάρθενον
1637 587 1843 686 ἁγνὴν,
1873 587 1918 640 Δ

1563 414 1663 474 DE
1700 413 2114 474 MATRIMON
2129 414 2224 475 l0.

2117 268 2125 279 ι
2158 267 2214 280 αν.
2263 262 2388 284 -’“’

3410 413 3516 477 510

1951 533 2291 588 cuslodiatin
2323 549 2455 604 pace
2494 545 2546 590 et
2581 552 2746 592 sensu
2776 535 3043 592 unanimi.
3076 535 3144 590 Et
3213 533 3358 590 clara
3388 548 3520 588 voce

1950 624 2238 679 celebrans
2269 623 2552 682 Trinitatis
2583 628 2959 683 fortitudinem
2992 642 3046 682 et
3075 641 3302 695 regnum
3333 637 3386 679 et
3419 640 3520 694 po-

264 703 410 780 ήμᾶς
442 708 643 780 δηλαδὴ
682 710 813 771 τοὺς
871 709 1122 774 πιστοὺς,
1167 708 1440 779 εὐλογήσῃ
1465 707 1558 760 καὶ
1590 708 1656 762 τὰ
1703 709 1842 779 μνῆ-

1974 723 2198 768 estatem
2227 724 2281 768 et
2312 732 2478 771 unum
2505 719 2889 789 principatum,
2919 727 3107 789 utpote
3136 718 3302 772 solius
3325 727 3524 786 myste-

262 819 406 874 στρα
453 801 650 867 ταῦτα,
707 802 802 854 καὶ
841 803 970 863 τοὺς
1008 799 1486 870 μνηστευομένους
1538 797 1750 871 φυλάξῃ
1784 801 1842 852 ἐν

264 894 452 968 εἰρήνῃ
481 893 577 946 καὶ
611 893 859 963 ὁμονοίᾳ.
917 892 1028 946 Καὶ
1075 889 1334 959 ὲκφὼνως
1371 891 1697 959 άνυμνήσας
1745 890 1846 962 τῆς

1950 806 2155 860 riorum
2191 808 2429 864 auctoris
2459 810 2734 879 soliusquc
2757 810 3168 881 omnipotentis,
3194 825 3290 865 eos
3316 809 3524 862 indui-it

1955 897 2274 952 inmedium
2316 901 2580 969 templum
2617 903 2998 958 mult03°inter
3032 911 3220 967 testes,
3262 909 3522 968 tanquam

269 986 504 1051 Τριάδος
549 984 612 1038 τὸ
661 985 862 1054 κράτος
901 984 996 1037 καὶ
1047 983 1144 1054 τὴν
1177 982 1458 1053 βασιλείαν
1495 983 1585 1034 καὶ
1610 981 1840 1051 δύναμιν

1974 989 2199 1045 Icclesia:
2260 991 2481 1056 liberos,
2515 992 2570 1046 in
2597 1003 2892 1064 conspectu
2955 995 3142 1048 altaris
3176 1007 3360 1047 coram
3396 1008 3526 1046 san—

266 1079 365 1133 καὶ
403 1078 534 1147 μίαν
589 1075 787 1146 ἀρχὴν,
851 1076 926 1140 ὡς
955 1074 1289 1145 τελετάρχου
1353 1076 1520 1146 μόνης
1570 1077 1666 1128 καὶ
1707 1092 1844 1128 παν-

1983 1080 2058 1135 tis
2091 1081 2320 1148 foribus,
2349 1083 2557 1138 ducens
2585 1099 2682 1139 eos
2713 1085 2863 1139 velut
2895 1085 2951 1138 in
3004 1094 3354 1153 conspectum
3409 1081 3525 1142 Dei,

274 1166 528 1236 τουργοῦ,
569 1157 780 1234 εἰσάγει
825 1165 1046 1228 τούτους
1104 1165 1192 1219 διὰ
1228 1165 1394 1235 μέσου
1431 1163 1525 1218 τοῦ
1574 1165 1704 1218 ναοῦ
1779 1167 1840 1218 ὲν

1974 1173 2203 1240 [ueniam
2243 1173 2300 1229 in
2336 1190 2402 1231 eo
2432 1176 2554 1245 puri
2585 1177 3014 1247 coniunguntur,
3046 1185 3266 1230 cantato
3323 1175 3531 1244 psalmo

266 1258 483 1322 πολλοῖς
515 1259 807 1328 μάρτυσιν,
833 1255 909 1320 ὡς
930 1256 1370 1327 τῆςἘκκλησίας
1391 1259 1578 1324 τέκνα,
1613 1257 1844 1326 ἀντικρὺ

1974 1262 2014 1315 id
2069 1262 2172 1318 boc
2198 1250 2610 1323 accommodato
2636 1284 2650 1322 :
2676 1267 2833 1322 Beati
2867 1282 3046 1321 omnes
3077 1266 3168 1335 qui
3209 1268 3390 1320 timent
3421 1266 3532 1319 Do-

273 1349 360 1402 τοῦ
389 1349 780 1429 θυσιαστηρίου
831 1350 938 1419 πρδ
986 1349 1093 1402 τ”ὗν
1143 1349 1316 1416 ἁγίων
1350 1348 1551 1418 θυρῶν,
1591 1353 1666 1407 ὡς
1714 1351 1845 1402 ἐνὼο

268 1453 400 1494 πιον
437 1442 587 1509 ἄγων
613 1441 711 1495 τοῦ
744 1440 907 1506 Θεοῦ,
953 1441 1078 1492 ἐπεὶ
1125 1440 1221 1493 καὶ
1279 1440 1337 1490 ἐν
1389 1440 1564 1510 τούτῳ
1615 1442 1851 1511 καθαροὶ

1951 1353 2178 1420 utinam,
2217 1366 2270 1410 et
2309 1358 2514 1427 reliqua
2557 1374 2729 1429 usque
2756 1360 2822 1415 ad
2856 1361 3038 1413 linem.

1932 1447 2323 1514 συνάπτονται,

2399 1450 2743 1523 ψαλλομένου
2811 1450 3029 1522 ψαλμοῦ
3081 1451 3344 1522 ἀρμοδὶου
3399 1450 3536 1523 πρὸς

271 1534 446 1602 τοῦτο,
470 1535 764 1605 Μακάριοι
812 1535 1042 1601 πάντες
1071 1538 1128 1590 οἱ
1176 1536 1543 1606 φοϐούμενοι
1596 1537 1705 1591 τὸν
1737 1537 1980 1607 Κύριον,
2007 1544 2101 1595 καὶ
2131 1545 2200 1599 τὰ
2233 1545 2361 1616 ἑξῆς
2393 1547 2521 1617 ἄχρι
2557 1548 2770 1610 τέλους.

838 1629 1094 1685 ΚΕΦΑΛ.
1123 1624 1290 1685 ΣΟΘ’.

583 1722 724 1790 Περὶ
756 1720 866 1792 τῆς
899 1722 1005 1776 τοῦ
1036 1722 1226 1791 γάμου
1260 1721 1530 1790 τελετῆς.

2463 1642 2694 1699 CAPUT
2720 1643 3045 1700 CCLXXIX.

2199 1733 2276 1788 De
2305 1751 2458 1788 sacro
2487 1737 2591 1789 ritu
2625 1736 2994 1790 benedictionis
3028 1738 3302 1802 nuptialis.

341 1814 472 1869 Ὅτε
516 1812 574 1868 δὲ
612 1814 779 1870 στῶσι
828 1813 921 1867 τοῦ
977 1814 1364 1885 θυσιαστηρίου
1407 1813 1662 1878 ἐνώπιον,
1712 1815 1852 1868 ἀπο-

2035 1827 2264 1894 Quando
2295 1839 2475 1881 autem
2501 1837 2647 1882 stant
2672 1828 2726 1880 in
2751 1838 3042 1898 conspectu
3081 1830 3289 1893 altaris,
3321 1838 3541 1883 son-unt

267 1907 463 1960 λύουσι
516 1906 617 1970 τάς
669 1909 883 1976 χεῖρας,
923 1907 1234 1978 ἔμπροσθεν
1289 1907 1460 1970 αὐτὰς
1514 1907 1859 1977 ἕχοντες,ὠς

266 1999 587 2071 ἔμπροσθεν
639 2000 918 2070 ἱστάμενοι
977 1999 1070 2051 τοῦ
1133 1997 1292 2065 Θεοῦ,
1338 1999 1399 2052 τὸ
1451 2003 1552 2072 τῆς
1613 1999 1860 2062 δουλείας

266 2091 606 2156 δεικνύντες,
649 2091 746 2144 καὶ
777 2091 1070 2160 λαμπάδας
1101 2089 1454 2159 βαστάζουσι,
1502 2093 1598 2162 τὴν
1646 2109 1862 2161 σωφρο-

267 2183 447 2251 σύνην
483 2182 695 2236 ἑαυτῶν
728 2180 1155 2250 μαρτυροῦντες,
1181 2180 1320 2234 ἀλλὰ
1367 2181 1464 2236 καὶ
1511 2183 1612 2252 τὴν
1647 2182 1864 2250 ἐγγινο-

279 2275 460 2343 μένην
492 2273 549 2324 ἐν
575 2273 762 2336 αὐτοῖς
806 2271 959 2325 θείαν
982 2272 1143 2344 χάριν
1170 2273 1554 2344 σημαίνοντες.
1592 2275 1700 2326 Καὶ
1726 2275 1866 2329 πάν-

268 2383 366 2430 τες
403 2365 606 2435 ὁμοίως
658 2364 1190 2436 λαμπαδηφοροῦσιν
1238 2367 1289 2419 οἱ
1340 2366 1596 2437 κληρικοὶ
1631 2365 1720 2420 διὰ
1763 2366 1864 2437 τὴν

270 2456 426 2512 θείαν
453 2456 722 2526 ἐλλαμψιν
754 2458 848 2511 καὶ
885 2457 1244 2528 φαιδρότητα.
1283 2457 1392 2510 Καὶ
1424 2459 1534 2512 τῶν
1561 2458 1862 2529 εἰρηνικῶν

272 2542 432 2612 αὖθις
483 2547 794 2618 λεγομένων
843 2547 1238 2619 (προηγοῦνται
1267 2548 1376 2617 γὰρ
1421 2547 1621 2612 ταῦτα,
1657 2549 1754 2604 καὶ
1803 2550 1865 2602 ἐν

274 2639 430 2712 πάσῃ
457 2639 712 2707 λέγονται
746 2640 938 2709 τελετῇ
993 2638 1083 2691 διὰ
1123 2637 1222 2709 τὴν
1258 2638 1464 2692 ἄνωθεν
1490 2639 1744 2709 εἰρήνην,
1769 2639 1866 2693 καὶ

277 2731 340 2785 τὸ
386 2730 700 2798 ἀναγκαίως
743 2729 884 2800 ὑπὲρ
939 2729 1195 2783 ἁπάντων
1243 2731 1302 2782 ὲν
1350 2731 1498 2801 πάσῃ
1534 2731 1726 2802 τελετῇ
1781 2732 1866 2800 γί-

281 2821 470 2876 νεσθαι
497 2822 598 2892 τὴν
629 2820 963 2893 προσευχὴν)
999 2823 1026 2875 6
1063 2822 1244 2892 ἱερεὺς
1285 2822 1385 2890 τὴν
1421 2822 1647 2893 πρώτην
1696 2821 1863 2893 εὐχὴν

281 2916 430 2983 λέγει
454 2914 549 2969 τοῦ
579 2915 784 2984 γάμου,
816 2913 908 2966 τὸν
935 2913 1069 2967 Θεὸν
1095 2913 1186 2966 τὸν
1219 2913 1374 2981 ἅγιον
1413 2914 1866 2983 ἐπικαλούμενος,

280 3007 374 3061 τὸν
419 3005 716 3078 ἀσώματόν
767 3023 824 3058 τε
875 3008 970 3060 καὶ
1021 3006 1289 3076 καθαρὸν,
1316 3005 1410 3058 τὸν
1454 3005 1741 3059 πλάσαντα
1772 3005 1868 3058 τὸν

279 3098 594 3168 ἄνθρωπον,
628 3100 728 3152 καὶ
783 3098 842 3164 ἐξ
894 3098 1060 3152 αὐτοῦ
1105 3098 1202 3168 τὴν
1251 3099 1488 3166 γυναῖκα
1519 3101 1600 3159 εἰς
1649 3097 1864 3167 βοηθὸν,

1967 1932 2183 1985 manus,
2219 1932 2355 1987 quas
2385 1925 2512 1970 ante
2567 1931 2624 1971 se
2672 1917 2891 1982 habent,
2929 1927 3114 1986 utpote
3151 1927 3360 1971 stantes
3416 1927 3542 1971 ante

1964 2009 2159 2072 Deum,
2211 2020 2264 2064 et
2320 2009 2638 2064 servitutem
2673 2009 3125 2074 manifestantes;
3173 2019 3229 2063 et
3262 2009 3540 2076 lampades

1963 2108 2178 2170 gestant
2204 2115 2314 2170 quo
2333 2115 2522 2154 eorum
2545 2099 2857 2154 castitatem
2883 2107 3178 2162 testantur,
3211 2099 3305 2154 sed
3332 2109 3385 2153 et
3408 2097 3546 2152 divi-

1964 2201 2089 2240 nam
2124 2186 2350 2258 gratiam
2389 2188 2490 2242 sibi
2524 2188 2999 2256 supervenientem
3059 2187 3386 2258 signiﬁcant.
3421 2188 3549 2242 0m-

1965 2292 2067 2332 nes
2099 2277 2304 2348 pariter
2327 2277 2512 2331 clerici
2538 2277 2788 2332 lucernas
2811 2286 3032 2348 portant
3052 2287 3274 2347 propter
3299 2276 3542 2332 divinant

1969 2367 2434 2424 illuminationem
2465 2380 2519 2422 et
2543 2369 2868 2423 claritatem.
2902 2368 2969 2423 Et
3001 2383 3134 2438 pace
3172 2369 3367 2423 iterum
3397 2368 3541 2424 dicta

1967 2461 2107 2531 (haec
2133 2460 2276 2514 enim
2310 2459 2588 2530 praecedit,
2613 2459 2855 2528 atquein
2893 2461 3041 2515 omni
3110 2460 3369 2530 mySIerio
3409 2460 3550 2514 dici-

1971 2561 2060 2606 tur
2092 2560 2313 2622 propter
2334 2552 2614 2607 coelestem
2643 2567 2854 2622 pacem,
2882 2562 2938 2607 et
2956 2553 3080 2622 quia
3106 2568 3333 2608 necesse
3357 2563 3442 2608 est
3494 2553 3548 2608 in

1970 2643 2120 2697 omni
2150 2643 2413 2713 mysterio
2457 2659 2647 2713 preces
2673 2644 2786 2698 ﬁeri
2818 2659 2918 2713 pro
2948 2643 3223 2712 omnibus)
3244 2684 3258 2705 ,
3287 2643 3546 2700 sacerdos

1972 2733 2206 2804 primam
2240 2733 2694 2788 dicitorationem
2720 2733 3065 2788 matrimonio
3097 2731 3264 2787 Deum
3288 2733 3552 2788 invocans

1975 2833 2222 2880 sanctum
2259 2834 2315 2880 et
2336 2825 2721 2895 incorporeum
2775 2834 2830 2879 et
2887 2839 3110 2894 purum,
3149 2825 3242 2894 qui
3275 2825 3552 2879 hominem

1970 2915 2280 2986 plasmavit,
2316 2923 2372 2970 et
2397 2930 2462 2969 ex
2497 2930 2564 2971 eo
2588 2915 2873 2970 mulierem
2902 2913 3036 2969 fecit
3093 2915 3147 2969 in
3201 2915 3552 2984 adiutorium,

1971 3013 2032 3059 ut
2097 3005 2313 3060 coalitus
2367 3021 2587 3060 manum
2626 3020 2780 3060 suam
2831 3005 3070 3070 emittat,
3120 3015 3175 3059 et
3209 3005 3469 3060 eosinter
3495 3019 3555 3059 se

1972 3097 2284 3166 coniungat.
2304 3095 2368 3150 Et
2387 3097 2583 3152 iterum
2609 3096 2789 3167 jungit
2821 3112 3007 3150 eorum
3037 3113 3228 3151 manus
3261 3097 3555 3166 perfectio-

279 3191 451 3247 αὐτὸν
505 3188 892 3256 ἐξαποστεῖλαι
945 3191 1152 3244 ἄνωθεν
1191 3189 1289 3260 τὴν
1332 3193 1491 3260 χεῖρα
1535 3189 1726 3252 αὑτοῦ,
1771 3187 1868 3242 καὶ

1974 3203 2096 3242 nem
2141 3189 2353 3244 unionis
2399 3190 2711 3259 exprimens
2765 3197 2818 3244 et
2865 3189 3082 3244 dicens:
3121 3208 3140 3241 ι
3173 3189 3558 3261 Conjungeeos

279 3283 525 3354 ἁρμόσαι
595 3281 820 3348 τούτους
870 3283 1142 3354 ἀλληλοις.
1198 3284 1309 3336 Καὶ
1369 3282 1533 3336 πάλιν
1602 3280 1868 3333 συνάπτει

280 3375 493 3432 τούτων
523 3375 622 3440 τὰς
667 3376 882 3447 χεῖρας,
911 3376 974 3430 τὸ
1001 3376 1208 3428 τέλειον
1242 3375 1420 3444 δηλῶν
1451 3374 1550 3445 τῆς
1591 3373 1864 3436 ὲνὼσεως.

280 3472 400 3526 Καὶ
427 3469 685 3536 συζεῦξαι
719 3487 886 3542 φησιν
915 3472 974 3524 ὲν
1015 3469 1390 3540 ὁμοφροσύνῃ,
1423 3469 1521 3521 καὶ
1551 3466 1736 3520 δοῦναι
1772 3466 1872 3520 αύ-

280 3563 398 3625 τοϊς
430 3563 642 3632 καρπον
669 3561 899 3624 κοιλίας,
929 3560 1212 3614 εὐτεκνίαν
1235 3576 1295 3612 τε
1329 3559 1422 3612 καὶ
1445 3558 1872 3624 ἀκατάγνωστον

281 3653 496 3725 βιοτήν.
530 3653 642 3706 Καὶ
689 3649 952 3721 ὲκφὼνως
999 3650 1134 3706 Θεδν
1185 3650 1370 3712 ἐλέους
1417 3650 1515 3704 καὶ
1563 3649 1869 3717 οἰκτιρμῶν

282 3743 566 3813 δοξολογεῑ
595 3743 694 3814 τὴν
729 3742 959 3814 Τριάδα,
991 3743 1074 3796 ὅτι
1116 3743 1184 3795 τὰ
1235 3741 1464 3795 τοιαῦτα
1502 3740 1687 3802 ὲλὲους
1733 3738 1874 3809 ἔργα

197 3837 202 3842 ’
281 3836 460 3892 αὐτοῦ
491 3836 589 3891 καὶ
631 3835 1000 3907 συμπαθείας.
1033 3830 1169 3889 Εἶτα
1203 3835 1450 3897 καὶτοὺς
1482 3832 1785 3902 στεφάνους
1813 3833 1878 3884 ὲκ

289 3927 389 3982 τοῦ
431 3927 819 3994 θυσιαστηρίου
873 3926 1058 3980 λαϐὼν
1107 3927 1204 3980 καὶ
1256 3925 1585 3995 εὐλογήσας,
1635 3923 1730 3976 τὸν
1781 3921 1882 3992 μὲν

284 4019 379 4080 εἰς
399 4015 500 4086 τὴν
532 4016 779 4087 κεφαλὴν
807 4016 901 4071 τοῦ
924 4017 1140 4089 ἀνδρὸς,
1169 4017 1262 4070 τὸν
1299 4017 1358 4068 δὲ
1395 4017 1477 4077 εἰς
1511 4013 1610 4084 τὴν
1635 4013 1882 4083 κεφαλὴν

1975 3280 2032 3336 in
2063 3282 2340 3346 castitate,
2376 3291 2432 3337 et
2461 3280 2527 3337 tia
2550 3280 2787 3338 fructum
2850 3283 3080 3348 ventris,
3129 3282 3270 3352 piam
3317 3283 3559 3338 sobolem
3622 3330 3630 3334 _

1978 3382 2035 3429 et
2089 3373 2249 3428 vitam
2305 3373 2865 3444 irreprebensibilem.
2931 3374 2995 3428 Et
3053 3374 3156 3428 alta
3207 3389 3340 3430 voce
3389 3374 3560 3429 Deum

1979 3465 2371 3522 misericordia:
2411 3475 2466 3521 et
2499 3466 2917 3522 miserationum
2976 3466 3304 3522 Trinitatem
3351 3466 3559 3538 gloriﬁ-

1983 3567 2090 3621 cat,
2122 3559 2378 3628 quoniam
2406 3560 2510 3613 ista
2538 3569 2668 3615 sunt
2692 3575 2859 3629 opera
2904 3559 3024 3630 ejus
3078 3560 3465 3615 misericordia:
3509 3567 3567 3613 et

1977 3649 2366 3704 miserationis.
2387 3650 2649 3720 Deinceps
2671 3653 2910 3721 acceptis
2930 3667 2994 3705 ex
3013 3651 3166 3706 altari
3190 3661 3245 3708 et
3265 3652 3569 3708 benediclis

1981 3741 2222 3805 coronis,
2247 3741 2472 3794 alteram
2504 3741 2722 3809 quidem
2754 3740 2885 3805 viri,
2909 3741 3130 3794 alteram
3153 3750 3334 3795 autem
3369 3741 3568 3795 mulie—

1986 3831 2242 3899 ris'capiti
2273 3830 2525 3901 imponit,
2549 3831 2836 3886 Dominum
2863 3831 3146 3900 Deumque
3178 3833 3566 3887 universorum

1989 3932 2052 3976 ut
2071 3938 2163 3976 eos
2201 3923 2371 3992 gloria
2394 3932 2452 3978 et
2488 3923 2691 3978 honore
2745 3931 2970 3977 coronet
3030 3921 3333 3992 deprecans
3381 3931 3571 3993 utpote

1995 4028 2133 4082 pure
2166 4014 2220 4068 in
2254 4029 2320 4069 eo
2373 4017 2715 4088 coniugales.

285 4116 399 4185 τῆς
426 4110 686 4182 γυναικὸς
711 4113 917 4185 τίθησι,
947 4114 1085 4186 πρὸς
1107 4116 1199 4167 τὸν
1231 4113 1435 4184 Κύριον
1475 4112 1569 4184 καὶ
1598 4109 1732 4163 Θεὸν
1764 4109 1873 4163 τῶν
1910 4109 2052 4162 ὅλων
2081 4109 2210 4182 δόξῃ
2253 4113 2348 4164 καὶ
2377 4115 2528 4183 ετιμῇ
2561 4115 2905 4182 στεφανῶσαι
2971 4113 3174 4178 αὐτοὺς
3241 4111 3561 4183 εῦχόμενος,

287 4209 371 4270 .b;
399 4207 656 4279 καθαρῶς
683 4209 741 4262 ἑν
766 4209 914 4281 αύτῷ
945 4208 1414 4278 συναπτομὲνους.

881 4301 1138 4355 ΚΕΦΑΛ.
1172 4297 1296 4354 ΣΙΓ.

565 4392 709 4463 Περὶ
744 4391 1052 4462 ἀναδόχου
1090 4393 1200 4448 τοῦ
1226 4392 1298 4447 ἐν
1320 4391 1401 4458 τῷ
1429 4390 1616 4463 γάμῳ.

370 4484 482 4549 Οὓς
537 4485 598 4557 δὴ
662 4485 962 4556 στεφάνους
1018 4485 1116 4540 καὶ
1169 4486 1199 4538 ὁ
1247 4489 1347 4555 τῆς
1396 4486 1756 4559 σωφροσύνης
1791 4485 1887 4542 καὶ

1921 4529 1967 4586 D

2500 4293 2730 4352 CAPUT
2769 4292 3072 4350 CCLXXX.

2441 4388 2519 4445 De
2552 4404 2800 4458 sponsore
2824 4389 2878 4441 in
2915 4387 3132 4456 nuptiis.

2064 4482 2210 4550 Quas
2223 4497 2456 4540 coronas
2482 4481 2745 4538 castitatis
2766 4494 2997 4550 sponsor
3023 4487 3079 4534 et
3100 4475 3405 4533 concordiae
3427 4486 3577 4533 retro

299 4577 556 4649 ὃμονοίας
612 4577 872 4647 άνάδοχος
935 4577 1164 4632 ὄπισθεν
1221 4575 1398 4640 ἑστὼς
1449 4577 1710 4647 δέχεται,
1762 4579 1870 4633 ἀντ’

1996 4586 2148 4631 stans
2193 4577 2415 4646 accipit,
2449 4591 2551 4645 pro
2581 4583 2735 4645 patre
2764 4572 2843 4628 eis
2866 4570 3060 4635 iactus,
3100 4579 3156 4624 et
3184 4569 3375 4624 doctor
3421 4584 3576 4623 com-

301 4673 515 4740 πατρὶς
564 4671 750 4734 αὐτοῖς
799 4671 1107 4740 γινόμενος,
1140 4670 1236 4724 καλ¹
1277 4669 1601 4734 διδάσκαλος
1627 4673 1726 4741 τῆς
1763 4673 1894 4741 ὁμο-

303 4762 586 4832 φροσύνης
617 4763 709 4816 καὶ
739 4762 953 4832 ἀγαθῆς
987 4761 1276 4830 συζυγίας.
1307 4761 1402 4814 Διὸ
1450 4761 1548 4816 καὶ
1589 4763 1698 4814 τῶν
1736 4764 1894 4830 ὀρθοτυ

304 4855 476 4923 δόξων
509 4856 719 4925 ὀφείλει
766 4857 863 4910 καὶ
894 4855 1160 4925 θεοφιλῶν
1224 4851 1386 4908 εἶναι.
1420 4854 1533 4924 Τὴν
1582 4855 1811 4924 Cipi)qu
1834 4873 1894 4908 τε

306 4949 469 5012 αὖθις
499 4949 872 5018 ἐπευξάμενος
903 4951 930 5003 6
967 4949 1166 5020 ἱερεὺς,
1205 4948 1302 5019 τὴν
1333 4948 1598 5020 δευτέραν
1648 4950 1894 5018 ἐπιλέγει

307 5043 500 5112 εὐχὴν,
526 5043 601 5106 ὡς
632 5047 728 5100 καὶ
754 5047 810 5097 ὲν
838 5045 959 5106 ταῖς
1007 5044 1370 5112 χειροτονίαις
1404 5043 1560 5112 παρὰ
1583 5044 1674 5098 τοῦ
1712 5045 1894 5115 ίεράρο

308 5153 414 5207 χου
450 5138 682 5204 γίνεται.

873 5247 1127 5301 ΚΕΦΑᾹ.
1162 5247 1332 5299 ΣΠΑ⁹.

309 5336 450 5389 Ὀτι
473 5337 510 5403 ὴ
541 5337 646 5391 τοῦ
680 5337 876 5407 τάμου
907 5336 1121 5404 τελετὴ
1155 5335 1473 5406 ἀρχιερέως
1509 5337 1668 5390 ἴδιον
1699 5335 1896 5407 ἔργον.

2001 4668 2181 4723 munis
2202 4667 2539 4723 castimonia:
2570 4665 2805 4735 bonique
2868 4661 3137 4733 coniugii.
3199 4660 3326 4715 Iden
3356 4669 3575 4729 Oportet

1999 4760 2338 4816 orthodoxos
2369 4758 2576 4828 Deique
2605 4759 2813 4812 amicos
2846 4755 2950 4810 hoc
2973 4753 3398 4823 fungimuncrc.
3431 4751 3569 4806 Pace

1995 4853 2196 4907 iterum
2275 4862 2498 4922 Optata,
2572 4849 2830 4905 sacerdos
2900 4847 3196 4902 secundam
3271 4845 3402 4899 dicit
3458 4859 3580 4898 ora-

1999 4947 2226 5011 tionem,
2251 4942 2710 5014 quemadmodum
2742 4939 2798 4996 in
2830 4937 3269 4996 ordinationibus
3297 4935 3354 4990 iit
3383 4951 3410 4990 a
3437 4951 3580 5006 pon-

2002 5038 2037 5091 ti
2049 5037 2168 5092 tice.

2498 5231 2724 5287 CAPUT
2749 5226 3082 5284 CCLXXXI.

2001 5321 2151 5390 Quod
2211 5321 2496 5394 conjugum
2549 5320 2833 5374 benedictio
2892 5316 3164 5387 proin-ium
3219 5309 3446 5378 episcopi
3497 5320 3578 5364 est

2721 5404 2870 5459 opus.

395 5493 518 5547 Ὀτι
567 5494 662 5547 καὶ
710 5493 868 5548 τοῦτο
918 5493 1082 5565 ἔργον
1130 5494 1225 5547 τοῦ
1263 5495 1564 5566 ἰεράρχουο
1598 5493 1692 5546 καὶ
1737 5493 1870 5546 αῦτῆ

2080 5486 2210 5542 Illud
2273 5485 2418 5540 enim
2450 5498 2586 5553 opus
2615 5492 2698 5536 est
2728 5476 3022 5550 pontificis,
3055 5476 3258 5545 et.ipse
3296 5472 3430 5529 illud
3469 5487 3579 5540 pra:

309 5585 480 5639 τοῦτο
524 5587 581 5640 ἐν
607 5604 666 5640 τε
722 5588 1004 5656 βασιλεῦσι
1035 5589 1129 5641 καὶ
1162 5587 1391 5658 ἄρχουσι
1421 5589 1519 5640 καὶ
1552 5587 1762 5649 λοιποῖς
1804 5587 1870 5640 άλ

2008 5579 2225 5650 regibus
2260 5585 2314 5632 et
2356 5573 2695 5644 principibus
2755 5567 3075 5635 czuterisque
3105 5573 3386 5635 operatur.
3418 5562 3582 5616 Atta-

310 5678 435 5741 λοις
492 5653 972 5748 ὲνεργείξΔὶδοται
1013 5680 1070 5732 δὲ
1122 5653 1274 5747 ὅμως
1326 5677 1484 5730 τοῦτο
1541 5678 1636 5730 καὶ
1690 5676 1870 5747 ῑτρεῦσ

2004 5685 2130 5724 men
2172 5671 2271 5723 hoc
2311 5665 2512 5737 pariter
2559 5664 2739 5718 facere
2811 5659 3187 5714 sacerdotibus
3238 5653 3581 5718 conceditur,

313 5770 524 5832 ποιεῖν,
560 5770 642 5822 ὅτι
690 5771 884 5840 τελετὴ
944 5770 1104 5839 μόνη,
1142 5771 1238 5823 καὶ
1282 5769 1344 5822 οὐ
1394 5769 1494 5837 τῆς
1541 5767 1870 5837 μεταδοτικῆ

2007 5761 2258 5832 quoniam
2293 5755 2670 5813 tantummodo
2707 5762 2789 5808 est
2808 5751 3144 5822 mysterium,
3179 5757 3232 5802 ct
3259 5761 3366 5800 non
3399 5745 3580 5816 agitur

314 5858 568 5929 χάριτος.
615 5862 758 5932 Πλὴν
811 5835 903 5917 καὶ
945 5835 1097 5926 -τοῑςν
1131 5860 1342 5931 ἱερεῦσι
1397 5835 1551 5925 μετα
1581 5860 1870 5923 προτροπῆ

2008 5854 2075 5908 de
2129 5845 2597 5907 communicanda:
2642 5843 2825 5917 gratia:
2883 5849 3243 5896 sacramento.
3295 5835 3570 5910 Ceterum
