4108 6262
599 407 698 472 bll

1412 415 1557 476 SYM
1570 416 1794 480 EONIS
1831 418 2590 484 TIIESSALONICENSIS
2655 420 3012 484 ARCIIIEP.

3745 419 3850 482 512

599 525 700 580 hoc
722 537 806 582 est
832 542 980 583 mera
1027 529 1307 585 concessio
1354 534 1731 590 sacerdotibus
1763 535 1903 589 facta
1931 537 1996 590 ad
2051 536 2160 589 sin-
2191 582 2194 592 .

2282 537 2488 600 ῑίδοται,
2524 537 2617 590 καὶ
2665 537 2724 590 ὲν
2757 537 2974 604 ἑκάστῳ
3006 533 3159 605 ἔργῳ
3190 531 3394 602 γάμου,
3417 530 3499 585 ὅτι
3533 529 3667 584 ίδιὸν
3696 532 3854 582 ἔστιν

599 619 720 688 gula
761 622 1069 689 nuptiarum
1091 623 1374 690 solemnia,
1429 627 1684 694 quoniam
1741 627 2020 697 proprium
2078 638 2165 682 est

598 712 860 780 episcopi,
890 714 1160 783 etabsque
1185 716 1301 786 ejus
1337 731 1612 772 consensu
1649 735 1757 774 non
1819 727 2002 790 potest
2030 735 2162 774 con—

601 809 751 854 stare
781 801 1113 874 coniugium,
1142 821 1266 860 nam
1301 807 1451 862 solus
1482 808 1718 877 pontifex
1741 820 1896 880 pater
1938 820 2022 866 est
2069 810 2170 865 Ec-

600 890 797 948 clesia.
853 892 1102 976 Secunda
1131 903 1311 950 autem
1345 901 1590 954 oratione
1628 901 1803 970 poscit
1833 909 1892 955 ut
1920 902 2014 969 qui
2071 916 2170 970 per

600 997 755 1036 suam
787 988 1130 1052 praesentiam
1167 987 1221 1040 in
1248 987 1395 1043 Cana
1431 990 1751 1046 honorabile
1780 993 2012 1047 ostendit
2046 1007 2168 1047 esse

605 1075 1013 1132 matrimonium
1041 1078 1132 1132 cui
1155 1079 1362 1144 aderat,
1385 1081 1517 1136 istos
1545 1099 1762 1153 quoque
1782 1089 1942 1139 modo
1965 1084 2019 1138 in
2057 1100 2171 1139 ma-

602 1167 916 1224 trimonium
966 1171 1287 1240 coniunctos
1320 1173 1372 1227 iu
1405 1190 1538 1245 pace
1562 1184 1618 1231 et
1642 1177 1932 1232 concordia
1987 1188 2168 1233 custo-

603 1258 734 1324 diat,
761 1261 1009 1331 istudque
1030 1263 1346 1322 honorabile
1364 1268 1524 1323 faciat
1548 1270 1896 1337 conuubiutn,
1925 1270 2143 1324 thorum
2159 1299 2176 1309 -

607 1365 712 1416 que
751 1364 930 1408 servet
961 1355 1360 1412 immaculatum
1395 1368 1448 1414 et
1482 1360 1746 1414 illabatam
1789 1376 1980 1416 eorum
2005 1364 2168 1416 vitam

605 1449 842 1508 tueatur,
867 1456 924 1500 ut
966 1446 1020 1501 in
1055 1449 1302 1519 pinguem
1349 1461 1683 1507 senectutem
1717 1453 1954 1521 provecti
1989 1453 2169 1508 divina

606 1535 860 1603 impleant
889 1542 1156 1594 mandata.
1188 1542 1253 1595 Et
1283 1543 1583 1610 proclamat
1620 1557 1745 1598 eum
1776 1560 1899 1600 esse
1929 1546 2019 1615 qui
2051 1559 2171 1599 om-

604 1626 691 1678 nia
755 1625 1025 1684 benedicit
1076 1639 1128 1684 et
1180 1633 1496 1688 sauct’ﬁcat.
1565 1634 1766 1690 Deinde
1813 1638 1879 1690 ad
1904 1636 2170 1691 orientem

602 1731 898 1773 conversus
932 1718 1133 1788 ﬂagitat
1183 1739 1242 1776 se
1268 1739 1376 1777 non
1431 1727 1778 1794 reprehendi,
1807 1727 1904 1783 sed
1940 1729 2168 1797 dignum

607 1811 792 1866 haberi
827 1814 916 1882 qui
969 1815 1181 1871 Patrem
1224 1829 1381 1872 vocet
1409 1820 1577 1874 Deum
1632 1823 1724 1890 qui
1780 1835 1865 1878 est
1885 1824 1962 1878 εἰη
1994 1823 2167 1880 ccelis.

2271 628 2574 682 ἐπισκόπου
2601 645 2616 661 ο
2652 629 2748 682 καί¹
2809 627 2979 698 χωρὶς
3032 625 3258 694 γνώμης
3287 623 3458 677 αὐτοῦ
3505 623 3568 675 οὐ
3617 620 3854 676 δυνατὸν

2274 721 2539 790 συστῆναι
2601 719 2804 788 γάμον.
2838 719 3028 788 Πατὴρ
3091 718 3202 787 γὰρ
3262 716 3363 782 τῆς
3423 715 3762 784 Ἐκκλησίας
3819 713 3853 764 ὁ

2273 811 2565 882 ἀρχιερεὺς
2590 812 2772 879 μόνος.
2797 811 2874 881 Τῇ
2897 810 2952 863 δὲ
2978 809 3210 880 δευτέρᾳ
3240 806 3459 876 εὔχεται
3497 805 3655 875 εὐχῇ,
3679 803 3850 857 αὐτὸν

2273 903 2366 958 τὸν
2430 904 2518 958 διὰ
2563 891 2663 974 τῆς
2727 902 3048 972 ἐπιφανείας
3109 899 3277 954 αὐτοῦ
3331 899 3514 968 τίμιον
3571 899 3631 951 ὲν
3685 895 3849 964 Κανᾷ

2274 996 2633 1063 ἀναδείξαντα
2685 995 2777 1050 τὸν
2830 996 3008 1063 γάμον
3059 995 3116 1048 ὲν
3166 992 3313 1062 αὐτῷ
3369 990 3844 1060 παραγενόμενον,

2275 1087 2519 1150 καὶτοὺς
2553 1087 2990 1156 συναπτομένους
3030 1083 3127 1138 νῦν
3176 1084 3257 1146 είς
3287 1081 3464 1150 γάμον
3504 1080 3846 1134 ἐπικαλεῖται

2277 1180 2335 1231 ὲν
2386 1179 2579 1250 εἰρήνῃ
2628 1177 2866 1247 τηρῆσαι
2914 1177 3008 1230 καὶ.
3039 1174 3282 1244 ὁμονοίᾳ,
3313 1173 3409 1225 καὶ
3446 1174 3629 1241 τίμιον
3680 1166 3848 1223 αὐτὸν

2278 1268 2501 1336 ποιῆσαι
2531 1268 2622 1321 τὸν
2657 1269 2857 1338 γάμον,
2882 1267 2977 1320 καὶ
3006 1267 3106 1335 τὴν
3144 1266 3336 1331 κοίτην
3364 1263 3607 1332 τηρῆσαι
3638 1260 3844 1328 ἀμίαν-

2277 1377 2388 1427 τον,
2440 1360 2775 1430 ἁκηλίδωτόν
2834 1377 2893 1411 τε
2958 1358 3140 1410 αὐτῶν
3199 1353 3528 1424 διαφυλάξαι
3559 1353 3653 1405 τὸν
3705 1351 3843 1415 βίον,

2279 1452 2374 1505 καὶ
2417 1452 2473 1502 ἐν
2528 1451 2678 1522 γήρᾳ
2729 1451 2874 1503 πίονι
2931 1449 3402 1519 καταντήσαντας,
3449 1444 3696 1514 ἐνεργεῖν
3749 1441 3854 1502 τὰς

2279 1543 2430 1606 θείας
2480 1543 2720 1606 ἐντολάς.
2755 1542 2865 1595 Καὶ
2913 1542 3149 1609 ὲκφωνεί
3178 1539 3340 1592 αὐτὸν
3392 1530 3535 1590 εἶναι
3565 1535 3657 1588 τὸν
3689 1532 3852 1585 εὐλο-

2280 1634 2484 1703 γοῦντα
2525 1633 2705 1687 πάντα
2755 1633 2851 1687 καὶ
2881 1632 3199 1699 ἁγιάζοντα.
3251 1623 3385 1682 Εἶτα
3433 1628 3528 1681 καὶ
3585 1624 3857 1694 στραφεὶς

2281 1724 2418 1796 πρὸς
2461 1722 2745 1786 ἀνατολὰς,
2779 1721 3163 1791 ἀκατακρίτως
3211 1715 3612 1784 καταξιωθῆναι
3660 1713 3854 1766 ἐκδυσε

2281 1817 2423 1869 ωπεῖ
2473 1816 2700 1870 καλέσαι
2744 1814 2962 1881 Πατέρα
3009 1812 3100 1864 τὸν
3146 1810 3472 1879 ἐπουράνιον
3540 1806 3694 1860 Θεόν.
3738 1804 3856 1857 Καὶ

606 1903 672 1956 Et
709 1919 900 1960 omnes
934 1907 1137 1976 pariter
1163 1912 1464 1966 orationem
1501 1915 2166 1981 aSalvatoreinstitutam,

2282 1907 2472 1970 πάντες
2527 1905 2663 1976 ὁμοῦ
2710 1905 2810 1975 τὴν
2868 1903 3021 1974 παρᾶ
3077 1902 3171 1956 τοῦ
3224 1901 3478 1970 Σωτῆρος
3531 1897 3848 1969 προσευχὴν

607 1994 658 2045 iu
685 1996 974 2062 gratiarum
997 2000 1264 2054 aetiouem
1293 2002 1460 2069 gratia
1493 2006 1673 2073 operis
1735 2006 2057 2072 faciendam,
2115 2009 2166 2062 in

603 2086 974 2141 ostensionem
1008 2091 1306 2156 servitutis,
1330 2095 1381 2148 in
1427 2097 1847 2165 postulationem
1878 2100 2168 2160 bonorum.

607 2176 659 2228 in
682 2180 1239 2238 communicationem
1268 2185 1524 2254 Spiritus,
1556 2203 1652 2257 per
1686 2198 1927 2243 sanctam
1953 2204 2168 2245 carnem

608 2268 726 2325 Filii
747 2272 867 2341 ejus
892 2273 983 2342 qui
1021 2282 1100 2329 est
1126 2290 1290 2330 verus
1321 2279 1386 2330 de
1447 2279 1584 2333 cmlo
1637 2280 1814 2349 panis,
1863 2297 1960 2350 pcr
2006 2297 2167 2351 quem

605 2361 885 2429 coniuges,
919 2364 1077 2417 modo
1109 2365 1194 2434 pie
1220 2374 1274 2420 et
1312 2375 1460 2422 caste
1499 2378 1923 2435 conversentur,
1966 2369 2169 2436 vivent,

607 2461 659 2506 et
685 2451 939 2520 quoniam
995 2451 1157 2508 Pater
1195 2457 1438 2510 omnium
1478 2465 1534 2511 et
1595 2458 1833 2527 ipsorum
1868 2459 2172 2529 coniugum

608 2541 752 2598 Deus
780 2544 979 2612 estqui
1018 2546 1258 2599 omnium
1289 2556 1345 2602 et
1400 2547 1645 2617 ipsorum
1705 2551 1993 2620 coniugum
2035 2552 2176 2606 Deus

609 2636 816 2705 estqui
861 2639 1044 2702 omnia
1102 2638 1328 2693 creavit.
1384 2639 1448 2693 At
1510 2649 1631 2709 post
1655 2641 1952 2696 orationem
1988 2657 2174 2696 vocem

578 2784 582 2788 Α
614 2725 824 2780 extollit
847 2727 1104 2782 sacerdos
1141 2743 1364 2797 regnum
1392 2728 1481 2781 Dei
1511 2738 1941 2798 potestatemque
1982 2739 2032 2783 et
2061 2730 2178 2798 glo-

608 2816 744 2870 riam
775 2817 1075 2872 celebrans.
1119 2820 1187 2873 Et
1219 2818 1342 2872 data
1367 2834 1498 2888 pace
1517 2820 1963 2877 dicitzluclinate
1999 2824 2179 2892 capita

612 2918 813 2970 vestra,
866 2916 1144 2974 creatura;
1166 2908 1432 2964 Creatori.
1500 2908 1565 2963 Et
1604 2926 1791 2979 preces
1846 2913 1974 2967 facit
2016 2928 2182 2982 super

611 3011 953 3050 t-mnmunem
992 3007 1177 3066 potum
1225 2998 1411 3053 dicens
1457 3015 1472 3053 :
1521 3000 1662 3054 Deus
1691 3002 1781 3071 qtti
1804 3003 1985 3056 omnia
2009 3003 2180 3058 fecisti

616 3097 704 3142 tua
731 3089 989 3158 polentia,
1025 3091 1333 3158 coelumque
1359 3089 1579 3146 ﬁrmasti
1603 3101 1657 3146 et
1691 3106 1948 3148 coronam
1970 3104 2183 3148 creatu-

2271 2001 2544 2080 λέγουσιν,
2595 1999 2674 2059 είς
2725 1994 3080 2066 εὐχαριστίαν
3142 1993 3236 2046 τοῦ
3295 1992 3482 2062 ἔργου,
3517 1991 3596 2050 είς
3647 1989 3852 2054 δεῖγμα

2272 2079 2537 2156 δουλείας,
2591 2091 2672 2152 είς
2721 2090 2940 2158 αἴτησιν
3001 2085 3243 2154 ἀγαθῶν,
3278 2086 3373 2136 καί
3427 2085 3508 2147 είς
3564 2079 3855 2134 κοινωνίαν

2271 2182 2367 2236 τοῦ
2421 2181 2763 2249 Πνεύματος,
2798 2178 2887 2231 διὰ
2938 2179 3035 2248 τῆς
3084 2177 3248 2245 ἁγίας
3308 2173 3515 2244 σαρκὸς
3569 2171 3663 2225 τοῦ
3717 2167 3854 2222 Υἱοῦ

2273 2272 2464 2339 αὐτοῦ,
2494 2273 2551 2335 ὅς
2579 2274 2725 2324 ἐστιν
2754 2271 2782 2322 ὁ
2811 2267 3134 2338 ἐπουράνιος
3157 2265 3342 2336 ἄρτος,
3372 2262 3440 2316 δι’
3469 2255 3531 2315 οὐ
3564 2259 3724 2330 198
3754 2259 3854 2311 καὶ

2273 2365 2323 2418 οί
2361 2361 2776 2431 συναπτόμενοι,
2813 2361 2862 2411 εί
2919 2356 3161 2421 εὐσεϐῶς
3213 2355 3311 2408 καὶ
3346 2351 3645 2424 σωφρόνως
3698 2350 3856 2402 πολι-

2274 2452 2581 2510 τεύσονται,
2610 2451 2906 2520 ζήσονται·
2959 2447 3054 2501 καὶ
3099 2448 3186 2500 ὅτι
3248 2444 3440 2512 Πατὴρ
3493 2443 3711 2495 πάντων
3755 2439 3854 2491 καὶ

2274 2545 2384 2599 τῶν
2410 2541 2837 2611 συναπτομένων
2865 2539 2894 2591 ὁ
2927 2538 3061 2600 Θεὸς
3093 2537 3167 2601 ὡς
3197 2533 3556 2606 δημιουργός.
3594 2530 3749 2586 Μετὰ
3793 2529 3850 2582 δὲ

2276 2635 2378 2706 τὴν
2429 2633 2741 2705 προσευχὴν
2798 2631 3038 2698 ἐκφωνεί
3085 2627 3408 2697 ἀνυμνήσας
3440 2624 3541 2695 τὴν
3587 2622 3682 2677 τοῦ
3712 2619 3849 2675 Θεοῦ

2283 2725 2561 2796 βασιλείαν
2616 2725 2712 2777 καὶ
2767 2722 3000 2792 δύναμιν
3065 2721 3159 2774 καί
3209 2716 3370 2782 δόξαν
3427 2717 3456 2769 ὁ
3507 2713 3708 2785 ίερεύς.
3745 2712 3858 2765 Καὶ

2280 2820 2501 2887 εἰρήνην
2531 2816 2676 2879 δοὺς,
2703 2813 2879 2868 κλῖναι
2905 2813 3056 2880 λέγει
3082 2814 3180 2875 τὰς
3211 2809 3454 2879 κεφαλὰς
3482 2807 3550 2859 τὰ
3578 2805 3860 2873 κτίσματα

2279 2909 2358 2978 τῷ
2409 2909 2718 2975 ποιήσαντι.
2754 2905 2864 2960 Καὶ
2917 2903 3082 2975 εὐχὴν
3131 2904 3364 2956 ποιεῖται
3421 2900 3514 2954 ἐπὶ
3565 2897 3640 2966 τῷ
3684 2895 3854 2963 κοινῷ

2286 3001 2552 3070 ποτηρίῳ,
2588 2997 2785 3064 λέγων,
2823 3014 2842 3048 ι
2884 2995 2946 3048 Ὀ
3002 2995 3134 3057 Θεὸς
3177 2995 3206 3048 ὁ
3253 2993 3428 3046 πάντα
3488 2991 3722 3060 ποιήσας
3781 2986 3860 3056 τῇ

2287 3095 2436 3166 ίσχύῖ
2484 3112 2602 3158 σου,
2660 3092 2752 3146 καὶ
2812 3088 3120 3160 στερεὼσας
3170 3087 3261 3140 τὸν
3301 3085 3551 3155 οὐρανὸν,
3604 3081 3702 3135 καὶ
3759 3080 3859 3133 τὸν

617 3196 798 3234 rarum
834 3190 1046 3236 tuarum
1069 3183 1424 3249 bencdixisti,
1456 3184 1506 3238 id
1543 3195 1645 3249 est,
1682 3187 1888 3252 omnia,
1921 3186 2179 3254 quoniam

2286 3187 2550 3254 στέφανον
2573 3182 2680 3235 τῶν
2705 3181 3021 3248 κτισμάτων
3052 3196 3146 3232 σου
3175 3178 3502 3247 εὐλογήσας,
3524 3192 3544 3226 ι
3576 3172 3860 3226 τουτέστιν

614 3284 672 3327 ιιι
711 3289 770 3327 es
789 3275 840 3325 iu
868 3275 1121 3328 universo
1151 3284 1203 3328 et
1231 3289 1396 3343 super
1423 3274 1758 3339 universum,
1793 3275 1908 3342 ipse
1933 3289 2177 3328 commu-

614 3380 738 3419 ncm
792 3376 978 3434 pOlum
1031 3364 1256 3419 istorum
1320 3380 1602 3420 servorum
1653 3380 1876 3419 suorum
1948 3364 2180 3421 benedic

614 3456 994 3511 benedictione
1020 3457 1308 3526 spirituali,
1339 3466 1399 3511 ut
1428 3457 1536 3512 sint
1566 3457 1619 3510 in
1655 3466 1979 3526 perpetuum
2017 3457 2181 3513 bene-

612 3549 740 3603 dicti
773 3569 818 3601 ι.
857 3549 918 3602 Et
946 3550 1072 3602 ιιιιιιι
1110 3565 1270 3603 manu
1307 3565 1402 3604 cos
1449 3550 1644 3621 signat,
1679 3565 1898 3604 causam
1932 3550 2171 3614 indicat,

614 3655 809 3708 nempe
841 3650 898 3695 ut
919 3641 1268 3694 lieno-dicatur
1289 3656 1490 3696 nomen
1521 3652 1575 3696 et
1598 3642 1931 3712 gloriﬁcetur
1955 3657 2178 3711 regnum

614 3745 816 3786 sanctae
873 3730 1180 3800 Trinitatis,
1205 3733 1460 3802 quoniam
1513 3733 1626 3804 ipsa
1673 3733 1855 3790 omnia
1903 3734 2179 3788 benedicit

611 3833 669 3879 et
707 3823 1035 3878 sanctificat.

1073 4009 1304 4066 CAPUT
1361 4006 1718 4070 CCLXXXII.

611 4119 763 4187 Quod
789 4112 1044 4176 connubio
1063 4122 1326 4192 fungendi
1353 4123 1474 4191 puri
1503 4140 1612 4178 esse
1641 4124 1825 4178 debent
1861 4136 1909 4180 et
1945 4127 1996 4179 in
2026 4144 2180 4184 sacro

683 4194 916 4247 benedici
946 4193 1136 4262 templo
1165 4205 1215 4246 et
1246 4209 1411 4248 sacra:
1442 4193 1613 4249 Caeno:
1651 4195 1767 4264 ﬁeri
1797 4199 2107 4267 participes.

687 4372 881 4443 Statim
954 4369 1020 4425 ad
1079 4369 1528 4440 praesanctificata
1589 4371 1739 4427 venit
1813 4387 1910 4442 per
1963 4389 2180 4429 sacrum

613 4465 860 4529 calicem,
885 4471 938 4517 et
959 4463 1254 4519 acelamat:
1287 4461 1458 4517 «Ecce
1513 4463 1963 4532 praasanctilicata
1996 4477 2182 4521 sancta

2288 3281 2503 3333 ἄπα-,τα
2534 3277 2610 3337 ὡς
2665 3275 2760 3328 καὶ
2818 3275 2875 3326 ὲν
2907 3271 2984 3340 τῷ
3021 3270 3186 3324 παντὶ
3215 3269 3312 3322 καί¹
3353 3267 3493 3337 ὑπὲρ
3521 3265 3581 3319 τὸ
3610 3264 3720 3317 πᾶν
3752 3260 3855 3327 ὢν,

2291 3391 2310 3426 t
2347 3369 2506 3433 αὐτὸς
2559 3369 2656 3422 καὶ
2711 3366 2771 3420 τὸ
2813 3364 3002 3418 ’κοινὸν
3057 3361 3318 3433 ποτήριον
3375 3358 3485 3414 τῶν
3517 3356 3721 3411 δούλων
3757 3371 3854 3406 σου

2284 3461 2490 3516 τούτων
2537 3460 2831 3529 εὐλόγησον
2883 3455 3106 3523 εὐλογίᾳ
3155 3453 3528 3522 πνευματικῇ,
3559 3450 3648 3503 ἵνα
3706 3446 3859 3500 εὐλο-

2285 3539 2784 3622 γημένοιπὰντοτε
2812 3541 2936 3600 ὦσι.
2979 3563 2998 3597 ι
3060 3544 3173 3597 Καὶ
3223 3544 3283 3596 ὲν
3313 3540 3390 3610 τῷ
3439 3539 3766 3609 σφραγίζειν
3792 3537 3858 3605 τῇ

2285 3647 2452 3717 χειρὶ,
2501 3645 2596 3697 καὶ
2651 3643 2751 3709 τὴν
2805 3641 2983 3692 αἰτίαν
3031 3638 3288 3705 ὲκφωνεῖ,
3327 3635 3411 3687 ὅτι
3447 3632 3744 3699 εὐλόγηται
3797 3627 3860 3679 τὺ

2285 3737 2480 3806 ὄνομα,
2511 3733 2606 3786 καὶ
2649 3731 2966 3798 δεδόξασται
2997 3730 3030 3797 ἠ
3088 3725 3338 3797 βασιλεία
3374 3723 3477 3791 τῆς
3502 3721 3664 3788 ἁγίας
3691 3717 3860 3787 Τριά-

2285 3829 2394 3890 δος.
2459 3825 2610 3878 Ἐπεὶ
2657 3824 2750 3877 καὶ
2815 3821 2954 3891 αὐτη
3012 3819 3080 3872 τὰ
3136 3819 3316 3873 πάντα
3371 3814 3587 3881 εὐλογεί
3647 3827 3707 3864 τε
3769 3807 3860 3861 καὶ

2285 3917 2501 3973 τελειοῖ.

2850 4000 3104 4057 ΚΕΦΑΛ.
3135 3995 3302 4051 ΣΠΗ.

2289 4126 2414 4180 ,Οτι
2457 4121 2552 4176 δεῖ
2586 4119 2729 4186 τοὺς
2758 4113 3284 4186 συζευγνυμένους
3313 4113 3401 4186 είς
3443 4108 3637 4186 τάμον
3681 4109 3859 4186 {cadat
3899 4127 3914 4140 ς

2351 4175 2513 4263 ῥὸὺξ
2542 4175 2721 4256 εἶναι,
2738 4187 2836 4263 καί
2856 4175 2934 4239 ἐν
2952 4175 3106 4263 tifqu
3149 4175 3532 4251 εὐλογεῖσθαι
3588 4176 3733 4243 ναῷ,
3760 4175 3858 4230 καί

2356 4255 2492 4319 τώγ’
2503 4255 2850 4332 μυστηρίων
2865 4255 3163 4326 μετέχειν.

2362 4373 2539 4436 Εὐθὺς
2584 4371 2642 4425 δὲ
2687 4369 2799 4424 τῶν
2853 4359 3321 4438 προηγιασμένων
3377 4360 3610 4416 ἅπτεται
3647 4359 3737 4412 διὰ
3767 4356 3860 4410 τοῦ

2291 4464 2440 4536 ἱεροῦ
2498 4461 2782 4531 ποτηρίου,
2835 4457 2929 4511 καὶ
2957 4458 3209 4526 ὲκφωνεῖ,
3263 4453 3377 4507 «Τὰ
3439 4449 3861 4536 προηγιασμένα

614 4555 836 4609 sanctis.
877 4568 898 4608 ι
933 4551 997 4606 Et
1047 4552 1298 4606 omnibus
1356 4551 1745 4608 clamantibus:
1780 4571 1798 4603 ι
1843 4553 1997 4608 Unus
2048 4553 2185 4608 Sau-

2294 4534 2426 4625 ἆγια
2489 4556 2604 4617 τοῖς
2634 4553 2828 4621 ἁγίοις.
2856 4549 2967 4603 Καὶ
3002 4547 3222 4600 πάντων
3254 4544 3573 4598 ἔκϐοὼντων
3603 4541 3684 4606 τὸ,
3715 4561 3734 4594 ι
3767 4534 3859 4601 Εἷς

615 4657 760 4713 elus,
791 4659 932 4700 unus
966 4643 1241 4709 Dominus,
1279 4661 1298 4695 ι
1324 4643 1575 4712 quoniam
1595 4642 1740 4714 :ipse
1772 4645 1921 4699 solus
1944 4655 2028 4700 est
2060 4661 2188 4700 san-

615 4737 1314 4805 cdlicatio,scrvorumque
1365 4749 1586 4790 suorum
1641 4750 1740 4805 pax
1797 4744 1852 4790 et
1883 4736 2185 4805 vinculum,

619 4829 789 4882 sacris
821 4827 996 4895 epulis
1015 4827 1235 4881 adhibet
1263 4835 1515 4881 recenter
1556 4826 1940 4895 desponsatas,
1970 4827 2016 4881 si
2087 4843 2187 4897 pa-

621 4922 720 4977 rati
755 4921 882 4974 sint.
942 4918 1097 4974 Unde
1123 4929 1337 4991 Oportet
1368 4935 1463 4974 eos
1485 4933 1606 4974 esse
1637 4927 1875 4988 paratos,
1913 4929 1974 4973 ut
2001 4935 2189 4975 sancte

624 5019 982 5074 coronentur,
1033 5019 1328 5080 sancteque
1391 5008 1814 5077 coniungantur,
1877 5024 2000 5063 nam
2063 5009 2184 5065 fluis

620 5104 799 5160 omnis
828 5101 1180 5168 sacramenti,
1210 5101 1486 5169 divinique
1520 5101 1700 5154 omnis
1729 5100 1973 5170 mysterii
2031 5101 2185 5170 sigil-

620 5203 731 5257 lum
772 5213 930 5256 sacra
959 5197 1296 5254 communio.
1331 5197 1397 5250 Et
1452 5199 1588 5250 bene
1639 5194 1765 5250 fecit
1812 5196 2052 5252 Ecclesia
2109 5195 2192 5251 di-

623 5293 745 5347 vina
764 5292 904 5347 dona
937 5285 1316 5360 praeparando,
1375 5285 1430 5340 in
1468 5285 1906 5355 propitiationem
1948 5289 2192 5344 etbeue-

622 5386 916 5441 dictionem
949 5383 1264 5452 coniugum,
1288 5382 1413 5451 quia
1443 5381 1559 5451 ipse
1590 5381 1940 5435 matrimonio
1977 5381 2191 5450 pra-fuit

621 5478 713 5548 qui
743 5478 882 5532 dona
918 5475 1138 5529 deditet
1171 5483 1274 5538 cst,
1317 5481 1371 5527 et
1407 5474 1458 5526 in
1490 5472 1769 5542 pacilieam
1803 5487 1991 5527 eorum
2057 5473 2192 5526 adu-

621 5570 896 5625 natiouem
928 5575 1089 5634 atque
1112 5565 1480 5631 concordiam,
1544 5565 1770 5633 proinde
1833 5563 2027 5634 dignos
2073 5580 2215 5619 esset

625 5661 1016 5716 communione
1050 5668 1270 5729 oportet
1320 5659 1411 5726 qui
1476 5657 1529 5711 in
1591 5658 2194 5728 matrimoniumcopu-

623 5755 827 5815 lantur,
856 5766 908 5806 ct
944 5753 998 5806 in
1032 5750 1230 5821 templo
1255 5751 1346 5805 Dci
1379 5751 1530 5805 inter
1569 5764 1628 5803 se
1683 5749 1910 5811 nubere,
1945 5748 1999 5802 in
2032 5749 2193 5803 domo

630 5835 748 5904 Dei.
806 5845 899 5899 Dei
941 5845 1078 5899 lilios
1111 5843 1367 5910 utpoteiu
1402 5852 1691 5911 conspectu
1756 5841 1920 5904 illius,
1979 5841 2064 5895 ubi
2101 5857 2194 5908 pcr

2289 4651 2501 4718 Ἀγιος,
2535 4641 2616 4710 εἷς
2662 4644 2886 4714 Κύριος,
2919 4660 2940 4693 ι
2966 4642 3048 4695 ὅτι
3081 4631 3234 4701 οὗτος
3283 4639 3310 4692 ὁ
3361 4635 3636 4705 ἁγιασμὸς
3672 4634 3855 4703 μόνος,

2289 4741 2383 4794 καὶ
2430 4737 2538 4792 τῶν
2575 4733 2996 4803 συναπτομένων
3049 4729 3252 4784 δούλων
3288 4727 3458 4782 αὐτοῦ
3508 4727 3704 4797 εἰρήνη
3767 4725 3862 4776 καὶ

2287 4831 2517 4894 ἓνωσις,
2577 4826 2825 4881 κοινωνεῖ
2877 4823 3004 4886 τοὺς
3066 4822 3433 4890 νεονύμφους,
3487 4821 3604 4888 είγε
3661 4817 3860 4880 ἱκανῶς

2289 4923 2495 4992 ἔχουσι.
2528 4918 2639 4974 Καὶ
2693 4919 2773 4970 δεῖ
2826 4914 3049 4978 τούτους
3101 4912 3335 4981 ἑτοίμως
3399 4913 3566 4982 ἔχειν,
3619 4911 3710 4963 ἴνα
3767 4908 3863 4962 καὶ

2289 5015 2456 5079 ἀξίως
2501 5009 2908 5078 στεφανωοῶσι,
2946 5008 3041 5061 καὶ
3089 5007 3269 5070 καλῶς
3310 5003 3670 5073 συζευχθιῖωι.
3697 5002 3863 5063 Τέλος

2289 5108 2399 5176 γὰρ
2449 5105 2632 5174 πάσης
2683 5101 2906 5170 τελετῆς
2962 5100 3058 5153 καὶ
3109 5099 3255 5154 Θείου
3297 5097 3603 5168 μυστηρίου
3660 5095 3863 5156 παντὸς

2293 5197 2530 5267 σφραγὶς
2579 5197 2612 5264 ἡ
2647 5194 2766 5262 ίερὰ
2811 5191 3092 5244 κοινωνία.
3125 5191 3236 5245 Καὶ
3266 5188 3445 5252 καλῶς
3487 5189 3520 5257 ἡ
3564 5185 3860 5252 Ἐκκλησία

2292 5289 2544 5353 ποιοῦσα,
2577 5283 2964 5355 προετοιμάξει
2995 5282 3063 5334 τὰ
3089 5282 3207 5334 θεία
3236 5281 3406 5347 δῶρα,
3442 5279 3522 5341 είς
3568 5275 3860 5342 ὲξιλασμδν

2292 5384 2400 5434 τῶν
2433 5377 2853 5446 συναπτομένων
2906 5374 3000 5428 καὶ
3029 5372 3307 5439 εὐλογίαν·
3343 5372 3463 5423 ἐπεὶ
3496 5368 3654 5429 αὐτὸς
3705 5367 3762 5418 ὲν
3787 5364 3865 5434 τῷ

2293 5471 2457 5541 γάμῳ
2500 5463 2569 5538 ἦν
2623 5461 3021 5534 παραγεγονὼς
3073 5461 3100 5512 ὁ
3155 5461 3278 5523 δοὺς
3319 5461 3389 5512 τὰ
3441 5458 3590 5528 δῶρα
3633 5455 3729 5508 καὶ
3765 5453 3862 5517 ὢν,

2293 5563 2386 5617 καὶ
2442 5563 2522 5621 εἰς
2581 5557 2775 5629 ἒνωισιν
2829 5553 3010 5606 αὐτῶν
3074 5551 3358 5622 εἰρηνικὴν
3415 5551 3509 5602 καὶ
3569 5547 3861 5616 ὁμόνοιαν·

2293 5655 2417 5709 ὅθεν
2469 5649 2651 5716 ἀξίους
2696 5647 2776 5700 δεῖ
2835 5641 2976 5697 εἶναι
3044 5644 3142 5712 τῆς
3199 5641 3486 5700 κοινωνίας
3541 5640 3670 5700 τοὺς
3700 5638 3868 5704 γάμῳ

2297 5741 2785 5810 συζευγνυμένους,
2822 5737 2916 5789 καὶ
2961 5737 3020 5787 ἐν
3047 5735 3157 5804 ναῷ
3192 5734 3332 5804 ἁγίῳ
3359 5733 3752 5797 συνάπτεσθαι,
3786 5728 3866 5798 τῷ

2297 5840 2429 5906 οἴκῳ
2486 5835 2578 5889 τοῦ
2637 5830 2796 5896 Θεοῦ,
2849 5829 2916 5883 τὲ
2951 5829 3116 5884 τέκνα
3160 5829 3255 5883 τοῦ
3308 5824 3465 5889 θεοῦ,
3496 5825 3573 5886 ὡς
3627 5821 3865 5876 ἐνώπιον
