4108 6262
257 306 355 368 517

1549 305 1645 364 DE
1686 304 1744 367 S.
1781 302 2226 366 EUCI—IEL/EO.

3388 296 3492 364 518

255 424 440 485 λιυσιν,
472 422 506 493 ἢ
552 423 643 476 καὶ
669 421 743 486 ὡς
773 424 971 493 νεκρᾶς
1010 421 1176 492 οὔσης
1207 424 1301 490 τῆς
1334 422 1514 493 ψυχῆς
1543 419 1686 474 κατὰ
1734 417 1820 487 μί-

1938 416 1997 470 .:it
2037 416 2244 477 anima,
2281 417 2346 472 ad
2379 417 2736 475 imitationem
2769 417 3043 490 prophetae
3078 431 3326 490 puerum'
3342 420 3492 480 illius

256 531 423 586 μησεν
457 514 549 568 τοῦ
579 515 884 586 Προφήτου,
920 515 994 577 ὡς
1025 517 1116 567 ἐπὶ
1151 515 1243 568 τοῦ
1275 515 1459 574 παιδὸς
1481 512 1692 580 ἐκείνης
1726 511 1820 578 τῆς

253 607 664 672 Σουμανίτιδος,
691 608 1004 676 εὐξαμένων
1022 607 1128 660 τῶν
1151 608 1341 674 ἱερέων
1365 603 1593 667 ἑπτάκις
1622 605 1825 672 ταύτην

254 683 532 766 ἐγείρωσι,
587 697 726 751 καθὰ
781 699 845 768 δή
900 699 994 751 καὶ
1049 700 1077 751 6
1132 698 1434 759 Ἐλισσαῖος
1485 694 1578 749 τὸν
1634 695 1822 759 παῖδα,

254 787 419 856 200
447 788 675 848 ἑπτάκις
708 788 1135 858 ἐπανακάμψας,
1187 789 1277 841 καὶ
1317 786 1547 850 ἑπτάκις
1597 787 1828 855 εὐξάμε-

256 896 364 942 νος·
398 881 430 950 ἢ
462 881 555 931 καὶ
592 881 667 942 ὡς
701 883 726 934 6
769 880 954 943 Ἠλίας
989 880 1220 943 ἑπτάκις
1248 879 1568 949 εὐξάμενος,
1613 879 1702 931 τὸν
1737 877 1828 930 ού-

257 971 418 1042 ρανδν
463 970 522 1023 ὃν
556 970 768 1024 ἔκλεισε
817 973 927 1034 τοῖς
987 972 1368 1042 ἁμαρτήμασι,
1427 972 1592 1025 πάλιν
1649 970 1827 1042 ήνοιξε

255 1065 351 1117 καὶ
391 1063 707 1133 κατήγαγεν
735 1065 912 1128 ὑετὸν,
943 1067 1037 1119 καὶ
1063 1065 1210 1118 οὗτοι
1257 1065 1484 1129 ἑπτάκις
1513 1065 1825 1132 εὐξάμενοι,

254 1155 459 1208 λύσωσι
489 1155 591 1223 μὲν
618 1155 711 1207 τὸν
740 1155 840 1226 τῆς
887 1157 1159 1227 ἁμαρτίας
1185 1157 1420 1228 αὐχμὸν,
1467 1157 1721 1222 ἀνοίξωσι
1770 1155 1829 1208 δὲ

258 1244 399 1296 κατὰ
427 1244 520 1296 τὸν
554 1244 757 1311 Πέτρον
784 1246 878 1298 τὸν
926 1247 1180 1316 οὐρανὸν,
1211 1247 1309 1314 τήν
1337 1247 1521 1300 κλεῖδα
1575 1247 1830 1318 βαλόντες

257 1335 356 1403 τῆς
385 1333 625 1404 χάριτος,
683 1338 778 1388 καὶ
835 1335 928 1390 τὸν
972 1337 1120 1390 ἔλεον
1167 1337 1232 1391 ἐκ
1274 1338 1409 1392 Θεοῦ
1443 1340 1540 1406 τῆς
1583 1340 1831 1409 ἀφέσεως

258 1424 335 1489 ὡς
385 1426 540 1480 ὑετὸν
572 1428 978 1496 καταγάγωσιν.
1030 1423 1200 1492 Οὗτος
1235 1431 1337 1500 μὲν
1370 1432 1462 1486 οὖν
1503 1435 1531 1486 6
1577 1431 1725 1497 νοῦς,
1756 1432 1831 1495 ὡς

257 1517 382 1586 ἐμοὶ
412 1519 578 1586 δοκεῖ,
625 1523 893 1592 περὶτῶν
942 1523 1102 1577 ἐπτά.
1143 1523 1301 1586 Τινὲς
1348 1523 1404 1577 δὲ
1455 1523 1584 1576 ἔνθα
1633 1523 1831 1586 σπάνις

259 1607 472 1677 ἱερέων,
506 1611 602 1664 καὶ
630 1613 782 1681 τρεῖς
808 1612 1248 1683 προσκαλοῦνται
1279 1614 1498 1686 μόνους.
1533 1615 1644 1667 Kal
1672 1613 1832 1668 τοῦτο

256 1699 317 1748 οὺ
349 1702 652 1769 μεμπτέον.
696 1703 892 1757 Ἔσται
943 1705 1052 1773 γὰρ
1083 1705 1303 1775 πρῶτον
1344 1707 1444 1776 μὲν
1473 1706 1564 1760 διὰ
1600 1706 1833 1777 δύναμιν

255 1787 363 1855 τῆς
398 1791 650 1858 Τριάδοςο
701 1792 897 1848 ἔπειτα
945 1795 1003 1849 δὶ
1052 1796 1145 1852 καὶ
1189 1798 1277 1852 διὰ
1307 1797 1368 1853 τὸ
1398 1801 1478 1862 εἰς
1521 1799 1830 1868 μαρτυρίαν

257 1882 356 1936 καὶ
389 1883 655 1954 κήρυγμα
704 1887 802 1956 τῆς
833 1887 1062 1958 Τριάδος
1116 1891 1268 1961 παρὰ
1304 1891 1401 1944 τοῦ
1435 1889 1618 1944 Ἢ).ιοῦ
1671 1891 1832 1944 πάλιν

257 1975 505 2043 γεγονὸς,
549 1976 636 2030 ὅτε
689 1978 1032 2048 νεκρωθέντα
1064 1982 1158 2035 τδν
1200 1983 1314 2035 υἱὸν
1349 1982 1664 2052 Σαραφθίας
1709 1982 1831 2035 ἀνέ-

259 2078 454 2135 atque,
478 2067 598 2134 τρὶς
621 2068 1066 2138 προσευξάμενος
1095 2069 1188 2124 καὶ
1207 2071 1326 2140 τρὶς
1351 2071 1632 2124 ἐπιπεσὼν
1658 2070 1830 2139 αὐτῷ.

261 2156 421 2218 Τινὲς
451 2157 506 2211 δὲ
545 2160 641 2211 καὶ
674 2159 927 2224 πλείονας
975 2161 1086 2214 τῶν
1116 2162 1256 2215 ἑπτὰ
1287 2161 1726 2233 συναθροίζουσιν
1753 2165 1834 2226 εἷς

260 2247 510 2312 πλείονος
532 2251 731 2320 δεῖγμα
770 2251 1009 2316 πίστεώς
1043 2270 1102 2306 τε
1128 2255 1223 2307 καὶ
1253 2254 1585 2325 προθυμίας.
1604 2255 1748 2308 Ἀλλ’
1769 2254 1837 2308 οὗ

261 2338 822 2410 πολυπραγμονητέον
881 2344 1011 2414 περὶ
1061 2344 1157 2398 τοῦ
1193 2345 1430 2414 ἀριθμοῦ
1464 2362 1481 2378 ο
1536 2347 1660 2400 ἐπεὶ
1710 2347 1833 2401 οὐδὲ

260 2431 496 2503 ἁριθμὸς
523 2434 815 2504 γράφεται.
866 2433 1017 2505 Πλὴν
1046 2437 1095 2488 εί
1126 2437 1221 2491 καὶ
1258 2437 1320 2490 οὐ
1356 2437 1685 2505 γέγραπται,
1719 2439 1834 2490 ἀλλ’

259 2523 560 2592 ἀναγκαῖον
608 2525 707 2596 τὴν
753 2527 987 2595 ἀρχαίαν
1041 2527 1326 2596 τηρεῖσθαι
1381 2529 1696 2597 παράδοσιν.
1726 2530 1836 2582 Kal

259 2615 509 2668 ἔστωσαν
539 2617 638 2686 μὲν
678 2617 821 2670 ἑπτὰ
855 2617 929 2681 ὡς
977 2617 1097 2680 ἔθος
1143 2617 1402 2686 ἀρχαῖον
1437 2621 1486 2672 si
1521 2620 1566 2673 δ’
1597 2621 1834 2690 ἀνάγκη,

261 2707 325 2759 τὸ
355 2707 575 2760 ἔλαττον
603 2710 772 2776 τρεῖςο
801 2708 898 2761 καὶ
932 2707 1112 2762 πάντα
1147 2707 1458 2776 λεγέτωσαν
1481 2711 1580 2764 ὅσα
1603 2714 1838 2784 παραδέ-

261 2797 415 2850 δοται
453 2796 728 2865 λέγεσθαι·
781 2795 864 2851 δτι
904 2797 1009 2850 ιτοῦ
1047 2797 1363 2868 Πνεύματος
1406 2803 1585 2856 πάντα
1618 2805 1682 2857 ἐκ
1727 2805 1838 2860 τῶν

1860 1751 1907 1810 Β

1931 509 2295 564 Sumanitidis
2335 510 2400 565 ad
2451 511 2616 565 vitam
2658 511 2983 576 revocantis,
3030 513 3343 569 sacerdotes
3377 529 3497 584 sep-

1929 601 2031 655 ties
2096 601 2369 669 deprecati
2426 603 2574 657 illam
2630 605 2984 668 resuscitant,
3036 605 3494 673 quemadmodum

1929 690 2154 744 Elisaaus
2181 706 2406 758 puerum
2443 694 2642 762 septies
2670 695 2723 747 in
2761 710 2884 748 eum
2915 694 3233 750 incurvatus
3266 707 3322 750 et
3370 712 3494 767 sep-

1931 780 2036 834 ties
2084 781 2401 848 deprecatus
2441 799 2456 848 ;
2516 783 2599 836 vel
2632 783 2852 852 perinde
2879 801 2941 838 ac
2973 784 3118 840 Elias
3147 786 3345 854 septies
3372 798 3499 854 pre-

1932 879 2087 927 catus
2115 873 2312 926 atelqu
2342 874 2486 942 quod
2523 882 2742 943 propter
2775 887 2995 945 peccata
3033 877 3327 941 clauserat,
3370 893 3494 929 rur--

1931 979 2052 1019 sum
2107 967 2364 1034 aperuit.
2403 974 2458 1020 et
2517 967 2644 1020 inde
2707 968 2944 1036 pluviam
3010 969 3218 1027 eduxit.
3278 969 3349 1021 ita
3408 968 3498 1022 isti

1931 1055 2136 1122 septies
2161 1055 2435 1124 deprecati
2455 1057 2675 1110 solvunt
2695 1058 2915 1126 quidem
2938 1060 3142 1126 peccati
3177 1060 3494 1125 siccitatem,

1932 1145 2130 1199 cmlum
2185 1161 2318 1200 vero
2371 1146 2628 1216 aperiunt
2683 1164 2836 1204 more
2868 1151 3016 1203 Petri
3077 1152 3282 1206 clavem
3312 1151 3501 1220 gratiae

1932 1243 2234 1305 gestantes,
2263 1245 2318 1291 et
2353 1239 2782 1294 miscricordiam
2837 1256 2864 1294 a
2927 1240 3036 1295 Deo
3079 1243 3418 1298 remissionis
3442 1251 3502 1298 ut

1933 1326 2169 1396 pluviam
2199 1328 2458 1382 educunt.
2527 1328 2650 1386 Hace
2682 1339 2766 1385 est
2808 1332 2967 1397 ratio,
3003 1342 3058 1386 ut
3105 1333 3238 1387 mihi
3269 1334 3500 1399 videtur,

1932 1418 2001 1474 de
2039 1425 2246 1488 septem
2278 1419 2673 1476 sacerdotibus.
2716 1421 2946 1487 Quidam
2992 1438 3146 1490 vero,
3185 1425 3276 1480 ubi
3302 1434 3388 1481 est
3418 1441 3507 1480 sa-

1934 1511 2216 1566 cerdotum
2250 1512 2502 1581 penuria,
2537 1523 2648 1568 tres
2685 1524 2896 1569 tantum
2962 1517 3260 1581 advocant,
3317 1526 3374 1573 et
3402 1518 3507 1576 hoc

1934 1604 2093 1673 culpa
2151 1614 2324 1660 caret.
2388 1604 2474 1660 Fit
2524 1606 2668 1660 enim
2726 1608 2964 1677 primum
3009 1608 3228 1680 quidem
3284 1620 3510 1682 propter
3554 1605 3567 1614 ’

1935 1695 2188 1750 virtutem
2243 1695 2554 1763 Trinitatis,
2583 1698 2780 1754 deinde
2830 1715 2959 1754 vero
3013 1711 3232 1769 propter
3279 1703 3406 1758 illud
3436 1705 3508 1760 ab

1935 1787 2050 1842 Elia
2103 1788 2158 1842 in
2223 1789 2596 1843 testimonium
2642 1798 2700 1844 et
2750 1791 3190 1860 praedicationem
3222 1791 3507 1852 Trinitatis

1934 1895 2126 1934 rursus
2195 1880 2422 1945 factum,
2493 1880 2714 1949 quando
2781 1893 3056 1939 mortuum
3116 1883 3508 1955 Sarephthenae

1936 1971 2109 2024 tilium
2138 1969 2508 2034 resuscitavit,
2553 1979 2636 2025 ter
2677 1963 3025 2041 deprecatus,
3069 1984 3263 2046 terque
3295 1975 3351 2030 in
3379 1991 3505 2032 eum

1933 2061 2276 2117 incurvatus.
2341 2060 2572 2128 Quidam
2635 2073 2815 2119 autem
2868 2065 3051 2134 plures
3087 2081 3250 2135 quam
3298 2076 3507 2136 septem

1932 2163 2263 2225 congregant
2290 2153 2346 2208 in
2369 2154 2581 2226 signum
2605 2156 2826 2224 majoris
2853 2155 2971 2211 fidei
3001 2167 3054 2212 et
3073 2157 3381 2212 voluntatis.
3400 2157 3508 2215 Sed

1933 2261 2044 2300 non
2099 2257 2313 2316 Oportet
2344 2248 2412 2303 de
2447 2264 2674 2304 numero
2711 2249 3042 2320 disceptare,
3092 2265 3215 2307 cum
3246 2267 3506 2308 numerus

1934 2338 2169 2406 scriptus
2195 2353 2306 2392 non
2339 2340 2430 2395 sit.
2465 2339 2742 2413 Attamen,
2775 2343 2874 2398 etsi
2904 2342 3141 2413 scriptus
3174 2359 3285 2399 non
3321 2342 3507 2408 fuerit,

1936 2444 2160 2484 necesse
2205 2438 2290 2484 est
2338 2433 2617 2500 antiquam
2651 2434 2858 2489 servari
2887 2435 3234 2490 traditionem
3269 2450 3286 2490 :
3325 2436 3511 2492 adsint

1936 2523 2156 2591 quidem
2186 2533 2393 2592 septem
2425 2525 2724 2580 secundum
2751 2527 3030 2596 antiquum
3058 2543 3306 2594 morem;
3345 2537 3424 2592 at,
3455 2529 3504 2582 si

1937 2627 2168 2667 necesse
2206 2611 2395 2679 fuerit,
2434 2615 2502 2669 ad
2532 2616 2820 2670 minimum
2855 2625 2990 2682 tres,
3025 2624 3081 2672 et
3107 2618 3290 2674 omnia
3326 2618 3510 2673 dicant

1937 2719 2274 2775 quaecunque
2358 2705 2543 2762 dicere
2620 2708 2882 2764 traditum
2961 2719 3093 2777 est,
3151 2710 3410 2780 quoniam
3478 2725 3509 2764 a

1941 2794 2146 2864 Spiritu
2175 2806 2303 2850 sunt
2331 2797 2515 2852 omnia
2544 2813 2665 2868 quae
2696 2812 2764 2855 ex
2792 2798 3045 2854 Patribus
3082 2810 3312 2869 excepta
3357 2809 3509 2854 sunt.

264 2886 526 2956 Πατέρων
560 2887 709 2943 ὄντα.
747 2883 841 2951 Εἷς
872 2887 926 2942 δὲ
958 2888 1330 2959 πρεσϐύτερος
1363 2893 1438 2963 μὴ
1479 2895 1704 2949 ποιείτω
1750 2896 1836 2951 εὐ-

1941 2885 2094 2942 Uuus
2141 2895 2326 2942 autem
2381 2889 2662 2961 presbyter
2693 2905 2803 2946 non
2850 2890 3099 2946 conficiat
3149 2890 3508 2956 euchelazum,

257 2978 503 3044 χέλαιον·
537 2981 616 3033 ὅτι
645 2980 722 3042 ὡς
755 2981 883 3050 περὶ
917 2980 1220 3035 ἐπισκόπου
1268 2985 1576 3054 γέγραπται
1609 2986 1686 3054 μὴ
1725 3005 1836 3058 χει-

1940 2978 2198 3046 quoniam
2249 2981 2702 3049 quemadmodum
2745 2984 2813 3037 de
2846 2984 3105 3054 episeopo
3132 2983 3392 3053 scriptum
3425 2992 3511 3038 est

261 3069 604 3135 ροτονεῖσθαι
629 3072 760 3140 παρ’
788 3071 926 3136 ἐνὸς,
959 3071 1102 3146 οὓτω
1133 3074 1229 3127 καὶ
1259 3076 1389 3145 περὶ
1421 3076 1730 3146 εύχελαίου,
1761 3080 1836 3152 μὴ

1941 3078 2010 3118 ne
2035 3064 2105 3118 ab
2139 3079 2248 3120 uno
2279 3067 2584 3134 ordinetur,
2630 3069 2706 3124 ita
2732 3079 2787 3124 et
2841 3071 2909 3125 de
2965 3072 3259 3137 euchelazo,
3314 3087 3386 3127 ne
3441 3073 3512 3128 ab

259 3158 419 3228 παρὰ
437 3158 810 3229 πρεσϐυτέρου
839 3161 959 3225 ἐνὺς
981 3164 1273 3220 τελεῖσθαι.
1316 3185 1336 3220 ι
1371 3168 1836 3238 Προσκαλεσάσθω

1943 3170 2050 3210 uno
2074 3158 2387 3228 presbytero
2412 3161 2765 3218 conﬁciatur:
2804 3181 2822 3214 ι
2847 3163 3096 3229 lnducat,
3126 3165 3321 3236 inquit,
3351 3179 3510 3236 pres-

244 3249 390 3331 ,τοὺς
420 3248 830 3320 πρεσϐυτέρους
878 3251 980 3322 τῆς
1010 3253 1360 3326 Ἐκκλησίας,
1409 3259 1564 3329 φησι,
1599 3261 1694 3312 καὶ
1741 3261 1836 3333 οὐχ

1941 3243 2158 3318 byteros
2205 3247 2464 3305 Ecclesia:
2527 3251 2604 3322 (et
2642 3267 2750 3308 non
2805 3269 2974 3308 unum
3002 3255 3422 3326 presbyterum),
3455 3262 3513 3310 et

257 3325 361 3392 ἕνα
391 3339 776 3410 πρεσϐύτερον.
833 3342 943 3396 Kal
987 3325 1482 3417 προσευξάσθωσαν
1517 3325 1608 3404 ἐπ’
1653 3325 1840 3422 αὐτὸν,

266 3427 594 3498 ἀλείψαντες
617 3431 783 3484 αὑτὸν
812 3432 996 3505 ἐλαίῳ.
1027 3452 1046 3486 ι
1365 3506 1369 3510 .

725 3522 882 3593 20],
928 3528 1182 3584 ΚΕΦΛΛ.
1219 3531 1386 3585 ΣΠΔν.

350 3609 485 3666 Ὀτι
510 3612 769 3684 μεγίστη
804 3618 910 3672 τοῦ
942 3619 1116 3688 ἁγίου
1144 3621 1358 3676 ἐλαίου
1390 3623 1428 3689 ἡ
1466 3623 1743 3696 δύναμις.

334 3703 451 3756 Kal
473 3704 526 3756 τί
552 3704 616 3756 ἐκ
647 3706 1174 3782 τούτουίγενήσεταω
1207 3714 1349 3785 Ὅρα
1375 3716 1456 3770 ὃτι
1485 3717 1544 3772 τὺ
1567 3721 1842 3788 μέγιστον.

267 3812 287 3845 ι
315 3795 432 3848 Kal
453 3795 489 3865 ἡ
519 3795 674 3867 εὐχὴ,
702 3804 856 3868 φησὶ,
880 3801 979 3872 τῆς
999 3803 1232 3870 πίστεως
1257 3805 1420 3860 σώσει
1441 3809 1532 3864 τὸν
1548 3812 1841 3881 κάμνοντα,

259 3887 360 3940 καὶ
382 3886 569 3958 ἐγερεϊ
599 3888 762 3945 αὐτὸν
791 3893 820 3944 ὁ
846 3894 1074 3965 Κύριος·
1092 3915 1112 3947 ι
1145 3897 1242 3968 οὐχ
1264 3899 1314 3952 οἱ
1350 3899 1650 3972 ἄνθρωποι,
1677 3903 1791 3956 ἀλλ’
1815 3905 1844 3956 6

260 3978 499 4050 Κύριος.
542 3979 697 4035 Ἐπεὶ
725 3983 826 4055 τὴν
851 3986 1012 4057 χάριν
1039 3987 1134 4042 τοῦ
1170 3990 1376 4061 Κυρίου
1413 3991 1513 4061 τῆς
1546 3994 1846 4065 ἱερωσύνης

261 4071 600 4129 ἐνδέδυνται.
635 4075 740 4129 Kal
767 4078 818 4129 τί
845 4077 928 4131 ἔτι
953 4080 1115 4134 πλέον
1142 4083 1170 4134 6
1200 4085 1425 4150 κάμνων
1454 4085 1699 4154 εύρήσει;
1726 4089 1846 4140 Κᾶν

261 4162 610 4238 ἁμαρτίαςῇ
644 4169 980 4239 πεποιηκὼς,
1038 4171 1376 4242 ἀφεθήσεται
1428 4174 1599 4246 αὐτῷ.
1648 4177 1844 4246 Ὁρᾶτε

260 4251 504 4322 δύναμιν
536 4256 636 4326 τῆς
665 4259 888 4329 τελετῆς
918 4261 1125 4332 ταύτης
1152 4280 1167 4330 ;
1203 4267 1298 4320 καὶ
1341 4269 1655 4340 ἀρρωστίας
1704 4270 1842 4337 λύει,

261 4344 524 4409 καὶτοὺς
559 4350 847 4418 κειμένους
890 4353 1118 4420 ἐγείρει,
1151 4356 1244 4408 καὶ
1287 4357 1558 4429 ἁμαρτίας
1599 4361 1842 4432 ἀφίησιν.

826 4464 1080 4519 ΚΕΦΑΛ.
1117 4467 1286 4526 ΣΠΕ⁹.

266 4548 437 4603 Κατὰ
473 4547 580 4618 τῆς
609 4551 679 4606 ἐν
723 4553 803 4619 τῷ
849 4557 1143 4681 εὐκελῆίῳ
1188 4561 1308 4615 τῶν
1346 4565 1620 4620 Λατίνων
1643 4584 1844 4624 καινο-

947 4643 1055 4681 τοιι
1081 4644 1177 4681 ac.

947 4643 1177 4695 τομίας.

347 4709 504 4764 Ἀλλ’
550 4711 598 4764 oi
634 4714 1085 4784 καινοτομοῦντες
1155 4718 1334 4774 πάντα
1379 4722 1596 4779 Λατῖνοι
1643 4728 1739 4780 καὶ
1785 4729 1846 4782 rb

270 4803 402 4872 περὶ
427 4802 627 4856 τούτου
662 4806 1058 4876 παρέφθειραν.
1099 4811 1206 4862 Kal
1243 4813 1304 4864 ού
1331 4813 1438 4884 χρὴ
1462 4814 1661 4871 διδόναι
1689 4819 1846 4874 τοῦτο

273 4893 649 4964 ἀρρωστοῦσι,
676 4898 863 4967 φασὶν,
893 4899 1008 4953 ἀλλ’
1039 4900 1492 4972 ἀποθνήσκουσιν,
1515 4907 1638 4962 ἐπεὶ
1669 4911 1847 4984 ἁμαρ-

265 4983 394 5046 τίας
423 4985 672 5056 ἀφίησιν,
711 4988 799 5042 ἵνα
837 4991 914 5061 μὴ
948 4991 1111 5045 πάλιν
1163 4994 1430 5066 ἐπιζήσας
1467 5011 1551 5062 τίς
1601 4983 1845 5075 ἐξαμιάρ-

267 5089 374 5128 tot.
408 5075 588 5130 Βαϐαὶ
611 5078 709 5148 τῆς
732 5081 992 5146 ἀπονοίας
1019 5084 1034 5138 ί
1072 5085 1137 5138 '0
1166 5085 1268 5155 μὲν
1302 5086 1664 5158 Ἀδελφόθεος,
1707 5096 1846 5149 «Καὶ

272 5166 306 5234 ή
337 5165 494 5236 εὐχὴ,
535 5170 690 5238 φησὶ,
722 5172 823 5242 τῆς
855 5173 1090 5237 πίστεως
1116 5175 1280 5230 σώσει
1307 5177 1398 5233 τὸν
1430 5179 1726 5249 κάμνοντα,
1752 5185 1846 5238 καὶ

270 5257 461 5325 ἐγερεῖ
499 5259 663 5314 αὑτὸν
695 5260 724 5311 ὁ
775 5262 1000 5333 Κύριο;’
1034 5282 1053 5316 ι
1106 5261 1256 5320 οὗτοι
1287 5268 1366 5333 δέ,
1404 5268 1522 5325 Ἷνα
1575 5273 1842 5350 ἀποθάνῃ,

272 5345 468 5436 φασίν.
510 5346 676 5420 Ὁρᾷς
710 5351 801 5405 τὸν
854 5354 1346 5426 ἐκκρημνισθὲντα,
1396 5359 1545 5425 ὅπως
1593 5364 1678 5416 ἀεὶ
1710 5345 1844 5436 προς

265 5434 329 5488 τδ
354 5437 622 5504 κάταντες
654 5444 1057 5513 καταφέρεταις
1090 5447 1206 5501 Κᾶν
1240 5449 1516 5519 ἁμαρτίας
1619 5434 1845 5527 πεποιη-

267 5527 403 5619 κὼς,
453 5530 785 5602 ἀφεθήσεται
810 5537 981 5607 αὐτῷ,
1015 5537 1101 5592 ἵνα
1142 5540 1261 5611 ἰαθῇ
1295 5543 1387 5596 καὶ
1428 5545 1626 5616 ἐγερθῇ
1657 5547 1844 5619 δηλον·

265 5615 370 5670 ότι.
425 5619 535 5673 Kal
567 5621 725 5676 τοῦτο
753 5624 1026 5680 δείκνυσιν
1055 5630 1082 5682 6
1118 5629 1327 5701 Σωτὴρ,
1363 5633 1498 5703 πρὸς
1530 5615 1620 5690 τὸν
1666 5615 1844 5710 παρά-

264 5707 426 5766 λυτον
460 5713 716 5782 εἰρηκὼς,
764 5719 1077 5787 Ἀφέωνταί
1109 5737 1206 5778 σοι
1257 5729 1316 5779 αι
1364 5726 1640 5795 ἁμαρτίαι
1702 5746 1838 5790 σου·

1941 3347 2282 3411 orentsuper
2313 3356 2462 3409 eum,
2489 3353 2753 3414 tingentes
2791 3359 2916 3400 eum
2943 3345 3090 3402 oleo.
3125 3363 3148 3399 ι

2401 3519 2632 3577 CAPUT
2679 3521 3056 3583 CCLXXXW.

2169 3613 2317 3678 Quod
2351 3617 2588 3670 matrima
2623 3617 2693 3671 sit
2724 3619 2867 3672 sacri
2898 3618 2998 3673 olei
3021 3619 3274 3689 efﬁcacia.

2020 3709 2088 3763 Et
2116 3708 2376 3778 quidnam
2402 3723 2467 3762 ex
2499 3709 2600 3761 hoc
2625 3707 2877 3762 eveniet?
2919 3706 3052 3764 Vide
3076 3725 3238 3778 quam
3301 3711 3372 3765 sit
3400 3726 3512 3766 ma-

1945 3802 2178 3856 ximum.
2219 3819 2236 3852 ι
2261 3799 2326 3854 Ει
2358 3799 2534 3854 oratio
2566 3797 2714 3864 lldei,
2734 3799 2831 3864 ait,
2857 3799 3087 3853 salvabit
3125 3799 3426 3866 inﬁrmum,
3457 3810 3514 3855 et

1946 3894 2223 3950 alleviahit
2251 3907 2376 3948 eum
2405 3890 2722 3955 Dominus,»
2758 3905 2863 3946 non
2891 3891 3162 3955 homines,
3199 3893 3294 3946 sed
3329 3892 3513 3948 Domi-

1944 4003 2072 4051 nus,
2107 3985 2364 4056 quoniam
2394 3985 2620 4053 gratiam
2668 3980 2880 4036 Domini
2932 3982 3380 4038 sanctiﬁcationis
3426 3983 3512 4038 in-

1944 4079 2201 4134 duerunt.
2230 4076 2295 4128 Et
2319 4075 2448 4145 quid
2468 4074 2700 4144 amplius
2726 4075 2980 4137 laborans
3006 4074 3282 4130 inveniet?
3317 4093 3335 4126 ι
3375 4073 3439 4130 Et
3464 4077 3511 4130 si

1945 4177 2170 4240 peccata
2221 4166 2441 4232 fecerit,
2475 4167 2820 4220 remittentur
2853 4166 2924 4220 ei.
2956 4184 2976 4219 ι
3039 4166 3313 4222 Videtisne
3342 4167 3513 4222 virtu-

1949 4267 2057 4313 tem
2088 4257 2255 4326 hujus
2285 4256 2569 4325 mystcrii?
2620 4265 2674 4310 et
2701 4256 3069 4311 infirmitatem
3102 4256 3288 4323 solvit,
3343 4267 3396 4314 et
3423 4257 3510 4328 ja-

1947 4356 2137 4404 centes
2166 4345 2402 4412 alleviat,
2435 4355 2490 4401 et
2518 4355 2738 4416 peccata
2773 4346 3020 4400 dimittit.

2427 4457 2557 4511 CAP
2571 4457 2658 4512 UT
2689 4457 2961 4512 CCLXXX
2979 4458 3038 4512 V.

2015 4549 2216 4606 Contra
2252 4551 2535 4604 novitatem
2585 4549 2899 4606 Latinorum
2929 4553 3073 4606 circa
3106 4552 3443 4607 eurlteltrum.

2015 4730 2152 4786 Sed-
2172 4731 2349 4785 Latini
2379 4731 2560 4784 omnia
2611 4730 2934 4788 innOVantes
2957 4734 3261 4788 doctrinam
3297 4752 3515 4807 quoque

1946 4822 2110 4892 hujus
2151 4822 2395 4892 mysterii
2426 4822 2888 4890 adulteraverunt,
2934 4833 2990 4881 et
3021 4825 3214 4883 dicuut
3239 4827 3368 4883 illud
3404 4845 3513 4883 non

1944 4914 2181 4969 dandum
2209 4928 2330 4968 esse
2397 4913 2652 4978 inﬁrmis,
2685 4919 2780 4970 sed
2809 4919 3192 4985 morientibus,
3253 4923 3514 4991 quoniam

1945 5013 2167 5074 peccata
2201 5004 2448 5072 dimittit,
2506 5021 2576 5061 ne
2611 5023 2826 5063 rursum
2865 5011 3086 5065 sanitati
3123 5013 3368 5070 redditus
3421 5016 3515 5070 de-

1944 5098 2172 5166 linquat.
2207 5095 2324 5150 lleu
2354 5097 2366 5151 l
2399 5107 2597 5166 quanta
2634 5099 2879 5154 insania!
2912 5103 3001 5155 Dei
3035 5104 3253 5171 quidem
3281 5104 3512 5162 Frater:

1950 5186 2050 5240 «Et
2073 5189 2269 5252 oratio,
2297 5189 2490 5257 inquit,
2514 5189 2633 5244 fidei
2653 5191 2878 5248 salvabit
2898 5193 3194 5258 inﬁrmum,
3223 5205 3275 5250 et
3301 5197 3517 5251 allevia-

1946 5280 2023 5333 Ιιὶι
2051 5294 2175 5334 eum
2197 5279 2493 5347 Dominus;
2520 5300 2538 5333 ›
2561 5281 2633 5335 illi
2663 5294 2841 5338 autem
2877 5287 3095 5341 dicunt:
3136 5287 3202 5342 Ut
3230 5290 3515 5345 moriatur.

1949 5372 2133 5429 Viden’
2163 5375 2436 5444 quomodo
2470 5393 2709 5449 praeceps
2735 5379 2789 5433 iu
2816 5383 3036 5436 tetriora
3066 5399 3280 5454 semper
3311 5385 3518 5442 feratur

1945 5466 2280 5538 praecipitia?
2339 5469 2406 5524 Et
2463 5471 2507 5524 si
2557 5483 2774 5540 peccata
2831 5475 3012 5542 fuerit,
3055 5480 3398 5533 remittemur
3439 5483 3513 5543 ei,
3564 5499 3569 5504 ’

1946 5558 2154 5613 scilicet
2204 5570 2265 5614 ut
2319 5571 2546 5618 sanetur
2593 5573 2646 5620 et
2704 5566 3011 5632 allevietur,
3073 5572 3215 5640 quod
3269 5571 3515 5627 Salvator

1945 5647 2287 5706 demonstrat
2322 5652 2557 5710 dicendo
2592 5657 2657 5711 ad
2687 5659 3044 5731 paralyticum
3081 5680 3092 5715 :
3170 5681 3186 5713 ι
3213 5661 3515 5718 Remittun-

1947 5746 2032 5795 tur
2065 5738 2160 5795 tibi
2191 5753 2411 5810 peccata
2439 5757 2527 5802 tua
2553 5762 2568 5814 ;
2594 5765 2612 5800 ι
2649 5758 2701 5804 et
2729 5765 2744 5806 :
2775 5768 2791 5804 ι
2817 5749 2988 5815 Surge
3019 5763 3072 5809 et
3100 5755 3316 5811 ambula
3339 5772 3385 5822 ;ι
3416 5769 3508 5812 et:
