4108 6262
611 307 721 369 διε)

1468 291 1848 354 SYMEONIS
1881 283 2640 348 THESSALONICENSIS
2671 283 3030 346 ARCIIIEP.

3746 285 3867 345 520

616 436 637 469 ι
665 415 804 470 Ecce
823 422 988 464 sanus
1015 405 1189 461 factus
1205 416 1298 470 es;
1321 401 1432 473 jam
1456 402 1564 456 noli
1585 412 1829 470 peccare,
1849 412 1917 452 ne
1941 397 2183 452 deterius
2211 423 2223 454 ι

2304 394 2401 458 cal,
2444 392 2677 462 Ἔγειρε
2705 391 2804 446 καὶ
2833 390 3145 460 περιπάτει
3167 406 3180 422 ·
3231 391 3349 454 καὶ.
3385 393 3499 446 Ἴδε
3544 393 3724 462 ὑγιὴς
3763 395 3874 466 γέ-

611 507 710 560 tibi
739 499 944 570 aliquid
971 499 1272 567 contingat.
1306 513 1325 546 ι
1373 493 1453 548 11Ιί
1481 507 1612 547 vero
1635 491 1874 562 cogitant
1901 488 2179 544 contrario

615 593 908 652 Salvatoris
930 591 1153 660 ejusque
1179 585 1456 657 apostolis,
1489 595 1544 640 et
1573 599 1682 638 non
1729 581 2054 637 alleviandis
2087 579 2184 635 sed

619 686 984 742 morientibus
1005 681 1146 736 istud
1167 687 1450 734 autumant
1467 691 1586 732 esse
1605 675 2017 730 conferendum.
2037 672 2184 739 Qua-

614 789 838 850 propter
915 775 1017 828 hoc
1071 786 1181 826 nou
1242 771 1448 824 faciunt
1481 766 1785 823 secundum
1831 763 2186 850 apostolicam

619 847 965 923 traditionem
1019 861 1269 916 advocati
1305 859 1373 914 ab
1424 856 1504 912 eis
1540 855 1634 926 qui
1664 867 1802 923 npus
1832 851 2060 913 habent,
2091 847 2187 902 scd

555 960 564 972 ’
617 957 872 1028 proprios
924 969 1054 1008 usus
1117 953 1385 1006 facientes
1441 945 1781 1004 custodiunt.
1842 941 1912 996 Et
1936 948 2184 994 sanctum

617 1050 836 1120 quidem
861 1045 994 1100 dicit
1021 1043 1370 1110 Evangelium
1409 1056 1425 1094 :
1465 1058 1483 1090 ι
1515 1036 1800 1106 Ungebant
1833 1032 1955 1086 oleo
1985 1029 2189 1120 multos

552 1175 554 1179 -
619 1117 814 1209 aegros,
841 1146 894 1190 et
918 1135 1221 1199 sanabant;
1265 1150 1283 1183 ι
1327 1130 1405 1186 illi
1439 1136 1616 1181 autem
1648 1125 1800 1178 aiunt
1823 1137 1928 1176 non
1954 1117 2190 1175 conferri

619 1237 1022 1286 sacramentum
1055 1234 1111 1278 ut
1145 1232 1427 1284 sanentur,
1466 1218 1558 1274 sed
1589 1228 1648 1272 ut
1675 1213 2006 1270 insanabiles
2060 1211 2192 1264 fiant

621 1333 677 1375 et
701 1321 1024 1374 moriantur.
1084 1315 1128 1370 0
1156 1317 1342 1378 homo,
1376 1313 1596 1382 ignoras
1622 1306 2006 1378 mysteriorum
2039 1302 2190 1356 noti-

623 1412 776 1474 tiam,
811 1421 868 1464 et
921 1406 1304 1464 damnabiliter
1333 1419 1506 1457 erras.
1575 1399 1710 1455 Nam
1752 1395 2105 1466 Evangelium
2136 1404 2192 1448 et

622 1503 742 1572 ejus
778 1501 870 1570 qui
902 1501 1005 1555 hoc
1033 1499 1182 1554 dedit
1210 1497 1375 1551 frater
1407 1496 1668 1550 dixerunt
1701 1494 1848 1549 istud
1879 1494 2063 1548 oleum
2091 1506 2191 1559 pro

622 1593 852 1650 infirmis
887 1590 1116 1657 institui,
1172 1597 1230 1642 ut
1261 1587 1432 1650 uncti,
1479 1586 1720 1640 dimissis
1765 1585 2026 1654 peccatis,
2062 1583 2196 1638 ωηο-

620 1687 866 1750 vientur,
898 1679 1358 1754 quemadmodum
1389 1678 1607 1746 utrique
1638 1676 1936 1746 paralytico
1959 1675 2198 1730 declara-

624 1787 739 1831 tum
771 1785 895 1842 est;
949 1773 1217 1828 ambobus
1251 1770 1396 1824 enim
1431 1769 1565 1823 dixit
1595 1767 1838 1823 Salvator
1867 1783 1883 1821 :
1949 1784 1968 1818 ι
2004 1765 2199 1819 Dimit-

627 1875 817 1922 tuntur
846 1866 942 1920 tibi
976 1872 1192 1933 peccata
1221 1870 1310 1915 tua
1343 1879 1362 1913 ι
1393 1858 1838 1929 ἰηιιοζοειειιᾶειιε
1865 1856 2200 1913 infirmitatis

627 1973 850 2014 causam
878 1971 1002 2012 8888
1033 1963 1277 2025 peccata.

979 2240 1140 2310 202
1178 2235 1408 2293 CAPUT
1457 2231 1829 2292 CCLXXXVI.

633 2333 787 2405 Quod
818 2331 964 2387 aliud
997 2333 1062 2386 sit
1119 2329 1459 2392 eucltetwum,
1491 2328 1640 2381 aliud
1669 2327 1843 2382 oleum
1876 2342 1977 2398 quo
2007 2326 2206 2381 mortui

1219 2407 1608 2468 porunguntur.

700 2497 1086 2552 Verumtamen
1105 2493 1303 2548 mortui
1321 2505 1537 2562 quoque
1555 2491 1678 2550 oleo
1694 2499 1991 2562 unguntur,
2012 2505 2208 2561 quem-

633 2589 920 2647 admodum
970 2587 1188 2642 divinus
1219 2583 1357 2639 dixit
1395 2582 1704 2654 Dionysius,
1765 2583 1820 2638 in
1849 2584 2059 2655 signum
2109 2598 2209 2636 un-

633 2679 836 2734 ctionis
885 2678 991 2733 olei
1045 2693 1077 2732 a
1121 2675 1388 2747 principio
1448 2675 1503 2729 in
1542 2675 1811 2744 baptismo
1858 2685 2119 2745 acceptae,
2151 2683 2207 2730 ct

559 2753 563 2756 λ
640 2771 805 2840 hujus
854 2771 993 2824 ritus
1029 2767 1121 2824 dat
1153 2767 1422 2822 rationem
1449 2805 1465 2830 ,
1508 2780 1704 2835 nempe
1759 2767 2015 2834 quoniam
2082 2782 2206 2821 cum

637 2863 730 2916 ille
760 2860 852 2930 qui
887 2860 941 2913 in
972 2857 1190 2913 Christo
1221 2856 1475 2912 occubuit
1498 2865 1555 2910 et
1592 2857 1731 2912 bene
1761 2865 1816 2910 et
1846 2854 2058 2911 fortiter
2085 2873 2204 2911 cer-

640 2965 817 3005 tamen
845 2949 1244 3004 consummavit
1275 2948 1341 3002 ad
1373 2949 1516 3016 quod
1540 2947 1780 3017 primum
1816 2947 1978 3002 etiam
2009 2958 2208 3002 unctus

639 3047 833 3105 fuerat,
859 3056 1004 3096 nunc
1029 3054 1246 3109 quoque
1275 3041 1394 3094 oleo
1415 3039 1635 3094 lenitur.
1661 3037 1814 3104 Quod
1843 3038 1898 3092 fit
1939 3039 2204 3094 iudicium

639 3133 862 3196 Christi,
897 3141 953 3188 et
1009 3131 1247 3203 sigillum
1296 3131 1692 3186 disrcdentium
1750 3130 1802 3183 in
1851 3129 2093 3196 Christo,
2144 3129 2200 3184 in

640 3221 1130 3276 sanctificationem
1161 3229 1500 3275 mortuorum
1533 3234 1844 3288 corporum,
1877 3235 2068 3275 eorum
2109 3221 2202 3289 qui

641 3329 735 3381 pro
767 3313 988 3367 Christo
1016 3319 1324 3380 pugnantes
1355 3310 1440 3364 his
1474 3311 1530 3364 in
1569 3311 1734 3364 terris
1767 3310 1857 3379 pie
1891 3312 2201 3366 conversati

641 3413 788 3464 sunt,
821 3411 877 3455 et
909 3403 1071 3454 etiam
1109 3401 1162 3452 in
1222 3400 1484 3452 honorem
1515 3398 1772 3467 ipsorum,
1818 3403 2075 3469 quoniam
2113 3416 2206 3455 sc-

643 3493 877 3546 cundum
901 3492 1182 3547 Christum
1213 3490 1486 3558 vixerunt,
1518 3491 1673 3560 cujus
1710 3492 1923 3561 signum
1965 3503 2051 3547 cst
2079 3509 2208 3546 san-

643 3581 932 3634 ctificatum
966 3580 1240 3634 unctionis
1283 3579 1485 3634 oleum.
1544 3579 1672 3634 Ideo
1703 3581 1863 3634 etiam
1893 3582 2208 3634 sacerrimis

643 3681 939 3740 martyrum
963 3672 1209 3740 reliquiis
1235 3672 1339 3727 sub
1364 3671 1518 3726 altari
1547 3672 1728 3726 divino
1760 3672 1906 3726 velut
1933 3673 1986 3726 in
2019 3689 2210 3728 monu-

644 3771 826 3816 mento
870 3763 1166 3832 suppositis
1225 3773 1472 3819 sanctum
1519 3765 1697 3834 ipsum
1765 3763 2072 3818 infunditur
2107 3781 2212 3819 uu-

643 3863 900 3924 guentum
965 3856 1088 3910 loco
1141 3856 1304 3912 istius
1333 3856 1462 3917 olei.
1521 3857 1787 3910 Perfectis
1826 3857 1970 3910 enim
1999 3857 2209 3914 infundi

641 3951 804 4005 debet
844 3946 1326 4017 perfectissimum.

1113 4060 1345 4116 CAPUT
1373 4061 1770 4119 CCLXXXVII.

647 4155 793 4222 Quod
817 4153 1085 4208 monac/tis
1113 4155 1372 4226 defunctis
1407 4155 1601 4219 oleum,
1631 4157 1781 4211 laici:
1808 4157 1978 4226 pulvis
2011 4173 2075 4212 ex
2096 4156 2216 4210 thu-

1144 4224 1312 4279 rtbulo
1340 4227 1684 4297 inspergitur.

716 4321 885 4390 Igitur
906 4335 1003 4375 nos
1019 4319 1163 4374 istud
1187 4319 1588 4389 sicimplemus.
1609 4319 1892 4376 Fratribus
1921 4321 2138 4390 quidem
2160 4321 2215 4374 in

2285 500 2489 553 τονας,
2513 485 2728 553 μηκέτι
2766 484 3086 553 ἁμάρτανε,
3135 484 3238 536 ἵνα
3284 481 3371 553 μὴ
3407 484 3611 553 χεῖρόν
3657 489 3716 540 τι
3761 504 3874 542 σοι

2283 575 2548 646 γένηται.
2582 576 2644 629 Ol
2667 577 2724 629 δὲ
2770 577 3097 640 ἀπεναντίας
3124 573 3382 646 φρονοῦσι
3432 578 3510 646 τῷ
3557 579 3781 648 Σωτῆρι
3811 596 3875 632 τε

2285 668 2379 722 καὶ
2412 671 2525 732 τοῖς
2560 668 2880 730 ἀποστόλοις
2923 667 3110 722 αὑτοῦ.
3165 668 3278 723 Καὶ
3322 671 3436 732 τοῖς
3467 669 3543 739 μὴ
3579 671 3874 741 ὲγειρομέο

2285 774 2419 824 νοις,
2449 758 2563 811 ἀλλ’
2605 759 3012 828 ἀποθνήσκουσι
3067 759 3226 812 τοῦτό
3279 776 3412 826 φασι
3453 759 3716 815 δίδοσθαι.
3773 761 3876 812 Διὸ
3935 826 3940 831 Ι

2287 850 2382 901 καὶ
2415 848 2478 901 οὑ
2515 848 2655 900 κατὰ
2682 848 2782 917 τὴν
2824 847 3191 917 ἀποστολικὴν
3235 847 3395 902 τοῦτο
3439 849 3654 902 ποιοῦσι
3685 850 3876 919 παρά-

2287 940 2454 1004 δοσιν,
2493 939 2964 1009 προσκαλούμενοι
3015 940 3170 1008 παρά
3201 939 3310 993 τῶν
3355 941 3693 1010 χρῃζόντων,
3746 940 3877 994 ἀλλ’

2292 1031 2398 1101 ίδέᾳ
2439 1031 2724 1093 ποιοῦντες
2753 1030 3099 1099 φυλάττουσι.
3143 1031 3254 1084 Καὶ
3288 1031 3347 1084 τὸ
3395 1032 3495 1099 μὲν
3527 1031 3673 1100 ίερόν
3703 1048 3875 1100 φησιν

2290 1123 2623 1190 Εὐαγγέλιον
2647 1137 2660 1152 ·
2696 1122 2807 1175 Καὶ
2846 1121 3102 1190 ἤλειφον
3138 1121 3320 1187 ἐλαίῳ
3366 1120 3644 1187 πολλοὺς
3673 1121 3874 1189 ἀρρὠ

2290 1230 2482 1280 στους
2531 1212 2632 1266 καί
2685 1213 3073 1279 ἐθεράπευον·
3127 1213 3176 1265 οί
3213 1213 3269 1266 δὲ
3322 1212 3524 1266 διδόναι
3574 1213 3650 1282 μὴ
3691 1214 3777 1277 είς
3807 1214 3876 1268 τὸ

2293 1304 2718 1376 θεραπεύεσθαι,
2754 1303 2870 1358 ἀλλ’
2904 1305 3012 1367 είς·
3037 1303 3100 1356 τὸ
3129 1299 3271 1358 εἶναι
3319 1305 3734 1372 ἀθεραπεύτους
3773 1307 3876 1359 καὶ

2294 1396 2663 1466 ἀποθνήσκειν
2692 1395 2876 1464 φασίν.
2913 1394 3222 1466 Ἄνθρωπε,
3275 1397 3496 1463 ἀγνοεῖς
3532 1396 3634 1468 τὴν
3665 1397 3876 1466 γνῶσιν

2295 1486 2406 1540 τῶν
2435 1485 2773 1554 μυστηρίων,
2797 1487 2895 1537 καὶ
2923 1484 3235 1547 ἐπιϐλασῶς
3271 1486 3475 1556 ἀπατᾷ.
3511 1485 3584 1538 Τὸ
3617 1487 3718 1554 μὲν
3758 1488 3876 1558 γὰρ

2296 1576 2654 1644 Εὑαγγέλιον,
2677 1576 2772 1628 καὶ
2801 1573 2896 1628 τοῦ
2930 1575 3222 1637 δεδωκότος
3247 1577 3407 1629 τοῦτο
3429 1579 3456 1628 ὁ
3477 1576 3701 1648 ἀδελφδς
3729 1578 3876 1649 ὑπὲρ

2298 1665 2605 1736 ἀρρώστων
2633 1664 2792 1718 τοῦτό
2823 1682 2955 1734 φησι
2981 1666 3042 1717 τὸ
3077 1664 3278 1732 ἔλαιον,
3307 1669 3402 1722 καὶ
3445 1667 3522 1730 είς
3551 1668 3610 1720 τὺ
3640 1668 3875 1737 ἀφεθέν-

2301 1776 2397 1822 τας
2425 1759 2494 1810 τὰ
2531 1759 2908 1829 ἁμαρτήματα
2943 1759 3269 1830 χριομένους
3299 1760 3637 1830 ἐγείρεσθαι,
3685 1763 3875 1825 καθὼς

2301 1851 2396 1904 καλ,
2417 1849 2495 1919 τῷ
2534 1851 2614 1902 ἑνὶ
2647 1853 2741 1904 καὶ
2789 1851 2962 1919 ἑτέρῳ
3006 1851 3307 1921 παραλύτῳ
3349 1853 3570 1925 ἐρρέθη.
3614 1855 3726 1907 Καὶ
3758 1858 3876 1918 τοῖς

2299 1940 2394 1994 δῦο
2423 1942 2529 2011 γάρ
2555 1942 2755 2012 ἐσησεν
2781 1943 2808 1992 ὁ
2843 1941 3054 2011 Σωτὴρ,
3099 1943 3427 2011 Ἀφέωνταί
3454 1961 3553 1998 σοι
3581 1946 3644 1997 al
3691 1945 3875 2013 ἁμαρ-

2303 2034 2424 2087 τίαι
2449 2048 2592 2087 σου·
2624 2035 2700 2097 ὼς
2731 2035 3092 2106 δεικνυμένης
3121 2035 3219 2105 τῆς
3265 2035 3574 2106 ἀρρωστίας
3603 2036 3663 2102 ἐξ
3692 2037 3875 2100 αἰτίας

2304 2127 2723 2198 ἁμαρτημάτων
2751 2123 2910 2183 εἶναι.

2647 2239 2808 2308 202
2854 2243 3098 2298 ΚΕΦΑΛ.
3133 2243 3316 2310 εηςι.

2306 2334 2437 2388 Ὀτι
2469 2332 2676 2402 ἕτερον
2702 2333 2821 2402 μὲν
2859 2334 2927 2388 τὸ
2968 2335 3075 2388 τοῦ
3109 2336 3454 2402 εὐχελαίου,
3484 2334 3693 2402 ἕτερον
3715 2334 3782 2388 δὲ
3813 2335 3877 2388 τὸ

2658 2403 2894 2472 νεκροῖς
2935 2405 3258 2472 χριόμενον
3291 2405 3524 2458 ἔλαιον.

2377 2495 2524 2566 Πλὴν
2553 2495 2610 2549 δὲ
2639 2495 2730 2547 καὶ
2757 2495 2942 2564 νεκροὶ
2968 2493 3133 2563 ἐλαίῳ
3166 2493 3502 2563 ἀλείφονται,
3560 2494 3637 2558 ὡς
3675 2495 3704 2547 ὁ
3736 2494 3878 2556 θεῖός

2307 2604 2443 2657 φησι
2471 2586 2767 2650 Διονῦσιος,
2803 2587 2882 2646 είς
2926 2584 3102 2638 τύπον
3127 2585 3228 2654 τῆς
3260 2587 3489 2655 χρίσεως
3516 2586 3612 2640 τοῦ
3645 2586 3880 2655 ὲξσρχῆς

2310 2677 2491 2731 ἐλαίου
2519 2676 2612 2730 τοῦ
2637 2679 2694 2730 ὲν
2717 2674 2794 2744 τῷ
2826 2675 3190 2744 βαπτίσματι.
3232 2676 3340 2731 Kal
3370 2676 3460 2729 τὸν
3502 2675 3664 2745 λόγον
3695 2677 3878 2730 δίδωσι

2309 2769 2528 2832 τούτου,
2559 2769 2642 2820 ὅτι
2673 2767 2852 2828 καλῶς
2880 2766 2977 2820 καὶ
3003 2767 3266 2834 γενναίως
3303 2768 3332 2820 δ
3360 2771 3418 2820 ὲν
3444 2768 3663 2836 Χριστῷ
3697 2768 3882 2821 τελευ-

2309 2860 2483 2928 τήσας
2517 2858 2609 2910 τόν
2652 2856 2838 2924 ἀγῶνα
2871 2855 3186 2924 τετελεκὼς,
3212 2857 3280 2910 δι’
3307 2857 3368 2910 ὃν
3392 2858 3486 2913 καὶ
3512 2858 3702 2928 πρῴην
3730 2859 3882 2928 ἠλείο

2307 2949 2473 3021 ψατο,
2505 2951 2599 3001 καὶ
2645 2948 2739 3000 νῦν
2776 2946 2942 3016 ἐλαίῳ
2984 2946 3265 3016 ἀλείφεται
3290 2963 3304 2978 ο
3347 2950 3440 3002 καὶ
3479 2947 3630 3002 τοῦτο
3659 2949 3737 3010 είς
3781 2965 3879 3018 ση-

2318 3042 2542 3111 μείωσιν
2577 3038 2815 3108 Χριστοῦ
2849 3039 2945 3092 xal
2971 3039 3243 3108 σφραγῖδα
3268 3039 3376 3093 τῶν
3395 3041 3451 3092 ὲν
3470 3041 3513 3090 Χ
3520 3039 3688 3109 ριστῴ
3712 3039 3886 3093 ἀττελ-

2317 3133 2539 3197 θόντων,
2571 3130 2665 3184 καὶ
2690 3132 2769 3194 είς
2795 3131 3066 3200 ἀγιασμὸν
3088 3133 3196 3186 τῶν
3222 3130 3431 3201 νεκρῶν
3460 3131 3749 3199 σωμάτων,
3774 3133 3884 3186 τῶν

2317 3224 2708 3294 ἠγωνισμένων
2729 3223 2867 3292 ὑπὲρ
2900 3223 3139 3294 Χριστοῦ
3171 3224 3265 3277 καὶ
3295 3217 3533 3286 ε’ὑσεόὦς
3566 3223 3886 3278 πολιτευσα-

2323 3324 2500 3390 μένων
2539 3316 2796 3383 ἐνταῦθα,
2829 3318 2926 3371 καὶ
2963 3319 3041 3379 είς
3078 3318 3242 3388 τιμὴν
3277 3316 3333 3370 δὲ
3365 3317 3567 3381 αὐτῶν,
3610 3319 3693 3370 ὅτι
3749 3318 3886 3371 κατά

2320 3411 2556 3480 Χριστὸν
2580 3408 2801 3478 ἔζησαν,
2819 3402 2880 3462 οῦ
2909 3411 3132 3478 σημεῖον
3159 3409 3256 3476 τῆς
3279 3409 3513 3479 χρίσεως
3540 3409 3601 3462 τδ
3625 3410 3887 3479 ἡγιασμέ-

2319 3519 2409 3555 νον
2439 3501 2613 3554 ἕιαιόν
2654 3502 2788 3553 ἐστι.
2829 3499 2920 3552 Διδ
2945 3500 3036 3552 καὶ
3072 3502 3182 3562 τοῖς
3221 3499 3664 3569 κατατιθεμένοις
3699 3499 3887 3569 ὥσπερ

2323 3594 2380 3646 ὲν
2419 3593 2575 3662 τάφῳ
2604 3593 2707 3645 ὑπὸ
2735 3591 2795 3644 τὸ
2826 3590 2970 3644 θετον
3001 3592 3387 3662 θυσιαστήριον
3438 3592 3752 3660 ἱερωτάτοις
3779 3590 3890 3642 τῶν

2327 3684 2619 3753 μαρτύρων
2669 3681 2943 3749 λειψάνοις
3005 3682 3099 3734 καὶ
3132 3681 3301 3752 μύρον
3347 3681 3503 3748 ἆγιον
3536 3679 3890 3734 ἐπιϐάλλεται

2323 3777 2445 3828 ἀντὶ
2470 3772 2565 3826 τοῦ
2595 3773 2772 3826 ἐλαίου
2797 3775 3011 3827 τούτου.
3047 3773 3175 3835 Τοῖς
3205 3772 3313 3844 γὰρ
3351 3771 3581 3835 τελείοις
3628 3773 3736 3842 χρὴ
3768 3771 3888 3822 ἑπι-

2324 3865 2540 3920 6άλλειν
2569 3865 2630 3918 τὸ
2656 3864 3004 3918 τελεώτατον.

2884 4067 3134 4122 ΚΕΦᾹΛ.
3171 4068 3336 4122 ΣΠΖ’.

2328 4159 2453 4213 Ὅτι
2483 4161 2691 4214 ἔλαιον
2707 4159 2822 4230 μὲν
2860 4161 2984 4225 τοῖς
3020 4160 3331 4230 μοναχοῑς,
3369 4161 3516 4228 χοῦς
3545 4159 3614 4213 δὲ
3644 4159 3748 4213 τοῦ
3791 4161 3896 4215 θυ-

2495 4232 2810 4299 μιατηρίου
2841 4231 2958 4297 τοῖς
2992 4231 3304 4298 κοσμικοῖς
3333 4231 3742 4283 ἐπιϐάλλεται.

2407 4322 2516 4374 Kal
2555 4323 2714 4391 ἡμεῖς
2742 4322 2918 4375 τοίνυν
2949 4321 3111 4374 τοῦτο
3157 4320 3440 4389 τελοῦμεν.
3505 4321 3614 4373 Kal
3646 4322 3758 4384 τοῖς
3807 4336 3896 4372 τε·

651 4413 865 4469 Cltrtsto
889 4411 1112 4465 mortuis
1139 4409 1472 4463 infundimus
1504 4410 1708 4476 oleum,
1736 4415 1879 4481 quod
1909 4422 2086 4466 tamen
2111 4428 2220 4468 non

2328 4411 2559 4464 θνεῶσιν
2593 4412 2650 4464 ἐν
2683 4411 2906 4482 Χριστῷ
2936 4411 3186 4480 ἀδελφοῖς
3217 4413 3511 4481 ἀπιχέομεν
3531 4411 3728 4464 ἔλαιον·
3758 4410 3898 4480 πλὴν

652 4515 738 4560 est
773 4515 1025 4560 sanctum
1055 4501 1234 4579 oleum
1267 4501 1405 4554 vivis
1432 4501 1639 4562 datum,
1669 4501 1746 4554 ait
1775 4500 1983 4556 Christi
2004 4501 2217 4568 Frater,

654 4597 744 4653 sed
771 4596 949 4650 oleum
971 4609 1036 4648 ex
1057 4579 1306 4662 lampade
1332 4592 1518 4662 templi
1545 4591 1626 4644 vel
1653 4591 1834 4661 potius
1859 4592 2043 4648 altaris
2063 4608 2225 4648 exce-

2323 4503 2385 4554 οὐ
2424 4503 2483 4554 τὸ
2515 4502 2791 4572 διδόμενον
2831 4502 2986 4570 ἅγιον
3016 4503 3191 4556 ἔλαιον
3219 4503 3334 4565 τοῖς
3366 4501 3444 4565 ζῶ
3459 4519 3560 4564 σιν,
3615 4502 3643 4554 ὃ
3674 4517 3835 4570 φησιν
3870 4503 3901 4554 ό

2325 4590 2648 4659 Θεάδελφος,
2676 4591 2794 4645 ἀλλ’
2823 4594 2887 4645 ὲκ
2924 4593 3022 4662 τῆς
3053 4592 3273 4662 λυχνίας
3301 4593 3398 4644 τοῦ
3431 4590 3584 4655 ναοῦ,
3621 4593 3714 4644 καὶ
3769 4593 3902 4660 μᾶ).-

651 4686 908 4758 ptum.Et
927 4685 1134 4739 nullum
1182 4699 1248 4738 ex
1279 4685 1560 4739 monachis
1590 4683 2052 4753 sepelimus,quin
2080 4685 2223 4755 prius

2327 4683 2419 4736 λον
2451 4683 2547 4736 τοῦ
2608 4683 3016 4754 θυσιαστηρίου.
3072 4683 3183 4738 Kal
3230 4684 3421 4738 οὕδένα
3479 4683 3590 4737 τῶν
3643 4682 3899 4752 μοναχῶν

653 4776 832 4830 oleum
853 4775 1089 4828 lucernze
1109 4774 1289 4844 vigilis
1302 4775 1354 4829 in
1368 4791 1566 4844 corpus
1581 4775 1700 4847 cjus
1717 4775 2085 4840 infundamus,
2105 4789 2223 4831 cum

2329 4772 2608 4840 θάπτομεν
2634 4773 2683 4828 εί
2729 4773 2803 4844 μὴ
2832 4775 2925 4828 καὶ
2966 4775 3028 4829 τὸ
3071 4759 3188 4845 τῆξ
3223 4773 3563 4844 φωταγωγοῦ
3613 4773 3794 4826 ἔλαιον
3822 4772 3903 4840 τῷ

659 4865 723 4920 sit
745 4867 1141 4919 sanctificatum
1183 4875 1368 4932 utpote
1397 4866 1596 4922 ardens
1645 4867 1701 4921 in
1732 4877 2025 4936 conspectu
2055 4866 2223 4922 Domi-

2330 4862 2570 4933 λειψάνῳ
2609 4863 2894 4934 ἑκχέομεν,
2932 4865 3266 4935 ἡγιασμένον
3294 4865 3379 4929 ὃν,
3413 4869 3490 4930 ὡς
3522 4865 3757 4920 ἐνώπιον
3788 4866 3904 4917 Ku-

659 4957 714 5011 ni
740 4973 756 5024 ;
795 4955 1038 5026 profanis
1055 4955 1314 5011 fratribus
1341 4959 1433 5026 qui
1457 4959 1512 5011 in
1541 4958 1758 5014 Christo
1773 4959 2026 5014 obierunt
2056 4959 2223 5014 thuris

2336 4955 2452 5025 ρίου
2489 4955 2749 5009 ἀνάπτον.
2792 4957 2902 5009 Kal
2951 4959 3010 5011 ιν
3039 4959 3152 5020 τοῖς
3195 4960 3484 5027 κοσμικοῖς
3511 4956 3566 5010 δὲ
3596 4956 3738 5010 κατὰ
3767 4939 3906 5024 Χρι-

661 5049 870 5120 copiam
903 5056 1161 5116 tauquam
1185 5062 1397 5101 sacram
1437 5059 1494 5101 et
1523 5049 1700 5103 crucis
1735 5049 1893 5119 signo
1920 5050 2223 5105 sanctifica-

2337 5044 2459 5098 στὸν
2507 5045 2754 5114 ἀδελφοῖς
2801 5048 3153 5118 τελευτήσασι
3191 5047 3322 5118 χοῦν
3373 5048 3468 5102 τοῦ
3514 5046 3904 5117 θυμιατηρίου,

661 5151 792 5201 tam.
824 5154 922 5210 per
951 5136 1322 5192 sufﬁmentum
1359 5139 1410 5191 in
1445 5140 1671 5209 formam
1713 5141 1897 5196 crucis
1925 5141 2223 5210 injicimus,

2336 5139 2410 5202 ὡς
2447 5141 2593 5209 ἱερὸν
2622 5143 2719 5194 καὶ
2749 5141 3087 5212 ἡγιασμένον
3119 5144 3401 5206 τελοῦντα,
3436 5145 3499 5212 τῇ
3547 5141 3643 5195 τοῦ
3671 5139 3907 5207 σταυροῦ

662 5233 976 5302 priusquam
1026 5229 1252 5284 omnino
1317 5239 1516 5284 terram
1555 5230 1930 5295 immittamus,
1979 5233 2223 5286 commit-

2339 5233 2600 5303 σφραγίδι
2629 5233 2717 5286 διά
2752 5233 2841 5286 τοῦ
2891 5235 3235 5304 θυμιάματος
3279 5232 3636 5303 σταυροειδῶς
3683 5229 3910 5295 ἐπιβάλ-

664 5331 841 5376 tentes
889 5322 1284 5376 sanctiﬁcatum
1318 5322 1370 5374 in
1424 5321 1644 5382 Christo
1677 5331 1835 5378 terrae
1885 5321 2223 5378 sanctificata

2340 5323 2526 5394 λομεν,
2567 5324 2672 5392 πρὸ
2701 5324 2799 5394 τῆς
2834 5324 3021 5388 ἀπλῶς
3063 5325 3498 5395 ὲπιϐαλλομένης
3526 5324 3646 5392 γῆς,
3682 5320 3907 5392 παραδι-

662 5414 961 5468 secundum
1026 5413 1266 5467 divinam
1325 5415 1681 5479 sententiam,
1738 5416 1913 5470 donec
1962 5422 2217 5484 resurgat

2340 5415 2518 5477 δόντες
2545 5415 2636 5470 τὸν
2663 5416 2996 5486 ἡγιασμένον
3029 5418 3087 5469 ἐν
3135 5415 3356 5486 Χριστῷ
3402 5417 3460 5468 ὲν
3494 5414 3809 5485 ἡγιασμένη
3838 5415 3905 5481 γῇ

665 5507 767 5560 Alii
797 5521 924 5560 vero
950 5505 1316 5575 religiosiores
1341 5505 1440 5558 viri
1473 5506 1652 5560 adhuc
1685 5507 1931 5561 viventes
1976 5504 2218 5559 euchelaa

2343 5506 2485 5559 κατὰ
2519 5505 2617 5577 τὴν
2664 5507 2817 5562 θείαν
2851 5507 3147 5576 ἀπόφασιν,
3209 5507 3645 5577 συντηρούμενον
3692 5505 3798 5566 ἕως
3845 5501 3908 5555 ἂν

670 5599 984 5668 mysterium
1043 5601 1362 5662 coniiciunt,
1399 5599 1450 5653 iu
1503 5601 1742 5669 ipsorum
1802 5599 2223 5669 propitiationen

2346 5596 2634 5668 ἐξαναστῇ.
2692 5601 2910 5669 "Est-:90:
2969 5600 3025 5653 δὲ
3082 5600 3187 5653 τῶν
3237 5599 3639 5668 εὐλαϐεστέρων
3698 5594 3906 5665 ἀνδρῶν

678 5699 733 5745 et
768 5691 1068 5748 absolutam
1125 5702 1474 5748 ncccatorutu
1535 5692 1930 5754 remissionem.
1990 5702 2043 5749 et
2086 5692 2130 5747 si
2176 5708 2223 5747 at

2350 5689 2547 5754 ζῶντες
2579 5691 2656 5746 ἔτι
2690 5693 2748 5746 τὸ
2775 5691 2870 5745 τοῦ
2907 5691 3188 5760 εὐχελαίου
3225 5689 3435 5746 ποιοῦσι
3470 5687 3790 5756 μυστήριον.
3833 5685 3908 5748 εἲς
