4108 6262
354 358 453 434 521

1646 367 1748 453 DE
1790 366 1850 429 s.
1888 356 2334 431 EUCHELIEO.

355 484 587 556 ἱλασμὸν
616 484 826 541 ἑαυτῶν
856 485 953 540 καὶ
974 483 1295 540 τελευταίαν
1331 482 1745 554 ἁμαρτημάτων
1784 482 1912 551 ἄφε-

2018 488 2252 537 mortem
2321 477 2615 545 inﬁrmitas
2643 473 2749 534 'eis
2801 486 2905 541 est,
2940 491 3005 532 ex
3040 476 3143 532 hoc
3173 476 3294 532 oleo
3324 475 3597 544 quoddam

354 593 461 631 σιν.
494 577 605 631 Καὶ
629 579 678 632 εἱ
702 576 840 648 πρὸς
872 576 1102 633 θάνατόν
1130 578 1292 642 εἱσιν,
1332 577 1396 630 ἐκ
1426 574 1616 630 τούτου
1647 574 1918 645 τηρεῖται,

350 667 448 724 καὶ
479 668 842 739 κοιμηθέντας
874 669 1077 733 αὐτοὺς
1121 669 1367 739 χρίουσιν
1417 668 1469 720 οἱ
1523 666 1915 737 προσήκοντες,

349 760 429 824 είς
482 761 753 830 σφραγῖδα
783 761 1087 831 ἱερωτάτην
1117 762 1226 815 τῶν
1260 759 1425 816 ὁσίων
1459 759 1553 814 τοῦ
1592 758 1921 821 ἀπελθόντος

347 852 616 922 λειψάνων
657 854 753 907 καὶ
803 853 971 923 τιμὴν
1026 857 1121 906 καὶ
1161 853 1454 922 ἁγιασμόν.
1508 852 1688 919 Ἀξιοι
1724 850 1833 921 γάρ
1869 850 1923 919 οἱ

345 942 712 1012 ἠγωνισμένοι
768 943 1031 1011 τιμᾶσθαι
1086 945 1200 1007 τοῖς
1262 940 1429 1014 ἱεροῖς
1482 941 1768 1013 χρίσμασι·
1823 942 1922 995 καὶ

348 1032 746 1101 σφραγίζεσθαι
773 1034 892 1088 δέον
923 1035 1178 1103 σφραγῖδι
1197 1032 1437 1106 Χριστοῦ
1468 1034 1596 1096 τοὺς
1624 1032 1763 1087 κατὰ
1786 1031 1924 1102 Χρι-

347 1123 473 1177 om
504 1123 803 1194 ζήσαντας.
837 1126 952 1180 Καὶ
995 1126 1079 1181 ἔτι
1108 1126 1422 1198 ἐπιχέουσιν
1452 1125 1632 1179 ἔλαιον
1665 1125 1921 1193 ἐνταφια-

348 1211 599 1284 ζομένοις
631 1215 839 1285 αὐτοῖς,
875 1217 966 1270 τὸν
1005 1217 1150 1271 θεῖον
1187 1217 1335 1271 ἔλεον
1370 1216 1782 1286 ἐκκαλούμενοι.
1818 1210 1920 1270 Οὖ-

342 1324 434 1370 τος
466 1307 496 1360 ό
531 1302 737 1372 σκοπὸς
765 1307 862 1363 τοῦ
889 1310 1044 1378 ἁγίου
1077 1311 1283 1376 ἐλαίου,
1313 1312 1423 1374 τοῖς
1452 1309 1589 1374 ζῶσι
1616 1309 1918 1380 διδομένου,

344 1397 484 1454 ὥστε
516 1397 683 1469 ζῆσαι
713 1403 807 1456 καὶ
838 1386 1028 1471 ’μένειν
1062 1403 1536 1473 κεκαθαρμένουςο
1572 1403 1633 1456 οὐ
1671 1403 1778 1475 μὴν
1806 1404 1920 1467 τοῖς

344 1490 509 1555 ζῶσιν
543 1489 685 1545 ὥστε
728 1494 929 1561 θανεῖν,
985 1494 1078 1548 καὶ
1126 1493 1203 1565 μὴ
1241 1490 1553 1565 προσδοκᾷν
1586 1493 1916 1565 ἐγείρεσθαν

341 1584 424 1641 ὅτι
453 1585 548 1637 καὶ
574 1582 665 1638 διὰ
688 1585 848 1639 τοῦτο
880 1578 1084 1655 μᾶλλον
1110 1587 1429 1658 παρέχεται,
1464 1587 1551 1639 ἵνα
1580 1584 1770 1657 ἐγείρῃ
1797 1586 1921 1649 τοὺς

315 1648 661 1746 ’χρισθέντας
712 1677 740 1729 ὸ
799 1648 1026 1745 Κύριος,
1075 1648 1286 1732 καὶ-τά
1316 1648 1920 1748 ἅμάρτήματα-άύτοῖς

341 1767 542 1838 ἀφεθῇ.
568 1769 678 1823 Καὶ
708 1767 864 1822 τοῦτο
893 1770 1127 1823 πάντοτε
1151 1770 1244 1824 καὶ
1266 1771 1364 1840 οὐχ
1392 1771 1537 1835 ama
1564 1770 1737 1824 ἔσται.
1760 1770 1917 1822 Ἐπεὶ

338 1857 457 1921 καὶ,
497 1875 517 1909 ι
561 1855 1006 1927 Ἐξομολογεῖσθε
1059 1858 1333 1928 ἀλλήλοις,
1383 1859 1539 1928 φησι,
1576 1858 1643 1912 τὰ
1675 1858 1922 1932 ἁμαρτή-

343 1966 489 2020 ματα
512 1962 527 1979 ⁸
559 1966 578 2001 ›
633 1949 724 2002 ἀεὶ
754 1949 998 2019 δηλονότι
1025 1950 1119 2003 καὶ
1150 1952 1247 2020 οὐχ
1295 1950 1467 2017 ἅπαξ,
1504 1970 1523 2003 ι
1561 1950 1655 2004 καὶ
1696 1950 1920 2022 εὔχεσθε

339 2039 482 2111 ὑπὲρ
510 2039 777 2112 ἀλλήλων,
804 2042 954 2105 ὅπως
982 2041 1168 2111 ἰαθῆτε
1192 2058 1208 2073 ο
1252 2061 1271 2095 ι
1306 2044 1365 2095 οὐ
1402 2040 1552 2119 μίαν,
1578 2042 1713 2097 ἀλλά
1743 2043 1922 2113 διηνε-

339 2130 469 2199 κῶς,
505 2135 588 2187 ὅτι
620 2134 718 2188 καὶ
749 2133 838 2187 διὰ
862 2134 1061 2198 παντὸς
1094 2134 1385 2206 πταίομεν.
1413 2132 1584 2188 Τοῦτο
1605 2133 1661 2188 δὲ
1686 2135 1745 2188 τδ
1769 2135 1919 2206 χρίε-

340 2226 462 2280 σθαι
492 2225 726 2298 ὖστερον
753 2229 817 2282 ὲκ
848 2228 946 2299 τῆς
974 2226 1325 2297 ἀναπτούσης
1355 2231 1413 2281 ἐν
1446 2226 1521 2298 τῷ
1550 2227 1665 2299 ναῷ
1696 2227 1920 2298 λυχνίας

336 2318 423 2371 διὰ
455 2319 728 2390 σφραγῖδα
767 2322 861 2374 καὶ
893 2319 1172 2389 ἁγιασμὸν
1194 2319 1302 2374 τῶν
1330 2319 1602 2389 λειψάνων
1624 2318 1720 2375 τοῦ
1750 2320 1919 2374 ἀπελ-

338 2400 542 2477 θόντος,
573 2410 647 2476 ὼς
674 2410 771 2466 καὶ
800 2410 924 2475 τοῖς
955 2413 1281 2483 μυστηρίοις
1306 2407 1799 2484 προκαθαρθέντων
1823 2414 1916 2467 τοῦ

335 2495 577 2574 Χριστοῦ
614 2503 709 2556 καὶ
740 2504 1094 2574 ἡγιασμένων
1130 2502 1210 2572 τῷ
1238 2502 1581 2574 βαπτίσματι
1605 2505 1701 2559 καὶ
1733 2505 1915 2575 μύρῳ,

336 2588 431 2646 καὶ
466 2595 533 2663 τῇ
572 2595 779 2664 φρικτῇ
814 2592 1094 2665 κοινωνία.
1138 2593 1404 2647 Ἐνταῦθα
1434 2593 1491 2647 δὲ
1522 2595 1616 2647 καί
1644 2613 1790 2659 τινες
1831 2614 1917 2650 τε·

334 2682 497 2755 λετὴν
529 2684 784 2740 ποιοῦσιν
814 2683 995 2740 ἐλαίου
1029 2685 1173 2756 ὑπὲρ
1199 2685 1306 2739 τῶν
1350 2686 1408 2738 ὲν
1457 2686 1681 2758 Χριστῷ
1713 2705 1915 2761 κοιμη-

338 2779 564 2834 θέντων.
608 2780 711 2833 Ἦν
742 2778 837 2832 καὶ⁸
874 2776 983 2831 τῶν
1011 2778 1317 2848 ἀρχιερέων
1346 2778 1491 2842 τινὲς
1524 2778 1624 2847 μὲν
1647 2778 1914 2834 κωλύουσι

337 2866 606 2935 γίνεσθαι,
639 2866 714 2927 ὡς
741 2866 815 2937 μὴ
845 2866 1296 2936 παραδεδομένην
1331 2863 1497 2921 οὖσαν
1522 2869 1583 2921 ὲν
1613 2871 1681 2941 τῇ
1700 2870 1912 2943 Γραφῇο

336 2958 482 3020 τινὲς
528 2956 607 3024 δὲ,
662 2957 745 3024 οὒ,
777 2956 853 3021 ῶς
892 2956 1034 3027 ὑπὲρ
1079 2957 1267 3028 ψυχῶν
1321 2944 1645 3035 γινομένην(
1695 2962 1913 3032 Ἔγωγε

333 3048 428 3105 οὖν
462 3048 537 3113 ὡς
587 3048 845 3120 ἐνεχώρει
900 3051 1028 3120 περὶ
1081 3051 1276 3103 τούτου
1328 3050 1593 3118 ζητήσας,
1641 3045 1802 3125 εὗρον
1836 3052 1912 3116 ὡς

2032 581 2303 634 servatur,
2339 581 2395 627 et
2433 581 2721 643 postquam
2758 570 3126 635 dormierunt,
3168 576 3466 639 praesentes
3500 582 3599 623 eos

2022 671 2235 736 ungunt
2260 665 2313 717 in
2332 663 2569 734 sigillum
2588 662 3036 734 angustissimum
3059 672 3367 717 sanctarum
3394 660 3604 715 obeun-

2025 757 2094 810 tis
2140 755 2515 825 reliquiarum,
2554 756 2927 825 honoremque
2974 763 3033 808 et.
3065 752 3597 817 sanctiﬁcationem;

2021 860 2150 901 nam
2177 845 2324 915 digni
2352 856 2481 902 sunt
2505 847 2563 901 in
2596 862 2768 919 agone
2794 847 2979 903 luctati
3032 845 3126 916 qui
3181 847 3352 900 sacris
3392 846 3607 899 unctio-

2020 935 2591 1003 nibusbonorentur,
2642 948 2698 993 et
2727 938 2927 1009 signari
2959 945 3180 1008 Oportet
3230 936 3387 1006 signo
3418 936 3600 989 crucis

2022 1044 2119 1089 eos
2142 1030 2236 1100 qui
2265 1031 2564 1085 secundum
2591 1030 2869 1086 Christum
2895 1031 3169 1087 vixerunt.
3232 1030 3463 1098 Insuper
3492 1028 3604 1083 eis-

2020 1123 2145 1179 dem
2177 1123 2402 1193 sepultis
2433 1123 2613 1179 oleum
2640 1123 2962 1189 infundunt,
2988 1125 3233 1179 divinam
3270 1124 3597 1177 invocantes

2022 1215 2478 1272 misericordiam.
2532 1215 2633 1271 Hic
2663 1226 2749 1272 est
2782 1216 2906 1271 finis
2956 1217 3060 1271 olei
3108 1218 3253 1286 quod
3288 1215 3600 1270 viventibus

2022 1307 2201 1375 datur,
2236 1318 2298 1363 ut
2355 1308 2539 1363 vivant
2598 1316 2653 1363 et
2704 1317 2963 1364 maneant
2998 1308 3252 1377 purgati,
3306 1310 3399 1362 sed
3461 1307 3603 1358 vivis

2021 1415 2371 1471 nequaquam
2400 1400 2685 1457 confertur
2734 1410 2796 1456 ut
2829 1402 3156 1466 moriantur,
3196 1415 3298 1455 nec
3356 1399 3601 1454 sanatio»

2021 1506 2147 1547 nem
2200 1500 2520 1562 exSpectare
2572 1495 2803 1565 possint,
2847 1496 3106 1563 quoniam
3158 1494 3338 1563 potius
3388 1492 3453 1547 ad
3496 1493 3599 1546 huc

2019 1580 2121 1638 fuit
2146 1583 2457 1639 institutum
2491 1594 2547 1639 ut
2572 1590 2770 1640 unctos
2796 1585 3016 1640 alleviet
3054 1586 3333 1649 Dominus,
3372 1592 3428 1639 et
3464 1590 3596 1653 pec-

2019 1681 2140 1727 cata
2170 1673 2305 1740 ipsis
2327 1675 2701 1735 dimittantur.
2752 1675 2909 1742 Quod
2944 1676 3162 1746 iugiter,
3188 1684 3243 1730 et
3268 1691 3375 1729 nun
3406 1675 3599 1741 semei,

2024 1767 2151 1828 erit,
2184 1766 2643 1832 quctnad.nodunt
2695 1776 2752 1822 et
2793 1768 2921 1822 illud
2955 1785 2969 1822 :
3013 1786 3032 1819 ι
3062 1766 3407 1823 Confitemini
3438 1766 3603 1821 alter;

2026 1865 2237 1920 utrum,
2267 1856 2465 1926 inquit,
2497 1865 2718 1927 peccata
2783 1871 2960 1914 vestra
2983 1901 2998 1927 ,
3033 1879 3052 1912 ι
3100 1860 3308 1915 scilicet
3359 1872 3598 1929 semper,

2001 1948 2249 2004 minimc
2282 1962 2468 2004 autem
2498 1952 2668 2006 semei
2698 1967 2714 2007 :
2754 1968 2772 2004 ι
2799 1951 2962 2008 Orate
2998 1968 3095 2022 pro
3124 1953 3358 2008 invicem
3393 1963 3454 2007 ut
3489 1952 3599 2007 salé

1993 2039 2284 2103 eveminit,
2342 2056 2451 2095 non
2490 2042 2659 2096 semel
2696 2051 2930 2109 tantum,
2970 2044 3064 2099 sed
3117 2044 3378 2098 continuo
3429 2042 3603 2097 adims

2019 2132 2279 2198 piendum
2310 2142 2415 2198 est,
2455 2135 2714 2203 quoniam
2767 2137 3000 2207 singulis
3021 2137 3212 2191 diebus
3239 2137 3593 2191 offendimus.

2021 2219 2203 2276 Semel
2230 2231 2411 2277 autem
2425 2222 2484 2276 ﬁt
2511 2225 2781 2293 posterior
2810 2226 2924 2280 haec
2956 2227 3143 2281 unctio
3169 2242 3235 2281 ex
3270 2226 3519 2294 lampade
3539 2228 3596 2280 in"

2020 2314 2225 2383 templo
2281 2315 2527 2381 ardente,
2582 2317 2635 2371 in
2693 2317 2929 2388 sigillum
2996 2329 3053 2373 et
3101 2317 3593 2374 sanctificatiuueui

2019 2404 2374 2474 reliquiarum
2420 2406 2564 2462 illius
2598 2408 2691 2475 qui
2720 2409 2831 2464 vita
2862 2410 3132 2476 discessit,
3168 2422 3355 2481 utpote
3385 2412 3593 2468 Christi

2028 2496 2309 2565 mysteriis
2358 2509 2733 2567 purgatarum
2785 2510 2842 2556 et
2892 2502 3164 2572 baptismo
3214 2510 3598 2575 unguentoque

2019 2593 2076 2638 et
2134 2585 2414 2640 tremenda
2460 2589 2842 2644 communione
2891 2590 3376 2647 sanctificatarum.
3443 2593 3597 2649 Nque

2021 2690 2153 2730 vero
2206 2676 2427 2744 quidam
2508 2692 2909 2736 sacramentum
2967 2683 3073 2737 olei
3137 2685 3437 2739 coniiciunt
3502 2700 3598 2739 su-

2017 2781 2118 2837 per
2144 2781 2240 2822 eos
2283 2768 2375 2838 qui
2452 2770 2504 2825 in
2556 2770 2777 2827 Christo
2821 2773 3194 2840 dormierunt,
3254 2776 3398 2845 quod
3464 2791 3598 2830 uou-

2016 2859 2150 2914 nulli
2209 2874 2277 2914 οι
2342 2862 2690 2930 pontificibus
2759 2876 2827 2919 ne
2864 2866 2955 2919 fiat
2997 2866 3308 2935 prohibent,
3357 2883 3483 2922 cum
3540 2871 3595 2924 in

2014 2951 2297 3022 Seriptura
2324 2954 2587 3009 traditum
2640 2970 2751 3010 non
2804 2957 2895 3023 sit,
2929 2959 3179 3012 nonnulli
3233 2963 3417 3014 tamen
3479 2975 3592 3015 nou

2016 3045 2327 3113 prohibent,
2387 3061 2511 3100 cum
2551 3063 2653 3117 pro
2707 3050 2905 3103 animis
2937 3050 3047 3106 fiat.
3109 3050 3220 3122 Ego
3278 3052 3464 3121 igitur,
3501 3068 3596 3107 oc.-

333 3141 538 3207 άγαθὸν
561 3138 704 3195 εἶναι
734 3143 1038 3212 γίγνεσθαι.
1069 3143 1178 3195 Καὶ
1204 3144 1329 3205 τοὺς
1354 3142 1716 3213 βουλομένους
1740 3147 1912 3198 ποιεῖν

2019 3139 2243 3191 casione
2281 3139 2428 3204 data,
2482 3142 2550 3195 de
2603 3142 2707 3197 hac
2734 3155 2793 3197 re
2826 3142 3195 3213 interrogatus
3219 3144 3398 3199 inveni
3459 3147 3594 3201 illud

331 3233 394 3286 οὐ
427 3235 535 3304 χρὴ
568 3233 825 3290 κωλύειν.
859 3235 1005 3306 Πλὴν
1035 3235 1136 3306 οὐκ
1169 3235 1357 3299 ἔλαιον,
1378 3234 1539 3288 τοῦτο
1584 3236 1643 3288 τὸ
1673 3236 1915 3306 παραδέ-

330 3325 559 3395 δομένον
595 3326 701 3381 ὑπὸ
731 3327 827 3380 τοῦ
861 3305 1115 3398 Σωτῆρῖς
1142 3329 1233 3381 καὶ
1259 3327 1367 3380 τῶν
1399 3328 1719 3381 ἀποστόλων
1758 3305 1913 3392 Earl,

329 3418 465 3487 περὶ
494 3412 555 3472 οὗ
582 3418 644 3471 τὸ
685 3418 785 3488 μὲν
812 3418 1168 3487 Εὖαγγέλιόν,
1216 3419 1293 3482 ὡς
1325 3418 1576 3491 ἔφημεν,
1607 3421 1776 3489 λέγει’
1806 3421 1911 3473 Καὶ

325 3510 590 3581 ἤλειφον
640 3512 824 3578 ἐλαίῳ
864 3511 1139 3578 πολλοὺς
1178 3512 1533 3581 ἁρῤὠστους
1579 3512 1678 3565 καὶ
1708 3511 1911 3579 ἐθερά-

323 3610 542 3659 πευόν·
578 3605 606 3658 ὁ
639 3604 988 3671 ’Λδελφόθεος
1016 3604 1072 3658 δὲ
1113 3605 1215 3658 ὅσα
1257 3607 1315 3657 ὲν
1360 3607 1424 3675 τῇ
1464 3604 1740 3676 Καθολικῇ
1781 3604 1913 3675 περὶ

324 3694 538 3752 τούτων
555 3696 782 3769 γράφει.
810 3688 906 3751 Ἓν
934 3697 1044 3768 γὰρ
1065 3688 1243 3759 τοῦτο,
1270 3697 1364 3750 καὶ
1390 3696 1451 3750 οὐ
1478 3696 1670 3758 πολλὰ,
1699 3701 1790 3750 καὶ
1813 3698 1910 3766 μία

325 3791 538 3862 τελετὴ,
559 3792 650 3847 καὶ
673 3791 730 3845 ἓν
759 3793 862 3846 τῶν
884 3793 1025 3846 ἑπτά
1045 3792 1206 3862 202
1233 3791 1569 3862 μυστηρίων.
1607 3790 1751 3844 Ἀλλ’
1772 3792 1910 3864 ὑπὲρ

323 3885 437 3938 τῶν
468 3883 890 3954 κεκοιμημένων
925 3884 1268 3954 προσάγεται
1299 3881 1479 3936 ἔλαιον
1509 3882 1590 3945 εἰς
1618 3899 1910 3951 προσαγω-

322 3974 429 4047 γὴν
452 3973 590 4029 Θεοῦ
644 3976 737 4031 κάι
786 3974 973 4046 τιμὴν,
1027 3975 1168 4046 ὑπὲρ
1223 3973 1405 4036 ἐλέους
1437 3974 1533 4026 καὶ
1564 3964 1909 4042 συμπαθείας

297 4065 436 4119 ’τῶν
465 4064 834 4131 ἀπελθόντων,
876 4065 950 4128 ὡς
1000 4063 1160 4135 κηροὶ
1200 4065 1294 4117 καὶ
1322 4061 1574 4133 θυμίαμα
1607 4064 1703 4117 καὶ
1743 4062 1909 4116 λοιπᾶ

320 4156 492 4226 ἕτερά
522 4143 663 4227 ῢπὲρ
696 4156 877 4210 αὐτῶν
930 4154 1010 4225 τῷ
1062 4155 1174 4225 ναῷ
1215 4155 1308 4208 καὶ
1354 4154 1412 4206 ὲν
1465 4155 1580 4216 τοῖς
1637 4154 1908 4222 ἐνταφίοις

318 4247 506 4301 αὐτῶν
554 4248 999 4318 προσφερόμενα.
1027 4234 1128 4299 Ὧν
1156 4245 1539 4316 προκειμένων
1588 4242 1664 4309 ῶς
1695 4243 1904 4315 δώρων,

319 4340 468 4409 ὑπὲρ
515 4339 625 4392 τῶν
665 4338 1011 4394 ἀπελθόντων
1041 4338 1203 4408 ἡμεῖς
1241 4335 1585 4405 ἱκετεύομεν,
1622 4334 1715 4389 atati
1759 4334 1904 4389 θείου

317 4431 686 4500 τυγχάνουσιν
729 4430 927 4485 ἐκεῖνοι
952 4430 1155 4494 ἐλέους,
1187 4430 1263 4494 ὡς
1288 4431 1321 4500 ἠ
1347 4426 1648 4494 Ἐκκλησία
1687 4429 1894 4499 διενερ-

2018 3226 2136 3282 iieri
2174 3229 2375 3285 bonum
2412 3235 2637 3297 esse,.ét
2669 3246 2766 3287 eos
2783 3233 2875 3303 qui
2909 3233 3102 3310 facere.
3121 3237 3313 3290 volunt
3335 3248 3442 3292 uuu
3466 3252 3592 3294 esse

2017 3320 2410 3390 prohibendos.
2478 3322 2731 3379 Attamen
2790 3340 2898 3380 non
2956 3325 3280 3381 adhibeatur
3336 3328 3517 3383 oleum
3559 3347 3632 3386 a.

2017 3410 2299 3468 Salvatore
2320 3421 2376 3468 et
2403 3415 2663 3484 apostolis
2695 3417 2973 3482 traditum,
3004 3419 3073 3473 de
3099 3434 3209 3488 quo
3236 3418 3590 3492 Evangelium

2015 3503 2162 3572 quod
2217 3507 2502 3561 retulimus
2551 3508 2726 3562 dicit:
2766 3517 2862 3564 tet
2916 3511 3191 3581 ungebant
3241 3512 3364 3566 olco
3392 3515 3595 3570 multos

2015 3610 2210 3664 agros,
2243 3604 2299 3652 et
2322 3600 2644 3666 sanabant,»
2689 3600 2759 3656 de
2787 3618 2894 3671 quo
2916 3605 3081 3657 etiam
3114 3604 3209 3659 Dei
3239 3606 3408 3659 frater
3439 3607 3591 3675 plura

2016 3687 2072 3740 in
2126 3690 2394 3745 catholica
2428 3707 2527 3745 sua
2566 3695 2761 3749 scribit
2819 3696 3071 3764 cpistola.
3121 3696 3299 3752 Unum
3329 3699 3475 3753 enim
3507 3713 3593 3755 est

2014 3776 2178 3843 istud,
2199 3789 2253 3833 et
2275 3795 2383 3834 non
2402 3781 2574 3850 plura,
2599 3798 2880 3853 unumque
2897 3794 3320 3854 saerameutum,
3346 3799 3402 3843 et
3420 3804 3588 3843 unum

2013 3882 2079 3921 ex
2111 3879 2318 3938 septem
2347 3871 2647 3942 mysteriis,
2690 3874 2781 3928 sed
2809 3888 2906 3942 pro
2943 3874 3343 3934 dormientibus
3365 3880 3592 3937 adhibe-

2013 3964 2103 4012 tur
2128 3958 2308 4013 oleum
2338 3960 2395 4014 in
2425 3962 2630 4016 cultum
2658 3971 2713 4017 et
2734 3963 3000 4018 honorem
3028 3965 3149 4030 Dei,
3186 3965 3240 4021 in
3277 3969 3588 4025 miseratio-

2018 4063 2143 4103 nem
2172 4058 2227 4103 et
2255 4051 2599 4108 clementiam
2637 4054 2916 4110 defunctis
2941 4058 3356 4129 conciliandam,
3390 4077 3586 4131 quent-

2013 4141 2307 4196 admodum
2358 4147 2532 4211 cerei,-
2569 4148 2693 4201 thus
2732 4158 2787 4203 et
2829 4159 3021 4204 caetera
3056 4164 3154 4219 pro
3188 4152 3320 4220 ipsis
3354 4153 3409 4206 in
3449 4163 3589 4209 tem‘

2012 4232 2103 4302 plo
2134 4233 2216 4316 vel
2241 4234 2404 4289 etiam
2436 4237 2489 4290 in
2536 4241 2907 4297 monumentis
2933 4256 3124 4296 eorum
3153 4242 3356 4312 oblata,
3387 4246 3588 4314 quibus

2013 4332 2073 4376 ut
2098 4322 2257 4378 donis
2289 4327 2608 4395 propositis,
2642 4339 2741 4384 nos
2768 4345 2867 4400 pro
2904 4332 3178 4389 defunctis
3204 4335 3582 4408 deprecamur,

2011 4425 2068 4469 et
2097 4417 2173 4471 illi
2201 4418 2441 4473 divinam
2476 4434 2888 4491 consequuntur
2933 4426 3383 4489 misericordiam.
3420 4441 3589 4500 prout

318 4495 499 4589 γούσα
527 4521 795 4588 διδάσκει,
828 4524 923 4576 καὶ
958 4522 1158 4586 πάντες
1196 4495 1380 4593 σχεδὸν
1420 4519 1468 4574 οί
1496 4520 1742 4592 Πατέρες
1770 4495 1905 4590 γρά-

2015 4510 2128 4566 hinc
2183 4523 2406 4582 operata
2458 4515 2618 4570 docet
2655 4518 2915 4583 Ecclesia,
2947 4530 3002 4574 et
3031 4534 3224 4576 omnes
3250 4522 3364 4578 fere
3397 4495 3588 4580 lintres

320 4633 511 4686 φουσι,
549 4616 642 4668 καὶ
673 4616 779 4687 πρὸ
816 4614 1036 4670 πάντων
1080 4617 1109 4669 ὁ
1141 4615 1314 4685 μέγας
1357 4614 1435 4684 τῷ
1464 4615 1580 4668 ὄντι
1628 4615 1725 4668 καὶ
1762 4613 1907 4683 ἱερὸς

332 4708 680 4773 Ἀθανάσιος,
736 4708 870 4778 περί
934 4723 993 4761 τε
1042 4707 1233 4776 κηρῶν
1291 4707 1386 4760 καὶ
1437 4707 1619 4761 ἐλαίου
1674 4706 1906 4777 γράφων

320 4801 469 4855 ὥστε
510 4799 688 4855 ταῦτα
718 4801 1056 4871 προσφέρειν
1101 4799 1244 4869 ὑπὲρ
1288 4798 1400 4852 τῶν
1432 4797 1765 4865 τεθνεώτων,
1804 4798 1906 4851 κᾶν

321 4899 401 4961 εἱς
429 4895 581 4966 χοῦν,
612 4895 717 4948 κᾶν
747 4894 828 4957 είς
855 4893 996 4960 ἀέρα
1039 4892 1146 4946 ὑπὸ
1192 4891 1362 4961 πυρὸς
1405 4890 1728 4959 διελύθησαν
1752 4904 1765 4920 ⁸
1804 4888 1899 4942 καὶ

321 4989 383 5042 τὸ
410 4988 513 5060 μὲν
541 4987 614 5050 ὡς
640 4986 1047 5058 όλοκάρπωσις,
1075 4985 1137 5038 τὸ
1164 4983 1224 5037 δὲ
1245 4984 1323 5046 ὡς
1350 4983 1511 5037 ουσία
1545 4983 1687 5049 ὑπὲρ
1720 4981 1901 5035 αὐτῶν

322 5079 398 5149 τῷ
442 5077 583 5147 Θεῷ-
619 5078 716 5131 καὶ
750 5077 1050 5148 προσάγειν
1075 5074 1243 5129 ταῦτα
1284 5073 1681 5130 διακελεύεται.
1733 5074 1902 5129 Ὅθεν

317 5174 420 5227 καὶ
446 5172 507 5225 τὸ
534 5173 798 5226 ἀνάπτειν
830 5171 988 5241 φῶτα
1017 5171 1076 5223 έν
1106 5170 1300 5237 τάφοις
1331 5166 1562 5237 νεκρῶν,
1593 5167 1689 5222 καὶ
1724 5166 1904 5221 ἔλαιον

322 5267 629 5333 προσάγειν
660 5266 802 5336 ὑπὲρ
843 5264 1026 5319 αὐτῶν
1084 5262 1225 5332 μετὰ
1264 5261 1577 5332 ἱερωτάτων
1611 5258 1807 5329 εὐχῶν,
1840 5259 1901 5312 οὐ

323 5358 617 5430 κωλυσεέονο
652 5359 738 5412 ὅτι
785 5359 880 5411 καὶ
929 5355 1137 5426 κηροὺς
1166 5355 1518 5418 άνάπτοντες,
1551 5354 1649 5407 καὶ
1704 5349 1900 5419 θυμιά-

325 5466 476 5519 ματα
502 5451 786 5518 φέροντες,
811 5449 954 5517 ὑπὲρ
984 5448 1167 5500 αὐτῶν
1193 5445 1312 5515 Θεῷ
1340 5436 1778 5515 προσευχόμεθα·
1808 5443 1900 5496 καὶ

324 5542 442 5605 ἔθος
480 5545 546 5613 τῇ
574 5541 897 5612 Ἐκκλησίῃ.
927 5538 1122 5609 Ὅμως
1173 5537 1243 5590 τὰ
1305 5540 1433 5606 περὶ
1471 5536 1565 5591 τοῦ
1614 5534 1900 5607 εὐγελαίου

324 5635 652 5702 κατίδωμεν.
1824 5640 1833 5649 ’

538 5891 802 5952 ΡΑτ-τιοι..
835 5892 952 5951 Gn.
981 5888 1151 5947 CLV.
1215 5902 1223 5909 ’

2007 4604 2287 4672 scribunt,
2329 4615 2386 4662 et
2420 4618 2546 4663 ante
2583 4622 2777 4665 omnes
2806 4626 2940 4666 vere
2987 4628 3219 4684 magnus
3255 4626 3591 4687 sanctusque

2005 4694 2364 4765 Athanasius,
2398 4702 2461 4755 de
2485 4701 2664 4756 cereis
2717 4713 2772 4757 et
2825 4703 2949 4760 oleo
2989 4707 3259 4773 scribens,
3301 4711 3587 4778 quoniam.

2005 4787 2133 4842 dum
2166 4788 2268 4843 ista
2296 4788 2603 4845 ofieruutur
2632 4807 2728 4861 pro
2756 4798 3007 4863 mortuis,
3032 4799 3137 4853 etsi
3164 4800 3219 4853 in
3249 4804 3490 4857 cinerem
3528 4815 3586 4858 et

2009 4877 2065 4933 in
2096 4894 2220 4934 aera
2251 4880 2375 4951 igne
2400 4883 2767 4951 resolvantur,
2800 4887 2949 4942 aliud
2976 4888 3200 4957 quidem
3222 4892 3368 4946 velut
3393 4894 3448 4948 in
3480 4898 3583 4949 ho-

2007 4971 2342 5039 locaustum,
2372 4974 2520 5031 aliud
2561 4990 2688 5030 vero
2718 4985 2977 5049 tanquam
3013 4980 3065 5035 in
3117 4983 3448 5040 sacrificium
3487 5003 3618 5054 pru.

2012 5065 2122 5121 illis
2151 5066 2379 5121 offertur
2411 5066 2542 5134 Deo,
2572 5081 2628 5124 et
2656 5069 2744 5124 illa
2776 5073 3022 5143 praecipit
3042 5072 3267 5131 offerre.
3296 5075 3447 5131 Unde
3471 5094 3580 5132 nun

2011 5157 2411 5226 prohibendum
2443 5169 2525 5213 est
2566 5174 2635 5214 ne
2671 5165 3046 5218 accendantur
3073 5148 3279 5219 lumina
3317 5167 3372 5220 in
3397 5169 3584 5237 sepul-

2010 5247 2120 5302 cris
2155 5256 2516 5313 mortuorum,
2545 5251 2853 5325 oleumque
2883 5269 2985 5324 pro
3018 5256 3153 5325 ipsis
3189 5272 3312 5310 cum
3342 5259 3585 5312 sanctis-

2010 5337 2165 5394 simis
2194 5329 2453 5409 precibu's
2502 5342 2788 5413 oﬂeratur,
2817 5349 3076 5415 quoniam
3125 5356 3181 5402 et
3228 5348 3584 5403 accendendo

2008 5445 2220 5496 cereos,
2244 5442 2298 5487 et
2329 5434 2762 5513 tburafercndo,
2791 5453 2888 5506 pro
2917 5439 3049 5508 ipsis
3074 5440 3238 5493 Deum
3269 5455 3583 5507 exoramus,

2007 5532 2064 5578 ct
2092 5524 2195 5579 iste
2226 5535 2308 5581 est
2339 5542 2454 5581 mos
2482 5527 2752 5584 Ecclesiae.
2789 5532 2946 5585 liitus
2984 5542 3165 5586 autem
3194 5533 3260 5588 de
3294 5516 3585 5588 Eucheleco

2009 5616 2262 5675 similiter
2288 5619 2663 5690 inspiciamus.
