4108 6262
363 339 466 405 ξΞῖ)

939 453 1187 508 necas.
1243 453 1354 521 εις.

772 638 850 691 δι’
871 638 1032 708 ἡμᾶς
1060 639 1318 703 διπλοῦς
1348 638 1548 702 ὄντας.

437 731 549 786 Καὶ
577 731 646 785 τά
699 731 980 802 μυστήρια
1024 730 1223 784 δέδωκε
1253 729 1437 788 διπλᾶ.
1480 727 1654 798 ὁρατά
1686 727 1786 798 μὲν
1814 724 1944 780 ὄντα

367 826 464 882 καὶ
491 826 557 880 ἐκ
589 825 868 894 στοιχείων
906 823 993 877 διὰ
1027 823 1088 876 τὸ
1129 822 1289 893 σῶμα
1339 821 1518 894 ἡμῶν,
1560 822 1728 890 νοητά
1759 822 1817 875 δὲ
1849 823 1945 874 καὶ

372 917 613 996 μυσεικά
639 917 732 971 καὶ
763 917 946 989 πλήρη
979 915 1199 988 χάριτος
1235 917 1468 985 ἀοράτου
1509 914 1598 968 διὰ
1628 916 1690 968 τὸ
1724 914 1944 984 πνεῦμα

367 1011 560 1080 ἡμῶν·
593 1011 678 1063 ὃτι
699 1011 812 1072 τοῖς
842 1009 1165 1079 μυστηρίοις
1191 1007 1428 1072 τούτοις,
1473 1009 1567 1060 καὶ
1603 1006 1823 1075 σώμασι
1854 1005 1947 1059 καὶ

367 1102 571 1174 ψυχαῖς
620 1101 1106 1171 ἀνακαθαιρόμεθά
1155 1118 1215 1154 τε
1265 1102 1360 1156 καὶ
1406 1099 1790 1170 φωτιζόμεθα,
1853 1100 1947 1151 καὶ

374 1195 571 1257 ἰάσεως
594 1188 710 1263 ἅμα
746 1193 1047 1263 μετέχομεν
1075 1193 1172 1247 καὶ
1205 1193 1506 1262 ἁγιασμοῦ.
1539 1190 1630 1244 Διὸ
1657 1192 1752 1245 καὶ
1783 1189 1858 1254 ὡς
1889 1192 1947 1244 ὲν

370 1287 448 1358 τῷ
495 1287 638 1358 ἁγίῳ
669 1287 1007 1356 βαπτίσματι
1054 1285 1138 1357 τῷ
1193 1285 1451 1357 ἁγιασμῷ
1499 1285 1594 1340 τοῦ
1631 1283 1824 1348 ὓδατος
1853 1285 1950 1337 καὶ

370 1380 448 1449 τῷ
479 1380 638 1451 μύρῳ
666 1381 844 1435 διτταὶ
874 1380 1052 1450 εὐχαὶ,
1082 1384 1177 1433 καὶ
1211 1381 1270 1433 ἐν
1291 1382 1409 1442 ταῖς
1445 1378 1801 1456 χειροτονίαις
1833 1377 1948 1431 6:1:-

371 1474 484 1538 ταὶ,
507 1473 604 1526 καὶ
632 1476 692 1527 ἐν
718 1471 796 1542 τῷ
837 1469 1118 1543 μοναχικῷ
1163 1473 1408 1542 σχήματι
1443 1471 1500 1523 αἱ
1531 1470 1748 1540 πρῶται
1798 1471 1949 1523 τελε-

376 1566 560 1619 στικαὶ
588 1566 785 1630 διτταὶ,
827 1566 970 1619 οὕτω
1000 1565 1064 1635 δὴ
1110 1567 1206 1618 καὶ
1235 1567 1292 1617 ὲν
1321 1565 1400 1634 τῷ
1449 1565 1590 1634 ἁγίῳ
1625 1564 1815 1632 ἐλαίῳ,
1854 1563 1950 1618 καὶ

373 1659 473 1727 τῆς
508 1657 731 1728 πρώτης
765 1659 1024 1730 ρηθείσης
1061 1657 1209 1728 παρά
1245 1657 1485 1721 πάντων,
1523 1656 1621 1710 καὶ
1651 1657 1949 1727 σφραγῖδος

379 1751 614 1824 σταυροῦ
661 1752 813 1814 θείας
860 1750 1229 1822 τελεσθείσης,
1287 1752 1319 1822 ἡ
1367 1750 1596 1820 δευτέρα
1645 1751 1798 1820 παρὰ
1851 1749 1946 1802 τοῦ

1629 335 1726 400 DE
1768 337 1829 402 S.
1873 328 2322 399 EUCHEL£0.

1971 478 2017 536 Λ

3517 330 3620 394 526

2615 436 2843 502 CA'PUT
2881 439 3078 503 CCXC.

261 639 272 650 Α
373 569 501 624 Ὀτι
532 565 717 623 διπλᾶ
753 568 1154 650 τίὶιμρσ-τήρια
1181 568 1436 650 escape
1468 569 1566 620 καί
1598 553 1941 636 πνεύματος

2071 566 2401 650 Sacramenta
2425 581 2489 620 ea:
2516 565 2711 632 duplici
2743 573 3076 650 recom'tare.
3107 562 3373 650 ntateriali
3395 575 3442 616 et
3467 563 3624 629 spiri-

2103 638 2220 703 tali,
2243 637 2491 707 quoniam
2524 647 2572 690 et
2601 653 2694 690 nos
2720 651 2785 689 ea:
2805 633 3009 704 duplici
3035 633 3334 688 substantia
3361 649 3567 687 sanius.

2121 727 2223 794 Qui
2253 731 2474 798 insuper
2495 727 2728 798 duplicia
2751 726 2903 783 dedit
2933 725 3214 797 mysteria,
3239 724 3476 781 visiliilia
3500 725 3626 796 qui—

2048 818 2173 873 dem
2203 832 2266 872 ex
2314 819 2602 872 elementis
2641 816 2952 872 constantia
3006 826 3232 887 propter
3281 830 3481 885 corpus
3530 831 3630 870 no~

2050 922 2250 975 suum,
2290 909 2554 978 spiritalia
2588 919 2772 963 autem
2804 917 2860 963 et
2889 909 3114 982 mystica
3153 917 3316 978 atque
3341 908 3630 963 invisibilis

2051 1001 2242 1072 gratim
2277 1001 2436 1070 plena
2483 1008 2707 1071 propter
2747 1001 2990 1055 animam
3047 1009 3317 1065 nostram,
3367 1001 3626 1069 quoniam

2052 1090 2138 1146 his
2169 1089 2460 1156 mysteriis,
2491 1097 2546 1145 et
2593 1103 2826 1160 corpore
2851 1099 2907 1144 et
2950 1091 3149 1160 spiritu
3180 1089 3516 1146 mundamur
3543 1100 3633 1145 at-

2050 1199 2158 1254 que
2179 1183 2571 1249 illuminamur,
2597 1181 2866 1253 simulque
2892 1184 3196 1240 sanationis
3231 1195 3285 1240 et
3309 1184 3624 1238 sanctiﬁca-

2052 1277 2221 1331 tionis
2258 1275 2419 1330 ﬁmus
2442 1275 2756 1346 participes.
2789 1275 3136 1345 Quapropter
3166 1275 3308 1330 sicut
3355 1277 3409 1330 in
3438 1276 3628 1332 divino

2053 1367 2378 1436 baptismate
2394 1369 2461 1423 ad
2492 1367 2941 1423 sanctiﬁcandum
2965 1379 3158 1439 aquam
3192 1379 3252 1424 et
3287 1379 3630 1438 unguentum

2055 1459 2180 1514 dum
2215 1468 2343 1514 sunt
2367 1459 2646 1514 orationes
2674 1497 2690 1522 ,
2744 1458 2867 1514 dum
2917 1458 2972 1512 in
2999 1459 3477 1526 ordinationibus,
3515 1461 3636 1516 duas

2057 1551 2220 1606 etiam
2253 1550 2581 1621 principales
2609 1551 2666 1605 in
2715 1550 3049 1607 conferendo
3089 1551 3277 1607 habitu
3305 1554 3629 1620 monastico,

2059 1646 2131 1701 ita
2188 1654 2242 1701 et
2292 1645 2345 1699 in
2374 1653 2563 1702 sancto
2588 1646 2730 1712 oleo;
2763 1653 2820 1700 et
2845 1645 3022 1713 priore
3054 1645 3196 1701 dicta
3230 1647 3298 1701 ab
3338 1649 3595 1702 omnibus
3616 1685 3632 1710 ,

2060 1737 2311 1806 laetoque
2345 1737 2539 1790 divina:
2568 1736 2751 1791 crucis
2789 1736 2947 1808 signo
2967 1776 2981 1801 ,
3011 1726 3284 1807 pos‘lerior
3316 1739 3427 1792 ﬁta
3459 1739 3637 1809 primo

377 1845 595 1916 πρώτου
627 1843 736 1895 τῶν
777 1844 966 1914 ἱερέων
1009 1845 1238 1910 γίνεται,
1275 1844 1335 1896 έν
1377 1842 1455 1910 τῷ
1490 1841 1826 1912 ’ἂφραγίζειν
1855 1842 1954 1895 αὐ-

2071 1827 2360 1895 sacerdote,
2388 1828 2628 1897 quicum
2658 1827 2874 1897 signat,
2911 1843 3103 1882 omnes
3144 1829 3309 1884 simul
3343 1830 3522 1884 oleum
3555 1831 3633 1885 si-

377 1935 491 1997 τὸν,
528 1934 938 2004 σφραγιξὸντων
984 1933 1116 2003 ὁμοῦ
1160 1935 1254 1987 καὶ
1292 1934 1514 1987 πάντων
1567 1934 1633 1986 τὸ
1682 1933 1881 1997 ἔλαιον,
1917 1933 1952 2003 ἢ

381 2026 475 2079 καὶ
502 2025 643 2079 οὕτω
677 2025 839 2097 φησίν
862 2041 876 2055 ⁸
915 2043 934 2076 ι
973 2027 1232 2096 ’Λναρχε,
1268 2025 1538 2095 άδιάδοχε,
1575 2024 1697 2093 ἅγιε
1716 2025 1948 2092 ἁγίων.»

381 2116 708 2186 Θαυμαστὸν
733 2115 792 2169 τὸ
822 2116 1127 2185 προοίμιον.
1182 2134 1201 2167 ι
1253 2116 1326 2168 ΣΞ)
1358 2117 1386 2169 ὀ
1432 2117 1685 2184 ἀπαρχῆς
1716 2116 1818 2185 καὶ,
1866 2117 1958 2168 ἀεὶ

383 2209 651 2277 ἐλεήμων,
685 2207 778 2260 καὶ
814 2209 842 2260 ὁ
885 2208 960 2277 μὴ
993 2207 1243 2279 διαδοχὴν
1273 2206 1437 2277 ἔχων.
1479 2206 1538 2260 '0
1569 2208 1732 2269 αὐτὸς
1763 2208 1872 2277 γὰρ
1907 2202 1959 2260 si

388 2301 484 2353 σὺν
516 2299 593 2369 τῷ
621 2299 734 2369 Υίῷ
769 2315 863 2352 σου
892 2301 982 2351 καὶ
1013 2300 1316 2370 Πνεύματι,
1343 2299 1427 2352 ἀεὶ
1453 2299 1639 2369 Πατὴρ
1667 2299 1960 2354 ἀναλλοίω-

386 2401 498 2455 τος,
533 2393 628 2444 καὶ
680 2391 835 2456 ἅγιος
870 2390 978 2443 τῶν
1024 2389 1218 2458 ἁγίων,
1262 2390 1509 2442 τουτέστι
1568 2391 1727 2457 μόνος
1782 2389 1958 2466 ἅγιος,

386 2482 480 2535 καὶ
505 2481 612 2535 τῶν
639 2481 1017 2550 άγιαζομένων
1050 2480 1348 2548 ἁγιασμὸς,
1371 2481 1530 2548 ἡμεῖς
1556 2479 1610 2530 δὲ
1647 2479 1963 2548 ἁμαρτωλοὶ

387 2573 482 2623 καὶ
518 2571 747 2640 πλήρεις
777 2571 977 2630 παντὸς
1013 2568 1214 2638 ῥύπου,
1260 2569 1353 2620 καὶ
1405 2570 1482 2630 ὡς
1533 2567 1831 2637 ἀρξάμενοι
1866 2570 1962 2620 ἀλ-

388 2661 718 2728 λοιούμενοι.
745 2660 836 2712 Διὸ
865 2661 929 2729 σὺ
956 2661 983 2711 ὁ
1010 2659 1395 2724 ἐξαποστείλας
1421 2661 1478 2711 ὲν
1512 2660 1645 2710 ἐλέει
1681 2661 1774 2713 τὸν
1808 2676 1964 2729 μονο-

390 2752 526 2822 γενῆ
565 2768 662 2806 σου
694 2751 846 2816 Υἰὸν,
875 2727 1116 2819 ῖώμενον
1146 2753 1326 2811 πάσας
1369 2752 1468 2814 τὰς
1515 2751 1704 2814 νόσους
1753 2753 1847 2806 καὶ
1897 2751 1964 2805 τά

393 2843 545 2912 πάθη
585 2843 760 2912 ἡμῶν,
821 2839 1204 2906 ἐξαπόστειλον
1246 2842 1306 2893 τὸ
1354 2841 1510 2908 ἆγιόν
1577 2859 1668 2894 σου
1719 2842 1962 2910 Πνεῦμα,

393 2939 489 2990 καὶ
517 2937 742 3004 ἁγίασον
774 2937 832 2989 τὸ
863 2937 1042 2989 ἔλαιον
1075 2936 1252 2991 τοῦτο.
1295 2955 1314 2988 ›
1357 2938 1466 2990 Καὶ
1491 2937 1650 3000 εὐθὺς
1675 2935 1966 3008 σφραγίζει

392 3031 529 3084 αὐτὸ
590 3029 618 3081 ὃ
671 3045 728 3080 τε
785 3029 998 3098 πρῶτος
1048 3029 1250 3096 ἱερεὺς,
1285 3027 1377 3080 καὶ
1409 3027 1526 3096 ἅμα
1586 3029 1827 3088 πάντες⁶
1873 3031 1968 3082 καὶ

392 3121 610 3189 ἐπάγει,
655 3139 672 3170 ι
717 3119 948 3191 Ποίησον
978 3119 1111 3172 αὐτὸ
1138 3118 1390 3188 γενέσθαι
1422 3119 1694 3189 χριομένῳ
1721 3119 1860 3189 τᾷδε
1890 3120 1966 3190 τῷ

392 3213 566 3282 δούλῳ
623 3229 717 3264 σου
780 3214 861 3274 είς
920 3212 1133 3269 τελείαν
1190 3211 1570 3281 ἀπολύτρωσιν
1627 3212 1735 3264 τῶν
1794 3212 1964 3266 αὐτοῦ

395 3305 906 3376 πλημμελημάτων.
941 3323 958 3354 ι
995 3304 1246 3372 Μεγίστη
1296 3302 1465 3363 ὅντως
1510 3305 1542 3374 ἡ
1575 3303 1774 3372 δωρεά.
1813 3321 1830 3355 ι
1871 3304 1965 3368 Εἰς

397 3397 672 3465 ἁγιασμὸν
713 3395 890 3465 ψυχῆς
923 3397 1017 3449 καὶ
1050 3395 1324 3466 σώματος.
1371 3414 1388 3446 ι
1437 3395 1570 3449 Ἰδοὺ
1601 3397 1697 3449 καὶ
1740 3396 1970 3468 δευτέρα

401 3491 633 3560 μεγίστη
683 3493 862 3558 χάρις.
919 3507 938 3540 ι
987 3487 1081 3551 Εἰς
1129 3487 1407 3559 βασιλείας
1432 3489 1679 3559 οὐρανῶν
1710 3489 1971 3560 κληρονο-

401 3581 549 3650 μίαν.
592 3597 610 3630 ι
655 3579 787 3632 Ἰδοὺ
838 3581 934 3632 καὶ
981 3580 1044 3631 τὸ
1089 3579 1294 3633 τέλειον
1338 3579 1592 3650 δώρημα,
1643 3580 1676 3650 ἠ
1726 3579 1972 3650 σωτηρία

399 3665 580 3734 ἡμῶν,
635 3667 730 3716 καὶ
770 3666 803 3734 ἡ
859 3666 1196 3735 κληρονομία
1232 3665 1334 3733 τῆς
1384 3666 1479 3719 τοῦ
1523 3667 1658 3720 Θεοῦ
1697 3667 1974 3737 βασιλείας

399 3755 493 3806 καὶ
523 3753 702 3823 δόξης.
731 3754 837 3805 Καὶ
865 3753 1023 3806 τοῦτο
1056 3755 1221 3808 πόθεν
1263 3757 1395 3825 ἡμῖν
1420 3756 1481 3808 τὸ
1511 3757 1715 3825 ἀγαθόν
1742 3776 1756 3823 ;
1796 3776 1814 3808 ι
1848 3758 1972 3812 Ὀτι

400 3844 532 3907 Θεὸς
586 3845 768 3906 ἐλέους
820 3844 911 3896 καὶ
954 3843 1361 3916 φιλανθρωπίας
1411 3846 1702 3918 ὑπάρχεις,
1736 3865 1756 3899 ι
1816 3851 1970 3918 φησί.

405 3939 516 3990 Καὶ
559 3936 830 4004 δοξολογεῐ
861 3935 1052 3988 τοῦτον
1079 3935 1360 4005 έκφώνως,
1391 3937 1483 3990 τὸν
1522 3939 1738 4008 Πατέρα
1769 3942 1868 3994 σὺν
1897 3942 1974 4011 τῷ

402 4028 520 4097 Υἱῴ
546 4031 641 4083 καὶ
676 4028 755 4097 τῷ
791 4027 1090 4098 Πνεῦματι.
1127 4027 1235 4080 Καὶ
1281 4025 1453 4091 οὕτως
1486 4029 1586 4099 ἢδη
1640 4030 1975 4100 ἡγιασμένον

399 4123 520 4178 ἔστι
572 4123 633 4176 τὸ
686 4121 887 4188 ἔλαιον,
947 4122 1044 4173 καὶ
1100 4119 1330 4188 δύναμιν
1384 4120 1606 4174 πλουτεῖ
1660 4123 1832 4188 θείαν,
1883 4124 1975 4177 καὶ

401 4215 584 4266 πάντα
633 4213 862 4280 παρέχει
915 4208 982 4263 τὰ
1037 4209 1138 4278 τῆς
1189 4210 1355 4281 εὐχῆς
1400 4213 1516 4275 τοῖς
1551 4214 1688 4282 μετά
1740 4215 1978 4278 πίστεως

401 4306 740 4376 χριομένοις.
773 4301 856 4356 Td:
891 4305 999 4373 γὰρ
1050 4304 1150 4371 τῆς
1185 4303 1355 4373 εὐχῆς
1405 4305 1604 4374 ἔνεργά
1658 4305 1837 4361 πάντα
1889 4309 1980 4379 ρή.

404 4410 576 4466 ματα,
613 4396 704 4449 διὰ
736 4395 830 4447 τοῦ
885 4396 1074 4464 ἱερέως
1129 4394 1420 4465 λεγόμενα,
1467 4397 1626 4467 χάριν
1661 4398 1876 4468 ἔχοντος
1910 4403 1976 4471 τῇ

2057 1930 2245 1992 gnant,
2268 1930 2324 1976 et
2345 1921 2425 1977 sic
2442 1921 2556 1977 ait:
2583 1939 2600 1972 ι
2632 1921 2677 1977 0
2699 1935 2756 1976 ιιι
2786 1922 2874 1976 cui
2905 1938 3004 1979 nec
3033 1923 3250 1978 initium
3269 1933 3352 1978 est
3378 1940 3554 1994 neque
3575 1926 3637 1979 ﬁ-

2057 2018 2144 2070 nis
2161 2006 2285 2078 erit,
2307 2023 2494 2070 sancte
2512 2024 2826 2070 sanctorum
2849 2032 2898 2081 ;›
2922 2014 3243 2071 admirabile
3269 2017 3595 2086 principium
3620 2018 3634 2073 ί

2065 2123 2084 2157 ι
2115 2116 2170 2160 tu
2200 2105 2292 2175 qui
2329 2107 2399 2162 ab
2427 2107 2584 2162 initio
2625 2115 2680 2162 et
2705 2122 2921 2178 semper
2948 2124 3009 2164 es
3035 2110 3370 2173 misericors,
3397 2112 3484 2180 qui
3519 2127 3642 2167 such

2059 2210 2333 2269 cessarem
2366 2211 2477 2252 non
2506 2197 2702 2262 habes,
2734 2213 2858 2251 nam
2910 2199 3053 2271 idem
3107 2215 3166 2254 es
3203 2216 3327 2255 cum
3383 2201 3518 2256 Filio
3550 2212 3642 2256 tuo

2061 2299 2116 2344 et
2173 2282 2400 2358 Spiritu,
2433 2304 2652 2359 semper
2701 2285 2864 2345 Pater
2907 2290 3280 2359 immutabilis,
3318 2302 3374 2346 et
3408 2293 3644 2349 Sanctus

2063 2389 2401 2445 sanctorum,
2439 2381 2492 2436 id
2527 2390 2634 2447 est,
2661 2383 2811 2437 solus
2832 2394 3076 2450 sanctus,
3102 2395 3156 2439 et
3179 2386 3641 2442 sanetiticatorum

2065 2471 2431 2526 saneliﬁcatio
2456 2513 2471 2537 ,
2511 2489 2611 2528 nos
2643 2484 2823 2529 autem
2857 2485 3174 2545 peceatores
3201 2487 3256 2532 et
3291 2479 3436 2547 pleni
3467 2482 3646 2533 munis

2069 2562 2366 2630 spurcitiae,
2393 2572 2448 2617 et
2476 2565 2600 2632 quia
2627 2565 2841 2619 initium
2893 2565 3156 2621 habemus
3205 2567 3488 2625 instabiles
3527 2586 3546 2624 :
3587 2581 3642 2624 ιιι

2071 2653 2192 2707 ideo
2217 2655 2309 2724 qui
2341 2655 2540 2710 misisti
2571 2657 2627 2710 in
2665 2657 3038 2713 misericordia
3081 2666 3170 2712 tua
3226 2657 3422 2714 Filium
3454 2663 3646 2732 unige-

2069 2744 2241 2796 nitum
2303 2756 2585 2800 sanantem
2647 2760 2840 2802 omnes
2885 2747 3108 2804 morbos
3141 2759 3362 2806 nostros
3411 2753 3647 2824 viliaque

2069 2845 2252 2890 nostra
2287 2838 2562 2906 universa,
2597 2841 2786 2894 emitte
2809 2849 3058 2895 sanctum
3093 2840 3358 2912 Spiritum
3399 2853 3573 2911 tuum,
3595 2857 3646 2901 et

2069 2928 2352 2983 sanctiﬁca
2376 2929 2554 2984 oleum
2576 2931 2743 2985 istud.
2777 2948 2797 2982 ι
2833 2931 2903 2986 Ει
2931 2938 3114 2988 statim
3153 2935 3281 2990 illud
3323 2937 3502 3006 signat
3536 2941 3647 3006 pri-

2068 3034 2193 3074 mus
2219 3021 2500 3084 sacerdos,
2546 3022 2818 3092 simulque
2849 3024 3114 3091 universi,
3167 3036 3217 3080 et
3253 3027 3406 3082 addit
3446 3048 3458 3083 :
3497 3049 3515 3080 ι
3545 3030 3648 3084 Fac

2073 3119 2135 3164 ut.
2161 3110 2304 3166 istud
2334 3113 2406 3165 sit
2436 3113 2566 3167 huic
2596 3127 2755 3168 servo
2783 3123 2876 3170 tuo
2902 3116 2954 3170 in
2996 3117 3292 3183 perfectam
3324 3121 3647 3191 redemptio-

2074 3213 2257 3254 nema
2322 3203 2558 3271 peccatis
2596 3204 2716 3273 ejus
2779 3206 3005 3273 (donum
3056 3223 3179 3262 vere
3231 3215 3536 3280 magnum),
3595 3214 3648 3268 in

2074 3291 2567 3348 sanetiﬁcationem
2614 3296 2809 3350 anima:
2847 3305 2900 3350 et
2948 3298 3199 3368 corporis
3268 3301 3357 3365 (en
3412 3305 3648 3357 secunda

2073 3385 2307 3440 maxima
2345 3387 2564 3458 gratia),
2607 3388 2661 3441 in
2687 3388 3055 3444 bacreditatem
3111 3393 3262 3461 regni
3297 3395 3583 3449 cmlorum.
3626 3417 3643 3446 ι

2074 3476 2215 3532 Ecce
2252 3477 2453 3532 donum
2491 3479 2793 3548 perlectum
2825 3519 2840 3543 ,
2896 3482 3108 3536 scilicet
3153 3483 3301 3540 salus
3355 3496 3542 3540 nostra
3601 3497 3650 3540 cl

2076 3568 2365 3623 haereditas
2402 3571 2551 3639 regni
2584 3580 2638 3625 et
2670 3571 2856 3640 gloria:
2906 3571 3022 3628 Dei.
3083 3571 3147 3628 Et
3197 3575 3341 3630 unde
3363 3578 3521 3634 nobis
3551 3579 3649 3632 hoc
3729 3592 3734 3596 ‘

2075 3661 2326 3719 bonum?
2363 3678 2382 3712 ι
2421 3652 2690 3726 Quoniam
2721 3675 2776 3717 tu
2805 3678 2885 3730 es,
2923 3663 3122 3733 inquit,
3157 3665 3300 3722 Deus
3339 3670 3654 3724 miserit-or;

2075 3750 2179 3808 dite
2201 3765 2256 3808 et
2291 3754 2669 3823 benignitatis.
2706 3773 2725 3807 ι
2780 3756 2842 3808 Ει
2875 3757 3025 3808 illum
3054 3758 3200 3811 clara
3229 3773 3361 3814 voce
3391 3762 3650 3830 gloriﬁcat

2077 3845 2288 3900 Patrem
2325 3861 2448 3900 eum
2489 3846 2624 3900 Filio
2648 3856 2700 3900 et
2729 3845 2956 3914 Spiritu.
2987 3847 3078 3901 Sic
3103 3849 3214 3916 jam
3248 3852 3652 3906 sanctiﬁcatum

2077 3949 2161 3993 est
2186 3938 2390 4004 oleum,
2416 3939 2709 4008 divinaque
2741 3941 2946 3994 virtute
2977 3943 3216 4008 gaudet,
3270 3952 3325 3995 ct
3375 3944 3556 3998 Olllltia
3598 3944 3651 3997 in

2078 4029 2324 4082 oratione
2354 4029 2627 4084 declarata
2675 4030 2925 4086 ﬁdelibus
2959 4033 3011 4085 in
3043 4030 3147 4086 ﬁde
3177 4033 3358 4087 unctis
3406 4034 3653 4104 imperti-

2081 4128 2192 4179 tur,
2231 4134 2354 4172 nam
2383 4121 2568 4174 omnia
2613 4121 2885 4176 orationis
2919 4122 3079 4176 verba
3116 4133 3248 4177 sunt
3274 4126 3578 4193 operatoria
3625 4146 3654 4179 ιι

2080 4209 2365 4263 sacerdote
2392 4211 2600 4278 prolata
2625 4214 2714 4282 qui
2743 4229 2840 4282 per
2864 4212 3262 4267 ordinatioan
3289 4213 3382 4268 Dei
3425 4216 3653 4286 gratiam

2081 4302 2279 4357 induit.
2311 4301 2508 4357 Verum
2535 4315 2658 4374 post
2685 4303 2990 4360 oralionem
3027 4306 3325 4375 apostolica
3353 4307 3536 4363 fratris
3560 4307 3654 4364 Dei

2083 4397 2248 4450 verba
2295 4395 2600 4451 recitantur
2653 4382 3010 4452 recte'nobis
3071 4399 3326 4454 testantia
3370 4401 3513 4456 umle
3557 4417 3653 4455 nos

399 4487 710 4560 χειροτονίᾳ
735 4486 894 4540 Θεοῦ.
927 4487 1081 4540 Μετά
1113 4487 1214 4553 τὴν
1258 4486 1424 4558 εὐχὴν
1472 4488 1530 4541 δὲ
1578 4489 1740 4554 εὐθὺς
1779 4491 1848 4544 τά
1878 4491 1966 4544 τοῦ

2085 4486 2242 4542 ismm
2291 4487 2669 4558 acceperimus
2732 4489 3101 4544 traditionem.
3160 4490 3366 4546 Deinde
3410 4503 3653 4546 cantatur

401 4581 711 4649 Θεαδέλφου
745 4579 1180 4648 ἀναγινώσκεται
1212 4579 1550 4633 ἀποστολικά
1593 4583 1836 4651 ῥήματα,
1885 4598 1981 4637 σα-

405 4672 522 4742 φῶς
552 4673 689 4741 ἡμῖν
722 4671 1128 4742 μαρτυροῦντα,
1165 4668 1290 4724 ὅθεν
1321 4671 1482 4742 ἡμεῖς
1524 4670 1624 4741 τὴν
1675 4673 1980 4744 παράδοσιν

398 4764 611 4833 ταύτην
637 4762 925 4830 ἐλάσομεν.
963 4757 1096 4814 Εἶτα
1128 4762 1188 4813 τδ
1228 4761 1546 4832 Ἀλλῃλούῖα
1574 4762 1857 4833 ψάλλεται,
1897 4765 1980 4818 ὅτι

403 4873 465 4908 τε
491 4855 755 4925 ἐπιδημία
780 4854 973 4922 γέγονε
1001 4852 1154 4916 θείας
1194 4853 1441 4924 χάριτος,
1475 4855 1571 4908 καὶ
1597 4856 1680 4908 ὅτι
1714 4857 1743 4908 ὁ
1775 4855 1982 4926 Κύριος

403 4946 494 4999 διὰ
518 4946 614 4998 τοῦ
652 4944 990 5014 Εὐαγγελίου
1020 4943 1262 5024 ἔρχετρι.
1293 4945 1386 5000 Διδ
1411 4947 1506 4999 καὶ
1524 4947 1606 5010 είς
1627 4946 1786 5013 δόξαν
1815 4946 1981 5001 αὐτοῦ

405 5040 503 5088 καὶ
557 5035 838 5106 ἀγιασμδν
895 5034 1054 5105 ἡμῶν
1106 5034 1362 5104 θυμίαμα
1415 5037 1850 5107 προσκομίζεται
1903 5039 1983 5100 είς

404 5127 582 5197 ὀσμὴν
605 5123 837 5190 εὐωδίας
896 5127 992 5179 καὶ
1021 5127 1308 5196 μετάδοσιν
1339 5126 1488 5192 θείας
1518 5129 1763 5200 χάριτος.
1789 5131 1896 5182 Καὶ
1923 5128 1985 5182 τὺ

407 5218 748 5286 Εὐαγγέλιον
796 5217 960 5280 εὐθὺς
1006 5215 1441 5286 ἀναγινώσκεται
1471 5219 1567 5272 ἐπὶ
1614 5221 1712 5289 τῆς
1743 5220 1986 5290 κεφαλῆς

408 5308 504 5361 τοῦ
551 5307 903 5372 ἐκτελοῦντος
947 5308 1046 5380 τὴν
1081 5308 1503 5380 τελετὴν-παρά
1527 5308 1632 5364 ’τοῦ
1666 5308 1881 5380 πρώτου
1907 5311 1980 5363 is-

412 5401 552 5471 ρέως
581 5400 660 5464 είς
689 5357 1014 5471 ἀποτροπὴν
1042 5400 1100 5466 ιξ
1135 5357 1542 5463 αὐτέῦἓταντὺς
1581 5357 1854 5467 ἑνανῗιίου,
1903 5402 1985 5466 είς

411 5493 662 5562 εὐλογίαν
701 5491 908 5558 αὐτοῦ,
959 5492 1040 5555 εἰς
1085 5491 1353 5561 κάθαρσιν
1409 5489 1503 5543 τοῦ
1546 5491 1662 5554 νοὸς
1720 5491 1817 5544 καὶ
1876 5491 1986 5543 τῶν

413 5584 718 5653 αἰσθήσεων
744 5581 992 5636 ἀπασῶν.
1020 5581 1130 5633 Καὶ
1164 5580 1305 5650 μετά
1355 5579 1415 5633 τὺ
1465 5581 1797 5649 Εὐαγγέλιον
1851 5580 1986 5651 εὐχὴ

413 5673 650 5742 δεήσεως
704 5673 844 5742 ὑπὲρ
894 5674 1141 5741 ἀφέσεως
1198 5673 1484 5741 ἁμαρτιῶν
1530 5671 1694 5724 αὐτοῦ
1739 5671 1984 5739 λέγεται,

2083 4577 2298 4632 alleluia
2325 4619 2339 4642 ,
2373 4578 2630 4647 quoniam
2663 4578 2839 4634 lactus
2871 4591 2950 4634 est
2989 4579 3187 4634 divinae
3214 4581 3402 4648 gratiae
3449 4582 3654 4635 adven-

2083 4679 2191 4733 tus,
2217 4678 2273 4724 et
2304 4670 2429 4738 quia
2461 4671 2721 4725 Dominus
2746 4686 2842 4738 per
2868 4672 3211 4740 evangelium
3238 4673 3410 4727 venit.
3451 4673 3575 4728 ideo
3603 4675 3654 4726 in

2083 4761 2313 4831 gloriam
2344 4762 2462 4832 ejus
2505 4771 2561 4816 et
2591 4761 3079 4816 sanctiﬁcationem
3127 4771 3370 4818 nostram
3405 4765 3533 4818 thus
3573 4767 3654 4820 al-

2085 4857 2258 4909 lertur
2294 4853 2350 4909 in
2381 4855 2604 4909 odorem
2655 4854 2960 4919 suavitatis,
3001 4863 3056 4910 et
3103 4855 3655 4914 communicationem

2085 4947 2280 5002 divinae
2319 4946 2526 5018 gratiae,
2550 4955 2603 5002 et
2625 4947 2983 5017 Evangelium
3016 4948 3160 5003 illico
3196 4948 3455 5004 recitatur
3494 4964 3654 5019 super

2086 5049 2250 5108 caput
2271 5038 2390 5106 ejus
2417 5040 2509 5107 qui
2528 5050 2930 5094 sacramentum
2960 5041 3187 5110 suscipit
3217 5055 3248 5096 a
3280 5040 3454 5110 primo
3480 5058 3656 5096 sacero

2085 5131 2234 5195 dote,
2284 5130 2353 5185 ad
2408 5131 2763 5185 avertendum
2798 5131 2866 5185 ab
2899 5146 2966 5186 eo
2991 5148 3206 5186 onmem
3244 5132 3524 5186 inimicum
3553 5173 3567 5196 ,
3603 5133 3655 5189 in

2086 5223 2523 5277 benedictionem
2553 5223 2721 5289 illius,
2749 5224 2802 5278 in
2830 5225 3203 5294 purgationem
3233 5223 3427 5278 mentis
3452 5235 3504 5276 et
3532 5239 3653 5278 Scu-

2087 5327 2246 5367 suum
2275 5311 2540 5365 omnium.
2586 5310 2841 5381 Sed’post
2871 5310 3224 5382 Evangelium
3257 5311 3429 5366 oratio
3461 5311 3653 5380 depre-

2086 5401 2318 5456 cationis
2372 5416 2473 5470 pro
2529 5401 2857 5456 remissione
2905 5412 3252 5472 peccatorum
3304 5403 3456 5468 ejus,
3496 5414 3654 5472 atque

2089 5493 2260 5563 gratia
2306 5494 2608 5548 sanationis
2661 5502 2768 5548 tam
2816 5495 3118 5563 corporalis
3157 5510 3321 5565 quam
3357 5497 3654 5564 spiritalis;

2086 5598 2206 5653 qua:
2235 5584 2410 5652 prima
2462 5567 2564 5647 est,
2605 5591 2658 5636 et
2709 5583 2781 5636 ita
2845 5592 2906 5637 ut
2958 5584 3210 5639 audiatur
3257 5585 3476 5650 dicitur,
3530 5603 3654 5644 cum

2089 5673 2269 5726 ceteri
2297 5673 2606 5727 sacerdotes
2644 5671 2808 5727 etiam
2833 5673 3218 5744 deprecentur.
3250 5674 3380 5732 Post
3421 5692 3539 5733 eum
3570 5696 3654 5730 se-

416 5765 513 5817 καὶ
568 5765 810 5833 ἰατρείας
857 5763 1016 5832 χάριν
1055 5763 1374 5834 σωματικῆς
1414 5779 1473 5815 τε
1514 5763 1610 5817 καὶ
1639 5761 1915 5831 ψυχικῆς’
1947 5762 1966 5814 i

2089 5765 2264 5820 cunda
2295 5773 2507 5821 secreto
2528 5763 2728 5820 dicitur
2759 5765 2861 5822 alia
2891 5768 3190 5824 secundum
3237 5768 3464 5829 ﬁguram
3495 5787 3653 5828 supra
