4108 6262
561 377 658 440 531

1338 383 1720 444 SYMEONIS
1756 386 2508 451 THESSALONICENSIS
2549 392 2907 453 ARCHIEP.

3689 389 3789 452 593

557 505 666 557 que
705 487 1129 546 misericordiam
1178 504 1242 545 ac
1289 489 1686 564 jucunditatem
1730 495 1888 550 nobis
1961 510 2114 550 com-

2225 496 2321 549 καὶ
2351 497 2661 565 πνεύματα,
2694 499 2788 552 καὶ
2833 496 3163 568 ἀπαλείφειν
3190 495 3523 565 τραύματα,
3570 494 3666 548 καὶ
3701 495 3798 567 ἀρ-

557 596 772 649 parare.

1078 883 1308 940 CAPUT
1347 885 1594 944 CCXCII.

481 983 490 996 "
552 971 803 1039 Oportere
839 977 1102 1029 asservari
1141 981 1280 1045 quod
1309 994 1371 1029 ea:
1407 978 1654 1030 unctione
1696 977 1836 1029 sacri
1868 980 1966 1032 olei
1997 981 2122 1032 reli-

1136 1063 1296 1116 quum
1331 1057 1530 1099 manet.

623 1133 752 1188 ldeo
783 1135 926 1204 quod
958 1153 1025 1190 ex
1077 1137 1195 1191 oleo
1251 1148 1500 1206 superest
1525 1140 1849 1194 servandum
1879 1151 2035 1196 estet
2066 1143 2118 1196 in

551 1227 760 1280 honore
815 1227 1152 1291 habendum,
1195 1243 1296 1281 nec
1334 1229 1629 1298 quidquam
1657 1230 1818 1299 hujus
1842 1232 2123 1301 negligen-

550 1321 702 1371 dnm.
736 1316 868 1371 Novi
894 1321 1036 1372 enim
1069 1319 1136 1374 de
1172 1319 1274 1374 hac
1310 1337 1387 1385 re,
1424 1323 1564 1376 sicut
1594 1332 1648 1377 et
1676 1324 1741 1378 de
1781 1323 2121 1378 divinissima

551 1410 893 1480 baptismatis
961 1427 1096 1481 aqua
1142 1413 1405 1478 quosdam
1470 1429 1592 1468 esse
1642 1416 1754 1483 qui,
1814 1417 2123 1470 nescientes

551 1504 863 1570 tms'erium
896 1504 976 1558 vel
1019 1503 1148 1558 ilhtd
1191 1514 1533 1574 respuentes.
1566 1521 1634 1561 eo
1673 1517 1948 1577 utettnque
1979 1508 2123 1563 Ceci-

549 1595 692 1653 derit
727 1606 977 1659 utuntur,
1007 1608 1063 1651 et
1097 1612 1238 1666 sa‘pe
1269 1598 1359 1652 ubi
1393 1614 1500 1653 non
1528 1609 1828 1668 oporteret,
1862 1601 2119 1664 mittitur,

549 1687 630 1742 vel
659 1687 727 1741 ab
759 1688 1090 1742 animalibus
1118 1689 1485 1753 consumitur,
1506 1705 1683 1759 neque
1709 1705 1842 1745 cura
1876 1700 1957 1745 est
1982 1691 2123 1744 ntul-

548 1778 619 1832 tis
651 1778 718 1832 de
761 1779 872 1832 illo.
909 1778 1098 1833 Sciant
1130 1789 1311 1834 autem
1369 1781 1710 1851 negligentes
1778 1797 1998 1850 gravem
2039 1784 2120 1838 eis

548 1881 768 1938 propter
799 1872 899 1924 hoc
923 1871 1210 1925 imminere
1270 1872 1698 1929 damnationem.
1763 1872 1992 1943 Insuper
2051 1873 2121 1929 de

550 1965 648 2016 hac
679 1979 737 2017 re
770 1963 1188 2018 ratiocinemur.
1228 1963 1284 2018 Si
1305 1980 1441 2031 aqua
1469 1966 1806 2020 sanctiﬁcata
1835 1977 2122 2036 regenerat

547 2066 600 2108 et
632 2054 895 2109 reformat
928 2055 1234 2121 hominem,
1265 2072 1368 2110 nec
1401 2059 1606 2124 absque
1640 2071 1702 2110 ea
1735 2058 2020 2127 quisquam
2039 2068 2123 2112 est

547 2145 936 2214 Christianus;
993 2147 1174 2201 oleum
1227 2163 1360 2203 vero
1419 2157 1598 2210 sanat.
1661 2160 1716 2202 et
1776 2158 2121 2216 peccatorum

549 2238 926 2292 temissionetn
989 2239 1251 2309 impertit,
1287 2250 1454 2308 utque
1504 2239 1555 2292 in
1594 2239 1725 2308 ipsis
1781 2250 2007 2310 propter
2035 2257 2122 2296 me

548 2327 900 2392 superveniat
953 2343 1062 2384 non
1119 2327 1442 2398 dedignatur
1492 2329 1730 2399 Spiritus
1777 2340 2022 2390 sanctus.
2073 2331 2120 2384 ei

547 2425 729 2476 autem
766 2419 943 2488 placet
966 2418 1191 2472 adunari
1221 2435 1376 2488 aquae
1397 2429 1452 2474 et
1476 2420 1596 2474 oleo
1619 2423 1936 2489 cmterisque
1967 2436 2121 2474 crea-

549 2510 685 2564 turis
709 2525 774 2564 ac
837 2510 1124 2566 elementis
1171 2521 1394 2580 propter
1449 2526 1626 2566 meam
1673 2513 2012 2567 sanationem
2067 2527 2123 2567 et

545 2601 964 2664 correctionem,
1013 2603 1286 2670 quomodo
1359 2603 1748 2658 damnatione.
1789 2620 1900 2658 non
1975 2616 2122 2660 esset

545 2692 741 2761 dignus
785 2691 870 2745 vir
927 2692 1105 2747 audax
1141 2692 1236 2762 qui
1291 2692 1380 2746 illa
1431 2692 1737 2747 ellundcret
1794 2705 1849 2748 et
1877 2695 2122 2763 pedibus

545 2782 934 2837 Conculcaret?
967 2784 1050 2838 vel
1075 2785 1169 2853 qui
1211 2793 1572 2838 contemnens
1636 2786 1841 2839 sineret
1898 2803 1959 2840 ea
1996 2787 2122 2840 ubi-

545 2890 765 2943 cunque
813 2875 1003 2945 projici
1037 2887 1091 2931 et
1123 2877 1443 2946 corrumpi?
1483 2878 1574 2947 qui
1601 2865 1606 2868 ’
1634 2878 1688 2932 in
1751 2879 1960 2933 honore
2015 2897 2119 2935 tton

549 2967 775 3023 haberet
839 2983 904 3022 ea
933 2969 1131 3037 quibus
1177 2967 1272 3023 Dei
1316 2969 1488 3024 virtus
1541 2969 1940 3024 adumbratnr?
1979 2973 2120 3026 etin

545 3061 745 3130 quibus
784 3041 1097 3116 invocatum
1121 3068 1206 3114 est
1240 3075 1440 3114 nomen
1460 3059 1599 3127 ejus,
1621 3061 1874 3130 illiusque
1905 3061 2120 3132 signum

2226 591 2562 658 ρωστήματα
2589 587 2836 659 θραύειν,
2869 589 2963 642 καὶ
2998 586 3264 658 βορϐόρου
3297 583 3585 655 καθαίρειν
3615 583 3796 654 ἀμαρ-

2223 677 2380 744 τιῶν,
2411 680 2506 731 καὶ
2540 679 2724 740 ἐλέους
2767 679 2904 734 Θεοῦ
2936 679 3168 753 χορηγὸν
3212 679 3347 750 ἡμῖν
3377 672 3540 744 εἶναι,
3565 676 3798 746 δύναμιν

2224 769 2346 840 ἔχον
2373 771 2467 826 καὶ
2491 771 2828 842 ἱλαρότητος.

2783 883 3040 938 unum.
3087 882 3246 952 sur.

2227 975 2355 1028 Ὀτι
2399 975 2516 1044 χρὴ
2577 975 3015 1043 συντηρεῑσθαι
3077 975 3144 1028 τὸ
3203 970 3606 1040 καταλειφθὲν
3650 971 3800 1040 μετὰ

2506 1045 2622 1114 τὴν
2668 1047 2873 1113 κρίσιν
2904 1046 3015 1101 τοῦ
3061 1044 3236 1114 ἁγίου
3283 1044 3519 1098 ἐλαίου.

2294 1135 2386 1188 Διὸ
2433 1137 2526 1189 καὶ
2577 1137 2880 1206 φυλακτέον
2933 1138 3130 1205 τοῦτο,
3182 1137 3278 1190 καὶ
3351 1135 3650 1204 τιμητέον,
3707 1133 3800 1185 καὶ

2226 1229 2301 1298 μὴ
2376 1229 2678 1298 ἀμελητέον
2747 1229 2884 1292 ὅλως
2971 1228 3154 1286 αὐτοῦ.
3236 1227 3450 1295 Ἐγνων
3524 1228 3634 1294 γὰρ
3704 1227 3798 1278 καὶ

2225 1322 2354 1388 περὶ
2403 1321 2640 1386 τούτου,
2673 1321 2751 1385 ὡς
2809 1323 2904 1375 καὶ
2965 1319 3096 1389 περὶ
3145 1317 3237 1374 τοῦ
3299 1318 3578 1372 θειοτάτου
3611 1316 3801 1378 ὓδατος

2223 1411 2316 1464 τοῦ
2361 1412 2763 1480 βαπτίσματος,
2789 1413 2936 1473 ὅπως
2975 1408 3298 1478 ἀγνοοῦντες
3321 1407 3548 1469 τινεςτὸ
3587 1411 3801 1476 μυστί-

2227 1518 2359 1570 ριον,
2395 1501 2428 1572 ἢ
2461 1503 2554 1555 καὶ
2587 1502 3040 1571 καταμελοῦντες,
3064 1501 3140 1564 ὡς
3189 1496 3346 1570 ἔτυχε
3385 1501 3595 1563 τούτοις
3629 1499 3802 1568 χρῶν-

2223 1608 2353 1644 ταιο
2403 1595 2495 1646 καὶ
2551 1593 2812 1656 πολλάκις
2863 1593 2938 1656 ὡς
2995 1593 3071 1663 μὴ
3109 1591 3285 1661 ὢφελε
3317 1593 3589 1664 ρίπτεται,
3637 1591 3798 1660 ῆκαὶ

2224 1683 2574 1738 ἀναλίσκεται
2603 1684 2709 1738 ὑπὸ
2743 1685 2896 1750 ζώων
2921 1703 2935 1716 ·
2987 1684 3084 1738 καὶ
3118 1685 3178 1738 οὐ
3211 1683 3430 1754 φροντὶς
3453 1685 3583 1751 περὶ
3614 1682 3802 1735 τούτου

2225 1777 2335 1838 τοῖς
2360 1773 2595 1836 πολλοῖς.
2633 1774 2792 1833 Ἀλλὰ
2821 1774 3062 1842 γνωστὸν
3083 1774 3224 1828 ἔστω
3242 1777 3352 1834 τοῖς
3385 1774 3701 1850 ἀμελοῦσιν,
3721 1776 3798 1838 ὡς

2156 1845 2195 1898 Β
2227 1864 2364 1936 βαρὺ
2387 1865 2446 1918 τὸ
2476 1865 2606 1936 περὶ
2635 1868 2824 1919 τούτου
2860 1866 3201 1936 κατάκριμα.
3254 1865 3410 1918 Ἐπεὶ
3444 1870 3535 1920 καὶ
3569 1845 3627 1919 ei.
3662 1869 3796 1935 περὶ

2222 1957 2412 2010 τούτου
2439 1956 2963 2026 συλλογιζέσθωσαν.
3001 1958 3062 2009 Ei
3087 1956 3147 2010 τὸ
3182 1956 3326 2024 ὕδωρ
3368 1957 3629 2025 ἁγιασθὲν
3672 1960 3802 2010 ἀνα-

2223 2050 2391 2119 γεννᾷ
2425 2047 2520 2102 καὶ
2545 2049 2858 2118 ἁναμορφοῖ
2883 2049 2973 2102 τον
3008 2049 3318 2118 ἄνθρωπον,
3361 2049 3456 2101 καὶ
3484 2048 3656 2117 χωρὶς
3683 2047 3802 2100 τοῦ-

2224 2157 2320 2193 του
2363 2139 2464 2192 οὐκ
2514 2139 2633 2192 ἔστι
2683 2138 3040 2209 Χριστιανὸς,
3071 2138 3260 2192 καὶτὸ
3310 2137 3490 2190 ἔλαιον
3537 2137 3594 2189 δὲ
3644 2137 3800 2206 θερα-

2226 2231 2404 2295 πεύει,
2435 2233 2531 2284 καλ⁵
2573 2231 2866 2300 ἁμαρτιῶν
2894 2231 3199 2301 παρέχεται
3227 2229 3445 2297 ἄφεσιν,
3475 2230 3570 2283 καὶ
3615 2231 3673 2280 ἐν
3705 2229 3801 2281 αὑ-

2222 2327 2336 2388 τοῖς
2378 2325 2447 2378 δι’
2481 2324 2584 2392 ἐμὲ
2631 2325 2921 2394 ἑπιφοιτᾷν
2965 2324 3069 2377 οὐκ
3119 2323 3345 2388 ἀπαξιοῖ
3383 2323 3446 2374 τὺ
3490 2319 3715 2389 Πνεῦμα
3741 2318 3802 2372 τὺ

2224 2415 2402 2482 ἅγιονο
2440 2415 2650 2468 εὐδοκεῖ
2679 2415 2737 2468 δὲ
2765 2415 3017 2468 ἑνοῦσθαι
3045 2416 3159 2477 τοῖς
3190 2413 3349 2467 ’ὕδασι
3366 2412 3472 2476 ,καὶ
3499 2411 3578 2482 τῷ
3612 2409 3796 2478 ἐλαίῳ,

2225 2509 2318 2561 καλ
2363 2508 2572 2570 λοιποῖς
2621 2507 2803 2570 ἄλλοις
2840 2507 3103 2576 κτίσμασι
3151 2505 3248 2558 καὶ
3303 2505 3628 2574 στοιχείοις,
3663 2503 3798 2572 πρὸς

2223 2599 2322 2668 τὴν
2358 2601 2494 2670 ἐμὴν
2523 2599 2766 2668 ἰατρείαν
2795 2615 2856 2652 τε
2892 2598 2984 2652 καὶ
3030 2597 3335 2670 ἀνόρθωσιν
3365 2615 3380 2629 ·
3430 2597 3548 2661 πῶς
3589 2598 3650 2650 οὗ
3682 2597 3797 2650 τολο

2229 2700 2428 2769 μητίας
2475 2700 2570 2753 καὶ
2618 2698 3002 2768 κατακρίσεως
3048 2696 3198 2760 ἄξιος
3245 2697 3272 2749 ὁ
3327 2693 3540 2764 ἐκχέων
3588 2707 3650 2743 τε
3705 2689 3799 2742 καὶ

2226 2791 2604 2856 καταπατῶνς
2650 2791 2683 2863 ἧ
2743 2773 3156 2860 περιφρονητὴς
3187 2785 3286 2852 ὣν,
3326 2787 3423 2838 καὶ
3471 2781 3800 2852 καταμελῶν

2225 2883 2298 2943 ὡς
2330 2883 2489 2953 ἔτυχε
2525 2881 2701 2935 ταῦτα
2747 2881 2982 2951 χυθῆναί
3015 2897 3074 2932 τε
3120 2878 3215 2932 καὶ
3247 2877 3567 2946 φθαρῆναι,
3593 2875 3688 2927 καὶ
3723 2873 3798 2942 μὴ

2224 2973 2425 3044 τιμῶν,
2466 2974 2554 3042 ὲςρ*
2590 2966 2671 3038 οἷς
2700 2972 2836 3026 Θεοῦ
2866 2973 3097 3041 δύναμις
3129 2970 3428 3023 ὲπεσκίασε
3456 2984 3473 3036 ;
3525 2968 3622 3021 καὶ
3664 2965 3800 3032 κλῆ-

2226 3083 2311 3129 σις
2342 3067 2509 3120 αὑτοῦ
2537 3066 2595 3119 ἐν
2621 3065 2806 3126 αὐτοῖς
2834 3063 3165 3133 ὠνομάσθη;
3220 3063 3314 3116 καὶ
3367 3062 3609 3131 σφραγὶς
3639 3058 3800 3112 αὑτοῦ

547 3169 642 3226 per
667 3169 914 3208 manum-
949 3153 1251 3209 sacerdotis
1301 3153 1502 3208 factum
1552 3155 1674 3210 est?
1719 3153 1869 3209 Scito
1895 3169 2040 3224 ergo,
2089 3168 2123 3208 ο

2227 3159 2314 3212 διὰ
2349 3159 2443 3212 τοῦ
2477 3157 2718 3229 σταυροῦ
2771 3161 2837 3228 τῇ
2892 3158 3141 3226 ίερατικῇ
3186 3154 3328 3224 χειρὶ
3361 3154 3552 3222 γέγονε
3582 3171 3597 3218 ;
3631 3149 3799 3204 Γινώ-

545 3246 843 3316 negligens.
874 3246 1136 3314 quoniam
1163 3245 1641 3306 condemnaberis,
1663 3256 1826 3316 atque
1854 3261 1978 3301 cum
2012 3246 2120 3302 illis

541 3339 766 3392 audies:
799 3357 816 3389 ι
842 3335 1055 3400 Videte,
1108 3345 1536 3407 contemptores,
1578 3349 1633 3393 et
1665 3339 2033 3406 admiramini,
2066 3349 2123 3396 et

543 3429 940 3496 disperdimini,
983 3451 1001 3482 ι
1040 3430 1172 3486 dicit
1206 3429 1494 3485 Dominus.
1524 3431 1724 3485 Verum
1754 3441 1810 3486 ttt
1841 3432 1984 3488 istud
2008 3449 2120 3488 non

549 3521 782 3584 accidat,
813 3521 908 3575 sed
938 3521 1118 3589 potius
1147 3519 1312 3575 Deum
1359 3522 1726 3592 gloriﬁcantes
1775 3535 1994 3594 propter
2020 3528 2122 3582 hoc

546 3629 573 3665 a
613 3612 722 3666 Dt'O
749 3613 1123 3684 glorilieemini
1179 3628 1338 3681 quem
1374 3615 1678 3685 gloriﬁcant
1713 3617 1834 3671 ω)ιί
1867 3628 1922 3672 et
1953 3628 2117 3687 terra,

545 3718 596 3760 et
627 3706 785 3774 plena
838 3715 963 3760 sunt
1011 3705 1194 3760 omnia
1228 3707 1396 3778 gloria
1429 3707 1569 3777 ejus,
1597 3717 1657 3763 ut
1691 3718 1895 3763 canunt
1919 3711 2114 3779 angeli,

545 3803 707 3866 atque
745 3799 962 3867 pietatis
981 3807 1182 3853 nostra:
1240 3799 1521 3868 nostrique
1581 3800 1810 3855 honoris
1859 3816 1984 3871 erga
2033 3817 2120 3856 res

547 3891 760 3946 divinas
804 3894 1111 3945 mercedem
1175 3891 1520 3946 abundanter
1555 3893 1968 3961 participemus,
2007 3893 2120 3947 lucc

542 3991 600 4034 ut
639 3990 827 4038 saneta
862 3981 1221 4046 honoremus,
1259 3990 1317 4034 et
1340 3990 1400 4036 ut
1433 3990 1650 4050 Oportet
1681 3994 1938 4038 accurate
1999 4000 2120 4036 ser-

545 4088 752 4136 remus,
783 4080 951 4140 utque
980 4072 1031 4126 in
1065 4072 1288 4142 proprio
1315 4087 1582 4142 sacroque
1618 4075 1736 4129 loco
1773 4075 2122 4145 deponantur

544 4167 883 4226 Studeamus,
949 4163 1210 4233 quoniam
1262 4163 1386 4226 erit,
1442 4163 1637 4234 inquit,
1701 4165 1875 4220 honor
1903 4168 2119 4238 requies

538 4253 675 4318 ejus,
702 4251 928 4320 piosque
973 4252 1135 4307 facite
1196 4250 1333 4307 ﬁlios
1365 4262 1598 4319 vestros,
1658 4257 1848 4326 eisque
1894 4262 1986 4327 qui
2031 4274 2118 4313 res

538 4348 753 4404 divinas
783 4363 848 4402 ac
872 4348 1067 4403 domus
1114 4349 1238 4418 ejus
1287 4350 1664 4420 rerumqnein
1720 4368 1782 4406 ea
1817 4355 2116 4423 positarum

537 4440 796 4495 decorum
823 4440 1080 4511 diligunt,
1136 4451 1256 4496 orat
1317 4442 1552 4498 Ecclesia
1607 4454 1665 4498 ut
1697 4445 1750 4501 in
1805 4448 2114 4503 mercedem

539 4533 744 4590 virtute
764 4542 819 4588 et
839 4533 1011 4604 gloria
1043 4531 1136 4588 Dei
1169 4532 1566 4608 glorillcentur,

608 4710 864 4766 Clericus.
897 4709 1202 4766 Admodum
1249 4718 1334 4766 est
1362 4712 1758 4767 necessarium.
1801 4725 1986 4778 sancte
2016 4700 2117 4770 do.

538 4801 709 4862 mine,
780 4811 838 4854 et
891 4801 1128 4869 perutile
1157 4815 1221 4856 ae
1281 4801 1668 4873 obligatorium
1721 4805 1900 4868 nobis,
1955 4815 2119 4877 prout

540 4887 796 4950 docuisti,
832 4902 922 4942 res
941 4903 1124 4943 sacras
1149 4887 1480 4959 divinaeque
1529 4905 1594 4946 ac
1623 4892 1993 4948 sanctiﬁcatas
2020 4893 2119 4946 ho-

539 4991 768 5042 norare,
793 4987 962 5047 atque
1007 4979 1394 5050 gravissimum
1434 4981 1619 5040 divina
1643 4984 1851 5052 pariter
1875 4994 1930 5042 et
1959 4999 2116 5047 sacra

538 5069 839 5142 negligere.

606 5169 878 5240 Pontifex.
905 5167 1072 5225 Valde
1107 5166 1504 5235 necessarium,
1537 5167 1724 5233 frater,
1759 5169 2116 5238 quemadmo-

534 5263 666 5321 dum
683 5277 796 5318 nos
832 5261 1074 5318 diximus
1103 5259 1367 5330 vobisque
1398 5260 1741 5318 mandamus.
1774 5260 1879 5318 Sed
1912 5262 2114 5334 injuria

533 5354 653 5424 ejus
682 5356 775 5422 qui
800 5355 1065 5411 adversus
1085 5362 1274 5408 sancta
1312 5353 1679 5425 progreditur,
1711 5353 1974 5425 frequens
2028 5364 2116 5412 est

535 5447 893 5518 negligentia,
938 5447 1134 5504 acerba
1182 5459 1314 5501 vero
1369 5447 1669 5503 damnatio.
1735 5447 1848 5502 lmo
1897 5463 2005 5502 non
2055 5447 2112 5501 in

533 5540 653 5593 istis
681 5549 890 5594 tantum
923 5539 1311 5609 plerornmque
1343 5537 1620 5592 invenitur
1636 5538 1984 5609 negligentia,
2017 5537 2113 5594 sed

534 5632 706 5689 etiam
742 5633 794 5686 in
828 5632 1080 5688 decentia
1111 5631 1296 5702 templi
1321 5640 1376 5686 et
1403 5629 1801 5696 sanctuarii,in
1833 5630 2114 5686 tremendo

535 5722 720 5785 altari,
747 5724 798 5776 in
833 5723 1004 5778 sacris
1035 5724 1276 5787 vasibus,
1307 5732 1366 5776 et
1402 5722 1457 5776 in
1517 5723 1668 5790 ipsis,
1728 5721 1864 5792 proh
1915 5721 2110 5777 dolor!

541 5812 818 5890 mysteriis
843 5812 1078 5876 maxime
1108 5811 1435 5876 metuendis.
1472 5813 1601 5867 Nam
1625 5824 1865 5890 tempore
1909 5825 2116 5879 sanctae

2229 3268 2374 3304 σκων
2401 3251 2511 3314 ἔσο,
2530 3253 2558 3305 ὀ
2585 3248 2824 3319 ἀμελῶν,
2846 3247 2922 3310 ὡς
2944 3245 3350 3317 κατακριθήσῃ,
3385 3247 3480 3299 καὶ
3508 3243 3630 3314 μετ’
3656 3244 3799 3296 txit-

2225 3361 2332 3397 νων
2363 3343 2575 3417 ἀκούσῃ
2620 3345 2725 3408 τὸ,
2774 3361 2792 3394 ι
2854 3341 3047 3407 Ἴδετε,
3102 3340 3153 3392 oi
3206 3341 3642 3408 καταφρονηταὶ,
3701 3340 3798 3391 καὶ

2225 3427 2567 3504 θαυμάσατε,
2605 3434 2698 3486 καὶ
2726 3431 3061 3502 ἀφανίσθητε
3089 3471 3103 3496 ,
3139 3449 3157 3483 ι
3186 3430 3333 3498 λέγει
3368 3430 3590 3499 Κύριος.
3659 3429 3798 3484 Ἀλλ’

2227 3525 2313 3577 ἵνα
2341 3525 2415 3595 μὴ
2449 3525 2608 3578 τοῦτο
2649 3525 2757 3594 εἴη,
2804 3524 2879 3586 ὡς
2927 3523 2982 3575 δὲ
3043 3522 3358 3587 δοξάζοντες
3397 3521 3598 3592 μᾶλλον
3645 3520 3800 3590 Θεὸν,

2223 3617 2310 3668 διὰ
2349 3617 2437 3670 τοῦ
2475 3617 2642 3670 αὐτοῦ
2692 3615 3169 3685 ἀντιδοξασθῶμεν
3219 3615 3374 3684 παρὰ
3424 3614 3584 3680 Θεοῦ,
3617 3614 3676 3668 δν
3717 3614 3799 3667 δο-

2226 3706 2378 3770 ξάζει
2433 3709 2460 3759 ὁ
2514 3705 2742 3777 οὐρανὸς
2787 3707 2880 3760 καὶ
2922 3706 3083 3778 ήγῆ,
3121 3709 3217 3759 καὶ
3265 3707 3446 3777 πλήρη
3505 3705 3670 3760 αὐτοῦ
3701 3705 3799 3774 τῆς

2223 3796 2382 3862 δόξης
2434 3799 2634 3859 πάντα,
2689 3798 2766 3856 ὡς
2827 3798 3089 3866 ὑμνοῦσιν
3147 3798 3197 3851 οἱ
3260 3799 3505 3865 ἄγγελοι,
3562 3798 3656 3852 καὶ
3705 3797 3799 3850 τοῦ

2224 3887 2366 3956 ὑπὲρ
2396 3888 2493 3956 τῆς
2515 3887 2801 3950 εὐλαϐείας
2826 3889 2919 3940 καὶ
2949 3887 3049 3956 τῆς
3082 3888 3162 3950 είς
3193 3889 3262 3939 τὰ
3299 3889 3418 3941 θεῖα
3637 3890 3799 3957 τιμῆς

2227 3978 2424 4051 μισθοῦ
2475 3979 2714 4048 δαψιλῶς
2765 3979 3154 4049 μετάσχωμεν,
3187 3979 3438 4050 τιμῶμεν
3495 3980 3671 4032 ταῦτα
3723 3979 3798 4042 ὡς

2223 4072 2379 4142 ἅγια,
2416 4070 2512 4126 καὶ
2540 4071 2990 4142 περιστέλλωμεν
3021 4070 3278 4137 δεόντως,
3309 4071 3403 4124 καὶ
3438 4073 3496 4125 ἐν
3545 4072 3799 4136 ἰδιάζοντι

2222 4167 2320 4220 καὶ
2356 4163 2487 4235 ἱερῷ
2521 4163 2879 4217 κατατιθέναι
2915 4161 3079 4235 χώρῳ
3107 4164 3521 4234 σπουδάζωμεν.
3556 4166 3679 4219 Ὀτι
3705 4167 3799 4217 καὶ

2223 4260 2396 4326 ἔσται,
2428 4258 2616 4328 φησὶν,
2673 4256 2978 4321 ἀνάπαυσις
3009 4257 3178 4310 αὑτοῦ
3229 4258 3384 4328 τιμή·
3416 4258 3512 4312 καὶ
3547 4259 3799 4322 εὐλαϐεῖς

2220 4352 2429 4405 ποιεῖτε
2459 4349 2588 4411 τοὺς
2619 4347 2771 4410 υἱοὺς
2806 4347 2983 4418 ὑμῶν,
3015 4349 3113 4402 καὶ
3149 4338 3266 4413 τοῖς
3303 4349 3563 4416 ἀγαπῶσι
3587 4352 3655 4404 τὰ
3681 4351 3798 4406 θεῖα

2222 4441 2320 4493 καλ⁵
2374 4437 2469 4493 τοῦ
2523 4437 2670 4496 θείου
2701 4437 2857 4491 οῐκου
2897 4439 2992 4490 καὶ
3046 4437 3160 4491 τῶν
3194 4439 3252 4492 ὲν
3286 4439 3436 4509 αὐτῷ
3471 4439 3573 4508 τὴν
3602 4441 3798 4511 εὐπρέ-

2146 4536 2201 4596 D
2230 4547 2388 4584 πειαν
2415 4530 2477 4582 τὺ
2508 4527 2954 4597 ἀντιδοεασθῆναι
3005 4525 3128 4600 θείᾳ
3175 4527 3407 4601 δυνάμει
3461 4530 3557 4584 καὶ
3587 4531 3715 4604 δέξῖ]
3762 4531 3793 4602 ἡ

2233 4621 2531 4691 Ἐκκλησία
2566 4618 2803 4690 εὔχεται.

2312 4713 2637 4778 Κληρικός.
2703 4711 3183 4780 ’Λναγκαιότατον,
3223 4710 3347 4777 ἅγιε
3407 4711 3665 4774 δέσποτα,
3704 4710 3795 4763 καὶ
3855 4783 3858 4786 ρ

2219 4803 2498 4871 ἑπωφελὲς
2539 4805 2635 4856 καὶ
2684 4805 3178 4874 κεχρεωστημένον
3210 4803 3380 4874 ἡμῖν,
3414 4802 3490 4864 ὡς
3516 4803 3792 4872 ἐδίδαξας,

2221 4911 2288 4947 τα
2320 4896 2442 4967 ἱερὰ
2491 4896 2584 4950 καλ⁵
2619 4896 2738 4949 θεῖα
2780 4895 2876 4950 καὶ
2924 4895 3240 4966 ἡγιασμένα
3268 4897 3454 4965 τιμᾷνο
3499 4895 3596 4949 καὶ
3629 4893 3794 4966 βαρύ-

2217 5003 2385 5043 τατον
2410 4988 2470 5042 τὸ
2504 4988 2615 5043 τῶν
2639 4989 2784 5043 οὕτω
2829 4987 2992 5044 θείων
3009 4989 3111 5042 ’καὶ
3138 4987 3302 5060 ἱερῶν
3329 4989 3576 5058 ἀμελεῖν.

2301 5170 2662 5240 Ἀρχιερεύς.
2728 5169 3215 5238 ’Δναγκαιὸτατον,
3263 5169 3462 5239 ἀδελφὴ
3489 5209 3506 5235 ,
3555 5171 3632 5231 ὡς
3699 5168 3794 5223 καὶ

2215 5263 2379 5332 ἡμεῖς
2433 5261 2668 5332 ἔφημεν,
2721 5261 2816 5314 καὶ
2889 5261 3036 5332 ὑμᾶς
3105 5259 3586 5332 παραγγέλλομεν.
3653 5259 3792 5314 Ἀλλ’

2216 5353 2456 5425 ἐπηρείᾳ
2497 5353 2595 5408 τοῦ
2651 5354 2796 5407 κατὰ
2846 5353 2958 5408 τῶν
2992 5353 3168 5424 ἁγίων
3211 5351 3516 5425 χωροῦντος
3563 5353 3788 5424 πλείστη

2214 5448 2428 5519 δστὶνή
2462 5446 2718 5518 ἀμέλεια,
2741 5448 2837 5502 καὶ
2871 5448 2905 5516 ἡ
2953 5447 3281 5518 κατάκρισις
3327 5446 3385 5500 δὲ
3419 5446 3653 5518 χαλεπή.
3683 5446 3794 5498 Καὶ

2215 5540 2276 5594 οὐ
2308 5539 2471 5610 μόνον
2523 5540 2582 5593 ὲν
2619 5539 2833 5602 τούτοις
2885 5537 2996 5592 τῶν
3054 5537 3268 5594 πολλῶν
3318 5538 3472 5590 ἐστιν
3535 5538 3789 5606 ἀμέλεια,

2215 5631 2356 5685 ἀλλὰ
2397 5631 2500 5684 κάν
2539 5633 2606 5701 τῇ
2647 5629 2921 5701 εὐκοσμίᾳ
2949 5628 3045 5684 τοῦ
3097 5626 3229 5683 ναοῦ
3281 5627 3497 5682 καὶτοῦ
3527 5627 3790 5698 βήματος,

2217 5721 2416 5791 καὶτῷ
2446 5721 2661 5792 φρικτῷ
2695 5720 3104 5792 θυσιαστηρίῳ,
3135 5720 3227 5774 καὶ
3261 5721 3374 5781 τοῖς
3405 5721 3571 5789 ἱεροῖς
3601 5717 3792 5770 σκεύε-

2219 5831 2289 5882 σι,
2351 5815 2446 5870 καὶ
2498 5815 2704 5881 αὐτοῖς,
2753 5815 2936 5885 οῖμοιί
2986 5817 3094 5878 τοῖς
3149 5812 3532 5888 φρικτοτάτοις
3584 5827 3792 5888 μυστη-
