4108 6262
380 329 488 395 533

1644 343 1741 402 DE
1781 303 1841 406 ς.
1890 345 2342 407 ΕΗΕΠΕιιΕΟ.

3517 344 3636 427 sat

379 453 538 513 ρτοις.
577 445 824 516 Καὶ¹γάρ
878 446 934 500 ἔν
963 464 1020 501 τε
1051 450 1128 518 τῷ
1163 451 1341 522 καιρῷ
1372 454 1470 516 τῆς
1519 457 1670 524 ἱερᾶς
1703 444 1941 526 μεταλή-

2067 462 2469 525 :ommunionis,
2498 471 2735 516 mentem
2767 477 2873 516 non
2911 462 3177 517 habentes
3207 465 3259 517 in
3285 463 3622 529 semetipsis.

377 537 546 605 ψςως,
582 537 656 606 μὴ
685 537 777 590 τὸν
805 538 928 592 νοῦν
981 539 1196 610 ἔχοντες
1251 545 1309 596 ἑν
1359 545 1596 610 ἑαυτοῖς,
1628 548 1709 598 ὅτι
1735 547 1943 612 πολλοὶ,

381 628 516 697 μηδὲ
548 627 906 696 λογιζόμενοι,
938 629 1014 692 ὡς
1048 631 1216 697 ἔοικε,
1250 634 1371 686 τίνα
1411 635 1519 688 εξσὶ
1561 636 1631 690 τὰ
1662 635 1940 701 θειότατα,

376 718 451 779 ὡς
485 718 642 787 ἔτυχε
685 719 980 784 διοικοῦσι,
1030 724 1125 775 καὶ
1170 723 1392 793 μερίδας
1448 727 1540 778 καὶ
1591 729 1854 796 σταγόνας
1885 729 1944 796 ἐξ

377 808 558 860 αὐτῶν
585 811 1034 880 ἀπεριμερίμνως
1061 815 1171 876 τοῖς
1207 815 1372 884 ἱεροῖς
1405 817 1653 870 σκεύεσιν
1691 819 1943 887 ἀφιᾶσιν,

377 900 428 969 ἢ·
452 900 548 952 καὶ
576 902 978 972 ἀπορρίπτουσι
1013 902 1086 973 μὴ
1130 905 1516 977 προσέχοντες.
1539 908 1664 962 Καὶ
1707 909 1848 963 αύτά
1887 909 1946 962 δὲ

379 993 541 1046 πάλιν
593 995 1014 1062 προηγιασμίνα
1055 995 1205 1062 ὄντα,
1265 997 1360 1051 καὶ
1417 998 1558 1069 ὑπὲρ
1589 999 1696 1052 τῶν
1736 1000 1948 1054 πιστῶν

379 1081 500 1134 κατ’
529 1081 781 1154 ἀνάγκην
813 1085 1208 1156 φυλαττόμενα,
1239 1091 1335 1144 καὶ
1357 1090 1511 1145 θείαν
1544 1093 1943 1162 παρακαταθήο

378 1190 483 1244 κην
530 1173 704 1228 ταῦτα
743 1177 1080 1246 καλούμενα,
1133 1181 1230 1233 καὶ
1284 1180 1455 1244 ὅντως
1495 1184 1595 1253 τὴν
1627 1185 1801 1256 ἀληθῆ
1850 1185 1947 1238 καὶ

377 1266 559 1330 ζῶσαν
590 1268 684 1320 καὶ
711 1269 883 1335 μόνην
918 1271 1394 1343 παρακαταθήκην
1425 1274 1708 1341 τελοῦντα,
1743 1277 1842 1347 ούχ
1873 1278 1949 1340 ὡς

376 1362 634 1426 τοιαύτην
665 1362 804 1416 θεοῦ
835 1366 1316 1436 παρακαταθήκην
1360 1368 1544 1431 ζῶσάν
1571 1372 1752 1424 τεκαὶ
1785 1371 1950 1424 ἀπαι-

380 1454 657 1524 τουμένην
700 1456 936 1526 τιμῶσιν
983 1458 1016 1528 ή
1069 1459 1389 1525 διοικοῦσιν,
1441 1461 1474 1532 ἢ
1531 1460 1670 1514 κατά
1721 1461 1953 1532 δύναμιν

381 1548 763 1616 σνντηροῦσιν,
818 1549 936 1602 ἀλλ’
986 1551 1038 1616 ει
1095 1551 1193 1605 καὶ
1241 1553 1470 1621 φρικτὸν
1527 1553 1588 1605 τὸ
1642 1553 1952 1623 γινόμενον,

381 1638 602 1692 λεκτέον
632 1641 780 1709 ὅμως
822 1643 1098 1712 προσοχῆς
1133 1643 1320 1713 χάριν,
1351 1643 1673 1714 φθείρεσθαι
1702 1647 1948 1714 ἀφιᾶσιν,

383 1729 477 1781 καὶ
517 1729 592 1792 ὡς
643 1729 800 1800 ἔτυχε
859 1730 1071 1784 τούτων
1093 1733 1389 1800 ἅπτονται,
1422 1736 1517 1787 καὶ
1553 1733 1797 1788 τιθέασιν
1829 1729 1957 1789 ἔνθα

384 1820 444 1873 ού
482 1820 582 1874 δεί’
615 1821 709 1874 καὶ
741 1821 802 1875 ού
846 1823 1014 1887 πολὺς
1059 1824 1088 1876 ὁ
1139 1825 1272 1895 περὶ
1302 1824 1497 1879 τούτου
1525 1825 1685 1894 λόγος
1717 1826 1956 1890 πολλοῖς,

382 1914 476 1965 καὶ
506 1912 661 1980 μόλις
683 1912 828 1968 τινὲς
856 1915 1256 1983 φροντίζουσιν.
1341 1895 1352 1908 ’

451 2006 778 2073 Κληρικός.
827 2007 958 2060 Ἰδοὺ
1010 2007 1300 2078 δειλιῶμεν
1345 2011 1405 2064 ἐν
1445 2009 1644 2080 τούτῳ,
1679 2010 1917 2064 δέσποτα
1942 2026 1957 2041 ⁶

383 2097 481 2150 καὶ
503 2098 557 2149 τί
581 2095 647 2150 ἂν
675 2098 908 2166 γένοιτο,
933 2101 985 2154 εί
1014 2103 1165 2172 παρά
1193 2104 1424 2177 γνώμην
1451 2122 1506 2158 τι
1535 2105 1645 2179 τῶν
1679 2106 1960 2178 ἀδοκήτων

385 2189 629 2262 συμϐαίη
652 2209 666 2258 ;

953 2297 1206 2368 asotia.
1236 2315 1394 2382 xtra

385 2403 507 2456 Ὅτι
560 2402 632 2458 τὰ
686 2397 806 2458 τῶν
853 2403 1064 2480 ἱερέων
1097 2407 1432 2480 σφάελψατα
1487 2409 1607 2464 ὑπὸ
1636 2410 1963 2480 ἀρχιερέων

909 2475 1004 2529 δεῖ
1029 2475 1468 2537 κανονίζεσοαι.

472 2565 838 2634 Ἀρχιερεύς.
871 2567 982 2618 Καὶ
1005 2566 1068 2619 τὸ
1101 2569 1192 2619 ἐπὶ
1218 2569 1430 2632 τούτοις
1469 2569 1742 2638 συμϐῆναί
1769 2587 1822 2623 τι
1850 2570 1962 2624 τῶν

391 2654 468 2725 μὴ
497 2655 727 2707 δεόντων
765 2654 903 2722 πρδς
937 2655 1028 2708 τὸν
1063 2655 1435 2725 ὑπερετοῦντα
1466 2657 1603 2712 Θεοῦ
1643 2661 1964 2728 ἐγκατάλει-

387 2745 502 2814 ψις.
536 2745 727 2813 Ὅμως
800 2747 849 2798 εί
900 2746 966 2799 τά
1016 2746 1158 2800 κατά
1210 2746 1440 2816 δύναμιν
1489 2749 1829 2813 ἔκτετέλεκε,
1864 2749 1963 2804 καὶ

387 2838 456 2890 τὰ
488 2837 587 2905 τῆς
619 2839 892 2908 προσοχῆς
935 2831 1083 2909 εἶχεν
1135 2840 1192 2892 ὲν
1222 2838 1404 2909 ἐαυτῷ
1439 2839 1536 2894 καὶ
1565 2840 1664 2907 τῆς
1692 2840 1958 2910 φυλακῆς,

387 2930 812 2999 ἀπροσδοκήτως
859 2929 916 2982 δέ
965 2947 1019 2982 τι
1068 2930 1395 3000 συνήντησε,
1441 2933 1544 2985 κάν
1579 2933 1758 3002 τούτῳ
1798 2950 1961 3002 μετα-

386 3021 527 3074 νοεῖν
556 3021 658 3088 χρὴ
705 3018 796 3071 καὶ
851 3019 1298 3085 ἐξομολογεῖσθαι
1349 3023 1638 3092 ἀρχιερεῖο
1693 3023 1802 3076 ῖδια
1851 3023 1960 3093 γὰρ

389 3112 458 3165 τὰ
481 3111 590 3164 τῶν
621 3112 834 3180 ἱερέων,
863 3115 952 3164 καῖ
989 3111 1092 3164 ὑπὸ
1118 3112 1420 3182 ἀρχιερέων
1446 3113 1528 3166 δεῖ
1556 3114 1956 3178 κανονίζεσθαι.
1990 3141 2034 3199 c

392 3204 585 3273 Ὅμως
623 3202 921 3273 συγγνώμη
955 3220 1039 3267 τις
1070 3203 1222 3256 ἔσται
1271 3205 1470 3274 τούτῳ,
1500 3203 1592 3258 διά
1624 3205 1686 3259 τδ
1723 3207 1798 3276 μὴ
1829 3206 1962 3275 ἀμεο

389 3295 555 3365 λῆσαι
588 3294 722 3364 μηδὲ
772 3295 1019 3364 παριδεῖν
1059 3295 1219 3363 ὅλως,
1267 3296 1384 3348 ὀιλλ⁹
1411 3297 1839 3365 ἀπροσδοκήτως
1867 3299 1962 3350 καὶ

387 3388 624 3457 ἐπηρείᾳ
678 3385 1050 3456 ὲπισυμόῆναι
1092 3387 1154 3440 τδ
1201 3387 1448 3456 γεγονός.
1497 3388 1559 3441 Et
1635 3388 1680 3441 δ’
1727 3389 1963 3460 ἀμελείᾳ

390 3479 484 3534 καὶ
517 3481 829 3550 παρορὰσει
870 3479 1065 3547 γέγονε
1124 3479 1223 3531 καὶ
1255 3477 1333 3549 τῷ
1363 3480 1444 3550 μὴ
1475 3479 1646 3533 πολὺν
1696 3479 1966 3534 ποιεῖσθαι

291 3615 307 3628 .
389 3571 520 3641 περὶ
563 3571 753 3624 τούτου
807 3569 900 3622 τὸν
945 3564 1122 3636 λόγον,
1178 3569 1314 3639 μηδὲ
1362 3587 1425 3638 γε
1479 3570 1753 3640 μεριμνᾷ-ι
1802 3569 1964 3636 ὅλως,

395 3663 529 3716 πολὺ
558 3662 618 3714 τὸ
643 3660 992 3730 κατάκριμα·
1020 3660 1114 3712 καὶ
1137 3660 1194 3712 ὲν
1225 3661 1470 3731 μεγίστῳ
1499 3661 1652 3714 ἔσται
1679 3662 1706 3714 ὁ
1741 3661 1968 3729 σφαλεὶς

394 3753 777 3824 διορθούμενος
809 3751 889 3823 τῷ
917 3751 1128 3816 κανόνι,
1162 3751 1218 3804 εἴ
1257 3768 1321 3819 γε
1362 3752 1458 3804 καὶ
1493 3751 1659 3818 ἀξίως
1694 3755 1966 3821 μετανοεῖ,

397 3845 494 3896 καὶ
535 3843 676 3896 κατά
719 3843 782 3895 τὸ
842 3842 1066 3910 σφάλμα
1121 3842 1330 3897 πενθεῖ.
1372 3842 1702 3912 ’ΔλλἿωμεν
1739 3843 1838 3916 ἥδη
1873 3845 1968 3896 καὶ

404 3936 540 4003 πρὸς
585 3934 681 3998 τὰς
728 3936 878 4003 ἱερὰς
930 3937 1240 4004 προσευχὰς
1268 3976 1284 4000 ,
1318 3934 1416 4009 γὼς
1470 3935 1538 3989 ἂν
1587 3938 1684 3990 καὶ
1723 3935 1790 3991 τὰ
1837 3939 1968 4008 περὶ

393 4031 503 4083 τῶν
539 4029 890 4099 ζητουμένων
940 4029 1021 4090 είς
1068 4027 1224 4089 τέλος
1270 4029 1590 4098 ἀγάγωμεν.

464 4123 788 4192 Κληρικός.
841 4122 978 4190 Περὶ
1033 4121 1225 4174 τούτου
1278 4120 1526 4174 λείπεται
1577 4121 1680 4185 ἔτι,
1715 4123 1839 4188 ἅγιε
1886 4123 1970 4177 δέ·

392 4233 586 4279 σποτα,
617 4212 713 4267 τοῦ
745 4212 950 4281 γνῶναι
983 4212 1131 4282 ἡμᾶς
1160 4211 1256 4264 τόν
1303 4227 1364 4262 τε
1411 4210 1647 4280 ἀριθμὸν
1694 4212 1790 4264 καὶ
1833 4229 1964 4264 σκο-

396 4309 494 4362 πδν
530 4306 640 4360 τῶν
669 4304 1127 4376 παραδεδομένων
1157 4303 1324 4374 ιερῶν
1368 4302 1714 4372 προσευχῶν,
1749 4303 1843 4357 καὶ
1869 4301 1967 4372 τὴν

394 4401 526 4470 περὶ
575 4397 758 4452 αὐτῶν
813 4398 946 4468 ἡμῖν
1005 4393 1179 4465 καλὴν
1236 4391 1534 4462 ἐπιθυμίαν
1587 4390 1964 4462 ὲκπλήρωσον.

2056 568 2219 623 quam
2275 554 2867 623 pluriminequaquam
2920 554 3321 624 perpendentes
3375 570 3632 622 qmena-n.

2055 645 2166 698 sint
2221 644 2560 700 dlvinissima
2612 645 2888 714 mysteria,
2942 660 3006 698 ea
3061 655 3292 700 tractant
3351 654 3632 712 utcunque

2056 733 2334 800 ceciderit,
2355 744 2412 790 et
2435 750 2627 790 eorum
2673 733 2966 804 partirulas
2998 743 3284 807 guttasqne
3318 735 3370 787 in
3407 735 3626 789 vasibus

2058 824 2229 881 sacris
2263 826 2470 896 absque
2501 826 2610 880 ulla
2642 841 2772 880 cura
2821 826 3124 890 dimittunt,
3158 837 3214 881 et
3258 828 3480 880 minime
3543 834 3630 878 at-

2064 917 2354 973 tendentes
2385 917 2491 972 labi
2533 918 2833 987 patiuntur.
2881 915 3082 971 Eadem
3113 917 3337 986 insuper
3388 931 3630 983 prresan-

2060 1011 2294 1066 ctilicata
2321 1017 2376 1064 et
2395 1024 2495 1079 pro
2517 1009 2789 1075 fidelibus,
2813 1010 2857 1065 si
2883 1025 3108 1065 necesse
3131 1008 3316 1072 fuerit,
3336 1019 3636 1071 asservata,

2061 1103 2420 1172 divinumque
2475 1103 2784 1173 depositum
2830 1101 3120 1171 appellata,
3178 1117 3300 1154 cum
3344 1100 3519 1168 reipsa
3549 1116 3642 1149 w-

2059 1210 2181 1250 ruxn
2213 1195 2394 1249 vivum
2424 1210 2488 1250 ac
2538 1195 2718 1250 solum
2765 1194 2880 1249 sint
2928 1194 3259 1264 depositum,
3317 1194 3640 1261 neut'quam

2063 1287 2213 1342 velut
2249 1295 2458 1342 tantum
2501 1285 2590 1341 Dei
2614 1285 2925 1356 depositum
2958 1285 3147 1339 vivens
3196 1299 3260 1337 ac
3314 1284 3654 1352 exigendum

2066 1380 2342 1433 honorant
2365 1377 2449 1432 vel
2506 1385 2743 1432 tractant
2774 1387 2865 1431 aut
2897 1392 3000 1446 pro
3053 1375 3260 1430 viribus
3308 1374 3643 1433 custodiunt,

2065 1466 2184 1531 sed,
2217 1467 2318 1522 etsi
2349 1466 2494 1522 istud
2527 1467 2598 1521 sit
2649 1449 2994 1522 tremendum
3027 1466 3362 1537 dignumque
3394 1473 3453 1517 ut
3482 1479 3644 1532 quam

2065 1559 2303 1613 maxima
2341 1557 2670 1613 adhibeatur
2703 1556 3006 1628 diligentia.
3034 1559 3310 1626 corrumpi
3338 1558 3643 1627 patiuntur,

2065 1661 2120 1705 et
2149 1660 2310 1719 prout
2339 1647 2624 1714 acciderit,
2681 1665 2743 1705 ea
2777 1659 3028 1719 tangunt,
3062 1666 3127 1714 ac
3161 1651 3252 1704 ubi
3285 1666 3395 1704 non
3427 1657 3648 1718 Oportet

2063 1751 2298 1812 ponunt,
2353 1738 2531 1813 neque
2563 1741 2731 1796 multa
2791 1750 2874 1795 est
2908 1741 3095 1798 multis
3126 1744 3193 1798 de
3249 1741 3350 1797 ista
3400 1757 3458 1797 re
3484 1741 3644 1802 ratio.

2067 1836 2269 1906 vixque
2299 1836 2524 1907 quidam
2557 1844 2775 1893 curant.

2139 2013 2401 2070 Clericus.
2427 2015 2574 2073 Ecce
2640 2027 2902 2088 raremus
2943 2011 2998 2071 in
3032 2013 3132 2068 hac
3153 2027 3234 2076 re,
3290 2011 3534 2076 domine,
3591 2022 3651 2088 et

2065 2109 2198 2177 quid
2229 2109 2348 2164 ﬁeri
2378 2117 2659 2178 oporteret
2693 2105 2907 2182 si.'quid
2932 2112 3271 2181 inopinatum
3301 2126 3490 2166 comm
3517 2130 3644 2183 νιο-

2067 2201 2304 2271 positum
2327 2199 2638 2258 ceciderit?
3443 2207 3449 2214 '

2583 2305 2817 2372 CAPUT
2861 2315 3133 2372 CCXClll.

2072 2406 2429 2463 Sacerdotum
2471 2405 2666 2462 delicta
2700 2409 2764 2530 all:
2795 2411 3060 2530 (episcopis
3093 2409 3287 2479 corrigi
3317 2423 3363 2465 et
3396 2413 3646 2480 castigari

2729 2494 2789 2530 re
2829 2496 2934 2530 ere.

2729 2494 2934 2534 acuere.

2137 2566 2410 2636 Pontifex.
2442 2563 2499 2620 Si
2530 2565 2660 2633 quid
2696 2565 2768 2618 ita
2795 2581 2860 2620 ex
2895 2566 2961 2621 iis
2996 2583 3115 2636 qua:
3139 2584 3246 2622 non
3266 2573 3647 2638 oportetsceci-

2067 2657 2234 2721 derit,
2272 2657 2416 2712 Deus
2447 2657 2782 2734 ministranti
2818 2659 3078 2714 dimittet.
3102 2659 3355 2714 Attamen
3392 2663 3434 2716 si
3465 2664 3645 2715 omnia

2067 2761 2185 2815 quae
2199 2747 2455 2816 potuerit,
2479 2747 2624 2814 fecit,
2647 2757 2699 2803 et
2715 2748 3065 2804 attentionem
3084 2751 3335 2806 habnt-rit
3361 2753 3410 2806 in
3428 2763 3599 2806 senn-t
3623 2780 3650 2796 -

2069 2839 2187 2909 ipso
2225 2848 2390 2910 atque
2415 2849 2610 2894 cautus
2646 2837 2832 2906 fuerit,
2859 2841 2902 2895 si
2947 2841 3076 2910 quid
3113 2851 3292 2896 tamen
3345 2847 3648 2898 ircansul-o

2066 2931 2348 2998 acciderit,
2381 2941 2591 3002 oportet
2623 2932 2692 2987 de
2724 2934 2825 2987 hoc
2857 2933 3124 3002 pmnitere
3143 2943 3196 2989 et
3221 2935 3468 2992 Pontilici
3507 2937 3648 2991 istud

2067 3023 2338 3088 conﬁteri,
2372 3039 2498 3077 nam
2551 3022 2848 3094 singularia
2912 3037 3033 3078 sunt
3084 3025 3429 3080 Sacerdotium
3460 3043 3648 3094 «ηψπ-α,

2067 3124 2122 3169 et
2169 3129 2200 3169 a
2265 3114 2612 3184 pontiﬁcibus
2670 3114 2869 3183 corrigi
2923 3115 3151 3171 debent.
3231 3115 3336 3172 Sed
3397 3117 3647 3186 (lunulam

2062 3206 2408 3279 indulgentia
2429 3208 2705 3272 eritliuic,
2743 3207 2999 3274 quoniam
3031 3223 3138 3260 non
3163 3208 3498 3279 nr-gligmner
3539 3210 3651 3275 egit

2068 3314 2170 3353 nec
2196 3299 2420 3352 omnino
2449 3299 2720 3366 despexit,
2751 3302 2844 3353 sed
2883 3299 3192 3353 inconsulte
3223 3311 3275 3354 et
3330 3299 3378 3352 vi
3415 3302 3648 3370 quadam

2068 3388 2267 3443 accidit
2297 3389 2446 3458 quod
2511 3388 2711 3442 factum
2774 3396 2880 3442 est.
2915 3389 2971 3440 Si
3034 3401 3163 3442 vero
3199 3387 3529 3459 negligentia
3596 3402 3648 3442 ct

2068 3488 2386 3548 contemptu
2417 3480 2622 3534 factum
2647 3488 2813 3543 esset,
2842 3478 2926 3533 vel
2949 3480 3208 3548 quoniam
3256 3495 3364 3533 non
3421 3482 3647 3534 multam

2071 3571 2229 3636 hujus
2248 3572 2516 3624 rationem
2568 3569 2779 3636 fecerit,
2833 3584 3009 3640 neque
3040 3585 3266 3639 prorsus
3298 3571 3462 3625 fuerit
3495 3571 3650 3626 solliJ

2068 3661 2233 3727 ritus,
2284 3662 2466 3734 gravis
2499 3663 2607 3717 erit
2643 3663 2942 3727 damnatio,
2966 3672 3022 3716 et
3052 3662 3108 3716 in
3145 3662 3387 3718 maximo
3430 3663 3650 3719 Canum:

2068 3751 2391 3822 dclinquens
2413 3751 2733 3822 corrigetur,
2767 3751 2811 3804 si
2839 3751 3000 3822 digne
3027 3751 3312 3820 pwniteat,
3352 3760 3409 3806 et
3450 3767 3646 3807 secun-

2069 3844 2196 3899 dum
2232 3860 2389 3899 suum
2437 3843 2694 3899 delictum
2749 3842 2955 3897 doleat.
3013 3840 3127 3896 Sed
3175 3841 3285 3910 jam
3343 3858 3534 3898 eamus
3581 3845 3649 3899 ad

2070 3952 2260 4008 preces
2290 3951 2498 4002 sacras,
2525 3945 2585 3990 ut
2612 3937 2772 3991 verba
2797 3935 2864 3990 de
2893 3935 3186 4005 posmlatis
3211 3934 3277 3990 ad
3299 3934 3459 3989 linem
3473 3935 3648 3991 addui-

2068 4045 2284 4084 camus.

2140 4119 2398 4175 Clericus.
2431 4119 2544 4175 llac
2584 4121 2649 4174 de
2681 4135 2760 4183 re,
2802 4129 2992 4174 sancte
3021 4118 3264 4185 domine,
3297 4119 3456 4174 nobis
3473 4119 3650 4174 adhuc

2071 4223 2321 4282 superest
2343 4228 2504 4267 IIOSSO
2537 4229 2822 4268 numerum
2844 4224 2894 4267 Cl
2917 4214 3079 4268 linem
3108 4227 3390 4268 sacrarum
3425 4227 3646 4281 precum

2072 4309 2193 4374 quae
2228 4303 2385 4358 nobis
2409 4304 2618 4358 traditae
2649 4312 2797 4365 sunt.
2829 4303 3032 4358 bonum
3064 4318 3195 4375 ergo
3232 4303 3301 4360 de
3331 4303 3417 4358 his
3436 4302 3652 4356 deside-

2072 4397 2212 4450 rium
2237 4407 2480 4450 nostrum
2507 4395 2758 4466 adimple.

461 4489 998 4564 Ἀρχιερεύςο
1031 4487 1182 4557 Καλὴ
1211 4485 1310 4555 μὲν
1337 4484 1543 4556 ὑμῶνή
1573 4484 1838 4553 ἐπιθυμία
1865 4485 1961 4538 καὶ

2153 4483 2418 4554 I’omifex.
2474 4484 2682 4538 Bonum
2737 4477 2957 4554 quidem
3008 4493 3250 4540 vestrum
3297 4485 3663 4549 desiderium,L

397 4591 643 4657 ζήτησις,
699 4584 794 4637 καὶ
833 4583 894 4636 τὸ
927 4583 1111 4652 ἔργον,
1159 4577 1302 4648 ὑπὲρ
1357 4578 1468 4632 πᾶν
1521 4577 1681 4648 ἔργον
1735 4577 1962 4645 ἀγαθὸν,

390 4683 513 4735 ἐπεὶ
551 4679 646 4734 καὶ
675 4677 804 4742 περὶ
842 4672 1073 4744 ἀγαθοῖν
1111 4671 1225 4726 ἀλλ’
1265 4671 1407 4741 ὑπὲρ
1453 4670 1576 4740 ἐμὲ,
1623 4669 1805 4734 καθὼς
1831 4671 1966 4723 πολ-

387 4772 547 4835 λάκις
585 4771 832 4841 είρήκειν
854 4783 869 4800 ο
901 4765 997 4819 καὶ
1030 4761 1396 4833 κατατολμῶν
1426 4762 1536 4816 τῶν
1567 4761 1710 4832 ὑπὲρ
1759 4765 1859 4831 ἐμὲ
1897 4762 1964 4816 δι’

388 4863 534 4933 ὑμᾶς
577 4862 634 4914 ἐν
688 4859 900 4929 ἀγάπῃ,
948 4853 1221 4924 πτοοῦμαι
1270 4853 1481 4924 μήποτε
1531 4856 1627 4908 καὶ
1689 4856 1829 4928 ὑπὲρ
1865 4857 1966 4926 ἐμὲ

390 4955 611 5026 φρονεῖν
643 4952 802 5019 δόξω,
838 4950 933 5003 καὶ
963 4947 1074 5001 τῶν
1128 4945 1203 5016 μὴ
1245 4945 1560 5015 ἀνηκόντων
1597 4946 1963 5016 ἐφάπτεσθαι,

389 5050 486 5102 καὶ
521 5047 793 5117 ἐγχειρεῖν
847 5045 961 5106 τοῖς
1015 5038 1158 5108 ὑπὲρ
1203 5039 1326 5109 ἐμέ.
1371 5038 1512 5093 Ἀλλ’
1536 5032 1688 5108 ὅμως
1743 5040 1865 5092 ἐπεὶ
1897 5038 1966 5092 δι’

388 5141 612 5209 ἀγάπην
644 5138 840 5201 ταῦτα,
885 5136 951 5188 τὰ
999 5136 1141 5190 κατά
1186 5135 1288 5205 τὴν
1345 5130 1487 5203 ἐμὴν
1537 5130 1733 5200 εὐτελῆ
1764 5125 1966 5198 γνῶσιν

389 5231 758 5308 καῖ’διάνοιαν
800 5227 1055 5298 ἀμυδρὰν
1087 5226 1187 5280 οὐκ
1223 5225 1446 5295 ὀκνήσω
1480 5223 1617 5294 πρὸς
1648 5223 1794 5293 ὑμᾶς
1829 5225 1967 5294 ὲρω·

388 5324 598 5383 τῶντα;
627 5323 829 5390 λέγειν,
859 5321 907 5373 εἰ
955 5319 1048 5372 καὶ
1092 5317 1246 5389 παρά
1281 5316 1342 5370 τὸ
1375 5315 1492 5370 δέον
1521 5316 1630 5368 τισὶ
1658 5315 1752 5368 καὶ
1792 5317 1968 5383 ἀγνώ-

390 5433 532 5477 στως
572 5415 703 5476 ἴσως
746 5412 1010 5480 δόξαιμεν
1057 5408 1241 5484 λέγειν
1265 5421 1282 5438 ·
1320 5406 1401 5460 ὅτι
1439 5406 1583 5458 θεῖον
1615 5405 1765 5460 ἅπαν
1812 5405 1871 5458 τὸ
1901 5403 1970 5458 δι’

388 5507 614 5577 ἀγάπην
656 5501 894 5574 Χριστυῦ
953 5502 1049 5554 καὶ
1107 5500 1218 5552 τῶν
1259 5497 1530 5567 ἀδελφῶν.
1581 5497 1722 5566 Ἐγὼ
1779 5497 1836 5551 δὲ
1877 5499 1970 5550 καὶ

388 5587 553 5653 τοῡέο
595 5599 809 5659 πάντας
862 5593 1006 5663 ὑπὲρ
1040 5590 1233 5645 τούτου
1268 5589 1393 5652 τοὺς
1445 5587 1875 5657 ἐντυγχάνοντας
1911 5591 1969 5643 ἒν

388 5691 584 5762 ἀγάπῃ
619 5685 950 5758 παρακαλῶ,
983 5685 1059 5748 ὡς
1085 5683 1134 5737 εί
1169 5681 1270 5754 μὲν
1308 5679 1376 5734 τὰ
1414 5682 1778 5752 γεγραμμένα
1825 5683 1972 5735 ἐπω-

389 5783 531 5850 φελῆ
587 5782 732 5836 κατά
786 5798 841 5837 τι
893 5780 1134 5850 φανεῖεν,
1183 5777 1277 5832 κα¹ι
1321 5777 1461 5829 κατά
1497 5774 1626 5837 τοὺς
1670 5773 1850 5840 θείους
1885 5775 1968 5846 εἴη

2075 4577 2326 4645 bonaque
2370 4576 2681 4646 postulatio,
2717 4585 2775 4632 et
2801 4592 2941 4647 opus
2999 4591 3164 4648 super
3189 4592 3353 4642 omne
3383 4591 3523 4646 opus
3553 4577 3654 4630 bo.

2075 4685 2233 4736 num,
2293 4685 2418 4723 cum
2453 4668 2521 4724 de
2551 4670 2697 4724 bono
2753 4679 2966 4740 agatur,
2990 4669 3084 4725 sed
3115 4671 3258 4724 vires
3289 4686 3436 4733 meas
3487 4684 3652 4735 essu,-

2075 4769 2251 4830 perat,
2280 4759 2741 4830 quemadmodum
2765 4761 2965 4832 saepius
3012 4760 3148 4824 dixi,
3184 4771 3240 4816 et
3265 4761 3394 4815 dum
3429 4771 3650 4830 propter

2076 4868 2171 4905 vos
2198 4852 2251 4906 in
2298 4851 2566 4907 charitale
2591 4853 2767 4908 audeo
2793 4869 2883 4908 res
2905 4869 3024 4923 qure
3070 4869 3238 4924 supra
3275 4869 3359 4909 me
3383 4863 3531 4915 sunt.
3561 4869 3652 4908 ve—

2078 4959 2206 4998 reor
2228 4959 2298 4998 ne
2352 4943 2590 5000 fortasse
2636 4959 2803 5016 super
2832 4961 2919 5000 me
2977 4947 3181 5002 sentire
3202 4947 3412 5009 videar,
3433 4961 3647 5008 net-non

2078 5051 2241 5106 opera
2263 5034 2472 5091 viribus
2492 5036 2630 5092 meis
2665 5037 2889 5092 minime
2921 5038 3319 5094 consentientis
3343 5039 3559 5110 aggredi
3587 5052 3654 5091 ac

2075 5144 2139 5182 ea
2163 5143 2285 5196 quae
2319 5143 2483 5198 supra
2507 5145 2592 5184 me
2621 5138 2751 5184 sunt
2792 5139 3080 5185 attentare.
3107 5128 3495 5184 Verumtamen
3523 5145 3648 5184 cum

2077 5222 2177 5276 ista
2211 5223 2411 5276 amoris
2441 5221 2613 5291 gratia
2643 5222 2786 5276 dicta
2810 5223 2940 5285 sint,
2963 5223 3452 5278 secundumlevem
3472 5230 3648 5275 meam

2077 5314 2446 5384 cognitionem
2478 5313 2860 5383 mudicamque
2883 5313 3167 5368 scientiam
3200 5313 3354 5388 voliis
3371 5313 3654 5368 sciscitan-

2077 5406 2222 5460 tibus
2249 5405 2578 5475 rcspondrre
2601 5419 2687 5458 me
2720 5419 2827 5458 non
2853 5405 3078 5474 pigebit,
3123 5406 3230 5460 etsi
3257 5403 3395 5458 forte
3423 5405 3650 5472 quibus-

2078 5499 2202 5553 dam
2230 5497 2418 5552 videar
2440 5496 2598 5550 aliter
2647 5512 2711 5550 ac
2766 5504 2979 5565 oportet
3030 5506 3081 5550 et
3132 5498 3198 5550 de
3242 5496 3442 5567 ignotis
3482 5497 3652 5564 loqui,

2055 5590 2334 5660 ~quoniam
2360 5587 2606 5642 divinum
2638 5597 2722 5640 est
2752 5602 2914 5640 omne
2949 5584 3092 5656 quod
3118 5584 3188 5639 ob
3212 5600 3455 5640 amorem
3487 5583 3652 5654 Chri-

2032 5753 2038 5759 _
2079 5684 2146 5738 sti
2182 5693 2233 5737 et
2263 5681 2489 5735 fratrum
2539 5679 2793 5734 eﬂicitur.
2833 5680 2942 5750 Ego
2963 5694 3092 5736 vero
3117 5695 3310 5735 omnes
3338 5677 3431 5749 qui
3455 5678 3654 5733 adsunt

2081 5773 2149 5829 ad
2175 5774 2276 5830 hoc
2297 5767 2485 5827 hortor
2535 5771 2588 5826 in
2635 5771 2925 5828 ,charitate
2985 5781 3066 5840 ut,
3127 5772 3170 5829 si
3205 5772 3404 5840 scripta
3433 5770 3651 5838 quidem
