4126 6268
477 273 581 343 535

1317 280 1693 347 SYMEONIS
1727 282 2471 349 THESSALONICENSZS
2509 284 2861 344 ARCillEP.

3616 279 3721 342 536

476 390 706 469 quodam
733 388 890 444 modo
910 390 1057 460 utilia
1086 391 1387 461 vidcantur,
1417 406 1471 452 et
1496 399 1795 452 secundum
1839 399 2042 454 divinos

2154 400 2410 469 λεχθέντα
2443 393 2795 458 διδασκάλους
2821 394 2922 463 τῆς
2960 390 3309 461 Ἓκκλησίας,
3352 391 3721 456 ἀποδέξασθαι

476 466 736 535 Ecclesiae
763 481 1022 537 doctores
1055 483 1331 550 dicantur,
1356 487 1447 541 illa
1474 488 1528 542 in
1574 490 1843 542 cbaritate
1878 489 2047 544 susci-

475 567 651 638 piant.
696 568 1066 640 fratribusque
1099 574 1323 645 legenda
1393 580 1753 646 permittant;
1787 580 1832 633 si
1863 589 2042 635 autem

474 660 677 731 aliquid
714 661 961 717 videatur
991 662 1190 720 bonum
1227 683 1332 723 non
1387 684 1531 735 esse,
1584 686 1777 741 precor
1838 680 1895 726 ut
1948 672 2042 741 qui

474 752 609 823 bene
642 754 745 807 scit
794 755 935 824 quod
971 765 1185 823 oportet
1245 759 1487 815 fraterno
1517 763 1700 816 animo
1744 778 1846 817 nos
1877 763 2047 817 corri-

475 858 602 911 gere
631 862 645 913 ;
680 846 931 916 cupimus
962 847 1106 913 enim
1144 851 1362 922 corrigi,
1397 853 1609 922 hocque
1642 854 1842 919 acriter
1861 865 2046 924 postu—

474 935 672 1006 lamus,
711 940 970 1006 quoniam
999 940 1253 1003 volumus
1276 958 1398 998 esse
1431 946 1633 1000 subditi
1665 945 1819 1000 Matri
1845 957 2045 1003 nostrae

477 1024 749 1093 Ecclesiae,
781 1030 1135 1100 patribusque
1160 1035 1362 1088 nostris
1380 1044 1430 1088 et
1457 1035 1784 1105 fratribusjin
1804 1037 2041 1104 Christo;

477 1133 658 1186 neque
693 1134 796 1187 nos
823 1123 959 1176 tales
980 1125 1313 1180 aestimamus
1333 1128 1523 1195 quales
1566 1129 1911 1183 correctione
1934 1146 2041 1186 non

472 1207 830 1280 indigeamus,
864 1227 989 1280 nec,
1011 1214 1166 1282 quasi
1202 1215 1442 1283 scientiae
1491 1217 1699 1286 apicem
1741 1220 2043 1288 consecuti,

472 1300 590 1355 luce
622 1311 798 1372 erepta
827 1304 1193 1378 aggredimur,
1222 1307 1467 1375 minime,
1491 1308 1585 1364 sed
1605 1318 1825 1379 prepter
1850 1311 2045 1367 fratres

472 1389 526 1443 in
553 1394 875 1448 necessitate
932 1395 1352 1468 interrogantes,
1392 1408 1449 1453 ut
1507 1399 1747 1455 debitum
1785 1401 2043 1458 habentes

471 1481 727 1551 loquendi
757 1500 821 1538 ex
860 1487 1093 1547 maxima
1126 1487 1364 1556 Spiritus
1423 1491 1594 1561 gratia
1657 1491 1817 1548 nobis
1878 1508 2043 1563 supra

470 1587 573 1628 nos
631 1577 774 1639 data,
807 1590 931 1632 eum
961 1577 1027 1632 ad
1089 1578 1235 1633 hune
1273 1579 1433 1636 linem
1470 1580 1656 1637 divina
1697 1585 2046 1641 miseratione

470 1667 539 1737 ab
565 1666 807 1723 Ecclesia
837 1670 1042 1725 Christi
1073 1673 1357 1729 constituti
1427 1658 1637 1741 sumus,
1680 1686 1740 1732 ut
1773 1677 1841 1732 de
1873 1678 2045 1733 sacris

2144 491 2221 549 ,δι’
2276 491 2521 558 ἀγάπην,
2572 488 2669 542 καὶ
2712 484 3112 553 ἀναγινώσκειν
3160 484 3382 552 ἀφιέναι
3411 481 3538 547 τοὺς
3567 484 3724 537 ἀδελ-

2152 580 2306 648 φούς*
2340 582 2387 633 ει
2415 581 2473 633 δὲ
2500 579 2644 631 κατά
2680 595 2737 631 τι
2780 576 2952 641 δόξειε
2987 575 3061 646 μὴ
3094 574 3276 637 καλῶς
3298 573 3466 643 ἔχειν,
3497 575 3589 627 τὸν
3618 591 3720 628 κα-

2149 672 2261 735 λῶς
2297 670 2359 724 τὸ
2408 669 2528 723 δέον
2584 668 2770 722 εἰδότα
2803 665 3115 735 ἀδελφικῶς
3147 664 3576 734 διορθώσασθαι.
3612 666 3719 718 Πο-

2146 758 2354 829 ,θοῦμεν
2384 757 2496 827 γὰρ
2528 755 2906 825 διορθοῦσθαι,
2944 752 3358 823 καὶζζητοῦμεν
3408 753 3568 807 τοῦτο
3598 754 3726 823 θερ-

2155 850 2294 915 μῶς,
2349 848 2756 903 ὑποτάσσεσθαι
2807 846 3055 907 θέλοντες
3104 848 3171 915 τῇ
3225 860 3286 897 τε
3345 844 3513 915 μητρὶ
3564 847 3724 915 ἡμῶν

2163 939 2462 1008 Ἐκκλησία
2485 979 2500 1004 ,
2533 936 2628 991 καὶ
2653 939 2768 999 τοῖς
2808 934 3093 1005 Πατράσιν
3129 933 3290 1003 ἡμῶν
3320 936 3416 987 καὶ
3453 934 3710 1003 ἀδελφοῖς

2150 1032 2211 1086 ὲν
2239 1032 2461 1100 Χριστῷ
2485 1044 2502 1060 ⁸
2548 1031 2645 1083 καὶ
2692 1028 2815 1082 οὐδὲ
2850 1026 3125 1088 τοιούτους
3163 1027 3388 1088 ἑαυτοὺς
3435 1026 3726 1096 λογιζόμε-

2151 1124 2243 1186 θα,
2285 1122 2360 1185 ὡς
2419 1122 2496 1194 μὴ
2552 1120 2860 1193 χρῄζοντας
2915 1118 3279 1188 διορθώσεως.
3317 1118 3463 1171 Ἀλλ’
3495 1119 3609 1172 οὐδ’
3645 1122 3725 1183 ὡς

2151 1219 2310 1286 ἄκροι
2335 1215 2436 1287 τὴν
2476 1215 2677 1284 γνῶσιν
2705 1215 2823 1276 τοῖς
2859 1211 3124 1275 τοιούτοις
3150 1211 3511 1282 ἐγχειροῦμεν
3539 1213 3721 1283 ἡμεῖς,

2150 1310 2421 1379 οὐδαμῶς
2467 1307 2557 1362 διά
2616 1308 2675 1361 δὲ
2724 1306 2854 1369 τοὺς
2886 1304 3153 1374 ἀδελφοὺς
3183 1302 3307 1356 κατ’
3338 1304 3586 1375 ἀνάγκην
3628 1306 3725 1375 ζη-

2149 1401 2398 1469 τοῦντας,
2432 1402 2507 1466 ὥς
2537 1400 2636 1472 τὴν
2665 1397 2893 1470 ὀφειλὴν
2936 1395 3157 1467 ἔχοντες
3183 1395 3373 1450 λαλεῖν
3423 1397 3511 1451 διά
3539 1396 3636 1469 τὴν
3662 1399 3723 1451 ἐν

2152 1494 2287 1563 ἡμῖν
2344 1492 2485 1563 ὑπὲρ
2530 1493 2680 1561 ἡμᾶς
2730 1489 3000 1562 μεγίστην
3033 1486 3194 1558 χάριν
3239 1488 3333 1540 τοῦ
3364 1485 3718 1558 Πνεῦματος⁸

2152 1582 2278 1635 ἐπεὶ
2306 1582 2402 1637 καὶ
2431 1582 2509 1643 εις
2543 1580 2703 1636 τοῦτο
2733 1581 2863 1651 θείῳ
2905 1578 3047 1633 ἐλέει
3088 1580 3443 1649 κατέστημεν
3478 1578 3584 1633 ὗπδ
3618 1579 3722 1648 τῆς

2165 1673 2491 1745 Ἐκκλησεας
2521 1673 2784 1742 Χριστοῦ,
2831 1675 2963 1744 περί
3006 1691 3068 1733 τε
3111 1673 3224 1727 τῶν
3269 1672 3431 1743 ἱερῶν
3457 1670 3725 1739 διδαγμά-

471 1758 736 1815 doctrinis
769 1767 823 1814 et
876 1761 1221 1831 dogmatibus
1285 1781 1353 1820 ex
1409 1767 1754 1823 sermonibus
1810 1768 2042 1839 Spiritus

2152 1783 2261 1818 των
2293 1782 2352 1818 τε
2404 1766 2500 1820 καὶ
2554 1765 2846 1835 δογμάτων
2899 1770 2962 1820 ἐκ
3014 1766 3124 1819 τῶν
3177 1764 3378 1834 λογίων
3407 1765 3592 1832 λέγειν
3620 1763 3718 1819 τοῦ

473 1853 781 1923 loquamur,
858 1864 915 1909 ut
944 1856 1010 1911 de
1066 1858 1381 1914 sacerrimis
1426 1861 1686 1917 Ecclesiae
1745 1862 2047 1932 disciplinis

468 1946 799 2019 cogitemus,
831 1955 887 2002 et
919 1948 1052 2003 istas
1078 1949 1193 2018 pari
1229 1951 1443 2007 ratione
1480 1953 1807 2024 impleamus
1835 1963 1891 2009 et
1924 1969 2046 2023 per—

472 2036 800 2107 pendamus,
856 2037 1225 2112 iratribusque
1267 2041 1338 2096 ad
1394 2042 1837 2114 interrogandum
1891 2059 2047 2098 acce-

472 2128 733 2186 dentibus
764 2142 828 2183 ex
855 2129 1151 2201 Scripturis
1186 2118 1637 2204 respondeamus,
1667 2151 1732 2193 ac
1784 2135 2043 2191 salutaria

470 2221 845 2294 consulamus.
899 2221 1067 2293 Igitur
1110 2224 1272 2295 hujus
1322 2227 1498 2295 gratia
1549 2229 1653 2283 ista
1714 2244 1934 2300 quoque
1978 2245 2043 2283 ex

470 2313 828 2383 sanctissimis
855 2313 1153 2385 Scripturis
1180 2316 1444 2373 audemus
1466 2318 1669 2374 dicere.
1703 2318 1808 2374 Sed
1840 2320 1887 2374 si
1921 2320 2044 2389 qui-

472 2403 702 2460 busdam
735 2404 996 2462 fratribus
1046 2402 1540 2478 perspicacidrihus
1601 2411 1719 2465 haec
1754 2410 2045 2465 vidcantur

471 2496 714 2568 indigere
772 2500 1138 2565 correctione,
1176 2500 1280 2557 hoc
1340 2501 1742 2566 desideramus,
1785 2502 2043 2559 Ecclesiae

471 2578 677 2642 Christi
709 2589 919 2659 ardenti
951 2590 1136 2648 animo
1159 2592 1386 2660 subditi,
1412 2601 1468 2648 et
1488 2603 1794 2663 qnzerentes
1816 2594 1868 2648 in
1904 2596 2038 2650 cha-

472 2683 633 2753 ritate
689 2683 1065 2741 obsecramus.
1118 2684 1287 2756 Loqui
1356 2701 1485 2759 ergo
1538 2686 1911 2759 incipiendum
1957 2700 2042 2744 est

470 2772 536 2834 de
592 2772 791 2828 divinis
840 2772 1095 2832 Ecclesia:
1140 2776 1398 2847 precibus
1439 2778 1744 2834 secundum
1800 2787 2037 2849 vestram

471 2865 918 2941 sciscitationem.

2106 3194 2109 3201 ι

2146 1856 2507 1927 Πνεύματος,
2561 1859 2655 1912 καὶ
2710 1858 2821 1911 τῶν
2892 1860 3206 1930 ῑερωτάτων
3264 1859 3574 1928 φροντίζειν
3622 1858 3721 1929 τῆς

2156 1949 2487 2017 Ἑκκλησξας
2508 1936 2806 2017 εὐταξιῶν,
2833 1952 2978 2005 κατά
3008 1953 3167 2021 λργον
3195 1967 3257 2004 τε
3290 1950 3494 2015 ταύτας
3514 1950 3720 2023 διενερ-

2143 2043 2261 2110 γεῖν
2286 2059 2343 2096 τε
2376 2040 2474 2097 καὶ
2512 2046 2676 2109 νοεῖν,
2722 2047 2818 2098 καὶ
2849 2048 2963 2108 τοῖς
2993 2046 3283 2116 προσιοῦσι
3314 2045 3423 2100 τῶν
3469 2044 3720 2110 ἀδελφῶν

2145 2133 2204 2186 ὲν
2228 2134 2551 2204 ἐρωτήσεως
2573 2134 2725 2200 τάξει
2752 2136 2862 2190 ἀπὸ
2890 2136 2999 2191 τῶν
3036 2138 3269 2209 Γραφῶν
3291 2136 3717 2209 ἀποκρίνεσθαι,

2148 2227 2246 2279 καὶ
2271 2226 2340 2279 τά
2366 2229 2611 2298 σωτήρια
2661 2230 2977 2297 παραινεῖν.
3011 2229 3216 2284 Τούτου
3260 2226 3354 2283 οὖν
3406 2229 3572 2298 χάριν
3620 2228 3721 2280 καὶ

2148 2319 2310 2389 ἡμεῖς
2347 2318 2521 2373 ταῦτα
2571 2320 2865 2390 τολμῶμεν
2899 2321 3082 2390 λέγειν
3138 2324 3203 2376 ὲκ
3248 2321 3359 2375 τῶν
3391 2320 3719 2388 ἁγιωτάτων

2147 2408 2402 2477 Γραφῶν.
2462 2410 2524 2462 Εἰ
2583 2409 2639 2462 δὲ
2699 2409 2873 2474 δόξειέ
2925 2428 3066 2466 τισιν
3119 2411 3541 2481 ἀκριϐεστέροις
3608 2408 3753 2463 τῶν-

2145 2500 2387 2568 ἀδελφῶν
2417 2501 2590 2555 ταῦτα
2634 2502 2976 2573 διορθώσεως
3025 2503 3259 2569 δεῖσθαι,
3293 2501 3567 2571 ποθοῦμεν
3593 2500 3719 2555 τοῦ-

2146 2609 2229 2654 το,
2268 2593 2332 2661 τῇ
2385 2591 2681 2664 Ἐκκλησία
2731 2593 2970 2664 Χριστοῦ
3025 2592 3246 2665 θερμῶς
3304 2596 3361 2648 ὲν
3392 2594 3720 2646 ταπεινώσει

2149 2684 2601 2754 ὑποτασσόμενοι,
2660 2685 2753 2739 καὶ
2788 2684 3082 2754 ζητοῦντες
3136 2687 3193 2737 ιν
3229 2685 3420 2756 ἀγάπῃ
3460 2700 3721 2755 παρακαά

2147 2776 2366 2845 λοῦμεν.
2424 2778 2682 2847 ’Δρκτέον
2711 2778 2892 2832 τοίνυν
2921 2778 3104 2847 λόγειν
3135 2779 3377 2847 καὶπερὶ
3409 2779 3518 2831 τῶν
3557 2778 3720 2853 θείων

2148 2866 2247 2936 τῆς
2293 2867 2621 2940 Ἐκκλησίοις
2686 2870 3012 2943 προσευχῶν
3082 2874 3224 2925 κατά
3283 2869 3383 2941 τὴν
3438 2869 3719 2941 ὑμετέραν

2150 2961 2444 3032 ᾲρώττισιν.

1999 3298 2165 3360 ΠΕΡΙ

1060 3456 1408 3616 ΤΗΣ
1494 3467 1996 3606 ΘΕΙΑΣ
2076 3472 3153 3607 ΠΡΟΣΕΥΧΗΣ.

1368 3874 1517 3979 DE
1593 3876 1949 3967 SACRA
2022 3874 2824 3968 PRECATIONE.

527 4227 721 4283 Sermo
751 4226 820 4282 de
854 4227 1125 4291 oratione,
1154 4223 1381 4283 fratres.
1405 4218 1607 4282 multus
1648 4235 1733 4284 est
1772 4234 1828 4283 et
1863 4225 2035 4281 maxi-
2058 4226 2107 4298 ο

460 4335 598 4385 inus,
657 4329 840 4389 atque,
895 4328 953 4371 ιιι
1010 4332 1139 4372 vere
1168 4318 1365 4381 dicam,
1397 4320 1496 4373 hoc
1525 4328 1610 4373 est
1657 4334 1793 4387 opus
1842 4334 1872 4372 a
1923 4318 2036 4373 Deo

462 4413 619 4483 nobis
648 4409 1022 4473 COlltmiSSllm,
1083 4419 1137 4464 et
1197 4410 1495 4479 cujuslibet
1563 4411 1792 4479 alterius
1844 4420 2030 4479 eaput.

460 4501 647 4557 Oratio
677 4510 857 4555 autem
895 4509 977 4554 est
1001 4516 1123 4554 cum
1156 4500 1267 4555 Deo
1305 4499 1447 4564 ﬁeri,
1487 4514 1702 4569 semper
1735 4514 1858 4565 esse
1900 4514 2028 4554 cum

461 4589 593 4654 Deo,
628 4589 783 4659 eique
811 4588 1236 4660 conglutinatam
1271 4588 1351 4661 (ut
1379 4588 1515 4643 dixit
1547 4588 1716 4642 David
1749 4592 1765 4657 )
1800 4598 1855 4643 et
1890 4588 2035 4651 inse:

459 4682 754 4750 parabilem
794 4666 994 4735 habere
1025 4682 1285 4744 animam,
1320 4690 1669 4750 mentemque
1699 4681 1769 4735 ita
1798 4681 2032 4745 coniun-

460 4782 598 4825 ctam
631 4782 689 4835 ut
713 4771 867 4823 avelli
887 4777 1139 4842 nequeat.
1176 4769 1260 4823 Ait
1291 4768 1436 4823 cnim
1462 4786 1474 4822 :
1514 4788 1531 4820 ι
1559 4767 1935 4843 Conglutinata
1954 4776 2038 4823 est

459 4862 638 4915 anima
667 4875 781 4914 mea
801 4870 919 4929 post
949 4846 1001 4915 te
1027 4876 1044 4933 ς
1079 4880 1095 4911 ι
1124 4869 1176 4915 et
1204 4874 1219 4912 :
1248 4879 1266 4913 ι
1297 4860 1475 4915 Sitivit
1501 4861 1677 4931 anima
1698 4876 1815 4916 mea
1842 4877 1861 4937 ;⁴
1887 4880 1904 4913 ι
1934 4870 1988 4915 et
2021 4879 2033 4916 :

466 4970 486 5002 ‹
510 4949 664 5005 Sicut
695 4959 887 5005 cervus
916 4950 1189 5004 desiderat
1208 4950 1275 5004 ad
1295 4947 1474 5017 fontes
1499 4951 1870 5021 aquarum,ita
1895 4949 2038 5006 desi-

460 5044 616 5099 derat
644 5042 824 5096 anima
848 5056 965 5096 mea
993 5042 1059 5094 ad
1086 5050 1159 5105 te,
1180 5041 1339 5107 Deus,
1360 5061 1377 5094 ι
1410 5052 1492 5096 et:
1525 5062 1542 5094 ι
1575 5043 1799 5116 Diligam
1830 5055 1901 5110 te,
1930 5045 2037 5099 Do—

460 5138 628 5195 mine.
654 5133 915 5191 fortitudo
945 5148 1088 5199 mea,
1120 5151 1138 5183 ι
1167 5142 1222 5188 et
1249 5151 1263 5187 :
1303 5151 1321 5187 ι
1352 5134 1543 5188 Anima
1572 5151 1688 5189 mea
1714 5136 1767 5189 in
1789 5118 2039 5191 manibus

462 5232 570 5291 tuis
627 5246 865 5300 semper,
909 5248 928 5281 ι
989 5229 1041 5282 id
1074 5239 1156 5282 est
1206 5239 1404 5303 tecum.
1462 5230 1587 5285 Ideo
1645 5232 1781 5285 dixit
1834 5232 2036 5286 etiam:

470 5343 488 5374 ι
521 5324 842 5378 Bcnedicam
875 5323 1163 5383 Dominum
1197 5326 1249 5377 in
1275 5323 1421 5379 omni
1447 5333 1711 5391 tempore,
1740 5332 1795 5378 et
1826 5339 2040 5394 semper

459 5417 579 5471 laus
613 5417 733 5487 ejus
760 5418 813 5470 in
840 5431 933 5472 ore
964 5433 1108 5472 meo.
1145 5434 1162 5468 ι
1223 5415 1337 5470 Hoc
1380 5431 1507 5469 vero
1528 5414 1584 5468 iit
1611 5432 1735 5475 cum
1772 5415 1904 5482 ipsis
1938 5431 2038 5489 an-

461 5512 763 5574 getis.cnm
801 5508 937 5575 ipsis
992 5510 1264 5564 adunetur
1315 5507 1482 5561 homo
1551 5510 1686 5564 bona
1743 5509 2036 5573 dilectione

460 5600 712 5670 bamque
745 5601 1035 5664 desiderio,
1071 5610 1126 5655 ct
1150 5601 1224 5654 ait
1254 5616 1267 5653 :
1308 5618 1326 5650 ι
1360 5599 1598 5655 Laudate
1633 5598 1923 5653 Dominum
1971 5602 2038 5655 de

463 5693 635 5769 prgis.
670 5693 885 5767 laudate
907 5708 1031 5749 eum
1069 5693 1122 5747 in
1159 5692 1659 5771 excelsisﬂandate
1691 5705 1813 5746 eum
1847 5705 2040 5767 omnes

2217 4225 2278 4280 '0
2307 4228 2439 4299 περὶ
2465 4228 2567 4299 τῆς
2595 4225 2905 4298 προσευχῆς
2953 4226 3133 4295 Λόγος,
3161 4226 3411 4296 ἀδελφοὶ,
3456 4225 3625 4286 πολύς
3656 4243 3713 4279 τε

2138 4318 2233 4373 καὶ
2259 4319 2534 4389 μέγιστος,
2565 4321 2685 4387 καὶ,
2722 4319 2800 4383 ὡς
2830 4318 3050 4389 ἀληθῶς
3079 4320 3275 4387 εἰπεῖν,
3302 4318 3463 4373 τοῦτο
3495 4321 3627 4386 ἡμῖν
3656 4322 3714 4372 τὸ

2139 4413 2575 4484 παραδεδομένον
2617 4412 2779 4483 ἔργον
2814 4414 2920 4466 ἀπὸ
2949 4413 3085 4467 Θεοῦ
3114 4453 3129 4479 ,
3174 4414 3268 4466 καὶ
3312 4413 3514 4471 παντὸς
3551 4414 3595 4466 ά
3619 4415 3711 4465 λον

2138 4506 2454 4574 κεφάλαιον.
2485 4505 2641 4559 Ἐστι
2688 4505 2745 4557 δὲ
2778 4507 3057 4575 προσευχὴ
3090 4505 3150 4558 τὸ
3196 4504 3338 4577 μετὰ
3386 4505 3523 4559 Θεοῦ
3554 4506 3714 4570 γενέ·

2140 4595 2288 4663 σθαι,
2327 4597 2422 4650 καὶ
2472 4597 2558 4650 ἀεὶ
2611 4599 2847 4650 συνεῖναι
2879 4595 3021 4665 Θεῷ,
3052 4597 3150 4650 καὶ
3171 4595 3586 4665 κεκολλημένην
3620 4594 3718 4663 (ὥς

2140 4703 2307 4755 φησιν
2330 4689 2356 4741 ὁ
2381 4687 2562 4757 Δαὸὶδ)
2586 4687 2729 4756 ἔχειν
2759 4687 2906 4756 αὐτῷ
2946 4690 3040 4741 καὶ
3087 4686 3462 4745 ἀδιάσπαστον
3492 4686 3589 4755 τὴν
3614 4685 3719 4754 ψυ-

2140 4778 2264 4847 χὴν,
2291 4780 2387 4831 καὶ
2413 4777 2502 4831 τὸν
2533 4778 2659 4831 νοῦν
2693 4777 3147 4833 ἀναπόσπαστον.
3177 4775 3524 4842 Ἐκολλήθη
3558 4776 3670 4845 γάρ
3697 4814 3716 4838 ,

2141 4869 2328 4939 φησὶν,
2359 4871 2397 4936 ἡ
2425 4868 2596 4938 ψυχή
2620 4886 2740 4939 μου
2772 4868 2968 4923 ὀπῐσω
2995 4882 3134 4933 σου,
3163 4869 3283 4933 καὶ,
3319 4867 3613 4937 Ἕδίψησε
3641 4866 3719 4920 σὲ

2139 4962 2177 5028 ἡ
2210 4960 2379 5029 ψυχή
2425 4978 2567 5029 μου,
2599 4962 2689 5013 καὶ
2717 5002 2731 5022 ,
2770 4961 2871 5027 Ὠς
2913 4960 3188 5015 ἐπιποθεῖ
3248 4960 3287 5028 ἠ
3334 4962 3564 5030 ἔλαφος
3617 4959 3719 5013 ἐπὶ

2138 5049 2246 5114 τὰς
2275 5048 2472 5117 πηγὰς
2512 5048 2630 5102 τῶν
2656 5048 2916 5111 ὑδάτων,
2949 5049 3134 5113 οὕτως
3174 5048 3456 5102 ἐπιποθεῖ
3476 5048 3513 5113 ἡ
3544 5045 3716 5116 ψυχή

2135 5159 2254 5210 μου
2312 5141 2463 5209 πρὸς
2507 5141 2604 5203 σὲ,
2661 5144 2693 5195 ὁ
2741 5142 2915 5206 Θεός’
2978 5143 3096 5203 καὶ,
3127 5140 3442 5209 Ἀγαπήσω
3474 5156 3568 5201 σε,
3607 5140 3720 5192 Κύ-

2132 5250 2228 5301 ριε
2258 5233 2294 5301 ἡ
2326 5233 2507 5301 ἰσχύς
2527 5250 2671 5301 μου,
2694 5235 2812 5298 καὶ,
2848 5235 2918 5289 Ἦ
2946 5235 3115 5303 ψυχή
3140 5252 3260 5303 μου
3285 5234 3354 5287 ἐν
3384 5233 3514 5298 ταῖς
3541 5233 3717 5302 χερσὶ

2143 5327 2261 5381 σοῦ
2292 5325 2643 5390 διαπαντὸς.
2667 5327 2789 5379 ἀνίλ⁵
2827 5328 2944 5388 τοῦ,
2980 5330 3120 5397 μετὰ
3150 5327 3267 5381 σοῦ.
3288 5327 3385 5382 Διά
3413 5327 3573 5380 τοῦτο
3601 5327 3718 5411 κα),

2144 5415 2481 5485 Εὐλογήσω
2502 5458 2515 5477 .
2571 5420 2726 5488 φησι,
2763 5418 2871 5470 τὸν
2922 5418 3147 5487 Κύριον
3187 5420 3258 5473 ἐν
3287 5420 3467 5472 παντὶ
3499 5416 3684 5486 καιρῷ
3704 5459 3719 5479 .

2144 5508 2260 5581 καὶ,
2286 5507 2618 5574 Διαπαντός
2654 5510 2690 5576 ἡ
2747 5510 2983 5576 alr-3mg
3012 5509 3200 5565 αὐτοῦ
3255 5511 3327 5564 ἐν
3358 5509 3437 5585 τῷ
3465 5510 3721 5579 στόματι

2143 5616 2284 5666 μου.
2320 5600 2428 5652 Καὶ
2460 5601 2598 5669 μετά
2633 5600 2741 5652 τῶν
2773 5601 3026 5669 ἀγγέλων
3068 5603 3125 5656 δὲ
3154 5602 3390 5671 γίνεται,
3430 5603 3721 5669 ὲνούμενος

2150 5693 2334 5767 aerei;
2378 5692 2454 5764 τῷ
2489 5691 2640 5762 καλῷ
2687 5692 2852 5760 ἔρωτι
2903 5696 2993 5749 καὶ
3061 5695 3230 5766 πόθῳ.
3264 5695 3394 5770 καὶ,
3464 5690 3715 5763 Ursin,
