4126 6268
396 367 499 431 5.7

391 567 464 621 ἐν
486 567 611 629 τοῖς
647 564 929 635 ὑψίστοις
953 583 967 599 ·
999 567 1217 620 αίνεῒτε
1244 570 1462 633 αὐτὸν,
1504 569 1727 636 πάντες
1771 575 1825 624 al
1871 572 1973 640 dr-

393 661 556 728 γελοι
581 657 788 711 αὐτοῦ’
821 657 1037 711 αίνεῗτε
1067 661 1280 726 αὐτὸν,
1320 658 1512 715 πᾶσαι
1545 665 1602 715 al
1646 662 1968 731 δυνάμεις·

393 751 492 822 οὐχ
525 732 604 802 ὃτι
639 750 714 815 ὡς
757 751 832 820 μὴ
869 751 1152 813 αἰνοῦντας
1187 753 1508 821 παρακινῶν
1530 793 1545 817 ,
1575 753 1694 806 ἀλλ’
1728 755 1803 817 ὡς
1839 756 1975 823 μᾶ).-

395 843 488 896 λον
537 842 669 895 ἴδιον
700 844 863 911 ἔργον
913 843 1074 896 τοῦτο
1124 845 1250 907 τοὺς
1298 846 1566 913 ἀγγέλους
1601 848 1973 917 κεκτημένους

395 934 488 1006 καὶ
521 933 954 986 ἀκατάπαυστον
981 935 1057 1004 τῷ
1091 936 1225 1004 πρὸς
1254 936 1385 989 Θεὸν
1405 937 1576 1008 πόθῳ,
1599 934 1710 992 οἷον
1732 940 1972 991 ἐπαινῶν

400 1025 596 1087 αὐτοὺς
639 1022 734 1077 καὶ
791 1023 1149 1093 διερεθίζων,
1202 1030 1297 1081 καὶ
1351 1028 1488 1081 ἑνῶν
1540 1030 1733 1082 ἑαυτὸν
1764 1032 1970 1092 uiui;

397 1121 480 1175 ὅτι
529 1122 624 1174 καὶ
678 1121 839 1189 ἔργον
887 1124 1150 1191 ἀσὶγητόν
1188 1140 1244 1175 τε
1285 1124 1381 1177 καὶ
1431 1123 1667 1193 ἄληκτον
1712 1125 1746 1195 ἡ
1805 1142 1974 1195 τρισ-

400 1214 558 1282 ευχὴ,
587 1215 683 1269 καὶ
710 1221 738 1270 6
768 1215 863 1270 τοῦ
896 1217 1031 1270 Θεοῦ
1085 1210 1256 1279 αἶνος.
1297 1216 1439 1285 Πρὸς
1470 1216 1629 1269 τοῦτο
1658 1216 1714 1270 δὲ
1751 1220 1777 1270 ὀ
1811 1217 1973 1280 καλὸς

399 1306 496 1358 καὶ
514 1308 803 1374 ἀγγελικὸς
836 1307 1078 1383 caveat;
1104 1302 1259 1371 οὗτος
1294 1307 1455 1360 Δαϐὶδ
1479 1312 1569 1362 καὶ
1586 1309 1689 1379 τὴν
1717 1310 1976 1378 οἰκουμέο

399 1415 497 1468 νην
523 1399 740 1454 ἃπασαν
764 1401 911 1454 ὲκκα
933 1404 1091 1461 εἷται,
1114 1402 1448 1469 προφαίνων,
1473 1396 1652 1469 οἶμαι,
1674 1401 1778 1470 τὴν
1798 1400 1977 1470 σωτή·⁸

401 1508 514 1562 ριον
542 1493 883 1560 ἐπιφάνειαν,
911 1495 1129 1558 καὶίτὴν
1173 1493 1262 1546 διὰ
1298 1492 1504 1562 ταύτην
1549 1495 1844 1561 ἐπίγνωσιν
1876 1491 1975 1558 τῆς

397 1585 628 1654 Τριάδος
654 1585 756 1639 τῶν
794 1583 961 1640 ἐθῶν
992 1585 1159 1655 208
1198 1586 1291 1638 καὶ
1321 1585 1626 1653 δοξο).ογίαν
1651 1585 1962 1652 ἁνελλςιπῆ.

401 1676 530 1744 Καὶ,
553 1675 801 1743 Αἰνεῖτε,
846 1679 999 1745 φητὶ,
1044 1677 1143 1728 τὸν
1182 1677 1424 1744 Κύριον,
1452 1675 1654 1732 πάντα
1690 1677 1760 1731 τὰ
1795 1676 1967 1743 ἔθνη·

400 1767 764 1822 ἐπτιινέπατε
794 1769 1003 1836 αὐτὸν,
1042 1769 1264 1837 πάντες
1290 1770 1345 1824 oi
1398 1770 1556 1823 λαοί.
1597 1771 1718 1823 Ὅτι
1756 1770 1815 1823 δὲ
1850 1767 1975 1821 ἀσί-

402 1877 567 1930 γητος
621 1860 789 1931 ὕμνος
838 1861 956 1930 Θεῷ
1000 1861 1153 1931 παρὰ
1187 1862 1296 1916 τῶν
1343 1861 1592 1928 ἀγγέλων
1633 1863 1788 1930 ἐστὶ,
1816 1867 1914 1918 καὶ
1943 1866 1974 1918 6

410 1952 639 2016 Ἡσαΐας
663 1952 927 2018 διδάσκει,
967 1954 1088 2005 ἰδὼν
1122 1953 1216 2022 τὴν
1266 1953 1422 2017 δόξαν
1455 1953 1610 2015 Θεοῦ,
1641 1958 1734 2009 καὶ
1767 1959 1974 2011 ἑκατα-

407 2045 668 2108 παύστως
692 2046 817 2106 τοὺς
839 2045 1105 2112 ἀγγέλους
1151 2045 1244 2098 τὸν
1278 2046 1575 2115 Τρισάγιον
1603 2047 1849 2118 ᾅδοντας.
1879 2052 1978 2104 καὶ

399 2136 427 2187 ὁ
470 2133 732 2202 ἰεζεκιὴλ
760 2132 814 2185 δὲ
842 2132 1045 2202 ὁμοίως
1073 2148 1086 2163 ⁸
1116 2133 1143 2186 ὂ
1175 2134 1241 2205 δὴ
1277 2133 1441 2204 ἔργον
1470 2136 1566 2188 καὶ
1599 2137 1708 2189 τῶν
1739 2139 1973 2207 πρώτων

400 2214 668 2295 τυγχάνει
698 2223 925 2289 τάξεων,
957 2223 1064 2277 τῶν
1115 2225 1364 2295 Σεραφίμ
1412 2244 1470 2280 τε
1525 2229 1620 2281 καὶ
1666 2230 1973 2299 Χερουείμ.

400 2317 510 2371 Καὶ
540 2316 608 2370 τὰ
661 2316 757 2383 μὲν
789 2316 967 2379 αὐτῶν
1020 2317 1243 2386 ἔμπυρα
1298 2318 1388 2373 διὰ
1443 2320 1535 2372 τὸν
1587 2320 1752 2375 πόθον
1782 2339 1841 2375 τε
1868 2324 1969 2377 καὶ

399 2408 491 2458 τὸν
518 2409 574 2459 ἐν
624 2405 771 2475 ζήλῳ
807 2405 997 2476 ὕμνον,
1035 2408 1131 2461 καὶ
1163 2407 1407 2478 ἔνθερμα
1443 2410 1773 2466 καλοῦνται·
1811 2413 1975 2468 τοῦτο

401 2500 508 2569 γὰρ
549 2501 608 2552 τὸ
650 2499 936 2570 Σεραφίμ·
968 2500 1037 2552 τὰ
1072 2500 1129 2553 δὲ
1180 2486 1336 2571 χύσις
1387 2502 1478 2554 διὰ
1529 2503 1590 2555 τὸ
1639 2505 1843 2568 πλάτος
1872 2505 1975 2575 τῆς

404 2589 656 2659 γνώσεώς
703 2607 762 2643 τε
807 2591 902 2645 καὶ
931 2590 1029 2662 τῆς
1082 2592 1362 2657 αἰνέσεωςο
1404 2597 1501 2649 καὶ
1534 2593 1694 2648 τοῦτο
1722 2596 1873 2665 δηλοί
1914 2597 1974 2649 τὸ

401 2682 696 2752 Χερουϐίμ..
733 2684 802 2735 Ἀ
832 2683 924 2737 κοι)⁸
975 2683 1383 2753 πολυόμματα,
1435 2686 1523 2738 διὰ
1582 2687 1642 2738 τὸ
1687 2689 1822 2742 πολὺ
1878 2690 1974 2743 καὶ⁵

398 2774 592 2829 λεπτὸν
634 2776 729 2828 καὶ
766 2774 1076 2845 διορατικὸν
1113 2775 1211 2846 τῆς
1245 2774 1486 2847 θεωρίας
1519 2794 1581 2830 τε
1621 2778 1718 2832 καὶ
1760 2778 1975 2844 δοξο).ο‹

400 2868 524 2934 γίας
571 2868 668 2920 καὶ
719 2867 1175 2922 ἀκατάπαυστον.
1242 2868 1335 2920 Διὸ
1395 2869 1491 2922 καὶ
1544 2867 1804 2939 ἔνθερμοι
1850 2873 1978 2942 παρ’

398 2957 529 3030 aut,
558 2958 753 3029 ἄνδρες
789 2960 950 3024 ὅσιοι,
998 2958 1094 3012 καὶ
1138 2957 1376 3031 ἔμπυροι
1425 2964 1491 3033 τῇ
1524 2963 1717 3035 ἀγάπῃ
1764 2980 1823 3017 τε
1873 2968 1974 3023 καὶ

396 3048 475 3119 τῷ
507 3049 655 3119 ζήλῳ
688 3051 781 3103 καὶ
809 3051 873 3118 τῇ
912 3049 1190 3122 ὲγκαρδίῳ
1217 3054 1517 3124 προσευχῇ,
1549 3053 1694 3107 κατὰ
1736 3055 1797 3109 τὸ
1826 3057 1979 3127 εἰρη-

1561 370 1655 427 DE
1698 370 1933 429 SACT‘tA
1982 373 2492 436 PliECATlONE.

394 478 550 547 φησὶ,
576 475 685 530 τίεν
716 473 817 540 Κύι
841 489 936 528 ιον
962 475 1029 528 ἐκ
1063 474 1178 531 τῶν
1209 475 1504 544 οὐρανῶν,
1534 478 1755 531 αὶνεῖτε
1779 479 1969 531 αὑτὸν

2085 482 2247 550 angi-li
2277 483 2425 551 ejus;
2463 470 2679 543 laudate
2710 503 2857 555 enin,
2916 504 3105 545 omnes
3175 490 3423 556 virtutes,
3456 511 3475 543 ι
3531 508 3644 547 non

3542 378 3648 441 533

2077 574 2300 641 perinde
2344 579 2497 644 quasi
2558 594 2666 631 non
2692 579 2973 634 laudantes
3002 583 3274 646 incitaret,
3307 583 3425 643 sed,
3457 583 3641 650 petius

2077 679 2242 729 quam
2278 664 2420 719 istud
2454 667 2522 720 sit
2555 682 2693 737 opus
2726 669 2931 739 angelis
2961 671 3240 740 proprium
3272 681 3324 727 et
3364 690 3639 742 nunquam

2076 752 2447 807 intermissum
2480 770 2543 809 ex
2573 770 2761 811 eorum
2796 774 2919 829 erga
2950 759 3117 813 Deum
3143 760 3455 825 dilectione,
3481 762 3637 830 quasi

2074 862 2170 900 eos
2195 846 2438 901 laudaret
2461 858 2514 901 et
2564 850 2872 905 hortaretur
2897 861 2951 907 et
2974 853 3211 922 seipsum
3251 853 3331 908 eis
3389 855 3649 924 adjunge—

2077 946 2176 1003 ret,
2214 940 2466 1007 quoniam
2495 956 2631 1009 opus
2654 953 2733 996 est
2764 958 2941 1012 neque
2967 946 3207 1013 requiem
3237 961 3336 1001 nec
3375 947 3649 1001 intermis-

2077 1030 2288 1085 sionem
2354 1032 2563 1086 habens
2608 1033 2783 1087 oratio
2854 1033 3054 1102 Deique
3103 1038 3361 1091 laudatio.
3417 1037 3647 1107 insuper

2074 1125 2322 1194 egregius
2350 1134 2403 1178 et
2429 1124 2702 1195 angelicus
2733 1128 2931 1193 psaltes
2958 1129 3058 1180 istc
3090 1128 3254 1181 David
3295 1139 3490 1183 terram
3528 1131 3649 1183 tnti-

2077 1228 2288 1268 vcrsam
2329 1225 2611 1278 convocat,
2642 1218 3038 1283 praenuntiatus.
3088 1234 3173 1272 me
3198 1219 3399 1286 judice,
3455 1221 3648 1274 saluti-

2075 1305 2245 1360 feram
2300 1306 2797 1360 manifestatiouem
2856 1317 2910 1361 et
2974 1324 3072 1379 per
3129 1309 3286 1363 istam
3364 1310 3652 1366 Trinitatis

2075 1396 2437 1467 cognitionem
2471 1399 2723 1467 gentibus
2747 1399 2976 1453 dandam
3014 1405 3315 1471 atrumque
3349 1418 3650 1471 perennem

2079 1488 2168 1542 Dei
2221 1488 2687 1559 glorilieationem.
2745 1511 2763 1544 ι
2804 1492 3062 1557 Laudate,
3113 1495 3307 1563 inquit,
3344 1495 3650 1559 DOtlti;ttlll’t,

2075 1597 2264 1636 omnes
2304 1594 2523 1652 gentes;
2557 1584 2774 1639 laudate
2807 1601 2951 1651 eum,
2978 1603 3169 1643 onmcs
3202 1589 3406 1658 populi.
3443 1609 3460 1642 ι
3500 1588 3654 1643 liunc

2081 1676 2336 1744 hymnum
2370 1676 2477 1729 Deo
2509 1678 2626 1729 sine
2653 1677 3056 1732 intermissione
3091 1680 3157 1732 ab
3186 1682 3392 1749 angulis
3443 1681 3650 1735 cantari

2079 1769 2192 1837 ipse
2231 1769 2393 1823 etiam
2438 1769 2606 1823 Isaias
2637 1769 2967 1832 docet,dum
3005 1771 3149 1825 videt
3183 1772 3406 1842 gloriam
3460 1775 3549 1827 Dei
3597 1783 3654 1827 et

2079 1859 2297 1928 angelos
2328 1860 2448 1913 sine
2488 1861 2593 1913 fine
2646 1861 3045 1916 concinentes:
3096 1861 3351 1924 Sanctus,
3406 1871 3654 1925 sanctus,

2080 1961 2322 2007 sanctus.
2350 1949 2611 2005 Similiter
2639 1960 2693 2006 et
2737 1951 3008 2006 Ezechiel.
3050 1952 3205 2018 Quod
3228 1969 3366 2021 opus
3397 1964 3480 2008 est
3549 1955 3657 2022 pri-

2086 2057 2296 2109 morum
2325 2042 2603 2107 ordinum,
2627 2057 2820 2113 nempe
2842 2042 2880 2097 S
2916 2044 3124 2112 raphim
3146 2055 3198 2097 et
3223 2045 3653 2103 (llierubim.Al.i

2080 2135 2225 2188 enim
2259 2149 2324 2188 ex
2358 2133 2490 2202 ipsis
2537 2134 2690 2204 igniti
2717 2144 2937 2205 propter
2971 2150 3160 2190 eorum
3194 2150 3435 2190 antorem
3501 2138 3656 2207 hym-

2082 2238 2290 2292 nosque
2321 2224 2503 2279 studio
2530 2225 2885 2280 vehementes
2916 2235 2970 2280 et
3004 2226 3199 2282 fervidi
3235 2238 3523 2293 vocantur,
3551 2230 3658 2283 hoc

2082 2312 2226 2367 enim
2253 2323 2409 2369 sonat
2437 2330 2542 2369 vox
2575 2313 2862 2385 Seraphim
2899 2333 2914 2380 ;
2942 2317 3030 2371 alii
3069 2332 3199 2372 vero
3239 2318 3436 2374 eﬂnsio
3464 2319 3658 2374 dicun-

2082 2414 2171 2460 tur
2203 2416 2421 2475 propter
2445 2406 2855 2477 amplitudinem
2883 2409 3127 2464 scientia:
3152 2420 3206 2464 et
3225 2409 3571 2476 laudationis,
3602 2420 3660 2466 et

2082 2496 2227 2551 istud
2289 2498 2530 2552 ostendit
2601 2515 2703 2553 vox
2752 2499 3065 2556 Cherubim.
3122 2501 3226 2567 Qui
3268 2504 3430 2556 etiam
3484 2505 3661 2558 multo

2082 2585 2258 2669 oculei
2287 2587 2626 2657 appellantur
2658 2599 2881 2658 prapter
2920 2589 3345 2655 multitudinem,
3383 2591 3659 2646 subtilita-

2084 2688 2191 2733 tem
2214 2694 2276 2734 ac
2306 2681 2777 2750 perspicacitatem
2813 2690 2975 2751 atque
3018 2685 3411 2751 perennitatem
3465 2701 3654 2739 eorum

2082 2770 2558 2840 contemplationis
2586 2780 2644 2825 et
2678 2770 3106 2841 gloriﬁcationis.
3137 2772 3425 2842 Propterea
3460 2773 3652 2829 fervidi

2083 2878 2301 2934 quoque
2327 2863 2470 2932 apud
2505 2878 2606 2918 nos
2637 2864 2893 2918 dicuntur
2924 2866 3021 2919 viri
3048 2867 3217 2920 sancti
3251 2876 3307 2920 et
3342 2867 3495 2937 igniti
3525 2870 3663 2922 cha-

2087 2953 2268 3019 ritate,
2324 2953 2506 3010 studio
2537 2962 2586 3009 et
2611 2956 2858 3010 oratione
2892 2972 3011 3025 qure
3063 2975 3126 3012 ex
3172 2958 3338 3013 corde
3385 2961 3652 3028 procedit,

2088 3056 2249 3118 prout
2295 3047 2502 3102 dictum
2543 3057 2672 3103 cst:
2711 3066 2730 3099 ι
2768 3049 3001 3104 Incaluit
3050 3066 3143 3105 cor
3179 3067 3358 3107 meum
3392 3054 3535 3108 intra
3575 3071 3661 3108 me

399 3142 590 3211 μένον,
623 3139 945 3208 Ἐξεκαύθη
1001 3141 1040 3209 ἡ
1090 3140 1311 3208 καρδία
1340 3159 1463 3210 μου
1493 3143 1671 3210 ἐντός
1692 3162 1840 3214 μου,
1872 3145 1972 3199 καί

2085 3147 2135 3193 et
2167 3137 2218 3192 in
2247 3137 2599 3194 meditatione
2618 3152 2735 3193 mea
2752 3139 3229 3209 exardescetignis
3251 3159 3266 3208 ;
3292 3161 3310 3193 ι
3335 3153 3427 3197 et:
3464 3161 3484 3195 ι
3514 3143 3664 3198 Non-

398 3234 468 3287 ἐν
502 3230 577 3300 τῇ
597 3232 819 3305 μελέτῃ
859 3248 982 3301 μου
1028 3231 1473 3302 ἐκκαυθήσεται
1527 3234 1670 3304 πῦρ,
1704 3237 1822 3299 καὶ,
1857 3240 1970 3292 Οὺο

398 3323 464 3396 χι
495 3325 536 3394 ἡ
577 3324 790 3393 καρδία
844 3322 1015 3392 ἡμῶν
1068 3323 1353 3397 καιομένη
1401 3318 1491 3396 ἦν(
1534 3327 1605 3380 ἐν
1634 3326 1819 3397 ἡμῐν;
1854 3330 1972 3397 καὶ,

402 3415 499 3484 Τίς
523 3412 679 3485 ἡμᾶς
712 3416 955 3485 χωρίσει
980 3414 1100 3479 ἀπὸ
1124 3413 1233 3483 τῆς
1267 3414 1508 3485 ἀγάπης
1534 3418 1640 3472 τοῦ
1673 3415 1933 3487 Χριστοῦ
1955 3438 1976 3486 ;

399 3511 493 3564 καὶ
522 3507 599 3579 τῷ
647 3508 929 3579 Πνεύματι
983 3507 1222 3573 ζέοντες,
1255 3508 1332 3578 τῷ
1377 3510 1569 3581 Κυρίῳ
1599 3511 1941 3577 δουλεύοντες
1962 3554 1977 3579 ,

395 3604 518 3666 ταῖς
573 3605 898 3672 προσευχαῖς
980 3600 1545 3671 προσκαρτεροῦντες.
1621 3605 1731 3657 Καὶ
1791 3606 1976 3660 nolit}:

399 3693 530 3764 παρ’
582 3695 716 3764 ἡμῖν
767 3692 927 3764 χύσιν
967 3691 1104 3746 Θεοό
1153 3693 1416 3763 γνώσεως
1474 3694 1715 3766 ἔχοντες,
1768 3699 1865 3751 καὶ
1899 3699 1977 3763 ὼς

399 3786 548 3856 ὕδωρ
580 3786 714 3838 πολὺ
745 3786 881 3853 πρὸς
915 3785 1004 3838 τὸν
1035 3785 1180 3837 θεῖον
1220 3785 1541 3856 ἐκχεόμενοι
1591 3786 1790 3856 πόθον,
1825 3792 1972 3845 κατὰ

397 3878 499 3938 τὸ,
552 3876 846 3944 Ἐξείύθη
898 3877 935 3942 ἡ
997 3877 1171 3946 χάρις
1233 3877 1304 3931 ἐν
1340 3877 1582 3948 χείλεσι
1630 3897 1785 3936 σου·
1844 3884 1975 3955 καὶ,

397 3968 776 4033 Ἐπλάτυνας
814 3964 930 4035 τὴν
969 3967 1222 4036 καρδίαν
1255 3987 1378 4037 μου
1409 3985 1423 3999 ·
1461 3971 1579 4035 καὶ,
1617 3972 1878 4041 ’Έκχεον
1908 3973 1976 4045 τό

398 4062 573 4126 ἔλεός
607 4074 726 4113 σου
773 4057 867 4128 ἐφ’
911 4057 1088 4129 ἡμᾶς,
1130 4062 1227 4114 καὶ
1271 4061 1391 4114 ὅλον
1420 4062 1690 4134 ὀφθαλμοὶ
1734 4064 1808 4127 ὡς
1842 4064 1976 4119 Θεὸν

398 4152 652 4222 ὁρῶντες,
688 4150 829 4206 κατὰ
854 4152 915 4205 τὸ
944 4153 1354 4222 γεγραμμένον,
1394 4154 1459 4206 Ol
1515 4154 1818 4224 ὀφθαλμοί
1851 4172 1972 4223 μου

397 4244 493 4300 διὰ
518 4242 746 4310 παντὸς
790 4242 942 4310 πρὸς
992 4245 1100 4298 τόν
1142 4244 1382 4312 Κύριον,
1413 4244 1531 4310 καὶ,
1590 4246 1971 4315 Ιίροωρώμην

398 4335 507 4389 τὸν
546 4333 765 4400 Κύριον
803 4331 1065 4386 ἐνώπιόν
1103 4350 1224 4403 μου
1250 4332 1350 4388 διὰ
1391 4336 1640 4402 παντὸς,
1684 4336 1733 4390 οἳ
1775 4337 1872 4390 καὶ
1900 4337 1977 4402 ὡς

386 4422 633 4493 ’καθαροὶ
672 4422 769 4495 τὴν
821 4425 1073 4494 καρδίαν,
1105 4425 1275 4496 δρῶσι
1333 4425 1424 4480 τὸν
1470 4426 1700 4500 Κύριον.
1731 4429 1842 4482 Καὶ
1893 4429 1976 4483 ἔτι

2086 3245 2154 3286 ne
2179 3245 2273 3286 cor
2302 3240 2548 3286 nostrum
2585 3230 2781 3286 ardens
2804 3241 2920 3286 erat
2954 3234 3010 3286 in
3046 3234 3206 3288 nobis
3236 3235 3258 3287 ἲ
3303 3254 3320 3288 ›
3349 3244 3436 3289 et:
3470 3255 3489 3288 ι
3527 3235 3663 3303 Quis

2087 3337 2189 3378 nos
2233 3323 2510 3393 separabit
2535 3340 2565 3378 a
2599 3325 2864 3379 charitate
2895 3323 3140 3381 Christi?
3173 3345 3191 3379 ι
3223 3335 3276 3381 et
3319 3342 3337 3381 :
3381 3346 3399 3380 ι
3458 3327 3661 3396 Spiritu

2087 3414 2382 3482 ferventes,
2416 3415 2647 3472 Domino
2675 3419 2996 3484 servientes,
3029 3419 3264 3474 orationi
3321 3419 3608 3475 instantes.
3639 3438 3659 3472 ι

2086 3506 2237 3563 Multi
2272 3509 2437 3563 etiam
2470 3517 2597 3564 sunt
2621 3510 2762 3580 apud
2795 3525 2896 3564 nos
2952 3509 3202 3566 diffusam
3259 3510 3521 3568 habentes
3566 3512 3662 3567 Dei

2088 3597 2358 3664 notitiam,
2391 3606 2444 3653 et
2481 3598 2627 3653 velut
2658 3614 2794 3668 aqua
2827 3598 3046 3668 copiosa
3075 3599 3127 3653 in
3164 3600 3410 3656 divinum
3442 3600 3664 3656 deside-

2088 3687 2226 3742 rium
2285 3686 2442 3743 etl‘usi
2477 3687 2779 3743 secundum
2829 3689 3004 3744 illud:
3046 3709 3065 3743 ι
3102 3690 3305 3746 Dill'usa
3346 3702 3434 3746 est
3481 3693 3656 3763 gratia

2087 3781 2143 3835 in
2177 3781 2335 3837 labiis
2386 3782 2525 3850 tuis;
2556 3800 2575 3834 ι
2606 3791 2699 3837 et:
2740 3801 2759 3834 ι
2792 3782 3038 3838 Dilatasti
3089 3800 3185 3839 cor
3210 3800 3388 3841 meum
3419 3804 3435 3853 ;
3478 3806 3498 3838 ι
3533 3795 3589 3841 et
3646 3804 3660 3840 :

2095 3893 2112 3927 ι
2144 3872 2372 3929 Eﬂ‘unde
2402 3874 2834 3930 misericordiam
2869 3883 3017 3930 tuam
3052 3890 3216 3946 super
3247 3892 3523 3945 nos,~rac
3555 3879 3667 3933 vcl-

2090 3974 2149 4021 ut
2196 3967 2338 4021 oculi
2369 3966 2422 4021 in
2459 3965 2627 4022 Deum
2661 3966 3008 4037 aspicientes,
3034 3967 3494 4037 quemadmodum
3526 3970 3665 4025 scri-

2090 4041 2243 4127 ptum
2268 4063 2386 4112 est:
2424 4076 2443 4109 ι
2481 4055 2636 4114 Oculi
2667 4060 2772 4115 mei
2809 4074 3026 4129 semper
3054 4060 3119 4115 ad
3150 4061 3478 4128 Dominum;
3519 4081 3536 4115 ι
3563 4072 3619 4118 et
3648 4079 3666 4119 :

2095 4168 2114 4202 ι
2155 4149 2525 4207 Prtevidebam
2582 4151 2873 4208 Dominum
2919 4155 2973 4208 in
3009 4165 3305 4224 conspectu
3350 4171 3471 4211 meo
3524 4171 3667 4211 sem.

2089 4256 2209 4312 per,
2249 4259 2268 4293 ι
2301 4243 2391 4313 qui
2421 4252 2609 4311 utpote
2653 4246 2859 4300 mundo
2909 4249 3075 4301 corde
3129 4246 3413 4302 Dominum
3456 4248 3663 4305 vident.

2092 4332 2333 4388 Tertium
2405 4333 2633 4405 insuper
2682 4333 3033 4392 Thronorum
3085 4339 3330 4394 ordinem
3382 4339 3436 4394 in
3505 4340 3665 4394 nobis

2091 4424 2312 4495 quidam
2343 4425 2651 4492 imitantur,
2681 4437 2735 4482 et
2766 4428 2906 4484 Deus
2937 4428 2993 4482 in
3035 4428 3116 4483 eis
3144 4430 3488 4499 requiescere
3520 4431 3669 4487 vidc-

399 4516 501 4582 τὴν
541 4513 730 4584 τρίτην
785 4513 941 4579 τάξιν
988 4515 1099 4569 τῶν
1145 4516 1352 4588 θρόνων
1396 4520 1491 4571 καὶ
1527 4518 1583 4571 ὲν
1630 4520 1763 4588 ἡμῖν
1820 4537 1965 4584 τινες

2085 4523 2194 4583 tur,
2222 4519 2454 4571 thronus
2483 4517 2630 4572 enim
2676 4517 2833 4573 sedes
2866 4526 2951 4574 est
2976 4529 3027 4574 et
3052 4520 3312 4575 cathedra
3345 4537 3362 4587 ;
3405 4520 3479 4574 ita
3502 4530 3556 4575 et
3611 4521 3666 4574 in
3700 4578 3705 4585 ,

402 4604 795 4675 ἐκμιμοῦνται.
852 4606 966 4660 Καὶ
1006 4606 1084 4670 ὡς
1110 4609 1168 4660 ὲν
1202 4609 1389 4672 αὐτοῖς
1422 4608 1556 4676 Θεὸς
1608 4610 1979 4676 ἀναπαύεται,

402 4696 708 4760 ἀνάπαυσις
737 4698 846 4769 γὰρ
885 4699 983 4750 καὶ
1011 4699 1253 4766 καθέδρα
1284 4701 1312 4753 6
1345 4699 1563 4772 θρόνος,
1599 4702 1747 4758 οὕτω
1779 4703 1844 4775 δὴ
1884 4707 1983 4760 καὶ

402 4789 460 4840 ὲν
506 4788 740 4856 τούτοις,
796 4791 889 4844 τὸν
935 4790 1070 4844 Θεὸν
1123 4793 1360 4861 τιμῶσιν
1391 4794 1627 4858 ἐννοίαις
1656 4796 1756 4850 καὶ
1785 4796 1982 4866 ὕμνοις

403 4882 499 4934 καὶ
535 4881 716 4950 λόγοις
768 4884 860 4937 καὶ
918 4886 1247 4954 πράγμασιν
1277 4926 1292 4951 ,
1354 4880 1526 4957 οὗπερ
1573 4890 1606 4958 ή
1673 4889 1984 4954 ἀνάπαυσις

402 4974 521 5027 ἐστι
577 4976 732 5046 τιμὴ,
786 4975 910 5029 κατ’
954 4978 1165 5031 ἐκεῖνόν
1218 4995 1278 5031 τε
1337 4977 1498 5044 ζῶσι,
1557 4979 1650 5033 τὸν
1705 4981 1980 5050 λέγοντα,

403 5065 739 5133 Ἀνάστηθι,
765 5067 965 5136 Κύριε,
995 5073 1084 5137 εὶς
1117 5073 1236 5139 τὴν
1271 5071 1626 5127 ἀνάπαυσίν
1680 5088 1819 5138 σου,
1860 5076 1981 5138 καὶ,

414 5159 470 5210 '0
492 5159 704 5227 θρόνος
755 5176 897 5226 σου,
932 5166 965 5216 ὁ
1007 5166 1174 5227 Θεὸς,
1219 5166 1311 5231 είς
1348 5165 1454 5218 τὸν
1489 5164 1679 5231 αἰῶνα
1708 5167 1817 5221 τοῦ
1846 5166 1987 5221 αίῶ-

401 5266 528 5317 νος.
564 5246 657 5314 Οἷς
686 5242 781 5306 καὶ
826 5257 854 5307 6
901 5254 1033 5315 Θεὸς
1090 5258 1485 5326 ἀρεσκόμενος,
1523 5257 1866 5324 Ἐνοικήσω
1913 5260 1986 5313 ἐν

401 5342 631 5411 αὐτοῖς,
674 5349 828 5412 φησλ,
865 5347 965 5399 καὶ
990 5347 1485 5419 ἐμπεριπατήσω,
1529 5351 1646 5412 καὶ,
1684 5349 1830 5421 Ἐγὼ
1872 5352 1978 5405 καὶ

402 5436 436 5487 ὁ
473 5435 678 5503 Πατὴρ
721 5422 1148 5508 ἐλευσόμεθα,
1208 5440 1308 5493 καί
1359 5441 1563 5510 μονὴν
1631 5445 1771 5510 παρ’
1821 5444 1985 5510 αὐτῷ

403 5522 768 5593 ποιήσομεν,
794 5527 910 5591 καὶ,
939 5529 1063 5581 Οὐκ
1093 5527 1296 5581 οἴδατε
1333 5526 1423 5583 ὅτι
1456 5529 1714 5598 Χριστὸς
1739 5529 1896 5583 οίλιεῐ
1912 5529 1983 5583 ἐν

404 5614 598 5685 ἡμῖνῖ
641 5617 691 5670 εί
733 5619 805 5688 μή
853 5636 907 5673 τι
960 5620 1071 5691 ἄρα
1112 5620 1364 5690 ἀδόκιμοί
1396 5621 1544 5674 tne.
1581 5620 1757 5674 Τοῦτο
1797 5621 1891 5675 οὖν
1925 5620 1984 5673 τὸ

403 5708 500 5761 τὸν
533 5708 777 5777 Χριστὸν
801 5710 968 5780 ἔχειν,
1003 5714 1063 5765 τὸ
1102 5714 1425 5784 περιφέρειν
1470 5714 1633 5767 αὐτὸν
1665 5713 1721 5764 ἑν
1751 5716 1815 5784 τῇ
1851 5731 1984 5780 καρ-

400 5801 493 5874 δέᾳ
523 5800 619 5855 καὶ
654 5800 728 5871 τῷ
762 5802 863 5871 νοῖ,
892 5806 985 5875 in".
1019 5805 1381 5875 ἀδιαλείπτως
1431 5805 1593 5863 αὑτοῦ
1645 5805 1976 5877 μεμνῆσθαι,

2092 4608 2219 4674 illis,
2249 4608 2340 4679 qui
2375 4605 2544 4662 Deum
2604 4609 3047 4679 cegitationibus,
3085 4609 3324 4680 hymnis,
3380 4610 3560 4665 verbis
3614 4621 3670 4663 et

2089 4701 2348 4770 operibus
2394 4699 2685 4767 honorant,
2715 4701 2872 4769 cujus
2916 4698 3133 4768 requies
3179 4709 3262 4754 est
3320 4699 3519 4764 honor,
3574 4698 3668 4768 qui

2092 4788 2283 4843 vivunt
2311 4788 2503 4843 eodem
2558 4803 2709 4842 more
2734 4802 2797 4843 ac
2823 4787 3015 4843 dicens
3049 4805 3063 4841 ε
3126 4806 3145 4840 ι
3173 4788 3367 4860 Surge,
3418 4786 3667 4851 Domine,

2093 4882 2147 4936 in
2183 4881 2425 4951 requiem
2462 4890 2648 4948 tuam;
2687 4899 2707 4932 δ
2744 4890 2800 4937 et
2827 4899 2844 4934 :
2884 4900 2903 4934 ι
2947 4880 3206 4938 Thronus
3237 4891 3387 4946 tuus,
3420 4881 3581 4947 Deus,
3613 4881 3669 4935 in

2091 4972 2349 5026 sarculum
2382 4972 2564 5027 saeculi
2602 4990 2621 5023 ι
2650 5011 2665 5038 ,
2714 4971 2769 5027 in
2803 4972 3004 5042 quibus
3036 4972 3137 5028 sibi
3170 4973 3469 5042 complacet
3505 4970 3671 5027 Deus.

2099 5082 2118 5116 ι
2160 5062 2497 5131 lnhabitabo,
2531 5063 2733 5134 inquit,
2765 5064 2821 5120 in
2856 5066 2934 5120 eis
2987 5077 3044 5120 et
3110 5066 3457 5120 inambulatio
3480 5081 3544 5145 ς)
3575 5074 3669 5118 ct:

2099 5174 2118 5206 ι
2150 5152 2261 5223 Ego
2291 5164 2345 5209 et
2370 5155 2533 5210 Pater-
2560 5156 2863 5223 veniemus,
2891 5167 2946 5211 et
2974 5158 3313 5211 mansionem
3348 5155 3490 5223 apud
3542 5169 3669 5207 eum

2094 5246 2400 5313 faciemus;
2432 5266 2451 5298 ι
2488 5255 2582 5301 et:
2621 5265 2640 5298 ι
2673 5247 2757 5301 An
2798 5249 3026 5303 nescitis
3080 5249 3337 5317 quoniam
3392 5245 3666 5308 Christus,

2093 5339 2305 5393 habitat
2333 5339 2390 5392 in
2441 5338 2645 5395 nobis?
2677 5358 2697 5391 ι
2725 5338 2828 5392 nisi
2860 5339 2982 5393 sitis
3024 5346 3207 5391 tamen
3265 5337 3491 5406 indigni.
3536 5335 3672 5390 Illud

2092 5446 2222 5499 ergo
2245 5449 2257 5486 :
2281 5428 2563 5485 Christum
2600 5430 2821 5493 habere,
2851 5445 2977 5484 eum
3021 5430 3076 5484 in
3106 5428 3273 5484 corde
3315 5427 3673 5483 circumferre

2092 5537 2143 5580 et
2183 5526 2236 5579 in
2270 5534 2474 5593 mente,
2508 5524 2631 5595 ejus
2659 5523 2776 5591 sine
2808 5521 3215 5577 intermissione
3267 5519 3562 5585 recordari,
3617 5520 3671 5583 in

2092 5634 2159 5673 eo
2190 5618 2441 5675 meditari
2466 5628 2521 5674 et
2544 5617 2736 5673 ardere
2756 5618 2872 5687 ejus
2895 5615 3169 5672 desiderio
3189 5631 3340 5670 more
3360 5612 3669 5683 Seraphim,

2092 5728 2216 5768 eum
2273 5728 2489 5784 semper
2534 5704 2718 5767 videre
2774 5721 2830 5767 ut
2857 5709 3174 5774 Cherubim,
3215 5708 3268 5763 in
3323 5707 3488 5763 corde
3543 5722 3669 5763 eum

2097 5805 2295 5863 habere
2347 5805 2779 5874 requiesrcntetn
2815 5804 2959 5863 γιιιιι
2990 5802 3219 5868 Throni,
3250 5801 3351 5856 hoc
3412 5809 3495 5856 cst
3530 5815 3668 5871 opus
