4126 6268
379 381 478 446 541
1546 387 1643 449 DE
1683 388 1924 450 SACRA
1955 394 1957 398 ⁴

2062 391 2443 454 ECATlONE
3545 391 3651 455 542

388 494 757 565 ’Λποκαλύψει
805 495 862 549 δὲ
906 494 1161 568 Ἰωάννης
1210 498 1304 551 καὶ
1350 495 1528 554 ἄλλων
1585 499 1681 570 μὲν
1730 501 1957 572 ᾀδόντων

2078 503 2349 565 tributtut,
2379 513 2433 558 et
2475 503 2622 558 Inter
2655 502 3074 560 ministrantium
3108 503 3396 574 principali
3423 521 3650 560 munere

374 591 606 660 ἦκουσε,
643 589 736 643 καὶ
791 590 899 644 τῶν
949 591 1410 662 εἰκοσιτεσσάρων
1457 592 1516 645 δέ
1565 593 1957 664 πρεσϐυτέρων

2065 609 2192 647 eum
2220 609 2436 664 semper
2466 595 2685 666 hymnis
2732 594 3057 650 celebrant?
3089 594 3257 663 Cujus
3290 595 3460 664 gratia
3490 596 3649 650 nobis

373 683 603 736 καὶτῶν
631 683 951 752 σφαγέντων
979 685 1069 738 διὰ
1099 685 1160 738 τὸ
1196 684 1405 755 ἀρνίον,
1456 687 1513 748 ὃς
1549 687 1698 739 ἐστιν
1731 686 1758 738 6
1785 686 1957 754 ἀμνδς

2063 685 2204 740 dixit
2243 685 2445 741 Paulus
2475 686 2563 740 ille
2596 685 2900 758 theologus,
2929 687 3017 741 ille
3051 687 3348 756 angelicus,
3380 687 3470 743 ille
3493 703 3647 742 seta-

372 771 467 827 τοῦ
495 773 631 826 Θεοῦ
666 776 694 828 6
719 774 830 840 ζῶν
874 774 1080 846 Ἰησοῦς
1108 775 1362 845 Χριστός·
1395 775 1490 829 καὶ
1511 775 1593 829 ἐτι
1621 775 1716 829 τοῦ
1761 775 1960 847 μυοῦν-

371 883 463 928 τος
513 865 679 920 αὐτὸν
724 867 792 919 τὰ
835 866 938 936 τῆς
992 865 1441 938 Ἀποκαλύψεως,
1486 868 1740 938 λέγοντος
1784 869 1957 937 αὐτῷ,

379 975 398 1008 ι
428 956 518 1017 Μὴ
548 955 648 1024 ἐμὲ
688 953 1008 1024 προσκύνει’
1039 955 1322 1019 σύνδουλός
1354 956 1447 1009 σού
1485 959 1622 1026 εἰμι·
1643 957 1762 1027 Θεῷ
1783 975 1957 1027 προσ-

371 1049 629 1118 κῦνησον.
674 1066 692 1100 ι
744 1047 930 1119 Ὅρᾷς,
976 1048 1059 1101 ὅτι
1097 1049 1295 1112 πάντες
1323 1048 1442 1120 Θεῷ
1487 1049 1585 1119 τὴν
1628 1052 1796 1120 τιμὴν
1825 1050 1958 1103 ἀπο-

371 1139 641 1206 νέμοντας
696 1140 791 1193 καὶ⁵
841 1141 980 1209 μετά
1007 1141 1104 1209 τῆς
1136 1141 1416 1204 διακονίας
1458 1141 1620 1195 αὐτὸν
1664 1143 1956 1213 ἐξαιρέτως

371 1233 603 1287 πάντοτε
651 1231 990 1301 ἀνυμνοῦσις
1045 1236 1143 1289 Διά
1189 1235 1350 1287 τοῦτο
1394 1233 1490 1287 καὶ
1536 1234 1672 1304 πρὸς
1729 1236 1879 1305 ἡμᾶς
1929 1237 1958 1289 6

370 1327 633 1394 θεηγόρος
669 1328 880 1392 Παῦλός
906 1345 1096 1398 φησιν,
1137 1328 1166 1380 6
1198 1327 1510 1394 ἁγγελικὸς,
1564 1330 1592 1380 6
1633 1328 1955 1398 σεραφικὸς,

369 1422 446 1482 ὡς
479 1423 559 1482 εἰς
588 1421 770 1488 τρίτον
797 1420 1001 1482 ἀναϐὰς
1025 1419 1207 1481 πόλον,
1241 1419 1662 1486 Ἀδιαλείπτως
1693 1419 1954 1486 προσεύ-

371 1515 573 1579 χεσθε.
610 1511 720 1564 Καὶ
763 1511 922 1565 τοῦτο
953 1511 1218 1580 μανθάνει
1265 1510 1374 1564 ἀπὸ
1407 1510 1501 1564 τοῦ
1542 1512 1816 1564 Δεσπότου
1847 1511 1956 1565 τῶν

367 1607 418 1658 ὃ)
429 1623 528 1670 ων,
547 1605 914 1668 διδάσκοντος,
943 1604 1306 1673 Γρηγορεῖτε
1335 1604 1451 1658 οὖν
1475 1604 1545 1656 ἐν
1565 1604 1746 1658 παντὶ
1775 1605 1956 1670 καιρῷ

362 1696 667 1764 δεόμενοι,
703 1697 820 1761 καὶ,
866 1696 1226 1765 Γρηγορεῖτε
1276 1691 1412 1760 οὖν,
1471 1696 1559 1748 ὅτι
1592 1699 1706 1750 οὐκ
1754 1697 1958 1750 οἴδατε

364 1793 512 1854 ποίᾳ
528 1788 655 1858 ὥρᾳ
685 1791 718 1843 d
749 1790 962 1856 Κύριος
988 1786 1156 1857 ὑμῶν
1185 1788 1439 1858 ἔρχεται,
1456 1792 1572 1850 κατ,
1599 1787 1954 1856 Γρηγορεῖτε

364 1882 466 1936 καὶ
526 1883 967 1949 προσεύχεσθε,
1036 1882 1138 1935 ἵνα
1180 1883 1266 1950 pi)
1316 1881 1636 1948 εἰσέλθητε
1689 1885 1776 1947 εὶς
1825 1899 1946 1935 πει·
1985 1862 2029 1918 Β

367 1975 626 2041 ρσσμὸν,
669 1975 787 2038 καὶ,
822 1975 1148 2028 Ἔστωσαν
1191 1973 1453 2041 ὑμῶν-αι
1498 1973 1729 2042 ὀσφύες
1759 1990 1954 2038 περιε-

365 2064 684 2133 ζωσμέναι,
741 2065 839 2118 καί
892 2067 946 2118 cl
977 2065 1197 2132 λύχνοι
1246 2069 1574 2133 καιόμενοι,
1625 2065 1723 2116 καὶ
1780 2064 1951 2130 ὑμεῖς

367 2158 558 2220 ὅμοιοι
587 2155 924 2223 ἀνθρώποις
953 2153 1374 2224 ἐκδεχομένοις
1419 2155 1531 2209 τὸν
1569 2156 1782 2223 κύριον
1817 2155 1954 2210 ἐαυ-

366 2248 508 2310 τών,
539 2250 687 2302 πότε
717 2247 1015 2302 ἀναλύσει
1043 2247 1112 2299 ἐκ
1132 2244 1252 2299 τῶν
1275 2246 1497 2315 γάμων,
1532 2246 1633 2299 ἵνα
1665 2245 1954 2310 ἐλθόντος

365 2341 463 2394 καὶ
508 2341 880 2406 κρούσαντος
908 2337 1130 2403 εὐθέως
1165 2338 1498 2402 ἀνοίξωσιν
1526 2338 1738 2392 αὐτόν.
1769 2337 1955 2390 Ταῦτα

367 2450 437 2485 πε
448 2435 498 2502 9".
528 2433 624 2502 τῆς
650 2433 797 2486 ἔνδον
818 2415 1151 2503 προσευχῆς,
1175 2431 1379 2501 καὶτῆς
1405 2429 1500 2484 τοῦ
1525 2431 1654 2484 ναοῦ
1678 2430 1950 2498 φυλακῆς,

373 2527 471 2579 καὶ
526 2526 626 2589 τῆς
680 2525 1030 2580 ἀδιαλείπτου
1085 2523 1401 2594 προσευχῆς
1451 2522 1780 2577 ἐκδιδάσκει.
1841 2524 1952 2578 Καὶ

368 2619 641 2689 ἐπιφέρει,
665 2619 744 2672 ὅτι
766 2616 1072 2686 Μακάριος
1089 2618 1122 2669 δ
1142 2615 1362 2680 δοῦλος
1385 2615 1641 2682 ἐκεῖνος,
1666 2614 1739 2668 ὃν
1755 2614 1952 2670 ἐλθὼν

366 2714 402 2766 ό
431 2712 640 2779 κύριος
668 2709 856 2764 αὐτοῦ
885 2707 1133 2777 εὑρήσει
1169 2707 1464 2762 ποιοῦντα
1488 2707 1663 2762 οὕτω.
1694 2707 1806 2760 Καὶ
1828 2709 1950 2763 ἐπι-

367 2802 530 2872 φέρει
575 2803 674 2865 τὰς
721 2803 809 2855 διὰ
837 2803 938 2872 τὴν
989 2801 1297 2870 γρηγορσιν
1349 2800 1444 2852 καὶ
1494 2799 1593 2863 τὰς
1637 2799 1951 2869 προσευχὰς

2068 779 2292 848 phicus,
2333 786 2521 848 utpote
2570 779 2662 848 qui
2724 781 2777 834 in
2827 781 3045 834 tertium
3100 780 3298 834 uelum
3356 781 3642 835 ascendit:

2071 890 2089 922 ι
2119 871 2254 926 Sine
2314 871 2730 928 intermissione
2760 883 2937 929 orate.
2982 893 3001 925 ι
3061 872 3214 939 Quod
3244 875 3360 941 ipse
3393 874 3582 928 didicit
3616 891 3645 928 a

2064 961 2293 1016 Domino
2343 962 2727 1018 universorum
2757 966 2848 1035 qui
2875 963 3036 1019 docet
3068 983 3082 1020 :
3125 984 3142 1015 ι
3176 963 3409 1034 Vigilate
3460 965 3645 1032 itaque

2061 1053 2210 1107 Omni
2243 1061 2489 1122 tempore
2517 1064 2781 1120 orantes;
2818 1073 2834 1106 ι
2869 1063 2964 1109 et:
3011 1077 3029 1108 ι
3069 1056 3294 1127 \‘igilate
3336 1071 3466 1126 ergo
3517 1056 3645 1124 quia

2063 1143 2290 1198 nescitis
2306 1159 2411 1213 qua
2437 1144 2570 1198 hora
2595 1143 2857 1199 Dominus
2878 1156 3061 1201 vester
3083 1155 3346 1200 venturus
3370 1146 3478 1210 sit;
3509 1165 3527 1198 ι
3555 1156 3639 1201 et:

2065 1251 2084 1283 ι
2119 1231 2344 1302 Vigilate
2380 1242 2436 1287 et
2458 1241 2630 1297 orate,
2656 1244 2713 1287 ut
2742 1248 2850 1288 non
2877 1234 3090 1288 intretis
3119 1235 3547 1289 intentationem
3571 1251 3587 1302 ;
3618 1255 3635 1284 ι

2059 1336 2151 1380 et:
2190 1344 2208 1376 ι
2242 1324 2365 1380 Sint
2393 1328 2560 1382 lumbi
2594 1330 2754 1384 vestri
2781 1330 3084 1399 praecincti,
3107 1339 3160 1383 et
3186 1329 3422 1384 lucernae
3444 1330 3644 1383 arden-

2063 1429 2164 1482 tes,
2191 1429 2241 1474 et
2267 1435 2360 1475 vos
2407 1422 2615 1476 similes
2653 1422 2965 1478 hominibus
2989 1423 3438 1492 exspectantibus
3469 1421 3642 1476 dntui-
3662 1398 3684 1419 ’

2060 1525 2190 1564 num
2219 1527 2376 1566 suum
2404 1514 2625 1581 quando
2653 1523 2959 1568 revertatur
2991 1529 3021 1568 a
3051 1511 3278 1581 nuptiis,
3304 1521 3362 1567 ut
3391 1527 3516 1568 cum
3551 1527 3640 1563 vc-

2060 1605 2204 1656 ncrit
2231 1615 2286 1658 et
2310 1605 2634 1673 pulsaverit,
2664 1607 2948 1662 confestim
2972 1606 3222 1676 aperiant
3245 1606 3291 1658 ei
3319 1647 3332 1659 .
3369 1625 3388 1656 ι
3418 1604 3549 1671 Quae
3570 1603 3639 1656 de

2060 1695 2274 1750 interna
2314 1697 2586 1767 vigilantia
2639 1699 2706 1752 de
2763 1699 2946 1768 templi
2997 1698 3266 1764 custodia,
3296 1697 3362 1752 de
3393 1696 3642 1750 oratione

2058 1801 2167 1839 non
2199 1786 2510 1842 intermissa
2544 1787 2756 1852 edocet,
2788 1798 2842 1843 et
2883 1789 3069 1842 addit:
3109 1808 3127 1840 ι
3166 1789 3364 1842 Beatus
3395 1787 3484 1842 ille
3525 1801 3640 1841 ser-

2059 1894 2156 1932 vus
2184 1893 2366 1948 quem,
2395 1894 2520 1934 cum
2553 1881 2764 1934 venerit
2787 1881 3042 1935 dominus
3093 1881 3235 1950 ejus,
3271 1879 3542 1933 invenerit
3564 1878 3642 1932 sic

2058 1969 2369 2026 facientem.
2409 1991 2428 2024 ι
2483 1971 2550 2027 Et
2585 1972 2773 2042 adjicit
2831 1973 3140 2028 mercedem
3203 1970 3550 2041 vigilantibus
3585 1980 3644 2023 et

2060 2064 2342 2119 orantibus
2377 2065 2611 2119 dandam
2645 2083 2659 2119 :
2693 2083 2710 2115 ι
2749 2064 2926 2134 Super
2959 2065 3142 2118 omnia
3181 2063 3323 2116 bona
3358 2077 3456 2115 sua
3511 2075 3643 2115 con-

2060 2155 2253 2209 stituet
2284 2169 2400 2218 eos,
2433 2173 2453 2208 ι
2490 2156 2623 2210 deos
2651 2155 2901 2210 ostendet
2925 2163 2980 2209 et
3014 2169 3168 2224 rcges
3196 2153 3446 2208 caelestes
3471 2167 3637 2221 supra

2061 2250 2233 2304 solem
2293 2248 2581 2320 fulgentes,
2607 2258 2659 2304 et
2692 2249 2811 2319 ipse
2840 2249 2922 2304 eis
2979 2250 3212 2317 quodam
3269 2247 3431 2301 modo
3476 2245 3643 2300 mini-

2061 2343 2300 2416 strabit:
2360 2359 2381 2395 ι
2417 2341 2718 2414 Ρτεεοίηεθι
2751 2358 2832 2410 se,
2862 2343 3060 2412 inquit,
3091 2352 3145 2396 et
3174 2339 3333 2394 faciet
3357 2339 3476 2392 illos
3525 2338 3641 2392 dis-

2062 2436 2346 2502 cumbere,
2403 2443 2460 2490 et
2506 2436 2778 2491 transiens
2829 2433 3162 2491 ministrabit
3217 2435 3317 2496 eis,
3354 2450 3373 2484 ι
3428 2429 3479 2485 id
3531 2439 3635 2492 est.

2059 2527 2244 2580 omnia
2281 2527 2424 2582 bona
2457 2542 2555 2582 sua
2587 2527 3008 2584 communicabit
3034 2527 3136 2582 eis.
3162 2525 3348 2580 Viden‘
3373 2535 3637 2595 quantum

2053 2617 2200 2673 Deus
2224 2617 2575 2688 vigilantibus
2591 2618 2942 2672 etorantihus
2965 2617 3262 2671 benefaciat
3280 2615 3509 2685 ?quibus
3529 2614 3641 2667 uti-

2049 2724 2175 2764 nam
2200 2723 2298 2764 nos
2315 2723 2533 2778 quoque
2551 2709 2696 2781 digni
2719 2711 3086 2773 inveniamur,
3107 2716 3556 2776 semperorantes
3582 2714 3637 2760 et

2057 2801 2178 2855 sine
2209 2801 2614 2857 intermissione
2664 2803 3263 2872 obsecrantes,~pront
3325 2799 3638 2855 didicimus.

366 2897 602 2967 δωρεὰς,
658 2897 740 2960 τὸ,
785 2896 910 2949 Ἐπὶ
964 2895 1120 2951 πᾶσι
1177 2893 1304 2961 τοῖς
1351 2893 1744 2964 ὑπάρχουσιν
1797 2894 1960 2961 αὐτῷ
1999 2895 2375 2964 καταστήσει
2418 2899 2664 2964 αὐτοὺς,
2696 2899 2854 2962 θεοὺς
2895 2898 3197 2962 ἀποδείξει,
3259 2901 3352 2951 καὶ
3401 2894 3642 2966 βασιλεῖς

365 2993 681 3060 οὖρακίους,
711 2991 808 3046 καὶ
837 2990 976 3058 ὺπέρ
1001 2989 1089 3042 τδν
1120 2991 1272 3059 ἦλιον
1295 2989 1635 3059 λάμποντας,
1681 2990 1774 3042 καὶ
1802 2989 1880 3052 ὡς
1908 2991 2072 3055 αὐτὸς
2113 2993 2460 3064 ὑπηρετήσει
2495 2993 2702 3057 αὐτοῖς.
2741 2993 3135 3063 Ιιεριζώσεται
3173 2993 3304 3061 γὰρ,
3349 2990 3505 3058 φησὶ,
3539 2987 3639 3043 καὶ

364 3083 694 3141 ἀνακλινεῖ
739 3082 997 3148 αὐτούς·
1027 3081 1126 3136 καί
1164 3080 1482 3148 παρελθὼν
1519 3081 1875 3147 διακονήσει
1914 3081 2143 3150 αὐτοῖς,
2187 3085 2436 3139 τουτέστι
2486 3086 2706 3140 πάντων
2751 3087 2863 3138 τῶν
2910 3084 3075 3139 αὑτοῦ
3116 3083 3437 3154 μεταδώσει.
3477 3083 3640 3151 Ὁρᾷς

369 3186 475 3248 τὰς
506 3180 833 3254 εὐεργεσίας
888 3181 951 3233 ἐκ
980 3178 1117 3232 Θεοῦ
1147 3179 1256 3233 τῶν
1317 3180 1609 3249 γρηγὸρως
1649 3179 2144 3251 προσευχομὲνων;
2200 3174 2278 3236 ὧν
2322 3185 2420 3236 καὶ⁸
2463 3184 2626 3253 ἡμεῖς
2671 3183 3063 3254 ἀξιωθείημεν,
3097 3180 3500 3252 γρηγοροῦντες
3528 3179 3638 3245 ἀεὶ,

363 3280 468 3333 καὶ
497 3276 858 3338 ἀδιαλείπτως
896 3273 1352 3344 προσευχόμενοι,
1393 3273 1470 3338 ὡς
1506 3273 1894 3346 ἐδιδάχθημεν.

931 3388 1186 3444 ΚΕΦΑΛ.
1238 3385 1394 3454 ΣἾΔἏ

2553 3391 2785 3448 CAPUT
2840 3390 3116 3449 CCXCIV.

362 3507 510 3578 Περὶ
543 3505 656 3573 τῆς
711 3502 1133 3578 σωτηριῴδοινς
1155 3500 1508 3578 ’ὀνοίιασὶιξς
1539 3499 1653 3578 ’καὶ
1706 3475 1957 3578 ἐσςικλῆξ

2061 3507 2142 3562 De
2177 3509 2414 3578 salvi/ica
2456 3507 2808 3577 appellatione
2833 3519 2881 3562 et
2920 3507 3251 3562 invocatione
3293 3504 3500 3578 Domini
3547 3517 3640 3556 no-

436 3569 739 3651 o'ewg'roi)
771 3569 1033 3651 ΔΚυζρίου.
1056 3570 1234 3651 aget;
1292 3569 1487 3651 Ἰῃσοῦ
1534 3569 1795 3651 Χριστοῦ
1847 3570 1956 3651 τοιξ

2129 3580 2226 3633 uri
2253 3569 2380 3634 Iesu
2408 3569 2625 3643 Christi,
2670 3595 2786 3650 qua:
2834 3595 2953 3632 uere
2996 3591 3180 3633 sancta
3221 3593 3284 3630 ac
3331 3577 3528 3629 divina
3559 3582 3636 3629 est

447 3640 591 3702 Υιοῧ
620 3645 727 3699 τοῦ
756 3642 931 3707 Θεοῦ,
956 3641 1067 3710 τῆς
1108 3640 1270 3709 ιερᾶς
1317 3640 1505 3707 ὄντως
1544 3641 1642 3694 καί
1675 3640 1958 3695 θεοποιοῦ

438 3714 820 3786 προσευχῆς.

441 3831 566 3882 Εἰσὶ
615 3828 712 3896 μὲν
742 3821 834 3881 οῦν
880 3827 1136 3880 πλεῖσται
1190 3823 1518 3895 προσευχαὶ,
1565 3824 1698 3894 περὶ
1741 3817 1818 3879 ὧν
1861 3824 1958 3878 καὶ

364 3921 521 3976 κατὰ
552 3921 717 3989 μέρος
747 3919 1002 3988 ἐροῦμεν,
1035 3917 1110 3980 ὡς
1146 3917 1531 3987 ἐξισχὺσυμεν⁹
1587 3917 1866 3988 ἐξαίρετος
1899 3917 1957 3972 δὲ

363 4015 597 4069 πάντων
628 4013 744 4064 ἐστὶ
769 4011 864 4063 καὶ
885 4013 917 4079 ἡ
956 4009 1110 4080 παρὰ
1137 4008 1232 4063 τοῦ
1263 4009 1516 4079 Σωτῆρος
1542 4010 1676 4080 ἡμῖν
1704 4012 1762 4063 ἐν
1782 4009 1960 4077 Εὐαγ-

360 4105 582 4174 γελίοις
610 4103 859 4165 δοθεῖσα,
889 4105 1068 4156 πᾶσαν
1117 4102 1448 4171 περιέχουσα
1497 4101 1557 4154 ἐν
1611 4099 1804 4169 βραχεῖ
1856 4100 1957 4169 τὴν

364 4197 746 4266 εὐαγγελικὴν
776 4193 979 4263 γνῶσίν
1009 4211 1069 4247 τε
1105 4195 1200 4247 καὶ
1229 4193 1483 4260 δύναμιν,
1533 4192 1627 4245 κα)⁵
1658 4193 1690 4261 ἡ
1716 4191 1811 4244 τοῦ
1841 4193 1958 4246 Κυ-

363 4290 493 4360 ρίου
529 4286 688 4357 ήμῶν
723 4284 901 4355 Ἰησοῦ
927 4282 1166 4355 Χριστοῦ
1198 4283 1292 4337 τοῦ
1315 4281 1450 4337 Υἱοῢ
1481 4282 1576 4334 τοῦ
1607 4280 1742 4334 Θεοῦ
1779 4297 1956 4350 σωτη-

358 4379 576 4452 ριώδης
622 4377 931 4444 ἐπίκλησις,
977 4373 1107 4445 περὶ
1151 4369 1223 4446 ἦς
1263 4373 1364 4444 μὲν
1391 4373 1488 4426 καὶ
1518 4371 1738 4437 πολλοῖς
1771 4370 1956 4449 ᾅλλοις

357 4467 680 4534 »πεπόνηται
725 4464 836 4518 τῶν
878 4463 1043 4517 ὁσίων
1081 4463 1241 4533 ἡμῶν
1279 4461 1564 4533 Πατέρων,
1593 4459 1674 4532 τῷ
1713 4478 1776 4515 τε
1820 4476 1960 4532 χρυ-

359 4559 678 4630 σορῤήμονι
714 4557 894 4628 Πατρὶ
929 4556 990 4609 ἐν
1035 4557 1185 4624 τρισὶ
1233 4555 1416 4623 λόγοις
1469 4554 1600 4624 περὶ
1649 4555 1750 4623 1τῆς
1803 4553 1957 4619 θείας

287 4679 294 4685 -
356 4653 577 4718 ταύτης
612 4650 925 4719 προσευχῆς
954 4647 1248 4712 διδάξαντι,
1279 4648 1374 4700 καὶ
1404 4646 1482 4716 τῷ
1531 4646 1632 4715 τῆς
1667 4645 1957 4715 Κλίμακος

2127 3651 2383 3719 precatio.

2131 3823 2272 3880 Sunt
2297 3823 2516 3894 quidem
2541 3821 2724 3893 plures
2749 3819 3032 3875 orationes
3063 3821 3132 3875 de
3157 3819 3354 3888 quibus
3402 3817 3640 3886 singula-

2061 3917 2159 3974 tim
2208 3917 2477 3982 dicemus,
2517 3921 2680 3985 prout
2741 3913 3088 3983 poterimus;
3151 3911 3395 3966 omnium
3453 3919 3635 3964 autem

2057 4009 2333 4079 pracipua
2375 4017 2458 4062 est
2489 4020 2554 4062 ea
2589 4020 2710 4076 quae
2737 4021 2767 4058 a
2799 4004 3082 4060 Salvatore
3109 4011 3296 4057 nostro
3355 4001 3409 4055 in
3462 4001 3641 4055 Evan-

2055 4099 2210 4170 geliis
2239 4099 2432 4154 tradita
2458 4101 2576 4166 luit,
2599 4107 2768 4153 totam
2794 4099 2848 4152 in
2878 4096 3066 4166 paucis
3093 4096 3428 4164 amplectens
3457 4093 3639 4148 Evan-

2058 4191 2186 4260 gelii
2213 4191 2462 4246 notitiam
2523 4205 2586 4245 ac
2639 4193 2915 4252 virtutem,
2947 4189 3004 4242 et
3039 4186 3249 4242 Domini
3288 4187 3463 4240 nostri
3505 4185 3638 4240 Jesn

2057 4280 2261 4337 Chrisd
2293 4280 2418 4336 Filii
2451 4282 2543 4336 Dei
2578 4281 2832 4336 salutaris
2885 4279 3156 4336 invocatio
3210 4278 3299 4334 cui
3335 4277 3487 4331 multi
3542 4278 3635 4332 alii
3700 4341 3707 4352 ε

2057 4381 2370 4428 sanctorum
2430 4372 2653 4428 Patrum
2695 4382 3008 4427 nostrorum
3067 4370 3338 4427 dederunt
3398 4383 3640 4438 operam,

2057 4479 2258 4534 nempe
2304 4466 2658 4537 chrysologus
2688 4464 2849 4520 Pater
2891 4463 2983 4530 qui
3015 4463 3085 4518 de
3134 4463 3238 4518 hac
3287 4463 3540 4517 oratione
3585 4461 3640 4523 in

2059 4561 2240 4616 tribus
2273 4560 2628 4616 sermonibus
2667 4561 2833 4615 verba
2869 4557 3016 4624 fecit,
3048 4571 3262 4612 necnon
3296 4557 3455 4610 divus
3516 4555 3642 4610 seu

2060 4651 2228 4707 larius
2279 4650 2558 4722 (Joannes
2608 4650 2931 4719 Climacus)
2970 4657 3024 4703 et
3072 4657 3253 4703 asceta
3301 4646 3644 4716 Nit-epliorus

361 4741 646 4812 οεοφόρῳ,
678 4743 773 4794 καὶ
799 4739 1100 4811 Νικηφὸρῳ
1128 4741 1366 4809 ἀσκητῇ,
1394 4739 1488 4793 καὶ
1516 4739 1682 4809 210
1708 4738 1951 4809 Διαδὸχῳ

2059 4755 2112 4800 et
2152 4742 2463 4798 Diadochus
2519 4742 2574 4796 in
2627 4751 2814 4798 saneta
2877 4741 3112 4796 Photicae
3157 4740 3285 4795 sede
3328 4741 3642 4811 episcopus,

357 4834 449 4902 τῷ
485 4835 546 4886 ἐν
579 4830 759 4900 ἁγίοις
794 4831 1038 4901 Φωτινῆε
1067 4821 1305 4884 inter“:
1323 4850 1371 4898 ρ.
1421 4830 1514 4887 καὶ
1543 4829 1767 4898 Συμεὼν
1822 4829 1954 4898 ὁσίῳ

357 4925 448 4995 τῷ
475 4925 584 4994 νέῳ
615 4923 872 4990 θεολόγῳ,
902 4923 998 4976 καὶ
1040 4921 1249 4986 λοιποῖς
1285 4922 1488 4987 ἄλλοις,
1532 4922 1701 4988 ἀξίως
1744 4922 1839 4975 τοῦ
1896 4925 1955 4976 ἐν

360 5019 563 5076 αὐτοτς
592 5011 726 5070 Θεοῦ
764 5015 1104 5083 Πνεύματος·
1137 5014 1260 5068 ἐπεὶ
1300 5015 1396 5066 καὶ
1429 5016 1462 5083 ή
1500 5013 1780 5086 προσευχὴ
1813 5013 1953 5084 αὕτη

359 5113 426 5165 ἐν
461 5108 608 5178 ἀγίῳ
635 5108 858 5176 λέγεται
887 5106 1194 5176 Πνεύματι,
1221 5108 1294 5168 ὡς
1320 5107 1416 5159 καὶ
1445 5108 1472 5160 6
1508 5105 1722 5169 Παῦλός
1761 5122 1951 5175 φησιν,

366 5223 388 5255 ι
427 5201 626 5264 Οὐδεὶς
671 5201 891 5254 δύναται
940 5202 1113 5254 εἰπεῖν
1163 5199 1365 5269 Κύριον
1398 5197 1628 5270 Ἰησοῦν,
1684 5199 1731 5250 εί
1764 5197 1841 5269 μὴ
1892 5199 1950 5251 ἐν

365 5293 658 5360 ιινεύματι
687 5294 880 5364 ἁγῖῳ.ι
908 5293 1016 5346 Καὶ
1041 5294 1105 5346 ἐκ
1129 5292 1223 5345 τοῦ
1268 5289 1404 5344 Θεοῦ
1435 5293 1582 5345 ἐστιν
1613 5291 1641 5341 ὁ
1664 5290 1838 5358 λέγων
1864 5292 1963 5344 αὺ-

360 5387 502 5456 τήν.
545 5403 564 5436 ι
597 5385 709 5438 Πᾶν
739 5387 868 5456 γὰρ,
915 5385 1070 5454 φησὶ,
1105 5383 1344 5452 πνεῦμα,
1391 5382 1419 5436 ὃ
1466 5383 1721 5452 ὁμολογεῖ
1750 5380 1958 5452 Κύριον

374 5475 603 5545 Ἰησοῦν
636 5477 868 5547 Χριστὸν
917 5478 974 5530 ἐν
1016 5477 1180 5546 σαρκὶ
1213 5474 1526 5546 ἐληλυθότα,
1577 5479 1640 5531 ἐκ
1694 5475 1787 5530 τοῦ
1820 5475 1958 5531 Θεοῦ

360 5586 549 5624 εστιν.
598 5589 617 5620 ι

2057 4851 2122 4890 ac
2155 4845 2377 4890 sanctus
2405 4835 2627 4890 Simeon
2660 4847 2839 4890 novus
2869 4833 3150 4904 theologus
3192 4833 3394 4905 aliique
3425 4834 3636 4900 caeteri,

2057 4929 2222 4998 digne
2254 4928 2422 4984 locuti
2477 4927 2664 4982 divino
2695 4929 2748 4981 in
2780 4929 2860 4982 eis
2887 4927 3170 4982 habitante
3226 4924 3453 4996 Spiritu,
3503 4943 3655 4996 quo-_

2054 5021 2201 5077 niam
2227 5020 2409 5075 divina
2440 5020 2619 5075 oratio
2649 5019 2845 5076 dicitur
2873 5020 2926 5074 in
2957 5020 3142 5074 divino
3167 5020 3397 5089 Spiritu,
3427 5035 3629 5088 quem-

2063 5113 2355 5168 admodum
2435 5112 2574 5168 dixit
2649 5111 2853 5167 Paulus
2897 5130 2911 5166 :
2949 5131 2966 5164 ι
3003 5112 3176 5166 Nemo
3231 5122 3407 5182 potest
3462 5111 3641 5166 dicere

2064 5205 2248 5261 Jesutu
2282 5203 2586 5272 Christum,
2632 5207 2737 5260 nisi
2783 5206 2835 5259 in
2879 5201 3086 5273 Spiritu
3126 5215 3340 5257 sancto.
3383 5221 3402 5253 ι
3457 5201 3523 5255 Ει
3575 5217 3639 5263 εκ

2064 5298 2177 5353 Deo
2203 5307 2286 5352 est
2320 5298 2409 5368 qui
2443 5297 2572 5352 dicit
2598 5313 2737 5352 eam.
2772 5298 2862 5350 Ait
2889 5297 3033 5350 enim
3067 5313 3080 5350 :
3122 5313 3138 5346 ι
3173 5294 3365 5349 Omnis
3412 5294 3642 5363 spiritus
3727 5340 3730 5344 .

2064 5391 2158 5461 qui
2193 5390 2485 5445 conﬁtetur
2513 5391 2801 5443 Dominum
2830 5388 3015 5443 Jesutu
3049 5385 3327 5442 Christum
3361 5387 3415 5440 in
3473 5399 3640 5448 came

2063 5480 2299 5560 venisse,
2329 5497 2394 5537 ex
2429 5481 2536 5538 Deo
2581 5490 2685 5536 est.
2729 5497 2750 5534 ο
