4126 6268
375 303 475 365 Ξ.ἄὲ
1500 296 1603 359 DE
1640 295 1881 359 SACRA
1922 295 2221 357 PRECAT
2232 295 2435 357 IGNE.
2903 296 2931 317 ‘

3529 295 3635 357 ειν

375 415 463 466 καὶ
494 407 786 478 ἁμαρτιῶν
819 388 1219 476 ἀπολύτρωσις,
1263 405 1359 458 καὶ
1409 404 1600 476 ψυχῶν
1631 408 1727 459 καὶ
1758 403 1948 472 σωμά-

2063 419 2086 457 a
2119 405 2383 473 peccatis.
2435 402 2744 460 animarqu
2776 410 2833 460 et
2876 418 3171 474 corporum
3224 403 3518 473 medicina,
3545 407 3634 462 di-

378 522 476 556 εων
523 500 977 572 θεραπευτήρων,
1022 498 1117 550 καὶ
1151 497 1439 567 φωτισμοῦ
1491 495 1636 549 θείου
1694 497 1953 566 χορηγὸς,

376 593 467 646 καὶ
529 592 712 651 ἐλέους
765 587 902 642 Θεοῦ
964 588 1194 660 βρύσις,
1251 589 1344 641 καὶ
1404 585 1809 656 ἀποκαλύψεων
1862 586 1959 638 καὶ

375 685 631 755 μυήσεων
685 680 846 734 θείων
899 681 956 732 ἐν
1006 679 1333 734 ταπεινώσει
1385 679 1709 751 βραϐευτὴς,
1760 681 1854 733 καὶ
1898 679 1958 731 τὸ

375 777 537 846 μόνον
576 774 865 849 σωτήριον,
898 773 1019 825 ἐπεὶ
1046 773 1139 826 καὶ
1165 771 1225 826 τὸ
1250 773 1515 843 σωτήριον
1548 772 1705 842 φέρει
1726 772 1785 824 ἐν
1819 772 1955 843 αὐτῇ

379 869 464 921 τοῦ
498 866 631 919 Θεοῦ
664 866 819 935 ἡμῶν
856 865 1047 933 ὄνομαο
1089 863 1117 916 6
1168 864 1232 932 δὴ
1277 864 1338 916 τὸ
1389 864 1554 933 μόνον
1582 865 1742 935 211
1787 864 1958 931 ὅνομά

376 961 493 1013 ἐστι
522 959 579 1011 τὸ
610 957 904 1028 ἐπικληθὲν
936 958 1015 1019 είς
1048 958 1218 1026 ἡμᾶς,
1245 954 1422 1026 Ἰησοῦ
1440 957 1678 1026 Χριστοῦ
1707 955 1803 1010 τοῦ
1825 957 1954 1010 Υἱοῦ

377 1053 472 1106 τοῦ
510 1050 669 1105 Θεοῦ.
713 1052 821 1105 Καὶ
852 1051 954 1104 οὐκ
1000 1050 1151 1103 ἐστιν
1198 1052 1255 1102 ἐν
1288 1051 1466 1103 οὐδενὶ
1514 1049 1662 1120 ἄλλῳ
1715 1049 1955 1119 σωθῆναι

377 1146 545 1214 ἡμεῖς,
605 1142 678 1204 ὥς
726 1160 891 1213 φησιν
932 1140 1332 1206 ὁἈπόστολος.
1386 1142 1476 1195 Διὸ
1531 1144 1628 1197 καὶ
1677 1146 1954 1214 προσευχὴ

378 1239 546 1301 ἐστιν,
576 1240 654 1292 ὅτι
680 1239 737 1290 ἐν
767 1237 904 1308 αὐτῇ
933 1237 1024 1290 τὸν
1054 1239 1197 1290 θεῖον
1226 1236 1595 1307 ἐπιζητοῦμεν
1622 1236 1772 1290 ἔλεον
1795 1254 1810 1270 ’
1859 1237 1957 1291 καὶ

377 1330 534 1401 εὐχὴ,
565 1332 647 1383 ὅτι
682 1330 993 1400 παρέχομεν
1021 1330 1249 1393 ἐαυτοὺς
1285 1329 1519 1400 Χριστῷ,
1540 1331 1634 1383 διὰ,
1667 1331 1766 1401 τῆς
1788 1329 1956 1384 αὑτοῦ

380 1422 727 1489 ἐπικλήσεως
750 1438 765 1453 ο
807 1423 902 1475 καὶ
930 1421 1215 1491 ὁμολογία,
1252 1422 1334 1474 ὅτι
1364 1421 1523 1477 τοῦτο
1550 1421 1895 1492 ὁμολογήσας
1930 1424 1958 1475 6

377 1513 606 1583 Πέτρος,
646 1513 1058 1583 μεμακάρισται
1082 1530 1096 1543 ·
1131 1514 1225 1565 καὶ
1256 1511 1573 1582 Πνεύματος
1620 1514 1955 1583 παρεκτικὴ,

376 1605 458 1658 δτι
492 1623 510 1656 ‹
538 1605 727 1666 Οὐδεὶς
751 1605 900 1671 λέγει
927 1603 1131 1671 Κύριον
1168 1604 1395 1674 Ἰησοῦν,
1418 1607 1467 1657 εί
1498 1606 1572 1675 μὴ
1600 1608 1655 1656 ὲν
1679 1606 1959 1675 Πνεύματι

377 1696 540 1764 ἁγίαν
567 1714 587 1748 ι
624 1696 718 1750 καὶ
749 1695 967 1765 δωρεῶν
1001 1695 1159 1749 θείων
1187 1697 1445 1781 χορηγὸς,
1490 1698 1571 1750 ὅτι
1595 1697 1724 1751 (Διὰ
1753 1699 1958 1767 ταύτην

2061 494 2169 548 vini
2209 495 2432 549 luminis
2463 495 2708 567 largitor,
2745 495 3135 561 misericordiae
3180 496 3275 553 Dei
3328 499 3632 569 scaturigo.

2058 602 2385 642 arcanorum
2440 589 2937 660 mysteriorumque
2977 591 3242 646 revelatio
3299 592 3633 662 divinorum,

2058 681 2232 734 solum
2282 682 2541 744 salutare.
2603 682 2863 752 quoniam
2897 684 2951 737 in
3001 698 3061 738 se
3105 685 3351 741 continet
3393 686 3635 743 salutare

2058 789 2261 828 nomen
2297 773 2392 828 Dei
2439 776 2635 836 nostri.
2664 775 2804 845 quod
2866 775 3040 829 solum
3075 792 3276 833 nomen
3330 788 3417 833 est
3471 792 3638 848 super

2059 882 2156 921 nos
2206 866 2516 920 invocatum
2556 864 2683 921 Jesu
2717 867 2921 922 Christi
2972 868 3092 922 Filii
3142 867 3257 934 Dei,
3295 879 3350 927 et
3401 885 3513 925 non
3544 880 3632 926 est

2057 958 2203 1012 aliud
2237 971 2431 1012 nomen
2472 959 2524 1011 in
2575 973 2684 1027 quo
2715 968 2966 1027 Oporteat
2991 974 3087 1015 nos
3117 961 3296 1016 salvos
3326 959 3466 1024 ﬁeri,
3508 975 3636 1031 per-

2059 1048 2187 1109 inde
2244 1063 2310 1102 ac
2355 1048 2492 1102 dixit
2520 1047 2839 1116 Apostolus.
2888 1048 3014 1104 ideo
3041 1059 3123 1105 est
3153 1051 3350 1116 oratio,
3375 1055 3637 1121 quoniam

2060 1141 2114 1194 in
2147 1156 2207 1194 ea
2251 1140 2490 1195 divinum
2540 1140 2897 1211 imploramus
2933 1141 3389 1210 misericordiam,
3417 1152 3501 1199 est
3541 1159 3641 1199 voc

2060 1241 2196 1297 tum,
2229 1229 2486 1300 quoniam
2521 1246 2618 1301 per
2664 1230 3067 1285 invocationem
3104 1233 3220 1302 ejus
3255 1232 3365 1288 Deo
3392 1242 3641 1288 nosmet—

2061 1324 2209 1393 ipsos
2238 1323 2648 1393 maneipamus;
2686 1331 2771 1377 est
2805 1323 3115 1390 confessio,
3146 1324 3402 1393 quoniam
3445 1324 3641 1380 Petrus

2062 1415 2165 1469 hoc
2218 1416 2506 1469 confessus
2539 1415 2732 1469 beatus
2767 1414 3076 1469 declaratus
3106 1426 3230 1481 est;
3287 1426 3373 1470 est
3401 1414 3641 1487 Spiritus

2060 1505 2305 1576 largitor,
2352 1508 2608 1575 quoniam
2664 1522 2829 1561 nemo
2879 1518 3063 1577 potest
3113 1508 3297 1564 dicere
3349 1508 3638 1565 Dominum

2058 1596 2244 1653 Jesum
2280 1598 2381 1653 nisi
2412 1599 2464 1651 in
2498 1597 2708 1667 Spiritu
2740 1609 2960 1666 sancto;
2998 1610 3080 1655 est
3106 1600 3414 1656 divinorum
3454 1617 3645 1656 mune-

2062 1708 2181 1746 rum
2212 1693 2392 1754 dator,
2426 1693 2686 1761 quoniam
2721 1702 2947 1762 prepter
2977 1708 3119 1759 eam,
3183 1711 3202 1745 ι
3242 1694 3390 1749 Dabo
3427 1693 3542 1760 tibi,
3562 1696 3645 1749 ait

376 1790 534 1841 δώσω
562 1804 665 1851 σοι,
692 1786 769 1857 τῷ
794 1787 987 1857 Πέτρῳ
1015 1789 1179 1858 φησιν
1203 1789 1231 1839 6
1262 1774 1518 1858 Χριστὸς,
1551 1790 1651 1851 τὰς
1678 1790 1827 1852 κλεῖς
1852 1789 1955 1851 τῆς

2063 1784 2308 1839 Christus
2341 1782 2523 1845 Petro.
2550 1784 2733 1839 claves
2763 1784 2913 1856 regni
2944 1786 3240 1850 caelorum;
3278 1806 3296 1838 ι
3333 1797 3415 1841 est
3445 1802 3644 1842 emun-

382 1878 664 1947 βασιλείας
697 1878 805 1930 τῶν
838 1878 1138 1948 οὐρανῶν-ι
1177 1880 1269 1933 καὶ
1296 1880 1564 1949 κάθαρσις
1597 1882 1848 1951 καρδίας,
1879 1883 1961 1935 ὅτι

375 1975 468 2025 τὸν
505 1970 639 2023 Θεὸν
667 1972 893 2047 ὁρᾷκαὶ
923 1972 1080 2025 καλεῖ
1118 1975 1209 2025 καὶ
1247 1973 1500 2047 καθαίρει
1536 1976 1626 2028 τὸν
1663 1976 1955 2045 βλέποντω

379 2064 474 2115 καὶ
526 2062 709 2128 δίωξις
754 2063 1062 2131 δαιμόνων,
1115 2065 1197 2117 ὅτι
1254 2067 1312 2119 ἐν
1364 2064 1444 2134 τῷ
1496 2067 1718 2134 ὀνόματι
1785 2068 1959 2138 Ἰησοῦ

328 2202 329 2205 η
379 2151 621 2220 Χριστοῦ
657 2151 997 2222 ἐδιώχθησαν
1040 2154 1136 2206 καὶ
1182 2154 1467 2209 διώκονται
1500 2160 1701 2217 πάντες
1753 2160 1802 2209 οἱ
1850 2160 1964 2212 δαί-

385 2259 567 2312 μονες·
606 2247 699 2296 καὶ
732 2244 1008 2315 ἐνοίκησις
1042 2245 1302 2315 Χριστοῦ,
1336 2248 1417 2300 ὅτι
1460 2250 1527 2319 τῇ
1564 2248 1729 2302 αὑτοῦ
1762 2250 1955 2320 μνήμῃ

380 2335 409 2387 6
436 2334 667 2402 Χριστός
702 2335 849 2387 ἐστιν
873 2336 929 2388 ἐν
952 2337 1102 2405 ἡμῖν,
1128 2337 1222 2390 καὶ
1249 2337 1338 2390 διὰ
1367 2339 1465 2407 τῆς
1494 2338 1715 2409 μνήμης
1742 2341 1963 2404 ἐνοικεῖ,

383 2427 477 2480 καὶ
508 2426 847 2497 εὐφροσύνης
877 2426 1100 2497 πληροῖ.
1128 2447 1145 2479 ι
1179 2425 1494 2499 Ἐμνήσθην
1516 2430 1646 2498 γὰρ,
1684 2432 1839 2502 φησὶ,
1869 2431 1964 2484 τοῦ

387 2515 522 2570 Θεοῦ
544 2522 635 2571 καὶ
656 2518 987 2589 εὐφράνθην.
1022 2540 1040 2573 ι
1075 2521 1186 2573 Καὶ
1207 2522 1593 2591 πνευμττικῶν
1622 2523 1841 2576 ἐννοιῶν
1869 2527 1963 2577 καὶ

389 2606 663 2678 λογισμῶν
689 2606 803 2663 ἐστι
837 2612 1009 2680 πηγὴ,
1039 2614 1120 2665 ὄτι
1154 2613 1392 2682 Χριστός
1426 2614 1576 2673 ἐστιν
1609 2616 1636 2668 6
1682 2614 1960 2686 Oqsaup6;

389 2700 568 2770 πάσης
598 2703 787 2770 σοφίας
819 2702 916 2756 καὶ
963 2704 1216 2772 γνώσεως
1253 2743 1269 2768 ,
1317 2706 1409 2759 καὶ
1434 2701 1513 2767 οἷς
1553 2708 1752 2761 ἐνοικεῖ
1795 2708 1969 2763 ταῦτα

384 2796 632 2864 χορηγεῖ’
669 2798 763 2847 καὶ
791 2796 1511 2866 ἁμαρτιῶψάπολύτρωσις,
1537 2800 1618 2852 ὅτι
1650 2800 1719 2853 δι’
1755 2800 1926 2867 αὐτὴν
1947 2839 1963 2864 ,

390 2886 565 2939 «Ὅσα
593 2885 802 2953 λύσεις,
833 2889 1020 2957 φησιν,
1046 2888 1199 2942 ἔσται
1219 2888 1484 2957 λελυμένα
1517 2892 1575 2946 ἐν
1593 2890 1670 2960 τῷ
1694 2890 1959 2959 οὐρανῷ-ι

382 2978 480 3031 καὶ
524 2977 712 3048 ψυχῶν
763 2978 1163 3048 καὶ’σωμάτων
1200 2981 1659 3052 θεραπευτήρων,
1691 2985 1793 3050 ὅτι,
1833 3002 1850 3035 ι
1876 2985 1966 3037 Ἐν

383 3068 462 3142 τῷ
487 3071 712 3141 ὀνόματι
755 3072 935 3139 Ἰησοῦ
963 3073 1202 3142 Χριστοῦ
1245 3074 1456 3143 ἔγειραι
1485 3078 1579 3128 καὶ
1611 3078 1959 3146 separatu,»
1988 3105 2033 3167 Ο

385 3161 543 3231 φησί·
578 3162 693 3226 καὶ,
733 3162 954 3221 «Αἰνέα,
992 3161 1139 3215 ἰᾶταί
1168 3180 1226 3214 σε
1271 3164 1476 3231 Ἰησοῦς
1500 3167 1526 3216 6
1554 3165 1841 3235 Χριστός»
1866 3167 1961 3218 καὶ.

386 3250 670 3320 φωτιτμοῦ
705 3253 849 3305 θείου
902 3253 1160 3322 χορηγὸς,
1210 3255 1293 3306 ὅτι
1349 3256 1583 3323 Χριστὸς
1628 3256 1688 3309 τὸ
1732 3257 1847 3323 φῶς
1903 3257 1960 3310 τὸ

385 3341 639 3409 ἀληθινόν
667 3344 801 3408 ἐστι,
859 3344 1077 3414 καὶτῆς
1105 3344 1490 3417 λαμπρότητος
1539 3346 1710 3400 αὐτοῦ
1740 3354 1833 3400 καὶ
1864 3349 1961 3416 χά-

390 3438 543 3505 ριτος
571 3435 897 3504 μεταδίδωσι
921 3439 1031 3500 τοῖς
1079 3438 1241 3490 αὐτὸν
1290 3439 1760 3513 ἐπικαλουμένοις.
1796 3459 1814 3492 ι
1852 3441 1960 3493 Καὶ⁵

390 3524 554 3592 ἔστω,
584 3528 768 3595 φησὶν,
796 3528 826 3596 ἡ
849 3524 1168 3597 λαμπρότης
1194 3528 1399 3598 Κυρίου
1421 3530 1515 3583 τοῦ
1537 3529 1669 3583 Θεοῦ
1693 3531 1850 3600 ἡμῶν
1877 3531 1961 3599 ἐφ’

388 3616 591 3687 ἡμᾶς’»
629 3620 746 3685 καὶ,
790 3636 810 3670 ι
858 3618 917 3672 '0
949 3619 1259 3674 ἀκολουθῶν
1287 3621 1412 3692 ἐμοὶ¹
1456 3621 1569 3687 ἕξει
1597 3622 1655 3675 τὸ
1695 3622 1808 3692 φῶς
1863 3622 1961 3692 τῆς

288 3760 291 3763 ,
387 3709 557 3778 ζωῆς,
579 3730 597 3762 ι
625 3711 721 3764 καὶ
743 3712 928 3776 ἐλέους
954 3712 1100 3765 θείου
1128 3712 1341 3786 βρύσις,
1364 3715 1447 3768 ὅτι
1479 3715 1567 3768 τὸν
1601 3715 1743 3769 ἔλεον
1773 3716 1962 3785 ζητοῦ-

390 3817 490 3885 μιν
515 3817 530 3832 ·
562 3803 655 3855 καὶ
686 3802 932 3873 ἐλεήμων
973 3806 1000 3858 6
1045 3806 1270 3876 Κύριος.
1320 3807 1414 3859 καὶ
1462 3809 1723 3879 οἰκτείρει
1757 3810 1961 3873 πάντας

387 3892 515 3954 τοὺς
543 3891 1006 3963 ἐπικαλουμένους
1029 3895 1191 3949 αὐτόν
1217 3911 1228 3924 ·
1261 3897 1357 3949 καὶ
1386 3900 1530 3951 ποιεῖ
1560 3894 1656 3967 τῆν
1686 3899 1962 3969 ἐκδίκησιν
1996 3944 2005 3954 .

387 3985 447 4035 ἐν
475 3985 627 4052 τάχει
664 3983 772 4036 τῶν
817 3983 1065 4052 βοώντων
1117 3985 1254 4052 πρὸς
1306 3988 1487 4040 αὐτόν·
1543 3989 1636 4042 καὶ
1683 3991 1961 4045 ἀποκαλύο

383 4074 534 4144 ψεων
559 4076 654 4129 καὶ
694 4077 948 4145 μυήσεων
982 4077 1142 4132 θείων
1170 4078 1478 4152 βραὸευτὴς
1518 4081 1631 4142 τοῖς
1661 4083 1961 4147 ταπεινοῖς,

385 4166 468 4222 ὅτι
510 4170 604 4221 καὶ
635 4166 712 4238 τῷ
758 4168 905 4222 ἁ).ιεί
930 4169 1119 4241 Πέτρῳ
1152 4168 1290 4242 αὕτη
1331 4170 1536 4224 δέδοται
1567 4172 1632 4224 δι’
1680 4171 1960 4225 ἀποκαλύ-

382 4257 533 4330 ψεως
560 4258 654 4313 τοῦ
680 4262 739 4314 ἐν
765 4262 1013 4331 οὐρανοῖς
1043 4263 1276 4332 Πατρός.
1336 4262 1444 4317 Καὶ
1488 4262 1693 4327 Παῦλος
1733 4263 1958 4334 ἡρπάγη

384 4353 446 4405 ἐν
476 4350 721 4422 Χριστῷ,
752 4346 848 4408 καὶ
889 4355 1290 4425 ἀποκαλύψεων
1318 4356 1519 4426 ἤκουσε
1545 4368 1560 4386 °
1608 4358 1701 4409 καὶ
1728 4360 1957 4411 πάντοτε

2065 1877 2212 1930 datio
2257 1876 2457 1940 cordis,
2494 1876 2756 1945 quoniam
2786 1876 2966 1932 Deum
3011 1878 3155 1931 videt
3194 1888 3249 1931 et
3298 1878 3515 1933 invocat
3549 1879 3641 1948 qui

2065 1976 2406 2035 spectantem
2443 1975 2673 2036 purgat;
2710 1976 2794 2021 Cri.
2828 1967 3136 2023 daemonum
3168 1971 3467 2038 propulsio,
3507 1984 3645 2041 quo-

2064 2057 2208 2111 niam
2250 2058 2304 2112 in
2336 2058 2562 2113 nomine
2601 2056 2729 2112 Jesu
2777 2058 2983 2114 Christi
3033 2060 3430 2128 propulsantur
3458 2073 3514 2115 et
3551 2077 3645 2118 ar-

2010 2144 2019 2149 ’
2065 2163 2256 2205 eentur
2293 2150 2571 2221 daemones
2622 2152 2859 2206 universi
2888 2169 2903 2219 ;
2937 2163 3019 2207 est
3055 2153 3378 2209 inhabitatio
3406 2154 3635 2219 Christi,

2066 2236 2323 2302 quoniam
2362 2252 2457 2303 per
2492 2238 2611 2304 ejus
2643 2240 2960 2292 memoriam
3000 2240 3250 2295 Christus
3279 2253 3363 2297 εει
3396 2242 3448 2296 in
3481 2244 3643 2301 nobis

2068 2334 2124 2377 et
2181 2316 2428 2381 innubis
2483 2326 2691 2382 habitat
2744 2343 2807 2383 ac
2854 2328 3039 2385 laetitia
3086 2331 3290 2400 replet;
3343 2332 3420 2395 ait
3451 2333 3640 2389 enim:

2072 2439 2089 2471 ι
2128 2414 2466 2475 Recordatus
2511 2436 2630 2475 sum
2668 2422 2760 2475 Dei
2805 2432 2860 2476 et
2902 2424 3112 2479 laetatus
3146 2441 3301 2489 sum;
3344 2446 3362 2478 ι
3404 2426 3526 2483 fons
3560 2437 3645 2482 est

2068 2507 2458 2576 cogitationum
2503 2517 2557 2562 et
2601 2511 2955 2566 coosiliorum
2995 2514 3347 2583 spiritalium,
3383 2517 3642 2585 quoniam

2067 2596 2321 2652 Christus
2350 2598 2647 2652 thesaurus
2676 2610 2762 2655 est
2789 2604 2968 2656 omnis
3005 2605 3289 2672 sapient‘aa
3311 2620 3368 2661 et
3396 2606 3641 2663 scientia:

2067 2706 2205 2760 quas
2229 2690 2306 2745 eis
2338 2689 2390 2743 in
2419 2692 2617 2761 quibus
2664 2692 2873 2749 habitat
2914 2694 3194 2765 impertit;
3227 2707 3308 2754 est
3340 2698 3643 2769 redemptio

2068 2798 2096 2839 a
2149 2784 2408 2853 peccatis,
2437 2785 2717 2854 quoniam,
2772 2797 2993 2856 pmpter
3044 2806 3185 2856 eam,
3245 2810 3262 2842 ι
3294 2790 3647 2862 ρυςοευηιιιιε

2069 2877 2317 2943 solveris,
2338 2878 2535 2947 inquit,
2553 2879 2833 2935 solventur
2851 2881 2903 2934 in
2928 2882 3079 2938 coelis
3098 2900 3111 2949 ;
3129 2902 3147 2933 ›
3172 2893 3252 2938 est
3269 2885 3570 2940 animarum
3588 2895 3645 2941 et

2070 2983 2358 3037 corporum
2411 2970 2700 3035 medicina,
2731 2973 2988 3043 quoniam
3033 2975 3218 3030 dixit:
3257 2996 3274 3028 ι
3325 2979 3380 3031 ln
3425 2980 3645 3033 nomine

2068 3056 2192 3113 Jesu
2217 3060 2419 3116 Christi
2453 3078 2615 3134 surge
2646 3072 2699 3117 et
2734 3066 2995 3134 ambula;
3029 3086 3048 3119 ι
3081 3076 3135 3123 ει
3171 3085 3184 3121 :
3223 3088 3242 3119 ι
3265 3068 3456 3134 ιΕιιεο,
3491 3082 3644 3126 sanat

2070 3156 2121 3202 te
2174 3146 2433 3205 Dominus
2462 3150 2620 3207 Jesus
2671 3152 2963 3221 Christus;
3006 3174 3027 3208 ι
3057 3165 3141 3211 εει
3192 3157 3359 3211 divini
3416 3159 3642 3213 luminis

2071 3240 2288 3304 eﬁusio,
2333 3242 2588 3309 quoniam
2632 3242 2884 3301 Christus
2930 3255 3014 3301 est
3064 3247 3153 3301 lux
3184 3263 3327 3323 vera,
3379 3262 3644 3317 suamque

2071 3331 2243 3387 lurcm
2277 3341 2330 3388 et
2360 3335 2590 3404 gratiam
2644 3338 3015 3394 communicat
3066 3339 3446 3397 invocantibus
3490 3356 3642 3397 eum.

2074 3442 2091 3474 ι
2132 3424 2196 3477 Ει
2230 3425 2322 3490 εἰ,
2359 3425 2561 3494 inquit,
2605 3429 2862 3497 Splendor
2892 3429 3105 3486 Domini
3144 3434 3235 3488 Dei
3276 3435 3446 3489 noszri
3479 3449 3644 3504 super

2069 3529 2199 3582 nos;
2225 3534 2242 3565 ι
2268 3525 2323 3570 ει
2351 3535 2364 3570 :
2392 3536 2408 3565 ι
2433 3518 2536 3584 Qui
2553 3521 2797 3589 sequitur
2816 3537 2902 3577 me
2919 3538 3028 3577 non
3047 3526 3284 3582 ambulat
3306 3527 3356 3583 iu
3377 3531 3643 3591 tenebris.

2069 3606 2161 3661 sed
2198 3609 2415 3663 hahehit
2456 3610 2639 3666 lumen
2670 3613 2831 3681 vitm;
2864 3632 2882 3665 ι
2914 3626 2997 3669 εει
3028 3617 3222 3672 divinae
3252 3620 3644 3676 misericordias

2069 3701 2368 3768 scaturigo.
2411 3703 2667 3770 quoniam
2726 3703 3029 3774 ﬂagitamus
3086 3708 3533 3778 misrricordiun,
3588 3724 3641 3767 et

2070 3789 2384 3844 misericors
2421 3800 2507 3846 est
2546 3791 2832 3857 Dominus,
2859 3805 2913 3848 et
2943 3797 3230 3853 misere'ur
3273 3803 3518 3856 omnium
3545 3803 3640 3872 qui

2070 3882 2327 3938 invocant
2352 3900 2501 3951 eum,
2530 3895 2587 3941 et
2615 3887 2728 3943 cito
2770 3886 2933 3944 faciet
2966 3891 3236 3960 judicium
3286 3896 3639 3951 clamantium

2068 3975 2132 4029 ad
2165 3990 2325 4041 eum;
2360 3991 2557 4032 arcana
2601 3989 2658 4034 et
2706 3983 2961 4052 mysteria
2992 3983 3175 4038 divina
3222 3985 3521 4043 humilibus
3546 4005 3639 4044 re-

2069 4069 2234 4133 velat,
2271 4068 2544 4138 quoniam
2600 4073 2717 4141 ipsa
2766 4072 2890 4128 data
2941 4085 3027 4130 est
3078 4077 3332 4145 piscatori
3371 4080 3533 4135 Petro
3571 4097 3638 4137 ex

2070 4160 2403 4216 revelatione
2459 4162 2638 4219 Patris
2696 4164 2790 4234 qui
2862 4165 2918 4221 in
2977 4167 3132 4223 cmlis
3189 4177 3293 4233 est,
3341 4178 3397 4226 et
3438 4170 3640 4228 Paulus

2072 4261 2263 4319 raptus
2286 4260 2369 4306 est
2413 4250 2466 4304 in
2502 4252 2723 4307 Christo
2753 4269 3061 4325 arcanaque
3111 4258 3274 4313 verba
3306 4261 3535 4324 audivit.
3576 4278 3639 4318 ac

2068 4355 2286 4409 semper
2313 4340 2417 4397 hoc
2438 4349 2732 4411 operatur;
2764 4351 2848 4397 est
2876 4344 3051 4398 solum
3083 4345 3345 4415 salutare,
3376 4349 3639 4419 quoniam

382 4444 545 4499 τοῦτο
570 4446 809 4515 ἐνεργεῖ’
837 4447 1016 4500 καὶτὸ
1044 4449 1206 4517 μόνον
1247 4449 1540 4519 σωτήριον,
1570 4448 1652 4503 ὅτι
1685 4450 1744 4501 ἐν
1779 4449 1956 4503 οὐδενὶ

2068 4450 2174 4487 non
2205 4444 2290 4489 est
2315 4435 2464 4491 aliud
2506 4451 2727 4503 nomen,
2759 4436 2838 4492 ait
2878 4437 3194 4508 Apostolus,
3240 4442 3295 4494 in
3328 4456 3437 4510 quo
3472 4458 3638 4511 Opur-

383 4534 547 4604 ἄλλῳ,
580 4535 747 4606 φησὶν
771 4537 798 4590 ὁ
830 4536 1174 4604 ’Δπόστολος,
1197 4536 1312 4591 ἔστι
1351 4538 1587 4606 σωθῆναι
1635 4541 1804 4610 ἡμᾶς.
1846 4541 1955 4593 Καὶ

381 4617 536 4688 οὗτός
571 4627 721 4678 ἐστιν
743 4628 771 4678 6
805 4625 996 4696 Σωτὴρ
1027 4625 1121 4678 τοῦ
1151 4626 1361 4698 κόσμου
1387 4629 1415 4681 ὁ
1447 4628 1706 4697 Χριστός.
1741 4629 1833 4681 Διὸ
1858 4631 1955 4683 καὶ

380 4713 540 4767 τοῦτο
565 4715 622 4768 ἐν
641 4717 706 4784 τῇ
741 4716 946 4788 ἐσχάτῃ
982 4717 1167 4788 ἡμέρᾳ
1198 4719 1346 4770 πᾶσα
1375 4719 1594 4785 γλῶσσα
1626 4718 1955 4792 ἐξομολογή-

385 4823 538 4860 σεται
566 4807 659 4859 καὶ
690 4808 994 4877 ἀνυμνήσει
1027 4807 1226 4862 ἑκοῦσαι
1249 4811 1344 4862 καὶ
1372 4811 1603 4877 ἄκουσα,
1626 4812 1708 4866 ὅτι
1750 4811 1954 4885 Κύριος

384 4894 592 4965 Ἰησοῦς
624 4890 878 4967 Χριστὸς,
915 4900 998 4959 εἰς
1030 4898 1188 4967 δόξαν
1222 4899 1356 4953 Θεοῦ
1389 4902 1624 4972 Πατρός.
1654 4903 1765 4956 Καὶ
1798 4902 1956 4957 τοῦτο

380 4987 443 5042 τὸ
476 4993 701 5058 σημεῖον
727 4991 886 5061 ἡμῶν
916 4992 1014 5059 τῆς
1046 4992 1299 5059 πίστεως,
1326 4994 1450 5046 ἐπεὶ
1495 4994 1592 5047 καὶ
1634 4994 1956 5064 Χριστιανοί

322 5108 339 5117 -
384 5083 554 5147 ἐσμεν
604 5082 697 5134 καὶ
749 5081 1081 5151 καλούμεθα,
1134 5085 1589 5157 καὶὴμαρτυρία
1634 5087 1714 5139 ὅτι
1764 5089 1829 5142 ἐκ
1862 5086 1955 5141 τοῦ

379 5171 517 5225 Θεοῦ
555 5174 740 5242 ἐσμεν.
805 5174 918 5227 Πᾶν
973 5178 1081 5246 γὰρ
1129 5175 1343 5245 πνεῦμα
1383 5177 1410 5228 ὃ
1442 5176 1694 5245 ὁμολογεῖ
1751 5178 1955 5250 Κύριον

392 5265 602 5333 Ἰησοῦν
635 5266 898 5335 Χριστὸν,
938 5268 995 5318 ἐν
1029 5271 1192 5339 σαρκὶ
1233 5268 1548 5336 ἐληλυθότα,
1584 5270 1646 5323 ἐκ
1680 5269 1774 5323 τοῦ
1819 5267 1955 5324 Θεοῦ

379 5359 517 5419 ἐστι,
545 5359 733 5426 φησὶν,
764 5358 839 5421 ὡς
886 5361 1226 5432 προέφημεν·
1264 5364 1356 5412 καὶ
1420 5363 1476 5413 το
1535 5362 1612 5432 μὴ
1661 5361 1956 5431 ὁμολογοῦν

376 5447 479 5499 οὐκ
506 5449 568 5499 ἐκ
597 5447 693 5502 τοῦ
724 5450 881 5503 Θεοῦ.
921 5451 1029 5504 Καὶ
1076 5451 1230 5504 τοῦτό
1269 5452 1385 5504 ἐστι
1432 5452 1491 5504 τὸ
1541 5450 1637 5505 τοῦ
1685 5451 1957 5522 Ἀντιχρί-

378 5550 530 5604 στου,
582 5540 643 5592 τὺ
690 5541 767 5612 μὴ
822 5542 1120 5612 ὁμολογοῦν
1157 5543 1367 5614 Ἰησοῦν
1398 5545 1655 5613 Χριστόν.
1704 5545 1804 5597 Διὸ
1847 5544 1954 5615 χρὴ

377 5630 590 5691 πάντας
619 5630 778 5685 τοῦτο
815 5635 1039 5697 πιστοὺς
1075 5635 1133 5687 τὸ
1160 5622 1339 5705 ὄνομα
1366 5636 1730 5699 ἀδιαλείπτως
1761 5637 1957 5705 ὁμολο-

377 5722 533 5788 γεῖν,
562 5724 654 5774 καὶ
689 5723 778 5776 διὰ
808 5724 904 5794 τὴν
931 5725 1262 5796 ἁνακήρυξιν
1311 5727 1408 5800 τῆς
1441 5726 1700 5794 πίστεως,
1735 5728 1829 5781 καὶ
1868 5727 1954 5781 διὰ

2062 4538 2171 4583 teat
2226 4545 2328 4584 nos
2386 4531 2571 4587 salvos
2626 4532 2767 4595 ﬂeri,
2804 4542 2864 4587 et
2898 4533 2987 4587 hic
3047 4543 3133 4588 est
3172 4532 3421 4588 Salvator
3449 4537 3636 4590 mundi

2056 4620 2334 4685 Christus;
2382 4623 2508 4677 ideo
2546 4625 2602 4678 in
2641 4624 2830 4678 ultima
2887 4624 2974 4678 die
3030 4625 3211 4678 omnis
3261 4624 3445 4694 lingua
3506 4626 3636 4681 illud

2057 4714 2407 4769 conﬁtebitur
2426 4725 2481 4785 et
2505 4715 2820 4783 praedicabit
2843 4715 3021 4771 libens
3050 4716 3132 4768 vel
3157 4716 3353 4779 invita.
3376 4718 3502 4787 quia
3531 4717 3636 4772 Do—

2058 4806 2243 4861 minus
2279 4806 2533 4863 Christus
2577 4806 2760 4875 Jesus,
2824 4807 2875 4862 in
2934 4809 3161 4879 gloriam
3215 4808 3411 4866 Patris.
3444 4810 3508 4866 Et
3537 4813 3640 4868 hoc

2056 4909 2142 4955 est
2187 4900 2403 4972 signum
2446 4900 2571 4961 ﬁdei
2617 4909 2838 4962 nostra},
2893 4901 3155 4969 quoniam
3210 4900 3513 4960 Christiani
3546 4920 3638 4960 st:-

2016 5002 2029 5010 ‘
2058 5006 2180 5046 mus
2212 5001 2267 5047 ct
2298 4991 2658 5062 appellamur,
2698 5002 2750 5047 et
2795 4992 3170 5048 testimonium
3206 5010 3315 5064 quo
3359 4993 3508 5064 patet
3539 5011 3673 5073 nos,
3730 5071 3741 5077 ρ

2057 5097 2125 5139 ει
2174 5082 2288 5138 Deo
2343 5098 2468 5139 esse
2503 5101 2516 5138 :
2549 5100 2674 5138 nam
2714 5086 2893 5141 omnis
2939 5086 3168 5156 spiritus
3210 5087 3302 5158 qui
3347 5088 3637 5147 conﬁtetur

2062 5176 2348 5230 Dominum
2397 5173 2584 5231 desum
2640 5175 2922 5232 Christum
2976 5179 3029 5232 in
3083 5195 3249 5233 carne
3306 5178 3636 5233 venisseex

2057 5266 2172 5322 Deo
2202 5277 2309 5332 est,
2342 5268 2419 5321 ait
2452 5267 2718 5334 Joannes,
2793 5269 3253 5341 quemadmodum
3293 5282 3456 5337 supra
3496 5266 3635 5322 dixi-

2061 5375 2204 5425 mus,
2237 5369 2293 5413 et
2321 5359 2414 5430 qui
2454 5374 2564 5415 non
2602 5360 2894 5415 confitetur
2926 5370 3140 5415 nonest
3169 5375 3234 5414 ex
3275 5358 3404 5426 Deo,
3436 5368 3492 5415 et
3532 5359 3635 5414 hoc

2059 5462 2145 5509 εει
2206 5452 2533 5507 Antichristi
2593 5467 2704 5506 non
2759 5451 3006 5515 conﬁteri
3064 5450 3353 5504 Dominum
3419 5448 3631 5505 Jesum.

2059 5545 2404 5615 Quapropter
2462 5555 2676 5614 oportet
2706 5544 2892 5599 ﬁdeles
2940 5544 3228 5600 universos
3256 5558 3457 5599 nomen
3485 5542 3631 5597 istud

2060 5640 2180 5697 sine
2209 5639 2618 5717 intermissione
2644 5639 2889 5694 conﬁteri
2924 5646 2977 5693 et
3009 5646 3234 5709 propter
3278 5635 3625 5707 praedicatio-

2063 5746 2188 5788 nem
2248 5730 2396 5797 ﬁdei,
2462 5738 2519 5786 et
2568 5739 2790 5800 pi-Opter
2848 5730 3172 5786 charitatem
3245 5744 3275 5784 a
3329 5743 3435 5800 qua
3493 5726 3611 5785 nihl
