4126 6268
491 277 594 340 547

1244 269 1628 333 SYMEONIS
1658 265 1956 330 THESSA
1969 260 2110 327 LUN
2127 257 2430 323 lCENSlS
2470 260 2840 322 ARCHIEP.
3651 251 3757 318 518

491 405 721 463 prorsus
751 403 852 444 nos
891 386 1149 442 liberabit
1191 401 1453 455 unquam,
1495 393 1547 437 et
1575 390 1799 452 propter
1838 380 2071 450 gratiam

2197 375 2275 442 ςὴν
2311 374 2535 443 ἀγάπην
2577 372 2673 427 τοῦ
2708 371 2916 441 Κυρίου
2963 369 3121 440 ἡμῶν
3147 368 3324 439 Ἰησοῦ
3381 368 3618 435 Χρήστοῦ
3642 411 3656 431 ,
3689 364 3759 436 ἦς

492 491 550 536 et
580 478 998 554 indulgentiam,
1021 475 1452 545 redemptionem
1475 489 1537 528 ac
1557 474 1847 528 sanitatem
1871 487 1937 525 ex
1963 470 2067 522 hoc

486 574 716 628 nomine
749 571 1075 635 derivatum,
1109 569 1343 639 indeque
1363 577 1540 622 ortam
1576 563 2066 620 sanctificationem

489 674 547 720 et
582 663 1041 717 illuminationcm
1074 675 1139 716 ac
1168 671 1296 715 ante
1323 658 1508 714 omnia
1553 657 1781 713 salutem
1811 666 1828 722 ;
1879 657 1934 709 in
1965 654 2070 709 hoc

489 757 639 810 enim
673 756 860 809 divino
887 755 1113 808 nomine
1143 751 1421 806 mirabilia
1454 752 1702 806 fecerunt
1746 747 1975 818 apostoli
2014 755 2072 800 et

491 849 820 904 docuerunt.
871 847 1040 903 Divus
1085 855 1265 900 autem
1319 845 1396 899 ait
1448 842 1831 914 evangelista:
1895 858 1914 892 ι
1947 837 2072 894 Haec

491 942 695 1008 scripta
727 949 854 994 sunt
878 950 934 992 ut
971 937 1208 994 credatis
1237 936 1496 1007 quoniatu
1523 934 1776 990 Christus
1808 939 1891 987 est
1911 931 2073 987 Jesus

492 1032 663 1087 Filius
691 1032 781 1086 Dei
816 1050 835 1084 ι
864 1045 994 1086 ecce
1027 1029 1185 1094 ﬁdes,
1215 1049 1233 1080 ο
1270 1039 1320 1083 et
1352 1039 1410 1083 ut
1456 1028 1748 1082 credentes
1775 1025 1940 1080 vitam
1978 1026 2074 1080 ha-

421 1155 444 1206 _;,
494 1127 668 1182 beatis
696 1129 755 1181 in
783 1124 1006 1181 nomine
1039 1125 1194 1195 ejus;
1223 1141 1244 1177 ι
1282 1139 1349 1178 cn
1379 1123 1529 1178 salus
1552 1131 1609 1178 et
1635 1113 1768 1176 vitﬁ.

993 1410 1222 1470 CAPUT
1257 1405 1561 1465 CCXCVll.

501 1531 650 1597 Quod
678 1547 852 1584 numer
881 1527 1170 1584 Christiani
1195 1567 1207 1590 ,
1239 1523 1554 1582 sacerdotes,
1585 1514 1826 1597 monachi
1849 1512 2072 1597 etdaici,

575 1585 755 1658 debent
799 1603 973 1662 statis,
995 1585 1250 1668 quantum
1284 1599 1521 1666 possunt,
1549 1585 1866 1656 temperibus
1897 1587 1953 1638 in
1984 1599 2078 1637 no-

572 1675 711 1727 mine
751 1671 948 1726 Christi
979 1683 1154 1722 orare.

575 1855 687 1908 lloc
722 1854 888 1923 igitur
920 1863 1144 1914 nomen,
1169 1847 1310 1901 hanc
1330 1841 1636 1899 orationem
1669 1837 1849 1894 omnis
1877 1837 1964 1891 vir
1992 1851 2080 1892 re-

501 1949 728 2020 ligiosus
749 1944 955 2016 jugitcr
976 1942 1144 2007 dicat,
1171 1940 1309 1994 hanc
1337 1937 1392 1992 iu
1443 1944 1624 1992 mente
1663 1943 1720 1988 et
1749 1931 1805 1986 in
1836 1945 1931 1986 ore
1981 1930 2080 1984 ha-

501 2046 624 2098 beat
676 2048 733 2095 ct
783 2036 999 2102 stando,
1029 2043 1080 2089 et
1137 2033 1243 2088 iter
1291 2029 1563 2094 faciendo,
1620 2034 1676 2081 et
1704 2023 1968 2086 sedendo,
2023 2029 2080 2076 et

501 2149 705 2191 mensae
763 2126 1177 2189 discumbendo,
1240 2121 1433 2178 omnia
1467 2118 1706 2189 denique
1757 2114 1991 2171 dicendo
2026 2121 2083 2167 et

501 2224 779 2289 faciendo,
809 2221 876 2276 ad
908 2221 960 2274 id
995 2217 1354 2286 semetipsum
1378 2211 1651 2281 accingat,
1704 2217 1758 2262 et
1791 2206 2080 2261 maximam

508 2318 758 2373 inveniet
808 2309 1254 2381 tranquillitatem
1285 2313 1450 2373 atque
1499 2297 1768 2362 laetitiam,
1815 2292 2080 2365 quemad—

503 2409 728 2464 modum
765 2401 1103 2475 experientia
1139 2405 1415 2454 uoverunt
1443 2394 1536 2463 qui
1573 2393 1638 2446 de
1667 2404 1731 2444 ea
1767 2402 1952 2443 curam
1987 2386 2084 2439 ha-

502 2502 656 2555 bent.
687 2496 888 2552 Verum
943 2508 1068 2547 cum
1122 2503 1262 2558 opus
1307 2485 1452 2540 istud
1485 2483 1630 2538 vires
1659 2488 1878 2534 nostras
1911 2491 2085 2545 quau-

502 2594 596 2647 diu
629 2591 682 2646 in
716 2592 818 2646 hac
863 2590 971 2642 vita
1008 2584 1217 2640 erimus
1263 2585 1555 2649 exsuperet
1600 2583 1654 2629 et
1702 2574 1946 2643 ipsorum
1987 2566 2110 2636 qui

504 2686 560 2739 in
604 2683 784 2739 medio
843 2678 1074 2734 tumultu
1128 2675 1333 2742 degunt
1390 2668 1811 2726 monachorum,
1867 2667 2086 2731 oportet

505 2777 748 2845 singulos
774 2785 990 2842 tempus
1042 2769 1243 2824 habere
1283 2765 1347 2818 ad
1391 2763 1494 2817 hoc
1536 2759 1925 2819 constitutum,
1967 2766 2085 2807 om-

507 2887 715 2938 nesque
741 2865 1020 2934 exemplar
1046 2861 1248 2916 habere
1282 2856 1442 2926 hujus
1465 2849 1731 2908 orationis
1753 2863 1853 2920 pro
1880 2846 2086 2902 viribus
2135 2893 2137 2895 .

507 2960 871 3031 adimplenda:
914 2968 968 3012 et
992 2953 1304 3010 sacerdotes
1341 2957 1397 3004 et
1447 2943 1749 3000 monachos
1781 2949 1838 2996 et
1889 2939 2082 2995 laicos.

509 3054 756 3112 Monachi
787 3050 1007 3123 quidem
1039 3055 1228 3115 utpote
1265 3042 1331 3098 ad
1365 3041 1471 3096 hoc
1500 3036 1735 3093 ordinati
1773 3043 1831 3090 et
1884 3045 2087 3104 urgens

2171 467 2325 520 οὗδὲν
2352 467 2500 536 ἡμᾶς
2531 466 2670 527 ὅλως
2698 463 2936 534 χωρίσαι
2964 462 3047 515 δεῖ
3073 477 3229 526 ποτε,
3278 463 3372 513 καὶ
3400 459 3490 512 διὰ
3519 460 3618 528 τὴν
3649 459 3760 514 ἀπὸ

2170 556 2266 610 τοῦ
2297 557 2560 626 ὀνόματος
2594 555 2761 611 αύτοῦ
2793 555 2956 626 χάριν
2979 554 3072 607 καὶ
3102 551 3299 621 ἅψεων
3321 552 3416 607 καὶ
3442 550 3762 620 ἀπολύτρω-

2174 669 2260 704 σιν
2278 651 2379 704 ’καὶ
2408 649 2727 720 θεραπείαν,
2764 646 3042 716 ἁγιασμόν
3083 663 3142 698 τε
3195 649 3291 701 καὶ
3333 645 3617 714 φωτισμδν
3666 644 3762 698 καὶ

2175 742 2281 810 πρὸ
2313 741 2536 794 πάντων
2567 737 2667 806 τὴν
2699 736 2995 806 σωτηρίαν.
3037 736 3129 788 Ἐν
3160 732 3336 803 τούτῳ
3367 733 3475 802 γὰρ
3517 730 3593 801 τῷ
3630 730 3763 800 θείῳ

2175 833 2404 900 ὀνόματι
2451 830 2546 885 καὶ
2596 830 2890 898 θαυμαστὰ
2937 827 3204 895 ἐποίησαν
3233 827 3283 878 oi
3323 821 3620 877 ’ἀπόστολοι
3664 820 3764 875 καὶ

2176 923 2444 988 ἐδίδαξαν.
2471 921 2582 975 Καὶ
2601 917 2630 975 ὁ
2651 921 2792 983 θεῖος
2814 919 2871 973 δέ
2893 935 3058 989 φησιν
3083 914 3517 986 Εὑαγγελιστὴς,
3549 914 3762 968 «Ταῦτα

2177 1018 2234 1072 δὲ
2287 1017 2619 1085 γέγραπται,
2653 1015 2741 1068 ἵνα
2792 1013 3123 1082 πιστεύσητε
3158 1011 3239 1064 ὅτι
3283 1008 3494 1078 Ἰησοῦς
3537 1009 3686 1062 ἐστιν
3734 1011 3761 1062 ὁ

2177 1109 2417 1180 Χριστὸς
2463 1109 2492 1162 ὁ
2541 1108 2668 1171 Υίδς
2713 1106 2806 1161 τοῦ
2838 1105 3011 1160 Θεοῦ·
3053 1123 3072 1156 ι
3110 1103 3221 1159 ἰδοὺ
3265 1105 3299 1172 η
3335 1102 3538 1166 πίστις’
3604 1121 3624 1155 ι
3661 1103 3758 1156 καὶ

2179 1202 2265 1255 ἵνα
2301 1199 2676 1265 πιστεύοντες,
2709 1199 2858 1269 ζωὴν
2889 1199 3051 1269 ἔχητε
3082 1199 3140 1252 ὲν
3163 1197 3241 1266 τῷ
3259 1195 3484 1268 ὀνόματι
3519 1196 3683 1252 αὐτοῦ
3705 1211 3757 1250 οι

2182 1295 2293 1350 ἰδοὺ
2323 1297 2355 1365 ἡ
2388 1293 2636 1366 σωτηρία
2675 1295 2769 1348 καὶ
2799 1294 2832 1364 ὴ
2861 1289 2999 1362 ζωή.

2737 1408 2996 1462 ΚΕΦΑΛ.
3045 1407 3202 1474 zez'.

2181 1523 2307 1580 Ὀτι
2341 1519 2565 1587 πάντες
2591 1521 2936 1588 Χριστιανοὶ
2977 1519 3308 1588 ίερωμένσι,
3353 1514 3616 1588 parum}
3656 1515 3763 1588 ani

2253 1592 2476 1656 λαῖκοὶ,
2526 1585 2848 1660 ὀφείλουσι
2885 1589 3002 1660 κᾶν
3028 1585 3387 1660 ὡρισμένως
3420 1589 3490 1640 ἐν
3517 1585 3597 1652 τῷ
3634 1587 3743 1638 όνό

2255 1681 2393 1730 ματι
2447 1657 2650 1728 ’Ῑησίοῦ
2722 1658 2980 1728 Χριστοῦ
3045 1662 3201 1714 κατὰ
3256 1657 3518 1727 δύναμιν
3579 1673 3760 1725 προσ·

2255 1734 2564 1804 εὐχεσθαι.

2255 1849 2475 1916 Ταύτην
2509 1847 2604 1902 οὖν
2655 1846 2754 1915 τὴν
2803 1845 3104 1915 ὀνομασίαν
3163 1844 3240 1909 ὡς
3296 1843 3603 1914 προσευχὴν
3659 1841 3766 1893 ita:

2184 1940 2414 2009 εὐσεϐὴς
2445 1938 2652 2006 λεγέτω
2680 1937 2974 2000 διαπαντὸς
3006 1936 3101 1991 καὶ
3130 1935 3208 2006 τῷ
3239 1935 3435 1989 ἑαυτοῦ
3462 1932 3544 1986 νοῒ
3578 1932 3674 1986 καὶ
3700 1934 3766 2001 τῇ

2184 2031 2428 2104 γλώσσῃ,
2464 2031 2560 2084 καὶ
2588 2029 2830 2099 στήκων,
2862 2030 2958 2082 καὶ
3001 2026 3224 2094 ὁδεύων,
3259 2027 3355 2080 καὶ
3403 2024 3769 2094 καθεζόμενος

2186 2123 2282 2176 καὶ
2314 2121 2765 2192 ἅνακλινόμενος,
2813 2123 2908 2175 καὶ
2937 2121 3119 2174 πάντα
3148 2120 3324 2187 λέγων
3367 2118 3459 2173 καὶ
3505 2118 3766 2186 ἐνεργῶν,

2189 2216 2448 2286 καὶπρὸς
2475 2213 2634 2269 τοῦτο
2674 2210 2870 2268 ἑαυτὸν
2919 2210 3006 2267 ἀεὶ
3043 2207 3492 2284 -παραόιοζέσθω’
3525 2213 3620 2264 καὶ
3676 2227 3771 2278 με-

2187 2308 2376 2376 γίστην
2407 2307 2632 2378 εὑρήσει
2669 2306 2837 2376 212
2868 2304 3111 2374 γαλήνην
3138 2321 3195 2359 τε
3227 2305 3322 2357 καὶ
3347 2304 3544 2373 χαρὰν,
3575 2303 3648 2363 ὡς
3677 2301 3772 2354 καὶ

2188 2401 2354 2473 πείρᾳ
2383 2401 2586 2464 ειδότες
2612 2401 2751 2453 εἰσὶν
2772 2400 2821 2452 οί
2847 2399 2976 2467 περὶ
2998 2397 3170 2467 αὐτῆς
3195 2397 3590 2467 μεριμνῶντες.
3611 2396 3670 2448 Ἐ
3682 2398 3771 2448 πεὶ

2186 2495 2243 2548 δὲ
2271 2491 2430 2546 τοῦτο
2462 2492 2522 2545 τὸ
2553 2491 2713 2563 ἔργον
2740 2491 2881 2560 ὑπὲρ
2909 2490 3036 2558 τοὺς
3065 2489 3226 2551 ὄντας
3258 2489 3376 2542 ἐστὶ
3406 2486 3486 2558 τῷ
3521 2487 3641 2559 βίῳ,
3677 2488 3772 2542 καὶ

2189 2588 2390 2650 αὐτοὺς
2420 2587 2546 2649 τοὺς
2576 2587 2634 2639 ὲν
2668 2585 2820 2655 μέσῳ
2852 2583 3011 2646 ὄντας
3057 2581 3306 2651 θορύϐων
3339 2583 3634 2651 μοναχοὺς,
3668 2581 3788 2634 κᾶν

2187 2679 2498 2750 ὡρισμένον
2526 2674 2670 2730 εἶναι
2703 2677 2785 2730 δεῖ
2813 2677 2869 2728 ὲν
2909 2674 3127 2745 ἑκάστῳ
3157 2674 3216 2727 τὸ
3262 2673 3392 2744 περὶ
3421 2673 3636 2735 τούτου,
3675 2673 3773 2724 καὶ

2192 2773 2402 2834 πάντας
2457 2768 2811 2822 ὑποτύπωσιν
2861 2767 3008 2838 ἔχειν
3057 2769 3263 2836 ταύτην
3311 2766 3411 2834 τὴν
3461 2765 3771 2836 προσευχὴν

2191 2861 2436 2930 ἐνεργεῖν
2468 2859 2608 2912 κατὰ
2632 2857 2886 2928 δύναμιν,
2916 2859 3011 2912 καὶ
3045 2857 3401 2927 ίερωμένους,
3436 2857 3773 2925 μονάζοντάς

2191 2969 2252 3006 τε
2287 2952 2383 3004 καὶ
2409 2949 2655 3010 λαῖκούς.
2683 2949 2747 3003 Οἱ
2775 2949 2873 3020 μὲν
2903 2947 2996 3002 οὖν
3027 2949 3372 3017 μονάζοντες,
3401 2945 3477 3009 ὡς
3511 2949 3588 3008 είς
3612 2945 3774 2998 τοῦτο

2191 3042 2540 3112 τεταγμένοι,
2574 3041 2669 3095 καὶ
2708 3040 2933 3111 ὀφειλὴν
2981 3041 3362 3112 ἀπαραίτητον
3397 3039 3524 3110 περὶ
3569 3041 3775 3106 ταύτης

508 3153 578 3206 de
615 3165 678 3203 ea
729 3117 969 3201 cilicium
1012 3143 1302 3200 habentes,
1347 3135 1446 3190 etsi
1483 3133 1539 3187 in
1568 3129 1803 3185 tumultu
1835 3127 1945 3182 sint
1982 3126 2088 3178 mi-

2197 3134 2430 3204 ἑχοντσς,
2459 3137 2506 3187 εἰ
2545 3135 2640 3186 καὶ
2673 3133 2730 3185 ἐν
2757 3131 2972 3203 θορύϐῳ
3007 3134 3116 3185 εἰσὶ
3147 3132 3588 3202 διακονημάτων,
3621 3132 3775 3201 ὅμως

511 3239 890 3294 nisteriorum.
925 3246 1142 3301 semper
1174 3238 1356 3282 tamen
1389 3229 1663 3279 conentur
1688 3219 1796 3273 hoc
1824 3213 2092 3270 orationis

511 3332 751 3402 debitum
781 3326 1120 3397 persolvere,
1153 3331 1209 3375 et
1245 3316 1538 3371 Dominum
1571 3325 1729 3367 orare
1758 3309 1878 3390 sine
1921 3306 2090 3360 inter-

511 3424 796 3483 missione,
838 3420 966 3472 Iiret
996 3415 1227 3484 quadam
1263 3408 1512 3464 molesua
1541 3411 1810 3473 angantur
1834 3407 1927 3454 aut
1955 3412 2092 3452 con-

515 3517 753 3576 fusione,
787 3512 876 3564 illa
902 3509 1065 3562 etiam
1091 3521 1210 3575 qua:
1248 3502 1450 3556 mentis
1495 3496 1801 3566 appellatur
1829 3492 1913 3546 vel
1966 3502 2092 3544 vera

514 3605 848 3677 captivitate,
882 3607 1110 3655 caveant
1138 3611 1207 3650 ne
1263 3593 1583 3664 uegligendo
1635 3589 1702 3642 ab
1745 3585 1969 3641 inimico
2005 3597 2095 3635 se-

516 3675 808 3756 ducantur,
861 3691 956 3747 sed
1013 3689 1078 3744 ad
1108 3685 1406 3740 orationem
1444 3680 1693 3742 redeant,
1727 3689 1782 3732 et
1817 3675 2096 3731 redieutes

517 3775 809 3859 gaudeant.
865 3783 1193 3838 Sacerdotes
1235 3792 1364 3832 vero
1413 3775 1537 3828 huic
1579 3771 1733 3842 operi
1783 3768 2097 3838 indulgeant

516 3895 778 3949 tanquam
841 3874 1148 3946 apostolico
1199 3871 1416 3926 sicutet
1457 3865 1657 3922 divina?
1698 3858 2096 3933 prmdicalioui,

517 3972 780 4044 quoniam
826 3967 1040 4024 divinas
1079 3962 1338 4032 adimplet
1367 3958 1741 4030 Operationes,
1771 3965 1828 4010 ct
1861 3952 2100 4008 charita-

520 4075 629 4118 tem
685 4058 888 4115 Christi
938 4053 1215 4127 producit.
1267 4053 1324 4105 lu
1373 4048 1576 4104 mundo
1623 4054 1808 4100 autem
1852 4043 2101 4097 viventes

521 4167 786 4222 tanquam
853 4149 1086 4220 sigillum
1133 4159 1293 4200 suum
1346 4154 1571 4212 sua-que
1627 4137 1753 4193 iidei
1798 4145 2006 4196 notam,
2045 4145 2103 4187 ut

520 4245 826 4300 custodiam
853 4249 908 4296 et
943 4235 1430 4294 sanctificationem
1463 4231 1755 4300 omnisque
1786 4226 2105 4282 tcntationis

526 4343 705 4408 togam
759 4350 858 4402 pro
885 4331 1094 4386 viribus
1147 4329 1286 4382 hanc
1321 4339 1542 4396 operam
1596 4321 1906 4394 perficiant.
1951 4316 2106 4373 Unde

2172 3229 2427 3302 ,πάντοτε
2478 3227 2860 3298 βιαζέσθωσαν
2906 3226 3116 3297 ταύτην
3172 3227 3422 3301 ἐνεργεῖν
3467 3227 3776 3295 ὸςείλοντες

2193 3321 2293 3390 τὴν
2314 3317 2503 3391 εὐχὴν,
2524 3319 2619 3374 ml
2643 3319 3047 3390 προσεύχεσθαι
3071 3319 3148 3389 τῷ
3169 3321 3360 3392 Κυρίῳ
3388 3321 3773 3387 ἀδιαλείπτως,

2195 3412 2299 3465 κᾶν
2329 3413 2468 3482 μετὰ
2500 3411 2827 3484 ρεμϐασμοῦ
2864 3413 2961 3466 καὶ
3004 3411 3318 3483 συγχύσεως
3352 3407 3481 3486 ὦσι,
3534 3417 3629 3468 καὶ
3679 3416 3780 3482 τῆς

2197 3504 2546 3574 καλουμένης
2579 3503 2674 3556 τοῦ
2717 3503 2838 3568 νοὸς
2886 3509 2983 3557 καὶ
3035 3502 3204 3574 οὔσης
3251 3507 3649 3575 αἰχμαλωσίας,
3684 3511 3780 3562 καὶ

2199 3595 2274 3664 μὴ
2307 3597 2395 3649 διὰ
2417 3597 2480 3650 τὸ
2518 3596 2854 3651 κλέπτεσθαι
2893 3598 2998 3652 ὑπὸ
3027 3598 3123 3652 τοῦ
3159 3597 3356 3671 ἐχθροῦ
3389 3601 3629 3671 ἀμελεῖν,
3662 3603 3780 3656 ἀλλ’

2197 3686 2596 3757 ἐπανέρχεσθαι
2614 3689 2747 3758 πρὸς
2769 3688 2870 3759 τὴν
2898 3692 3224 3761 προσευχὴν,
3248 3692 3345 3745 καὶ
3372 3693 3585 3763 χαίρειν
3611 3696 3750 3748 ὲπαν
3767 3727 3780 3735 -

2197 3777 2531 3846 ερχομένους
2556 3794 2570 3809 ο
2597 3779 2647 3830 οί
2694 3778 2984 3850 ίερωμένοι
3021 3779 3077 3834 δὲ
3102 3781 3177 3844 ὡς
3205 3782 3560 3837 ἀποστολικοῦ
3591 3785 3778 3840 τούτου

2201 3871 2679 3939 ἐπιμελείσθωσαν
2730 3871 2896 3941 ἔργου
2947 3874 3038 3928 καὶ
3087 3876 3164 3937 ὼς
3208 3875 3354 3928 θείου
3400 3878 3776 3948 κηρύγματος.

2201 3965 2296 4016 καὶ
2330 3965 2405 4026 ὡς
2453 3961 2572 4016 θεῖα
2629 3967 2981 4035 ἐνεργήματα
3029 3965 3396 4034 ἐκτελοῦντος,
3448 3970 3543 4023 καὶ
3577 3970 3653 4034 ὡς
3685 3991 3712 4025 τ
3754 3993 3782 4024 ν

2202 4055 2426 4126 ἀγάπην
2455 4056 2833 4126 παριστῶντος
2859 4055 2952 4109 τοῦ
2986 4058 3252 4127 Χριστοῦ.
3302 4061 3364 4112 Οἱ
3391 4061 3448 4113 ὲν
3479 4061 3557 4132 τῷ
3591 4063 3783 4134 κόσμῳ

2203 4145 2383 4210 δὲ,ὡς
2412 4147 2685 4218 σφραγῖδα
2744 4146 2945 4218 ταύτην
3002 4148 3214 4204 ἑαυτῶν
3265 4151 3362 4204 καὶ
3415 4156 3644 4223 σημεῖον
3683 4156 3784 4222 τῆς

2205 4239 2464 4302 πίστεως,
2499 4239 2590 4292 καὶ
2617 4239 2865 4308 φυλακὴν
2892 4242 2986 4293 καὶ
3016 4243 3313 4311 ἀγιασμὸν,
3345 4245 3439 4296 καὶ
3470 4249 3784 4318 πειρασμοῦ

2206 4331 2409 4393 παντὸς
2470 4329 2819 4400 διωκτήριον,
2877 4333 3015 4386 κατὰ
3079 4333 3313 4404 δύναμιν
3362 4339 3782 4408 ὲνεργείτωσαν.

529 4434 816 4485 universos
871 4423 1184 4479 sacerdotes
1249 4419 1535 4486 laicosque
1601 4425 1658 4469 et
1705 4411 2006 4467 monachos
2074 4424 2097 4464 ε

2214 4421 2382 4473 Ὅθεν
2400 4422 2606 4485 πάντας
2639 4423 2993 4492 ίερωμένους,
3024 4425 3248 4490 λαῖκούς
3281 4443 3342 4480 τε
3375 4431 3468 4481 καὶ
3495 4432 3729 4500 μοναχοὺ
3749 4453 3787 4496 -,

527 4537 722 4577 somno
759 4516 934 4574 excita
945 4528 1028 4570 tos
1052 4513 1332 4568 Christum
1357 4510 1595 4580 cogitare
1617 4506 1852 4575 primum
1870 4509 2108 4572 oportet,

527 4614 845 4681 Christique
893 4608 1132 4678 primum
1163 4601 1502 4664 meminisse,
1532 4609 1588 4654 et
1619 4599 1751 4653 istas
1776 4595 1956 4651 omnis
1983 4609 2113 4648 cou-

532 4707 642 4762 silii
695 4702 962 4775 primitias
1039 4699 1346 4753 hostiamve
1407 4691 1632 4749 Christo
1694 4689 1914 4751 otl‘erre,
1984 4687 2111 4757 quia

531 4797 738 4853 Christi
760 4797 850 4863 qui
882 4809 981 4848 nos
999 4791 1230 4846 salvavit
1248 4798 1304 4844 et
1331 4797 1538 4842 tantum
1561 4783 1765 4840 amavit
1786 4793 1910 4837 ante
1926 4798 2115 4849 quam-

535 4905 752 4959 cunque
779 4887 1165 4956 cogitationem
1203 4881 1481 4938 recordari
1529 4880 1793 4935 debemus
1835 4877 1926 4946 qui
1959 4875 2119 4931 Chri-

538 4981 701 5037 stiaui
753 4994 943 5033 sumus
993 4986 1049 5032 et
1095 4975 1451 5046 appellamur,
1514 4970 1605 5041 qui
1649 4984 1775 5024 eum
1831 4969 1884 5022 in
1931 4966 2117 5021 divino

539 5074 867 5144 baptismate
900 5067 1198 5131 induimus,
1261 5065 1355 5135 qui
1402 5071 1686 5134 unguento
1739 5061 1860 5134 ejus
1915 5058 2115 5130 signati

538 5182 755 5229 sumus,
803 5174 1157 5230 sanctamque
1211 5157 1358 5212 illius
1411 5169 1637 5210 carnem
1677 5162 1734 5208 et
1785 5152 2114 5220 sanguinem

543 5259 987 5330 participavimus
1033 5264 1089 5308 et
1141 5251 1554 5323 participamus,
1615 5248 1704 5317 qui
1757 5245 2003 5299 membra
2065 5249 2121 5295 et

545 5355 804 5421 templum
837 5350 959 5420 ejus
1006 5362 1217 5410 smnus,
1247 5344 1339 5412 qui
1371 5357 1497 5398 eum
1531 5341 1818 5395 induimus
1847 5340 1900 5392 in
1957 5335 2120 5390 nobis

547 5455 894 5506 manentem;
921 5447 1205 5508 propterea
1234 5435 1462 5504 diligere
1495 5447 1620 5486 eum
1670 5432 1926 5499 illiusque
1979 5442 2124 5481 sem-

549 5553 647 5607 pcr
700 5535 1020 5590 meminisse
1065 5531 1347 5585 debemus.
1397 5524 1552 5581 Unde
1593 5525 1952 5578 constitutum
1986 5527 2124 5572 tem-
2157 5557 2173 5566 ..

552 5643 651 5694 pus
686 5624 923 5677 habeant
949 5620 1145 5690 singuli
1177 5633 1274 5687 pro
1312 5631 1410 5668 sua
1445 5613 1702 5668 facultate
1741 5619 1798 5665 el
1826 5609 2120 5679 quamdam

551 5730 861 5769 lllCllalll‘olll
918 5712 1178 5767 orationis
1223 5705 1541 5778 peragendae
1589 5713 1644 5759 et
1679 5700 1821 5756 haud
1855 5715 2014 5755 secus
2050 5715 2114 5755 ac

2215 4513 2622 4577 ἐξαναστάντας
2652 4516 2744 4568 τοῦ
2781 4516 2974 4580 ὕπνου,
3004 4518 3238 4588 Χριστὸν
3273 4519 3526 4591 ἐννοῆσαι
3573 4523 3790 4593 πρῶτον

2214 4607 2346 4676 χρὴ,
2405 4607 2502 4660 καὶ
2555 4608 2794 4678 Χριστοῦ
2834 4609 3140 4681 μνησθῆναι
3192 4613 3431 4681 πρῶτον,
3482 4617 3574 4667 καὶ
3629 4617 3792 4668 τοῦτο

2218 4699 2401 4769 πάσης
2432 4699 2646 4763 ἐννοίας
2673 4702 2928 4772 ἀπαρχὴν
2958 4701 3051 4755 κα)⁸
3081 4703 3274 4756 ουσίαν
3311 4710 3686 4774 προσαγαγεῖν
3715 4709 3792 4776 τῷ

2216 4791 2485 4860 Χριστῷ·
2521 4794 2604 4847 ὅτι
2636 4796 2728 4847 καὶ
2777 4796 3016 4864 Χριστοῦ
3054 4796 3151 4850 τοῦ
3205 4796 3476 4861 σώσαντος
3518 4800 3664 4870 ἡμᾶς
3696 4802 3794 4852 aui.

2216 4881 2472 4936 τοσοῦτον
2493 4883 2884 4954 ἀγαπήσαντος
2915 4885 3019 4956 πρὸ
3045 4887 3226 4957 πάσης
3249 4889 3458 4952 ἐννοίας
3485 4889 3793 4960 μνησθῆναι

2226 4974 2328 5038 δεῖ,
2360 4976 2483 5028 ἐπεὶ
2509 4977 2603 5029 καὶ
2642 4976 2962 5046 Χριστιανοί
2992 4981 3159 5047 ἐσμεν
3203 4981 3296 5033 καὶ
3323 4981 3657 5053 καλούμεθα,
3701 4985 3796 5038 καὶ

2219 5067 2588 5135 ὲνεδυσάμεοα
2611 5067 2799 5120 τοῦτον
2820 5070 2896 5138 τῷ
2925 5070 3053 5140 θείῳ
3079 5070 3439 5142 βαπτίσματι.
3471 5076 3565 5128 καὶ
3588 5077 3795 5148 ἐσφραο

2222 5157 2494 5226 γίσθημεν
2544 5156 2736 5210 τούτου
2782 5158 2860 5228 τῷ
2911 5160 3091 5231 μύρῳ,
3133 5164 3228 5215 καὶ
3279 5164 3378 5232 τῆς
3432 5165 3594 5232 ἁγίας
3629 5168 3796 5220 αὑτοῦ

2234 5247 2441 5317 σαρκὸς
2475 5248 2570 5301 καὶ
2599 5249 2694 5301 τοῦ
2727 5249 2955 5319 αίματος
2989 5253 3412 5324 μετεσχήκαμεν
3443 5260 3536 5308 καὶ
3570 5260 3799 5328 μετέχο-

2225 5356 2348 5408 μεν,
2378 5340 2473 5392 καὶ
2507 5339 2645 5410 μέλη
2677 5341 2847 5394 αὑτοῦ
2875 5343 3064 5412 ἐσμεν,
3119 5345 3216 5396 καὶ
3263 5345 3411 5410 ναὸς,
3466 5348 3560 5400 καὶ
3611 5347 3799 5403 τοῦτον

2225 5428 2572 5497 ὲνδεδύμεθα,
2602 5431 2696 5483 καὶ
2727 5431 2931 5482 ἐνοικεῖ
2952 5433 3007 5483 ὲν
3046 5431 3202 5501 ἡμῖν,
3233 5435 3326 5487 καὶ
3361 5434 3449 5486 διὰ
3479 5436 3638 5488 τοῦτο
3666 5439 3799 5504 ἁγα-

2224 5521 2334 5590 πᾷν
2366 5521 2549 5584 αὑτὸν,
2606 5522 2703 5572 καὶ
2753 5521 2841 5572 ἀεὶ
2891 5521 3082 5574 τούτου
3133 5523 3447 5592 μεμνῆσθαι
3491 5526 3783 5597 ὀφείλομεν

2229 5611 2390 5664 Ὅθεν
2420 5614 2512 5666 καὶ
2537 5613 2848 5682 ὡρισμένον
2879 5612 3050 5681 ἐχέτω
3089 5616 3198 5676 πᾶς
3229 5617 3421 5683 καιρὸν
3456 5618 3600 5670 κιτὰ
3639 5620 3803 5672 δύνα-

2230 5719 2323 5770 μιν
2351 5701 2444 5754 καὶ
2471 5702 2701 5771 ἀριθμόν
2728 5717 2847 5779 τινα
2873 5701 2974 5771 τῆς
3001 5707 3310 5783 προσευχῆς
3337 5706 3543 5772 nam;
3567 5707 3642 5770 «τις
3664 5708 3800 5768 6:2:-
