4126 6268
451 229 563 290 555

1281 216 1662 279 SYMEONIS
1691 213 2446 276 TIIESSALONICENSIS
2479 209 2840 270 ARCHIEP.

3596 201 3698 262 551

464 336 765 395 secundum
799 344 1035 391 veterem
1071 331 1316 386 ordinem
1352 331 1621 386 ordinatae
1650 329 1794 383 sicut
1829 335 1884 382 et
1924 325 2027 379 illae
2056 337 2085 389 Α

2172 325 2227 378 αὶ
2260 325 2402 378 κατά
2432 322 2524 376 τὸν
2563 322 2731 374 πάλαι
2757 320 2928 372 τύπον
2955 318 3338 384 συγκείιλεναι.
3387 312 3432 367 ὡ
3512 313 3606 366 καὶ
3651 314 3703 364 αἱ

461 448 583 502 quae
616 447 710 499 per
743 438 1034 483 nocturnas
1084 425 1293 495 vigilias
1347 423 1670 484 recitantur,
1728 434 1939 474 necnon
1974 425 2029 470 et

465 528 583 594 ipsa
614 523 920 593 vespertina
947 521 1121 575 oratio
1147 535 1266 589 qua:
1299 534 1365 573 ex
1393 518 1487 572 illo
1538 515 1731 570 ordine
1773 517 2031 577 constat;

467 625 558 677 illa
585 622 728 676 enim
766 618 1000 673 oderunt
1027 631 1215 686 preces
1246 631 1340 685 per
1373 611 1713 668 sacerdotem
1767 609 1874 662 Deo
1907 622 2030 676 quas

463 726 715 769 cantores
743 711 1062 773 concinunt,
1093 707 1239 776 quod
1273 714 1540 759 monstrat
1592 716 1811 772 quoque
1869 700 2034 769 quin-

467 803 770 875 quagcsimi
810 801 1000 871 psalmi
1027 809 1080 852 et
1113 801 1326 853 laudum
1359 796 1560 850 oratio.
1592 795 1712 864 ipse
1742 809 1874 846 vero
1901 807 2038 845 can-

470 902 678 948 tionum
711 893 844 945 ordo
884 889 1045 944 desiit
1075 888 1126 941 io
1159 889 1276 941 aliis
1305 887 1552 948 urbibus,
1577 898 1698 952 quae
1737 880 2027 935 admodum

469 985 683 1054 egregie
715 983 1106 1048 disponuntur,
1145 977 1361 1044 Deoque
1395 991 1488 1044 per
1525 975 1764 1043 psalmos
1800 980 1853 1026 et
1891 973 2042 1041 bym-

472 1089 573 1128 nos
615 1072 941 1133 oﬂeruntur,
974 1071 1026 1122 in
1061 1071 1165 1132 hac
1194 1077 1372 1120 autem
1409 1065 1519 1118 sola
1549 1064 1794 1132 piissimo
1820 1062 2041 1115 civitate

472 1175 662 1219 nostra
701 1163 1089 1217 Thessalonica
1117 1159 1420 1215 secundum
1445 1172 1694 1226 magnam
1723 1155 2042 1215 Ecclesium,

471 1255 934 1327 quemadmodum
971 1253 1140 1314 vides,
1180 1253 1364 1314 frater,
1394 1256 1768 1310 conservatur,
1820 1252 1873 1298 et
1923 1259 2044 1311 per-

475 1357 655 1403 manet
685 1347 984 1402 seeundum
1019 1354 1248 1398 veterem
1301 1353 1355 1395 et
1406 1341 1664 1408 optimam
1723 1350 2042 1406 magnarum

475 1443 690 1496 illarum
724 1437 1090 1493 Ecclesiarum
1137 1431 1613 1496 consuetudinem,
1667 1430 1876 1484 scilicet
1927 1431 2040 1482 An-

479 1532 692 1588 tiochia:
724 1538 777 1584 et
804 1529 1098 1582 multarum
1136 1526 1389 1579 aliarum.

866 1771 1115 1829 CAPITA
1168 1767 1364 1835 CCCII,
1407 1767 1630 1823 (ICCIll.

549 1889 702 1956 Quod
726 1889 1026 1942 retinendus
1055 1888 1118 1940 sit
1152 1885 1283 1956 ordo
1309 1885 1611 1956 cantionum
1641 1885 1693 1936 in
1719 1881 1980 1944 Ecclesia,

793 1970 840 2012 et
885 1961 949 2011 de
995 1956 1182 2026 Typico
1235 1954 1735 2024 Ilierosolyntitano.

560 2181 828 2250 Deprecor
852 2193 959 2239 vos.
996 2179 1051 2233 in
1104 2177 1345 2243 Christo,
1400 2187 1460 2230 ut
1495 2174 1742 2230 ordinem
1796 2149 1943 2228 hunc
2002 2173 2058 2227 in

486 2284 808 2346 perpetuum
841 2271 1193 2334 conservetis,
1229 2279 1281 2324 et
1333 2268 1500 2322 veluti
1539 2267 1773 2322 scintilla
1808 2265 2057 2336 quasdam

489 2361 674 2423 divina
705 2364 926 2418 traditio
975 2361 1197 2416 Patrum
1240 2367 1547 2428 perseveret
1582 2377 1594 2412 :
1649 2373 1810 2427 quam
1844 2371 1968 2410 cum
2006 2363 2062 2409 et

489 2459 593 2528 ipsi
627 2456 857 2512 velimus
900 2463 960 2509 ut
1013 2454 1327 2521 incorrupta
1374 2461 1754 2512 conservetur,
1806 2456 1862 2504 et
1898 2447 2062 2503 veluti

482 2551 900 2607 condimentum
932 2546 1076 2616 quod
1103 2544 1446 2599 dulcedinem
1473 2543 1752 2604 conciliat,
1783 2543 2061 2610 persistat,

491 2645 568 2699 illi
597 2653 649 2698 et
705 2655 942 2697 canones
997 2636 1401 2704 subjunximus,
1433 2653 1500 2690 ne
1536 2637 1660 2705 quis
1713 2636 1858 2690 circa
1919 2636 2064 2689 bona

491 2743 888 2798 murmurator,
925 2739 981 2786 et
1005 2731 1216 2784 ordinis
1247 2731 1488 2797 ignarus,
1517 2728 1650 2796 quin
1677 2727 1786 2781 imo
1818 2727 1968 2796 piger
2002 2741 2066 2780 ac

493 2828 700 2896 segnis,
770 2824 1049 2879 nonnullis
1119 2822 1426 2895 adiurantis
1502 2820 1854 2889 praetextibus
1921 2819 2068 2873 illius

495 2918 920 2974 destructionem
968 2914 1312 2970 machinetur
1345 2929 1359 2977 ;
1396 2927 1504 2967 non
1538 2909 1728 2967 solitos
1789 2912 2066 2982 inquiens,

493 3019 548 3064 et
578 3025 668 3078 qm
705 3010 772 3062 ab
796 3006 1050 3061 omnibus
1080 3013 1348 3058 canuntur
1379 3018 1621 3058 canones
1665 3004 1866 3057 audiri.
1900 3001 2058 3057 Nunc

493 3102 643 3157 enim
675 3109 727 3154 ct
771 3099 822 3153 hi
854 3097 1021 3151 additi
1061 3105 1208 3151 sunt.
1240 3099 1309 3150 At
1367 3096 1448 3150 his
1501 3097 1596 3165 qui
1637 3097 1903 3151 attentius
1950 3097 2070 3150 ani-

498 3210 651 3250 mum
686 3192 983 3262 applicant.
1017 3190 1420 3258 alacrioresque
1456 3197 1606 3251 sunt,
1640 3188 1966 3250 ordinatior,
2015 3197 2072 3242 et

484 3288 719 3338 .suavior
749 3299 834 3344 eo,
878 3282 972 3350 qui
1011 3281 1062 3332 in
1116 3280 1462 3333 monasteriis
1494 3287 1548 3332 et
1575 3279 1696 3334 aliis
1734 3279 1850 3334 fere
1901 3281 2075 3332 omni-

491 3379 604 3430 bus
637 3373 885 3427 ecclesiis
942 3373 1023 3433 tit.
1071 3370 1164 3438 qui
1203 3386 1269 3423 ex
1319 3369 1809 3439 Hierosolymitano
1860 3368 2073 3438 Typico

490 3464 822 3521 monasterii
845 3461 1030 3517 Sancti
1065 3461 1220 3516 Saba:
1239 3461 1374 3515 ordo
1406 3461 1798 3529 praescribitur,
1833 3460 2066 3527 accedit,

491 3559 648 3628 ,quod
703 3555 912 3609 scilicet
961 3554 1030 3607 ab
1085 3546 1194 3607 uno
1241 3568 1417 3621 eoque
1467 3552 1585 3607 solo
1642 3553 1828 3622 perfici
1869 3562 2073 3623 potest,

498 3651 727 3720 quando
789 3663 816 3700 a
875 3646 1158 3701 monachis
1215 3644 1542 3714 dispositum
1584 3653 1690 3711 est,
1754 3655 1808 3700 et
1865 3647 2076 3713 absque

508 3756 673 3798 cantu
715 3741 1018 3810 sazpiss'tme
1052 3739 1119 3791 ’in
1163 3737 1434 3791 coenobiis
1476 3737 1811 3790 absolvatur.
1861 3738 1927 3791 Et
1966 3738 2081 3792 haec

510 3834 727 3905 quidem
768 3832 1112 3893 constitutio,
1154 3844 1316 3898 quant
1363 3828 1596 3882 maxime
1644 3831 1974 3894 necessaria,
2028 3838 2082 3882 et

508 3924 765 3980 Patribus
825 3919 1345 3976 convenientissima
1398 3926 1536 3994 est._
1570 3917 1784 3972 Etenim
1856 3930 2080 3975 sanctus

507 4015 668 4070 Pater
702 4021 886 4068 noster
913 4012 1051 4066 Saba
1071 4024 1188 4064 eam
1212 4009 1549 4079 prazscripsit
1583 4025 1612 4063 a
1646 4011 1850 4066 sanctis
1879 4009 2086 4082 Euthy-

513 4110 623 4161 mio
647 4115 700 4160 ct
729 4103 1041 4158 Thcoctisto
1083 4112 1360 4169 acceptam
1387 4119 1401 4154 :
1429 4101 1481 4153 hi
1510 4115 1673 4170 porro
1703 4116 1732 4154 a
1763 4102 2080 4168 majoribus,

514 4208 566 4252 ct
591 4195 926 4263 homologcta
957 4193 1257 4247 Cltaritone
1287 4193 1732 4260 desumpserunt.
1768 4191 1924 4246 Sacri
1957 4209 2085 4247 vero

519 4290 677 4344 Saba:
704 4285 1172 4348 constitutionem,
1204 4292 1263 4338 ut
1308 4284 1638 4348 audivimus,
1679 4285 1817 4340 locis
1865 4286 1974 4340 illis
2011 4286 2087 4339 ir-

2136 415 2237 482 τῆς
2266 411 2586 483 παννυχίδος
2614 410 2901 478 λεγόμεναι
2926 424 2939 439 ’
2968 409 3060 460 καὶ
3086 406 3222 477 αὑτὴ
3246 406 3301 458 δέ
3324 406 3357 476 ἡ
3408 402 3502 456 τοῦ
3547 403 3707 454 ἐσπε-

2140 506 2289 576 ρινοῦ
2321 505 2454 575 εὐχὴ
2481 506 2544 556 ἐκ
2569 503 2669 573 τῆς
2699 500 3019 563 ἀκολουθίας
3049 500 3265 570 ἐκείνης
3296 497 3453 551 οὖσα.
3495 496 3709 548 Ἐκεῖνα

2138 600 2246 670 γὰρ
2268 597 2635 666 ἀναφέρουσιν
2665 597 2720 648 αἱ
2753 595 2907 664 εὐχαὶ
2939 593 3026 646 διὰ
3052 592 3146 644 τοῦ
3180 592 3370 661 ἱερέως
3427 589 3506 656 τῷ
3566 587 3710 655 Θεῷο

2139 690 2174 744 ἂ
2203 691 2250 741 οἱ
2278 687 2572 754 ψάλλοντες
2595 685 2805 756 ᾄδουσι.
2842 684 2955 750 Καὶ
3005 686 3038 751 ὴ
3094 680 3189 735 τοῦ
3232 678 3602 750 πεντηκοστοῦ
3655 677 3713 744 δὲ

2142 777 2275 848 εὐχὴ
2297 777 2454 830 τοῦτο
2476 776 2738 838 δείκνυσι,
2773 775 2866 826 καὶ
2895 775 2927 842 ἡ
2970 772 3077 826 τῶν
3098 772 3285 824 αῖνων.
3326 767 3468 822 Ἀλλ’
3524 771 3554 836 ἠ
3619 767 3717 835 μὲν

2143 867 2426 940 ᾀσματικὴ
2489 866 2629 933 αὕτη
2675 864 2979 921 ἀκολουθία
3038 863 3317 916 πέπαυται
3374 863 3430 913 ἐν
3495 860 3715 911 πόλεσιν

2144 962 2356 1024 ἄλλαις,
2380 959 2562 1021 καλῶς
2590 953 2725 1010 οὖσα
2756 955 3167 1024 συντεθειμένη.
3194 955 3291 1006 καὶ
3345 951 3434 1004 διὰ
3486 949 3720 1018 ψαλμῶν

2146 1047 2306 1119 215
2329 1047 2423 1100 καὶ
2445 1045 2721 1115 ἐφυμνίων
2745 1043 2863 1111 Θέῷ
2886 1042 3292 1113 ἀναφερομένη·
3319 1047 3376 1095 ἐν
3405 1040 3537 1110 μόνῃ
3574 1040 3630 1092 δέ
3653 1041 3720 1108 τῇ

2147 1138 2400 1205 ἡμετέρᾳ
2454 1134 2626 1204 ταύτῃ
2697 1133 3063 1202 εὐσεϐεστάτη
3129 1133 3282 1183 πόλει
3353 1127 3735 1197 Θεσσαλονίκῃ

2149 1231 2292 1282 κατὰ
2341 1230 2443 1296 τὴν
2489 1227 2735 1297 μεγάλην
2767 1225 2935 1295 αὐτῆς
2979 1223 3325 1292 Ἐκκλησίαν,
3352 1219 3536 1281 καθὼς
3568 1220 3720 1288 ὁρᾷς.

2150 1320 2368 1387 ἀδελφέ,
2413 1319 2812 1388 συντετήρηται
2868 1316 2965 1369 καὶ
3015 1315 3212 1384 μένει,
3265 1311 3409 1365 κατά
3452 1310 3512 1363 τὸ
3551 1309 3720 1362 πάλαι

2151 1413 2438 1468 κάλλιστον
2487 1411 2596 1464 τῶν
2655 1411 2909 1480 μεγάλων
2959 1407 3268 1476 ἐκκλησιῶν
3311 1404 3534 1458 ἐκείνων
3581 1401 3725 1466 ἔθος,

2153 1507 2254 1576 τῆς
2289 1503 2678 1576 βασιλευούσης
2709 1504 2856 1573 φημὶ
2897 1501 2991 1554 καὶ
3045 1495 3402 1568 Ἀντιοχείας.
3441 1494 3536 1548 καὶ
3573 1492 3727 1546 πλείσ-

2161 1616 2300 1652 στων
2330 1598 2526 1653 ἄλλων.

2661 1752 2906 1804 ΚΕΦΑΑ.
2960 1749 3082 1811 ΤΒ’,
3117 1746 3239 1800 TI".

2159 1868 2294 1942 Napi
2351 1866 2458 1942 τοῦ
2488 1865 2822 1942 τηρεῖσθαι
2863 1861 2986 1942 ’τὴ-ν
3013 1857 3358 1942 ᾀσμαςικὴν
3386 1857 3728 1942 {sq-oneror:

2229 1930 2624 2062 gl‘xolovglas',
2673 1935 2772 1989 καί
2821 1934 2956 2004 περὶ
3011 1930 3121 1986 τοῦ
3160 1930 3731 1999 Ἰεροσολυμητικοῦ

2277 2022 2518 2062 υπικου.

2233 2147 2342 2199 Καὶ
2371 2145 2561 2215 δέομαι
2590 2144 2744 2214 ὑμῶν
2772 2144 2828 2196 ἐν
2859 2139 3080 2214 Χριστῷ
3113 2139 3497 2210 συντηρεῖσθαι
3525 2137 3732 2204 ταύτην

2163 2238 2261 2306 τὴν
2295 2235 2448 2300 τάξιν
2477 2239 2643 2307 μέχρι
2673 2235 2878 2299 παντὸς
2908 2234 3004 2287 καὶ
3033 2233 3106 2295 ὡς
3133 2231 3408 2302 σπινθῆρά
3433 2247 3556 2283 τινα
3591 2229 3733 2282 θεῖον

2169 2331 2352 2401 μένειν
2385 2331 2441 2380 ἐν
2478 2330 2615 2397 ἡμῖν
2673 2329 2796 2397 τὴν·
2820 2326 3122 2395 παράδοσιν
3164 2326 3274 2378 τῶν
3305 2323 3590 2392 Πατέρων.
3631 2319 3736 2374 Ἢν

2165 2421 2229 2490 δὴ
2274 2421 2367 2473 καὶ
2404 2421 2566 2488 ἡμεῖς
2609 2417 2925 2488 βουλόμενοι
2978 2417 3135 2486 ἀσινῆ
3178 2415 3466 2484 τηρεῖσθαι
3501 2413 3598 2465 καὶ
3639 2412 3738 2481 μέ-

2165 2531 2279 2567 νειν
2309 2512 2498 2582 ὥσπερ
2532 2511 2757 2582 ἥδυσμά
2799 2528 2851 2563 τι
2883 2511 2978 2562 καῖ⁹
3007 2509 3230 2578 ἄρτυμα
3265 2507 3580 2574 γλυκαῖνον,
3614 2520 3733 2554 συνο

2168 2606 2494 2675 ηρμόσαμεν
2551 2604 2686 2673 αὐτῇ
2719 2603 2815 2655 καὶ
2850 2602 2920 2654 τά
2953 2600 3062 2653 τῶν
3125 2598 3392 2662 κανόνων,
3433 2596 3519 2649 ἵνα
3553 2597 3627 2665 μή
3655 2610 3740 2655 τις

2169 2695 2486 2764 γογγυστὴς
2520 2696 2651 2760 περὶ
2713 2693 2779 2746 τὰ
2827 2692 2968 2745 καλὰ
2997 2690 3092 2743 καὶ
3125 2689 3200 2758 μὴ
3234 2686 3438 2756 γνῶσιν
3469 2686 3610 2756 ἔχων
3641 2684 3741 2745 τῆς

2170 2788 2394 2854 τάξεως,
2444 2785 2782 2856 ἀκηδιαστὴς
2821 2786 2878 2838 δὲ
2943 2783 3146 2845 μᾶλλον
3198 2781 3292 2834 καὶ
3344 2778 3586 2851 ῥᾴθυμος
3641 2775 3741 2840 ὢν,

2173 2883 2473 2951 προφάσεις
2505 2878 2656 2948 εὖροι
2693 2879 2866 2943 τινας,
2901 2876 2996 2928 καὶ
3028 2877 3251 2945 χωρήσῃ
3301 2872 3441 2942 πρὸς
3489 2871 3588 2941 τὴν
3613 2868 3735 2923 ταύυ

2121 3008 2141 3026 ς
2173 2991 2273 3043 της
2305 2971 2630 3034 κατάλυσιν,
2675 2969 2870 3037 λέγων,
2926 2967 3000 3030 ὡς
3051 2967 3127 3019 ού’
3169 2967 3295 3028 τοὺς
3347 2963 3599 3033 συνήθεις
3648 2964 3746 3016 καὶ

2173 3071 2323 3139 παρά
2383 3065 2602 3118 πάντων
2652 3063 2947 3132 ᾀδομένους
3010 3058 3285 3129 ἀκούομεν
3343 3054 3747 3118 κανόνας.Νὖν

2171 3161 2282 3229 γάρ
2337 3161 2432 3211 καὶ
2492 3151 2639 3211 οὗτοι
2699 3155 3080 3226 συνήφθησαν,
3137 3153 3378 3214 καὶτοῖς
3417 3151 3749 3220 προσέχουσι

2173 3255 2266 3305 καὶ
2310 3251 2784 3321 προθυμουμένοις
2842 3247 3207 3316 εὐτακτοτέρα
3261 3245 3460 3315 μᾶλλον
3493 3243 3588 3297 κα1⁵
3621 3244 3750 3313 ἠδυ-

2178 3346 2313 3414 τέρα
2363 3344 2502 3414 αὕτη
2555 3344 2664 3396 τῶν
2717 3344 2773 3395 ἐν
2819 3343 2943 3404 ταῖς
3000 3341 3186 3409 μοναῖς
3224 3336 3556 3390 ἀκολουθιῶν
3604 3353 3752 3402 γινο-

2180 3439 2381 3508 μένων.
2421 3436 2508 3489 Ἐν
2559 3435 2786 3496 ταύταις
2827 3433 2885 3486 δὲ
2931 3434 3049 3494 ταῖς
3083 3430 3269 3500 μοναίς
3299 3431 3393 3482 καὶ
3427 3428 3611 3498 σχεδὸν
3641 3428 3750 3482 πά-

2180 3545 2301 3589 σαις
2329 3528 2448 3588 ταῖς
2479 3525 2801 3594 ἐκκλησίαις
2849 3526 2884 3592 ὴ
2926 3522 3022 3576 τοῦ
3055 3521 3165 3577 ἀπὸ
3192 3520 3305 3574 τῶν
3351 3518 3746 3590 Ἰεροσολύμων

2178 3621 2421 3676 Τυπικοῦ
2459 3624 2557 3690 τῆς
2591 3619 2757 3690 μονῆς
2783 3615 2878 3670 τοῦ
2908 3615 3066 3686 ἀγίου
3092 3614 3276 3670 Σάϐϐα
3308 3614 3540 3668 τελεῖται
3568 3612 3745 3677 τάξις.

2181 3716 2304 3767 Ὅτι
2345 3714 2408 3780 δὴ
2439 3712 2534 3765 καὶ
2585 3709 2736 3781 παρὰ
2776 3708 2939 3780 μόνου
2971 3709 3124 3772 τινος
3143 3709 3368 3762 δυνατόν
3398 3712 3513 3760 ἐστι
3541 3707 3750 3775 ταύτην

2181 3806 2449 3874 γίνεσθαι,
2477 3805 2598 3857 ἐπεὶ
2644 3804 2738 3856 καὶ
2785 3802 2938 3872 παρὰ
2971 3802 3220 3872 μοναχῶν
3255 3800 3500 3865 ἐξετέθη,
3527 3801 3619 3853 καὶ
3642 3817 3753 3868 χω-

2185 3901 2268 3966 ρὶς
2327 3898 2587 3967 ᾀσμάτων
2639 3895 2900 3958 πολλάκις
2963 3896 3020 3949 ἐν
3075 3894 3364 3958 κοινοϐίοις
3425 3894 3753 3948 ἐκτελεῖται.

2185 3995 2295 4047 Καὶ
2327 3995 2360 4062 ἡ
2394 3989 2620 4059 τοιαύτη
2645 3988 2704 4042 δὲ
2742 3988 2986 4053 διάταξις
3041 3988 3448 4059 ἀναγκαιοτάτη
3498 3993 3593 4042 καὶ
3649 4008 3754 4042 πα-

2185 4087 2375 4156 τρική.
2403 4087 2513 4138 Καὶ
2546 4084 2654 4154 γάρ
2683 4085 2710 4136 ὁ
2751 4083 2894 4144 θεῖος
2939 4082 3128 4152 Πατὴρ
3176 4081 3332 4152 ἡμῶν
3378 4085 3592 4146 Σάϐϐας
3622 4082 3760 4137 ταύ-

2186 4197 2286 4247 την
2338 4175 2712 4232 διετυπὼσατο
2740 4216 2755 4242 ,
2806 4173 3139 4245 παραλαϐὼν
3189 4174 3358 4245 αὐτὴν
3411 4176 3518 4229 ἀπὺ
3568 4176 3664 4230 τοῦ
3700 4179 3761 4229 ἐν

2190 4275 2364 4342 ἁγίοις
2396 4273 2673 4339 Εὐθυμίου
2725 4271 2821 4324 καὶ
2854 4270 3202 4325 Θεοκτίστου.
3236 4265 3394 4324 Οὗτοι
3449 4271 3507 4324 δὲ
3546 4288 3609 4340 γε
3655 4271 3764 4324 ἀπὸ

519 4381 776 4449 ruptione
797 4379 1157 4432 Barbarorum
1191 4377 1441 4438 vastatis,
1485 4377 1841 4445 deperditam,
1863 4386 2085 4430 sanctus

2187 4367 2296 4419 τῶν
2351 4365 2456 4434 προ
2497 4364 2714 4426 αὐτῶν,
2755 4364 2850 4415 καὶ
2901 4361 2997 4414 τοῦ
3046 4361 3385 4433 ὁμολογητοῦ
3440 4363 3764 4431 Χαρίτωνος

519 4471 682 4526 Pater
709 4480 892 4524 noster
924 4467 1287 4537 Sophronius,
1315 4471 1520 4521 sanctae
1567 4467 1806 4520 civitatis
1852 4468 2085 4535 patriar-

519 4565 639 4623 cha,
673 4561 856 4614 studio
902 4559 1194 4628 laboreque
1228 4557 1470 4612 restituit
1505 4573 1519 4621 ;
1573 4564 1627 4611 et
1663 4565 1786 4624 post
1813 4573 1936 4610 eum
1971 4574 2091 4611 rur-

519 4669 615 4708 sus
681 4653 902 4706 divinus
958 4660 1012 4705 et
1058 4649 1236 4704 ’rebus
1305 4648 1625 4717 theologicis
1691 4649 2091 4717 pertractandis

520 4742 819 4796 acerrimus
852 4748 1088 4795 Joannes
1117 4738 1486 4792 Damasceuus
1516 4736 1816 4802 renovavit,
1848 4739 2089 4805 scripto-

521 4850 626 4902 que
653 4832 1030 4884 demandatum
1064 4831 1305 4883 tradidit.

597 4923 743 4975 ilanc
767 4922 931 4990 igitur
960 4921 1261 4974 subsecntae
1303 4935 1471 4975 sacra:
1525 4936 1717 4976 omnes
1774 4920 2093 4975 monasticae

526 5016 815 5071 societates
863 5027 928 5067 ac
957 5012 1219 5074 ecclesize,
1275 5024 1468 5082 printer
1523 5015 1784 5082 quasdam
1841 5015 2094 5084 proprias

525 5111 897 5166 institutiones
923 5109 1222 5162 secundum
1281 5117 1524 5179 tempora
1586 5119 1822 5166 statutas
1890 5126 2099 5180 magna:

525 5200 1026 5270 Constantinopolis
1081 5198 1332 5254 Ecclesiae
1385 5217 1447 5254 ex
1504 5204 1727 5271 antiquo
1775 5204 1986 5266 ordine,
2047 5214 2102 5257 et

427 5348 437 5364 ,
525 5310 647 5365 qua:
682 5295 734 5347 in
769 5293 970 5347 mundo
1001 5301 1131 5346 sunt
1163 5292 1440 5357 Ecclesiis,
1483 5294 1742 5362 quoniam
1788 5295 1863 5348 illi
1903 5295 1994 5363 qui
2046 5295 2098 5347 in
2131 5318 2133 5321 ·

528 5384 732 5436 mutulo
759 5391 886 5437 sunt
920 5382 1100 5435 omnia
1147 5392 1426 5450 nequeunt
1458 5397 1751 5452 peragere;
1788 5401 1897 5436 non
1955 5385 2098 5437 enim

529 5473 718 5526 dicunt
773 5470 1090 5525 Psalterium
1149 5472 1254 5527 nisi
1293 5473 1344 5525 in
1404 5483 1592 5528 sancta
1645 5475 1873 5542 solaque
1909 5488 2101 5540 magna

531 5562 1150 5632 Quadragesima,sacra
1186 5565 1256 5620 ita
1291 5565 1499 5619 faciunt
1530 5569 1780 5622 universa
1817 5574 2098 5620 utcnasle-

534 5669 638 5708 ιἰἑὶο

2194 4459 2584 4526 παρειλήφασι.
2618 4458 2728 4527 Τὴν
2756 4455 2814 4508 δέ
2844 4452 2936 4507 τοῦ
2975 4453 3119 4522 ἱεροῦ
3167 4454 3354 4507 Σάϐϐα
3403 4454 3762 4514 διατύπωσιν.

2193 4548 2268 4608 ὡς
2292 4546 2592 4614 ἐμάθομεν,
2628 4543 3075 4611 καταφθαρέντος
3123 4543 3218 4596 τοῦ
3277 4542 3445 4595 τόπου
3492 4543 3597 4596 ὑπὸ
3634 4541 3772 4611 βαρ-

2195 4637 2379 4704 ϐάρων
2415 4636 2827 4702 ὰφανισθεῖσαν,
2857 4637 2885 4689 ὁ
2922 4637 2979 4687 ἐν
3013 4634 3191 4702 ἀγίοις
3228 4635 3417 4705 Πατὴρ
3451 4636 3610 4704 ἡμῶν
3651 4635 3765 4687 Σω-

2197 4731 2414 4798 φρόνιος
2453 4731 2481 4781 ὁ
2528 4729 2627 4796 τῆς
2665 4727 2830 4794 ἁγίας
2877 4727 3087 4790 πόλεως
3135 4729 3507 4797 πατριάρχης,
3538 4728 3766 4796 φιλοπο-

2197 4823 2367 4889 νήσας
2403 4817 2618 4882 ἐξέθετο
2643 4832 2656 4846 ⁸
2700 4819 2794 4870 καὶ
2824 4817 2943 4885 μετ’
2977 4819 3140 4870 αὐτὸν
3181 4817 3346 4869 πάλιν
3373 4820 3401 4868 ὁ
3435 4816 3579 4886 θεῖος
3611 4817 3769 4885 ἡμῶν

2199 4911 2296 4964 κοιλ⁹
2325 4909 2638 4977 θεολογικὸς
2677 4909 2867 4978 Πατὴρ
2895 4909 2924 4960 ὁ
2954 4909 3314 4978 Δαμασκηνὸς
3362 4907 3618 4975 Ἰωάννης
3646 4908 3772 4958 ἀνε-

2197 5003 2460 5064 νεώσατο,
2502 5000 2596 5054 καὶ
2645 4999 2864 5068 γράψας
2903 5000 3208 5068 παρέδωκε.

2271 5092 2455 5160 Ταύτῃ
2503 5088 2596 5144 οὖν
2627 5089 3094 5144 ἐπακολουθοῦσαι
3125 5093 3293 5144 πᾶσαι
3330 5089 3475 5159 ίεραί
3517 5107 3574 5142 τε
3612 5089 3772 5157 μοναὶ

2201 5186 2299 5240 καὶ
2347 5185 2656 5254 ἐκκλησίαι,
2691 5184 2832 5252 πλήν
2877 5201 3042 5236 τινων
3098 5184 3206 5254 ἰδίᾳ
3236 5181 3592 5252 τεταγμένων
3630 5181 3776 5233 κατά

2203 5279 2452 5350 καιροὺς,
2483 5281 2550 5348 τῇ
2595 5276 2808 5347 μεγάλῃ
2852 5275 3152 5345 Ἐκκλησίᾳ
3195 5273 3295 5342 τῆς
3328 5273 3775 5327 Κωνσταντινου-

2205 5372 2415 5434 πόλεως
2445 5372 2553 5424 ἀπὸ
2583 5372 2683 5438 τῆς
2715 5371 2882 5423 πάλαι
2917 5369 3145 5432 τάξεως,
3181 5368 3272 5421 καὶ
3322 5369 3443 5430 ταῖς
3481 5369 3778 5434 κοσμικαῖς

2205 5462 2554 5531 ἐκκλησίαις,
2585 5462 2673 5514 διὰ
2717 5460 2780 5513 τὸ
2834 5459 2908 5528 μὴ
2956 5459 3163 5527 ἰσχύειν
3213 5457 3388 5509 τελεῖν
3443 5457 3620 5508 πάντα
3653 5457 3782 5516 τοὺς

2207 5558 2263 5608 ἐν
2284 5557 2360 5626 τῷ
2390 5554 2603 5623 κόσμῳ,
2636 5553 2698 5606 οὐ
2738 5553 2845 5624 γάρ
2882 5552 3193 5620 Ψαλτήριον
3221 5550 3460 5616 λέγουσι,
3480 5545 3620 5616 πλὴν
3676 5545 3782 5611 τῆς

2209 5646 2370 5713 ἁγίας
2393 5645 2486 5697 καὶ
2525 5633 2692 5712 μόνης
2725 5641 2966 5711 μεγάλης
3021 5637 3496 5709 Τεσσαρακοστῆς,
3541 5634 3598 5687 αί
3635 5635 3785 5704 ἱεραὶ

2214 5740 2383 5794 πᾶσαι
2447 5733 2604 5804 μοναὶ
2664 5732 2911 5786 πειοῦσιν
2953 5731 3114 5785 οὕτω.
3799 5721 3816 5742 ⁷
