4108 6262
401 188 508 250 559
783 187 810 210 ⁵

1227 189 1605 250 SYMEONIS
1636 187 2083 249 TIIESSALO.\Y
2097 185 2393 246 lCENSlS
2438 189 2473 242 Α
2490 187 2638 246 RCU
2655 188 2796 246 lEP.

3541 191 3645 247 {15"

391 295 598 365 risque,
630 295 886 364 quoniam
942 303 1161 364 peccata
1193 294 1366 349 Adam
1423 294 1699 363 totiusque
1732 293 1950 364 generis
1985 337 1991 353 .

2080 293 2272 346 πλείοσι
2305 293 2540 362 λέγομεν
2577 291 2789 362 ὕμνοις.
2832 292 2987 344 Ἐπεὶ
3033 292 3127 346 καὶ
3159 290 3363 360 ὥσπερ.
3391 283 3546 354 οὗτος

395 386 562 441 nostri
611 393 665 440 et
705 386 958 442 Ecclesize
1006 401 1126 455 quae
1198 394 1367 441 estex
1408 387 1656 455 gentibus
1713 392 1960 451 enarrat,

393 477 538 533 illius
592 479 806 547 quidem
875 492 976 546 per
1020 478 1352 547 voluptatem
1421 483 1476 531 et
1539 476 1962 531 inobedicntiam

399 569 621 632 mortui,
660 568 824 635 hujus
847 577 1052 633 autem,
1085 577 1269 637 utpote
1303 568 1453 636 prius
1501 567 1752 630 infidelis.
1811 566 1965 620 adul-

394 662 588 714 terium
619 670 876 730 operatze,
910 676 1118 715 necnon
1167 661 1362 714 animae
1417 676 1602 715 necem
1633 669 1686 714 et
1731 669 1963 714 mortem
2013 693 2020 698 -

392 761 576 820 utpote
631 768 660 805 a
716 752 824 806 Deo
867 752 1144 815 distantis,
1213 768 1361 807 nunc.
1411 767 1540 806 vero
1581 751 1960 806 misericordia

354 893 358 898 .
394 844 490 897 Dei
516 853 786 898 revocata),
824 851 884 896 ut
921 842 1157 912 Spiritus
1189 854 1414 898 sanctus
1455 843 1798 898 abundanter
1825 843 1878 894 in
1908 855 1966 896 se

393 941 687 988 renovetur
735 933 1093 988 obsecrantis.

917 1044 1147 1100 CAPUT
1181 1044 1425 1100 CCCVI].

395 1137 468 1191 De
493 1137 695 1205 psalmo
733 1135 970 1191 CXVIII
1005 1138 1095 1208 qui
1129 1137 1314 1205 incipit
1353 1153 1367 1190 :
1408 1136 1689 1204 Μακάριοι
1733 1136 1778 1185 οἱ
1817 1135 1968 1202 ἄμω-

1121 1223 1235 1273 μοι.

466 1295 663 1348 Verum
695 1305 818 1364 post
843 1294 1010 1359 hunc,
1030 1295 1269 1362 psalmos
1297 1310 1309 1347 :
1347 1312 1364 1343 ι
1389 1293 1531 1346 Beati
1556 1291 1912 1356 immaculati,
1944 1311 1962 1343 ι

395 1389 694 1443 secundum
719 1387 964 1440 ordinem
993 1387 1430 1454 pronuntiamus,
1455 1387 1652 1456 quibus
1680 1387 1730 1439 in
1761 1399 1969 1438 mento.

398 1480 534 1532 riam
556 1481 864 1532 referuntur
889 1479 976 1532 Dei
1002 1493 1222 1547 regnum
1250 1488 1301 1532 ct
1330 1479 1535 1546 judicia
1558 1489 1605 1532 et
1627 1478 1968 1546 justificatio-

396 1585 512 1634 nes,
528 1577 579 1622 ct
599 1571 908 1624 testimonia
926 1570 1196 1638 verbaque
1213 1577 1266 1622 et
1285 1570 1554 1624 mandata.
1569 1570 1712 1636 Quos
1729 1570 1968 1638 psalmos

2074 385 2170 438 τοῦ
2209 386 2382 450 Ἀδὰμ
2419 385 2604 438 καὶτὰ
2638 385 2732 438 τοῦ
2764 386 3033 455 ἡμετέρου
3072 385 3269 450 παντὸς
3298 385 3512 453 γένους,
3555 363 3652 436 καιὶ

2073 476 2173 545 τῆς
2222 475 2282 539 ἐξ
2329 475 2498 528 ἐθνῶν
2543 474 2871 543 Ἐκκλησίας
2921 475 3254 545 διαγορεύει,
3289 474 3385 527 τοῦ
3422 475 3524 544 μὲν
3559 475 3653 526 0a-

2074 566 2405 626 νατωθέντος
2439 563 2507 616 δι’
2545 566 2742 634 ἡδονῆς
2772 565 2873 635 τῆς
2913 566 3221 636 παρακοῆς,
3271 564 3374 634 τῆς
3408 564 3465 618 δὲ
3515 567 3652 631 πρό-

2074 674 2234 726 τερον
2264 657 2340 719 ὡς
2375 657 2604 710 ἀπίστου
2628 699 2643 722 ,
2678 657 2926 726 μοιχείαν
2961 656 3360 726 ἐργαζομένης,
3395 655 3473 716 ὡς
3515 657 3653 706 ἀπο·

2077 750 2283 818 στάσης
2329 749 2436 801 ἀπὸ
2487 749 2646 812 Θεοῦ,
2681 751 2774 801 καὶ
2810 751 2971 816 φόνον
2995 748 3174 818 ψυχῆς
3204 748 3303 800 καὶ
3351 745 3649 815 νέκρωσιν,

2076 837 2214 888 ἐλέει
2243 838 2298 890 δὲ
2347 837 2483 891 Θεοῦ
2526 838 3024 910 ἐπανακληθείσης,
3076 839 3172 893 καὶ
3220 838 3283 891 τὸ
3335 837 3560 908 Πνεῦμα
3588 839 3652 891 τὸ

2077 928 2232 993 ἆγιον
2256 918 2316 980 ἐν
2351 930 2487 997 αὐτῇ
2532 928 2772 993 δαψιλῶς
2803 929 3152 997 ἐγκαινισϐὲν
3183 929 3508 999 δεξαμένης.

2646 1043 2893 1097 ΚΕΦᾹΛ.
2956 1044 3081 1097 TZ'.

2373 1136 2510 1204 Περὶ
2541 1135 2656 1189 τῶν
2680 1135 2938 1205 ψαλμῶν
2972 1136 3076 1190 τοῦ
3104 1136 3373 1204 ἀμώμου.

2148 1295 2302 1347 Μετὰ
2350 1294 2541 1346 τοῦτον
2577 1295 2631 1346 δὲ
2663 1295 2790 1355 τοὺς
2826 1293 2922 1346 τοῦ
2965 1295 3201 1364 ἀμώμου
3229 1293 3474 1362 ψαλμοὺς
3513 1295 3650 1346 me

2077 1388 2280 1456 στίχον,
2311 1367 2410 1454 τὴν
2443 1385 2538 1439 τοῦ
2589 1385 2725 1441 Θεοῦ
2775 1387 3075 1456 βασιλείαν,
3128 1387 3221 1440 καὶ
3268 1387 3333 1439 τὰ
3380 1386 3647 1455 κρίματα,

2036 1489 2040 1494 ’
2077 1479 2167 1530 καὶ
2199 1479 2264 1530 τὰ
2299 1478 2664 1548 δικαιώματα,
2693 1479 2788 1530 καὶ
2822 1480 2890 1531 τὰ
2930 1477 3228 1547 μαρύτρια,
3253 1478 3435 1529 καὶτὰ
3469 1477 3649 1544 λόγια,

2077 1570 2170 1622 καὶ
2205 1570 2329 1630 τοὺς
2361 1570 2580 1639 νόμους,
2609 1572 2685 1632 εἰς
2715 1571 2938 1638 μνήμην
2963 1569 3370 1639 φέροντας.οὒς
3410 1569 3474 1636 δὴ
3514 1570 3672 1636 ψαλο,

404 1663 819 1716 ,ἰίοἰιιιιιεκοιὶοηι
851 1663 903 1715 in
963 1665 1576 1718 commemorationibus
1629 1671 1948 1716 sanctorum

2080 1662 2203 1728 μοὺς
2230 1661 2327 1712 καὶ
2355 1662 2410 1712 ἐν
2460 1663 2576 1722 ταῖς
2638 1661 2879 1729 μνήμαις
2907 1659 3140 1728 λέγομεν
3173 1657 3281 1711 τῶν
3314 1659 3507 1726 ἁγίων.
3539 1657 3650 1712 Καὶ

404 1746 449 1808 et
505 1756 556 1806 in
616 1754 892 1823 sepultura
949 1753 1184 1807 fideliu'n
1230 1755 1632 1816 defunctorum,
1686 1751 1963 1807 recordNi

404 1852 706 1900 sanctorum
732 1844 911 1912 eqvis:
937 1843 1266 1908 Salvatoris;
1305 1845 1394 1899 h?c
1423 1846 1565 1898 enim
1588 1843 1736 1898 solus
1759 1843 1966 1897 estim-

403 1935 701 1988 maeulatus
736 1919 792 1987 in
827 1935 934 1998 via,
958 1951 1168 1990 necnon
1197 1937 1270 1988 illi
1313 1938 1404 2007 qui
1433 1951 1556 1989 eum
1590 1936 1780 1989 imitati
1813 1942 1964 1999 sont,

404 2038 451 2079 et
499 2025 644 2086 inde,
685 2023 792 2076 Deo
833 2025 934 2078 sibi
989 2026 1297 2094 propitiato,
1335 2027 1511 2081 sancti
1555 2034 1871 2082 evaserunt.

914 2118 1146 2193 CAPUT
1199 2137 1472 2193 cccan

403 2231 746 2302 Quamobrem
797 2251 950 2289 mane
999 2249 1062 2286 ac
1103 2247 1314 2371 Effugere
1379 2231 1632 2284 recitatur
1665 2228 1973 2284 Sumbolum

1183 2318 1252 2356 er.

1183 2318 1252 2356 er.

471 2395 532 2448 At
569 2396 752 2449 statim
781 2397 914 2451 istos
947 2405 1070 2462 post
1102 2395 1364 2460 psalmos,
1389 2391 1794 2479 confessionem
1847 2391 1973 2446 fldei

403 2485 635 2539 dicimus
673 2485 973 2540 secundum
1027 2483 1369 2538 traditionem
1404 2494 1700 2550 paternam,
1743 2482 1976 2538 dicenti-

403 2574 503 2626 bus
530 2573 735 2634 sanctis
764 2573 1014 2626 l’atrihus
1042 2570 1242 2624 nostris
1276 2587 1290 2626 :
1329 2570 1530 2638 «Surge
1565 2580 1618 2623 et
1651 2569 1816 2632 Deum
1853 2571 1972 2638 glo-

403 2664 572 2728 rifica,
601 2664 793 2717 deinde
844 2664 1003 2718 fidem
1044 2665 1346 2728 annuutia;
1391 2680 1409 2712 ι
1464 2662 1808 2716 haecautem
1841 2663 1971 2716 fides

403 2765 621 2812 sacrant
653 2765 735 2809 est
764 2755 1105 2824 Symbolum.
1137 2755 1291 2810 Alius
1325 2770 1453 2810 vero
1482 2763 1799 2811 sanctorum
1837 2753 1972 2809 dixit

402 2860 654 2917 oportere
705 2849 861 2901 fidem
895 2847 1130 2902 nuntiari
1174 2862 1333 2900 mane
1373 2856 1427 2901 et
1455 2863 1703 2916 vespere,
1735 2848 1806 2900 ita
1842 2857 1899 2900 ut
1927 2847 1973 2901 si

407 2956 555 2994 mors
581 2940 945 3004 superveniat,
967 2953 1066 2993 nos
1093 2939 1331 2993 inveniat
1358 2940 1407 2992 in
1439 2940 1802 2995 confessione.
1834 2939 1978 2993 Rur-

407 3049 524 3086 sum
574 3041 692 3102 post
743 3031 898 3085 fidem
943 3031 1141 3086 dicitur
1189 3032 1366 3086 oratio
1412 3031 1645 3102 'frisagii
1683 3042 1735 3087 et
1771 3053 1787 3083 ‹
1816 3033 1975 3086 Pater

411 3133 632 3191 uoster;
663 3142 681 3173 ι
719 3139 841 3176 nam
889 3125 941 3177 iu
977 3124 1249 3192 principio
1276 3135 1329 3178 et
1358 3125 1411 3178 in
1447 3119 1626 3179 medio
1672 3135 1726 3178 et
1770 3127 1824 3178 in
1872 3125 1977 3178 fine

390 3214 726 3270 Trinitatem
784 3225 1002 3282 oportet
1055 3217 1354 3281 celebrare,
1404 3217 1662 3287 quoniam
1717 3217 1834 3284 ipsa
1895 3227 1978 3270 est

403 3307 647 3358 omnium
707 3320 898 3367 causa,
936 3313 990 3358 et
1021 3321 1113 3374 per
1149 3323 1266 3360 eam
1294 3306 1528 3360 iacimus
1561 3306 1771 3367 omnia,
1813 3317 1867 3358 et
1919 3307 1974 3360 in

403 3396 658 3448 omnibus
707 3396 984 3450 emundati
1015 3397 1442 3451 sanctificamur.
1473 3397 1669 3452 Postea
1723 3399 1926 3453 dicitur
1959 3417 1973 3454 :

405 3507 428 3536 4
461 3486 596 3539 Ecce
625 3483 870 3552 Sponsus
925 3486 1094 3550 venit,
1137 3505 1156 3538 ι
1208 3502 1315 3556 quo
1363 3488 1698 3557 patefaciunt
1751 3505 1976 3558 scopum

407 3589 690 3633 nocturna:
719 3577 1066 3642 laudationis,
1098 3588 1152 3632 et
1185 3579 1544 3647 quadragies:
1573 3598 1591 3630 t
1629 3579 1810 3650 Kyrie,
1845 3582 1976 3634 elei-

403 3687 527 3738 son,
557 3691 574 3722 ι
615 3671 841 3740 perinde
871 3685 935 3725 ac
963 3671 1008 3724 si
1056 3669 1294 3725 decimas
1358 3671 1568 3724 dierum
1611 3671 1978 3740 horarumque

406 3775 714 3820 nostrarum
773 3761 882 3818 Deo
939 3764 990 3817 in
1067 3762 1393 3818 sacrificium
1454 3762 1784 3830 oﬂeramus;
1831 3764 1976 3831 quod

407 3858 635 3910 facimus
667 3856 720 3910 in
773 3857 1029 3909 omnibus
1080 3854 1426 3908 orationibus
1482 3854 1912 3910 misericordiam
1947 3870 1976 3906 a

408 3949 517 4001 Deo
550 3964 713 4016 super
747 3942 930 4002 omnia
966 3949 1308 4012 invocantes,
1342 3947 1609 4014 quoniam
1665 3949 1779 4014 ipse
1828 3948 1979 4002 solus

409 4049 582 4108 potest
615 4055 714 4093 nos
743 4039 975 4103 salvare,
1006 4049 1061 4093 et
1088 4039 1214 4107 quia
1248 4028 1598 4092 miseratione
1619 4038 1766 4106 digni
1788 4053 1977 4092 sumus

405 4131 494 4198 qui
531 4129 883 4199 deliquimus,
931 4143 1142 4182 necnon
1177 4129 1305 4197 quia
1341 4142 1445 4180 non
1479 4142 1772 4197 possumus
1801 4128 1980 4181 aliun-

405 4226 470 4276 tle
523 4221 746 4286 salvari,
781 4221 887 4275 nisi
933 4220 1047 4274 sola
1111 4218 1202 4273 Dei
1261 4219 1667 4284 misericordia,
1707 4220 1908 4273 nullam
1947 4233 1975 4272 a

2073 1760 2132 1810 ἐν
2164 1756 2276 1816 τοῖς
2313 1751 2605 1806 ἀπελθοῦσι
2636 1756 2866 1815 πιστοῖς,
2905 1755 2986 1813 είς
3049 1754 3275 1820 μνήμην
3328 1751 3433 1802 τῶν
3481 1750 3651 1816 ἁγίων

2073 1849 2331 1917 ἀγόμενοι
2362 1848 2456 1899 καὶ
2499 1849 2596 1912 τῆς
2626 1846 2744 1897 ὁδοῦ
2786 1844 2880 1896 τοῦ
2933 1845 3208 1912 Σωτῆρος.
3251 1836 3417 1905 Οὗτος
3467 1841 3574 1911 γὰρ
3622 1841 3651 1892 ὁ

2079 1939 2238 2008 μόνος
2273 1939 2505 2006 ἄμωμος
2531 1938 2588 1988 ἐν
2619 1937 2744 2005 ὁδῷ,
2781 1935 2876 1989 καὶ
2928 1935 2980 1986 οἱ
3031 1935 3195 1987 αὑτὸν
3230 1933 3648 2004 μιμησάμενοι,

2077 2030 2173 2083 καὶ
2203 2029 2291 2082 διὰ
2319 2029 2525 2081 τούτων
2551 2029 2853 2096 ἱλεούμενοι
2881 2026 2970 2079 τὸν
2992 2025 3124 2076 Θεὸν
3154 2026 3247 2077 καὶ
3274 2022 3648 2092 ἁγιαζόμενοι.

2639 2142 2903 2196 ΚΕΦΛΛ.
2942 2142 3072 2194 TH’.

2077 2231 2238 2285 Διατί
2271 2231 2422 2300 πρωϊ
2452 2230 2549 2285 καὶ
2587 2228 3099 2367 ἐσπὲᾅῖἓοτῗοίῆῤ
3120 2231 3388 2292 πίστεως
3409 2227 3652 2298 λέγεται

2148 2401 2305 2454 Μετὰ
2349 2397 2575 2458 τούτους
2626 2395 2682 2448 δὲ
2733 2393 2896 2456 εὐθὺς
2955 2392 3053 2463 τὴν
3108 2392 3404 2461 ὁμολογίαν
3433 2393 3533 2460 τῆς
3563 2391 3652 2443 πί-

2081 2503 2250 2548 στεως
2281 2484 2513 2553 λέγομεν
2543 2484 2683 2536 κατὰ
2726 2482 3022 2550 παράδοσιν
3059 2481 3350 2550 πατρικὴν,
3385 2481 3653 2548 λεγόντοιν

2079 2576 2189 2630 τῶν
2221 2577 2384 2628 ὁσίων
2439 2569 2600 2643 ἡμῶν
2635 2572 2913 2641 Πατέρων,
2957 2571 3032 2633 ὡς
3080 2591 3098 2622 ι
3137 2571 3403 2634 Ἀναστὰς
3439 2571 3652 2638 δοξολό-

2080 2683 2248 2736 γησον
2294 2667 2383 2719 τὸν
2410 2665 2563 2730 Θεὸν,
2608 2660 2729 2717 εἶτα
2759 2665 2858 2732 τὴν
2893 2663 3076 2715 πίστιν
3111 2661 3458 2730 ἁνάγγειλον,
3505 2678 3522 2711 ι
3557 2661 3654 2714 καὶ

2082 2759 2228 2810 ἔστιν
2265 2757 2403 2825 αὕτη
2438 2758 2470 2825 ἡ
2502 2757 2688 2817 πίστις
2720 2755 2780 2807 τὸ
2812 2755 2956 2823 ἱερὸν
3003 2752 3306 2823 Σύμϐολον,
3337 2755 3564 2823 Ἕτερος
3595 2752 3656 2804 δέ

2083 2868 2165 2913 τις
2187 2849 2295 2902 τῶν
2323 2851 2484 2901 ὁσίων
2517 2849 2705 2918 φησιν,
2733 2848 2808 2910 ὡς
2837 2848 2918 2900 δεῖ
2949 2848 3047 2916 τὴν
3081 2847 3268 2898 πίστιν
3299 2846 3652 2914 ἁναγγέλὶειν

2086 2939 2230 3009 πρωῒ
2266 2942 2357 2992 καὶ
2385 2940 2648 3009 ἑσπέρας,
2703 2939 2789 2991 ἴνα
2841 2941 2934 2991 ἐὰν
2983 2939 3187 3010 ἐπέλθῃ
3219 2939 3469 3003 Θάνατος,
3503 2941 3647 3008 ἡμᾶς

2081 3032 2230 3101 εὖροι
2274 3033 2329 3083 ἐν
2361 3033 2427 3100 τῇ
2459 3030 2745 3100 ὁμολογίᾳ.
2781 3031 2934 3084 Μετὰ
2963 3031 3018 3092 δὲ
3067 3031 3166 3102 τὴν
3216 3030 3403 3107 πίστιν
3435 3025 3582 3093 αὖθις
3614 3031 3644 3094 ἡ

2081 3125 2172 3178 τοῦ
2203 3123 2503 3194 Τρισαγίου
2529 3161 2544 3188 ,
2577 3124 2674 3174 καὶ
2712 3121 2806 3176 τοῦ
2852 3141 2870 3174 ι
2913 3123 3095 3192 Πάτερ
3127 3124 3308 3193 ἡμῶν,
3353 3143 3371 3175 ι
3422 3141 3650 3194 προσευ-

2080 3218 2174 3287 χή.
2220 3216 2309 3268 Ἐν
2338 3216 2478 3286 ἀρχῇ
2533 3213 2643 3284 γὰρ
2697 3215 2789 3268 καὶ
2819 3214 2961 3284 μέσῃ
3013 3216 3110 3267 καὶ
3158 3216 3217 3267 ἐν
3255 3215 3332 3284 τῷ
3378 3215 3526 3268 τέλει
3559 3217 3655 3283 τὴν

2081 3308 2286 3378 Τριάδα
2314 3309 2396 3361 δεῖ
2425 3307 2716 3382 ἀνυμνεῖν,
2735 3307 2818 3359 ὅτι
2839 3306 3070 3360 ’πάντων
3097 3307 3236 3377 αὕτη
3261 3307 3430 3373 αἰτία,
3463 3309 3557 3359 καὶ
3589 3307 3656 3358 δι’

2081 3401 2254 3465 αὐτῆς
2273 3401 2355 3451 ἐνε
2366 3398 2606 3470 ργοῦμεν
2626 3397 2864 3463 ἅπαντα,
2889 3399 2983 3451 καὶ
3001 3400 3058 3451 ἐν
3079 3399 3254 3452 ἅπασι
3275 3399 3576 3468 τελούμεθὰ
3594 3416 3655 3449 τε

2083 3493 2178 3545 καὶ
2201 3493 2364 3562 217
2399 3491 2801 3562 καθαιρόμεθα.
2829 3488 2962 3544 Εἶτα
2988 3491 3070 3544 ὅτι
3095 3491 3310 3561 ἔρχεται
3331 3492 3358 3542 ὁ
3380 3491 3651 3561 Νυμφίας,

2084 3587 2442 3653 σημαίνοντες
2472 3586 2562 3637 τὸν
2591 3585 2792 3637 σκοπὸν
2816 3583 2914 3654 τῆς
2939 3584 3292 3654 μεσονυκτίου
3322 3583 3650 3650 δοξολογίας.

2082 3678 2190 3730 Καὶ
2220 3677 2299 3740 τὸ,
2343 3695 2362 3727 t
2403 3675 2601 3745 Κύριε,
2643 3676 2892 3741 ἐλέησον,
2938 3693 2956 3726 ι
2999 3674 3432 3746 τεσσαράκοντα,
3462 3674 3536 3736 ὡς
3565 3674 3654 3725 ου-

2085 3769 2208 3821 σίαν
2239 3765 2709 3831 ἀποδεκατὼσεως
2737 3768 2844 3820 τῶν
2877 3769 3106 3837 ἡμερῶν
3144 3767 3294 3837 ἡμῶν
3340 3766 3434 3819 καὶ
3490 3766 3652 3834 ὡρῶν

2081 3860 2157 3930 τῷ
2190 3859 2309 3928 Θεῷ
2337 3859 2802 3928 προσκομίζομεν.
2831 3860 2940 3911 Καὶ
2987 3859 3147 3912 τοῦτο
3176 3857 3439 3928 ποιοῦμεν
3473 3860 3528 3910 ἐν
3555 3860 3655 3913 ea.

2084 3970 2204 4014 σαις
2230 3954 2349 4014 ταῖς
2380 3953 2732 4022 προσευχαῖς,
2763 3952 2855 4004 τὸν
2885 3953 2949 4004 ἐκ
2983 3950 3118 4004 Θεοῦ
3173 3951 3310 4022 ὑπὲρ
3339 3951 3518 4004 πάντα
3536 3952 3656 4003 ἐπι-

2082 4045 2407 4112 καλούμενοι
2449 4045 2628 4096 ἔλεον·
2692 4046 2774 4098 ὅτι
2829 4043 2983 4105 οὗτος
3040 4041 3216 4114 ἰσχύει
3277 4042 3438 4112 μόνος
3482 4041 3655 4094 σῶσαι

2082 4137 2230 4204 ἡμᾶς
2262 4151 2276 4165 °
2312 4137 2404 4188 καὶ
2434 4137 2516 4188 ὅτι
2547 4135 2730 4198 ἐλέους
2777 4134 2916 4200 ἄξιοι
2959 4132 3490 4202 πεπλημμεληκότες
3518 4148 3533 4162 ⁸
3563 4131 3656 4184 καὶ

2081 4230 2163 4282 ὅτι
2186 4229 2283 4299 οὐχ
2311 4230 2484 4281 ἱκανοὶ
2509 4225 2727 4281 ἄλλοθεν
2763 4227 3025 4295 σωθῆναι,
3077 4227 3126 4278 εί
3183 4225 3260 4296 μὴ
3318 4225 3454 4277 ἐλέει
3512 4225 3656 4294 μόνῳ

406 4315 562 4368 nobis
585 4313 851 4366 habentes
876 4309 1342 4379 propitiationem,
1375 4309 1472 4363 sed
1504 4311 1686 4379 potius
1712 4311 1978 4365 habentes

2083 4321 2238 4386 Θεοῦ,
2271 4322 2422 4374 οὐδὲν
2450 4319 2541 4388 ἀφ’
2571 4319 2778 4372 ἑαυτῶν
2801 4318 3018 4389 ἔχοντες
3040 4318 3306 4388 ἐξίλασμα
3337 4332 3353 4348 ⁸
3405 4319 3456 4370 ει
3489 4317 3563 4386 μὴ
3595 4317 3654 4369 τὸ

405 4403 548 4455 unde
579 4401 846 4455 irascatur
879 4399 1021 4454 Deus
1047 4408 1266 4467 propter
1316 4413 1378 4452 ea
1412 4415 1529 4466 quae
1579 4408 1977 4468 perpetratnus,

406 4493 677 4562 loquimur
733 4507 796 4546 ac
863 4491 1189 4560 coiéitamus,
1248 4507 1477 4559 quorum
1543 4506 1710 4544 causa
1770 4490 1978 4560 indigni

404 4603 593 4641 smnus
619 4587 710 4656 qui
741 4587 946 4656 gratias
983 4601 1207 4652 agamus
1237 4585 1634 4653 landemnsque
1671 4599 1733 4636 ac
1787 4584 1981 4652 depre-

406 4695 612 4744 cetnur,
667 4679 774 4733 nisi
835 4678 938 4732 hoc
993 4678 1336 4732 solummodo
1395 4677 1697 4731 dicamus:
1738 4676 1975 4746 tKyrie,

406 4770 632 4832 eleison,
663 4786 682 4819 ι
717 4778 772 4821 et
830 4767 883 4820 in
920 4768 1096 4821 solum
1144 4767 1552 4821 misericordem
1592 4764 1762 4819 Deum
1796 4780 1981 4834 spere-

407 4875 549 4914 mus.
611 4857 808 4911 Verum
870 4858 1016 4912 dicto
1070 4859 1522 4926 Kyrie,eleison,
1581 4857 1980 4912 invocationem

408 4953 650 5020 Deipara:
699 4959 885 5017 utpote
931 4964 1055 5002 vere
1109 4949 1395 5018 Seraphim
1430 4949 1855 5004 honorabilioris
1901 4949 1983 5003 fa-

405 5047 603 5104 cimus,
626 5025 885 5110 quoniam
921 5039 1098 5093 adhuc
1135 5041 1245 5107 ipsa
1280 5055 1377 5108 pro
1397 5041 1650 5095 onmibus
1675 5041 1980 5094 intercedit.

405 5135 470 5187 Et
524 5136 710 5186 statim
778 5133 836 5186 fit
885 5129 1188 5185 sacerdotis
1233 5130 1408 5185 oratio
1465 5132 1610 5185 velut
1665 5132 1908 5203 sigillum
1963 5147 1980 5186 :

408 5248 424 5278 ι
461 5227 600 5280 Deus
627 5226 950 5279 misereatur
979 5224 1150 5276 nostri
1174 5241 1218 5286 ι,
1265 5238 1430 5292 quam
1477 5224 1781 5277 orationem
1818 5221 1970 5292 Moy-

353 5322 356 5325 '
403 5333 492 5372 ses
551 5318 752 5371 Aaroni
789 5317 972 5370 dicere
1006 5329 1036 5369 a
1089 5313 1198 5368 Deo
1250 5315 1512 5384 praecipit.
1574 5312 1732 5370 lianc
1799 5323 1980 5368 autem

402 5415 560 5463 docte
606 5408 828 5478 scripsit
869 5407 1039 5462 David
1081 5406 1176 5460 Dei
1220 5421 1454 5474 proavus
1516 5406 1570 5460 in
1615 5407 1870 5474 psalmo;
1929 5415 1984 5458 ct

402 5516 521 5573 post
554 5521 672 5559 eam
720 5505 823 5559 alia
860 5505 1036 5558 oratio
1070 5502 1322 5556 Trinitati
1363 5505 1430 5556 ab
1462 5502 1718 5556 omnibus
1762 5515 1982 5554 nuncu-

403 5608 587 5667 patur,
620 5614 740 5666 qum
784 5596 1145 5652 confessionis
1211 5597 1444 5664 speciem
1483 5595 1760 5663 exprimit,
1811 5610 1973 5662 quam

2086 4411 2519 4481 παροργίζεσθαι
2562 4409 2772 4476 μᾶλλον,
2789 4409 2880 4463 τὸν
2902 4409 3035 4462 Θεὸν
3074 4409 3142 4460 δι’
3199 4401 3275 4462 ὧν
3301 4408 3654 4478 ἐνεργοῦμεν·

2085 4502 2354 4569 λαλοῦμέν
2376 4517 2435 4553 τε
2463 4501 2554 4554 καὶ
2581 4500 2961 4570 διανοούμεθα,
2991 4498 3062 4551 δι’
3087 4498 3124 4553 ἃ
3149 4499 3259 4554 οὐδ’
3313 4499 3658 4569 εὐχαριστεῖν

2087 4593 2251 4657 ἄξιοι,
2287 4593 2320 4663 ἢ
2347 4591 2670 4658 δοξολογεῖν,
2701 4591 2733 4663 ἢ
2769 4590 3038 4645 αἰτεῖσθαι
3063 4607 3077 4620 ο
3103 4591 3150 4644 εἰ
3205 4589 3280 4660 μὴ
3312 4589 3471 4641 τοῦτο
3497 4589 3657 4656 μόνον

2084 4686 2283 4752 λαλεῖν,
2311 4685 2391 4750 τὸ,
2427 4703 2446 4736 ι
2490 4683 2949 4754 Κύριε,ὲλέησον,
2986 4703 3004 4735 ι
3043 4685 3135 4737 καὶ
3162 4685 3242 4747 είς
3270 4683 3357 4736 τὸν
3391 4683 3659 4751 ἐλεήμονι

2089 4778 2251 4847 μόνον
2279 4764 2521 4840 ἐλπίζειν
2552 4777 2704 4832 Θεόν.
2748 4777 2902 4831 Μετὰ
2951 4777 3005 4828 δὲ
3073 4777 3153 4841 τὸ,
3194 4795 3211 4827 ι
3249 4777 3446 4844 Κύριε,
3505 4775 3628 4840 ἐλέη

2087 4879 2196 4926 σον,
2235 4881 2253 4913 ι
2292 4865 2391 4932 τὴν
2415 4863 2705 4934 ἐπίκλησιν
2732 4865 2831 4933 τῆς
2895 4864 3239 4934 Θεομήτορος
3275 4864 3352 4926 ὡς
3406 4864 3658 4934 τιμιωτέ-

2087 4971 2188 5025 ρας
2214 4954 2322 5008 τῶν
2343 4956 2593 5025 Σεραφὶμ
2624 4956 2840 5025 ἀληθῶς
2884 4956 3211 5023 ποιούμεθα,
3246 4956 3371 5008 ἐπεὶ
3403 4957 3495 5008 καὶ
3553 4957 3658 5025 πρὸ

2084 5047 2303 5100 πάντων
2339 5045 2480 5116 αὕτη
2533 5050 2765 5116 μεσῖτις.
2816 5048 3107 5123 Καιήτοῦ
3151 5048 3344 5119 ἱερέως
3399 5047 3530 5116 εὐχὴ
3585 5049 3658 5107 ὡς

2085 5139 2320 5206 σφραγὶς
2359 5139 2542 5202 εὐθὺς,
2573 5139 2653 5201 τὸ,
2684 5157 2702 5188 ‹
2753 5139 2809 5191 Ὀ
2837 5137 2841 5142 ⁷
2868 5139 2998 5201 Θεὸς
3034 5139 3370 5211 οἶκτειρῆσαι
3402 5140 3547 5207 ἡμᾶς
3574 5153 3589 5168 ο
3635 5157 3653 5188 ι

2082 5230 2259 5298 ἥνπερ
2289 5231 2352 5300 δὴ
2389 5231 2572 5299 εὐχὴν,
2600 5231 2694 5284 καὶ
2718 5232 2958 5300 Μωΰσῆς
2983 5233 3057 5301 τῷ
3099 5232 3312 5302 ’Λαρὼν
3343 5231 3520 5298 λέγειν
3553 5231 3658 5281 ant

2083 5321 2217 5374 Θεοῦ
2245 5323 2568 5377 ἐπιτίθεται.
2626 5322 2843 5391 Ταύτην
2885 5324 2940 5376 δὲ
2980 5325 3315 5394 σαφέστερον
3369 5322 3656 5392 ἔγραψενὸ

2084 5412 2378 5482 Θεοπάτωρ
2401 5414 2565 5466 Δαϐὶδ
2597 5416 2653 5467 ἐν
2673 5415 2752 5485 τῷ
2784 5415 3002 5485 ψαλμῷ.
3031 5419 3140 5468 Καὶ
3179 5416 3295 5484 μετ’
3324 5416 3495 5484 αὐτὴν
3546 5415 3654 5465 ἐτέ-

2086 5523 2156 5573 ρα
2176 5506 2310 5574 εὐχὴ
2334 5506 2666 5574 ἀναφέρεται
2703 5507 2852 5575 παρὰ
2881 5491 3097 5559 πάντων
3132 5509 3210 5569 εἰς
3280 5507 3380 5578 τὴν
3430 5507 3654 5578 Τριάδι,

2084 5596 2202 5665 ἥτις
2237 5598 2330 5649 καὶ
2359 5596 2434 5658 ὡς
2467 5599 2725 5665 ὁμολογία
2759 5600 2876 5651 ἐστί
2913 5616 2925 5628 ’
2994 5603 3086 5652 καὶ
3144 5599 3350 5659 ταύτην
3396 5601 3514 5658 τρῖς
3562 5598 3656 5656 τὴν
