  <div class='ocr_page' id='page_1' title='image "/cluster/home/n/w/nwhite01/storage/ocr_20150623/155/mdp.39015022213998/288.png"; bbox 0 0 4126 6268; ppageno 0'>
   <div class='ocr_carea' id='block_1_1' title="bbox 399 428 541 541">
    <p class='ocr_par' dir='ltr' id='par_1_1' title="bbox 399 428 541 541">
     <span class='ocr_line' id='line_1_1' title="bbox 399 428 541 541; baseline -0.014 0"><span class='ocrx_word' id='word_1_1' title='bbox 399 474 495 541; x_wconf 64' lang='lat' dir='ltr'><strong>tot</strong></span> 
     </span>
    </p>
   </div>
   <div class='ocr_carea' id='block_1_2' title="bbox 1552 480 2494 552">
    <p class='ocr_par' dir='ltr' id='par_1_2' title="bbox 1552 480 2494 552">
     <span class='ocr_line' id='line_1_2' title="bbox 1552 480 2494 552; baseline 0.007 -9"><span class='ocrx_word' id='word_1_2' title='bbox 1552 480 1671 543; x_wconf 87' lang='lat' dir='ltr'><strong>&#39;DE</strong></span> <span class='ocrx_word' id='word_1_3' title='bbox 1715 483 1952 544; x_wconf 76' lang='lat' dir='ltr'><strong>SACRA</strong></span> <span class='ocrx_word' id='word_1_4' title='bbox 1995 482 2494 552; x_wconf 78' lang='lat' dir='ltr'><strong>PBECATIONE.</strong></span> 
     </span>
    </p>
   </div>
   <div class='ocr_carea' id='block_1_3' title="bbox 3566 486 3668 549">
    <p class='ocr_par' dir='ltr' id='par_1_3' title="bbox 3566 486 3668 549">
     <span class='ocr_line' id='line_1_3' title="bbox 3566 486 3668 549; baseline 0 0"><span class='ocrx_word' id='word_1_5' title='bbox 3566 486 3668 549; x_wconf 73' lang='lat' dir='ltr'><strong>I362</strong></span> 
     </span>
    </p>
   </div>
   <div class='ocr_carea' id='block_1_4' title="bbox 397 589 1998 668">
    <p class='ocr_par' dir='ltr' id='par_1_4' title="bbox 397 589 1977 666">
     <span class='ocr_line' id='line_1_4' title="bbox 397 589 1977 666; baseline 0.003 -21"><span class='ocrx_word' id='word_1_6' title='bbox 397 591 618 663; x_wconf 80' lang='grc' dir='ltr'><strong>ἡμέραν</strong></span> <span class='ocrx_word' id='word_1_7' title='bbox 663 590 896 662; x_wconf 75' lang='grc' dir='ltr'>λέγομεν</span> <span class='ocrx_word' id='word_1_8' title='bbox 947 589 1185 648; x_wconf 77' lang='grc' dir='ltr'>ἐνταῦθά</span> <span class='ocrx_word' id='word_1_9' title='bbox 1230 609 1312 657; x_wconf 84' lang='grc' dir='ltr'><strong>τε,</strong></span> <span class='ocrx_word' id='word_1_10' title='bbox 1358 594 1451 648; x_wconf 75' lang='grc' dir='ltr'><strong>καί.</strong></span> <span class='ocrx_word' id='word_1_11' title='bbox 1503 596 1569 664; x_wconf 78' lang='grc' dir='ltr'>τῇ</span> <span class='ocrx_word' id='word_1_12' title='bbox 1632 595 1788 664; x_wconf 80' lang='grc' dir='ltr'><strong>τρίτη</strong></span> <span class='ocrx_word' id='word_1_13' title='bbox 1836 594 1977 666; x_wconf 76' lang='grc' dir='ltr'>ὥρᾳ,</span> 
     </span>
    </p>
   </div>
   <div class='ocr_carea' id='block_1_5' title="bbox 2099 589 3664 668">
    <p class='ocr_par' dir='ltr' id='par_1_5' title="bbox 2099 595 3664 668">
     <span class='ocr_line' id='line_1_5' title="bbox 2099 595 3664 668; baseline 0.003 -25"><span class='ocrx_word' id='word_1_14' title='bbox 2099 600 2170 649; x_wconf 77' lang='lat' dir='ltr'><strong>lcr</strong></span> <span class='ocrx_word' id='word_1_15' title='bbox 2230 597 2288 651; x_wconf 89' lang='lat' dir='ltr'><strong>in</strong></span> <span class='ocrx_word' id='word_1_16' title='bbox 2347 600 2435 654; x_wconf 89' lang='lat' dir='ltr'><strong>die</strong></span> <span class='ocrx_word' id='word_1_17' title='bbox 2481 603 2821 655; x_wconf 72' lang='lat' dir='ltr'><strong>retzitamus:</strong></span> <span class='ocrx_word' id='word_1_18' title='bbox 2864 612 3009 653; x_wconf 91' lang='lat' dir='ltr'><strong>nunc</strong></span> <span class='ocrx_word' id='word_1_19' title='bbox 3060 598 3279 668; x_wconf 82' lang='lat' dir='ltr'><strong>quidem</strong></span> <span class='ocrx_word' id='word_1_20' title='bbox 3333 611 3397 652; x_wconf 89' lang='lat' dir='ltr'><strong>ac</strong></span> <span class='ocrx_word' id='word_1_21' title='bbox 3427 596 3481 651; x_wconf 87' lang='lat' dir='ltr'><strong>in</strong></span> <span class='ocrx_word' id='word_1_22' title='bbox 3530 595 3664 650; x_wconf 80' lang='lat' dir='ltr'><strong>hora</strong></span> 
     </span>
    </p>
   </div>
   <div class='ocr_carea' id='block_1_6' title="bbox 400 686 1981 758">
    <p class='ocr_par' dir='ltr' id='par_1_6' title="bbox 400 686 1981 758">
     <span class='ocr_line' id='line_1_6' title="bbox 400 686 1981 758; baseline -0.001 -15"><span class='ocrx_word' id='word_1_23' title='bbox 400 690 496 743; x_wconf 72' lang='grc' dir='ltr'>καὶ</span> <span class='ocrx_word' id='word_1_24' title='bbox 531 687 597 757; x_wconf 77' lang='grc' dir='ltr'>τῇ</span> <span class='ocrx_word' id='word_1_25' title='bbox 630 686 740 739; x_wconf 86' lang='grc' dir='ltr'><strong>τῶν</strong></span> <span class='ocrx_word' id='word_1_26' title='bbox 762 686 1108 741; x_wconf 75' lang='grc' dir='ltr'>ἀποδείπνων</span> <span class='ocrx_word' id='word_1_27' title='bbox 1128 686 1429 758; x_wconf 77' lang='grc' dir='ltr'>δοξολογίᾳ,</span> <span class='ocrx_word' id='word_1_28' title='bbox 1456 687 1600 756; x_wconf 46' lang='grc' dir='ltr'>,ἥτις</span> <span class='ocrx_word' id='word_1_29' title='bbox 1665 688 1760 741; x_wconf 73' lang='grc' dir='ltr'>καὶ</span> <span class='ocrx_word' id='word_1_30' title='bbox 1826 686 1981 757; x_wconf 79' lang='grc' dir='ltr'>παρὰ</span> 
     </span>
    </p>
   </div>
   <div class='ocr_carea' id='block_1_7' title="bbox 399 776 1984 849">
    <p class='ocr_par' dir='ltr' id='par_1_7' title="bbox 399 776 1984 849">
     <span class='ocr_line' id='line_1_7' title="bbox 399 776 1984 849; baseline -0.003 -15"><span class='ocrx_word' id='word_1_31' title='bbox 399 783 513 843; x_wconf 59' lang='grc' dir='ltr'>τοῖς</span> <span class='ocrx_word' id='word_1_32' title='bbox 544 779 798 840; x_wconf 77' lang='grc' dir='ltr'><strong>παλαιοῖς</strong></span> <span class='ocrx_word' id='word_1_33' title='bbox 835 777 1072 849; x_wconf 70' lang='grc' dir='ltr'>ᾁδομένη</span> <span class='ocrx_word' id='word_1_34' title='bbox 1130 777 1466 846; x_wconf 78' lang='grc' dir='ltr'>εὑρίσκεται,</span> <span class='ocrx_word' id='word_1_35' title='bbox 1534 776 1609 841; x_wconf 83' lang='grc' dir='ltr'><strong>ὡς</strong></span> <span class='ocrx_word' id='word_1_36' title='bbox 1660 777 1755 832; x_wconf 82' lang='grc' dir='ltr'>καὶ</span> <span class='ocrx_word' id='word_1_37' title='bbox 1805 779 1862 832; x_wconf 79' lang='grc' dir='ltr'>ἑν</span> <span class='ocrx_word' id='word_1_38' title='bbox 1915 780 1984 849; x_wconf 77' lang='grc' dir='ltr'>τῇ</span> 
     </span>
    </p>
   </div>
   <div class='ocr_carea' id='block_1_8' title="bbox 405 868 2007 939">
    <p class='ocr_par' dir='ltr' id='par_1_8' title="bbox 405 868 2007 939">
     <span class='ocr_line' id='line_1_8' title="bbox 405 868 2007 939; baseline 0.001 -18"><span class='ocrx_word' id='word_1_39' title='bbox 405 870 634 938; x_wconf 81' lang='grc' dir='ltr'>ἀθλήσει</span> <span class='ocrx_word' id='word_1_40' title='bbox 674 869 770 922; x_wconf 88' lang='grc' dir='ltr'><strong>τοῦ</strong></span> <span class='ocrx_word' id='word_1_41' title='bbox 814 868 1306 939; x_wconf 81' lang='grc' dir='ltr'>μεγαλομάρτυρος</span> <span class='ocrx_word' id='word_1_42' title='bbox 1335 870 1674 939; x_wconf 83' lang='grc' dir='ltr'>Εὐστρατίου</span> <span class='ocrx_word' id='word_1_43' title='bbox 1718 869 1800 935; x_wconf 77' lang='grc' dir='ltr'>τὸ,</span> <span class='ocrx_word' id='word_1_44' title='bbox 1832 888 1851 921; x_wconf 82' lang='grc' dir='ltr'><strong>ι</strong></span> <span class='ocrx_word' id='word_1_45' title='bbox 1889 869 2007 928; x_wconf 70' lang='grc' dir='ltr'>Δέο,</span> 
     </span>
    </p>
   </div>
   <div class='ocr_carea' id='block_1_9' title="bbox 404 959 1988 1033">
    <p class='ocr_par' dir='ltr' id='par_1_9' title="bbox 404 959 1988 1033">
     <span class='ocr_line' id='line_1_9' title="bbox 404 959 1988 1033; baseline -0.002 -15"><span class='ocrx_word' id='word_1_46' title='bbox 404 979 580 1019; x_wconf 79' lang='grc' dir='ltr'>σποτα</span> <span class='ocrx_word' id='word_1_47' title='bbox 607 961 707 1015; x_wconf 77' lang='grc' dir='ltr'><strong>Θεὶ</strong></span> <span class='ocrx_word' id='word_1_48' title='bbox 738 962 920 1033; x_wconf 81' lang='grc' dir='ltr'>Πάτερ</span> <span class='ocrx_word' id='word_1_49' title='bbox 950 961 1353 1032; x_wconf 86' lang='grc' dir='ltr'>παντοκράτορ,</span> <span class='ocrx_word' id='word_1_50' title='bbox 1382 959 1558 1031; x_wconf 80' lang='grc' dir='ltr'>Κύριε</span> <span class='ocrx_word' id='word_1_51' title='bbox 1610 960 1711 1015; x_wconf 75' lang='grc' dir='ltr'>Υἰὶ</span> <span class='ocrx_word' id='word_1_52' title='bbox 1761 977 1988 1031; x_wconf 86' lang='grc' dir='ltr'>μονογε-</span> 
     </span>
    </p>
   </div>
   <div class='ocr_carea' id='block_1_10' title="bbox 402 1053 1979 1126">
    <p class='ocr_par' dir='ltr' id='par_1_10' title="bbox 402 1053 1979 1126">
     <span class='ocr_line' id='line_1_10' title="bbox 402 1053 1979 1126; baseline -0.003 -15"><span class='ocrx_word' id='word_1_53' title='bbox 402 1055 490 1111; x_wconf 62' lang='lat' dir='ltr'><strong>vi:</strong></span> <span class='ocrx_word' id='word_1_54' title='bbox 532 1053 710 1122; x_wconf 84' lang='grc' dir='ltr'>Ἰησοῦ</span> <span class='ocrx_word' id='word_1_55' title='bbox 742 1056 971 1126; x_wconf 69' lang='grc' dir='ltr'>Χριστὲ,</span> <span class='ocrx_word' id='word_1_56' title='bbox 1010 1054 1108 1109; x_wconf 80' lang='grc' dir='ltr'>καὶ</span> <span class='ocrx_word' id='word_1_57' title='bbox 1136 1054 1291 1122; x_wconf 75' lang='grc' dir='ltr'>ἅγιον</span> <span class='ocrx_word' id='word_1_58' title='bbox 1313 1055 1566 1125; x_wconf 85' lang='grc' dir='ltr'>Πνεῦμα,</span> <span class='ocrx_word' id='word_1_59' title='bbox 1602 1055 1703 1124; x_wconf 89' lang='grc' dir='ltr'><strong>μία</strong></span> <span class='ocrx_word' id='word_1_60' title='bbox 1754 1054 1979 1125; x_wconf 87' lang='grc' dir='ltr'>Θεότης,</span> 
     </span>
    </p>
   </div>
   <div class='ocr_carea' id='block_1_11' title="bbox 409 1143 1987 1214">
    <p class='ocr_par' dir='ltr' id='par_1_11' title="bbox 409 1143 1987 1214">
     <span class='ocr_line' id='line_1_11' title="bbox 409 1143 1987 1214; baseline 0.001 -19"><span class='ocrx_word' id='word_1_61' title='bbox 409 1143 511 1213; x_wconf 74' lang='grc' dir='ltr'><strong>μία</strong></span> <span class='ocrx_word' id='word_1_62' title='bbox 543 1143 791 1213; x_wconf 83' lang='grc' dir='ltr'>δύναμις,</span> <span class='ocrx_word' id='word_1_63' title='bbox 829 1163 849 1196; x_wconf 74' lang='grc' dir='ltr'><strong>ι</strong></span> <span class='ocrx_word' id='word_1_64' title='bbox 884 1144 981 1197; x_wconf 72' lang='grc' dir='ltr'>καὶ</span> <span class='ocrx_word' id='word_1_65' title='bbox 1029 1143 1099 1198; x_wconf 75' lang='grc' dir='ltr'>τὰ</span> <span class='ocrx_word' id='word_1_66' title='bbox 1156 1145 1306 1212; x_wconf 79' lang='grc' dir='ltr'>ἑξῆς.</span> <span class='ocrx_word' id='word_1_67' title='bbox 1353 1145 1573 1214; x_wconf 79' lang='grc' dir='ltr'><strong>Ταύτης</strong></span> <span class='ocrx_word' id='word_1_68' title='bbox 1617 1143 1987 1212; x_wconf 85' lang='grc' dir='ltr'>τελεσθείσης,</span> 
     </span>
    </p>
   </div>
   <div class='ocr_carea' id='block_1_12' title="bbox 406 1231 1987 1309">
    <p class='ocr_par' dir='ltr' id='par_1_12' title="bbox 406 1231 1987 1309">
     <span class='ocr_line' id='line_1_12' title="bbox 406 1231 1987 1309; baseline -0.001 -22"><span class='ocrx_word' id='word_1_69' title='bbox 406 1232 503 1287; x_wconf 74' lang='grc' dir='ltr'>καὶ</span> <span class='ocrx_word' id='word_1_70' title='bbox 533 1232 595 1286; x_wconf 85' lang='grc' dir='ltr'><strong>τὸ</strong></span> <span class='ocrx_word' id='word_1_71' title='bbox 635 1232 825 1303; x_wconf 83' lang='grc' dir='ltr'>ῶσπερ</span> <span class='ocrx_word' id='word_1_72' title='bbox 862 1232 1137 1303; x_wconf 86' lang='grc' dir='ltr'>μεσώριον</span> <span class='ocrx_word' id='word_1_73' title='bbox 1165 1233 1391 1309; x_wconf 80' lang='grc' dir='ltr'>λέγεται</span> <span class='ocrx_word' id='word_1_74' title='bbox 1416 1234 1513 1289; x_wconf 86' lang='grc' dir='ltr'><strong>τοῦ</strong></span> <span class='ocrx_word' id='word_1_75' title='bbox 1567 1231 1987 1302; x_wconf 85' lang='grc' dir='ltr'>μεσονυκτικοῦ,</span> 
     </span>
    </p>
   </div>
   <div class='ocr_carea' id='block_1_13' title="bbox 408 1321 1988 1394">
    <p class='ocr_par' dir='ltr' id='par_1_13' title="bbox 408 1321 1988 1394">
     <span class='ocr_line' id='line_1_13' title="bbox 408 1321 1988 1394; baseline 0.003 -20"><span class='ocrx_word' id='word_1_76' title='bbox 408 1321 554 1375; x_wconf 88' lang='grc' dir='ltr'>καθά</span> <span class='ocrx_word' id='word_1_77' title='bbox 572 1336 720 1385; x_wconf 83' lang='grc' dir='ltr'>τινες</span> <span class='ocrx_word' id='word_1_78' title='bbox 749 1323 964 1376; x_wconf 83' lang='grc' dir='ltr'>ποιοῦσι</span> <span class='ocrx_word' id='word_1_79' title='bbox 991 1324 1087 1378; x_wconf 78' lang='grc' dir='ltr'>καὶ</span> <span class='ocrx_word' id='word_1_80' title='bbox 1121 1324 1181 1376; x_wconf 81' lang='grc' dir='ltr'><strong>ἐν</strong></span> <span class='ocrx_word' id='word_1_81' title='bbox 1206 1326 1328 1386; x_wconf 76' lang='grc' dir='ltr'>ταῖς</span> <span class='ocrx_word' id='word_1_82' title='bbox 1385 1324 1496 1377; x_wconf 88' lang='grc' dir='ltr'><strong>τῶν</strong></span> <span class='ocrx_word' id='word_1_83' title='bbox 1548 1325 1711 1394; x_wconf 82' lang='grc' dir='ltr'>ὡρῶν</span> <span class='ocrx_word' id='word_1_84' title='bbox 1764 1323 1988 1379; x_wconf 78' lang='grc' dir='ltr'>ἀκολου-</span> 
     </span>
    </p>
   </div>
   <div class='ocr_carea' id='block_1_14' title="bbox 411 1395 1991 1484">
    <p class='ocr_par' dir='ltr' id='par_1_14' title="bbox 411 1395 1991 1484">
     <span class='ocr_line' id='line_1_14' title="bbox 411 1395 1991 1484; baseline 0.001 -16"><span class='ocrx_word' id='word_1_85' title='bbox 411 1413 578 1477; x_wconf 83' lang='grc' dir='ltr'>θίαις.</span> <span class='ocrx_word' id='word_1_86' title='bbox 623 1414 765 1467; x_wconf 82' lang='grc' dir='ltr'>Ἀλλ’</span> <span class='ocrx_word' id='word_1_87' title='bbox 790 1415 987 1468; x_wconf 73' lang='grc' dir='ltr'>ἐκείνοι</span> <span class='ocrx_word' id='word_1_88' title='bbox 1020 1413 1120 1483; x_wconf 78' lang='grc' dir='ltr'><strong>μὲν</strong></span> <span class='ocrx_word' id='word_1_89' title='bbox 1150 1414 1227 1477; x_wconf 83' lang='grc' dir='ltr'><strong>ὡς</strong></span> <span class='ocrx_word' id='word_1_90' title='bbox 1256 1414 1481 1484; x_wconf 76' lang='grc' dir='ltr'>θελητδν</span> <span class='ocrx_word' id='word_1_91' title='bbox 1523 1416 1710 1480; x_wconf 80' lang='grc' dir='ltr'>αὐτοῖς</span> <span class='ocrx_word' id='word_1_92' title='bbox 1767 1415 1846 1477; x_wconf 82' lang='grc' dir='ltr'><strong>ὡς</strong></span> <span class='ocrx_word' id='word_1_93' title='bbox 1897 1395 1991 1469; x_wconf 75' lang='grc' dir='ltr'><strong>καὶ</strong></span> 
     </span>
    </p>
   </div>
   <div class='ocr_carea' id='block_1_15' title="bbox 408 1505 1989 1579">
    <p class='ocr_par' dir='ltr' id='par_1_15' title="bbox 408 1505 1989 1579">
     <span class='ocr_line' id='line_1_15' title="bbox 408 1505 1989 1579; baseline 0.001 -20"><span class='ocrx_word' id='word_1_94' title='bbox 408 1505 577 1568; x_wconf 75' lang='grc' dir='ltr'>ἄλλας</span> <span class='ocrx_word' id='word_1_95' title='bbox 628 1505 951 1570; x_wconf 80' lang='grc' dir='ltr'><strong>ἀκολουθίας</strong></span> <span class='ocrx_word' id='word_1_96' title='bbox 993 1506 1281 1579; x_wconf 76' lang='grc' dir='ltr'><strong>προθυμίᾳ</strong></span> <span class='ocrx_word' id='word_1_97' title='bbox 1328 1506 1539 1560; x_wconf 76' lang='grc' dir='ltr'>ἑαυτῶν</span> <span class='ocrx_word' id='word_1_98' title='bbox 1580 1507 1678 1561; x_wconf 76' lang='grc' dir='ltr'>καὶ</span> <span class='ocrx_word' id='word_1_99' title='bbox 1719 1507 1989 1577; x_wconf 75' lang='grc' dir='ltr'><strong>διακρίσει</strong></span> 
     </span>
    </p>
   </div>
   <div class='ocr_carea' id='block_1_16' title="bbox 410 1596 1990 1667">
    <p class='ocr_par' dir='ltr' id='par_1_16' title="bbox 410 1596 1990 1667">
     <span class='ocr_line' id='line_1_16' title="bbox 410 1596 1990 1667; baseline 0 -17"><span class='ocrx_word' id='word_1_100' title='bbox 410 1596 669 1664; x_wconf 84' lang='grc' dir='ltr'>Πατέρων</span> <span class='ocrx_word' id='word_1_101' title='bbox 693 1597 1144 1667; x_wconf 81' lang='grc' dir='ltr'>διενεργείτωσαν</span> <span class='ocrx_word' id='word_1_102' title='bbox 1169 1610 1185 1625; x_wconf 73' lang='grc'><em>⁴</em></span> <span class='ocrx_word' id='word_1_103' title='bbox 1245 1597 1317 1650; x_wconf 71' lang='grc' dir='ltr'>τὰ</span> <span class='ocrx_word' id='word_1_104' title='bbox 1370 1596 1736 1666; x_wconf 78' lang='grc' dir='ltr'><strong>νενομισμένα</strong></span> <span class='ocrx_word' id='word_1_105' title='bbox 1775 1597 1834 1652; x_wconf 85' lang='grc' dir='ltr'><strong>δέ</strong></span> <span class='ocrx_word' id='word_1_106' title='bbox 1882 1598 1990 1651; x_wconf 88' lang='grc' dir='ltr'>εἰσι</span> 
     </span>
    </p>
   </div>
   <div class='ocr_carea' id='block_1_17' title="bbox 408 1684 1991 1758">
    <p class='ocr_par' dir='ltr' id='par_1_17' title="bbox 408 1684 1991 1758">
     <span class='ocr_line' id='line_1_17' title="bbox 408 1684 1991 1758; baseline 0.001 -19"><span class='ocrx_word' id='word_1_107' title='bbox 408 1684 605 1742; x_wconf 86' lang='grc' dir='ltr'>ταῦτα.</span> <span class='ocrx_word' id='word_1_108' title='bbox 654 1684 881 1757; x_wconf 16' lang='grc' dir='ltr'><strong>Ἐγὼὶδὲ</strong></span> <span class='ocrx_word' id='word_1_109' title='bbox 912 1686 1072 1739; x_wconf 83' lang='grc' dir='ltr'>τοῦτο</span> <span class='ocrx_word' id='word_1_110' title='bbox 1111 1687 1278 1758; x_wconf 80' lang='grc' dir='ltr'>εὐχὴν</span> <span class='ocrx_word' id='word_1_111' title='bbox 1307 1687 1449 1758; x_wconf 82' lang='grc' dir='ltr'>ὑπὲρ</span> <span class='ocrx_word' id='word_1_112' title='bbox 1501 1688 1612 1740; x_wconf 83' lang='grc' dir='ltr'><strong>τῶν</strong></span> <span class='ocrx_word' id='word_1_113' title='bbox 1660 1690 1718 1743; x_wconf 75' lang='grc' dir='ltr'><strong>ἑν</strong></span> <span class='ocrx_word' id='word_1_114' title='bbox 1766 1686 1991 1757; x_wconf 83' lang='grc' dir='ltr'>Χριστῷ</span> 
     </span>
    </p>
   </div>
   <div class='ocr_carea' id='block_1_18' title="bbox 407 1778 1988 1851">
    <p class='ocr_par' dir='ltr' id='par_1_18' title="bbox 407 1778 1988 1851">
     <span class='ocr_line' id='line_1_18' title="bbox 407 1778 1988 1851; baseline -0.001 -15"><span class='ocrx_word' id='word_1_115' title='bbox 407 1778 754 1836; x_wconf 67' lang='grc' dir='ltr'>ἀπελθόντων</span> <span class='ocrx_word' id='word_1_116' title='bbox 822 1780 1031 1851; x_wconf 77' lang='grc' dir='ltr'>νομίζω</span> <span class='ocrx_word' id='word_1_117' title='bbox 1093 1781 1489 1835; x_wconf 77' lang='grc' dir='ltr'><strong>συντεθεῖσθαι.</strong></span> <span class='ocrx_word' id='word_1_118' title='bbox 1546 1782 1678 1845; x_wconf 75' lang='grc' dir='ltr'>Διὸ,</span> <span class='ocrx_word' id='word_1_119' title='bbox 1740 1800 1759 1833; x_wconf 81' lang='grc' dir='ltr'><strong>ι</strong></span> <span class='ocrx_word' id='word_1_120' title='bbox 1798 1782 1988 1845; x_wconf 81' lang='grc' dir='ltr'><strong>Δεῦτε,</strong></span> 
     </span>
    </p>
   </div>
   <div class='ocr_carea' id='block_1_19' title="bbox 408 1867 1991 1942">
    <p class='ocr_par' dir='ltr' id='par_1_19' title="bbox 408 1867 1991 1942">
     <span class='ocr_line' id='line_1_19' title="bbox 408 1867 1991 1942; baseline -0.001 -17"><span class='ocrx_word' id='word_1_121' title='bbox 408 1872 901 1942; x_wconf 79' lang='grc' dir='ltr'><strong>προσκυνήσωμεν,</strong></span> <span class='ocrx_word' id='word_1_122' title='bbox 941 1890 961 1924; x_wconf 74' lang='grc' dir='ltr'><strong>ι</strong></span> <span class='ocrx_word' id='word_1_123' title='bbox 994 1867 1149 1934; x_wconf 82' lang='grc' dir='ltr'>αὖθις</span> <span class='ocrx_word' id='word_1_124' title='bbox 1197 1870 1428 1940; x_wconf 85' lang='grc' dir='ltr'>λέγομεν</span> <span class='ocrx_word' id='word_1_125' title='bbox 1482 1872 1617 1940; x_wconf 82' lang='grc' dir='ltr'>μετὰ</span> <span class='ocrx_word' id='word_1_126' title='bbox 1636 1871 1735 1942; x_wconf 81' lang='grc' dir='ltr'>τὴν</span> <span class='ocrx_word' id='word_1_127' title='bbox 1799 1871 1991 1940; x_wconf 75' lang='grc' dir='ltr'>εὗχὴν,</span> 
     </span>
    </p>
   </div>
   <div class='ocr_carea' id='block_1_20' title="bbox 407 1961 2023 2034">
    <p class='ocr_par' dir='ltr' id='par_1_20' title="bbox 407 1961 2023 2034">
     <span class='ocr_line' id='line_1_20' title="bbox 407 1961 2023 2034; baseline -0.001 -16"><span class='ocrx_word' id='word_1_128' title='bbox 407 1962 622 2019; x_wconf 76' lang='grc' dir='ltr'>καὶδύο</span> <span class='ocrx_word' id='word_1_129' title='bbox 667 1963 940 2033; x_wconf 80' lang='grc' dir='ltr'>ψαλμοὺς,</span> <span class='ocrx_word' id='word_1_130' title='bbox 974 1963 1072 2017; x_wconf 77' lang='grc' dir='ltr'>καὶ</span> <span class='ocrx_word' id='word_1_131' title='bbox 1100 1963 1438 2034; x_wconf 87' lang='grc' dir='ltr'>Τρισαργίου</span> <span class='ocrx_word' id='word_1_132' title='bbox 1473 1963 1663 2034; x_wconf 80' lang='grc' dir='ltr'>εὐχὴν,</span> <span class='ocrx_word' id='word_1_133' title='bbox 1703 1964 1797 2016; x_wconf 71' lang='grc' dir='ltr'><strong>καὶ</strong></span> <span class='ocrx_word' id='word_1_134' title='bbox 1824 1961 2023 2030; x_wconf 49' lang='grc' dir='ltr'>εὐθὺς</span> 
     </span>
    </p>
   </div>
   <div class='ocr_carea' id='block_1_21' title="bbox 413 2053 1987 2127">
    <p class='ocr_par' dir='ltr' id='par_1_21' title="bbox 413 2053 1987 2127">
     <span class='ocr_line' id='line_1_21' title="bbox 413 2053 1987 2127; baseline -0.003 -16"><span class='ocrx_word' id='word_1_135' title='bbox 413 2058 555 2127; x_wconf 78' lang='grc' dir='ltr'>ὑπὲρ</span> <span class='ocrx_word' id='word_1_136' title='bbox 609 2056 720 2109; x_wconf 86' lang='grc' dir='ltr'><strong>τῶν</strong></span> <span class='ocrx_word' id='word_1_137' title='bbox 770 2054 1194 2127; x_wconf 75' lang='grc' dir='ltr'><strong>κεκοιμημένων</strong></span> <span class='ocrx_word' id='word_1_138' title='bbox 1241 2055 1536 2125; x_wconf 83' lang='grc' dir='ltr'>τροπάρια,</span> <span class='ocrx_word' id='word_1_139' title='bbox 1597 2056 1679 2117; x_wconf 80' lang='grc' dir='ltr'>τὸ,</span> <span class='ocrx_word' id='word_1_140' title='bbox 1730 2073 1748 2106; x_wconf 80' lang='grc' dir='ltr'><strong>ι</strong></span> <span class='ocrx_word' id='word_1_141' title='bbox 1788 2053 1987 2124; x_wconf 80' lang='grc' dir='ltr'>Κύριε,</span> 
     </span>
    </p>
   </div>
   <div class='ocr_carea' id='block_1_22' title="bbox 410 2126 1988 2218">
    <p class='ocr_par' dir='ltr' id='par_1_22' title="bbox 410 2126 1988 2218">
     <span class='ocr_line' id='line_1_22' title="bbox 410 2126 1988 2218; baseline -0.001 -18"><span class='ocrx_word' id='word_1_142' title='bbox 410 2126 657 2216; x_wconf 49' lang='grc' dir='ltr'>ιλέήσονξ</span> <span class='ocrx_word' id='word_1_143' title='bbox 692 2166 710 2199; x_wconf 76' lang='grc' dir='ltr'><strong>ι</strong></span> <span class='ocrx_word' id='word_1_144' title='bbox 744 2126 1067 2210; x_wconf 80' lang='grc' dir='ltr'><strong>δωδεκάκις,</strong></span> <span class='ocrx_word' id='word_1_145' title='bbox 1107 2146 1204 2200; x_wconf 77' lang='grc' dir='ltr'>καὶ</span> <span class='ocrx_word' id='word_1_146' title='bbox 1232 2147 1333 2218; x_wconf 74' lang='grc' dir='ltr'>τὴν</span> <span class='ocrx_word' id='word_1_147' title='bbox 1361 2147 1504 2216; x_wconf 75' lang='grc' dir='ltr'>ὑπὲρ</span> <span class='ocrx_word' id='word_1_148' title='bbox 1569 2147 1753 2200; x_wconf 81' lang='grc' dir='ltr'>αὐτῶν</span> <span class='ocrx_word' id='word_1_149' title='bbox 1799 2146 1988 2216; x_wconf 77' lang='grc' dir='ltr'>εὐχὴν,</span> 
     </span>
    </p>
   </div>
   <div class='ocr_carea' id='block_1_23' title="bbox 410 2238 1993 2310">
    <p class='ocr_par' dir='ltr' id='par_1_23' title="bbox 410 2238 1993 2310">
     <span class='ocr_line' id='line_1_23' title="bbox 410 2238 1993 2310; baseline -0.001 -18"><span class='ocrx_word' id='word_1_150' title='bbox 410 2240 491 2305; x_wconf 76' lang='grc' dir='ltr'>τὸ,</span> <span class='ocrx_word' id='word_1_151' title='bbox 535 2259 554 2292; x_wconf 82' lang='grc' dir='ltr'><strong>ι</strong></span> <span class='ocrx_word' id='word_1_152' title='bbox 590 2240 901 2310; x_wconf 71' lang='grc' dir='ltr'>Μνήσθητι,</span> <span class='ocrx_word' id='word_1_153' title='bbox 935 2241 1128 2310; x_wconf 80' lang='grc' dir='ltr'>Κύριε,</span> <span class='ocrx_word' id='word_1_154' title='bbox 1169 2258 1189 2291; x_wconf 72' lang='grc' dir='ltr'><strong>ι</strong></span> <span class='ocrx_word' id='word_1_155' title='bbox 1219 2240 1314 2294; x_wconf 71' lang='grc' dir='ltr'><strong>καὶ</strong></span> <span class='ocrx_word' id='word_1_156' title='bbox 1335 2239 1509 2301; x_wconf 77' lang='grc' dir='ltr'>οὕτως</span> <span class='ocrx_word' id='word_1_157' title='bbox 1538 2239 1801 2301; x_wconf 84' lang='grc' dir='ltr'>ἀπόλυσις</span> <span class='ocrx_word' id='word_1_158' title='bbox 1848 2238 1993 2306; x_wconf 84' lang='grc' dir='ltr'>γίνε-</span> 
     </span>
    </p>
   </div>
   <div class='ocr_carea' id='block_1_24' title="bbox 414 2331 1995 2402">
    <p class='ocr_par' dir='ltr' id='par_1_24' title="bbox 414 2331 1995 2402">
     <span class='ocr_line' id='line_1_24' title="bbox 414 2331 1995 2402; baseline -0.001 -18"><span class='ocrx_word' id='word_1_159' title='bbox 414 2348 530 2384; x_wconf 83' lang='grc' dir='ltr'>ται.</span> <span class='ocrx_word' id='word_1_160' title='bbox 564 2332 889 2397; x_wconf 83' lang='grc' dir='ltr'>Ἀναγκαῖον</span> <span class='ocrx_word' id='word_1_161' title='bbox 915 2332 1026 2400; x_wconf 77' lang='grc' dir='ltr'>γὰρ</span> <span class='ocrx_word' id='word_1_162' title='bbox 1057 2333 1151 2387; x_wconf 77' lang='grc' dir='ltr'><strong>καὶ</strong></span> <span class='ocrx_word' id='word_1_163' title='bbox 1182 2331 1325 2402; x_wconf 71' lang='grc' dir='ltr'>ὑπὲρ</span> <span class='ocrx_word' id='word_1_164' title='bbox 1352 2332 1482 2391; x_wconf 75' lang='grc' dir='ltr'>ῖτῶν</span> <span class='ocrx_word' id='word_1_165' title='bbox 1530 2331 1845 2385; x_wconf 77' lang='grc' dir='ltr'><strong>τεθνεώτων</strong></span> <span class='ocrx_word' id='word_1_166' title='bbox 1892 2348 1995 2400; x_wconf 87' lang='grc' dir='ltr'>με-</span> 
     </span>
    </p>
   </div>
   <div class='ocr_carea' id='block_1_25' title="bbox 422 2422 1993 2494">
    <p class='ocr_par' dir='ltr' id='par_1_25' title="bbox 422 2422 1993 2494">
     <span class='ocr_line' id='line_1_25' title="bbox 422 2422 1993 2494; baseline 0 -18"><span class='ocrx_word' id='word_1_167' title='bbox 422 2424 681 2494; x_wconf 81' lang='grc' dir='ltr'>μνῆσθαι,</span> <span class='ocrx_word' id='word_1_168' title='bbox 708 2424 906 2478; x_wconf 61' lang='lat' dir='ltr'><strong>sum</strong></span> <span class='ocrx_word' id='word_1_169' title='bbox 932 2426 1093 2493; x_wconf 80' lang='grc' dir='ltr'>ἡμεῖς</span> <span class='ocrx_word' id='word_1_170' title='bbox 1144 2423 1539 2493; x_wconf 79' lang='grc' dir='ltr'>τεθνηξόμεθα,</span> <span class='ocrx_word' id='word_1_171' title='bbox 1598 2423 1696 2477; x_wconf 78' lang='grc' dir='ltr'>καὶ</span> <span class='ocrx_word' id='word_1_172' title='bbox 1757 2422 1993 2493; x_wconf 83' lang='grc' dir='ltr'>μάλιστα</span> 
     </span>
    </p>
   </div>
   <div class='ocr_carea' id='block_1_26' title="bbox 421 2513 1994 2583">
    <p class='ocr_par' dir='ltr' id='par_1_26' title="bbox 421 2513 1994 2583">
     <span class='ocr_line' id='line_1_26' title="bbox 421 2513 1994 2583; baseline -0.001 -15"><span class='ocrx_word' id='word_1_173' title='bbox 421 2515 562 2568; x_wconf 82' lang='grc' dir='ltr'>κατὰ</span> <span class='ocrx_word' id='word_1_174' title='bbox 583 2515 642 2567; x_wconf 76' lang='grc' dir='ltr'>τδ</span> <span class='ocrx_word' id='word_1_175' title='bbox 672 2514 1029 2582; x_wconf 80' lang='grc' dir='ltr'>μεσονύκτιον</span> <span class='ocrx_word' id='word_1_176' title='bbox 1063 2513 1425 2583; x_wconf 70' lang='grc' dir='ltr'>ιλπιζομένης</span> <span class='ocrx_word' id='word_1_177' title='bbox 1472 2516 1575 2581; x_wconf 69' lang='grc' dir='ltr'><strong>τῆς</strong></span> <span class='ocrx_word' id='word_1_178' title='bbox 1623 2514 1733 2567; x_wconf 88' lang='grc' dir='ltr'><strong>τῶν</strong></span> <span class='ocrx_word' id='word_1_179' title='bbox 1785 2514 1994 2582; x_wconf 84' lang='grc' dir='ltr'>νεκρῶν</span> 
     </span>
    </p>
   </div>
   <div class='ocr_carea' id='block_1_27' title="bbox 417 2594 1995 2676">
    <p class='ocr_par' dir='ltr' id='par_1_27' title="bbox 417 2594 1995 2676">
     <span class='ocr_line' id='line_1_27' title="bbox 417 2594 1995 2676; baseline 0.001 -17"><span class='ocrx_word' id='word_1_180' title='bbox 417 2607 792 2671; x_wconf 75' lang='grc' dir='ltr'>ἀναστάσεως,</span> <span class='ocrx_word' id='word_1_181' title='bbox 828 2607 925 2661; x_wconf 82' lang='grc' dir='ltr'><strong>καὶ</strong></span> <span class='ocrx_word' id='word_1_182' title='bbox 947 2607 1093 2676; x_wconf 65' lang='grc' dir='ltr'>ὑπὲρ</span> <span class='ocrx_word' id='word_1_183' title='bbox 1117 2594 1229 2659; x_wconf 80' lang='grc' dir='ltr'><strong>τῶν</strong></span> <span class='ocrx_word' id='word_1_184' title='bbox 1265 2609 1409 2660; x_wconf 82' lang='grc' dir='ltr'><strong>κατά</strong></span> <span class='ocrx_word' id='word_1_185' title='bbox 1440 2608 1623 2676; x_wconf 74' lang='grc' dir='ltr'>σάρκα</span> <span class='ocrx_word' id='word_1_186' title='bbox 1655 2605 1712 2659; x_wconf 80' lang='grc' dir='ltr'><strong>δὲ</strong></span> <span class='ocrx_word' id='word_1_187' title='bbox 1775 2606 1995 2660; x_wconf 80' lang='grc' dir='ltr'>οἰκείων</span> 
     </span>
    </p>
   </div>
   <div class='ocr_carea' id='block_1_28' title="bbox 416 2697 1996 2771">
    <p class='ocr_par' dir='ltr' id='par_1_28' title="bbox 416 2697 1996 2771">
     <span class='ocr_line' id='line_1_28' title="bbox 416 2697 1996 2771; baseline -0.001 -19"><span class='ocrx_word' id='word_1_188' title='bbox 416 2699 511 2752; x_wconf 77' lang='grc' dir='ltr'>καὶ</span> <span class='ocrx_word' id='word_1_189' title='bbox 542 2699 764 2753; x_wconf 82' lang='grc' dir='ltr'>πάντων</span> <span class='ocrx_word' id='word_1_190' title='bbox 784 2699 1130 2771; x_wconf 69' lang='grc' dir='ltr'>ἀπελθόντων</span> <span class='ocrx_word' id='word_1_191' title='bbox 1173 2698 1435 2768; x_wconf 72' lang='grc' dir='ltr'>εὔχεσθαι</span> <span class='ocrx_word' id='word_1_192' title='bbox 1466 2698 1791 2765; x_wconf 81' lang='grc' dir='ltr'>ἀναγκαίως</span> <span class='ocrx_word' id='word_1_193' title='bbox 1819 2715 1834 2730; x_wconf 71' lang='grc' dir='ltr'><strong><em>ο</em></strong></span> <span class='ocrx_word' id='word_1_194' title='bbox 1859 2697 1996 2766; x_wconf 83' lang='grc' dir='ltr'><strong>ἀγά-</strong></span> 
     </span>
    </p>
   </div>
   <div class='ocr_carea' id='block_1_29' title="bbox 415 2786 1998 2860">
    <p class='ocr_par' dir='ltr' id='par_1_29' title="bbox 415 2786 1998 2860">
     <span class='ocr_line' id='line_1_29' title="bbox 415 2786 1998 2860; baseline -0.002 -17"><span class='ocrx_word' id='word_1_195' title='bbox 415 2789 650 2859; x_wconf 62' lang='grc' dir='ltr'>ηγάρ.</span> <span class='ocrx_word' id='word_1_196' title='bbox 684 2786 1044 2860; x_wconf 71' lang='grc' dir='ltr'>Εἷταήύπὲρ</span> <span class='ocrx_word' id='word_1_197' title='bbox 1104 2788 1329 2843; x_wconf 83' lang='grc' dir='ltr'>πάντων</span> <span class='ocrx_word' id='word_1_198' title='bbox 1377 2788 1542 2857; x_wconf 80' lang='grc' dir='ltr'>κοινὴ</span> <span class='ocrx_word' id='word_1_199' title='bbox 1593 2788 1728 2858; x_wconf 82' lang='grc' dir='ltr'>εὐχή</span> <span class='ocrx_word' id='word_1_200' title='bbox 1781 2805 1842 2841; x_wconf 89' lang='grc' dir='ltr'><strong>τε</strong></span> <span class='ocrx_word' id='word_1_201' title='bbox 1902 2788 1998 2840; x_wconf 75' lang='grc' dir='ltr'>καὶ</span> 
     </span>
    </p>
   </div>
   <div class='ocr_carea' id='block_1_30' title="bbox 413 2874 2000 2951">
    <p class='ocr_par' dir='ltr' id='par_1_30' title="bbox 413 2874 2000 2951">
     <span class='ocr_line' id='line_1_30' title="bbox 413 2874 2000 2951; baseline -0.001 -18"><span class='ocrx_word' id='word_1_202' title='bbox 413 2878 599 2949; x_wconf 76' lang='grc' dir='ltr'>δέησις</span> <span class='ocrx_word' id='word_1_203' title='bbox 637 2880 872 2950; x_wconf 81' lang='grc' dir='ltr'>γίνεται,</span> <span class='ocrx_word' id='word_1_204' title='bbox 900 2881 999 2935; x_wconf 84' lang='grc' dir='ltr'><strong>τοῦ</strong></span> <span class='ocrx_word' id='word_1_205' title='bbox 1033 2881 1225 2951; x_wconf 84' lang='grc' dir='ltr'>ἰερέως</span> <span class='ocrx_word' id='word_1_206' title='bbox 1291 2880 1625 2951; x_wconf 81' lang='grc' dir='ltr'>ἀρχομένου,</span> <span class='ocrx_word' id='word_1_207' title='bbox 1678 2874 1897 2933; x_wconf 81' lang='grc' dir='ltr'>πάντων</span> <span class='ocrx_word' id='word_1_208' title='bbox 1942 2879 2000 2933; x_wconf 68' lang='grc' dir='ltr'>δι</span> 
     </span>
    </p>
   </div>
   <div class='ocr_carea' id='block_1_31' title="bbox 419 2969 2001 3043">
    <p class='ocr_par' dir='ltr' id='par_1_31' title="bbox 419 2969 2001 3043">
     <span class='ocr_line' id='line_1_31' title="bbox 419 2969 2001 3043; baseline -0.001 -19"><span class='ocrx_word' id='word_1_209' title='bbox 419 2973 833 3041; x_wconf 66' lang='grc' dir='ltr'>συνευχομένων</span> <span class='ocrx_word' id='word_1_210' title='bbox 906 2972 1049 3043; x_wconf 79' lang='grc' dir='ltr'>ὑπὲρ</span> <span class='ocrx_word' id='word_1_211' title='bbox 1111 2973 1220 3026; x_wconf 81' lang='grc' dir='ltr'><strong>τῶν</strong></span> <span class='ocrx_word' id='word_1_212' title='bbox 1266 2971 1484 3025; x_wconf 72' lang='grc' dir='ltr'>πιστῶν</span> <span class='ocrx_word' id='word_1_213' title='bbox 1538 2970 1825 3041; x_wconf 85' lang='grc' dir='ltr'>βασιλέων,</span> <span class='ocrx_word' id='word_1_214' title='bbox 1893 2969 2001 3023; x_wconf 88' lang='grc' dir='ltr'><strong>τῶν</strong></span> 
     </span>
    </p>
   </div>
   <div class='ocr_carea' id='block_1_32' title="bbox 409 3060 2003 3132">
    <p class='ocr_par' dir='ltr' id='par_1_32' title="bbox 409 3060 2003 3132">
     <span class='ocr_line' id='line_1_32' title="bbox 409 3060 2003 3132; baseline 0.001 -18"><span class='ocrx_word' id='word_1_215' title='bbox 409 3060 708 3129; x_wconf 78' lang='grc' dir='ltr'>ὁρθοδόξων</span> <span class='ocrx_word' id='word_1_216' title='bbox 729 3062 1053 3132; x_wconf 81' lang='grc' dir='ltr'>ἀρχιερέων,</span> <span class='ocrx_word' id='word_1_217' title='bbox 1077 3063 1171 3115; x_wconf 85' lang='grc' dir='ltr'><strong>τοῦ</strong></span> <span class='ocrx_word' id='word_1_218' title='bbox 1198 3061 1616 3131; x_wconf 73' lang='grc' dir='ltr'>καθηγουμένου</span> <span class='ocrx_word' id='word_1_219' title='bbox 1646 3062 1879 3132; x_wconf 75' lang='grc' dir='ltr'>Πατρὸς,</span> <span class='ocrx_word' id='word_1_220' title='bbox 1908 3062 2003 3116; x_wconf 71' lang='grc' dir='ltr'><strong>καὶ</strong></span> 
     </span>
    </p>
   </div>
   <div class='ocr_carea' id='block_1_33' title="bbox 414 3151 2003 3223">
    <p class='ocr_par' dir='ltr' id='par_1_33' title="bbox 414 3151 2003 3223">
     <span class='ocr_line' id='line_1_33' title="bbox 414 3151 2003 3223; baseline 0.001 -20"><span class='ocrx_word' id='word_1_221' title='bbox 414 3154 599 3219; x_wconf 78' lang='grc' dir='ltr'>πάσης</span> <span class='ocrx_word' id='word_1_222' title='bbox 628 3153 727 3223; x_wconf 81' lang='grc' dir='ltr'>τῇς</span> <span class='ocrx_word' id='word_1_223' title='bbox 751 3154 808 3204; x_wconf 80' lang='grc' dir='ltr'><strong>ὲν</strong></span> <span class='ocrx_word' id='word_1_224' title='bbox 835 3152 1054 3221; x_wconf 82' lang='grc' dir='ltr'>Χριστῷ</span> <span class='ocrx_word' id='word_1_225' title='bbox 1073 3152 1235 3223; x_wconf 81' lang='grc' dir='ltr'>ήμῶν</span> <span class='ocrx_word' id='word_1_226' title='bbox 1266 3152 1630 3223; x_wconf 80' lang='grc' dir='ltr'>ἁδελφότητος</span> <span class='ocrx_word' id='word_1_227' title='bbox 1661 3151 1759 3206; x_wconf 78' lang='grc' dir='ltr'>καὶ</span> <span class='ocrx_word' id='word_1_228' title='bbox 1792 3151 2003 3205; x_wconf 84' lang='grc' dir='ltr'>λοιπῶν</span> 
     </span>
    </p>
   </div>
   <div class='ocr_carea' id='block_1_34' title="bbox 2091 688 3663 759">
    <p class='ocr_par' dir='ltr' id='par_1_34' title="bbox 2091 688 3663 759">
     <span class='ocr_line' id='line_1_34' title="bbox 2091 688 3663 759; baseline 0.001 -19"><span class='ocrx_word' id='word_1_229' title='bbox 2091 689 2248 743; x_wconf 87' lang='lat' dir='ltr'><strong>tertia</strong></span> <span class='ocrx_word' id='word_1_230' title='bbox 2294 698 2460 759; x_wconf 86' lang='lat' dir='ltr'><strong>atque</strong></span> <span class='ocrx_word' id='word_1_231' title='bbox 2497 690 2550 744; x_wconf 91' lang='lat' dir='ltr'><strong>in</strong></span> <span class='ocrx_word' id='word_1_232' title='bbox 2599 689 2778 745; x_wconf 77' lang='lat' dir='ltr'><strong>ofﬁcio</strong></span> <span class='ocrx_word' id='word_1_233' title='bbox 2819 688 3173 758; x_wconf 81' lang='lat' dir='ltr'><strong>Compietorii</strong></span> <span class='ocrx_word' id='word_1_234' title='bbox 3204 688 3345 758; x_wconf 89' lang='lat' dir='ltr'><strong>quod</strong></span> <span class='ocrx_word' id='word_1_235' title='bbox 3378 695 3503 758; x_wconf 88' lang='lat' dir='ltr'><strong>post</strong></span> <span class='ocrx_word' id='word_1_236' title='bbox 3554 699 3663 741; x_wconf 70' lang='lat' dir='ltr'><strong>cm-</strong></span> 
     </span>
    </p>
   </div>
   <div class='ocr_carea' id='block_1_35' title="bbox 2090 780 3665 853">
    <p class='ocr_par' dir='ltr' id='par_1_35' title="bbox 2090 780 3665 853">
     <span class='ocr_line' id='line_1_35' title="bbox 2090 780 3665 853; baseline 0 -20"><span class='ocrx_word' id='word_1_237' title='bbox 2090 793 2217 833; x_wconf 87' lang='lat' dir='ltr'><strong>nam</strong></span> <span class='ocrx_word' id='word_1_238' title='bbox 2272 782 2574 851; x_wconf 87' lang='lat' dir='ltr'><strong>peragitur,</strong></span> <span class='ocrx_word' id='word_1_239' title='bbox 2636 797 2760 853; x_wconf 63' lang='lat' dir='ltr'><strong>quas</strong></span> <span class='ocrx_word' id='word_1_240' title='bbox 2809 783 2972 838; x_wconf 87' lang='lat' dir='ltr'><strong>etiam</strong></span> <span class='ocrx_word' id='word_1_241' title='bbox 3037 781 3107 835; x_wconf 92' lang='lat' dir='ltr'><strong>ab</strong></span> <span class='ocrx_word' id='word_1_242' title='bbox 3146 780 3388 851; x_wconf 88' lang='lat' dir='ltr'><strong>antiquis</strong></span> <span class='ocrx_word' id='word_1_243' title='bbox 3447 788 3665 836; x_wconf 82' lang='lat' dir='ltr'><strong>cantata</strong></span> 
     </span>
    </p>
   </div>
   <div class='ocr_carea' id='block_1_36' title="bbox 2094 871 3659 944">
    <p class='ocr_par' dir='ltr' id='par_1_36' title="bbox 2094 871 3659 944">
     <span class='ocr_line' id='line_1_36' title="bbox 2094 871 3659 944; baseline -0.001 -17"><span class='ocrx_word' id='word_1_244' title='bbox 2094 871 2268 927; x_wconf 88' lang='lat' dir='ltr'><strong>fuisse</strong></span> <span class='ocrx_word' id='word_1_245' title='bbox 2316 872 2620 944; x_wconf 67' lang='lat' dir='ltr'><strong>invenitur,</strong></span> <span class='ocrx_word' id='word_1_246' title='bbox 2649 876 2790 930; x_wconf 90' lang='lat' dir='ltr'><strong>sicut</strong></span> <span class='ocrx_word' id='word_1_247' title='bbox 2818 883 2872 930; x_wconf 89' lang='lat' dir='ltr'><strong>et</strong></span> <span class='ocrx_word' id='word_1_248' title='bbox 2904 876 2956 928; x_wconf 91' lang='lat' dir='ltr'><strong>in</strong></span> <span class='ocrx_word' id='word_1_249' title='bbox 2992 889 3166 943; x_wconf 83' lang='lat' dir='ltr'><strong>agone</strong></span> <span class='ocrx_word' id='word_1_250' title='bbox 3191 871 3372 936; x_wconf 69' lang='lat' dir='ltr'><strong>magni</strong></span> <span class='ocrx_word' id='word_1_251' title='bbox 3404 872 3659 941; x_wconf 82' lang='lat' dir='ltr'><strong>martyris</strong></span> 
     </span>
    </p>
   </div>
   <div class='ocr_carea' id='block_1_37' title="bbox 2094 962 3665 1033">
    <p class='ocr_par' dir='ltr' id='par_1_37' title="bbox 2094 962 3665 1033">
     <span class='ocr_line' id='line_1_37' title="bbox 2094 962 3665 1033; baseline 0.001 -17"><span class='ocrx_word' id='word_1_252' title='bbox 2094 962 2356 1019; x_wconf 85' lang='lat' dir='ltr'><strong>Eustratii</strong></span> <span class='ocrx_word' id='word_1_253' title='bbox 2392 965 2486 1033; x_wconf 85' lang='lat' dir='ltr'><strong>qui</strong></span> <span class='ocrx_word' id='word_1_254' title='bbox 2516 964 2729 1020; x_wconf 89' lang='lat' dir='ltr'><strong>dicebat</strong></span> <span class='ocrx_word' id='word_1_255' title='bbox 2761 985 2775 1020; x_wconf 90' lang='lat'><strong>:</strong></span> <span class='ocrx_word' id='word_1_256' title='bbox 2807 982 2827 1017; x_wconf 81' lang='grc' dir='ltr'><strong>ι</strong></span> <span class='ocrx_word' id='word_1_257' title='bbox 2859 964 3089 1019; x_wconf 89' lang='lat' dir='ltr'><strong>Domine</strong></span> <span class='ocrx_word' id='word_1_258' title='bbox 3125 964 3269 1020; x_wconf 85' lang='lat' dir='ltr'><strong>Deus</strong></span> <span class='ocrx_word' id='word_1_259' title='bbox 3296 965 3459 1020; x_wconf 89' lang='lat' dir='ltr'><strong>Pater</strong></span> <span class='ocrx_word' id='word_1_260' title='bbox 3489 964 3665 1017; x_wconf 88' lang='lat' dir='ltr'><strong>omni-</strong></span> 
     </span>
    </p>
   </div>
   <div class='ocr_carea' id='block_1_38' title="bbox 2089 1055 3670 1127">
    <p class='ocr_par' dir='ltr' id='par_1_38' title="bbox 2089 1055 3670 1127">
     <span class='ocr_line' id='line_1_38' title="bbox 2089 1055 3670 1127; baseline -0.002 -17"><span class='ocrx_word' id='word_1_261' title='bbox 2089 1063 2304 1123; x_wconf 82' lang='lat' dir='ltr'><strong>potens,</strong></span> <span class='ocrx_word' id='word_1_262' title='bbox 2328 1055 2552 1110; x_wconf 89' lang='lat' dir='ltr'><strong>Domine</strong></span> <span class='ocrx_word' id='word_1_263' title='bbox 2574 1055 2676 1111; x_wconf 86' lang='lat' dir='ltr'><strong>Fili</strong></span> <span class='ocrx_word' id='word_1_264' title='bbox 2701 1057 2977 1127; x_wconf 89' lang='lat' dir='ltr'><strong>unigenite</strong></span> <span class='ocrx_word' id='word_1_265' title='bbox 3002 1056 3127 1111; x_wconf 82' lang='lat' dir='ltr'><strong>Jesn</strong></span> <span class='ocrx_word' id='word_1_266' title='bbox 3146 1056 3386 1116; x_wconf 86' lang='lat' dir='ltr'><strong>Christe.</strong></span> <span class='ocrx_word' id='word_1_267' title='bbox 3404 1067 3460 1111; x_wconf 88' lang='lat' dir='ltr'><strong>et</strong></span> <span class='ocrx_word' id='word_1_268' title='bbox 3480 1065 3670 1109; x_wconf 79' lang='lat' dir='ltr'><strong>sancte</strong></span> 
     </span>
    </p>
   </div>
   <div class='ocr_carea' id='block_1_39' title="bbox 2098 1145 3668 1215">
    <p class='ocr_par' dir='ltr' id='par_1_39' title="bbox 2098 1145 3668 1215">
     <span class='ocr_line' id='line_1_39' title="bbox 2098 1145 3668 1215; baseline -0.001 -14"><span class='ocrx_word' id='word_1_269' title='bbox 2098 1146 2357 1215; x_wconf 86' lang='lat' dir='ltr'><strong>Spiritus,</strong></span> <span class='ocrx_word' id='word_1_270' title='bbox 2392 1161 2500 1203; x_wconf 86' lang='lat' dir='ltr'><strong>una</strong></span> <span class='ocrx_word' id='word_1_271' title='bbox 2534 1148 2734 1214; x_wconf 88' lang='lat' dir='ltr'><strong>Deitas,</strong></span> <span class='ocrx_word' id='word_1_272' title='bbox 2772 1164 2879 1202; x_wconf 86' lang='lat' dir='ltr'><strong>una</strong></span> <span class='ocrx_word' id='word_1_273' title='bbox 2913 1149 3113 1211; x_wconf 87' lang='lat' dir='ltr'><strong>virtus,</strong></span> <span class='ocrx_word' id='word_1_274' title='bbox 3150 1167 3169 1200; x_wconf 72' lang='grc' dir='ltr'><strong>ι</strong></span> <span class='ocrx_word' id='word_1_275' title='bbox 3202 1156 3257 1202; x_wconf 82' lang='lat' dir='ltr'><strong>et</strong></span> <span class='ocrx_word' id='word_1_276' title='bbox 3286 1158 3503 1202; x_wconf 59' lang='lat' dir='ltr'><strong>caetera.</strong></span> <span class='ocrx_word' id='word_1_277' title='bbox 3549 1145 3668 1212; x_wconf 84' lang='lat' dir='ltr'><strong>Qua</strong></span> 
     </span>
    </p>
   </div>
   <div class='ocr_carea' id='block_1_40' title="bbox 2092 1235 3667 1306">
    <p class='ocr_par' dir='ltr' id='par_1_40' title="bbox 2092 1235 3667 1306">
     <span class='ocr_line' id='line_1_40' title="bbox 2092 1235 3667 1306; baseline -0.002 -15"><span class='ocrx_word' id='word_1_278' title='bbox 2092 1235 2265 1301; x_wconf 85' lang='lat' dir='ltr'><strong>tinita,</strong></span> <span class='ocrx_word' id='word_1_279' title='bbox 2322 1237 2499 1292; x_wconf 89' lang='lat' dir='ltr'><strong>media</strong></span> <span class='ocrx_word' id='word_1_280' title='bbox 2537 1238 2739 1293; x_wconf 88' lang='lat' dir='ltr'><strong>dicitur</strong></span> <span class='ocrx_word' id='word_1_281' title='bbox 2790 1237 2951 1293; x_wconf 82' lang='lat' dir='ltr'><strong>ollicii</strong></span> <span class='ocrx_word' id='word_1_282' title='bbox 3010 1237 3265 1291; x_wconf 85' lang='lat' dir='ltr'><strong>nocturni</strong></span> <span class='ocrx_word' id='word_1_283' title='bbox 3330 1236 3667 1306; x_wconf 74' lang='lat' dir='ltr'><strong>deprecatio;</strong></span> 
     </span>
    </p>
   </div>
   <div class='ocr_carea' id='block_1_41' title="bbox 2092 1328 3672 1400">
    <p class='ocr_par' dir='ltr' id='par_1_41' title="bbox 2092 1328 3672 1400">
     <span class='ocr_line' id='line_1_41' title="bbox 2092 1328 3672 1400; baseline -0.001 -16"><span class='ocrx_word' id='word_1_284' title='bbox 2092 1330 2552 1400; x_wconf 83' lang='lat' dir='ltr'><strong>quemadmodum</strong></span> <span class='ocrx_word' id='word_1_285' title='bbox 2586 1331 2795 1386; x_wconf 85' lang='lat' dir='ltr'><strong>faciunt</strong></span> <span class='ocrx_word' id='word_1_286' title='bbox 2832 1331 3056 1400; x_wconf 75' lang='lat' dir='ltr'><strong>quidam</strong></span> <span class='ocrx_word' id='word_1_287' title='bbox 3090 1330 3142 1382; x_wconf 92' lang='lat' dir='ltr'><strong>in</strong></span> <span class='ocrx_word' id='word_1_288' title='bbox 3190 1328 3476 1384; x_wconf 76' lang='lat' dir='ltr'><strong>ordinibus</strong></span> <span class='ocrx_word' id='word_1_289' title='bbox 3509 1328 3672 1382; x_wconf 90' lang='lat' dir='ltr'><strong>hora-</strong></span> 
     </span>
    </p>
   </div>
   <div class='ocr_carea' id='block_1_42' title="bbox 2093 1417 3672 1489">
    <p class='ocr_par' dir='ltr' id='par_1_42' title="bbox 2093 1417 3672 1489">
     <span class='ocr_line' id='line_1_42' title="bbox 2093 1417 3672 1489; baseline -0.002 -15"><span class='ocrx_word' id='word_1_290' title='bbox 2093 1437 2238 1486; x_wconf 87' lang='lat' dir='ltr'><strong>rum,</strong></span> <span class='ocrx_word' id='word_1_291' title='bbox 2280 1422 2374 1476; x_wconf 87' lang='lat' dir='ltr'><strong>sed</strong></span> <span class='ocrx_word' id='word_1_292' title='bbox 2416 1419 2501 1475; x_wconf 89' lang='lat' dir='ltr'><strong>isti</strong></span> <span class='ocrx_word' id='word_1_293' title='bbox 2537 1421 2753 1489; x_wconf 81' lang='lat' dir='ltr'><strong>quidem</strong></span> <span class='ocrx_word' id='word_1_294' title='bbox 2811 1421 3041 1475; x_wconf 81' lang='lat' dir='ltr'><strong>libenter</strong></span> <span class='ocrx_word' id='word_1_295' title='bbox 3087 1418 3215 1474; x_wconf 88' lang='lat' dir='ltr'><strong>illud</strong></span> <span class='ocrx_word' id='word_1_296' title='bbox 3247 1419 3391 1475; x_wconf 85' lang='lat' dir='ltr'><strong>sicut</strong></span> <span class='ocrx_word' id='word_1_297' title='bbox 3445 1426 3502 1472; x_wconf 88' lang='lat' dir='ltr'><strong>et</strong></span> <span class='ocrx_word' id='word_1_298' title='bbox 3534 1417 3672 1471; x_wconf 90' lang='lat' dir='ltr'><strong>alios</strong></span> 
     </span>
    </p>
   </div>
   <div class='ocr_carea' id='block_1_43' title="bbox 2091 1507 3672 1582">
    <p class='ocr_par' dir='ltr' id='par_1_43' title="bbox 2091 1507 3672 1582">
     <span class='ocr_line' id='line_1_43' title="bbox 2091 1507 3672 1582; baseline -0.004 -14"><span class='ocrx_word' id='word_1_299' title='bbox 2091 1513 2313 1568; x_wconf 88' lang='lat' dir='ltr'><strong>ordines</strong></span> <span class='ocrx_word' id='word_1_300' title='bbox 2338 1527 2435 1582; x_wconf 84' lang='lat' dir='ltr'><strong>pro</strong></span> <span class='ocrx_word' id='word_1_301' title='bbox 2465 1528 2575 1568; x_wconf 69' lang='lat' dir='ltr'><strong>sum</strong></span> <span class='ocrx_word' id='word_1_302' title='bbox 2609 1512 2829 1581; x_wconf 89' lang='lat' dir='ltr'><strong>pietatis</strong></span> <span class='ocrx_word' id='word_1_303' title='bbox 2868 1511 3061 1566; x_wconf 76' lang='lat' dir='ltr'><strong>ardore</strong></span> <span class='ocrx_word' id='word_1_304' title='bbox 3107 1520 3162 1567; x_wconf 90' lang='lat' dir='ltr'><strong>et</strong></span> <span class='ocrx_word' id='word_1_305' title='bbox 3202 1511 3420 1565; x_wconf 79' lang='lat' dir='ltr'><strong>Patrum</strong></span> <span class='ocrx_word' id='word_1_306' title='bbox 3467 1507 3672 1575; x_wconf 84' lang='lat' dir='ltr'><strong>iudicio</strong></span> 
     </span>
    </p>
   </div>
   <div class='ocr_carea' id='block_1_44' title="bbox 2092 1599 3671 1672">
    <p class='ocr_par' dir='ltr' id='par_1_44' title="bbox 2092 1599 3671 1672">
     <span class='ocr_line' id='line_1_44' title="bbox 2092 1599 3671 1672; baseline -0.002 -14"><span class='ocrx_word' id='word_1_307' title='bbox 2092 1605 2423 1669; x_wconf 77' lang='lat' dir='ltr'><strong>observant;</strong></span> <span class='ocrx_word' id='word_1_308' title='bbox 2454 1604 2569 1659; x_wconf 67' lang='lat' dir='ltr'><strong>haec</strong></span> <span class='ocrx_word' id='word_1_309' title='bbox 2592 1615 2772 1661; x_wconf 89' lang='lat' dir='ltr'><strong>autem</strong></span> <span class='ocrx_word' id='word_1_310' title='bbox 2805 1604 2910 1658; x_wconf 90' lang='lat' dir='ltr'><strong>ista</strong></span> <span class='ocrx_word' id='word_1_311' title='bbox 2941 1612 3066 1657; x_wconf 90' lang='lat' dir='ltr'><strong>sunt</strong></span> <span class='ocrx_word' id='word_1_312' title='bbox 3097 1610 3385 1672; x_wconf 81' lang='lat' dir='ltr'><strong>praecepta.</strong></span> <span class='ocrx_word' id='word_1_313' title='bbox 3411 1599 3522 1670; x_wconf 82' lang='lat' dir='ltr'><strong>Ego</strong></span> <span class='ocrx_word' id='word_1_314' title='bbox 3540 1613 3671 1655; x_wconf 86' lang='lat' dir='ltr'><strong>vero</strong></span> 
     </span>
    </p>
   </div>
   <div class='ocr_carea' id='block_1_45' title="bbox 2096 1689 3672 1763">
    <p class='ocr_par' dir='ltr' id='par_1_45' title="bbox 2096 1689 3672 1763">
     <span class='ocr_line' id='line_1_45' title="bbox 2096 1689 3672 1763; baseline -0.006 -14"><span class='ocrx_word' id='word_1_315' title='bbox 2096 1695 2236 1749; x_wconf 88' lang='lat' dir='ltr'><strong>hanc</strong></span> <span class='ocrx_word' id='word_1_316' title='bbox 2274 1695 2579 1750; x_wconf 87' lang='lat' dir='ltr'><strong>orationem</strong></span> <span class='ocrx_word' id='word_1_317' title='bbox 2637 1708 2839 1749; x_wconf 90' lang='lat' dir='ltr'><strong>censeo</strong></span> <span class='ocrx_word' id='word_1_318' title='bbox 2879 1708 2977 1763; x_wconf 91' lang='lat' dir='ltr'><strong>pro</strong></span> <span class='ocrx_word' id='word_1_319' title='bbox 3030 1694 3280 1748; x_wconf 82' lang='lat' dir='ltr'><strong>fidelibus</strong></span> <span class='ocrx_word' id='word_1_320' title='bbox 3331 1692 3387 1745; x_wconf 85' lang='lat' dir='ltr'><strong>in</strong></span> <span class='ocrx_word' id='word_1_321' title='bbox 3445 1689 3672 1745; x_wconf 78' lang='lat' dir='ltr'><strong>Christo</strong></span> 
     </span>
    </p>
   </div>
   <div class='ocr_carea' id='block_1_46' title="bbox 2091 1770 3672 1857">
    <p class='ocr_par' dir='ltr' id='par_1_46' title="bbox 2091 1770 3672 1857">
     <span class='ocr_line' id='line_1_46' title="bbox 2091 1770 3672 1857; baseline -0.004 -15"><span class='ocrx_word' id='word_1_322' title='bbox 2091 1787 2366 1843; x_wconf 76' lang='lat' dir='ltr'><strong>defunctis</strong></span> <span class='ocrx_word' id='word_1_323' title='bbox 2397 1788 2605 1857; x_wconf 86' lang='lat' dir='ltr'><strong>peragi.</strong></span> <span class='ocrx_word' id='word_1_324' title='bbox 2630 1785 2759 1839; x_wconf 85' lang='lat' dir='ltr'><strong>ideo</strong></span> <span class='ocrx_word' id='word_1_325' title='bbox 2790 1770 3009 1840; x_wconf 83' lang='lat' dir='ltr'><strong>rursum</strong></span> <span class='ocrx_word' id='word_1_326' title='bbox 3040 1794 3163 1853; x_wconf 90' lang='lat' dir='ltr'><strong>post</strong></span> <span class='ocrx_word' id='word_1_327' title='bbox 3190 1782 3515 1839; x_wconf 73' lang='lat' dir='ltr'><strong>orationem‘</strong></span> <span class='ocrx_word' id='word_1_328' title='bbox 3537 1782 3672 1838; x_wconf 88' lang='lat' dir='ltr'><strong>dici-</strong></span> 
     </span>
    </p>
   </div>
   <div class='ocr_carea' id='block_1_47' title="bbox 2094 1875 3675 1945">
    <p class='ocr_par' dir='ltr' id='par_1_47' title="bbox 2094 1875 3675 1945">
     <span class='ocr_line' id='line_1_47' title="bbox 2094 1875 3675 1945; baseline -0.004 -12"><span class='ocrx_word' id='word_1_329' title='bbox 2094 1895 2216 1935; x_wconf 87' lang='lat' dir='ltr'><strong>mus</strong></span> <span class='ocrx_word' id='word_1_330' title='bbox 2266 1896 2281 1934; x_wconf 92' lang='lat'><strong>:</strong></span> <span class='ocrx_word' id='word_1_331' title='bbox 2340 1877 2533 1933; x_wconf 83' lang='lat' dir='ltr'><strong>Venite</strong></span> <span class='ocrx_word' id='word_1_332' title='bbox 2589 1878 2900 1942; x_wconf 83' lang='lat' dir='ltr'><strong>adoremus,</strong></span> <span class='ocrx_word' id='word_1_333' title='bbox 2938 1885 3099 1945; x_wconf 87' lang='lat' dir='ltr'><strong>atque</strong></span> <span class='ocrx_word' id='word_1_334' title='bbox 3130 1875 3270 1930; x_wconf 87' lang='lat' dir='ltr'><strong>duos</strong></span> <span class='ocrx_word' id='word_1_335' title='bbox 3324 1876 3569 1945; x_wconf 75' lang='lat' dir='ltr'><strong>psalmos</strong></span> <span class='ocrx_word' id='word_1_336' title='bbox 3614 1884 3675 1927; x_wconf 81' lang='lat' dir='ltr'><strong>et</strong></span> 
     </span>
    </p>
   </div>
   <div class='ocr_carea' id='block_1_48' title="bbox 2093 1966 3672 2043">
    <p class='ocr_par' dir='ltr' id='par_1_48' title="bbox 2093 1966 3672 2043">
     <span class='ocr_line' id='line_1_48' title="bbox 2093 1966 3672 2043; baseline -0.004 -16"><span class='ocrx_word' id='word_1_337' title='bbox 2093 1975 2460 2043; x_wconf 82' lang='lat' dir='ltr'><strong>precationem</strong></span> <span class='ocrx_word' id='word_1_338' title='bbox 2498 1968 2755 2041; x_wconf 83' lang='lat' dir='ltr'><strong>Trisagii,</strong></span> <span class='ocrx_word' id='word_1_339' title='bbox 2788 1970 3085 2039; x_wconf 84' lang='lat' dir='ltr'><strong>statimque</strong></span> <span class='ocrx_word' id='word_1_340' title='bbox 3119 1983 3221 2037; x_wconf 86' lang='lat' dir='ltr'><strong>pro</strong></span> <span class='ocrx_word' id='word_1_341' title='bbox 3267 1966 3672 2022; x_wconf 66' lang='lat' dir='ltr'><strong>dormientibus</strong></span> 
     </span>
    </p>
   </div>
   <div class='ocr_carea' id='block_1_49' title="bbox 2090 2056 3666 2130">
    <p class='ocr_par' dir='ltr' id='par_1_49' title="bbox 2090 2056 3666 2130">
     <span class='ocr_line' id='line_1_49' title="bbox 2090 2056 3666 2130; baseline -0.003 -14"><span class='ocrx_word' id='word_1_342' title='bbox 2090 2063 2390 2119; x_wconf 77' lang='lat' dir='ltr'><strong>versiculos</strong></span> <span class='ocrx_word' id='word_1_343' title='bbox 2424 2061 2739 2122; x_wconf 80' lang='lat' dir='ltr'><strong>recitamus,</strong></span> <span class='ocrx_word' id='word_1_344' title='bbox 2778 2079 2796 2110; x_wconf 76' lang='grc' dir='ltr'><strong>ι</strong></span> <span class='ocrx_word' id='word_1_345' title='bbox 2827 2058 3008 2130; x_wconf 85' lang='lat' dir='ltr'><strong>Kyrie,</strong></span> <span class='ocrx_word' id='word_1_346' title='bbox 3045 2060 3251 2113; x_wconf 85' lang='lat' dir='ltr'><strong>eieison</strong></span> <span class='ocrx_word' id='word_1_347' title='bbox 3284 2076 3303 2107; x_wconf 73' lang='grc' dir='ltr'><strong>ο</strong></span> <span class='ocrx_word' id='word_1_348' title='bbox 3342 2056 3666 2117; x_wconf 84' lang='lat' dir='ltr'><strong>duodecies.</strong></span> 
     </span>
    </p>
   </div>
   <div class='ocr_carea' id='block_1_50' title="bbox 2090 2141 3668 2220">
    <p class='ocr_par' dir='ltr' id='par_1_50' title="bbox 2090 2141 3668 2220">
     <span class='ocr_line' id='line_1_50' title="bbox 2090 2141 3668 2220; baseline -0.004 -11"><span class='ocrx_word' id='word_1_349' title='bbox 2090 2164 2147 2209; x_wconf 92' lang='lat' dir='ltr'><strong>et</strong></span> <span class='ocrx_word' id='word_1_350' title='bbox 2198 2155 2503 2207; x_wconf 85' lang='lat' dir='ltr'><strong>orationem</strong></span> <span class='ocrx_word' id='word_1_351' title='bbox 2563 2166 2662 2220; x_wconf 92' lang='lat' dir='ltr'><strong>pro</strong></span> <span class='ocrx_word' id='word_1_352' title='bbox 2697 2142 2832 2219; x_wconf 83' lang='lat' dir='ltr'><strong>ipsis</strong></span> <span class='ocrx_word' id='word_1_353' title='bbox 2864 2167 2879 2204; x_wconf 90' lang='lat'><strong>:</strong></span> <span class='ocrx_word' id='word_1_354' title='bbox 2916 2167 2935 2201; x_wconf 81' lang='grc' dir='ltr'><strong>ι</strong></span> <span class='ocrx_word' id='word_1_355' title='bbox 2959 2141 3255 2212; x_wconf 67' lang='lat' dir='ltr'><strong>“cruento,</strong></span> <span class='ocrx_word' id='word_1_356' title='bbox 3286 2147 3514 2203; x_wconf 88' lang='lat' dir='ltr'><strong>Domine</strong></span> <span class='ocrx_word' id='word_1_357' title='bbox 3539 2167 3558 2200; x_wconf 76' lang='grc' dir='ltr'><strong>ι</strong></span> <span class='ocrx_word' id='word_1_358' title='bbox 3610 2157 3668 2202; x_wconf 86' lang='lat' dir='ltr'><strong>et</strong></span> 
     </span>
    </p>
   </div>
   <div class='ocr_carea' id='block_1_51' title="bbox 2092 2239 3795 2305">
    <p class='ocr_par' dir='ltr' id='par_1_51' title="bbox 2092 2239 3795 2305">
     <span class='ocr_line' id='line_1_51' title="bbox 2092 2239 3795 2305; baseline -0.006 -5"><span class='ocrx_word' id='word_1_359' title='bbox 2092 2246 2163 2300; x_wconf 88' lang='lat' dir='ltr'><strong>ita</strong></span> <span class='ocrx_word' id='word_1_360' title='bbox 2227 2244 2552 2300; x_wconf 84' lang='lat' dir='ltr'><strong>absolvitur.</strong></span> <span class='ocrx_word' id='word_1_361' title='bbox 2603 2240 2736 2305; x_wconf 74' lang='lat' dir='ltr'><strong>Nam</strong></span> <span class='ocrx_word' id='word_1_362' title='bbox 2793 2241 3163 2297; x_wconf 89' lang='lat' dir='ltr'><strong>necessarium</strong></span> <span class='ocrx_word' id='word_1_363' title='bbox 3215 2247 3301 2294; x_wconf 88' lang='lat' dir='ltr'><strong>est</strong></span> <span class='ocrx_word' id='word_1_364' title='bbox 3358 2239 3676 2295; x_wconf 72' lang='lat' dir='ltr'><strong>meminisse</strong></span> <span class='ocrx_word' id='word_1_365' title='bbox 3788 2276 3795 2289; x_wconf 83' lang='lat'><strong>.</strong></span> 
     </span>
    </p>
   </div>
   <div class='ocr_carea' id='block_1_52' title="bbox 2093 2331 3673 2403">
    <p class='ocr_par' dir='ltr' id='par_1_52' title="bbox 2093 2331 3673 2403">
     <span class='ocr_line' id='line_1_52' title="bbox 2093 2331 3673 2403; baseline -0.004 -12"><span class='ocrx_word' id='word_1_366' title='bbox 2093 2336 2258 2391; x_wconf 89' lang='lat' dir='ltr'><strong>etiam</strong></span> <span class='ocrx_word' id='word_1_367' title='bbox 2291 2345 2632 2393; x_wconf 77' lang='lat' dir='ltr'><strong>mortuorum</strong></span> <span class='ocrx_word' id='word_1_368' title='bbox 2665 2332 2925 2403; x_wconf 87' lang='lat' dir='ltr'><strong>quoniam</strong></span> <span class='ocrx_word' id='word_1_369' title='bbox 2964 2347 3065 2387; x_wconf 81' lang='lat' dir='ltr'><strong>nos</strong></span> <span class='ocrx_word' id='word_1_370' title='bbox 3095 2331 3673 2402; x_wconf 86' lang='lat' dir='ltr'><strong>quoquemoriemur,</strong></span> 
     </span>
    </p>
   </div>
   <div class='ocr_carea' id='block_1_53' title="bbox 2070 2425 3674 2494">
    <p class='ocr_par' dir='ltr' id='par_1_53' title="bbox 2070 2425 3674 2494">
     <span class='ocr_line' id='line_1_53' title="bbox 2070 2425 3674 2494; baseline -0.004 -13"><span class='ocrx_word' id='word_1_371' title='bbox 2070 2435 2149 2483; x_wconf 85' lang='lat' dir='ltr'><strong>.et</strong></span> <span class='ocrx_word' id='word_1_372' title='bbox 2179 2425 2455 2494; x_wconf 85' lang='lat' dir='ltr'><strong>praecipue</strong></span> <span class='ocrx_word' id='word_1_373' title='bbox 2487 2425 2665 2478; x_wconf 85' lang='lat' dir='ltr'><strong>media</strong></span> <span class='ocrx_word' id='word_1_374' title='bbox 2695 2431 2855 2478; x_wconf 89' lang='lat' dir='ltr'><strong>nocte</strong></span> <span class='ocrx_word' id='word_1_375' title='bbox 2885 2429 3103 2493; x_wconf 87' lang='lat' dir='ltr'><strong>sperata</strong></span> <span class='ocrx_word' id='word_1_376' title='bbox 3127 2431 3468 2477; x_wconf 85' lang='lat' dir='ltr'><strong>mortuorum</strong></span> <span class='ocrx_word' id='word_1_377' title='bbox 3489 2437 3674 2480; x_wconf 81' lang='lat' dir='ltr'><strong>resur—</strong></span> 
     </span>
    </p>
   </div>
   <div class='ocr_carea' id='block_1_54' title="bbox 2096 2513 3665 2582">
    <p class='ocr_par' dir='ltr' id='par_1_54' title="bbox 2096 2513 3665 2582">
     <span class='ocr_line' id='line_1_54' title="bbox 2096 2513 3665 2582; baseline -0.005 -11"><span class='ocrx_word' id='word_1_378' title='bbox 2096 2517 2360 2580; x_wconf 87' lang='lat' dir='ltr'><strong>rectione,</strong></span> <span class='ocrx_word' id='word_1_379' title='bbox 2392 2524 2448 2570; x_wconf 92' lang='lat' dir='ltr'><strong>ct</strong></span> <span class='ocrx_word' id='word_1_380' title='bbox 2491 2528 2714 2570; x_wconf 83' lang='lat' dir='ltr'><strong>necesse</strong></span> <span class='ocrx_word' id='word_1_381' title='bbox 2758 2522 2842 2569; x_wconf 86' lang='lat' dir='ltr'><strong>est</strong></span> <span class='ocrx_word' id='word_1_382' title='bbox 2877 2527 2974 2582; x_wconf 90' lang='lat' dir='ltr'><strong>pro</strong></span> <span class='ocrx_word' id='word_1_383' title='bbox 3007 2513 3329 2582; x_wconf 88' lang='lat' dir='ltr'><strong>propinquis</strong></span> <span class='ocrx_word' id='word_1_384' title='bbox 3359 2513 3665 2567; x_wconf 89' lang='lat' dir='ltr'><strong>secundum</strong></span> 
     </span>
    </p>
   </div>
   <div class='ocr_carea' id='block_1_55' title="bbox 2105 2596 3676 2675">
    <p class='ocr_par' dir='ltr' id='par_1_55' title="bbox 2105 2596 3676 2675">
     <span class='ocr_line' id='line_1_55' title="bbox 2105 2596 3676 2675; baseline -0.003 -14"><span class='ocrx_word' id='word_1_385' title='bbox 2105 2624 2326 2664; x_wconf 74' lang='lat' dir='ltr'><strong>earnem</strong></span> <span class='ocrx_word' id='word_1_386' title='bbox 2360 2622 2425 2662; x_wconf 86' lang='lat' dir='ltr'><strong>ac</strong></span> <span class='ocrx_word' id='word_1_387' title='bbox 2458 2621 2558 2675; x_wconf 87' lang='lat' dir='ltr'><strong>pro</strong></span> <span class='ocrx_word' id='word_1_388' title='bbox 2605 2605 2864 2663; x_wconf 83' lang='lat' dir='ltr'><strong>omnibus</strong></span> <span class='ocrx_word' id='word_1_389' title='bbox 2914 2602 3188 2658; x_wconf 86' lang='lat' dir='ltr'><strong>defunctis</strong></span> <span class='ocrx_word' id='word_1_390' title='bbox 3236 2618 3509 2663; x_wconf 76' lang='lat' dir='ltr'><strong>exorare:</strong></span> <span class='ocrx_word' id='word_1_391' title='bbox 3572 2596 3676 2657; x_wconf 86' lang='lat' dir='ltr'><strong>hoc</strong></span> 
     </span>
    </p>
   </div>
   <div class='ocr_carea' id='block_1_56' title="bbox 2098 2694 3677 2764">
    <p class='ocr_par' dir='ltr' id='par_1_56' title="bbox 2098 2694 3677 2764">
     <span class='ocr_line' id='line_1_56' title="bbox 2098 2694 3677 2764; baseline -0.006 -9"><span class='ocrx_word' id='word_1_392' title='bbox 2098 2701 2245 2755; x_wconf 84' lang='lat' dir='ltr'><strong>enim</strong></span> <span class='ocrx_word' id='word_1_393' title='bbox 2264 2707 2366 2763; x_wconf 71' lang='lat' dir='ltr'><strong>,est</strong></span> <span class='ocrx_word' id='word_1_394' title='bbox 2400 2698 2665 2753; x_wconf 80' lang='lat' dir='ltr'><strong>charitas.</strong></span> <span class='ocrx_word' id='word_1_395' title='bbox 2702 2696 2907 2751; x_wconf 87' lang='lat' dir='ltr'><strong>Deinde</strong></span> <span class='ocrx_word' id='word_1_396' title='bbox 2940 2694 2998 2748; x_wconf 75' lang='lat' dir='ltr'><strong>fit</strong></span> <span class='ocrx_word' id='word_1_397' title='bbox 3031 2696 3344 2751; x_wconf 85' lang='lat' dir='ltr'><strong>communis</strong></span> <span class='ocrx_word' id='word_1_398' title='bbox 3374 2709 3470 2764; x_wconf 92' lang='lat' dir='ltr'><strong>pro</strong></span> <span class='ocrx_word' id='word_1_399' title='bbox 3496 2696 3677 2749; x_wconf 88' lang='lat' dir='ltr'><strong>omni-</strong></span> 
     </span>
    </p>
   </div>
   <div class='ocr_carea' id='block_1_57' title="bbox 2101 2787 3681 2859">
    <p class='ocr_par' dir='ltr' id='par_1_57' title="bbox 2101 2787 3681 2859">
     <span class='ocr_line' id='line_1_57' title="bbox 2101 2787 3681 2859; baseline -0.003 -13"><span class='ocrx_word' id='word_1_400' title='bbox 2101 2793 2202 2847; x_wconf 87' lang='lat' dir='ltr'><strong>bus</strong></span> <span class='ocrx_word' id='word_1_401' title='bbox 2236 2791 2417 2845; x_wconf 85' lang='lat' dir='ltr'><strong>oratio</strong></span> <span class='ocrx_word' id='word_1_402' title='bbox 2467 2800 2524 2845; x_wconf 90' lang='lat' dir='ltr'><strong>et</strong></span> <span class='ocrx_word' id='word_1_403' title='bbox 2572 2788 2886 2859; x_wconf 87' lang='lat' dir='ltr'><strong>postulatio,</strong></span> <span class='ocrx_word' id='word_1_404' title='bbox 2944 2787 3240 2857; x_wconf 86' lang='lat' dir='ltr'><strong>incipiente</strong></span> <span class='ocrx_word' id='word_1_405' title='bbox 3292 2787 3577 2843; x_wconf 86' lang='lat' dir='ltr'><strong>sacerdote</strong></span> <span class='ocrx_word' id='word_1_406' title='bbox 3624 2797 3681 2841; x_wconf 85' lang='lat' dir='ltr'><strong>et</strong></span> 
     </span>
    </p>
   </div>
   <div class='ocr_carea' id='block_1_58' title="bbox 2100 2876 3678 2953">
    <p class='ocr_par' dir='ltr' id='par_1_58' title="bbox 2100 2876 3678 2953">
     <span class='ocr_line' id='line_1_58' title="bbox 2100 2876 3678 2953; baseline -0.004 -18"><span class='ocrx_word' id='word_1_407' title='bbox 2100 2879 2356 2935; x_wconf 81' lang='lat' dir='ltr'><strong>omnibus</strong></span> <span class='ocrx_word' id='word_1_408' title='bbox 2385 2880 2549 2935; x_wconf 84' lang='lat' dir='ltr'><strong>simul</strong></span> <span class='ocrx_word' id='word_1_409' title='bbox 2585 2877 3008 2953; x_wconf 83' lang='lat' dir='ltr'><strong>deprecantibus</strong></span> <span class='ocrx_word' id='word_1_410' title='bbox 3039 2892 3135 2947; x_wconf 90' lang='lat' dir='ltr'><strong>pro</strong></span> <span class='ocrx_word' id='word_1_411' title='bbox 3159 2876 3377 2945; x_wconf 80' lang='lat' dir='ltr'><strong>regibus</strong></span> <span class='ocrx_word' id='word_1_412' title='bbox 3405 2876 3678 2939; x_wconf 80' lang='lat' dir='ltr'><strong>fidelibus,</strong></span> 
     </span>
    </p>
   </div>
   <div class='ocr_carea' id='block_1_59' title="bbox 2103 2966 3684 3044">
    <p class='ocr_par' dir='ltr' id='par_1_59' title="bbox 2103 2966 3684 3044">
     <span class='ocr_line' id='line_1_59' title="bbox 2103 2966 3684 3044; baseline -0.003 -20"><span class='ocrx_word' id='word_1_413' title='bbox 2103 2988 2201 3044; x_wconf 88' lang='lat' dir='ltr'><strong>pro</strong></span> <span class='ocrx_word' id='word_1_414' title='bbox 2230 2972 2552 3028; x_wconf 77' lang='lat' dir='ltr'><strong>orthodoxis</strong></span> <span class='ocrx_word' id='word_1_415' title='bbox 2584 2970 2955 3041; x_wconf 82' lang='lat' dir='ltr'><strong>pontiﬁcibus,</strong></span> <span class='ocrx_word' id='word_1_416' title='bbox 2986 2984 3083 3039; x_wconf 90' lang='lat' dir='ltr'><strong>pro</strong></span> <span class='ocrx_word' id='word_1_417' title='bbox 3111 2977 3267 3037; x_wconf 88' lang='lat' dir='ltr'><strong>patre</strong></span> <span class='ocrx_word' id='word_1_418' title='bbox 3308 2966 3558 3037; x_wconf 70' lang='lat' dir='ltr'><strong>praeside,</strong></span> <span class='ocrx_word' id='word_1_419' title='bbox 3583 2982 3684 3036; x_wconf 89' lang='lat' dir='ltr'><strong>pro</strong></span> 
     </span>
    </p>
   </div>
   <div class='ocr_carea' id='block_1_60' title="bbox 2104 3057 3675 3121">
    <p class='ocr_par' dir='ltr' id='par_1_60' title="bbox 2104 3057 3675 3121">
     <span class='ocr_line' id='line_1_60' title="bbox 2104 3057 3675 3121; baseline -0.006 0"><span class='ocrx_word' id='word_1_420' title='bbox 2104 3066 2361 3121; x_wconf 86' lang='lat' dir='ltr'><strong>universa</strong></span> <span class='ocrx_word' id='word_1_421' title='bbox 2418 3068 2734 3118; x_wconf 89' lang='lat' dir='ltr'><strong>nostrorum</strong></span> <span class='ocrx_word' id='word_1_422' title='bbox 2793 3060 2846 3115; x_wconf 91' lang='lat' dir='ltr'><strong>in</strong></span> <span class='ocrx_word' id='word_1_423' title='bbox 2899 3059 3124 3115; x_wconf 87' lang='lat' dir='ltr'><strong>Christo</strong></span> <span class='ocrx_word' id='word_1_424' title='bbox 3176 3058 3406 3113; x_wconf 82' lang='lat' dir='ltr'><strong>fratrum</strong></span> <span class='ocrx_word' id='word_1_425' title='bbox 3465 3057 3675 3113; x_wconf 78' lang='lat' dir='ltr'><strong>familia</strong></span> 
     </span>
    </p>
   </div>
   <div class='ocr_carea' id='block_1_61' title="bbox 2106 3148 3682 3226">
    <p class='ocr_par' dir='ltr' id='par_1_61' title="bbox 2106 3148 3682 3226">
     <span class='ocr_line' id='line_1_61' title="bbox 2106 3148 3682 3226; baseline -0.006 -13"><span class='ocrx_word' id='word_1_426' title='bbox 2106 3166 2543 3226; x_wconf 64' lang='lat' dir='ltr'><strong>ceterorumque</strong></span> <span class='ocrx_word' id='word_1_427' title='bbox 2577 3153 3044 3216; x_wconf 85' lang='lat' dir='ltr'><strong>Christianorum,</strong></span> <span class='ocrx_word' id='word_1_428' title='bbox 3096 3161 3259 3220; x_wconf 86' lang='lat' dir='ltr'><strong>atque</strong></span> <span class='ocrx_word' id='word_1_429' title='bbox 3289 3164 3393 3219; x_wconf 89' lang='lat' dir='ltr'><strong>pro</strong></span> <span class='ocrx_word' id='word_1_430' title='bbox 3430 3148 3682 3217; x_wconf 79' lang='lat' dir='ltr'><strong>patribus</strong></span> 
     </span>
    </p>
   </div>
   <div class='ocr_carea' id='block_1_62' title="bbox 362 3239 1998 3343">
    <p class='ocr_par' dir='ltr' id='par_1_62' title="bbox 362 3240 1998 3313">
     <span class='ocr_line' id='line_1_62' title="bbox 362 3240 1998 3313; baseline 0.001 -20"><span class='ocrx_word' id='word_1_431' title='bbox 362 3280 365 3283; x_wconf 54' lang='grc' dir='ltr'><strong>ι</strong></span> <span class='ocrx_word' id='word_1_432' title='bbox 415 3240 592 3294; x_wconf 73' lang='grc' dir='ltr'>ἄλλων</span> <span class='ocrx_word' id='word_1_433' title='bbox 625 3240 989 3309; x_wconf 74' lang='grc' dir='ltr'>Χριστιανῶν,</span> <span class='ocrx_word' id='word_1_434' title='bbox 1013 3241 1108 3295; x_wconf 76' lang='grc' dir='ltr'><strong>καὶ</strong></span> <span class='ocrx_word' id='word_1_435' title='bbox 1152 3241 1262 3294; x_wconf 90' lang='grc' dir='ltr'><strong>τῶν</strong></span> <span class='ocrx_word' id='word_1_436' title='bbox 1324 3240 1625 3307; x_wconf 81' lang='grc' dir='ltr'>ὀρθοδόξως</span> <span class='ocrx_word' id='word_1_437' title='bbox 1656 3240 1998 3313; x_wconf 72' lang='grc' dir='ltr'>κεκοιμημέ-</span> 
     </span>
    </p>
   </div>
   <div class='ocr_carea' id='block_1_63' title="bbox 2099 3239 3678 3343">
    <p class='ocr_par' dir='ltr' id='par_1_63' title="bbox 2108 3239 3678 3310">
     <span class='ocr_line' id='line_1_63' title="bbox 2108 3239 3678 3310; baseline -0.003 -9"><span class='ocrx_word' id='word_1_438' title='bbox 2108 3254 2161 3301; x_wconf 87' lang='lat' dir='ltr'><strong>et</strong></span> <span class='ocrx_word' id='word_1_439' title='bbox 2193 3245 2457 3299; x_wconf 77' lang='lat' dir='ltr'><strong>fratribus</strong></span> <span class='ocrx_word' id='word_1_440' title='bbox 2491 3243 2693 3297; x_wconf 83' lang='lat' dir='ltr'><strong>nostris</strong></span> <span class='ocrx_word' id='word_1_441' title='bbox 2724 3243 2816 3310; x_wconf 89' lang='lat' dir='ltr'><strong>qui</strong></span> <span class='ocrx_word' id='word_1_442' title='bbox 2873 3242 3004 3299; x_wconf 89' lang='lat' dir='ltr'><strong>olim</strong></span> <span class='ocrx_word' id='word_1_443' title='bbox 3038 3241 3092 3295; x_wconf 89' lang='lat' dir='ltr'><strong>in</strong></span> <span class='ocrx_word' id='word_1_444' title='bbox 3141 3239 3248 3295; x_wconf 82' lang='lat' dir='ltr'><strong>fide</strong></span> <span class='ocrx_word' id='word_1_445' title='bbox 3291 3239 3634 3295; x_wconf 83' lang='lat' dir='ltr'><strong>dormierunt</strong></span> <span class='ocrx_word' id='word_1_446' title='bbox 3662 3255 3678 3297; x_wconf 83' lang='lat'><strong>:</strong></span> 
     </span>
    </p>
   </div>
   <div class='ocr_carea' id='block_1_64' title="bbox 417 3329 2004 3403">
    <p class='ocr_par' dir='ltr' id='par_1_64' title="bbox 417 3329 2004 3403">
     <span class='ocr_line' id='line_1_64' title="bbox 417 3329 2004 3403; baseline 0.003 -21"><span class='ocrx_word' id='word_1_447' title='bbox 417 3346 525 3382; x_wconf 87' lang='grc' dir='ltr'>νων</span> <span class='ocrx_word' id='word_1_448' title='bbox 554 3329 718 3384; x_wconf 79' lang='grc' dir='ltr'>πάλιν</span> <span class='ocrx_word' id='word_1_449' title='bbox 742 3331 1004 3401; x_wconf 79' lang='grc' dir='ltr'>Πατίρων</span> <span class='ocrx_word' id='word_1_450' title='bbox 1027 3332 1121 3385; x_wconf 69' lang='grc' dir='ltr'>καὶ</span> <span class='ocrx_word' id='word_1_451' title='bbox 1151 3331 1399 3401; x_wconf 69' lang='grc' dir='ltr'>ἀδελφῶν</span> <span class='ocrx_word' id='word_1_452' title='bbox 1428 3333 1610 3402; x_wconf 82' lang='grc' dir='ltr'>ἡμῶν,</span> <span class='ocrx_word' id='word_1_453' title='bbox 1641 3332 2004 3403; x_wconf 74' lang='grc' dir='ltr'>χρειωδέσταο</span> 
     </span>
    </p>
   </div>
   <div class='ocr_carea' id='block_1_65' title="bbox 419 3421 2008 3498">
    <p class='ocr_par' dir='ltr' id='par_1_65' title="bbox 419 3421 2008 3498">
     <span class='ocr_line' id='line_1_65' title="bbox 419 3421 2008 3498; baseline 0.002 -27"><span class='ocrx_word' id='word_1_454' title='bbox 419 3436 514 3473; x_wconf 80' lang='grc' dir='ltr'>τον</span> <span class='ocrx_word' id='word_1_455' title='bbox 548 3421 678 3489; x_wconf 68' lang='grc' dir='ltr'>γὰρ·</span> <span class='ocrx_word' id='word_1_456' title='bbox 724 3423 784 3476; x_wconf 70' lang='grc' dir='ltr'><strong>ἰν</strong></span> <span class='ocrx_word' id='word_1_457' title='bbox 830 3423 915 3493; x_wconf 65' lang='grc' dir='ltr'><strong>⁷τῷ</strong></span> <span class='ocrx_word' id='word_1_458' title='bbox 966 3424 1081 3478; x_wconf 87' lang='grc' dir='ltr'><strong>τῶν</strong></span> <span class='ocrx_word' id='word_1_459' title='bbox 1143 3424 1320 3496; x_wconf 79' lang='grc' dir='ltr'>εὐχῶν</span> <span class='ocrx_word' id='word_1_460' title='bbox 1368 3425 1510 3478; x_wconf 83' lang='grc' dir='ltr'>τέλει</span> <span class='ocrx_word' id='word_1_461' title='bbox 1558 3426 1696 3498; x_wconf 82' lang='grc' dir='ltr'>ὑπὲρ</span> <span class='ocrx_word' id='word_1_462' title='bbox 1747 3425 2008 3480; x_wconf 82' lang='grc' dir='ltr'>ἁπάντων</span> 
     </span>
    </p>
   </div>
   <div class='ocr_carea' id='block_1_66' title="bbox 418 3511 2004 3582">
    <p class='ocr_par' dir='ltr' id='par_1_66' title="bbox 418 3511 2004 3582">
     <span class='ocr_line' id='line_1_66' title="bbox 418 3511 2004 3582; baseline 0.004 -19"><span class='ocrx_word' id='word_1_463' title='bbox 418 3511 752 3582; x_wconf 82' lang='grc' dir='ltr'>μεμνῆσθαι.</span> <span class='ocrx_word' id='word_1_464' title='bbox 791 3514 913 3567; x_wconf 82' lang='grc' dir='ltr'><strong>Ὀτι</strong></span> <span class='ocrx_word' id='word_1_465' title='bbox 955 3514 1115 3570; x_wconf 87' lang='grc' dir='ltr'>τοῦτο</span> <span class='ocrx_word' id='word_1_466' title='bbox 1169 3517 1448 3580; x_wconf 83' lang='grc' dir='ltr'>ποιοῦντες</span> <span class='ocrx_word' id='word_1_467' title='bbox 1477 3515 1719 3579; x_wconf 63' lang='grc' dir='ltr'>ἅπαντες</span> <span class='ocrx_word' id='word_1_468' title='bbox 1754 3516 2004 3572; x_wconf 76' lang='grc' dir='ltr'>ἅπαντα-</span> 
     </span>
    </p>
   </div>
   <div class='ocr_carea' id='block_1_67' title="bbox 413 3602 2007 3677">
    <p class='ocr_par' dir='ltr' id='par_1_67' title="bbox 413 3602 2007 3677">
     <span class='ocr_line' id='line_1_67' title="bbox 413 3602 2007 3677; baseline 0.002 -21"><span class='ocrx_word' id='word_1_469' title='bbox 413 3602 541 3673; x_wconf 73' lang='grc' dir='ltr'>χοῦ,</span> <span class='ocrx_word' id='word_1_470' title='bbox 565 3604 704 3673; x_wconf 77' lang='grc' dir='ltr'>ὑπὲρ</span> <span class='ocrx_word' id='word_1_471' title='bbox 756 3605 1002 3676; x_wconf 77' lang='grc' dir='ltr'>ἀλλήλων</span> <span class='ocrx_word' id='word_1_472' title='bbox 1064 3607 1341 3677; x_wconf 82' lang='grc' dir='ltr'>εὐχόμεθα</span> <span class='ocrx_word' id='word_1_473' title='bbox 1368 3650 1385 3672; x_wconf 92' lang='grc'><strong>,</strong></span> <span class='ocrx_word' id='word_1_474' title='bbox 1438 3608 1535 3661; x_wconf 74' lang='grc' dir='ltr'>καὶ</span> <span class='ocrx_word' id='word_1_475' title='bbox 1556 3607 1699 3662; x_wconf 78' lang='grc' dir='ltr'>οὕτω</span> <span class='ocrx_word' id='word_1_476' title='bbox 1724 3607 1868 3662; x_wconf 82' lang='grc' dir='ltr'>κατὰ</span> <span class='ocrx_word' id='word_1_477' title='bbox 1914 3607 2007 3660; x_wconf 75' lang='grc' dir='ltr'>τὸν</span> 
     </span>
    </p>
   </div>
   <div class='ocr_carea' id='block_1_68' title="bbox 414 3692 2002 3775">
    <p class='ocr_par' dir='ltr' id='par_1_68' title="bbox 414 3692 2002 3775">
     <span class='ocr_line' id='line_1_68' title="bbox 414 3692 2002 3775; baseline 0.001 -30"><span class='ocrx_word' id='word_1_478' title='bbox 414 3692 721 3763; x_wconf 82' lang='grc' dir='ltr'>Θεάὸελφον</span> <span class='ocrx_word' id='word_1_479' title='bbox 751 3697 901 3750; x_wconf 73' lang='grc' dir='ltr'>ἔσται</span> <span class='ocrx_word' id='word_1_480' title='bbox 928 3697 1145 3767; x_wconf 83' lang='grc' dir='ltr'>ἰαθῆναι</span> <span class='ocrx_word' id='word_1_481' title='bbox 1174 3699 1319 3767; x_wconf 74' lang='grc' dir='ltr'>ἡμᾶς</span> <span class='ocrx_word' id='word_1_482' title='bbox 1341 3697 1435 3752; x_wconf 74' lang='grc' dir='ltr'>καὶ</span> <span class='ocrx_word' id='word_1_483' title='bbox 1462 3697 1701 3764; x_wconf 78' lang='grc' dir='ltr'>σωθῆναι</span> <span class='ocrx_word' id='word_1_484' title='bbox 1725 3700 1818 3751; x_wconf 76' lang='grc' dir='ltr'><strong>καί</strong></span> <span class='ocrx_word' id='word_1_485' title='bbox 1842 3695 2002 3775; x_wconf 51' lang='grc' dir='ltr'>ἐκόνς-</span> 
     </span>
    </p>
   </div>
   <div class='ocr_carea' id='block_1_69' title="bbox 416 3788 2007 3858">
    <p class='ocr_par' dir='ltr' id='par_1_69' title="bbox 416 3788 2007 3858">
     <span class='ocr_line' id='line_1_69' title="bbox 416 3788 2007 3858; baseline 0.002 -20"><span class='ocrx_word' id='word_1_486' title='bbox 416 3803 514 3848; x_wconf 86' lang='grc' dir='ltr'><strong>τας</strong></span> <span class='ocrx_word' id='word_1_487' title='bbox 547 3788 642 3841; x_wconf 81' lang='grc' dir='ltr'>καὶ</span> <span class='ocrx_word' id='word_1_488' title='bbox 666 3790 927 3851; x_wconf 80' lang='grc' dir='ltr'>ἄκοντας.</span> <span class='ocrx_word' id='word_1_489' title='bbox 965 3789 1076 3852; x_wconf 81' lang='grc' dir='ltr'><strong>Τὰς</strong></span> <span class='ocrx_word' id='word_1_490' title='bbox 1106 3789 1291 3851; x_wconf 78' lang='grc' dir='ltr'>κοινὰς</span> <span class='ocrx_word' id='word_1_491' title='bbox 1325 3788 1382 3842; x_wconf 81' lang='grc' dir='ltr'><strong>δὲ</strong></span> <span class='ocrx_word' id='word_1_492' title='bbox 1406 3789 1571 3858; x_wconf 83' lang='grc' dir='ltr'>εὐχὰς</span> <span class='ocrx_word' id='word_1_493' title='bbox 1595 3789 1691 3843; x_wconf 77' lang='grc' dir='ltr'>καὶ</span> <span class='ocrx_word' id='word_1_494' title='bbox 1726 3791 1756 3842; x_wconf 98' lang='lat'><strong>6</strong></span> <span class='ocrx_word' id='word_1_495' title='bbox 1792 3788 2007 3857; x_wconf 87' lang='grc' dir='ltr'>πρῶτος</span> 
     </span>
    </p>
   </div>
   <div class='ocr_carea' id='block_1_70' title="bbox 418 3863 2004 3952">
    <p class='ocr_par' dir='ltr' id='par_1_70' title="bbox 418 3863 2004 3952">
     <span class='ocr_line' id='line_1_70' title="bbox 418 3863 2004 3952; baseline 0.003 -21"><span class='ocrx_word' id='word_1_496' title='bbox 418 3880 846 3948; x_wconf 69' lang='grc' dir='ltr'>ἐπισφραγίζει,</span> <span class='ocrx_word' id='word_1_497' title='bbox 877 3881 966 3935; x_wconf 79' lang='grc' dir='ltr'><strong>διὰ</strong></span> <span class='ocrx_word' id='word_1_498' title='bbox 1007 3882 1116 3937; x_wconf 84' lang='grc' dir='ltr'><strong>τῶν</strong></span> <span class='ocrx_word' id='word_1_499' title='bbox 1139 3882 1320 3952; x_wconf 80' lang='grc' dir='ltr'>εὐχῶν</span> <span class='ocrx_word' id='word_1_500' title='bbox 1346 3882 1455 3939; x_wconf 84' lang='grc' dir='ltr'><strong>τῶν</strong></span> <span class='ocrx_word' id='word_1_501' title='bbox 1487 3883 1658 3950; x_wconf 83' lang='grc' dir='ltr'>ἁγίων</span> <span class='ocrx_word' id='word_1_502' title='bbox 1690 3882 1848 3950; x_wconf 72' lang='grc' dir='ltr'>ἡμῶν</span> <span class='ocrx_word' id='word_1_503' title='bbox 1894 3863 2004 3935; x_wconf 82' lang='grc' dir='ltr'>Πα-</span> 
     </span>
    </p>
   </div>
   <div class='ocr_carea' id='block_1_71' title="bbox 418 3964 2005 4044">
    <p class='ocr_par' dir='ltr' id='par_1_71' title="bbox 418 3964 2005 4044">
     <span class='ocr_line' id='line_1_71' title="bbox 418 3964 2005 4044; baseline 0.004 -21"><span class='ocrx_word' id='word_1_504' title='bbox 418 3971 593 4043; x_wconf 84' lang='grc' dir='ltr'>τέρων</span> <span class='ocrx_word' id='word_1_505' title='bbox 612 3972 845 4042; x_wconf 76' lang='grc' dir='ltr'>Χριστὸν</span> <span class='ocrx_word' id='word_1_506' title='bbox 864 3973 955 4025; x_wconf 72' lang='grc' dir='ltr'>τὸν</span> <span class='ocrx_word' id='word_1_507' title='bbox 975 3973 1106 4026; x_wconf 77' lang='grc' dir='ltr'>Θεὸν</span> <span class='ocrx_word' id='word_1_508' title='bbox 1141 3973 1394 4044; x_wconf 41' lang='grc' dir='ltr'>ἡμῶνδσίς</span> <span class='ocrx_word' id='word_1_509' title='bbox 1413 3974 1562 4027; x_wconf 77' lang='grc' dir='ltr'>ἔλεον</span> <span class='ocrx_word' id='word_1_510' title='bbox 1581 3964 1813 4027; x_wconf 67' lang='grc' dir='ltr'>ικκᾶλού</span> <span class='ocrx_word' id='word_1_511' title='bbox 1822 3989 2005 4041; x_wconf 85' lang='grc' dir='ltr'>μενος.</span> 
     </span>
    </p>
   </div>
   <div class='ocr_carea' id='block_1_72' title="bbox 1007 4086 1414 4143">
    <p class='ocr_par' dir='ltr' id='par_1_72' title="bbox 1007 4086 1414 4143">
     <span class='ocr_line' id='line_1_72' title="bbox 1007 4086 1414 4143; baseline 0.005 -3"><span class='ocrx_word' id='word_1_512' title='bbox 1007 4086 1262 4141; x_wconf 77' lang='grc' dir='ltr'><strong>ΚΕΦΑΛ.</strong></span> <span class='ocrx_word' id='word_1_513' title='bbox 1289 4086 1414 4143; x_wconf 68' lang='grc' dir='ltr'><strong>ΤΘν.</strong></span> 
     </span>
    </p>
   </div>
   <div class='ocr_carea' id='block_1_73' title="bbox 415 4173 2006 4270">
    <p class='ocr_par' dir='ltr' id='par_1_73' title="bbox 415 4173 2006 4270">
     <span class='ocr_line' id='line_1_73' title="bbox 415 4173 2006 4270; baseline -0.001 -15"><span class='ocrx_word' id='word_1_514' title='bbox 415 4201 554 4270; x_wconf 67' lang='grc' dir='ltr'>ηερ)</span> <span class='ocrx_word' id='word_1_515' title='bbox 577 4200 690 4267; x_wconf 83' lang='grc' dir='ltr'>τῆς</span> <span class='ocrx_word' id='word_1_516' title='bbox 716 4202 822 4256; x_wconf 81' lang='grc' dir='ltr'><strong>τοῦ</strong></span> <span class='ocrx_word' id='word_1_517' title='bbox 846 4199 1063 4269; x_wconf 78' lang='grc' dir='ltr'>ὄρθρου</span> <span class='ocrx_word' id='word_1_518' title='bbox 1081 4201 1465 4267; x_wconf 75' lang='grc' dir='ltr'>ἀκολουθίας,</span> <span class='ocrx_word' id='word_1_519' title='bbox 1488 4204 1587 4256; x_wconf 68' lang='grc' dir='ltr'><strong>καί</strong></span> <span class='ocrx_word' id='word_1_520' title='bbox 1603 4173 1842 4269; x_wconf 57' lang='grc' dir='ltr'>πρῶτον</span> <span class='ocrx_word' id='word_1_521' title='bbox 1859 4202 1917 4253; x_wconf 85' lang='grc' dir='ltr'><strong>τί</strong></span> <span class='ocrx_word' id='word_1_522' title='bbox 1937 4200 2006 4254; x_wconf 84' lang='grc' dir='ltr'>τὸ</span> 
     </span>
    </p>
   </div>
   <div class='ocr_carea' id='block_1_74' title="bbox 484 4271 2002 4340">
    <p class='ocr_par' dir='ltr' id='par_1_74' title="bbox 484 4271 2002 4340">
     <span class='ocr_line' id='line_1_74' title="bbox 484 4271 2002 4340; baseline -0.001 -14"><span class='ocrx_word' id='word_1_523' title='bbox 484 4274 836 4340; x_wconf 77' lang='grc' dir='ltr'>ἀνοίγεσθαι</span> <span class='ocrx_word' id='word_1_524' title='bbox 865 4272 984 4325; x_wconf 83' lang='grc' dir='ltr'>τῶν</span> <span class='ocrx_word' id='word_1_525' title='bbox 1007 4272 1220 4327; x_wconf 74' lang='grc' dir='ltr'>πυλῶν</span> <span class='ocrx_word' id='word_1_526' title='bbox 1236 4271 1344 4325; x_wconf 77' lang='grc' dir='ltr'><strong>τοῦ</strong></span> <span class='ocrx_word' id='word_1_527' title='bbox 1364 4273 1518 4325; x_wconf 80' lang='grc' dir='ltr'>ναοῦ</span> <span class='ocrx_word' id='word_1_528' title='bbox 1556 4274 1631 4325; x_wconf 74' lang='grc' dir='ltr'>τὰ</span> <span class='ocrx_word' id='word_1_529' title='bbox 1655 4271 2002 4339; x_wconf 71' lang='grc' dir='ltr'>βηλόθυρα,</span> 
     </span>
    </p>
   </div>
   <div class='ocr_carea' id='block_1_75' title="bbox 488 4341 1751 4419">
    <p class='ocr_par' dir='ltr' id='par_1_75' title="bbox 488 4341 1751 4419">
     <span class='ocr_line' id='line_1_75' title="bbox 488 4341 1751 4419; baseline -0.002 -23"><span class='ocrx_word' id='word_1_530' title='bbox 488 4343 587 4396; x_wconf 80' lang='grc' dir='ltr'>καὶ</span> <span class='ocrx_word' id='word_1_531' title='bbox 612 4345 999 4419; x_wconf 55' lang='grc' dir='ltr'>εἰσέρχεοηαι</span> <span class='ocrx_word' id='word_1_532' title='bbox 1019 4341 1223 4408; x_wconf 59' lang='grc' dir='ltr'>ἔνδον,</span> <span class='ocrx_word' id='word_1_533' title='bbox 1253 4341 1355 4395; x_wconf 76' lang='grc' dir='ltr'>καὶ</span> <span class='ocrx_word' id='word_1_534' title='bbox 1378 4342 1445 4396; x_wconf 79' lang='grc' dir='ltr'><strong>τό</strong></span> <span class='ocrx_word' id='word_1_535' title='bbox 1469 4345 1751 4412; x_wconf 77' lang='grc' dir='ltr'>θυμίαμα.</span> 
     </span>
    </p>
   </div>
   <div class='ocr_carea' id='block_1_76' title="bbox 488 4431 1999 4504">
    <p class='ocr_par' dir='ltr' id='par_1_76' title="bbox 488 4431 1999 4504">
     <span class='ocr_line' id='line_1_76' title="bbox 488 4431 1999 4504; baseline 0.001 -19"><span class='ocrx_word' id='word_1_536' title='bbox 488 4433 597 4485; x_wconf 71' lang='grc' dir='ltr'>Καὶ</span> <span class='ocrx_word' id='word_1_537' title='bbox 619 4431 795 4495; x_wconf 74' lang='grc' dir='ltr'>οὕτως</span> <span class='ocrx_word' id='word_1_538' title='bbox 825 4435 855 4486; x_wconf 87' lang='lat'><strong>6</strong></span> <span class='ocrx_word' id='word_1_539' title='bbox 883 4432 983 4504; x_wconf 63' lang='grc' dir='ltr'>μιν</span> <span class='ocrx_word' id='word_1_540' title='bbox 1037 4432 1433 4503; x_wconf 81' lang='grc' dir='ltr'>μεσονυκτικδς</span> <span class='ocrx_word' id='word_1_541' title='bbox 1452 4431 1637 4502; x_wconf 75' lang='grc' dir='ltr'>ὕμνος</span> <span class='ocrx_word' id='word_1_542' title='bbox 1661 4432 1999 4487; x_wconf 79' lang='grc' dir='ltr'>τετέλεσται.</span> 
     </span>
    </p>
   </div>
   <div class='ocr_carea' id='block_1_77' title="bbox 396 4523 2036 4596">
    <p class='ocr_par' dir='ltr' id='par_1_77' title="bbox 396 4523 2036 4596">
     <span class='ocr_line' id='line_1_77' title="bbox 396 4523 2036 4596; baseline -0.001 -19"><span class='ocrx_word' id='word_1_543' title='bbox 396 4525 483 4596; x_wconf 30' lang='grc' dir='ltr'><strong>,Αἰ</strong></span> <span class='ocrx_word' id='word_1_544' title='bbox 507 4523 675 4577; x_wconf 81' lang='grc' dir='ltr'>πύλαι</span> <span class='ocrx_word' id='word_1_545' title='bbox 703 4523 759 4577; x_wconf 78' lang='grc' dir='ltr'><strong>δὲ</strong></span> <span class='ocrx_word' id='word_1_546' title='bbox 777 4523 872 4577; x_wconf 89' lang='grc' dir='ltr'><strong>τοῦ</strong></span> <span class='ocrx_word' id='word_1_547' title='bbox 905 4523 1034 4577; x_wconf 78' lang='grc' dir='ltr'>ναοῦ</span> <span class='ocrx_word' id='word_1_548' title='bbox 1069 4524 1381 4592; x_wconf 82' lang='grc' dir='ltr'>ἀνοίγονται</span> <span class='ocrx_word' id='word_1_549' title='bbox 1410 4524 1486 4587; x_wconf 80' lang='grc' dir='ltr'>ὡς</span> <span class='ocrx_word' id='word_1_550' title='bbox 1516 4526 1546 4578; x_wconf 90' lang='lat'><strong>6</strong></span> <span class='ocrx_word' id='word_1_551' title='bbox 1596 4524 1849 4592; x_wconf 80' lang='grc' dir='ltr'>οὐρανὸς,</span> <span class='ocrx_word' id='word_1_552' title='bbox 1903 4523 2001 4578; x_wconf 77' lang='grc' dir='ltr'>καὶ</span> <span class='ocrx_word' id='word_1_553' title='bbox 2031 4554 2036 4559; x_wconf 87' lang='grc'><strong>-</strong></span> 
     </span>
    </p>
   </div>
   <div class='ocr_carea' id='block_1_78' title="bbox 2108 3331 3704 3409">
    <p class='ocr_par' dir='ltr' id='par_1_78' title="bbox 2108 3331 3704 3409">
     <span class='ocr_line' id='line_1_78' title="bbox 2108 3331 3704 3409; baseline -0.006 -17"><span class='ocrx_word' id='word_1_554' title='bbox 2108 3339 2311 3409; x_wconf 87' lang='lat' dir='ltr'><strong>quippe</strong></span> <span class='ocrx_word' id='word_1_555' title='bbox 2352 3335 2581 3407; x_wconf 85' lang='lat' dir='ltr'><strong>perutile</strong></span> <span class='ocrx_word' id='word_1_556' title='bbox 2605 3346 2692 3391; x_wconf 88' lang='lat' dir='ltr'><strong>est</strong></span> <span class='ocrx_word' id='word_1_557' title='bbox 2718 3335 2771 3389; x_wconf 91' lang='lat' dir='ltr'><strong>in</strong></span> <span class='ocrx_word' id='word_1_558' title='bbox 2803 3334 2907 3389; x_wconf 73' lang='lat' dir='ltr'><strong>title</strong></span> <span class='ocrx_word' id='word_1_559' title='bbox 2935 3347 3156 3402; x_wconf 83' lang='lat' dir='ltr'><strong>precum</strong></span> <span class='ocrx_word' id='word_1_560' title='bbox 3190 3331 3261 3387; x_wconf 89' lang='lat' dir='ltr'><strong>de</strong></span> <span class='ocrx_word' id='word_1_561' title='bbox 3288 3331 3546 3386; x_wconf 87' lang='lat' dir='ltr'><strong>omnibus</strong></span> <span class='ocrx_word' id='word_1_562' title='bbox 3570 3343 3704 3394; x_wconf 39' lang='lat' dir='ltr'><strong>mea</strong></span> 
     </span>
    </p>
   </div>
   <div class='ocr_carea' id='block_1_79' title="bbox 2108 3420 3684 3495">
    <p class='ocr_par' dir='ltr' id='par_1_79' title="bbox 2108 3420 3684 3495">
     <span class='ocr_line' id='line_1_79' title="bbox 2108 3420 3684 3495; baseline -0.007 -9"><span class='ocrx_word' id='word_1_563' title='bbox 2108 3432 2337 3486; x_wconf 88' lang='lat' dir='ltr'><strong>moriam</strong></span> <span class='ocrx_word' id='word_1_564' title='bbox 2372 3428 2575 3495; x_wconf 85' lang='lat' dir='ltr'><strong>facere,</strong></span> <span class='ocrx_word' id='word_1_565' title='bbox 2622 3426 2879 3495; x_wconf 83' lang='lat' dir='ltr'><strong>quoniam</strong></span> <span class='ocrx_word' id='word_1_566' title='bbox 2937 3427 3009 3479; x_wconf 90' lang='lat' dir='ltr'><strong>ita</strong></span> <span class='ocrx_word' id='word_1_567' title='bbox 3065 3424 3343 3478; x_wconf 25' lang='lat' dir='ltr'><strong>faciendo.</strong></span> <span class='ocrx_word' id='word_1_568' title='bbox 3382 3436 3576 3476; x_wconf 88' lang='lat' dir='ltr'><strong>omnes</strong></span> <span class='ocrx_word' id='word_1_569' title='bbox 3625 3420 3684 3475; x_wconf 87' lang='lat' dir='ltr'><strong>in</strong></span> 
     </span>
    </p>
   </div>
   <div class='ocr_carea' id='block_1_80' title="bbox 2092 3515 3683 3591">
    <p class='ocr_par' dir='ltr' id='par_1_80' title="bbox 2092 3515 3683 3591">
     <span class='ocr_line' id='line_1_80' title="bbox 2092 3515 3683 3591; baseline -0.006 -14"><span class='ocrx_word' id='word_1_570' title='bbox 2092 3523 2254 3578; x_wconf 79' lang='lat' dir='ltr'><strong>.omni</strong></span> <span class='ocrx_word' id='word_1_571' title='bbox 2303 3520 2423 3576; x_wconf 91' lang='lat' dir='ltr'><strong>loco</strong></span> <span class='ocrx_word' id='word_1_572' title='bbox 2475 3537 2572 3591; x_wconf 87' lang='lat' dir='ltr'><strong>pro</strong></span> <span class='ocrx_word' id='word_1_573' title='bbox 2606 3520 2839 3575; x_wconf 85' lang='lat' dir='ltr'><strong>invicem</strong></span> <span class='ocrx_word' id='word_1_574' title='bbox 2873 3533 3116 3584; x_wconf 82' lang='lat' dir='ltr'><strong>oramus,</strong></span> <span class='ocrx_word' id='word_1_575' title='bbox 3159 3525 3217 3572; x_wconf 84' lang='lat' dir='ltr'><strong>et</strong></span> <span class='ocrx_word' id='word_1_576' title='bbox 3239 3517 3341 3582; x_wconf 90' lang='lat' dir='ltr'><strong>sic,</strong></span> <span class='ocrx_word' id='word_1_577' title='bbox 3381 3515 3683 3571; x_wconf 88' lang='lat' dir='ltr'><strong>secundum</strong></span> 
     </span>
    </p>
   </div>
   <div class='ocr_carea' id='block_1_81' title="bbox 2108 3608 3683 3676">
    <p class='ocr_par' dir='ltr' id='par_1_81' title="bbox 2108 3608 3683 3676">
     <span class='ocr_line' id='line_1_81' title="bbox 2108 3608 3683 3676; baseline -0.006 -6"><span class='ocrx_word' id='word_1_578' title='bbox 2108 3616 2331 3671; x_wconf 86' lang='lat' dir='ltr'><strong>fratrem</strong></span> <span class='ocrx_word' id='word_1_579' title='bbox 2372 3613 2604 3676; x_wconf 85' lang='lat' dir='ltr'><strong>Domini,</strong></span> <span class='ocrx_word' id='word_1_580' title='bbox 2638 3610 2959 3667; x_wconf 82' lang='lat' dir='ltr'><strong>sanabimur</strong></span> <span class='ocrx_word' id='word_1_581' title='bbox 2980 3623 3171 3665; x_wconf 74' lang='lat' dir='ltr'><strong>omnes</strong></span> <span class='ocrx_word' id='word_1_582' title='bbox 3198 3616 3259 3663; x_wconf 83' lang='lat' dir='ltr'><strong>et</strong></span> <span class='ocrx_word' id='word_1_583' title='bbox 3284 3608 3423 3676; x_wconf 82' lang='lat' dir='ltr'><strong>salvi</strong></span> <span class='ocrx_word' id='word_1_584' title='bbox 3474 3609 3683 3662; x_wconf 83' lang='lat' dir='ltr'><strong>erimus</strong></span> 
     </span>
    </p>
   </div>
   <div class='ocr_carea' id='block_1_82' title="bbox 2107 3700 3683 3769">
    <p class='ocr_par' dir='ltr' id='par_1_82' title="bbox 2107 3700 3683 3769">
     <span class='ocr_line' id='line_1_82' title="bbox 2107 3700 3683 3769; baseline -0.004 -8"><span class='ocrx_word' id='word_1_585' title='bbox 2107 3706 2340 3762; x_wconf 85' lang='lat' dir='ltr'><strong>libentes</strong></span> <span class='ocrx_word' id='word_1_586' title='bbox 2368 3713 2423 3760; x_wconf 90' lang='lat' dir='ltr'><strong>et</strong></span> <span class='ocrx_word' id='word_1_587' title='bbox 2448 3703 2629 3758; x_wconf 79' lang='lat' dir='ltr'><strong>inviti.</strong></span> <span class='ocrx_word' id='word_1_588' title='bbox 2687 3700 3026 3756; x_wconf 83' lang='lat' dir='ltr'><strong>Communes</strong></span> <span class='ocrx_word' id='word_1_589' title='bbox 3063 3708 3246 3755; x_wconf 86' lang='lat' dir='ltr'><strong>autem</strong></span> <span class='ocrx_word' id='word_1_590' title='bbox 3281 3715 3472 3769; x_wconf 83' lang='lat' dir='ltr'><strong>preces</strong></span> <span class='ocrx_word' id='word_1_591' title='bbox 3522 3714 3683 3769; x_wconf 59' lang='lat' dir='ltr'><strong>super</strong></span> 
     </span>
    </p>
   </div>
   <div class='ocr_carea' id='block_1_83' title="bbox 2108 3791 3695 3868">
    <p class='ocr_par' dir='ltr' id='par_1_83' title="bbox 2108 3791 3695 3868">
     <span class='ocr_line' id='line_1_83' title="bbox 2108 3791 3695 3868; baseline -0.003 -13"><span class='ocrx_word' id='word_1_592' title='bbox 2108 3799 2222 3855; x_wconf 85' lang='lat' dir='ltr'><strong>rior</strong></span> <span class='ocrx_word' id='word_1_593' title='bbox 2245 3793 2453 3868; x_wconf 78' lang='lat' dir='ltr'><strong>perlicit</strong></span> <span class='ocrx_word' id='word_1_594' title='bbox 2481 3794 2735 3863; x_wconf 83' lang='lat' dir='ltr'><strong>precibus</strong></span> <span class='ocrx_word' id='word_1_595' title='bbox 2764 3804 3079 3848; x_wconf 86' lang='lat' dir='ltr'><strong>sanctorum</strong></span> <span class='ocrx_word' id='word_1_596' title='bbox 3111 3801 3429 3848; x_wconf 87' lang='lat' dir='ltr'><strong>nostrorum</strong></span> <span class='ocrx_word' id='word_1_597' title='bbox 3452 3791 3695 3851; x_wconf 81' lang='lat' dir='ltr'><strong>Patrum.</strong></span> 
     </span>
    </p>
   </div>
   <div class='ocr_carea' id='block_1_84' title="bbox 2106 3882 3468 3954">
    <p class='ocr_par' dir='ltr' id='par_1_84' title="bbox 2106 3882 3468 3954">
     <span class='ocr_line' id='line_1_84' title="bbox 2106 3882 3468 3954; baseline -0.004 -8"><span class='ocrx_word' id='word_1_598' title='bbox 2106 3890 2314 3948; x_wconf 87' lang='lat' dir='ltr'><strong>Christi</strong></span> <span class='ocrx_word' id='word_1_599' title='bbox 2348 3888 2441 3945; x_wconf 89' lang='lat' dir='ltr'><strong>Dei</strong></span> <span class='ocrx_word' id='word_1_600' title='bbox 2475 3886 2648 3942; x_wconf 80' lang='lat' dir='ltr'><strong>nostri</strong></span> <span class='ocrx_word' id='word_1_601' title='bbox 2684 3885 3118 3941; x_wconf 80' lang='lat' dir='ltr'><strong>misericordiam</strong></span> <span class='ocrx_word' id='word_1_602' title='bbox 3143 3882 3468 3954; x_wconf 73' lang='lat' dir='ltr'><strong>ﬁagitaudo.</strong></span> 
     </span>
    </p>
   </div>
   <div class='ocr_carea' id='block_1_85' title="bbox 2650 4077 3155 4136">
    <p class='ocr_par' dir='ltr' id='par_1_85' title="bbox 2650 4077 3155 4136">
     <span class='ocr_line' id='line_1_85' title="bbox 2650 4077 3155 4136; baseline 0 0"><span class='ocrx_word' id='word_1_603' title='bbox 2650 4078 2880 4136; x_wconf 73' lang='lat' dir='ltr'><strong>CAPUT</strong></span> <span class='ocrx_word' id='word_1_604' title='bbox 2927 4077 3155 4136; x_wconf 78' lang='lat' dir='ltr'><strong>CCCIX.</strong></span> 
     </span>
    </p>
   </div>
   <div class='ocr_carea' id='block_1_86' title="bbox 2110 4191 3686 4262">
    <p class='ocr_par' dir='ltr' id='par_1_86' title="bbox 2110 4191 3686 4262">
     <span class='ocr_line' id='line_1_86' title="bbox 2110 4191 3686 4262; baseline -0.001 -11"><span class='ocrx_word' id='word_1_605' title='bbox 2110 4195 2188 4251; x_wconf 80' lang='lat' dir='ltr'><strong>De</strong></span> <span class='ocrx_word' id='word_1_606' title='bbox 2237 4195 2417 4249; x_wconf 81' lang='lat' dir='ltr'><strong>ordine</strong></span> <span class='ocrx_word' id='word_1_607' title='bbox 2449 4193 2705 4249; x_wconf 81' lang='lat' dir='ltr'><strong>matutini</strong></span> <span class='ocrx_word' id='word_1_608' title='bbox 2732 4193 2904 4261; x_wconf 56' lang='lat' dir='ltr'><strong>cilicii,</strong></span> <span class='ocrx_word' id='word_1_609' title='bbox 2931 4203 2979 4248; x_wconf 85' lang='lat' dir='ltr'><strong>et</strong></span> <span class='ocrx_word' id='word_1_610' title='bbox 3011 4195 3243 4262; x_wconf 82' lang='lat' dir='ltr'><strong>primum</strong></span> <span class='ocrx_word' id='word_1_611' title='bbox 3274 4191 3402 4262; x_wconf 83' lang='lat' dir='ltr'><strong>quid</strong></span> <span class='ocrx_word' id='word_1_612' title='bbox 3427 4192 3686 4262; x_wconf 72' lang='lat' dir='ltr'><strong>signiﬁcet</strong></span> 
     </span>
    </p>
   </div>
   <div class='ocr_carea' id='block_1_87' title="bbox 2170 4263 3687 4332">
    <p class='ocr_par' dir='ltr' id='par_1_87' title="bbox 2170 4263 3687 4332">
     <span class='ocr_line' id='line_1_87' title="bbox 2170 4263 3687 4332; baseline -0.002 -13"><span class='ocrx_word' id='word_1_613' title='bbox 2170 4265 2303 4329; x_wconf 67' lang='lat' dir='ltr'><strong>pcta</strong></span> <span class='ocrx_word' id='word_1_614' title='bbox 2343 4273 2621 4331; x_wconf 83' lang='lat' dir='ltr'><strong>portarum</strong></span> <span class='ocrx_word' id='word_1_615' title='bbox 2659 4263 2838 4331; x_wconf 74' lang='lat' dir='ltr'><strong>templi</strong></span> <span class='ocrx_word' id='word_1_616' title='bbox 2868 4266 3099 4331; x_wconf 76' lang='lat' dir='ltr'><strong>aperiri,</strong></span> <span class='ocrx_word' id='word_1_617' title='bbox 3136 4273 3295 4331; x_wconf 79' lang='lat' dir='ltr'><strong>atque</strong></span> <span class='ocrx_word' id='word_1_618' title='bbox 3330 4279 3422 4332; x_wconf 83' lang='lat' dir='ltr'><strong>per</strong></span> <span class='ocrx_word' id='word_1_619' title='bbox 3452 4263 3574 4317; x_wconf 70' lang='lat' dir='ltr'><strong>illa:</strong></span> <span class='ocrx_word' id='word_1_620' title='bbox 3602 4264 3687 4316; x_wconf 80' lang='lat' dir='ltr'><strong>in-</strong></span> 
     </span>
    </p>
   </div>
   <div class='ocr_carea' id='block_1_88' title="bbox 2175 4333 2684 4416">
    <p class='ocr_par' dir='ltr' id='par_1_88' title="bbox 2175 4333 2684 4416">
     <span class='ocr_line' id='line_1_88' title="bbox 2175 4333 2684 4416; baseline -0.008 -27"><span class='ocrx_word' id='word_1_621' title='bbox 2175 4335 2359 4398; x_wconf 74' lang='lat' dir='ltr'><strong>troire,</strong></span> <span class='ocrx_word' id='word_1_622' title='bbox 2381 4344 2435 4416; x_wconf 64' lang='lat' dir='ltr'><strong>et</strong></span> <span class='ocrx_word' id='word_1_623' title='bbox 2460 4333 2684 4402; x_wconf 66' lang='lat' dir='ltr'><strong>suﬁitus.</strong></span> 
     </span>
    </p>
   </div>
   <div class='ocr_carea' id='block_1_89' title="bbox 2181 4422 3684 4492">
    <p class='ocr_par' dir='ltr' id='par_1_89' title="bbox 2181 4422 3684 4492">
     <span class='ocr_line' id='line_1_89' title="bbox 2181 4422 3684 4492; baseline 0 -11"><span class='ocrx_word' id='word_1_624' title='bbox 2181 4426 2251 4481; x_wconf 85' lang='lat' dir='ltr'><strong>Et</strong></span> <span class='ocrx_word' id='word_1_625' title='bbox 2278 4426 2360 4481; x_wconf 88' lang='lat' dir='ltr'><strong>sic</strong></span> <span class='ocrx_word' id='word_1_626' title='bbox 2389 4434 2719 4479; x_wconf 84' lang='lat' dir='ltr'><strong>nocturnum</strong></span> <span class='ocrx_word' id='word_1_627' title='bbox 2747 4422 3025 4492; x_wconf 78' lang='lat' dir='ltr'><strong>perﬁcitur</strong></span> <span class='ocrx_word' id='word_1_628' title='bbox 3051 4424 3311 4479; x_wconf 70' lang='lat' dir='ltr'><strong>ofﬁcium.</strong></span> <span class='ocrx_word' id='word_1_629' title='bbox 3349 4424 3529 4480; x_wconf 69' lang='lat' dir='ltr'><strong>Portre</strong></span> <span class='ocrx_word' id='word_1_630' title='bbox 3554 4439 3684 4481; x_wconf 78' lang='lat' dir='ltr'><strong>vero</strong></span> 
     </span>
    </p>
   </div>
   <div class='ocr_carea' id='block_1_90' title="bbox 2109 4516 3681 4588">
    <p class='ocr_par' dir='ltr' id='par_1_90' title="bbox 2109 4516 3681 4588">
     <span class='ocr_line' id='line_1_90' title="bbox 2109 4516 3681 4588; baseline -0.001 -14"><span class='ocrx_word' id='word_1_631' title='bbox 2109 4518 2298 4588; x_wconf 77' lang='lat' dir='ltr'><strong>templi</strong></span> <span class='ocrx_word' id='word_1_632' title='bbox 2334 4516 2660 4587; x_wconf 88' lang='lat' dir='ltr'><strong>aperiuntur</strong></span> <span class='ocrx_word' id='word_1_633' title='bbox 2686 4528 2943 4586; x_wconf 83' lang='lat' dir='ltr'><strong>tanquam</strong></span> <span class='ocrx_word' id='word_1_634' title='bbox 2975 4517 3196 4581; x_wconf 71' lang='lat' dir='ltr'><strong>omium,</strong></span> <span class='ocrx_word' id='word_1_635' title='bbox 3227 4524 3283 4572; x_wconf 90' lang='lat' dir='ltr'><strong>et</strong></span> <span class='ocrx_word' id='word_1_636' title='bbox 3307 4517 3454 4572; x_wconf 81' lang='lat' dir='ltr'><strong>velut</strong></span> <span class='ocrx_word' id='word_1_637' title='bbox 3482 4532 3511 4569; x_wconf 91' lang='lat' dir='ltr'><strong>a</strong></span> <span class='ocrx_word' id='word_1_638' title='bbox 3540 4526 3681 4573; x_wconf 88' lang='lat' dir='ltr'><strong>terra</strong></span> 
     </span>
    </p>
   </div>
   <div class='ocr_carea' id='block_1_91' title="bbox 407 4608 1998 4689">
    <p class='ocr_par' dir='ltr' id='par_1_91' title="bbox 407 4608 1998 4686">
     <span class='ocr_line' id='line_1_91' title="bbox 407 4608 1998 4686; baseline -0.002 -17"><span class='ocrx_word' id='word_1_639' title='bbox 407 4608 489 4678; x_wconf 68' lang='grc' dir='ltr'><strong>’ὡς</strong></span> <span class='ocrx_word' id='word_1_640' title='bbox 514 4615 625 4669; x_wconf 82' lang='grc' dir='ltr'>ἀπὸ</span> <span class='ocrx_word' id='word_1_641' title='bbox 655 4616 753 4685; x_wconf 83' lang='grc' dir='ltr'>τῆς</span> <span class='ocrx_word' id='word_1_642' title='bbox 774 4615 877 4683; x_wconf 81' lang='grc' dir='ltr'>γῆς</span> <span class='ocrx_word' id='word_1_643' title='bbox 898 4616 975 4677; x_wconf 74' lang='grc' dir='ltr'><strong>εἰς</strong></span> <span class='ocrx_word' id='word_1_644' title='bbox 1014 4614 1178 4669; x_wconf 81' lang='grc' dir='ltr'>αὐτὸν</span> <span class='ocrx_word' id='word_1_645' title='bbox 1207 4615 1590 4686; x_wconf 86' lang='grc' dir='ltr'>εἰσερχόμεθα.</span> <span class='ocrx_word' id='word_1_646' title='bbox 1625 4614 1783 4669; x_wconf 78' lang='grc' dir='ltr'>Καθὰ</span> <span class='ocrx_word' id='word_1_647' title='bbox 1811 4614 1875 4686; x_wconf 81' lang='grc' dir='ltr'><strong>δὴ</strong></span> <span class='ocrx_word' id='word_1_648' title='bbox 1902 4613 1998 4669; x_wconf 81' lang='grc' dir='ltr'>καὶ</span> 
     </span>
    </p>
   </div>
   <div class='ocr_carea' id='block_1_92' title="bbox 2099 4608 3682 4689">
    <p class='ocr_par' dir='ltr' id='par_1_92' title="bbox 2106 4608 3682 4679">
     <span class='ocr_line' id='line_1_92' title="bbox 2106 4608 3682 4679; baseline -0.001 -14"><span class='ocrx_word' id='word_1_649' title='bbox 2106 4610 2162 4666; x_wconf 88' lang='lat' dir='ltr'><strong>in</strong></span> <span class='ocrx_word' id='word_1_650' title='bbox 2216 4609 2352 4664; x_wconf 87' lang='lat' dir='ltr'><strong>illud</strong></span> <span class='ocrx_word' id='word_1_651' title='bbox 2404 4608 2764 4679; x_wconf 86' lang='lat' dir='ltr'><strong>ingredimur,</strong></span> <span class='ocrx_word' id='word_1_652' title='bbox 2805 4608 3263 4677; x_wconf 78' lang='lat' dir='ltr'><strong>quemadmodum</strong></span> <span class='ocrx_word' id='word_1_653' title='bbox 3314 4616 3371 4664; x_wconf 91' lang='lat' dir='ltr'><strong>et</strong></span> <span class='ocrx_word' id='word_1_654' title='bbox 3412 4618 3540 4665; x_wconf 88' lang='lat' dir='ltr'><strong>tunc</strong></span> <span class='ocrx_word' id='word_1_655' title='bbox 3588 4610 3682 4678; x_wconf 82' lang='lat' dir='ltr'><strong>qui</strong></span> 
     </span>
    </p>
   </div>
   <div class='ocr_carea' id='block_1_93' title="bbox 414 4705 1996 4777">
    <p class='ocr_par' dir='ltr' id='par_1_93' title="bbox 414 4705 1996 4777">
     <span class='ocr_line' id='line_1_93' title="bbox 414 4705 1996 4777; baseline 0 -17"><span class='ocrx_word' id='word_1_656' title='bbox 414 4707 539 4760; x_wconf 85' lang='grc' dir='ltr'>τότε</span> <span class='ocrx_word' id='word_1_657' title='bbox 589 4707 1010 4775; x_wconf 77' lang='grc' dir='ltr'>ἁρπαγήσονται</span> <span class='ocrx_word' id='word_1_658' title='bbox 1063 4708 1113 4759; x_wconf 88' lang='grc' dir='ltr'><strong>οἰ</strong></span> <span class='ocrx_word' id='word_1_659' title='bbox 1162 4705 1271 4759; x_wconf 81' lang='grc' dir='ltr'>τοῦ.</span> <span class='ocrx_word' id='word_1_660' title='bbox 1324 4705 1565 4777; x_wconf 75' lang='grc' dir='ltr'>Χριστοῦ</span> <span class='ocrx_word' id='word_1_661' title='bbox 1621 4707 1680 4759; x_wconf 72' lang='grc' dir='ltr'>ἐν</span> <span class='ocrx_word' id='word_1_662' title='bbox 1719 4705 1996 4774; x_wconf 70' lang='grc' dir='ltr'>νεφέλαις.</span> 
     </span>
    </p>
   </div>
   <div class='ocr_carea' id='block_1_94' title="bbox 420 4796 2000 4873">
    <p class='ocr_par' dir='ltr' id='par_1_94' title="bbox 420 4796 2000 4873">
     <span class='ocr_line' id='line_1_94' title="bbox 420 4796 2000 4873; baseline -0.001 -20"><span class='ocrx_word' id='word_1_663' title='bbox 420 4799 532 4853; x_wconf 74' lang='grc' dir='ltr'>Καὶ</span> <span class='ocrx_word' id='word_1_664' title='bbox 560 4796 705 4851; x_wconf 76' lang='grc' dir='ltr'>οὕτω</span> <span class='ocrx_word' id='word_1_665' title='bbox 733 4798 965 4851; x_wconf 81' lang='grc' dir='ltr'>πάντοτε</span> <span class='ocrx_word' id='word_1_666' title='bbox 999 4797 1096 4850; x_wconf 81' lang='grc' dir='ltr'><strong>σὺν</strong></span> <span class='ocrx_word' id='word_1_667' title='bbox 1151 4797 1340 4867; x_wconf 80' lang='grc' dir='ltr'>Κυρίῳ</span> <span class='ocrx_word' id='word_1_668' title='bbox 1369 4798 1606 4867; x_wconf 80' lang='grc' dir='ltr'>ἐσόμεθα</span> <span class='ocrx_word' id='word_1_669' title='bbox 1638 4814 1653 4829; x_wconf 82' lang='grc'><em>’</em></span> <span class='ocrx_word' id='word_1_670' title='bbox 1692 4800 1787 4854; x_wconf 77' lang='grc' dir='ltr'>καὶ</span> <span class='ocrx_word' id='word_1_671' title='bbox 1800 4799 1889 4873; x_wconf 54' lang='grc' dir='ltr'>,ὡς</span> <span class='ocrx_word' id='word_1_672' title='bbox 1914 4814 2000 4853; x_wconf 85' lang='grc' dir='ltr'><strong>νε-</strong></span> 
     </span>
    </p>
   </div>
   <div class='ocr_carea' id='block_1_95' title="bbox 420 4878 1998 4960">
    <p class='ocr_par' dir='ltr' id='par_1_95' title="bbox 420 4878 1998 4960">
     <span class='ocr_line' id='line_1_95' title="bbox 420 4878 1998 4960; baseline 0.001 -18"><span class='ocrx_word' id='word_1_673' title='bbox 420 4891 557 4960; x_wconf 82' lang='grc' dir='ltr'>φέλη</span> <span class='ocrx_word' id='word_1_674' title='bbox 588 4890 647 4944; x_wconf 75' lang='grc' dir='ltr'><strong>δὲ</strong></span> <span class='ocrx_word' id='word_1_675' title='bbox 678 4889 737 4942; x_wconf 77' lang='grc' dir='ltr'>τὸ</span> <span class='ocrx_word' id='word_1_676' title='bbox 776 4878 1047 4959; x_wconf 75' lang='grc' dir='ltr'>θυμίαμα,</span> <span class='ocrx_word' id='word_1_677' title='bbox 1080 4889 1146 4942; x_wconf 77' lang='grc' dir='ltr'>τὸ</span> <span class='ocrx_word' id='word_1_678' title='bbox 1167 4888 1390 4960; x_wconf 80' lang='grc' dir='ltr'>Πνεῦμα</span> <span class='ocrx_word' id='word_1_679' title='bbox 1417 4889 1478 4943; x_wconf 84' lang='grc' dir='ltr'>τὺ</span> <span class='ocrx_word' id='word_1_680' title='bbox 1498 4891 1654 4959; x_wconf 68' lang='grc' dir='ltr'>ἅγιον</span> <span class='ocrx_word' id='word_1_681' title='bbox 1703 4889 1998 4945; x_wconf 82' lang='grc' dir='ltr'>ὲκτυποῦν·</span> 
     </span>
    </p>
   </div>
   <div class='ocr_carea' id='block_1_96' title="bbox 414 4978 1999 5052">
    <p class='ocr_par' dir='ltr' id='par_1_96' title="bbox 414 4978 1999 5052">
     <span class='ocr_line' id='line_1_96' title="bbox 414 4978 1999 5052; baseline 0 -18"><span class='ocrx_word' id='word_1_682' title='bbox 414 4980 567 5035; x_wconf 79' lang='grc' dir='ltr'>ἀλλὰ.</span> <span class='ocrx_word' id='word_1_683' title='bbox 585 4980 675 5034; x_wconf 79' lang='grc' dir='ltr'><strong>καὶ</strong></span> <span class='ocrx_word' id='word_1_684' title='bbox 709 4979 770 5032; x_wconf 83' lang='grc' dir='ltr'><strong>τὸ</strong></span> <span class='ocrx_word' id='word_1_685' title='bbox 804 4978 1158 5050; x_wconf 80' lang='grc' dir='ltr'>μεταδοτικὸν</span> <span class='ocrx_word' id='word_1_686' title='bbox 1177 4979 1278 5048; x_wconf 80' lang='grc' dir='ltr'>τῆς</span> <span class='ocrx_word' id='word_1_687' title='bbox 1315 4979 1466 5043; x_wconf 85' lang='grc' dir='ltr'>θείας</span> <span class='ocrx_word' id='word_1_688' title='bbox 1495 4979 1663 5035; x_wconf 79' lang='grc' dir='ltr'>αὐτοῦ</span> <span class='ocrx_word' id='word_1_689' title='bbox 1692 4980 1913 5052; x_wconf 85' lang='grc' dir='ltr'>χάριτός</span> <span class='ocrx_word' id='word_1_690' title='bbox 1939 4996 1999 5034; x_wconf 81' lang='grc' dir='ltr'><strong>τε</strong></span> 
     </span>
    </p>
   </div>
   <div class='ocr_carea' id='block_1_97' title="bbox 418 5070 1999 5144">
    <p class='ocr_par' dir='ltr' id='par_1_97' title="bbox 418 5070 1999 5144">
     <span class='ocr_line' id='line_1_97' title="bbox 418 5070 1999 5144; baseline -0.001 -17"><span class='ocrx_word' id='word_1_691' title='bbox 418 5074 514 5127; x_wconf 79' lang='grc' dir='ltr'><strong>καὶ</strong></span> <span class='ocrx_word' id='word_1_692' title='bbox 542 5071 796 5140; x_wconf 81' lang='grc' dir='ltr'>εὐῳδίας.</span> <span class='ocrx_word' id='word_1_693' title='bbox 831 5070 1009 5134; x_wconf 82' lang='grc' dir='ltr'>Εὐθὺς</span> <span class='ocrx_word' id='word_1_694' title='bbox 1040 5073 1152 5144; x_wconf 62' lang='grc' dir='ltr'><strong>γὰρ</strong></span> <span class='ocrx_word' id='word_1_695' title='bbox 1185 5070 1543 5128; x_wconf 71' lang='grc' dir='ltr'>εἰσελθόντων</span> <span class='ocrx_word' id='word_1_696' title='bbox 1568 5074 1850 5141; x_wconf 75' lang='grc' dir='ltr'>ἁπάντων,</span> <span class='ocrx_word' id='word_1_697' title='bbox 1905 5073 1999 5128; x_wconf 91' lang='grc' dir='ltr'><strong>τοῦ</strong></span> 
     </span>
    </p>
   </div>
   <div class='ocr_carea' id='block_1_98' title="bbox 310 5150 2002 5237">
    <p class='ocr_par' dir='ltr' id='par_1_98' title="bbox 310 5150 2002 5237">
     <span class='ocr_line' id='line_1_98' title="bbox 310 5150 2002 5237; baseline 0 -19"><span class='ocrx_word' id='word_1_698' title='bbox 310 5150 315 5157; x_wconf 85' lang='grc'><em>’</em></span> <span class='ocrx_word' id='word_1_699' title='bbox 419 5166 518 5234; x_wconf 70' lang='grc' dir='ltr'><strong>μὲν</strong></span> <span class='ocrx_word' id='word_1_700' title='bbox 539 5165 957 5235; x_wconf 76' lang='grc' dir='ltr'><strong>καθηγουμένου</strong></span> <span class='ocrx_word' id='word_1_701' title='bbox 988 5165 1085 5221; x_wconf 65' lang='grc' dir='ltr'><strong>δεδιΔ</strong></span> <span class='ocrx_word' id='word_1_702' title='bbox 1122 5168 1228 5237; x_wconf 79' lang='grc' dir='ltr'>τῆς</span> <span class='ocrx_word' id='word_1_703' title='bbox 1296 5166 1586 5236; x_wconf 78' lang='grc' dir='ltr'>βασιλικῆς</span> <span class='ocrx_word' id='word_1_704' title='bbox 1618 5165 1787 5235; x_wconf 75' lang='lat'><strong>213</strong></span> <span class='ocrx_word' id='word_1_705' title='bbox 1819 5165 2002 5234; x_wconf 65' lang='grc' dir='ltr'><strong>[πύλης</strong></span> 
     </span>
    </p>
   </div>
   <div class='ocr_carea' id='block_1_99' title="bbox 418 5255 2002 5328">
    <p class='ocr_par' dir='ltr' id='par_1_99' title="bbox 418 5255 2002 5328">
     <span class='ocr_line' id='line_1_99' title="bbox 418 5255 2002 5328; baseline -0.001 -19"><span class='ocrx_word' id='word_1_706' title='bbox 418 5258 495 5320; x_wconf 80' lang='grc' dir='ltr'>ὡς</span> <span class='ocrx_word' id='word_1_707' title='bbox 516 5256 613 5309; x_wconf 87' lang='grc' dir='ltr'><strong>τοῦ</strong></span> <span class='ocrx_word' id='word_1_708' title='bbox 641 5257 879 5328; x_wconf 79' lang='grc' dir='ltr'>Χριστοῦ</span> <span class='ocrx_word' id='word_1_709' title='bbox 909 5256 1006 5311; x_wconf 83' lang='grc' dir='ltr'><strong>τοῦ</strong></span> <span class='ocrx_word' id='word_1_710' title='bbox 1038 5258 1128 5311; x_wconf 79' lang='grc' dir='ltr'><strong>διὰ</strong></span> <span class='ocrx_word' id='word_1_711' title='bbox 1153 5257 1327 5326; x_wconf 76' lang='grc' dir='ltr'>πύλης</span> <span class='ocrx_word' id='word_1_712' title='bbox 1365 5255 1703 5318; x_wconf 83' lang='grc' dir='ltr'>εἰσελθόντος</span> <span class='ocrx_word' id='word_1_713' title='bbox 1764 5256 1824 5309; x_wconf 81' lang='grc' dir='ltr'>ὲν</span> <span class='ocrx_word' id='word_1_714' title='bbox 1868 5257 2002 5326; x_wconf 78' lang='grc' dir='ltr'>ἡμῖν</span> 
     </span>
    </p>
   </div>
   <div class='ocr_carea' id='block_1_100' title="bbox 328 5346 2002 5418">
    <p class='ocr_par' dir='ltr' id='par_1_100' title="bbox 328 5346 2002 5418">
     <span class='ocr_line' id='line_1_100' title="bbox 328 5346 2002 5418; baseline -0.002 -16"><span class='ocrx_word' id='word_1_715' title='bbox 328 5390 343 5395; x_wconf 87' lang='grc'><strong>-</strong></span> <span class='ocrx_word' id='word_1_716' title='bbox 418 5349 834 5418; x_wconf 79' lang='grc' dir='ltr'>κεκλεισμένης,</span> <span class='ocrx_word' id='word_1_717' title='bbox 867 5349 969 5418; x_wconf 76' lang='grc' dir='ltr'>τῆς</span> <span class='ocrx_word' id='word_1_718' title='bbox 996 5348 1291 5413; x_wconf 82' lang='grc' dir='ltr'>Θεοτόκου,</span> <span class='ocrx_word' id='word_1_719' title='bbox 1330 5348 1428 5400; x_wconf 72' lang='grc' dir='ltr'><strong>καὶ</strong></span> <span class='ocrx_word' id='word_1_720' title='bbox 1452 5348 1564 5401; x_wconf 88' lang='grc' dir='ltr'><strong>τῶν</strong></span> <span class='ocrx_word' id='word_1_721' title='bbox 1590 5346 1849 5416; x_wconf 77' lang='grc' dir='ltr'>οὐρανῶν</span> <span class='ocrx_word' id='word_1_722' title='bbox 1867 5347 2002 5417; x_wconf 76' lang='grc' dir='ltr'>ἡμίν</span> 
     </span>
    </p>
   </div>
   <div class='ocr_carea' id='block_1_101' title="bbox 420 5418 2003 5505">
    <p class='ocr_par' dir='ltr' id='par_1_101' title="bbox 420 5418 2003 5505">
     <span class='ocr_line' id='line_1_101' title="bbox 420 5418 2003 5505; baseline -0.003 -13"><span class='ocrx_word' id='word_1_723' title='bbox 420 5439 523 5502; x_wconf 77' lang='grc' dir='ltr'>τὰς</span> <span class='ocrx_word' id='word_1_724' title='bbox 544 5438 717 5502; x_wconf 85' lang='grc' dir='ltr'>πύλας</span> <span class='ocrx_word' id='word_1_725' title='bbox 749 5438 1085 5503; x_wconf 77' lang='grc' dir='ltr'>ὰνοίξαντος,</span> <span class='ocrx_word' id='word_1_726' title='bbox 1130 5437 1239 5491; x_wconf 81' lang='grc' dir='ltr'><strong>τῶν</strong></span> <span class='ocrx_word' id='word_1_727' title='bbox 1268 5436 1327 5491; x_wconf 63' lang='grc' dir='ltr'>δι</span> <span class='ocrx_word' id='word_1_728' title='bbox 1373 5436 1579 5492; x_wconf 78' lang='grc' dir='ltr'>λοιπῶν</span> <span class='ocrx_word' id='word_1_729' title='bbox 1623 5439 1688 5490; x_wconf 72' lang='grc' dir='ltr'><strong>εκ</strong></span> <span class='ocrx_word' id='word_1_730' title='bbox 1743 5418 2003 5505; x_wconf 80' lang='grc' dir='ltr'>πλαγίου,</span> 
     </span>
    </p>
   </div>
   <div class='ocr_carea' id='block_1_102' title="bbox 424 5527 1995 5603">
    <p class='ocr_par' dir='ltr' id='par_1_102' title="bbox 424 5527 1995 5603">
     <span class='ocr_line' id='line_1_102' title="bbox 424 5527 1995 5603; baseline -0.003 -19"><span class='ocrx_word' id='word_1_731' title='bbox 424 5532 503 5594; x_wconf 81' lang='grc' dir='ltr'><strong>ῶς</strong></span> <span class='ocrx_word' id='word_1_732' title='bbox 530 5532 637 5584; x_wconf 82' lang='grc' dir='ltr'>ὑπὸ</span> <span class='ocrx_word' id='word_1_733' title='bbox 656 5533 755 5592; x_wconf 77' lang='grc' dir='ltr'>τὰς</span> <span class='ocrx_word' id='word_1_734' title='bbox 781 5532 1057 5603; x_wconf 81' lang='grc' dir='ltr'>πτέρυγας</span> <span class='ocrx_word' id='word_1_735' title='bbox 1080 5530 1250 5583; x_wconf 73' lang='grc' dir='ltr'>ὄντων</span> <span class='ocrx_word' id='word_1_736' title='bbox 1271 5529 1339 5583; x_wconf 78' lang='grc' dir='ltr'>αὖ</span> <span class='ocrx_word' id='word_1_737' title='bbox 1349 5530 1436 5582; x_wconf 86' lang='grc' dir='ltr'><strong>τοῦ</strong></span> <span class='ocrx_word' id='word_1_738' title='bbox 1462 5531 1563 5583; x_wconf 76' lang='grc' dir='ltr'><strong>καὶ</strong></span> <span class='ocrx_word' id='word_1_739' title='bbox 1576 5527 1781 5583; x_wconf 77' lang='grc' dir='ltr'>δούλων</span> <span class='ocrx_word' id='word_1_740' title='bbox 1802 5528 1995 5593; x_wconf 79' lang='grc' dir='ltr'>αὑτοῦ,</span> 
     </span>
    </p>
   </div>
   <div class='ocr_carea' id='block_1_103' title="bbox 424 5615 2001 5689">
    <p class='ocr_par' dir='ltr' id='par_1_103' title="bbox 424 5615 2001 5689">
     <span class='ocr_line' id='line_1_103' title="bbox 424 5615 2001 5689; baseline -0.002 -17"><span class='ocrx_word' id='word_1_741' title='bbox 424 5620 454 5672; x_wconf 88' lang='lat'><strong>6</strong></span> <span class='ocrx_word' id='word_1_742' title='bbox 486 5620 707 5689; x_wconf 64' lang='grc' dir='ltr'>αἰερεὺςο</span> <span class='ocrx_word' id='word_1_743' title='bbox 736 5619 847 5672; x_wconf 83' lang='grc' dir='ltr'>ἀπὸ</span> <span class='ocrx_word' id='word_1_744' title='bbox 897 5621 991 5672; x_wconf 88' lang='grc' dir='ltr'><strong>τοῦ</strong></span> <span class='ocrx_word' id='word_1_745' title='bbox 1053 5619 1443 5688; x_wconf 83' lang='grc' dir='ltr'>θυσιαστηρίου</span> <span class='ocrx_word' id='word_1_746' title='bbox 1499 5618 1733 5686; x_wconf 83' lang='grc' dir='ltr'>εὐλογεί,</span> <span class='ocrx_word' id='word_1_747' title='bbox 1783 5617 1860 5680; x_wconf 82' lang='grc' dir='ltr'>ὡς</span> <span class='ocrx_word' id='word_1_748' title='bbox 1907 5615 2001 5671; x_wconf 87' lang='grc' dir='ltr'><strong>τοῦ</strong></span> 
     </span>
    </p>
   </div>
   <div class='ocr_carea' id='block_1_104' title="bbox 329 5702 2002 5782">
    <p class='ocr_par' dir='ltr' id='par_1_104' title="bbox 329 5702 2002 5782">
     <span class='ocr_line' id='line_1_104' title="bbox 329 5702 2002 5782; baseline -0.002 -17"><span class='ocrx_word' id='word_1_749' title='bbox 329 5770 345 5782; x_wconf 27' lang='grc' dir='ltr'><strong><em>κ</em></strong></span> <span class='ocrx_word' id='word_1_750' title='bbox 421 5709 663 5778; x_wconf 76' lang='grc' dir='ltr'>Χριστοῦ</span> <span class='ocrx_word' id='word_1_751' title='bbox 695 5712 991 5782; x_wconf 77' lang='grc' dir='ltr'>ὑπουργὸς,</span> <span class='ocrx_word' id='word_1_752' title='bbox 1025 5710 1191 5767; x_wconf 73' lang='grc' dir='ltr'>αὐτὸν</span> <span class='ocrx_word' id='word_1_753' title='bbox 1237 5712 1475 5778; x_wconf 72' lang='grc' dir='ltr'>εὐλογῶν</span> <span class='ocrx_word' id='word_1_754' title='bbox 1507 5712 1646 5781; x_wconf 69' lang='grc' dir='ltr'>μετὰ</span> <span class='ocrx_word' id='word_1_755' title='bbox 1679 5702 1897 5782; x_wconf 81' lang='grc' dir='ltr'>Πατρός</span> <span class='ocrx_word' id='word_1_756' title='bbox 1941 5728 2002 5764; x_wconf 79' lang='grc' dir='ltr'><strong>τε</strong></span> 
     </span>
    </p>
   </div>
   <div class='ocr_carea' id='block_1_105' title="bbox 426 5802 2005 5875">
    <p class='ocr_par' dir='ltr' id='par_1_105' title="bbox 426 5802 2005 5875">
     <span class='ocr_line' id='line_1_105' title="bbox 426 5802 2005 5875; baseline -0.002 -17"><span class='ocrx_word' id='word_1_757' title='bbox 426 5802 525 5858; x_wconf 73' lang='grc' dir='ltr'>καὶ</span> <span class='ocrx_word' id='word_1_758' title='bbox 554 5802 871 5873; x_wconf 83' lang='grc' dir='ltr'>Πνεύματος</span> <span class='ocrx_word' id='word_1_759' title='bbox 905 5803 1139 5858; x_wconf 73' lang='grc' dir='ltr'>ἐνώπιον</span> <span class='ocrx_word' id='word_1_760' title='bbox 1164 5803 1260 5857; x_wconf 87' lang='grc' dir='ltr'><strong>τοῦ</strong></span> <span class='ocrx_word' id='word_1_761' title='bbox 1305 5803 1499 5875; x_wconf 88' lang='grc' dir='ltr'>θρόνου</span> <span class='ocrx_word' id='word_1_762' title='bbox 1539 5803 1636 5856; x_wconf 79' lang='grc' dir='ltr'>καὶ</span> <span class='ocrx_word' id='word_1_763' title='bbox 1665 5803 1772 5856; x_wconf 87' lang='grc' dir='ltr'><strong>τῶν</strong></span> <span class='ocrx_word' id='word_1_764' title='bbox 1830 5802 2005 5872; x_wconf 80' lang='grc' dir='ltr'>ἁγίων</span> 
     </span>
    </p>
   </div>
   <div class='ocr_carea' id='block_1_106' title="bbox 427 5894 2002 5967">
    <p class='ocr_par' dir='ltr' id='par_1_106' title="bbox 427 5894 2002 5967">
     <span class='ocr_line' id='line_1_106' title="bbox 427 5894 2002 5967; baseline -0.003 -15"><span class='ocrx_word' id='word_1_765' title='bbox 427 5894 620 5952; x_wconf 64' lang='grc' dir='ltr'>αὑτοῦ.</span> <span class='ocrx_word' id='word_1_766' title='bbox 646 5895 821 5951; x_wconf 77' lang='grc' dir='ltr'><strong>Καὶοί</strong></span> <span class='ocrx_word' id='word_1_767' title='bbox 855 5895 957 5965; x_wconf 69' lang='grc' dir='ltr'>μὶν</span> <span class='ocrx_word' id='word_1_768' title='bbox 987 5896 1191 5961; x_wconf 72' lang='grc' dir='ltr'>πάντες</span> <span class='ocrx_word' id='word_1_769' title='bbox 1221 5895 1409 5967; x_wconf 75' lang='grc' dir='ltr'>ᾄδουσι</span> <span class='ocrx_word' id='word_1_770' title='bbox 1441 5895 1531 5951; x_wconf 78' lang='grc' dir='ltr'>τὸν</span> <span class='ocrx_word' id='word_1_771' title='bbox 1554 5894 1870 5966; x_wconf 78' lang='grc' dir='ltr'>Τρισάγιον,</span> <span class='ocrx_word' id='word_1_772' title='bbox 1908 5895 2002 5950; x_wconf 73' lang='grc' dir='ltr'><strong>καὶ</strong></span> 
     </span>
    </p>
   </div>
   <div class='ocr_carea' id='block_1_107' title="bbox 2108 4699 3686 4769">
    <p class='ocr_par' dir='ltr' id='par_1_107' title="bbox 2108 4699 3686 4769">
     <span class='ocr_line' id='line_1_107' title="bbox 2108 4699 3686 4769; baseline -0.002 -12"><span class='ocrx_word' id='word_1_773' title='bbox 2108 4709 2240 4758; x_wconf 85' lang='lat' dir='ltr'><strong>sunt</strong></span> <span class='ocrx_word' id='word_1_774' title='bbox 2265 4700 2475 4756; x_wconf 83' lang='lat' dir='ltr'><strong>Christi</strong></span> <span class='ocrx_word' id='word_1_775' title='bbox 2512 4699 2791 4769; x_wconf 86' lang='lat' dir='ltr'><strong>rapientur</strong></span> <span class='ocrx_word' id='word_1_776' title='bbox 2837 4699 2892 4752; x_wconf 89' lang='lat' dir='ltr'><strong>in</strong></span> <span class='ocrx_word' id='word_1_777' title='bbox 2940 4700 3202 4763; x_wconf 88' lang='lat' dir='ltr'><strong>nubibus,</strong></span> <span class='ocrx_word' id='word_1_778' title='bbox 3239 4707 3293 4752; x_wconf 90' lang='lat' dir='ltr'><strong>et</strong></span> <span class='ocrx_word' id='word_1_779' title='bbox 3340 4700 3422 4755; x_wconf 89' lang='lat' dir='ltr'><strong>sic</strong></span> <span class='ocrx_word' id='word_1_780' title='bbox 3467 4714 3686 4768; x_wconf 82' lang='lat' dir='ltr'><strong>semper</strong></span> 
     </span>
    </p>
   </div>
   <div class='ocr_carea' id='block_1_108' title="bbox 2105 4790 3684 4862">
    <p class='ocr_par' dir='ltr' id='par_1_108' title="bbox 2105 4790 3684 4862">
     <span class='ocr_line' id='line_1_108' title="bbox 2105 4790 3684 4862; baseline -0.001 -13"><span class='ocrx_word' id='word_1_781' title='bbox 2105 4808 2230 4849; x_wconf 87' lang='lat' dir='ltr'><strong>cum</strong></span> <span class='ocrx_word' id='word_1_782' title='bbox 2264 4792 2494 4846; x_wconf 87' lang='lat' dir='ltr'><strong>Domino</strong></span> <span class='ocrx_word' id='word_1_783' title='bbox 2540 4790 2797 4858; x_wconf 77' lang='lat' dir='ltr'><strong>erimus;</strong></span> <span class='ocrx_word' id='word_1_784' title='bbox 2842 4790 3058 4846; x_wconf 75' lang='lat' dir='ltr'><strong>suﬂitns</strong></span> <span class='ocrx_word' id='word_1_785' title='bbox 3108 4801 3290 4846; x_wconf 89' lang='lat' dir='ltr'><strong>autem</strong></span> <span class='ocrx_word' id='word_1_786' title='bbox 3322 4791 3478 4862; x_wconf 88' lang='lat' dir='ltr'><strong>quasi</strong></span> <span class='ocrx_word' id='word_1_787' title='bbox 3511 4792 3684 4847; x_wconf 87' lang='lat' dir='ltr'><strong>nubes</strong></span> 
     </span>
    </p>
   </div>
   <div class='ocr_carea' id='block_1_109' title="bbox 2106 4882 3683 4954">
    <p class='ocr_par' dir='ltr' id='par_1_109' title="bbox 2106 4882 3683 4954">
     <span class='ocr_line' id='line_1_109' title="bbox 2106 4882 3683 4954; baseline 0 -15"><span class='ocrx_word' id='word_1_788' title='bbox 2106 4899 2222 4954; x_wconf 91' lang='lat' dir='ltr'><strong>quo</strong></span> <span class='ocrx_word' id='word_1_789' title='bbox 2263 4882 2504 4953; x_wconf 76' lang='lat' dir='ltr'><strong>Spiritus</strong></span> <span class='ocrx_word' id='word_1_790' title='bbox 2554 4893 2781 4939; x_wconf 84' lang='lat' dir='ltr'><strong>sanctus</strong></span> <span class='ocrx_word' id='word_1_791' title='bbox 2836 4884 3181 4953; x_wconf 82' lang='lat' dir='ltr'><strong>exprimitur,</strong></span> <span class='ocrx_word' id='word_1_792' title='bbox 3236 4898 3445 4938; x_wconf 86' lang='lat' dir='ltr'><strong>necnon</strong></span> <span class='ocrx_word' id='word_1_793' title='bbox 3484 4883 3683 4939; x_wconf 72' lang='lat' dir='ltr'><strong>divinae</strong></span> 
     </span>
    </p>
   </div>
   <div class='ocr_carea' id='block_1_110' title="bbox 2105 4968 3684 5047">
    <p class='ocr_par' dir='ltr' id='par_1_110' title="bbox 2105 4968 3684 5047">
     <span class='ocr_line' id='line_1_110' title="bbox 2105 4968 3684 5047; baseline -0.001 -16"><span class='ocrx_word' id='word_1_794' title='bbox 2105 4976 2231 5047; x_wconf 72' lang='lat' dir='ltr'><strong>eius</strong></span> <span class='ocrx_word' id='word_1_795' title='bbox 2254 4976 2444 5046; x_wconf 71' lang='lat' dir='ltr'><strong>gratia:</strong></span> <span class='ocrx_word' id='word_1_796' title='bbox 2468 4975 2706 5044; x_wconf 89' lang='lat' dir='ltr'><strong>bonique</strong></span> <span class='ocrx_word' id='word_1_797' title='bbox 2734 4972 2921 5030; x_wconf 88' lang='lat' dir='ltr'><strong>odoris</strong></span> <span class='ocrx_word' id='word_1_798' title='bbox 2943 4975 3393 5031; x_wconf 82' lang='lat' dir='ltr'><strong>communicatio.</strong></span> <span class='ocrx_word' id='word_1_799' title='bbox 3419 4968 3684 5032; x_wconf 71' lang='lat' dir='ltr'><strong>Omnibus</strong></span> 
     </span>
    </p>
   </div>
   <div class='ocr_carea' id='block_1_111' title="bbox 2106 5063 3687 5136">
    <p class='ocr_par' dir='ltr' id='par_1_111' title="bbox 2106 5063 3687 5136">
     <span class='ocr_line' id='line_1_111' title="bbox 2106 5063 3687 5136; baseline -0.001 -16"><span class='ocrx_word' id='word_1_800' title='bbox 2106 5064 2251 5121; x_wconf 88' lang='lat' dir='ltr'><strong>enim</strong></span> <span class='ocrx_word' id='word_1_801' title='bbox 2289 5063 2576 5135; x_wconf 80' lang='lat' dir='ltr'><strong>ingressis,</strong></span> <span class='ocrx_word' id='word_1_802' title='bbox 2607 5064 2840 5134; x_wconf 49' lang='lat' dir='ltr'><strong>praeside</strong></span> <span class='ocrx_word' id='word_1_803' title='bbox 2887 5064 3105 5134; x_wconf 90' lang='lat' dir='ltr'><strong>quidem</strong></span> <span class='ocrx_word' id='word_1_804' title='bbox 3138 5079 3232 5135; x_wconf 87' lang='lat' dir='ltr'><strong>per</strong></span> <span class='ocrx_word' id='word_1_805' title='bbox 3266 5075 3480 5136; x_wconf 77' lang='lat' dir='ltr'><strong>portam</strong></span> <span class='ocrx_word' id='word_1_806' title='bbox 3535 5080 3687 5135; x_wconf 78' lang='lat' dir='ltr'><strong>rega-</strong></span> 
     </span>
    </p>
   </div>
   <div class='ocr_carea' id='block_1_112' title="bbox 2104 5156 3778 5229">
    <p class='ocr_par' dir='ltr' id='par_1_112' title="bbox 2104 5156 3778 5229">
     <span class='ocr_line' id='line_1_112' title="bbox 2104 5156 3778 5229; baseline -0.001 -15"><span class='ocrx_word' id='word_1_807' title='bbox 2104 5158 2235 5222; x_wconf 84' lang='lat' dir='ltr'><strong>lem,</strong></span> <span class='ocrx_word' id='word_1_808' title='bbox 2282 5157 2430 5213; x_wconf 85' lang='lat' dir='ltr'><strong>velut</strong></span> <span class='ocrx_word' id='word_1_809' title='bbox 2477 5157 2701 5223; x_wconf 85' lang='lat' dir='ltr'><strong>Christo</strong></span> <span class='ocrx_word' id='word_1_810' title='bbox 2735 5173 2832 5229; x_wconf 84' lang='lat' dir='ltr'><strong>per</strong></span> <span class='ocrx_word' id='word_1_811' title='bbox 2877 5166 3092 5226; x_wconf 83' lang='lat' dir='ltr'><strong>portam</strong></span> <span class='ocrx_word' id='word_1_812' title='bbox 3132 5158 3377 5213; x_wconf 84' lang='lat' dir='ltr'><strong>intrante</strong></span> <span class='ocrx_word' id='word_1_813' title='bbox 3420 5157 3476 5212; x_wconf 87' lang='lat' dir='ltr'><strong>in</strong></span> <span class='ocrx_word' id='word_1_814' title='bbox 3526 5156 3685 5212; x_wconf 83' lang='lat' dir='ltr'><strong>nobis</strong></span> <span class='ocrx_word' id='word_1_815' title='bbox 3774 5158 3778 5162; x_wconf 19' lang='grc' dir='ltr'><strong>Α</strong></span> 
     </span>
    </p>
   </div>
   <div class='ocr_carea' id='block_1_113' title="bbox 2106 5247 3683 5319">
    <p class='ocr_par' dir='ltr' id='par_1_113' title="bbox 2106 5247 3683 5319">
     <span class='ocr_line' id='line_1_113' title="bbox 2106 5247 3683 5319; baseline -0.001 -15"><span class='ocrx_word' id='word_1_816' title='bbox 2106 5252 2372 5317; x_wconf 79' lang='lat' dir='ltr'><strong>clausam,</strong></span> <span class='ocrx_word' id='word_1_817' title='bbox 2397 5250 2601 5305; x_wconf 87' lang='lat' dir='ltr'><strong>scilicet</strong></span> <span class='ocrx_word' id='word_1_818' title='bbox 2621 5249 2884 5319; x_wconf 74' lang='lat' dir='ltr'><strong>Dciparte,</strong></span> <span class='ocrx_word' id='word_1_819' title='bbox 2910 5251 3282 5319; x_wconf 77' lang='lat' dir='ltr'><strong>ccelornmqne</strong></span> <span class='ocrx_word' id='word_1_820' title='bbox 3308 5248 3467 5303; x_wconf 88' lang='lat' dir='ltr'><strong>nobis</strong></span> <span class='ocrx_word' id='word_1_821' title='bbox 3484 5247 3683 5317; x_wconf 83' lang='lat' dir='ltr'><strong>januas</strong></span> 
     </span>
    </p>
   </div>
   <div class='ocr_carea' id='block_1_114' title="bbox 2106 5338 3683 5413">
    <p class='ocr_par' dir='ltr' id='par_1_114' title="bbox 2106 5338 3683 5413">
     <span class='ocr_line' id='line_1_114' title="bbox 2106 5338 3683 5413; baseline -0.003 -17"><span class='ocrx_word' id='word_1_822' title='bbox 2106 5342 2473 5411; x_wconf 80' lang='lat' dir='ltr'><strong>adaperiente,</strong></span> <span class='ocrx_word' id='word_1_823' title='bbox 2504 5341 2717 5396; x_wconf 71' lang='lat' dir='ltr'><strong>caeteris</strong></span> <span class='ocrx_word' id='word_1_824' title='bbox 2750 5355 2880 5395; x_wconf 87' lang='lat' dir='ltr'><strong>vero</strong></span> <span class='ocrx_word' id='word_1_825' title='bbox 2912 5356 2940 5394; x_wconf 75' lang='grc' dir='ltr'><strong>ε</strong></span> <span class='ocrx_word' id='word_1_826' title='bbox 2981 5341 3151 5395; x_wconf 83' lang='lat' dir='ltr'><strong>latere</strong></span> <span class='ocrx_word' id='word_1_827' title='bbox 3180 5340 3337 5413; x_wconf 71' lang='lat' dir='ltr'><strong>quasi</strong></span> <span class='ocrx_word' id='word_1_828' title='bbox 3369 5348 3556 5395; x_wconf 84' lang='lat' dir='ltr'><strong>essent</strong></span> <span class='ocrx_word' id='word_1_829' title='bbox 3578 5338 3683 5393; x_wconf 88' lang='lat' dir='ltr'><strong>sub</strong></span> 
     </span>
    </p>
   </div>
   <div class='ocr_carea' id='block_1_115' title="bbox 2110 5429 3684 5505">
    <p class='ocr_par' dir='ltr' id='par_1_115' title="bbox 2110 5429 3684 5505">
     <span class='ocr_line' id='line_1_115' title="bbox 2110 5429 3684 5505; baseline -0.003 -16"><span class='ocrx_word' id='word_1_830' title='bbox 2110 5435 2214 5489; x_wconf 80' lang='lat' dir='ltr'><strong>aiis</strong></span> <span class='ocrx_word' id='word_1_831' title='bbox 2240 5434 2364 5505; x_wconf 79' lang='lat' dir='ltr'><strong>ejus</strong></span> <span class='ocrx_word' id='word_1_832' title='bbox 2390 5444 2445 5487; x_wconf 91' lang='lat' dir='ltr'><strong>et</strong></span> <span class='ocrx_word' id='word_1_833' title='bbox 2470 5434 2616 5490; x_wconf 86' lang='lat' dir='ltr'><strong>illius</strong></span> <span class='ocrx_word' id='word_1_834' title='bbox 2643 5432 2816 5500; x_wconf 80' lang='lat' dir='ltr'><strong>servi;</strong></span> <span class='ocrx_word' id='word_1_835' title='bbox 2835 5431 3094 5487; x_wconf 84' lang='lat' dir='ltr'><strong>sacerdos</strong></span> <span class='ocrx_word' id='word_1_836' title='bbox 3124 5431 3193 5486; x_wconf 86' lang='lat' dir='ltr'><strong>ab</strong></span> <span class='ocrx_word' id='word_1_837' title='bbox 3222 5429 3379 5484; x_wconf 81' lang='lat' dir='ltr'><strong>altari</strong></span> <span class='ocrx_word' id='word_1_838' title='bbox 3411 5429 3684 5485; x_wconf 84' lang='lat' dir='ltr'><strong>henedicit</strong></span> 
     </span>
    </p>
   </div>
   <div class='ocr_carea' id='block_1_116' title="bbox 2096 5520 3682 5599">
    <p class='ocr_par' dir='ltr' id='par_1_116' title="bbox 2096 5520 3682 5599">
     <span class='ocr_line' id='line_1_116' title="bbox 2096 5520 3682 5599; baseline -0.003 -21"><span class='ocrx_word' id='word_1_839' title='bbox 2096 5535 2291 5599; x_wconf 87' lang='lat' dir='ltr'><strong>utpote</strong></span> <span class='ocrx_word' id='word_1_840' title='bbox 2314 5524 2522 5580; x_wconf 85' lang='lat' dir='ltr'><strong>Christi</strong></span> <span class='ocrx_word' id='word_1_841' title='bbox 2556 5524 2827 5588; x_wconf 84' lang='lat' dir='ltr'><strong>minister,</strong></span> <span class='ocrx_word' id='word_1_842' title='bbox 2854 5538 2978 5576; x_wconf 90' lang='lat' dir='ltr'><strong>eum</strong></span> <span class='ocrx_word' id='word_1_843' title='bbox 3015 5520 3342 5576; x_wconf 86' lang='lat' dir='ltr'><strong>benedicens</strong></span> <span class='ocrx_word' id='word_1_844' title='bbox 3363 5536 3489 5576; x_wconf 84' lang='lat' dir='ltr'><strong>eum</strong></span> <span class='ocrx_word' id='word_1_845' title='bbox 3524 5521 3682 5575; x_wconf 77' lang='lat' dir='ltr'><strong>Patre</strong></span> 
     </span>
    </p>
   </div>
   <div class='ocr_carea' id='block_1_117' title="bbox 2098 5613 3682 5686">
    <p class='ocr_par' dir='ltr' id='par_1_117' title="bbox 2098 5613 3682 5686">
     <span class='ocr_line' id='line_1_117' title="bbox 2098 5613 3682 5686; baseline 0 -18"><span class='ocrx_word' id='word_1_846' title='bbox 2098 5626 2162 5670; x_wconf 19' lang='lat' dir='ltr'><strong>eet</strong></span> <span class='ocrx_word' id='word_1_847' title='bbox 2203 5616 2406 5686; x_wconf 90' lang='lat' dir='ltr'><strong>Spiritu</strong></span> <span class='ocrx_word' id='word_1_848' title='bbox 2444 5615 2501 5670; x_wconf 89' lang='lat' dir='ltr'><strong>in</strong></span> <span class='ocrx_word' id='word_1_849' title='bbox 2534 5621 2834 5684; x_wconf 87' lang='lat' dir='ltr'><strong>conspectu</strong></span> <span class='ocrx_word' id='word_1_850' title='bbox 2868 5613 3047 5668; x_wconf 87' lang='lat' dir='ltr'><strong>throni</strong></span> <span class='ocrx_word' id='word_1_851' title='bbox 3084 5622 3140 5668; x_wconf 86' lang='lat' dir='ltr'><strong>et</strong></span> <span class='ocrx_word' id='word_1_852' title='bbox 3171 5623 3487 5668; x_wconf 82' lang='lat' dir='ltr'><strong>sanctorum</strong></span> <span class='ocrx_word' id='word_1_853' title='bbox 3537 5614 3682 5684; x_wconf 84' lang='lat' dir='ltr'><strong>ejus.</strong></span> 
     </span>
    </p>
   </div>
   <div class='ocr_carea' id='block_1_118' title="bbox 2106 5704 3689 5774">
    <p class='ocr_par' dir='ltr' id='par_1_118' title="bbox 2106 5704 3689 5774">
     <span class='ocr_line' id='line_1_118' title="bbox 2106 5704 3689 5774; baseline -0.001 -12"><span class='ocrx_word' id='word_1_854' title='bbox 2106 5707 2174 5762; x_wconf 88' lang='lat' dir='ltr'><strong>Et</strong></span> <span class='ocrx_word' id='word_1_855' title='bbox 2205 5722 2396 5762; x_wconf 89' lang='lat' dir='ltr'><strong>omnes</strong></span> <span class='ocrx_word' id='word_1_856' title='bbox 2426 5713 2650 5761; x_wconf 82' lang='lat' dir='ltr'><strong>cantant</strong></span> <span class='ocrx_word' id='word_1_857' title='bbox 2680 5704 2968 5774; x_wconf 78' lang='lat' dir='ltr'><strong>Trisagion</strong></span> <span class='ocrx_word' id='word_1_858' title='bbox 3019 5720 3081 5761; x_wconf 90' lang='lat' dir='ltr'><strong>ac</strong></span> <span class='ocrx_word' id='word_1_859' title='bbox 3127 5704 3288 5761; x_wconf 86' lang='lat' dir='ltr'><strong>Pater</strong></span> <span class='ocrx_word' id='word_1_860' title='bbox 3324 5715 3531 5772; x_wconf 88' lang='lat' dir='ltr'><strong>noster,</strong></span> <span class='ocrx_word' id='word_1_861' title='bbox 3565 5705 3689 5761; x_wconf 85' lang='lat' dir='ltr'><strong>Tri-</strong></span> 
     </span>
    </p>
   </div>
   <div class='ocr_carea' id='block_1_119' title="bbox 2108 5796 3691 5869">
    <p class='ocr_par' dir='ltr' id='par_1_119' title="bbox 2108 5796 3691 5869">
     <span class='ocr_line' id='line_1_119' title="bbox 2108 5796 3691 5869; baseline -0.001 -15"><span class='ocrx_word' id='word_1_862' title='bbox 2108 5799 2334 5854; x_wconf 87' lang='lat' dir='ltr'><strong>nitatem</strong></span> <span class='ocrx_word' id='word_1_863' title='bbox 2387 5796 2731 5853; x_wconf 80' lang='lat' dir='ltr'><strong>celebrantes</strong></span> <span class='ocrx_word' id='word_1_864' title='bbox 2766 5811 2890 5851; x_wconf 87' lang='lat' dir='ltr'><strong>cutn</strong></span> <span class='ocrx_word' id='word_1_865' title='bbox 2940 5797 3166 5869; x_wconf 86' lang='lat' dir='ltr'><strong>angelis,</strong></span> <span class='ocrx_word' id='word_1_866' title='bbox 3202 5806 3256 5853; x_wconf 90' lang='lat' dir='ltr'><strong>et</strong></span> <span class='ocrx_word' id='word_1_867' title='bbox 3303 5796 3558 5853; x_wconf 87' lang='lat' dir='ltr'><strong>traditam</strong></span> <span class='ocrx_word' id='word_1_868' title='bbox 3607 5800 3691 5854; x_wconf 90' lang='lat' dir='ltr'><strong>di-</strong></span> 
     </span>
    </p>
   </div>
   <div class='ocr_carea' id='block_1_120' title="bbox 2109 5889 3684 5966">
    <p class='ocr_par' dir='ltr' id='par_1_120' title="bbox 2109 5889 3684 5966">
     <span class='ocr_line' id='line_1_120' title="bbox 2109 5889 3684 5966; baseline 0.001 -19"><span class='ocrx_word' id='word_1_869' title='bbox 2109 5901 2292 5948; x_wconf 88' lang='lat' dir='ltr'><strong>centes</strong></span> <span class='ocrx_word' id='word_1_870' title='bbox 2321 5893 2644 5949; x_wconf 88' lang='lat' dir='ltr'><strong>oratiouem.</strong></span> <span class='ocrx_word' id='word_1_871' title='bbox 2682 5889 2755 5947; x_wconf 87' lang='lat' dir='ltr'><strong>De</strong></span> <span class='ocrx_word' id='word_1_872' title='bbox 2778 5906 2885 5963; x_wconf 82' lang='lat' dir='ltr'><strong>qua</strong></span> <span class='ocrx_word' id='word_1_873' title='bbox 2915 5890 3151 5965; x_wconf 84' lang='lat' dir='ltr'><strong>&#39;l‘risagii</strong></span> <span class='ocrx_word' id='word_1_874' title='bbox 3182 5895 3430 5950; x_wconf 91' lang='lat' dir='ltr'><strong>oratione</strong></span> <span class='ocrx_word' id='word_1_875' title='bbox 3455 5893 3684 5966; x_wconf 81' lang='lat' dir='ltr'><strong>dignum</strong></span> 
     </span>
    </p>
   </div>
  </div>
