4126 6268
458 453 565 516 5(33

1263 462 1640 524 SYMEO’NIS
1680 464 2437 529 THESSALONICENSES
2476 450 2832 528 ARCIIIEP.

3611 456 3715 521 5θᾷ

447 585 530 625 est
568 575 619 624 in
648 585 962 624 memoriam
1002 572 1148 627 velut
1189 579 1500 632 summatim
1537 578 1716 633 dicere
1747 581 1873 650 quia
1916 596 2017 633 τηι-
2048 583 2064 635 1

2158 579 2190 633 ἁ
2227 581 2346 648 τοῦ,
2389 600 2406 633 ι
2443 583 2624 652 Πάτερ
2660 581 2899 650 ήμῶν,-»
2937 575 3032 645 τὴν
3084 575 3292 643 Τριάδα
3351 574 3715 644 ἀνυμνοῦντες

447 664 598 728 tiqua
647 671 730 716 est
763 664 941 718 oratio
986 682 1048 719 ex
1105 667 1347 737 antiquis
1392 667 1650 726 Patribus
1696 675 2020 740 composita.

447 748 577 807 Ideo
609 751 890 824 Trisagion
936 757 1203 811 continuo
1237 765 1422 813 cantat.
1454 758 1717 828 Ecclesia,
1759 770 1812 814 et
1849 761 1900 814 in
1948 761 2028 815 di-

451 845 575 897 vina
605 847 856 901 sacriﬁcii
889 847 1164 903 oblatione
1195 859 1248 905 et
1291 852 1342 905 in
1394 852 1497 907 line
1531 869 1772 921 precum,
1800 863 1854 908 ct
1884 863 2028 907 vote.

454 949 540 990 res
573 937 841 1004 quosdan
899 941 1185 998 haereticos
1245 943 1493 1012 Trisagio
1539 946 1836 1014 quidquam
1890 945 2030 1014 adjit

454 1029 663 1087 cientes
689 1033 1020 1089 anathemati
1053 1038 1306 1105 subjecit,
1334 1048 1501 1106 utque
1521 1056 1550 1095 a
1575 1041 1714 1096 coelo
1743 1051 2026 1110 acceptum

454 1136 556 1191 ope
596 1127 748 1193 pueri
780 1124 903 1181 inde
939 1129 1108 1198 erepti
1140 1130 1362 1186 cceleSIe
1389 1131 1490 1187 hoc
1521 1147 1737 1189 carmen
1769 1135 2028 1189 concinit.

455 1207 570 1268 Hoc
608 1223 788 1268 autem
824 1211 1113 1286 Trisagion
1164 1231 1216 1276 et
1266 1225 1445 1275 omnis
1497 1240 1730 1291 sequens
1762 1229 1936 1280 oratio
1963 1227 2031 1281 ad

455 1297 780 1360 Trinitatem
823 1309 1000 1361 solum
1050 1309 1216 1364 Deum
1262 1323 1506 1367 nostrum
1540 1315 1814 1385 dirigitur.
1851 1318 2034 1373 Trisa-

457 1398 583 1464 gion
617 1399 834 1467 quidem
887 1415 951 1453 ex
1006 1401 1212 1470 hymno
1251 1405 1495 1472 angelico
1525 1417 1688 1475 atque
1735 1424 1800 1462 ex
1835 1408 2036 1466 Davide

459 1491 645 1555 venit;
688 1505 751 1543 ex
795 1493 1002 1559 angelis
1043 1494 1260 1561 quidem
1287 1497 1680 1555 cantantibus:
1714 1519 1733 1552 ι
1772 1501 2029 1570 Sanctus,

459 1592 702 1648 sanctus,
735 1593 958 1639 sanctus
987 1604 1004 1636 ι
1048 1599 1112 1639 ex
1141 1585 1341 1642 Davide
1362 1605 1491 1646 vero
1517 1593 1730 1649 dicente
1757 1613 1769 1650 :
1801 1615 1819 1648 ι
1859 1597 2039 1654 Sitivlt

458 1673 640 1729 anima
674 1691 793 1730 mea
825 1675 890 1730 ad
930 1675 1096 1732 Deum
1144 1676 1337 1734 fortem
1373 1683 1574 1748 vivum,
1617 1704 1634 1738 ι
1688 1690 1776 1756 qui
1821 1691 1984 1744 etiam
2017 1708 2031 1746 :

2132 676 2230 727 σὺν
2257 676 2367 736 τοῖς
2398 673 2674 741 ἀγγέλοις,
2704 671 2798 724 καὶ
2826 667 2925 739 τὴν
2970 667 3416 738 παραδεδομένην
3475 684 3714 738 προσευ-

2131 767 2230 836 χὴν
2250 765 2524 832 λέγοντες.
2589 763 2726 833 Περὶ
2782 758 2849 831 ἦς
2907 761 3217 829 προσευχῆς
3271 756 3366 812 τοῦ
3417 758 3716 828 Τρισαγίου

2132 859 2282 924 ἄξιον
2314 857 2448 925 πρὸς
2471 856 2778 925 ὑπόμνησιν
2797 854 2872 912 ὡς
2913 855 2970 906 ἐν
3006 851 3228 920 συνόψει
3275 850 3474 912 εἰπεῖν,
3506 849 3586 901 ὅτι
3618 852 3718 916 ἀρ-

2133 951 2262 1020 χαία
2291 949 2432 1018 αὕτη
2469 950 2502 1018 ἡ
2529 947 2832 1018 προσευχὴ,
2857 946 2951 998 καὶ
2980 945 3043 996 ἐκ
3074 943 3183 996 τῶν
3246 942 3489 1012 ἀρχαίων
3542 940 3720 994 Πατέ-

2138 1061 2246 1112 ρων
2278 1041 2691 1110 συντεθειμένη.
2750 1036 2841 1090 Διὸ
2897 1036 3120 1089 καὶτὸν
3181 1035 3476 1104 Τρισὰγιον
3511 1033 3626 1105 ᾄδει
3683 1033 3717 1103 ὴ

2148 1134 2446 1204 Ἐκκλησία
2475 1132 2742 1203 διηνεκῶς
2801 1130 2858 1182 ἐν
2882 1145 2942 1182 τε
2981 1131 3046 1199 τῇ
3093 1126 3214 1197 θείᾳ
3255 1125 3558 1196 ἱερουργίᾳ,
3623 1126 3717 1178 καὶ

2136 1229 2194 1281 ἐν
2224 1227 2302 1297 τῷ
2339 1228 2482 1280 τέλει
2534 1227 2641 1279 τῶν
2695 1222 3054 1294 προσευχῶν·
3106 1224 3200 1275 καὶ
3249 1220 3514 1282 παλαιούς
3566 1236 3718 1282 τινας

2137 1318 2532 1390 αἱρετίζοντας,
2570 1317 2914 1384 προσθέντας
2949 1312 3100 1382 τιτῷ
3136 1312 3440 1383 Τρισαγίῳ,
3472 1311 3719 1365 καθυπο-

2140 1413 2328 1466 6άλλει
2363 1412 2440 1481 τῷ
2469 1410 2769 1478 ἀναθέματι
2807 1422 2821 1439 '
2855 1407 2950 1460 καὶ
2973 1406 3047 1468 ὡς
3075 1406 3168 1457 ἀπ’
3203 1403 3437 1472 οὐρανοῦ
3479 1402 3724 1455 λαϐοῦσα

2138 1505 2226 1558 διὰ
2256 1502 2349 1558 τοῦ
2379 1491 2720 1573 ἁρπαγέντος
2755 1499 2962 1563 παιδὸς,
2997 1497 3056 1549 τὸ
3089 1498 3338 1566 οὐράνιον
3365 1494 3522 1547 τοῦτο
3552 1511 3720 1563 προσο

2140 1597 2257 1668 ᾴῖει
2287 1596 2471 1660 μέλος.
2503 1595 2660 1646 Ἐστι
2682 1592 2736 1644 δὲ
2763 1591 2920 1643 τοῦτο
2947 1589 3009 1659 δὴ
3046 1589 3107 1641 τὸ
3157 1587 3477 1656 Τρισάγιον,
3533 1585 3629 1638 καὶ
3688 1586 3722 1654 ή

2143 1669 2240 1743 σὺν
2267 1687 2415 1757 αύτῷ
2443 1686 2592 1738 πᾶσα
2617 1681 2916 1754 προσευχὴ,
2950 1681 3028 1742 εἰς
3057 1681 3155 1748 τὴν
3184 1678 3391 1750 Τριάδα
3437 1677 3530 1729 τὸν
3563 1678 3726 1744 μόνον

467 1784 486 1816 ι
524 1766 779 1823 Miserere
838 1769 965 1832 tnei,
1024 1788 1042 1820 ι
1090 1772 1291 1825 clamat
1330 1775 1381 1827 in
1440 1777 1652 1844 psalmo
1699 1781 2037 1853 qttittqttage‘

2151 1782 2273 1835 Θεὸν
2309 1783 2468 1850 ἡμῶν
2491 1776 2896 1846 ἀναφερομένη.
2929 1774 3040 1828 Καὶ
3065 1776 3126 1827 τὸ
3167 1775 3267 1842 μὲν
3315 1773 3612 1843 Τρισὰγιον
3663 1773 3727 1822 ὲκ

461 1859 626 1914 simo.
673 1859 842 1930 Igitur
873 1860 1196 1917 Trinitatem
1251 1881 1606 1934 personarum
1661 1881 1714 1925 ct
1769 1874 2034 1929 unitatem

464 1960 671 2005 natura:
704 1967 766 2005 ac
799 1953 1013 2010 virtutis
1036 1954 1320 2012 Trinitatis
1341 1958 1426 2013 hic
1455 1961 1688 2031 hymnus
1720 1967 1836 2020 sine
1871 1968 2041 2022 inter-

467 2041 726 2098 missione
773 2045 1054 2113 praedic“.
1097 2046 1363 2104 Similiter
1407 2064 1459 2107 et
1514 2053 1643 2107 illud
1687 2072 1700 2106 :
1739 2073 1757 2104 ι
1801 2057 2042 2115 Sanctis-

466 2133 603 2187 sit'na
639 2132 904 2198 Trinitas,
941 2136 1198 2200 miserere
1235 2141 1408 2206 nobis,
1448 2160 1466 2194 ι
1507 2145 1802 2201 triuitatetn
1833 2159 1885 2203 et
1923 2151 2042 2205 uni-

469 2235 629 2277 tatem
683 2225 893 2279 edocet.
949 2226 1180 2297 Insuper
1221 2231 1364 2286 istud
1414 2249 1631 2304 quoque
1670 2256 1682 2290 :
1727 2257 1744 2290 ι
1791 2239 2038 2308 Domine,

469 2315 740 2385 propitius
784 2329 928 2386 esto,
959 2336 979 2370 ι
1036 2323 1103 2374 ad
1157 2321 1368 2377 Patrem
1403 2338 1651 2395 spot-tat;
1690 2330 1817 2385 illud
1866 2348 1994 2387 vero
2026 2352 2039 2388 :

471 2426 490 2459 ι
516 2407 704 2475 Parce,
745 2412 988 2478 Domine,
1024 2431 1044 2464 ι
1086 2412 1150 2467 ad
1187 2412 1422 2483 Filium;
1451 2419 1552 2473 boc
1578 2431 1757 2476 autem
1793 2439 1806 2476 :
1843 2443 1861 2474 ι
1908 2407 2042 2478 διώ·

466 2509 573 2566 cte,
607 2505 794 2558 oculos
838 2505 891 2560 in
920 2522 1018 2560 nos
1051 2509 1284 2573 dimitte,
1323 2530 1342 2562 ι
1377 2511 1444 2565 ad
1481 2511 1739 2581 Spiritum
1772 2526 2042 2584 sanctum,

466 2605 520 2650 et
545 2610 736 2651 eorum
773 2598 1182 2658 indivisibililas
1207 2603 1379 2672 liquet
1403 2605 1530 2659 dum
1565 2606 1768 2662 dicitur
1802 2626 1814 2662 :
1858 2628 1876 2660 ι
1913 2609 2048 2666 Pro-

467 2695 586 2757 pter
609 2705 807 2746 nomen
841 2701 1014 2748 tuum.
1047 2713 1065 2746 ι
1100 2693 1165 2748 Ει
1187 2697 1312 2764 jure
1348 2697 1496 2752 Patri
1530 2699 1749 2767 quidem
1773 2701 2045 2757 dicimus:

473 2780 814 2850 t-Propitius
851 2793 993 2851 esto,
1039 2805 1057 2838 ι
1113 2803 1210 2856 per
1256 2787 1452 2843 Filium
1512 2791 1633 2859 ejus
1682 2795 2043 2857 reconciliati,

471 2875 608 2928 Filio
629 2885 808 2932 autem
839 2897 852 2933 :
886 2897 905 2930 ι
942 2881 1134 2944 Parce,
1179 2899 1196 2932 ι
1226 2890 1411 2950 utpote
1439 2884 1736 2938 secundum
1768 2902 1869 2940 nos
1895 2897 2048 2954 nato,

471 2977 525 3020 ct
574 2983 674 3036 pro
711 2970 867 3024 nobis
920 2986 1102 3040 passo,
1133 2983 1294 3040 atque
1348 2976 1416 3030 ab
1458 2977 1772 3034 hominibus
1819 2979 2050 3048 oﬂ‘cnso,

2140 1872 2234 1926 τοῦ
2260 1869 2554 1940 ἀγγελικοῦ
2596 1869 2765 1937 ὕμνου
2801 1869 2894 1920 καὶ
2920 1866 3010 1920 τοῦ
3067 1865 3232 1919 Δαϐίδ
3278 1865 3414 1928 ἐστι,
3476 1863 3584 1916 τῶν
3627 1861 3728 1930 μὲν

2144 1965 2393 2033 ἀγγέλων
2453 1963 2712 2034 ᾀδόντων,
2749 1980 2766 2013 ι
2797 1961 3010 2026 Ἀγιος,
3048 1957 3226 2025 ἅγιος,
3275 1957 3450 2022 ἅγιος,
3489 1971 3507 2004 ι
3541 1952 3634 2006 τοῦ
3670 1953 3727 2004 δὲ

2144 2057 2327 2122 Δαϐὶδ,
2371 2075 2389 2108 ι
2431 2055 2720 2123 Ἐδίψησεν
2747 2053 2779 2123 ὴ
2809 2054 2956 2121 ψυχή
3018 2067 3120 2120 μου
3153 2050 3289 2120 πρὸς
3324 2047 3415 2100 τὸν
3451 2047 3604 2110 Θεὸν,
3632 2047 3726 2098 τὸν

2149 2150 2394 2221 ἰσχυρὸν,
2426 2148 2517 2201 τὸν
2561 2145 2761 2210 ζῶντα,
2799 2162 2816 2196 t
2849 2145 2906 2206 ὃς
2961 2143 3055 2195 καὶ
3096 2143 3180 2206 τὸ,
3217 2160 3236 2193 ‹
3286 2134 3541 2209 Ἐλέησόν
3585 2156 3670 2208 με,
3707 2158 3726 2189 ι

2144 2246 2202 2297 ἐν
2231 2243 2310 2311 τῷ
2346 2237 2698 2310 πεντηκοστῷ
2723 2235 3045 2308 ἀνακράζει.
3078 2235 3151 2288 Τὸ
3201 2233 3420 2305 τρισσὸν
3479 2231 3573 2285 οὖν
3622 2233 3730 2284 τῶν

2147 2334 2525 2395 ύποστάσεων,
2551 2333 2642 2384 καί
2675 2329 2735 2383 τὸ
2786 2331 2990 2383 ένιαῖον
3022 2329 3121 2397 τῆς
3167 2328 3382 2396 φύσεως
3436 2325 3730 2380 κάὶδυυάο

2151 2441 2297 2490 μεως
2331 2425 2430 2489 τῆς
2453 2423 2703 2494 Τριάδος,
2724 2421 2878 2485 οὗτος
2905 2422 2933 2474 ὁ
2966 2420 3132 2488 ὕμνος
3159 2421 3218 2472 ἐν
3248 2419 3497 2488 ἐκτενείᾳ
3525 2417 3733 2486 κηρύτ-

2148 2536 2252 2572 τει.
2301 2517 2534 2587 Ὁμοίως
2564 2517 2619 2569 δὲ
2651 2515 2850 2578 καὶτὸ,
2889 2531 2907 2565 ι
2946 2513 3196 2580 ﬂava-{ia
3252 2511 3444 2582 Τριὰς,
3508 2510 3734 2576 ἐλέησον

2151 2613 2325 2681 ἡμᾶς,
2368 2627 2386 2660 ι
2413 2609 2473 2662 τὸ
2494 2608 2717 2679 τρισσὸν
2747 2605 2836 2659 καὶ
2866 2605 2927 2658 ἓν
2978 2604 3323 2659 ἐκδιδάσκει·
3351 2603 3443 2655 καὶ
3471 2601 3531 2654 τὸ
3568 2619 3586 2652 ι
3620 2599 3734 2654 Κύι

2157 2719 2266 2772 ριε,
2308 2701 2579 2770 ἱλάσθητι,
2609 2716 2630 2751 ›
2663 2697 2754 2752 τὸν
2783 2695 3134 2766 Πατέρα,,τὸ,
3175 2714 3193 2747 ι
3222 2695 3485 2755 Δέσποτα,
3521 2690 3736 2761 συγχώο

2156 2812 2346 2865 ρησον,
2377 2815 2395 2847 ι
2425 2793 2516 2846 τὸν
2551 2791 2703 2854 Υἱὸν,
2742 2789 2838 2844 καὶ
2872 2789 2952 2851 τὸ,
2989 2807 3008 2840 ι
3045 2788 3223 2855 Ἀγιε,
3265 2785 3580 2854 ἐπίσκεψαι,
3617 2802 3636 2835 ι
3674 2782 3738 2836 τὸ

2141 2887 2382 2955 ’Πνεῦμα
2404 2885 2464 2938 τὸ
2493 2885 2669 2950 ἅγιον,
2701 2881 2887 2934 καὶτὸ
2936 2880 3246 2946 ἀδιαίρετον
3295 2877 3493 2940 αὐτῶν,
3548 2877 3605 2928 ἐν
3656 2873 3738 2944 τῷ

2153 2979 2359 3044 λέγειν,
2396 2993 2415 3026 σ
2444 2976 2673 3028 Ἕνεκεν
2725 2971 2821 3025 τοῦ
2858 2969 3127 3038 ὀνόματός
3179 2985 3294 3022 σου.
3335 2986 3354 3018 ›
3401 2964 3737 3026 Καικαλῶς

472 3073 682 3112 necnon
721 3076 750 3113 a
793 3063 952 3118 nobis
993 3063 1124 3132 ipsis
1161 3066 1252 3134 qui
1293 3082 1412 3120 eum
1469 3068 1521 3122 in
1570 3070 1841 3138 baptismo
1872 3083 1926 3126 et
1957 3089 2051 3126 un-

2157 3068 2294 3135 πρὸς
2325 3065 2423 3136 μὲν
2455 3063 2546 3118 τὸν
2606 3063 2854 3130 Πατέρα,
2882 3079 2900 3112 t
2944 3058 3234 3127 Ἱλάσθητι,
3275 3077 3293 3109 ι
3323 3058 3411 3111 διὰ
3460 3055 3556 3108 τοῦ
3603 3053 3738 3106 Υἱοῦ

471 3157 674 3218 guento
711 3150 989 3208 induimus
1029 3154 1190 3223 eique
1237 3171 1332 3224 per
1364 3159 1802 3214 communionem
1847 3170 1902 3216 et
1949 3177 2052 3216 caa-

475 3241 606 3295 teris
629 3241 906 3311 mysteriis
922 3243 1331 3313 conjungimur,
1361 3247 1426 3301 ad
1454 3248 1796 3303 iracundiam
1826 3251 2051 3305 incenso

423 3379 448 3399 ,,
473 3343 529 3386 et
554 3332 829 3396 lacessito,
864 3350 1078 3389 necnon
1109 3339 1364 3405 queniam
1402 3349 1722 3408 potestatem
1762 3342 1877 3410 ipse
1903 3343 2052 3398 dedit

475 3421 722 3478 solvendi
751 3434 915 3494 atque
957 3427 1182 3495 ligandi,
1217 3430 1445 3498 aliisque
1476 3448 1698 3500 parcere
1741 3450 1840 3487 nos
1870 3436 2050 3503 jussit,
2100 3418 2105 3423 ’

476 3531 663 3569 rerum
715 3515 945 3585 Spiritui
974 3528 1165 3574 Sancto
1193 3529 1338 3575 recte
1372 3522 1604 3578 dicimus
1639 3541 1651 3577 :
1693 3544 1711 3578 ι
1749 3527 1950 3582 Oculos
1998 3529 2051 3582 in

477 3624 578 3661 nos
609 3609 857 3673 demitte,
888 3629 906 3662 ι
941 3613 1201 3682 quoniam
1255 3613 1495 3668 viviﬁcat
1546 3631 1646 3671 nos
1691 3626 1746 3672 et
1786 3617 2054 3673 exltilarat

475 3707 640 3770 atque
666 3701 1010 3768 corroborat,
1041 3713 1094 3758 et
1116 3703 1323 3786 absque
1351 3707 1469 3774 ejus
1499 3717 1765 3774 potestate
1795 3726 1857 3764 ac
1885 3712 2052 3778 dono,

476 3791 610 3846 nihil
641 3801 725 3847 est
757 3793 811 3847 in
835 3792 1014 3848 nobis.
1051 3794 1166 3850 Hoc
1199 3811 1329 3850 vero
1358 3812 1372 3850 :
1402 3815 1420 3848 ι
1453 3797 1700 3866 Domine,
1735 3803 2048 3868 miserere,»

476 3883 797 3940 Trinitatem
833 3886 1091 3956 prmdicat
1116 3903 1130 3950 ;
1165 3903 1308 3943 unus
1333 3892 1476 3942 enim
1506 3890 1764 3948 Dominus
1790 3891 2054 3949 Trinitas.

477 3976 632 4042 Quod
668 3988 747 4032 ter
784 3979 1073 4047 repetitum
1113 3994 1233 4033 eam
1286 3997 1503 4036 rursum
1542 3986 1853 4050 annuntiat,
1890 3997 2057 4054 utque

481 4070 800 4124 misereatur
846 4071 1018 4125 nostri
1069 4070 1308 4126 invocat.
1359 4071 1505 4128 Istud
1542 4084 1747 4135 autem.
1801 4095 1819 4126 ι
1872 4077 2057 4132 Gloria

480 4160 623 4216 Patri
657 4170 710 4216 et
733 4161 872 4217 Filio
902 4172 956 4218 et
987 4162 1215 4242 Spiritui
1246 4175 1458 4232 sancto,
1498 4185 1516 4218 ι
1572 4179 1625 4221 et
1654 4177 1870 4233 caetera,
1914 4179 2060 4239 patet

479 4269 601 4309 esse
645 4255 794 4310 velut
821 4256 1225 4312 confessionem
1264 4258 1426 4313 unius
1473 4254 1782 4327 Trinitatis,
1833 4262 2059 4331 ejusque

479 4346 947 4414 gloriﬁcationem,
995 4349 1047 4404 in
1088 4359 1353 4408 aeternum
1388 4351 1491 4420 ipsi
1525 4352 1900 4408 decantatum.
1933 4354 2060 4426 Ideo

2157 3155 2602 3224 διαλλαττόμενοι
2633 3152 2866 3220 λέγομεν
2891 3165 2907 3181 ⁸
2937 3149 3074 3218 πρὸς
3121 3147 3176 3200 δέ
3207 3147 3299 3199 τὸν
3355 3146 3500 3210 Υἱὸν,
3537 3162 3556 3196 ι
3595 3144 3738 3209 Συγ-

2157 3247 2431 3319 χώρησον,
2470 3265 2489 3299 ι
2523 3245 2599 3308 ὡς
2623 3243 2889 3313 γεγονότα
2918 3241 3040 3295 καθ’
3072 3241 3241 3311 ἡμᾶς,
3276 3241 3371 3292 καὶ
3406 3237 3545 3305 ὑπὲρ
3579 3233 3740 3305 ἡμῶν

2157 3341 2486 3407 πεπονθότα,
2521 3338 2616 3392 καὶ
2667 3337 2796 3407 παρ’
2848 3335 3154 3404 ἀνθρώπων
3213 3331 3474 3395 παθόντα,
3539 3330 3632 3383 καὶ
3664 3327 3739 3391 ὡς

2157 3437 2286 3507 παρ’
2323 3436 2482 3506 ἡμῶν
2501 3433 2610 3488 τῶν
2633 3429 3012 3500 ὲνδυσαμένων
3055 3425 3224 3478 αὐτὸν
3263 3423 3342 3494 τῷ
3400 3421 3739 3493 βαπτίσματι

2157 3531 2252 3584 καὶ
2272 3529 2351 3596 τῷ
2378 3528 2555 3598 μύρῳ,
2587 3525 2682 3578 καὶ
2718 3520 3026 3590 ἑνουμένων
3055 3519 3123 3588 τῇ
3161 3515 3422 3584 κοινωνίᾳ
3469 3514 3564 3566 καὶ
3623 3513 3739 3574 τοῖς

2157 3624 2387 3687 λοιποῖς,
2414 3614 2885 3689 παροργιζόμενον
2915 3611 3004 3665 καὶ
3037 3609 3374 3679 θλιϐόμενον,
3413 3606 3505 3659 καὶ
3529 3605 3612 3658 ὅτι
3641 3603 3741 3673 τὴν

2159 3714 2412 3781 ἐξουσίαν
2446 3712 2678 3765 δέδωκεν
2706 3701 2986 3767 οὖτοςτοῢ
3047 3702 3204 3754 λύειν
3243 3717 3302 3753 τε
3353 3701 3448 3752 καὶ
3503 3699 3740 3765 δεσμεῖν,

2159 3807 2254 3860 καὶ
2279 3804 2340 3858 τὸ
2373 3801 2679 3873 συγχωρεῖν
2711 3793 3107 3863 νενομοθέτηκε
3149 3809 3162 3823 ·
3215 3790 3351 3861 πρὸς
3383 3790 3441 3843 δὲ
3482 3789 3546 3841 τὸ
3587 3787 3742 3852 ἅγιον

2160 3895 2388 3966 Πνεῦμα
2415 3894 2498 3958 τὸ,
2528 3910 2548 3944 ι
2595 3877 2947 3957 Ἐπίσκεψαι,
2989 3903 3006 3936 ι
3040 3885 3121 3936 ὅτι
3155 3879 3431 3946 ζωοποιεῖ,
3482 3878 3576 3930 καὶ
3630 3877 3746 3928 ἱλα-

2164 3990 2337 4061 ρύνει,
2377 3987 2472 4040 καὶ
2502 3982 2745 4052 ἐνισχύει
2772 3980 2940 4051 ἡμᾶς,
2969 3979 3065 4030 καὶ
3096 3973 3266 4043 χωρὶς
3311 3971 3412 4039 τῆς
3459 3969 3743 4038 δυνάμεως

2161 4081 2328 4137 αὑτοῦ
2357 4081 2451 4133 καὶ
2473 4077 2684 4148 δωρεᾶς
2717 4072 2871 4126 οὐδὲν
2901 4071 2959 4123 ἐν
2997 4069 3154 4138 ἡμῖν.
3219 4063 3328 4117 Καὶ
3386 4062 3465 4128 τὸ,
3495 4079 3513 4113 t
3549 4062 3743 4128 Κύριε,

2162 4175 2406 4242 ἐλέησον,
2455 4189 2474 4223 ι
2505 4170 2606 4240 τὴν
2651 4165 2862 4235 Τριάδα
2913 4159 3174 4230 κηρύττει
3206 4173 3221 4188 ο
3259 4151 3339 4216 εἷς
3387 4149 3590 4222 Κύριος
3640 4151 3746 4242 γὰρ

2163 4265 2197 4334 ἡ
2235 4241 2428 4332 Τριάς.
2474 4258 2586 4312 Καὶ
2635 4257 2758 4325 τρὶς
2820 4252 3116 4320 λεγόμενον
3166 4247 3336 4312 αὐτὴν
3386 4241 3747 4334 καταγγέλλει

2167 4331 2357 4413 πάλιν,
2396 4349 2489 4403 καὶ
2545 4349 2629 4410 είς
2685 4345 2837 4397 ἔλεον
2891 4339 3050 4410 ἡμῶν
3109 4337 3448 4412 ἐκκᾴεῖται.
3505 4333 3616 4386 Καὶ
3666 4331 3747 4394 τὸ,

483 4456 698 4511 semper
746 4442 881 4498 illud
913 4443 1152 4498 dicimus
1198 4443 1252 4497 in
1289 4443 1446 4498 initio
1482 4451 1535 4496 et
1566 4443 1619 4497 in
1655 4445 1761 4498 [ine
1798 4423 2060 4513 precum;

2173 4466 2192 4498 ι
2218 4446 2356 4510 Δόξα
2389 4441 2588 4511 Πατρὶ,
2614 4435 2857 4504 καὶΥίῷ,
2883 4435 2977 4486 καὶ
3007 4430 3148 4500 ἁγίῳ
3179 4429 3479 4498 Πνεύματι,
3520 4445 3538 4478 ι
3567 4425 3661 4477 καὶ
3684 4423 3750 4476 τὰ

482 4535 658 4589 oratio
691 4546 869 4590 autem
909 4551 926 4590 :
964 4536 1124 4590 Pater
1151 4523 1361 4600 noster,
1408 4535 1508 4590 etsi
1546 4536 1611 4589 ad
1663 4537 1882 4590 Patrem
1927 4537 2059 4592 diri-

2172 4517 2322 4606 ἑξῆς,
2357 4533 2624 4605 πρόδηλον
2653 4529 2728 4592 ὡς
2755 4525 3020 4596 ὁμολογία
3050 4523 3153 4592 τῆς
3183 4523 3318 4591 μιᾶς
3383 4518 3617 4588 Τριάδος
3659 4514 3752 4568 καὶ

483 4636 642 4694 gatur
673 4637 727 4682 et
751 4643 780 4682 a
813 4627 950 4682 Filio
981 4627 1147 4682 fuerit
1175 4629 1450 4694 instituta,
1481 4643 1605 4682 cum
1638 4635 1820 4682 tamen
1865 4629 2063 4684 indivi-

2170 4627 2454 4696 δοξολογία
2477 4624 2648 4687 ἐστὶν,
2715 4619 2952 4681 αἱωνίως
3000 4617 3138 4686 αὐτῇ
3197 4613 3600 4684 προσᾳδομένη.
3665 4607 3753 4660 Διὸ

485 4720 662 4774 sibilis
692 4721 766 4773 sit
807 4719 1067 4784 Trinitas,
1106 4735 1385 4790 unumque
1418 4735 1617 4775 nomen
1649 4720 1826 4776 Patris
1854 4733 1907 4776 et
1940 4720 2064 4776 Filii

2175 4723 2270 4777 καὶ
2297 4718 2538 4790 συνεχῶς
2571 4713 2734 4768 τοῦτο
2767 4713 2864 4766 καὶ
2885 4711 2943 4763 ἐν
2972 4709 3051 4777 τῷ
3101 4708 3243 4760 τέλει
3275 4707 3385 4758 τῶν
3417 4704 3603 4774 ὓμνων
3660 4701 3753 4754 καὶ

485 4820 537 4865 et
593 4811 834 4876 Spiritus
883 4813 1084 4879 sancti,
1143 4813 1400 4883 Deusqtte
1453 4816 1520 4868 sit
1582 4813 1742 4867 Pater
1797 4815 2064 4867 luminum

2175 4818 2233 4868 ὲν
2271 4815 2390 4875 ταῖς
2417 4810 2614 4879 ἀρχαῖς
2643 4806 2878 4874 λέγομεν
2914 4817 2928 4830 ·
2959 4801 3055 4854 καὶ
3089 4799 3172 4865 τὸ,
3210 4816 3230 4850 ι
3275 4799 3457 4866 Πάτερ
3505 4794 3689 4864 ἡμῶν,
3726 4811 3746 4883 ι

487 4916 683 4971 nempe
719 4903 841 4956 Filii
865 4912 918 4957 et
944 4903 1200 4973 Spiritus,
1232 4916 1280 4960 el
1309 4881 1470 4960 Pater
1504 4907 1576 4961 sit
1607 4906 1659 4960 in
1686 4904 1826 4960 Filio
1854 4916 1908 4961 et
1945 4906 2064 4975 Spi-

2171 4907 2222 4960 ει
2257 4905 2352 4958 καὶ
2382 4903 2463 4964 είς
2491 4900 2582 4952 τὸν
2629 4897 2852 4964 Πατέρα
2901 4891 3256 4960 ἀναφέρεται,
3301 4890 3397 4941 καὶ
3455 4886 3608 4955 παρὰ
3657 4881 3749 4975 τοῦ

488 4997 622 5059 ritu,
648 4991 928 5062 Fﬂiusque
963 5005 1016 5049 ct
1044 4995 1282 5066 Spiritus
1317 4998 1368 5049 in
1402 4996 1584 5054 Patre.
1622 4999 1712 5052 illa
1750 5013 1970 5068 quoque
1987 4973 2064 5052 ad

2175 4995 2310 5050 Υἱοῦ
2335 4993 2568 5057 δέδοται,
2603 4988 2720 5043 ἀλλ’
2759 4985 2881 5038 ἐπεὶ
2919 4983 3225 5052 ἀδιαίρετος
3255 4981 3288 5050 ἡ
3313 4979 3506 5048 Τριὰς,
3557 4976 3650 5032 καὶ
3697 4973 3754 5068 ἐν

486 5087 812 5144 Trinitatem
867 5065 1171 5153 fertur,et
1225 5091 1352 5144 dum
1420 5091 1668 5144 dicitur:
1710 5065 1894 5155 Pater,
1940 5085 2064 5145 Filii

2175 5088 2349 5154 ὄνομα
2368 5083 2462 5137 τοῦ
2483 5079 2697 5147 Πατρὸς
2725 5077 2820 5130 καὶ
2849 5073 2944 5128 τοῦ
2971 5071 3103 5127 Υἱοῦ
3136 5073 3232 5125 καὶ
3265 5069 3358 5124 τοῦ
3383 5069 3542 5137 ἁγίου
3591 5065 3760 5155 Πνεύζ⁵

486 5195 706 5253 quoque
727 5189 781 5236 et
813 5179 1048 5250 Spiritus
1075 5181 1420 5247 recordatur;
1453 5183 1596 5251 quod
1628 5180 1871 5237 Ecclesia
1905 5189 2073 5236 testa-
2183 5192 2374 5248 ματος,
2407 5179 2558 5227 καὶπὸ
2578 5179 2711 5231 vso;
2743 5179 3068 5260 uati-19-72“!
3097 5179 3294 5260 ιρωτων
3324 5179 3479 5260 εἰστέ-
3495 5179 3595 5260 ξου
3633 5179 3752 5260 tu):

484 5247 577 5329 tur
615 5247 805 5329 dicens
838 5247 868 5326 ι-
891 5292 909 5326 ι
946 5271 1124 5328 Τυυηι
1157 5282 1240 5327 est
1293 5247 1512 5344 regnum
1551 5272 1732 5329 Patris
1771 5282 1827 5328 et
1860 5272 1982 5328 Filii
2015 5282 2064 5328 et

2180 5247 2274 5322 καὶ
2298 5265 2393 5318 τοῦ
2429 5263 2769 5330 Πνεύματος,
2808 5256 2906 5311 καὶ
2934 5256 2963 5308 ό
2985 5253 3179 5323 Πατὴρ
3213 5254 3268 5304 ἐν
3287 5252 3366 5320 τῷ
3417 5248 3531 5344 Tit?
3562 5247 3657 5344 καὶ
3686 5247 3762 5344 τιῖ)

491 5367 732 5436 Spiritus
760 5367 957 5422 sancti.
1002 5385 1020 5418 ι
1354 5335 1380 5344 ν
1543 5345 1546 5348 ’
2182 5357 2487 5428 Πνεύματι,
2521 5353 2660 5407 καὶὸ
2689 5349 2818 5412 Υἱὸς
2844 5349 2943 5402 καὶ
2979 5346 3040 5398 τὸ
3067 5342 3293 5414 Πνεῦμα
3346 5342 3404 5394 ἐν
3446 5339 3525 5408 τῷ
3568 5335 3761 5404 Πατρὶ,

489 5463 586 5518 καὶ
611 5463 643 5532 ἡ
673 5465 957 5532 προσευχὴ
985 5458 1126 5530 αὕτη
1160 5458 1241 5522 είς
1273 5456 1372 5526 τὴν
1395 5454 1602 5528 Τριάδα
1624 5457 1886 5526 ἀνάγεται
1913 5468 1928 5489 δ
1959 5453 2056 5510 καὶ
2103 5455 2164 5508 ὲν
2190 5455 2290 5521 τῷ,
2312 5452 2526 5517 Πάτερ,
2550 5447 2750 5511 εἰπεῖν,
2781 5439 2877 5496 καί¹
2929 5439 3059 5493 Υἱοῦ
3105 5437 3594 5535 καὶ-Πνεύματος-
3632 5451 3764 5535 pavr:-

491 5528 734 5628 μονεύειξ
771 5528 949 5619 Καὶνὴή
993 5528 1293 5621 Ἐκκλησία
1331 5551 1603 5620 μαρτυρεῖ
1631 5547 1790 5602 τοῦτο
1840 5548 2100 5614 λέγουσα,
2137 5548 2283 5611 Ὅτι,
2311 5563 2330 5597 ι
2361 5542 2463 5596 Σοῦ
2493 5543 2640 5593 ἐστιν
2673 5539 2706 5606 ὴ
2745 5534 2992 5605 βασιλεία
3035 5531 3132 5584 τοῦ
3209 5528 3445 5598 Πατρὸς,
3509 5528 3607 5580 καὶ
3668 5528 3761 5578 τοῦ

488 5655 644 5718 Υίοῦ,
685 5652 780 5707 καὶ
815 5650 908 5704 τοῦ
950 5648 1108 5719 ἁγίου
1155 5647 1494 5717 Πνεύματος,
1536 5661 1555 5695 ι

2260 5747 2322 5799 '0
2358 5743 2539 5814 ἱερεὺς
2564 5740 2620 5793 δὲ
2655 5738 2716 5791 τό
2743 5753 2803 5790 τε
2835 5732 3221 5802 θυσιαστήριον
3244 5727 3437 5798 θυμιᾷ,
3491 5726 3582 5779 τὸν
3611 5724 3762 5814 ναὸν,

2179 5839 2274 5893 καὶ
2300 5813 2722 5895 ἅπαντας,ἐπεὶ
2761 5827 2856 5880 καὶ
2925 5825 3105 5878 πάντα
3159 5820 3496 5891 ἡγιασμένα,
3549 5815 3620 5867 τὰ
3667 5813 3765 5884 μὲν

2179 5929 2357 6003 τιμῶν
2381 5928 2454 5991 ὡς
2488 5923 2630 5989 θεῖα,
2657 5919 2786 5984 τοὺς
2811 5913 3168 5988 παρεστῶτας
3229 5912 3287 5965 δὲ
3356 5908 3626 5979 ἁγιάζων.
3673 5905 3765 5959 Διὸ

565 5771 734 5824 Porro
782 5766 1043 5822 sacerdos
1097 5761 1270 5814 altare
1303 5758 1551 5812 incensat
1591 5752 1966 5822 templumque
2019 5763 2074 5808 et

489 5876 703 5921 names,
731 5856 989 5926 quoniam
1043 5854 1226 5910 omnia
1257 5861 1384 5905 sunt
1412 5847 1771 5909 sanctiﬁcata,
1803 5841 1908 5898 alia
1954 5845 2072 5913 qui-

492 5959 613 6009 dem
671 5952 948 6004 honoratis
985 5957 1043 6001 ut
1087 5944 1291 6007 divina,
1329 5944 1603 5997 adsmntcs
1642 5949 1771 5992 vero
1819 5937 2070 5992 sanctili-

2183 5152 2374 5248 ματος,
2407 5172 2558 5227 καὶὸ
2578 5169 2711 5231 Θεὸς
2743 5167 2935 5235 Πατὴρ
2957 5163 3068 5216 τῶν
3097 5161 3294 5230 φώτων
3324 5160 3464 5222 ἐστὶ,
3500 5155 3595 5209 τοῦ
3628 5152 3758 5248 rio?
3853 5164 3876 5180 ’-
