4126 6268
433 360 538 423 bii?)
635 419 638 422 .

1585 378 1684 440 DE
1725 382 1967 445 SACRA
2008 382 2512 456 PRECATIONE.

3554 390 3588 452 5
3600 389 3669 456 C6

427 478 522 528 καὶ
544 477 654 530 άπὸ
666 479 758 531 τοῦ
783 480 965 548 ’Δγιου
991 483 1100 535 τῶν
1123 484 1292 553 ἁγίων
1310 491 1404 542 τοῦ
1422 488 1808 571 θυσιαστηρίου
1830 496 1992 566 ἀρχό-

2105 515 2248 555 cans.
2315 503 2654 575 Quapropter
2714 525 2743 564 a
2801 509 3001 566 Sancto
3058 521 3404 583 sanctorum,
3466 521 3676 576 scilicet

432 589 612 641 μενος,
640 572 856 653 ἅπαντα
888 578 1029 631 κατὰ
1047 579 1200 645 τάξιν
1221 582 1525 653 θυμιᾷ,ξούχ
1544 585 1730 647 ἀπλῶς
1758 589 1924 642 ποιῶν
1940 593 1999 643 τὸ

428 662 700 731 θυμίαμα,
727 647 860 719 ἀλλά
894 671 1228 739 σφραγίζων,
1255 647 1348 728 καὶ
1367 647 1744 744 ἀγιάξων,καὶ
1767 682 1843 750 τῷ
1872 684 1914 735 Χ
1923 702 2028 754 ρι-·

429 757 538 824 στῷ
575 758 642 810 δι’
665 759 830 830 εὐχῆς
855 763 1130 827 ἀνατιθεὶς
1184 768 1277 820 καὶ
1299 771 1646 843 προσφέρων,
1662 775 1752 828 καὶ
1773 778 2002 846 προσδε-

427 848 626 918 χθῆναι
653 851 764 905 ἄνω
786 851 986 922 ζητῶν,
1003 859 1097 910 καὶ
1121 865 1588 934 καταπεμφθῆναι
1614 869 1748 936 ἡμῖν
1772 870 1873 940 τὴν
1900 872 2000 940 χά-

431 957 514 1009 ριν
535 943 630 995 τοῦ
651 947 921 1014 παναγίου
943 949 1261 1018 ῐῐνεύματος
1285 967 1302 985 ο
1334 955 1472 1009 ὥστε
1491 958 1577 1012 διὰ
1601 959 1696 1012 τοῦ
1721 962 2004 1030 θυμιάμα-

427 1047 517 1092 τος
539 1031 638 1101 τὴν
660 1032 818 1102 χάριν
837 1037 1191 1108 λαμϐάνομεν
1220 1059 1235 1074 ο
1261 1045 1352 1098 καὶ
1385 1047 1573 1116 μηδεὶς
1615 1050 1882 1118 ἀμελείτω
1909 1055 2000 1108 τοῦ

429 1121 650 1193 θυμιᾷν.
673 1126 834 1181 Ὅλον
847 1125 939 1184 οῦν
955 1127 1179 1187 διελθὼν
1222 1137 1520 1208 ταχύτερον
1537 1142 1626 1194 τὸν
1652 1144 1797 1210 ναὸν,
1816 1147 1911 1198 καὶ
1936 1147 2003 1201 τά

428 1211 590 1281 219
627 1214 752 1281 ἔξω,
791 1221 920 1288 περὶ
950 1219 1010 1272 τὸ
1042 1222 1192 1285 τέλος
1210 1225 1312 1292 τῆς
1338 1233 1650 1300 προσευχῆς
1681 1233 1799 1298 τοῦ,
1837 1253 1857 1286 ‹
1888 1237 1999 1288 Πά-

428 1320 524 1372 τερ
558 1306 738 1372 ἡμῶν,
778 1327 797 1358 ι
833 1311 1147 1380 εἰσέρχεται
1211 1317 1310 1379 τὰς
1358 1319 1554 1385 πύλας,
1616 1325 1710 1376 καὶ
1765 1329 2002 1396 σταυρὸν

429 1394 616 1446 τυπῶν
635 1395 722 1447 διά
749 1399 843 1450 τοῦ
874 1400 1262 1474 θυμιατηρίου,
1299 1410 1488 1478 φησιν,
1529 1429 1548 1462 ι
1583 1412 1708 1466 Ὅτι
1747 1394 2002 1472 σοῦὲστιν

437 1485 468 1580 Ῐι
531 1485 801 1554 βασιλεία,
840 1510 859 1543 ι
926 1493 1342 1566 ὲπισφραγίζων
1385 1502 1485 1570 τὴν
1531 1504 1720 1574 εὐχὴν,
1769 1507 1844 1570 ὡς
1897 1510 1999 1580 ἔφη

433 1574 690 1646 Χριστὸς,
727 1581 824 1633 καὶ
848 1584 946 1653 τὴν
986 1587 1193 1656 Τριάδα
1220 1591 1538 1661 δοξολογῶν.
1571 1590 1703 1650 Εῐτα
1734 1601 1826 1653 τὸν
1863 1574 2001 1656 καθλ

435 1665 742 1762 ηργούμενον
767 1669 938 1745 θυμιᾷ
973 1677 1036 1728 ὲκ
1070 1678 1362 1752 δευτέρου,
1407 1687 1576 1754 τιμὴν
1607 1687 1782 1752 διδοὺς
1821 1693 1894 1755 ὡς
1923 1695 2005 1762 τῷ

436 1756 680 1828 Χριστῷ,
733 1764 830 1814 καὶ
876 1766 976 1826 τὰς
1013 1769 1071 1823 ἐν
1126 1773 1276 1841 μέσῳ
1330 1775 1481 1844 ίεράς
1533 1779 1734 1846 ὁμοίως
1765 1756 2000 1849 εἰκόνας,

433 1849 529 1901 καὶ
553 1850 1030 1942 τὸ-θυσιαστήριον
1051 1861 1340 1928 εἰσελθὼν,
1379 1864 1696 1936 ἔμπροσθεν
1723 1875 1820 1942 τῆς
1838 1875 2002 1942 ἁγίας

432 1939 714 2010 τραπέζης
753 1946 907 2012 στὰς,
947 1948 1024 2012 ὡς
1067 1951 1160 2004 ἐπὶ
1217 1956 1315 2007 τοῦ
1355 1956 1503 2010 θείου
1536 1961 1725 2030 θρόνου
1762 1939 1855 2016 καὶ
1887 1939 2002 2021 Ἰτοῦ

433 2030 581 2129 ἱεροῦ
615 2033 853 2129 Χριστοῦ
892 2040 1200 2110 μνήματος,
1231 2046 1349 2112 τοῦ,
1385 2067 1404 2100 t
1433 2051 1763 2124 Εὐλόγησον,
1797 2059 2000 2129 Πάτερ.

435 2125 588 2216 παρὰ
610 2125 717 2216 τῷν
739 2127 843 2194 ἔξω
874 2131 1192 2203 λεγομένου,
1235 2140 1474 2209 ὲκφωνεῖ
1533 2149 1654 2214 μετ’
1715 2125 2004 2216 εὐλαϐείας

434 2213 751 2309 καὶ-πόθου,
789 2237 808 2271 ι
852 2220 990 2288 Δόξα
1020 2228 1084 2296 τῇ
1138 2228 1272 2302 ἁγία
1299 2233 1394 2286 καὶ
1443 2237 1714 2309 ὁμοουσίῳ
1741 2243 1836 2296 καὶ
1871 2213 2004 2306 ζωοζ

434 2304 573 2371 ποιῴ
604 2309 699 2362 καὶ
727 2309 1024 2386 ἀδιαιρέτῳ
1048 2319 1140 2372 καὶ
1181 2304 1584 2397 παντοδυνάμῳ
1615 2304 1807 2398 Τριάδι
1865 2304 2006 2387 πάν-

433 2411 576 2460 τοτε,
621 2415 639 2448 ι
666 2399 761 2452 τὸν
793 2402 968 2456 αἴτιον
1001 2407 1221 2462 πάντων
1257 2413 1346 2466 καλ⁵
1376 2417 1678 2488 Δεσπότην,
1721 2427 1812 2474 τὸν
1845 2425 2004 2490 μόνον

434 2486 541 2586 των
564 2489 700 2586 dita-tv
729 2494 784 2546 ἐν
814 2495 1006 2564 Τριάδι
1039 2500 1172 2555 Θεὸν
1191 2505 1298 2572 πρὸ
1331 2507 1513 2577 πάσης
1536 2486 1681 2580 ᾠδῆς
1702 2486 2003 2586 θεολογῶν,

433 2575 530 2674 καλ
575 2577 895 2674 ὸοξολογῶν,
937 2592 1033 2643 καὶ
1085 2592 1259 2662 ἀρχὴν
1302 2597 1414 2651 τῶν
1469 2575 1663 2668 νῦμνων
1699 2575 2004 2674 τιθέμενος,

435 2669 531 2721 καὶ
563 2669 637 2733 ὡς
661 2673 838 2744 ἀρχὴν
861 2676 990 2733 ὄντα
1025 2683 1247 2737 πάντων
1279 2687 1372 2740 καὶ
1395 2689 1572 2753 τέλος.
1597 2694 1708 2746 Καὶ
1732 2669 1876 2749 οὕτω
1903 2669 2000 2751 τοῦ

441 2759 634 2830 Ἀμὴν
656 2765 976 2837 λεγομένου,
1009 2773 1148 2843 ὅπερ
1183 2777 1299 2830 ἐστὶ
1355 2778 1712 2849 βεϐαιωτικὸν
1756 2789 1850 2840 καὶ
1881 2789 2002 2842 ἀντὶ

428 2853 524 2905 τοῦ
549 2854 681 2919 Na‘t,
711 2860 932 2914 πάντων
961 2865 1263 2935 σιγώντων,
1289 2870 1388 2941 τὴν
1411 2871 1594 2928 ἔνθεον
1623 2881 2000 2948 σημαινόντων

431 2942 736 3040 ἀφῇθεγξίαν
765 2947 876 3003 τῶν
899 2949 1150 3040 ἀγγέλων
1191 2959 1251 3010 ὲν
1277 2962 1392 3023 τοῖς
1425 2963 1517 3016 τοῦ
1549 2942 1711 3019 Θεοῦ⁷
1747 2975 2000 3040 φρικτοίς

430 3034 528 3087 καὶ
561 3038 874 3106 εὐλάϐειαν,
915 3038 999 3107 εἷς
1056 3047 1165 3100 τῶν
1223 3049 1534 3121 ἱσταμένων
1580 3034 1769 3112 ἐκεῖσε
1790 3034 1887 3116 καὶ
1913 3080 2000 3116 τε·

2108 593 2266 646 altari
2302 594 2588 665 incipiens,
2637 603 2820 656 omnia
2855 605 3152 658 secundum
3186 606 3432 664 ordinem
3490 611 3677 664 incen-

2107 692 2210 748 sat,
2262 701 2368 739 non
2409 689 2582 743 solum
2633 691 2870 747 suilitum
2935 696 3158 762 faciens,
3199 699 3290 753 sed
3347 707 3401 755 et
3455 699 3676 768 signans

2104 787 2160 830 et
2189 779 2563 843 sanctiﬁcans,
2589 782 2918 850 Christoque
2943 799 3038 854 per
3070 789 3373 843 orationem
3411 788 3677 843 adhibens

2105 878 2158 922 et
2193 868 2450 932 otl‘ercns,
2487 886 2552 925 ac
2583 873 2883 941 deprecans
2923 887 2980 930 ut
3028 880 3242 933 coalitus
3275 881 3576 948 accipiatur
3619 890 3676 935 et

2105 963 2344 1031 desuper
2367 964 2524 1018 nobis
2541 966 2716 1034 gratia
2735 971 3061 1025 sanctissimi
3086 971 3322 1038 Spiritus
3339 972 3673 1034 demittatur,

2103 1056 2176 1108 ita
2199 1063 2258 1108 ut
2285 1071 2378 1124 per
2411 1057 2690 1112 incensum
2729 1062 2957 1129 gratiam
2990 1064 3354 1130 accipian‘nts;
3383 1079 3544 1118 nemo
3579 1064 3674 1133 igi-

2107 1154 2195 1198 tur
2234 1145 2605 1202 suﬂitnentum
2637 1152 2892 1220 negligat.
2927 1151 3114 1221 Itaque
3143 1165 3256 1208 toto
3289 1149 3494 1224 templo
3525 1154 3674 1209 velo-

2103 1236 2220 1289 cius
2257 1248 2557 1305 permeato,
2602 1251 2656 1293 et
2682 1239 2828 1296 foras
2874 1257 3146 1310 egressus,
3177 1247 3318 1299 circa
3353 1247 3509 1299 tinem
3548 1262 3674 1310 ora-

2105 1327 2316 1380 tionis:
2352 1327 2511 1381 Pater
2575 1341 2782 1395 noster,
2832 1347 3014 1399 portas
3070 1335 3276 1402 intrat,
3339 1346 3394 1390 et
3455 1351 3672 1391 crucem

2103 1414 2360 1483 eflingens
2386 1419 2437 1472 in
2463 1419 2796 1476 incensando
2817 1423 2950 1478 dicit
2977 1440 2989 1477 :
3028 1442 3045 1475 ι
3079 1424 3252 1478 Tuum
3276 1433 3358 1480 est
3378 1439 3625 1495 regnum,
3653 1443 3672 1475 ι

2104 1506 2404 1576 obsignans
2460 1512 2762 1566 orationem
2823 1530 2987 1582 quam
3047 1515 3300 1571 Christus
3359 1518 3564 1579 docuit,
3622 1523 3676 1568 et

2104 1597 2424 1654 Trinitatem
2474 1603 2807 1672 gleriﬁcans.
2865 1605 3065 1660 Deinde
3117 1609 3398 1674 praesidem
3453 1623 3672 1662 rursum

2104 1689 2371 1756 incensat,
2399 1692 2660 1749 honorem
2689 1696 2934 1751 tribuens
2963 1699 3203 1763 Christo,
3229 1716 3439 1755 necnon
3473 1701 3678 1770 pariter

2106 1795 2292 1835 sacras
2322 1783 2588 1852 imagines
2613 1785 2667 1838 itt
2702 1788 2880 1841 medio
2907 1791 3146 1857 positas;
3176 1791 3372 1845 deinde
3403 1791 3470 1846 ad
3505 1793 3676 1846 altare

2107 1888 2453 1942 progressus,
2494 1886 2755 1946 stansque
2799 1879 2851 1932 in
2911 1890 3206 1948 conspectu
3247 1896 3446 1936 mensae
3485 1897 3675 1950 sacrm,

2107 1973 2367 2030 tanquam
2403 1977 2529 2020 ante
2566 1970 2823 2021 thronum
2864 1971 2952 2022 Dei
2982 1980 3036 2024 et
3066 1986 3282 2025 sacrum
3314 1971 3516 2026 Christi
3556 1989 3672 2024 tuo-

2106 2065 2450 2117 numentum,
2475 2057 2687 2112 caeteris
2712 2059 2802 2126 qui
2831 2059 2962 2113 foris
2989 2069 3116 2113 sunt
3140 2061 3444 2128 prolocutis
3473 2075 3488 2111 :
3527 2078 3545 2110 (
3575 2059 3678 2112 Be-

2106 2145 2363 2209 nedicite,
2397 2146 2578 2212 Pater,
2616 2168 2632 2200 ι
2668 2149 2937 2203 exclamat
2965 2166 3089 2204 cum
3129 2152 3326 2219 pietate
3354 2160 3407 2206 et
3444 2166 3628 2206 amore
3661 2167 3675 2202 :

2111 2256 2128 2288 ι
2177 2235 2358 2292 Gloria
2389 2248 2592 2296 sancta:
2642 2251 2695 2295 et
2741 2242 3193 2296 consubstantiali
3243 2253 3295 2296 et
3340 2242 3586 2306 viviﬁcae,
3619 2252 3678 2297 et

2107 2327 2426 2385 indivisibili
2453 2342 2615 2402 atque
2637 2333 2994 2398 omnipotenti
3024 2333 3278 2387 Trinitati
3301 2335 3375 2388 sit
3401 2348 3676 2402 sempch

2103 2425 2346 2476 omnium
2375 2435 2657 2480 auctorem
2687 2441 2753 2480 ac
2776 2426 3062 2480 Dominum
3088 2427 3262 2481 solum
3295 2427 3673 2482 universorum

2105 2515 2160 2569 in
2203 2514 2474 2571 Trinitate
2505 2517 2671 2571 Deum
2708 2528 2832 2571 ante
2882 2517 3165 2586 quodlibet
3211 2533 3430 2572 carmen
3478 2520 3686 2589 prtedi-a.

2103 2622 2238 2661 cans
2268 2617 2322 2661 et
2351 2607 2684 2676 gloriticans,
2724 2622 2960 2676 eumque
2991 2609 3310 2678 hymnorum
3349 2609 3670 2677 principium

2104 2714 2314 2768 ponens
2347 2708 2535 2768 utpote
2582 2699 2908 2768 principium
2959 2698 3231 2768 ﬁnemque
3266 2701 3670 2755 universorum.

2105 2791 2308 2860 Sicque
2343 2792 2485 2846 dicto
2519 2808 2538 2842 ι
2575 2790 2770 2854 Amen,
2818 2809 2837 2841 ›
2894 2789 3039 2857 quod
3085 2799 3170 2845 est
3206 2791 3590 2846 allirmativnm
3618 2809 3676 2846 et

2101 2883 2224 2938 loco
2254 2884 2403 2938 vocis
2437 2897 2449 2933 :
2485 2901 2502 2933 ι
2532 2881 2710 2944 Etiam
2743 2899 2762 2931 ι
2796 2881 3056 2949 positum,
3084 2882 3337 2936 omnibus
3361 2881 3683 2946 silentibus,

2105 2989 2215 3044 quo
2267 2989 2482 3028 sacrum
2540 2974 2880 3041 signiﬁcatur
2911 2974 3224 3043 angelorum
3263 2975 3540 3029 silentium
3575 2989 3671 3030 co-

2105 3081 2336 3134 rumque
2388 3065 2558 3132 pietas
2608 3066 2748 3119 inter
2781 3067 3062 3121 tremenda
3106 3067 3200 3120 Dei
3247 3067 3500 3135 mysteria
3533 3081 3680 3119 unus

430 3126 746 3227 ταγμένων,
768 3130 940 3187 τύπον
959 3135 1194 3203 ἀγγέλου
1223 3139 1404 3208 φέρων
1429 3145 1828 3214 ἀποσταλέντος
1853 3154 2001 3220 παρά

2106 3173 2170 3213 ex
2202 3158 2474 3213 stantibus
2508 3158 2688 3227 ibique
2717 3157 2772 3212 in
2807 3159 2998 3213 ordine
3029 3159 3437 3220 assistentibus.
3479 3158 3673 3226 itnagi-
3704 3186 3711 3192 -

434 3215 595 3281 Θεοῦ,
626 3221 696 3271 τὰ
718 3220 828 3274 τῶν
860 3223 1113 3292 ἀγγέλων
1160 3234 1608 3301 προοιμιάζεται,
1657 3240 1725 3295 τά
1764 3215 2004 3314 ἀνυμνη-

437 3307 593 3361 θέντα
617 3311 674 3362 ὲν
703 3313 777 3382 τῇ·
802 3313 898 3366 τοῦ
936 3317 1142 3386 Κυρίου
1171 3324 1444 3394 γεννήσει,
1465 3327 1608 3398 άπερ
1637 3320 1718 3392 εἷς
1755 3333 1853 3402 μὲν
1870 3307 2005 3405 πρό-

436 3415 590 3494 τερον
617 3402 852 3472 ἄγγελος
882 3409 994 3470 τοῖς
1025 3411 1257 3479 ποιμέσι
1308 3419 1496 3485 φανεὶς
1525 3425 1784 3494 προῇδεν,
1821 3402 2003 3491 Εὐθὺς

432 3492 488 3544 δὲ
514 3493 719 3562 πλῆθος
748 3502 1014 3569 στρατιᾶς
1047 3503 1304 3574 οὐρανίου
1350 3511 1534 3581 ὀφθὲν,
1591 3492 1872 3587 ἀνύμνησε
1919 3521 2000 3586 τὸ,

438 3603 457 3637 t
480 3589 643 3682 ddi-g1
675 3593 733 3682 έν
763 3593 1012 3661 ὑψίστοις
1038 3598 1184 3668 Θεῷ.
1231 3621 1250 3654 ι
1309 3603 1338 3657 ὸ
1372 3605 1468 3660 καὶ
1521 3610 1746 3682 ἀπαρχὴ
1791 3613 2000 3678 δοξολο-

435 3678 559 3743 γίας
593 3681 718 3775 ἐστὶ
741 3684 993 3775 καὶ-τοϊς
1029 3689 1286 3757 ἀγγέλοις
1316 3694 1410 3748 ἐπὶ
1440 3698 1506 3766 τῇ
1531 3678 1710 3768 ἡμῶν-
1732 3678 2000 3775 σωτηρίᾳ.

437 3770 527 3820 Διὸ
561 3770 660 3822 καὶ
683 3763 784 3824 ὧδε
814 3770 895 3836 εἷς
919 3781 1336 3847 προοιμιάζεται
1375 3763 1683 3854 τοῦτοῖκαί
1711 3808 1848 3861 φησι
1867 3763 2004 3864 ’τρίς

436 3862 516 3922 εἰς
552 3862 839 3957 δόξανμτῆς
865 3868 1226 3939 ὐπερενδόξου
1263 3875 1518 3944 τριάδος,
1562 3898 1581 3932 ι
1620 3883 1758 3948 Δόξα
1797 3886 1853 3937 ἐν
1884 3862 2005 3957 ὑφι-

355 4027 358 4030 ”
438 3967 586 4016 στοις
622 3953 764 4025 Θεῷ.
797 3974 817 4008 ι
853 3959 964 4012 Kal.
993 3961 1073 4025 δὶς
1121 3965 1290 4018 εἰπὼν
1322 3969 1482 4034 αὐθις
1510 3971 1592 4033 τὸ,
1649 3993 1669 4026 ι
1706 3977 1902 4046 Κύριε,
1930 3953 2002 4033 τά

437 4043 590 4115 χείλη
628 4063 732 4115 μου
760 4049 1013 4118 άνοίξοις,
1059 4073 1077 4106 ι
1113 4059 1172 4109 τὸ
1200 4059 1383 4128 τρίτον
1412 4062 1574 4116 πάλιν
1606 4043 1902 4135 φησὶν,ἐίς
1921 4087 2003 4123 τιο

440 4135 547 4232 μὴν
581 4139 866 4232 καὶτοῦτο
915 4145 1014 4213 τῆς
1059 4147 1310 4217 Τριάδος,
1351 4170 1370 4203 ι
1404 4154 1598 4224 Κύριε,
1652 4159 1706 4210 τί
1737 4162 2003 4232 ἐπληθύν-

437 4226 611 4319 θησαν
660 4231 710 4319 ot
746 4231 1020 4301 θλίϐοντές
1061 4255 1152 4307 με,
1193 4259 1212 4292 ι
1267 4243 1360 4294 καὶ
1409 4245 1648 4317 καθεξῆς
1691 4226 2003 4319 λέγει-τοὺς

435 4315 517 4412 Eg“
531 4319 627 4412 τοῦ
656 4318 883 4412 Ηὸρθρου
913 4323 1185 4396 ψαλμοὺς,
1212 4331 1336 4384 καθ’
1362 4315 1613 4405 ἑκάστην
1631 4315 1834 4408 Τριάὸα
1865 4315 2002 4412 ψαλξ

443 4408 559 4474 μῶν
587 4410 900 4480 δοξολογίαν
935 4418 1124 4485 ποιῶν,
1156 4422 1237 4484 είς
1269 4423 1576 4495 άνύμνησιν
1617 4429 1716 4497 τῆς
1745 4408 1993 4500 Τριάδος,

433 4499 521 4550 ὅτε
571 4501 666 4553 καὶ
702 4502 730 4552 ὁ
785 4503 958 4574 ίερεὺς
991 4508 1097 4571 τὰς
1153 4509 1382 4575 ἑωθινὰς
1410 4516 1577 4586 εὐχὰς
1635 4519 1755 4572 καθ’
1796 4499 1999 4578 έαυτὸν

437 4590 514 4658 τῷ
537 4591 657 4662 Θεῷ
687 4595 974 4667 ἀναφέρει,
1023 4602 1253 4671 μεσίτης
1284 4606 1374 4658 ἐπὶ
1405 4611 1518 4671 τοῖς
1551 4611 1864 4679 λεγομένοις
1898 4618 2003 4671 δει-

438 4685 727 4752 κνύμενος,
763 4689 858 4740 καὶ
896 4692 1096 4761 ἐνεργά
1127 4695 1297 4749 τελῶν
1330 4699 1402 4752 «ca
1450 4701 1709 4771 ᾀδόμενα,
1750 4711 1815 4777 τῇ
1852 4711 2008 4779 tepui-

437 4774 574 4847 σύνῃ
618 4777 726 4847 γὰρ
757 4779 977 4833 ἅπαντα
1029 4784 1361 4842 τελειοῦται.
1407 4790 1572 4846 Ὀθεν
1609 4797 1700 4848 καὶ
1753 4774 1811 4849 ὀὴ
1829 4774 2010 4871 ἱερεὺς

432 4865 724 4935 ἆρχεται,’
761 4872 856 4923 καὶ
921 4873 949 4924 ὁ
989 4873 1170 4943 ίερεὺς
1207 4879 1419 4935 τέλειοί.
1455 4884 1630 4949 Εὐθὺς
1681 4883 1776 4942 οὖν
1815 4892 1841 4942 ὁ
1881 4865 2003 4961 τμὲν

435 4959 609 5012 ποιῶν
639 4961 742 5025 τὰς
777 4962 1010 5028 ἑωθινὰς
1044 4968 1210 5039 εὐχὰς
1240 4972 1338 5024 τοῦ
1383 4975 1519 5029 Θεοῦ
1549 4979 1808 5045 ἐνώπιον,
1834 4959 2010 5037 τάήεί-

438 5051 635 5119 ρηνικά
671 5056 811 5122 μετά
843 5056 903 5108 τὸ
925 5057 1077 5122 τέλος
1109 5063 1202 5115 τοῦ
1237 5063 1554 5137 έξαψάλμου
1589 5070 1758 5138 λέγει,
1793 5074 2010 5129 πάντων

433 5141 918 5213 ὐπερευχόμενος·
979 5152 1076 5204 καὶ
1135 5155 1315 5208 πάντα
1379 5159 1680 5212 ἀνάπτεται
1717 5162 1780 5214 τὰ
1829 5165 2008 5231 φῶτα,

431 5233 524 5289 διὰ
559 5237 641 5299 τὸ,
688 5257 708 5288 ‹
738 5239 876 5304 Δόξα
905 5243 1114 5312 Κυρίου
1163 5250 1536 5320 περιέλαμψεν
1570 5255 1790 5319 αὐτούς.
1837 5275 1856 5308 ι
1899 5259 2008 5312 Kal
2051 5280 2064 5286 -

433 5327 494 5380 τὸ
528 5347 562 5417 «ν
599 5329 732 5391 Θεὸς
779 5331 1003 5402 Κύριος,
1047 5353 1065 5386 ι
1100 5340 1235 5405 μετὰ
1272 5342 1471 5409 μέλους
1517 5345 1778 5412 ὲκφώνως
1821 5346 2006 5417 ᾅδεται

435 5416 581 5470 κατὰ
629 5419 864 5490 μίμησιν
887 5425 996 5476 τῶν
1022 5425 1449 5495 δοξολογούντων
1478 5434 1745 5501 ἀγγέλων.
1787 5416 1893 5490 Καὶ
1921 5439 2007 5491 ol-

434 5508 712 5562 κειότατον
735 5513 795 5562 τὸ
827 5513 1138 5583 λεγόμενον,
1181 5537 1200 5570 ι
1231 5519 1364 5584 Θεὸς
1399 5522 1620 5594 Κύριος,
1657 5527 1752 5580 καὶ
1787 5528 1996 5597 ἐπέφα-

447 5613 527 5648 ιεν
560 5598 716 5666 ἡμῖν,
752 5604 779 5653 ὁ
805 5603 900 5655 τοῦ
935 5604 1070 5659 Θεοῦ
1105 5608 1282 5676 Λόγος
1331 5614 1654 5681 σαρκωθείς.
1686 5617 2004 5688 Εὐλογημέ-

438 5701 529 5746 νος
567 5688 594 5738 ό
622 5688 938 5758 ἐρχόμενος,
971 5695 1131 5760 αὐτὸς
1163 5698 1238 5760 ὡς
1301 5700 1433 5763 Θεὸς
1469 5701 1557 5754 διὰ
1610 5705 1832 5774 σαρκὸς,
1861 5725 1882 5758 ι
1916 5707 2007 5762 Ἐν

439 5775 665 5843 ὀνόματι
710 5781 942 5848 Κυρίου,
983 5802 1001 5836 ι
1038 5787 1134 5840 τοῦ
1183 5790 1394 5856 nam;
1429 5791 1594 5847 αὐτοῦ
1645 5796 1738 5848 καὶ
1783 5797 2003 5850 ἑαυτοῦ.

2105 3262 2228 3301 nem
2269 3246 2448 3301 ferens
2487 3246 2663 3314 angeli
2707 3259 2737 3298 a
2772 3247 2882 3301 Deo
2916 3248 3092 3311 missi,
3119 3249 3418 3317 angelicum
3452 3248 3675 3301 inchoat

2103 3339 2376 3394 canticum
2414 3340 2467 3392 in
2514 3339 2799 3394 nativitate
2824 3340 3036 3394 Domini
3070 3350 3366 3405 cantatum,
3399 3340 3542 3410 quod
3574 3356 3674 3392 an»

2106 3431 2258 3499 gelus
2290 3446 2432 3486 unus
2461 3424 2732 3500 apparens
2763 3433 3077 3499 pastoribus
3106 3431 3254 3500 prius
3283 3433 3500 3501 quidem
3539 3447 3675 3498 prte-

2105 3524 2272 3587 cinit,
2340 3523 2524 3577 statim
2581 3538 2708 3577 vero
2765 3524 3056 3578 multitudo
3109 3526 3348 3580 caelestis
3406 3525 3677 3579 exercitus

2105 3617 2223 3671 visa
2288 3627 2371 3671 est
2425 3615 2762 3670 concinens:
2797 3635 2816 3668 ι
2858 3616 3038 3671 Gloria
3092 3618 3148 3672 in
3200 3619 3438 3674 excelsis
3483 3619 3608 3682 Deo,
3651 3638 3670 3669 ι

2104 3707 2248 3777 quod
2280 3718 2362 3760 est
2396 3707 2606 3760 initium
2641 3707 2975 3762 laudationis
3021 3709 3088 3762 ab
3139 3709 3270 3777 ipsis
3311 3711 3517 3778 angelis
3551 3725 3678 3778 pro-

2105 3809 2226 3868 pter
2277 3801 2511 3853 salutem
2575 3806 2818 3850 nostram
2886 3809 3139 3863 peractae.
3195 3797 3489 3866 PrOpterea
3548 3809 3682 3853 tunc

2109 3905 2250 3943 unus
2306 3887 2436 3941 illud
2490 3887 2726 3950 inchoat,
2775 3897 2827 3942 et
2868 3895 2948 3942 ter
2996 3887 3129 3941 dicit
3183 3889 3236 3941 in
3276 3889 3504 3958 gloriam
3559 3889 3677 3959 ejus

2107 3994 2228 4048 qua:
2257 3988 2341 4032 est
2362 3992 2528 4046 super
2556 3991 2772 4031 omnem
2821 3977 3047 4047 gloriam
3081 3977 3399 4033 Trinitatis:
3438 3997 3456 4030 ι
3489 3977 3685 4034 Gloria

2106 4070 2158 4123 in
2190 4069 2422 4123 excelsis
2453 4068 2579 4134 Deo,
2613 4086 2632 4120 ι
2668 4069 2861 4138 bisque
2911 4084 3128 4123 rursum
3164 4071 3349 4125 dicens
3383 4086 3398 4126 ε
3427 4070 3682 4138 Domine,

2107 4161 2247 4213 labia
2284 4175 2403 4214 mea
2455 4161 2692 4230 aperies,
2747 4181 2765 4212 ι
2819 4167 2978 4216 tertio
3028 4162 3159 4217 dicit
3201 4163 3422 4226 iterum,
3467 4174 3523 4220 ct
3577 4165 3680 4221 hcc

2106 4268 2326 4324 quoque
2359 4241 2436 4306 lin
2495 4255 2754 4307 honorem
2812 4253 3094 4310 Trinitatis
3131 4270 3149 4310 :
3193 4274 3211 4306 ι
3257 4255 3502 4323 Domine,
3545 4259 3679 4327 quid

2107 4347 2450 4416 multiplicati
2496 4355 2626 4400 sunt
2673 4347 2766 4416 qui
2820 4348 3087 4401 tribulam
3124 4347 3256 4402 me?
3291 4367 3308 4400 ι
3345 4357 3681 4420 ceterosque

2029 4481 2073 4534 Β
2109 4442 2305 4495 recitat
2340 4440 2584 4509 psalmos
2620 4454 2685 4493 ex
2718 4437 2894 4494 cilicio
2940 4440 3189 4507 diluculi,
3227 4443 3528 4497 secundum
3563 4443 3682 4496 sin-

2115 4531 2268 4600 gulos
2297 4540 2406 4584 tres
2451 4529 2684 4598 psalmos
2729 4529 3072 4598 doxologiam
3107 4529 3330 4596 iaciens,
3364 4531 3418 4584 in
3468 4533 3678 4587 Iaudetn

2110 4621 2418 4684 Trinitatis,
2452 4619 2676 4689 quando
2711 4621 2965 4674 sacerdos
3001 4621 3295 4675 matutinas
3318 4637 3504 4690 preces
3529 4637 3681 4677 seor-

2107 4716 2210 4769 sim
2246 4713 2358 4767 Deo
2395 4721 2696 4781 nuncupat,
2736 4713 2788 4765 in
2827 4713 2988 4766 dictis
3035 4713 3297 4768 mediator
3330 4729 3597 4784 apparens
3626 4727 3680 4770 (ιι

2109 4819 2274 4873 Opere
2323 4812 2538 4857 cantata
2598 4802 2926 4871 perticiens;
2980 4821 3101 4858 natu
3157 4808 3339 4861 omnia
3372 4811 3681 4864 sacerdotio

2107 4904 2232 4949 sunt
2261 4893 2618 4948 sanctiﬁcata.
2638 4895 2788 4950 Unde
2816 4898 3075 4952 sacerdos
3109 4898 3320 4968 incipit,
3340 4908 3393 4954 et
3423 4902 3679 4957 Sacerdos

2110 4985 2342 5054 perlicit.
2391 4983 2586 5038 Statim
2620 5001 2750 5055 ergo
2780 4988 2872 5056 qui
2905 5002 3090 5056 preces
3123 4992 3422 5045 matutinas
3465 4990 3591 5048 facit
3625 4994 3678 5046 in

2108 5085 2404 5144 conspectu
2443 5075 2560 5140 Dei,
2589 5079 2755 5134 [initis
2786 5096 2877 5134 sex
2906 5081 3156 5149 psalmis,
3184 5085 3343 5136 verba
3376 5085 3523 5151 pacis
3551 5085 3684 5138 facit

2109 5182 2206 5236 pro
2237 5167 2493 5222 omnibus
2520 5169 2841 5237 deprecans,
2892 5181 2944 5226 et
2971 5173 3154 5227 omnia
3187 5174 3565 5227 accenduntur
3594 5177 3680 5226 ln-

2109 5261 2253 5312 mina
2299 5267 2522 5327 propter
2555 5261 2733 5315 illud:
2776 5279 2795 5313 ι
2839 5261 3024 5317 Gloria
3075 5263 3284 5317 Domini
3317 5263 3680 5319 circutnl'nlsit
3774 5278 3777 5281 '

2105 5363 2220 5403 e-ts.
2260 5368 2278 5401 ι
2321 5349 2518 5403 Deinde
2550 5350 2680 5405 illud
2718 5369 2732 5406 :
2774 5371 2791 5404 ι
2829 5353 2972 5407 Deus
3007 5353 3267 5409 Dominus
3311 5373 3329 5406 ι
3366 5370 3490 5409 cutn
3516 5365 3682 5410 cantu

2111 5454 2245 5496 voce
2275 5440 2379 5494 alta
2405 5440 2608 5496 dicitur
2637 5442 2704 5495 ad
2741 5445 2915 5497 instar
2944 5444 3277 5498 laudantium
3323 5447 3676 5516 angelorum;

2110 5538 2166 5585 et
2219 5532 2792 5586 convenientissimum
2825 5542 2908 5587 est
2945 5536 3084 5604 quod
3137 5548 3388 5591 cantatur
3423 5554 3438 5593 :
3479 5557 3499 5591 ι
3537 5527 3680 5597 Deus

2112 5621 2377 5676 Dominus
2412 5623 2590 5677 illuxit
2618 5624 2795 5689 nobis,
2832 5645 2850 5676 ι
2887 5642 3080 5695 nempe
3111 5627 3344 5682 Verbum
3381 5629 3472 5684 Dci
3507 5632 3679 5687 incar-

2110 5719 2337 5764 natnm:
2378 5729 2396 5762 ι
2433 5712 2762 5768 Benedictus
2783 5715 2877 5784 qui
2908 5717 3075 5782 venit,
3107 5735 3126 5769 ι
3162 5719 3277 5787 ipse
3307 5721 3516 5775 scilicet
3545 5721 3682 5778 Dens

2109 5815 2204 5859 Der
2239 5817 2496 5867 carnem;
2534 5823 2552 5858 ι
2580 5805 2636 5860 ln
2665 5807 2881 5862 nomine
2910 5806 3146 5874 Domini,
3190 5829 3209 5862 ι
3245 5826 3435 5877 nctnpe
3461 5815 3543 5868 sui
3572 5814 3677 5866 l’a-
