4126 6268
405 364 504 428 5η

1190 362 1572 426 SYMEONIS
1628 363 2383 429 THESSALONICENSIS
2425 364 2779 424 ARCHIEP.

3526 345 3661 416 “368

408 479 506 532 tris
535 492 741 546 suoque
769 477 1012 532 nomine.
1044 475 1106 529 Et
1141 477 1212 530 ita
1244 477 1292 532 si
1321 459 1518 531 feslum
1547 475 1766 544 quidem
1797 474 1982 536 fuerit,

2102 476 2200 530 Kal
2249 476 2424 538 οὕτως
2472 476 2520 526 εί
2555 477 2652 542 μὲν
2685 472 2868 543 ἑορτὴ,
2915 471 2984 524 τὰ
3017 470 3146 540 περὶ
3177 469 3278 535 τῆς
3317 467 3513 535 ἑορτῆς
3543 467 3665 538 ᾂδε-

411 573 523 646 Inee
562 570 628 624 de
669 569 806 624 festo
848 580 1141 623 cantantur
1168 585 1184 637 ;
1211 569 1257 624 si
1313 583 1441 624 vero
1475 566 1649 623 sancti
1697 565 1978 633 cujusdam

413 661 502 711 fiat
536 660 817 722 memoria,
857 660 921 713 de
950 669 1142 714 sancto
1173 659 1562 720 concinuntur,
1600 658 1859 725 quoniam
1887 670 1984 724 per

409 751 755 806 lncarnatum
798 760 992 805 natura
1023 750 1121 806 fuit
1151 749 1510 804 sanctificata.
1544 749 1611 802 Et
1642 748 1834 803 merito
1871 762 1986 816 my-

409 844 575 899 steria
609 842 926 898 Nativitatis
955 854 1009 899 et
1051 845 1368 914 Epiphania:
1403 843 1700 899 Salvatoris
1742 859 1835 911 per
1865 858 1986 896 car-

412 949 535 987 nem
573 935 626 988 in
664 942 821 989 nocte
851 937 1165 1004 apparentis
1211 944 1690 1006 reprzesentantur,
1725 935 1984 1004 quoniam

411 1028 464 1082 in
499 1036 658 1084 nocte
701 1028 844 1084 istud
899 1028 1108 1083 factum
1143 1036 1260 1093 est;
1297 1027 1373 1081 ait
1423 1027 1566 1081 enim
1608 1026 1780 1080 lsaias
1813 1044 1826 1079 :
1871 1044 1889 1078 ι
1927 1024 1984 1079 In

412 1121 654 1176 tenebris
690 1129 742 1175 et
785 1122 836 1176 in
871 1124 1062 1175 umbra
1111 1122 1435 1190 ignorantiae
1484 1118 1644 1173 nobis
1672 1119 1987 1172 sedentibus

356 1204 359 1206 ’
416 1215 509 1268 lux
551 1229 746 1283 magna
776 1215 1045 1283 apparuit.
1085 1231 1103 1265 ι
1133 1211 1257 1266 Ideo
1283 1221 1338 1266 et
1364 1227 1464 1265 nos
1493 1212 1586 1280 qui
1614 1212 1664 1264 in
1693 1221 1852 1264 nocte
1883 1210 1986 1261 lm-

407 1304 502 1375 jus
533 1304 718 1358 mumli
749 1304 1021 1374 degimus,
1056 1303 1234 1358 media
1262 1312 1423 1356 nocte
1459 1309 1746 1355 venturum
1793 1313 1990 1368 exspe-

414 1405 630 1449 ctamus
661 1395 920 1449 dilectum
988 1395 1302 1447 animarum
1351 1403 1664 1445 nostrarum
1721 1405 1985 1457 sponsum

415 1495 827 1552 miratoremque
861 1495 1128 1538 nostrum.
1167 1484 1369 1552 Sicque
1400 1483 1596 1538 deinde
1629 1481 1880 1537 Psalterii
1909 1498 1988 1537 re-

414 1579 600 1630 citatio
633 1576 941 1640 conficitur,
994 1584 1049 1631 et
1096 1585 1218 1645 post
1273 1574 1517 1644 singulos
1573 1585 1682 1629 tres
1730 1575 1989 1642 psalmos,

413 1669 562 1722 dicto
592 1687 610 1720 ι
660 1667 908 1735 Alleluia,
945 1686 964 1719 ι
1012 1668 1071 1722 fit
1099 1668 1383 1736 doxologia
1415 1685 1428 1721 :
1462 1667 1749 1722 Trinitatis
1774 1669 1990 1737 quidem

415 1753 534 1828 quae
575 1777 670 1830 per
693 1761 794 1816 has
835 1776 994 1816 voces
1032 1778 1047 1817 :
1086 1780 1103 1810 ι
1140 1759 1324 1814 Gloria
1358 1758 1503 1814 Patri
1535 1771 1587 1814 et
1619 1760 1757 1815 Filio
1787 1768 1842 1815 et
1871 1759 1994 1828 Spi-

2089 585 2180 624 ται
2202 583 2216 598 °
2249 569 2299 621 εί
2325 568 2368 620 δ’
2403 566 2561 635 ἁγίου
2595 567 2783 634 μνήμη
2827 563 2998 624 τινος,
3052 562 3120 615 τὰ
3149 558 3245 612 τοῦ
3283 559 3466 626 ἁγίου.
3511 557 3666 610 Ἐπεὶ

2085 659 2177 713 διὰ
2213 658 2308 712 τοῦ
2342 657 2715 726 σαρκωθέντος
2751 657 2784 724 ὴ
2833 653 2995 721 φύσις
3023 655 3307 721 ἡγίασται.
3357 650 3468 704 Kal
3519 650 3666 701 είκό·

2083 765 2194 812 τως
2227 748 2292 802 τὰ
2319 747 2418 815 τῆς
2463 748 2769 815 γεννήσεως
2797 744 2892 798 καὶ
2919 743 3244 811 ἐπιφανείας
3270 739 3366 793 τοῦ
3401 740 3656 806 Σωτῆρος

2091 839 2154 893 τὸ
2194 839 2335 893 κατὰ
2374 839 2553 909 σάρκα
2582 842 2638 891 ὲν
2685 839 2750 907 τῇ
2785 835 2942 888 νυκτὶ
2995 832 3360 887 ὲκτυποῦταν
3412 828 3536 884 ἐπεὶ
3566 828 3664 882 καὶ

2087 933 2144 988 ἐν
2177 931 2330 984 νυκτὶ
2373 931 2739 999 γεγέννηται·
2793 930 2875 981 ὅτι
2933 928 3029 980 καὶ
3079 927 3192 986 τοῖς
3233 925 3291 976 ἐν
3340 922 3523 974 σκότει
3573 920 3670 974 καὶ

2090 1023 2217 1092 σκιᾷ
2247 1023 2346 1089 τῆς
2376 1021 2653 1088 ἀγνωσίας
2711 1019 3042 1088 καθημένοις
3092 1017 3225 1086 ἡμῖν
3282 1015 3398 1081 φῶς
3429 1012 3490 1064 τὸ
3529 1010 3669 1080 μέγα

2088 1112 2377 1178 ὲπέφανεν,
2412 1114 2438 1164 ὀ
2496 1111 2724 1171 Ἡσαΐας
2768 1111 2920 1180 φησί.
2955 1108 3045 1161 Διδ
3081 1108 3174 1160 καὶ
3213 1106 3263 1158 oi
3288 1103 3365 1166 ὡς
3409 1104 3467 1154 ιν
3513 1101 3669 1153 νυκτὶ

2087 1204 2168 1272 τῷ
2208 1204 2306 1273 βίῳ
2348 1202 2544 1272 τούτῳ,
2595 1203 2652 1254 ἐν
2679 1201 2758 1272 τῷ
2785 1204 2940 1270 μέσῳ
2968 1199 3068 1267 τῆς
3115 1197 3311 1258 νυκτὸς
3365 1194 3542 1247 ἐλθεῖν
3579 1193 3670 1244 τὸν

2088 1272 2362 1362 ἐρώμενον
2380 1293 2509 1361 ἡμῖν
2528 1292 2638 1345 τῶν
2661 1292 2852 1360 ψυχῶν
2871 1288 3106 1357 νυμφίον
3133 1285 3229 1338 καὶ
3252 1284 3412 1354 ἡμῶν
3442 1282 3660 1352 ἐρῶντα
3730 1272 3733 1275 ’

2090 1386 2532 1456 ἀπεκδεχόμεθα.
2569 1387 2678 1440 Kal
2709 1383 2856 1438 οὕτω
2879 1379 3118 1448 καθεξῆς
3145 1380 3180 1448 ἦ
3223 1394 3283 1430 τε
3329 1375 3427 1429 τοῦ
3463 1373 3671 1442 ψαλτῆ-

2094 1497 2188 1546 ρος
2251 1479 2565 1548 στιχολογία
2623 1477 2886 1540 τελεῖται,
2945 1473 3089 1529 κατὰ
3120 1473 3269 1542 τρεῖς
3315 1487 3374 1524 τε
3413 1469 3670 1537 ψαλμοῦς

2090 1571 2370 1638 δοξολογία
2403 1571 2542 1640 μετᾶ
2590 1571 2652 1622 τὸ
2697 1568 3023 1638 ’Δλληλούῖα
3059 1566 3291 1634 γίνεται,
3315 1564 3410 1630 τῆς
3442 1561 3676 1629 Τριάδος

2101 1663 2200 1734 μὲν
2231 1661 2320 1716 διὰ
2349 1661 2444 1715 τοῦ
2492 1661 2631 1725 Δόξα
2665 1660 2844 1730 Πατρὶ
2901 1659 2994 1711 καὶ
3039 1657 3153 1724 Υίῷ
3182 1657 3274 1708 καὶ
3325 1653 3466 1722 ἁγίῳ
3499 1650 3670 1704 Ilvati-

2100 1771 2230 1823 ματι
2265 1752 2752 1820 δοξολογουμένης.
2792 1749 2892 1816 τῆς
2945 1748 3278 1819 σαρκώσεως
3323 1745 3380 1798 δὲ
3428 1743 3524 1797 τοῦ
3569 1742 3673 1795 Δό-

416 1851 542 1905 ritui
585 1861 801 1918 sancto,
837 1869 857 1904 ι
896 1851 1221 1912 celebratur.
1258 1850 1416 1905 Verbi
1452 1867 1577 1904 vero
1606 1851 1996 1906 incarnatitmis

2102 1835 2196 1913 γδυ
2222 1846 2310 1898 διὰ
2333 1845 2430 1898 τοῦ
2473 1844 2814 1912 Ἀλληλούῖα,
2848 1845 2878 1896 ὁ
2924 1840 3056 1902 Θεὸς
3086 1839 3309 1918 ἔρχεται
3365 1838 3671 1906 ἑρμηνευο-

415 1954 511 2005 per
539 1940 670 1995 illud
711 1959 730 1992 ι
779 1940 1011 1994 Alleluia
1048 1959 1066 1991 ι
1106 1941 1249 2008 quod
1289 1941 1432 1994 Deus
1485 1943 1631 1996 venit
1665 1942 1992 2010 interpreta-

415 2035 709 2103 tur;quod
749 2035 870 2104 ejus
902 2035 958 2088 in
995 2043 1193 2088 terram
1226 2017 1516 2088 adventum
1552 2034 1844 2101 significat,
1878 2041 1988 2086 tum

414 2127 654 2194 priorem
711 2140 808 2194 per
861 2139 1080 2180 carnem
1135 2125 1187 2178 in
1240 2134 1560 2194 paupertate
1617 2123 1840 2187 factum,
1877 2134 1988 2177 tum

413 2219 770 2288 posteriorem
811 2231 974 2285 quem
1024 2215 1078 2270 in
1109 2216 1278 2283 gloria
1314 2214 1626 2270 faciendum
1666 2231 1693 2266 a
1727 2213 1866 2268 coelo
1891 2228 1991 2267 ex-

415 2321 751 2380 spectamus.
799 2307 996 2365 Postea
1048 2309 1310 2362 lectiones
1357 2321 1637 2361 sacrorum
1674 2321 1989 2360 sermonum

413 2409 719 2471 ponuntur,
753 2402 809 2457 in
865 2400 1268 2457 institutionem
1310 2397 1548 2467 mysterii
1584 2406 1636 2449 et
1682 2396 1990 2449 encomium

414 2502 733 2549 sanctorum
767 2507 998 2560 quorum
1032 2491 1300 2546 solemnia
1332 2488 1700 2547 celebrantur,
1734 2485 1991 2554 quoniam

419 2585 476 2639 in
509 2584 604 2638 illo
627 2583 801 2637 futuri
833 2583 1018 2638 saeculi
1050 2580 1379 2650 partegyrico
1406 2587 1460 2630 et
1488 2578 1744 2648 mysteria
1786 2575 1898 2638 Dei,
1931 2588 1995 2627 ac

416 2676 716 2745 praesertim
751 2675 1154 2730 incarnationis
1183 2672 1632 2735 celebrabuntur,
1662 2679 1722 2725 et
1751 2685 1874 2722 cum
1912 2668 1994 2722 eis

416 2782 619 2838 agones
644 2781 833 2822 eorum
865 2766 958 2835 qui
991 2780 1091 2834 pro
1121 2765 1213 2820 illo
1242 2771 1612 2827 certaverunt,
1638 2760 1997 2830 quemadmo-

415 2860 543 2913 dum
581 2861 634 2914 in
677 2859 925 2927 epiniciis
971 2857 1116 2926 regis
1144 2866 1198 2911 et
1232 2857 1306 2910 illi
1351 2856 1442 2924 qui
1481 2870 1582 2924 pro
1614 2869 1683 2909 eo
1716 2868 1994 2922 pugnave-

418 2964 549 3006 runt
603 2950 1018 3006 commemorati
1078 2959 1451 3013 coronantur,
1506 2957 1564 3000 ut
1607 2947 1807 3013 saepius
1859 2945 1997 2999 dixit

417 3045 812 3115 Chrysologus.
840 3041 1042 3097 Verum
1075 3057 1199 3112 p05t
1231 3042 1516 3094 lectionem
1559 3049 1808 3093 cantatur
1839 3039 1998 3106 hym-

410 3153 523 3193 nus
551 3136 622 3192 ab
654 3135 740 3192 his
771 3135 1044 3204 incipiens
1085 3150 1100 3189 :

416 3237 501 3282 est
541 3228 686 3282 velut
739 3227 1012 3296 quoddam
1064 3223 1338 3292 epinicion
1389 3220 1484 3276 Dei
1544 3221 1806 3276 mirabilia
1837 3234 1994 3274 enar-

417 3334 569 3384 rans,
598 3327 652 3373 et
680 3318 733 3371 in
767 3318 956 3386 primis
988 3319 1290 3370 animarum
1322 3325 1635 3370 nostrarum
1671 3328 1734 3366 ex
1762 3308 1993 3381 IEgypto

419 3423 617 3478 nempe
645 3419 868 3474 peccato
888 3418 943 3463 et
965 3415 1154 3462 errore
1179 3407 1246 3462 ad
1267 3405 1428 3459 [Idem
1456 3403 1654 3458 Christi
1679 3404 1990 3466 transitum,

422 3501 803 3556 liberationem
866 3511 1109 3555 nostram
1167 3513 1196 3552 a
1254 3498 1538 3552 Pharaone
1588 3504 1642 3550 et
1705 3494 1993 3564 IEgyptiis,

421 3592 643 3646 diabolo
679 3590 889 3646 scilicet
938 3599 992 3645 et
1022 3587 1384 3650 daemonibus,
1435 3589 1538 3639 iter
1588 3577 1894 3652 expeditum
1929 3597 1995 3636 ex

422 3683 558 3736 mari
605 3683 968 3735 tentatiouum
1021 3679 1140 3734 vitae
1193 3677 1338 3748 quod
1374 3677 1428 3730 in
1484 3677 1652 3740 sicco,
1703 3674 1826 3728 forti
1888 3673 1994 3727 vita

423 3776 704 3844 nullisque
740 3772 1000 3829 fluctibus
1029 3771 1227 3841 agitata
1255 3771 1309 3831 in
1343 3769 1544 3824 virtute
1571 3768 1660 3822 Dei
1694 3777 1744 3822 et
1787 3766 1998 3835 patien-

425 3869 498 3922 tia
537 3867 952 3937 tribulationum
987 3865 1132 3919 velut
1173 3863 1325 3928 virga
1365 3861 1546 3916 crucis
1582 3862 1779 3914 virtute
1815 3860 1866 3911 in
1899 3858 1998 3937 ba-

423 3958 629 4029 ptismo
673 3958 912 4013 roborati
964 3957 1217 4017 facimus,
1272 3954 1647 4008 liberationem
1696 3967 1726 4004 a
1779 3935 1998 4004 deserto

425 4055 633 4123 peccati
693 4049 746 4106 in
797 4066 911 4121 quo
968 4037 1328 4104 versabantur
1378 4053 1596 4115 propter
1644 4051 1884 4099 nostram
1943 4041 1995 4096 in

427 4150 786 4219 adimplendis
837 4145 1126 4222 preceptis
1173 4144 1445 4212 ignaviam
1475 4180 1491 4205 ,
1546 4151 1876 4209 nostrasque
1900 4138 1998 4192 ad-

426 4253 625 4294 versus
652 4239 822 4291 Deum
865 4237 1114 4290 laborum
1150 4248 1313 4288 causa
1369 4232 1855 4292 murmurationes,
1903 4230 1997 4298 qui

429 4341 611 4385 tamen
675 4331 861 4384 ηυιιίίιὶ
918 4342 1138 4381 eramus
1191 4326 1361 4380 verbo
1413 4329 1538 4379 vita:
1578 4325 1747 4378 11111110
1800 4339 1998 4377 manna

429 4419 792 4490 pra-stantiori
843 4428 892 4472 et
936 4418 1104 4487 putati
1144 4416 1345 4472 ﬂuento
1379 4415 1665 4482 sanguinis
1713 4429 1778 4466 ex
1834 4413 2000 4468 latere

2097 1937 2282 2006 μένου,
2312 1935 2340 1989 ὃ
2383 1936 2482 2002 τὴν
2519 1933 2612 1985 ἐπὶ
2663 1931 2769 2001 γῆς
2814 1929 2982 1986 αὐτοῦ
3032 1915 3342 1998 παρουσίαν
3387 1923 3668 1992 σημαίνει,

2093 2030 2194 2100 τήν
2224 2045 2283 2080 τε
2315 2028 2585 2098 πρότερον
2613 2025 2700 2078 διὰ
2741 2023 2945 2089 σαρκὸς
2970 2024 3029 2075 ἐν
3063 2019 3309 2090 πτωχείᾳ
3364 2012 3670 2084 γεγενημέ-

2093 2138 2214 2190 νην,
2252 2120 2346 2173 καὶ
2370 2116 2470 2186 τὴν
2519 2116 2746 2185 ὕστερον
2779 2112 2942 2167 πάλιν
2971 2111 3113 2180 μετὰ
3151 2108 3309 2178 δόξης
3376 2105 3472 2159 ἀπ’
3504 2102 3670 2173 οὐρα-

2099 2213 2192 2266 νοῦ
2225 2212 2316 2278 ὑφ’
2342 2211 2499 2280 ἡμῶν
2530 2206 2999 2276 ἀπεκδεχομένην.
3049 2202 3163 2256 Καὶ
3203 2199 3540 2268 ἀναγνώσεις
3595 2197 3670 2248 Ee-

2099 2305 2206 2374 ρῶν
2233 2303 2407 2372 λόγων
2436 2302 2705 2365 τίθενται,
2733 2301 2810 2361 εἰς
2833 2296 3192 2351 διδασκαλίαν
3210 2293 3305 2346 τοῦ
3340 2289 3666 2359 μυστηρίου,

2097 2396 2194 2449 καὶ
2243 2394 2520 2464 ἐγκώμιον
2598 2391 2708 2444 τῶν
2762 2387 3198 2459 ἀνυμνουμένων
3263 2383 3435 2452 ἁγίων
3466 2397 3480 2412 ο
3544 2379 3670 2433 ἐπεὶ

2096 2491 2192 2544 καὶ
2223 2491 2280 2542 ὲν
2311 2491 2378 2559 τῇ
2435 2486 2745 2556 πανηγύρει
2788 2484 2971 2554 ἐκείνῃ
3025 2481 3120 2534 τοῦ
3170 2478 3460 2550 μέλλοντος
3511 2475 3545 2544 ἢ
3604 2473 3672 2525 τὰ

2099 2582 2377 2652 μυστήρια
2409 2579 2625 2631 ἔσονται
2674 2573 3102 2642 δοξολογούμενα
3133 2570 3229 2624 τοῦ
3270 2567 3407 2622 Θεοῦ
3470 2568 3562 2620 καὶ
3603 2565 3674 2617 τὰ

2095 2675 2196 2742 τῆς
2232 2671 2704 2741 ὲνανθρωπήσεως
2753 2664 3040 2737 μᾶλλον,ἢ
3094 2663 3192 2716 σὺν
3224 2661 3410 2720 αὐτοῖς
3457 2657 3552 2711 καὶ
3604 2658 3673 2709 τὰ

2097 2764 2238 2822 ἆθλα
2273 2766 2380 2818 τῶν
2408 2761 2836 2831 ἀγωνισαμένων
2871 2759 3014 2824 ὑπὲρ
3045 2753 3231 2819 αὐτοῦ,
3264 2751 3430 2821 220
3462 2749 3538 2812 ὡς
3574 2750 3670 2801 καὶ

2099 2861 2156 2911 ὲν
2187 2861 2300 2918 τοῖς
2333 2853 2626 2915 ἐπινικίοις
2679 2851 2772 2904 τοῦ
2819 2849 3109 2919 βασιλέως,
3162 2847 3255 2898 καὶ
3299 2845 3349 2895 οἱ
3397 2841 3465 2894 δι’
3510 2839 3673 2893 αὐτὸν

2098 2947 2498 3013 ὲναθλήσαντες
2561 2941 3033 3011 ἀναγορευόμενοι
3100 2933 3521 3004 στεφανοῦνται,
3584 2929 3663 2991 ὼς

2100 3036 2365 3098 πολλάκις
2393 3037 2421 3087 ό
2453 3032 2880 3104 Χρυσοῤῥὴμων
2910 3027 3066 3097 φησί.
3114 3024 3272 3080 Μετὰ
3303 3022 3399 3092 τὴν
3423 3021 3672 3084 ἀνάγνω-

1147 3150 1167 3184 ι
1208 3131 1436 3186 Multum
1472 3131 1808 3193 misericors,
1844 3148 1861 3181 ι
1905 3127 1998 3197 qui

2108 3145 2192 3183 σιν
2221 3128 2277 3181 δὲ
2310 3129 2405 3182 καὶ
2436 3127 2465 3178 ὁ
2501 3125 2597 3178 τοῦ
2629 3121 2922 3177 πολυελέου
2959 3119 3150 3191 ᾄδεται
3187 3117 3375 3186 ὕμνος,
3409 3111 3678 3174 ἐπινίκιός

2104 3239 2189 3283 τις
2216 3221 2314 3282 ὢν,
2375 3219 2472 3272 καὶ
2530 3216 2598 3270 τὰ
2625 3215 2723 3269 τοῦ
2759 3211 2894 3268 Θεοῦ
2951 3209 3232 3278 θαυμάσια
3289 3204 3674 3274 διηγούμενος,

2103 3309 2198 3366 καὶ
2237 3310 2476 3381 μάλιστα
2501 3307 2602 3378 τὴν
2635 3306 2696 3371 ἐξ
2722 3305 3000 3374 Αἰγύπτου
3024 3302 3122 3370 τῆς
3157 3298 3434 3368 ἁμαρτίας
3469 3294 3662 3363 δηλον-

2105 3403 2186 3456 ότι
2257 3402 2352 3454 καὶ
2399 3401 2608 3468 πλάνης
2660 3397 2770 3450 τῶν
2827 3394 3016 3465 ψυχῶν
3046 3391 3204 3462 ἡμῶν
3260 3388 3399 3458 πρὸς
3437 3386 3536 3456 τὴν
3583 3382 3678 3437 τοῦ

2103 3493 2346 3563 Χριστοῦ
2382 3491 2566 3544 πίστιν
2594 3489 2868 3551 διάϐασιν,
2920 3483 3016 3540 καὶ
3048 3483 3147 3553 τὴν
3213 3483 3277 3535 ὲκ
3333 3478 3428 3531 τοῦ
3476 3475 3679 3546 Φαραὼ

2105 3586 2342 3640 καὶτῶν
2367 3581 2710 3652 Αἰγυπτίων,
2744 3578 2840 3632 τοῦ
2885 3575 3134 3630 διαϐόλου
3183 3570 3388 3642 δηλαδὴ
3431 3568 3524 3621 καὶ
3570 3566 3680 3618 τῶν

2103 3678 2398 3748 δαιμόνων.
2441 3673 2762 3744 ἐλευθερίαν
2795 3669 2978 3741 ἡμῶν,
3015 3667 3108 3721 καί
3128 3666 3227 3735 τὴν
3263 3665 3328 3716 ὲκ
3349 3662 3445 3729 τῆς
3480 3659 3679 3714 Balaa-

2107 3787 2206 3840 σης
2237 3769 2353 3822 τῶν
2381 3765 2707 3836 πειρασμῶν
2736 3763 2830 3816 τοῦ
2868 3761 3008 3832 βίου,
3035 3759 3125 3813 διὰ
3153 3757 3350 3826 ξηρᾶς,
3390 3754 3490 3822 τῆς
3523 3754 3678 3820 ίσχυ-

2111 3863 2210 3932 ρᾶς
2231 3860 2326 3913 καὶ
2346 3859 2668 3926 ἀκυμάντου
2704 3855 2847 3924 ζωῆς
2879 3855 2938 3906 ὲν
2977 3849 3124 3920 ἰσχύῖ
3156 3846 3294 3902 Θεοῦ
3315 3847 3382 3915 τῇ
3411 3843 3680 3932 καρτερῖα

2105 3954 2216 4005 τῶν
2281 3950 2516 4019 θλίψεων
2569 3945 2810 4015 εὐσταλῆ
2870 3942 3096 4013 πορείαν
3127 3979 3140 4004 ,
3203 3937 3280 4001 ὡς
3340 3934 3521 4006 ῥάϐδῳ
3582 3931 3678 3986 τοῦ

2111 4044 2353 4114 σταυροῦ
2387 4046 2452 4112 τῇ
2481 4036 3112 4109 δυνάμειὲνισχυθέντας
3133 4032 3192 4084 ὲν
3213 4029 3292 4100 τῷ
3316 4025 3677 4110 βαπτίσματι,

2109 4137 2203 4187 καὶ
2230 4135 2330 4202 τὴν
2362 4133 2471 4186 ἀπὸ
2495 4132 2593 4199 τῆς
2649 4127 2926 4197 ἑρημικῆς
2962 4120 3264 4182 κακώσεως
3312 4116 3402 4171 διὰ
3449 4115 3560 4188 -τὴν
3623 4115 3681 4202 ἐν

2107 4225 2241 4294 ἡμῖν
2267 4201 2546 4292 ῥᾳθυμίαν
2569 4221 2627 4270 ὲν
2650 4219 2718 4287 τῇ
2747 4211 3100 4283 ἐκπληρώσει
3137 4210 3247 4263 τῶν
3297 4203 3554 4268 ἐντολῶν,
3586 4201 3681 4255 καὶ

2107 4316 2198 4369 τὸν
2233 4317 2312 4377 είς
2345 4313 2480 4366 Θεὸν
2505 4307 2828 4378 γογγυσμὸν
2865 4306 2954 4358 διὰ
2985 4304 3115 4366 τοῦς
3149 4301 3371 4382 πόνους,
3403 4296 3584 4351 καίτοι
3614 4308 3682 4361 γε

2107 4411 2460 4480 τρεφομένων
2484 4405 2644 4478 ἡμῶν
2682 4402 2761 4472 τῷ
2807 4401 2953 4469 ζωῆς
2989 4400 3144 4468 ἄρτῳ
3199 4393 3342 4462 ὑπὲρ
3387 4391 3446 4445 τὸ
3481 4389 3683 4459 μάννα.

427 4511 629 4566 Christi
657 4509 950 4570 manantis,
981 4518 1238 4575 tauquam
1278 4522 1342 4560 ex
1385 4506 1484 4558 hac
1515 4505 1619 4557 vita
1648 4503 2002 4566 solutionem,

2109 4502 2220 4555 Kal
2249 4497 2629 4566 ποτιζομένων
2667 4493 2744 4564 τῷ
2797 4494 3002 4561 νάματι
3059 4487 3154 4542 τοῦ
3186 4487 3251 4538 ὲκ
3304 4484 3405 4554 τῆς
3437 4481 3683 4575 πλευρᾶς

433 4604 688 4658 Ecclesia:
748 4600 1180 4670 redemptionem
1237 4601 1305 4651 ab
1362 4598 1606 4660 Amalec,
1640 4596 1782 4650 Seon
1833 4603 1890 4649 et
1926 4593 2006 4665 Og

429 4693 626 4761 hisq‘ue
657 4692 948 4754 similibus,
987 4689 1345 4752 Diocletiano,
1376 4687 1696 4753 Maximino,
1743 4688 2004 4755 Apostata

431 4783 698 4854 (Iuliano)
748 4784 1072 4850 cmtcriSque
1110 4783 1358 4851 tyrannis
1408 4779 1772 4848 impiissimis,
1820 4787 2007 4848 utpote

434 4878 721 4932 destructo
749 4861 964 4932 illorum
994 4874 1291 4928 infidelium
1318 4886 1506 4939 regno,
1535 4873 1694 4937 ita,et
1722 4870 2008 4942 tyrannide

435 4969 747 5023 daemonum
780 4964 982 5034 quibus
1023 4964 1404 5018 tribulationes
1435 4962 1692 5016 accidunt
1718 4962 1922 5016 sanctis
1953 4960 2006 5015 in

439 5062 543 5114 hac
587 5058 698 5110 vita
729 5066 782 5110 ct
815 5055 976 5107 varia:
1021 5055 1368 5118 tentationes,
1404 5067 1615 5107 necnon
1665 5053 2007 5107 mansionem

438 5154 659 5207 interra
688 5147 1097 5219 promissionis,
1126 5157 1180 5200 et
1203 5146 1572 5202 hacreditatem
1605 5146 1882 5202 caelestem
1915 5160 2011 5213 per

435 5246 622 5300 Jesum
656 5241 856 5297 Filium
906 5239 999 5294 Dei
1063 5237 1167 5292 vivi
1219 5240 1308 5308 qui
1357 5249 1442 5292 est
1480 5253 1606 5306 pars
1637 5247 1691 5291 et
1724 5237 2011 5293 haeredilas

442 5346 655 5401 nostra,
685 5335 774 5403 qui
829 5349 928 5386 nos
956 5332 1026 5386 ab
1066 5330 1371 5385 infidelibus
1402 5340 1715 5397 segregatos
1749 5329 1816 5383 ad
1849 5329 2015 5382 caele-

439 5434 573 5479 stem
605 5424 1041 5490 Hierosolymam
1078 5421 1349 5492 perducit,
1382 5419 1677 5474 sacerdotii
1713 5430 1766 5472 et
1803 5418 2015 5473 sacrifi-

440 5517 510 5570 cii
543 5517 777 5570 viventis
813 5519 955 5568 dona
1001 5525 1260 5583 tanquam
1300 5527 1526 5581 magnus
1561 5510 1800 5580 pontifex
1851 5509 2014 5578 largi-

443 5619 553 5673 lUS,
588 5618 642 5660 CI.
680 5620 942 5674 tauquam
995 5607 1146 5661 501118
1195 5621 1288 5659 rex
1340 5621 1435 5673 per
1472 5613 1725 5657 naturam
1783 5614 2011 5668 regnum

441 5701 688 5753 futurum
737 5698 894 5753 nobis
938 5698 1262 5764 largiturus,
1312 5705 1366 5747 et
1405 5694 1554 5762 regni
1601 5694 1720 5760 ejus
1751 5706 1857 5745 non
1907 5691 2016 5745 erit

447 5791 590 5847 linis.
623 5792 692 5844 At
712 5799 836 5859 post
857 5791 958 5846 hos
984 5800 1202 5856 cantus,
1233 5787 1390 5843 electi
1416 5786 1504 5842 alii
1532 5786 1725 5856 psalmi
1751 5791 1806 5841 et
1828 5783 2015 5854 hymni

2108 4589 2348 4661 Χριστοῦ
2378 4589 2634 4657 αἵματος,
2669 4586 2744 4647 ὡς
2767 4583 2877 4638 ἀπὸ
2910 4581 3008 4635 τοῦ
3039 4579 3155 4650 βίου
3210 4578 3404 4630 τούτου
3463 4571 3684 4625 ἐλευθε-

2111 4685 2259 4755 ρίαν,
2283 4682 2377 4735 καὶ
2402 4685 2500 4750 τὴν
2528 4680 2591 4732 ὲκ
2616 4678 2712 4730 τοῦ
2737 4673 2987 4744 Ἀμαλὴκ
3015 4673 3108 4725 καὶ
3143 4669 3298 4739 Σηὼν
3331 4667 3423 4720 καὶ
3457 4666 3555 4733 ’Ὠγ
3591 4665 3686 4717 καὶ

2109 4774 2221 4828 τῶν
2249 4771 2454 4842 ὁμοίων
2490 4769 2748 4830 ἐκείνοις,
2781 4760 3178 4834 Διοκλητιανοῦ
3210 4777 3270 4812 τε
3314 4759 3409 4812 καὶ
3439 4756 3683 4824 Μαξιμίο

2111 4883 2203 4920 νου
2244 4865 2338 4918 καὶ
2368 4862 2678 4916 ἀποστάτου
2713 4859 2808 4913 καὶ
2853 4857 2963 4910 τῶν
2994 4854 3198 4908 λοιπῶν
3243 4849 3686 4903 δυσσεϐεστάτων

2112 4957 2394 5026 τυράννων
2424 4994 2438 5019 ,
2496 4954 2595 5023 τῆς
2662 4950 2993 5019 Ἐκκλησίας
3035 4943 3418 5014 ἀπολύτρωσιν
3469 4941 3544 5002 ὡς
3587 4939 3686 5005 τῆς

2115 5047 2402 5114 βασιλείας
2437 5045 2665 5098 ἐκείνων
2689 5043 2798 5096 τῶν
2823 5040 3073 5094 ἀπίστων
3105 5031 3544 5102 καταπεσούσης,
3569 5030 3686 5095 ἅμα

2115 5140 2184 5206 τῇ
2217 5136 2489 5206 τυραννίδι
2518 5135 2628 5188 τῶν
2664 5132 2963 5202 δαιμόνων,
3019 5127 3088 5181 δι’
3139 5120 3213 5179 ὧν
3249 5127 3302 5177 αἱ
3344 5122 3547 5191 θλίψεις
3576 5122 3686 5182 τοῖς

2118 5230 2298 5298 ἁγίοις
2318 5229 2388 5280 ιὲν
2416 5227 2554 5298 τῷδε
2586 5225 2666 5296 τῷ
2700 5225 2799 5295 βίῳ
2830 5225 2932 5283 ,καὶ
2963 5221 3033 5276 τὰ
3072 5217 3294 5271 ποικίλα
3323 5213 3433 5266 τῶν
3462 5226 3687 5282 πειρασ-

2120 5325 2258 5395 μῶν,
2279 5323 2376 5376 καὶ
2421 5321 2519 5391 τὴν
2545 5321 2614 5388 ὲκ,
2643 5317 2752 5372 τῶν
2801 5313 3125 5387 πειρασμῶν
3157 5327 3218 5364 τε
3249 5307 3345 5361 καὶ
3374 5305 3580 5368 πόνων,
3608 5302 3686 5362 εἰς

2118 5415 2216 5485 τὴν
2242 5414 2348 5483 γῆν
2375 5412 2471 5481 τῆς
2507 5396 2844 5478 ἐπαγγελίας
2868 5405 3294 5474 κατασκήνωσιν
3360 5396 3455 5451 καὶ
3486 5395 3688 5463 κληρο-

2118 5511 2315 5581 νομίαν
2349 5511 2442 5564 τὸν
2470 5509 2703 5578 οὐρανὸν
2725 5508 2816 5560 διὰ
2857 5503 3033 5576 Ἰησοῦ
3063 5501 3160 5554 τοῦ
3194 5496 3326 5551 Υίοῦ
3354 5494 3447 5547 τοῦ
3487 5492 3688 5556 ζῶντος

2119 5601 2419 5665 Deoia-“0.:
2475 5603 2572 5656 καὶ
2630 5599 2962 5671 κληροδότης
3013 5595 3191 5656 ἔσται,
3227 5583 3688 5655 κα“ι’κληρονομία

2121 5698 2278 5766 ἡμῖν,
2308 5696 2406 5750 καὶ
2434 5695 2684 5766 χωρίζων
2717 5693 2866 5763 ἡμᾶς
2898 5689 3010 5743 τῶν
3035 5686 3309 5747 ἀπίστων,
3346 5677 3441 5730 καὶ
3471 5677 3551 5736 εἰς
3589 5673 3689 5766 την

2136 5765 2496 5860 Ἰερουσαλήμ
2528 5787 2844 5855 ἐμϐιϐάζων
2868 5782 2968 5854 τὴν
2997 5776 3342 5849 ἐπουράνιον,
3373 5768 3470 5823 καὶ
3487 5766 3558 5819 τὰ
3586 5765 3688 5834 τῆς
