4108 6262
409 426 475 480 εδ
488 434 511 480 J

1580 430 1679 488 DE
1709 429 1964 489 ‘SACRA
2000 430 2418 490 PliECATIU.\
2435 431 2496 492 E.
2583 445 2588 448 ’

3554 426 3656 487 ὅτι)

412 539 717 606 ἱερωσύνης
751 541 844 593 καὶ
877 540 1066 605 Θυσίας
1092 542 1192 610 τῆς
1227 537 1414 612 ζώσης
1452 543 1529 607 ὡς
1578 544 1751 613 μέγας
1787 546 1976 615 ἱεράρο

2087 545 2236 600 festis
2257 547 2656 605 accommodati
2685 549 2765 601 vel
2791 545 2996 601 sanctis
3026 542 3378 598 modulantur
3403 521 3682 608 qui'sunt‘

412 647 514 699 χης
549 631 861 692 διδοὺς,καὶ
901 632 976 696 ὡς
1002 632 1167 702 μόνος
1216 632 1472 701 βασιλεὺς
1503 635 1644 688 κατὰ
1679 635 1838 702 φύσιν
1862 637 1980 689 διας

416 720 591 774 θεῖναι
636 721 853 789 μέλλων
883 724 982 791 τὴν
1007 723 1289 792 βασιλείαν
1341 728 1444 794 τὴν
1501 726 1828 795 μέλλουσαν.
1870 729 1983 781 Καὶ

410 814 510 879 τῆς
534 814 814 882 βασιλείας
846 815 1151 868 αύτοῦιοὺκ
1189 815 1542 877 ἔσται,τέλος.
1592 818 1746 870 Μετὰ
1805 817 1861 870 δὲ
1914 821 1983 874 τὰ

412 903 634 974 ᾄσματα
666 906 859 970 ταῦτα,
885 908 977 960 καὶ
1005 909 1223 975 ἐκλογαὶ
1253 909 1438 977 ἕτεραι
1481 910 1665 977 ὓμνων
1691 911 1984 979 ψαλμικῶν

411 996 752 1066 ἁρμόζουσαι
795 1000 916 1060 ταῖς
951 1000 1228 1069 ἐορταῖςῆ
1271 1002 1382 1062 τοῖς
1437 1000 1616 1066 ἁγίοις
1670 1002 1982 1071 ἐπᾴδονται,

2084 641 2508 708 praedicationes
2544 640 2875 694 mirabilium
2932 638 3047 691 Dei.
3094 634 3659 704 Sicqueprauliratur

2086 731 2438 800 Evangelium
2500 733 2644 800 quod
2704 731 2885 785 Omnia
2940 730 3188 798 obsignat
3246 736 3298 781 et
3339 725 3544 794 perlicit
3592 737 3655 775 ae

2087 824 2346 892 mysteria
2378 824 2616 892 profert;
2673 839 2768 892 per
2813 823 2987 892 ipsum
3025 820 3170 886 quod
3209 818 3513 873 celebratur
3546 827 3658 884 my-

2087 917 2313 970 Sterium
2375 917 2575 970 chorea
2629 919 2805 986 agitur
2857 923 2909 967 et
2952 929 3045 983 per
3080 925 3322 966 canones
3365 915 3658 961 cantantur

2084 993 2338 1072 epinicia.

411 1085 856 1158 προκηρύγματα
906 1084 1063 1140 οὖσαι
1132 1088 1241 1139 τῶν
1293 1089 1618 1158 Θαυμασίων
1668 1091 1764 1142 τοῦ
1816 1090 1975 1144 Θεοῦ.
2003 1094 2112 1144 Καὶ
2146 1095 2291 1147 οὕτω
2315 1099 2376 1147 τὸ
2410 1099 2587 1150 πάντα
2646 1097 2954 1166 σφραγίζον
3004 1097 3097 1150 καὶ
3149 1095 3389 1148 τελειοῦν
3448 1091 3657 1149 καὶτὰ

415 1181 695 1248 μυστήρια
758 1180 1046 1249 παριστῶν
1125 1181 1458 1250 κηρύττεται.
1512 1180 1867 1248 Εὑαγγέλιον.
1930 1184 2035 1245 ¹Δι’

2089 1186 2260 1238 αὑτοῦ
2330 1188 2388 1239 δὲ
2461 1189 2556 1241 τοῦ
2632 1190 2937 1260 μυστηρίου
3000 1187 3410 1259 φανερωθέντος
3463 1189 3498 1258 ἡ
3560 1203 3657 1256 χο-

414 1274 535 1344 ρεία
565 1272 899 1339 συνίσταται,
943 1273 1038 1324 καὶ
1075 1271 1163 1324 διὰ
1206 1271 1316 1324 τῶν
1371 1272 1612 1326 κανόνων
1639 1274 1704 1327 τὰ
1729 1274 1977 1328 ἐπινίκια
1996 1276 2202 1347 ἄδετᾳι.

1003 1389 1256 1441 ΚΕΦΑΛ.
1288 1389 1390 1440 Τι’.

415 1482 555 1551 Περὶ
623 1479 743 1535 τῶν
767 1472 864 1534 ’ἐν
939 1480 1067 1544 τοῖς
1099 1482 1376 1602 ἐξρῗιέῗισιν
1428 1479 1738 1550 ᾀδομένων
1815 1477 1987 1542 ᾠδῶν

1121 1567 1278 1603 ςννεα
1285 1589 1298 1602 ο

487 1645 577 1696 Διὸ
603 1644 698 1697 καὶ
726 1643 895 1697 πᾶσαι
937 1642 1091 1710 παρὰ
1138 1643 1246 1695 τῶν
1281 1641 1452 1709 ἁγίων
1483 1642 1778 1711 προφητῶν
1811 1641 1988 1710 μελῳ-

414 1735 666 1804 δηοεῖσαι
695 1735 962 1804 πρότερον
992 1735 1407 1802 ἀναμέλπονται
1439 1733 1571 1803 ᾠδαί
1594 1750 1608 1764 ο
1658 1736 1751 1787 καὶ
1787 1734 1978 1804 πρώτη

417 1830 519 1896 μὲν
554 1827 588 1897 ἠ
612 1829 714 1896 τῆς
745 1827 977 1896 Μαριὰμ
1009 1826 1103 1879 τοῦ
1137 1826 1413 1888 Μωῢσέως
1473 1827 1563 1878 ἐπὶ
1611 1830 1676 1896 τῇ
1731 1826 1981 1879 διαϐάσει

2632 1397 2859 1451 CAPUT
2912 1395 3107 1452 CCCX.

2088 1490 2163 1543 De
2192 1505 2370 1549 novent
2396 1489 2604 1557 hymnis
2624 1487 2834 1540 Bibliris
2862 1491 2950 1558 qui
2975 1504 3038 1540 ex
3061 1489 3333 1542 (Iunonum
3353 1489 3657 1557 prwtcripto

2732 1572 3018 1610 canuntur.

2157 1651 2362 1704 Idcirco
2403 1650 2558 1720 prius
2605 1661 2901 1705 cantantur
2951 1651 3163 1704 cantica
3222 1666 3251 1704 a
3293 1651 3498 1705 sanetis
3533 1666 3658 1720 pro-

2087 1744 2268 1813 phetis
2329 1743 2600 1798 modulata
2639 1759 2655 1807 ;
2690 1743 2921 1812 primum
2986 1742 3206 1814 quidem
3263 1740 3447 1796 Maria:
3501 1757 3661 1796 soro-

2093 1837 2166 1889 ris
2200 1836 2420 1906 Moysis,
2471 1835 2597 1889 dum
2637 1835 2804 1890 Israel
2853 1850 3002 1888 mare
3047 1836 3325 1901 transiret,
3362 1836 3657 1889 secundum

414 1920 510 1976 τοῦ
559 1921 806 1991 ἰσραήλο
835 1919 1065 1988 δευτέρα
1100 1919 1156 1972 δὲ
1189 1920 1222 1987 ἡ
1256 1919 1348 1970 τοῦ
1397 1917 1677 1999 Μωῡσέως
1712 1918 1852 1986 μετὰ
1885 1918 1984 1987 τὴν

2090 1945 2217 1984 vero
2257 1929 2456 1999 Moysis
2508 1935 2630 1999 post
2683 1929 3016 1994 transitum;
3054 1928 3275 1982 tertium
3314 1930 3483 1984 Anna:
3534 1935 3658 1997 post

415 2012 514 2082 τῆς
550 2015 765 2083 ἐρήμου
794 2012 1045 2066 διάϐασιν
1072 2029 1087 2044 ’
1111 2011 1324 2081 τρίτηὴ
1355 1995 1682 2078 τῆς²Ἀννης
1715 2011 1856 2078 μετὰ
1886 2009 1984 2079 τῆς

421 2104 761 2173 πειρὼσεως
803 2105 956 2159 λύσιν
1006 2107 1100 2159 καὶ
1159 2107 1252 2160 τὸν
1286 2105 1431 2176 ἱερὸν
1487 2106 1699 2175 καρπὸν
1744 2104 1841 2158 τοῦ
1874 2105 1984 2158 Σα-

421 2197 597 2264 μουὴλ
618 2197 1042 2268 εὐχαριστήριος
1074 2200 1354 2269 προσευχὴ
1391 2201 1471 2262 είς
1496 2199 1853 2270 προτύπωσιν
1884 2197 1984 2267 τῆς

419 2289 806 2359 στειρευούσης
845 2291 1112 2359 πρότερον
1176 2289 1528 2358 Ἐκκλησίας.
1564 2290 1673 2341 Καὶ
1733 2305 1989 2359 γεωργη-

420 2380 591 2452 σάσης
625 2383 748 2438 κατ’
778 2382 1137 2448 ἐπαγγελίαν,
1162 2384 1258 2435 καὶ
1275 2381 1542 2449 τεκούσης
1570 2381 1795 2450 ὕστερον
1819 2382 1987 2449 ἱερεῖς

417 2488 476 2526 τε
513 2472 589 2535 ὡς
615 2472 707 2524 τὸν
741 2471 1020 2540 Σαμουὴλ,
1053 2471 1151 2522 καὶ
1180 2469 1268 2522 διὰ
1298 2470 1491 2538 ἱερέων
1526 2469 1767 2538 βασιλεῖς
1800 2469 1874 2528 ὡς
1891 2468 1987 2520 τὸν

419 2564 605 2627 Δαϐἰδ,
634 2565 730 2614 καὶ
756 2563 884 2623 τοὺς
915 2563 973 2626 ἐξ
998 2560 1186 2622 αὑτοῦ,
1220 2560 1348 2621 τοὺς
1383 2561 1717 2620 ἀποστόλους
1763 2561 1856 2611 καὶ
1913 2559 1989 2610 le-

422 2656 654 2724 ρὰρχας,
684 2654 777 2706 καὶ
807 2652 876 2704 δι’
909 2652 1094 2704 αὐτῶν
1125 2653 1251 2714 τοὺς
1293 2651 1639 2720 Χριστιανῶν
1689 2651 1931 2720 βασιλεῖς
1966 2665 1980 2680 ο

419 2745 653 2811 τετάρτη
688 2759 745 2794 τε
768 2744 801 2812 ἡ
829 2740 926 2794 τοῦ
953 2742 1290 2811 Ἀϐϐακοὺμ,
1333 2741 1392 2804 ὃς
1427 2742 1520 2794 τὸν
1576 2742 1710 2794 Θεὸν
1740 2744 1804 2795 ἐκ
1847 2742 1985 2794 Θαιο

423 2832 530 2902 μὰν
566 2829 701 2886 είδεν
734 2834 791 2900 ἐξ
822 2833 982 2904 ὅρους
1036 2835 1343 2904 ἐρχόμενον.
1376 2835 1698 2898 κατασκίου,
1758 2835 1877 2900 ἦτοι
1926 2833 1986 2896 ἐξ

432 2925 730 2978 Ἀναιολῶν
759 2926 850 2978 τὸν
882 2925 1072 2978 ἄδυτον
1097 2926 1286 2978 Ἥλιον
1315 2925 1551 2994 Χριστὸν
1580 2928 1643 2977 ἐκ
1668 2925 1947 2994 Παρθένου
1965 2940 1980 2956 ο

421 3016 649 3086 πέμπτη
682 3017 716 3086 ἡ
743 3015 839 3069 τοῦ
879 3016 1129 3077 Ἡσαΐου,
1159 3017 1216 3080 ὃς
1275 3019 1334 3069 τὸ
1383 3017 1550 3087 τέρας
1597 3018 1980 3086 προήγγειλεν,

416 3107 491 3171 ὡς
529 3127 547 3160 t
587 3109 721 3162 Ἰδοὺ
752 3111 784 3177 ἡ
816 3109 1094 3176 Παρθένος
1129 3111 1186 3161 ἐν
1215 3110 1416 3179 γαστρὶ
1463 3109 1727 3178 λήψεται,
1759 3111 1856 3162 καὶ
1892 3110 1983 3163 τὸν

390 3201 778 3278 ,Ἐμμανουὴλ
833 3203 1072 3269 τέξεται.
1113 3221 1134 3255 ι
1181 3205 1274 3256 καὶ
1321 3204 1392 3256 τὰ
1443 3203 1608 3256 λοιπὰ
1649 3203 1980 3273 προήγγειλε

416 3293 512 3346 τοῦ
542 3292 854 3363 ἀγαπητοῦ,
892 3295 984 3346 καὶ
1016 3293 1116 3365 τὴν
1174 3293 1282 3346 τῶν
1320 3295 1531 3362 νεκρῶν
1583 3293 1939 3357 ἐξανάστασιν
1965 3311 1979 3325 ·

315 3396 320 3402 ·
416 3385 548 3453 ἕκτη
578 3385 634 3438 δὲ
661 3388 694 3453 ἠ
726 3387 819 3437 τοῦ
846 3386 1000 3439 Ἰωνᾶ
1025 3386 1158 3456 ᾠδὴ,
1178 3387 1238 3449 ὃς
1263 3386 1356 3439 τὸν
1387 3386 1704 3458 τριημέρως
1731 3388 1977 3455 ταφέντα

415 3479 510 3527 καὶ
549 3476 863 3532 ἀναστάντα
893 3477 983 3529 διὰ
1030 3477 1127 3530 τοῦ
1187 3477 1389 3544 κήτους
1419 3479 1732 3547 προέγραψε
1755 3495 1770 3510 ⁸
1812 3478 1907 3532 καὶ
1948 3480 1980 3549 η
2018 3467 2021 3470 ⁴

415 3567 526 3620 τῶν
567 3567 737 3638 τριῶν
774 3569 985 3622 παίδων
1016 3569 1219 3639 ἑϐδόμη
1245 3569 1380 3638 πρὸς
1440 3569 1572 3622 Θεὸν
1600 3572 1859 3639 μελῳδία,
1923 3573 1983 3625 ἐν

415 3663 481 3730 τῇ
505 3662 721 3733 καμίνῳ
773 3664 847 3733 μὴ
889 3662 1267 3731 φλεγομένων,
1323 3663 1404 3725 εἰς
1455 3663 1626 3716 τύπον
1675 3664 1774 3732 τῆς
1830 3663 1984 3727 Θείας

419 3753 747 3823 σαρκώσεως
771 3768 788 3784 ⁸
815 3755 909 3808 καὶ
931 3755 965 3824 ἡ
1005 3753 1286 3821 δοξολογία
1314 3754 1494 3807 αὐτῶν
1514 3754 1695 3824 ὀγδόη,
1741 3755 1810 3825 ἣν
1844 3755 1983 3824 μετά

420 3846 602 3914 πάσης
641 3846 924 3899 ἐποιοῦντο
965 3847 1064 3908 τῆς
1091 3845 1348 3911 κτίσεως,
1377 3845 1478 3916 τὴν
1510 3847 1610 3916 τῆς
1654 3847 1984 3918 οἰκουμένης

417 3933 637 4002 ἁπάσης
663 3935 850 4001 σαφῶς
883 3933 1166 4003 δηλοῦντες
1219 3935 1515 4000 ἐπίγνωσιν
1558 3937 1637 3997 εἰς
1658 3936 1750 3988 τὸν
1782 3953 1986 4004 συγκα-

417 4026 658 4079 ταϐἁντα
699 4027 854 4093 Θεὸν,
899 4027 995 4078 καὶ
1037 4027 1094 4079 ὲν
1141 4029 1207 4096 τῇ
1268 4029 1486 4097 καμίνῳ
1525 4029 1750 4090 τούτους
1802 4029 1984 4099 δροσί-

421 4133 610 4181 σαντα,
666 4118 805 4171 κατὰ
852 4117 1023 4171 τύπον
1067 4118 1158 4171 τοῦ
1214 4121 1508 4188 ίερωτάτου
1567 4121 1981 4190 βαπτίσματοςο

419 4211 512 4262 καὶ
568 4211 762 4279 ἐννάτη
812 4211 869 4263 δὲ
919 4213 952 4281 ἡ
995 4211 1090 4264 τοῦ
1145 4212 1419 4280 Ζαχαρίου
1487 4213 1578 4264 ἐπὶ
1604 4211 1681 4282 τῷ
1719 4211 1984 4282 υἱῷ-προ-

421 4301 625 4369 φητεία
655 4303 711 4355 ἐν
744 4306 810 4372 τῇ
862 4303 1118 4372 γεννήσει
1145 4303 1241 4356 τοῦ
1286 4303 1404 4356 υίοῦ
1439 4304 1603 4357 αὑτοῦ
1650 4305 1746 4358 τοῦ
1787 4305 1986 4358 Βαπτισ

422 4395 572 4459 στοῦ,
604 4395 661 4458 ὃς
695 4389 837 4450 κατὰ
866 4397 964 4464 τὴν
996 4396 1193 4466 κλῆσιν
1214 4397 1502 4466 προοίμιον
1551 4398 1646 4450 καὶ
1675 4397 1986 4469 πρόδρομος
2035 4380 2040 4384 ⁵

413 4486 567 4554 221,
605 4483 673 4558 ἦν
700 4489 798 4556 τῆς
819 4488 1039 4557 χάριτος
1060 4503 1074 4518 ο
1107 4489 1197 4541 καὶ
1225 4490 1321 4542 σὺν
1353 4491 1489 4559 αὐτῇ
1521 4490 1612 4542 καὶ
1641 4490 1747 4559 πρὸ
1781 4491 1985 4560 ταύτης

2091 2021 2323 2077 solutam
2375 2022 2720 2077 sterilitatem
2773 2019 3212 2090 productumque
3243 2029 3494 2075 sanctum
3539 2018 3660 2073 fru-

2090 2123 2260 2177 ctum,
2291 2125 2481 2182 nempe
2519 2111 2824 2166 Samuelem
2863 2110 3164 2177 gratiarum
3200 2109 3432 2164 actionis
3460 2108 3655 2174 oratio,

2091 2204 2146 2258 in
2174 2207 2400 2274 ﬁguram
2436 2204 2692 2258 Ecclesite
2743 2203 2896 2272 prius
2928 2200 3131 2256 sterilis
3164 2202 3433 2269 posterius
3475 2211 3659 2255 autem

2091 2297 2447 2366 parturientis
2481 2307 2533 2350 et
2571 2295 2806 2360 ﬁliorum,
2861 2295 3114 2358 laetantis,
3169 2309 3362 2362 nempe
3408 2294 3664 2347 sacerdo-

2091 2398 2204 2443 tum
2238 2387 2512 2442 Samuelis
2547 2389 2738 2450 instar,
2791 2397 2844 2441 et
2875 2392 2988 2455 'pcr
3025 2385 3339 2442 sacerdotes
3383 2401 3570 2455 regum
3602 2393 3664 2438 ut

2093 2476 2282 2541 David,
2318 2485 2372 2529 et
2407 2477 2632 2530 seminis
2664 2477 2804 2542 ejus,
2841 2478 3320 2544 apostolortiinque
3353 2483 3406 2528 et
3440 2474 3662 2542 pontiﬁ-

2091 2584 2235 2631 cum,
2258 2575 2312 2620 et
2349 2583 2444 2636 per
2467 2583 2560 2621 eos
2595 2582 2775 2634 regum
2804 2566 3260 2621 Christianorum.
3285 2565 3550 2630 Quartum
3576 2571 3665 2618 est

2092 2659 2372 2722 Habacuc,
2409 2660 2499 2728 qui
2531 2659 2665 2712 vidit
2702 2657 2868 2712 Deum
2918 2673 2983 2710 ex
3028 2657 3286 2710 Thaemon
3326 2660 3658 2717 venientem.

2090 2748 2158 2801 de
2207 2758 2388 2801 monte
2423 2747 2748 2801 obumbrato
2780 2746 3180 2815 procedentem.
3232 2745 3411 2798 Solem
3451 2745 3660 2799 scilicet

2090 2835 2183 2904 qui
2217 2836 2391 2891 nescit
2417 2851 2671 2890 occasum
2701 2852 2765 2890 ex
2797 2835 3017 2889 Oriente
3032 2833 3104 2890 de
3132 2834 3354 2904 Virgine
3379 2835 3659 2889 Christum

2093 2927 2549 2995 progredientem.
2582 2927 2845 2992 Quintum
2891 2928 3045 2981 Isaia:
3076 2928 3166 2996 qui
3201 2930 3414 2997 signum
3447 2943 3661 2980 annun—

2091 3020 2245 3073 tiarit
2279 3019 2464 3073 dicens
2494 3022 2510 3072 ξ
2555 3038 2573 3070 ι
2624 3017 2764 3073 Ecce
2801 3018 2960 3086 Virgo
2995 3019 3267 3088 concipiet
3298 3019 3359 3076 in
3394 3027 3567 3083 utero,
3605 3027 3660 3072 et

2090 3110 2264 3180 parfet
2288 3110 2640 3175 Emmanuel;
2688 3119 2990 3178 cmtcraque
3017 3112 3080 3164 de
3123 3111 3434 3164 desiderato
3465 3109 3659 3177 praedi-

2091 3204 2167 3255 xit
2221 3218 2282 3256 ac
2336 3211 2678 3256 mortuorum
2717 3204 3202 3257 resurrectionem.
3255 3201 3660 3258 ScxtnmJonm

2084 3294 2175 3361 qui
2225 3308 2320 3362 per
2359 3293 2600 3347 triduum
2665 3295 2912 3364 sepultus
2943 3296 2998 3348 in
3033 3303 3161 3350 ceto
3195 3296 3583 3348 resurrectiom
3606 3310 3656 3346 m

2087 3385 2474 3466 prmiignravit.
2534 3383 2836 3453 Septimum
2893 3396 2978 3440 est
3030 3387 3193 3439 trium
3245 3400 3540 3454 puerorum
3589 3387 3658 3440 ad

2084 3477 2252 3530 Deum
2286 3478 2566 3530 canticum
2600 3478 2654 3529 in
2685 3477 2910 3532 fornace
2934 3492 3274 3546 nequaquam
3313 3479 3657 3539 adustorum.

2086 3569 2138 3621 in
2185 3571 2408 3638 llgnram
2456 3569 2653 3622 divina:
2688 3569 3102 3623 incarnationis.
3136 3569 3404 3624 Octavum
3442 3581 3526 3624 est
3558 3584 3658 3623 eo-

2087 3675 2206 3713 rum
2235 3659 2560 3730 glorilicatio
2599 3675 2761 3729 quam
2785 3675 2910 3714 cum
2947 3669 3057 3713 tota
3081 3663 3356 3716 creatione
3389 3661 3664 3726 fecerunt,

2086 3760 2232 3805 recte
2287 3751 2672 3820 patefacicntes
2733 3753 3098 3819 cognitionem
3170 3754 3441 3807 universae
3500 3761 3658 3806 terra:

2087 3842 2180 3896 Dei
2226 3844 2320 3912 qui
2366 3859 2489 3899 cum
2537 3844 2616 3898 eis
2648 3845 3076 3913 perambulabat,
3107 3859 3311 3914 eosque
3357 3845 3412 3897 in
3442 3843 3658 3897 camino

2089 3949 2212 3988 rore
2255 3935 2565 4004 spargebat.
2618 3932 2832 3988 Nonum
2879 3934 3115 4002 denique
3147 3942 3230 3987 est
3273 3931 3554 3987 Zacharia:
3591 3933 3659 3987 de

2089 4025 2200 4079 ﬁlio
2230 4025 2624 4094 prephetantis,
2665 4025 2717 4076 in
2753 4024 3036 4078 nativitate
3075 4021 3198 4076 Filii
3228 4023 3344 4092 ejus
3376 4021 3654 4092 Baptistw,

2088 4117 2181 4183 qui
2219 4116 2520 4170 secundum
2555 4117 2898 4170 vocationem
2930 4124 3046 4168 erat
3077 4113 3397 4183 prommium
3431 4121 3486 4166 et
3519 4127 3657 4181 pra:-

2086 4220 2278 4260 cursor
2307 4209 2515 4276 gratiae,
2572 4223 2782 4260 necnon
2839 4222 2960 4259 cum
3011 4206 3105 4258 illo
3151 4215 3201 4260 et
3254 4213 3380 4258 ante
3433 4203 3563 4256 illud
3599 4213 3654 4256 et

2089 4311 2255 4364 super
2293 4295 2500 4361 omnia,
2531 4296 2802 4350 canticum
2834 4296 2952 4363 ejus
2979 4312 3098 4365 quae
3126 4295 3327 4350 eximie
3351 4304 3404 4349 et
3431 4294 3545 4348 sola
3573 4301 3658 4347 est
3740 4343 3742 4346 ,

2089 4403 2312 4456 prorsus
2359 4387 2682 4442 intemerata
2732 4402 2798 4440 ac
2838 4387 3206 4450 sanctissima,
3233 4394 3399 4440 easta:
3443 4385 3655 4440 scilicet

2088 4479 2332 4548 Deiparaa
2364 4478 2546 4532 Mariae
2585 4479 2733 4532 omni
2781 4480 2984 4533 honore
3011 4477 3366 4548 dignissinue,
3398 4478 3542 4546 quod
3570 4486 3654 4531 est

413 4578 506 4630 atati.
559 4579 750 4632 πασῶν
801 4579 1114 4648 ἐξαιρέτως,
1167 4582 1267 4650 τῆς
1312 4581 1602 4650 ἐξαιρέτως
1656 4583 1749 4633 καὶ
1807 4581 1975 4650 μόνης

2089 4571 2767 4642 propheticum'simulque
2799 4570 3160 4640 theologicam
3200 4580 3565 4639 sanctumque
3599 4578 3656 4622 et

416 4671 754 4739 παναμώμου
783 4673 875 4725 καὶ
907 4672 1214 4741 ύπεραγίας
1244 4672 1416 4741 ἁγνῆς
1447 4671 1560 4742 ᾠδὴ
1585 4675 1681 4738 τῆς
1714 4673 1978 4726 Θεοτόκου

414 4759 508 4810 καὶ
535 4760 892 4828 ὑπερενδόξου
928 4762 1166 4831 Μαρίας,
1211 4763 1524 4830 προφητική
1565 4779 1622 4813 τε
1659 4763 1753 4813 καὶ
1796 4761 1980 4814 θεολο-

413 4848 540 4915 γικὴ
571 4843 667 4900 καὶ
699 4849 1009 4918 ἡγιασμένη
1047 4850 1138 4902 καὶ
1169 4851 1414 4918 μακαρία
1441 4848 1668 4902 τελοῦσα
1699 4851 1848 4918 παρὰ
1877 4849 1982 4901 πά-

415 4957 529 5002 σας,
561 4939 635 5001 ὡς
686 4940 779 4992 ἐπὶ
829 4939 916 5007 ,τῷ
964 4939 1312 5009 ἁπειράνδρῳ
1345 4942 1489 5008 τόκῳ
1533 4941 1702 5008 αὐτῆς
1730 4942 1978 5010 ῥηθεῖσι.

429 5029 515 5084 Ἐν
537 5023 581 5098 ᾧ
603 5031 755 5100 ἡμῶν
772 5030 878 5084 τοῦ
917 5031 1041 5084 νέου
1070 5029 1284 5099 Ἰσραὴλ
1314 5032 1340 5083 ὀ
1367 5030 1425 5095 ἐξ
1454 5032 1621 5099 αὐτῆς
1653 5035 1978 5100 σαρκωοεπς,

412 5121 484 5181 ὥς
534 5123 900 5192 ἐπηγγείλατο
941 5124 1018 5190 τῷ
1061 5123 1334 5192 Ἀϐραὰμ,
1377 5123 1726 5178 ἀντελάϐετο.
1762 5125 1978 5187 Ταύτας

413 5210 592 5264 τοίνυν
619 5212 718 5274 τὰς
747 5214 900 5290 ἐννέα
928 5212 1090 5282 ᾠδὰς,
1127 5218 1206 5278 εἰς
1230 5215 1452 5283 τρισσδν
1482 5212 1653 5266 τύπον
1677 5215 1778 5283 τῆς
1805 5216 1979 5286 ὑπερ·-

415 5300 537 5352 θέου
581 5287 830 5372 Τριάδος,
861 5305 895 5374 ἡ
939 5303 1232 5374 Ἐκκλησία
1261 5307 1386 5357 καθ’
1411 5307 1659 5374 ἑκάστην
1688 5306 1764 5366 ὡς
1801 5287 1997 5358 ἐπινίδ

415 5392 510 5445 κιὰ
565 5409 625 5444 τε
676 5395 770 5446 καὶ
821 5398 1148 5465 χαριστήρια
1186 5396 1275 5448 διὰ
1307 5397 1414 5448 τῶν
1447 5398 1687 5449 καιόνων
1725 5397 1976 5466 μελῳδεῖ.

416 5484 524 5536 Καὶ
552 5487 700 5553 τρεῖς
730 5489 785 5539 ἐν
805 5487 1012 5550 τούτοις
1037 5489 1267 5542 ποιεῖται
1293 5489 1530 5563 στάσεις,
1553 5491 1656 5541 κάν
1679 5489 1854 5559 τούτῳ
1877 5490 1976 5561 τὴν

2085 4677 2194 4732 prae
2229 4661 2484 4716 omnibus
2530 4675 2875 4730 prosperum,
2925 4669 3108 4728 utpote
3137 4659 3203 4713 de
3231 4669 3494 4728 conceptu
3534 4658 3656 4726 ejus

2085 4756 2205 4809 sine
2250 4755 2458 4808 semine
2490 4753 2685 4807 effecto
2731 4756 3167 4822 pronuntiatum,
3206 4751 3260 4805 in
3290 4766 3399 4820 quo
3428 4764 3527 4804 nos
3558 4765 3655 4804 no-

2084 4861 2210 4900 rum
2255 4846 2420 4900 Israel
2454 4845 2593 4900 Deus
2619 4861 2682 4900 ex
2725 4860 2787 4898 ea
2827 4821 3164 4910 incarnatus,
3195 4841 3650 4919 quemadmodum

2085 4938 2358 4990 Abraham
2401 4939 2732 5006 promissum
2789 4934 2985 5000 fuerat,
3028 4934 3292 5004 suscepit.
3339 4933 3463 4987 Haec
3491 4933 3654 5002 igitur

2085 5046 2284 5100 novem
2309 5032 2543 5096 cantica,
2586 5031 2640 5084 in
2670 5030 2867 5098 triplex
2905 5029 3118 5098 signum
3151 5027 3506 5083 divinis-simae
3535 5025 3656 5079 Trio

2085 5123 2292 5187 nitatis,
2327 5121 2592 5187 Ecclesia,
2624 5123 2854 5192 singulis
2886 5123 3102 5184 diebus,
3145 5122 3290 5175 velut
3335 5120 3564 5190 epinicia
3600 5127 3654 5172 et

2083 5215 2380 5283 gratiarum
2415 5217 2678 5280 aetiones,
2716 5231 2780 5268 ex
2813 5223 3084 5284 praecepto
3107 5228 3375 5268 canonum
3410 5210 3654 5264 modula-

2087 5315 2214 5371 tur;
2247 5317 2469 5374 tresqne
2523 5306 2575 5359 in
2613 5306 2693 5360 eis
2718 5305 2984 5359 stationes
3012 5304 3162 5370 facit,
3192 5317 3300 5372 quo
3341 5301 3504 5355 etiam
3534 5300 3652 5353 Tri-

2084 5398 2307 5451 nitatem
2344 5399 2598 5460 honorat,
2632 5411 2863 5467 quarum
2891 5411 3053 5448 unam
3105 5396 3214 5463 agit
3251 5395 3306 5447 in
3351 5392 3459 5446 line
3506 5391 3648 5446 tertii

2087 5489 2311 5556 cantici,
2346 5490 2632 5544 sacerdote
2664 5489 3008 5556 doxologiam
3039 5487 3272 5540 dicente.
3623 5487 3629 5493 ’

418 5576 625 5645 Τριάδα
675 5579 914 5648 τιμῶσα,
965 5580 1095 5649 μίαν
1124 5580 1221 5648 μὲν
1253 5581 1396 5633 κατὰ
1438 5582 1496 5633 τὸ
1525 5582 1676 5644 τέλος
1735 5583 1833 5652 τῆς
1862 5585 2052 5653 τρίτης
2083 5582 2247 5653 ᾠδῆς,
2281 5581 2376 5637 τοῦ
2412 5583 2597 5660 ἱερέως
2625 5580 3053 5648 δοξολογοῦντος.

998 5675 1250 5728 ΚΕΦΑΛ.
1282 5675 1431 5729 TIA'.

905 5766 1044 5833 Περὶ
1087 5765 1486 5834 κιιθισμάτων.

487 5851 614 5910 Εἶτα
648 5856 975 5919 καθημένων
1006 5860 1097 5911 καὶ
1128 5860 1530 5922 ἀνυμνούνιων,
1562 5858 1620 5911 τὺ
1653 5860 1749 5924 μὲν
1771 5861 1864 5915 καὶ
1890 5859 1974 5915 διὰ

2623 5677 2854 5733 CAPUT
2902 5675 3122 5730 CCCXL

2090 5767 2162 5822 De
2179 5767 2406 5822 Psalmis
2424 5770 2743 5837 canticisque
2775 5786 2886 5838 qure
2905 5785 2935 5822 a
2951 5765 3250 5822 sedentibus
3281 5771 3649 5820 cuncmuntur.

2153 5862 2356 5917 Deinde
2413 5863 2734 5918 sedentibus
2781 5863 3045 5929 situulque
3091 5858 3463 5925 laudantibus,
3517 5855 3656 5912 illud
