4126 6268
481 424 580 484 571
631 489 637 497 ,

630 497 673 545 ο

1342 420 1730 483 SYMEONIS
1770 420 2530 489 TIIESSALONICENSlS
2560 431 2916 493 ARCillEP.
3023 445 3027 448 ’

3628 436 3730 500 572

480 532 698 604 ῳιίιιοῖη
730 543 950 604 propter
983 533 1250 589 modicam
1283 536 1530 604 corporis
1573 535 1816 605 requiem
1841 575 1857 600 ,
1912 532 2056 589 istud

2166 540 2371 609 μικρὰν
2411 541 2510 611 τῆς
2546 544 2747 613 σαρκὸς
2780 544 3111 609 ἀνάπαυσιν,
3140 544 3202 600 τὸ
3234 546 3292 601 δὲ
3337 547 3421 601 ὅτι
3452 546 3549 601 καὶ
3576 550 3749 618 καθη-

483 640 613 678 vero
643 625 904 693 quoniam
933 631 989 678 et
1038 625 1295 679 sedentes
1327 635 1382 680 et
1412 634 1622 680 stantes
1645 633 1856 693 oportet
1889 625 2061 680 Deum

474 699 720 777 laudare,
758 729 788 768 e
818 725 1131 768 sanctorum
1175 716 1396 783 scriptis
1447 729 1769 784 argumenta
1817 717 1884 772 de
1922 715 2063 773 festo

483 794 920 881 itt'commnncm
961 806 1265 861 doctrinam
1305 810 1577 878 leguntur.

1037 920 1266 977 CAPUT
1305 920 1553 977 CCCX“.

487 1010 562 1064 De
589 1012 726 1073 brevi
752 1021 800 1065 et
837 1010 1116 1080 di/fusiore
1144 1015 1217 1136 (lin
1250 1025 1495 1068 sanrtum
1528 1016 1607 1070 rel
1633 1017 1821 1085 festum
1848 1011 2086 1088 aliquod)

1191 1100 1366 1136 unum.

1188 1100 1366 1152 ymno.

556 1175 736 1229 Finito
760 1184 914 1230 sexto
944 1177 1161 1230 cantico
1185 1177 1243 1229 lit
1278 1178 1552 1239 similiter,
1576 1181 1855 1234 sacerdote
1892 1178 2063 1234 doxo-

486 1269 683 1337 logiam
733 1269 984 1335 dicente,
1032 1279 1088 1323 et
1133 1271 1332 1324 dicitur
1387 1271 1546 1326 lectio
1591 1272 1769 1325 brcvis
1810 1288 1932 1340 qua:
1980 1281 2060 1326 est

485 1362 637 1414 vi-Iut
675 1361 795 1415 laus
857 1362 975 1416 festi
1028 1363 1083 1415 in
1134 1361 1407 1416 versiculo
1440 1371 1741 1425 contracta,
1799 1374 1851 1415 et
1904 1362 2061 1416 lectio

483 1468 703 1521 quoque
729 1455 991 1522 appellata
1022 1451 1170 1514 οἶκος
1206 1468 1299 1506 seu
1329 1440 1544 1515 domus',
1584 1461 1772 1525 utpote
1824 1455 2062 1523 comple-

482 1556 636 1601 ctrns
673 1546 725 1599 in
755 1547 1046 1614 semetipsa
1084 1552 1254 1599 totam
1288 1544 1408 1599 festi
1441 1547 1749 1611 materiam,
1774 1546 1855 1600 vel
1884 1550 2050 1601 vitam

482 1640 748 1707 cujusque
797 1645 1151 1701 sanctorum,
1205 1647 1259 1691 et
1310 1637 1364 1689 in
1417 1635 1522 1690 line
1566 1636 1821 1690 lectionis
1873 1636 2054 1691 brevis

482 1745 633 1784 mora
670 1728 1036 1796 interponitur
1068 1743 1162 1797 per
1203 1728 1422 1781 brevem
1468 1727 1936 1796 melodiamquod
2002 1728 2061 1783 lit

479 1823 651 1892 ειίιιιιι⁸
673 1824 890 1890 quando
922 1821 1120 1891 legitur
1170 1819 1404 1889 hymnus
1447 1820 1535 1874 cui
1580 1835 1779 1873 nomen
1830 1820 2062 1884 συναξά-

2168 630 2369 697 μένους
2426 633 2522 686 καὶ
2554 634 2880 704 ἱσταμένους
2921 637 3003 690 δεῖ
3047 637 3139 691 τὸν
3179 638 3315 692 Θεὸν
3345 640 3625 710 ἀνυμνεῖν,
3652 642 3743 695 ὅτε

2162 721 2257 774 καὶ
2292 723 2361 774 τὰ
2391 723 2519 793 περὶ
2561 725 2660 794 τῆς
2706 726 2902 797 ἑορτῆς
2945 729 3029 792 είς
3068 727 3423 784 διδασκαλίαν
3451 731 3636 802 κοινὴν
3677 734 3743 787 ὲκ

2163 812 2270 863 τῶν
2303 811 2474 882 ἁγίων
2486 870 2493 873 _
2505 817 2606 871 άνα
2615 818 2941 886 γινώσκεται
2950 860 2964 875 .

2742 913 2997 966 ΚΕΦΔΛ.
3040 913 3187 970 ΤΙΒ’.

2515 1023 2659 1092 Περὶ
2694 1025 3018 1078 κοντακίου
3054 1024 3152 1078 καὶ
3176 1026 3383 1082 ιοῑκου.

2236 1180 2355 1235 Καϊ
2398 1180 2536 1249 μετὰ
2569 1180 2672 1251 τὴν
2707 1180 2875 1257 ἕκτην
2917 1182 3203 1249 ὡσαύτως,
3243 1185 3339 1239 τοῦ
3375 1186 3565 1259 ἱερέως
3594 1190 3742 1256 δοξο-

2164 1271 2471 1338 λογοῦντος,
2512 1272 2574 1325 τὸ
2608 1274 2896 1327 κοντάκιον
2927 1274 3166 1342 λέγεται,
3201 1275 3278 1339 ὡς
3317 1272 3740 1351 συνεπτυγμένη

2165 1365 2224 1416 έν
2251 1363 2533 1433 τροπαρίῳ
2563 1363 2806 1432 εὐφημία
2834 1365 2933 1431 τῆς
2967 1366 3164 1436 ἑορτῆς
3189 1381 3204 1398 °
3248 1366 3342 1419 καὶ
3383 1369 3413 1421 ό
3449 1368 3740 1439 λεγόμενος

2162 1449 2334 1518 οἶκος,
2364 1455 2441 1531 ὡς
2489 1455 2763 1525 περιέχων
2812 1456 2870 1508 ὲν
2911 1457 3087 1524 ἐαυτῷ
3132 1459 3510 1524 πάνταςητοὺς
3548 1463 3740 1531 λόγους

2163 1546 2265 1614 τῆς
2284 1546 2555 1620 ἐορτῆς,ἢ
2582 1548 2682 1616 τὴν
2715 1546 2900 1617 βιοτὴν
2919 1548 3029 1601 τῶν
3059 1549 3231 1617 ἁγίων
3256 1552 3513 1616 ἑκάστου,
3538 1555 3634 1618 καὶ
3658 1556 3741 1619 είς

2162 1639 2223 1690 τὸ
2240 1638 2393 1702 τέλος
2414 1637 2599 1708 λήγων
2622 1639 2714 1691 τοῦ
2738 1639 3049 1706 κοντακίου,
3076 1642 3133 1692 ὲν
3156 1642 3340 1711 μικρῷ
3366 1642 3738 1714 μελῳδήμῖατιο

2164 1732 2253 1784 ὅτε
2286 1732 2381 1784 καὶ
2410 1731 2473 1784 τὸ
2497 1732 2791 1800 λεγόμενον
2819 1733 3257 1802 ἀναγινώσκεται
3285 1736 3638 1808 Συναξάριον,
3663 1738 3741 1802 ὡς

2165 1824 2197 1893 ἢ
2233 1823 2300 1876 τὰ
2334 1824 2464 1890 περὶ
2492 1824 2592 1890 τῆς
2624 1826 2818 1894 ἑορτῆς
2853 1827 2910 1878 ὲν
2945 1825 3168 1896 συνόψει
3211 1826 3405 1895 λέγων,
3438 1830 3472 1901 ᾗ
3516 1829 3582 1883 τὰ
3612 1832 3740 1901 περὶ

483 1931 620 1984 ριον,
661 1916 714 1967 in
766 1929 873 1981 quo
912 1912 1226 1969 summatim
1281 1913 1541 1987 dicuntur
1574 1926 1695 1980 qua:
1746 1913 1810 1964 ad
1863 1911 2058 1966 festum

2162 1915 2271 1968 τῶν
2299 1915 2699 1969 τελειωῡέντων
2732 1918 2789 1969 ὲν
2819 1918 2886 1985 τῇ
2915 1918 3104 1989 ἡμέρᾳ
3143 1918 3336 1987 ἁγίων,
3368 1920 3485 1990 ἅμα
3513 1923 3607 1975 καὶ
3641 1921 3737 1975 τοῦ

481 2017 731 2075 sprctmtt
761 2007 839 2060 vel
876 2007 1010 2059 Acta
1063 2016 1377 2059 sanctorum
1415 2019 1646 2073 quorum
1689 2004 1742 2058 in
1775 2004 1861 2059 die
1883 2005 2060 2074 agitur

481 2098 773 2160 festivitas,
791 2098 1065 2166 simulque
1084 2095 1629 2165 comprehenduntur
1645 2103 1706 2150 ut
1730 2096 1781 2149 in
1804 2111 2062 2167 compen-

481 2193 571 2247 dio
596 2207 800 2261 agones
840 2190 958 2257 ejus
981 2190 1075 2259 qtti
1114 2190 1420 2245 celebratur
1440 2201 1496 2244 et
1534 2197 1876 2254 ceterorum,
1908 2204 1972 2244 ac
2005 2190 2058 2244 in

488 2285 724 2339 iambico
759 2286 1002 2340 carmine
1037 2284 1233 2353 singuli
1292 2298 1480 2338 eorum
1509 2284 1757 2338 laudibus
1786 2298 2056 2337 exornan-

490 2386 601 2431 tur.
654 2378 722 2429 At
772 2387 896 2446 post
937 2386 1190 2430 octavum
1218 2376 1491 2429 canticum
1542 2389 1686 2429 nono
1734 2375 2052 2445 incipiente,

488 2465 801 2534 magnificat
850 2462 1105 2519 sacerdds
1160 2464 1589 2534 praestantiorem
1633 2464 1887 2518 omnibus
1930 2479 2057 2518 san-

484 2557 588 2611 ctis
630 2556 938 2625 Deiparam,
967 2557 1056 2610 cui
1090 2556 1231 2611 Deus
1263 2571 1388 2609 vere
1424 2553 1551 2609 fecit
1584 2561 1780 2623 magna
1808 2565 1862 2609 et
1893 2555 2060 2609 mira-

482 2646 632 2709 bilia,
665 2654 849 2713 utpote
875 2661 941 2699 ex
972 2661 1033 2699 ea
1056 2646 1462 2713 incarnatus,!et
1489 2660 1650 2710 quam
1680 2644 1962 2714 Seraphim
1992 2660 2057 2700 ac

477 2736 771 2791 Cheruhim
824 2737 1220 2806 praecellentem
1270 2735 1658 2801 manifestavit,
1695 2738 1852 2805 cujus
1882 2738 2054 2806 gratia

2159 2005 2558 2074 ἐορταζομένου
2592 2007 2688 2059 καὶ
2730 2006 2839 2059 τῶν
2871 2007 3076 2060 λοιπῶν
3113 2009 3170 2061 ὲν
3210 2008 3445 2080 ἐπιτομῇ
3481 2013 3738 2081 περιέχον

2156 2096 2228 2150 τὰ
2262 2096 2585 2166 σκάμματα,
2637 2097 2734 2151 καὶ
2767 2098 2825 2150 ὲν
2867 2098 3084 2166 ἰάμϐοις
3140 2099 3371 2153 ἕκαστον
3420 2099 3602 2153 αὐτῶν
3644 2102 3739 2156 άν-

2157 2188 2368 2260 υμνῶν.
2400 2188 2559 2243 Μετὰ
2579 2188 2637 2242 δὲ
2675 2187 2774 2259 τὴν
2802 2188 2996 2259 ὀγδόην
3021 2190 3079 2242 ὲν
3110 2192 3176 2260 τῇ
3206 2193 3306 2260 τῆς
3340 2190 3566 2259 ὲννάτης
3591 2192 3735 2264 ἀρχῇ

2160 2277 2455 2348 μεγαλύνει
2487 2278 2586 2351 τὴν
2629 2278 2776 2350 ὑπὲρ
2799 2279 2926 2341 τοὺς
2957 2279 3146 2349 ἁγίους
3175 2280 3424 2344 ἅπαντας
3455 2280 3735 2341 Θεοτόκον.

2158 2366 2239 2441 ’ᾙ
2270 2370 2534 2439 μεγαλεῖα
2567 2371 2859 2440 θαυμαστὰ
2891 2374 2919 2425 ὁ
2949 2373 3084 2437 Θεὸς
3116 2359 3374 2446 ἐποίησεν
3401 2375 3635 2448 ἀληθῶς,
3660 2378 3737 2443 ὡς

2161 2462 2221 2529 ἐξ
2253 2463 2425 2532 αὐτῆς
2461 2462 2789 2539 σαρκωθεὶς,
2821 2465 2918 2518 καὶ
2955 2467 3064 2519 τῶν
3096 2468 3351 2538 Σεραιρὶμ
3387 2471 3484 2524 καὶ
3529 2472 3734 2541 Χερου-

2164 2552 2267 2622 ϐὶμ
2319 2553 2592 2618 ἀνέδειξεν
2648 2554 2979 2626 ὑπερτέραν,
3010 2558 3065 2609 ὲν
3171 2558 3263 2611 καὶ
3295 2558 3490 2628 μέλπει
3523 2562 3593 2613 τὰ
3637 2561 3737 2630 τῆς

2166 2643 2312 2706 θείας
2340 2645 2482 2715 ᾠδῆς
2516 2646 2709 2715 αὐτῆς.
2751 2646 2842 2700 Ἐν
2869 2647 2945 2717 τῷ
2978 2648 3123 2702 τέλει
3151 2649 3208 2702 δὲ
3230 2652 3328 2721 τῆς
3352 2652 3575 2723 ἐννάτης
3600 2655 3741 2708 αἰνεῖ

2161 2735 2258 2805 τὴν
2281 2735 2488 2807 Τριάδα
2525 2737 2805 2806 μετὰτῶν
2834 2740 3083 2807 ἀγγέλων
3114 2742 3142 2794 ό
3172 2741 3369 2810 ἱερεύς.

480 2832 723 2886 divinum
761 2832 883 2902 ejus
913 2834 1184 2888 canticum
1226 2834 1556 2890 modulatur.
1593 2835 1857 2904 Deinceps
1882 2836 1936 2889 in
1963 2834 2067 2889 line
2098 2831 2226 2888 noni
2255 2835 2452 2889 cantici
2484 2833 2802 2893 Trinitatem
2846 2837 3029 2893 laudat
3059 2855 3181 2893 cum
3205 2840 3408 2909 angelis
3455 2841 3738 2899 sacerdos.

995 2921 1225 2977 CAPUT
1264 2924 1532 2980 (lCCXlll.

487 3011 561 3065 De
595 3012 787 3087 hymno
825 3014 878 3087 in
910 3029 1012 3087 quo
1056 3030 1152 3067 rex
1181 3015 1560 3087 ξξαποστειλον
1596 3017 1976 3087 frequentatur,
2007 3029 2056 3074 et

747 3081 812 3137 de
831 3082 1074 3137 laudibus
1101 3093 1148 3137 et
1171 3085 1234 3137 de
1265 3102 1455 3166 magna
1480 3081 1776 3159 doxologt'a.

551 3173 815 3244 Deinceps
875 3176 1073 3231 dicitur
1144 3178 1381 3246 hymnus
1445 3183 1666 3236 nomine
1736 3181 2056 3239 emissarios

478 3279 700 3337 propter
736 3269 863 3324 illud
894 3287 909 3324 :
938 3290 955 3322 ι
987 3270 1187 3326 Emitte
1220 3271 1405 3326 lumen
1427 3284 1602 3337 tuum,
1637 3293 1655 3326 ι
1690 3276 1848 3344 quasi
1877 3276 2055 3331 lucem

481 3361 777 3418 infundens
828 3363 1012 3418 dictus
1070 3373 1197 3419 ante
1265 3366 1508 3434 psalmos
1572 3365 1896 3424 laudativos.
1951 3368 2055 3435 Qui

481 3454 706 3508 laudum
736 3455 932 3522 psalmi
965 3464 1130 3525 totam
1164 3466 1470 3512 couvocant
1495 3467 1549 3511 et
1582 3458 1859 3514 adducunt
1902 3475 2059 3516 crea-

483 3547 709 3610 tionem,
744 3545 966 3613 angelos
997 3545 1207 3601 scilicet
1235 3544 1481 3615 aliasque
1511 3552 1793 3605 creaturas
1825 3550 1890 3604 ad
1940 3550 2059 3605 lau-

482 3636 722 3692 dandum
749 3651 872 3690 eum
904 3637 997 3705 qui
1037 3636 1163 3691 fecit
1188 3652 1277 3701 ea,
1312 3651 1435 3692 cum
1473 3638 1727 3695 universa
1772 3640 1862 3695 Dei
1890 3654 2058 3710 Opera

485 3738 755 3783 testentur
787 3743 849 3784 se
877 3729 931 3783 in
966 3727 1143 3784 Verbo
1168 3739 1222 3784 et
1257 3730 1463 3799 Spiritu
1498 3746 1621 3787 esse
1656 3743 1860 3788 creata.
1911 3732 2060 3789 Dixit

477 3819 649 3883 enim,
677 3828 731 3873 et
759 3820 904 3876 facta
927 3829 1074 3887 sunt,
1096 3821 1313 3892 inquit;
1341 3823 1457 3893 ipse
1487 3823 1856 3890 mandavit,et
1874 3839 2055 3881 creata

480 3920 655 3978 sunt;
711 3913 874 3980 dixit,
925 3925 1148 3982 propter
1179 3913 1460 3978 Verbum,
1513 3916 1787 3972 mandavit
1840 3927 2058 3985 propter

480 4006 856 4072 operationem
905 4003 1168 4073 Spiritus.
1202 4006 1267 4058 Et
1314 4015 1436 4075 post
1467 4016 1576 4061 tres
1616 4010 2057 4066 accOmmodatos

480 4096 703 4149 laudum
738 4096 1005 4165 psalmos,
1035 4112 1255 4151 rursum
1281 4097 1481 4152 dicitur
1508 4098 1678 4165 gloria
1705 4101 1757 4153 in
1792 4102 2055 4156 honorem

480 4190 785 4255 Trinitatis,
811 4204 907 4244 seu
938 4200 1129 4258 utagna
1161 4190 1449 4244 coniicitur
1472 4190 1782 4261 doxologia.
1811 4191 1936 4247 llaec
1971 4201 2057 4249 est

480 4298 600 4341 orate
647 4283 718 4335 ab
754 4281 910 4335 initio
957 4281 1069 4349 jam
1119 4282 1262 4336 dicta
1312 4291 1392 4337 est
1420 4284 1474 4336 in
1518 4285 1782 4352 prooemio
1827 4286 2053 4359 operis:

485 4395 504 4424 ι
527 4373 707 4429 Gloria
738 4374 790 4427 in
820 4373 1103 4429 altissimis
1132 4373 1272 4441 Deo;
1302 4392 1321 4426 ο
1347 4390 1492 4429 nunc
1524 4390 1650 4430 vero
1682 4376 1893 4445 integra
1928 4392 2053 4432 cum

478 4475 642 4518 cantu
673 4465 742 4519 ab
784 4465 1040 4518 omnibus
1072 4464 1251 4518 simul
1298 4465 1521 4532 dicitur,
1559 4481 1682 4519 cum
1736 4467 2053 4536 mysterium

479 4558 532 4611 in
566 4565 681 4611 toto
712 4557 915 4610 mundo
949 4555 1123 4610 fuerit
1144 4555 1555 4611 manifestatum
1589 4572 1698 4611 nou
1746 4558 2054 4626 pastoribus

479 4661 711 4711 tantum,
738 4648 832 4703 sed
878 4656 932 4702 et
985 4648 1237 4718 gentibus
1281 4648 1573 4703 universis.
1613 4647 1738 4703 Ideo
1801 4649 2048 4705 dicitur:
2087 4667 2132 4725 ο

488 4759 506 4790 ι
544 4740 855 4794 Laudamus
894 4750 965 4803 te,
1009 4739 1385 4793 benedicimus
1413 4749 1485 4804 te,
1516 4739 1810 4793 adoramus
1839 4748 1910 4805 te,
1939 4740 2056 4809 glo-

481 4830 760 4882 riﬁcamus
807 4840 879 4893 te,
931 4828 1132 4894 gratias
1158 4828 1370 4896 agimus
1410 4828 1504 4881 tibi
1555 4838 1774 4896 propter
1807 4842 2055 4899 magnam

479 4922 706 4991 gloriam
746 4929 891 4973 tuam
917 4936 935 4984 ;
971 4938 990 4971 ι
1027 4919 1170 4987 pleni
1196 4921 1342 4973 enim
1375 4928 1503 4972 sunt
1532 4920 1655 4974 coeli
1686 4929 1738 4973 et
1767 4928 1910 4974 terra
1940 4921 2058 4990 glo-

483 5013 560 5065 ria
591 5011 729 5080 ejos.
765 5009 977 5078 Cujus?
1013 5010 1105 5064 Dei
1161 5010 1371 5064 scilicet
1414 5010 1466 5063 in
1500 5010 1800 5068 Trinitate:
1824 5028 2061 5082 quapro-

481 5114 602 5171 pter
650 5102 716 5154 de
762 5100 962 5154 divinis
1014 5099 1255 5168 loquitur
1298 5097 1538 5155 Ecclesia
1584 5100 1867 5155 clamans:
1905 5120 1923 5154 ι
1956 5101 2058 5156 Do-

486 5192 647 5257 mine,
717 5206 810 5244 rex
870 5187 1114 5244 code-stis
1152 5226 1167 5252 ,
1235 5188 1376 5243 Deus
1429 5188 1588 5243 Pater
1646 5191 1990 5260 omnipotens
2040 5208 2057 5256 ;

485 5284 731 5347 Domine,
755 5280 856 5335 Fili
888 5281 1161 5349 unigenite
1178 5280 1304 5337 Jesu
1331 5280 1566 5347 Christe,
1592 5287 1647 5335 et
1668 5295 1857 5336 sancte
1881 5280 2059 5351 Spiri-

485 5389 592 5431 tus.
623 5394 643 5428 ι
692 5376 767 5429 Eu
802 5384 911 5431 tres
941 5390 1200 5441 personas
1227 5373 1543 5444 pradicavit
1578 5375 1812 5444 hymnus
1856 5376 1908 5428 in
1954 5389 2061 5429 una

488 5468 710 5531 In-itate,
735 5482 856 5520 nam
882 5466 1111 5521 dicendo
1144 5485 1159 5521 :
1197 5485 1216 5519 ι
1244 5467 1300 5521 In
1334 5466 1617 5522 altissimis
1643 5467 1767 5531 Deo,
1798 5478 1849 5521 ct
1877 5468 2061 5522 lauda-

488 5572 609 5612 mus
637 5567 710 5620 te,
754 5575 771 5609 ι
812 5557 1066 5627 patefecit
1114 5558 1403 5622 unitatem,
1450 5571 1678 5611 numero
1725 5568 1902 5611 autem
1935 5572 2057 5626 per~

481 5664 645 5704 sonas
694 5650 1070 5718 proclamavit.
1138 5647 1340 5702 Deinde
1408 5646 1504 5701 Dei
1568 5644 1734 5702 Verbi
1802 5647 2054 5701 incarna-

487 5741 689 5794 tionem
728 5740 891 5796 claris
927 5740 1108 5795 verbis
1141 5738 1378 5794 celebrat
1415 5739 1662 5818 clamans
1690 5757 1705 5795 :
1766 5755 1787 5792 ι
1822 5738 2052 5796 Domine

487 5831 648 5899 Deus,
691 5847 865 5903 agnus
913 5833 1028 5899 Dei,
1061 5850 1081 5885 ι
1136 5830 1283 5901 quod
1331 5831 1398 5887 ab
1441 5830 1575 5886 Isaia
1625 5841 1677 5888 et
1715 5848 2052 5905 praecursore

2734 2928 2983 2982 ΚΕΦΑΛ.
3037 2927 3184 2986 ΤΙΓ.

2158 3015 2299 3086 Περῖ
2333 2980 3054 3094 ἐξαποστελλαρίουξκαὶ
3237 3022 3450 3092 αἶνων,
3486 3025 3585 3080 καί
3626 3023 3738 3094 τῆς

2617 3088 2894 3160 μεγάλης
2926 3090 3306 3161 δοξολογίας.

2234 3181 2341 3234 Καὶ
2372 3181 2432 3234 τὸ
2462 3180 2954 3252 ἑξαποστελλάριον
2985 3182 3204 3252 λέγεται
3235 3185 3324 3239 διὰ
3353 3185 3414 3238 τὸ
3443 3203 3464 3238 t
3506 3186 3738 3253 Ἑξαπύ-

2162 3272 2373 3326 στειλον
2412 3273 2473 3326 τὸ
2496 3272 2612 3339 φῶς
2644 3290 2762 3339 σου,
2798 3293 2817 3327 ι
2852 3275 2927 3338 ὡς
2958 3276 3355 3345 φωταγωγικδν
3382 3276 3488 3346 πρὸ
3512 3278 3620 3332 τῶν
3649 3280 3737 3332 αἷ-

2159 3379 2266 3415 νων
2299 3362 2612 3433 λεγόμενον.
2666 3365 2778 3418 Καὶ
2804 3363 2948 3422 οὕτω
2998 3367 3068 3419 τὰ
3124 3367 3236 3421 τῶν
3273 3368 3439 3422 αῐνων
3463 3369 3734 3439 ἐπάγεται

2162 3455 2348 3507 πᾶσαν
2370 3456 2827 3524 συγκαλουμένων
2850 3456 2948 3527 τὴν
2973 3457 3177 3524 κτίσιν,
3203 3454 3469 3526 ἀγγέλους
3494 3461 3610 3531 ἅμα
3638 3463 3735 3516 καὶ

2160 3544 2339 3597 πάντα
2362 3545 2431 3596 τὰ
2456 3545 2756 3614 κτίσματα,
2789 3546 2870 3607 είς
2897 3546 2994 3612 τὴν
3022 3547 3227 3601 αῐνεσιν
3251 3547 3345 3601 τοῦ
3370 3548 3733 3620 πεποιηκότος

2158 3633 2320 3698 αὐτὰ,
2360 3634 2453 3687 καὶ
2483 3634 2666 3688 πάντα
2693 3632 2829 3703 ἔργα
2858 3634 2994 3688 θεοῦ
3032 3635 3456 3707 μαρτυρούντων
3487 3639 3548 3691 ἐν
3587 3639 3733 3709 λόγῳ

2158 3725 2255 3789 καὶ
2321 3722 2601 3792 Πνεύματι
2657 3726 2941 3793 γεγονότα.
3007 3744 3025 3777 ι
3061 3727 3235 3790 Αὐτὸς
3281 3727 3392 3797 γὰρ
3421 3721 3585 3805 θεῐπε,
3634 3731 3730 3783 καὶ

2160 3815 2518 3884 ἐγενήθησαν,
2573 3817 2760 3884 φησὶν,
2818 3816 2981 3878 αὐτὸς
3011 3817 3314 3871 ἐνετείλατο
3344 3819 3438 3871 καὶ
3479 3820 3735 3889 ἐκτίσϐηο

2160 3919 2281 3969 σαν,
2322 3922 2341 3955 ι
2381 3905 2458 3968 τὸ,
2502 3901 2672 3969 Eine,
2709 3903 2800 3957 διὰ
2827 3905 2918 3958 τὸν
2942 3907 3119 3975 λόγον,
3150 3907 3212 3960 τὸ
3250 3907 3621 3962 Ἐνετὲιλατο
3642 3909 3732 3962 διὰ

2156 3995 2258 4066 τὴν
2285 3996 2568 4066 ἐνέργειαν
2597 3996 2692 4050 τοῦ
2730 3995 3069 4068 Πνεύματος.
3098 3998 3210 4051 Καὶ
3249 4000 3391 4065 μετὰ
3410 4000 3537 4063 τοὺς
3558 4000 3734 4069 ἁρμο-
3840 3988 3845 3999 ί

2156 4087 2302 4151 δίους
2333 4088 2538 4157 ὕμνους
2571 4088 2680 4143 τῶν
2713 4091 2899 4155 ατνων,
2939 4092 3033 4145 καὶ
3059 4089 3142 4156 τὸ,
3183 4108 3202 4143 ι
3235 4092 3389 4154 Δόξα
3415 4093 3514 4146 καὶ
3543 4093 3679 4157 νῦν,
3706 4112 3726 4144 ι

2157 4180 2237 4241 είς
2265 4180 2435 4250 τιμὴν
2460 4180 2558 4249 τῆς
2590 4180 2845 4251 Τριάδος,
2872 4183 2905 4251 ἡ
2931 4181 3142 4252 μεγάλη
3159 4182 3439 4250 δοξολογία
3470 4184 3730 4262 τελεῖται.

2157 4272 2305 4344 Αὕτη
2331 4273 2386 4325 δέ
2415 4276 2560 4328 ἐστιν
2591 4276 2625 4345 ή
2659 4276 2755 4329 καὶ
2779 4274 3013 4347 ἐξαρχῆς
3051 4276 3280 4346 ῥηθεῐσα
3313 4279 3370 4330 ἔν
3401 4277 3731 4348 προοιμίοις,

2114 4366 2121 4369 “
2157 4363 2238 4428 τὸ,
2278 4382 2297 4414 ι
2322 4365 2458 4429 Δόξα
2505 4367 2564 4419 ὲν
2604 4365 2852 4437 ὑψίστοις
2895 4366 3036 4438 Θεῷ,
3081 4385 3100 4419 ι
3156 4368 3251 4422 νῦν
3298 4368 3357 4422 δὲ
3390 4367 3732 4438 τελεωτέρως

2157 4455 2251 4508 καὶ
2292 4457 2431 4524 μετὰ
2480 4457 2676 4527 μέλους
2713 4459 2810 4513 καὶ
2842 4459 2995 4531 παρὰ
3029 4459 3248 4514 πάντων
3297 4451 3531 4531 ᾁδομένη
3571 4457 3733 4528 ὁμοῦ,

2158 4547 2232 4609 ὡς
2268 4548 2365 4601 τοῦ
2400 4551 2705 4622 μυστηρίου
2739 4553 2798 4604 ὲν
2829 4553 2937 4623 ὅλῳ
2979 4552 3386 4623 φανερωθέντος
3414 4552 3490 4623 τῷ
3519 4553 3731 4621 κόσμῳ,

2159 4638 2254 4691 καὶ
2311 4640 2372 4692 οὐ
2428 4641 2541 4702 τοῖς
2587 4641 2813 4712 ποιμέσι
2877 4642 3061 4712 μόνον,
3118 4643 3258 4697 ἀλλὰ
3302 4644 3397 4697 καὶ
3427 4644 3594 4695 πᾶσι“
3619 4645 3734 4704 τοῖς

2159 4729 2360 4783 ἔθνεσι.
2416 4726 2674 4795 Διὸ’καὶ,
2708 4751 2727 4784 ι
2769 4732 3080 4803 ’Υμνοῦμέν
3114 4749 3196 4800 σε,
3230 4751 3248 4784 ι
3297 4733 3485 4804 φησὶν,
3524 4750 3543 4784 ι
3585 4733 3737 4786 εὐλο-

2160 4822 2366 4890 γοῦμέν
2401 4840 2483 4890 σε,
2513 4824 2932 4894 προσκυνοῦμεν
2966 4842 3049 4889 σε,
3097 4825 3490 4895 δοξολογοῦμέν
3538 4841 3619 4888 σε,
3647 4825 3736 4877 εὑ·-

2161 4918 2535 4989 χαριστοῦμέν
2597 4936 2703 4982 σοι,
2753 4918 2843 4971 διὰ
2893 4918 2994 4988 τὴν
3051 4918 3296 4989 μεγάλην
3346 4934 3440 4970 σου
3491 4916 3668 4981 δόξαν.
3708 4933 3728 4967 ι

2162 5011 2382 5081 Πλήρης
2408 5010 2517 5079 γὰρ
2545 5010 2573 5062 ὁ
2613 5011 2843 5079 οὐρανὸς
2891 5012 2986 5064 καὶ
3027 5013 3060 5081 ἡ
3094 5009 3166 5079 γῆ
3199 5012 3390 5078 γέγονε
3439 5009 3537 5074 τῆς
3574 5006 3734 5077 δόξης

2161 5104 2351 5155 αὑτοῦ.
2384 5102 2540 5165 Τίνος
2566 5119 2582 5166 ;
2614 5102 2721 5154 Τοῦ
2749 5103 2805 5154 ὲν
2836 5102 3029 5172 Τριάδι
3053 5100 3216 5155 Θεοῦ.
3246 5101 3337 5155 Διδ
3370 5102 3466 5155 καὶ
3493 5099 3736 5167 Θεολογεῖ

2158 5195 2192 5262 ἡ
2231 5192 2550 5262 Ἐκκλησία,
2601 5192 2802 5261 βοῶσα,
2858 5209 2879 5243 ι
2931 5192 3103 5261 Κύριε
3150 5192 3370 5264 βασιλεῦ
3419 5193 3730 5264 ἐπουράνιε,

2159 5283 2260 5335 Θεὲ
2292 5283 2472 5351 Πάτερ
2510 5282 2890 5354 παντοκράτορ
2911 5299 2927 5315 ο
2966 5282 3137 5354 Κύριε
3170 5282 3270 5336 Υίὲ
3301 5283 3588 5351 μονογενὲς
3628 5282 3735 5351 Ἰη-

2160 5372 2256 5426 σοῦ
2299 5374 2525 5444 Χριστὲ,
2560 5375 2657 5427 καὶ
2705 5375 2860 5442 ἅγιον
2907 5373 3154 5444 Πνεῦμα.
3192 5393 3212 5427 ι
3268 5373 3396 5428 Ἰδοὺ
3444 5376 3545 5439 τὰς
3580 5376 3731 5445 τρεῖς

2161 5465 2430 5535 ἐκήρυξεν
2464 5466 2791 5529 ὑποστάσεις
2823 5467 2883 5519 ὲν
2905 5468 3006 5536 μιᾷ
3039 5467 3285 5536 Θεότητι.
3319 5466 3409 5537 Τῷ
3442 5466 3571 5536 γὰρ,
3607 5467 3730 5518 «Ἐν

2165 5556 2408 5625 ὑψίστοις
2452 5556 2594 5627 Θεῷ,
2626 5576 2645 5609 ι
2693 5556 2875 5626 λέγειν
2909 5560 3024 5622 καὶ,
3066 5576 3085 5611 ι
3132 5556 3444 5628 Ὕμνοῦμέν
3491 5575 3575 5622 σε,
3615 5575 3635 5610 ι
3671 5556 3733 5611 τὺ

2161 5651 2360 5703 ἑνιαῖον
2423 5649 2682 5719 ἐδήλωσε.
2713 5650 2873 5719 222
2902 5649 2993 5719 Τῷ
3020 5649 3077 5703 δὲ
3106 5648 3346 5721 ἀριθμῷ,
3370 5648 3470 5711 τὰς
3495 5648 3734 5701 ὑποστά-

2163 5757 2275 5805 σεις
2336 5742 2716 5811 κατήγγειλεν.
2773 5737 2906 5794 Εἶτα
2947 5741 3044 5794 καὶ
3083 5739 3181 5812 τὴν
3226 5739 3320 5792 τοῦ
3363 5740 3505 5818 ’Θεοῦ
3550 5738 3728 5806 Λόγου

2159 5836 2438 5904 σάρκωσιν
2490 5835 2720 5903 ἁνυμνεϊ
2766 5833 3057 5904 λαμπρῶς,
3105 5832 3373 5900 ὲκϐοῶσα,
3420 5850 3439 5883 ι
3485 5830 3658 5900 Κύριε
3700 5830 3729 5883 ὁ
