4126 6268
405 402 511 464 573

1461 391 1468 400 ’
1569 399 1666 459 DE
1707 397 1950 458 SACRA
1982 399 2500 464 PRECATIONE.

3557 390 3664 452 574

405 514 538 576 Θεὸς
577 513 606 565 6
641 511 809 582 ἀμνὸς
842 509 930 563 τνιῦ
965 508 1132 576 Θεοῦ,
1173 529 1192 563 ι
1223 509 1333 565 ἀπὸ
1375 509 1471 564 τοῦ
1513 511 1738 565 Ἡσαΐου
1768 511 1862 566 καὶ
1888 509 1984 564 τοῦ

2113 511 2284 580 recipit
2320 522 2540 580 propter
2582 511 2891 580 passionem
2939 518 2996 565 et
3039 506 3410 572 occisionem;
3449 525 3467 557 ι
3494 502 3666 556 Filius

413 602 728 672 Προδρόμου
765 601 1030 668 λαϐοῦσα,
1058 601 1147 656 διὰ
1181 602 1242 655 τὸ
1277 601 1449 666 πάθος
1484 602 1578 654 καὶ
1606 601 1704 672 τὴν
1746 600 1982 672 σφαγὴν,

413 717 432 748 ε
456 697 512 749 '0
544 695 668 756 Υἱὸς
702 694 792 746 τοῦ
825 694 1060 766 Πατρὺς,
1095 713 1114 746 ι
1157 693 1266 746 ἀπὸ
1302 693 1398 746 τοῦ
1437 692 1775 762 Εὐαγγελίου
1820 692 1988 744 πλου-

412 789 602 853 τοῦσα,
631 808 648 838 ι
673 787 733 841 Ὀ
771 791 944 856 αἴρων
973 786 1070 856 τὴν
1095 788 1375 857 ἁμαρτίαν
1403 786 1496 840 τοῦ
1519 787 1746 854 κόσμου,
1767 785 1988 852 ἐλέησον

418 885 589 952 ἡμᾶς.
614 899 632 934 ι
666 901 698 933 ·ι
719 881 781 941 ’,Ο
814 882 986 952 αἴρων
1010 880 1106 942 τὰς
1139 879 1415 950 ἁμαρτίας
1443 877 1536 932 τοῦ
1563 879 1790 947 κόσμου,
1817 877 1988 948 πρόσ-

413 971 564 1034 δεξαι
591 971 690 1040 τὴν
719 972 905 1040 δέησιν
943 969 1122 1040 ἡμῶν,
1162 989 1182 1021 ι
1219 969 1327 1022 ἀπὸ
1372 967 1466 1021 τοῦ
1514 970 1737 1021 Ἡσαΐου
1767 968 1987 1037 ἔχουσα.

422 1085 438 1116 ι
485 1061 548 1116 '0
601 1062 913 1131 καθήμενος
963 1061 1028 1114 ὲκ
1081 1061 1272 1126 δεξιῶν
1328 1059 1421 1113 τοῦ
1483 1059 1714 1128 Πατρὸς,
1766 1059 1991 1126 ἐλέησον

417 1154 586 1222 ἡμᾶς,
621 1170 640 1202 ι
677 1152 784 1202 ἀπὸ
814 1150 908 1202 τοῦ
945 1151 1278 1218 Εὑαγγελίου
1301 1166 1315 1182 ο
1352 1169 1371 1200 ι
1426 1151 1484 1202 τὸ
1512 1150 1590 1210 δὲ,
1631 1147 1989 1216 Πρόσδεξαι,

419 1243 511 1296 καὶ
541 1242 624 1305 τὸ,
661 1242 984 1306 Ἐλέησον,
1013 1242 1121 1296 ἀπὸ
1144 1241 1238 1293 τοῦ
1271 1241 1452 1294 Δαϐίδ.
1481 1260 1499 1291 ι
1530 1241 1651 1294 Ὀτι
1678 1241 1740 1292 σὺ
1767 1237 1817 1292 εἴ
1837 1241 1994 1307 μὸνος

419 1335 596 1400 ἅγιος,
627 1335 693 1386 σὺ
727 1330 776 1386 εί
810 1335 967 1402 μόνος
990 1333 1220 1400 Κύριος,
1253 1332 1429 1400 Ἰησοῦ
1468 1332 1694 1400 Χριστὲ,
1724 1334 1804 1394 εἰς
1835 1331 1993 1394 δόξαν

419 1428 553 1481 Θεοῦ
619 1428 848 1497 Πατρός.
899 1427 1094 1497 Ἀμήν
1133 1445 1152 1478 ι
1195 1425 1305 1478 ἀπὺ
1353 1425 1446 1478 τοῦ
1498 1425 1708 1477 Παύλου
1735 1441 1749 1454 θ
1795 1441 1813 1474 ι
1854 1422 1994 1476 Καθ’

422 1519 657 1586 ἑκάστην
690 1517 906 1586 ἡμέραν
945 1516 1225 1583 εὐλογήσω
1253 1530 1334 1577 σε,
1363 1513 1456 1566 καὶ
1484 1513 1684 1564 αἰνέσω
1731 1509 1788 1562 τὸ
1823 1507 1997 1576 ὄνομά

424 1625 518 1665 σου
538 1613 616 1672 είς
635 1609 726 1663 τδν
747 1610 920 1661 αἰῶνα
939 1607 1032 1660 καὶ
1055 1609 1134 1669 είς
1156 1608 1246 1659 τὸν
1265 1607 1438 1658 αἰῶνα
1463 1605 1557 1657 τοῦ
1591 1603 1858 1668 αἱῶνοςχ»
1888 1602 1998 1655 ἀπὸ

421 1703 516 1756 ⁶τοῦ
547 1704 694 1754 Θείου
719 1700 884 1753 Δαϐίδ
903 1716 916 1731 ·
947 1699 1016 1753 τὰ
1043 1698 1209 1751 λοιπὰ
1235 1698 1292 1751 δὲ
1314 1698 1478 1767 εὐχῆς
1501 1697 1597 1749 καὶ
1617 1694 1877 1760 δεύσεως,
1902 1694 1998 1745 καὶ

427 1790 766 1862 προφητικά.

988 1877 1238 1933 ΚΕΦᾹΛ.
1285 1878 1429 1931 TlA'.

774 1971 917 2041 Περὶ
950 1966 1058 2026 τοῦ
1085 1971 1396 2038 τρισαγίου
1419 1969 1630 2036 ὕμνου.

495 2071 608 2123 Καὶ
626 2068 935 2120 τελευταῖον
957 2067 985 2118 6
1018 2063 1310 2132 ἀγγελικδς
1341 2063 1528 2132 ὕμνος,
1562 2061 1618 2122 6;
1647 2061 1711 2129 δὴ
1743 2061 1834 2113 καὶ
1863 2076 1999 2112 παν-

425 2161 516 2221 τὸς
541 2159 712 2229 ὕμνου
749 2155 985 2224 σφραγίς
1011 2168 1026 2182 ⁶
1057 2156 1139 2207 ὅτι
1175 2155 1266 2207 καὶ
1293 2156 1372 2216 είς
1397 2153 1491 2204 τὸν
1520 2153 1680 2219 μόνον
1705 2152 1838 2204 Θεὸν
1869 2152 2001 2203 ἀνα-

426 2253 651 2320 φέρεται
691 2249 791 2316 τὴν
834 2247 998 2316 ἁγίαν
1047 2245 1291 2315 Τριάδομ
1327 2262 1344 2294 ι
1375 2244 1564 2311 ’Ἄγιος
1601 2245 1628 2295 6
1657 2243 1812 2308 Θεδς,
1844 2242 1998 2309 ἆγιος

429 2341 668 2412 ἰσχυρὸς,
695 2330 849 2408 ἅγιος
881 2339 1164 2399 ἀθάνατος,
1192 2337 1413 2406 ἐλέησον
1441 2337 1609 2402 ἡμᾶς.
1640 2355 1659 2386 ι
1689 2335 1857 2395 Οἰτος
1881 2335 1938 2386 δὲ
1971 2335 1999 2386 6

428 2434 617 2501 ὕμνος,
660 2433 733 2495 ῶς
765 2433 854 2484 καὶ
883 2431 1316 2500 προειρήκαμεν,
1351 2427 1560 2480 ἄνωθεν
1590 2424 2000 2492 συντεθειμένος

429 2525 580 2577 ἐστὶν
611 2525 717 2578 ἀπὺ
761 2523 871 2576 τῶν
903 2522 1158 2591 Πατέρων
1202 2512 1293 2573 καῖ
1339 2520 1550 2589 μεγάλη
1584 2518 1885 2583 δοξολογία,
1922 2517 1998 2578 ὡς

429 2614 663 2683 ἔφημεν,
689 2613 908 2682 λέγεται
933 2629 948 2644 ο
977 2615 1071 2666 καὶ
1104 2612 1283 2664 πάντα
1307 2611 1501 2662 πιστὸν
1544 2610 1626 2662 δεῖ
1655 2611 1883 2679 μελετᾷν
1907 2608 2002 2660 xal.

413 2707 723 2775 ’γινώσκειν
746 2706 935 2778 αὐτὴν,
966 2707 1060 2760 καὶ
1092 2705 1214 2760 καθ’
1247 2705 1485 2780 ὲκᾴστην
1523 2702 1736 2772 ἡμέραν
1760 2703 1906 2772 πρωΐ
1940 2719 2001 2754 τε

405 2801 520 2853 οιαὶ
547 2798 785 2867 ἑσπέρας
825 2797 902 2866 τῷ
931 2796 1052 2866 Θεῷ
1089 2797 1457 2864 ἀναπέμπειν,
1495 2795 1578 2847 ὅτι
1611 2793 1706 2846 καὶ
1741 2791 2002 2860 ὁμολογία

425 2889 522 2941 καὶ
569 2886 848 2953 δοξολογία
899 2888 996 2955 τῆς
1051 2886 1214 2953 ἁγίας
1271 2885 1500 2954 Τριάδος
1546 2884 1663 2936 ἐστὶ
1690 2882 1796 2936 »τοῦ
1836 2883 1999 2950 μόνου

427 2980 586 3043 Θεοῦ,
622 2982 720 3034 καὶ
749 2981 849 3048 τῆς
881 2977 1212 3046 σαρκώσεως
1253 2980 1346 3030 καὶ
1380 2978 1714 3044 οἰκονομίας,
1759 2973 2001 3045 σταυρώ·

432 3074 568 3136 σεὼς
609 3089 668 3125 τε
714 3071 809 3125 καὶ
843 3069 1178 3138 ἁνυψώσεως
1219 3067 1314 3121 τοῦ
1349 3069 1468 3132 ἐνὸς
1501 3072 1600 3139 τῆς
1643 3068 1874 3138 Τριὰδος
1906 3067 2001 3120 τοῦ

2091 601 2298 656 Patris:
2321 620 2384 659 ex
2411 603 2702 674 Evangelio
2723 602 3104 672 locupletatus.
3128 599 3259 665 «Qui
3285 597 3428 652 tollis
3447 602 3664 665 peccata

2093 695 2306 761 mundi,
2344 697 2604 750 miserere
2640 697 2796 750 nobis
2824 712 2840 763 ;
2873 696 2964 764 qui
3014 692 3160 747 tollis
3197 701 3416 761 peccata
3451 687 3660 751 mundi,

2091 787 2307 856 suscipe
2333 788 2769 855 deprecationem
2819 766 3096 849 nostram,
3125 803 3143 835 ι
3187 781 3330 850 quod
3386 780 3552 834 sumit
3600 775 3668 830 ab

2091 879 2249 934 Isaia.
2305 881 2454 946 «Qui
2510 881 2668 934 sedes
2721 879 2785 932 ad
2836 879 3117 932 dexteram
3173 874 3372 936 Patris,
3406 872 3669 924 miserere

2093 974 2316 1034 nobis,»
2383 974 2487 1026 hoc
2544 973 2611 1026 ab
2671 971 2962 1038 Evangelio
3026 970 3301 1031 sumitur;
3345 966 3432 1018 illa
3495 977 3659 1017 vero:

2096 1063 2322 1132 Suscipe
2357 1071 2411 1118 et
2439 1065 2720 1127 miserere,
2755 1079 2783 1114 a
2826 1063 3045 1115 Davide.
3079 1079 3096 1110 ι
3124 1061 3392 1124 Quoniam
3427 1065 3481 1109 tu
3517 1055 3666 1108 solus

2094 1164 2338 1218 sanctus,
2389 1165 2442 1208 tu
2471 1156 2622 1209 solus
2663 1155 2944 1216 Dominus,
2981 1151 3110 1205 Jesu
3142 1151 3377 1210 Clu-iste,
3413 1149 3465 1200 in
3498 1147 3667 1215 gloria

2098 1246 2190 1301 Dei
2226 1245 2423 1302 Patris.
2462 1248 2654 1309 Amen,
2687 1265 2706 1296 ι
2743 1245 2886 1312 quod
2929 1260 2956 1296 a
2992 1243 3157 1296 Paulo
3189 1243 3476 1308 accipitur.
3518 1259 3534 1289 ι
3571 1239 3674 1290 Per

2097 1339 2342 1408 singulos
2390 1339 2506 1392 dies
2566 1337 2880 1391 benetlicam
2935 1337 3138 1397 tibi,et
3193 1333 3418 1386 laudabo
3472 1346 3671 1384 nomen

2103 1439 2252 1482 tuum
2302 1429 2355 1481 in
2388 1428 2645 1481 szeculum
2698 1437 2750 1478 et
2783 1429 2833 1479 in
2867 1427 3123 1480 saeculum
3151 1424 3334 1478 saarnli
3374 1441 3391 1473 ι
3434 1438 3459 1474 a
3489 1421 3675 1474 divino

2053 1523 2059 1529 '
2100 1519 2300 1574 Davide
2347 1530 2647 1574 mutuatur.
2699 1519 2903 1572 Caetera
2954 1529 3132 1570 autem
3183 1516 3247 1568 ad
3302 1512 3571 1568 oratimiis
3623 1520 3677 1564 et

2099 1611 2501 1679 deprecationis
2557 1610 2778 1665 modum
2815 1609 3054 1664 referunt
3105 1617 3158 1661 et
3209 1607 3276 1660 ad
3321 1605 3673 1689 prophetiam

2099 1713 2370 1772 spectant.

2622 1876 2850 1933 CAPUT
2899 1876 3171 1934 CCCXIV.

2599 1969 2674 2024 De
2721 1973 2910 2041 hymno
2947 1970 3188 2040 trisagio.

2178 2067 2464 2128 Postremo
2514 2071 2769 2118 cantatur
2822 2063 3054 2134 hymnus
3113 2059 3391 2131 angelicas
3443 2059 3534 2129 qui
3595 2066 3682 2113 est

2110 2157 2405 2227 cujuslibet
2437 2156 2620 2225 hymni
2663 2155 2924 2223 sigillum,
2953 2154 3213 2221 quoniam
3269 2153 3378 2208 Deo
3408 2151 3522 2206 solo
3554 2165 3684 2205 san-

2104 2261 2204 2304 cta!
2234 2247 2494 2302 Trinitati
2541 2247 2831 2301 exhibetur
2865 2251 2882 2298 ε
2936 2263 2954 2296 ι
2988 2245 3222 2300 Sanctus
3253 2244 3414 2309 Deus,
3457 2254 3680 2299 sanctus

2114 2343 2295 2407 fortis,
2333 2350 2555 2395 sanctus
2579 2341 2922 2402 immortalis,
2956 2342 3215 2395 miserere
3253 2341 3430 2395 nobis.
3467 2358 3485 2390 ι
3515 2339 3676 2404 Atqui

2116 2437 2351 2503 hymnus
2394 2434 2514 2494 iste,
2551 2445 2700 2499 prout
2729 2431 2843 2501 jain
2868 2447 3033 2499 supra
3057 2432 3316 2492 diximus,
3341 2430 3681 2498 compositus

2107 2533 2193 2578 est
2217 2539 2283 2578 ex
2322 2524 2501 2576 verbis
2535 2522 2778 2584 Patrum,
2807 2533 2861 2575 et
2903 2537 3096 2590 magna
3136 2523 3336 2576 dicitur
3369 2521 3681 2590 doxologia,

2108 2616 2566 2688 quemadmodum
2618 2614 2781 2669 locuti
2844 2628 3054 2679 sumus,
3109 2613 3426 2682 fidelemqne
3467 2629 3683 2668 omnem

2109 2716 2324 2777 Oportet
2384 2721 2503 2760 eam
2565 2705 2812 2758 meditari
2861 2719 2924 2758 ac
2981 2719 3331 2770 cognoscere,
3387 2704 3687 2774 diebusque

2110 2799 2341 2868 singulis
2395 2813 2554 2850 mane
2616 2807 2668 2850 et
2727 2812 2948 2870 vespere
2997 2812 3114 2849 eam
3167 2795 3274 2849 Deo
3335 2811 3685 2858 conservare,

2109 2893 2367 2958 quoniam
2400 2889 2672 2944 confessio
2701 2896 2785 2942 est
2805 2897 2859 2941 et
2887 2887 3206 2958 glorificatio
3231 2896 3430 2941 sanctae
3454 2887 3691 2939 Tl'illlla-

2107 2985 2176 3038 tis
2228 2982 2398 3036 solius
2452 2981 2566 3045 Dei,
2622 2994 2833 3034 necnon
2889 2979 3305 3039 incarnationis,
3345 2977 3686 3043 mcouomiar,

2114 3074 2492 3130 crucifixionis
2549 3081 2603 3126 et
2637 3072 2978 3128 ascensionis
3012 3071 3174 3125 unius
3207 3087 3236 3125 e
3267 3069 3536 3124 Triuitate
3565 3085 3690 3138 per-

430 3162 564 3214 Θεοῦ
609 3161 782 3228 Λόγου
823 3159 1148 3230 ἀνύμνησις,
1190 3159 1283 3212 καὶ
1336 3159 1518 3213 ἱκεσία
1565 3156 1909 3229 εὐχάρὶστοε,
1946 3163 2001 3214 ὲν

2113 3183 2280 3231 sonte,
2317 3167 2405 3219 Dei
2457 3164 2620 3220 Verbi
2667 3165 2924 3226 laudatio:
2962 3174 3016 3218 et
3067 3165 3338 3218 invocatio
3389 3179 3513 3216 cum
3564 3178 3692 3230 gra-

433 3254 616 3324 ἡμέρᾳ
663 3270 722 3306 τε
765 3252 858 3305 καὶ
903 3252 1060 3305 νυκτὶ
1099 3252 1246 3321 πάσῃ
1291 3251 1647 3322 ἐξαιτουμένη
1689 3255 2004 3324 ἀναμαρτή·

435 3362 554 3409 τους
601 3345 938 3415 φυλαχθῆναι
971 3345 1140 3414 ἡμᾶς,
1171 3345 1267 3398 καὶ
1311 3344 1371 3396 τὸ
1415 3344 1564 3406 ἕλεος
1603 3344 1697 3397 τοῦ
1739 3345 1874 3398 Θεοῦ
1908 3347 2004 3412 (ὡς

434 3438 743 3507 ἐλπίζομεν)
777 3442 833 3492 ὲν
873 3440 1006 3507 ἡμῖν
1043 3437 1323 3506 γενέσθαι,
1367 3437 1461 3489 καὶ
1492 3437 1818 3508 καταφυγὴν
1847 3438 2004 3509 ἡμῶν

433 3531 694 3597 γεγονότα
727 3530 819 3582 τὸν
853 3525 1060 3600 Κύριον
1087 3529 1173 3582 διὰ
1203 3531 1300 3596 τῆς
1324 3528 1822 3598 ένανθρωπήσεως,
1856 3530 2009 3599 ὲλεῆο

435 3638 526 3675 σαι
561 3623 732 3690 ἡμᾶς,
771 3620 832 3674 τὸ
869 3639 888 3673 ε
911 3621 1188 3692 Ἐλέησον,
1219 3638 1238 3671 ι
1279 3619 1417 3690 μετὰ
1447 3618 1539 3672 τοῦ
1578 3619 1743 3672 Δαόἱδ
1774 3619 2008 3673 ἐκϐοῶν-

436 3730 558 3775 τας,
583 3715 679 3766 καὶ
716 3732 734 3763 ι
770 3715 916 3766 ἴασαι
951 3713 1052 3783 τὴν
1076 3714 1253 3782 ψυχήν
1289 3729 1414 3781 μου,
1445 3713 1524 3764 ὅτι
1557 3713 1804 3783 ἦμαρτόν
1843 3729 1948 3766 σοι.
1983 3731 2002 3764 ι

452 3805 583 3860 ’ἰδοὺ
627 3806 798 3858 ταῦτα
825 3805 1214 3875 ἐξομολόγησις
1241 3819 1258 3837 ο
1296 3808 1389 3857 καὶ
1423 3806 1505 3858 ὅτι
1542 3823 1560 3856 ι
1593 3806 1735 3874 Πρὸς
1767 3805 1824 3858 σὲ
1849 3807 2011 3857 κα.τέ-

439 3913 614 3963 φυγον
641 3894 737 3966 τὴν
760 3895 866 3948 τῶν
893 3896 1027 3949 ὅλων
1055 3897 1374 3965 καταφυγήν
1396 3913 1410 3929 ο
1453 3915 1471 3945 ι
1506 3897 1620 3958 καὶ,
1647 3915 1664 3947 ι
1691 3897 1908 3962 Δίδαξόν
1942 3914 2008 3966 με

439 3987 534 4039 τοῦ
563 3988 744 4038 ποιεῖν
789 3985 852 4037 τὸ
879 3984 1089 4054 Θέλημὰ
1134 4002 1227 4037 σου
1252 4002 1269 4018 ο
1295 3985 1377 4038 ὅτι
1412 3984 1475 4036 σὺ
1520 3979 1573 4036 εἴ
1606 3985 1634 4036 6
1664 3985 1796 4048 Θεός
1831 4003 1956 4053 μου,
1985 3987 2012 4038 ὁ

438 4081 628 4152 Πατὴρ
647 4080 744 4131 σὺν
761 4077 839 4147 τῷ
859 4077 968 4146 Υἱῷ
989 4077 1082 4130 καὶ
1101 4077 1176 4144 τῷ
1198 4077 1495 4147 Πνεύματι.
1520 4095 1537 4127 ι
1564 4077 1655 4128 Διὸ
1676 4077 1770 4130 καὶ
1790 4078 2008 4143 ἐπάγει,

445 4195 463 4228 ι
483 4176 607 4228 Ὅτι
646 4173 799 4243 παρὰ
844 4171 923 4224 σοὶ
966 4171 1119 4240 πηγὴ
1155 4169 1322 4238 ζωῆς,
1357 4188 1374 4220 ι
1405 4168 1466 4221 τὸ
1494 4167 1716 4235 Πνεῦμα
1742 4167 1804 4220 τὸ
1833 4168 2010 4234 ἅγιον.

442 4288 462 4321 r
493 4269 588 4321 Ἐν
642 4266 718 4334 τῷ
765 4263 904 4334 φωτί
943 4279 1062 4326 σου,
1096 4280 1114 4312 ι
1163 4261 1242 4328 τῷ
1285 4261 1565 4329 Πνεῦματι
1596 4259 1794 4330 τούτῳ,
1831 4278 1848 4311 ‹
1882 4260 2012 4328 ὀψό-

443 4359 582 4430 μεθα
611 4357 748 4426 φῶς,
781 4375 798 4407 ι
854 4354 948 4408 τὸν
982 4353 1135 4410 Υίόν.
1173 4373 1192 4404 ‹
1234 4353 1568 4422 Παράτεινον
1613 4351 1674 4404 τὸ
1715 4351 1864 4416 ἔλεός
1918 4369 2011 4404 σου

409 4439 551 4512 ’τοῖς
588 4445 922 4516 γινώσκουσί
971 4461 1056 4509 σε,
1088 4443 1178 4496 τὸν
1204 4441 1458 4510 ἀληθινὸν
1483 4443 1616 4495 Θεὸν
1663 4443 1757 4496 καὶ
1795 4445 2016 4512 Πατέρα

2113 3259 2307 3314 tiarunt
2348 3257 2579 3320 actione,
2609 3271 2716 3326 qua
2747 3256 2893 3309 omni
2937 3257 3022 3310 die
3055 3271 3118 3309 ac
3152 3265 3310 3308 nocte
3339 3253 3692 3307 obsecramus

2118 3362 2176 3406 ut
2236 3350 2354 3406 sine
2400 3360 2624 3419 peccato
2664 3349 3058 3412 custodiamur,
3105 3357 3273 3415 utque
3317 3345 3690 3400 misericordia

2127 3445 2220 3497 Dei
2253 3443 2419 3514 (sicut
2454 3444 2762 3511 speramus)
2809 3441 2903 3495 fiat
2948 3455 3114 3508 super
3164 3456 3288 3506 nos,
3337 3448 3388 3493 et
3428 3438 3693 3492 Dominus

2120 3533 2393 3600 refugium
2425 3541 2669 3586 nostrum
2706 3545 2800 3599 per
2832 3531 3262 3584 incarnationem
3322 3531 3492 3582 faetus
3537 3527 3696 3582 misc-

2119 3635 2305 3680 rcatur
2333 3625 2541 3688 nostri,
2577 3625 2876 3676 clamantes
2924 3632 3048 3691 post
3084 3623 3364 3685 Davidem,
3392 3640 3410 3672 ‹
3436 3621 3693 3674 Miserere

2131 3719 2236 3771 mei
2293 3725 2348 3770 et
2381 3731 2513 3769 sana
2572 3717 2810 3769 animam
2861 3730 3058 3776 meam,
3092 3718 3219 3783 quia
3255 3716 3472 3781 peccavi
3515 3713 3631 3766 tibi.
3668 3732 3687 3764 ι

2121 3809 2261 3864 Ecce
2291 3810 2344 3863 in
2383 3807 2464 3860 his
2502 3805 2794 3868 confessio,
2826 3813 2879 3858 et
2907 3806 3128 3874 insuper
3164 3821 3180 3872 ;
3230 3803 3309 3856 Ad
3365 3813 3415 3858 te
3452 3803 3695 3871 confugi,

2122 3903 2214 3972 qui
2254 3916 2312 3956 es
2345 3901 2725 3955 universorum
2775 3899 3062 3968 refugium,
3098 3907 3151 3952 et
3199 3897 3332 3950 doce
3381 3911 3466 3950 me
3518 3897 3697 3948 facere

2125 3994 2463 4047 voluntatem
2530 3999 2704 4056 tuam,
2770 3990 3028 4059 quoniam
3105 3990 3244 4042 Deus
3294 4003 3449 4041 mens
3503 4003 3562 4041 es
3617 3997 3695 4040 In.

2121 4082 2284 4136 Pater
2309 4099 2428 4136 cum
2458 4081 2596 4136 Filio
2639 4091 2695 4137 et
2731 4081 2955 4151 Spiritu.
2987 4098 3006 4131 ι
3037 4080 3158 4133 Ideo
3198 4080 3371 4148 pergit
3419 4077 3651 4132 dicendo
3680 4096 3693 4131 :

2127 4189 2147 4224 ι
2180 4171 2333 4241 Apud
2370 4182 2423 4225 te
2445 4182 2528 4226 est
2557 4173 2679 4225 fons
2710 4173 2851 4235 vitae,
2879 4171 3116 4240 Spiritus
3143 4178 3386 4224 sanctus.
3413 4169 3467 4221 In
3494 4169 3696 4221 lumine

2127 4271 2243 4325 tuo,
2280 4277 2492 4329 nempe,
2524 4263 2629 4315 isto
2661 4260 2890 4326 Spiritu,
2917 4261 3219 4314 videbimus
3244 4259 3449 4324 lumen,
3475 4256 3696 4311 Filium.

2130 4339 2371 4408 Extende
2421 4354 2850 4408 misericordiam
2889 4362 3035 4406 tuam
3090 4355 3169 4407 eis
3221 4352 3318 4421 qui
3355 4359 3698 4421 cOgnoscunt

2128 4453 2180 4500 te
2217 4461 2403 4500 verum
2437 4445 2606 4498 Deum
2637 4455 2688 4500 et
2727 4443 2945 4498 Patrem
2980 4457 3106 4498 cum
3146 4441 3318 4496 Verbo
3355 4452 3450 4497 tuo
3488 4451 3542 4496 et
3579 4439 3702 4508 Spi-

441 4543 538 4596 σὺν
571 4540 650 4608 τῷ
681 4538 840 4606 Λόγῳ
871 4552 965 4588 σου
997 4537 1087 4587 καὶ
1117 4533 1194 4603 τῷ
1224 4533 1500 4603 Πνεῦματι
1523 4535 1612 4588 διὰ
1641 4536 1738 4606 τῆς
1761 4536 1852 4588 τοῦ
1883 4536 2004 4588 Υἱοί

2120 4535 2226 4590 ritu
2263 4552 2356 4603 per
2388 4536 2819 4590 incarnationem
2856 4535 2976 4589 Filii
3019 4535 3136 4599 tui;
3164 4544 3493 4604 quapropter
3516 4535 3699 4588 statim

441 4652 536 4687 σου
571 4627 925 4701 σαρκώσεως.
963 4644 982 4677 ι
1016 4624 1108 4677 Διὸ
1141 4625 1236 4677 καὶ
1280 4625 1440 4688 εὐθὺς
1493 4627 1689 4697 ἐπάγει
1727 4626 1819 4680 τδν
1852 4629 2019 4697 Τρισ-

441 4728 598 4794 άγιον
626 4723 817 4788 ὕμνον.

1006 4838 1260 4894 ΚΕΦΛΛ.
1304 4843 1370 4894 Τι
1381 4841 1454 4898 E'.

444 4932 593 4998 Ὅρα
622 4936 704 4999 τις
735 4931 772 5001 ἡ
795 4927 1020 5005 γνῶσις
1045 4933 1152 4987 τοῦ
1182 4935 1516 5005 Τρισαγίου,
1549 4955 1566 4988 ε
1595 4934 1808 5005 Ἄγιος,
1829 4931 2021 5001 ἅγιος,

901 5001 1089 5071 ἅγιος,
1120 5023 1136 5053 ι
1173 5003 1270 5056 καὶ
1293 5003 1364 5055 τὰ
1388 5005 1556 5072 ἑξῆς.

523 5095 686 5150 Ἀλλὰ
716 5096 868 5165 παρὰ
907 5097 1009 5163 μὲν
1040 5096 1152 5150 τῶν
1181 5097 1435 5164 ἀγγέλων
1477 5103 1503 5151 ὁ
1539 5098 1729 5168 ὕμνος,
1761 5099 1836 5162 ὡς
1868 5097 2024 5167 παρὰ

444 5187 535 5242 τοῦ
600 5186 832 5240 Ἦσαῐου
897 5185 1185 5254 ἔγνωμεν,
1237 5185 1413 5250 οὕτως
1470 5187 1690 5260 ᾄδεται·
1756 5189 2021 5257 «Ἄγιος,

445 5281 621 5350 ἅγιος,
659 5280 812 5346 ἅγιος
840 5278 1046 5347 Κύριος
1073 5278 1324 5334 Σαϐαὼθ.
1357 5279 1576 5349 Πλήρης
1616 5281 1644 5331 ὁ
1669 5281 1901 5350 οὐρανὸς
1930 5282 2026 5333 καὶ

450 5375 484 5444 ἢ
521 5374 594 5443 Υῆ
630 5375 728 5442 τῆς
763 5372 925 5441 δόξης
953 5370 1142 5423 αὑτοῦ.
1185 5389 1202 5420 ι
1233 5373 1438 5424 Τούτου
1473 5373 1528 5424 δὲ
1575 5373 1833 5442 ήγνῶσις
1861 5372 2024 5442 αὕτη,

446 5467 517 5528 ὡς
548 5467 676 5534 παρ’
700 5464 1022 5518 Ἀθανασίου
1053 5465 1149 5517 καὶ
1167 5464 1276 5517 τῶν
1302 5463 1508 5518 λοιπῶν
1535 5466 1794 5535 Πατέρων
1827 5466 2026 5534 ἐμάθο-

447 5573 588 5627 μεν⁴
627 5575 646 5607 r
677 5557 870 5623 Ἄγιος
925 5557 953 5608 6
1011 5553 1220 5623 Πατὴρ,
1281 5555 1439 5622 ἅγιος
1500 5557 1528 5608 6
1577 5556 1724 5618 Υἱὸς,
1767 5555 1922 5624 ᾇγιος
1965 5555 2026 5609 τὸ

446 5649 674 5717 Πνεῦμα
731 5647 792 5700 τὸ
849 5647 1077 5714 ἅγιον.)
1153 5647 1279 5700 Ἰδοὶ)
1341 5648 1397 5700 αἱ
1463 5650 1612 5716 τρεῖς
1673 5647 2022 5710 ὑποστάσεις.

452 5739 706 5807 ιιΚύριος
736 5737 992 5793 Σαϐαὼθ.
1027 5757 1046 5790 ι
1091 5738 1222 5791 Ἰδοὺ
1255 5737 1316 5791 τὸ
1361 5737 1418 5790 ἓν
1464 5738 1564 5806 τῆς
1597 5738 1888 5808 Θεόεητος,
1929 5739 2024 5791 καὶ

447 5833 549 5896 τῆς
584 5830 800 5896 φύσεως
851 5835 913 5884 τὸ
946 5831 1254 5897 μοναδικδν,
1287 5833 1383 5888 καὶ
1431 5833 1629 5889 ἐνιαῖον
1675 5832 1776 5898 τῆς
1832 5833 2012 5898 δόξης.

2129 4644 2352 4699 quoque
2382 4629 2530 4684 addit
2567 4629 2825 4699 hymnum
2865 4626 3177 4696 Trisagiou.

2667 4833 2895 4891 CAPUT
2923 4833 3096 4889 CCCX
3109 4833 3170 4887 V.

2133 4933 2389 4998 Qua'nnm
2433 4929 2689 4983 sententia
2718 4929 2966 4997 Trisagii,
3005 4947 3022 4978 ι
3048 4926 3296 4994 Sanctus,
3323 4940 3557 4992 sanctus,
3579 4945 3702 4982 san-

2762 5010 2896 5057 ctus,
2928 5016 2946 5048 ι
2971 5008 3070 5052 etc.

2204 5093 2343 5148 Tum
2378 5093 2617 5162 hymnus
2655 5095 2722 5149 ab
2763 5095 2970 5164 angelis
2997 5094 3237 5164 quidem,
3277 5105 3437 5164 prout
3469 5095 3536 5148 ab
3569 5093 3707 5146 Isaia

2129 5185 2436 5249 didicimus,
2460 5186 2538 5239 sic
2561 5195 2848 5250 cantatur;
2883 5203 2906 5236 ι
2931 5183 3188 5247 Sanctus,
3212 5195 3454 5247 sanetus,
3484 5193 3708 5237 sanctus

2136 5276 2396 5330 Dominus
2430 5275 2707 5342 Sabaoth;
2747 5275 2888 5344 pleni
2921 5286 3051 5330 sunt
3099 5275 3222 5328 ωειί
3269 5284 3324 5328 et
3351 5283 3494 5328 terra
3534 5273 3706 5342 gloria
3752 5293 3756 5296 ’

2133 5370 2290 5438 ejus;
2319 5387 2337 5420 ι
2369 5369 2487 5436 ejus
2519 5375 2702 5420 autem
2739 5367 2852 5422 haec
2876 5376 2960 5420 est
2987 5367 3138 5421 notio
3172 5381 3332 5434 quam
3367 5367 3438 5421 ab
3469 5353 3712 5422 Athana-

2135 5462 2216 5516 sio
2269 5461 2590 5528 rectorisque
2647 5459 2904 5514 Patribus
2955 5459 3266 5526 accepimus
3324 5463 3340 5512 ε
3410 5476 3428 5511 ι
3475 5457 3711 5515 Sanctus

2134 5553 2319 5617 Pater,
2361 5562 2588 5607 sanctus
2621 5552 2810 5614 Filius,
2843 5561 3066 5605 sanctus
3111 5551 3348 5620 Spiritus
3405 5561 3648 5607 sanctus.
3683 5571 3704 5605 ι

2134 5645 2215 5700 Εη
2248 5656 2357 5719 tres
2389 5661 2666 5716 personas.
2718 5665 2735 5698 ι
2774 5646 3032 5700 Dominus
3063 5646 3329 5712 Sabaoth,
3361 5663 3382 5698 ι
3433 5660 3561 5700 ecce
3591 5647 3713 5700 uni-
3747 5701 3752 5706 ,

2133 5748 2216 5794 tas
2245 5739 2493 5802 Deitatis,
2531 5738 2716 5795 unitas
2759 5747 2986 5805 natura,
3023 5741 3206 5794 unitas
3235 5739 3440 5809 gloriae.
3480 5738 3602 5793 Ideo
3631 5739 3712 5793 ter

2125 5833 2274 5898 dicit,
2313 5845 2562 5899 sanetus,
2591 5843 2810 5902 propter
2853 5840 2962 5888 tres
3023 5847 3305 5896 personas.
3331 5840 3387 5889 et
3409 5830 3578 5888 semel
3608 5830 3708 5885 Do-
