4108 6262
459 271 564 334 579

1207 253 1590 319 SYMEONIS
1621 250 2390 313 THESSALUNICENSIS
2430 251 2801 315 ARCHIEP.

3607 260 3716 324 58)

461 381 704 441 secundo
754 387 1106 447 personarum
1161 383 1453 425 numerum
1506 373 1730 436 propter
1784 361 2069 434 proprie-4

2160 361 2314 431 ιμῶν,
2375 380 2394 415 ι
2451 359 2547 416 τοῦ
2594 363 2749 430 Υίοῦ,
2806 382 2826 416 ι
2879 365 3143 429 Δέσποτα,
3195 373 3554 440 συγχώρησον
3615 375 3718 432 τὰς

394 524 399 530 .
465 485 642 537 tates,
688 470 870 525 Pati-is
919 467 1130 523 seilicet
1171 483 1184 518 :
1227 482 1244 515 ι
1286 461 1555 524 Domine,
1601 457 1869 528 propitius
1920 464 2038 510 esto

403 600 406 602 η
468 567 711 640 peccatis
746 561 984 626 nostris;
1025 577 1043 610 ι
1079 557 1202 611 Filii
1235 571 1250 610 :
1286 572 1304 605 σ
1333 554 1583 616 Domine,
1632 552 1850 620 ignosce
1910 561 2040 618 pec-

467 664 603 718 cutis
639 657 879 720 nostris;
922 672 940 704 δ
982 651 1157 707 sancti
1193 660 1372 703 autem
1419 645 1654 715 Spiritus
1686 660 1700 697 :
1738 661 1755 694 ε
1798 641 1996 696 Sancte
2021 679 2037 705 ,

471 755 678 816 inspice
719 756 772 801 et
821 761 955 801 sana
1008 741 1356 797 inﬁrmitates
1396 749 1648 802 nostras;
1706 754 1724 786 ι
1782 743 1835 789 et
1883 733 2040 788 tertio

470 846 632 896 trium
691 853 1048 910 personarum
1105 836 1369 889 unitatem
1415 847 1480 885 ex
1527 830 1614 883 his
1666 845 1681 882 :
1733 844 1752 878 ι
1813 825 2044 894 Propter

474 949 669 986 nomen
709 942 897 994 tuum,
948 948 965 980 ι
1004 928 1266 981 Dominus
1299 920 1516 992 quidem
1559 919 1748 980 Pater,
1782 919 2039 986 quoniam

474 1025 735 1078 Dominus
766 1021 956 1082 Filius,
994 1019 1255 1072 Dominus
1285 1016 1520 1084 Spiritus
1559 1022 1783 1065 sanctus
1817 1019 2039 1078 propter

473 1114 992 1170 consubstantialem
1021 1121 1266 1164 naturam
1291 1124 1306 1174 ;
1333 1120 1439 1160 una
1453 1104 1601 1159 enim
1634 1103 1799 1156 trium
1831 1109 1913 1154 est
1938 1099 2040 1152 do-

478 1208 706 1264 minatio
751 1216 804 1259 et
848 1221 991 1257 unus
1025 1203 1285 1268 solusque
1325 1201 1464 1253 Deus
1505 1205 1590 1251 est
1621 1193 1896 1259 Trinitas;
1938 1192 2044 1244 Do-

475 1300 658 1353 minus
689 1299 852 1350 etiam
888 1293 1083 1357 Filius,
1105 1291 1364 1361 quoniam
1398 1288 1558 1342 Pater
1591 1286 1845 1339 omnibus
1872 1284 2046 1336 domi-

474 1385 658 1454 natur,
698 1404 905 1443 necnon
961 1388 1202 1456 Spiritus
1260 1391 1518 1454 sanctus;
1584 1387 1804 1432 sanctus
1861 1384 2041 1427 autem

475 1484 754 1548 Spiritus,
790 1480 1052 1550 quoniam
1107 1479 1301 1532 sancti’
1340 1485 1467 1530 sunt
1526 1473 1680 1526 Pater
1737 1480 1789 1523 et
1845 1468 2040 1521 Filius.

472 1575 619 1630 lstud
665 1573 886 1643 quidem
925 1589 938 1626 :
984 1589 1003 1623 ι
1058 1571 1327 1634 Domine,
1373 1567 1634 1621 miserere
1680 1563 1870 1626 nobis,
1918 1578 1937 1611 ι
1978 1575 2040 1613 ex

471 1672 641 1726 David
683 1671 956 1736 sumitur,
1009 1669 1142 1724 illud
1177 1682 1304 1722 vero
1346 1685 1358 1720 :
1399 1684 1416 1716 ‹
1462 1663 1733 1731 Propitius
1763 1671 1882 1714 esto
1922 1673 2046 1728 pec—

2139 453 2372 522 ἀνομίας
2423 455 2579 524 ἡμῖν,
2633 473 2653 507 ι
2711 457 2804 510 τοῦ
2863 448 3020 526 ἁγίου
3075 459 3416 529 Πνεύματος,
3464 481 3484 515 ε
3537 463 3721 532 Ἀγιε,

2141 545 2459 618 ἐπίσκεψαι,
2495 548 2590 601 καὶ
2626 549 2777 604 ῐασαι
2809 550 2909 612 τὰς
2958 551 3244 616 ἀσθενείας
3283 553 3443 624 ἡμῶν
3469 570 3486 587 ο
3541 574 3563 609 ο
3624 559 3722 611 καὶ

2142 641 2305 694 πάλιν
2364 639 2524 705 αὖθις
2578 641 2638 694 τὸ
2677 644 2880 697 ὲνιαϊον
2931 643 3039 696 τῶν
3076 645 3263 714 τριῶν,
3307 665 3327 698 ι
3369 647 3596 702 Ἕνεκεν
3629 651 3720 704 τοῦ

2141 733 2407 802 ὀνόματός
2441 751 2556 788 σου.
2615 753 2634 786 ι
2682 735 2790 788 Καὶ
2819 738 2847 788 6
2881 737 2978 804 μὲν
3013 736 3202 808 Πατὴρ
3232 739 3458 810 Κύριος,
3495 741 3579 795 ὅτι
3629 743 3720 796 καὶ

2143 827 2348 897 Κύριος
2373 830 2400 881 ὁ
2427 827 2576 891 Υἱὸς,
2609 831 2703 881 καὶ
2730 828 2929 898 Κύριος
2959 829 3019 882 τὸ
3047 831 3294 900 Πνεῦμα,
3321 833 3410 886 διὰ
3438 833 3498 886 τὸ
3525 836 3721 902 ὀμοού-
3753 854 3757 858 π

2146 933 2278 981 σιον,
2313 919 2437 970 ἐπεὶ
2495 917 2592 982 μία
2648 919 2908 988 κυριότης
2955 919 3063 971 τῶν
3095 920 3288 990 τριῶν,
3340 925 3430 975 καὶ
3469 919 3548 986 εἷς
3604 927 3722 980 ἐστι

2146 1009 2349 1079 Κύριος
2380 1012 2411 1074 ή
2447 1010 2614 1078 Τριάς
2659 1009 2814 1078 μόνος
2837 1024 2854 1042 ο
2877 1013 2904 1064 6
2935 1011 2992 1066 δὲ
3027 1014 3152 1076 Υἱὸς
3178 1014 3478 1085 Δεσπότης,
3511 1018 3594 1070 ὅτι
3625 1019 3722 1070 καὶ

2143 1105 2171 1156 6
2210 1105 2397 1174 Πατὴρ
2423 1103 2674 1167 δεσπὸζει
2699 1105 2937 1168 πάντων,
2961 1108 3056 1158 καὶ
3085 1107 3146 1159 τὸ
3176 1108 3397 1177 Πνεῦμα
3422 1112 3481 1162 τὸ
3509 1111 3669 1175 ἆγιον
3703 1128 3720 1144 ο

2145 1199 2240 1249 xxi.
2279 1196 2433 1263 ἆγιον
2476 1197 2536 1250 τὸ
2570 1197 2816 1265 Πνεῦμα,
2855 1201 2935 1252 ὅτι
2961 1199 3054 1251 καὶ
3085 1202 3112 1251 ὁ
3153 1201 3341 1271 Πατὴρ
3378 1205 3476 1255 καὶ
3525 1206 3553 1256 6
3593 1205 3722 1266 Υἱὸς

2145 1288 2318 1354 ἅγιος.
2356 1288 2469 1341 Καὶ
2522 1289 2582 1341 τὸ
2635 1289 2753 1359 μὲν,
2802 1308 2821 1342 ι
2864 1289 3058 1360 Κύριε,
3101 1291 3322 1361 ἐλέησον
3354 1295 3523 1363 ἡμᾶς,
3561 1313 3579 1346 ι
3617 1296 3722 1348 ἀπὸ

2145 1379 2239 1431 τοῦ
2289 1380 2474 1446 Δαὸὶδ,
2520 1381 2615 1434 καὶ
2668 1382 2750 1448 τὸ,
2821 1401 2840 1434 ι
2912 1382 3183 1452 Ἱλάσοητι
3236 1387 3359 1448 ταῖς
3416 1387 3722 1457 ἁμαρτίαις

2147 1472 2326 1541 ἡμῶν,
2375 1491 2394 1524 ι
2431 1471 2664 1525 τελώνου
2713 1473 2866 1542 φωνὴ
2921 1475 2985 1527 ἐκ
3026 1474 3120 1527 τοῦ
3161 1467 3308 1529 θείου
3344 1477 3676 1545 Εὐαγγελίου
3705 1495 3721 1509 ο

2146 1565 2207 1618 τὸ
2237 1564 2294 1617 δὲ
2327 1582 2346 1616 α
2386 1565 2751 1635 Συγχὼρησον
2779 1570 2878 1630 τὰς
2908 1568 3138 1636 ἀνομίας
3169 1569 3322 1638 ἡμῖν,
3362 1589 3380 1620 ι
3423 1571 3519 1622 καὶ
3553 1573 3720 1636 εὐαγ-

2147 1657 2363 1724 γελικὸν
2388 1658 2454 1710 ὲκ
2490 1657 2584 1710 τοῦ
2617 1676 2637 1708 ‹
2675 1657 2846 1726 Ἀερες
2879 1660 3030 1728 ήμίν,
3068 1678 3087 1712 υ
3120 1661 3215 1714 καὶ
3241 1663 3602 1730 προφητικὸν,
3630 1664 3723 1715 καὶ

470 1769 610 1822 ratis
645 1766 850 1820 nostris
876 1805 892 1830 ,
931 1781 950 1815 ι
987 1777 1089 1816 vox
1121 1771 1204 1815 est
1238 1757 1514 1828 publicani
1547 1772 1613 1809 ex
1645 1755 1828 1808 divino
1859 1752 2042 1806 Evan-

2160 1750 2256 1802 τῶν
2288 1749 2550 1818 Πατέρων
2573 1765 2586 1780 ·
2619 1751 2680 1803 τὸ
2714 1751 2792 1812 δὲ,
2855 1769 2874 1802 ι
2919 1752 3243 1822 Ἐπίσκεψαι
3291 1755 3385 1807 καὶ
3439 1754 3591 1807 ἴασαι
3625 1757 3724 1816 τὰς

471 1861 612 1930 gelio
656 1869 921 1927 accepta;
973 1855 1135 1908 verba
1185 1862 1368 1907 autem
1430 1868 1444 1905 :
1501 1867 1519 1900 ι
1579 1847 1748 1902 Parce
1805 1843 2044 1913 peccatis

472 1951 716 2018 nostris},
762 1969 779 2001 ι
822 1958 933 2001 tam
973 1963 1040 2001 ex
1087 1944 1370 2013 evangelio
1421 1942 1636 1995 dicente
1689 1957 1701 1993 :
1759 1956 1776 1988 ι
1824 1935 2046 1990 Dimitte

475 2041 634 2095 nobis
657 2077 671 2102 ,
707 2057 726 2089 ι
759 2052 921 2108 quant
954 2037 1018 2090 de
1051 2034 1326 2105 prephetis
1364 2040 1417 2086 ct
1455 2029 1709 2084 Patribus
1736 2041 2040 2094 execrpun-

481 2145 602 2201 tur;
635 2141 691 2189 at
722 2133 814 2187 illa
849 2148 864 2184 :
908 2149 926 2182 ‹
967 2129 1178 2199 Inspice
1207 2137 1260 2181 et
1287 2141 1418 2182 sana
1450 2125 1794 2178 inﬁrmitates
1827 2128 2045 2175 nostras

479 2240 590 2282 tum
611 2228 675 2281 ab
695 2224 1006 2293 Evangelio,
1024 2233 1136 2276 tum
1166 2236 1194 2274 a
1226 2218 1447 2290 psalmis
1465 2217 1772 2286 colligitur;
1799 2227 1864 2265 ex
1892 2209 2040 2280 psal-

475 2321 581 2376 mis
619 2333 744 2373 vero
774 2316 941 2379 istud,
971 2323 1194 2384 prepter
1229 2324 1424 2364 nomen
1455 2318 1630 2361 tuum.
1664 2304 1930 2371 Deinceps
1965 2309 2046 2355 ter

479 2415 783 2468 recitatur:
827 2427 845 2461 ι
886 2407 1138 2468 Domine,
1177 2405 1458 2466 miserere,
1499 2419 1518 2452 ι
1548 2406 1766 2468 propter
1803 2404 2046 2450 sanctam

476 2507 825 2562 Trinitatem.
852 2502 1008 2558 Unus
1031 2499 1177 2554 enim
1215 2496 1472 2549 Dominus
1498 2491 1762 2551 Trinitas,
1792 2487 2048 2558 quoniam

478 2616 606 2654 vero
655 2599 919 2658 Sanctus,
950 2603 1208 2657 sanctus,
1241 2596 1467 2644 sanctus
1515 2585 1807 2642 Dominus.
1851 2593 1931 2634 ter
1967 2580 2054 2633 di-

475 2692 617 2745 citur
655 2687 829 2757 gratia
880 2692 1085 2738 sancta:
1119 2679 1428 2734 Trinitatis.
1487 2676 1552 2730 Et
1609 2689 1800 2730 rursus
1859 2673 2043 2726 statim

2147 1842 2436 1904 ἀσθενείας
2464 1841 2643 1912 ἡμῶν,
2692 1860 2710 1894 ι
2763 1842 2858 1895 τοῦ
2901 1843 3241 1912 Εὐαγγελίου
3277 1848 3372 1900 καὶ
3399 1845 3676 1916 ψαλμικόν
3703 1864 3720 1879 ο

2147 1935 2242 1987 καὶ
2288 1934 2372 1996 τὸ,
2405 1934 2634 1988 Ἕνεκεν
2679 1933 2772 1988 τοῦ
2815 1935 3082 2003 ὀνόματός
3115 1954 3235 2004 σου,
3273 1938 3567 2007 ψαλμικόν.
3592 1937 3725 1993 Εἶτα

2146 2026 2227 2092 τὸ,
2269 2045 2289 2080 ι
2328 2026 2775 2098 Κύριε,ὲλέησον,
2815 2046 2834 2080 ι
2863 2029 3027 2112 Στρίςο
3056 2028 3214 2082 τοῦτο
3245 2031 3300 2083 δὲ
3331 2033 3415 2094 εἰς
3441 2030 3542 2101 τὴν
3566 2031 3726 2100 ἁγίαν

2148 2120 2404 2190 Τριάδαο
2459 2117 2540 2184 είς
2605 2121 2715 2190 γὰρ
2787 2121 2992 2192 Κύριος
3043 2124 3075 2190 ἡ
3133 2123 3322 2192 Τριᾶς.
3397 2125 3551 2177 Ἐπεὶ
3611 2129 3726 2188 καὶ,

2147 2213 2363 2281 Ἄγιος,
2412 2211 2589 2278 ἅγιος,
2622 2213 2776 2280 ἀγιος
2825 2213 3026 2283 Κύριος
3050 2230 3063 2245 ·
3089 2217 3184 2269 καὶ
3223 2205 3344 2284 τρὶς
3384 2215 3606 2282 λέγεται
3637 2216 3725 2269 διὰ

2143 2304 2247 2375 τὴν
2277 2304 2440 2372 ἁγίαν
2469 2303 2692 2374 Τριάδα.
2734 2306 2841 2357 Καὶ
2868 2306 3031 2368 εὐθὺς
3056 2305 3213 2369 αὖθις
3255 2307 3334 2372 τὸ,
3376 2325 3398 2359 ‹
3434 2308 3575 2374 Δόξα
3608 2309 3726 2361 Πα-

2148 2401 2260 2468 τρὶ,
2306 2417 2324 2450 ι
2361 2398 2453 2451 καὶ
2504 2399 2572 2451 τὰ
2609 2397 2759 2467 ἑξῆς,
2791 2399 2884 2452 διὰ
2923 2398 2985 2451 τὸ
3031 2399 3288 2466 ὁμόδοξον
3334 2401 3437 2469 τῆς
3467 2399 3639 2470 Τριάδ
3672 2418 3725 2464 ς.

2155 2491 2264 2543 Καὶ
2308 2491 2367 2543 τὸ
2396 2490 2706 2544 τελευταῖον
2743 2494 2774 2561 ή
2811 2491 2965 2562 παρὰ
3000 2492 3094 2544 τοῦ
3129 2493 3380 2561 Σωτῆρος
3423 2494 3725 2563 προσευχὴ,

2153 2573 2222 2650 ἦς
2252 2582 2345 2634 καὶ
2374 2581 2474 2650 τὴν
2505 2581 2716 2637 ἔννοιαν
2747 2584 2822 2646 ὡς
2848 2583 3074 2637 δυνατὸν
3101 2585 3232 2654 ἡμῖν
3262 2584 3726 2654 συνοπτικὼτερον

2159 2671 2284 2743 ἐροῦ
2293 2690 2414 2742 μεν.

477 2763 674 2837 Gloria‘
692 2779 863 2840 Patri,
907 2787 960 2844 et
989 2788 1209 2839 caetera,
1245 2781 1463 2844 propter
1497 2783 1848 2825 communem
1891 2763 2178 2820 Trinitatis
2237 2766 2490 2836 gloriam.
2561 2767 2807 2839 Denique
2843 2770 2902 2826 lit
2969 2768 3267 2828 Salvatoris
3315 2770 3529 2837 oratio,
3581 2770 3725 2841 cujus

480 2874 829 2937 sententiam,
855 2883 1118 2941 quantum
1143 2871 1196 2921 in
1223 2868 1380 2921 nobis
1404 2865 1533 2928 erit,
1561 2864 1646 2918 vel
1673 2859 2054 2917 brevissimam
2074 2857 2301 2930 jamjam
2335 2861 2662 2932 explicaturi
2698 2878 2909 2919 sumus.

1007 2983 1234 3041 CAPUT
1275 2981 1527 3038 CCCXX.

2718 2985 2974 3038 ΚΕΦΑΛ.
3040 2985 3171 3056 TK'.

482 3078 759 3134 Succincta
783 3079 1144 3147 interpretatio
1171 3077 1519 3130 sanctissimw
1543 3073 1819 3136 orationis,
1853 3069 2046 3124 «Pater

2160 3071 2505 3141 Συνοπτικὴ
2555 3073 2840 3147 ἑρμηνεία
2889 3077 3000 3141 τῆς
3036 3077 3142 3130 τοῦ
3205 3097 3222 3130 ‹
3264 3079 3449 3145 Πάτερ
3486 3076 3671 3147 ἡμῶν,
3709 3097 3719 3114 ι

1150 3157 1382 3201 noster.»

561 3261 580 3295 ι
618 3241 775 3296 Pater
807 3251 991 3296 noster
1013 3280 1030 3304 ,
1074 3259 1092 3292 ι
1129 3249 1241 3293 tum
1287 3237 1414 3306 quia
1449 3247 1632 3290 noster
1667 3241 1752 3287 est
1786 3231 2054 3296 conditor,

484 3336 576 3404 qui
608 3349 706 3386 nos
735 3349 801 3386 ex
836 3334 1004 3385 nihilo
1034 3330 1322 3398 plasmavit
1349 3370 1362 3390 ,
1407 3338 1521 3403 tum
1571 3325 1700 3394 quia
1753 3325 2055 3378 secundum

487 3425 715 3495 gratiam
763 3420 925 3498 Pater
975 3435 1069 3488 per
1105 3417 1299 3470 Filium
1332 3399 1451 3484 ejus
1485 3417 1576 3484 qui
1614 3415 1912 3468 secundum
1949 3427 2058 3466 na-

489 3525 664 3566 turam
701 3511 879 3564 factus
905 3521 988 3563 est
1020 3508 1176 3562 nobis
1207 3507 1422 3562 similis.
1461 3527 1478 3557 ι
1509 3507 1609 3572 Qui
1642 3521 1701 3559 es
1727 3507 1779 3558 in
1809 3505 2000 3571 ccelis;
2034 3523 2053 3556 ι

489 3621 614 3659 nam
649 3604 702 3658 in
747 3601 950 3656 sanctis
1001 3601 1294 3668 requiescit
1329 3599 1422 3668 qui
1469 3609 1690 3653 sanctus
1722 3607 1806 3651 est
1833 3637 1847 3662 ,
1897 3602 2060 3665 prout

487 3699 748 3766 scriptum
779 3703 903 3758 est,
939 3693 1099 3747 nobis
1138 3703 1318 3745 autem
1355 3691 1646 3745 sanctitate
1678 3697 1934 3757 praastant
1968 3689 2058 3758 qui

489 3791 541 3842 in
575 3787 715 3841 caalo
762 3793 891 3841 sunt
937 3785 1116 3852 angeli
1142 3822 1158 3847 ,
1190 3791 1440 3851 terraque
1473 3783 1662 3850 purius
1703 3791 1786 3834 est
1818 3782 2014 3834 C(Blum
2043 3794 2058 3843 ;

491 3881 614 3934 ideo
640 3881 691 3930 in
720 3877 873 3932 ccelis
898 3876 1077 3943 potius
1101 3882 1184 3929 est
1209 3873 1374 3927 Deus.
1407 3893 1425 3924 ι
1451 3872 1837 3926 Sanctiﬁcctur
1861 3885 2058 3924 nomen

397 4031 400 4034 ,
489 3983 642 4026 tuum
674 3987 687 4030 ;
717 3989 737 4021 ι
769 3968 1025 4038 quoniam
1049 3974 1272 4020 sanctus
1294 3979 1374 4027 es,
1409 3966 1462 4016 in
1488 3964 1646 4016 nobis
1665 3963 1829 4016 etiam
1864 3976 2061 4015 nomen

489 4077 644 4118 tuum
701 4061 1024 4125 sam-.titica;
1077 4073 1177 4111 nos
1227 4072 1442 4124 quoque
1490 4057 1816 4119 sanctiﬁca,
1873 4064 1934 4109 ut
1984 4054 2058 4107 tui

492 4157 642 4214 tacti.
678 4169 873 4207 nomen
907 4160 1060 4202 tuum
1093 4147 1526 4212 sanctilicemus,
1559 4157 1612 4201 et
1642 4159 1899 4216 tanquam
1935 4161 2062 4201 san-

493 4261 638 4300 t'ltlltl
668 4245 1010 4313 praedicetur,
1048 4249 1101 4293 et
1131 4254 1161 4310 a
1193 4239 1350 4292 nobis
1381 4240 1737 4308 glorilicetur,
1765 4247 2063 4313 nequer‘per

494 4354 596 4391 nos
648 4312 1074 4403 hlasphemctur.
1131 4350 1150 4383 ‹
1201 4331 1466 4384 Adveniat
1509 4346 1735 4398 regnum
1792 4312 1999 4394 tuum';
2037 4347 2055 4380 ι

2535 3194 2539 3197 .
2583 3145 2904 3211 ἱερωτάτης
2942 3147 3316 3217 προσευχῆς.

2237 3255 2255 3287 ι
2303 3230 2486 3305 Πάτερ
2519 3236 2700 3305 ἡμῶν.
2741 3255 2759 3286 ι
2800 3237 2921 3291 Ὀτι
2955 3238 3294 3308 δημιουργὸς
3327 3241 3508 3312 ἡμῶν,
3540 3243 3602 3295 ὲκ
3641 3242 3722 3300 τοῐ

2162 3327 2237 3397 μὴ
2266 3326 2418 3389 ὄντος
2462 3329 2612 3396 ἡμᾶς
2644 3330 2901 3398 ποιήσας,
2932 3330 3026 3382 καὶ
3068 3330 3150 3384 ὅτι
3183 3332 3325 3385 κατά
3355 3332 3514 3402 χάριν
3546 3331 3727 3404 Πατὴρ

2157 3417 2248 3469 διὰ
2309 3416 2402 3469 τοῦ
2449 3417 2594 3471 κειτὰ
2645 3419 2808 3488 φύσιν
2867 3419 3000 3472 Υἱοῦ
3055 3421 3176 3474 καθ’
3230 3425 3376 3493 ἡμᾶς
3433 3424 3743 3490 γεγονότος.

2166 3524 2185 3558 ι
2232 3507 2292 3560 '0
2335 3509 2390 3560 ὲν
2453 3509 2564 3571 τοῖς
2618 3509 2898 3579 οὐρανοῖς.
2943 3528 2962 3561 ι
3014 3511 3123 3563 Καὶ
3161 3512 3269 3581 γὰρ
3327 3515 3384 3565 ἐν
3415 3516 3526 3575 τοῖς
3562 3514 3741 3581 ἁγίοις

2161 3599 2652 3668 ὲπαναπαυόμενός
2697 3601 2868 3664 ἐστιν,
2926 3599 3082 3669 ἅγιος
3134 3602 3233 3667 ὢν,
3274 3604 3349 3666 ὡς
3403 3606 3745 3674 γέγραπται,

2157 3691 2452 3774 ,ἁγιώτεροι
2475 3692 2532 3745 δὲ
2562 3691 2718 3760 ἡμῶν
2747 3692 2796 3744 οἱ
2831 3692 2889 3743 ἐν
2921 3693 3139 3762 οὐρανῷ
3163 3693 3403 3762 ἄγγελοι,
3440 3698 3535 3749 καὶ
3568 3697 3745 3750 καθα-

2164 3783 2400 3852 ρώτερος
2429 3783 2526 3852 τῆς
2558 3783 2663 3851 γῆς
2709 3783 2737 3836 6
2787 3784 3038 3854 οὐρανός.
3072 3785 3163 3838 Διδ
3215 3789 3307 3839 καὶ
3339 3787 3399 3838 ἐν
3429 3791 3546 3850 τοῖς
3575 3791 3748 3856 οὐρα-

2162 3876 2274 3937 νοῖς
2304 3876 2332 3926 ὁ
2363 3874 2496 3936 Θεὸς
2530 3874 2755 3943 μᾶλλον.
2808 3894 2828 3928 ε
2875 3877 3220 3948 Ἀγιασθήτω
3249 3878 3309 3930 τὸ
3351 3879 3524 3949 ὄνομά
3563 3897 3679 3934 σου.
3718 3899 3738 3932 ι

2174 3967 2440 4037 Ἐπείπερ
2471 3966 2626 4034 ἅγιος
2656 3963 2726 4034 εἴ,
2744 3971 2839 4022 καὶ
2862 3971 2919 4022 ὲν
2944 3972 3076 4040 ἡμῖν
3097 3972 3154 4023 τὸ
3175 3971 3345 4040 ὄνομα
3371 3988 3464 4025 σου
3516 3973 3747 4037 ἁγίασον

2162 4059 2260 4114 καὶ
2290 4060 2435 4130 ἡμᾶς
2468 4061 2723 4128 ἁγίασον,
2757 4061 2833 4124 ὡς
2888 4061 2953 4116 ἂν
3018 4063 3140 4115 ἴδιοί
3192 4080 3287 4115 σου
3330 4063 3636 4129 τελοῦντες,
3677 4066 3740 4118 τὸ

2162 4151 2334 4220 ὄνομα
2359 4168 2453 4204 σου
2485 4151 2830 4220 ἁγιάςωμεν,
2858 4155 2948 4207 καὶ
2975 4154 3052 4216 ὡς
3101 4156 3261 4222 ἅγιον
3304 4159 3682 4226 κηρυττόμενο
3704 4181 3741 4218 ι,

2162 4243 2246 4310 εῐη
2267 4241 2428 4310 225
2453 4243 2546 4294 xui
2572 4241 2928 4314 δοξαζόμενον
2952 4247 3046 4298 καὶ
3069 4246 3136 4298 δι’
3158 4247 3338 4316 ήμῶν,
3366 4251 3460 4300 καὶ
3489 4249 3563 4319 μὴ
3587 4249 3748 4318 βλασ-

2165 4336 2416 4403 φημῆται
2473 4333 2541 4387 δι’
2568 4336 2734 4402 ἡμᾶς.
2776 4355 2794 4386 ε
2837 4336 3068 4389 metm
3099 4340 3130 4408 ἡ
3167 4339 3414 4408 βασιλεία
3469 4357 3580 4393 σου.
3616 4361 3634 4392 ι
3675 4343 3747 4393 Σὺ

491 4441 612 4482 esto
652 4441 743 4480 rex
781 4440 945 4492 super
983 4435 1083 4475 nos
1115 4435 1212 4489 per
1252 4421 1390 4474 bona
1429 4435 1593 4489 opera
1623 4459 1637 4483 ,
1683 4421 1904 4473 minime
1936 4433 2066 4472 vero

2173 4423 2428 4493 βασιλεὺς
2459 4425 2552 4478 ἔσο
2585 4427 2668 4493 ἐφ’
2704 4428 2854 4497 ἡμᾶς
2883 4429 2973 4481 διὰ
3013 4431 3122 4481 τῶν
3167 4431 3388 4498 ἀγαθῶν
3420 4431 3618 4501 ἔργων,
3655 4438 3749 4486 καὶ

498 4519 756 4573 inimicus
813 4515 1216 4571 infensissimus
1270 4521 1492 4582 propter
1559 4527 1722 4581 opera
1785 4511 2064 4580 nequitiae.

501 4630 520 4662 ι
564 4610 831 4664 ΑιΙιθηὶἒὶι
872 4622 1098 4675 regnum
1146 4613 1298 4659 tuum
1328 4645 1343 4668 ,
1387 4628 1406 4656 ι
1445 4605 1633 4657 ultima
1676 4617 1872 4671 nempe
1909 4601 2066 4669 dies,

497 4705 755 4772 quoniam
797 4717 961 4769 super
993 4714 1182 4753 omnes
1217 4707 1271 4752 et
1300 4699 1356 4751 in
1398 4697 1545 4764 ipstis
1593 4695 1846 4748 inimicos
1877 4708 2070 4770 regna-

500 4796 607 4857 his,
636 4803 688 4847 et
717 4810 941 4861 regnum
976 4801 1122 4844 tuum
1154 4793 1255 4844 erit
1286 4799 1573 4852 mlernum,
1600 4786 1760 4840 sicuti
1789 4795 1872 4840 est
1893 4802 1908 4851 ;
1929 4766 2071 4839 illud

500 4897 680 4937 autem
714 4883 964 4936 adveniet
990 4885 1194 4938 sanctis
1227 4891 1280 4935 et
1308 4881 1373 4933 ad
1404 4879 1545 4933 lianc
1571 4877 1941 4932 hmreditatem
1973 4891 2071 4946 pa-

499 4978 653 5029 ratis.
687 4994 704 5026 ι
734 4972 851 5026 Fiat
877 4975 1125 5026 voluntas
1149 4981 1240 5024 tua
1265 4973 1407 5025 sicut
1432 4972 1485 5024 in
1509 4971 1646 5025 cmlo
1673 4982 1726 5024 et
1753 4969 1806 5032 in
1831 4978 2011 5025 terra:
2044 4983 2065 5016 ι

499 5068 648 5123 velut
684 5066 907 5135 angelos
949 5080 1045 5117 nos
1081 5065 1379 5126 constitue,
1406 5073 1463 5115 ut
1515 5059 1973 5128 quemadmolum
2018 5057 2070 5111 iu

497 5162 578 5216 eis
602 5201 618 5228 ,
651 5161 724 5214 ita
756 5167 810 5212 ct
839 5160 892 5212 in
924 5157 1084 5210 nobis
1115 5172 1178 5209 ac
1209 5170 1304 5224 per
1339 5169 1440 5208 nos
1475 5154 1724 5208 voluntas
1771 5162 1861 5205 tua
1901 5150 2075 5203 adim-

501 5257 748 5323 plcatnr,
797 5252 879 5305 vel
913 5249 1078 5304 etiam
1127 5264 1196 5301 ne
1228 5262 1391 5317 prava
1429 5247 1776 5314 humanaque
1821 5244 2074 5297 voluntas

499 5358 707 5411 nostra,
748 5346 842 5419 sed
877 5357 966 5399 tua
1004 5344 1095 5396 ﬁat
1123 5357 1256 5412 puta
1285 5356 1348 5396 ac
1375 5349 1580 5395 sancta
1607 5381 1621 5405 ,
1659 5352 1718 5393 ut
1761 5337 1982 5407 perinde
2014 5349 2076 5389 ac

498 5451 710 5493 terrena
741 5437 1058 5491 cmlcstihus
1086 5433 1312 5487 adunati
1341 5473 1356 5498 ,
1406 5434 1486 5486 sic
1529 5441 1583 5486 et
1619 5431 1672 5484 iu
1711 5427 1985 5496 nobisqui
2023 5429 2075 5479 in

499 5541 643 5586 terra
677 5545 870 5584 sumus
896 5528 1136 5582 cmlestla
1167 5525 1490 5594 coniungas.
1534 5542 1552 5575 ι
1593 5523 1792 5577 Panem
1831 5533 2074 5574 nostrum

498 5620 1070 5690 Supersuhstantialem
1108 5621 1176 5672 da
1216 5619 1375 5672 nobis
1416 5615 1616 5680 hodie;
1660 5633 1678 5666 ι
1714 5613 1816 5670 etsi
1853 5613 2079 5667 caeleste

501 5727 640 5776 opus
669 5711 1012 5778 petierimus,
1034 5709 1292 5766 mortales
1319 5717 1500 5767 tamen
1525 5722 1736 5775 sumus,
1769 5719 2076 5778 panemque

2177 4516 2252 4585 μὴ
2286 4516 2476 4585 ἐχθρὸς
2505 4518 2532 4568 6
2557 4517 2648 4578 σὸς
2671 4517 2761 4570 διὰ
2791 4518 2898 4570 τῶν
2927 4518 3108 4588 ἔργων
3132 4521 3231 4589 τῆς
3259 4523 3545 4592 πονηρίας,
3584 4543 3602 4574 σ
3641 4526 3749 4578 Καὶ

2176 4607 2377 4659 ἐλθέτω
2423 4609 2456 4676 ἡ
2487 4607 2736 4676 βασιλεία
2789 4627 2906 4674 σου,
2958 4627 2977 4660 ι
3029 4611 3380 4680 ἡτελευταία
3426 4615 3628 4683 ἡμέρα,
3667 4616 3750 4668 ὅτι

2178 4698 2394 4751 πάντων
2428 4698 2794 4767 βασιλεύσεις,
2843 4701 2938 4751 καὶ
2967 4701 3077 4752 τῶν
3128 4701 3364 4770 ἐχθρῶν,
3397 4707 3491 4756 καὶ
3527 4706 3559 4774 ἠ
3596 4705 3750 4773 βασιο

2176 4790 2297 4842 λεία
2329 4807 2422 4842 σου
2447 4790 2599 4842 ἕσται
2626 4790 2868 4852 αἰώνιος,
2889 4791 2965 4853 ὡς
2999 4791 3137 4846 ἔστι.
3165 4793 3340 4847 Τοῦτο
3365 4794 3420 4847 δὲ
3445 4798 3556 4858 τοῖς
3574 4782 3751 4859 ίάξίοις

2179 4885 2272 4934 καὶ
2306 4882 2444 4950 πρὸς
2473 4883 2564 4933 τὸν
2615 4883 2806 4951 καιρὸν
2853 4885 3062 4935 ἐκεῖνον
3095 4885 3356 4953 ἑτοίμοις.
3397 4904 3416 4937 ι
3464 4888 3752 4956 Γενηθήτω

2178 4976 2239 5023 τὸ
2269 4971 2483 5041 θέλημά
2526 4989 2618 5025 σου
2653 4973 2727 5034 ὡς
2776 4975 2836 5026 ὲν
2882 4975 3098 5044 οὐρανῷ
3145 4977 3239 5028 καὶ
3280 4977 3374 5029 ἐπὶ
3421 4977 3522 5045 τῆς
3567 4979 3688 5045 γῆς.
3733 4999 3749 5029 ι

2194 5061 2280 5125 Ὧς
2323 5064 2450 5125 τοὺς
2487 5063 2752 5130 ἀγγέλους
2803 5065 2949 5132 ἡμᾶς
3002 5066 3382 5136 κατάστησον,
3441 5068 3530 5120 ἵνα
3575 5069 3650 5130 ὼς
3699 5070 3756 5120 ὲν

2181 5155 2430 5217 ἐκείνοις,
2464 5156 2558 5208 καὶ
2589 5157 2647 5208 ὲν
2675 5158 2808 5225 ἡμῖν
2837 5158 2897 5209 τὸ
2925 5157 3137 5227 θέλημά
3167 5177 3283 5222 σου,
3318 5161 3409 5212 καὶ
3443 5161 3576 5228 παρ’
3595 5161 3755 5229 ἡμῶν

2183 5247 2479 5316 ὲνεργῆται
2502 5262 2516 5276 ·
2550 5249 2643 5300 καὶ
2673 5248 2755 5301 ὃτι
2789 5250 2862 5320 μὴ
2896 5249 2954 5303 τὸ
2980 5251 3138 5318 ἡμῶν
3172 5251 3386 5321 θέλημα
3416 5252 3478 5303 τὸ
3509 5253 3756 5318 ἐμπαθὲς

2184 5341 2279 5391 καὶ
2307 5339 2674 5408 ἀνθρώπινον,
2711 5341 2847 5393 ἀλλὰ
2879 5345 2937 5393 τὸ
2971 5343 3063 5394 σὺν
3092 5342 3334 5408 γενέσθω
3368 5342 3428 5394 τὸ
3456 5342 3665 5402 ἀπαθές
3697 5358 3758 5393 τε

2183 5430 2278 5483 καὶ
2312 5431 2467 5497 ἅγιον
2490 5447 2502 5460 °
2540 5435 2633 5482 καὶ
2666 5433 2849 5503 ἐπειδὴ
2883 5435 3098 5504 ἦνωσας
3126 5434 3194 5486 τὰ
3223 5435 3281 5485 ἐν
3308 5436 3372 5503 τῇ
3419 5436 3489 5503 γῇ
3520 5435 3639 5495 τοῖς
3672 5433 3760 5484 οῦ-

2186 5523 2413 5592 ρανίοις,
2460 5523 2554 5574 καὶ
2605 5525 2662 5575 ἐν
2697 5528 2807 5587 τοῖς
2841 5528 2899 5578 ὲν
2930 5528 2997 5594 γῇ
3039 5527 3172 5594 ἡμῖν
3201 5521 3321 5577 οὖσι
3352 5527 3420 5577 τὰ.
3457 5523 3761 5591 ἐπουράνια

2185 5613 2454 5680 γενέσθω,
2488 5631 2507 5663 ε
2554 5613 2660 5667 Τὸν
2687 5615 2853 5684 ἄρτον
2883 5617 3041 5686 ἡμῶν
3075 5616 3164 5669 τὸν
3196 5618 3471 5669 ἐπιούσιον
3505 5616 3594 5676 δὺς
3627 5615 3761 5681 ἡμῖν

2191 5705 2459 5770 σήμερον.
2499 5723 2516 5755 ι
2558 5705 2616 5758 Εἰ
2641 5710 2734 5760 καὶ
2763 5708 2819 5760 τὸ
2852 5709 3102 5776 οὐράνιον
3131 5709 3290 5778 ἔργον
3315 5708 3621 5778 ῂτήσαμεν,
3649 5702 3763 5756 ἀλλ’
