4108 6262
445 296 543 360 581

1603 293 1703 355 DE
1745 294 1991 355 SACRA
2029 290 2544 355 PRECATIONE.

3594 294 3699 358 582

435 414 585 482 ὅμως
616 409 834 482 θνητοί·
873 411 969 465 stall
1020 409 1113 464 τὸν
1150 408 1245 464 ἐπὶ
1293 410 1361 480 τῇ
1402 409 1667 464 συστάσει
1694 409 1796 480 τῆς
1818 406 2013 470 οὐσίας

2121 405 2244 460 vitae
2270 415 2475 461 nostra:
2506 405 2788 461 servanda
2819 405 3192 463 necessarium
3235 406 3477 477 petimus
3505 416 3568 465 ut
3601 410 3703 466 ho-

435 505 469 573 ή
479 504 596 574 μῶν
618 504 783 572 ἀρτον
811 503 1075 574 αἰτοῦμεν
1106 504 1182 568 ὡς
1208 504 1306 560 ἀνθ
1318 520 1511 574 ρωποι,
1540 500 1750 563 εἰδότες
1797 501 1881 553 ὅτι
1916 499 2010 552 καὶ⁵

434 589 594 658 οὗτος
641 594 793 664 παρά
825 594 944 661 σοῦ,
983 596 1078 648 καὶ
1115 595 1179 649 σὺ
1234 595 1393 664 μόνος
1436 592 1714 662 ἀνενδεὴς,
1745 592 1907 662 ἡμεῖς
1954 589 2013 642 δὲ

435 670 685 750 ἐπιδεεῖς.
725 688 835 741 Καὶ
871 689 932 741 ἓν
966 687 1050 740 σοὶ
1098 686 1431 759 θαρῤοῦντές
1483 687 1673 755 ἐσμεν.
1724 683 1870 752 [Iqu
1918 680 2014 751 ζη-

433 779 656 841 τοῦντες
683 779 780 832 τὸν
807 779 993 847 ἀρτον,
1032 779 1095 831 οὐ
1140 777 1369 849 περιττὰ
1401 775 1697 847 ζητοῦμεν,
1740 775 1876 828 ἀλλά
1921 774 2015 828 τὸν

434 872 513 933 si;
543 870 735 940 χρείαν
760 870 920 940 ήμῶν
946 852 1186 941 σήμερον
1206 886 1222 904 ·
1259 869 1382 922 ἐπεὶ
1412 870 1505 921 καὶ
1531 869 1661 938 περὶ
1691 868 1795 937 τῆς
1823 865 2015 937 αὔριον

441 966 517 1034 μὴ
553 963 889 1034 μεριμνῆσαι
929 964 1325 1034 ἐδιδάχθημεν·
1364 965 1461 1016 καὶ
1505 960 1587 1015 ὅτι
1641 962 1706 1016 σὺ
1741 957 1792 1016 εἷ
1841 963 1870 1015 ὁ
1923 962 2015 1017 καὶ

438 1058 680 1127 σήμερον
706 1055 959 1125 κηδεμὼν
990 1055 1084 1109 καὶ
1125 1054 1314 1123 αὔριον
1342 1055 1436 1109 καὶ
1466 1055 1557 1108 ἀεὶ
1585 1053 1867 1123 ἐσόμενος.
1902 1044 2016 1106 Καὶ

436 1147 515 1201 ἔτι
538 1147 627 1201 τὸν
659 1148 823 1217 ἄρτον
855 1147 1014 1216 ήμῶν
1040 1150 1132 1200 τὸν
1164 1147 1438 1200 ὲπῖούσιον
1463 1147 1551 1208 δὸς
1584 1149 1718 1217 ἡμῖν
1752 1148 2013 1216 σήμερον,

436 1239 529 1293 τὸν
566 1238 746 1303 ζῶντα
784 1239 949 1309 ἀρτον
972 1239 1063 1292 τὸν
1090 1239 1434 1308 ἐπουράνιον,
1458 1239 1554 1293 τοῦ
1594 1240 1799 1304 ζῶντος
1833 1239 2010 1306 Λόγου

437 1332 499 1383 τὸ
534 1331 800 1397 πανάγιον
844 1331 1027 1399 σῶμα,
1069 1330 1208 1401 ὅπερ
1260 1334 1288 1385 ὁ
1334 1331 1408 1400 μὴ
1450 1331 1639 1398 φαγὼν
1671 1331 1732 1383 οὗ
1787 1331 2015 1397 ζήσεται

437 1422 579 1482 ὅλως
608 1422 765 1475 ποτέ.
800 1422 912 1477 Καὶ
938 1421 1214 1485 ὲπιούσιος
1243 1417 1422 1486 οὗτος,
1455 1422 1530 1486 ὡς
1566 1422 1664 1492 τήν
1695 1420 1874 1490 ψυχὴν
1919 1419 2016 1472 καὶ

441 1513 502 1564 τὸ
535 1514 696 1581 σῶμα
744 1513 1016 1583 στηρίζων
1049 1514 1142 1567 καὶ
1195 1512 1458 1581 ἁγιάζων,
1506 1514 1601 1567 καὶ
1648 1513 1731 1566 ὅτι
1781 1530 1800 1564 ι
1844 1511 1904 1563 Ὀ
1940 1510 2014 1578 μὴ

439 1600 630 1667 φαγὼν
671 1600 832 1669 αὐτὸν
862 1601 963 1654 οὐκ
1001 1599 1113 1670 ἔχει
1148 1599 1294 1671 ζωὴν
1327 1602 1384 1653 ὲν
1415 1600 1563 1666 αὐτῷ
1588 1616 1602 1631 ·
1636 1603 1663 1653 ὁ
1694 1600 1752 1652 δὲ
1784 1598 2015 1668 τρώγων

437 1689 600 1743 αὐτὸν
651 1689 877 1761 ζήσεται
907 1693 988 1754 εἰς
1030 1692 1122 1745 τδν
1167 1693 1357 1746 αῑῶνα.
1400 1710 1419 1743 ι
1478 1692 1585 1744 Καὶ
1615 1691 1751 1761 ἀφες
1781 1692 1914 1763 ήμῖν
1948 1689 2015 1741 τά

2117 497 2295 551 mines
2328 513 2469 566 quos
2514 513 2622 554 non
2670 499 2800 554 latet
2838 497 2991 555 illum
3026 516 3057 554 a
3090 511 3142 556 te
3184 501 3380 556 donari
3410 518 3426 566 ;
3459 510 3517 556 tu
3553 503 3699 557 enim

2113 588 2264 643 solus
2293 589 2445 644 dives
2473 606 2552 655 es,
2586 605 2687 647 nos
2715 603 2895 646 autem
2939 594 3150 662 inopes,
3181 604 3237 650 et
3286 595 3340 649 in
3383 602 3435 650 te
3469 595 3702 649 comidi-

2115 694 2260 735 mus.
2295 678 2526 751 Insuper
2556 684 2685 736 dum
2719 699 2912 753 panem
2945 687 3253 754 poscimus.
3286 702 3393 742 non
3425 686 3721 757 superﬂua.

2113 770 2390 839 petimus,
2443 772 2539 826 sed
2592 789 2787 842 panem
2839 776 2996 829 nobis
3057 775 3217 829 hodie
3272 778 3690 838 necessarium,

2115 860 2376 928 quoniam
2425 860 2493 915 de
2525 864 2768 918 crastino
2806 879 2872 917 ne
2905 866 3127 919 solliciti
3159 867 3332 921 simus
3362 867 3658 922 didicimus
3684 909 3700 933 ,

2115 962 2170 1006 et
2213 950 2337 1019 quia
2366 960 2421 1005 tu
2467 966 2528 1007 es
2560 962 2835 1022 protector
2866 966 3079 1024 noster,
3118 957 3211 1026 qui
3243 973 3365 1012 cras
3396 968 3452 1013 et
3486 974 3702 1027 semper

2116 1042 2246 1098 eris.
2288 1042 2516 1113 Insuper
2556 1061 2752 1114 panem
2799 1060 3046 1102 nostrum
3114 1051 3696 1118 supersubstantialem

2116 1135 2185 1189 da
2232 1135 2391 1190 nobis
2434 1137 2599 1191 hodie
2624 1180 2639 1203 ,
2675 1138 2932 1193 videlicet
2972 1140 3154 1194 vivum
3187 1157 3381 1210 panem
3414 1140 3535 1197 οωιί
3558 1182 3574 1209 ,
3617 1141 3697 1195 vi-

2117 1228 2296 1281 ventis
2327 1225 2492 1281 Verbi
2526 1243 2739 1295 corpus
2779 1231 3188 1284 sanctissimum
3211 1272 3225 1296 ,
3257 1232 3404 1301 quod
3449 1233 3544 1302 qui
3592 1247 3700 1287 non

2120 1322 2554 1385 manducaverit,
2589 1337 2696 1375 non
2729 1322 2873 1377 vivet
2899 1339 3182 1394 unquam;
3216 1333 3269 1379 et
3311 1326 3398 1380 hic
3431 1335 3514 1380 est
3548 1327 3704 1393 panis

2119 1410 2695 1479 supersubslantialis,
2727 1422 2915 1482 utpote
2946 1417 3186 1469 animam
3214 1424 3268 1471 et
3294 1432 3496 1484 corpus
3528 1418 3700 1473 susti-

2118 1517 2256 1557 nens
2274 1518 2336 1556 ac
2356 1502 2733 1570 sanctificans,
2759 1512 2813 1558 et
2843 1506 2935 1575 qui
2967 1523 3074 1561 non
3098 1509 3390 1563 manducat
3428 1525 3552 1564 eum
3596 1525 3701 1563 non

2120 1592 2282 1648 habet
2309 1592 2474 1648 vitam
2505 1595 2556 1649 in
2586 1596 2916 1663 semetipso;
2950 1598 3043 1668 qui
3069 1613 3197 1654 vero
3226 1615 3349 1654 eum
3379 1602 3701 1671 manducat,

2125 1684 2283 1739 vivet
2316 1687 2369 1739 in
2412 1676 2635 1740 saecula:
2675 1707 2694 1739 ι
2732 1687 2797 1740 Ει
2825 1689 3232 1747 dimittenobis
3261 1693 3440 1749 debita
3483 1705 3664 1750 nostra
3687 1735 3703 1759 ,

437 1751 780 1853 ὀφειλήματα
803 1751 982 1853 ήμῶν,
1016 1784 1093 1847 ὠς
1125 1783 1221 1838 καὶ
1255 1785 1417 1854 ἡμεῖς
1448 1751 1686 1853 ἀφίεμεν
1869 1782 2013 1849 ὀφει-

2124 1774 2269 1853 sicut
2295 1786 2350 1829 et
2381 1791 2480 1831 nos
2511 1776 3216 1855 dimittimusdcbitoribus
3257 1787 3483 1841 nostris.
3523 1807 3541 1841 ι
3580 1787 3705 1843 lieec

439 1874 622 1938 λέταις
647 1875 833 1943 ἡμῶν.
872 1893 891 1927 ι
923 1875 1096 1930 Τοῦτο
1123 1878 1154 1945 ἡ
1188 1875 1285 1930 τοῦ
1314 1875 1462 1928 θείου
1494 1873 1827 1941 Εὑαγγελίου
1869 1875 2013 1927 πᾶσα

2124 1874 2207 1920 est
2238 1865 2409 1920 divini
2457 1866 2734 1938 Evangelii
2764 1869 3008 1925 doctrina
3056 1882 3218 1939 atque
3260 1877 3525 1943 putentia.
3567 1876 3700 1930 Nam

437 1967 640 2034 γνῶσις
676 1967 769 2020 καὶ
815 1966 1069 2036 δύναμις.
1117 1968 1215 2020 Διά
1266 1971 1374 2037 γὰρ
1409 1968 1469 2019 τὸ
1504 1966 1727 2032 ἀφιέναι
1764 1965 1865 2029 τὰς
1899 1966 2021 2018 ἀνο-

2125 1965 2184 2009 ιιι
2234 1957 2585 2013 dimittantur
2627 1959 2824 2015 delicta
2868 1968 2924 2015 et
2966 1974 3191 2030 peccata
3231 1974 3414 2020 nostra
3463 1965 3697 2022 Verbum

440 2060 564 2130 μίας
599 2059 758 2131 ἡμῶν
798 2058 894 2113 καὶ
927 2058 1205 2129 ἁμαρτίας
1237 2060 1266 2113 ό
1296 2058 1392 2112 τοῦ
1427 2057 1564 2111 Θεοῦ
1606 2058 1777 2126 Λόγος
1820 2059 1899 2121 εἰς
1929 2056 2013 2108 τὸν

2124 2047 2217 2104 Dei
2249 2050 2303 2103 in
2331 2050 2476 2105 hunc
2503 2050 2771 2106 mundum
2802 2054 2950 2107 venit
2978 2093 2994 2118 ,
3027 2062 3081 2110 et
3124 2055 3468 2112 incarnatum
3514 2059 3699 2129 omnia

439 2154 647 2224 κόσμον
681 2152 928 2222 ἐλήλυθε,
952 2152 1046 2206 καὶ
1084 2150 1411 2223 σαρκωθεὶς,
1451 2151 1631 2204 πάντα
1670 2148 1898 2221 ἔπραξε,
1925 2150 2020 2202 καὶ

437 2245 591 2308 τέλος
624 2245 688 2297 τὸ
720 2238 860 2314 αἷμα
904 2243 1087 2314 ἑξέχεε
1110 2259 1125 2274 ⁸
1163 2243 1257 2309 καὶ
1296 2242 1386 2295 διὰ
1433 2241 1593 2296 τοῦτο
1635 2243 1706 2295 τά
1741 2243 2020 2311 μυστήρια

436 2334 669 2389 δέδωκεν
694 2335 772 2396 είς
804 2334 1002 2404 ἀφεσιν
1028 2334 1318 2405 ἀμαρτιῶν
1341 2347 1359 2368 ⁸
1390 2335 1484 2387 καὶ
1507 2333 1666 2387 τοῦτο
1689 2332 1893 2396 ἐδίδαξε
1923 2333 2020 2385 καὶ

334 2501 338 2505 .
440 2426 892 2497 νενομοθέτηκεν.
935 2444 954 2478 ι
1017 2426 1147 2481 Ἐὰν
1196 2426 1392 2496 ἀφῆτε,
1439 2423 1537 2480 καὶ
1587 2424 1952 2495 ἀφεθήσεσθε,
1995 2446 2012 2477 ι

438 2522 595 2590 φησι.
621 2520 731 2573 Καὶ
755 2519 834 2590 τῷ
863 2519 1057 2589 Πέτρῳ
1082 2519 1312 2580 ποσάκις
1335 2517 1695 2587 ὲρωτήσαντι,
1735 2536 1753 2569 ι
1795 2518 2019 2587 Ἀφήσω

436 2612 517 2681 τῷ
580 2612 969 2681 άμαρτήσαντι
997 2609 1098 2675 τῆς
1121 2610 1356 2679 ἡμέρας,
1393 2629 1412 2662 ι
1444 2608 1593 2671 Ἕως
1623 2609 2020 2680 ἑϐδομηκοντά-

436 2720 548 2767 κις,
577 2701 779 2771 ἔφησεν
806 2701 980 2754 ἑπτά*
1017 2701 1138 2753 ἀντὶ
1182 2700 1275 2753 τοῦ
1312 2698 1642 2763 ἀπαύστωςο
1685 2702 1780 2754 καὶ
1820 2701 2019 2771 κριτὴν

436 2795 530 2849 τδν
581 2793 1024 2864 προσευχόμενον
1079 2791 1342 2862 καθιστᾷ·
1406 2790 1480 2854 ὡς
1542 2792 1593 2843 εί
1647 2789 2017 2859 καταλλαγείη
2068 2861 2073 2865 ο

438 2886 938 2953 καταλλαγήσεται.
975 2884 1088 2937 Καὶ
1114 2885 1164 2937 εἰ
1196 2881 1435 2951 ἀφῆκεν,
1472 2882 1809 2952 ἀφεθήσεται
1843 2882 2013 2952 αὐτῷ·

435 2979 531 3033 καὶ
564 2978 640 3041 ὼς
666 2976 876 3045 ἀφῆκεν
907 2975 1267 3045 ἀφεθήσεται.
1306 2973 1415 3026 Καὶ
1443 2973 1510 3027 τὰ
1545 2976 1626 3038 εἰς
1652 2975 1746 3027 τὸν
1787 2973 2016 3043 ἀδελφὺν

2121 2139 2289 2205 fecit,
2326 2156 2390 2197 ac
2428 2142 2663 2213 denique
2698 2146 3021 2214 sanguinem
3056 2146 3286 2213 ell'udit,
3326 2157 3380 2204 et
3415 2158 3702 2220 propterea

2124 2233 2379 2304 mysteria
2421 2234 2572 2289 dedit
2604 2237 2657 2289 in
2701 2236 3084 2292 remissionem
3124 2247 3479 2308 peccatorum
3505 2282 3520 2306 ,
3555 2243 3701 2312 quod

2121 2324 2309 2379 docuit
2336 2339 2402 2379 ac
2434 2326 2717 2380 mandavit
2740 2327 2931 2383 dicens
2965 2346 2979 2383 :
3011 2328 3066 2384 Si
3098 2329 3443 2394 dimiseritis.
3465 2333 3703 2388 dimitte-

2123 2423 2211 2470 tur
2239 2417 2416 2481 vobis,
2445 2426 2499 2470 et
2530 2417 2693 2472 Petro
2718 2420 3019 2474 sciscitanti
3051 2422 3270 2489 quoties
3298 2421 3597 2479 oﬂ‘eiidenti
3623 2425 3709 2479 di-

2121 2507 2332 2561 mittam
2363 2508 2415 2561 in
2445 2509 2553 2572 die,
2587 2507 2770 2576 Usque
2819 2511 2884 2564 ad
2912 2513 3226 2582 Septuagies
3254 2514 3476 2583 septies,
3502 2519 3702 2585 inquit.

2119 2601 2171 2655 id
2205 2610 2531 2671 estsemper
2552 2643 2568 2666 ,
2594 2611 2647 2657 et
2682 2612 3019 2669 precatorem
3053 2608 3343 2663 constituit
3369 2611 3612 2680 judicent
3643 2623 3704 2666 ut

2120 2693 2163 2747 si
2196 2693 2486 2761 ignoverit,
2514 2694 2619 2764 ipsi
2651 2710 2871 2765 quoque
2895 2699 3238 2769 ignoscatur,
3259 2713 3312 2759 et
3337 2704 3382 2760 si
3411 2704 3704 2770 dimiserit,

2118 2783 2221 2853 ipsi
2254 2785 2416 2837 etiam
2451 2785 2787 2849 dimittatur,
2819 2796 2874 2842 ct
2900 2789 3040 2843 sicut
3071 2790 3375 2859 dimiserit,
3417 2795 3491 2853 ita
3523 2805 3576 2850 et
3616 2797 3702 2850 di-

2120 2877 2365 2930 mittatur
2395 2877 2484 2942 ci;
2534 2888 2588 2931 et
2631 2879 2797 2933 simul
2839 2879 3170 2938 oll‘ensiones
3203 2900 3330 2954 erga
3372 2885 3598 2943 fratrem
3640 2904 3706 2943 ac

2117 2967 2426 3022 Creatorem
2467 2969 2720 3035 adducit,
2750 2972 2893 3040 quod
2943 2973 3115 3028 voluit
3170 2973 3472 3047 Dominus;
3512 2990 3709 3036 omnes

439 3070 534 3124 καὶ
570 3071 651 3131 είς
682 3068 774 3122 τόν
806 3067 1144 3137 πεποιηκότα
1177 3067 1464 3135 ἀνάγεται,
1495 3067 1659 3120 τοῦτο
1682 3066 2013 3137 Θελήσαντος

2117 3061 2260 3116 enim
2295 3077 2484 3117 sumus
2515 3072 2709 3116 natura
2742 3079 2933 3133 pares,
2964 3067 3223 3138 servique
3256 3085 3477 3135 omnes,
3511 3088 3703 3127 omnes

437 3160 533 3215 τοῦ
581 3162 880 3214 Δεσπότου.
930 3160 1138 3222 Πάντες
1181 3158 1290 3229 γάρ
1324 3158 1427 3212 [σοι
1456 3160 1523 3228 τῇ
1558 3157 1717 3228 φύσει
1746 3157 1840 3212 καὶ
1874 3156 2010 3225 ὁμοῦ

437 3252 615 3309 δοῦλοι
645 3253 849 3315 πάντες
887 3293 903 3315 ,
931 3251 1023 3304 καὶ
1054 3251 1257 3315 πάντες
1287 3250 1647 3320 σφαλλόμενοι
1677 3290 1693 3316 ,
1728 3251 1821 3303 καὶ
1854 3249 2011 3317 ὀλίγα

437 3346 716 3415 ἀφιέντες,
745 3344 971 3399 πλεῖστα
1000 3344 1394 3414 λαμϐάνοντες,
1420 3347 1512 3397 καὶ
1543 3343 1853 3412 ἀνθρώποις
1880 3357 2010 3409 συγ⁴
2055 3330 2067 3344 I

437 3439 684 3510 χώρησιν
731 3431 1028 3507 νέμοντες,
1080 3438 1144 3490 ἑκ
1177 3435 1313 3489 Θεοῦ
1343 3435 1804 3504 συγχωρούελενοι.
1846 3452 1864 3485 ι
1904 3432 2011 3485 Καὶ

418 3530 517 3598 ’μὴ
557 3528 879 3597 εἰσενέγκῃς
927 3527 1073 3597 ἡμᾶς
1104 3526 1186 3589 είς
1213 3525 1541 3592 πειρασμόν.
1579 3543 1596 3576 ι
1639 3524 1763 3577 Ὀτι
1797 3524 1845 3576 oi
1872 3525 2009 3591 ἐπη-

439 3620 667 3688 ρεασταλ⁵
701 3618 969 3680 πλεῖστοι,
1002 3617 1095 3670 καὶ
1134 3617 1334 3686 φθόνου
1380 3616 1631 3687 πλήρεις,
1664 3614 1757 3667 κού¹
1787 3614 1872 3666 ἀεὶ
1919 3617 2011 3684 ἐχ·

439 3713 583 3781 θροὶ,
615 3712 712 3765 καὶ
741 3709 930 3763 πολλοὶ
956 3711 1004 3762 οἱ
1035 3707 1459 3778 πειρασμοὶ,·ὲκ
1486 3706 1793 3776 δαιμόνων,
1830 3704 1889 3771 ἐξ
1918 3706 2012 3757 ἁν-

438 3805 696 3875 θρώπων,
728 3804 793 3856 ὲκ
822 3799 1098 3871 σώματος,
1131 3800 1189 3865 ἐξ
1215 3801 1547 3870 άπροσεξίας
1579 3798 1792 3868 ψυχῆςο
1829 3801 1920 3852 καὶ
1952 3799 2009 3850 ὲν

436 3897 606 3950 πᾶσιν
644 3887 791 3948 οὗτοι
817 3893 1247 3962 ἀγωνιζομένοις
1290 3908 1349 3945 τε
1383 3891 1477 3945 καὶ
1509 3890 1797 3962 ῥᾳθύμοις,
1830 3891 1881 3942 εί
1914 3891 2011 3944 καὶ

436 3986 698 4057 ἔμμισθοι
750 3986 954 4057 μᾶλλον
980 3985 1031 4038 οἱ
1072 3983 1183 4038 τῶν
1213 3983 1438 4037 δικαίων
1468 3983 1605 4052 πρὸς
1635 3981 1866 4051 δοκιμὴν
1912 3980 2009 4035 καὶ

435 4079 735 4133 ἀνάϐασινο
771 4080 864 4132 καὶ
883 4076 1032 4131 οῦτοι
1067 4074 1267 4146 μᾶλλον
1299 4074 1581 4143 ὑπομονῆς
1620 4073 1810 4143 χρείαν
1856 4073 2008 4142 Elav-

434 4186 525 4233 τες
544 4186 560 4202 ·
596 4171 681 4225 ὅτι
703 4169 819 4235 καὶ,
857 4188 876 4221 ι
905 4169 978 4223 Τὸ
1014 4167 1111 4238 μὶν
1140 4166 1358 4235 πνεῦμα
1389 4164 1695 4235 πρόθυμον,
1723 4166 1757 4235 ἡ
1784 4164 1841 4218 δὲ
1872 4163 2009 4234 σάρξ

434 4261 688 4331 ἀσθενής.
723 4278 745 4313 ι
790 4259 952 4313 Ἀλλά
981 4260 1077 4312 καὶ
1100 4258 1281 4327 ἕτεροι
1316 4258 1636 4326 πειρασμοὶ,
1672 4257 1724 4307 εί
1758 4255 2008 4325 περιίδης

433 4353 527 4406 τὸν
550 4347 799 4420 ἀδελφὺν,
822 4350 872 4403 si
907 4348 1259 4420 ὲπηρεάσεις,
1286 4349 1335 4400 εί
1365 4346 1597 4416 θλίψεις,
1630 4346 1723 4401 καὶ
1750 4347 1809 4400 τὸ
1840 4363 2008 4401 κατα-

2117 3169 2391 3218 erramus,
2417 3164 2471 3208 et
2500 3169 2672 3222 pauca
2701 3157 3040 3214 dimittentcs
3070 3175 3135 3214 ac
3162 3161 3314 3231 plura
3342 3164 3701 3233 accipientes,

2118 3244 2434 3301 hominibus
2471 3246 2811 3323 ignosccntes
2847 3259 2901 3305 et
2929 3266 2957 3305 a
2992 3251 3103 3309 Deo
3141 3254 3537 3326 indulgentiam
3565 3274 3703 3314 con-

2117 3348 2428 3407 sequentes.
2468 3357 2489 3391 ι
2535 3339 2600 3395 Et
2648 3357 2715 3395 ne
2745 3357 2847 3399 nos
2880 3345 3110 3402 inducas
3139 3348 3192 3402 in
3235 3351 3590 3406 tentationem
3616 3392 3632 3416 ,
3676 3370 3697 3403 ι

2118 3429 2378 3500 quoniam
2439 3445 2792 3501 aggressores
2855 3437 3009 3491 multi
3078 3446 3209 3494 sunt
3276 3441 3420 3510 pleni
3482 3444 3701 3499 invidia:

2117 3535 2442 3591 semperque
2477 3522 2726 3590 inimici,
2768 3535 2821 3581 et
2851 3519 3185 3587 tentationes
3218 3533 3403 3589 multae
3433 3549 3463 3588 e
3495 3535 3697 3589 daemo-

2117 3614 2300 3681 nibus,
2334 3629 2400 3669 ex
2434 3615 2772 3683 hominibus,
2808 3633 2839 3674 e
2870 3635 3121 3691 corpore,
3155 3632 3210 3678 et
3238 3638 3301 3678 ex
3330 3625 3695 3697 imprudentia

2117 3707 2338 3771 animm,
2369 3721 2491 3773 quae
2520 3708 2779 3764 omnibus
2807 3710 3065 3765 accidunt
3100 3722 3208 3767 tam
3244 3714 3461 3771 fortiter
3484 3730 3702 3774 certan-

2118 3796 2267 3852 tibus
2310 3812 2475 3867 quam
2526 3797 2773 3868 ignavis,
2821 3801 2928 3855 nisi
2973 3805 3118 3870 quod
3155 3805 3291 3873 justi
3337 3808 3519 3875 potius
3556 3827 3702 3866 mer-

2118 3887 2307 3942 cedem
2356 3887 2630 3957 accipient
2682 3888 2752 3943 ob
2798 3901 3113 3958 superatam
3171 3894 3590 3966 probationem,
3644 3901 3697 3956 hi
3748 3928 3763 3941 κ

2115 3993 2246 4034 vero
2277 3980 2450 4049 magis
2480 3980 2728 4052 indigent
2759 3983 3061 4037 constantia
3094 3987 3351 4051 quoniam
3399 4006 3419 4039 ι
3466 3991 3696 4059 spiritus

2114 4080 2399 4139 promptus
2426 4080 2509 4126 est
2531 4109 2549 4136 ,
2580 4086 2710 4126 caro
2737 4080 2921 4126 autem
2954 4072 3194 4129 infirma.
3229 4093 3250 4127 ι
3304 4077 3530 4147 insuper
3568 4094 3696 4136 sunt

2114 4161 2234 4215 aliae
2271 4164 2636 4229 tentationes,
2686 4178 2884 4232 nempe
2931 4164 2979 4219 si
3030 4164 3251 4222 fratrem
3295 4168 3607 4240 despicias,
3648 4176 3694 4230 si

2114 4252 2472 4322 aggrediaris,
2523 4253 2570 4306 si
2616 4262 2896 4321 conteras,
2944 4254 2989 4309 si
3029 4255 3213 4310 divina
3263 4268 3586 4316 contemnas
3640 4273 3696 4316 et

2113 4342 2380 4415 negligas.
2414 4343 2543 4398 ideo
2592 4357 2935 4414 quacunque
2968 4343 3302 4403 oﬂcndimus
3338 4348 3391 4403 in
3432 4348 3601 4405 Deum
3639 4362 3695 4406 et

434 4444 700 4514 φρονῆσαι
725 4441 836 4494 τῶν
869 4439 1030 4493 θείων
1064 4441 1160 4492 καὶ
1199 4426 1501 4507 ἀμελῆσαι.
1549 4437 1643 4491 Διὸ
1685 4435 1789 4490 κᾶν
1829 4438 2005 4493 ὁπόσα

2115 4434 2380 4499 fratrem,
2429 4435 2635 4490 dimitti
2667 4437 2949 4505 poscimus
2995 4452 3058 4492 ex
3106 4453 3171 4492 eo
3218 4428 3359 4509 quod
3407 4457 3506 4513 nos
3542 4446 3695 4515 igne-

432 4534 720 4604 πταίωμεν
750 4532 831 4595 είς
858 4531 990 4585 Θεὸν
1020 4533 1116 4584 καὶ
1154 4530 1248 4582 τὸν
1283 4525 1867 4599 ἀδελφὸν,ἰλεηθῆναι
1907 4527 2007 4597 ζη-

431 4625 656 4695 τοῦμεν,
680 4624 745 4675 ἑκ
763 4621 857 4675 τοῦ
883 4619 1101 4690 ἱλεῆσαι
1126 4620 1223 4673 καὶ
1251 4620 1493 4687 ἀφιέναι⁶
1522 4619 1617 4674 καὶ
1641 4619 1715 4689 μὴ
1740 4618 2008 4673 εἰσελθεῖν

434 4716 515 4779 είς
554 4713 897 4784 πειρασμόν.
930 4711 993 4765 El
1036 4710 1094 4764 δὲ
1138 4710 1233 4764 καὶ
1265 4709 1473 4772 δίκαιός
1507 4725 1590 4771 τις
1620 4712 1682 4763 οὐ
1721 4711 1826 4781 χρὴ
1871 4709 2007 4783 θαρ-

435 4804 550 4872 ρεῖν
583 4800 786 4871 ἐαυτῷ,
819 4800 902 4852 ὅτι
935 4799 1035 4854 καὶ
1060 4801 1126 4852 ἐκ
1152 4797 1247 4852 τοῦ
1277 4797 1668 4852 ταπεινοῦσθαι
1709 4802 1802 4852 καὶ
1835 4802 2007 4853 ἐλεεῖν

436 4894 532 4947 καὶ
555 4894 778 4963 ἀφιέναι
808 4891 964 4945 ἔσται
992 4891 1053 4944 τὺ
1084 4890 1295 4944 δίκαιον
1331 4886 1493 4944 εἶναι.
1554 4909 1574 4941 ι
1644 4892 1805 4943 Ἀλλὰ
1841 4890 2007 4961 ῥῦσαι

432 4985 584 5053 ήμᾶς
615 4983 724 5036 ἀπὸ
753 4982 848 5035 τοῦ
883 4980 1150 5053 πονηροῦ.
1202 4999 1222 5033 ι
1272 4981 1399 5034 Ὅτι
1430 4981 1525 5033 καὶ
1559 4981 1648 5044 σὸς
1689 4982 1882 5052 ἐχθρὸς
1914 4984 2008 5036 καὶ

433 5070 613 5140 ήμῶν,
646 5070 744 5124 καὶ
771 5070 1035 5134 ἄσπονδος
1060 5071 1154 5123 καὶ
1178 5070 1486 5138 ἀκάματος,
1515 5071 1608 5124 καὶ
1638 5072 1805 5143 μανίᾳ
1839 5075 2006 5142 φερό-

436 5180 597 5233 μενος
618 5177 635 5195 ⁶
666 5161 762 5216 καὶ
792 5164 1036 5227 ἀσθενεῖς
1065 5163 1228 5232 ἡμεῖς
1255 5164 1393 5233 πρὸς
1425 5162 1613 5228 αὐτὸν,
1643 5163 1726 5216 ὅτι
1752 5162 2007 5218 λεπτοτέ-

434 5270 535 5322 ρας
568 5253 662 5306 καὶ
690 5250 979 5322 ἀγρύπνου
1014 5249 1172 5315 οὗτος
1203 5252 1302 5322 τῆς
1337 5253 1575 5321 φύσεως,
1610 5253 1705 5306 καὶ
1747 5258 2004 5327 πονηρὸς,

433 5342 605 5413 μυρία
637 5342 982 5412 ὲφευρίσκων
1008 5342 1103 5395 καὶ
1130 5341 1370 5405 πλέκων,
1404 5344 1498 5395 καὶ
1519 5343 1670 5396 δεινά
1700 5342 1821 5397 καθ’
1847 5347 2004 5416 ήμῶν

426 5437 516 5489 ἀεὶ
548 5435 967 5506 μηχανώμενος.
1013 5433 1126 5487 Καὶ
1159 5435 1209 5486 si
1243 5432 1318 5504 μή
1352 5435 1415 5486 σὺ
1450 5432 1784 5505 ὲξαρπάσεις
1806 5438 1835 5489 ὁ
1868 5440 2003 5492 πάν..

424 5539 556 5588 των,
587 5524 684 5578 καὶ
713 5522 881 5576 αὑτοῦ
912 5521 1008 5575 τοῦ
1056 5521 1300 5592 πονηροῦ
1349 5523 1598 5577 διαϐόλου
1632 5527 1727 5578 καί⁵
1760 5527 1867 5580 τῶν
1905 5531 2003 5583 σὺν

423 5615 576 5686 αὐτῷ
605 5616 938 5684 δημιουργὸς
956 5616 1051 5669 καὶ
1076 5616 1375 5685 Δεσπότης,
1398 5615 1472 5676 ὡς
1497 5617 1591 5669 καὶ
1616 5616 1723 5669 τῶν
1755 5620 2004 5687 ἀγγέλων

424 5709 518 5761 καὶ
552 5707 732 5778 ήμῶν,
763 5708 846 5775 τίς
875 5706 1177 5779 ἐξισχύσειε
1204 5707 1510 5778 ρύσχσθκι;
1542 5708 1602 5761 οὐ
1632 5709 1740 5783 γάρ
1770 5710 1999 5784 δύναμις

2110 4525 2316 4589 scimus
2357 4540 2424 4581 ac
2469 4525 2841 4593 dimittimus,
2892 4536 2950 4581 et
3000 4543 3109 4583 non
3158 4529 3366 4585 intrare
3416 4531 3470 4587 in
3520 4544 3695 4590 tenta-

2108 4616 2339 4671 tionem.
2366 4614 2568 4671 Verum
2598 4617 2643 4672 si
2669 4618 2792 4687 quis
2814 4617 2994 4687 justus
3023 4618 3209 4685 fuerit,
3240 4635 3344 4673 non
3371 4621 3530 4677 debet
3558 4624 3693 4679 sibi-

2111 4709 2334 4778 metipsi
2369 4710 2669 4771 confidere.
2699 4712 2954 4780 quoniam
2981 4711 3167 4780 justus
3195 4728 3303 4766 non
3337 4724 3419 4770 est
3456 4716 3561 4771 nisi
3596 4718 3689 4786 qui

2107 4815 2169 4855 se
2214 4800 2502 4867 humiliat,
2539 4801 2633 4870 qui
2671 4790 3101 4858 misericordiam
3141 4803 3277 4859 facit
3330 4819 3397 4861 ac
3442 4808 3684 4863 dimittit.
3720 4814 3729 4823 '

2112 4910 2133 4944 ι
2169 4891 2273 4948 Sed
2303 4894 2469 4949 libera
2498 4908 2598 4949 nos
2624 4908 2655 4948 a
2687 4894 2855 4957 malo,
2889 4913 2909 4947 ι
2940 4898 3198 4965 quoniam
3233 4908 3358 4954 tuus
3404 4916 3471 4957 ac
3503 4915 3692 4957 noster

2107 4997 2189 5040 est
2220 4985 2477 5040 inimicus
2518 4968 2947 5051 infensi'ssimus,
2973 4988 3348 5059 infatigabilis,
3381 4992 3567 5050 furore
3602 5010 3691 5049 ac-

2106 5091 2329 5143 census,
2360 5091 2460 5131 nos
2488 5085 2670 5131 autem
2703 5094 2813 5148 prae
2844 5080 2935 5134 illo
2966 5079 3195 5145 inﬁrmi,
3226 5084 3487 5153 quoniam
3519 5086 3690 5141 subti-

2109 5169 2262 5223 lioris
2308 5183 2371 5222 ac
2416 5168 2596 5237 vigilis
2635 5181 2717 5225 est
2761 5178 3009 5239 naturae,
3060 5187 3271 5228 necnon
3313 5175 3401 5230 ille
3441 5185 3525 5229 est
3566 5191 3687 5245 per-

2108 5274 2297 5315 versus
2345 5270 2603 5315 sexcenta
2656 5263 2891 5317 moliens
2952 5275 3009 5318 et
3063 5275 3324 5330 struens,
3376 5265 3688 5337 danmaque

2106 5351 2394 5406 adversum
2429 5367 2530 5407 nos
2560 5367 2774 5419 semper
2801 5356 3150 5423 tnacbinans,
3199 5371 3229 5412 a
3258 5372 3368 5426 quo
3400 5359 3448 5413 si
3488 5366 3686 5415 tu‘nos

2107 5458 2214 5497 non
2239 5445 2447 5499 erueris
2473 5444 2566 5512 qni
2592 5444 2834 5498 omnium
2863 5461 2926 5501 es
2948 5455 3000 5500 et
3027 5448 3200 5516 ipsius
3225 5449 3425 5504 diaboli
3453 5466 3683 5521 nequam

2106 5537 2338 5606 ejusque
2375 5536 2724 5591 consciorum
2775 5548 2990 5593 creator
3036 5549 3092 5594 et
3128 5538 3416 5609 Dominus,
3453 5544 3594 5599 sicut
3633 5555 3684 5600 et

2106 5627 2422 5699 angelorum
2460 5644 2533 5684 ac
2576 5629 2882 5694 hominum,
2908 5628 3032 5699 quis
3069 5645 3170 5687 nos
3218 5648 3409 5689 eruere
3443 5635 3684 5705 poterit?

2108 5715 2226 5773 Non
2268 5719 2412 5774 enim
2447 5719 2733 5777 colluctari
2768 5730 3059 5791 possumus
3087 5732 3278 5781 contra
3307 5722 3682 5784 adversarium
