  <div class='ocr_page' id='page_1' title='image "/cluster/home/n/w/nwhite01/storage/ocr_20150623/155/mdp.39015022213998/300.png"; bbox 0 0 4126 6268; ppageno 0'>
   <div class='ocr_carea' id='block_1_1' title="bbox 434 223 542 286">
    <p class='ocr_par' dir='ltr' id='par_1_1' title="bbox 434 223 542 286">
     <span class='ocr_line' id='line_1_1' title="bbox 434 223 542 286; baseline 0 -1"><span class='ocrx_word' id='word_1_1' title='bbox 434 223 542 286; x_wconf 76' lang='grc'>585</span> 
     </span>
    </p>
   </div>
   <div class='ocr_carea' id='block_1_2' title="bbox 439 414 2010 490">
    <p class='ocr_par' dir='ltr' id='par_1_2' title="bbox 439 414 2010 490">
     <span class='ocr_line' id='line_1_2' title="bbox 439 414 2010 490; baseline -0.008 -11"><span class='ocrx_word' id='word_1_2' title='bbox 439 426 677 488; x_wconf 76' lang='grc' dir='ltr'>ἵσταται,</span> <span class='ocrx_word' id='word_1_3' title='bbox 694 423 779 490; x_wconf 81' lang='grc' dir='ltr'><strong>τὺ,</strong></span> <span class='ocrx_word' id='word_1_4' title='bbox 797 417 1053 489; x_wconf 78' lang='grc' dir='ltr'>Δεόμεθά</span> <span class='ocrx_word' id='word_1_5' title='bbox 1068 433 1184 470; x_wconf 85' lang='grc' dir='ltr'>σου</span> <span class='ocrx_word' id='word_1_6' title='bbox 1197 416 1368 484; x_wconf 79' lang='grc' dir='ltr'>λέγων</span> <span class='ocrx_word' id='word_1_7' title='bbox 1393 417 1487 468; x_wconf 69' lang='grc' dir='ltr'>καὶ</span> <span class='ocrx_word' id='word_1_8' title='bbox 1503 414 1583 480; x_wconf 70' lang='grc' dir='ltr'><strong>τὸ,</strong></span> <span class='ocrx_word' id='word_1_9' title='bbox 1613 415 2010 469; x_wconf 77' lang='grc' dir='ltr'>Ἐπάκουσον.</span> 
     </span>
    </p>
   </div>
   <div class='ocr_carea' id='block_1_3' title="bbox 451 505 2014 584">
    <p class='ocr_par' dir='ltr' id='par_1_3' title="bbox 451 505 2014 584">
     <span class='ocr_line' id='line_1_3' title="bbox 451 505 2014 584; baseline -0.008 -14"><span class='ocrx_word' id='word_1_10' title='bbox 451 518 512 570; x_wconf 86' lang='grc'><strong>’0</strong></span> <span class='ocrx_word' id='word_1_11' title='bbox 543 518 600 572; x_wconf 86' lang='grc' dir='ltr'><em>δέ</em></span> <span class='ocrx_word' id='word_1_12' title='bbox 633 531 697 584; x_wconf 85' lang='grc' dir='ltr'><strong>γε</strong></span> <span class='ocrx_word' id='word_1_13' title='bbox 756 513 884 575; x_wconf 80' lang='grc' dir='ltr'>λαὸς</span> <span class='ocrx_word' id='word_1_14' title='bbox 931 510 1033 579; x_wconf 76' lang='grc' dir='ltr'>τὴν</span> <span class='ocrx_word' id='word_1_15' title='bbox 1082 509 1268 578; x_wconf 83' lang='grc' dir='ltr'>δέησιν</span> <span class='ocrx_word' id='word_1_16' title='bbox 1320 510 1609 576; x_wconf 78' lang='grc' dir='ltr'>ἐπιφέρει,</span> <span class='ocrx_word' id='word_1_17' title='bbox 1665 505 1747 570; x_wconf 71' lang='grc' dir='ltr'><strong>τὸ,</strong></span> <span class='ocrx_word' id='word_1_18' title='bbox 1783 525 1801 556; x_wconf 76' lang='grc' dir='ltr'><strong>ι</strong></span> <span class='ocrx_word' id='word_1_19' title='bbox 1842 506 2014 574; x_wconf 85' lang='grc' dir='ltr'>Κύριε</span> 
     </span>
    </p>
   </div>
   <div class='ocr_carea' id='block_1_4' title="bbox 441 595 2014 678">
    <p class='ocr_par' dir='ltr' id='par_1_4' title="bbox 441 595 2014 678">
     <span class='ocr_line' id='line_1_4' title="bbox 441 595 2014 678; baseline -0.009 -18"><span class='ocrx_word' id='word_1_20' title='bbox 441 609 690 678; x_wconf 74' lang='grc' dir='ltr'>ἐλέησον.</span> <span class='ocrx_word' id='word_1_21' title='bbox 728 624 747 657; x_wconf 85' lang='grc' dir='ltr'><strong>ι</strong></span> <span class='ocrx_word' id='word_1_22' title='bbox 781 603 954 656; x_wconf 88' lang='grc' dir='ltr'>Τοῦτο</span> <span class='ocrx_word' id='word_1_23' title='bbox 990 601 1099 670; x_wconf 82' lang='grc' dir='ltr'><strong>γὰρ</strong></span> <span class='ocrx_word' id='word_1_24' title='bbox 1136 602 1170 670; x_wconf 83' lang='grc' dir='ltr'><strong>ἠ</strong></span> <span class='ocrx_word' id='word_1_25' title='bbox 1212 598 1448 667; x_wconf 82' lang='grc' dir='ltr'>μεγίστη</span> <span class='ocrx_word' id='word_1_26' title='bbox 1485 613 1580 650; x_wconf 86' lang='grc' dir='ltr'><strong>σου</strong></span> <span class='ocrx_word' id='word_1_27' title='bbox 1615 595 2014 664; x_wconf 80' lang='grc' dir='ltr'>φιλανθρωπία,</span> 
     </span>
    </p>
   </div>
   <div class='ocr_carea' id='block_1_5' title="bbox 443 683 2018 764">
    <p class='ocr_par' dir='ltr' id='par_1_5' title="bbox 443 683 2018 764">
     <span class='ocr_line' id='line_1_5' title="bbox 443 683 2018 764; baseline -0.011 -10"><span class='ocrx_word' id='word_1_28' title='bbox 443 700 505 753; x_wconf 78' lang='grc' dir='ltr'>τὸ</span> <span class='ocrx_word' id='word_1_29' title='bbox 531 699 725 761; x_wconf 70' lang='grc' dir='ltr'>ὶλεεῖν,</span> <span class='ocrx_word' id='word_1_30' title='bbox 765 695 860 750; x_wconf 75' lang='grc' dir='ltr'><strong>καὶ</strong></span> <span class='ocrx_word' id='word_1_31' title='bbox 884 694 1043 764; x_wconf 81' lang='grc' dir='ltr'>ἡμῶν</span> <span class='ocrx_word' id='word_1_32' title='bbox 1070 690 1196 756; x_wconf 78' lang='grc' dir='ltr'>ἀξία</span> <span class='ocrx_word' id='word_1_33' title='bbox 1223 689 1407 758; x_wconf 82' lang='grc' dir='ltr'>δέησις</span> <span class='ocrx_word' id='word_1_34' title='bbox 1445 690 1541 741; x_wconf 77' lang='grc' dir='ltr'>καὶ</span> <span class='ocrx_word' id='word_1_35' title='bbox 1579 685 1928 755; x_wconf 81' lang='grc' dir='ltr'>παράκλησις</span> <span class='ocrx_word' id='word_1_36' title='bbox 1959 683 2018 737; x_wconf 82' lang='grc' dir='ltr'>τὸ</span> 
     </span>
    </p>
   </div>
   <div class='ocr_carea' id='block_1_6' title="bbox 456 775 2019 856">
    <p class='ocr_par' dir='ltr' id='par_1_6' title="bbox 456 775 2019 856">
     <span class='ocr_line' id='line_1_6' title="bbox 456 775 2019 856; baseline -0.013 -11"><span class='ocrx_word' id='word_1_37' title='bbox 456 789 780 856; x_wconf 78' lang='grc' dir='ltr'>Ἐλέησον.</span> <span class='ocrx_word' id='word_1_38' title='bbox 813 785 1019 837; x_wconf 81' lang='grc' dir='ltr'><strong>Τούτου</strong></span> <span class='ocrx_word' id='word_1_39' title='bbox 1064 781 1228 851; x_wconf 83' lang='grc' dir='ltr'>χάριν</span> <span class='ocrx_word' id='word_1_40' title='bbox 1257 781 1350 833; x_wconf 75' lang='grc' dir='ltr'>καὶ</span> <span class='ocrx_word' id='word_1_41' title='bbox 1381 777 1488 846; x_wconf 81' lang='grc' dir='ltr'>πρὸ</span> <span class='ocrx_word' id='word_1_42' title='bbox 1521 777 1699 845; x_wconf 84' lang='grc' dir='ltr'>πάσης</span> <span class='ocrx_word' id='word_1_43' title='bbox 1733 775 1898 845; x_wconf 80' lang='grc' dir='ltr'><strong>ἄλλης</strong></span> <span class='ocrx_word' id='word_1_44' title='bbox 1929 775 2019 827; x_wconf 83' lang='grc' dir='ltr'>εύ-</span> 
     </span>
    </p>
   </div>
   <div class='ocr_carea' id='block_1_7' title="bbox 447 867 2013 953">
    <p class='ocr_par' dir='ltr' id='par_1_7' title="bbox 447 867 2013 953">
     <span class='ocr_line' id='line_1_7' title="bbox 447 867 2013 953; baseline -0.013 -17"><span class='ocrx_word' id='word_1_45' title='bbox 447 883 550 953; x_wconf 85' lang='grc' dir='ltr'>χῆς</span> <span class='ocrx_word' id='word_1_46' title='bbox 587 882 615 932; x_wconf 88' lang='grc' dir='ltr'>ὁ</span> <span class='ocrx_word' id='word_1_47' title='bbox 648 879 749 949; x_wconf 66' lang='grc' dir='ltr'>μὲν</span> <span class='ocrx_word' id='word_1_48' title='bbox 781 876 961 947; x_wconf 81' lang='grc' dir='ltr'>ἱερεύς</span> <span class='ocrx_word' id='word_1_49' title='bbox 1007 890 1164 943; x_wconf 84' lang='grc' dir='ltr'>φησι,</span> <span class='ocrx_word' id='word_1_50' title='bbox 1193 890 1214 923; x_wconf 75' lang='grc' dir='ltr'><strong>ι</strong></span> <span class='ocrx_word' id='word_1_51' title='bbox 1268 870 1374 923; x_wconf 90' lang='grc' dir='ltr'>Τοῦ</span> <span class='ocrx_word' id='word_1_52' title='bbox 1405 869 1614 938; x_wconf 78' lang='grc' dir='ltr'><strong>Κυρίου</strong></span> <span class='ocrx_word' id='word_1_53' title='bbox 1652 867 1960 937; x_wconf 85' lang='grc' dir='ltr'>δεηθῶμεν,</span> <span class='ocrx_word' id='word_1_54' title='bbox 1996 885 2013 916; x_wconf 87' lang='grc' dir='ltr'><strong>ι</strong></span> 
     </span>
    </p>
   </div>
   <div class='ocr_carea' id='block_1_8' title="bbox 381 959 2018 1040">
    <p class='ocr_par' dir='ltr' id='par_1_8' title="bbox 381 959 2018 1040">
     <span class='ocr_line' id='line_1_8' title="bbox 381 959 2018 1040; baseline -0.011 -13"><span class='ocrx_word' id='word_1_55' title='bbox 381 1036 383 1038; x_wconf 27' lang='grc' dir='ltr'><strong>η</strong></span> <span class='ocrx_word' id='word_1_56' title='bbox 446 975 497 1026; x_wconf 80' lang='lat' dir='ltr'><strong>oi</strong></span> <span class='ocrx_word' id='word_1_57' title='bbox 532 973 588 1025; x_wconf 78' lang='grc' dir='ltr'>δὲ</span> <span class='ocrx_word' id='word_1_58' title='bbox 623 970 1006 1040; x_wconf 78' lang='grc' dir='ltr'><strong>παρεστῶτες,</strong></span> <span class='ocrx_word' id='word_1_59' title='bbox 1056 961 1369 1025; x_wconf 77' lang='grc' dir='ltr'><strong>δεικνύντες</strong></span> <span class='ocrx_word' id='word_1_60' title='bbox 1417 961 1494 1024; x_wconf 82' lang='grc' dir='ltr'><strong>ὡς</strong></span> <span class='ocrx_word' id='word_1_61' title='bbox 1545 961 1704 1013; x_wconf 88' lang='grc' dir='ltr'>τοῦτο</span> <span class='ocrx_word' id='word_1_62' title='bbox 1747 961 1776 1028; x_wconf 80' lang='grc' dir='ltr'>ἡ</span> <span class='ocrx_word' id='word_1_63' title='bbox 1812 959 2018 1028; x_wconf 82' lang='grc' dir='ltr'>δίησις,</span> 
     </span>
    </p>
   </div>
   <div class='ocr_carea' id='block_1_9' title="bbox 454 1049 2024 1130">
    <p class='ocr_par' dir='ltr' id='par_1_9' title="bbox 454 1049 2024 1130">
     <span class='ocr_line' id='line_1_9' title="bbox 454 1049 2024 1130; baseline -0.011 -13"><span class='ocrx_word' id='word_1_64' title='bbox 454 1081 476 1117; x_wconf 74' lang='grc' dir='ltr'><strong>ε</strong></span> <span class='ocrx_word' id='word_1_65' title='bbox 509 1064 704 1130; x_wconf 82' lang='grc' dir='ltr'>Κύριε,</span> <span class='ocrx_word' id='word_1_66' title='bbox 738 1059 982 1125; x_wconf 78' lang='grc' dir='ltr'>ἐλέησον,</span> <span class='ocrx_word' id='word_1_67' title='bbox 1021 1075 1039 1108; x_wconf 89' lang='lat'><strong>»</strong></span> <span class='ocrx_word' id='word_1_68' title='bbox 1074 1052 1494 1123; x_wconf 78' lang='grc' dir='ltr'>ἀνακράζονσιν,</span> <span class='ocrx_word' id='word_1_69' title='bbox 1525 1051 1642 1120; x_wconf 79' lang='grc' dir='ltr'>ἅμα</span> <span class='ocrx_word' id='word_1_70' title='bbox 1671 1049 1728 1102; x_wconf 77' lang='grc' dir='ltr'>δὲ</span> <span class='ocrx_word' id='word_1_71' title='bbox 1749 1050 1846 1102; x_wconf 77' lang='grc' dir='ltr'>καὶ</span> <span class='ocrx_word' id='word_1_72' title='bbox 1899 1066 2024 1100; x_wconf 81' lang='grc' dir='ltr'>συν-</span> 
     </span>
    </p>
   </div>
   <div class='ocr_carea' id='block_1_10' title="bbox 451 1139 2016 1224">
    <p class='ocr_par' dir='ltr' id='par_1_10' title="bbox 451 1139 2016 1224">
     <span class='ocr_line' id='line_1_10' title="bbox 451 1139 2016 1224; baseline -0.012 -18"><span class='ocrx_word' id='word_1_73' title='bbox 451 1153 742 1224; x_wconf 82' lang='grc' dir='ltr'>εργοῦντες</span> <span class='ocrx_word' id='word_1_74' title='bbox 794 1151 908 1210; x_wconf 83' lang='grc' dir='ltr'>τοῖς</span> <span class='ocrx_word' id='word_1_75' title='bbox 956 1146 1219 1216; x_wconf 87' lang='grc' dir='ltr'>ἱερεῦσιν,</span> <span class='ocrx_word' id='word_1_76' title='bbox 1250 1144 1374 1196; x_wconf 73' lang='grc' dir='ltr'>ἐπεὶ</span> <span class='ocrx_word' id='word_1_77' title='bbox 1414 1162 1433 1195; x_wconf 79' lang='grc' dir='ltr'><strong>ι</strong></span> <span class='ocrx_word' id='word_1_78' title='bbox 1461 1142 1596 1194; x_wconf 81' lang='grc' dir='ltr'>πολὺ</span> <span class='ocrx_word' id='word_1_79' title='bbox 1621 1139 1792 1209; x_wconf 80' lang='grc' dir='ltr'><strong>ἰσχύει</strong></span> <span class='ocrx_word' id='word_1_80' title='bbox 1831 1139 2016 1209; x_wconf 81' lang='grc' dir='ltr'>δέησις</span> 
     </span>
    </p>
   </div>
   <div class='ocr_carea' id='block_1_11' title="bbox 449 1229 2024 1308">
    <p class='ocr_par' dir='ltr' id='par_1_11' title="bbox 449 1229 2024 1308">
     <span class='ocr_line' id='line_1_11' title="bbox 449 1229 2024 1308; baseline -0.009 -13"><span class='ocrx_word' id='word_1_81' title='bbox 449 1243 660 1296; x_wconf 83' lang='grc' dir='ltr'><strong>δικαίου</strong></span> <span class='ocrx_word' id='word_1_82' title='bbox 689 1240 1119 1308; x_wconf 76' lang='grc' dir='ltr'><strong>ἐνεργουμένη.»</strong></span> <span class='ocrx_word' id='word_1_83' title='bbox 1169 1234 1330 1305; x_wconf 79' lang='grc' dir='ltr'>Ὁρᾷς</span> <span class='ocrx_word' id='word_1_84' title='bbox 1355 1233 1455 1304; x_wconf 78' lang='grc' dir='ltr'>τὴν</span> <span class='ocrx_word' id='word_1_85' title='bbox 1473 1235 1531 1286; x_wconf 78' lang='grc' dir='ltr'>ἐν</span> <span class='ocrx_word' id='word_1_86' title='bbox 1546 1230 1869 1284; x_wconf 81' lang='grc' dir='ltr'>ταπεινώσει</span> <span class='ocrx_word' id='word_1_87' title='bbox 1886 1229 2024 1298; x_wconf 86' lang='grc' dir='ltr'>γνῶ-</span> 
     </span>
    </p>
   </div>
   <div class='ocr_carea' id='block_1_12' title="bbox 454 1320 2024 1396">
    <p class='ocr_par' dir='ltr' id='par_1_12' title="bbox 454 1320 2024 1396">
     <span class='ocr_line' id='line_1_12' title="bbox 454 1320 2024 1396; baseline -0.008 -11"><span class='ocrx_word' id='word_1_88' title='bbox 454 1349 536 1385; x_wconf 90' lang='grc' dir='ltr'><strong>σιν</strong></span> <span class='ocrx_word' id='word_1_89' title='bbox 567 1332 664 1384; x_wconf 76' lang='grc' dir='ltr'>καὶ</span> <span class='ocrx_word' id='word_1_90' title='bbox 691 1329 846 1395; x_wconf 82' lang='grc' dir='ltr'>τάξιν</span> <span class='ocrx_word' id='word_1_91' title='bbox 889 1328 990 1396; x_wconf 81' lang='grc' dir='ltr'>τῆς</span> <span class='ocrx_word' id='word_1_92' title='bbox 1027 1325 1389 1393; x_wconf 83' lang='grc' dir='ltr'>Ἑκκλησίας;</span> <span class='ocrx_word' id='word_1_93' title='bbox 1423 1323 1516 1376; x_wconf 70' lang='grc' dir='ltr'>καὶ</span> <span class='ocrx_word' id='word_1_94' title='bbox 1565 1322 1715 1382; x_wconf 83' lang='grc' dir='ltr'>δπως</span> <span class='ocrx_word' id='word_1_95' title='bbox 1771 1320 2024 1390; x_wconf 71' lang='grc' dir='ltr'>ῥυθμίζει</span> 
     </span>
    </p>
   </div>
   <div class='ocr_carea' id='block_1_13' title="bbox 454 1411 2026 1490">
    <p class='ocr_par' dir='ltr' id='par_1_13' title="bbox 454 1411 2026 1490">
     <span class='ocr_line' id='line_1_13' title="bbox 454 1411 2026 1490; baseline -0.008 -15"><span class='ocrx_word' id='word_1_96' title='bbox 454 1425 548 1476; x_wconf 71' lang='grc' dir='ltr'><strong>καὶ</strong></span> <span class='ocrx_word' id='word_1_97' title='bbox 575 1422 656 1474; x_wconf 78' lang='grc' dir='ltr'><strong>ἑνὶ</strong></span> <span class='ocrx_word' id='word_1_98' title='bbox 680 1417 801 1490; x_wconf 88' lang='grc' dir='ltr'><strong>Θεῷ</strong></span> <span class='ocrx_word' id='word_1_99' title='bbox 829 1419 921 1472; x_wconf 83' lang='grc' dir='ltr'><strong>διὰ</strong></span> <span class='ocrx_word' id='word_1_100' title='bbox 944 1417 1047 1485; x_wconf 85' lang='grc' dir='ltr'>τῆς</span> <span class='ocrx_word' id='word_1_101' title='bbox 1080 1415 1371 1486; x_wconf 82' lang='grc' dir='ltr'>μετανοίας</span> <span class='ocrx_word' id='word_1_102' title='bbox 1409 1413 1505 1466; x_wconf 74' lang='grc' dir='ltr'>καὶ</span> <span class='ocrx_word' id='word_1_103' title='bbox 1546 1412 1932 1472; x_wconf 76' lang='grc' dir='ltr'>ταπεινώσεως</span> <span class='ocrx_word' id='word_1_104' title='bbox 1960 1411 2026 1463; x_wconf 79' lang='grc' dir='ltr'><strong>τὰ</strong></span> 
     </span>
    </p>
   </div>
   <div class='ocr_carea' id='block_1_14' title="bbox 453 1501 2028 1583">
    <p class='ocr_par' dir='ltr' id='par_1_14' title="bbox 453 1501 2028 1583">
     <span class='ocr_line' id='line_1_14' title="bbox 453 1501 2028 1583; baseline -0.01 -15"><span class='ocrx_word' id='word_1_105' title='bbox 453 1517 622 1569; x_wconf 82' lang='grc' dir='ltr'>τέκνα</span> <span class='ocrx_word' id='word_1_106' title='bbox 665 1509 866 1583; x_wconf 85' lang='grc' dir='ltr'>αύτῆς;</span> <span class='ocrx_word' id='word_1_107' title='bbox 916 1509 1060 1562; x_wconf 82' lang='grc' dir='ltr'>Ἀλλ’</span> <span class='ocrx_word' id='word_1_108' title='bbox 1087 1507 1148 1561; x_wconf 88' lang='grc' dir='ltr'><strong>ού</strong></span> <span class='ocrx_word' id='word_1_109' title='bbox 1180 1506 1429 1575; x_wconf 89' lang='grc' dir='ltr'>νοοῦμεν,</span> <span class='ocrx_word' id='word_1_110' title='bbox 1463 1503 1707 1572; x_wconf 77' lang='grc' dir='ltr'>ἀδελφοὶ,</span> <span class='ocrx_word' id='word_1_111' title='bbox 1744 1501 1868 1554; x_wconf 72' lang='grc' dir='ltr'>οὐδὲ</span> <span class='ocrx_word' id='word_1_112' title='bbox 1921 1501 2028 1554; x_wconf 80' lang='grc' dir='ltr'>τῶν</span> 
     </span>
    </p>
   </div>
   <div class='ocr_carea' id='block_1_15' title="bbox 455 1594 2028 1676">
    <p class='ocr_par' dir='ltr' id='par_1_15' title="bbox 455 1594 2028 1676">
     <span class='ocr_line' id='line_1_15' title="bbox 455 1594 2028 1676; baseline -0.011 -16"><span class='ocrx_word' id='word_1_113' title='bbox 455 1605 765 1676; x_wconf 77' lang='grc' dir='ltr'>λεγομένοιν</span> <span class='ocrx_word' id='word_1_114' title='bbox 783 1601 1175 1671; x_wconf 83' lang='grc' dir='ltr'>αίσθανόμεθα,</span> <span class='ocrx_word' id='word_1_115' title='bbox 1192 1601 1300 1652; x_wconf 72' lang='grc' dir='ltr'><strong>ἀπὸ</strong></span> <span class='ocrx_word' id='word_1_116' title='bbox 1324 1597 1613 1666; x_wconf 81' lang='grc' dir='ltr'>συνηθείας</span> <span class='ocrx_word' id='word_1_117' title='bbox 1636 1596 1692 1648; x_wconf 81' lang='grc' dir='ltr'>δὲ</span> <span class='ocrx_word' id='word_1_118' title='bbox 1711 1594 1913 1664; x_wconf 82' lang='grc' dir='ltr'>χείλεσι</span> <span class='ocrx_word' id='word_1_119' title='bbox 1933 1595 2028 1662; x_wconf 74' lang='grc' dir='ltr'>μό-</span> 
     </span>
    </p>
   </div>
   <div class='ocr_carea' id='block_1_16' title="bbox 1393 207 2509 284">
    <p class='ocr_par' dir='ltr' id='par_1_16' title="bbox 1393 207 2509 284">
     <span class='ocr_line' id='line_1_16' title="bbox 1393 207 2509 284; baseline 0.002 -12"><span class='ocrx_word' id='word_1_120' title='bbox 1393 281 1396 284; x_wconf 35' lang='grc'><strong>,</strong></span> <span class='ocrx_word' id='word_1_121' title='bbox 1585 207 1686 273; x_wconf 88' lang='lat' dir='ltr'><strong>DE</strong></span> <span class='ocrx_word' id='word_1_122' title='bbox 1726 211 1967 273; x_wconf 73' lang='lat' dir='ltr'><strong>SACRA</strong></span> <span class='ocrx_word' id='word_1_123' title='bbox 2007 209 2509 276; x_wconf 79' lang='lat' dir='ltr'><strong>PRECATIONE.</strong></span> 
     </span>
    </p>
   </div>
   <div class='ocr_carea' id='block_1_17' title="bbox 439 321 2045 398">
    <p class='ocr_par' dir='ltr' id='par_1_17' title="bbox 439 321 2045 398">
     <span class='ocr_line' id='line_1_17' title="bbox 439 321 2045 398; baseline -0.007 -10"><span class='ocrx_word' id='word_1_124' title='bbox 439 334 752 388; x_wconf 68' lang='grc' dir='ltr'>ἑπάκουσθν</span> <span class='ocrx_word' id='word_1_125' title='bbox 785 327 1030 398; x_wconf 65' lang='grc' dir='ltr'>ἐλεῆσαι.</span> <span class='ocrx_word' id='word_1_126' title='bbox 1088 325 1198 379; x_wconf 74' lang='grc' dir='ltr'><strong>Καὶ</strong></span> <span class='ocrx_word' id='word_1_127' title='bbox 1235 323 1310 387; x_wconf 88' lang='grc' dir='ltr'><strong>ὡς</strong></span> <span class='ocrx_word' id='word_1_128' title='bbox 1368 321 1599 393; x_wconf 84' lang='grc' dir='ltr'>μεσίτης</span> <span class='ocrx_word' id='word_1_129' title='bbox 1641 323 1741 392; x_wconf 73' lang='grc' dir='ltr'>μὲν</span> <span class='ocrx_word' id='word_1_130' title='bbox 1774 326 1802 376; x_wconf 84' lang='grc' dir='ltr'>ὁ</span> <span class='ocrx_word' id='word_1_131' title='bbox 1836 322 2045 392; x_wconf 33' lang='grc' dir='ltr'>ίερεῦςλ</span> 
     </span>
    </p>
   </div>
   <div class='ocr_carea' id='block_1_18' title="bbox 2149 321 3691 398">
    <p class='ocr_par' dir='ltr' id='par_1_18' title="bbox 2149 324 3691 396">
     <span class='ocr_line' id='line_1_18' title="bbox 2149 324 3691 396; baseline 0.002 -18"><span class='ocrx_word' id='word_1_132' title='bbox 2149 326 2264 380; x_wconf 70' lang='lat' dir='ltr'><strong>iiam</strong></span> <span class='ocrx_word' id='word_1_133' title='bbox 2308 338 2728 395; x_wconf 88' lang='lat' dir='ltr'><strong>consequamur,</strong></span> <span class='ocrx_word' id='word_1_134' title='bbox 2774 331 2827 380; x_wconf 91' lang='lat' dir='ltr'><strong>te</strong></span> <span class='ocrx_word' id='word_1_135' title='bbox 2868 336 2998 396; x_wconf 77' lang='lat' dir='ltr'><strong>ergo</strong></span> <span class='ocrx_word' id='word_1_136' title='bbox 3025 324 3385 396; x_wconf 81' lang='lat' dir='ltr'><strong>deprecamur</strong></span> <span class='ocrx_word' id='word_1_137' title='bbox 3418 334 3476 379; x_wconf 90' lang='lat' dir='ltr'><strong>ut</strong></span> <span class='ocrx_word' id='word_1_138' title='bbox 3525 329 3691 381; x_wconf 84' lang='lat' dir='ltr'><strong>misc-</strong></span> 
     </span>
    </p>
   </div>
   <div class='ocr_carea' id='block_1_19' title="bbox 3580 215 3684 279">
    <p class='ocr_par' dir='ltr' id='par_1_19' title="bbox 3580 215 3684 279">
     <span class='ocr_line' id='line_1_19' title="bbox 3580 215 3684 279; baseline -0.019 0"><span class='ocrx_word' id='word_1_139' title='bbox 3580 215 3684 279; x_wconf 82' lang='lat'><strong>586</strong></span> 
     </span>
    </p>
   </div>
   <div class='ocr_carea' id='block_1_20' title="bbox 2122 417 3693 488">
    <p class='ocr_par' dir='ltr' id='par_1_20' title="bbox 2122 417 3693 488">
     <span class='ocr_line' id='line_1_20' title="bbox 2122 417 3693 488; baseline 0.001 -15"><span class='ocrx_word' id='word_1_140' title='bbox 2122 419 2319 482; x_wconf 89' lang='lat' dir='ltr'><strong>rearis,</strong></span> <span class='ocrx_word' id='word_1_141' title='bbox 2377 419 2573 473; x_wconf 78' lang='lat' dir='ltr'><strong>exaudi</strong></span> <span class='ocrx_word' id='word_1_142' title='bbox 2628 434 2752 473; x_wconf 89' lang='lat' dir='ltr'><strong>nos.</strong></span> <span class='ocrx_word' id='word_1_143' title='bbox 2813 417 2877 472; x_wconf 88' lang='lat' dir='ltr'><strong>Et</strong></span> <span class='ocrx_word' id='word_1_144' title='bbox 2943 427 3200 488; x_wconf 90' lang='lat' dir='ltr'><strong>tanquam</strong></span> <span class='ocrx_word' id='word_1_145' title='bbox 3268 418 3534 474; x_wconf 77' lang='lat' dir='ltr'><strong>mediator</strong></span> <span class='ocrx_word' id='word_1_146' title='bbox 3585 431 3693 474; x_wconf 85' lang='lat' dir='ltr'><strong>stat</strong></span> 
     </span>
    </p>
   </div>
   <div class='ocr_carea' id='block_1_21' title="bbox 2122 510 3687 580">
    <p class='ocr_par' dir='ltr' id='par_1_21' title="bbox 2122 510 3687 580">
     <span class='ocr_line' id='line_1_21' title="bbox 2122 510 3687 580; baseline 0.001 -17"><span class='ocrx_word' id='word_1_147' title='bbox 2122 510 2376 564; x_wconf 84' lang='lat' dir='ltr'><strong>sacerdos</strong></span> <span class='ocrx_word' id='word_1_148' title='bbox 2409 510 2596 565; x_wconf 88' lang='lat' dir='ltr'><strong>dicens</strong></span> <span class='ocrx_word' id='word_1_149' title='bbox 2621 527 2636 564; x_wconf 92' lang='lat'><strong>:</strong></span> <span class='ocrx_word' id='word_1_150' title='bbox 2671 529 2690 562; x_wconf 75' lang='grc' dir='ltr'><strong>ι</strong></span> <span class='ocrx_word' id='word_1_151' title='bbox 2715 510 2790 564; x_wconf 90' lang='lat' dir='ltr'><strong>&#39;l‘e</strong></span> <span class='ocrx_word' id='word_1_152' title='bbox 2816 511 3198 580; x_wconf 70' lang='lat' dir='ltr'><strong>deprecamur,</strong></span> <span class='ocrx_word' id='word_1_153' title='bbox 3227 520 3333 575; x_wconf 72' lang='lat' dir='ltr'><strong>iet,</strong></span> <span class='ocrx_word' id='word_1_154' title='bbox 3363 530 3379 560; x_wconf 79' lang='grc' dir='ltr'><strong>ι</strong></span> <span class='ocrx_word' id='word_1_155' title='bbox 3404 511 3635 565; x_wconf 69' lang='lat' dir='ltr'><strong>Exaudi.</strong></span> <span class='ocrx_word' id='word_1_156' title='bbox 3668 531 3687 564; x_wconf 90' lang='lat'><strong>»</strong></span> 
     </span>
    </p>
   </div>
   <div class='ocr_carea' id='block_1_22' title="bbox 2123 597 3687 671">
    <p class='ocr_par' dir='ltr' id='par_1_22' title="bbox 2123 597 3687 671">
     <span class='ocr_line' id='line_1_22' title="bbox 2123 597 3687 671; baseline 0 -18"><span class='ocrx_word' id='word_1_157' title='bbox 2123 597 2362 669; x_wconf 79' lang='lat' dir='ltr'><strong>Populus</strong></span> <span class='ocrx_word' id='word_1_158' title='bbox 2389 609 2567 655; x_wconf 86' lang='lat' dir='ltr'><strong>autem</strong></span> <span class='ocrx_word' id='word_1_159' title='bbox 2593 602 2894 656; x_wconf 88' lang='lat' dir='ltr'><strong>orationem</strong></span> <span class='ocrx_word' id='word_1_160' title='bbox 2921 601 3106 671; x_wconf 75' lang='lat' dir='ltr'><strong>adjicit</strong></span> <span class='ocrx_word' id='word_1_161' title='bbox 3133 620 3197 658; x_wconf 70' lang='lat'><strong>:.«</strong></span> <span class='ocrx_word' id='word_1_162' title='bbox 3225 601 3406 671; x_wconf 80' lang='lat' dir='ltr'><strong>Kyrie,</strong></span> <span class='ocrx_word' id='word_1_163' title='bbox 3427 602 3687 660; x_wconf 77' lang='lat' dir='ltr'><strong>elcison.»</strong></span> 
     </span>
    </p>
   </div>
   <div class='ocr_carea' id='block_1_23' title="bbox 2125 689 3694 760">
    <p class='ocr_par' dir='ltr' id='par_1_23' title="bbox 2125 689 3694 760">
     <span class='ocr_line' id='line_1_23' title="bbox 2125 689 3694 760; baseline 0.003 -18"><span class='ocrx_word' id='word_1_164' title='bbox 2125 689 2228 743; x_wconf 86' lang='lat' dir='ltr'><strong>hoc</strong></span> <span class='ocrx_word' id='word_1_165' title='bbox 2269 691 2415 743; x_wconf 89' lang='lat' dir='ltr'><strong>enim</strong></span> <span class='ocrx_word' id='word_1_166' title='bbox 2485 701 2566 744; x_wconf 90' lang='lat' dir='ltr'><strong>est</strong></span> <span class='ocrx_word' id='word_1_167' title='bbox 2628 693 2862 744; x_wconf 80' lang='lat' dir='ltr'><strong>maxima</strong></span> <span class='ocrx_word' id='word_1_168' title='bbox 2919 693 3224 760; x_wconf 83' lang='lat' dir='ltr'><strong>benignitas</strong></span> <span class='ocrx_word' id='word_1_169' title='bbox 3284 703 3396 754; x_wconf 91' lang='lat' dir='ltr'><strong>tua,</strong></span> <span class='ocrx_word' id='word_1_170' title='bbox 3444 694 3694 748; x_wconf 51' lang='lat' dir='ltr'><strong>vidi-licet</strong></span> 
     </span>
    </p>
   </div>
   <div class='ocr_carea' id='block_1_24' title="bbox 2127 781 3692 851">
    <p class='ocr_par' dir='ltr' id='par_1_24' title="bbox 2127 781 3692 851">
     <span class='ocr_line' id='line_1_24' title="bbox 2127 781 3692 851; baseline 0.003 -17"><span class='ocrx_word' id='word_1_171' title='bbox 2127 781 2684 850; x_wconf 84' lang='lat' dir='ltr'><strong>misereri,dignaqne</strong></span> <span class='ocrx_word' id='word_1_172' title='bbox 2716 783 3029 851; x_wconf 72' lang='lat' dir='ltr'><strong>deprecatio</strong></span> <span class='ocrx_word' id='word_1_173' title='bbox 3048 791 3102 836; x_wconf 91' lang='lat' dir='ltr'><strong>et</strong></span> <span class='ocrx_word' id='word_1_174' title='bbox 3134 783 3428 851; x_wconf 74' lang='lat' dir='ltr'><strong>postulatio</strong></span> <span class='ocrx_word' id='word_1_175' title='bbox 3465 793 3647 838; x_wconf 79' lang='lat' dir='ltr'><strong>nostra</strong></span> <span class='ocrx_word' id='word_1_176' title='bbox 3675 797 3692 839; x_wconf 86' lang='lat'><strong>:</strong></span> 
     </span>
    </p>
   </div>
   <div class='ocr_carea' id='block_1_25' title="bbox 2133 871 3696 945">
    <p class='ocr_par' dir='ltr' id='par_1_25' title="bbox 2133 871 3696 945">
     <span class='ocr_line' id='line_1_25' title="bbox 2133 871 3696 945; baseline 0.006 -23"><span class='ocrx_word' id='word_1_177' title='bbox 2133 890 2153 922; x_wconf 75' lang='grc' dir='ltr'><strong>ε</strong></span> <span class='ocrx_word' id='word_1_178' title='bbox 2177 871 2470 938; x_wconf 84' lang='lat' dir='ltr'><strong>Miserere;</strong></span> <span class='ocrx_word' id='word_1_179' title='bbox 2502 891 2520 923; x_wconf 95' lang='lat'><strong>»</strong></span> <span class='ocrx_word' id='word_1_180' title='bbox 2585 873 2750 940; x_wconf 79' lang='lat' dir='ltr'><strong>liujus</strong></span> <span class='ocrx_word' id='word_1_181' title='bbox 2781 877 2955 942; x_wconf 73' lang='lat' dir='ltr'><strong>gratia</strong></span> <span class='ocrx_word' id='word_1_182' title='bbox 2989 887 3116 928; x_wconf 81' lang='lat' dir='ltr'><strong>ante</strong></span> <span class='ocrx_word' id='word_1_183' title='bbox 3147 891 3532 945; x_wconf 81' lang='lat' dir='ltr'><strong>quamcunque</strong></span> <span class='ocrx_word' id='word_1_184' title='bbox 3569 895 3696 944; x_wconf 80' lang='lat' dir='ltr'><strong>prc-</strong></span> 
     </span>
    </p>
   </div>
   <div class='ocr_carea' id='block_1_26' title="bbox 2128 966 3695 1034">
    <p class='ocr_par' dir='ltr' id='par_1_26' title="bbox 2128 966 3695 1034">
     <span class='ocr_line' id='line_1_26' title="bbox 2128 966 3695 1034; baseline 0.004 -17"><span class='ocrx_word' id='word_1_185' title='bbox 2128 966 2399 1019; x_wconf 88' lang='lat' dir='ltr'><strong>cationem</strong></span> <span class='ocrx_word' id='word_1_186' title='bbox 2433 966 2688 1020; x_wconf 82' lang='lat' dir='ltr'><strong>sacerdos</strong></span> <span class='ocrx_word' id='word_1_187' title='bbox 2734 966 2950 1034; x_wconf 86' lang='lat' dir='ltr'><strong>quidem</strong></span> <span class='ocrx_word' id='word_1_188' title='bbox 2995 967 3166 1021; x_wconf 92' lang='lat' dir='ltr'><strong>dicit:</strong></span> <span class='ocrx_word' id='word_1_189' title='bbox 3205 985 3226 1018; x_wconf 76' lang='grc' dir='ltr'><strong>ι</strong></span> <span class='ocrx_word' id='word_1_190' title='bbox 3256 967 3486 1022; x_wconf 86' lang='lat' dir='ltr'><strong>Oremus</strong></span> <span class='ocrx_word' id='word_1_191' title='bbox 3516 969 3695 1024; x_wconf 83' lang='lat' dir='ltr'><strong>Demi-</strong></span> 
     </span>
    </p>
   </div>
   <div class='ocr_carea' id='block_1_27' title="bbox 2130 1057 3700 1124">
    <p class='ocr_par' dir='ltr' id='par_1_27' title="bbox 2130 1057 3700 1124">
     <span class='ocr_line' id='line_1_27' title="bbox 2130 1057 3700 1124; baseline 0.006 -16"><span class='ocrx_word' id='word_1_192' title='bbox 2130 1069 2283 1113; x_wconf 91' lang='lat' dir='ltr'><strong>num.</strong></span> <span class='ocrx_word' id='word_1_193' title='bbox 2313 1073 2331 1106; x_wconf 94' lang='lat'><strong>»</strong></span> <span class='ocrx_word' id='word_1_194' title='bbox 2394 1064 2695 1124; x_wconf 70' lang='lat' dir='ltr'><strong>praesentes</strong></span> <span class='ocrx_word' id='word_1_195' title='bbox 2748 1070 2878 1108; x_wconf 87' lang='lat' dir='ltr'><strong>vero</strong></span> <span class='ocrx_word' id='word_1_196' title='bbox 2938 1057 3289 1114; x_wconf 68' lang='lat' dir='ltr'><strong>ostendentes</strong></span> <span class='ocrx_word' id='word_1_197' title='bbox 3325 1059 3378 1113; x_wconf 91' lang='lat' dir='ltr'><strong>in</strong></span> <span class='ocrx_word' id='word_1_198' title='bbox 3428 1061 3532 1114; x_wconf 83' lang='lat' dir='ltr'><strong>ltoc</strong></span> <span class='ocrx_word' id='word_1_199' title='bbox 3579 1077 3700 1117; x_wconf 88' lang='lat' dir='ltr'><strong>esse</strong></span> 
     </span>
    </p>
   </div>
   <div class='ocr_carea' id='block_1_28' title="bbox 2131 1145 3698 1214">
    <p class='ocr_par' dir='ltr' id='par_1_28' title="bbox 2131 1145 3698 1214">
     <span class='ocr_line' id='line_1_28' title="bbox 2131 1145 3698 1214; baseline 0.004 -17"><span class='ocrx_word' id='word_1_200' title='bbox 2131 1146 2433 1198; x_wconf 83' lang='lat' dir='ltr'><strong>oralionem</strong></span> <span class='ocrx_word' id='word_1_201' title='bbox 2466 1146 2742 1200; x_wconf 64' lang='lat' dir='ltr'><strong>clamant:</strong></span> <span class='ocrx_word' id='word_1_202' title='bbox 2776 1163 2794 1195; x_wconf 73' lang='grc' dir='ltr'><strong>ι</strong></span> <span class='ocrx_word' id='word_1_203' title='bbox 2824 1145 2986 1214; x_wconf 81' lang='lat' dir='ltr'><strong>Kyrie</strong></span> <span class='ocrx_word' id='word_1_204' title='bbox 3015 1146 3248 1213; x_wconf 87' lang='lat' dir='ltr'><strong>eleison,</strong></span> <span class='ocrx_word' id='word_1_205' title='bbox 3283 1167 3302 1199; x_wconf 83' lang='grc' dir='ltr'><strong>ι</strong></span> <span class='ocrx_word' id='word_1_206' title='bbox 3361 1149 3526 1204; x_wconf 85' lang='lat' dir='ltr'><strong>simul</strong></span> <span class='ocrx_word' id='word_1_207' title='bbox 3574 1165 3698 1204; x_wconf 87' lang='lat' dir='ltr'><strong>cum</strong></span> 
     </span>
    </p>
   </div>
   <div class='ocr_carea' id='block_1_29' title="bbox 2133 1235 3702 1305">
    <p class='ocr_par' dir='ltr' id='par_1_29' title="bbox 2133 1235 3702 1305">
     <span class='ocr_line' id='line_1_29' title="bbox 2133 1235 3702 1305; baseline 0.002 -15"><span class='ocrx_word' id='word_1_208' title='bbox 2133 1237 2504 1293; x_wconf 78' lang='lat' dir='ltr'><strong>sacerdotibus</strong></span> <span class='ocrx_word' id='word_1_209' title='bbox 2561 1235 2960 1305; x_wconf 76' lang='lat' dir='ltr'><strong>deprecantes;</strong></span> <span class='ocrx_word' id='word_1_210' title='bbox 3035 1254 3052 1286; x_wconf 77' lang='grc' dir='ltr'><strong>ι</strong></span> <span class='ocrx_word' id='word_1_211' title='bbox 3088 1238 3316 1291; x_wconf 88' lang='lat' dir='ltr'><strong>multum</strong></span> <span class='ocrx_word' id='word_1_212' title='bbox 3364 1241 3510 1293; x_wconf 89' lang='lat' dir='ltr'><strong>enim</strong></span> <span class='ocrx_word' id='word_1_213' title='bbox 3555 1241 3702 1293; x_wconf 81' lang='lat' dir='ltr'><strong>valet</strong></span> 
     </span>
    </p>
   </div>
   <div class='ocr_carea' id='block_1_30' title="bbox 2133 1327 3701 1397">
    <p class='ocr_par' dir='ltr' id='par_1_30' title="bbox 2133 1327 3701 1397">
     <span class='ocr_line' id='line_1_30' title="bbox 2133 1327 3701 1397; baseline 0.003 -17"><span class='ocrx_word' id='word_1_214' title='bbox 2133 1328 2585 1397; x_wconf 84' lang='lat' dir='ltr'><strong>deprecatiojusti</strong></span> <span class='ocrx_word' id='word_1_215' title='bbox 2611 1327 2856 1382; x_wconf 87' lang='lat' dir='ltr'><strong>assidua.</strong></span> <span class='ocrx_word' id='word_1_216' title='bbox 2889 1349 2907 1381; x_wconf 91' lang='lat'><strong>»</strong></span> <span class='ocrx_word' id='word_1_217' title='bbox 2942 1328 3109 1382; x_wconf 80' lang='lat' dir='ltr'><strong>Viden</strong></span> <span class='ocrx_word' id='word_1_218' title='bbox 3137 1329 3394 1384; x_wconf 80' lang='lat' dir='ltr'><strong>humilem</strong></span> <span class='ocrx_word' id='word_1_219' title='bbox 3416 1332 3701 1386; x_wconf 70' lang='lat' dir='ltr'><strong>scientiam</strong></span> 
     </span>
    </p>
   </div>
   <div class='ocr_carea' id='block_1_31' title="bbox 2133 1419 3707 1491">
    <p class='ocr_par' dir='ltr' id='par_1_31' title="bbox 2133 1419 3707 1491">
     <span class='ocr_line' id='line_1_31' title="bbox 2133 1419 3707 1491; baseline 0 -17"><span class='ocrx_word' id='word_1_220' title='bbox 2133 1429 2189 1474; x_wconf 91' lang='lat' dir='ltr'><strong>et</strong></span> <span class='ocrx_word' id='word_1_221' title='bbox 2239 1419 2481 1474; x_wconf 88' lang='lat' dir='ltr'><strong>ordinem</strong></span> <span class='ocrx_word' id='word_1_222' title='bbox 2565 1420 2856 1474; x_wconf 58' lang='lat' dir='ltr'><strong>Evclesiat?</strong></span> <span class='ocrx_word' id='word_1_223' title='bbox 2916 1431 2974 1475; x_wconf 92' lang='lat' dir='ltr'><strong>et</strong></span> <span class='ocrx_word' id='word_1_224' title='bbox 3025 1421 3301 1481; x_wconf 83' lang='lat' dir='ltr'><strong>quomodo</strong></span> <span class='ocrx_word' id='word_1_225' title='bbox 3331 1423 3421 1475; x_wconf 84' lang='grc' dir='ltr'>ιιιιί</span> <span class='ocrx_word' id='word_1_226' title='bbox 3471 1421 3584 1477; x_wconf 91' lang='lat' dir='ltr'><strong>Deo</strong></span> <span class='ocrx_word' id='word_1_227' title='bbox 3614 1440 3707 1491; x_wconf 73' lang='lat' dir='ltr'><strong>per</strong></span> 
     </span>
    </p>
   </div>
   <div class='ocr_carea' id='block_1_32' title="bbox 2135 1510 3707 1577">
    <p class='ocr_par' dir='ltr' id='par_1_32' title="bbox 2135 1510 3707 1577">
     <span class='ocr_line' id='line_1_32' title="bbox 2135 1510 3707 1577; baseline 0.002 -14"><span class='ocrx_word' id='word_1_228' title='bbox 2135 1511 2514 1577; x_wconf 74' lang='lat' dir='ltr'><strong>paenitentiam</strong></span> <span class='ocrx_word' id='word_1_229' title='bbox 2548 1522 2600 1562; x_wconf 90' lang='lat' dir='ltr'><strong>et</strong></span> <span class='ocrx_word' id='word_1_230' title='bbox 2632 1510 2992 1565; x_wconf 85' lang='lat' dir='ltr'><strong>humilitatem</strong></span> <span class='ocrx_word' id='word_1_231' title='bbox 3027 1512 3226 1565; x_wconf 89' lang='lat' dir='ltr'><strong>liberos</strong></span> <span class='ocrx_word' id='word_1_232' title='bbox 3252 1527 3382 1566; x_wconf 87' lang='lat' dir='ltr'><strong>suos</strong></span> <span class='ocrx_word' id='word_1_233' title='bbox 3413 1513 3707 1567; x_wconf 76' lang='lat' dir='ltr'><strong>informat?</strong></span> 
     </span>
    </p>
   </div>
   <div class='ocr_carea' id='block_1_33' title="bbox 2139 1597 3708 1672">
    <p class='ocr_par' dir='ltr' id='par_1_33' title="bbox 2139 1597 3708 1672">
     <span class='ocr_line' id='line_1_33' title="bbox 2139 1597 3708 1672; baseline 0.004 -20"><span class='ocrx_word' id='word_1_234' title='bbox 2139 1597 2242 1652; x_wconf 84' lang='lat' dir='ltr'><strong>Sed</strong></span> <span class='ocrx_word' id='word_1_235' title='bbox 2279 1615 2387 1652; x_wconf 90' lang='lat' dir='ltr'><strong>non</strong></span> <span class='ocrx_word' id='word_1_236' title='bbox 2442 1601 2787 1664; x_wconf 78' lang='lat' dir='ltr'><strong>meditantur,</strong></span> <span class='ocrx_word' id='word_1_237' title='bbox 2837 1601 3056 1667; x_wconf 82' lang='lat' dir='ltr'><strong>lratrcs,</strong></span> <span class='ocrx_word' id='word_1_238' title='bbox 3099 1617 3207 1656; x_wconf 88' lang='lat' dir='ltr'><strong>non</strong></span> <span class='ocrx_word' id='word_1_239' title='bbox 3265 1603 3536 1658; x_wconf 75' lang='lat' dir='ltr'><strong>sentimus</strong></span> <span class='ocrx_word' id='word_1_240' title='bbox 3578 1611 3708 1672; x_wconf 81' lang='lat' dir='ltr'><strong>&#39;qu:e</strong></span> 
     </span>
    </p>
   </div>
   <div class='ocr_carea' id='block_1_34' title="bbox 456 1680 2045 1764">
    <p class='ocr_par' dir='ltr' id='par_1_34' title="bbox 456 1685 2032 1764">
     <span class='ocr_line' id='line_1_34' title="bbox 456 1685 2032 1764; baseline -0.012 -12"><span class='ocrx_word' id='word_1_241' title='bbox 456 1715 569 1760; x_wconf 88' lang='grc' dir='ltr'>νοις</span> <span class='ocrx_word' id='word_1_242' title='bbox 589 1696 884 1764; x_wconf 82' lang='grc' dir='ltr'>λαλοῦμεν,</span> <span class='ocrx_word' id='word_1_243' title='bbox 906 1694 998 1745; x_wconf 69' lang='grc' dir='ltr'>καὶ</span> <span class='ocrx_word' id='word_1_244' title='bbox 1025 1690 1340 1758; x_wconf 83' lang='grc' dir='ltr'>σπεύδομεν</span> <span class='ocrx_word' id='word_1_245' title='bbox 1369 1687 1443 1750; x_wconf 80' lang='grc' dir='ltr'><strong>ὡς</strong></span> <span class='ocrx_word' id='word_1_246' title='bbox 1479 1686 1644 1756; x_wconf 74' lang='grc' dir='ltr'>βάρος</span> <span class='ocrx_word' id='word_1_247' title='bbox 1675 1702 1727 1739; x_wconf 82' lang='grc' dir='ltr'><strong>τι</strong></span> <span class='ocrx_word' id='word_1_248' title='bbox 1749 1685 1845 1752; x_wconf 83' lang='grc' dir='ltr'><strong>ἀφ’</strong></span> <span class='ocrx_word' id='word_1_249' title='bbox 1872 1685 2032 1753; x_wconf 77' lang='grc' dir='ltr'>ἡμῶν</span> 
     </span>
    </p>
   </div>
   <div class='ocr_carea' id='block_1_35' title="bbox 2149 1680 3707 1764">
    <p class='ocr_par' dir='ltr' id='par_1_35' title="bbox 2149 1691 3707 1759">
     <span class='ocr_line' id='line_1_35' title="bbox 2149 1691 3707 1759; baseline 0.003 -17"><span class='ocrx_word' id='word_1_250' title='bbox 2149 1691 2394 1752; x_wconf 81' lang='lat' dir='ltr'><strong>dicimus,</strong></span> <span class='ocrx_word' id='word_1_251' title='bbox 2451 1691 2542 1742; x_wconf 85' lang='lat' dir='ltr'><strong>sed</strong></span> <span class='ocrx_word' id='word_1_252' title='bbox 2597 1706 2709 1759; x_wconf 68' lang='lat' dir='ltr'><strong>pra:</strong></span> <span class='ocrx_word' id='word_1_253' title='bbox 2740 1693 3137 1746; x_wconf 78' lang='lat' dir='ltr'><strong>conSuetudine</strong></span> <span class='ocrx_word' id='word_1_254' title='bbox 3165 1691 3323 1746; x_wconf 85' lang='lat' dir='ltr'><strong>labiis</strong></span> <span class='ocrx_word' id='word_1_255' title='bbox 3357 1701 3568 1746; x_wconf 83' lang='lat' dir='ltr'><strong>tantum</strong></span> <span class='ocrx_word' id='word_1_256' title='bbox 3623 1692 3707 1746; x_wconf 77' lang='lat' dir='ltr'><strong>lo-</strong></span> 
     </span>
    </p>
   </div>
   <div class='ocr_carea' id='block_1_36' title="bbox 460 1776 2026 1860">
    <p class='ocr_par' dir='ltr' id='par_1_36' title="bbox 460 1776 2026 1860">
     <span class='ocr_line' id='line_1_36' title="bbox 460 1776 2026 1860; baseline -0.011 -17"><span class='ocrx_word' id='word_1_257' title='bbox 460 1791 530 1843; x_wconf 79' lang='grc' dir='ltr'>τὰ</span> <span class='ocrx_word' id='word_1_258' title='bbox 563 1791 664 1858; x_wconf 81' lang='grc' dir='ltr'>τῆς</span> <span class='ocrx_word' id='word_1_259' title='bbox 691 1786 1001 1860; x_wconf 78' lang='grc' dir='ltr'>προσευχῆς</span> <span class='ocrx_word' id='word_1_260' title='bbox 1033 1784 1192 1852; x_wconf 76' lang='grc'>227</span> <span class='ocrx_word' id='word_1_261' title='bbox 1231 1779 1686 1845; x_wconf 79' lang='grc' dir='ltr'>ἀποτινάξασθαι.</span> <span class='ocrx_word' id='word_1_262' title='bbox 1717 1779 1938 1844; x_wconf 86' lang='grc' dir='ltr'>Ἔτεροι</span> <span class='ocrx_word' id='word_1_263' title='bbox 1970 1776 2026 1826; x_wconf 83' lang='grc' dir='ltr'>δὲ</span> 
     </span>
    </p>
   </div>
   <div class='ocr_carea' id='block_1_37' title="bbox 466 1865 2032 1950">
    <p class='ocr_par' dir='ltr' id='par_1_37' title="bbox 466 1865 2032 1950">
     <span class='ocr_line' id='line_1_37' title="bbox 466 1865 2032 1950; baseline -0.01 -18"><span class='ocrx_word' id='word_1_264' title='bbox 466 1877 858 1950; x_wconf 74' lang='grc' dir='ltr'>ῥᾳθυμοῦντες,</span> <span class='ocrx_word' id='word_1_265' title='bbox 883 1875 1004 1928; x_wconf 83' lang='grc' dir='ltr'>ούδὲ</span> <span class='ocrx_word' id='word_1_266' title='bbox 1023 1873 1290 1942; x_wconf 76' lang='grc' dir='ltr'>λαλοῦμεν</span> <span class='ocrx_word' id='word_1_267' title='bbox 1317 1871 1638 1936; x_wconf 75' lang='grc' dir='ltr'>Ἐλέησον,</span> <span class='ocrx_word' id='word_1_268' title='bbox 1661 1867 1781 1920; x_wconf 83' lang='grc' dir='ltr'>οὐδὲ</span> <span class='ocrx_word' id='word_1_269' title='bbox 1796 1866 1886 1919; x_wconf 82' lang='grc' dir='ltr'>τὸν</span> <span class='ocrx_word' id='word_1_270' title='bbox 1908 1865 2032 1918; x_wconf 91' lang='grc' dir='ltr'>νοῦν</span> 
     </span>
    </p>
   </div>
   <div class='ocr_carea' id='block_1_38' title="bbox 465 1954 2031 2040">
    <p class='ocr_par' dir='ltr' id='par_1_38' title="bbox 465 1954 2031 2040">
     <span class='ocr_line' id='line_1_38' title="bbox 465 1954 2031 2040; baseline -0.008 -17"><span class='ocrx_word' id='word_1_271' title='bbox 465 1973 664 2040; x_wconf 79' lang='grc' dir='ltr'>ἔχομεν</span> <span class='ocrx_word' id='word_1_272' title='bbox 693 1967 1014 2035; x_wconf 79' lang='grc' dir='ltr'>λεγομένου,</span> <span class='ocrx_word' id='word_1_273' title='bbox 1059 1964 1155 2016; x_wconf 66' lang='grc' dir='ltr'>καὶ</span> <span class='ocrx_word' id='word_1_274' title='bbox 1199 1961 1308 2014; x_wconf 81' lang='grc' dir='ltr'>οὐδ’</span> <span class='ocrx_word' id='word_1_275' title='bbox 1332 1954 1528 2021; x_wconf 70' lang='grc' dir='ltr'>’ἐλέους</span> <span class='ocrx_word' id='word_1_276' title='bbox 1567 1957 2031 2026; x_wconf 78' lang='grc' dir='ltr'>ὲπιτυγχάνομεν.</span> 
     </span>
    </p>
   </div>
   <div class='ocr_carea' id='block_1_39' title="bbox 477 2048 2035 2121">
    <p class='ocr_par' dir='ltr' id='par_1_39' title="bbox 477 2048 2035 2121">
     <span class='ocr_line' id='line_1_39' title="bbox 477 2048 2035 2121; baseline -0.009 -8"><span class='ocrx_word' id='word_1_277' title='bbox 477 2059 619 2114; x_wconf 79' lang='grc' dir='ltr'>Ἀλλ’</span> <span class='ocrx_word' id='word_1_278' title='bbox 669 2059 744 2111; x_wconf 81' lang='grc' dir='ltr'><strong>ίδε</strong></span> <span class='ocrx_word' id='word_1_279' title='bbox 789 2057 884 2110; x_wconf 75' lang='grc' dir='ltr'><strong>τὸν</strong></span> <span class='ocrx_word' id='word_1_280' title='bbox 919 2054 1122 2108; x_wconf 70' lang='grc' dir='ltr'>σκοπὸν</span> <span class='ocrx_word' id='word_1_281' title='bbox 1172 2052 1270 2121; x_wconf 80' lang='grc' dir='ltr'>τῆς</span> <span class='ocrx_word' id='word_1_282' title='bbox 1336 2050 1690 2121; x_wconf 84' lang='grc' dir='ltr'>Ἐκκλησίας,</span> <span class='ocrx_word' id='word_1_283' title='bbox 1725 2050 1819 2102; x_wconf 83' lang='grc' dir='ltr'>καὶ</span> <span class='ocrx_word' id='word_1_284' title='bbox 1868 2048 2035 2117; x_wconf 77' lang='grc' dir='ltr'>πρόσ-</span> 
     </span>
    </p>
   </div>
   <div class='ocr_carea' id='block_1_40' title="bbox 468 2143 1530 2224">
    <p class='ocr_par' dir='ltr' id='par_1_40' title="bbox 468 2143 1530 2224">
     <span class='ocr_line' id='line_1_40' title="bbox 468 2143 1530 2224; baseline -0.009 -18"><span class='ocrx_word' id='word_1_285' title='bbox 468 2169 617 2224; x_wconf 83' lang='grc' dir='ltr'>σχες,</span> <span class='ocrx_word' id='word_1_286' title='bbox 652 2149 870 2218; x_wconf 77' lang='grc' dir='ltr'>ἀδελφὲ,</span> <span class='ocrx_word' id='word_1_287' title='bbox 906 2147 971 2201; x_wconf 81' lang='grc' dir='ltr'>σὺ</span> <span class='ocrx_word' id='word_1_288' title='bbox 1005 2146 1100 2200; x_wconf 71' lang='grc' dir='ltr'>καὶ</span> <span class='ocrx_word' id='word_1_289' title='bbox 1137 2147 1244 2208; x_wconf 73' lang='grc' dir='ltr'><strong>πᾶς</strong></span> <span class='ocrx_word' id='word_1_290' title='bbox 1274 2143 1530 2212; x_wconf 82' lang='grc' dir='ltr'>εὐσεϐής.</span> 
     </span>
    </p>
   </div>
   <div class='ocr_carea' id='block_1_41' title="bbox 536 2317 2039 2396">
    <p class='ocr_par' dir='ltr' id='par_1_41' title="bbox 536 2317 2039 2396">
     <span class='ocr_line' id='line_1_41' title="bbox 536 2317 2039 2396; baseline -0.01 -13"><span class='ocrx_word' id='word_1_291' title='bbox 536 2327 855 2396; x_wconf 71' lang='grc' dir='ltr'>Κληρικός.</span> <span class='ocrx_word' id='word_1_292' title='bbox 890 2323 1327 2394; x_wconf 73' lang='grc' dir='ltr'>Καταμανθάνω,</span> <span class='ocrx_word' id='word_1_293' title='bbox 1366 2320 1600 2374; x_wconf 78' lang='grc' dir='ltr'>δέσποτα</span> <span class='ocrx_word' id='word_1_294' title='bbox 1617 2318 1761 2386; x_wconf 75' lang='grc' dir='ltr'>ἅγιε,</span> <span class='ocrx_word' id='word_1_295' title='bbox 1789 2318 1885 2371; x_wconf 68' lang='grc' dir='ltr'>καὶ</span> <span class='ocrx_word' id='word_1_296' title='bbox 1913 2317 2039 2369; x_wconf 85' lang='grc' dir='ltr'>θαυ-</span> 
     </span>
    </p>
   </div>
   <div class='ocr_carea' id='block_1_42' title="bbox 475 2408 2040 2492">
    <p class='ocr_par' dir='ltr' id='par_1_42' title="bbox 475 2408 2040 2492">
     <span class='ocr_line' id='line_1_42' title="bbox 475 2408 2040 2492; baseline -0.011 -17"><span class='ocrx_word' id='word_1_297' title='bbox 475 2421 661 2492; x_wconf 79' lang='grc' dir='ltr'>μάζων</span> <span class='ocrx_word' id='word_1_298' title='bbox 693 2419 783 2473; x_wconf 73' lang='grc' dir='ltr'><strong>ἐπὶ</strong></span> <span class='ocrx_word' id='word_1_299' title='bbox 830 2419 943 2480; x_wconf 80' lang='grc' dir='ltr'>τοῖς</span> <span class='ocrx_word' id='word_1_300' title='bbox 973 2416 1306 2484; x_wconf 81' lang='grc' dir='ltr'>λεγομένοις,</span> <span class='ocrx_word' id='word_1_301' title='bbox 1358 2412 1478 2464; x_wconf 85' lang='grc' dir='ltr'>λίαν</span> <span class='ocrx_word' id='word_1_302' title='bbox 1521 2409 1912 2477; x_wconf 82' lang='grc' dir='ltr'>συστέλλομαι·</span> <span class='ocrx_word' id='word_1_303' title='bbox 1959 2408 2040 2460; x_wconf 85' lang='grc' dir='ltr'>ὅτι</span> 
     </span>
    </p>
   </div>
   <div class='ocr_carea' id='block_1_43' title="bbox 474 2497 2040 2583">
    <p class='ocr_par' dir='ltr' id='par_1_43' title="bbox 474 2497 2040 2583">
     <span class='ocr_line' id='line_1_43' title="bbox 474 2497 2040 2583; baseline -0.01 -17"><span class='ocrx_word' id='word_1_304' title='bbox 474 2512 809 2583; x_wconf 84' lang='grc' dir='ltr'>τηλικούτων</span> <span class='ocrx_word' id='word_1_305' title='bbox 841 2509 1138 2580; x_wconf 78' lang='grc' dir='ltr'>ἠξιωμένοι</span> <span class='ocrx_word' id='word_1_306' title='bbox 1172 2505 1362 2574; x_wconf 85' lang='grc' dir='ltr'>δώρων</span> <span class='ocrx_word' id='word_1_307' title='bbox 1390 2503 1531 2570; x_wconf 81' lang='grc' dir='ltr'>ὑπὲρ</span> <span class='ocrx_word' id='word_1_308' title='bbox 1581 2502 1751 2570; x_wconf 75' lang='grc' dir='ltr'>ἡμᾶς,</span> <span class='ocrx_word' id='word_1_309' title='bbox 1794 2497 1906 2552; x_wconf 74' lang='grc' dir='ltr'>οὐδ’</span> <span class='ocrx_word' id='word_1_310' title='bbox 1956 2499 2040 2552; x_wconf 83' lang='grc' dir='ltr'><strong>ατ-</strong></span> 
     </span>
    </p>
   </div>
   <div class='ocr_carea' id='block_1_44' title="bbox 485 2596 1420 2674">
    <p class='ocr_par' dir='ltr' id='par_1_44' title="bbox 485 2596 1420 2674">
     <span class='ocr_line' id='line_1_44' title="bbox 485 2596 1420 2674; baseline -0.013 -15"><span class='ocrx_word' id='word_1_311' title='bbox 485 2606 678 2674; x_wconf 91' lang='grc' dir='ltr'>σθησιν</span> <span class='ocrx_word' id='word_1_312' title='bbox 711 2602 912 2672; x_wconf 71' lang='grc' dir='ltr'>ἔχομεν</span> <span class='ocrx_word' id='word_1_313' title='bbox 939 2602 996 2652; x_wconf 81' lang='grc' dir='ltr'>ὲν</span> <span class='ocrx_word' id='word_1_314' title='bbox 1028 2597 1237 2660; x_wconf 87' lang='grc' dir='ltr'>τούτοις</span> <span class='ocrx_word' id='word_1_315' title='bbox 1265 2596 1420 2656; x_wconf 84' lang='grc' dir='ltr'>ὅλως.</span> 
     </span>
    </p>
   </div>
   <div class='ocr_carea' id='block_1_45' title="bbox 566 2681 2044 2766">
    <p class='ocr_par' dir='ltr' id='par_1_45' title="bbox 566 2681 2044 2766">
     <span class='ocr_line' id='line_1_45' title="bbox 566 2681 2044 2766; baseline -0.012 -15"><span class='ocrx_word' id='word_1_316' title='bbox 566 2694 924 2766; x_wconf 78' lang='grc' dir='ltr'>Ἀρχιερεύς.</span> <span class='ocrx_word' id='word_1_317' title='bbox 969 2691 1129 2745; x_wconf 83' lang='grc' dir='ltr'>Ἀλλὰ</span> <span class='ocrx_word' id='word_1_318' title='bbox 1179 2687 1456 2740; x_wconf 86' lang='grc' dir='ltr'>συνετίσαι</span> <span class='ocrx_word' id='word_1_319' title='bbox 1519 2683 1719 2753; x_wconf 82' lang='grc' dir='ltr'>Κύριος</span> <span class='ocrx_word' id='word_1_320' title='bbox 1780 2681 1952 2751; x_wconf 76' lang='grc' dir='ltr'>ἡμᾶς,</span> <span class='ocrx_word' id='word_1_321' title='bbox 2015 2683 2044 2734; x_wconf 86' lang='grc' dir='ltr'><strong>ὁ</strong></span> 
     </span>
    </p>
   </div>
   <div class='ocr_carea' id='block_1_46' title="bbox 475 2773 2049 2856">
    <p class='ocr_par' dir='ltr' id='par_1_46' title="bbox 475 2773 2049 2856">
     <span class='ocr_line' id='line_1_46' title="bbox 475 2773 2049 2856; baseline -0.011 -13"><span class='ocrx_word' id='word_1_322' title='bbox 475 2792 650 2853; x_wconf 80' lang='grc' dir='ltr'>διδοὺς</span> <span class='ocrx_word' id='word_1_323' title='bbox 682 2787 953 2856; x_wconf 82' lang='grc' dir='ltr'>ἀνθρώπῳ</span> <span class='ocrx_word' id='word_1_324' title='bbox 995 2786 1216 2852; x_wconf 84' lang='grc' dir='ltr'>γνῶσιν,</span> <span class='ocrx_word' id='word_1_325' title='bbox 1276 2783 1369 2832; x_wconf 86' lang='grc' dir='ltr'>καί</span> <span class='ocrx_word' id='word_1_326' title='bbox 1401 2775 1686 2848; x_wconf 74' lang='grc' dir='ltr'>ἐνισχύσαι</span> <span class='ocrx_word' id='word_1_327' title='bbox 1743 2775 1914 2844; x_wconf 80' lang='grc' dir='ltr'>ἡμᾶς,</span> <span class='ocrx_word' id='word_1_328' title='bbox 1953 2773 2049 2826; x_wconf 76' lang='grc' dir='ltr'>καὶ</span> 
     </span>
    </p>
   </div>
   <div class='ocr_carea' id='block_1_47' title="bbox 476 2867 2041 2950">
    <p class='ocr_par' dir='ltr' id='par_1_47' title="bbox 476 2867 2041 2950">
     <span class='ocr_line' id='line_1_47' title="bbox 476 2867 2041 2950; baseline -0.012 -15"><span class='ocrx_word' id='word_1_329' title='bbox 476 2879 838 2950; x_wconf 80' lang='grc' dir='ltr'>οἰκτειρήσαι.</span> <span class='ocrx_word' id='word_1_330' title='bbox 873 2877 1017 2945; x_wconf 80' lang='grc' dir='ltr'>Πλὴν</span> <span class='ocrx_word' id='word_1_331' title='bbox 1041 2872 1426 2942; x_wconf 83' lang='grc' dir='ltr'>καταμάνθανε</span> <span class='ocrx_word' id='word_1_332' title='bbox 1471 2871 1618 2930; x_wconf 84' lang='grc' dir='ltr'>ὅπως</span> <span class='ocrx_word' id='word_1_333' title='bbox 1644 2867 1700 2919; x_wconf 78' lang='grc' dir='ltr'>ἐν</span> <span class='ocrx_word' id='word_1_334' title='bbox 1730 2883 1789 2919; x_wconf 87' lang='grc' dir='ltr'><strong>τε</strong></span> <span class='ocrx_word' id='word_1_335' title='bbox 1820 2867 2041 2935; x_wconf 80' lang='grc' dir='ltr'>ἑσπερι-</span> 
     </span>
    </p>
   </div>
   <div class='ocr_carea' id='block_1_48' title="bbox 479 2953 2045 3038">
    <p class='ocr_par' dir='ltr' id='par_1_48' title="bbox 479 2953 2045 3038">
     <span class='ocr_line' id='line_1_48' title="bbox 479 2953 2045 3038; baseline -0.011 -15"><span class='ocrx_word' id='word_1_336' title='bbox 479 2973 596 3034; x_wconf 75' lang='grc' dir='ltr'>ναζς</span> <span class='ocrx_word' id='word_1_337' title='bbox 621 2969 973 3038; x_wconf 80' lang='grc' dir='ltr'>προσευχαῖς,</span> <span class='ocrx_word' id='word_1_338' title='bbox 1012 2965 1104 3017; x_wconf 71' lang='grc' dir='ltr'>καὶ</span> <span class='ocrx_word' id='word_1_339' title='bbox 1157 2965 1223 3031; x_wconf 77' lang='grc' dir='ltr'>τῇ</span> <span class='ocrx_word' id='word_1_340' title='bbox 1265 2960 1385 3030; x_wconf 79' lang='grc' dir='ltr'>ἱερᾷ</span> <span class='ocrx_word' id='word_1_341' title='bbox 1437 2955 1774 3027; x_wconf 81' lang='grc' dir='ltr'>λειτουργίᾳ,</span> <span class='ocrx_word' id='word_1_342' title='bbox 1804 2953 1924 3007; x_wconf 74' lang='grc' dir='ltr'>οὐδὲ</span> <span class='ocrx_word' id='word_1_343' title='bbox 1969 2953 2045 3006; x_wconf 83' lang='grc' dir='ltr'>δι-</span> 
     </span>
    </p>
   </div>
   <div class='ocr_carea' id='block_1_49' title="bbox 476 3044 2044 3125">
    <p class='ocr_par' dir='ltr' id='par_1_49' title="bbox 476 3044 2044 3125">
     <span class='ocr_line' id='line_1_49' title="bbox 476 3044 2044 3125; baseline -0.013 -9"><span class='ocrx_word' id='word_1_344' title='bbox 476 3047 766 3122; x_wconf 78' lang='grc' dir='ltr'>δασκαλίας</span> <span class='ocrx_word' id='word_1_345' title='bbox 805 3058 996 3121; x_wconf 83' lang='grc' dir='ltr'>τούτου</span> <span class='ocrx_word' id='word_1_346' title='bbox 1022 3055 1182 3125; x_wconf 80' lang='grc' dir='ltr'>χάριν</span> <span class='ocrx_word' id='word_1_347' title='bbox 1216 3052 1306 3104; x_wconf 76' lang='grc' dir='ltr'>καὶ</span> <span class='ocrx_word' id='word_1_348' title='bbox 1337 3050 1661 3119; x_wconf 84' lang='grc' dir='ltr'>διεγέρσεως</span> <span class='ocrx_word' id='word_1_349' title='bbox 1695 3044 2044 3116; x_wconf 79' lang='grc' dir='ltr'>ἠἘκκλησία</span> 
     </span>
    </p>
   </div>
   <div class='ocr_carea' id='block_1_50' title="bbox 480 3134 2049 3222">
    <p class='ocr_par' dir='ltr' id='par_1_50' title="bbox 480 3134 2049 3222">
     <span class='ocr_line' id='line_1_50' title="bbox 480 3134 2049 3222; baseline -0.013 -14"><span class='ocrx_word' id='word_1_350' title='bbox 480 3153 783 3222; x_wconf 83' lang='grc' dir='ltr'>ἀφίσταται</span> <span class='ocrx_word' id='word_1_351' title='bbox 810 3166 824 3182; x_wconf 76' lang='grc' dir='ltr'><strong>ο</strong></span> <span class='ocrx_word' id='word_1_352' title='bbox 853 3147 991 3210; x_wconf 82' lang='grc' dir='ltr'>ἀλλ’,</span> <span class='ocrx_word' id='word_1_353' title='bbox 1027 3164 1046 3197; x_wconf 83' lang='grc' dir='ltr'><strong>ι</strong></span> <span class='ocrx_word' id='word_1_354' title='bbox 1082 3146 1339 3214; x_wconf 76' lang='grc' dir='ltr'>Είπωμεν</span> <span class='ocrx_word' id='word_1_355' title='bbox 1395 3143 1618 3206; x_wconf 80' lang='grc' dir='ltr'>πάντες,</span> <span class='ocrx_word' id='word_1_356' title='bbox 1656 3137 1811 3208; x_wconf 79' lang='grc' dir='ltr'>φησὶ,</span> <span class='ocrx_word' id='word_1_357' title='bbox 1853 3137 1948 3190; x_wconf 71' lang='grc' dir='ltr'>καὶ</span> <span class='ocrx_word' id='word_1_358' title='bbox 1989 3134 2049 3200; x_wconf 74' lang='grc' dir='ltr'><strong>ἐξ</strong></span> 
     </span>
    </p>
   </div>
   <div class='ocr_carea' id='block_1_51' title="bbox 480 3225 2049 3313">
    <p class='ocr_par' dir='ltr' id='par_1_51' title="bbox 480 3225 2049 3313">
     <span class='ocr_line' id='line_1_51' title="bbox 480 3225 2049 3313; baseline -0.012 -16"><span class='ocrx_word' id='word_1_359' title='bbox 480 3243 608 3313; x_wconf 81' lang='grc' dir='ltr'>ὅλης</span> <span class='ocrx_word' id='word_1_360' title='bbox 665 3241 763 3311; x_wconf 81' lang='grc' dir='ltr'>τῆς</span> <span class='ocrx_word' id='word_1_361' title='bbox 804 3237 1040 3298; x_wconf 77' lang='grc' dir='ltr'>διανοίας</span> <span class='ocrx_word' id='word_1_362' title='bbox 1090 3234 1244 3304; x_wconf 82' lang='grc' dir='ltr'>ἡμῶν</span> <span class='ocrx_word' id='word_1_363' title='bbox 1284 3233 1563 3301; x_wconf 71' lang='grc' dir='ltr'>εἴπωμεν·</span> <span class='ocrx_word' id='word_1_364' title='bbox 1603 3247 1622 3280; x_wconf 83' lang='grc' dir='ltr'><strong>ι</strong></span> <span class='ocrx_word' id='word_1_365' title='bbox 1664 3227 1758 3282; x_wconf 78' lang='grc' dir='ltr'>καὶ</span> <span class='ocrx_word' id='word_1_366' title='bbox 1809 3225 1930 3279; x_wconf 86' lang='grc' dir='ltr'>τότε</span> <span class='ocrx_word' id='word_1_367' title='bbox 1980 3225 2049 3279; x_wconf 83' lang='grc' dir='ltr'><strong>τὰ</strong></span> 
     </span>
    </p>
   </div>
   <div class='ocr_carea' id='block_1_52' title="bbox 486 3332 961 3400">
    <p class='ocr_par' dir='ltr' id='par_1_52' title="bbox 486 3332 961 3400">
     <span class='ocr_line' id='line_1_52' title="bbox 486 3332 961 3400; baseline -0.011 -13"><span class='ocrx_word' id='word_1_368' title='bbox 486 3336 648 3390; x_wconf 70' lang='grc' dir='ltr'>λοιπὰ</span> <span class='ocrx_word' id='word_1_369' title='bbox 671 3332 961 3400; x_wconf 79' lang='grc' dir='ltr'>ὲπιφέρει.’</span> 
     </span>
    </p>
   </div>
   <div class='ocr_carea' id='block_1_53' title="bbox 1036 3432 1502 3492">
    <p class='ocr_par' dir='ltr' id='par_1_53' title="bbox 1036 3432 1502 3492">
     <span class='ocr_line' id='line_1_53' title="bbox 1036 3432 1502 3492; baseline -0.011 0"><span class='ocrx_word' id='word_1_370' title='bbox 1036 3442 1078 3492; x_wconf 70' lang='grc' dir='ltr'>Κ</span> <span class='ocrx_word' id='word_1_371' title='bbox 1090 3438 1260 3491; x_wconf 66' lang='grc' dir='ltr'>ΕΦΛΑ</span> <span class='ocrx_word' id='word_1_372' title='bbox 1271 3477 1283 3488; x_wconf 92' lang='grc'><strong>.</strong></span> <span class='ocrx_word' id='word_1_373' title='bbox 1327 3435 1418 3486; x_wconf 82' lang='lat' dir='ltr'><strong>TK</strong></span> <span class='ocrx_word' id='word_1_374' title='bbox 1429 3432 1502 3487; x_wconf 77' lang='lat' dir='ltr'><strong>B&#39;.</strong></span> 
     </span>
    </p>
   </div>
   <div class='ocr_carea' id='block_1_54' title="bbox 490 3521 2049 3603">
    <p class='ocr_par' dir='ltr' id='par_1_54' title="bbox 490 3521 2049 3603">
     <span class='ocr_line' id='line_1_54' title="bbox 490 3521 2049 3603; baseline -0.015 -8"><span class='ocrx_word' id='word_1_375' title='bbox 490 3541 549 3595; x_wconf 80' lang='grc' dir='ltr'>Τί</span> <span class='ocrx_word' id='word_1_376' title='bbox 597 3537 661 3591; x_wconf 76' lang='grc' dir='ltr'>τὸ</span> <span class='ocrx_word' id='word_1_377' title='bbox 702 3553 722 3586; x_wconf 78' lang='grc' dir='ltr'><strong>ι</strong></span> <span class='ocrx_word' id='word_1_378' title='bbox 769 3534 977 3603; x_wconf 75' lang='grc' dir='ltr'>Σοφία,</span> <span class='ocrx_word' id='word_1_379' title='bbox 1019 3549 1039 3583; x_wconf 84' lang='grc' dir='ltr'><strong>ι</strong></span> <span class='ocrx_word' id='word_1_380' title='bbox 1093 3529 1190 3603; x_wconf 72' lang='grc' dir='ltr'>καὶ</span> <span class='ocrx_word' id='word_1_381' title='bbox 1231 3527 1321 3603; x_wconf 56' lang='grc' dir='ltr'>τὸ,</span> <span class='ocrx_word' id='word_1_382' title='bbox 1361 3543 1387 3603; x_wconf 36' lang='grc' dir='ltr'>ιι</span> <span class='ocrx_word' id='word_1_383' title='bbox 1428 3524 1866 3603; x_wconf 54' lang='grc' dir='ltr'>[Ιρόσσχωμεη</span> <span class='ocrx_word' id='word_1_384' title='bbox 1897 3541 1915 3572; x_wconf 79' lang='grc' dir='ltr'><strong>ι</strong></span> <span class='ocrx_word' id='word_1_385' title='bbox 1955 3521 2049 3574; x_wconf 78' lang='grc' dir='ltr'><strong>καί</strong></span> 
     </span>
    </p>
   </div>
   <div class='ocr_carea' id='block_1_55' title="bbox 933 3595 1591 3666">
    <p class='ocr_par' dir='ltr' id='par_1_55' title="bbox 933 3595 1591 3666">
     <span class='ocr_line' id='line_1_55' title="bbox 933 3595 1591 3666; baseline -0.017 -10"><span class='ocrx_word' id='word_1_386' title='bbox 933 3595 1020 3666; x_wconf 69' lang='grc' dir='ltr'><strong>τό,</strong></span> <span class='ocrx_word' id='word_1_387' title='bbox 1058 3618 1077 3651; x_wconf 80' lang='grc' dir='ltr'><strong>ι</strong></span> <span class='ocrx_word' id='word_1_388' title='bbox 1113 3597 1304 3666; x_wconf 70' lang='grc' dir='ltr'>Σοφίᾳ</span> <span class='ocrx_word' id='word_1_389' title='bbox 1343 3595 1530 3662; x_wconf 84' lang='grc' dir='ltr'>ὀρθοί.</span> <span class='ocrx_word' id='word_1_390' title='bbox 1572 3614 1591 3645; x_wconf 82' lang='grc' dir='ltr'><strong>ι</strong></span> 
     </span>
    </p>
   </div>
   <div class='ocr_carea' id='block_1_56' title="bbox 554 3684 2046 3768">
    <p class='ocr_par' dir='ltr' id='par_1_56' title="bbox 554 3684 2046 3768">
     <span class='ocr_line' id='line_1_56' title="bbox 554 3684 2046 3768; baseline -0.017 -13"><span class='ocrx_word' id='word_1_391' title='bbox 554 3701 628 3754; x_wconf 77' lang='grc' dir='ltr'><strong>Τὸ</strong></span> <span class='ocrx_word' id='word_1_392' title='bbox 656 3699 785 3768; x_wconf 83' lang='grc' dir='ltr'>γὰρ,</span> <span class='ocrx_word' id='word_1_393' title='bbox 825 3715 844 3748; x_wconf 80' lang='grc' dir='ltr'><strong>ι</strong></span> <span class='ocrx_word' id='word_1_394' title='bbox 882 3697 1142 3759; x_wconf 77' lang='grc' dir='ltr'>Εἴπωμεν</span> <span class='ocrx_word' id='word_1_395' title='bbox 1183 3691 1383 3752; x_wconf 82' lang='grc' dir='ltr'>πάντα,</span> <span class='ocrx_word' id='word_1_396' title='bbox 1424 3705 1442 3738; x_wconf 86' lang='grc' dir='ltr'><strong>ι</strong></span> <span class='ocrx_word' id='word_1_397' title='bbox 1511 3685 1698 3738; x_wconf 77' lang='grc' dir='ltr'>καὶτὰ</span> <span class='ocrx_word' id='word_1_398' title='bbox 1738 3684 1864 3753; x_wconf 80' lang='grc' dir='ltr'><strong>ἑξῆς</strong></span> <span class='ocrx_word' id='word_1_399' title='bbox 1907 3685 2046 3738; x_wconf 78' lang='grc' dir='ltr'>ὕπο.</span> 
     </span>
    </p>
   </div>
   <div class='ocr_carea' id='block_1_57' title="bbox 488 3775 2058 3865">
    <p class='ocr_par' dir='ltr' id='par_1_57' title="bbox 488 3775 2058 3865">
     <span class='ocr_line' id='line_1_57' title="bbox 488 3775 2058 3865; baseline -0.012 -18"><span class='ocrx_word' id='word_1_400' title='bbox 488 3793 734 3865; x_wconf 80' lang='grc' dir='ltr'>μνήσιώς</span> <span class='ocrx_word' id='word_1_401' title='bbox 758 3795 875 3842; x_wconf 79' lang='grc' dir='ltr'>ἐστι</span> <span class='ocrx_word' id='word_1_402' title='bbox 900 3789 992 3841; x_wconf 69' lang='grc' dir='ltr'>καὶ</span> <span class='ocrx_word' id='word_1_403' title='bbox 1021 3781 1388 3843; x_wconf 84' lang='grc' dir='ltr'>διδασκαλίας,</span> <span class='ocrx_word' id='word_1_404' title='bbox 1418 3778 1492 3840; x_wconf 82' lang='grc' dir='ltr'>ὡς</span> <span class='ocrx_word' id='word_1_405' title='bbox 1523 3779 1615 3830; x_wconf 78' lang='grc' dir='ltr'>καὶ</span> <span class='ocrx_word' id='word_1_406' title='bbox 1643 3779 1703 3865; x_wconf 63' lang='grc' dir='ltr'>τὸ</span> <span class='ocrx_word' id='word_1_407' title='bbox 1721 3779 1931 3844; x_wconf 73' lang='grc' dir='ltr'>Σοφία,</span> <span class='ocrx_word' id='word_1_408' title='bbox 1961 3775 2058 3828; x_wconf 87' lang='grc' dir='ltr'><strong>καί</strong></span> 
     </span>
    </p>
   </div>
   <div class='ocr_carea' id='block_1_58' title="bbox 485 3861 2058 3953">
    <p class='ocr_par' dir='ltr' id='par_1_58' title="bbox 485 3861 2058 3953">
     <span class='ocr_line' id='line_1_58' title="bbox 485 3861 2058 3953; baseline -0.017 -12"><span class='ocrx_word' id='word_1_409' title='bbox 485 3861 547 3941; x_wconf 77' lang='grc' dir='ltr'>τὸ</span> <span class='ocrx_word' id='word_1_410' title='bbox 562 3861 987 3953; x_wconf 69' lang='grc' dir='ltr'>Πρόσσχωμεν,</span> <span class='ocrx_word' id='word_1_411' title='bbox 1013 3877 1105 3929; x_wconf 82' lang='grc' dir='ltr'>καὶ</span> <span class='ocrx_word' id='word_1_412' title='bbox 1127 3873 1186 3926; x_wconf 83' lang='grc' dir='ltr'><strong>τδ</strong></span> <span class='ocrx_word' id='word_1_413' title='bbox 1203 3871 1390 3940; x_wconf 74' lang='grc' dir='ltr'>Σοφίᾳ</span> <span class='ocrx_word' id='word_1_414' title='bbox 1408 3869 1569 3937; x_wconf 82' lang='grc' dir='ltr'>ὀρθοί</span> <span class='ocrx_word' id='word_1_415' title='bbox 1587 3885 1602 3900; x_wconf 76' lang='grc'><strong><em>⁸</em></strong></span> <span class='ocrx_word' id='word_1_416' title='bbox 1626 3861 1758 3931; x_wconf 75' lang='grc' dir='ltr'>οἷον,</span> <span class='ocrx_word' id='word_1_417' title='bbox 1789 3866 1878 3920; x_wconf 87' lang='grc' dir='ltr'><strong>Ἐν</strong></span> <span class='ocrx_word' id='word_1_418' title='bbox 1897 3867 2058 3937; x_wconf 78' lang='grc' dir='ltr'>σοφίᾳ</span> 
     </span>
    </p>
   </div>
   <div class='ocr_carea' id='block_1_59' title="bbox 499 3959 2060 4033">
    <p class='ocr_par' dir='ltr' id='par_1_59' title="bbox 499 3959 2060 4033">
     <span class='ocr_line' id='line_1_59' title="bbox 499 3959 2060 4033; baseline -0.014 -3"><span class='ocrx_word' id='word_1_419' title='bbox 499 3976 722 4030; x_wconf 81' lang='grc' dir='ltr'>ῐστασθε</span> <span class='ocrx_word' id='word_1_420' title='bbox 754 3973 956 4033; x_wconf 79' lang='grc' dir='ltr'>πάντες</span> <span class='ocrx_word' id='word_1_421' title='bbox 980 3985 992 3997; x_wconf 84' lang='lat'><em>‘</em></span> <span class='ocrx_word' id='word_1_422' title='bbox 1025 3969 1108 4022; x_wconf 81' lang='grc' dir='ltr'>ὅτι</span> <span class='ocrx_word' id='word_1_423' title='bbox 1138 3965 1234 4020; x_wconf 78' lang='grc' dir='ltr'>καὶ</span> <span class='ocrx_word' id='word_1_424' title='bbox 1263 3963 1424 4032; x_wconf 82' lang='grc' dir='ltr'>σοφία</span> <span class='ocrx_word' id='word_1_425' title='bbox 1478 3960 1616 4014; x_wconf 80' lang='grc' dir='ltr'>Θεοῦ</span> <span class='ocrx_word' id='word_1_426' title='bbox 1662 3962 1731 4012; x_wconf 82' lang='grc' dir='ltr'>τὰ</span> <span class='ocrx_word' id='word_1_427' title='bbox 1790 3959 2060 4027; x_wconf 84' lang='grc' dir='ltr'>λεγόμενα</span> 
     </span>
    </p>
   </div>
   <div class='ocr_carea' id='block_1_60' title="bbox 490 4048 2062 4136">
    <p class='ocr_par' dir='ltr' id='par_1_60' title="bbox 490 4048 2062 4136">
     <span class='ocr_line' id='line_1_60' title="bbox 490 4048 2062 4136; baseline -0.017 -12"><span class='ocrx_word' id='word_1_428' title='bbox 490 4071 586 4126; x_wconf 72' lang='grc' dir='ltr'>καὶ</span> <span class='ocrx_word' id='word_1_429' title='bbox 617 4065 895 4136; x_wconf 81' lang='grc' dir='ltr'>γινόμενα.</span> <span class='ocrx_word' id='word_1_430' title='bbox 922 4061 1015 4114; x_wconf 75' lang='grc' dir='ltr'>καὶ</span> <span class='ocrx_word' id='word_1_431' title='bbox 1041 4059 1142 4128; x_wconf 84' lang='grc' dir='ltr'>τῆς</span> <span class='ocrx_word' id='word_1_432' title='bbox 1162 4057 1256 4112; x_wconf 89' lang='grc' dir='ltr'><strong>τοῦ</strong></span> <span class='ocrx_word' id='word_1_433' title='bbox 1281 4055 1417 4109; x_wconf 88' lang='grc' dir='ltr'>Θεοῦ</span> <span class='ocrx_word' id='word_1_434' title='bbox 1449 4053 1626 4121; x_wconf 85' lang='grc' dir='ltr'>ζώσης</span> <span class='ocrx_word' id='word_1_435' title='bbox 1656 4051 1868 4119; x_wconf 83' lang='grc' dir='ltr'>σοφίας.</span> <span class='ocrx_word' id='word_1_436' title='bbox 1906 4048 2062 4103; x_wconf 80' lang='grc' dir='ltr'>Ἐπεὶ</span> 
     </span>
    </p>
   </div>
   <div class='ocr_carea' id='block_1_61' title="bbox 488 4137 2060 4230">
    <p class='ocr_par' dir='ltr' id='par_1_61' title="bbox 488 4137 2060 4230">
     <span class='ocr_line' id='line_1_61' title="bbox 488 4137 2060 4230; baseline -0.016 -16"><span class='ocrx_word' id='word_1_437' title='bbox 488 4162 544 4214; x_wconf 77' lang='grc' dir='ltr'>δὲ</span> <span class='ocrx_word' id='word_1_438' title='bbox 576 4156 721 4230; x_wconf 81' lang='grc' dir='ltr'>ἁρχὴ</span> <span class='ocrx_word' id='word_1_439' title='bbox 761 4153 952 4220; x_wconf 83' lang='grc' dir='ltr'>σοφίας</span> <span class='ocrx_word' id='word_1_440' title='bbox 979 4153 1006 4204; x_wconf 89' lang='grc' dir='ltr'>ὁ</span> <span class='ocrx_word' id='word_1_441' title='bbox 1035 4149 1196 4218; x_wconf 88' lang='grc' dir='ltr'>φόϐος</span> <span class='ocrx_word' id='word_1_442' title='bbox 1230 4145 1322 4200; x_wconf 89' lang='grc' dir='ltr'><strong>τοῦ</strong></span> <span class='ocrx_word' id='word_1_443' title='bbox 1353 4144 1513 4206; x_wconf 86' lang='grc' dir='ltr'>Θεοῦ,</span> <span class='ocrx_word' id='word_1_444' title='bbox 1553 4143 1648 4195; x_wconf 82' lang='grc' dir='ltr'>καὶ</span> <span class='ocrx_word' id='word_1_445' title='bbox 1683 4140 1822 4210; x_wconf 83' lang='grc' dir='ltr'>μετὰ</span> <span class='ocrx_word' id='word_1_446' title='bbox 1867 4137 2060 4206; x_wconf 83' lang='grc' dir='ltr'>σοφίας</span> 
     </span>
    </p>
   </div>
   <div class='ocr_carea' id='block_1_62' title="bbox 491 4231 2057 4322">
    <p class='ocr_par' dir='ltr' id='par_1_62' title="bbox 491 4231 2057 4322">
     <span class='ocr_line' id='line_1_62' title="bbox 491 4231 2057 4322; baseline -0.017 -15"><span class='ocrx_word' id='word_1_447' title='bbox 491 4250 728 4322; x_wconf 74' lang='grc' dir='ltr'>ἐσόμεθα</span> <span class='ocrx_word' id='word_1_448' title='bbox 781 4249 876 4301; x_wconf 74' lang='grc' dir='ltr'>καὶ</span> <span class='ocrx_word' id='word_1_449' title='bbox 909 4241 1197 4304; x_wconf 84' lang='grc' dir='ltr'>εὐλαϐείας</span> <span class='ocrx_word' id='word_1_450' title='bbox 1245 4238 1480 4308; x_wconf 78' lang='grc' dir='ltr'>ὁρῶντες</span> <span class='ocrx_word' id='word_1_451' title='bbox 1519 4236 1615 4288; x_wconf 78' lang='grc' dir='ltr'>καὶ</span> <span class='ocrx_word' id='word_1_452' title='bbox 1669 4231 2016 4304; x_wconf 78' lang='grc' dir='ltr'>ἀκροώμενοι</span> <span class='ocrx_word' id='word_1_453' title='bbox 2043 4244 2057 4260; x_wconf 92' lang='grc'><strong>·</strong></span> 
     </span>
    </p>
   </div>
   <div class='ocr_carea' id='block_1_63' title="bbox 493 4323 2062 4414">
    <p class='ocr_par' dir='ltr' id='par_1_63' title="bbox 493 4323 2062 4414">
     <span class='ocr_line' id='line_1_63' title="bbox 493 4323 2062 4414; baseline -0.016 -13"><span class='ocrx_word' id='word_1_454' title='bbox 493 4347 589 4402; x_wconf 73' lang='grc' dir='ltr'>καὶ</span> <span class='ocrx_word' id='word_1_455' title='bbox 643 4341 983 4414; x_wconf 80' lang='grc' dir='ltr'>προσέχομεν</span> <span class='ocrx_word' id='word_1_456' title='bbox 1015 4334 1226 4395; x_wconf 72' lang='grc' dir='ltr'>ἑαυτοῖς</span> <span class='ocrx_word' id='word_1_457' title='bbox 1262 4333 1320 4384; x_wconf 82' lang='grc' dir='ltr'>ὲν</span> <span class='ocrx_word' id='word_1_458' title='bbox 1374 4328 1525 4397; x_wconf 76' lang='grc' dir='ltr'>φόϐῳ</span> <span class='ocrx_word' id='word_1_459' title='bbox 1573 4325 1733 4389; x_wconf 83' lang='grc' dir='ltr'>Θεοῦ,</span> <span class='ocrx_word' id='word_1_460' title='bbox 1781 4325 1874 4378; x_wconf 75' lang='grc' dir='ltr'>καὶ</span> <span class='ocrx_word' id='word_1_461' title='bbox 1908 4323 2062 4392; x_wconf 74' lang='grc' dir='ltr'>ὀρθοὶ</span> 
     </span>
    </p>
   </div>
   <div class='ocr_carea' id='block_1_64' title="bbox 499 4415 2061 4506">
    <p class='ocr_par' dir='ltr' id='par_1_64' title="bbox 499 4415 2061 4506">
     <span class='ocr_line' id='line_1_64' title="bbox 499 4415 2061 4506; baseline -0.015 -17"><span class='ocrx_word' id='word_1_462' title='bbox 499 4435 640 4506; x_wconf 74' lang='grc' dir='ltr'>μετὰ</span> <span class='ocrx_word' id='word_1_463' title='bbox 679 4432 870 4500; x_wconf 83' lang='grc' dir='ltr'>σοφίας</span> <span class='ocrx_word' id='word_1_464' title='bbox 918 4427 1015 4481; x_wconf 71' lang='grc' dir='ltr'>καὶ</span> <span class='ocrx_word' id='word_1_465' title='bbox 1067 4423 1336 4482; x_wconf 82' lang='grc' dir='ltr'>συνέσεως</span> <span class='ocrx_word' id='word_1_466' title='bbox 1383 4419 1478 4471; x_wconf 73' lang='grc' dir='ltr'>καὶ</span> <span class='ocrx_word' id='word_1_467' title='bbox 1513 4415 1762 4486; x_wconf 86' lang='grc' dir='ltr'>σώμασιν</span> <span class='ocrx_word' id='word_1_468' title='bbox 1793 4415 2061 4484; x_wconf 81' lang='grc' dir='ltr'>ίστάμεθα</span> 
     </span>
    </p>
   </div>
   <div class='ocr_carea' id='block_1_65' title="bbox 497 4507 2065 4594">
    <p class='ocr_par' dir='ltr' id='par_1_65' title="bbox 497 4507 2065 4594">
     <span class='ocr_line' id='line_1_65' title="bbox 497 4507 2065 4594; baseline -0.02 -13"><span class='ocrx_word' id='word_1_469' title='bbox 497 4528 592 4581; x_wconf 72' lang='grc' dir='ltr'>καὶ</span> <span class='ocrx_word' id='word_1_470' title='bbox 636 4526 854 4594; x_wconf 79' lang='grc' dir='ltr'>ψυχαῖς.</span> <span class='ocrx_word' id='word_1_471' title='bbox 891 4521 988 4573; x_wconf 77' lang='grc' dir='ltr'>καὶ</span> <span class='ocrx_word' id='word_1_472' title='bbox 1025 4517 1181 4587; x_wconf 78' lang='grc' dir='ltr'>ὀρθοὶ</span> <span class='ocrx_word' id='word_1_473' title='bbox 1225 4514 1294 4583; x_wconf 77' lang='grc' dir='ltr'>τῇ</span> <span class='ocrx_word' id='word_1_474' title='bbox 1351 4512 1535 4563; x_wconf 85' lang='grc' dir='ltr'>πίστει</span> <span class='ocrx_word' id='word_1_475' title='bbox 1587 4509 1684 4560; x_wconf 78' lang='grc' dir='ltr'>καὶ</span> <span class='ocrx_word' id='word_1_476' title='bbox 1740 4507 1818 4578; x_wconf 85' lang='grc' dir='ltr'>τῷ</span> <span class='ocrx_word' id='word_1_477' title='bbox 1863 4508 2065 4578; x_wconf 77' lang='grc' dir='ltr'>φρονή-</span> 
     </span>
    </p>
   </div>
   <div class='ocr_carea' id='block_1_66' title="bbox 505 4596 2068 4690">
    <p class='ocr_par' dir='ltr' id='par_1_66' title="bbox 505 4596 2068 4690">
     <span class='ocr_line' id='line_1_66' title="bbox 505 4596 2068 4690; baseline -0.017 -17"><span class='ocrx_word' id='word_1_478' title='bbox 505 4635 655 4690; x_wconf 81' lang='grc' dir='ltr'>ματι.</span> <span class='ocrx_word' id='word_1_479' title='bbox 691 4613 987 4672; x_wconf 83' lang='grc' dir='ltr'>Κατανοείς</span> <span class='ocrx_word' id='word_1_480' title='bbox 1011 4609 1105 4662; x_wconf 74' lang='grc' dir='ltr'>καὶ</span> <span class='ocrx_word' id='word_1_481' title='bbox 1131 4605 1200 4658; x_wconf 79' lang='grc' dir='ltr'><strong>τὰ</strong></span> <span class='ocrx_word' id='word_1_482' title='bbox 1232 4604 1408 4674; x_wconf 74' lang='grc' dir='ltr'>μικρὰ</span> <span class='ocrx_word' id='word_1_483' title='bbox 1431 4598 1694 4654; x_wconf 85' lang='grc' dir='ltr'>δοκοῦντα</span> <span class='ocrx_word' id='word_1_484' title='bbox 1725 4599 1824 4667; x_wconf 80' lang='grc' dir='ltr'>τῆς</span> <span class='ocrx_word' id='word_1_485' title='bbox 1840 4596 2068 4668; x_wconf 82' lang='grc' dir='ltr'>Ἐκκλη-</span> 
     </span>
    </p>
   </div>
   <div class='ocr_carea' id='block_1_67' title="bbox 503 4711 660 4773">
    <p class='ocr_par' dir='ltr' id='par_1_67' title="bbox 503 4711 660 4773">
     <span class='ocr_line' id='line_1_67' title="bbox 503 4711 660 4773; baseline 0 -11"><span class='ocrx_word' id='word_1_486' title='bbox 503 4711 623 4772; x_wconf 85' lang='grc' dir='ltr'>σίας</span> <span class='ocrx_word' id='word_1_487' title='bbox 646 4724 660 4773; x_wconf 87' lang='grc'><strong>;</strong></span> 
     </span>
    </p>
   </div>
   <div class='ocr_carea' id='block_1_68' title="bbox 572 4782 1938 4866">
    <p class='ocr_par' dir='ltr' id='par_1_68' title="bbox 572 4782 1938 4866">
     <span class='ocr_line' id='line_1_68' title="bbox 572 4782 1938 4866; baseline -0.015 -12"><span class='ocrx_word' id='word_1_488' title='bbox 572 4796 889 4866; x_wconf 76' lang='grc' dir='ltr'>Κληρικός.</span> <span class='ocrx_word' id='word_1_489' title='bbox 927 4786 1197 4846; x_wconf 85' lang='grc' dir='ltr'>Κατανοῶ</span> <span class='ocrx_word' id='word_1_490' title='bbox 1231 4786 1326 4840; x_wconf 76' lang='grc' dir='ltr'>καὶ</span> <span class='ocrx_word' id='word_1_491' title='bbox 1362 4782 1651 4855; x_wconf 81' lang='grc' dir='ltr'>θαυμάζω,</span> <span class='ocrx_word' id='word_1_492' title='bbox 1679 4783 1938 4835; x_wconf 79' lang='grc' dir='ltr'>δέσποτα.</span> 
     </span>
    </p>
   </div>
   <div class='ocr_carea' id='block_1_69' title="bbox 585 4873 2071 4959">
    <p class='ocr_par' dir='ltr' id='par_1_69' title="bbox 585 4873 2071 4959">
     <span class='ocr_line' id='line_1_69' title="bbox 585 4873 2071 4959; baseline -0.013 -14"><span class='ocrx_word' id='word_1_493' title='bbox 585 4887 945 4959; x_wconf 77' lang='grc' dir='ltr'>Ἀρχιερεύς.</span> <span class='ocrx_word' id='word_1_494' title='bbox 962 4883 1124 4936; x_wconf 85' lang='grc' dir='ltr'>Ἀλλὰ</span> <span class='ocrx_word' id='word_1_495' title='bbox 1153 4882 1227 4951; x_wconf 86' lang='grc' dir='ltr'>μὴ</span> <span class='ocrx_word' id='word_1_496' title='bbox 1250 4878 1519 4949; x_wconf 83' lang='grc' dir='ltr'>θαύμαζε·</span> <span class='ocrx_word' id='word_1_497' title='bbox 1550 4877 1649 4947; x_wconf 78' lang='grc' dir='ltr'>τῆς</span> <span class='ocrx_word' id='word_1_498' title='bbox 1671 4875 1763 4928; x_wconf 89' lang='grc' dir='ltr'><strong>τοῦ</strong></span> <span class='ocrx_word' id='word_1_499' title='bbox 1797 4873 1934 4927; x_wconf 89' lang='grc' dir='ltr'>Θεοῦ</span> <span class='ocrx_word' id='word_1_500' title='bbox 1961 4873 2071 4942; x_wconf 83' lang='grc' dir='ltr'>γὰρ</span> 
     </span>
    </p>
   </div>
   <div class='ocr_carea' id='block_1_70' title="bbox 510 4967 2070 5054">
    <p class='ocr_par' dir='ltr' id='par_1_70' title="bbox 510 4967 2070 5054">
     <span class='ocr_line' id='line_1_70' title="bbox 510 4967 2070 5054; baseline -0.015 -14"><span class='ocrx_word' id='word_1_501' title='bbox 510 4987 696 5054; x_wconf 85' lang='grc' dir='ltr'>σοφίας</span> <span class='ocrx_word' id='word_1_502' title='bbox 715 4983 809 5050; x_wconf 78' lang='grc' dir='ltr'>τῆς</span> <span class='ocrx_word' id='word_1_503' title='bbox 833 4976 1200 5031; x_wconf 78' lang='grc' dir='ltr'>ὲννποστάτου</span> <span class='ocrx_word' id='word_1_504' title='bbox 1219 4974 1315 5026; x_wconf 78' lang='grc' dir='ltr'>καὶ</span> <span class='ocrx_word' id='word_1_505' title='bbox 1332 4969 1512 5041; x_wconf 80' lang='grc' dir='ltr'>ζώσης</span> <span class='ocrx_word' id='word_1_506' title='bbox 1529 4969 1678 5021; x_wconf 70' lang='grc' dir='ltr'>ἐστὶν</span> <span class='ocrx_word' id='word_1_507' title='bbox 1706 4970 1736 5038; x_wconf 80' lang='grc' dir='ltr'>ἡ</span> <span class='ocrx_word' id='word_1_508' title='bbox 1754 4967 2070 5036; x_wconf 85' lang='grc' dir='ltr'>Ἐκκλησία,</span> 
     </span>
    </p>
   </div>
   <div class='ocr_carea' id='block_1_71' title="bbox 505 5058 2074 5150">
    <p class='ocr_par' dir='ltr' id='par_1_71' title="bbox 505 5058 2074 5150">
     <span class='ocr_line' id='line_1_71' title="bbox 505 5058 2074 5150; baseline -0.018 -17"><span class='ocrx_word' id='word_1_509' title='bbox 505 5082 624 5150; x_wconf 72' lang='grc' dir='ltr'>ἥτις</span> <span class='ocrx_word' id='word_1_510' title='bbox 654 5078 745 5130; x_wconf 74' lang='grc' dir='ltr'>καὶ</span> <span class='ocrx_word' id='word_1_511' title='bbox 781 5070 906 5127; x_wconf 75' lang='grc' dir='ltr'>ναὸν</span> <span class='ocrx_word' id='word_1_512' title='bbox 933 5070 1102 5139; x_wconf 74' lang='grc' dir='ltr'>ἑαυτῇ</span> <span class='ocrx_word' id='word_1_513' title='bbox 1133 5067 1222 5120; x_wconf 80' lang='grc' dir='ltr'>διὰ.</span> <span class='ocrx_word' id='word_1_514' title='bbox 1251 5063 1410 5118; x_wconf 86' lang='grc' dir='ltr'>τοῦτο</span> <span class='ocrx_word' id='word_1_515' title='bbox 1442 5061 1504 5115; x_wconf 81' lang='grc' dir='ltr'>τὸ</span> <span class='ocrx_word' id='word_1_516' title='bbox 1548 5062 1694 5115; x_wconf 87' lang='grc' dir='ltr'>θεῖον</span> <span class='ocrx_word' id='word_1_517' title='bbox 1733 5059 1902 5126; x_wconf 84' lang='grc' dir='ltr'>αὐτῆς</span> <span class='ocrx_word' id='word_1_518' title='bbox 1931 5058 2074 5129; x_wconf 81' lang='grc' dir='ltr'>ᾠκο-</span> 
     </span>
    </p>
   </div>
   <div class='ocr_carea' id='block_1_72' title="bbox 507 5152 2076 5238">
    <p class='ocr_par' dir='ltr' id='par_1_72' title="bbox 507 5152 2076 5238">
     <span class='ocr_line' id='line_1_72' title="bbox 507 5152 2076 5238; baseline -0.013 -14"><span class='ocrx_word' id='word_1_519' title='bbox 507 5171 709 5238; x_wconf 82' lang='grc' dir='ltr'>δόμησε</span> <span class='ocrx_word' id='word_1_520' title='bbox 755 5166 941 5235; x_wconf 83' lang='grc' dir='ltr'>σῶμα,</span> <span class='ocrx_word' id='word_1_521' title='bbox 977 5160 1074 5214; x_wconf 77' lang='grc' dir='ltr'>καὶ</span> <span class='ocrx_word' id='word_1_522' title='bbox 1103 5159 1228 5220; x_wconf 75' lang='grc' dir='ltr'>τοὺς</span> <span class='ocrx_word' id='word_1_523' title='bbox 1276 5158 1517 5226; x_wconf 76' lang='grc' dir='ltr'>ἄφρονας</span> <span class='ocrx_word' id='word_1_524' title='bbox 1549 5153 1684 5222; x_wconf 80' lang='grc' dir='ltr'>πρὸς</span> <span class='ocrx_word' id='word_1_525' title='bbox 1713 5152 1913 5220; x_wconf 84' lang='grc' dir='ltr'>γνῶσιν</span> <span class='ocrx_word' id='word_1_526' title='bbox 1944 5153 2076 5204; x_wconf 73' lang='grc' dir='ltr'><strong>ἐκά-</strong></span> 
     </span>
    </p>
   </div>
   <div class='ocr_carea' id='block_1_73' title="bbox 505 5242 2074 5318">
    <p class='ocr_par' dir='ltr' id='par_1_73' title="bbox 505 5242 2074 5318">
     <span class='ocr_line' id='line_1_73' title="bbox 505 5242 2074 5318; baseline -0.011 -7"><span class='ocrx_word' id='word_1_527' title='bbox 505 5261 662 5312; x_wconf 80' lang='grc' dir='ltr'>λεσεν</span> <span class='ocrx_word' id='word_1_528' title='bbox 690 5272 703 5286; x_wconf 91' lang='grc'><strong>·</strong></span> <span class='ocrx_word' id='word_1_529' title='bbox 741 5256 864 5308; x_wconf 83' lang='grc' dir='ltr'>ὅθεν</span> <span class='ocrx_word' id='word_1_530' title='bbox 909 5251 1005 5307; x_wconf 77' lang='grc' dir='ltr'>καὶ</span> <span class='ocrx_word' id='word_1_531' title='bbox 1031 5249 1102 5302; x_wconf 75' lang='grc' dir='ltr'>τὰ</span> <span class='ocrx_word' id='word_1_532' title='bbox 1145 5247 1318 5318; x_wconf 81' lang='grc' dir='ltr'>μικρὰ</span> <span class='ocrx_word' id='word_1_533' title='bbox 1369 5243 1631 5299; x_wconf 83' lang='grc' dir='ltr'>δοκοῦντα</span> <span class='ocrx_word' id='word_1_534' title='bbox 1662 5242 1864 5312; x_wconf 81' lang='grc' dir='ltr'>ταύτης</span> <span class='ocrx_word' id='word_1_535' title='bbox 1895 5242 2074 5312; x_wconf 83' lang='grc' dir='ltr'>πλήρη</span> 
     </span>
    </p>
   </div>
   <div class='ocr_carea' id='block_1_74' title="bbox 508 5336 2079 5417">
    <p class='ocr_par' dir='ltr' id='par_1_74' title="bbox 508 5336 2079 5417">
     <span class='ocr_line' id='line_1_74' title="bbox 508 5336 2079 5417; baseline -0.009 -14"><span class='ocrx_word' id='word_1_536' title='bbox 508 5350 699 5417; x_wconf 84' lang='grc' dir='ltr'>σοφίας</span> <span class='ocrx_word' id='word_1_537' title='bbox 733 5345 838 5398; x_wconf 80' lang='grc' dir='ltr'>εἰσί</span> <span class='ocrx_word' id='word_1_538' title='bbox 863 5361 877 5375; x_wconf 88' lang='grc'><strong>·</strong></span> <span class='ocrx_word' id='word_1_539' title='bbox 909 5344 1001 5397; x_wconf 77' lang='grc' dir='ltr'>καὶ</span> <span class='ocrx_word' id='word_1_540' title='bbox 1028 5343 1140 5412; x_wconf 74' lang='grc' dir='ltr'><strong>ὅσῳ</strong></span> <span class='ocrx_word' id='word_1_541' title='bbox 1164 5339 1340 5412; x_wconf 82' lang='grc' dir='ltr'>μικρά</span> <span class='ocrx_word' id='word_1_542' title='bbox 1367 5353 1477 5391; x_wconf 88' lang='grc' dir='ltr'>τισι</span> <span class='ocrx_word' id='word_1_543' title='bbox 1495 5336 1846 5406; x_wconf 81' lang='grc' dir='ltr'>νομιζόμενα,</span> <span class='ocrx_word' id='word_1_544' title='bbox 1879 5337 2079 5405; x_wconf 78' lang='grc' dir='ltr'>μᾶλλον</span> 
     </span>
    </p>
   </div>
   <div class='ocr_carea' id='block_1_75' title="bbox 513 5429 2080 5514">
    <p class='ocr_par' dir='ltr' id='par_1_75' title="bbox 513 5429 2080 5514">
     <span class='ocr_line' id='line_1_75' title="bbox 513 5429 2080 5514; baseline -0.01 -19"><span class='ocrx_word' id='word_1_545' title='bbox 513 5442 758 5514; x_wconf 80' lang='grc' dir='ltr'>μείζονος</span> <span class='ocrx_word' id='word_1_546' title='bbox 784 5436 1038 5507; x_wconf 87' lang='grc' dir='ltr'>γνώσεως</span> <span class='ocrx_word' id='word_1_547' title='bbox 1060 5450 1076 5466; x_wconf 89' lang='grc'><strong>·</strong></span> <span class='ocrx_word' id='word_1_548' title='bbox 1110 5435 1194 5488; x_wconf 81' lang='grc' dir='ltr'>ὅτι</span> <span class='ocrx_word' id='word_1_549' title='bbox 1242 5432 1336 5486; x_wconf 72' lang='grc' dir='ltr'>καὶ</span> <span class='ocrx_word' id='word_1_550' title='bbox 1365 5430 1426 5484; x_wconf 85' lang='grc' dir='ltr'>τὸ</span> <span class='ocrx_word' id='word_1_551' title='bbox 1469 5429 1564 5482; x_wconf 90' lang='grc' dir='ltr'><strong>τοῦ</strong></span> <span class='ocrx_word' id='word_1_552' title='bbox 1594 5429 1728 5482; x_wconf 83' lang='grc' dir='ltr'>Θεοῦ</span> <span class='ocrx_word' id='word_1_553' title='bbox 1773 5430 1955 5498; x_wconf 78' lang='grc' dir='ltr'>μωρὸν</span> <span class='ocrx_word' id='word_1_554' title='bbox 1993 5430 2080 5482; x_wconf 82' lang='grc' dir='ltr'>δο-</span> 
     </span>
    </p>
   </div>
   <div class='ocr_carea' id='block_1_76' title="bbox 513 5521 2079 5600">
    <p class='ocr_par' dir='ltr' id='par_1_76' title="bbox 513 5521 2079 5600">
     <span class='ocr_line' id='line_1_76' title="bbox 513 5521 2079 5600; baseline -0.012 -12"><span class='ocrx_word' id='word_1_555' title='bbox 513 5534 642 5588; x_wconf 87' lang='grc' dir='ltr'>κοῦν</span> <span class='ocrx_word' id='word_1_556' title='bbox 668 5535 781 5594; x_wconf 88' lang='grc' dir='ltr'>τοῖς</span> <span class='ocrx_word' id='word_1_557' title='bbox 813 5528 1125 5600; x_wconf 81' lang='grc' dir='ltr'>ἀνθρώποις</span> <span class='ocrx_word' id='word_1_558' title='bbox 1150 5525 1458 5595; x_wconf 85' lang='grc' dir='ltr'>σοφώτερον</span> <span class='ocrx_word' id='word_1_559' title='bbox 1484 5522 1588 5574; x_wconf 83' lang='grc' dir='ltr'><strong>τῶν</strong></span> <span class='ocrx_word' id='word_1_560' title='bbox 1613 5521 1914 5592; x_wconf 83' lang='grc' dir='ltr'>ἀνθρώπων</span> <span class='ocrx_word' id='word_1_561' title='bbox 1939 5523 2079 5586; x_wconf 65' lang='grc' dir='ltr'>ἐστὶ,</span> 
     </span>
    </p>
   </div>
   <div class='ocr_carea' id='block_1_77' title="bbox 514 5608 2078 5689">
    <p class='ocr_par' dir='ltr' id='par_1_77' title="bbox 514 5608 2078 5689">
     <span class='ocr_line' id='line_1_77' title="bbox 514 5608 2078 5689; baseline -0.01 -9"><span class='ocrx_word' id='word_1_562' title='bbox 514 5628 610 5682; x_wconf 72' lang='grc' dir='ltr'>καὶ</span> <span class='ocrx_word' id='word_1_563' title='bbox 637 5608 700 5678; x_wconf 80' lang='grc' dir='ltr'>τὸ</span> <span class='ocrx_word' id='word_1_564' title='bbox 737 5619 988 5685; x_wconf 66' lang='grc' dir='ltr'>ἀσθενὲς,</span> <span class='ocrx_word' id='word_1_565' title='bbox 1037 5620 1389 5689; x_wconf 85' lang='grc' dir='ltr'>ίσχυρότερον</span> <span class='ocrx_word' id='word_1_566' title='bbox 1411 5629 1424 5645; x_wconf 85' lang='lat'><strong><em>°</em></strong></span> <span class='ocrx_word' id='word_1_567' title='bbox 1460 5613 1555 5667; x_wconf 83' lang='grc' dir='ltr'>καὶ</span> <span class='ocrx_word' id='word_1_568' title='bbox 1591 5613 1674 5666; x_wconf 84' lang='grc' dir='ltr'>ὅτι</span> <span class='ocrx_word' id='word_1_569' title='bbox 1719 5613 1818 5682; x_wconf 76' lang='grc' dir='ltr'><strong>μία</strong></span> <span class='ocrx_word' id='word_1_570' title='bbox 1852 5614 1952 5682; x_wconf 75' lang='grc' dir='ltr'>μὲν</span> <span class='ocrx_word' id='word_1_571' title='bbox 1985 5616 2078 5666; x_wconf 80' lang='grc' dir='ltr'>καὶ</span> 
     </span>
    </p>
   </div>
   <div class='ocr_carea' id='block_1_78' title="bbox 723 5707 1343 5777">
    <p class='ocr_par' dir='ltr' id='par_1_78' title="bbox 723 5707 1343 5777">
     <span class='ocr_line' id='line_1_78' title="bbox 723 5707 1343 5777; baseline -0.016 0"><span class='ocrx_word' id='word_1_572' title='bbox 723 5715 998 5777; x_wconf 73' lang='grc' dir='ltr'>Ρηιιοι..</span> <span class='ocrx_word' id='word_1_573' title='bbox 1028 5713 1148 5775; x_wconf 78' lang='lat' dir='ltr'><strong>Gs.</strong></span> <span class='ocrx_word' id='word_1_574' title='bbox 1175 5707 1343 5770; x_wconf 87' lang='lat' dir='ltr'><strong>CLV.</strong></span> 
     </span>
    </p>
   </div>
   <div class='ocr_carea' id='block_1_79' title="bbox 2137 1783 3706 1853">
    <p class='ocr_par' dir='ltr' id='par_1_79' title="bbox 2137 1783 3706 1853">
     <span class='ocr_line' id='line_1_79' title="bbox 2137 1783 3706 1853; baseline 0.003 -20"><span class='ocrx_word' id='word_1_575' title='bbox 2137 1783 2382 1849; x_wconf 89' lang='lat' dir='ltr'><strong>quimur,</strong></span> <span class='ocrx_word' id='word_1_576' title='bbox 2410 1786 2706 1850; x_wconf 82' lang='lat' dir='ltr'><strong>satagimus</strong></span> <span class='ocrx_word' id='word_1_577' title='bbox 2749 1793 2807 1835; x_wconf 90' lang='lat' dir='ltr'><strong>ut</strong></span> <span class='ocrx_word' id='word_1_578' title='bbox 2841 1793 3093 1850; x_wconf 85' lang='lat' dir='ltr'><strong>tauquam</strong></span> <span class='ocrx_word' id='word_1_579' title='bbox 3133 1784 3344 1851; x_wconf 88' lang='lat' dir='ltr'><strong>pondus</strong></span> <span class='ocrx_word' id='word_1_580' title='bbox 3373 1785 3643 1853; x_wconf 86' lang='lat' dir='ltr'><strong>quoddam</strong></span> <span class='ocrx_word' id='word_1_581' title='bbox 3678 1801 3706 1838; x_wconf 89' lang='lat' dir='ltr'><strong>a</strong></span> 
     </span>
    </p>
   </div>
   <div class='ocr_carea' id='block_1_80' title="bbox 2138 1872 3706 1936">
    <p class='ocr_par' dir='ltr' id='par_1_80' title="bbox 2138 1872 3706 1936">
     <span class='ocr_line' id='line_1_80' title="bbox 2138 1872 3706 1936; baseline 0 -12"><span class='ocrx_word' id='word_1_582' title='bbox 2138 1873 2292 1926; x_wconf 89' lang='lat' dir='ltr'><strong>nobis</strong></span> <span class='ocrx_word' id='word_1_583' title='bbox 2350 1873 2616 1926; x_wconf 79' lang='lat' dir='ltr'><strong>orationis</strong></span> <span class='ocrx_word' id='word_1_584' title='bbox 2665 1872 2901 1926; x_wconf 85' lang='lat' dir='ltr'><strong>ollicium</strong></span> <span class='ocrx_word' id='word_1_585' title='bbox 2963 1887 3351 1936; x_wconf 86' lang='lat' dir='ltr'><strong>amoveamus;</strong></span> <span class='ocrx_word' id='word_1_586' title='bbox 3426 1873 3515 1925; x_wconf 88' lang='lat' dir='ltr'><strong>alii</strong></span> <span class='ocrx_word' id='word_1_587' title='bbox 3578 1888 3706 1926; x_wconf 84' lang='lat' dir='ltr'><strong>vero</strong></span> 
     </span>
    </p>
   </div>
   <div class='ocr_carea' id='block_1_81' title="bbox 2137 1963 3706 2033">
    <p class='ocr_par' dir='ltr' id='par_1_81' title="bbox 2137 1963 3706 2033">
     <span class='ocr_line' id='line_1_81' title="bbox 2137 1963 3706 2033; baseline 0 -18"><span class='ocrx_word' id='word_1_588' title='bbox 2137 1965 2310 2033; x_wconf 82' lang='lat' dir='ltr'><strong>ignavi</strong></span> <span class='ocrx_word' id='word_1_589' title='bbox 2342 1980 2518 2032; x_wconf 89' lang='lat' dir='ltr'><strong>neque</strong></span> <span class='ocrx_word' id='word_1_590' title='bbox 2537 1965 2770 2017; x_wconf 86' lang='lat' dir='ltr'><strong>dicimus</strong></span> <span class='ocrx_word' id='word_1_591' title='bbox 2801 1965 3069 2026; x_wconf 73' lang='lat' dir='ltr'><strong>miserere,</strong></span> <span class='ocrx_word' id='word_1_592' title='bbox 3101 1980 3277 2033; x_wconf 84' lang='lat' dir='ltr'><strong>neque</strong></span> <span class='ocrx_word' id='word_1_593' title='bbox 3297 1963 3446 2018; x_wconf 89' lang='lat' dir='ltr'><strong>dicto</strong></span> <span class='ocrx_word' id='word_1_594' title='bbox 3472 1975 3706 2017; x_wconf 82' lang='lat' dir='ltr'><strong>mentem</strong></span> 
     </span>
    </p>
   </div>
   <div class='ocr_carea' id='block_1_82' title="bbox 2141 2055 3712 2125">
    <p class='ocr_par' dir='ltr' id='par_1_82' title="bbox 2141 2055 3712 2125">
     <span class='ocr_line' id='line_1_82' title="bbox 2141 2055 3712 2125; baseline -0.001 -18"><span class='ocrx_word' id='word_1_595' title='bbox 2141 2055 2498 2117; x_wconf 84' lang='lat' dir='ltr'><strong>intendimus.</strong></span> <span class='ocrx_word' id='word_1_596' title='bbox 2556 2056 2674 2109; x_wconf 87' lang='lat' dir='ltr'><strong>ideo</strong></span> <span class='ocrx_word' id='word_1_597' title='bbox 2725 2055 3151 2111; x_wconf 75' lang='lat' dir='ltr'><strong>miscricordiam</strong></span> <span class='ocrx_word' id='word_1_598' title='bbox 3170 2056 3712 2125; x_wconf 86' lang='lat' dir='ltr'><strong>nonconsequitnur,</strong></span> 
     </span>
    </p>
   </div>
   <div class='ocr_carea' id='block_1_83' title="bbox 2141 2146 3711 2215">
    <p class='ocr_par' dir='ltr' id='par_1_83' title="bbox 2141 2146 3711 2215">
     <span class='ocr_line' id='line_1_83' title="bbox 2141 2146 3711 2215; baseline 0.003 -16"><span class='ocrx_word' id='word_1_599' title='bbox 2141 2146 2234 2199; x_wconf 80' lang='lat' dir='ltr'><strong>sed</strong></span> <span class='ocrx_word' id='word_1_600' title='bbox 2271 2146 2392 2198; x_wconf 78' lang='lat' dir='ltr'><strong>vide</strong></span> <span class='ocrx_word' id='word_1_601' title='bbox 2426 2146 2583 2200; x_wconf 84' lang='lat' dir='ltr'><strong>linem</strong></span> <span class='ocrx_word' id='word_1_602' title='bbox 2639 2146 2912 2212; x_wconf 81' lang='lat' dir='ltr'><strong>Ecclesiae,</strong></span> <span class='ocrx_word' id='word_1_603' title='bbox 2963 2149 3121 2215; x_wconf 83' lang='lat' dir='ltr'><strong>eique</strong></span> <span class='ocrx_word' id='word_1_604' title='bbox 3177 2148 3356 2211; x_wconf 91' lang='lat' dir='ltr'><strong>stude,</strong></span> <span class='ocrx_word' id='word_1_605' title='bbox 3417 2149 3600 2214; x_wconf 84' lang='lat' dir='ltr'><strong>lrater,</strong></span> <span class='ocrx_word' id='word_1_606' title='bbox 3654 2161 3711 2204; x_wconf 90' lang='lat' dir='ltr'><strong>tu</strong></span> 
     </span>
    </p>
   </div>
   <div class='ocr_carea' id='block_1_84' title="bbox 2142 2236 2872 2305">
    <p class='ocr_par' dir='ltr' id='par_1_84' title="bbox 2142 2236 2872 2305">
     <span class='ocr_line' id='line_1_84' title="bbox 2142 2236 2872 2305; baseline 0.003 -15"><span class='ocrx_word' id='word_1_607' title='bbox 2142 2237 2421 2304; x_wconf 85' lang='lat' dir='ltr'><strong>omnisque</strong></span> <span class='ocrx_word' id='word_1_608' title='bbox 2453 2236 2536 2289; x_wconf 82' lang='lat' dir='ltr'><strong>vir</strong></span> <span class='ocrx_word' id='word_1_609' title='bbox 2565 2237 2872 2305; x_wconf 60' lang='lat' dir='ltr'><strong>religiosus.</strong></span> 
     </span>
    </p>
   </div>
   <div class='ocr_carea' id='block_1_85' title="bbox 2215 2326 3712 2398">
    <p class='ocr_par' dir='ltr' id='par_1_85' title="bbox 2215 2326 3712 2398">
     <span class='ocr_line' id='line_1_85' title="bbox 2215 2326 3712 2398; baseline 0.003 -17"><span class='ocrx_word' id='word_1_610' title='bbox 2215 2326 2474 2381; x_wconf 72' lang='lat' dir='ltr'><strong>Clericus.</strong></span> <span class='ocrx_word' id='word_1_611' title='bbox 2531 2328 2802 2398; x_wconf 77' lang='lat' dir='ltr'><strong>Intelligo,</strong></span> <span class='ocrx_word' id='word_1_612' title='bbox 2859 2328 3078 2385; x_wconf 87' lang='lat' dir='ltr'><strong>domine</strong></span> <span class='ocrx_word' id='word_1_613' title='bbox 3104 2338 3317 2392; x_wconf 87' lang='lat' dir='ltr'><strong>sancte,</strong></span> <span class='ocrx_word' id='word_1_614' title='bbox 3356 2341 3412 2385; x_wconf 91' lang='lat' dir='ltr'><strong>et</strong></span> <span class='ocrx_word' id='word_1_615' title='bbox 3441 2331 3510 2387; x_wconf 92' lang='lat' dir='ltr'><strong>de</strong></span> <span class='ocrx_word' id='word_1_616' title='bbox 3553 2333 3712 2388; x_wconf 85' lang='lat' dir='ltr'><strong>dictis</strong></span> 
     </span>
    </p>
   </div>
   <div class='ocr_carea' id='block_1_86' title="bbox 2144 2420 3713 2490">
    <p class='ocr_par' dir='ltr' id='par_1_86' title="bbox 2144 2420 3713 2490">
     <span class='ocr_line' id='line_1_86' title="bbox 2144 2420 3713 2490; baseline 0.003 -17"><span class='ocrx_word' id='word_1_617' title='bbox 2144 2428 2366 2484; x_wconf 85' lang='lat' dir='ltr'><strong>stupens</strong></span> <span class='ocrx_word' id='word_1_618' title='bbox 2389 2434 2560 2490; x_wconf 80' lang='lat' dir='ltr'><strong>angor</strong></span> <span class='ocrx_word' id='word_1_619' title='bbox 2594 2421 2782 2484; x_wconf 91' lang='lat' dir='ltr'><strong>nimis,</strong></span> <span class='ocrx_word' id='word_1_620' title='bbox 2824 2420 3081 2488; x_wconf 88' lang='lat' dir='ltr'><strong>quoniam</strong></span> <span class='ocrx_word' id='word_1_621' title='bbox 3107 2423 3275 2477; x_wconf 86' lang='lat' dir='ltr'><strong>tantis</strong></span> <span class='ocrx_word' id='word_1_622' title='bbox 3307 2421 3513 2490; x_wconf 72' lang='lat' dir='ltr'><strong>dignati</strong></span> <span class='ocrx_word' id='word_1_623' title='bbox 3551 2423 3713 2478; x_wconf 90' lang='lat' dir='ltr'><strong>donis</strong></span> 
     </span>
    </p>
   </div>
   <div class='ocr_carea' id='block_1_87' title="bbox 2148 2511 3713 2578">
    <p class='ocr_par' dir='ltr' id='par_1_87' title="bbox 2148 2511 3713 2578">
     <span class='ocr_line' id='line_1_87' title="bbox 2148 2511 3713 2578; baseline 0.003 -17"><span class='ocrx_word' id='word_1_624' title='bbox 2148 2525 2269 2578; x_wconf 68' lang='lat' dir='ltr'><strong>qtae</strong></span> <span class='ocrx_word' id='word_1_625' title='bbox 2305 2525 2468 2578; x_wconf 87' lang='lat' dir='ltr'><strong>super</strong></span> <span class='ocrx_word' id='word_1_626' title='bbox 2501 2525 2602 2565; x_wconf 91' lang='lat' dir='ltr'><strong>nos</strong></span> <span class='ocrx_word' id='word_1_627' title='bbox 2635 2519 2797 2576; x_wconf 89' lang='lat' dir='ltr'><strong>sunt,</strong></span> <span class='ocrx_word' id='word_1_628' title='bbox 2836 2526 2938 2566; x_wconf 91' lang='lat' dir='ltr'><strong>nec</strong></span> <span class='ocrx_word' id='word_1_629' title='bbox 2986 2512 3041 2565; x_wconf 89' lang='lat' dir='ltr'><strong>ln</strong></span> <span class='ocrx_word' id='word_1_630' title='bbox 3097 2511 3176 2567; x_wconf 88' lang='lat' dir='ltr'><strong>eis</strong></span> <span class='ocrx_word' id='word_1_631' title='bbox 3207 2515 3430 2568; x_wconf 91' lang='lat' dir='ltr'><strong>omnino</strong></span> <span class='ocrx_word' id='word_1_632' title='bbox 3474 2524 3713 2568; x_wconf 88' lang='lat' dir='ltr'><strong>mentem</strong></span> 
     </span>
    </p>
   </div>
   <div class='ocr_carea' id='block_1_88' title="bbox 2146 2601 2517 2655">
    <p class='ocr_par' dir='ltr' id='par_1_88' title="bbox 2146 2601 2517 2655">
     <span class='ocr_line' id='line_1_88' title="bbox 2146 2601 2517 2655; baseline 0.005 -2"><span class='ocrx_word' id='word_1_633' title='bbox 2146 2601 2517 2655; x_wconf 71' lang='lat' dir='ltr'><strong>adventamus.</strong></span> 
     </span>
    </p>
   </div>
   <div class='ocr_carea' id='block_1_89' title="bbox 2220 2690 3720 2764">
    <p class='ocr_par' dir='ltr' id='par_1_89' title="bbox 2220 2690 3720 2764">
     <span class='ocr_line' id='line_1_89' title="bbox 2220 2690 3720 2764; baseline 0.005 -22"><span class='ocrx_word' id='word_1_634' title='bbox 2220 2690 2665 2759; x_wconf 50' lang='lat' dir='ltr'><strong>Fatidica-Sed</strong></span> <span class='ocrx_word' id='word_1_635' title='bbox 2721 2694 2952 2747; x_wconf 87' lang='lat' dir='ltr'><strong>instruat</strong></span> <span class='ocrx_word' id='word_1_636' title='bbox 3005 2708 3104 2748; x_wconf 88' lang='lat' dir='ltr'><strong>nos</strong></span> <span class='ocrx_word' id='word_1_637' title='bbox 3159 2693 3423 2749; x_wconf 83' lang='lat' dir='ltr'><strong>Dominus</strong></span> <span class='ocrx_word' id='word_1_638' title='bbox 3475 2696 3567 2764; x_wconf 92' lang='lat' dir='ltr'><strong>qui</strong></span> <span class='ocrx_word' id='word_1_639' title='bbox 3624 2696 3720 2749; x_wconf 88' lang='lat' dir='ltr'><strong>dat</strong></span> 
     </span>
    </p>
   </div>
   <div class='ocr_carea' id='block_1_90' title="bbox 2153 2783 3718 2847">
    <p class='ocr_par' dir='ltr' id='par_1_90' title="bbox 2153 2783 3718 2847">
     <span class='ocr_line' id='line_1_90' title="bbox 2153 2783 3718 2847; baseline 0.003 -11"><span class='ocrx_word' id='word_1_640' title='bbox 2153 2783 2360 2836; x_wconf 86' lang='lat' dir='ltr'><strong>homini</strong></span> <span class='ocrx_word' id='word_1_641' title='bbox 2389 2784 2716 2847; x_wconf 87' lang='lat' dir='ltr'><strong>scientiam,</strong></span> <span class='ocrx_word' id='word_1_642' title='bbox 2760 2792 2816 2836; x_wconf 89' lang='lat' dir='ltr'><strong>et</strong></span> <span class='ocrx_word' id='word_1_643' title='bbox 2844 2783 3133 2840; x_wconf 78' lang='lat' dir='ltr'><strong>conﬁrmet</strong></span> <span class='ocrx_word' id='word_1_644' title='bbox 3167 2800 3268 2840; x_wconf 85' lang='lat' dir='ltr'><strong>nos</strong></span> <span class='ocrx_word' id='word_1_645' title='bbox 3309 2794 3362 2840; x_wconf 86' lang='lat' dir='ltr'><strong>et</strong></span> <span class='ocrx_word' id='word_1_646' title='bbox 3392 2786 3718 2840; x_wconf 85' lang='lat' dir='ltr'><strong>misereatur</strong></span> 
     </span>
    </p>
   </div>
   <div class='ocr_carea' id='block_1_91' title="bbox 2150 2872 3719 2950">
    <p class='ocr_par' dir='ltr' id='par_1_91' title="bbox 2150 2872 3719 2950">
     <span class='ocr_line' id='line_1_91' title="bbox 2150 2872 3719 2950; baseline 0.002 -25"><span class='ocrx_word' id='word_1_647' title='bbox 2150 2873 2348 2950; x_wconf 81' lang='lat' dir='ltr'><strong>nostri.</strong></span> <span class='ocrx_word' id='word_1_648' title='bbox 2399 2872 2626 2942; x_wconf 86' lang='lat' dir='ltr'><strong>Insuper</strong></span> <span class='ocrx_word' id='word_1_649' title='bbox 2651 2873 2801 2928; x_wconf 88' lang='lat' dir='ltr'><strong>disce</strong></span> <span class='ocrx_word' id='word_1_650' title='bbox 2827 2875 3104 2939; x_wconf 90' lang='lat' dir='ltr'><strong>quomodo</strong></span> <span class='ocrx_word' id='word_1_651' title='bbox 3134 2876 3188 2929; x_wconf 93' lang='lat' dir='ltr'><strong>in</strong></span> <span class='ocrx_word' id='word_1_652' title='bbox 3232 2877 3556 2944; x_wconf 80' lang='lat' dir='ltr'><strong>vespertinis</strong></span> <span class='ocrx_word' id='word_1_653' title='bbox 3596 2893 3719 2942; x_wconf 78' lang='lat' dir='ltr'><strong>pre-</strong></span> 
     </span>
    </p>
   </div>
   <div class='ocr_carea' id='block_1_92' title="bbox 2154 2961 3720 3034">
    <p class='ocr_par' dir='ltr' id='par_1_92' title="bbox 2154 2961 3720 3034">
     <span class='ocr_line' id='line_1_92' title="bbox 2154 2961 3720 3034; baseline 0.003 -20"><span class='ocrx_word' id='word_1_654' title='bbox 2154 2961 2310 3016; x_wconf 84' lang='lat' dir='ltr'><strong>cibus</strong></span> <span class='ocrx_word' id='word_1_655' title='bbox 2367 2969 2424 3016; x_wconf 91' lang='lat' dir='ltr'><strong>et</strong></span> <span class='ocrx_word' id='word_1_656' title='bbox 2479 2963 2530 3016; x_wconf 93' lang='lat' dir='ltr'><strong>in</strong></span> <span class='ocrx_word' id='word_1_657' title='bbox 2593 2978 2747 3018; x_wconf 90' lang='lat' dir='ltr'><strong>sacra</strong></span> <span class='ocrx_word' id='word_1_658' title='bbox 2808 2965 3054 3034; x_wconf 87' lang='lat' dir='ltr'><strong>corporis</strong></span> <span class='ocrx_word' id='word_1_659' title='bbox 3113 2965 3407 3032; x_wconf 84' lang='lat' dir='ltr'><strong>oblatione,</strong></span> <span class='ocrx_word' id='word_1_660' title='bbox 3473 2965 3720 3022; x_wconf 85' lang='lat' dir='ltr'><strong>Ecclesia</strong></span> 
     </span>
    </p>
   </div>
   <div class='ocr_carea' id='block_1_93' title="bbox 2153 3056 3722 3124">
    <p class='ocr_par' dir='ltr' id='par_1_93' title="bbox 2153 3056 3722 3124">
     <span class='ocr_line' id='line_1_93' title="bbox 2153 3056 3722 3124; baseline 0.004 -18"><span class='ocrx_word' id='word_1_661' title='bbox 2153 3069 2496 3124; x_wconf 88' lang='lat' dir='ltr'><strong>nequaquam</strong></span> <span class='ocrx_word' id='word_1_662' title='bbox 2561 3056 2724 3124; x_wconf 83' lang='lat' dir='ltr'><strong>hujus</strong></span> <span class='ocrx_word' id='word_1_663' title='bbox 2782 3057 2956 3124; x_wconf 81' lang='lat' dir='ltr'><strong>gratia</strong></span> <span class='ocrx_word' id='word_1_664' title='bbox 3013 3073 3042 3111; x_wconf 90' lang='lat' dir='ltr'><strong>a</strong></span> <span class='ocrx_word' id='word_1_665' title='bbox 3074 3058 3320 3114; x_wconf 84' lang='lat' dir='ltr'><strong>docendo</strong></span> <span class='ocrx_word' id='word_1_666' title='bbox 3351 3069 3404 3113; x_wconf 89' lang='lat' dir='ltr'><strong>et</strong></span> <span class='ocrx_word' id='word_1_667' title='bbox 3433 3059 3722 3114; x_wconf 79' lang='lat' dir='ltr'><strong>excitando</strong></span> 
     </span>
    </p>
   </div>
   <div class='ocr_carea' id='block_1_94' title="bbox 2151 3141 3722 3217">
    <p class='ocr_par' dir='ltr' id='par_1_94' title="bbox 2151 3141 3722 3217">
     <span class='ocr_line' id='line_1_94' title="bbox 2151 3141 3722 3217; baseline 0.006 -23"><span class='ocrx_word' id='word_1_668' title='bbox 2151 3141 2400 3206; x_wconf 86' lang='lat' dir='ltr'><strong>desistat,</strong></span> <span class='ocrx_word' id='word_1_669' title='bbox 2455 3143 2572 3207; x_wconf 87' lang='lat' dir='ltr'><strong>sed,</strong></span> <span class='ocrx_word' id='word_1_670' title='bbox 2619 3162 2638 3195; x_wconf 78' lang='grc' dir='ltr'><strong>ι</strong></span> <span class='ocrx_word' id='word_1_671' title='bbox 2672 3144 2922 3200; x_wconf 82' lang='lat' dir='ltr'><strong>Dicamus</strong></span> <span class='ocrx_word' id='word_1_672' title='bbox 2950 3161 3162 3209; x_wconf 87' lang='lat' dir='ltr'><strong>omnes,</strong></span> <span class='ocrx_word' id='word_1_673' title='bbox 3196 3148 3394 3217; x_wconf 85' lang='lat' dir='ltr'><strong>inquit,</strong></span> <span class='ocrx_word' id='word_1_674' title='bbox 3429 3158 3481 3202; x_wconf 92' lang='lat' dir='ltr'><strong>et</strong></span> <span class='ocrx_word' id='word_1_675' title='bbox 3513 3165 3578 3203; x_wconf 79' lang='lat' dir='ltr'><strong>ex</strong></span> <span class='ocrx_word' id='word_1_676' title='bbox 3611 3158 3722 3203; x_wconf 83' lang='lat' dir='ltr'><strong>tota</strong></span> 
     </span>
    </p>
   </div>
   <div class='ocr_carea' id='block_1_95' title="bbox 2155 3233 3613 3304">
    <p class='ocr_par' dir='ltr' id='par_1_95' title="bbox 2155 3233 3613 3304">
     <span class='ocr_line' id='line_1_95' title="bbox 2155 3233 3613 3304; baseline 0.004 -21"><span class='ocrx_word' id='word_1_677' title='bbox 2155 3239 2333 3285; x_wconf 89' lang='lat' dir='ltr'><strong>mente</strong></span> <span class='ocrx_word' id='word_1_678' title='bbox 2364 3241 2541 3287; x_wconf 88' lang='lat' dir='ltr'><strong>nostra</strong></span> <span class='ocrx_word' id='word_1_679' title='bbox 2579 3233 2848 3298; x_wconf 86' lang='lat' dir='ltr'><strong>dicamus,</strong></span> <span class='ocrx_word' id='word_1_680' title='bbox 2879 3254 2898 3286; x_wconf 91' lang='lat'><strong>»</strong></span> <span class='ocrx_word' id='word_1_681' title='bbox 2932 3244 2986 3289; x_wconf 90' lang='lat' dir='ltr'><strong>et</strong></span> <span class='ocrx_word' id='word_1_682' title='bbox 3023 3245 3151 3290; x_wconf 91' lang='lat' dir='ltr'><strong>tunc</strong></span> <span class='ocrx_word' id='word_1_683' title='bbox 3186 3244 3381 3291; x_wconf 70' lang='lat' dir='ltr'><strong>caetera</strong></span> <span class='ocrx_word' id='word_1_684' title='bbox 3408 3237 3613 3304; x_wconf 85' lang='lat' dir='ltr'><strong>adjicit.</strong></span> 
     </span>
    </p>
   </div>
   <div class='ocr_carea' id='block_1_96' title="bbox 2653 3434 3229 3490">
    <p class='ocr_par' dir='ltr' id='par_1_96' title="bbox 2653 3434 3229 3490">
     <span class='ocr_line' id='line_1_96' title="bbox 2653 3434 3229 3490; baseline 0 0"><span class='ocrx_word' id='word_1_685' title='bbox 2653 3435 2885 3490; x_wconf 73' lang='lat' dir='ltr'><strong>CAPUT</strong></span> <span class='ocrx_word' id='word_1_686' title='bbox 2932 3434 3229 3490; x_wconf 78' lang='lat' dir='ltr'><strong>CCCXXII.</strong></span> 
     </span>
    </p>
   </div>
   <div class='ocr_carea' id='block_1_97' title="bbox 2157 3525 3729 3596">
    <p class='ocr_par' dir='ltr' id='par_1_97' title="bbox 2157 3525 3729 3596">
     <span class='ocr_line' id='line_1_97' title="bbox 2157 3525 3729 3596; baseline 0.003 -18"><span class='ocrx_word' id='word_1_687' title='bbox 2157 3525 2298 3591; x_wconf 78' lang='lat' dir='ltr'><strong>Quid</strong></span> <span class='ocrx_word' id='word_1_688' title='bbox 2326 3525 2596 3596; x_wconf 76' lang='lat' dir='ltr'><strong>designent</strong></span> <span class='ocrx_word' id='word_1_689' title='bbox 2620 3526 3029 3580; x_wconf 86' lang='lat' dir='ltr'><strong>acclamationes</strong></span> <span class='ocrx_word' id='word_1_690' title='bbox 3061 3528 3115 3579; x_wconf 86' lang='lat' dir='ltr'><strong>in</strong></span> <span class='ocrx_word' id='word_1_691' title='bbox 3149 3529 3558 3595; x_wconf 78' lang='lat' dir='ltr'><strong>precationibus,</strong></span> <span class='ocrx_word' id='word_1_692' title='bbox 3594 3528 3729 3583; x_wconf 68' lang='grc' dir='ltr'><strong>σεα-</strong></span> 
     </span>
    </p>
   </div>
   <div class='ocr_carea' id='block_1_98' title="bbox 2229 3597 3722 3664">
    <p class='ocr_par' dir='ltr' id='par_1_98' title="bbox 2229 3597 3722 3664">
     <span class='ocr_line' id='line_1_98' title="bbox 2229 3597 3722 3664; baseline 0.002 -17"><span class='ocrx_word' id='word_1_693' title='bbox 2229 3597 2489 3661; x_wconf 82' lang='lat' dir='ltr'><strong>pientia,»</strong></span> <span class='ocrx_word' id='word_1_694' title='bbox 2523 3605 2593 3660; x_wconf 89' lang='lat' dir='ltr'><strong>et,</strong></span> <span class='ocrx_word' id='word_1_695' title='bbox 2624 3597 3070 3660; x_wconf 70' lang='lat' dir='ltr'><strong>«Attendamus,»</strong></span> <span class='ocrx_word' id='word_1_696' title='bbox 3091 3605 3162 3659; x_wconf 89' lang='lat' dir='ltr'><strong>et,</strong></span> <span class='ocrx_word' id='word_1_697' title='bbox 3189 3597 3492 3664; x_wconf 70' lang='lat' dir='ltr'><strong>«Sapientia</strong></span> <span class='ocrx_word' id='word_1_698' title='bbox 3508 3601 3722 3653; x_wconf 85' lang='lat' dir='ltr'><strong>erecti.»</strong></span> 
     </span>
    </p>
   </div>
   <div class='ocr_carea' id='block_1_99' title="bbox 2231 3685 3731 3756">
    <p class='ocr_par' dir='ltr' id='par_1_99' title="bbox 2231 3685 3731 3756">
     <span class='ocr_line' id='line_1_99' title="bbox 2231 3685 3731 3756; baseline 0.005 -18"><span class='ocrx_word' id='word_1_699' title='bbox 2231 3685 2363 3740; x_wconf 89' lang='lat' dir='ltr'><strong>Illud</strong></span> <span class='ocrx_word' id='word_1_700' title='bbox 2393 3687 2533 3740; x_wconf 87' lang='lat' dir='ltr'><strong>enim</strong></span> <span class='ocrx_word' id='word_1_701' title='bbox 2567 3701 2580 3738; x_wconf 91' lang='lat'><strong>:</strong></span> <span class='ocrx_word' id='word_1_702' title='bbox 2609 3702 2627 3735; x_wconf 78' lang='grc' dir='ltr'><strong>ι</strong></span> <span class='ocrx_word' id='word_1_703' title='bbox 2659 3685 3139 3750; x_wconf 77' lang='lat' dir='ltr'><strong>Dicamusomnia,</strong></span> <span class='ocrx_word' id='word_1_704' title='bbox 3174 3705 3192 3738; x_wconf 90' lang='lat'><strong>»</strong></span> <span class='ocrx_word' id='word_1_705' title='bbox 3223 3697 3277 3742; x_wconf 91' lang='lat' dir='ltr'><strong>et</strong></span> <span class='ocrx_word' id='word_1_706' title='bbox 3305 3699 3521 3756; x_wconf 83' lang='lat' dir='ltr'><strong>caetera,</strong></span> <span class='ocrx_word' id='word_1_707' title='bbox 3547 3691 3731 3745; x_wconf 78' lang='lat' dir='ltr'><strong>horta-</strong></span> 
     </span>
    </p>
   </div>
   <div class='ocr_carea' id='block_1_100' title="bbox 2161 3777 3728 3846">
    <p class='ocr_par' dir='ltr' id='par_1_100' title="bbox 2161 3777 3728 3846">
     <span class='ocr_line' id='line_1_100' title="bbox 2161 3777 3728 3846; baseline 0.003 -14"><span class='ocrx_word' id='word_1_708' title='bbox 2161 3780 2366 3832; x_wconf 90' lang='lat' dir='ltr'><strong>tionem</strong></span> <span class='ocrx_word' id='word_1_709' title='bbox 2383 3786 2439 3832; x_wconf 88' lang='lat' dir='ltr'><strong>et</strong></span> <span class='ocrx_word' id='word_1_710' title='bbox 2457 3777 2759 3832; x_wconf 86' lang='lat' dir='ltr'><strong>doctrinam</strong></span> <span class='ocrx_word' id='word_1_711' title='bbox 2785 3778 3049 3840; x_wconf 84' lang='lat' dir='ltr'><strong>continet,</strong></span> <span class='ocrx_word' id='word_1_712' title='bbox 3071 3781 3527 3846; x_wconf 89' lang='lat' dir='ltr'><strong>quemadmodum</strong></span> <span class='ocrx_word' id='word_1_713' title='bbox 3549 3782 3690 3836; x_wconf 89' lang='lat' dir='ltr'><strong>istud</strong></span> <span class='ocrx_word' id='word_1_714' title='bbox 3711 3799 3728 3836; x_wconf 86' lang='lat'><strong>:</strong></span> 
     </span>
    </p>
   </div>
   <div class='ocr_carea' id='block_1_101' title="bbox 2167 3869 3730 3940">
    <p class='ocr_par' dir='ltr' id='par_1_101' title="bbox 2167 3869 3730 3940">
     <span class='ocr_line' id='line_1_101' title="bbox 2167 3869 3730 3940; baseline 0.004 -20"><span class='ocrx_word' id='word_1_715' title='bbox 2167 3869 2525 3940; x_wconf 64' lang='lat' dir='ltr'><strong>«Sapientia,»</strong></span> <span class='ocrx_word' id='word_1_716' title='bbox 2551 3869 3092 3935; x_wconf 73' lang='lat' dir='ltr'><strong>et,tAttendamus,»</strong></span> <span class='ocrx_word' id='word_1_717' title='bbox 3135 3879 3207 3931; x_wconf 90' lang='lat' dir='ltr'><strong>et,</strong></span> <span class='ocrx_word' id='word_1_718' title='bbox 3245 3889 3263 3922; x_wconf 83' lang='grc' dir='ltr'><strong>ι</strong></span> <span class='ocrx_word' id='word_1_719' title='bbox 3288 3870 3568 3940; x_wconf 87' lang='lat' dir='ltr'><strong>Sapientia</strong></span> <span class='ocrx_word' id='word_1_720' title='bbox 3605 3889 3730 3927; x_wconf 82' lang='lat' dir='ltr'><strong>ere-</strong></span> 
     </span>
    </p>
   </div>
   <div class='ocr_carea' id='block_1_102' title="bbox 2163 3958 3731 4033">
    <p class='ocr_par' dir='ltr' id='par_1_102' title="bbox 2163 3958 3731 4033">
     <span class='ocr_line' id='line_1_102' title="bbox 2163 3958 3731 4033; baseline 0.001 -17"><span class='ocrx_word' id='word_1_721' title='bbox 2163 3962 2291 4022; x_wconf 87' lang='lat' dir='ltr'><strong>cti,»</strong></span> <span class='ocrx_word' id='word_1_722' title='bbox 2317 3961 2474 4031; x_wconf 89' lang='lat' dir='ltr'><strong>quasi</strong></span> <span class='ocrx_word' id='word_1_723' title='bbox 2507 3959 2711 4014; x_wconf 87' lang='lat' dir='ltr'><strong>diceret</strong></span> <span class='ocrx_word' id='word_1_724' title='bbox 2737 3975 2751 4013; x_wconf 86' lang='lat'><strong>:</strong></span> <span class='ocrx_word' id='word_1_725' title='bbox 2788 3958 2844 4013; x_wconf 90' lang='lat' dir='ltr'><strong>ln</strong></span> <span class='ocrx_word' id='word_1_726' title='bbox 2873 3959 3142 4028; x_wconf 86' lang='lat' dir='ltr'><strong>sapientia</strong></span> <span class='ocrx_word' id='word_1_727' title='bbox 3180 3967 3324 4016; x_wconf 84' lang='lat' dir='ltr'><strong>state</strong></span> <span class='ocrx_word' id='word_1_728' title='bbox 3354 3977 3568 4025; x_wconf 90' lang='lat' dir='ltr'><strong>omnes,</strong></span> <span class='ocrx_word' id='word_1_729' title='bbox 3597 3979 3731 4033; x_wconf 66' lang='lat' dir='ltr'><strong>quo.</strong></span> 
     </span>
    </p>
   </div>
   <div class='ocr_carea' id='block_1_103' title="bbox 2167 4049 3820 4123">
    <p class='ocr_par' dir='ltr' id='par_1_103' title="bbox 2167 4049 3820 4123">
     <span class='ocr_line' id='line_1_103' title="bbox 2167 4049 3820 4123; baseline 0.002 -19"><span class='ocrx_word' id='word_1_730' title='bbox 2167 4053 2313 4104; x_wconf 87' lang='lat' dir='ltr'><strong>niam</strong></span> <span class='ocrx_word' id='word_1_731' title='bbox 2335 4049 2601 4120; x_wconf 84' lang='lat' dir='ltr'><strong>sapientia</strong></span> <span class='ocrx_word' id='word_1_732' title='bbox 2632 4049 2730 4105; x_wconf 86' lang='lat' dir='ltr'><strong>Dei</strong></span> <span class='ocrx_word' id='word_1_733' title='bbox 2760 4059 2889 4106; x_wconf 89' lang='lat' dir='ltr'><strong>sunt</strong></span> <span class='ocrx_word' id='word_1_734' title='bbox 2917 4051 3062 4106; x_wconf 86' lang='lat' dir='ltr'><strong>dicta</strong></span> <span class='ocrx_word' id='word_1_735' title='bbox 3107 4059 3162 4105; x_wconf 90' lang='lat' dir='ltr'><strong>et</strong></span> <span class='ocrx_word' id='word_1_736' title='bbox 3188 4051 3329 4106; x_wconf 77' lang='lat' dir='ltr'><strong>iacta</strong></span> <span class='ocrx_word' id='word_1_737' title='bbox 3362 4051 3607 4123; x_wconf 81' lang='lat' dir='ltr'><strong>vivaeque</strong></span> <span class='ocrx_word' id='word_1_738' title='bbox 3639 4053 3731 4108; x_wconf 90' lang='lat' dir='ltr'><strong>Dei</strong></span> <span class='ocrx_word' id='word_1_739' title='bbox 3812 4115 3820 4121; x_wconf 91' lang='lat'><em>_</em></span> 
     </span>
    </p>
   </div>
   <div class='ocr_carea' id='block_1_104' title="bbox 2165 4142 3734 4212">
    <p class='ocr_par' dir='ltr' id='par_1_104' title="bbox 2165 4142 3734 4212">
     <span class='ocr_line' id='line_1_104' title="bbox 2165 4142 3734 4212; baseline -0.001 -13"><span class='ocrx_word' id='word_1_740' title='bbox 2165 4144 2467 4212; x_wconf 80' lang='lat' dir='ltr'><strong>sapientiae.</strong></span> <span class='ocrx_word' id='word_1_741' title='bbox 2492 4143 2694 4199; x_wconf 71' lang='lat' dir='ltr'><strong>Verum</strong></span> <span class='ocrx_word' id='word_1_742' title='bbox 2728 4142 3238 4212; x_wconf 71' lang='lat' dir='ltr'><strong>quoniaminitium</strong></span> <span class='ocrx_word' id='word_1_743' title='bbox 3260 4143 3540 4212; x_wconf 70' lang='lat' dir='ltr'><strong>sapientiae</strong></span> <span class='ocrx_word' id='word_1_744' title='bbox 3569 4146 3734 4201; x_wconf 87' lang='lat' dir='ltr'><strong>timor</strong></span> 
     </span>
    </p>
   </div>
   <div class='ocr_carea' id='block_1_105' title="bbox 2165 4231 3734 4304">
    <p class='ocr_par' dir='ltr' id='par_1_105' title="bbox 2165 4231 3734 4304">
     <span class='ocr_line' id='line_1_105' title="bbox 2165 4231 3734 4304; baseline 0.001 -15"><span class='ocrx_word' id='word_1_745' title='bbox 2165 4234 2286 4299; x_wconf 92' lang='lat' dir='ltr'><strong>Dei,</strong></span> <span class='ocrx_word' id='word_1_746' title='bbox 2327 4245 2491 4304; x_wconf 87' lang='lat' dir='ltr'><strong>atque</strong></span> <span class='ocrx_word' id='word_1_747' title='bbox 2527 4247 2652 4288; x_wconf 91' lang='lat' dir='ltr'><strong>cum</strong></span> <span class='ocrx_word' id='word_1_748' title='bbox 2687 4232 2954 4302; x_wconf 89' lang='lat' dir='ltr'><strong>sapientia</strong></span> <span class='ocrx_word' id='word_1_749' title='bbox 2993 4245 3048 4288; x_wconf 87' lang='lat' dir='ltr'><strong>et</strong></span> <span class='ocrx_word' id='word_1_750' title='bbox 3070 4231 3274 4302; x_wconf 85' lang='lat' dir='ltr'><strong>pietate</strong></span> <span class='ocrx_word' id='word_1_751' title='bbox 3301 4233 3510 4289; x_wconf 89' lang='lat' dir='ltr'><strong>erinms</strong></span> <span class='ocrx_word' id='word_1_752' title='bbox 3543 4234 3734 4290; x_wconf 80' lang='lat' dir='ltr'><strong>viden-</strong></span> 
     </span>
    </p>
   </div>
   <div class='ocr_carea' id='block_1_106' title="bbox 2095 4325 3733 4413">
    <p class='ocr_par' dir='ltr' id='par_1_106' title="bbox 2095 4325 3733 4413">
     <span class='ocr_line' id='line_1_106' title="bbox 2095 4325 3733 4413; baseline -0.001 -30"><span class='ocrx_word' id='word_1_753' title='bbox 2095 4336 2252 4413; x_wconf 78' lang='lat' dir='ltr'><strong>Dtes</strong></span> <span class='ocrx_word' id='word_1_754' title='bbox 2308 4336 2363 4383; x_wconf 91' lang='lat' dir='ltr'><strong>et</strong></span> <span class='ocrx_word' id='word_1_755' title='bbox 2433 4327 2734 4391; x_wconf 89' lang='lat' dir='ltr'><strong>audientes,</strong></span> <span class='ocrx_word' id='word_1_756' title='bbox 2791 4325 3199 4396; x_wconf 87' lang='lat' dir='ltr'><strong>nobismetipsis</strong></span> <span class='ocrx_word' id='word_1_757' title='bbox 3263 4328 3613 4383; x_wconf 85' lang='lat' dir='ltr'><strong>attendamus</strong></span> <span class='ocrx_word' id='word_1_758' title='bbox 3680 4329 3733 4381; x_wconf 91' lang='lat' dir='ltr'><strong>in</strong></span> 
     </span>
    </p>
   </div>
   <div class='ocr_carea' id='block_1_107' title="bbox 2169 4417 3732 4488">
    <p class='ocr_par' dir='ltr' id='par_1_107' title="bbox 2169 4417 3732 4488">
     <span class='ocr_line' id='line_1_107' title="bbox 2169 4417 3732 4488; baseline -0.002 -14"><span class='ocrx_word' id='word_1_759' title='bbox 2169 4420 2368 4474; x_wconf 88' lang='lat' dir='ltr'><strong>timore</strong></span> <span class='ocrx_word' id='word_1_760' title='bbox 2393 4419 2507 4488; x_wconf 86' lang='lat' dir='ltr'><strong>Dei,</strong></span> <span class='ocrx_word' id='word_1_761' title='bbox 2549 4426 2603 4474; x_wconf 90' lang='lat' dir='ltr'><strong>et</strong></span> <span class='ocrx_word' id='word_1_762' title='bbox 2629 4418 2796 4473; x_wconf 89' lang='lat' dir='ltr'><strong>erecti</strong></span> <span class='ocrx_word' id='word_1_763' title='bbox 2829 4432 2953 4472; x_wconf 90' lang='lat' dir='ltr'><strong>cum</strong></span> <span class='ocrx_word' id='word_1_764' title='bbox 2986 4418 3251 4487; x_wconf 85' lang='lat' dir='ltr'><strong>sapientia</strong></span> <span class='ocrx_word' id='word_1_765' title='bbox 3282 4431 3346 4472; x_wconf 90' lang='lat' dir='ltr'><strong>ac</strong></span> <span class='ocrx_word' id='word_1_766' title='bbox 3377 4417 3732 4488; x_wconf 76' lang='lat' dir='ltr'><strong>intelligentia</strong></span> 
     </span>
    </p>
   </div>
   <div class='ocr_carea' id='block_1_108' title="bbox 2169 4499 3738 4582">
    <p class='ocr_par' dir='ltr' id='par_1_108' title="bbox 2169 4499 3738 4582">
     <span class='ocr_line' id='line_1_108' title="bbox 2169 4499 3738 4582; baseline -0.001 -16"><span class='ocrx_word' id='word_1_767' title='bbox 2169 4511 2436 4566; x_wconf 83' lang='lat' dir='ltr'><strong>stabimus</strong></span> <span class='ocrx_word' id='word_1_768' title='bbox 2469 4521 2652 4565; x_wconf 90' lang='lat' dir='ltr'><strong>mente</strong></span> <span class='ocrx_word' id='word_1_769' title='bbox 2683 4520 2738 4566; x_wconf 93' lang='lat' dir='ltr'><strong>et</strong></span> <span class='ocrx_word' id='word_1_770' title='bbox 2763 4525 3010 4582; x_wconf 88' lang='lat' dir='ltr'><strong>corpore,</strong></span> <span class='ocrx_word' id='word_1_771' title='bbox 3059 4525 3272 4566; x_wconf 89' lang='lat' dir='ltr'><strong>necnon</strong></span> <span class='ocrx_word' id='word_1_772' title='bbox 3315 4499 3485 4566; x_wconf 80' lang='lat' dir='ltr'><strong>erecti</strong></span> <span class='ocrx_word' id='word_1_773' title='bbox 3531 4510 3636 4564; x_wconf 83' lang='lat' dir='ltr'><strong>[ide</strong></span> <span class='ocrx_word' id='word_1_774' title='bbox 3673 4525 3738 4564; x_wconf 90' lang='lat' dir='ltr'><strong>ac</strong></span> 
     </span>
    </p>
   </div>
   <div class='ocr_carea' id='block_1_109' title="bbox 2171 4601 3738 4673">
    <p class='ocr_par' dir='ltr' id='par_1_109' title="bbox 2171 4601 3738 4673">
     <span class='ocr_line' id='line_1_109' title="bbox 2171 4601 3738 4673; baseline -0.002 -15"><span class='ocrx_word' id='word_1_775' title='bbox 2171 4617 2357 4658; x_wconf 87' lang='lat' dir='ltr'><strong>sensu.</strong></span> <span class='ocrx_word' id='word_1_776' title='bbox 2391 4602 2528 4658; x_wconf 90' lang='lat' dir='ltr'><strong>Num</strong></span> <span class='ocrx_word' id='word_1_777' title='bbox 2564 4603 2801 4672; x_wconf 83' lang='lat' dir='ltr'><strong>percipis</strong></span> <span class='ocrx_word' id='word_1_778' title='bbox 2833 4605 2933 4658; x_wconf 88' lang='lat' dir='ltr'><strong>bos</strong></span> <span class='ocrx_word' id='word_1_779' title='bbox 2981 4618 3115 4658; x_wconf 89' lang='lat' dir='ltr'><strong>usus</strong></span> <span class='ocrx_word' id='word_1_780' title='bbox 3141 4601 3396 4659; x_wconf 62' lang='lat' dir='ltr'><strong>Ecclesia:</strong></span> <span class='ocrx_word' id='word_1_781' title='bbox 3426 4602 3519 4673; x_wconf 85' lang='lat' dir='ltr'><strong>qui</strong></span> <span class='ocrx_word' id='word_1_782' title='bbox 3551 4602 3738 4658; x_wconf 85' lang='lat' dir='ltr'><strong>viden--</strong></span> 
     </span>
    </p>
   </div>
   <div class='ocr_carea' id='block_1_110' title="bbox 2175 4688 3360 4764">
    <p class='ocr_par' dir='ltr' id='par_1_110' title="bbox 2175 4688 3360 4764">
     <span class='ocr_line' id='line_1_110' title="bbox 2175 4688 3360 4764; baseline -0.003 -14"><span class='ocrx_word' id='word_1_783' title='bbox 2175 4705 2262 4750; x_wconf 87' lang='lat' dir='ltr'><strong>tur</strong></span> <span class='ocrx_word' id='word_1_784' title='bbox 2292 4697 2483 4764; x_wconf 77' lang='lat' dir='ltr'><strong>parvi?</strong></span> <span class='ocrx_word' id='word_1_785' title='bbox 3358 4688 3360 4690; x_wconf 42' lang='grc'><strong>⁷</strong></span> 
     </span>
    </p>
   </div>
   <div class='ocr_carea' id='block_1_111' title="bbox 2245 4785 3383 4857">
    <p class='ocr_par' dir='ltr' id='par_1_111' title="bbox 2245 4785 3383 4857">
     <span class='ocr_line' id='line_1_111' title="bbox 2245 4785 3383 4857; baseline 0.001 -16"><span class='ocrx_word' id='word_1_786' title='bbox 2245 4787 2506 4842; x_wconf 80' lang='lat' dir='ltr'><strong>Clericus.</strong></span> <span class='ocrx_word' id='word_1_787' title='bbox 2539 4786 2795 4856; x_wconf 82' lang='lat' dir='ltr'><strong>Perclpio</strong></span> <span class='ocrx_word' id='word_1_788' title='bbox 2819 4785 3117 4857; x_wconf 87' lang='lat' dir='ltr'><strong>mirorque,</strong></span> <span class='ocrx_word' id='word_1_789' title='bbox 3142 4787 3383 4843; x_wconf 90' lang='lat' dir='ltr'><strong>domine.</strong></span> 
     </span>
    </p>
   </div>
   <div class='ocr_carea' id='block_1_112' title="bbox 2248 4877 3743 4950">
    <p class='ocr_par' dir='ltr' id='par_1_112' title="bbox 2248 4877 3743 4950">
     <span class='ocr_line' id='line_1_112' title="bbox 2248 4877 3743 4950; baseline 0.001 -18"><span class='ocrx_word' id='word_1_790' title='bbox 2248 4879 2519 4946; x_wconf 69' lang='lat' dir='ltr'><strong>Pontifex.</strong></span> <span class='ocrx_word' id='word_1_791' title='bbox 2539 4877 2659 4933; x_wconf 87' lang='lat' dir='ltr'><strong>Noli</strong></span> <span class='ocrx_word' id='word_1_792' title='bbox 2675 4878 2862 4933; x_wconf 87' lang='lat' dir='ltr'><strong>mirari</strong></span> <span class='ocrx_word' id='word_1_793' title='bbox 2884 4894 2900 4944; x_wconf 91' lang='lat'><strong>;</strong></span> <span class='ocrx_word' id='word_1_794' title='bbox 2919 4878 3012 4934; x_wconf 87' lang='lat' dir='ltr'><strong>Dei</strong></span> <span class='ocrx_word' id='word_1_795' title='bbox 3030 4879 3176 4934; x_wconf 88' lang='lat' dir='ltr'><strong>enim</strong></span> <span class='ocrx_word' id='word_1_796' title='bbox 3205 4880 3484 4950; x_wconf 76' lang='lat' dir='ltr'><strong>sapientia:</strong></span> <span class='ocrx_word' id='word_1_797' title='bbox 3501 4879 3743 4935; x_wconf 78' lang='lat' dir='ltr'><strong>consub-</strong></span> 
     </span>
    </p>
   </div>
   <div class='ocr_carea' id='block_1_113' title="bbox 2175 4969 3744 5042">
    <p class='ocr_par' dir='ltr' id='par_1_113' title="bbox 2175 4969 3744 5042">
     <span class='ocr_line' id='line_1_113' title="bbox 2175 4969 3744 5042; baseline -0.001 -17"><span class='ocrx_word' id='word_1_798' title='bbox 2175 4969 2448 5025; x_wconf 87' lang='lat' dir='ltr'><strong>stantialis</strong></span> <span class='ocrx_word' id='word_1_799' title='bbox 2499 4977 2555 5024; x_wconf 91' lang='lat' dir='ltr'><strong>et</strong></span> <span class='ocrx_word' id='word_1_800' title='bbox 2583 4969 2818 5025; x_wconf 78' lang='lat' dir='ltr'><strong>viventis</strong></span> <span class='ocrx_word' id='word_1_801' title='bbox 2846 4977 2940 5033; x_wconf 36' lang='lat' dir='ltr'><strong>est.</strong></span> <span class='ocrx_word' id='word_1_802' title='bbox 2983 4969 3246 5037; x_wconf 86' lang='lat' dir='ltr'><strong>Ecclesia,</strong></span> <span class='ocrx_word' id='word_1_803' title='bbox 3305 4985 3424 5040; x_wconf 67' lang='lat' dir='ltr'><strong>qua</strong></span> <span class='ocrx_word' id='word_1_804' title='bbox 3477 4972 3744 5042; x_wconf 88' lang='lat' dir='ltr'><strong>templum</strong></span> 
     </span>
    </p>
   </div>
   <div class='ocr_carea' id='block_1_114' title="bbox 2175 5061 3744 5134">
    <p class='ocr_par' dir='ltr' id='par_1_114' title="bbox 2175 5061 3744 5134">
     <span class='ocr_line' id='line_1_114' title="bbox 2175 5061 3744 5134; baseline -0.003 -14"><span class='ocrx_word' id='word_1_805' title='bbox 2175 5063 2278 5120; x_wconf 83' lang='lat' dir='ltr'><strong>sibi</strong></span> <span class='ocrx_word' id='word_1_806' title='bbox 2308 5078 2405 5134; x_wconf 88' lang='lat' dir='ltr'><strong>per</strong></span> <span class='ocrx_word' id='word_1_807' title='bbox 2459 5063 2564 5117; x_wconf 85' lang='lat' dir='ltr'><strong>hoc</strong></span> <span class='ocrx_word' id='word_1_808' title='bbox 2595 5062 2842 5117; x_wconf 81' lang='lat' dir='ltr'><strong>divinum</strong></span> <span class='ocrx_word' id='word_1_809' title='bbox 2873 5061 2996 5131; x_wconf 85' lang='lat' dir='ltr'><strong>ejus</strong></span> <span class='ocrx_word' id='word_1_810' title='bbox 3027 5075 3231 5133; x_wconf 85' lang='lat' dir='ltr'><strong>corpus</strong></span> <span class='ocrx_word' id='word_1_811' title='bbox 3261 5061 3572 5126; x_wconf 65' lang='lat' dir='ltr'><strong>aediﬁcavit,</strong></span> <span class='ocrx_word' id='word_1_812' title='bbox 3605 5063 3744 5116; x_wconf 84' lang='lat' dir='ltr'><strong>stul-</strong></span> 
     </span>
    </p>
   </div>
   <div class='ocr_carea' id='block_1_115' title="bbox 2176 5153 3747 5224">
    <p class='ocr_par' dir='ltr' id='par_1_115' title="bbox 2176 5153 3747 5224">
     <span class='ocr_line' id='line_1_115' title="bbox 2176 5153 3747 5224; baseline -0.001 -14"><span class='ocrx_word' id='word_1_813' title='bbox 2176 5165 2373 5224; x_wconf 89' lang='lat' dir='ltr'><strong>tosque</strong></span> <span class='ocrx_word' id='word_1_814' title='bbox 2429 5156 2498 5209; x_wconf 86' lang='lat' dir='ltr'><strong>ad</strong></span> <span class='ocrx_word' id='word_1_815' title='bbox 2557 5168 2781 5209; x_wconf 83' lang='lat' dir='ltr'><strong>sensum</strong></span> <span class='ocrx_word' id='word_1_816' title='bbox 2832 5153 3072 5219; x_wconf 78' lang='lat' dir='ltr'><strong>vocavit,</strong></span> <span class='ocrx_word' id='word_1_817' title='bbox 3133 5155 3279 5209; x_wconf 88' lang='lat' dir='ltr'><strong>unde</strong></span> <span class='ocrx_word' id='word_1_818' title='bbox 3311 5167 3376 5210; x_wconf 84' lang='lat' dir='ltr'><strong>ea</strong></span> <span class='ocrx_word' id='word_1_819' title='bbox 3421 5168 3542 5222; x_wconf 71' lang='lat' dir='ltr'><strong>qua:</strong></span> <span class='ocrx_word' id='word_1_820' title='bbox 3574 5154 3628 5207; x_wconf 93' lang='lat' dir='ltr'><strong>in</strong></span> <span class='ocrx_word' id='word_1_821' title='bbox 3681 5169 3747 5208; x_wconf 82' lang='lat' dir='ltr'><strong>ea</strong></span> 
     </span>
    </p>
   </div>
   <div class='ocr_carea' id='block_1_116' title="bbox 2181 5243 3788 5317">
    <p class='ocr_par' dir='ltr' id='par_1_116' title="bbox 2181 5243 3788 5317">
     <span class='ocr_line' id='line_1_116' title="bbox 2181 5243 3788 5317; baseline -0.001 -17"><span class='ocrx_word' id='word_1_822' title='bbox 2181 5261 2344 5317; x_wconf 83' lang='lat' dir='ltr'><strong>parva</strong></span> <span class='ocrx_word' id='word_1_823' title='bbox 2403 5245 2658 5301; x_wconf 83' lang='lat' dir='ltr'><strong>videntur</strong></span> <span class='ocrx_word' id='word_1_824' title='bbox 2701 5245 2862 5315; x_wconf 78' lang='lat' dir='ltr'><strong>plena</strong></span> <span class='ocrx_word' id='word_1_825' title='bbox 2915 5253 3048 5300; x_wconf 89' lang='lat' dir='ltr'><strong>sunt</strong></span> <span class='ocrx_word' id='word_1_826' title='bbox 3094 5243 3386 5314; x_wconf 85' lang='lat' dir='ltr'><strong>sapientia,</strong></span> <span class='ocrx_word' id='word_1_827' title='bbox 3439 5251 3494 5297; x_wconf 91' lang='lat' dir='ltr'><strong>et</strong></span> <span class='ocrx_word' id='word_1_828' title='bbox 3541 5252 3788 5314; x_wconf 20' lang='lat' dir='ltr'><strong>quanto.</strong></span> 
     </span>
    </p>
   </div>
   <div class='ocr_carea' id='block_1_117' title="bbox 2184 5332 3751 5404">
    <p class='ocr_par' dir='ltr' id='par_1_117' title="bbox 2184 5332 3751 5404">
     <span class='ocr_line' id='line_1_117' title="bbox 2184 5332 3751 5404; baseline -0.004 -13"><span class='ocrx_word' id='word_1_829' title='bbox 2184 5338 2396 5392; x_wconf 86' lang='lat' dir='ltr'><strong>minora</strong></span> <span class='ocrx_word' id='word_1_830' title='bbox 2448 5350 2478 5388; x_wconf 94' lang='lat' dir='ltr'><strong>a</strong></span> <span class='ocrx_word' id='word_1_831' title='bbox 2551 5333 2879 5404; x_wconf 87' lang='lat' dir='ltr'><strong>quibusdam</strong></span> <span class='ocrx_word' id='word_1_832' title='bbox 2934 5343 3254 5399; x_wconf 84' lang='lat' dir='ltr'><strong>censentur,</strong></span> <span class='ocrx_word' id='word_1_833' title='bbox 3280 5339 3436 5387; x_wconf 80' lang='lat' dir='ltr'><strong>tanto</strong></span> <span class='ocrx_word' id='word_1_834' title='bbox 3483 5332 3751 5401; x_wconf 87' lang='lat' dir='ltr'><strong>majorem</strong></span> 
     </span>
    </p>
   </div>
   <div class='ocr_carea' id='block_1_118' title="bbox 2179 5421 3754 5493">
    <p class='ocr_par' dir='ltr' id='par_1_118' title="bbox 2179 5421 3754 5493">
     <span class='ocr_line' id='line_1_118' title="bbox 2179 5421 3754 5493; baseline -0.003 -12"><span class='ocrx_word' id='word_1_835' title='bbox 2179 5441 2405 5482; x_wconf 89' lang='lat' dir='ltr'><strong>sensum</strong></span> <span class='ocrx_word' id='word_1_836' title='bbox 2465 5426 2773 5490; x_wconf 83' lang='lat' dir='ltr'><strong>continent,</strong></span> <span class='ocrx_word' id='word_1_837' title='bbox 2835 5425 3094 5492; x_wconf 89' lang='lat' dir='ltr'><strong>quoniam</strong></span> <span class='ocrx_word' id='word_1_838' title='bbox 3159 5425 3308 5493; x_wconf 89' lang='lat' dir='ltr'><strong>quod</strong></span> <span class='ocrx_word' id='word_1_839' title='bbox 3368 5423 3594 5478; x_wconf 88' lang='lat' dir='ltr'><strong>stultum</strong></span> <span class='ocrx_word' id='word_1_840' title='bbox 3660 5421 3754 5477; x_wconf 85' lang='lat' dir='ltr'><strong>Dei</strong></span> 
     </span>
    </p>
   </div>
   <div class='ocr_carea' id='block_1_119' title="bbox 2182 5515 3756 5584">
    <p class='ocr_par' dir='ltr' id='par_1_119' title="bbox 2182 5515 3756 5584">
     <span class='ocr_line' id='line_1_119' title="bbox 2182 5515 3756 5584; baseline -0.001 -12"><span class='ocrx_word' id='word_1_841' title='bbox 2182 5519 2397 5573; x_wconf 82' lang='lat' dir='ltr'><strong>videtur</strong></span> <span class='ocrx_word' id='word_1_842' title='bbox 2449 5516 2785 5582; x_wconf 87' lang='lat' dir='ltr'><strong>hominibus,</strong></span> <span class='ocrx_word' id='word_1_843' title='bbox 2831 5515 3132 5584; x_wconf 83' lang='lat' dir='ltr'><strong>sapientius</strong></span> <span class='ocrx_word' id='word_1_844' title='bbox 3173 5527 3254 5570; x_wconf 86' lang='lat' dir='ltr'><strong>est</strong></span> <span class='ocrx_word' id='word_1_845' title='bbox 3303 5515 3639 5578; x_wconf 86' lang='lat' dir='ltr'><strong>hominibus,</strong></span> <span class='ocrx_word' id='word_1_846' title='bbox 3699 5525 3756 5572; x_wconf 88' lang='lat' dir='ltr'><strong>et</strong></span> 
     </span>
    </p>
   </div>
   <div class='ocr_carea' id='block_1_120' title="bbox 2183 5603 3755 5679">
    <p class='ocr_par' dir='ltr' id='par_1_120' title="bbox 2183 5603 3755 5679">
     <span class='ocr_line' id='line_1_120' title="bbox 2183 5603 3755 5679; baseline 0 -15"><span class='ocrx_word' id='word_1_847' title='bbox 2183 5609 2327 5678; x_wconf 89' lang='lat' dir='ltr'><strong>quod</strong></span> <span class='ocrx_word' id='word_1_848' title='bbox 2361 5608 2637 5664; x_wconf 81' lang='lat' dir='ltr'><strong>infirmum</strong></span> <span class='ocrx_word' id='word_1_849' title='bbox 2687 5606 2974 5676; x_wconf 73' lang='lat' dir='ltr'><strong>iudicatur</strong></span> <span class='ocrx_word' id='word_1_850' title='bbox 3005 5603 3205 5663; x_wconf 75' lang='lat' dir='ltr'><strong>fortius</strong></span> <span class='ocrx_word' id='word_1_851' title='bbox 3257 5617 3365 5670; x_wconf 86' lang='lat' dir='ltr'><strong>est,</strong></span> <span class='ocrx_word' id='word_1_852' title='bbox 3391 5616 3446 5662; x_wconf 89' lang='lat' dir='ltr'><strong>et</strong></span> <span class='ocrx_word' id='word_1_853' title='bbox 3488 5610 3755 5679; x_wconf 86' lang='lat' dir='ltr'><strong>quoniam</strong></span> 
     </span>
    </p>
   </div>
   <div class='ocr_carea' id='block_1_121' title="bbox 3329 5696 3402 5760">
    <p class='ocr_par' dir='ltr' id='par_1_121' title="bbox 3329 5696 3402 5760">
     <span class='ocr_line' id='line_1_121' title="bbox 3329 5696 3402 5760; baseline -0.014 0"><span class='ocrx_word' id='word_1_854' title='bbox 3329 5696 3402 5760; x_wconf 81' lang='lat'><strong>19</strong></span> 
     </span>
    </p>
   </div>
  </div>
