4108 6262
443 197 548 263 587

1291 199 1671 262 SYMEONIS
1731 201 1831 260 ΤΗ
1846 199 2172 261 ΕΒΞᾹΕΟΝ
2187 198 2484 259 [CENSIS
2529 199 2881 261 ARCIIIEP.

3579 208 3686 270 588

445 333 552 372 una
583 314 800 384 quidem
847 324 931 372 est
971 315 1311 386 simplexque
1348 316 1441 372 Dei
1488 317 1678 373 vivens
1707 319 2001 388 sapientia,
2034 337 2045 378 Α

2131 319 2254 388 ιπλῆ
2294 319 2325 388 ή
2353 316 2448 370 τοῦ
2472 316 2604 369 Θεοῦ
2636 317 2785 379 ζῶσα
2815 317 2997 385 σοφία,
3032 316 3091 369 ὲν
3123 317 3265 388 αὐτῇ
3293 318 3349 371 δὲ
3381 319 3429 371 οἱ
3479 319 3687 385 Θησαυ-

442 413 536 465 sed
601 411 655 464 in
713 412 831 481 ipsa
885 421 1013 466 sunt
1061 425 1251 466 omnes
1294 410 1540 466 thesauri
1593 411 1879 482 sapientiae
1951 419 2012 462 et

443 503 706 557 scientiae.
738 506 808 556 At
835 511 952 572 post
985 502 1360 557 continentem
1385 504 1844 572 deprecationem,
1876 503 2014 556 fiunt

443 595 737 664 petitiones
771 609 835 648 ac
885 595 1087 665 capitis
1156 595 1462 659 inclinatio,
1517 594 1778 650 omnibus
1829 594 2011 662 capita

443 685 836 739 inclinantibus
892 693 947 739 et
1005 699 1129 738 cum
1207 686 1426 740 silentio
1494 687 1788 750 stantibus,
1869 685 2012 753 quod

442 776 636 829 eximie
680 774 922 831 debitam
975 777 1043 831 ad
1099 777 1266 831 Deum
1298 778 1552 846 pietatem
1604 790 1660 833 et
1688 777 2012 834 servitutem

443 865 779 921 manifestat.
866 867 1136 922 Sacerdos
1198 868 1366 939 igitur
1424 884 1454 922 a
1514 869 1632 923 solo
1708 877 2013 936 sanctoque

444 956 676 1012 Domino
730 959 823 1028 qui
885 959 937 1014 in
973 960 1128 1014 ccelis
1157 961 1378 1028 quidem
1431 975 1528 1029 per
1577 961 1804 1030 gloriam
1855 976 2011 1015 suam

443 1048 730 1115 inhabitat,
787 1061 984 1106 cuneta
1042 1059 1226 1106 autem
1284 1053 1568 1121 prospicit.
1629 1052 1717 1107 cui
1776 1052 2014 1105 animam

445 1156 572 1196 cum
621 1156 850 1210 corpore
901 1143 1254 1209 inclinamus,
1290 1143 1727 1199 benedictionem
1769 1144 2012 1199 divinam

443 1244 499 1288 et
527 1245 874 1304 peccatorum
900 1235 1101 1304 quibus
1132 1235 1387 1291 voluntas
1413 1240 1698 1292 consensit
1736 1238 1819 1293 vel
1847 1237 2015 1292 etiam

445 1333 499 1378 et
528 1339 558 1377 a
584 1325 785 1393 quibus
815 1323 991 1378 abfuit
1014 1325 1527 1388 veniam,bonorum
1549 1335 1653 1379 tam
1673 1341 1864 1381 eorum
1897 1340 2018 1396 quae

447 1416 501 1470 in
544 1415 748 1470 mundo
796 1432 1114 1485 quamquae
1166 1432 1326 1485 super
1368 1418 1630 1472 mundum
1675 1427 1804 1472 sunt
1855 1417 2020 1486 largi-

447 1508 651 1561 tionem
685 1508 1032 1576 deprecatus,
1058 1505 1312 1576 exsurgit
1345 1510 1489 1561 velut
1538 1524 1567 1562 a
1613 1507 1724 1562 Deo
1754 1508 2019 1563 corrobo—

446 1610 617 1665 ratus,
649 1609 702 1654 et
725 1611 947 1656 erectus
977 1614 1100 1653 cum
1124 1600 1325 1669 populo
1352 1600 1556 1669 gratias
1587 1615 1751 1670 agens
1781 1601 2016 1657 clamat:

2119 413 2201 479 po".
2235 409 2337 480 τῆς
2367 410 2562 478 σοφίας
2591 409 2698 462 eici.
2732 409 2829 461 καὶ
2873 409 2972 476 τῆς
3002 406 3276 476 γνώσεως.
3311 412 3465 463 Μετὰ
3501 413 3554 464 δὲ
3592 418 3690 482 τὴν

2116 503 2308 569 ἐκτενῆ
2341 501 2524 570 δέησιν
2548 501 2603 554 αί
2630 501 2896 568 αίτήσεις,
2941 500 3035 553 καὶ
3061 500 3094 567 ἠ
3121 501 3218 570 τῆς
3244 501 3689 568 κεφαλοκλισίςίς,

2117 596 2408 649 κλινόντων
2453 595 2672 648 πάντων
2728 596 2827 656 τὰς
2887 595 3152 664 κεφαλὰς,
3186 597 3281 649 καὶ
3331 599 3472 664 μετά
3527 604 3690 663 atri;

2119 689 2429 757 ἱσταμένων
2449 703 2463 719 ·
2497 686 2525 739 ὃ
2553 686 2616 758 δὴ
2643 687 2743 756 τὴν
2778 687 2902 739 καθ’
2932 686 3241 758 ὑπερϐολὴν
3269 691 3526 758 σημαίνει
3558 693 3692 757 πρὸς

2116 779 2208 832 τὸν
2244 779 2378 832 Θεὸν
2420 778 2784 847 ὀφειλομένην
2847 778 3160 846 εὐλάϐειαν,
3191 781 3286 834 καὶ
3334 781 3434 849 τὴν
3463 782 3693 845 ἔνδειξιν

2117 873 2215 941 τῆς
2247 871 2515 930 δουλείας.
2547 870 2925 938 Αἰτησὰμενος
2945 869 3036 923 οῦν
3066 873 3218 938 παρὰ
3249 870 3343 923 τοῦ
3373 873 3532 940 μόνου
3573 875 3687 924 Κυ-

2122 963 2238 1030 ρίου
2285 964 2378 1014 καὶ
2413 962 2570 1029 ἁγίου
2603 964 2630 1014 6
2664 962 2866 1032 ἱερεὺς,
2902 961 2996 1015 τοῦ
3024 963 3083 1014 ὲν
3113 962 3340 1031 ὑψηλοῖς
3374 963 3474 1030 μὲν
3514 983 3696 1016 κατοι-

2113 1054 2340 1113 κοῦντος
2374 1055 2473 1124 τῆς
2517 1052 2683 1106 αὐτοῦ
2733 1053 2916 1122 δόξης.
2952 1053 3132 1107 πάντα
3165 1053 3222 1107 δὲ
3274 1055 3604 1123 ὲφορῶντοξ,
3646 1049 3689 1122 ᾧ

2120 1146 2214 1197 καὶ
2239 1145 2335 1205 τὰς
2355 1143 2530 1212 ψυχὰς
2562 1147 2659 1197 σὺν
2691 1147 2800 1206 τοῖς
2835 1144 3084 1213 σώμασιν
3111 1145 3515 1213 ὑπεκλίναμεν,
3541 1147 3694 1198 εὐλη-

2120 1237 2246 1306 γίαν
2299 1237 2451 1290 θείαν
2498 1237 2592 1289 καὶ
2641 1236 2739 1305 τὴν
2792 1237 2900 1289 τῶν
2962 1238 3229 1290 ἑκουσίων
3279 1241 3374 1290 καὶ
3425 1240 3695 1292 ἀκουσίων

2121 1328 2538 1398 ἁμαρτημάτων
2574 1329 2949 1397 συγχώρησιν,
2981 1329 3075 1381 καὶ
3117 1329 3216 1398 τὴν
3249 1330 3358 1381 τῶν
3385 1334 3694 1399 εγκοσμέων

2122 1416 2342 1484 ἀγαθῶν
2381 1418 2477 1471 καὶ
2509 1417 2620 1471 τῶν
2656 1417 3046 1486 ὐπερκοσμίων
3074 1420 3364 1488 χορηγίαν,
3403 1420 3694 1485 ἐξανίστα-

2121 1524 2209 1559 ται
2237 1507 2310 1568 ὡς
2343 1507 2651 1577 ὲνισχυθεὶς
2681 1508 2832 1577 παρὰ
2881 1506 3042 1572 Θεοῦ,
3071 1509 3166 1560 καὶ
3199 1509 3517 1577 ἁνεγερθεὶς
3554 1511 3695 1577 μετὰ

2122 1597 2215 1648 τοῦ
2264 1596 2393 1650 λαοῦ
2423 1599 2517 1651 καὶ
2565 1597 2905 1667 εὐχαριστῶν
2940 1600 3197 1666 ὲκφωνεί,
3237 1617 3255 1651 ι
3292 1599 3392 1652 Σὺν
3422 1600 3531 1670 γάρ
3576 1603 3696 1654 ἐστι

452 1709 469 1739 ι
496 1689 672 1743 Turno
704 1697 789 1744 est
818 1691 964 1744 enim
995 1689 1241 1744 misereri
1272 1699 1328 1742 et
1353 1704 1600 1758 parcere.
1639 1707 1656 1740 ι
1693 1687 1850 1742 Tunc
1895 1688 2018 1742 facit

2131 1688 2186 1741 rb
2227 1689 2398 1743 ἐλεεῖν
2431 1691 2527 1742 καὶ
2582 1688 2798 1752 σώζειν.
2845 1709 2864 1742 ι
2902 1691 3012 1744 Καὶ
3042 1691 3164 1744 τότε
3212 1695 3448 1745 ποιεῖται
3503 1695 3570 1746 τὰ.
3595 1694 3696 1761 τῆς

445 1781 782 1835 dimissionis
833 1782 1023 1834 ritum.
1087 1778 1150 1832 Et
1180 1778 1376 1832 iterum
1431 1781 1668 1832 clamat:
1724 1779 2018 1848 Sapientia,

448 1881 670 1942 propter
689 1856 929 1927 additam
971 1873 1299 1929 orationem,
1332 1881 1388 1923 ut
1422 1871 1740 1928 audiamus.
1780 1872 1883 1928 Sed
1903 1887 2024 1941 quae

448 1974 529 2017 est
560 1964 704 2018 ista?
769 1983 787 2014 ι
819 1963 920 2030 Qui
952 1979 1011 2018 es
1052 1964 1371 2018 benedictus
1421 1962 1562 2016 Deus
1614 1974 1801 2017 uoster
1835 1965 1888 2016 in
1925 1979 2026 2019 sae-

449 2054 590 2120 cula,
628 2074 646 2106 )
690 2054 832 2122 quod
867 2069 935 2108 ex
961 2053 1102 2109 libro
1131 2053 1326 2124 Moysis
1369 2055 1635 2116 sumitur,
1661 2054 2023 2108 aeternitatem

449 2157 506 2202 et
555 2147 1058 2202 immutabilitatem
1095 2147 1185 2203 Dei
1239 2147 1575 2218 significans,
1629 2149 1698 2202 ab
1750 2148 1867 2217 ipso
1917 2149 2024 2202 Deo

451 2239 696 2295 dictum:
750 2259 768 2290 ι
795 2239 903 2309 Ego
926 2255 1048 2294 sum
1084 2240 1176 2309 qui
1202 2255 1346 2306 sum,
1375 2259 1394 2292 ι
1428 2248 1482 2295 et
1513 2257 1526 2294 2
1563 2259 1581 2292 ι
1617 2239 1718 2306 Qui
1753 2249 1836 2294 est
1877 2240 2025 2294 misit

452 2344 561 2385 me.
594 2348 612 2381 ι
670 2329 882 2384 Deinde
955 2330 1166 2400 angelis
1239 2329 1688 2385 venerabiliorem
1738 2331 2022 2402 Deiparam

454 2424 710 2476 inwcant
744 2436 953 2489 onmes,
991 2431 1179 2491 utpote
1206 2438 1326 2492 quae
1355 2433 1437 2477 est
1485 2438 1650 2492 super
1681 2438 1872 2476 omnes
1927 2436 2025 2491 pro

454 2515 613 2568 nobis
641 2513 954 2576 mediatrix,
988 2515 1272 2568 sacerdote
1303 2515 1554 2570 dicente:
1619 2534 1635 2566 ι
1664 2515 2023 2570 Sanctissima

456 2605 716 2675 Deipara,
759 2620 1021 2660 succurre
1081 2606 1259 2662 nobis.
1291 2625 1309 2659 ι
1362 2608 1429 2661 Ει
1467 2608 1734 2676 denique:
1797 2607 2025 2661 (Gloria

456 2696 603 2750 Patri
649 2706 704 2773 et
756 2696 895 2751 Filio
967 2707 1021 2753 et
1079 2697 1309 2767 Spiritui
1362 2709 1573 2762 sancto,
1607 2720 1624 2752 ι
1688 2704 1741 2754 in
1778 2701 2022 2754 ultimam

457 2789 828 2843 laudationem
899 2798 1103 2842 sanctae
1157 2787 1445 2844 Trinitatis
1499 2791 1737 2844 clanmnt
1787 2801 2022 2845 stantes.

2126 1782 2466 1845 ἀπολύσεως.
2490 1781 2601 1835 Καὶ
2625 1781 2686 1834 τὸ
2712 1783 2904 1850 Σοφία
2927 1785 3088 1836 πάλιν
3120 1785 3286 1856 ὲκὸοᾷ
3316 1785 3404 1837 διὰ
3433 1786 3530 1855 τὴν
3559 1789 3696 1838 ἐπα-

2125 1873 2361 1942 γομένην
2425 1872 2612 1944 εὐχήν,
2649 1873 2732 1926 ἵνα
2793 1875 3217 1946 ἀκροασώμεθα.
3272 1878 3364 1940 Τίς
3411 1878 3467 1930 δὲ
3513 1879 3693 1946 αῦτη;

2131 1983 2148 2014 ι
2195 1964 2253 2016 '0
2287 1964 2362 2016 ὣν
2393 1964 2681 2033 εὐλογητὸς
2711 1964 3050 2035 Θεὸς-ήμῶν
3079 1967 3328 2024 πάντοτε.
3376 1986 3395 2020 ι
3429 1970 3600 2022 Τοῦτο
3634 1973 3696 2023 ἐκ

2125 2057 2224 2126 τῆς
2267 2056 2455 2125 βίϐλου
2511 2056 2607 2108 τοῦ
2639 2057 2920 2120 Μωῦσέως
2951 2058 3092 2120 ἐστὶ,
3121 2058 3183 2112 rb
3205 2060 3293 2112 ἀεὶ
3317 2059 3376 2112 ὃν
3404 2062 3498 2112 καὶ
3531 2061 3697 2114 ἀναλ-

2124 2145 2349 2198 λοίωτον
2378 2143 2472 2197 τοῦ
2517 2143 2654 2198 Θεοῦ
2685 2147 2975 2214 σημαῖνον,
3024 2147 3156 2217 παρ’
3183 2147 3350 2200 αὐτοῦ
3384 2148 3572 2216 λεχθὲν
3603 2149 3696 2203 τοῦ

2125 2234 2296 2289 Θεοῦο
2331 2257 2348 2286 ι
2399 2236 2542 2302 Ἐγὼ
2571 2236 2688 2304 εἰμι
2724 2238 2752 2289 6
2785 2235 2883 2302 ὢν,
2918 2255 2936 2290 ι
2973 2239 3091 2301 καὶ,
3126 2254 3146 2288 ι
3183 2239 3245 2290 '0
3278 2238 3354 2291 ὢν
3382 2241 3696 2294 ἀπέσταλκε

2129 2345 2217 2398 με.
2264 2347 2282 2380 ι
2317 2323 2449 2382 Εἶτα
2490 2328 2588 2396 τὴν
2626 2327 2735 2381 τῶν
2776 2329 3029 2398 ἀγγέλων
3063 2332 3400 2400 τιμιωτέραν
3431 2332 3695 2384 Θεοτόκον

2126 2419 2517 2474 δπικαλοῦνται
2555 2418 2756 2482 πάντες
2776 2420 2852 2486 ὡς
2879 2420 3019 2490 ὑπὲρ
3055 2421 3263 2486 πάντας
3295 2427 3501 2490 μεσῖτιν
3521 2420 3689 2477 οὖσαν

2127 2511 2268 2580 ὑπὲρ
2293 2512 2324 2580 ἡ
2335 2510 2475 2579 μῶν,
2499 2507 2592 2562 τοῦ
2614 2510 2824 2580 ἱερέως,
2861 2529 2880 2562 t
2904 2510 3208 2582 Ύπεραγία
3231 2512 3482 2580 Θεοτόκε,
3515 2513 3698 2584 βοήθει

2127 2604 2280 2672 ἡμῖν,
2319 2620 2336 2653 ι
2369 2602 2644 2668 λέγοντος’
2685 2600 2793 2654 Καὶ
2832 2601 3142 2656 τελευταῖον
3188 2604 3270 2670 rb,
3302 2623 3322 2656 ι
3353 2605 3491 2671 Δόξα
3526 2607 3698 2676 Πατρὶ

2129 2696 2224 2746 καὶ
2256 2691 2370 2761 Υίῷ
2401 2693 2490 2745 καὶ
2523 2692 2666 2762 ἁγίῳ
2692 2691 2994 2762 Πνεύματι,
3027 2713 3046 2746 ι
3082 2695 3163 2758 είς
3193 2696 3359 2765 228
3387 2697 3699 2764 ὅτιξολογίαν

2127 2786 2448 2840 τελευταίαν
2482 2785 2581 2855 τῆς
2611 2785 2773 2854 ἁγίας
2813 2787 2856 2838 Τ
2861 2787 3043 2858 ριὰδος
3085 2789 3556 2858 ἁναφωνησάντων
3590 2791 3697 2842 τῶν

460 2879 730 2934 Sacerdos
763 2880 924 2934 tinem
961 2879 1194 2949 imponit
1247 2895 1342 2948 per
1385 2882 1714 2946 orationem,
1743 2884 1887 2952 quod
1946 2883 2031 2936 dis

2133 2879 2458 2948 ἱσταμένων,
2488 2881 2515 2932 6
2558 2879 2736 2950 ίερεὺς
2771 2881 2832 2934 rb
2865 2881 3020 2945 τέλος
3063 2882 3261 2951 ἐπάγει
3318 2882 3384 2936 δι’
3439 2884 3625 2952 εὐχῆς,
3667 2883 3694 2934 6

460 2971 652 3027 missio
699 2971 1028 3040 appellatur,
1097 2972 1356 3040 quoniam
1412 2973 1545 3027 nulli
1604 2973 1751 3036 licet,
1819 2975 2026 3029 relictis

2131 2973 2224 3024 καὶ
2256 2972 2516 3040 ἀπόλυσις
2545 2972 2766 3042 λέγεται
2787 2989 2802 3006 ο
2838 2973 3137 3044 ἐπειδήπερ
3169 2975 3271 3029 οὐκ
3305 2975 3450 3027 ἔστιν
3479 2975 3692 3040 ἐξουσία

461 3062 678 3132 hymnis
704 3061 906 3117 divinis
945 3062 1115 3128 exire,
1155 3063 1249 3116 sed
1291 3063 1412 3117 data
1445 3066 1747 3118 sacerdotis
1783 3067 2025 3121 licentia.

2131 3065 2239 3116 τινὶ
2273 3064 2399 3128 τοὺς
2459 3041 2636 3128 θείους
2692 3064 2901 3135 ὕμνους
2949 3041 3297 3121 καταλιπόντι
3343 3065 3688 3137 πορεύεσθαι,

459 3151 826 3219 Quamobrem
857 3153 1312 3223 quemadmodum
1363 3169 1465 3212 iste
1518 3158 1752 3226 hymnos
1805 3160 2027 3226 incepit,

463 3243 536 3298 ita
576 3245 717 3300 idem
748 3251 802 3297 et
836 3245 996 3300 finem
1047 3243 1176 3300 facit
1206 3262 1503 3317 precesque
1538 3247 1809 3317 obsignat.

960 3442 1188 3499 CAPUT
1214 3446 1534 3502 CCCXXIII.

463 3532 541 3586 De
585 3533 884 3601 precatione
917 3535 970 3586 in
1022 3533 1126 3601 ﬁne
1160 3536 1285 3615 sive
1321 3537 1632 3614 dimissione
1671 3541 1820 3610 officii
1870 3544 2034 3598 cccle-

1134 3607 1359 3658 siastict.

543 3695 611 3749 Et
668 3694 877 3749 nullum
930 3705 1016 3751 est
1055 3695 1198 3750 aliud
1237 3697 1473 3766 sigillum
1523 3699 1630 3755 nisi
1679 3702 1771 3770 qui
1811 3713 2031 3772 propter

471 3800 576 3840 nos
612 3787 678 3839 ad
727 3801 826 3840 nos
853 3788 998 3842 venit
1026 3802 1121 3856 per
1151 3802 1393 3843 carnem.
1455 3790 1581 3860 Ipso
1626 3793 1790 3862 igitur
1817 3795 2038 3851 Christo

469 3893 595 3930 vero
625 3877 754 3942 Dco,
800 3887 860 3932 ut
890 3878 1030 3932 dixit
1063 3879 1362 3949 discipulus
1394 3881 1514 3950 ejus
1556 3880 1800 3939 Joannes
1830 3905 1842 3938 :
1876 3903 1895 3937 ι
1932 3887 2036 3942 Hic

467 3975 550 4020 est
603 3981 767 4022 verus
825 3965 971 4023 Deus
1030 3978 1085 4024 et
1141 3969 1250 4023 vita
1301 3978 1583 4036 aeterna,»
1641 3973 1897 4029 invocato
1943 3991 2039 4044 per

470 4057 930 4113 intercessionem
985 4069 1190 4114 sancta:
1219 4060 1337 4130 eius
1371 4059 1588 4130 Matris,
1619 4079 1687 4118 ex
1720 4081 1826 4135 qua
1855 4067 2038 4122 incar-

472 4161 635 4205 natus
683 4159 790 4214 est,
833 4150 1189 4220 omniumque
1241 4159 1556 4206 sanctorqu
1591 4153 1753 4222 ejus;
1788 4172 1912 4211 nam
1971 4161 2036 4213 ad

468 4241 862 4296 ostendendam
921 4255 1192 4296 summam
1229 4242 1618 4313 benignitatem
1668 4261 1824 4301 suam
1875 4249 2040 4305 homo

2131 3156 2246 3210 ἁλλ’
2273 3157 2475 3210 ἐνδόσει
2500 3155 2593 3209 τοῦ
2621 3157 2830 3226 ἱερέως.
2851 3157 2952 3212 Διὰ
2976 3157 3133 3211 τοῦτο
3155 3157 3346 3229 ὥσπερ
3373 3158 3478 3211 τῶν
3509 3157 3694 3226 ῦμνων

2131 3245 2286 3308 οὗτος
2311 3245 2614 3318 ἁπήρξατο,
2652 3248 2746 3299 καὶ
2774 3247 2836 3300 rb
2877 3248 3029 3310 τέλος
3079 3241 3235 3310 οὗτός
3269 3251 3417 3302 ὲστιν
3445 3250 3473 3301 6
3517 3247 3699 3300 ἁποόιο

2131 3337 2276 3405 δοὺς,
2307 3338 2404 3390 καὶ
2438 3336 2854 3408 ἐπισφραγίζων
2886 3340 2957 3393 τά
2989 3337 3098 3393 τῶν
3136 3338 3332 3410 εὐχῶν.

2685 3451 2934 3506 ΚΕΦΑΛ.
2968 3453 3143 3508 TKI".

2393 3545 2529 3613 Περὶ
2567 3543 2672 3614 τῆς
2701 3543 2889 3613 εὐχῆς
2916 3545 3028 3616 τῆς
3055 3546 3435 3615 ἀπολύσεως.

2207 3703 2316 3778 καὶ
2365 3704 2398 3772 ή
2449 3704 2685 3771 σφραγὶς
2718 3704 2870 3758 οὐδὲν
2902 3705 3029 3759 ἄλλο
3082 3707 3132 3759 εί
3190 3707 3263 3776 μὴ
3291 3706 3320 3759 6
3361 3707 3502 3776 ὑπὲρ
3541 3707 3699 3777 ήμῶν

2139 3791 2309 3845 ἐλθὼν
2336 3792 2471 3862 πρὸς
2509 3795 2659 3863 ἡμᾶς
2713 3793 2802 3848 διὰ
2835 3797 3058 3865 σαρκός.
3094 3795 3271 3851 Αὐτὸν
3299 3790 3394 3849 οὖν
3437 3796 3532 3849 rbv
3562 3798 3701 3868 Χρι-

2139 3882 2263 3935 στδν
2292 3883 2383 3936 τὸν
2407 3883 2661 3951 ἀληθινὸν
2687 3883 2840 3950 Θεὸν,
2872 3884 2946 3947 ὥς
2985 3901 3151 3954 φησιν
3193 3886 3220 3938 6
3258 3884 3505 3956 μαθητής
3532 3885 3699 3938 αὐτοῦ

2149 3972 2423 4043 Ἰωάννης,
2465 3991 2485 4026 ι
2525 3967 2691 4037 Οὗτός
2721 3976 2868 4027 ἔστιν
2924 3976 2952 4027 6
3008 3975 3260 4046 ἀληθινὸς
3295 3975 3430 4037 Θεὸς
3460 3979 3556 4029 καὶ
3588 3977 3703 4047 ζωὴ

2139 4063 2380 4128 αἰώνιος,
2417 4083 2436 4116 ›
2474 4064 2940 4135 ἐπικαλεσάμενος
2980 4066 3068 4120 διὰ
3119 4067 3229 4119 τῶν
3263 4067 3574 4137 πρεσϐειῶν
3605 4069 3702 4137 τῆς

2141 4153 2301 4220 ἁγίας
2329 4153 2493 4207 αὐτοῦ
2525 4156 2768 4225 Μητρὸς,
2799 4155 2857 4220 ἐξ
2894 4150 2962 4226 ἧς
3007 4155 3324 4227 ὲσαρκώθη,
3364 4158 3461 4212 καὶ
3490 4161 3702 4212 πάντων

2139 4242 2247 4296 τῶν
2278 4243 2451 4312 ἁγίων
2483 4245 2674 4298 αὐτοῦ’
2731 4247 2825 4299 καὶ
2855 4246 2966 4315 γὰρ
2992 4247 3189 4316 δεῖγμα
3221 4249 3318 4318 τῆς
3361 4249 3540 4322 ἄκρας
3571 4267 3702 4320 χρη-

471 4319 650 4385 factus
675 4338 779 4395 est,
800 4337 1101 4385 etmatrem
1131 4330 1322 4386 habuit
1351 4333 1695 4404 chorumque
1718 4347 2034 4392 sanctorum

2146 4333 2405 4403 στότητος
2437 4335 2603 4388 αὐτοῦ
2637 4336 2696 4388 rb
2735 4337 3174 4408 ἔνανθρωπῆσαι,
3207 4340 3300 4392 καὶ
3336 4319 3547 4409 μητερα
3575 4319 3705 4407 τιτή-

471 4423 565 4491 qui
630 4422 679 4476 ei
737 4421 1101 4492 placuerunt:
1168 4421 1476 4480 tMiserere
1527 4427 1700 4480 nostri
1753 4437 1807 4482 et
1858 4429 2040 4485 salvos

475 4515 577 4579 lac,
609 4535 628 4566 ι
704 4515 924 4585 inquit;
979 4513 1116 4569 nihil
1171 4515 1316 4568 enim
1352 4530 1380 4569 a
1413 4516 1575 4572 nobis
1639 4518 1902 4575 habemus
1935 4520 2039 4576 nisi

471 4608 618 4678 quod
642 4608 759 4676 ipse
788 4615 1013 4678 propter
1036 4621 1191 4662 suam
1211 4606 1511 4662 bonitatem
1545 4606 1722 4664 factus
1751 4618 1836 4665 est
1855 4610 2036 4677 homo,

471 4709 527 4754 et
561 4697 733 4752 Mater
754 4698 1040 4767 sanctique
1069 4699 1216 4754 illius
1245 4713 1274 4753 a
1309 4699 1469 4755 nobis
1489 4706 1638 4755 sunt.
1667 4699 1732 4756 Et
1760 4701 1832 4756 ita
1858 4704 2040 4758 statim

474 4804 666 4858 preces
696 4804 795 4858 pro
821 4789 1090 4845 defunctis
1138 4790 1503 4858 persolvimus
1552 4779 1673 4844 tum.
1721 4795 2042 4860 proceribus

475 4895 539 4936 ac
569 4879 837 4948 patribus,
865 4889 978 4932 tum
1011 4880 1309 4935 secundum
1360 4895 1582 4936 carnem
1629 4884 1958 4952 conjunctis,
1987 4896 2042 4940 et

475 4973 555 5025 eis
578 4970 779 5039 quibus
803 4968 1078 5025 debitores
1106 4985 1320 5026 sumus.
1356 4970 1528 5026 Porro
1559 4975 1929 5030 necessarium
1957 4983 2042 5031 est

478 5067 672 5116 horum
710 5059 1046 5126 meminisse,
1077 5060 1342 5129 quoniam
1372 5075 1473 5116 nos
1519 5075 1585 5115 ex
1639 5061 1774 5131 ipsis
1805 5074 1858 5120 et
1914 5081 2042 5120 cum

479 5152 612 5220 ipsis
661 5147 1078 5214 collocabimur,
1131 5150 1521 5219 Dominusque,
1551 5152 1691 5206 sicut
1747 5168 1850 5221 pro
1879 5156 2038 5219 vivis,

477 5241 554 5297 ita
590 5251 643 5296 et
669 5257 766 5312 pro
797 5241 1028 5296 mortuis
1055 5255 1248 5311 passus
1278 5251 1362 5297 est
1388 5255 1451 5298 ac
1475 5253 1747 5308 mortuus,
1779 5255 1943 5315 atque
1977 5260 2041 5299 ex

478 5333 584 5388 hoc
611 5335 780 5387 multa
809 5341 897 5389 est
931 5332 1138 5388 utilitas
1168 5341 1279 5386 tum
1317 5332 1395 5387 eis
1424 5347 1655 5403 quorum
1695 5334 2044 5398 recordatur,

478 5433 592 5478 tum
649 5425 780 5495 ipsis
815 5426 1252 5489 recordantibus.
1315 5422 1455 5491 Quae
1500 5427 1958 5480 commemoratio
1988 5427 2046 5478 tit

480 5528 696 5585 quoque
724 5524 847 5586 post
881 5516 1143 5585 hymnum
1176 5516 1366 5586 primae
1403 5515 1569 5570 horae.

2145 4423 2362 4487 σασθαι,
2421 4425 2517 4477 καὶ
2574 4424 2736 4494 χορὸν
2773 4426 2944 4494 ἁγίων
2995 4428 3482 4498 εὐαρεστησάντων
3533 4430 3702 4501 αὐτῷ,

2146 4529 2169 4566 ‹
2208 4511 2460 4585 Ἐλεήσαι
2512 4516 2660 4586 ήμᾶς
2707 4518 2802 4570 καὶ
2833 4517 3026 4584 σώσαι,
3065 4537 3084 4571 ι
3124 4523 3308 4590 φησίν.
3346 4521 3420 4572 Οὐ
3472 4522 3577 4591 γάρ
3613 4521 3706 4590 ἀφ’

2143 4605 2348 4659 ἑαυτῶν
2370 4624 2423 4658 τι
2451 4608 2790 4678 κεκτήμεθα,
2828 4607 2860 4679 ή
2901 4610 2960 4663 τὸ
2996 4610 3245 4679 γενέσθαι
3276 4613 3435 4666 αὐτὸν
3461 4615 3530 4666 δι’
3565 4615 3705 4681 ἁγα-

2144 4697 2344 4768 θότητα
2383 4699 2696 4770 ἄνθρωπον,
2732 4702 2827 4754 καὶ
2860 4701 2958 4769 τὴν
3003 4702 3232 4772 Μητέρα
3258 4702 3425 4757 αὐτοῦ
3458 4704 3517 4770 ἐξ
3544 4705 3702 4774 ἡμῶν

2141 4784 2329 4850 οὖσαν,
2353 4788 2450 4840 καὶ
2484 4789 2830 4858 τοὺςιὰγίους
2865 4791 3052 4844 αὐτοῦ.
3081 4793 3190 4846 Καὶ
3237 4792 3408 4856 οὕτως
3441 4795 3604 4858 εὐθὺς
3634 4796 3704 4847 τά

2145 4877 2284 4944 ὕπερ
2314 4877 2420 4930 τῶν
2444 4877 2789 4932 ἀπελθόντων
2815 4881 3193 4952 ἐπιτελοῦμεν,
3232 4885 3496 4953 κτιτόρων
3521 4903 3581 4940 τε
3612 4885 3704 4937 καὶ

2144 4968 2399 5037 πατέρων
2439 4969 2623 5038 ήμῶν,
2657 4971 2752 5022 καὶ
2797 4971 2908 5024 τῶν
2943 4974 3083 5026 κατὰ
3118 4974 3294 5044 σάρκα
3325 4975 3562 5036 οἰκείων,
3613 4977 3710 5029 καὶ

2146 5052 2221 5113 ὧν
2243 5061 2554 5130 ὀφείλομεν.
2600 5063 2924 5128 Ἀναγκαῖον
2949 5063 3007 5116 δὲ
3038 5063 3101 5117 τὺ
3133 5065 3441 5134 μεμνῆσθαι
3465 5066 3666 5118 τούτων
3689 5108 3704 5131 ,

2145 5152 2227 5205 ὅτι
2261 5155 2356 5205 καὶ
2385 5154 2444 5218 ἐξ
2473 5153 2652 5206 αὐτῶν
2699 5154 2879 5224 ἡμεῖς,
2940 5155 3036 5207 καὶ
3072 5157 3170 5209 σὺν
3207 5158 3389 5220 αὐτοῖς
3439 5160 3712 5227 ταχθησό-

2150 5243 2322 5312 μεθαο
2355 5244 2447 5295 καὶ
2476 5245 2503 5295 6
2529 5243 2717 5312 Σωτὴρ
2763 5242 2953 5316 ὥσπερ
2982 5245 3124 5312 ὑπὲρ
3176 5245 3416 5311 ζώντων,
3441 5250 3536 5300 καὶ
3567 5248 3709 5318 ὑπὲρ

2147 5335 2457 5386 τεθνεώτων
2490 5335 2731 5387 πέπονθε
2787 5336 2885 5388 καὶ
2914 5336 3143 5407 τέθνηκε
3169 5353 3183 5368 °
3215 5339 3309 5405 καὶ
3355 5341 3466 5400 τοῖς
3503 5355 3714 5409 μνημο-

2149 5423 2456 5492 νευομένοις
2487 5425 2714 5492 πλείστη
2759 5427 2826 5480 ὲκ
2879 5427 3070 5480 τούτου
3105 5430 3138 5496 ή
3169 5426 3433 5498 ὠφέλεια.
3463 5431 3553 5482 καὶ
3602 5432 3712 5493 τοῖς

2157 5514 2584 5582 μνημονεύουσιν
2602 5517 2753 5585 ἡμῖν.
2785 5515 2932 5586 Αῦτη
2965 5518 3019 5570 δὲ
3045 5519 3074 5586 ή
3101 5521 3292 5589 μνήμη
3327 5523 3420 5573 καὶ
3451 5521 3591 5588 μετὰ
3615 5519 3711 5574 τὸν

2153 5603 2319 5671 ὕμνον
2347 5604 2442 5666 τῆς
2480 5603 2703 5673 πρώτης
2739 5606 2946 5670 γίνεται
2976 5606 3144 5676 ὥρας.
