4126 6268
532 153 638 221 539

1082 279 1338 341 ΚΕΦΑΛ.
1375 289 1546 346 ΤΚΔν.

943 394 1081 464 Περὶ
1119 397 1230 466 τῆς
1262 404 1502 484 πρώτης
1519 404 1694 473 ὥρας.

614 501 680 557 Ἦ
712 505 770 557 δέ
823 523 884 572 γε
947 508 1226 580 δοξολογία
1276 517 1376 580 τῆς
1412 520 1638 590 πρώτης
1671 521 1821 590 ὧρας
1869 525 2104 578 τελεῖται

527 593 560 663 ἢ
593 596 734 664 μετὰ
765 596 864 667 τὴν
893 599 1159 656 ἀπόλυσιν
1205 606 1298 659 τοῦ
1329 609 1528 678 ὄρθρου
1564 614 1746 679 εὐθὺς,
1780 615 1973 685 ἑορτῆς
2013 615 2105 670 οὗ·

527 686 713 755 σης,ῆ
752 689 1042 756 συναπτῶς
1092 695 1170 762 τῷ
1200 697 1406 768 ὄρθρῳ,
1463 701 1688 771 ὕστερον
1740 706 1840 774 τῆς
1895 709 2100 762 ἀπολύ-

526 793 666 841 σεως
691 782 1006 853 γινομένης,
1049 786 1372 857 ἐπειδήπερ,
1427 793 1504 856 ὡς
1535 798 1969 868 προειρήκαμεν,
2005 799 2102 870 μία

528 871 626 922 σὺν
682 873 759 942 τῷ
789 873 972 945 ὄρθρῳ
1025 877 1324 950 ύμνολογία
1375 885 1514 940 ἐστί.
1573 889 1822 960 Δέγομεν
1876 890 1973 946 οῦν
2018 893 2102 957 rb,

531 979 551 1012 «
585 963 774 1031 Δεῦτε,
797 971 1276 1042 προσκυνήσωμεν
1322 975 1398 1046 τῷ
1436 977 1649 1047 βασιλεῖ
1684 982 1840 1050 ἡμῶν
1879 969 2102 1058 Χριστῷ

525 1055 602 1117 τῷ
623 1056 767 1125 Θεῷ,
806 1077 824 1110 ι
857 1061 1000 1130 τρὶς,
1034 1064 1117 1117 ὅτι
1146 1058 1298 1131 οὗτος
1350 1073 1484 1140 ἡμῖν
1517 1074 1678 1142 μόνος
1709 1055 1965 1148 βασιλεὺς
2006 1055 2101 1135 καλ

525 1146 763 1214 αἰώνιος,
821 1152 896 1218 ὡς
951 1158 1045 1210 καὶ
1111 1160 1274 1226 φύσει
1325 1165 1604 1237 Δεσπότης
1659 1171 1756 1222 σὺν
1791 1172 1966 1242 Πατρὶ
2005 1175 2100 1228 καὶ

529 1241 809 1312 ΙΙνεύματι
865 1248 1051 1315 μόνος,
1084 1255 1173 1306 καὶ
1205 1257 1265 1308 rb
1319 1260 1520 1324 κράτος
1580 1262 1671 1315 τοῦ
1712 1241 1962 1318 διαϐόλου
2008 1268 2100 1320 καὶ

527 1334 626 1402 τὴν
657 1341 948 1405 τυραννίδα
1001 1347 1350 1414 καταϐαλὼν,
1393 1352 1486 1404 καὶ
1543 1354 1918 1423 ἐλευθερώσας
1951 1358 2100 1427 ἡμᾶς

527 1429 620 1480 τοῦ
653 1432 882 1494 σκότους
911 1437 1005 1489 καὶ
1034 1438 1130 1490 τοῦ
1165 1439 1420 1498 θανάτου.
1461 1439 1594 1499 Εἶτα
1646 1449 1738 1500 καὶ
1781 1448 1986 1518 ψαλμοὶ
2013 1450 2099 1502 λέ-

527 1542 714 1592 γονται
746 1530 890 1598 τρεῖς
921 1534 1000 1593 είς
1049 1537 1217 1604 τιμὴν
1251 1539 1350 1606 τῆς
1390 1539 1643 1608 Τριάδος,
1691 1543 1832 1594 κατὰ
1862 1545 1920 1595 τὸ
1954 1543 2098 1611 πρωῒ

525 1617 811 1686 λεχθέντες
851 1622 980 1676 ποτέ
1009 1625 1086 1693 τῷ
1121 1627 1306 1690 Δαϐἶδ,
1339 1629 1695 1700 εὐχαριστίαν
1726 1634 1862 1686 Θεοῦ
1903 1636 2096 1705 περιέο

527 1726 737 1778 χοντες,
788 1716 882 1769 καὶ
916 1717 974 1767 τὸ
1037 1716 1212 1769 ἐλθεῖν
1270 1720 1353 1788 ἐφ’
1410 1721 1556 1788 ἡμᾶς
1594 1723 1763 1776 αὑτοῦ
1801 1726 1899 1794 τὴν
1950 1726 2101 1779 θείαν
2132 1707 2175 1761 Β

525 1803 910 1878 λαμπρότητα.
940 1811 1032 1862 καὶ
1060 1811 1128 1863 τὰ
1159 1812 1297 1880 ἔργα
1329 1815 1486 1882 ἡμῶν
1513 1817 1970 1883 κατευθυνθῆναι.
2003 1817 2101 1870 καὶ

525 1897 763 1966 πονηρὸν
825 1899 922 1966 μὲν
983 1903 1130 1955 ἅπαν
1192 1904 1498 1973 ἀποστῆναι
1548 1907 1729 1975 ἡμῶν,
1785 1908 1992 1972 ἀγαθοῦ
2043 1909 2100 1960 δὲ

525 1988 730 2049 παντὸς
779 1990 928 2059 ἡμᾶς
975 1993 1353 2063 πληρωθῆναι.
1402 1997 1558 2050 Μετὰ
1591 1999 1718 2061 τοὺς
1762 1993 2016 2068 ψαλμοὺς
2043 1999 2100 2052 δὲ

523 2079 797 2147 τροπάρια
834 2080 932 2150 τῆς
986 2083 1162 2152 αὐτῆς
1215 2085 1448 2152 ἑννοίας,
1497 2089 1593 2140 καὶ
1641 2087 1833 2158 ἓτερον
1873 2093 1952 2150 είς
2000 2088 2098 2159 τὴν

522 2168 863 2238 Θεομήτορα,
895 2177 1344 2247 κεχαριτωμένην
1369 2178 1543 2246 αὐτὴν
1568 2180 1705 2249 μετὰ
1736 2181 1831 2233 τοῦ
1865 2182 2096 2248 ἀγγέλου

524 2260 817 2330 κηρύττον,
853 2265 949 2319 καὶ
1009 2266 1264 2334 ούρανὶν,
1316 2269 1391 2332 ὡς
1449 2271 1542 2322 τὴν
1600 2272 1699 2337 τῆς
1748 2271 2098 2340 δικαιοσύνης

525 2349 678 2419 ἥλιον
703 2354 1087 2420 άνατείλασαν,
1117 2358 1212 2411 καὶ
1247 2360 1575 2430 παράδεισον
1614 2362 1688 2423 ὡς
1721 2362 1778 2415 τὸ
1809 2361 1960 2426 ξύλον
1995 2361 2094 2430 τῆς

522 2442 670 2513 ζωῆς
699 2446 938 2512 Χριστὸν
965 2451 1273 2514 τετοκυῖαν,
1300 2454 1393 2504 καὶ
1443 2451 1732 2522 Παρθένον,
1763 2451 1838 2515 ὡς
1865 2453 2097 2520 ἁειπάρ-

525 2535 674 2589 θενον
709 2538 996 2605 μένουσαν.
1028 2541 1260 2605 Οίκείως
1293 2541 1351 2594 δὲ
1406 2541 1561 2594 τοῦτο
1593 2543 1810 2609 λέγεται
1837 2544 1978 2605 τότε,
2007 2542 2096 2594 διὰ

520 2627 618 2696 τὴν
656 2628 923 2700 αἰσθητὴν
955 2630 1050 2683 τοῦ
1102 2631 1255 2702 ἡλίου
1307 2633 1592 2700 ἀνατολὴν,
1626 2634 1722 2685 καὶ
1770 2633 1830 2686 τὸ
1870 2633 1962 2684 τὸν
1988 2652 2094 2687 πα-

525 2721 770 2789 ράδεισον
795 2722 937 2776 κατὰ
971 2724 1236 2789 ἀνατολὰς
1256 2720 1418 2779 εἶναι.
1447 2723 1581 2780 Εῐτα
1610 2728 1641 2794 ἠ
1676 2726 1769 2780 τοῦ
1795 2727 2093 2796 Τρισαγίου

520 2813 614 2867 καὶ
644 2813 738 2866 τοῦ
764 2834 783 2864 «
817 2814 996 2884 Πάτερ
1019 2815 1175 2885 ἡμῶν
1209 2834 1227 2867 ι
1265 2817 1568 2888 προσευχὴ.
1597 2819 1681 2872 ὅτι
1710 2821 1771 2872 οὐ
1792 2819 2017 2873 δυνατὸν
2036 2819 2094 2871 ἐν

521 2906 686 2958 παντὶ
716 2906 894 2976 καιρῷ
943 2907 1016 2976 μὴ
1055 2909 1363 2979 μνησθῆναι
1399 2908 1626 2980 ταύτης.

1067 3045 1293 3099 ΚΕΦΔΛ
1309 3088 1322 3101 .
1359 3045 1536 3104 TKE’.

432 3194 451 3212 .
519 3152 679 3227 Διατί
705 3154 774 3207 ἐν·
799 3154 1033 3227 ’ἑκάστῃ
1077 3155 1197 3224 ὥρα
1245 3158 1341 3227 καὶ
1376 3159 1504 3225 ταῖς
1537 3161 1781 3227 ,λοιπαῖς
1837 3163 2091 3216 ἀκολου-

591 3225 746 3290 θίαις
775 3223 863 3288 τὸ,
901 3244 920 3276 «
960 3223 1156 3294 Κύριε,
1176 3226 1457 3296 ἐλέησον,
1483 3223 1510 3280 ἰ
1536 3223 2016 3301 τεσσαράκοντα.

589 3405 699 3457 Καὶ
745 3406 844 3472 τὸ,
871 3424 890 3458 «
931 3407 1125 3474 Κύριε,
1169 3410 1415 3479 ἐλέησον,
1465 3431 1484 3464 ι
1518 3413 1956 3479 τεσσαράκοντα,
2009 3415 2090 3476 είς

520 3495 792 3564 ἁγιασμὸν
814 3497 908 3550 τοῦ
957 3499 1150 3567 καιροῦ
1187 3501 1394 3565 παντὸς
1447 3502 1544 3572 τῆς
1575 3502 1721 3572 ζωῆς
1759 3503 1937 3573 ἡμῶν.
1971 3503 2091 3556 Τῶν

517 3588 628 3657 γάρ
659 3589 993 3660 τριακοσίων
1040 3591 1307 3657 ἐξήκοντα
1341 3591 1502 3646 πέντε
1553 3595 1780 3665 ἡμερῶν
1820 3594 2090 3650 ἀποδεκά-

515 3697 702 3744 τωσις,
741 3680 816 3745 ῶς
844 3682 978 3750 φασί
1006 3699 1174 3746 τινες,
1200 3684 1255 3738 αἱ
1274 3687 1705 3755 τεσσαράκοντα,
1724 3688 1782 3740 ἐν
1809 3682 1951 3756 αϊςὴ
1989 3705 2088 3756 με·

516 3772 658 3840 γάλη
680 3774 927 3842 νηστεία,
965 3776 1060 3828 καὶ
1090 3778 1146 3828 ἐν
1174 3776 1391 3846 ἑκάστῳ
1427 3778 1604 3848 καιρῷ
1645 3779 1981 3848 προσευχῆς,
2004 3779 2085 3843 τὸ,

523 3880 542 3913 «
575 3862 770 3932 Κύριε,
801 3864 1044 3932 ἐλέησον,
1079 3883 1099 3917 ι
1127 3866 1558 3936 τεσσαράκοντα,
1589 3869 1667 3932 είς
1687 3868 1963 3938 ἐξάλειψιν
1982 3870 2089 3922 τῶν

516 3955 575 4007 ἐν
629 3955 779 4024 πάσῃ
814 3955 1002 4025 ἡμέρᾳ
1033 3957 1129 4010 καὶ
1163 3955 1284 4028 ὥρᾳ
1341 3957 1643 4028 ἀμυθήτων
1691 3959 1852 4027 ἡμῶν
1903 3959 2088 4028 ἁμαρ-

514 4045 668 4100 τιῶν.
710 4046 801 4098 Διὸ
855 4048 951 4099 καὶ
1010 4049 1148 4116 μετὰ
1199 4048 1282 4113 τὸ,
1326 4067 1345 4101 «
1387 4048 1586 4119 Κύριε,
1635 4049 1880 4120 ἐλέησον,
1935 4069 1953 4101 ι
1992 4050 2091 4121 τὴν

514 4138 954 4208 ἀναγκαιοτάτην
1018 4138 1248 4210 λέγομεν
1300 4141 1530 4195 πάντοτε
1595 4139 1783 4210 εὐχὴν,
1837 4140 1898 4192 τὸ
1927 4140 2092 4210 229

519 4246 540 4280 «
581 4227 641 4282 Ὀ
692 4230 748 4281 ἐν
781 4229 942 4281 παντὶ
971 4228 1150 4299 καιρῷ
1177 4230 1273 4283 καὶ
1315 4229 1464 4300 πάσῃ
1521 4227 1660 4299 ὥρα,
1694 4247 1713 4280 ›
1750 4227 1931 4282 πάντα
1993 4242 2090 4280 περ

518 4324 823 4394 ριὲχουσαν,
857 4323 953 4377 καὶ
1011 4322 1153 4392 ὑπὲρ
1210 4324 1427 4376 πάντων
1470 4318 1634 4376 οὖσαν
1668 4321 1776 4373 τῶν
1808 4321 2090 4392 ἡμετέρων

513 4420 606 4470 καλ.
638 4415 830 4486 ψυχῶν
852 4416 948 4468 καὶ
979 4415 1270 4485 σωμάτων,
1305 4416 1401 4467 καὶ
1430 4413 1706 4483 λογισμῶν
1751 4415 1844 4466 καὶ
1871 4412 2090 4466 ἐννοιῶν

515 4508 608 4560 καὶ
635 4507 832 4578 ἔργων,
867 4507 1084 4561 ἅπαντα
1139 4506 1434 4574 αἰτουμένη
1493 4503 1951 4571 καθαγιὰζεσθαι,
1996 4504 2091 4555 καὶ

516 4599 720 4661 παντὸς
765 4599 1091 4668 λυτροῦσθαι
1122 4596 1458 4668 πειρασμοῦ,
1484 4597 1581 4650 καὶ
1609 4595 1714 4649 ὑπὸ
1753 4595 1866 4648 τῶν
1920 4594 2091 4661 ἁγίων

511 4689 759 4757 ἀγγέλων
783 4689 1113 4758 τειχίζεσθαι
1154 4690 1248 4741 καὶ
1299 4687 1691 4756 φυλάττεσθαι,
1741 4687 1836 4740 καὶ
1868 4687 1927 4739 ἐν
1966 4687 2089 4739 ἐπι·

508 4779 704 4847 γνώσει
739 4778 989 4847 γίνεσθαι
1023 4781 1119 4849 τῆς
1144 4777 1238 4831 τοῦ
1263 4777 1399 4830 Θεοῦ
1429 4776 1609 4848 δόξης,
1644 4777 1762 4846 ἤτοι
1786 4775 1908 4830 κατ’
1940 4775 2091 4846 ἐνέρ-

507 4889 665 4938 γειαν
695 4871 996 4926 ἀπολαύειν
1030 4870 1130 4938 τῆς
1160 4873 1253 4924 τοῦ
1286 4869 1423 4924 Θεοῦ
1477 4871 1778 4939 ἀπροσίτου
1846 4885 2088 4937 φωτοχυ-

511 4964 625 5026 σίας
654 4965 748 5018 καὶ
781 4963 1026 5034 χάριτος,
1053 4965 1112 5026 ὃς
1163 4964 1313 5016 ἐστιν
1356 4962 1644 5031 εὐλογητὸς
1680 4964 1760 5026 είς
1795 4963 1920 5023 τοὺς
1942 4959 2087 5014 -αίῶο

507 5071 621 5118 νας.
647 5052 782 5109 Εἶτα
814 5055 915 5125 τὴν
937 5054 1197 5108 Θεοτόκον
1224 5053 1300 5117 ὡς
1365 5053 1702 5122 τιμιωτέραν
1749 5052 1858 5104 τῶν
1908 5051 2087 5118 Σερα-

510 5145 615 5214 φὶμ
641 5145 994 5214 ἁνυμνοῦμεν
1017 5162 1030 5177 ·
1065 5145 1161 5198 καὶ
1201 5144 1354 5215 παρὰ
1386 5144 1480 5212 τοῦ
1512 5142 1704 5212 ίερέως
1760 5144 1794 5211 ἡ
1829 5141 1906 5212 τῷ
1961 5143 2086 5194 ’Δα-

512 5236 621 5306 ρὼν
652 5237 868 5291 δοθεῖσα
889 5236 1032 5306 ὑπὲρ
1062 5235 1160 5290 τοῦ
1193 5234 1323 5290 λαοῦ
1354 5235 1633 5304 προσευχὴ
1661 5234 1904 5300 λέγεται,
1934 5234 2085 5302 ἠκαὶ

511 5343 583 5380 πλ
595 5327 664 5394 ρὰ
689 5325 785 5380 τοῦ
822 5327 986 5382 Δαϐλδ
1014 5327 1329 5390 ἐκταθεῖσα,
1361 5327 1442 5392 τὸ,
1475 5343 1496 5377 ‹
1547 5324 1608 5376 Ὃ
1645 5324 1779 5386 Θεὸς
1807 5326 2083 5394 οἰκτειρή-

509 5433 600 5470 cui
631 5419 803 5488 ἡμᾶς.
845 5438 864 5472 ι
894 5421 1006 5476 Καὶ
1037 5419 1200 5483 εὐθὺς
1232 5419 1265 5490 ἡ
1315 5415 1453 5487 εὐχὴ
1483 5415 1717 5487 ἁρμοδία
1773 5417 1840 5486 τῇ
1892 5413 2084 5486 πρώτῃ

507 5509 649 5580 ὥρα,
704 5529 723 5562 «
755 5511 959 5581 Χριστέ
1009 5512 1069 5565 τὸ
1120 5510 1235 5580 φῶς
1277 5509 1339 5562 τὸ
1388 5507 1642 5580 ἀληθινόν
1678 5521 1695 5536 ο
1739 5524 1760 5557 ι
1810 5506 1906 5560 καὶ
1940 5505 2084 5559 οὕτω

515 5600 662 5668 ἀρὰ
686 5597 778 5652 τοῦ
808 5599 998 5667 ἱερέως
1032 5602 1315 5664 ἀπόλυσις.

1695 175 1790 237 DE
1836 179 2076 240 SACRA
2118 181 2620 252 PRECATIONE.

2134 348 2182 404 Α

2703 308 2931 366 CAPUT
2951 311 3294 372 CCCXXIV.
3685 209 3793 278 590

2776 423 2852 478 De
2880 427 3054 491 prima
3070 432 3221 486 hora.

2285 530 2394 586 Sed
2433 534 2580 588 enim
2629 537 2776 592 horae
2808 538 2998 608 prima;
3054 541 3346 617 doxologia
3393 547 3674 618 perficitur
3702 554 3789 608 vel

2213 623 2396 677 statim
2437 640 2560 694 post
2585 627 2746 683 ﬁnem
2781 644 2875 685 seu
2906 633 3286 693 dimissionem
3316 643 3569 697 matutini
3602 645 3784 710 oﬂlcii,

2210 715 2298 770 vel
2328 716 2623 783 coniuncte
2667 735 2789 776 cum
2847 723 2951 779 hoc
2990 726 3189 794 oﬂicio,
3237 729 3402 787 dilata
3443 736 3783 802 dimissione,

2212 809 2495 875 quoniam,
2528 821 2695 878 prout
2729 814 2992 882 diximus,
3038 835 3144 875 una
3179 837 3305 878 cum
3339 828 3629 883 matutinis
3663 845 3786 896 pre-

2211 897 2364 953 cibus
2391 909 2475 954 est
2504 901 2768 960 laudatio.
2799 906 2905 961 Ter
2930 924 3058 981 ergo
3079 911 3350 971 dicimus:
3382 934 3401 967 «
3425 917 3635 981 Venite.
3657 921 3788 974 ado-

2208 1003 2398 1045 remus
2434 1006 2614 1060 regem
2652 1005 2898 1051 nostrum
2927 999 3207 1058 Christum
3237 1004 3427 1069 Deum,
3455 1025 3473 1060 ι
3525 1011 3781 1076 quoniam

2210 1080 2300 1136 hic
2326 1082 2487 1137 nobis
2514 1083 2666 1141 solus
2702 1102 2793 1141 rex
2849 1098 2902 1142 et
2934 1102 3194 1160 aeternus,
3225 1104 3412 1166 utpOte
3462 1100 3612 1155 solus
3656 1115 3779 1156 cum

2211 1172 2368 1228 Patre
2390 1183 2445 1229 et
2469 1175 2677 1244 Spiritu
2702 1177 2987 1246 Dominus,
3019 1184 3110 1251 qui
3132 1187 3419 1256 imperium
3451 1200 3506 1245 et
3531 1194 3779 1262 tyranni-

2209 1267 2332 1321 dem
2364 1269 2568 1324 diaboli
2604 1271 2896 1342 confregit,
2933 1290 3141 1345 nosque
3169 1294 3198 1332 a
3233 1282 3478 1337 tenebris
3515 1292 3568 1337 et
3601 1278 3794 1338 morte

2208 1358 2480 1417 liberavit.
2510 1360 2778 1433 Deinceps
2799 1376 2908 1424 tres
2931 1368 3194 1426 dicuntur
3213 1372 3408 1438 psalmi
3438 1375 3490 1428 in
3515 1376 3779 1430 honorem

2208 1451 2490 1510 Trinitatis
2523 1472 2551 1511 a
2605 1455 2770 1512 David
2805 1461 2931 1514 olim
2986 1480 3146 1520 mane
3179 1466 3332 1530 dicti,
3361 1466 3561 1537 quibus
3594 1467 3781 1536 gratia!

2207 1553 2443 1609 aguntur
2491 1541 2623 1610 Deo,
2672 1557 2726 1602 et
2780 1551 3101 1608 obsecratur
3136 1563 3193 1607 ut
3249 1571 3415 1627 super
3450 1575 3551 1615 nos
3599 1561 3783 1616 veniat

2207 1629 2426 1685 divinus
2454 1635 2715 1701 splendor
2743 1637 2884 1708 ejus,
2915 1649 2967 1693 et
3003 1657 3168 1709 opera
3219 1657 3405 1702 nostra
3445 1648 3777 1720 dirigantur.

2205 1735 2266 1772 ac
2303 1738 2464 1776 omne
2508 1726 2729 1794 quidem
2767 1744 2794 1782 a
2845 1731 3001 1786 nobis
3038 1735 3239 1790 malum
3290 1747 3566 1802 arceatur,
3621 1743 3770 1796 onnii

2205 1821 2387 1866 autem
2429 1814 2576 1870 bono
2617 1820 2943 1886 repleamur.
2985 1824 3184 1878 Verum
3221 1838 3343 1894 post
3387 1831 3630 1899 psalmos
3694 1833 3777 1887 di-

2205 1912 2404 1958 cuntur
2435 1908 2693 1962 versiculi
2724 1911 2968 1980 ejusdem
2997 1917 3303 1981 sententiae,
3329 1928 3384 1975 et
3417 1921 3560 1977 alius
3595 1924 3647 1976 in
3677 1924 3776 1978 hoc

2203 2009 2393 2050 norem
2427 1998 2522 2052 Dei
2556 1997 2853 2057 Genitricis
2899 2021 3063 2073 quam
3109 2022 3234 2062 cum
3275 2010 3470 2081 angelo
3513 2013 3775 2082 praedicat

2202 2088 2373 2155 gratia
2400 2089 2614 2156 plenam
2651 2094 2981 2164 cmlumqne,
3021 2105 3210 2165 utpote
3255 2116 3320 2155 ex
3355 2118 3462 2172 qua
3502 2115 3657 2160 ortus
3691 2118 3776 2162 est

2205 2179 2281 2234 Sol
2310 2177 2556 2246 iustitiae,
2589 2192 2754 2254 atque
2786 2187 3102 2255 paradisum
3136 2197 3393 2260 tanquam
3419 2209 3539 2262 quae
3564 2195 3772 2264 lignum

2199 2268 2326 2324 vitae
2375 2268 2657 2326 Christum
2690 2275 2900 2343 genuit,
2936 2286 3148 2332 necnon
3203 2279 3496 2350 virginem,
3546 2293 3605 2338 nt
3655 2301 3774 2351 quae

2200 2373 2419 2428 semper
2445 2361 2599 2433 virgo
2629 2368 2949 2432 permansit.
2975 2368 3112 2439 Apte
3139 2386 3269 2426 vero
3293 2373 3435 2429 istud
3476 2383 3606 2429 tunc
3640 2378 3772 2430 dici-

2200 2456 2311 2513 tur,
2343 2451 2412 2504 ob
2431 2452 2746 2508 sensibilcm
2782 2458 2914 2511 solis
2939 2468 3120 2514 ortum
3153 2469 3208 2516 et
3231 2464 3359 2532 quia
3389 2467 3676 2534 paradisus
3702 2469 3768 2520 ad

2199 2540 2465 2614 orientem
2504 2559 2697 2600 versus
2730 2548 2963 2602 exstitit.
3007 2549 3209 2606 Deinde
3235 2553 3440 2609 dicitur
3479 2554 3768 2626 Trisagion

2197 2642 2260 2683 ac
2309 2630 2518 2696 oratio,
2550 2652 2569 2685 «
2593 2632 2754 2690 Pater
2777 2647 3021 2704 noster,»
3072 2656 3333 2710 quoniam
3363 2645 3482 2711 eius
3513 2647 3566 2702 in
3621 2650 3768 2703 omni

2197 2727 2436 2791 tempore
2463 2738 2569 2779 non
2613 2729 2928 2785 meminisse
2959 2747 3066 2786 non
3098 2749 3414 2804 possumus.

2697 3035 2926 3097 CAPUT
2959 3042 3259 3103 CCCXXV.

2195 3145 2368 3210 Quare
2397 3151 2526 3204 liora
2561 3154 2808 3220 qualibet.
2844 3167 2891 3211 et
2933 3161 2987 3211 in
3022 3164 3226 3216 caeteris
3286 3163 3554 3219 ordinibus
3615 3163 3767 3288 agicii

2259 3219 2622 3287 ecclesiastici,
2653 3240 2889 3288 oramus,
2919 3229 3173 3285 «Domine
3195 3233 3492 3288 miser-areu
3531 3249 3634 3288 aua
3679 3252 3767 3288 ra-

2259 3219 2622 3304 ecclesiastiei,
2653 3240 2889 3291 oramus,
2919 3229 3173 3285 «Domine
3195 3233 3492 3299 miserere”
3531 3219 3769 3304 quadra-

2261 3290 2411 3355 ginta
2445 3289 2627 3359 (dies).

2263 3398 2454 3455 Postea
2494 3404 2822 3475 quadragies
2862 3408 3104 3465 dicitur:
3141 3431 3159 3464 «
3185 3413 3350 3484 Kyrie
3375 3415 3610 3482 eleison,
3646 3435 3665 3471 ι
3697 3418 3766 3473 ad

2193 3493 2646 3550 sanetiiieandnm
2680 3508 2850 3553 totum
2906 3509 3119 3570 tempus
3151 3505 3274 3560 vitae
3319 3496 3562 3573 nostrae;
3635 3525 3759 3564 nam

2194 3593 2568 3644 trecentorum
2604 3601 2657 3645 et
2706 3593 2990 3662 sexaginta
3023 3597 3263 3668 quinque
3293 3600 3504 3656 dierum
3555 3602 3766 3658 decima

2193 3691 2342 3746 pars,
2398 3688 2459 3734 ut
2507 3682 2731 3751 quidam
2778 3683 2954 3749 aiunt,
3003 3688 3369 3760 quadraginta
3417 3703 3656 3760 constat,
3711 3696 3766 3749 in

2193 3765 2392 3834 quibus
2445 3783 2700 3838 magnum
2747 3773 3044 3842 jejunium,
3075 3787 3129 3831 et
3160 3777 3212 3830 in
3269 3779 3502 3849 singulis
3541 3797 3765 3850 precum

2193 3858 2365 3921 hor's,
2384 3858 2580 3930 «Kyrie
2603 3861 2865 3930 eleison,»
2899 3865 3228 3936 quadragies
3247 3870 3578 3926 recitaturin
3611 3873 3763 3928 dele-

2192 3951 2402 4004 tionem
2444 3961 2792 4020 peccatorum
2825 3969 2947 4024 quae
2977 3957 3100 4010 sine
3125 3973 3352 4015 numero
3388 3959 3441 4014 in
3478 3963 3628 4016 omni
3677 3965 3764 4019 die

2193 4055 2258 4095 ac
2312 4041 2445 4096 hora
2477 4053 2880 4111 perpetramus.
2935 4047 3298 4113 Quamobrem
3330 4061 3454 4118 post
3483 4094 3500 4119 ,
3548 4071 3567 4104 «
3596 4053 3762 4126 Kyrie

2192 4132 2420 4198 eleison,
2455 4152 2472 4185 ι
2511 4136 2665 4189 valde
2696 4138 3070 4192 necessariam
3119 4154 3334 4210 semper
3373 4143 3609 4200 dicimus
3639 4159 3760 4202 ora-

2193 4220 2416 4289 tionem,
2453 4237 2671 4293 nempe,
2733 4224 2881 4290 «Qui
2925 4226 2980 4280 in
3028 4228 3176 4282 omni
3229 4237 3474 4300 tempore
3505 4234 3762 4302 omnique

2196 4311 2355 4373 hora,
2383 4331 2400 4363 ι
2464 4327 2586 4382 quae
2629 4314 2810 4368 omnia
2874 4316 3260 4386 complectitur
3287 4330 3340 4372 et
3393 4322 3459 4375 de
3506 4323 3762 4378 omnibus

2196 4402 2394 4458 nostris
2430 4410 2679 4459 versatur
2706 4406 2973 4462 animisve
3005 4417 3058 4462 et
3087 4410 3410 4478 corporibus
3439 4420 3493 4467 et
3517 4414 3764 4468 consiliis

2192 4505 2245 4548 et
2305 4497 2732 4564 cogitationibus
2775 4505 2939 4569 atque
3001 4501 3280 4571 operibus,
3341 4501 3640 4572 deprecans
3705 4517 3764 4559 ut

2193 4586 2373 4640 omnia
2420 4587 2856 4651 sanetiiicentur,
2893 4590 3046 4644 etab
3085 4592 3234 4645 omni
3281 4592 3587 4648 tentatione
3620 4594 3760 4648 lihe-

2193 4693 2396 4745 remur,
2426 4688 2588 4748 atque
2615 4694 2644 4733 a
2674 4681 2881 4734 sanctis
2911 4682 3116 4750 angelis
3139 4683 3334 4738 muniti
3356 4685 3757 4750 custodiamnr.

2192 4783 2404 4823 necnon
2451 4769 2504 4822 in
2537 4770 2764 4824 scientia
2793 4770 2981 4840 gloriae
3027 4771 3120 4828 Dei
3161 4773 3521 4842 instruamur,
3553 4776 3607 4830 id
3654 4786 3763 4844 est,

2190 4858 2530 4914 abundanter
2561 4860 2840 4930 potiamur
2871 4861 3155 4920 inaccesso
3191 4865 3286 4921 Dei
3315 4867 3519 4924 lumine
3548 4877 3612 4924 ac
3639 4884 3762 4939 gra-

2193 4951 2288 5014 tia,
2329 4951 2422 5020 qui
2463 4960 2546 5007 est
2575 4952 2895 5010 benedictus
2924 4956 2980 5011 in
3011 4959 3229 5014 saecula.
3291 4961 3420 5017 Dein
3473 4961 3568 5017 Dei
3603 4960 3768 5017 Geni-

2190 5042 2378 5095 tricem
2439 5051 2627 5112 utpote
2661 5042 2949 5116 Serapbim
3008 5051 3221 5121 majore
3278 5051 3496 5123 dignam
3554 5051 3768 5107 honore

2188 5140 2565 5207 celebramus;
2620 5153 2675 5199 et
2722 5161 2752 5200 a
2787 5148 3073 5202 sacerdote
3124 5148 3330 5202 dicitur
3359 5149 3536 5202 oratio
3577 5149 3761 5203 Aaron

2189 5231 2312 5284 data
2338 5247 2436 5302 pro
2485 5236 2708 5305 pepulo,
2741 5248 2796 5292 et
2823 5240 3142 5308 deprecatio
3169 5258 3198 5292 a
3246 5240 3418 5294 David
3459 5240 3755 5310 instituta:

2194 5343 2211 5374 «
2235 5322 2378 5378 Deus
2407 5327 2731 5383 misereatur
2757 5330 2954 5384 nostri.
2986 5347 3004 5379 ι
3042 5331 3104 5382 Et
3133 5330 3317 5384 statim
3337 5329 3395 5386 ﬁt
3409 5329 3585 5386 oratio
3617 5331 3766 5387 hom

2190 5415 2375 5484 primae
2411 5418 2852 5474 accommodata:
2885 5439 2902 5470 «
2932 5419 3169 5486 Christe,
3194 5420 3286 5476 lux
3315 5435 3467 5490 vera,
3499 5441 3518 5474 ι
3550 5429 3605 5478 et
3625 5423 3700 5477 ita
3725 5437 3760 5478 α

2191 5509 2475 5565 sacerdote
2508 5509 2828 5565 absolvitur.
