4126 6268
375 215 474 280 591

420 381 466 406 ο
861 351 1083 408 CAPUT
1118 354 1438 409 CCCXXVI.

369 467 449 522 De
475 471 678 524 ceteris
717 469 874 534 horis,
906 471 1084 530 tertia,
1115 481 1263 552 sexta
1295 480 1343 524 et
1376 486 1512 524 nona
1541 486 1558 523 :
1591 488 1651 524 ac
1688 442 1856 525 simui
1871 471 1934 525 de

1047 555 1240 607 prima.

443 630 632 702 itaque
675 633 762 688 ille
797 642 878 688 est
905 633 1041 689 ordo
1075 634 1222 689 hora:
1250 635 1470 704 primae;
1523 635 1590 690 ad
1629 635 1844 689 tertiam
1881 641 1934 686 et

370 731 578 778 sextam
608 724 854 780 similiter
874 725 1121 796 psallitur
1148 740 1242 793 per
1267 727 1532 788 diversos,
1554 727 1646 782 sed
1661 725 1756 781 his
1777 725 1930 781 horis

367 824 663 869 consuetos
697 816 931 884 psalmos
977 827 1031 870 et
1085 817 1408 878 versiculos.
1459 814 1746 886 Trisagion
1801 829 1930 868 vero

368 912 576 959 tantum
598 907 666 962 ad
699 909 932 970 tertiam,
966 919 1252 977 postquam
1284 906 1620 963 benedixerit
1653 907 1926 966 sacerdos,

368 994 587 1055 dicitur,
623 1005 675 1048 et
705 995 997 1050 duodecies
1031 1012 1044 1049 :
1108 1014 1126 1048 ι
1154 996 1315 1067 Kyrie
1347 997 1570 1057 eleison,
1601 1013 1620 1046 ι
1658 994 1748 1061 qui
1789 994 1928 1048 ritus

367 1083 532 1135 etiam
560 1086 612 1137 in
645 1085 774 1138 hora
807 1100 970 1148 nona,
993 1087 1046 1140 in
1075 1086 1444 1155 Completorio
1484 1093 1538 1140 et
1563 1086 1614 1138 in
1651 1083 1929 1138 Matutinis

366 1172 623 1240 precibus
666 1174 721 1228 in
774 1175 1035 1232 honorem
1090 1187 1294 1233 sanctae
1327 1177 1610 1232 Trinitatis
1653 1183 1926 1236 servatur,

368 1273 529 1330 prout
578 1279 828 1320 seorsum
896 1265 1103 1320 dictum
1161 1277 1245 1322 est
1308 1267 1376 1322 de
1450 1265 1616 1320 simili
1679 1263 1926 1318 oratione

369 1351 622 1419 Trisagii.
649 1353 856 1407 Dicitur
873 1364 1077 1419 autem,
1115 1374 1134 1406 ‹
1162 1355 1324 1426 Kyric
1343 1355 1608 1422 cleison,»
1639 1353 1929 1408 duodecies

371 1450 591 1512 propter
629 1443 916 1499 duodecim
959 1445 1065 1499 diei
1111 1456 1163 1500 et
1192 1444 1478 1499 duodecim
1512 1445 1688 1499 noctis
1739 1445 1924 1507 horas,

372 1534 423 1587 in
455 1535 944 1589 sanctiticationem
974 1545 1218 1589 nostram
1249 1544 1302 1588 et
1333 1535 1399 1588 ad
1430 1532 1729 1602 expiandas
1757 1531 1928 1586 oﬂ'en-

369 1639 457 1679 sas
501 1624 552 1677 in
604 1624 684 1678 eis
727 1625 1070 1690 commissas,
1101 1624 1553 1694 quemadmodum
1600 1623 1926 1692 quadragies

367 1713 583 1781 dicitur,
629 1733 645 1764 ‹
685 1714 852 1784 Kyrie
886 1716 1114 1780 eleison,
1150 1736 1164 1763 ι
1219 1715 1288 1767 ob
1336 1728 1428 1767 eas
1478 1728 1614 1781 quas
1650 1713 1933 1767 retulimus

368 1820 583 1859 causas.

827 1895 1054 1952 CAPUT
1122 1893 1470 1950 CCCXXV".

547 1985 619 2040 De
652 1986 882 2042 Psalmis
922 1989 1062 2041 hanc
1087 1991 1270 2052 tertiw,
1308 1996 1468 2041 sexta:
1493 1996 1542 2040 et
1575 1999 1748 2040 name.

443 2077 607 2148 igitur
657 2080 710 2131 in
749 2079 897 2133 horis
944 2079 1194 2149 singulis,
1227 2080 1422 2147 prima,
1457 2079 1637 2144 tertia,
1671 2085 1822 2132 sexta
1874 2086 1928 2131 et

373 2188 513 2225 nona
557 2172 696 2226 istud
733 2171 978 2236 :Venite,
1016 2171 1326 2236 adoremus,
1364 2181 1669 2240 sequuntur
1705 2178 1931 2239 propter

370 2273 609 2317 sanctam
643 2263 968 2318 Trinitatem
1005 2273 1113 2318 tres
1151 2264 1349 2324 psalmi
1397 2264 1461 2317 ad
1498 2263 1688 2318 horam
1721 2275 1934 2317 accom-

372 2354 579 2407 modati
610 2355 662 2408 in
689 2355 950 2410 honorem
976 2354 1258 2412 Trinitatis
1282 2364 1336 2410 et
1366 2355 1650 2410 scientiam
1675 2354 1924 2424 mysterii

369 2447 515 2513 quod
543 2446 592 2497 in
618 2446 716 2499 hac
740 2446 869 2499 hora
903 2447 1196 2515 recolitur;
1232 2455 1285 2500 et
1308 2445 1764 2516 quemadmodum
1796 2445 1928 2498 hora

371 2533 541 2598 prima
579 2523 816 2602 psalmos
847 2535 1350 2590 habetmatutinum
1385 2547 1600 2604 tempus
1628 2550 1930 2589 memoran-

377 2631 456 2675 tes
516 2621 872 2692 divinumque
928 2624 1272 2694 splendorem
1336 2625 1639 2679 indicantes
1707 2633 1929 2692 pmpter

1149 221 1290 280 QYM
1302 221 1522 282 EONIS
1561 223 1848 283 THESSA
1864 207 2308 288 L’)NlCENSlS
2351 230 2702 292 ARCHIEP.

3500 231 3600 296 592

2582 347 2831 403 ΚΕΦΛΑ.
2867 351 3054 418 'rttq'.

2043 463 2177 529 "api
2213 461 2327 514 τῶν
2363 462 2592 516 λοιπῶν
2625 463 2809 532 ὡρῶν.
2839 465 3060 531 τρίτης,
3091 464 3270 530 ἕκτης
3297 463 3396 518 καὶ
3427 462 3602 518 ἐννά-

2347 549 2476 598 της,
2501 533 2652 600 μετὰ
2683 531 2791 599 τῆς
2813 534 3050 600 πρώτης
3076 533 3246 602 ὁμοῦ.

2108 620 2254 692 Αὕτη
2283 618 2374 676 οὖν
2397 625 2428 691 ἡ
2458 623 2555 691 τῆς
2581 623 2804 693 πρώτης
2830 624 2978 691 ὧρας
3000 623 3313 686 ἀκολουθία.
3340 627 3436 680 καὶ
3458 627 3601 680 κατὰ

2034 714 2134 779 τὴν
2155 715 2346 782 τρίτην
2379 715 2529 782 ὥραν
2587 717 2684 768 καὶ
2714 715 2883 782 ἕκτην
2910 716 3115 784 ὁμοίως
3143 716 3404 786 ψάλλεται
3463 719 3603 788 μετά

2033 805 2309 872 διαφόρων
2353 805 2586 874 ψαλμῶν
2629 805 2738 856 τῶν
2801 807 3045 874 συνήθων
3098 807 3192 859 καὶ
3260 809 3602 877 τροπαρίων,

2034 895 2333 962 Τρισαγίου
2376 897 2536 964 μόνον
2575 899 2683 964 πρὸ
2713 896 2814 965 τῆς
2845 896 3037 966 τρίτης
3075 897 3224 969 ὥρας
3247 899 3384 966 μετὰ
3417 899 3480 952 τὸ
3509 901 3602 952 εὐ·

2032 987 2261 1055 λογῆσαι
2313 988 2584 1056 τδνίερέα
2635 987 2956 1056 λεγομένου,
3011 989 3105 1042 καὶ
3162 989 3279 1052 τοῦ,
3320 1006 3340 1040 ι
3405 988 3599 1056 Κύριε,

2034 1079 2278 1148 ἐλέησον,
2325 1099 2342 1129 ι
2375 1079 2580 1133 δώδεκα
2612 1097 2626 1112 ·
2662 1080 2808 1134 ὃκαί
2851 1083 2907 1132 ἐν
2957 1083 3021 1150 τῇ
3079 1080 3278 1152 ἔννάτῃ
3329 1082 3446 1150 ὥρᾳ
3509 1084 3604 1135 καὶ

2032 1168 2143 1228 τοῖς
2165 1167 2509 1229 ἀποδείπνοις
2536 1167 2728 1238 καὶτῷ
2781 1168 2964 1241 ὄρθρῳ
3025 1169 3148 1234 ἔθος
3189 1169 3344 1224 ἐστὶν
3391 1170 3468 1233 ὡς
3525 1173 3606 1234 είς

2031 1256 2129 1322 τὴν
2157 1257 2315 1322 ἁγίαν
2336 1257 2565 1324 Τριάδα,
2621 1258 2697 1321 ὡς
2741 1258 2982 1328 εἴρηται,
3041 1259 3151 1331 ίδίᾳ
3202 1260 3302 1327 τῆς
3347 1258 3606 1327 τοιαύτης

2031 1347 2126 1400 τοῦ
2161 1349 2456 1416 Τρισαγίου
2509 1351 2928 1421 ἀναφερομένης
2991 1352 3329 1420 προσευχῆς.
3389 1349 3500 1402 Καὶ
3522 1349 3602 1412 τὸ,

2037 1457 2055 1489 ι
2095 1438 2287 1508 Κύριε,
2316 1439 2562 1506 ἐλέησον,
2611 1459 2630 1492 ι
2653 1441 2956 1504 δωδεκάκις
2987 1440 3211 1510 λέγεται
3241 1440 3329 1493 διά
3359 1442 3419 1492 τὸ
3443 1440 3607 1493 δωδε-

2031 1532 2244 1598 κάωρον
2271 1535 2367 1600 τῆς
2397 1532 2628 1600 ἡμέρας,
2661 1533 2754 1585 καὶ
2786 1533 2847 1584 τδ
2877 1534 3226 1601 δωδεκάωρον
3254 1531 3350 1598 τῆς
3388 1530 3602 1594 νυκτὸς,

2035 1617 2112 1678 εἷς
2137 1619 2405 1688 ἀγιασμέρν
2430 1619 2585 1688 ἡμῶν
2617 1620 2709 1674 καὶ
2735 1620 3004 1692 κάθαρσιν
3028 1622 3135 1674 ἀπὸ
3162 1638 3271 1672 των
3299 1620 3356 1673 ἐν
3380 1619 3605 1682 ταύταις

2035 1711 2411 1778 πταισμάτων,
2434 1710 2508 1772 ὡς
2531 1713 2625 1764 καὶ
2641 1713 3048 1781 τεσσαράκοντα
3076 1712 3156 1772 τὸ,
3191 1730 3209 1763 t
3235 1713 3432 1782 Κύριε,
3455 1711 3605 1780 ἐλέη-

2039 1815 2148 1863 σον,
2195 1817 2212 1850 ι
2249 1799 2304 1850 ἐν
2343 1800 2547 1872 ἑκάστῃ
2569 1799 2688 1871 ὥρα
2718 1802 2789 1855 δι’
2817 1802 2880 1864 ἀς
2916 1804 3142 1870 εῐιτομεν
3183 1801 3384 1864 αίτίας.

2586 1892 2838 1944 ΚΕΦΑΛ.
2867 1892 3041 1948 ΤΚΖ⁹.

2038 1981 2176 2049 Περὶ
2206 1982 2323 2035 τῶν
2349 1980 2614 2050 Ψαλμῶν
2639 1981 2749 2050 τῆς
2765 1983 2986 2051 τρίτης,
3005 1983 3186 2050 ἕκτης
3205 1982 3304 2036 καί
3325 1981 3603 2048 ἐννόειπς.

2109 2071 2200 2125 Ἐν
2216 2071 2421 2142 ἑκάστῃ
2438 2071 2530 2124 οὖν
2549 2070 2668 2141 ὥρᾳ
2690 2072 2906 2144 πρώτῃ,
2937 2071 3118 2142 τρίτῃ,
3138 2071 3274 2142 ἕκτῃ
3292 2073 3386 2124 καὶ
3409 2073 3606 2142 ἒννάτῃ

2037 2161 2120 2224 τὸ,
2164 2179 2183 2212 ι
2225 2159 2386 2215 Δεῦτε
2439 2162 2934 2232 προσκυνήσωμεν,
2971 2180 2989 2214 ι
3039 2162 3152 2231 ἔχει
3208 2163 3327 2232 τρὶς
3371 2162 3461 2216 διά
3505 2162 3605 2234 τὴν

2043 2256 2206 2322 ἁγίαν
2240 2256 2444 2326 Τριάδα
2468 2255 2718 2325 ψαλμοὺς
2776 2256 2926 2325 τρεῖς
2975 2255 3070 2308 καὶ
3120 2252 3412 2323 ἀρμοδίους
3465 2251 3604 2322 πρὸς

2039 2347 2137 2415 τὴν
2161 2347 2328 2417 ὤραν,
2353 2347 2440 2400 διὰ
2471 2348 2638 2418 τιμὴν
2675 2347 2775 2416 τῆς
2837 2345 3070 2415 Τριάδος
3113 2346 3208 2401 καὶ
3254 2346 3355 2417 τήν
3400 2344 3604 2413 γνῶσιν

2041 2441 2134 2494 τοῦ
2161 2443 2218 2492 ὲν
2245 2445 2308 2510 τῇ
2341 2441 2460 2511 ὥρᾳ
2494 2439 2818 2510 μυστηρίου,
2846 2440 2939 2491 καὶ
2962 2439 3038 2501 ὡς
3069 2444 3101 2506 ἡ
3127 2436 3317 2507 πρώτη
3336 2436 3455 2504 ὥρα
3472 2436 3602 2498 τοὺς

2043 2531 2422 2598 μεμνημένους
2445 2529 2540 2582 τοῦ
2571 2527 2717 2601 πρωῒ
2737 2528 2990 2598 ψαλμοὺς
3019 2529 3110 2602 καὶ
3146 2528 3246 2596 τῆς
3273 2527 3426 2590 θείας
3453 2526 3600 2595 λαμ-

2041 2623 2316 2691 πρότητος
2351 2622 2458 2675 ἀπὸ
2483 2621 2583 2690 τῆς
2614 2620 2984 2689 ἀναλάμψεως
3012 2621 3112 2689 τῆς
3146 2619 3401 2688 ἡλιακῆς,
3427 2617 3604 2682 οὕτως

368 2711 730 2766 radiationem
803 2712 956 2775 solis,
1015 2713 1089 2766 ita
1148 2723 1202 2767 et
1245 2714 1416 2767 tertiae
1469 2711 1661 2782 psalmi
1706 2721 1932 2766 narrant

2039 2716 2087 2766 οί
2117 2714 2214 2779 τῆς
2242 2713 2456 2782 τρίτης,
2499 2711 2568 2765 τά
2591 2711 2722 2781 περὶ
2749 2710 2846 2764 τοῦ
2876 2710 3029 2762 δόλου
3071 2711 3180 2763 τῶν
3197 2709 3470 2764 Ἰουδαίων
3509 2709 3604 2762 καὶ

369 2803 522 2856 dolos
550 2801 862 2858 .Iudaeorum
901 2806 1149 2875 malaque
1170 2820 1359 2859 eorum
1398 2805 1451 2858 in
1477 2804 1756 2860 Christum
1798 2818 1933 2858 con~

2039 2805 2136 2872 τῆς
2167 2803 2465 2871 ἐπιϐουλῆς
2497 2803 2592 2871 τῆς
2618 2803 2700 2865 είς
2738 2802 2994 2872 Χριστόν.
3047 2802 3110 2854 '0
3137 2801 3194 2854 δὲ
3237 2799 3544 2863 τελευταῖος
3574 2801 3602 2852 ὁ

372 2893 492 2946 Silia
520 2909 534 2959 ;
567 2893 796 2949 ultimus
822 2910 951 2948 vero
1002 2905 1190 2964 utpote
1230 2895 1719 2964 quinquagesimus
1755 2895 1929 2949 divini

2041 2894 2406 2960 πεντηκοστὸς
2459 2891 2557 2956 ὢν,
2587 2896 2654 2946 τὰ
2686 2892 2810 2961 περὶ
2843 2893 2942 2962 τῆς
2983 2893 3284 2962 ἐπιδημίας
3323 2891 3419 2946 τοῦ
3453 2891 3599 2944 θείου

374 2981 616 3050 Spiritus
644 2981 938 3037 adventum
979 2976 1270 3053 signiﬁcat.
1310 2983 1511 3038 Psalmi
1548 2994 1733 3038 autem
1770 2994 1934 3039 sexta:

2047 2985 2392 3053 Πνεύματος.
2425 2985 2486 3036 Οί
2515 2983 2570 3036 δὲ
2601 2987 2698 3053 τῆς
2731 2983 2897 3052 ἕκτης
2928 2983 3078 3055 ὥρας
3099 2983 3200 3054 τὴν
3230 2984 3601 3037 ἐπανάστασιν

375 3072 522 3127 hora:
579 3072 796 3128 Judaeos
837 3074 1137 3129 ostendunt
1194 3076 1466 3129 irrncutcs
1526 3085 1581 3129 et
1624 3083 1931 3144 quaerentes

2039 3072 2250 3146 δηλοῦσι
2284 3075 2398 3128 τῶν
2427 3075 2724 3139 Ἰουδαίων,
2758 3075 2854 3128 καὶ
2884 3075 2944 3127 τὸ
2976 3075 3212 3144 ζητῆσαι
3260 3075 3360 3145 τὴν
3422 3075 3598 3144 ψυχὴν

370 3167 605 3220 animam
670 3165 908 3228 Domini,
983 3180 1217 3235 eumque
1271 3165 1607 3230 occidentes,
1669 3165 1929 3235 quoniam

2039 3164 2123 3217 τοῦ
2155 3165 2386 3234 Κυρίου,
2420 3166 2514 3217 καὶ
2535 3164 2848 3218 θανατῶσαι
2880 3166 3062 3230 αὐτὸν,
3093 3165 3217 3217 ἐπεὶ
3247 3165 3409 3217 αὐτὸν
3461 3166 3600 3217 κατά

373 3258 516 3310 circa
581 3258 768 3312 horam
815 3265 1025 3312 sextam
1075 3257 1471 3312 cruciﬁxeruut
1523 3269 1669 3316 eum,
1717 3267 1932 3307 necnon

2039 3257 2127 3326 τὴν
2159 3257 2329 3325 ἓκτην
2364 3256 2718 3326 ἐσταύρωσαν
2745 3258 2915 3328 ὥραν,
2961 3258 3054 3310 καὶ
3108 3257 3170 3308 τὸ
3210 3256 3400 3309 λυπεῖν
3438 3256 3600 3308 αὑτὸν

371 3363 493 3400 eum
528 3346 824 3402 allicientes
847 3347 1112 3402 conviciis
1142 3356 1193 3400 et
1227 3346 1443 3414 injuriis
1478 3359 1542 3398 ac
1565 3345 1621 3397 in
1674 3343 1750 3396 ira
1777 3357 1932 3412 gras-

372 3444 578 3498 santes,
611 3443 812 3488 terram
840 3449 1057 3504 quoque
1081 3444 1406 3489 commotam
1434 3443 1487 3486 et
1512 3431 1750 3487 tenebris
1773 3447 1936 3501 oper-

373 3537 506 3588 tam,
541 3540 604 3578 ae
645 3515 864 3580 caetera.
907 3526 1146 3580 Ultimus
1179 3535 1359 3578 autent
1409 3524 1672 3578 auxilium
1708 3539 1739 3578 a
1779 3523 1936 3578 Patre

355 3600 498 3667 'dmn
567 3615 917 3668 tribularetur
959 3616 1260 3684 praestitum
1319 3614 1589 3680 exhibet;
1639 3615 1718 3668 ait
1747 3613 1933 3668 enim:

378 3724 394 3755 ι
430 3703 532 3769 Qui
559 3707 766 3760 habitat
805 3706 862 3758 in
890 3706 1169 3774 adjutorio
1190 3705 1478 3770 Altissimi,
1509 3723 1528 3757 ι
1573 3714 1627 3761 et
1654 3707 1934 3766 victoriam

375 3815 440 3852 cx
483 3798 697 3852 inferno
744 3807 1070 3866 reportatam
1102 3800 1156 3852 in
1193 3799 1281 3854 his
1307 3817 1320 3853 :
1347 3818 1364 3851 ι
1391 3800 1565 3870 Super
1593 3801 1836 3869 aspidem
1883 3809 1938 3855 et

378 3885 686 3943 basiliscum
731 3889 1063 3953 ambulabis,
1101 3907 1122 3940 ι
1174 3898 1232 3945 et
1281 3897 1498 3946 ctetera.
1555 3889 1724 3946 Porro
1779 3904 1938 3946 nona:

377 3979 568 4046 psalmi
617 3980 850 4034 salutem
897 3989 1142 4036 nostram
1191 3980 1528 4052 patefaciunt
1574 3997 1670 4052 per
1700 3992 1935 4038 mortem

375 4067 583 4122 Christi
637 4080 691 4126 et
743 4070 1180 4130 interiectionem
1218 4075 1394 4128 sancti
1424 4074 1545 4142 ejus
1596 4073 1935 4128 tabernaculi

377 4168 772 4228 comparatam,
830 4172 887 4218 et
953 4163 1214 4233 quoniam
1247 4165 1387 4219 Deus
1427 4164 1582 4230 vivit,
1617 4166 1721 4221 etsi
1771 4179 1938 4220 carne

376 4257 598 4315 propter
660 4263 758 4304 nos
815 4258 1060 4305 mortuus
1087 4251 1270 4317 fuerit,
1316 4262 1370 4308 et
1400 4255 1573 4309 altare
1626 4267 1727 4323 pro
1775 4254 1937 4308 nobis

2033 3351 2090 3402 ὲν
2118 3351 2231 3412 τοῖς
2259 3351 2587 3419 χλευασμοϊς
2606 3350 2700 3403 καὶ
2728 3353 2846 3412 ταῖς
2879 3349 3094 3420 ὕϐρεσι,
3121 3351 3214 3404 καὶ
3245 3351 3302 3400 ὲν
3329 3349 3466 3418 ὀργῇ
3511 3349 3604 3414 ἔγ-

2032 3441 2234 3502 κοτεῖν,
2263 3442 2357 3494 καὶ
2379 3441 2440 3494 τὸ
2468 3441 2675 3510 τρόμον
2705 3441 2962 3508 γενέσθαι
2995 3442 3054 3494 ὲν
3083 3442 3148 3508 τῇ
3181 3441 3278 3509 γῇ,
3318 3441 3412 3491 καὶ
3474 3439 3602 3492 σκό-

2034 3547 2126 3593 τος
2159 3529 2328 3599 αὑτὴν
2359 3530 2617 3599 καλύψαι,
2649 3531 2747 3584 καὶ
2772 3529 2843 3582 τὰ
2875 3530 3060 3584 λοιπά.
3113 3528 3172 3582 '0
3201 3528 3258 3581 δὲ
3289 3528 3602 3590 τελευταῖος

2033 3625 2132 3694 τὴν
2183 3625 2289 3678 ἀπὸ
2331 3625 2428 3680 τοῦ
2481 3625 2697 3694 Πατρὸς
2753 3627 2812 3678 ὲν
2873 3625 2953 3696 τῷ
2988 3625 3272 3678 θλίϐεσθαι
3327 3622 3600 3693 βοήθειαν,

2039 3729 2058 3764 ι
2081 3713 2142 3768 '0
2169 3712 2442 3767 κατοικῶν
2471 3714 2600 3781 γάρ,
2623 3715 2806 3783 φησιν,
2827 3715 2885 3764 ἐν
2914 3713 3137 3782 βοηθείᾳ
3155 3711 3250 3764 τοῦ
3283 3710 3598 3780 ’Υψίστουμ

2035 3805 2128 3856 καὶ
2156 3797 2262 3870 ’τὴν
2288 3803 2426 3855 κατὰ
2443 3804 2535 3854 τοῦ
2564 3803 2692 3871 ᾅδου
2732 3801 2910 3870 νίκην,
2948 3802 3022 3864 ὡς
3055 3820 3074 3854 ι
3119 3801 3240 3854 Ἐπὶ
3270 3801 3470 3853 ἀσπίδα
3509 3799 3603 3851 καὶ

2037 3893 2351 3962 βασιλίσκον
2389 3892 2731 3961 ἐπιϐήσεται,
2766 3911 2786 3944 ι
2823 3893 2918 3944 καὶ
2951 3893 3019 3945 τὰ
3051 3891 3199 3959 ἑξῆς.
3236 3891 3348 3959 Τῆς
3375 3889 3604 3959 ὲννάτης

2037 3984 2095 4036 δὲ
2128 3985 2177 4036 oi
2205 3984 2435 4052 ψαλμοὶ,
2465 3983 2564 4051 τὴν
2585 3984 2672 4036 διὰ
2703 3983 2936 4035 θανάτου
2975 3981 3217 4049 Χριστοῦ
3242 3981 3340 4035 καὶ
3382 3980 3480 4047 τῆς
3518 3995 3606 4031 νε-

2037 4074 2298 4143 κρὼσειως
2319 4074 2412 4126 τοῦ
2451 4074 2608 4139 άγίου
2638 4071 2998 4141 σκηνώματος
3023 4069 3188 4124 αὐτοῦ
3225 4069 3398 4138 ’ἡμῶν
3431 4085 3607 4136 σωτηφ

2041 4167 2161 4235 ρίαν
2195 4182 2208 4196 ’
2245 4167 2340 4220 καὶ
2373 4167 2456 4218 ὅτι
2482 4167 2614 4227 Θεὸς
2636 4163 2746 4227 ζῶν
2775 4166 2940 4228 ἔστιν,
2969 4163 3019 4214 εί
3047 4163 3144 4217 καὶ
3174 4162 3406 4231 τέθνηκε
3439 4162 3609 4228 σαρκὶ

2038 4258 2107 4309 δι’
2141 4258 2288 4327 ἡμᾶς
2324 4273 2336 4286 ·
2390 4257 2488 4310 καὶ
2529 4256 2917 4326 θυσιαστήριον
2973 4257 3198 4322 γέγονεν
3253 4253 3394 4323 ὑπὲρ
3447 4252 3604 4322 ἡμῶν

379 4337 554 4392 factus
583 4347 760 4404 est,et
789 4340 1122 4410 adiutorium
1157 4352 1266 4397 tam
1287 4343 1428 4398 vivis
1447 4359 1608 4414 quam
1639 4345 1695 4399 in
1724 4343 1936 4400 inferno

2043 4347 2133 4400 ml.
2151 4347 2433 4416 ἀντίληψις
2451 4347 2565 4407 τοῖς
2585 4362 2641 4398 τε
2683 4345 2818 4408 ζῶσι
2851 4345 2945 4397 καὶ
2983 4346 3039 4397 ἐν
3087 4343 3166 4414 τῷ
3229 4343 3332 4415 ᾅδῃ
3391 4344 3473 4406 είς
3508 4342 3606 4395 τὸν

378 4427 433 4483 in
469 4430 591 4484 loco
627 4429 854 4488 ﬂetuum
905 4435 1272 4502 gementibus,
1315 4451 1526 4492 necnon
1564 4438 1705 4493 bona
1757 4436 1939 4491 factus

377 4526 461 4572 est
486 4518 537 4574 in
567 4529 710 4576 terra
741 4524 1114 4592 exspectatio;
1172 4527 1636 4595 et-captivitatem
1688 4534 1936 4583 nostram

376 4613 667 4675 convertit.
688 4613 899 4668 scilicet
919 4614 1132 4669 animas
1158 4625 1396 4679 nostras.
1419 4625 1473 4672 et
1499 4626 1726 4687 peccata
1751 4629 1940 4673 nostra

379 4702 622 4769 remisit;
681 4711 736 4757 et.
759 4717 1061 4782 conversus
1086 4707 1382 4762 viviﬁcavit
1409 4720 1528 4771 nos,
1560 4716 1614 4761 et
1642 4706 1798 4777 plebs
1821 4708 1944 4777 ejus

379 4785 555 4845 laetata
574 4801 661 4846 est
708 4794 764 4848 in
798 4808 884 4860 eo,
938 4811 1129 4865 nempe
1176 4796 1232 4850 in
1268 4797 1674 4852 resurrectione
1701 4799 1852 4865 ejus;
1888 4806 1946 4854 et

379 4894 570 4948 pacem
627 4880 845 4938 locutus
896 4895 999 4952 est,
1036 4901 1250 4942 necnon
1303 4887 1678 4942 misericordia
1726 4895 1782 4942 et
1840 4903 1943 4958 pax

382 4972 650 5025 osculatae
677 4982 827 5038 sunt,
877 4985 932 5031 et
960 4976 1171 5044 iustitia
1211 4979 1279 5034 de
1306 4977 1443 5033 caelo
1470 4980 1770 5048 prospexit,
1807 4996 1946 5050 quo-

391 5063 540 5116 niam
591 5079 686 5132 per
713 5073 941 5118 mortem
966 5065 1220 5122 Christus
1251 5078 1482 5124 mortem
1526 5069 1840 5133 interfecit;
1891 5082 1948 5124 et

387 5161 530 5208 terra
548 5154 696 5211 dabit
717 5155 952 5211 fructum
973 5172 1158 5222 suum,
1179 5159 1431 5215 videlicet
1465 5161 1754 5216 Dominum
1781 5175 1946 5214 carne

379 5255 773 5316 resurgentem.
818 5248 1054 5305 Ultimus
1074 5260 1276 5320 \autem
1325 5251 1616 5322 psalmus:
1665 5270 1684 5302 ι
1713 5251 1939 5314 lnclina,

383 5336 634 5402 Domine,
668 5360 689 5394 ι
729 5342 846 5397 haec
871 5343 1054 5398 omnia
1075 5342 1366 5413 signiﬁcat,
1394 5345 1732 5412 etquoniam
1759 5346 1947 5412 justus

384 5437 549 5490 estet
587 5431 793 5502 absque
823 5444 1050 5504 peccato
1075 5437 1167 5506 qui
1205 5451 1303 5506 pro
1339 5436 1498 5491 nobis
1534 5435 1830 5491 cruciﬁxus
1859 5445 1946 5490 est

385 5527 438 5571 et
467 5529 735 5589 mortuus,
769 5536 824 5580 et
859 5526 1148 5583 miserator
1185 5541 1239 5583 et
1281 5530 1512 5585 multum
1543 5526 1857 5582 misericors
1889 5535 1946 5580 et

383 5617 573 5674 verax,
603 5619 656 5665 et
695 5613 845 5671 dedit
875 5617 1035 5673 nobis
1080 5617 1457 5675 fortitudinem
1488 5632 1552 5672 ac
1613 5613 1940 5682 sibimetipsi

2042 4438 2207 4490 τόπον
2238 4432 2359 4490 οὖσι
2388 4435 2483 4490 τοῦ
2509 4435 2863 4504 κλαυθμῶνος
2898 4451 2911 4465 ·
2970 4435 3068 4488 καὶ¹
3115 4434 3331 4489 εὐδοκία
3384 4434 3607 4501 γέγονεν

2043 4531 2101 4582 ὲν
2130 4532 2202 4599 τῇ
2232 4530 2302 4598 γῇ
2335 4545 2349 4559 ·
2382 4528 2478 4580 καὶ
2507 4526 2606 4596 τὴν
2635 4525 3016 4595 αἰχμαλωσίαν
3049 4525 3206 4595 ἡμῶν
3273 4524 3604 4592 ἀπέστρεψε,

2043 4623 2141 4684 τὰς
2212 4620 2490 4689 ἡμετέρας
2551 4617 2730 4685 ψυχάς
2763 4633 2778 4649 ο
2835 4617 2931 4668 καὶ
2999 4615 3100 4678 τὰς
3163 4616 3393 4685 ἀνομίας
3449 4616 3606 4683 ήμῶν

2045 4713 2226 4780 ἀφῆκε
2254 4725 2268 4738 ·
2295 4709 2390 4762 καὶ
2418 4707 2750 4778 ἐπιστρέψας
2792 4705 3041 4769 ὲξὼωσεν
3064 4705 3236 4774 ἡμᾶς,
3272 4706 3366 4758 καὶ
3401 4705 3609 4775 ηὔφρα-

2046 4820 2102 4856 νε
2126 4802 2218 4854 τὸν
2253 4799 2381 4854 λαὸν
2411 4799 2576 4853 αὑτοῦ
2605 4801 2672 4868 τῇ
2706 4798 3000 4851 ἀναστάσει
3029 4796 3195 4849 αὐτοῦ
3224 4813 3237 4826 ·
3268 4797 3363 4848 καὶ
3395 4797 3496 4865 τὴν
3534 4797 3611 4848 εἰς

2050 4895 2217 4961 ρὴνην
2245 4889 2498 4960 ἐλάλησε,
2531 4888 2626 4940 καὶ
2665 4888 2813 4950 ἕλεος
2844 4889 2940 4944 καὶ⁵
3000 4887 3230 4954 ἀλήθεια
3259 4887 3556 4956 συνήντησε
3590 4899 3609 4917 ⁸

2046 4984 2142 5036 καὶ
2170 4981 2488 5052 δικαιοσύνη
2515 4983 2580 5035 ὲκ
2610 4981 2707 5036 τοῦ
2763 4978 2994 5049 οὐρανοῦ
3041 4978 3316 5045 διέκυψεν,
3349 4978 3470 5030 ἐπεὶ
3521 4975 3612 5030 διὰ

2049 5073 2282 5126 θανάτου
2312 5071 2545 5140 Χριστὸς
2574 5071 2666 5124 τὸν
2691 5071 2926 5123 θάνατον
2955 5067 3113 5121 ἔλυσε
3151 5084 3167 5100 ο
3221 5068 3319 5123 καὶ
3347 5069 3382 5136 ἠ
3415 5067 3490 5134 γῆ
3510 5065 3610 5119 δὼς

2051 5182 2133 5218 σει
2175 5165 2267 5218 τὸν
2296 5163 2511 5233 καρπὸν
2541 5161 2736 5230 αὐτῆς,
2758 5161 2853 5214 τὸν
2877 5161 3040 5230 σαρκὶ
3066 5158 3404 5212 ἀναστάντα.
3436 5157 3550 5210 Καὶ
3584 5157 3613 5210 ὁ

2049 5255 2363 5318 τελευταῖος
2381 5254 2441 5307 δὲ
2473 5254 2553 5318 τδ,
2589 5271 2608 5305 ι
2646 5251 2861 5316 Κλῖνον,
2894 5251 3092 5320 Κύριε,
3131 5239 3168 5300 »Α
3199 5249 3380 5302 πάντα
3440 5247 3615 5302 ταῦτα

2051 5346 2330 5416 σημαίνει,
2372 5345 2468 5399 καὶ
2511 5345 2595 5398 ὅτι
2647 5345 2797 5405 ὅσιος
2831 5343 2926 5396 καὶ
2975 5339 3361 5411 ἀναμάρτητος
3407 5339 3437 5392 ὁ
3471 5338 3614 5408 ὑπὲρ

2049 5436 2207 5506 ὴμῶν
2259 5436 2597 5505 σταυρωθεὶς
2644 5435 2766 5487 καὶο
2801 5431 3114 5495 ἀποθανὼν,
3148 5431 3243 5484 καὶ
3288 5429 3612 5497 οἰκτίρμων,

2050 5530 2145 5582 καὶ
2165 5527 2469 5591 πολυέλεος,
2504 5529 2602 5580 καὶ
2629 5525 2884 5596 ἀληθινός
2905 5540 2919 5554 ⁸
2954 5523 3049 5577 καὶ
3069 5523 3273 5577 ἔδωκεν
3301 5522 3436 5592 ἡμῖν
3463 5518 3604 5591 κρά-

2049 5635 2140 5680 τος
2165 5635 2180 5650 ⁸
2213 5618 2374 5689 230
2404 5616 2499 5671 καὶ
2529 5615 2727 5686 ἑαυτῷ,
2761 5615 2863 5687 υἱῷ
2885 5615 2986 5684 τῆς
3010 5613 3298 5684 παιδίσκης
3320 5610 3485 5665 αὐτοῦ
3514 5625 3612 5680 γε-
