4108 6262
583 461 692 525 593

1723 469 1822 528 DE
1856 471 2094 530 SACRA
2130 473 2636 536 PRECATIONE.

3715 478 3739 538 ε
3750 480 3824 542 94

579 576 796 646 νομένῳ
826 575 922 642 τῆς
967 575 1337 647 Θεομήτορος,
1369 577 1465 632 καὶ
1515 583 1742 649 σημεῖον
1792 583 1872 644 είς
1922 585 2149 650 ἀγαθὸν,

2261 587 2368 644 [ilio
2401 589 2594 656 puellae
2630 601 2744 642 sum
2775 587 2916 642 facto
2943 586 3206 656 Deipara,
3238 587 3565 658 signumque
3585 587 3814 656 praebuit

579 666 676 719 τὸν
701 666 936 735 σταυρὸν
958 666 1126 751 αὐτοῖς
1161 668 1256 721 καὶ
1276 667 1376 738 τὴν
1400 669 1642 739 ἔγερσιν,
1672 673 1741 724 δι’
1772 666 1833 724 οὗ
1863 676 1955 726 καὶ
1974 692 2148 757 κατη-

581 757 894 828 σχύνθησαν
923 759 973 814 οἱ
1010 759 1195 828 ἐχθροὶ
1225 759 1414 816 αὑτοῦ.
1448 759 1582 815 Εἶτα
1608 763 1702 816 καὶ
1735 765 2030 836 τροπάρια,
2058 769 2151 819 καὶ

577 848 648 900 τὰ
685 849 918 917 καθεξῆς
945 865 960 882 ·
1006 853 1103 904 καὶ
1123 851 1437 904 τελευταῖον
1471 853 1568 915 τὰς
1603 853 1792 922 εὐχὰς,
1821 856 1897 919 ὡς
1923 858 2151 927 εἰρήκα-

584 956 706 1007 μεν,
740 943 883 994 κατὰ
905 941 1002 1010 τὴν
1027 941 1175 1011 ῶραν
1210 942 1534 1011 ἁρμοδίους.
1576 945 1635 997 '0
1666 944 1723 997 δέ
1750 962 1813 1013 γε
1864 947 2152 1014 ἑσπερινδς

507 1016 512 1021 ’
580 1028 789 1097 γίνεται
817 1030 960 1085 οὕτω
992 1049 1006 1064 ο
1045 1032 1248 1100 μᾶλλον
1271 1034 1328 1086 δὲ
1351 1033 1623 1105 πρότερον
1657 1038 1756 1104 μὲν
1793 1036 1909 1105 ἅμα
1937 1040 2002 1108 τῇ
2034 1056 2150 1104 τρι-

583 1123 746 1190 θέκτῃ
781 1122 847 1175 τὰ
878 1123 1158 1192 λεγόμενα
1179 1126 1389 1178 τυπικὰ
1416 1125 1700 1195 ψάλλεται.
1757 1128 1869 1182 Καὶ
1916 1130 2018 1198 δρα
2064 1131 2150 1182 εὐ-

582 1213 888 1280 ταξίανκαὶ
910 1215 1114 1280 γνῶσιν
1144 1217 1342 1286 εὐσεϐῆ
1371 1219 1466 1271 καλ⁹
1497 1221 1766 1290 μεγίστην
1786 1221 1886 1290 τῆς
1923 1221 2152 1290 Ἐκκλη-

584 1305 727 1368 σίας.
777 1307 985 1376 Ἐπειδὴ
1009 1309 1116 1376 γὰρ
1147 1309 1205 1360 τὸ
1233 1309 1472 1380 συνεχῶς
1508 1311 1653 1364 κατὰ
1681 1311 2032 1382 διαστήματα
2056 1319 2151 1366 καὶ

579 1397 854 1465 διακοπὴν
918 1397 1080 1466 ὡρῶν
1121 1397 1250 1461 τοὺς
1284 1399 1489 1468 ὕμνους
1522 1401 1841 1472 ἀναφέρειν,
1892 1401 1968 1465 ῶς
2027 1419 2151 1456 τινα

583 1486 861 1556 ῥᾳθυμίαν
916 1487 1092 1540 τίκτει
1150 1490 1247 1541 καὶ
1287 1490 1542 1559 ἀκηδίαν,
1593 1491 1688 1547 καὶ
1729 1493 1968 1562 μάλιστα
2032 1495 2149 1558 ταῖς

578 1579 686 1631 τῶν
717 1580 1088 1652 ἀτελεστέρων
1145 1583 1369 1651 ψυχαῖς,
1423 1584 1472 1636 oi
1495 1583 1632 1638 θεῖοι
1667 1585 1910 1656 Πατέρες
1971 1586 2150 1655 ἡμῶν,

580 1672 708 1740 θείῳ
743 1671 1050 1742 κινούμενοι
1080 1672 1377 1743 Πνεύματι,
1404 1674 1589 1739 καλῶς
1645 1676 1708 1730 τὸ
1765 1677 2149 1747 ῥηθησόμενον

578 1765 901 1831 ἐπενόησαν,
933 1764 1050 1834 ἃμα
1093 1766 1194 1835 μὲν
1228 1767 1325 1820 καὶ
1367 1767 1551 1831 πάσας
1587 1768 1730 1822 κατὰ
1781 1769 2034 1839 διαδοχὴν
2063 1771 2149 1838 γε-

578 1857 768 1910 νεσθαι
801 1859 902 1921 τὰς
935 1857 1248 1926 δοξολογίας
1278 1859 1752 1930 προμηθούμενοι,
1784 1859 1903 1930 ἅμα
1946 1861 2002 1913 δὲ
2058 1861 2151 1914 xai.

575 1947 806 2016 ἀκηδίας
834 1950 923 2001 καὶ⁷
955 1950 1221 2019 ἀμελείας
1257 1953 1439 2021 σοφῶς
1458 1951 1857 2022 διορθούμενοι.

1129 2063 1350 2116 ΚΕΦΑΛ
1363 2102 1375 2115 .
1417 2063 1507 2116 ΤΚ
1519 2064 1599 2118 H'.
1667 2064 1669 2067 ’

576 2168 695 2222 Ὅτι
727 2169 915 2247 stridat
948 2175 1008 2247 ai
1037 2173 1483 2247 ᾀκολουθίαι-ἐν
1514 2179 1668 2244 τρισί
1703 2179 1929 2247 καιροῖς
1952 2179 2152 2244 καλῶς

645 2240 946 2316 τελεῖσθαι
975 2242 1340 2316 ἐτάχθησαν,
1366 2245 1481 2316 διά
1513 2240 1576 2316 τε
1613 2240 1813 2316 τιμὴν⁷
1840 2240 1948 2315 τῆς
1992 2240 2151 2316 Τριάὲ

645 2309 772 2376 δος,
799 2313 897 2364 καὶ
933 2313 1100 2381 τὸμὴ
1125 2315 1419 2382 ῥᾳθυμεῖν
1450 2314 1628 2384 ἡμᾶς.

645 2465 736 2517 Διδ
767 2468 860 2517 καὶ
895 2467 955 2517 ὲν
985 2469 1194 2534 καιροῖς
1214 2469 1395 2535 τρισὶν
1416 2469 1822 2538 ἀπαραιτήτοις
1850 2475 1940 2523 καὶ
1978 2473 2152 2536 ἀναγ-

575 2553 885 2620 καιοτέροις
906 2555 985 2616 είς
1009 2554 1171 2618 δόξαν
1206 2556 1302 2608 καὶ
1321 2556 1487 2628 τιμὴν
1519 2555 1614 2609 τοῦ
1663 2557 1801 2610 Θεοῦ
1834 2559 1997 2627 ἡμῶν
2053 2562 2152 2626 τῆς

577 2644 910 2714 ύπερουσίου
963 2645 1196 2715 Τριάδος
1251 2647 1438 2710 πάσας
1512 2647 1826 2712 διετάξαντο
1878 2649 2149 2717 γίνεσθαι.

577 2735 688 2788 Ka‘t
743 2734 964 2804 πρῶτον
1023 2735 1124 2805 μὲν
1172 2738 1266 2791 τὸν
1330 2736 1471 2806 μετὰ
1531 2741 1591 2793 τὸ
1639 2739 1994 2810 μεσονύκτιον
2023 2741 2151 2813 ἄχρι

578 2827 795 2898 πρωῖας
843 2827 1060 2898 καιρὸν,
1109 2828 1204 2882 καὶ
1234 2832 1385 2898 τρεῖς
1439 2830 1624 2898 λέγειν
1677 2833 2023 2896 ἀκολουθίας,
2059 2837 2152 2888 καὶ

578 2919 742 2973 τοῦτο
775 2923 855 2984 εἰς
893 2921 1235 2992 ἅνακήρυξιν
1267 2923 1368 2990 τῆς
1399 2923 1630 2993 Τριάδος
1657 2925 1748 2978 καὶ
1771 2925 1948 2991 δόξαν.
1983 2920 2153 2980 Δῦται

579 3012 639 3064 δέ
672 3013 814 3066 εἰσιν
845 3013 879 3083 ἡ
914 3011 1007 3066 τοῦ
1040 3013 1470 3082 μεσονυκτικοῦ,
1519 3016 1553 3084 ἡ
1603 3015 1700 3069 τοῦ
1730 3016 1949 3086 ὄρθρου,
2000 3021 2092 3072 καὶ
2120 3020 2154 3088 ἡ

575 3105 680 3173 τῆς
709 3106 935 3176 πρώτης
968 3105 1137 3177 ὥρας,
1175 3107 1296 3160 καθ’
1324 3108 1525 3177 ἑαυτὴν
1554 3109 1654 3177 μὲν
1694 3106 1848 3174 οὖσα,
1891 3112 2152 3180 ἑνουμὲνη

578 3197 636 3251 δέ
665 3214 728 3264 γε
760 3196 840 3265 τῷ
861 3195 1064 3268 ὄρθρῳ,
1089 3199 1184 3252 καὶ
1214 3198 1393 3266 μῂείς
1425 3198 1526 3261 τὰς
1555 3202 1697 3253 ἑπτὰ
1727 3202 1963 3265 αίνέσεις
1992 3203 2152 3271 ἀριθ-

2260 679 2316 732 ἰη
2353 680 2577 742 bonum,
2607 693 2826 733 crucem
2854 693 3007 733 suam
3042 688 3096 733 et
3118 679 3598 744 resurrectionem,
3621 679 3821 748 quibus

2257 768 2581 824 confusione
2612 770 2784 838 operti
2815 777 2942 823 sunt
2989 769 3198 823 inimici
3236 769 3375 838 ejus.
3438 769 3634 824 Postea
3686 770 3821 823 ﬁunt

2257 859 2511 912 versiculi
2539 867 2594 912 et
2620 870 2838 924 caetera,
2865 874 2928 914 ac
2974 860 3194 914 tandem
3228 874 3438 928 preces,
3471 871 3528 915 ut
3560 862 3816 926 diximus,

2257 949 2408 1002 boris
2445 948 2895 1005 accommodatae.
2947 949 3216 1005 Similiter
3270 959 3506 1020 aguntur
3549 966 3813 1020 vesperae,

2257 1034 2402 1088 dicta
2452 1045 2632 1090 autem
2687 1037 2864 1106 typica
2899 1039 3198 1106 praesertim
3236 1038 3292 1093 in
3343 1039 3503 1094 tertia
3561 1050 3821 1109 sextaque

2255 1125 2388 1178 hora
2405 1134 2718 1180 cantantur.
2751 1126 2886 1180 Vide
2915 1130 3193 1199 egregium
3225 1131 3470 1186 ordinem
3497 1134 3749 1202 piamque
3771 1143 3824 1187 et

2255 1216 2509 1270 eximiam
2548 1216 2803 1272 Ecclesiae
2837 1217 3162 1287 scientiam;
3214 1236 3340 1277 nam
3386 1222 3515 1290 quia
3560 1222 3823 1277 continuo

2255 1308 2559 1364 secundum
2592 1310 2873 1367 intervalla
2893 1321 2947 1368 et
2974 1313 3270 1369 discrimen
3294 1314 3555 1369 horarum
3587 1315 3824 1384 hymnos

2254 1398 2483 1468 psallere
2511 1402 2800 1468 quamdam
2833 1412 3056 1474 generat
3088 1405 3372 1476 segnitiem
3410 1413 3466 1461 et
3485 1407 3819 1474 vecordiam,

2254 1496 2309 1542 et
2353 1490 2624 1558 praecipue
2658 1493 2710 1544 in
2755 1493 3203 1559 imperfectorum
3237 1495 3436 1550 animis
3463 1495 3573 1550 divi
3621 1496 3822 1551 .Patres

2257 1579 2632 1634 nostridivino
2654 1583 2783 1635 moti
2809 1581 3013 1651 Spiritu
3042 1594 3191 1639 recte
3218 1585 3447 1640 dicenda
3471 1586 3820 1645 invenerunt.

2255 1670 2417 1724 simul
2445 1671 2659 1739 quidem
2690 1683 2953 1728 curantes
2983 1684 3039 1728 ut
3061 1690 3255 1730 omnes
3285 1676 3630 1732 laudationes
3659 1679 3820 1732 vicis-

2256 1763 2356 1817 sim
2404 1763 2556 1829 ﬁant,
2593 1764 2864 1834 simulque
2894 1766 3162 1821 vecordia:
3218 1776 3273 1821 et
3306 1768 3642 1838 negligentiae
3693 1784 3818 1838 pruo

2254 1853 2442 1909 denter
2473 1863 2846 1911 occurrentes.

2705 2053 2934 2111 CAPUT
2982 2054 3353 2112 CCCXXVIII.

2254 2169 2404 2236 Quod
2436 2173 2664 2234 universi
2712 2187 2984 2226 sacrorum
3028 2172 3346 2240 agendorum
3392 2174 3598 2226 ordines
3654 2173 3822 2224 tribus

2329 2244 2648 2309 temporibus
2676 2242 2920 2310 _obeundi
2969 2241 3093 2296 bene
3142 2243 3414 2296 constituti
3455 2252 3574 2296 sunt
3617 2253 3822 2310 propter

2327 2308 2575 2392 honercm
2623 2308 2720 2364 SS.
2748 2311 3048 2375 Trinitatis,
3085 2329 3144 2364 ac
3197 2327 3260 2365 ne
3309 2313 3464 2366 otiosi
3506 2308 3821 2383 negligentes

2323 2398 2510 2434 simus.

2330 2473 2454 2523 Ideo
2485 2472 2537 2523 in
2569 2473 2746 2527 tribus
2780 2473 3119 2540 temporibus
3153 2473 3596 2526 ineluctabilihus
3630 2473 3815 2525 valde,-

2259 2577 2363 2628 que
2401 2565 2726 2616 necessariis
2773 2563 2824 2616 in
2853 2563 3079 2630 gloriam
3112 2572 3164 2618 et
3194 2564 3455 2618 honorem
3513 2563 3604 2617 Dei
3649 2565 3820 2620 nostri

2257 2653 2800 2720 supersubstantialis
2829 2652 3111 2707 Trinitatis
3132 2667 3323 2709 omnes
3353 2653 3466 2707 ﬁeri
3499 2654 3687 2710 laudes
3710 2654 3824 2710 dis-

2263 2753 2594 2812 posuerunt;
2648 2744 2881 2811 primum
2927 2742 3142 2812 quidem
3175 2757 3204 2797 a
3239 2743 3412 2799 media
3451 2755 3608 2799 nocte
3649 2761 3823 2815 usque

2256 2836 2321 2889 ad
2357 2849 2511 2888 mane
2545 2843 2652 2888 tres
2677 2835 2936 2888 dicuntur
2967 2833 3297 2904 agendorum
3333 2836 3553 2891 ordines
3577 2836 3643 2891 ad
3679 2852 3821 2905 prae-

2259 2925 2541 2980 dicandam
2587 2935 2641 2979 et
2679 2925 3087 2995 gloriﬁcandam
3129 2923 3451 2981 Trinitatem
3483 2945 3496 2992 ;
3531 2939 3652 2997 qna:
3700 2941 3826 2984 sunt

2259 3026 2541 3072 nocturnae
2593 3028 2645 3071 et
2698 3018 2979 3072 matutinae
3028 3017 3221 3072 laudes
3269 3027 3430 3086 atque
3477 3018 3651 3089 prima
3691 3019 3822 3072 hora

2258 3123 2379 3176 qua:
2411 3123 2504 3175 per
2547 3108 2868 3180 sexquidem
2916 3118 3019 3170 est,
3072 3107 3166 3162 sed
3224 3107 3509 3164 matutinis
3567 3109 3824 3164 laudibus

2255 3199 2502 3268 jungitur
2539 3213 2715 3267 neque
2746 3200 2888 3252 inter
2928 3208 3133 3267 septem
3186 3199 3351 3252 horas
3395 3208 3815 3252 annumeratur.

583 3290 856 3360 μουμένη.
909 3291 1067 3344 Μετὰ
1110 3291 1168 3344 δὲ
1215 3291 1315 3357 τὴν
1369 3292 1561 3363 τρίτην
1613 3293 1712 3362 τῆς
1742 3292 1953 3364 ἡμέρας
2003 3293 2149 3363 ὥραν

2262 3289 2455 3344 Verum
2488 3297 2605 3358 post
2634 3291 2847 3343 tertiam
2885 3289 2993 3343 diei
3021 3289 3234 3351 horam,
3273 3289 3389 3357 ipse
3419 3289 3477 3342 fit
3527 3291 3675 3343 hora:
3706 3298 3821 3343 ter-

579 3383 720 3450 αῠτὴ
747 3381 812 3452 δὴ
845 3384 876 3449 ἡ
913 3383 1009 3448 τῆς
1045 3383 1239 3450 τρίτης
1286 3381 1437 3451 ῶρας
1469 3382 1783 3446 ἀκολουθία,
1817 3383 1911 3436 καὶ
1965 3385 1998 3453 ἡ
2050 3385 2151 3453 τῆς

579 3471 744 3541 ἕκτης
810 3471 949 3540 μετά
1005 3472 1234 3540 καὶτῆς
1289 3470 1610 3534 ἀκολουθίας
1655 3473 1765 3526 τῶν
1816 3474 2061 3528 τυπικῶν
2094 3477 2152 3532 ἐν

579 3565 756 3632 τούτῳ
786 3565 862 3632 τῷ
889 3563 1066 3633 καιρῷ
1089 3563 1409 3633 ψάλλονται,
1444 3564 1638 3630 τριάδα
1684 3565 2006 3633 δοξολογιῶν
2059 3567 2153 3620 καὶ

579 3650 743 3712 αὗται
775 3657 1082 3728 πληροῦσαι
1110 3659 1191 3720 είς
1253 3655 1419 3727 τιμὴν
1463 3658 1562 3725 της
1614 3657 1864 3728 Τριάδος,
1887 3662 1936 3712 εί
1983 3660 2076 3712 καὶ
2117 3661 2151 3730 ἠ

579 3751 690 3804 τῶν
717 3749 963 3802 τοπικῶν
995 3747 1151 3813 τάξις
1175 3751 1295 3810 ταῖς
1319 3749 1461 3801 ἑπτὰ
1493 3749 1767 3801 αίνέσεσιν
1785 3750 1844 3801 ού
1884 3753 2150 3805 συνάπτε.

580 3857 669 3894 ται
706 3843 800 3893 σὺν
829 3841 895 3910 τῇ
920 3839 1055 3910 ἕκτῃ
1082 3838 1114 3909 ἢ
1144 3841 1212 3910 τῇ
1269 3839 1464 3910 ὲννάτη
1497 3840 1730 3892 πάντοτε
1779 3841 2098 3914 ψαλλομένη
2130 3859 2149 3876 ο

581 3932 826 3998 καίτοιγε
867 3930 970 3984 ίδία
1002 3932 1120 3983 ἐστὶ
1142 3930 1236 3983 καὶ
1291 3929 1410 3982 καθ’
1441 3929 1641 3998 ἑαυτὴν
1680 3933 1771 3986 καὶ
1798 3933 1962 4001 αὕτη,
2023 3935 2151 4004 περὶ

579 4017 646 4092 ἧς
680 4021 774 4074 καὶ
808 4019 944 4090 πρὸς
972 4019 1156 4084 ὀλίγον
1183 4017 1440 4086 ὲροῦμεν.
1500 4018 1633 4086 Περὶ
1661 4018 1717 4070 δὲ
1753 4018 1814 4069 τὸ
1844 4019 1995 4080 τέλος
2050 4019 2148 4086 τῆς

579 4113 792 4183 ἡμέρας
827 4113 862 4179 ἡ
894 4111 992 4179 τῆς
1045 4109 1272 4178 ἐννάτης
1296 4107 1464 4178 ὥρας,
1510 4109 1540 4176 ἡ
1575 4107 1669 4160 τοῦ
1709 4109 1998 4178 ἑσπερινοῦ
2058 4110 2150 4163 καὶ

577 4205 688 4258 τῶν
725 4203 1086 4265 ἁποδείπνων,
1118 4199 1405 4261 συναπτῶς
1440 4201 1522 4262 είς
1551 4199 1680 4267 τρία
1712 4198 2021 4268 διῃρημένη
2057 4203 2151 4254 καὶ

583 4297 747 4366 αὕτη,
780 4296 875 4348 καὶ
903 4291 1326 4360 ἀλλεπαλλήλως
1353 4292 1409 4344 ἑν
1449 4289 1528 4341 ἐνὶ
1589 4290 1763 4357 καιρῷ
1813 4289 2147 4360 ψαλλομένη,

580 4391 681 4460 τὴν
705 4388 911 4456 Τριάδα
945 4388 1040 4440 καὶ
1069 4385 1208 4454 αὕτη
1241 4384 1608 4454 σημαίνουσα,
1634 4382 1728 4434 καὶ
1756 4383 1904 4452 τρεῖς
1946 4384 2045 4452 μὲν
2098 4385 2149 4436 oi

579 4481 672 4535 τιιῦ
710 4477 1112 4550 ήμερονυκτίου
1141 4476 1346 4543 καιροὶ,
1380 4476 1528 4543 τρεῖς
1555 4473 1611 4526 δὲ
1640 4475 1699 4526 ἐν
1721 4474 1936 4545 ἑκάστῳ
1971 4477 2149 4546 καιρῷ

553 4556 674 4642 ξκαὶ
698 4576 747 4627 οἱ
775 4573 936 4642 ὕμνοι
970 4586 984 4601 ⁶
1013 4571 1088 4633 ὡς
1127 4568 1270 4624 κατὰ
1307 4566 1406 4636 μὲν
1437 4568 1563 4630 τοὺς
1591 4567 1741 4636 τρεῖς
1797 4567 2025 4636 καιροὺς
2057 4584 2147 4638 μι-

540 4639 564 4738 δ
583 4639 928 4732 μεῖσθαι-τὴν
957 4661 1285 4730 Ἐκκλησίαν
1338 4658 1430 4711 τὸν
1462 4656 1721 4726 μέγιστον
1779 4657 1998 4728 Δανιὴλ,
2031 4657 2146 4725 τρίς

537 4739 934 4877 ἐκαθεκάστην
975 4751 1051 4822 τῷ
1089 4751 1209 4819 Θεῷ
1270 4749 1732 4820 προσευχόμενον,
1792 4749 1869 4812 ὡς
1916 4752 1974 4802 ἐν
2024 4753 2147 4813 ταῖς

578 4846 801 4877 ληκηρ...
833 4845 1140 4877 srva“...
1176 4857 1190 4872 ο
1223 4841 1363 4877 una.
1391 4840 1447 4877 εδ
1483 4840 1543 4877 φλ
1592 4839 1773 4877 "mare
1819 4842 1970 4877 uer,
2007 4840 2147 4877 νιν...

550 4839 806 4916 ξόράσεσι
833 4845 1144 4913 γέγραπται
1176 4857 1190 4872 °
1223 4841 1365 4896 κατὰ
1391 4840 1449 4893 δὲ
1483 4840 1543 4893 τὸ
1592 4839 1773 4893 τελεῖν
1819 4842 1970 4908 τρεῖς
2005 4840 2148 4909 ,ἀκο-

531 4942 536 4946 ”
578 4937 798 5000 λουθίας
820 4938 879 4989 ὲν
904 4935 1122 5004 ἑκάστῳ
1152 4934 1330 5003 καιρῷ
1356 4932 1468 4984 τῶν
1499 4931 1689 5000 τριῶν,
1728 4931 1798 4984 τὰ
1839 4931 1995 4985 ἐννέα
2057 4948 2146 5002 μι-

582 5027 804 5099 μεῖσθαι
833 5028 1113 5096 τάγματα,
1147 5027 1224 5087 είς
1247 5025 1396 5095 τρεῖς
1413 5023 1636 5093 τριάδας
1653 5024 1782 5078 ὅντα
1803 5021 1880 5090 τῷ
1902 5021 2144 5094 ἀριθμῷ»

577 5122 674 5174 καὶ
709 5120 986 5191 ἁσιγήτως
1017 5116 1148 5171 Θεὸν
1176 5115 1584 5186 ἁναμέλποντα.

875 5273 879 5278 .
1131 5229 1382 5283 ΚΕΦᾹΛ.
1413 5226 1588 5282 ΤΚΘ’.

577 5325 719 5392 Περὶ
743 5323 858 5393 τῆς
904 5323 1268 5385 ἀκολουθίας
1314 5319 1433 5375 τῶν
1479 5321 1821 5390 λεγομένων
1856 5319 2143 5376 τυπικῶν.

660 5416 726 5467 Ἦ
759 5416 816 5468 δέ
861 5431 925 5483 γε
957 5415 1065 5467 τῶν
1090 5411 1339 5465 τυπικῶν
1365 5412 1654 5468 ἀκολουθία
1677 5413 1826 5466 τόνδε
1859 5414 1953 5466 τὸν
1978 5412 2146 5464 τύπον

581 5504 714 5574 ἔχει,
775 5505 853 5564 είς
909 5504 1094 5558 εἰκόνα
1135 5503 1257 5557 τινὰ
1297 5502 1396 5572 τῆς
1447 5486 1605 5573 ἱερᾶς
1657 5502 2020 5573 λειτουργίας,
2055 5505 2143 5557 ὅτε

580 5593 841 5663 ψαλλεται
863 5595 1032 5662 χωρὶς
1061 5591 1406 5662 λειτουργίας
1426 5608 1440 5622 ·
1480 5595 1528 5645 εί
1557 5591 1613 5644 δέ
1666 5608 1732 5660 γε
1760 5591 1998 5646 τελεῖται
2053 5596 2144 5647 καὶ

582 5684 641 5735 ἐν
663 5685 728 5754 τῇ
791 5683 1122 5753 λειτουργίᾳ,
1195 5681 1368 5736 ταῦτα
1413 5682 1762 5753 προλέγεται.
1839 5683 2143 5738 Ψάλλονται

581 5777 691 5844 γὰρ
718 5775 957 5846 ἐξαρχῆς
991 5775 1092 5844 μὲν
1121 5773 1217 5828 δύο
1250 5773 1460 5844 ψαλμοὶ
1484 5773 1802 5840 δοξολογίαν
1828 5775 1964 5842 πρὸς
2009 5776 2146 5828 Θεὸν

583 5867 821 5937 ἔχοντες,
855 5867 948 5922 καὶ
990 5866 1097 5922 τῶν
1149 5866 1372 5936 ἀγαθῶν
1427 5865 1590 5919 αὑτοῦ
1639 5868 1976 5937 μεμνημένοι
2037 5867 2145 5921 τῶν

2254 3381 2344 3433 tiae
2365 3380 2499 3433 ordo
2533 3389 2694 3450 atque.
2725 3391 2893 3434 sextae
2941 3394 3064 3434 cum
3111 3379 3303 3434 ordine
3346 3382 3646 3448 typicorum
3693 3393 3823 3449 qua:

2256 3470 2308 3524 in
2343 3471 2444 3525 hoc
2475 3479 2719 3540 tempore
2748 3471 3052 3540 psalluntur
3077 3487 3092 3537 ;
3120 3471 3234 3540 ipsa
3263 3472 3480 3541 quidem
3510 3473 3664 3527 trinis
3689 3489 3825 3528 con-

2255 3571 2400 3617 stant
2431 3563 2732 3633 doxologiis
2774 3573 2826 3617 et
2849 3562 3222 3633 adimplentnr
3264 3564 3318 3616 in
3349 3563 3608 3616 honorem
3641 3562 3822 3617 Trini-

2255 3655 2404 3718 tatis,
2429 3656 2530 3708 etsi
2563 3655 2864 3723 typicorum
2891 3655 3025 3708 ordo
3049 3663 3253 3723 septem
3274 3654 3681 3708 laudationibus
3714 3671 3818 3708 non

2255 3758 2482 3796 numero
2520 3744 2899 3813 conjungatur,
2955 3757 3170 3812 semper
3203 3759 3327 3796 cum
3362 3754 3514 3800 suta
3572 3759 3821 3813 nonaque

2253 3835 2386 3888 hora
2417 3833 2757 3894 decantatus,
2785 3831 2909 3884 licet
2947 3833 3062 3899 ipse
3101 3833 3354 3902 proprius
3383 3833 3457 3886 sit
3480 3834 3611 3888 ordo
3637 3849 3732 3902 per
3762 3851 3822 3888 se

2253 3934 2530 3986 constans,
2565 3922 2632 3977 de
2661 3937 2770 3991 quo
2812 3937 2932 3975 mox
2976 3923 3242 3978 dicemus.
3276 3922 3446 3979 Porro
3481 3924 3626 3978 circa
3656 3925 3818 3979 ﬁnem

2251 4015 2356 4071 diei
2394 4015 2595 4069 dicitur
2621 4015 2755 4069 ordo
2785 4029 2942 4067 nonae
2978 4014 3148 4080 horae,
3177 4013 3539 4085 Vesperarum
3573 4025 3626 4070 et
3657 4017 3820 4071 Com-

2251 4106 2488 4176 pletorii,
2531 4105 2644 4174 ipse
2678 4119 2892 4175 quoque
2922 4105 2976 4158 in
3015 4115 3122 4159 tres
3156 4115 3341 4174 partes
3368 4107 3662 4163 continuas
3699 4109 3818 4162 dis-

2251 4200 2455 4253 tinctus
2515 4213 2579 4251 ac
2608 4199 2726 4252 sine
2762 4197 3170 4253 intermissione
3214 4200 3267 4252 in
3305 4215 3412 4254 uno
3454 4209 3696 4270 tempore
3727 4217 3818 4255 ce-

2251 4289 2517 4356 lebratus,
2541 4290 2658 4358 ipse
2690 4291 2852 4344 etiam
2881 4290 3200 4347 Trinitatem
3223 4292 3542 4359 ostendens,
3560 4295 3818 4362 quemad-

2253 4379 2472 4432 modum
2505 4379 2606 4433 tria
2639 4381 2889 4434 nocturni
2923 4377 3082 4434 cilicii
3115 4390 3360 4451 tempora
3391 4390 3610 4452 tresque
3637 4384 3818 4454 hymni

2254 4469 2308 4523 in
2333 4469 2577 4539 quolibet
2604 4480 2850 4542 tempore
2874 4472 3073 4528 cantati
3097 4488 3112 4540 ;
3145 4473 3218 4528 ita
3246 4484 3304 4528 ut
3325 4489 3418 4544 per
3440 4476 3541 4530 tria
3575 4483 3817 4543 tempora

2253 4577 2510 4632 magnum
2555 4563 2830 4618 Danielem
2867 4564 3106 4619 imitetur
3133 4563 3374 4622 Ecclesia
3409 4551 3515 4636 qui
3544 4560 3630 4621 ter'
3651 4566 3704 4620 in
3732 4566 3820 4634 die

2179 4633 2223 4688 θ
2260 4653 2622 4722 precabatur,
2671 4663 2826 4723 prout
2861 4655 2917 4708 in
2951 4655 3255 4711 visionibus
3299 4633 3560 4724 scriptum
3610 4669 3713 4712 est.
3753 4633 3821 4711 At

2255 4743 2383 4797 dum
2420 4754 2529 4799 tres
2556 4745 2774 4800 ordines
2809 4746 3071 4816 persolvit
3117 4749 3171 4803 in
3202 4749 3434 4819 singulis
3475 4748 3640 4804 trium
3673 4757 3812 4820 tem-

2251 4835 2504 4904 poribus,
2529 4852 2722 4892 novem
2757 4837 3009 4892 imitatur
3047 4839 3358 4910 angelorum
3395 4839 3612 4894 ordines
3641 4840 3732 4908 qui
3760 4840 3812 4894 in

2249 4938 2360 4983 tres
2391 4927 2596 4985 triades
2630 4945 2859 4987 numero
2887 4932 3131 4986 distincti
3176 4932 3344 4987 Deum
3379 4932 3498 4988 sine
3525 4933 3632 4986 line
3682 4946 3813 4987 con-

2253 5023 2546 5080 celebrant.

2735 5234 2962 5289 CAPUT
2997 5233 3316 5290 CCCXXIX.

2710 5325 2787 5379 De
2814 5328 3003 5380 ordine
3032 5326 3345 5395 typicorum.

2317 5415 2417 5470 Iste
2447 5431 2574 5468 vero
2603 5413 2904 5482 typicorum
2939 5414 3074 5465 ortlo
3118 5414 3222 5466 hoc
3252 5413 3362 5483 typi
3402 5413 3622 5467 nomine
3674 5427 3812 5482 gauc‘

2248 5507 2358 5569 det,
2383 5507 2638 5576 quoniam
2676 5505 3160 5583 quamdam‘habet
3190 5505 3485 5575 imaginem
3519 5506 3690 5560 sancti
3723 5521 3812 5561 sa-

2249 5598 2460 5660 Criﬁcii,
2488 5596 2716 5666 quando
2769 5605 3060 5649 cantantur
3092 5605 3242 5649 eXIra
3274 5596 3626 5661 sacrificium,
3658 5600 3806 5665 quod

2248 5692 2295 5744 si
2327 5693 2378 5743 in
2431 5688 2704 5741 sacriﬁcio
2734 5685 3269 5754 periiciuntnr,-tunc
3306 5687 3457 5756 prius
3498 5688 3801 5756 praecinun-

2250 5791 2358 5832 tur.
2389 5777 2522 5831 Nam
2566 5779 2633 5831 ab
2671 5777 2826 5831 initio
2869 5777 2977 5830 duo
3007 5776 3315 5846 psalluntur
3350 5777 3543 5847 psalmi
3571 5777 3806 5831 doxolo-

2249 5871 2390 5939 giam
2421 5870 2682 5924 habentes
2717 5869 2781 5924 ad
2816 5867 2986 5924 Deum
3017 5909 3030 5935 ,
3063 5878 3116 5924 et
3166 5867 3548 5924 beneficiorum
3582 5867 3700 5934 ejus
3734 5865 3803 5918 ad
