4126 6268
347 493 460 559 595

352 696 556 752 Verbi:
599 720 619 752 ι
649 701 906 775 Benedic,
957 714 1137 770 anima
1179 696 1684 795 mea,VDominum;
1748 748 1765 779 ι
1822 742 1919 784 ct:

350 805 370 839 ι
411 790 614 860 Lauda,
645 797 825 853 anima
865 816 1005 869 mea,
1036 805 1350 868 Dominum.
1387 833 1404 865 ι
1441 816 1922 875 Deindeiucarna-

343 881 507 940 tionis
538 883 774 954 hymnus
809 908 822 942 :
865 908 883 941 ι
919 891 1248 964 Uuigenitus
1285 899 1477 958 Filius.
1529 924 1548 958 ι

835 1002 1068 1062 CAPUT
1118 1011 1427 1072 CCCXXX.

342 1086 417 1142 De
440 1089 850 1149 beatitudinibus
877 1096 1197 1186 Saluatoris.
1225 1123 1511 1179 earumque
1533 1115 1801 1167 succincta
1830 1133 1921 1169 ea:-

1023 1184 1239 1237 parum.

412 1253 482 1308 Et
504 1255 763 1310 dicuntur
779 1258 1142 1319 beatitudines
1160 1281 1189 1319 a
1212 1266 1487 1326 Salvatore
1511 1273 1780 1330 institutae
1801 1294 1922 1344 qua:

342 1341 518 1409 ipsum
548 1346 704 1400 nobis
730 1349 904 1402 solum
930 1351 1146 1407 beatum
1177 1357 1438 1412 exhibent
1465 1361 1776 1420 Dominum.
1815 1341 1914 1420 llic

341 1432 491 1485 enim
525 1445 748 1502 prapter
786 1454 886 1492 nos
925 1456 1051 1495 vere
1103 1459 1331 1514 panper,
1383 1449 1530 1503 milis
1583 1458 1637 1505 et
1690 1452 1914 1509 humilis

343 1523 505 1576 corde
533 1528 807 1594 apparuit,
835 1529 1128 1600 justusque
1157 1536 1329 1598 solus.
1358 1537 1626 1606 justitiam
1660 1545 1918 1599 esuriens

341 1623 395 1665 et
419 1613 606 1670 sitiens
638 1625 799 1684 atque
833 1620 1132 1690 adimplens
1162 1661 1178 1687 ,
1221 1641 1434 1682 necnon
1486 1631 1808 1688 misericors
1849 1644 1908 1688 et

271 1703 274 1706 ’
339 1705 649 1772 miserator,
674 1709 931 1779 solusque
965 1716 1166 1771 mundo
1199 1721 1366 1773 corde
1390 1731 1444 1774 et
1472 1731 1696 1778 sanctus
1731 1734 1786 1780 et
1817 1726 1917 1781 im-

341 1801 667 1868 maculatus,
682 1807 832 1873 pacis
857 1815 1052 1862 auctor
1073 1819 1124 1864 et
1139 1812 1416 1883 princeps.
1438 1831 1500 1870 ac
1520 1816 1635 1885 ipse
1654 1832 1756 1885 pax
1780 1821 1916 1890 ipsa,

341 1892 433 1957 qui
459 1893 705 1948 convicia
731 1908 786 1950 et
815 1901 1218 1966 persecutiones
1238 1912 1291 1957 ct
1317 1893 1503 1974 iniqua
1529 1907 1697 1962 subiit
1717 1923 1918 1979 oppro-

1159 519 1305 582 SYM
1316 522 1468 586 ΕΟΝ
1477 524 1549 585 IS
1587 528 2338 603 THESSALONICENSIS
2389 547 2738 612 ARCHIEP.

350 618 454 663 nos
517 609 870 671 recordantes
900 656 914 675 .
965 618 1270 689 praesertim
1334 645 1430 698 per
1488 633 1917 694 incarnationem

352 696 556 724 υΑ-Ι-ιὲι
605 701 878 724 -n___--,
1033 714 1044 724 -
1361 722 1377 724 _

2027 647 2163 715 πρδς
2196 651 2363 722 ἡμᾶς,
2389 655 2482 708 καὶ
2510 656 2743 724 μάλιστα
2779 658 2888 713 τῶν
2914 630 3000 714 διὰ

3487 561 3601 629 596

3031 664 3132 734 τῆς
3175 667 3269 721 τοῦ
3311 669 3485 738 Λόγου
3513 677 3598 732 Evn

2027 738 2436 811 ανθρωπήσεως
2461 761 2478 778 ο
2523 766 2541 797 ι
2565 748 2842 818 Εὐλὸγειή
2876 750 3022 822 ψυχή
3049 769 3171 818 μου,
3199 757 3289 810 τὸν
3315 759 3543 828 Κύριον·
3572 781 3593 815 r

2026 833 2144 894 καὶ,
2191 854 2210 885 α
2249 835 2419 903 Αίνει,
2447 839 2478 903 ἡ
2509 838 2653 911 ψυχή
2683 859 2806 911 μου,
2839 842 2930 895 τὸν
2972 844 3201 915 Κύριον.
3237 866 3256 899 ι
3285 843 3418 904 Εἶτα
3445 853 3472 905 ό
3499 852 3599 922 τῆς

2029 923 2355 994 σαρκώσεως
2393 927 2583 998 ὕμνος,
2624 950 2643 983 ι
2685 932 2748 986 Ὀ
2783 937 3083 1006 μονογενὴς
3121 938 3271 999 Υἱός.
3319 959 3338 992 ι

2607 1046 2649 1096 Κ
2662 1047 2855 1103 ΕΦΑΛ.
2881 1050 3004 1103 ΤΛ’.

2026 1132 2162 1199 Περὶ
2207 1132 2324 1185 τῶν
2339 1135 2872 1212 μακαρισμῶνμτοῦ
2917 1143 3187 1212 Σωτῆρος
3216 1146 3366 1201 κατὰ
3412 1149 3599 1204 miro-

2587 1208 2700 1273 ⁸φιν
2727 1207 3030 1278 ἑρμηνεία.

2101 1318 2207 1370 Καὶ
2236 1318 2288 1370 oi
2320 1320 2471 1389 παρὰ
2500 1319 2595 1374 τοῦ
2646 1323 2898 1392 Σωτῆρος
2930 1331 3300 1398 μακαρισμοὶ,
3330 1333 3496 1387 αὐτόν
3541 1351 3599 1387 τε

2025 1409 2172 1478 ἡμῖν,
2197 1410 2577 1478 παριστῶντες
2611 1414 2699 1465 τὸν
2735 1414 2940 1483 Κύριον
2981 1417 3074 1470 τὸν
3107 1420 3596 1492 μόνον-μακάριον,

2024 1502 2118 1552 καὶ
2176 1503 2573 1571 πτωχεύσαντα
2617 1505 2756 1576 ὑπὲρ
2804 1507 2963 1575 ἡμῶν
2995 1509 3233 1578 ἀληθῶς,
3289 1517 3384 1568 καὶ
3412 1495 3594 1580 πραῢν

2022 1593 2259 1660 ὀφθέντα
2286 1598 2667 1651 καὶιταπεινὺν
2699 1602 2764 1671 τῇ
2802 1603 3018 1672 καρδίᾳ,
3047 1605 3141 1655 καὶ
3171 1605 3382 1662 δίκαιον
3413 1610 3593 1676 μόνον,

2021 1687 2116 1737 καὶ
2166 1686 2263 1754 τὴν
2327 1688 2677 1758 δικαιοσύνην
2733 1693 3008 1748 πεινῶντα
3055 1698 3151 1750 καὶ
3209 1698 3444 1766 διψῶντα
3501 1703 3592 1756 καὶ

2021 1777 2177 1848 231
2200 1780 2589 1850 ὲνεργήσαντα,
2606 1784 2697 1836 καὶ
2715 1784 2981 1855 ἐλεήμονα
2997 1787 3128 1842 ὄντα
3145 1793 3236 1844 καὶ
3251 1792 3592 1862 οἰκτίρμονα,

2021 1871 2114 1922 καὶ
2137 1871 2376 1940 καθαρὸν
2398 1875 2462 1940 τῇ
2488 1875 2684 1946 καρδίᾳ
2711 1877 2892 1945 μόνον,
2917 1880 3010 1933 καὶ
3030 1881 3175 1935 ὅσιον
3195 1885 3290 1937 καὶ
3312 1886 3594 1951 ἀμίαντον,

345 1982 482 2048 hria,
521 1994 688 2054 atque
711 1963 906 2055 passus
956 2000 1037 2044 est
1075 2004 1296 2062 propter
1347 1963 1572 2067 gloriam
1597 1963 1775 2057 Patris
1791 1963 1916 2070 ejus

2020 1966 2114 2012 καὶ
2157 1963 2498 2033 είρηνοποιδν
2539 1967 2633 2019 καὶ
2677 1967 3014 2040 είρηνάρχην
3059 1974 3154 2026 καὶ
3198 1977 3454 2046 εἰρήνην,
3501 1979 3596 2030 καὶ

343 2083 697 2145 nostramque
735 2081 999 2145 salutem;
1032 2085 1122 2148 qui
1157 2087 1316 2140 etiam
1349 2090 1608 2156 gaudium
1644 2092 1914 2149 ineﬂabile

342 2178 394 2220 et
419 2171 837 2227 exsultationem
888 2175 1106 2241 habuit;
1145 2178 1370 2248 insuper
1405 2181 1511 2236 illae
1541 2184 1910 2243 beatitudines

342 2260 600 2316 felicitate
629 2264 697 2317 ab
726 2278 794 2320 eo
819 2265 1104 2326 donandos
1133 2279 1404 2327 testantur
1431 2275 1552 2343 ejus
1584 2277 1906 2343 imitatores.

341 2352 435 2420 qui
469 2354 770 2409 secundum
807 2358 1052 2412 ordinem
1087 2364 1514 2432 progrediuntur
1561 2385 1575 2422 :
1620 2381 1909 2441 postquam

337 2458 606 2514 pauperes
627 2445 751 2502 facti
783 2457 913 2503 sunt
935 2451 1143 2507 Christi
1173 2455 1368 2521 gratia,
1401 2460 1668 2512 mansueti
1692 2461 1913 2529 conspi-

339 2535 587 2602 ciuntur;
622 2536 749 2591 dum
781 2549 962 2594 autem
990 2543 1119 2597 vitio
1149 2543 1424 2601 immunes
1453 2548 1556 2603 visi
1584 2559 1732 2614 sunt,
1756 2550 1914 2620 justi-

341 2625 469 2679 tiam
493 2627 769 2695 esuriunt,
794 2637 849 2684 et
883 2647 913 2685 a
941 2631 1152 2700 justitia
1186 2636 1492 2705 procedunt
1519 2639 1571 2694 in
1597 2642 1914 2696 misericor-

337 2717 508 2784 diam,
559 2734 588 2773 a
620 2720 1002 2777 misericordia
1032 2725 1099 2778 ad
1129 2727 1450 2782 munditiam
1492 2733 1710 2796 animae,
1743 2743 1797 2786 et
1837 2748 1908 2786 ex

337 2809 439 2862 ista
470 2809 537 2864 ad
564 2825 804 2867 amorem
839 2814 1072 2883 proximi
1105 2825 1156 2867 et
1189 2817 1252 2869 ad
1290 2819 1729 2884 procurationem
1763 2821 1913 2889 pacis

337 2900 482 2954 illius
505 2919 520 2966 ;
545 2902 742 2958 deinde
763 2905 829 2958 ad
855 2905 1231 2973 perfectiurem
1263 2909 1354 2962 Dei
1382 2911 1704 2964 charitatem
1729 2912 1903 2965 avidu-

339 3003 541 3046 cuntur
575 3001 629 3049 et
656 3010 756 3064 pro
789 2999 1020 3052 veritate
1053 3013 1115 3054 ac
1148 2998 1361 3067 justitia
1423 3002 1539 3071 ejus
1570 3005 1904 3068 persecutio-

339 3098 432 3136 nes
464 3083 762 3150 patiuntur,
791 3086 872 3142 vel
899 3087 1073 3143 adhuc
1103 3091 1360 3160 graviora
1384 3091 1668 3158 sufferunt,
1699 3104 1753 3147 et
1785 3110 1914 3150 con-

339 3174 497 3229 viciis
527 3185 749 3246 propter
776 3178 1031 3248 pietatem
1058 3190 1219 3250 atque
1249 3181 1410 3238 fidem
1437 3192 1490 3238 et
1512 3187 1915 3253 persecutioni-

2020 2053 2149 2106 Υἰὸν
2176 2055 2311 2108 Θεοῦ
2345 2059 2527 2124 φύσει,
2557 2059 2650 2112 καὶ
2679 2060 3040 2131 δεδιωγμένον
3070 2065 3286 2134 ἀληθῶς
3314 2068 3597 2122 δικαιοσύ-

2017 2165 2112 2218 νης
2140 2149 2346 2210 ἕνεκεν,
2373 2152 2467 2202 καὶ
2493 2150 2856 2208 όνειδισθέντα
2881 2158 2972 2207 καῖ
3001 2157 3297 2227 διωχθέντα
3323 2162 3416 2212 καὶ
3445 2161 3595 2230 ὑϐρι-

2020 2235 2211 2290 σθέντα
2258 2239 2493 2307 ψευδῶς,
2527 2243 2622 2294 καὶ
2655 2244 2896 2298 παθόντα
2923 2246 3064 2316 ὑπὲρ
3099 2250 3254 2318 ἡμῶν
3284 2250 3470 2304 ἕνεκεν
3500 2253 3599 2319 τῆς

2020 2330 2180 2399 δόξης
2209 2330 2304 2384 τοῦ
2342 2333 2552 2403 Πατρὺς
2586 2335 2753 2388 αὑτοῦ
2775 2376 2791 2402 ,
2828 2340 2924 2390 καὶ
2955 2340 3054 2409 τῆς
3090 2344 3368 2412 σωτηρίας
3401 2346 3596 2412 ἡμῶν,

2019 2424 2114 2475 καὶ
2163 2423 2285 2504 ’τὴν⁴
2316 2425 2493 2494 χαρὰν
2541 2427 2639 2496 τὴν
2695 2429 3072 2512 ἀνέκφραστον
3124 2437 3219 2487 καὶ
3273 2435 3596 2502 ἀγαλλίασιν

2017 2513 2233 2585 ἔχοντα,
2262 2501 2356 2569 καὶ
2385 2519 2512 2581 τοὺς
2546 2501 2966 2589 μιμησαμένούς
2997 2524 3160 2577 αὐτὸν
3194 2501 3597 2595 μαρτυροῦντες

2021 2611 2544 2679 μεμακαρισμένους
2570 2612 2662 2664 ὑπ’
2687 2613 2879 2680 αὑτοῦ,
2907 2616 2958 2669 οἳ
2988 2620 3081 2670 καὶ
3115 2621 3256 2674 κατὰ
3282 2621 3433 2685 τάξιν
3463 2640 3598 2689 προ-

2016 2700 2296 2773 κόπτουσι.
2324 2702 2433 2755 Καὶ
2461 2703 2568 2756 ἀπὸ
2599 2704 2696 2772 μὲν
2717 2705 2810 2758 τοῦ
2842 2703 3326 2777 πτωχοὶ,γενέσθαι
3353 2713 3440 2765 διὰ
3467 2715 3598 2781 Χρι-

2019 2792 2142 2845 στὸν
2177 2794 2273 2846 καὶ
2315 2797 2509 2864 πραεῖς
2551 2796 2970 2852 ἀποδείκνυνται
2997 2815 3014 2833 ο
3051 2801 3280 2866 ἀπαθεῖς
3313 2803 3368 2856 δὲ
3403 2804 3596 2871 ὀφθέν-

2016 2901 2108 2945 τες
2131 2924 2148 2948 ,
2179 2885 2278 2954 τὴν
2307 2885 2664 2955 δικαιοσύνην
2695 2889 2957 2954 πεινῶσι,
2993 2891 3086 2944 καὶ
3119 2894 3226 2946 ἀπὸ
3254 2894 3600 2961 δικαιοσύνης

2022 2976 2416 3042 προϐαίνουσιν
2448 2979 2531 3043 είς
2561 2980 2654 3031 τὸν
2683 2980 2831 3034 ἔλεον
2854 2997 2872 3013 ο
2905 2985 2969 3035 ἐκ
2996 2983 3089 3035 τοῦ
3122 2983 3270 3038 ἐλέου
3302 2986 3357 3038 δὲ
3392 2988 3468 3039 είς
3501 2987 3600 3054 τὴν

2018 3068 2371 3140 καθαρότητα
2404 3070 2502 3136 τῆς
2534 3070 2716 3142 ψυχῆς
2741 3089 2756 3104 ο
2791 3079 2888 3127 καὶ
2925 3077 2989 3129 ἐκ
3023 3076 3214 3131 τούτου
3249 3079 3330 3142 είς
3361 3079 3422 3132 τὸ
3458 3083 3600 3147 ἀγα-

2019 3161 2129 3232 πᾷν
2167 3161 2260 3214 τὸν
2301 3161 2530 3233 πλησίον
2569 3165 2662 3218 καὶ
2705 3164 3016 3234 φροντίζειν
3055 3168 3194 3239 ὑπὲρ
3234 3169 3337 3237 τῆς
3376 3172 3598 3241 είρήνης

336 3266 439 3321 bus
475 3276 525 3320 et
559 3267 850 3324 calumniis
885 3285 1072 3327 amore
1101 3273 1246 3326 illius
1277 3274 1588 3330 adiciuntur
1613 3313 1628 3329 .
1669 3275 1792 3332 Ideo
1821 3293 1913 3347 pa-

2021 3252 2210 3308 αὑτοῦ.
2249 3249 2382 3308 Εἶτα
2425 3257 2521 3308 καὶ
2562 3259 2642 3319 είς
2680 3255 2780 3325 τὴν
2818 3257 3154 3326 τελεωτέραν
3197 3261 3332 3313 Θεοῦ
3380 3263 3599 3334 ἀγάπην

335 3355 522 3408 tieudo
552 3355 809 3411 laetantur
835 3366 889 3412 et
913 3357 1268 3426 laetabuntur,
1291 3372 1528 3431 tuncque
1543 3365 1914 3432 exsultabunt,

335 3447 596 3515 quoniam
630 3463 844 3504 merces
871 3464 966 3504 sua
1008 3467 1203 3518 magna
1227 3463 1312 3507 est
1344 3453 1399 3507 in
1425 3455 1599 3510 caelis.
1631 3455 1741 3511 ιιειε
1787 3473 1916 3526 ergo

342 3537 710 3594 heazitudiues
743 3548 796 3593 et
827 3539 973 3593 velut
1001 3541 1310 3596 doctrinam
1345 3543 1646 3601 Salvatoris
1672 3557 1725 3601 et
1760 3549 1907 3603 velut

340 3629 688 3697 Evangelium
701 3627 889 3683 dicunt
919 3631 1037 3686 loco
1057 3630 1309 3687 lectionis
1335 3636 1647 3702 apostolica:
1669 3639 1914 3703 epistolae

339 3719 621 3788 divinique
683 3721 961 3778 sacrificii.
1017 3721 1150 3777 Dein
1219 3723 1618 3780 confessionem
1678 3729 1912 3785 latronis

337 3826 502 3880 quam
529 3811 584 3864 in
605 3826 769 3867 cruce
790 3812 1082 3869 confessus
1103 3821 1187 3869 est
1217 3813 1448 3885 ejusque
1473 3816 1913 3884 deprecationem

335 3903 573 3958 recitant
625 3916 722 3967 per
757 3917 920 3973 quam
970 3905 1283 3972 paradisum
1321 3906 1570 3970 invenit,
1620 3923 1784 3975 quam
1837 3918 1917 3963 ter

335 4004 582 4061 cantant,
609 3995 1140 4066 iterata'repetitione
1160 4012 1348 4051 vocem
1370 3997 1513 4051 illius
1531 3999 1916 4055 continuantes

335 4097 388 4140 et
416 4087 728 4154 paradisum
759 4086 1143 4156 deposcentes.
1180 4087 1372 4145 Postea
1417 4089 1611 4155 dicunt
1669 4090 1911 4144 carmina

335 4177 470 4237 foris
501 4176 571 4232 ab
595 4176 928 4232 omnibusin
963 4177 1233 4232 sacriﬁcio
1260 4179 1424 4238 dicta.
1459 4177 1718 4247 hymnum
1751 4195 1915 4249 ange-

336 4268 498 4326 licum
539 4284 555 4324 :
590 4287 607 4320 ‹
650 4266 905 4330 Sanctus,
938 4266 1197 4333 Sanctus,
1239 4267 1492 4333 Sanctus,
1529 4288 1546 4320 ι
1584 4285 1748 4337 quam
1788 4269 1912 4326 fidei

335 4357 726 4427 professionem
757 4366 839 4413 ter
871 4355 1099 4420 faciunt.
1131 4358 1453 4412 remittenda
1485 4360 1640 4416 nobis
1667 4360 1915 4432 ﬂagitant

338 4457 565 4516 peccata
595 4448 800 4515 omnia,
837 4447 1143 4504 Salvatoris
1190 4466 1410 4519 quoque
1445 4451 1733 4520 proferunt
1780 4468 1911 4508 Ora-

335 4541 561 4611 tionem,
595 4541 754 4608 cujus
783 4539 839 4594 in
866 4538 972 4593 ﬁne
1003 4538 1208 4600 addunt
1232 4540 1528 4595 versiculos
1562 4543 1626 4594 ad
1657 4541 1798 4596 diem
1823 4556 1913 4596 ac-

2023 3344 2358 3412 ἀνάγονται·
2399 3345 2496 3398 καὶ
2531 3346 2671 3415 ὑπὲρ
2705 3349 2805 3416 τῆς
2839 3348 3096 3418 ἀληθείας
3131 3351 3223 3404 καὶ
3253 3354 3352 3421 τῆς
3387 3353 3594 3406 δικαιο-

2025 3439 2192 3509 σύνης
2223 3440 2388 3492 αὑτοῦ
2421 3439 2713 3509 ζηλοῦντες
2741 3442 3059 3506 διώκονται,
3093 3447 3188 3499 καὶ
3218 3445 3298 3498 ἔτι
3328 3448 3594 3516 πάσχουσι

2023 3531 2192 3598 μείζω
2213 3548 2226 3560 ·
2255 3533 2344 3586 καὶ
2367 3533 2716 3597 ὀνειδίζονται
2740 3534 2878 3603 ὑπὲρ
2903 3535 3189 3598 εύσεόείας
3213 3541 3311 3590 καὶ
3338 3539 3595 3603 πίστεως,

2019 3624 2113 3675 καὶ
2155 3624 2462 3687 διώκονται,
2507 3625 2603 3677 καὶ
2651 3627 3148 3697 συκοφαντούμενοι
3186 3628 3449 3698 φέρουσιν
3484 3630 3597 3683 ἕνε-

2023 3733 2119 3766 κεν
2150 3715 2336 3768 αὐτοῦ.
2373 3716 2464 3767 Διὸ
2499 3719 2590 3768 καὶ
2624 3717 2928 3782 πάσχοντες
2961 3720 3215 3790 χαίρουσι
3246 3735 3262 3752 ⁸
3294 3720 3389 3773 καὶ
3422 3722 3598 3788 χαρή-

2025 3825 2206 3860 σονται
2239 3807 2334 3859 καὶ
2367 3807 2787 3873 ἀγαλλιάσονται
2816 3809 2940 3861 τότε
2961 3850 2975 3874 ,
3007 3810 3096 3862 ὅτε
3128 3813 3156 3864 ό
3189 3809 3378 3880 μισθδς
3408 3811 3594 3865 αὐτῶν

2020 3898 2186 3959 πολὺς
2219 3900 2274 3949 ἐν
2306 3900 2416 3960 τοῖς
2453 3897 2726 3965 οὐρανοῖς.
2766 3899 3001 3963 Τούτους
3036 3902 3215 3954 τοίνυν
3245 3902 3370 3964 τοὺς
3409 3919 3591 3973 μακασ

2023 3986 2250 4054 ρισμοὺς
2291 3987 2384 4036 καὶ
2426 3986 2500 4047 ὡς
2542 3986 2894 4040 διδασκαλίαν
2933 3989 3027 4041 τοῦ
3073 3989 3348 4060 Σωτῆρος,
3390 3992 3485 4045 καὶ
3525 3992 3600 4054 ὡς

2020 4078 2350 4144 Εὐαγγέλιον
2383 4079 2639 4143 λέγουσι,
2677 4081 2771 4132 καὶ¹
2806 4081 2928 4134 ἀντὶ
2964 4085 3275 4153 περικοπῆς
3310 4082 3598 4137 ἀποστολι-

2019 4165 2121 4238 κῆς
2153 4170 2249 4222 καὶ
2278 4170 2371 4222 τοῦ
2407 4170 2553 4223 θείου
2587 4171 2942 4240 Εὑαγγελίου.
2979 4169 3112 4228 Εἶτα
3144 4175 3242 4246 τὴν
3274 4176 3369 4229 τοῦ
3399 4177 3598 4247 λῃστοῦ

2021 4259 2299 4328 θεολογίαν
2331 4261 2430 4330 τὴν
2463 4261 2557 4314 ἐπὶ
2587 4263 2664 4332 τῷ
2700 4265 2918 4335 σταυρῷ
2947 4267 3042 4319 καὶ
3073 4267 3290 4337 δέησιν,
3321 4267 3390 4321 δι’
3413 4263 3480 4340 ἦς
3509 4267 3601 4322 τὸν

2019 4351 2345 4419 παράδεισον
2391 4347 2568 4420 εὗρεν,
2621 4353 2806 4424 ᾄδουσι
2851 4358 2992 4425 τρὶς,
3044 4357 3388 4426 βεϐαιοῦντες
3433 4361 3491 4410 ἐν
3532 4363 3598 4430 τῇ

2017 4441 2198 4508 τριάδι
2229 4441 2330 4509 τὴν
2361 4441 2494 4510 παρ’
2523 4443 2735 4495 ἑκείνου
2768 4447 2952 4513 φωνὴν
2975 4487 2987 4510 ,
3022 4447 3114 4500 καὶ
3143 4450 3242 4516 τὴν
3273 4451 3600 4519 παράδεισον

2020 4529 2414 4599 ἐξαιτούμενοι.
2455 4529 2588 4586 Εἶτα
2631 4536 2724 4587 καὶ
2758 4536 2826 4589 τὰ
2872 4539 2930 4590 ἑν
2965 4541 3029 4608 τῇ
3079 4541 3362 4612 ἱερουργίᾳ
3402 4542 3600 4608 ἔξωθεν

333 4631 730 4698 commodatos,
783 4649 802 4682 ι
845 4629 1007 4702 Kyrie
1037 4629 1273 4697 eleison,
1314 4650 1331 4681 ι
1369 4633 1698 4700 quadragies
1716 4648 1912 4688 secun-

2023 4622 2175 4692 παρὰ
2207 4623 2426 4676 πάντων
2453 4623 2724 4694 λεγόμενα
2751 4627 2995 4696 λέγουσι,
3025 4630 3092 4682 τὰ
3123 4633 3273 4700 παρὰ
3299 4631 3410 4684 τῶν
3436 4635 3599 4701 ἀγγέ-

334 4723 464 4774 dum
495 4723 755 4776 horarum
786 4721 1056 4776 ordinem.
1089 4719 1155 4775 Et
1181 4721 1328 4777 illico
1357 4720 1692 4792 adjiciuntur
1714 4722 1908 4790 psalmi

337 4813 404 4872 ad
440 4812 644 4882 gratias
684 4814 794 4866 Deo
825 4811 1062 4881 agendas
1087 4827 1184 4882 pro
1214 4811 1473 4869 omnibus
1501 4810 1596 4867 Dei
1629 4812 1911 4869 beneficiis

335 4904 568 4972 ciboque
615 4903 670 4956 in
703 4917 862 4958 usum
899 4903 1205 4973 impertito,
1243 4917 1438 4973 nempe
1469 4922 1482 4959 :
1525 4921 1544 4955 ι
1593 4903 1912 4960 Benedicam

335 4993 685 5059 Dominum,»
718 5001 793 5057 et,
827 4991 1125 5049 «Exaltabo
1149 5003 1220 5058 te,
1254 4992 1397 5049 Deus
1424 5009 1632 5049 meus»
1665 4993 1910 5065 Dataque

335 5089 679 5158 eleemosyna
710 5083 764 5140 in
795 5085 1282 5148 sanctiﬁcationem
1315 5095 1558 5149 nostram
1585 5127 1600 5153 ,
1627 5085 1706 5141 sic
1737 5086 1914 5141 absol-

337 5179 500 5234 vitul'.

2019 4713 2126 4766 λων
2148 4756 2163 4781 ,
2197 4731 2216 4765 ι
2243 4716 2432 4781 ’Ἄγιος
2455 4757 2470 4780 ,
2503 4717 2661 4785 ἅγιος
2679 4760 2693 4784 ,
2727 4718 2880 4786 ἅγιος
2901 4761 2915 4785 ,
2951 4740 2968 4771 ι
3001 4723 3122 4791 τρὶς
3143 4763 3157 4784 ,
3185 4724 3284 4792 τὴν
3309 4724 3599 4792 ὁμολογίαν

2022 4809 2121 4879 τῆς
2160 4807 2401 4871 πίστεως
2427 4825 2440 4839 ·
2480 4809 2539 4861 τὸ
2572 4811 2842 4880 ἀφεθῆναι
2878 4815 3010 4883 ἡμῖν
3043 4814 3217 4869 πάντα
3246 4816 3314 4870 τὰ
3351 4817 3598 4887 ἁμαρτήο

2025 4917 2169 4969 ματα
2199 4915 2212 4930 ⁸
2245 4901 2342 4954 καὶ
2368 4899 2466 4971 τὴν
2501 4903 2653 4970 παρὰ
2685 4903 2778 4955 τοῦ
2810 4905 3060 4974 Σωτῆρος
3091 4907 3418 4975 προσευχὴν,
3447 4900 3512 4977 ἦς
3543 4907 3598 4958 ὲν

2021 4993 2100 5062 τῷ
2131 4991 2274 5044 τέλει
2308 4993 2374 5045 τὰ
2413 4992 2551 5061 πρὸς
2582 4993 2683 5064 τὴν
2717 4995 2934 5064 ἡμέραν
2967 4998 3241 5066 τροπάρια
3283 4995 3555 5065 ἁρμοδίως
3579 5011 3595 5024 ·

2023 5085 2104 5149 τὸ,
2142 5100 2162 5133 ι
2199 5083 2392 5153 Κύριε,
2424 5084 2673 5150 ἐλέησον,
2709 5103 2725 5135 ι
2756 5087 3184 5158 τεσσαράκοντα,
3215 5089 3356 5141 κατὰ
3381 5088 3480 5159 τὴν
3504 5088 3597 5140 τά-

2025 5177 2106 5242 ξιν
2140 5175 2251 5229 τῶν
2288 5175 2644 5230 ἁκολουθιῶν.
2688 5178 2796 5230 Kal
2833 5178 2995 5240 εὐθὺς
3035 5180 3334 5248 ἐπάγονται
3373 5183 3421 5233 οἱ
3462 5181 3596 5250 ψαλ-

339 5269 448 5338 μοὶ,
477 5269 558 5332 είς
584 5267 937 5340 εὐχαριστίαν
961 5267 1072 5321 τῶν
1096 5268 1248 5336 παρὰ
1271 5267 1406 5320 Θεοῦ
1435 5269 1654 5324 πάντων
1683 5274 1778 5322 καὶ
1803 5271 1912 5325 τῶν
1943 5272 2024 5333 είς
2060 5268 2251 5339 χρείαν
2284 5269 2515 5338 τροφῆς,
2547 5269 2629 5331 τὸ,
2671 5287 2689 5319 ι
2733 5270 3027 5341 Εὐλογὴσω
3049 5273 3139 5324 τὸν
3170 5271 3396 5340 Κύριον,
3427 5291 3444 5323 ι
3477 5271 3592 5324 καὶν

341 5379 358 5408 ι
405 5357 639 5426 ’Υψὼσω
670 5375 728 5412 σε
749 5399 766 5423 ,
796 5361 825 5411 ό
852 5357 986 5421 Θεός
1020 5375 1144 5426 μου.
1187 5376 1204 5409 ι
1241 5357 1350 5410 Kal
1379 5357 1751 5428 διαδιδομένου
1788 5359 1883 5414 τοῦ
1919 5360 2221 5431 ἀντιδώρου
2257 5361 2339 5423 είς
2373 5359 2649 5429 ἁγιασμδν
2680 5361 2860 5429 ἡμῶν,
2887 5363 2920 5431 ἡ
2947 5361 3211 5426 ἀπόλυσις
3235 5364 3470 5432 γίνεται.

819 5470 1049 5526 CAPUT
1100 5471 1426 5528 CCCXXX].

335 5587 412 5656 De
448 5588 732 5658 tvespertiao
764 5588 1029 5658 oﬁicimct
1054 5588 1194 5656 quod
1224 5589 1327 5642 tria
1361 5591 1629 5654 praecipua
1661 5591 1825 5658 uﬂicia
1847 5590 1911 5654 ab

410 5656 570 5708 altari
603 5656 817 5710 initium
847 5657 1096 5724 capiunt,
1132 5667 1180 5708 et
1216 5658 1270 5710 in
1304 5674 1363 5711 eo
1396 5659 1662 5720 desinunt,
1693 5656 1913 5721 matuti—

407 5740 555 5782 num.
604 5741 757 5778 sacra
806 5729 1043 5794 corporis
1079 5736 1124 5780 et
1165 5729 1442 5796 sanguinis
1478 5728 1652 5782 Chisti
1691 5728 1909 5797 lilurgia

407 5802 459 5850 et
483 5797 854 5861 vespertinum.

410 5908 774 5978 Vesper-tinus
821 5918 1005 5966 autem
1048 5910 1284 5980 hymnus
1335 5911 1633 5980 perficitur,
1683 5911 1827 5966 sicut
1859 5921 1913 5966 ct

341 6001 680 6072 matutinus,
726 5999 924 6074 majori
983 6001 1332 6062 solemnitate
1384 6009 1550 6075 atque
1590 6001 1871 6076 diligentia
1897 6042 1912 6072 ,

2569 5475 2820 5530 ΚΕΦΑΛ.
2858 5477 3033 5532 TAA’.

2017 5592 2156 5658 Περὶ
2189 5590 2293 5644 τοῦ
2324 5589 2646 5657 ἐσπερινοῦ
2670 5631 2684 5654 ,
2717 5590 2813 5643 καὶ
2850 5589 2941 5644 ὅτι
2971 5591 3126 5659 τρεῖς
3156 5591 3472 5658 ἐξαιρέτως
3503 5609 3592 5645 τεο

2088 5659 2256 5716 λεταί
2282 5660 2398 5713 ἀπὸ
2426 5659 2533 5712 τοῦ
2563 5661 3000 5725 θυσιαστηρίου
3028 5660 3314 5728 ἄρχονται
3333 5705 3346 5724 ,
3380 5664 3473 5714 καί
3505 5667 3591 5725 εἰς

2088 5731 2235 5784 αὐτὸ
2264 5728 2659 5800 τελευτῶσιν,
2690 5732 2722 5782 ό
2751 5730 2959 5796 ὄρθρος
2977 5772 2991 5796 ,
3024 5730 3062 5796 ή
3095 5732 3224 5784 θεία
3251 5733 3590 5800 λειτουργία

2091 5800 2189 5855 καί
2220 5804 2251 5854 ό
2285 5798 2625 5867 ἐσπερινός.

2093 5915 2152 5965 '0
2191 5914 2474 5982 ἑσπερινος
2516 5911 2574 5964 δὲ
2607 5911 2841 5964 τελεῖται
2883 5911 3051 5980 ὕμνος
3088 5911 3161 5974 ὡς
3197 5911 3298 5965 καὶ
3327 5913 3354 5963 ὁ
3390 5909 3583 5979 ὄρθρος

2011 6005 2391 6074 λαμπρότερόν
2425 6022 2483 6058 τε
2524 6003 2617 6058 καὶ
2653 6002 3069 6073 σπουδαιότερον
3095 6017 3108 6031 ·
3146 6002 3269 6057 ἐπεὶ
3303 6003 3395 6056 καὶ
3428 5997 3583 6063 αὖθις
