4126 6268
530 411 634 474 591

1668 417 1764 476 DE
1801 419 2048 476 SACliA
2097 419 2185 476 Pii
2202 417 2388 477 ECAT
2404 420 2608 479 IONE.

3673 417 3778 479 598
3813 453 3815 456 ‹

529 531 735 593 εἰπεῖν,
772 529 892 599 τρὶς
925 533 1025 600 τῆς
1058 530 1270 601 ἡμέρας
1302 534 1368 602 τῇ
1403 532 1538 603 ἁγίᾳ
1571 534 1762 602 Τριάδι
1796 533 2102 602 δοξολογίαι

2207 535 2486 600 quoniam,
2520 543 2577 588 ιιι
2611 550 2798 589 rursus
2831 533 3009 590 dicam
3035 573 3051 597 ,
3087 539 3166 586 ter
3197 533 3249 588 iu
3287 532 3374 590 die
3406 541 3605 587 saneta:
3647 530 3774 587 Trio

528 619 679 687 τρεῖς
697 619 777 680 είς
798 620 1087 689 ὁμολογίαν
1103 622 1270 691 αὐτῆς
1293 624 1387 676 καὶ
1409 624 1568 690 δόξαν
1585 625 1976 693 προσάγονται,
1997 625 2101 675 ἀπὸ

529 709 624 762 τοῦ
665 710 1057 785 θυσιαστηρίου
1093 713 1388 782 ἐξαιρέτως
1423 715 1755 787 ἀρχόμεναι,
1793 718 1885 769 καὶ
1929 720 2008 777 εἰς
2042 717 2102 769 τὸ

533 800 916 871 θυσιαστήριον
957 803 1024 856 δι’
1052 804 1239 872 ίερέως
1283 806 1614 858 τελευτῶσαι
1643 823 1656 836 °
1701 809 1728 858 6
1771 807 1967 876 ὄρθρος
2011 808 2104 876 δη·

533 891 686 960 λαδὴ,
720 894 753 960 ἡ
784 893 892 946 τῶν
921 893 1154 947 τελετῶν
1181 896 1396 967 τελετὴ,
1426 899 1458 965 ή
1490 897 1610 968 ἱερά
1637 899 1976 968 λειτουργία,
2008 900 2102 951 καὶ

533 983 560 1032 6
592 982 879 1049 ὲσπερινὸς
901 997 915 1009 ⁶
943 982 1006 1044 ἃς
1034 984 1096 1051 δὴ
1127 985 1434 1054 δοξολογίας
1462 989 1556 1040 καὶ
1585 987 1728 1050 ἅπας
1756 989 1866 1040 τῶν
1897 989 2102 1040 πιστῶν

535 1071 630 1124 καὶ
664 1071 847 1136 λαῖκδς
880 1073 1098 1127 ἀκούειν
1131 1075 1518 1147 ἀπαραιτήτως
1561 1077 1681 1131 καθ’
1709 1081 1918 1147 ἡμέραν
1952 1080 2096 1147 ὀφεί-

533 1165 646 1226 λει,
680 1170 772 1221 καὶ
801 1169 928 1237 περὶ
959 1167 1068 1220 τῶν
1098 1169 1276 1222 ἄλλων
1305 1171 1614 1241 φροντίζειν
1643 1173 1815 1241 ὁπόση
1849 1172 2097 1240 δύναμις.

533 1258 640 1311 Τι-,ῦ
679 1259 866 1328 ἱερέως
895 1261 1074 1311 τοίνυν
1106 1261 1498 1330 εὐλογήσαντος
1529 1263 1585 1314 ὲν
1616 1264 1692 1331 τῷ
1725 1265 2100 1334 ουσιτστηρίῳ

533 1351 606 1412 ὡς
644 1353 700 1402 ὲν
731 1351 945 1422 οὐρανῷ
981 1351 1210 1406 ἐνώπιον
1240 1353 1335 1407 τοῦ
1371 1355 1531 1417 Θεοῦ,
1565 1357 1646 1419 τδ,
1690 1375 1708 1408 ι
1731 1356 1894 1409 Δεῦτε
1932 1374 2101 1426 πρνισ-

532 1442 883 1511 κυνήσωμεν,
923 1463 942 1494 ι
1002 1445 1120 1513 τρὶς
1150 1445 1281 1512 παρ’
1303 1444 1420 1508 ἑνὸς
1449 1446 1537 1498 διὰ
1562 1448 1660 1516 τὴν
1688 1448 1974 1500 εὐλάϐειαν
2005 1452 2100 1502 καὶ

532 1533 628 1602 τὴν
664 1534 771 1586 τῶν
807 1536 1112 1602 λεγομένων
1149 1537 1366 1590 σύνεσιν
1409 1539 1650 1606 λέγεται.
1691 1543 1800 1594 Καὶ
1843 1542 1891 1592 εί
1935 1542 2034 1610 μὲν
2070 1544 2102 1607 ἡ

531 1627 712 1695 ἡμέρα
743 1628 930 1698 κοινὴ,
961 1629 987 1680 6
1015 1628 1222 1696 ψαλμὸς
1254 1629 1400 1694 ἄπας
1431 1632 1648 1701 λέγεται
1671 1672 1685 1694 ,
1721 1637 1747 1687 6
1778 1636 1869 1685 τὸν
1903 1635 2103 1703 Κύριον

531 1718 790 1784 εὐῖογῶν,
817 1724 908 1771 καὶ
933 1720 1032 1789 τὴν
1057 1720 1416 1792 δημιουργίαν
1441 1724 1608 1778 αὐτοῦ
1637 1725 1858 1778 ἃπασαν
1887 1725 2104 1794 διηγού-

536 1826 729 1876 μενος,
764 1812 860 1862 καὶ
893 1812 985 1863 ἐπὶ
1019 1813 1184 1865 πᾶσιν
1217 1814 1561 1883 εὐχαριστῶν
1587 1831 1602 1844 ⁵
1637 1817 1759 1871 ἐπεὶ
1794 1820 1886 1869 καὶ
1920 1817 2104 1869 τελευ-

2207 623 2390 677 uitatis
2425 633 2534 678 tres
2567 625 2906 680 laudationes
2948 628 3001 678 in
3035 625 3438 680 confessionem
3460 635 3513 678 et
3545 624 3775 691 gloriam

2207 711 2351 765 illius
2387 712 2742 778 adhibentur,
2780 716 2849 769 ab
2876 715 3036 769 altari
3058 715 3343 784 insigniter
3375 714 3694 782 incipientes
3723 723 3779 767 et

2208 803 2259 854 in
2295 817 2359 855 en
2388 820 2483 872 per
2509 804 2851 861 sacerdotem
2884 806 3199 860 desinentes
3220 847 3234 871 ,
3271 806 3519 860 videlicet
3557 804 3776 858 matuti-

2209 908 2356 956 num,
2395 908 2551 946 sacra
2587 897 2833 963 corporis
2865 905 2920 951 et
2966 897 3252 967 sanguinis
3303 896 3510 950 Christi
3555 895 3774 965 liturgia

2206 994 2259 1036 et
2295 985 2668 1053 vespertinum
2700 987 2938 1042 cilicium
2971 1029 2986 1054 ,
3023 1003 3162 1058 quas
3191 988 3534 1043 laudationes
3571 988 3776 1057 singuli

2208 1076 2391 1129 ﬁdeles
2423 1087 2476 1130 et
2527 1077 2694 1131 etiam
2745 1078 2869 1132 laici
2899 1079 3146 1149 quotidie
3178 1079 3378 1135 debent
3411 1081 3618 1140 audire,
3653 1079 3776 1133 aliis

2207 1181 2336 1218 vero
2381 1167 2646 1222 interesse
2701 1177 2970 1237 quantum
3028 1171 3325 1236 potuerint.
3368 1170 3534 1240 Igitur
3563 1171 3689 1225 data
3719 1170 3772 1224 in

2205 1259 2360 1312 altari
2397 1261 2538 1313 velut
2568 1261 2622 1314 in
2654 1261 2793 1316 coelo
2825 1261 2882 1316 in
2912 1270 3206 1330 conspectu
3263 1264 3355 1318 Dei
3398 1263 3777 1317 benedictione

2205 1353 2521 1418 sacerdotis,
2558 1353 2688 1408 illud
2726 1372 2745 1404 ι
2784 1351 2981 1408 Venite
3016 1356 3309 1411 adoremus
3357 1373 3376 1405 ι
3427 1365 3509 1409 ter
3559 1356 3627 1408 ab
3659 1369 3770 1408 uno

2207 1446 2270 1498 ad
2308 1445 2560 1514 pietatem
2595 1453 2651 1500 et
2704 1445 2976 1500 dictorum
3013 1447 3428 1517 intelligentiam
3464 1446 3686 1510 dicitur,
3723 1456 3777 1500 et

2204 1535 2248 1588 si
2286 1536 2408 1589 dies
2433 1535 2648 1605 quidem
2685 1541 2995 1592 communis
3025 1539 3206 1601 tuerit,
3249 1549 3393 1594 totus
3423 1538 3666 1608 psalmus
3695 1553 3782 1592 re-

2205 1626 2404 1678 citatur
2451 1642 2559 1695 quo
2606 1627 2946 1683 benedicitur
2999 1628 3288 1690 Dominus,
3349 1630 3601 1683 universa
3656 1630 3778 1697 ejus

2204 1715 2408 1767 creatio
2438 1726 2746 1781 enarratur,
2778 1718 3074 1786 gratiasque
3105 1726 3343 1785 aguntur
3387 1717 3455 1771 de
3489 1718 3771 1781 omnibus,

2205 1803 2466 1870 quoniam
2507 1804 2596 1857 die
2624 1815 3070 1872 vesperascente.
3106 1815 3321 1873 oportet
3375 1822 3471 1875 pro
3518 1808 3776 1861 omnibus

531 1899 710 1967 τώσης
733 1900 831 1968 τῆς
858 1901 1092 1970 ἡμέρας,
1121 1902 1239 1954 δέον
1429 1904 1688 1958 ἁπάντων
1715 1907 2062 1976 εὐχαριστεῖν
2087 1921 2102 1938 ⁸

2206 1895 2408 1963 gratias
2444 1910 2623 1965 agere.
2648 1895 2846 1950 Verum
2873 1897 2918 1952 si
2945 1899 3065 1954 dies
3097 1899 3328 1953 festivus
3360 1899 3544 1961 fuerit,
3578 1901 3779 1955 dicitur

530 1989 580 2038 εί
600 1987 655 2039 δὲ
678 1987 860 2058 ἡμέρα
883 1989 1120 2057 ὲόρτιος,
1157 1990 1288 2061 ἄχρι
1314 1993 1430 2057 τοῦ,
1471 2011 1490 2045 ι
1519 1993 1853 2058 ’Λνοίξαντός
1879 2011 1972 2046 σου
2006 1995 2106 2064 τὴν

531 2080 687 2147 χεῖρα
708 2095 757 2129 Ὶ
790 2081 883 2131 καὶ
899 2080 1020 2132 τότε
1043 2083 1193 2150 παρὰ
1229 2083 1444 2136 πάντων
1475 2083 1853 2154 λαμπρότερον
1884 2085 2066 2156 ᾅδεται
2088 2127 2103 2151 ,
2157 2139 2159 2141 ,

531 2170 745 2240 ἑκάστῳ
787 2171 955 2241 στίχῳ
993 2173 1092 2242 τὴν
1135 2174 1342 2243 Τριάδα
1390 2176 1609 2228 πάντων
1651 2176 2102 2244 δοξολογούντων,

528 2260 650 2329 ἥτις
681 2260 791 2313 τῶν
825 2261 964 2315 ὅλων
996 2263 1346 2334 δημιουργός.
1385 2266 1490 2318 Τοῦ
1532 2267 1721 2336 ἱερέως
1761 2267 1817 2322 δὲ
1850 2271 1917 2322 τὰ
1957 2272 2106 2340 εἰρη-

531 2351 655 2404 νικά
681 2353 1000 2422 εὐξαμένου,
1028 2356 1123 2408 καὶ
1148 2356 1408 2424 ὲκφὼνως
1432 2357 1908 2429 δοξολογήσαντος,
1937 2363 2030 2414 καὶ
2053 2363 2103 2414 οἱ

531 2442 705 2513 ἕτεροι
749 2446 1042 2512 ἐπάγονται
1082 2445 1288 2518 ψαλμοὶ
1329 2448 1424 2502 τοῦ
1471 2449 1631 2520 232
1675 2450 1987 2519 Ψαλτῆρος,
2029 2453 2104 2516 ὡς

535 2535 628 2587 καὶ
658 2535 706 2586 οἱ
739 2537 794 2587 ὲν
823 2536 900 2605 τῷ
933 2536 1114 2608 ὄρθρῳ
1144 2539 1517 2607 τετυπωμένοι
1536 2581 1552 2607 ,
1584 2543 1743 2610 εἴπερ
1773 2543 1955 2612 ἡμέρα
1993 2561 2104 2596 κοι-

535 2624 632 2692 νὴ,
667 2625 740 2688 ὡς
774 2625 839 2678 ἂν
873 2628 904 2696 ή
939 2627 1030 2680 τοῦ
1065 2627 1356 2698 Ψαλτῆρος
1391 2629 1572 2697 βίϐλος
1605 2631 1685 2692 εἰς
1722 2629 1929 2699 ὕμνους
1965 2632 2101 2687 Θεοῦ

531 2714 944 2786 ἀποτεταγμένη
980 2717 1258 2788 τελεσθείη
1302 2719 1453 2792 πάσῃ
1490 2722 1556 2790 τῇ
1601 2721 1894 2790 ὲὸδομάδισ
1937 2724 2002 2788 τῇ
2046 2722 2102 2776 δέ

532 2823 596 2875 γε
639 2811 1046 2878 τεσσαρακοστῇ
1076 2809 1157 2874 δὶς
1175 2851 1190 2877 ,
1215 2812 1296 2873 εις
1328 2811 1498 2864 πλείω
1527 2811 1695 2866 κόπον
1721 2814 1875 2882 ήμῶν
1899 2854 1913 2878 ,
1941 2814 2101 2880 δόξαν

530 2918 592 2955 τε
621 2902 714 2956 τοῦ
743 2903 878 2957 Θεοῦ
911 2905 1002 2958 καὶ
1033 2905 1172 2974 ὑπὲρ
1205 2903 1362 2974 ήμῶν
1394 2906 1572 2960 αὐτῶν
1602 2907 1904 2972 ὲξιλέωσιν.

1083 3020 1332 3076 ΚΕΦΑΛ.
1378 3021 1463 3074 ΤΛ
1474 3019 1548 3075 B'.

533 3109 662 3163 Ὀτι
692 3111 744 3163 οἱ
772 3109 929 3187 τρεῖς
958 3108 1175 3187 ᾳρῶτρι
1201 3111 1308 3187 τοῦ
1343 3112 1662 3187 Ψαλτῆρος
1690 3117 1919 3187 ψαλμοὶ
1947 3120 2101 3183 ἐξαι-

731 3180 920 3246 ρέτως
954 3183 1040 3245 εἰς
1073 3182 1181 3234 τὸν·
1215 3183 1436 3249 Κύριον
1466 3180 1886 3250 ἀναφέροι-τίτί.

600 3271 664 3326 Εἰ
695 3272 749 3326 δέ
781 3289 842 3341 γε
872 3274 1055 3344 ἡμέρα
1087 3275 1298 3343 ἑορτῆς,
1333 3275 1467 3344 μετὰ
1497 3277 1563 3327 τά
1598 3278 1849 3342 τριαδικά
1879 3282 1971 3332 καὶ
1996 3284 2096 3353 τὴν

534 3367 810 3436 συναπτὴν
854 3367 904 3418 οἱ
951 3368 1098 3436 τρεῖς
1147 3367 1352 3438 πρῶτοι
1399 3365 1492 3419 τοῦ
1544 3367 1831 3437 Ψαλτῆρος
1883 3370 2098 3442 ᾅδονται

531 3456 732 3525 ψαλμοὶ
753 3494 768 3518 ,
800 3456 849 3510 οῖ
886 3457 979 3510 καὶ
1018 3459 1098 3520 είς
1127 3458 1220 3510 τὸν
1253 3458 1457 3528 Κύριον
1490 3459 1854 3530 ἀναφέρονται
1889 3465 2100 3535 ἐξαιρέ-

530 3563 659 3610 τως.
705 3548 1160 3619 Ἐνανθρωπήσας
1194 3549 1304 3619 γάρ
1337 3552 1364 3602 ὁ
1403 3548 1496 3603 τοῦ
1531 3549 1666 3604 Θεοῦ
1702 3555 1906 3621 Λόγος,
1938 3557 2100 3622 αὐτὸς

530 3637 696 3700 ὅντως
740 3640 898 3708 μόνος
941 3639 1211 3708 μακάριος
1255 3640 1393 3710 ἀνὴρ
1435 3641 1650 3708 γέγονε,
1693 3645 1788 3695 καὶ
1827 3645 2102 3714 ἁμαρτίαν

530 3733 630 3783 οὐκ
655 3731 896 3801 ἐποίησε,
927 3735 1018 3786 καὶ
1047 3731 1203 3798 ξύλον
1231 3731 1378 3802 ζωῆς
1405 3736 1540 3798 ἐστι,
1570 3737 1665 3788 καὶ
1696 3737 1908 3807 καρπὸν
1934 3740 2102 3794 πολὺν

532 3825 678 3892 ἡμᾶς
704 3825 828 3886 τοὺς
858 3825 938 3887 είς
968 3826 1131 3878 αὐτὸν
1161 3825 1581 3890 πιστεύσαντας,
1613 3827 1812 3882 δέδωκε
1839 3844 1853 3860 ο
1886 3831 1978 3884 καὶ
2008 3834 2100 3903 ζῇ,

537 3917 612 3983 μὴ
659 3913 962 3984 ξηρανθεὶς,
1003 3915 1079 3969 ὢν
1119 3916 1422 3980 άθάνατος’
1465 3918 1585 3970 οὐδὲ
1627 3920 1891 3991 ἀπορρέει
1930 3924 2099 3994 ἡμᾶς,

533 4005 608 4067 ὡς
638 4005 834 4073 φύλλον
862 4006 1021 4059 αὐτοῦ
1051 4006 1300 4069 ἀειθαλὲς
1328 4007 1419 4060 καὶ
1447 4007 1683 4078 καρπόν.
1717 4010 1857 4074 Τοὺς
1887 4010 1946 4066 δὲ
1974 4015 2103 4067 άσεο

532 4095 644 4158 δεῖς
691 4096 766 4160 ὼς
813 4096 940 4165 χοῦν
984 4098 1074 4150 καὶ
1119 4101 1246 4161 τοὺς
1290 4098 1550 4166 δαίμονας
1596 4099 1942 4170 ὲκλικμήσει.
1992 4105 2102 4158 Καὶ

533 4187 870 4258 ἑφρυάξαντο
910 4189 1030 4245 κατ’
1055 4188 1217 4242 αὐτοῦ
1261 4189 1502 4259 βασιλεῖς
1546 4191 1640 4242 καὶ
1679 4191 1974 4261 ἄρχοντες,
2009 4193 2102 4256 οὓς

532 4279 868 4350 ιμυκτήρισε
901 4280 1001 4349 μὲν
1026 4281 1272 4349 νικήσας,
1302 4282 1462 4344 αὐτὸς
1491 4281 1548 4334 δὲ
1577 4282 1832 4350 βασιλεὺς
1863 4284 2098 4355 κατέστη

533 4372 633 4441 τῆς
668 4371 992 4441 Ἐκκλησίας
1025 4371 1213 4426 αὐτοῦ.
1248 4373 1356 4426 Καὶ
1390 4373 1519 4436 Υἱὸς
1552 4372 1689 4425 Θεοῦ
1725 4373 1874 4437 ἐστι,
1909 4375 2005 4426 καὶ
2033 4376 2104 4429 τὰ

2209 2000 2380 2052 usque
2408 1987 2474 2038 ad
2522 1987 2670 2040 hunc
2717 1987 2892 2042 locum
2930 2005 2945 2040 :
2984 2006 3002 2039 ι
3042 1991 3329 2058 Aperiente
3377 2000 3429 2045 te
3461 2007 3705 2054 manum,
3748 2012 3766 2043 ι

2207 2086 2263 2130 et
2295 2085 2424 2129 tunc
2455 2077 2523 2129 ab
2549 2077 2805 2133 omnibus
2837 2079 3051 2135 clariori
3090 2096 3222 2136 voce
3255 2090 3508 2136 cantatur
3542 2084 3772 2151 singulis

2209 2167 2461 2222 versibus
2485 2168 2810 2234 Trinitatem
2859 2172 3262 2230 celebrantibus
3313 2176 3608 2237 universis,
3654 2193 3774 2244 (ιιιεν

2207 2266 2287 2312 εει
2322 2260 2566 2314 omnium
2599 2265 2854 2315 creatrix.
2888 2261 3185 2319 Sacerdote
3216 2275 3396 2318 autem
3431 2268 3649 2334 paritica
3679 2267 3773 2322 de-

2205 2361 2449 2419 precato,
2500 2351 2718 2422 altaque
2768 2368 2903 2408 voce
2938 2356 3095 2409 dicta
3141 2357 3209 2411 ab
3240 2373 3305 2413 eo
3338 2357 3648 2425 doxologia,
3682 2359 3775 2412 alii

2207 2439 2587 2506 producuntur
2631 2441 2822 2508 psalmi
2868 2444 3134 2511 psalterii,
3179 2446 3366 2515 quales
3401 2448 3455 2502 in
3509 2451 3779 2503 matutino

2208 2529 2406 2595 oﬂicio,
2443 2530 2486 2587 si
2520 2531 2638 2586 dies
2671 2535 2978 2589 communis
3007 2534 3191 2603 fuerit,
3227 2536 3494 2605 designati
3517 2551 3666 2606 sunt,
3703 2543 3776 2596 ita

2205 2629 2266 2675 ut
2289 2621 2428 2676 liber
2454 2622 2694 2692 psalterii
2733 2622 2800 2678 ad
2829 2623 2998 2679 Deum
3030 2626 3362 2682 laudandum
3397 2629 3694 2696 dispositus
3721 2633 3775 2686 in

2207 2711 2544 2766 hebdomade
2579 2713 2922 2777 absolvatur,
2962 2715 3048 2770 bia
3097 2732 3222 2772 vero
3271 2718 3325 2773 in
3352 2721 3774 2792 quadragesima

2205 2803 2269 2855 ad
2297 2804 2557 2873 majorem
2596 2806 2833 2862 laborem
2862 2809 3018 2864 nobis
3053 2808 3256 2880 Deique
3278 2812 3510 2882 gloriam
3540 2816 3774 2886 ejusque

2205 2907 2300 2960 pro
2341 2895 2498 2951 nobis
2535 2896 2666 2967 ipsis
2708 2899 3152 2968 propitiationem
3189 2905 3643 2974 comparandum.

2658 3011 2887 3067 CAPUT
2948 3013 3299 3071 CCCXXX".

2206 3094 2324 3148 Tres
2360 3098 2614 3162 primores
2639 3099 2887 3184 Psalntos
2909 3107 3248 3187 peculiariter
3283 3109 3352 3159 ad
3378 3107 3644 3164 Christum
3679 3112 3774 3165 Do-

2767 3188 2970 3226 mmum
2999 3187 3205 3242 relerrt.

2278 3258 2546 3315 Caeterum
2578 3272 2702 3331 post
2731 3262 3020 3320 Trinitatis
3053 3269 3310 3336 hymnum
3365 3282 3418 3322 et
3467 3274 3773 3326 orationem

2203 3351 2647 3422 subsequentem,
2681 3357 2724 3409 si
2761 3356 2880 3411 dies
2915 3357 3142 3413 festivus
3173 3360 3266 3427 sit,
3299 3371 3411 3417 tres
3439 3366 3598 3432 primi
3633 3371 3778 3434 psal-

2205 3446 2323 3500 terii
2355 3457 2644 3503 cantantur
2671 3449 2864 3519 psalmi
2893 3450 2982 3519 qui
3013 3452 3359 3516 peculiariter
3388 3457 3452 3508 ad
3483 3458 3772 3514 Dominum

2208 3537 2544 3594 referuntur.
2576 3539 2711 3596 Nam
2752 3543 3096 3597 incarnatum
3140 3543 3233 3599 Dei
3269 3544 3511 3601 Verbum
3543 3591 3557 3614 ,
3592 3551 3769 3616 ipsum

2204 3643 2329 3683 vere
2361 3630 2536 3685 solum
2570 3632 2652 3684 vir
2700 3632 2894 3687 beatus
2925 3633 3125 3688 laetum
3158 3645 3263 3691 est.
3299 3637 3399 3703 Qui
3427 3638 3571 3695 Deus
3605 3640 3776 3695 Homo

2205 3732 2487 3789 peccatum
2520 3737 2626 3778 non
2660 3723 2809 3786 fecit,
2833 3733 2887 3780 et
2912 3735 2994 3778 est
3016 3726 3222 3795 lignum
3247 3731 3388 3794 vitae,
3418 3730 3766 3800 fructumque

2203 3813 2458 3878 multum,
2491 3827 2590 3867 nos
2643 3813 2851 3868 scilicet
2894 3814 2947 3868 in
2987 3830 3112 3868 eum
3146 3818 3455 3886 credentes,
3490 3824 3770 3892 produxit,

2203 3915 2257 3961 et
2276 3905 2428 3972 vivit,
2446 3914 2629 3975 utpote
2653 3920 2995 3975 nequaquam
3027 3911 3286 3978 siccatus,
3315 3927 3438 3967 cum
3457 3914 3528 3968 sit
3555 3914 3776 3969 immor-

2204 3999 2350 4066 talis;
2385 4014 2482 4054 uos
2514 4015 2640 4055 vero
2668 4015 2773 4054 non
2809 3999 3007 4055 delluet
3041 4002 3134 4070 qui
3186 4003 3377 4058 folium
3410 4004 3531 4074 ejus
3571 4006 3776 4075 jugiter

2201 4090 2377 4144 viride
2411 4103 2464 4146 et
2492 4090 2703 4146 fructus
2738 4107 2952 4159 sumus,
2983 4093 3180 4161 impios
3208 4106 3383 4150 autem
3413 4107 3470 4151 ut
3495 4099 3772 4167 pulverem

2204 4179 2584 4250 daemonesque
2633 4181 2937 4236 ventilahit.
2987 4182 3052 4237 Et
3118 4184 3460 4240 fremuerunt
3509 4189 3774 4244 adversus

2203 4287 2326 4326 eum
2363 4287 2517 4342 reges
2549 4283 2604 4327 et
2637 4275 2913 4344 principes
2963 4289 3102 4344 quos
3155 4277 3375 4346 quidem
3422 4280 3776 4336 subsannavit

2204 4363 2487 4433 devictos,
2529 4364 2645 4430 ipse
2693 4380 2820 4420 vero
2859 4367 3196 4423 constitutus
3246 4377 3330 4423 est
3375 4384 3472 4424 rex
3517 4369 3774 4428 Ecclesia

538 4463 666 4533 ἔθνη
697 4463 821 4532 ἔσχε
851 4463 1216 4533 κληρονομίαν
1238 4502 1253 4528 ,
1281 4463 1372 4516 καὶ
1402 4465 1472 4516 τὰ
1503 4463 1713 4533 πέρατα
1745 4465 1975 4535 κατέσχε
2004 4466 2102 4537 τῆς

2209 4469 2342 4520 suae,
2372 4463 2426 4510 et
2457 4455 2624 4511 Filius
2653 4455 2749 4510 Dei
2780 4464 2886 4521 est,
2921 4463 3224 4526 gentesque
3249 4459 3441 4515 habuit
3485 4461 3777 4518 haeredita-

535 4553 657 4621 γῆς,
699 4553 794 4604 καὶ
833 4551 1038 4620 ποιμήν
1079 4553 1224 4604 ἐστιν
1269 4551 1506 4621 ἰσχυρός.
1547 4553 1652 4605 Καὶ
1693 4553 2106 4626 ἐπληθύνθησαν

540 4643 636 4711 μὲν
675 4645 724 4695 οἱ
767 4640 1041 4702 θλίϐοντες
1088 4642 1288 4705 αὐτὸν,
1333 4642 1429 4694 καὶ
1471 4642 1960 4715 διαλοιδορούμενοι
2007 4649 2104 4702 καὶ

535 4735 841 4797 διώκοντες,
872 4732 921 4785 οἳ
953 4733 1045 4786 καὶ
1080 4731 1299 4803 σταυρῷ
1327 4735 1488 4786 αὐτὸν
1519 4733 1871 4790 ἐθανάτωσαν
1895 4753 1908 4767 ·
1942 4738 2106 4802 αὐτὸς

535 4824 592 4877 δὲ
625 4825 721 4876 καὶ.
755 4823 892 4892 μετὰ
921 4823 1015 4875 τοῦ
1049 4825 1262 4894 Πατρδς
1293 4819 1360 4893 ἦν
1392 4825 1618 4893 πάσχων
1651 4827 1854 4894 σαρκὶ,
1888 4827 2104 4898 ἀπαθὴς

536 4913 610 4964 ὢν
630 4917 696 4984 τῇ
725 4914 960 4981 θεότητι,
985 4914 1078 4966 καὶ
1103 4914 1290 4984 άντιλή
1301 4931 1449 4983 πτωρ
1473 4911 1627 4984 ὤφθη
1653 4915 1814 4984 ήμῶν
1836 4917 1930 4971 καὶ
1952 4915 2101 4980 δόξα.

539 5003 647 5056 Καὶ
673 5006 721 5056 εἰ
749 5001 1016 5072 ἐκοιμήθη
1045 5001 1248 5068 θανὼν,
1273 5003 1388 5057 ἀλλ’
1411 5003 1485 5066 ὡς
1513 5003 1698 5057 ὐπνῶν
1725 5003 2100 5078 ὲξεγήγερται.

538 5096 626 5146 Διὸ
651 5101 764 5161 καὶ,
792 5113 812 5146 ι
850 5095 1108 5160 Ἀνάστα,
1137 5113 1156 5147 ι
1187 5097 1341 5165 φησι,
1365 5095 1478 5161 καὶ,
1513 5113 1532 5146 ι
1563 5095 1744 5149 Σῶσόν
1771 5113 1860 5166 με,
1886 5101 1913 5152 6
1935 5097 2099 5162 Θεός·

536 5185 614 5236 ὄτι
648 5185 711 5237 σὺ
745 5186 954 5248 πάντας
990 5186 1217 5254 ἐχθροὺς
1253 5186 1582 5256 συνέτριψας
1606 5202 1622 5217 ⁸
1662 5207 1679 5239 ι
1718 5193 1809 5240 καὶ
1831 5229 1846 5254 ,
1886 5209 1904 5241 ι
1945 5191 2102 5262 Παρὰ

536 5277 629 5329 τοῦ
663 5277 864 5347 Κυρίου
896 5281 928 5339 ή
962 5277 1229 5347 σωτηρία,
1255 5279 1349 5330 καὶ
1377 5278 1468 5330 ἐπὶ
1498 5279 1589 5331 τὸν
1620 5278 1746 5331 λαόν
1775 5296 1868 5334 σου
1895 5280 1987 5334 τὸν
2017 5300 2102 5336 πι-

539 5369 657 5421 στὸν
691 5371 835 5438 ἡμᾶς
871 5371 905 5438 ή
940 5369 1028 5422 διά
1062 5368 1156 5421 τοῦ
1197 5367 1432 5439 σταυροῦ
1471 5369 1691 5438 εὐλογία
1732 5388 1849 5425 σου.
1891 5390 1910 5424 ι
1945 5374 2099 5426 Μετὰ

536 5460 659 5522 τοὺς
687 5460 932 5528 ψαλμοὺς
960 5460 1015 5512 δὲ
1041 5459 1137 5513 τοῦ
1171 5460 1360 5530 ἱερέως
1393 5461 1636 5531 συνήθως
1667 5461 2100 5535 εὐχαριστήσαν-

536 5567 654 5618 τος,
688 5553 780 5603 καὶ
808 5550 905 5620 τὴν
938 5553 1184 5623 μεγάλην
1215 5553 1500 5622 εἰρηκότος
1535 5556 1847 5625 συναπτὴν,
1879 5556 1999 5625 ήτοι
2031 5558 2100 5612 τά

534 5644 808 5713 εἰρηνικὰ,
841 5645 937 5696 καὶ
966 5644 1224 5714 ὲκφώνως
1256 5645 1352 5714 τὴν
1385 5645 1588 5714 Τριάδα
1623 5645 2094 5717 δοξολογήσαντος,

533 5733 620 5795 τὸ,
655 5751 675 5783 ί
717 5734 923 5804 Κύριε,
951 5737 1214 5806 ἐνέκραξο.
1233 5775 1246 5801 ,
1287 5755 1304 5787 ι
1335 5735 1519 5807 ᾄδεται
1553 5739 1652 5788 σὺν
1681 5739 1792 5799 τοῖς
1823 5739 1920 5790 σὺν
1949 5739 2098 5809 αὐτῷ

531 5821 786 5895 ψαλμοῖς,
813 5828 886 5890 ὡς
916 5827 1047 5896 πρὸς
1076 5829 1314 5899 ἑσπέραν
1342 5829 1758 5899 συντεθειμένοι,
1787 5830 1879 5883 καὶ
1903 5830 1978 5896 ὡς
2003 5831 2094 5886 θυε-

2210 4555 2316 4600 tem
2349 4555 2404 4602 et
2432 4547 2832 4616 possessionem
2880 4562 3037 4602 suam
3081 4549 3348 4603 terminos
3392 4559 3572 4614 terrae,
3607 4562 3774 4623 atque

2211 4649 2296 4692 est
2329 4646 2516 4706 pastor
2556 4636 2735 4693 fortis.
2767 4635 2830 4691 Et
2868 4637 3213 4707 multiplicati
3245 4641 3464 4708 quidem
3515 4651 3642 4696 sunt
3674 4645 3768 4713 qui

2208 4729 2469 4783 tribulant
2498 4744 2622 4782 eum
2653 4728 2922 4784 conviciis
2949 4729 3246 4786 alIicieutes
3277 4740 3331 4786 et
3356 4743 3773 4803 persequentes.

2206 4820 2300 4888 qui
2328 4835 2454 4873 eum
2483 4819 2647 4874 etiam
2675 4819 3048 4890 cruciﬁgendo
3074 4820 3506 4890 interfecerunt;
3536 4824 3650 4894 ipse
3675 4840 3772 4878 au-

2207 4919 2314 4963 tem
2354 4925 2478 4964 cum
2529 4909 2688 4965 Patre
2729 4920 2848 4964 erat
2893 4924 3059 4966 carne
3091 4911 3330 4981 patiens,
3387 4923 3446 4968 at
3492 4915 3776 4970 divinitate

2204 5017 2312 5058 non
2339 5003 2568 5072 patiens,
2596 5011 2979 5072 protectorque
3008 5012 3192 5060 noster
3217 5015 3274 5060 et
3298 5006 3470 5076 gloria
3497 5011 3771 5077 apparuit;

2204 5099 2259 5144 et
2283 5089 2330 5144 si
2363 5089 2623 5145 dormivit
2660 5099 2931 5156 mortuus,
2966 5093 3122 5163 quasi
3167 5101 3221 5148 et
3265 5110 3457 5150 somno
3505 5099 3773 5153 excitatus

2203 5180 2465 5246 est;ideo
2488 5181 2703 5251 inquit:
2737 5183 3012 5255 (Exsurge
3030 5192 3085 5240 et
3104 5185 3314 5240 salvum
3351 5202 3438 5242 me
3465 5185 3572 5253 l‘ac,
3609 5187 3772 5251 Deus.

2203 5275 2527 5344 quouiamtu
2557 5291 2746 5332 omnes
2781 5277 3031 5333 inimicos
3052 5278 3408 5346 percussisti;
3443 5297 3462 5329 ι
3490 5289 3544 5332 et
3573 5295 3586 5332 :
3619 5297 3637 5332 ι
3671 5281 3748 5336 Du

2205 5368 2338 5421 mini
2367 5367 2640 5433 estsalus,
2665 5375 2718 5422 et
2744 5383 2906 5437 super
2938 5369 3196 5438 populum
3229 5378 3383 5424 tuum
3413 5371 3648 5440 lidelem,
3668 5367 3775 5426 nos

2205 5459 2436 5522 scilicet,
2485 5467 2575 5514 tua
2615 5473 2712 5528 per
2749 5475 2970 5514 crucem
3001 5459 3329 5516 benedictio.
3370 5479 3389 5513 ι
3439 5460 3611 5518 Porro
3653 5476 3776 5534 post

2203 5551 2463 5621 psalmos,
2525 5551 2716 5620 gratiis
2767 5551 2915 5607 illico
2960 5568 2990 5606 a
3041 5553 3332 5608 sacerdote
3365 5555 3625 5625 peractis.
3660 5573 3747 5610 ma

2203 5661 2415 5714 guaque
2445 5643 2594 5698 dicta
2631 5644 2882 5700 oratione
2926 5645 3284 5714 subsequeuti
3340 5663 3434 5703 seu
3488 5648 3730 5717 paciﬁcis
3755 5688 3770 5711 ,

2206 5753 2415 5792 necnon
2446 5737 2514 5791 ab
2549 5738 2736 5792 eodem
2776 5737 2914 5793 facta
2951 5752 3082 5794 voce
3112 5740 3219 5794 alta
3249 5738 3532 5795 Trinitatis
3563 5741 3772 5809 gloriﬁ-

2203 5830 2440 5896 catione,
2478 5829 2720 5899 psalmus
2756 5848 2768 5887 :
2815 5849 2833 5882 (
2876 5829 3126 5900 Domine,
3149 5831 3406 5902 clamavi,
3442 5851 3460 5885 ι
3494 5839 3763 5899 cantatur,
