4126 6268
323 403 430 468 599

1153 406 1298 464 SYM
1309 402 1538 464 EONlS
1568 397 2322 462 TIIESSALONICENSES
2363 398 2717 463 ARCHIEP.

3456 397 3564 460 600

323 530 446 570 cum
489 518 610 574 aliis
631 517 1007 586 sequentibus.
1033 524 1291 583 tanquam
1334 513 1400 568 ad
1423 527 1703 582 vesperam
1737 526 1923 572 coma

2009 509 2180 578 aiapa
2222 509 2414 579 νοητὸν
2448 509 2894 579 προσαγόμενοι·
2928 507 3016 561 ὅτε
3059 508 3123 579 δὴ
3162 509 3255 563 καὶ
3293 508 3564 580 αἰσθητῶς

323 608 484 676 positi
511 615 566 663 et
587 609 733 663 velut
757 608 1039 662 incensum
1080 606 1328 675 spiritale
1361 604 1577 666 directi,
1610 603 1737 656 dum
1767 617 1891 656 sen-

322 699 481 753 sibile
507 699 791 754 incensum
826 698 935 751 Deo
983 695 1209 752 oﬁ‘ertur
1260 695 1329 749 ab
1387 695 1548 749 altari
1595 693 1891 764 incipiens,

323 798 616 859 totumque
646 790 908 859 templum
944 788 1179 857 implens
1216 788 1270 841 in
1324 787 1551 857 gloriam
1587 785 1804 841 Domini
1840 795 1894 842 et

325 884 487 937 nobis
515 883 701 937 datum
739 881 795 936 in
822 879 1316 936 sanctiﬁcationetn
1343 917 1357 940 ,
1387 889 1596 930 necnon
1631 875 1888 942 quoniam

329 989 393 1028 ex
423 974 624 1043 hymno
647 981 865 1027 cantato
903 969 1088 1024 divina
1135 967 1295 1023 nobis
1339 966 1498 1020 datur
1528 964 1722 1035 gratia.
1754 963 1890 1018 Cum

327 1066 396 1120 de
433 1065 519 1118 his
548 1071 760 1132 agatur,
795 1069 1010 1132 oportet
1038 1061 1204 1114 etiam
1235 1070 1331 1126 pro
1359 1054 1616 1110 facultate
1649 1053 1798 1122 loqui
1829 1052 1895 1106 de

329 1156 584 1228 precibus
613 1155 836 1211 nomine
884 1152 1235 1223 paciﬁcornm
1268 1148 1431 1203 dictis
1457 1161 1554 1201 seu
1589 1146 1655 1199 de
1684 1143 1892 1212 majore

329 1263 394 1302 ac
423 1247 635 1301 minore
663 1243 1017 1314 subsequenti
1056 1241 1198 1294 dicta
1229 1238 1634 1306 deprecatione,
1671 1232 1739 1286 de
1769 1246 1898 1286 con-

332 1339 530 1392 tinenti
588 1336 985 1406 supplicatione
1033 1341 1086 1386 et
1142 1331 1208 1384 de
1273 1327 1481 1382 ultimis
1527 1323 1893 1379 orationibus.

277 1431 287 1453 λ

273 1461 290 1558 ί

1993 600 2247 669 θυμίαμα
2277 600 2354 670 τῷ
2382 599 2503 670 Θεῷ
2531 599 2962 670 προσκομίζεται
2995 599 3104 653 ἀπὺ
3135 598 3229 653 τοῦ
3265 599 3566 670 θυσιαστη-

1994 691 2112 764 ρίου
2145 691 2469 760 ἀρχόμενον,
2495 693 2594 745 καὶ
2618 691 2710 744 τὸν
2737 690 2865 744 ναον
2896 690 3068 743 πάντα
3101 689 3344 758 πληροῦν
3372 691 3451 751 εἰς
3480 691 3568 743 δό-

1995 779 2091 844 ξαν
2119 779 2274 846 Θεοῦ,
2309 779 2406 833 καὶ
2435 782 2567 851 ἡμῖν
2594 781 2675 844 είς
2701 778 2974 848 ἀγιασμὸν
3001 778 3423 848 χορηγούμενον.
3453 779 3566 831 Καὶ

1993 870 2074 922 ὅτι
2109 870 2259 936 παρὰ
2288 869 2383 922 τοῦ
2419 869 2759 937 ὑμνουμένου
2793 872 2826 940 ἡ
2863 869 2982 921 θεία
3018 872 3150 938 ἡμῖν
3181 869 3434 936 δωρεῖται
3471 869 3567 939 χά·

1999 976 2102 1028 ρις.
2138 958 2404 1012 Ἐνταῦθα
2433 960 2489 1013 δὲ
2517 962 2550 1029 ἡ
2560 961 2678 1029 μῶν
2707 961 3030 1028 γεγονότων,
3061 961 3155 1013 καὶ
3183 962 3314 1031 περὶ
3340 961 3448 1014 τῶν
3480 962 3568 1012 λε-

1997 1051 2248 1119 γομένων
2286 1051 2578 1120 εἰρηνικῶν
2625 1052 2814 1122 ῥητέον
2859 1051 2922 1105 τὸ
2966 1051 3108 1105 κατὰ
3158 1051 3408 1119 δύναμιν,
3449 1053 3570 1120 ἦτοι

1995 1141 2093 1210 τῆς
2131 1141 2377 1210 μεγάλης
2415 1145 2693 1213 συναπτῆς
2727 1145 2823 1196 καὶ
2861 1147 3063 1211 μικρᾶς
3097 1143 3436 1212 λεγομένης,
3473 1146 3568 1196 καὶ

1995 1232 2097 1297 τῆς
2127 1231 2377 1315 ἐκτενοῦς
2405 1233 2637 1300 ἱκεσίας,
2665 1233 2762 1287 καὶ
2787 1236 2894 1288 τῶν
2919 1236 3242 1288 τελευταίων
3268 1236 3563 1305 αἰτήσεων.

2011 1321 2164 1373 Ἐπεὶ
2195 1323 2300 1392 γάρ
2331 1323 2388 1374 ὲν
2420 1323 2585 1374 παντὶ
2627 1323 2808 1394 καιρῷ
2833 1325 3056 1392 τελετῆς
3085 1325 3176 1377 καὶ
3203 1327 3268 1392 τῇ
3304 1326 3427 1393 ἱερᾷ
3456 1325 3569 1376 λει-

334 1427 544 1482 Etenim
583 1443 706 1481 cum
745 1427 802 1480 in
827 1425 1072 1494 quolibet
1099 1421 1258 1478 ofﬁcii
1294 1429 1537 1487 tempore
1571 1424 1626 1470 et
1658 1415 1711 1470 in
1741 1429 1896 1469 sacra

2009 1412 2231 1482 τουργίᾳ
2259 1414 2410 1480 παρὰ
2436 1412 2542 1466 τῶν
2575 1415 2768 1482 ἱερέων
2794 1414 2966 1466 ταῦτα
2999 1416 3092 1466 καὶ
3123 1414 3392 1466 διακόνων
3419 1417 3571 1481 λέγε-

331 1512 718 1581 mysteriorum
742 1511 960 1579 liturgia
983 1509 1099 1562 haec
1120 1522 1150 1561 a
1176 1505 1550 1562 sacerdotibus
1573 1513 1627 1558 et
1647 1502 1899 1558 diaconis

2009 1519 2112 1564 ται,
2156 1502 2276 1554 δέον
2323 1504 2420 1554 καὶ
2463 1501 2560 1572 τὴν
2602 1502 2808 1555 τούτων
2855 1503 3058 1570 γνῶσιν
3105 1502 3249 1572 ἔχειν
3295 1504 3442 1572 ἡμᾶς
3493 1503 3570 1566 ὡς

339 1602 608 1669 legantur,
643 1600 1014 1655 necessarium
1047 1605 1131 1662 est
1177 1609 1276 1648 nos
1302 1594 1368 1648 de
1398 1594 1477 1646 eis
1503 1608 1666 1662 quam
1697 1590 1902 1661 poteri-

2009 1592 2254 1659 ἐγχωρεῖ,
2295 1592 2391 1644 καὶ
2430 1591 2505 1660 μὴ
2542 1593 2617 1654 ὡς
2655 1591 2815 1660 ἔτυχε
2856 1594 2986 1660 περὶ
3024 1593 3203 1646 αὐτῶν
3239 1594 3571 1652 διακεῖσθαι.

336 1709 458 1747 mus
502 1692 701 1746 habere
731 1690 1038 1756 scientiam,
1068 1702 1179 1742 non
1226 1701 1353 1740 vero
1395 1684 1464 1738 de
1493 1685 1573 1738 eis
1622 1692 1899 1750 utcunque

2009 1682 2112 1732 Καὶ
2142 1681 2357 1750 πρῶτον
2388 1683 2486 1749 μὲν
2514 1683 2716 1750 φαμὲν,
2743 1683 2888 1735 διατί
2913 1684 3168 1754 εἰρηνικὰ
3199 1685 3293 1736 καὶ
3324 1685 3571 1754 συναπτὴ

335 1782 577 1836 evenerit
625 1781 859 1835 versari.
895 1778 1138 1832 Primum
1165 1775 1386 1846 quidem
1421 1774 1700 1845 aperimus
1727 1788 1902 1842 quare

2009 1768 2062 1821 λέ
2076 1787 2244 1838 γεται.
2272 1771 2396 1826 ’Ὁτι
2429 1771 2645 1842 πρῶτον
2685 1775 2783 1843 μὲν
2815 1776 2915 1843 τὴν
2949 1776 3057 1827 ἀπὸ
3091 1775 3181 1828 τοῦ
3219 1776 3357 1830 Θεοῦ
3391 1778 3483 1830 καὶ
3513 1778 3570 1829 ὲν

334 1876 587 1929 dicantur
637 1871 861 1941 paciﬁca
910 1878 964 1924 et
1012 1868 1308 1937 conjuncta
1336 1865 1688 1935 deprecatio;
1727 1865 1901 1933 primo

2009 1862 2261 1932 ἀλλήλοις
2315 1865 2652 1928 ἐξαιτοῦνται
2707 1868 2974 1936 εἰρήνηνο
3032 1867 3224 1921 ἔπειτα
3278 1869 3374 1920 καλ⁸
3427 1869 3570 1937 ὑπὲρ

335 1962 596 2033 quoniam
621 1975 650 2014 a
682 1959 794 2014 Deo
838 1973 1026 2028 pacem
1074 1958 1218 2012 inter
1263 1967 1520 2024 utrosque
1550 1953 1814 2024 ﬂagitant,
1849 1960 1903 2007 et

337 2050 533 2106 deinde
555 2048 814 2119 quoniam
846 2063 944 2117 pro
989 2046 1251 2102 omnibus
1285 2044 1449 2099 simul
1495 2041 1782 2112 conjunctc
1811 2040 1906 2093 de-

337 2141 705 2212 precationem
754 2139 979 2193 faciunt.
1029 2137 1164 2191 Nam
1218 2136 1362 2190 facta
1412 2149 1444 2188 a
1489 2134 1773 2187 sacerdote
1805 2131 1898 2184 Dei

335 2231 710 2287 benedictione
743 2237 904 2300 prout
931 2236 1146 2298 oportet
1173 2242 1295 2281 eum
1319 2226 1554 2296 primum
1579 2224 1898 2294 praedicare,

333 2332 389 2376 et
421 2321 702 2376 celebrare
741 2320 892 2374 velut
942 2319 1189 2373 omnium
1223 2329 1502 2372 auctorem
1538 2325 1592 2369 et
1623 2315 1748 2369 boni
1783 2313 1905 2368 uni-

337 2413 484 2473 versi
515 2413 856 2481 largitorem,
885 2409 1071 2466 statim
1108 2408 1286 2478 inquit
1314 2423 1328 2462 :
1370 2425 1389 2459 ι
1426 2405 1486 2461 in
1522 2421 1655 2470 pace
1685 2404 1901 2460 Domini

337 2514 715 2575 deprecemur,
751 2522 771 2555 ι
821 2516 933 2572 quo
966 2501 1234 2583 docemur
1263 2516 1452 2571 pacem
1496 2511 1742 2556 nostram
1775 2514 1902 2554 cum

341 2597 450 2651 Deo
480 2595 595 2650 ﬁeri
626 2595 680 2648 in
712 2603 858 2650 recta
893 2591 996 2647 ﬁde
1048 2591 1367 2660 mundaque
1409 2590 1789 2656 conscientia;
1846 2589 1903 2643 in

337 2689 442 2742 hoc
467 2672 612 2742 enim
640 2693 858 2742 constat
906 2701 1008 2756 pax
1058 2701 1181 2741 cum
1233 2683 1385 2749 Deo;
1427 2684 1692 2738 docemur
1738 2684 1904 2738 etiam

340 2795 527 2850 pacem
560 2794 685 2834 cum
709 2778 965 2832 omnibus
996 2776 1218 2839 habere,
1249 2775 1458 2844 absque
1480 2775 1557 2830 ira
1585 2783 1642 2829 et
1669 2782 1906 2829 conten-

337 2870 582 2925 tionibus
622 2879 788 2933 stare,
848 2866 1312 2938 quemadmodum
1370 2866 1450 2920 ait
1501 2865 1726 2931 Paulus,
1765 2882 1784 2917 t
1825 2866 1903 2919 le-

338 2969 528 3014 vantes
587 2973 785 3012 manus
834 2972 1021 3028 puras,
1053 2974 1072 3008 ι
1109 2964 1165 3012 et
1232 2957 1696 3029 quemadmodum
1764 2956 1905 3012 dixit

337 3047 588 3103 Salvator
619 3062 634 3101 :
669 3063 689 3100 ι
725 3047 862 3103 Cum
903 3047 1163 3102 steteritis
1211 3047 1276 3100 ad
1329 3045 1732 3116 deprecandum
1758 3083 1774 3108 ,
1823 3045 1906 3099 di-

339 3140 536 3194 mittite
577 3137 624 3192 si
655 3136 788 3207 quid
820 3136 1062 3192 habeatis
1093 3137 1352 3192 adversus
1381 3137 1641 3205 aliquem,
1671 3153 1690 3186 ι
1720 3149 1906 3224 ac_per
1934 3165 1979 3224 ρ

342 3230 456 3283 haec
490 3228 651 3283 verba
684 3244 700 3282 :
735 3244 754 3278 ι
790 3226 983 3293 Pacem
1029 3225 1282 3294 relinquo
1329 3225 1512 3289 vobis;
1551 3241 1570 3274 ι
1603 3231 1657 3277 et
1691 3238 1704 3273 :
1740 3241 1759 3272 ι
1794 3221 1906 3278 Pax

343 3319 520 3383 vobis,
562 3336 581 3369 ›
614 3334 735 3389 qua:
767 3325 899 3372 ante
925 3316 1108 3370 omnia
1142 3317 1196 3369 in
1235 3315 1394 3370 nobis
1423 3315 1579 3368 debet
1605 3328 1747 3377 esse,
1783 3328 1908 3369 nec-

341 3425 447 3466 non
473 3411 732 3481 quoniam
777 3406 832 3460 in
875 3420 1008 3476 pace
1044 3420 1265 3460 necesse
1309 3412 1399 3460 est
1449 3417 1547 3458 nos
1600 3403 1908 3473 deprecari,

339 3503 463 3557 ideo
487 3501 556 3555 ab
587 3500 744 3554 initio
765 3497 905 3552 dixit
937 3513 956 3566 ;
987 3497 1072 3552 ιιι]
1105 3511 1237 3566 pace
1258 3495 1470 3550 Domini
1494 3496 1902 3565 deprecemur,»

342 3592 626 3658 quoniam,
663 3609 692 3644 ι
723 3589 838 3646 Nisi
870 3604 968 3646 vos
999 3588 1104 3659 ipsi
1136 3587 1480 3650 ditniseritis,
1513 3586 1910 3656 inquit,neque

341 3684 500 3738 Pater
527 3691 714 3740 noster
743 3679 980 3736 dimittet
1013 3686 1230 3748 peccata
1259 3686 1481 3732 vestra;
1515 3692 1534 3726 ι
1570 3690 1757 3729 verum
1784 3689 1907 3729 cum

340 3777 452 3830 Deo
478 3788 580 3844 pax
611 3787 740 3828 vera
767 3770 862 3842 qui
887 3768 1386 3835 reconciliationem
1406 3766 1564 3820 nobis
1586 3775 1640 3819 et
1671 3766 1908 3820 salutem

340 3881 441 3936 per
465 3879 620 3918 suam
648 3859 1084 3923 misericordiam
1111 3858 1341 3926 largitus
1368 3867 1476 3920 est,
1508 3856 1658 3908 addit
1693 3873 1705 3909 ;
1747 3875 1760 3904 ι
1803 3855 1908 3910 Pro

341 3972 576 4024 superna
599 3970 729 4025 pace
756 3963 812 4009 et
835 3955 1015 4009 salute
1043 3942 1360 4008 anitnarum‘
1378 3953 1711 4005 nostrai-Iun.
1730 3975 1744 3998 ι
1775 3949 1908 4004 Nam

343 4053 390 4106 si
432 4049 576 4105 Deus
608 4063 706 4106 nos
744 4048 1039 4102 clementer
1069 4043 1363 4112 prospiciat
1415 4052 1469 4098 et
1522 4042 1912 4097 reconcilietur

343 4141 527 4208 nobis,
561 4148 746 4195 nostra
779 4138 884 4194 erit
910 4137 1078 4193 salus.
1112 4137 1316 4191 Deinde
1346 4150 1446 4205 pro
1476 4137 1751 4190 communi
1778 4149 1912 4204 pace

343 4235 596 4289 obsecrat
626 4231 812 4286 dicens
844 4247 860 4287 :
893 4249 912 4282 ι
954 4229 1060 4284 Pro
1088 4244 1222 4298 pace
1250 4228 1439 4282 mundi
1474 4227 1738 4290 universi,
1774 4245 1792 4277 ι
1826 4234 1912 4279 ut-

342 4335 469 4396 pote
497 4327 598 4381 hac
634 4339 664 4379 a
694 4323 801 4378 Deo
830 4321 1107 4391 impertita
1143 4320 1410 4388 nobisque
1438 4319 1507 4373 ad
1537 4333 1655 4372 eam
1682 4332 1910 4386 prorsus

343 4415 692 4487 prmparatis;
743 4415 894 4470 vides
927 4421 1191 4484 quantum
1224 4412 1297 4466 sit
1343 4411 1544 4464 bonum
1579 4410 1752 4478 pacis,
1792 4408 1912 4476 ejus

2007 1955 2262 2008 ἁπάντων
2293 1955 2428 2023 ὁμοῦ
2463 1957 2758 2018 συναπτῶς
2780 1957 3069 2014 ,ποιοῦνται
3101 1959 3198 2028 τὴν
3227 1958 3434 2029 δέησιν.
3472 1959 3572 2011 Εὐ-

2007 2045 2340 2114 λογήσαντος
2379 2048 2487 2115 γὰρ
2524 2049 2620 2100 τοῦ
2659 2049 2847 2118 ἱερέως
2882 2049 2973 2104 τὸν
3004 2050 3156 2114 Θεὸν,
3197 2051 3271 2113 ῶς
3304 2051 3420 2103 δέον
3455 2050 3575 2102 ἐστὶ

2007 2135 2222 2206 πρῶτον
2267 2137 2430 2191 αὐτὸν
2474 2139 2710 2209 κηρῦξαι
2755 2140 2849 2192 καὶ
2891 2141 3196 2211 ἀνυμνῆσαι
3235 2141 3310 2205 ὡς
3361 2145 3575 2196 πάντων

2005 2229 2177 2281 αίτιον
2207 2230 2298 2281 καὶ
2334 2231 2572 2299 χορηγὸν
2602 2229 2802 2294 παντὸς
2837 2231 3064 2299 ἀγαθοῦ,
3096 2233 3278 2298 εὐθὺς,
3319 2251 3337 2284 ι
3381 2234 3468 2286 Ἐν
3498 2236 3572 2286 εί-
3679 2259 3686 2266 ·

2009 2320 2144 2390 ρήνῃ
2165 2360 2180 2383 ,
2213 2321 2346 2387 φησὶ
2367 2359 2383 2385 ,
2415 2321 2511 2374 τοῦ
2545 2321 2749 2391 Κυρίου
2788 2321 3093 2392 δεηοῶμεν.
3131 2342 3148 2374 ι
3185 2324 3354 2376 Τοῦτο
3388 2325 3444 2376 δὲ
3473 2326 3573 2395 τὴν

2010 2408 2150 2476 μετὰ
2177 2407 2312 2460 Θεοῦ
2340 2409 2567 2480 εἰρήνην
2592 2410 2749 2480 ἡμῶν
2770 2410 3011 2464 διδάσκει
3039 2412 3334 2481 γενομένην
3359 2415 3416 2464 ἐν
3439 2413 3573 2483 ὀρθῇ

2007 2499 2191 2552 πίστει
2220 2501 2314 2553 καὶ
2345 2502 2669 2570 συνειδήσει.
2699 2502 2868 2556 Τοῦτο
2893 2507 3002 2575 γὰρ
3031 2506 3221 2575 είρήνη
3255 2508 3390 2574 μετὰ
3415 2504 3572 2557 Θεοῦ.

2007 2590 2118 2642 Καὶ
2153 2590 2215 2642 τὸ
2257 2591 2560 2662 εἰρηνεύειν
2601 2594 2741 2660 μετὰ
2783 2595 3024 2662 πάντων,
3066 2596 3159 2648 καὶ
3198 2599 3365 2667 χωρὶς
3408 2599 3576 2668 ὀργῆς

2007 2681 2102 2732 καὶ
2128 2680 2493 2751 διαλογισμῶν
2525 2683 2802 2751 ἵστασθαι,
2821 2686 2896 2749 ῶς
2915 2704 3048 2757 φησι
3069 2687 3279 2750 Παῦλος
3301 2728 3316 2752 ,
3347 2707 3368 2740 ι
3390 2691 3575 2759 χεῖρας

2006 2768 2158 2830 ὁσίας
2173 2770 2443 2838 αἴροντας.
2458 2790 2478 2824 ι
2502 2772 2597 2826 καὶ
2617 2773 2691 2836 ῶς
2707 2776 2734 2827 ὁ
2755 2775 2944 2844 Σωτὴρ
2962 2774 3088 2845 ἔφη,
3123 2776 3322 2829 «Ὅταν
3343 2779 3577 2848 στήκητε

2009 2864 2456 2932 προσευχόμενοι,
2499 2865 2688 2936 ἀφίετε
2721 2867 2774 2919 εί
2797 2883 2849 2920 τι
2879 2868 3031 2937 ἔχετε
3061 2870 3204 2922 κατά
3230 2887 3375 2932 τινος
3401 2886 3445 2922 ὀ
3483 2874 3578 2924 καὶ

2029 2955 2122 3008 διὰ
2142 2955 2222 3020 τὸ,
2252 2974 2269 3005 ι
2295 2956 2529 3038 Εἰρήνην
2554 2960 2756 3028 ἀφίημι
2779 2960 2963 3027 ὑμῖν»
2992 2961 3108 3026 καὶ,
3133 2979 3152 3012 ι
3173 2961 3571 3032 Είρήνηύμίν·›

2008 3045 2044 3114 ἢ
2070 3046 2162 3098 καὶ
2192 3047 2298 3114 πρὸ
2324 3047 2520 3109 παντὸς
2545 3050 2601 3100 ὲν
2623 3052 2758 3118 ἡμῖν
2780 3049 2985 3118 ὀφείλει
3009 3045 3150 3106 εἶναι
3171 3067 3184 3082 ⁸
3211 3055 3304 3105 καὶ
3329 3055 3412 3106 ὅτι
3438 3054 3578 3123 μετά

2010 3139 2107 3206 τῆς
2125 3138 2346 3209 εἰρήνης
2376 3141 2520 3209 ἡμᾶς
2550 3141 2656 3211 χρὴ
2686 3141 3089 3212 προσεύχεσθαι
3115 3159 3130 3175 '
3161 3144 3241 3198 διὸ
3270 3149 3390 3212 καὶ,
3426 3166 3444 3198 ι
3489 3146 3580 3201 Ἐν

2010 3228 2200 3298 εἰρήνῃ
2221 3227 2534 3300 τοῦιΚυρίου
2561 3232 2841 3302 δεηθῶμεν
2869 3233 2926 3298 ἐξ
2953 3234 3179 3306 ἀρχῆς,›
3211 3237 3372 3300 εὐθύς
3393 3253 3576 3306 φησιν’

2010 3316 2165 3381 ἐπεὶ,
2198 3337 2216 3371 ι
2255 3321 2315 3371 Ei
2343 3319 2400 3372 δὲ
2433 3321 2592 3389 ὑμεῖς
2655 3323 2758 3376 οὐκ
2791 3325 3011 3391 ἀφίετε,
3044 3327 3238 3395 φησὶν,
3265 3329 3387 3384 οὐδὲ
3416 3331 3443 3380 ὀ
3475 3330 3581 3382 Πα-

2009 3407 2112 3479 τὴρ
2143 3410 2297 3479 ἡμῶν
2326 3413 2524 3481 ἀφήσει
2555 3415 2624 3467 τὰ
2654 3417 3081 3486 παραπτώματα
3113 3418 3286 3486 ὑμῶν.
3323 3437 3341 3470 ι
3371 3421 3494 3473 Ὅτι
3523 3420 3581 3474 δὲ

2011 3501 2118 3556 ἀπὸ
2155 3501 2248 3554 τοῦ
2293 3503 2431 3556 Θεοῦ
2473 3507 2506 3574 ἡ
2554 3506 2760 3576 ἀληθὴς
2806 3510 3021 3580 είρήνη,
3068 3511 3578 3581 καταλλασσομένου

2011 3591 2142 3661 ἡμῖν
2155 3593 2248 3645 καὶ
2267 3595 2626 3664 χορηγοῦντος
2650 3597 2784 3667 ὲλέῳ
2801 3600 2898 3668 τὴν
2917 3602 3212 3672 σωτηρίαν,
3231 3603 3425 3672 ἐπάγει
3441 3603 3581 3677 ὑπὲρ

2010 3685 2109 3749 τῆς
2152 3686 2358 3740 ἄνωθεν
2395 3688 2622 3758 εἰρήνης
2669 3693 2762 3743 καὶ
2798 3693 2896 3759 τῆς
2940 3681 3210 3762 σωτηρίας
3249 3695 3358 3747 τῶν
3392 3694 3581 3766 ψυχῶν

2011 3775 2190 3844 ἡμῶν.
2220 3775 2281 3831 Ei
2313 3781 2421 3848 γὰρ
2449 3785 2476 3832 ὁ
2508 3780 2639 3844 Θεδς
2671 3783 2913 3852 εὐμενῶς
2952 3785 3051 3839 ίδοι
3085 3787 3180 3840 καὶ
3214 3787 3580 3858 καταλλαγείη

2209 3869 2359 3936 ἡμῖν,
2402 3871 2497 3922 καὶ
2545 3872 2580 3942 ἡ
2632 3873 2873 3942 σωτηρία
2927 3875 3096 3930 ἔσται.
3127 3873 3255 3929 Εἶτα
3313 3879 3451 3946 ὑπὲρ
3483 3879 3582 3946 τῆς

2014 3961 2199 4026 κοινῆς
2227 3961 2727 4032 δυσωπετείρήνης,
2758 3963 2950 4031 λέγων,
2998 3985 3014 4014 ι
3037 3965 3206 4036 Ὑπὲρ
3232 3967 3329 4038 τῆς
3361 3969 3584 4037 εἰρήνης

2012 4049 2104 4103 τοῦ
2152 4053 2461 4120 σύμπαντος
2491 4054 2717 4122 κόσμον,
2751 4073 2770 4106 ι
2794 4056 2865 4116 ὠς
2896 4057 2959 4107 ἐκ
3003 4055 3093 4108 τοῦ
3127 4056 3261 4110 Θεοῦ
3319 4074 3586 4128 χορηγου-

2018 4143 2204 4212 μένης,
2234 4145 2325 4197 καὶ
2361 4144 2518 4213 ἡμῶν
2567 4145 2700 4214 πρὸς
2735 4147 2940 4213 ταύτην
2985 4146 3180 4209 ὑλικῶς
3231 4147 3588 4217 ἐτοιμαζομέ-

2015 4251 2141 4287 νων.
2181 4234 2340 4304 Ὁρᾷς
2369 4237 2492 4287 ὅσον
2528 4234 2590 4288 τὸ
2620 4235 2718 4304 τῆς
2748 4237 2976 4306 εἰρήνης
3010 4241 3230 4306 χρῆμα;
3267 4237 3356 4292 διὰ
3381 4240 3586 4307 ταύτην

2015 4326 2042 4377 ὁ
2079 4324 2208 4387 Θεδς
2254 4325 2644 4396 κατελήλυθεν,
2696 4328 2835 4396 ὑπὲρ
2873 4327 3199 4392 εὐσταθείας
3252 4329 3360 4382 τῶν
3415 4330 3586 4398 ἁγίων

2014 4415 2110 4467 τοῦ
2171 4416 2305 4468 Θεοῦ
2373 4416 2747 4487 Ἐκκλησιῶνο
2789 4420 2884 4472 καὶ
2936 4419 3094 4472 τοῦτο
3149 4419 3236 4472 διὰ
3279 4422 3379 4490 τὴν
3414 4424 3472 4474 ὲν
3521 4423 3585 4491 τῇ

345 4508 520 4578 gratia
555 4504 1040 4562 Deusdescendit:
1084 4503 1216 4556 «Pro
1240 4501 1382 4556 felici
1415 4509 1560 4555 statu
1594 4511 1907 4574 sanctarum

2019 4507 2197 4558 πίστει
2241 4508 2485 4576 εἰρήνην,
2521 4510 2616 4560 καὶ
2651 4508 3116 4579 ἐκκλησιαστικὴν
3145 4508 3350 4581 βιοτὴν,
3383 4511 3482 4564 καὶ
3525 4511 3586 4564 τὸ

341 4598 440 4655 Dei
468 4597 888 4660 Ecclesiarum,»
917 4594 1063 4665 quod
1089 4594 1370 4663 continget
1395 4606 1491 4661 per
1518 4605 1704 4660 pacem
1733 4591 1784 4641 in
1810 4589 1910 4642 ﬁde

341 4689 624 4759 vitamque
667 4687 1138 4751 ecclesiasticam;
1175 4683 1429 4738 similiter
1458 4691 1512 4735 et
1543 4679 1690 4750 quod
1723 4678 1908 4747 sequi-

344 4788 436 4835 tur
467 4795 483 4833 :
525 4796 546 4830 ι
583 4777 650 4832 Ει
675 4791 777 4845 pro
807 4774 1054 4830 omnium
1089 4773 1331 4838 unitate;
1373 4789 1392 4824 ι
1429 4785 1627 4840 nempe
1669 4769 1724 4822 in
1763 4777 1910 4822 recta

347 4870 454 4926 ﬁde
480 4877 535 4924 et
559 4868 830 4924 charitate
856 4866 1076 4938 Deoque
1097 4877 1251 4934 grata
1275 4865 1716 4920 conversatione.
1748 4863 1910 4918 Post-

344 4978 408 5018 ea
448 4969 654 5017 sancta:
703 4957 904 5013 domus
954 4957 1200 5011 meminit
1222 4965 1279 5010 et
1318 4955 1636 5009 intrantium
1669 4955 1722 5007 in
1752 4969 1870 5008 eam
1897 4991 1912 5018 ,

345 5061 541 5121 petens
586 5057 648 5103 ut
681 5049 885 5103 bonum
920 5045 1170 5105 ordinem
1226 5046 1591 5113 decoremque
1623 5045 1916 5116 diligamus

348 5143 444 5197 Dei
474 5142 673 5197 domus
699 5180 715 5206 ,
747 5153 813 5194 ac
844 5139 898 5193 in
937 5154 996 5193 ea
1033 5138 1089 5192 in
1121 5153 1226 5192 una
1275 5147 1456 5192 mente
1490 5137 1692 5207 pioque
1734 5139 1917 5191 animo

347 5234 768 5290 conveniamus.
823 5230 1021 5287 Postea
1071 5227 1320 5285 meminit
1363 5227 1632 5299 pontiﬁcis
1659 5237 1718 5282 ut
1750 5228 1918 5283 fontis

271 5304 288 5326 ’
349 5323 642 5381 sacerdotii
669 5325 958 5394 omnisque
991 5321 1405 5378 Christianismi
1431 5337 1446 5386 ;
1475 5319 1822 5390 presbyterii,
1856 5329 1916 5374 ut

348 5417 696 5486 cooperantis
724 5418 898 5474 sacris
937 5412 1244 5484 mysteriis;
1274 5413 1594 5467 diaconatus
1623 5410 1918 5465 Christiani

2012 4597 2277 4665 ἑπόμενον
2308 4598 2516 4667 ὅμοιον,
2550 4600 2644 4650 καὶ
2695 4601 2795 4669 τῆς
2839 4601 2948 4653 τῶν
2978 4602 3194 4654 πάντων
3228 4601 3498 4667 ὲνὼσεως,
3527 4605 3584 4656 ὲν

2013 4689 2145 4758 ὀρθῇ
2181 4691 2357 4742 πίστει
2386 4691 2480 4742 καὶ
2513 4692 2702 4761 ἀγάπῃ
2732 4693 2827 4745 καὶ⁷
2864 4692 3101 4761 θεοφιλεῖ
3150 4694 3420 4764 πολιτείᾳ.
3452 4691 3587 4749 Εἶτα

2013 4781 2109 4833 τοῦ
2139 4783 2294 4850 ἀγίου
2348 4782 2624 4852 μέμνηται
2681 4783 2854 4850 οἴκου,
2910 4786 3005 4838 καὶ
3056 4785 3164 4839 τῶν
3210 4787 3491 4840 εἰσιόντων
3523 4789 3586 4840 ὲν

2016 4874 2187 4943 αὐτῷ,
2221 4873 2313 4926 διά
2340 4890 2399 4926 τε
2447 4875 2547 4942 τὴν
2596 4876 2874 4943 εὐταξίαν,
2909 4876 3004 4931 καὶ⁵
3036 4877 3097 4931 τὸ
3132 4878 3355 4949 ἀγαπᾷν
3387 4878 3588 4949 εὐπρέ-

2017 4981 2176 5017 πειαν
2206 4965 2356 5017 οῐκου
2401 4964 2558 5031 Θεοῦ,
2593 4968 2686 5019 καὶ
2713 4968 2811 5034 τὴν
2842 4968 2900 5018 ἐν
2932 4968 3156 5037 ὁμονοίᾳ
3205 4969 3298 5020 καὶ
3333 4968 3588 5039 εὐλαϐείᾳ

2019 5054 2383 5126 συνάθροισιν,
2419 5057 2514 5109 καὶ
2556 5057 2615 5110 τὸ
2669 5059 2968 5127 προσάγειν
3013 5059 3072 5123 ἐξ
3120 5053 3195 5113 ὧν
3237 5059 3588 5129 λαμϐάνομεν

2018 5147 2247 5201 ἀπὸτοῦ
2281 5146 2445 5202 Θεοῦ.
2503 5145 2635 5199 Εἶτα
2691 5147 2967 5218 μέμνηται
3003 5149 3095 5202 τοῦ
3141 5153 3460 5220 ἀρχιερέως,
3513 5152 3587 5212 ὡς

2021 5238 2203 5308 πηγῆς
2247 5236 2402 5301 ὄντος
2434 5238 2530 5307 τῆς
2567 5237 2890 5308 ἱερωσύνης,
2920 5241 3014 5295 καὶ
3045 5240 3244 5302 παντὸς
3273 5241 3588 5311 Χριστιανι-

2022 5328 2186 5400 σμοῦ,
2217 5328 2308 5382 τοῦ
2363 5329 2784 5400 πρεσϐυτερίου,
2836 5330 2910 5393 ὡς
2962 5329 3228 5399 συνεργοῦ
3274 5332 3381 5384 τῶν
3428 5332 3590 5400 ἱερῶν

2022 5423 2278 5490 τελετῶν,
2310 5424 2408 5493 τῆς
2454 5425 2512 5476 ὲν
2557 5425 2778 5494 Χριστῴ
2819 5424 3118 5490 διακονίας,
3153 5426 3227 5486 ὡς
3272 5425 3589 5494 λειτουργοῦ

350 5521 414 5565 ut
440 5510 698 5575 mysterio
723 5507 1129 5573 ministrantis;
1167 5504 1294 5560 cieri
1333 5503 1574 5559 universi
1611 5511 1671 5557 ut
1703 5502 1921 5572 hymnis

2032 5515 2116 5566 τοῦ
2146 5517 2468 5584 μυστηρίου,
2500 5517 2698 5576 παντὸς
2730 5515 2824 5567 τοῦ
2847 5514 3054 5584 κλήρου
3081 5516 3155 5578 ὡς
3183 5515 3460 5584 ὑπηρέτου
3483 5516 3592 5568 τῶν

350 5614 418 5655 ac
445 5598 654 5666 reliquo
676 5598 847 5652 cultui
890 5595 1261 5661 inservientis,
1286 5606 1449 5664 atque
1475 5593 1649 5663 plebis
1671 5603 1729 5646 ut
1752 5592 1923 5660 ﬁdelis

2026 5605 2210 5675 ὓμνων
2257 5607 2349 5659 καὶ
2375 5606 2702 5676 τῆς·λοιπῆς
2751 5607 3028 5674 εὐταξίας,
3070 5609 3164 5660 καὶ
3195 5607 3288 5661 τοῦ
3323 5608 3479 5674 λαοῦ,
3515 5608 3590 5668 ὡς

350 5698 410 5746 et
445 5687 823 5744 sacerdotibus
870 5688 977 5742 vita
1021 5688 1232 5755 ﬁdeque
1277 5685 1529 5742 adunatae
1574 5697 1786 5738 necnon
1827 5696 1923 5750 per

2027 5699 2222 5753 πιστοῦ
2258 5701 2351 5752 καὶ
2373 5699 2655 5772 ήνωμένου
2689 5702 2800 5765 τοῖς
2839 5703 3155 5772 ἱερωμένοις
3185 5704 3249 5771 τῇ
3284 5701 3467 5753 πίστει
3497 5701 3591 5752 καὶ

353 5797 454 5848 eus
485 5779 860 5844 sanctiﬁcata.
915 5777 1106 5834 Yiden‘
1153 5792 1320 5848 quare
1367 5775 1660 5846 conjuncta
1712 5774 1923 5844 dicatur

2029 5796 2107 5865 τῷ
2163 5789 2286 5866 βίω,
2333 5796 2430 5850 καὶ
2475 5794 2543 5848 δι’
2594 5795 2772 5850 αὐτῶν
2820 5792 3197 5864 ἁγιαζομένου.
3245 5792 3409 5862 Ὁρᾷς
3444 5789 3590 5850 ὅπως
