4108 6262
479 479 588 542 603

1308 481 1448 541 sm
1464 452 1689 541 120le
1713 477 2471 539 THESSALONICENSIS
2511 476 2870 547 ARCHIEP.

3626 472 3739 537 604

479 597 792 654 clitantium
821 605 874 654 et
911 597 1321 669 desperatorum
1349 597 1600 652 Salvator
1626 613 1641 664 ;
1672 615 1690 648 ι
1719 595 2004 659 miserere,
2032 611 2052 646 ι

2166 594 2341 665 ἡμῶν.
2385 613 2404 646 ι
2442 594 2647 660 Σῶσον,
2694 613 2714 648 ι
2759 594 2846 648 ὅτι
2891 595 2958 648 ob
3019 594 3180 664 μόνος
3229 596 3341 650 τῶν
3399 595 3747 653 κινδυνευόν-

476 691 739 757 quoniam
769 690 906 745 nihil
936 691 1108 747 habes
1151 705 1181 746 a
1219 690 1400 756 nobis,
1440 689 1544 744 nisi
1582 689 1837 743 misertus
1869 685 2063 750 fueris,

474 782 568 848 qui
607 782 922 838 misericors
943 797 1026 847 es,
1053 791 1136 838 «et
1158 783 1391 843 custodi.
1409 800 1428 834 ι
1458 781 1716 850 quoniam
1741 779 1899 834 multi
1934 785 2065 834 sunt

477 875 755 930 irruentes
775 885 831 930 et
858 875 1178 931 tribulantes
1209 874 1390 940 multi,
1449 875 1708 943 solusque
1754 887 1858 928 nos
1911 883 2066 943 potes

479 966 778 1032 custodire,
808 965 974 1031 Deus,
1019 967 1076 1022 in
1108 966 1282 1039 gratia
1306 974 1418 1030 tua,
1453 965 1675 1019 minime
1703 980 1769 1020 ex
1808 963 2066 1033 operibus

477 1059 688 1142 nostris
718 1096 734 1121 ,
766 1073 868 1113 nec
897 1074 959 1113 ex
985 1058 1362 1129 deprecatione
1388 1063 1612 1123 nostra;
1643 1070 1763 1109 nam
1795 1055 2062 1108 immundi

481 1164 696 1213 sumus,
734 1160 1034 1220 nostraque
1061 1158 1192 1204 sunt
1230 1145 1538 1213 immunda,
1576 1146 1670 1200 sed
1724 1147 1777 1198 in
1813 1153 1904 1198 tua
1938 1153 2063 1198 tan-

479 1250 593 1296 tum
627 1241 845 1308 gratia;
903 1243 1235 1312 praecipuum
1297 1249 1478 1293 autem
1524 1237 1726 1292 donum
1785 1233 2064 1307 Unigeniti

481 1337 785 1392 incarnatio
820 1349 940 1403 quae
969 1343 1025 1388 et
1056 1333 1232 1404 gratia
1265 1331 1588 1402 appellatur.
1646 1327 1744 1384 His
1771 1329 2063 1384 Dominum

477 1425 976 1482 misericordiarum
1004 1424 1259 1477 obsecrat
1297 1419 1556 1476 sacerdos
1589 1435 1603 1482 ;
1641 1427 1697 1472 at
1724 1418 1771 1472 si
1803 1418 2064 1474 diaconus

476 1531 539 1571 ea
567 1515 899 1586 pronuntiat,
928 1513 1119 1568 eadem
1161 1527 1257 1582 per
1279 1520 1545 1567 secretam
1579 1511 1880 1565 orationem
1903 1509 2066 1565 intus

473 1608 798 1678 deprecatus
831 1607 1091 1662 sacerdos
1155 1618 1256 1660 nos
1307 1605 1558 1658 hortatur
1599 1613 1656 1656 ut
1703 1617 1830 1671 erga
1894 1601 2061 1656 Deum

474 1695 963 1752 commendationis
982 1697 1090 1750 ritu
1125 1695 1442 1765 fungamur.
1479 1694 1638 1750 Disce
1659 1710 1792 1748 vero
1827 1695 2064 1750 salutare

473 1799 531 1846 et
559 1790 834 1844 mirabile.
871 1807 890 1841 ι
931 1787 1328 1849 Sanctissimae,
1355 1786 1454 1849 ait,
1502 1795 1555 1839 et
1611 1786 1996 1852 immaculata,
2038 1805 2058 1838 ι

475 1893 530 1938 et
552 1885 780 1947 caetera,
814 1881 1086 1950 praeconia
1123 1878 1417 1933 admodum
1463 1877 1750 1933 laudabilis
1793 1877 2054 1947 Deiparae,

477 1982 642 2043 prout
671 1972 846 2038 decet,
883 1971 1166 2038 adjiciens.
1239 1969 1538 2040 Postquam
1591 1984 1785 2025 omnes
1837 1980 2059 2025 sanctos

479 2064 990 2128 memoraverimus,
1053 2063 1309 2118 videlicet
1366 2074 1560 2116 uucem
1626 2069 1942 2116 sanctorum
2007 2070 2062 2115 et

477 2165 756 2212 auctorem
786 2154 1261 2217 sanctiﬁcationis,
1295 2167 1510 2207 necnon
1545 2165 1887 2206 communem
1941 2167 2059 2207 me-

478 2247 763 2302 diatricem
791 2244 1148 2311 divinumque
1172 2243 1603 2298 instrumentum
1636 2257 1732 2310 per
1762 2242 1908 2311 quod
1953 2241 2062 2296 sal-

478 2336 589 2391 vati
625 2349 816 2390 sumus
837 2343 1000 2403 atque
1029 2335 1274 2388 onmium
1305 2348 1398 2403 per
1417 2348 1534 2388 eam
1561 2335 2058 2398 sanetiiicatorum,

479 2442 604 2482 cum
633 2442 696 2480 ex
735 2432 920 2479 nostra
949 2424 1060 2479 sint
1091 2434 1284 2478 natura
1313 2438 1377 2478 ac
1422 2423 1491 2478 de
1524 2425 1702 2478 salute
1731 2434 1921 2478 nostra
1954 2423 2064 2478 sol-

477 2519 612 2574 liciti
647 2519 803 2572 nobis
826 2531 1150 2570 succurrere
1181 2517 1393 2585 possint
1423 2515 1514 2584 qui
1572 2529 1672 2584 pro
1738 2515 1909 2584 gloria
1966 2514 2061 2571 Dei

478 2626 557 2664 cet
575 2615 847 2670 tavernnt,
873 2608 993 2669 hos,
1015 2606 1216 2674 inquit,
1241 2615 1526 2674 postquam
1551 2607 2060 2668 memoraverimus,

477 2701 831 2774 locovocis:
889 2699 958 2753 ad
1014 2698 1383 2752 auxiliandum
1444 2698 1909 2762 advocaverimus,
1965 2714 2060 2754 seu

479 2793 746 2848 recordati
786 2806 979 2847 eorum
1034 2800 1094 2845 ut
1151 2791 1290 2844 bene
1357 2789 1424 2843 de
1473 2790 2060 2864 nobisrecordentur,

480 2886 868 2954 nosmetipsos,
894 2884 1020 2952 quia
1056 2897 1155 2938 nos
1209 2879 1320 2934 Deo
1350 2880 1610 2935 debemus
1661 2889 1825 2945 totos,
1880 2882 2063 2950 proxi—

483 2993 726 3048 illosque,
755 2979 884 3048 quia
946 2990 1047 3031 nos
1089 2975 1320 3030 invicem
1377 2973 1603 3042 diligere
1654 2974 1792 3042 jussi
1848 2990 2060 3042 sumus,

481 3087 810 3142 omnemque
845 3070 1010 3124 vitam
1049 3076 1314 3132 nostram,
1353 3076 1544 3138 utpote
1566 3065 1660 3122 cui
1709 3069 1850 3123 Deus
1885 3069 2067 3136 provi-

480 3167 592 3229 del,
636 3173 690 3217 et
719 3165 921 3233 pariter
944 3171 1162 3217 nostras
1189 3163 1239 3215 in
1267 3175 1330 3214 ea
1355 3161 1737 3229 cngitationes,
1779 3176 2063 3217 sermones

2168 703 2277 740 των
2306 687 2402 740 καὶ
2439 687 2875 758 ἀπηλπισμένων
2922 687 3149 758 Σωτήρο
3191 705 3212 740 ι
3267 688 3565 758 Ἐλέησον,
3602 710 3620 744 ι
3665 693 3748 746 ὅτι

2171 779 2325 834 οὐδὲν
2365 778 2510 849 ἔχεις
2545 780 2638 848 ἀφ’
2687 779 2866 849 ἡμῶν,
2902 781 2952 833 εί
3004 781 3078 849 μὴ
3130 778 3380 850 ὲλεήσεις
3409 784 3438 835 6
3471 781 3739 854 ἐλεήμων.

2179 887 2198 920 ι
2228 870 2339 923 Kal.
2365 869 2692 937 διαφύλαξον
2712 885 2726 900 ·
2769 886 2788 920 ι
2815 868 2898 921 ὅτι
2928 869 3116 922 πολλοὶ
3146 871 3195 924 οί
3221 871 3646 940 ἱπεμϐαίνοντές
3682 890 3741 926 τε

2171 963 2266 1016 καὶ
2307 962 2606 1025 θλίϐοντες,
2661 961 2758 1014 καὶ
2795 961 2953 1032 μόνος
2986 961 3212 1015 δύνασαι
3249 964 3543 1032 φυλάττειν
3570 969 3742 1036 ἡμᾶς,

2169 1054 2198 1106 6
2229 1052 2384 1115 Θεὸς,
2419 1054 2483 1121 τῇ
2519 1053 2584 1122 σῇ
2610 1050 2792 1122 χάριτι
2812 1067 2826 1081 ⁸
2857 1050 2959 1103 οὐκ
2989 1053 3054 1104 ὲκ
3077 1052 3186 1105 τῶν
3221 1053 3509 1123 ἡμετέρων
3543 1055 3738 1124 ἔργων,

2169 1142 2283 1196 οὐδ’
2343 1143 2407 1195 ὲκ
2462 1142 2562 1211 τῆς
2627 1141 2786 1210 ήμῶν
2840 1142 3075 1206 ἱκεσίας,
3124 1143 3426 1216 ἀκάθαρτοι
3473 1149 3604 1218 γὰρ,
3650 1149 3743 1202 καὶ

2169 1233 2460 1302 ἀκάθαρτα
2488 1233 2555 1285 τὰ
2577 1233 2758 1302 ἡμῶν,
2784 1232 2923 1285 ἁλλὰ
2953 1236 3020 1303 τῇ
3052 1235 3120 1304 σῇ
3152 1235 3289 1308 μόνῃ
3317 1235 3526 1306 χάριτι.
3565 1239 3742 1304 Ἐξαίο

2175 1341 2331 1396 ρετος
2365 1325 2421 1377 δὲ
2469 1324 2649 1393 δωρεὰ
2702 1326 2735 1394 ή
2788 1325 2882 1377 τοῦ
2935 1326 3278 1392 Μονογενοῦς
3312 1327 3738 1398 ὲνανθρὼπησις,
3781 1380 3792 1386 -

2169 1415 2293 1485 ἥτις
2343 1415 2437 1467 καὶ
2488 1415 2650 1485 χάρις
2689 1415 2955 1468 καλεῖται.
3028 1416 3117 1469 Ἐν
3165 1417 3376 1482 τούτοις
3419 1413 3531 1472 οῖον
3585 1421 3740 1476 ἵλεων

2171 1505 2403 1576 θέμενος
2433 1506 2460 1558 6
2497 1507 2676 1575 ἱερεὺς
2697 1505 2789 1558 τὸν
2818 1505 2974 1571 Θεὸν,
3002 1509 3050 1561 εί
3082 1509 3138 1561 δὲ
3167 1508 3411 1574 διάκονός
3439 1513 3555 1565 ἐστι
3585 1513 3738 1566 τοῦτο

2168 1598 2364 1667 λέγων,
2395 1599 2486 1652 διὰ
2519 1600 2714 1652 τούτου
2744 1616 2805 1652 τε
2837 1601 2932 1653 καὶ
2961 1603 3062 1671 τῆς
3099 1606 3369 1674 μυστικῆς
3402 1605 3548 1658 ἔνδον
3576 1608 3740 1677 εὐχῆς

2167 1690 2196 1744 6
2238 1691 2440 1760 ἱερεὺς,
2473 1690 2541 1743 τὰ
2576 1689 2676 1758 τῆς
2702 1692 3034 1763 παραθήκης
3061 1693 3200 1761 πρὸς
3233 1694 3368 1747 Θεὸν
3402 1697 3550 1764 ἡμᾶς
3584 1700 3742 1766 ποιῆ-

2171 1798 2261 1834 σαι
2323 1781 2721 1835 διακελεύεται.
2782 1782 2896 1835 Καὶ
2952 1783 3190 1852 μάνθανε
3251 1788 3594 1857 σωτηριῶδες
3648 1788 3744 1842 καὶ

2169 1872 2510 1944 θαυμαστόν.
2554 1891 2573 1924 ι
2611 1875 2722 1944 Τῆς
2753 1875 3035 1942 Παναγίας
3068 1876 3363 1946 ἀχράντου,
3405 1895 3424 1930 ι
3464 1878 3619 1948 φησὶ,
3649 1880 3744 1934 καὶ

2163 1965 2231 2017 τὰ
2287 1965 2436 2033 ἑξῆς,
2496 1965 2779 2036 ἐπιφέρων
2816 1965 2884 2018 τὰ
2937 1966 3045 2034 τῶν
3081 1967 3377 2035 ἐγκωμίων
3435 1969 3535 2038 τῆς
3569 1987 3742 2022 πανυ-

2164 2057 2371 2128 μνήτου
2405 2057 2670 2110 Θεοτόκου
2705 2056 2781 2119 ὡς
2835 2058 3089 2127 ἐγχωρεῖ.
3131 2077 3148 2109 ι
3196 2059 3351 2112 Μετὰ
3386 2061 3605 2114 πάντων
3635 2060 3743 2114 τῶν

2161 2149 2337 2218 ἁγίων
2397 2149 2901 2218 μνημονεύσαντες.
2957 2161 3003 2201 ιο
3045 2150 3178 2203 Ἰδοὺ
3213 2151 3316 2220 τῆς
3355 2152 3601 2222 ἀρχηγοῦ
3635 2154 3744 2208 τῶν

2163 2241 2359 2310 ἁγίων,
2389 2241 2482 2293 καὶ
2510 2244 2608 2310 τῆς
2655 2241 2891 2314 χορηγοῦ
2925 2241 3020 2295 τοῦ
3049 2242 3347 2311 ἁγιασμοῦ,
3380 2248 3475 2298 καὶ
3507 2245 3606 2316 τῆς
3628 2262 3743 2300 κοι-

2163 2334 2260 2402 νῆς
2295 2331 2590 2402 μεσίτιδος,
2625 2331 2718 2384 καὶ
2755 2332 2847 2384 τοῦ
2898 2332 3044 2386 θείου
3075 2334 3311 2402 ὀργάνου
3345 2334 3414 2388 δι’
3455 2335 3518 2388 οὗ
3570 2337 3743 2389 σεσὼο

2165 2424 2366 2494 σμεθα,
2403 2424 2542 2494 μετὰ
2576 2423 2683 2476 τῶν
2721 2424 3076 2494 ήγιασμένων
3104 2425 3174 2478 δι’
3203 2425 3376 2495 αὐτῆς
3399 2428 3638 2493 πάντων,
3669 2430 3744 2494 ὡς

2163 2519 2228 2570 ὲκ
2265 2519 2366 2589 τῆς
2399 2516 2559 2587 ἡμῶν
2587 2517 2759 2572 ὄντων
2806 2517 3044 2585 φύσεως,
3102 2519 3198 2572 καὶ
3231 2520 3548 2592 κηδομένων
3583 2524 3742 2596 ἡμῶν

2163 2610 2260 2662 καὶ
2285 2609 2607 2678 δυναμένων
2631 2608 2705 2671 ὡς
2729 2609 3122 2678 ἠγωνισμένων
3166 2611 3306 2683 ὑπὲρ
3331 2613 3430 2682 τῆς
3461 2615 3618 2684 δόξης
3647 2615 3740 2669 τοῦ

2163 2699 2323 2765 Θεοῦ,
2371 2699 2528 2769 φησὶ,
2575 2701 3076 2770 μνημονεύσαντες,
3113 2703 3234 2756 ἀντὶ
3279 2704 3373 2758 τοῦ
3413 2708 3744 2762 ἐπικαλεσὰ-

2167 2809 2342 2863 μενοι,
2401 2791 2432 2860 ἢ
2476 2790 2572 2844 καὶ
2619 2791 2694 2853 ὡς
2744 2793 2968 2860 ἀγαθῶς
3017 2796 3388 2865 μεμνημένων
3413 2800 3572 2866 ἡμῶν
3600 2817 3740 2871 μνη-

2167 2883 2410 2946 σθέντες,
2463 2882 2713 2948 ἑαυτοὺς,
2767 2883 2842 2946 ὡς
2882 2885 3195 2953 ὀφείλοντες
3227 2889 3375 2957 ἡμᾶς
3420 2892 3616 2955 αὐτοὺς
3663 2895 3739 2965 τῷ

2164 2971 2306 3041 Θ;ᾦ,
2352 2973 2445 3026 καὶ
2485 2973 2773 3044 ἀλλήλους,
2819 2977 2895 3039 ὡς
2939 2980 3036 3032 καὶ
3079 2979 3302 3051 ἀγαπᾷν
3355 2983 3616 3055 ἀλλήλους
3646 2987 3740 3040 λα·-

2166 3062 2351 3128 6όντες
2375 3063 2617 3136 ἐντολὴν,
2645 3067 2740 3118 καὶ
2767 3069 2951 3121 πᾶσαν
2977 3069 3077 3138 τὴν
3103 3070 3249 3140 ζωὴν
3281 3074 3456 3143 ἡμῶν,
3479 3077 3552 3138 ὡς
3577 3095 3739 3148 χορη-

2165 3157 2443 3226 γουμένην
2487 3157 2636 3228 παρὰ
2682 3158 2840 3227 Θεοῦ,
2883 3163 2975 3215 καὶ
3008 3155 3119 3215 οἷον
3148 3164 3217 3216 τὰ
3244 3166 3301 3218 ὲν
3332 3167 3498 3238 ταύτῃ
3527 3168 3740 3241 διανοή-

479 3269 532 3308 ct
564 3268 751 3322 opera,
789 3253 1109 3319 animasque
1139 3265 1203 3304 ac
1229 3264 1458 3318 corpom
1487 3249 1709 3304 Christo
1746 3249 1852 3302 Deo
1908 3263 2056 3302 com-

2170 3261 2319 3314 ματα
2367 3243 2463 3297 καὶ
2511 3245 2736 3315 ῥήματα
2780 3246 2935 3315 ἡμῶν
2967 3251 3062 3301 καὶ
3107 3251 3202 3314 τὰς
3236 3255 3463 3322 πράξεις
3512 3261 3604 3311 καὶ
3642 3261 3743 3323 τὰς

483 3346 821 3407 mcndemns,
846 3356 943 3410 pro
975 3341 1131 3395 nobis
1165 3341 1449 3394 immolato
1509 3355 1608 3395 nos
1639 3340 1786 3410 ipsos
1822 3340 2056 3394 hostiam

482 3434 530 3484 vi
549 3440 748 3484 tentem
789 3429 1083 3484 oneramus
1114 3429 1163 3482 ei
1213 3429 1303 3498 qtti
1334 3428 1492 3483 nobis
1525 3431 1878 3498 semetipsum
1913 3430 2060 3483 dedit

483 3541 587 3578 nos
617 3532 758 3576 totos
791 3521 1168 3584 exhibeamus,
1235 3523 1645 3582 committamus
1703 3537 1804 3576 nos
1872 3525 1918 3576 ei
1964 3522 2054 3592 qui

483 3596 720 3666 animam
752 3626 904 3664 suam
930 3624 1028 3679 pro
1057 3609 1214 3662 nobis
1246 3610 1446 3679 posuit,
1475 3624 1528 3663 et
1559 3610 1612 3663 in
1643 3611 1820 3665 cibum
1854 3621 2058 3666 semet-

485 3707 662 3774 ipsum
689 3703 952 3769 donavit;
979 3701 1070 3770 qui
1103 3703 1261 3755 nobis
1299 3703 1550 3769 providet
1616 3717 1826 3773 nosque
1882 3704 2060 3775 diligit

483 3811 700 3866 semper
724 3795 995 3850 sollicitus
1018 3808 1343 3863 semperque
1367 3794 1584 3849 salvans
1610 3803 1665 3849 et
1719 3795 1873 3851 solus
1936 3796 2059 3850 Sal-

482 3902 654 3951 valor,
685 3886 941 3958 quoniam
971 3886 1179 3955 absque
1214 3885 1304 3938 illo
1329 3900 1437 3938 non
1477 3900 1766 3952 possumus
1791 3901 1936 3952 esse,
1959 3902 2060 3944 nec

482 3981 683 4044 vivere,
717 3992 817 4031 nec
848 3977 1091 4045 cogitare
1124 3989 1221 4028 nec
1255 3974 1552 4042 quidquam
1618 3989 1846 4043 prorsus
1909 3981 2060 4048 cogi-

485 4083 620 4134 tare,
651 4069 697 4122 ei
723 4081 902 4122 autem
941 4067 1322 4121 commendata
1359 4080 1520 4120 nemo
1549 4075 1727 4136 poteSt
1751 4068 1961 4140 eripere
1993 4070 2059 4124 de

484 4161 735 4215 manibus
759 4158 940 4212 Patris
969 4158 1088 4227 ejus
1118 4172 1136 4224 ;
1170 4171 1361 4211 manus
1397 4173 1526 4212 vero
1573 4169 1700 4214 sunt
1729 4159 1906 4228 ipsum
1934 4161 2059 4215 bra-

481 4254 663 4307 chium
699 4253 816 4322 ejus
839 4259 892 4302 et
943 4256 1163 4304 sanctus
1224 4249 1500 4319 Spiritus;
1528 4265 1596 4304 en
1628 4251 2058 4322 intelligentibns

482 4344 704 4398 maximi
743 4341 1106 4412 omnibusque
1131 4349 1452 4410 praestantes
1512 4343 1742 4398 fructus.
1810 4341 2056 4412 Quapro-

484 4452 600 4509 pter
623 4441 676 4493 in
703 4437 825 4492 aliis
847 4435 1050 4492 ciliciis
1073 4445 1312 4490 astantes
1365 4437 1708 4492 solummodo
1770 4436 2054 4493 clamant:

489 4550 506 4582 ι
540 4530 704 4603 Kyrie
735 4530 961 4594 eleison,
997 4547 1017 4580 ι
1056 4529 1290 4584 divinam
1347 4528 1699 4598 implorantes
1749 4528 2059 4589 misericor-

2166 3333 2344 3404 ψυχὰς
2361 3333 2452 3386 καὶ
2475 3335 2543 3388 τὰ
2574 3333 2824 3405 σώματα,
2847 3336 3082 3406 Χριστῷ·
3097 3339 3174 3407 τῷ
3197 3339 3312 3409 Θεῷ
3341 3343 3741 3414 παραθὼμεθα,

2165 3424 2243 3493 τῷ
2271 3424 2489 3478 τυθέντι
2524 3425 2664 3496 ὑπὲρ
2695 3426 2854 3496 ἡμῶν
2880 3427 3107 3493 ἑαυτοὺς
3136 3430 3327 3485 θυσίαν
3356 3435 3542 3497 ζῶσαν
3577 3454 3745 3505 προσ-

2167 3513 2406 3585 άξωμεν.
2444 3516 2535 3586 Τῷ
2569 3517 2712 3570 δόντι
2759 3520 2892 3587 ἡμῖν
2937 3521 3151 3586 ἑαυτὸν,
3199 3525 3292 3576 καὶ
3338 3527 3538 3592 αὐτοὺς
3571 3514 3745 3598 ’ἡμεῖς

2166 3607 2365 3671 ὑλικῶς
2427 3609 2916 3679 προσκομίσωμεν.
2998 3614 3110 3667 Καὶ
3175 3614 3542 3688 θαρρήσωμεν
3596 3624 3745 3692 ἡμᾶς

2167 3699 2315 3768 αὐτῷ
2349 3699 2426 3769 τῷ
2460 3699 2561 3772 τὴν
2590 3701 2771 3771 ψυχὴν
2819 3703 2961 3774 ὑπὲρ
2997 3705 3154 3774 ἡμῶν
3197 3707 3486 3775 τεθεικότι,
3527 3712 3622 3765 καὶ
3661 3717 3741 3777 είς

2164 3792 2372 3860 τροφὴν
2425 3791 2616 3844 ἑαυτὸν
2664 3792 2942 3859 δεδωκότι,
3002 3795 3093 3848 καὶ
3147 3801 3532 3871 προνοουμένῳ
3578 3805 3745 3873 ήμῶν

2166 3880 2262 3934 καὶ
2313 3881 2580 3950 φιλοῦντι,
2640 3885 2733 3937 καὶ
2783 3885 2874 3938 ἀεὶ
2927 3886 3206 3961 κηδομένῳ
3253 3891 3349 3944 καὶ
3385 3891 3610 3958 σώζοντι
3646 3898 3744 3950 καὶ

2170 3977 2316 4044 μόνῳ
2352 3972 2464 4026 δντι
2489 3975 2703 4045 Σωτῆρι
2724 3991 2737 4006 ο
2774 3977 2855 4029 ὅτι
2879 3980 2974 4032 καὶ
3007 3980 3177 4051 χωρὶς
3208 3983 3375 4036 αὑτοῦ
3425 3987 3486 4040 οὐ
3514 3987 3742 4044 δυνατὸν

2166 4057 2309 4116 εἶναι
2350 4063 2384 4137 ἢ
2424 4062 2542 4135 ζῇν,
2574 4065 2606 4136 ἢ
2639 4068 2800 4132 νοεῖν,
2835 4069 2868 4138 ἢ
2904 4068 3041 4133 ὅλως
3080 4089 3133 4124 τι
3165 4073 3413 4144 ἐνεργεῖν
3435 4091 3449 4106 '
3500 4079 3620 4133 οὐδὲ
3649 4081 3741 4138 τὸν

2167 4151 2544 4222 παρατεθέντα
2597 4155 2747 4227 αὐτῷ
2793 4158 3020 4214 δύναταί
3059 4179 3144 4226 τις
3195 4165 3467 4235 ἁρπάζειν
3517 4173 3581 4225 ὲκ
3629 4175 3738 4228 τῶν

2167 4245 2370 4314 χειρῶν
2411 4245 2504 4298 τοῦ
2541 4249 2753 4316 Πατρὸς
2799 4251 2992 4311 αὐτοῦ.
3025 4254 3222 4326 Χεῖρες
3249 4257 3307 4309 δὲ
3337 4259 3498 4323 αὐτὸς
3534 4265 3561 4315 6
3604 4263 3738 4333 βρα-

2165 4335 2321 4404 χίων,
2371 4334 2463 4388 καὶ
2495 4335 2558 4388 τὸ
2591 4338 2817 4408 Πνεῦμα
2845 4340 2906 4394 τὸ
2936 4341 3113 4410 ἅγιον.
3175 4345 3307 4398 Ἰδοὺ
3347 4351 3462 4411 τοῖς
3498 4352 3739 4406 συνιοῦσι

2171 4427 2406 4496 μέγιστα
2453 4429 2521 4482 τὰ
2557 4431 2632 4484 ἐκ
2653 4430 2858 4503 ταύτης
2904 4433 3007 4503 τῆς
3038 4439 3369 4509 προσευχῆς,
3403 4445 3496 4496 καὶ
3553 4445 3621 4497 τὰ
3654 4463 3742 4499 τε·

2165 4517 2412 4574 λεώτατα
2472 4521 2709 4580 πάντων.
2764 4525 2854 4578 Διὸ
2907 4527 3002 4580 καὶ
3053 4529 3112 4580 ὲν
3170 4528 3271 4599 μὲν
3301 4535 3415 4596 τοῖς
3458 4535 3640 4599 ἄλλοις
3688 4539 3738 4590 οί

484 4624 626 4677 diam
658 4638 673 4688 ;
706 4622 794 4677 hic
840 4631 1020 4677 autem
1056 4635 1070 4674 :
1120 4638 1139 4673 ι
1174 4619 1315 4687 Tibi,
1344 4619 1596 4687 Domine,
1637 4638 1656 4673 ι
1696 4618 1977 4690 inquiunt,
2011 4621 2063 4677 id

2167 4613 2516 4682 παρεστῶτες
2565 4614 2648 4678 τὸ,
2709 4634 2729 4666 ι
2773 4614 2969 4686 Κύριε,
3017 4617 3262 4689 ἐλέησον,
3321 4641 3340 4674 ι
3393 4623 3554 4692 μόνον
3606 4625 3740 4694 κρά-

483 4725 567 4769 est
599 4732 616 4771 :
656 4713 778 4768 'l‘ibi
808 4727 908 4769 nos
934 4713 1085 4783 ipsos
1133 4713 1602 4777 commendamus,
1626 4711 1844 4769 Christe
1894 4714 2060 4778 Deus.

487 4805 612 4858 llaec
643 4811 730 4858 εει
779 4803 1183 4859 commendatio
1234 4806 1470 4858 maxime
1516 4804 1830 4859 necessario
1881 4805 2063 4861 verbis

486 4894 787 4968 proﬁtenda
813 4911 830 4961 ;
864 4909 989 4948 nam
1014 4908 1218 4948 rectam
1250 4895 1303 4948 in
1330 4895 1607 4950 Christum
1640 4895 1798 4950 (idem
1817 4903 2061 4952 nostram

487 4996 871 5054 acceptamque
897 4983 1058 5038 efﬁcit
1087 4983 1416 5038 oblationem
1465 4983 1516 5039 ei
1566 5000 1631 5038 ex
1689 4983 1794 5040 [ide
1839 4985 2059 5059 faetam,

487 5090 588 5130 nos
619 5073 728 5130 Deo
744 5074 965 5139 adnuat,
994 5087 1150 5142 Opem
1183 5073 1301 5142 ejus
1351 5074 1727 5142 consequitur,
1783 5077 2063 5132 sanctissi-

489 5183 591 5223 mae
627 5166 788 5221 Verbi
812 5165 1078 5222 Genitrici
1105 5165 1422 5235 sanctisque
1469 5167 1774 5236 eonjungit,
1803 5169 2062 5225 interces-

488 5259 699 5316 sionem
723 5273 910 5314 eorum
933 5255 1208 5312 efﬁcacem
1233 5254 1364 5311 facit
1393 5271 1490 5326 pro
1517 5259 1696 5314 nobis.
1723 5257 1875 5315 Hanc
1896 5261 2059 5316 etiam

491 5349 728 5404 maxime
759 5345 1069 5403 necessario
1125 5345 1390 5400 debemus
1447 5346 1705 5416 operibus
1764 5349 2061 5419 perﬁcere;

489 5444 749 5512 operibus
775 5451 956 5495 autem
982 5438 1327 5510 perﬁciemus
1355 5437 1401 5492 si
1449 5449 1594 5495 recte
1647 5439 1958 5506 credamus,
2015 5441 2062 5495 si

489 5533 802 5587 Christiane
833 5533 1080 5585 vivamus
1111 5529 1166 5584 in
1225 5528 1482 5598 puritate,
1516 5531 1570 5583 in
1600 5531 1831 5584 veritate
1863 5541 1920 5584 et
1975 5529 2063 5598 ju-

490 5626 667 5692 stitia;
699 5625 746 5677 si
778 5623 1011 5677 orationi
1042 5635 1316 5687 vacemus,
1348 5620 1606 5690 quoniam
1637 5619 1748 5674 Deo
1766 5621 1946 5675 devoti
1976 5637 2066 5675 su-

494 5732 636 5782 tnus,
663 5717 937 5786 mysteriis
973 5714 1319 5776 sanctiiicati,
1355 5712 1702 5767 confessione
1754 5711 1902 5767 illius
1930 5727 2062 5767 con-

493 5805 928 5870 secrati,eteum
952 5803 1174 5858 Christo
1229 5802 1412 5856 traJiti
1468 5803 1640 5857 simus
1686 5810 1847 5872 atque
1887 5802 1955 5858 ab
1999 5817 2066 5857 eo

493 5896 685 5966 empti,
719 5897 853 5952 nihil
888 5895 1038 5950 aliud
1099 5894 1206 5951 nisi
1234 5907 1355 5965 qua:
1413 5902 1542 5977 sunt
1586 5893 1792 5950 Christi
1849 5895 2065 5961 operari

2167 4700 2344 4767 ζουσι,
2377 4703 2470 4755 τὸν
2515 4703 2661 4759 θεῖον
2697 4707 3120 4777 ἐπικαλούμενοι
3150 4710 3323 4776 ἔλεον,
3369 4715 3607 4767 ἐνταῦθα
3659 4717 3738 4781 δὲ,

2170 4809 2190 4844 ι
2229 4793 2340 4856 Σοὶ,
2377 4795 2604 4864 Κύριε,ι
2641 4799 2840 4864 φασίνο
2874 4799 3020 4870 ἦτοι,
3064 4801 3148 4853 σοὶ
3189 4802 3439 4870 ἑαυτοὺς,
3471 4805 3674 4874 Χριστὲ
3716 4809 3744 4858 ὀ

2163 4883 2317 4952 Θεὸς,
2354 4889 2754 4956 παρατίθεμεν.
2806 4889 2956 4963 Αὕτη
3004 4894 3038 4959 ἡ
3099 4895 3408 4964 παράθεσις
3447 4899 3744 4967 ἁναγκαιου

2162 4975 2301 5045 τάτη
2336 4976 2433 5030 καὶ
2461 4977 2641 5045 λόγοις
2689 4980 3095 5050 ὁμολογεῖσθαι.
3131 4987 3244 5058 Τὴν
3286 4988 3392 5058 γὰρ
3439 4991 3572 5059 πρὶς
3606 4991 3744 5058 Χρι-

2166 5069 2290 5120 στὸν
2319 5068 2486 5140 ὀρθὴν
2538 5071 2723 5124 πίστιν
2775 5075 2870 5127 καὶ
2908 5074 3010 5145 τὴν
3037 5078 3120 5141 είς
3164 5079 3331 5132 αὐτὸν
3374 5081 3651 5151 ἡμετέραν
3681 5081 3744 5134 ἐκ

2166 5158 2404 5224 πίστεως
2432 5165 2666 5216 ποιεῖται
2703 5166 2963 5220 ἀνάθεσιν
2984 5183 2998 5199 ⁸
3032 5170 3128 5222 καὶ
3161 5170 3273 5224 ἑνοῖ
3305 5172 3383 5242 τῷ
3414 5171 3536 5242 Θεῷ
3571 5173 3742 5243 ἡμᾶς,

2165 5252 2262 5305 καὶ⁴
2291 5252 2387 5322 τὴν
2427 5255 2594 5308 αὑτοῦ
2631 5258 2935 5312 ἐπισπᾶται
2968 5259 3245 5332 βοήθειαν,
3292 5264 3384 5316 καὶ
3417 5265 3485 5332 τῇ
3515 5265 3610 5316 τοῦ
3644 5265 3744 5317 A6-

2165 5356 2265 5407 γου
2297 5342 2577 5415 ὑπεραγίᾳ
2609 5342 2795 5417 Μητρὶ
2823 5349 2923 5402 καὶ
2959 5350 3073 5412 τοῖς
3125 5351 3304 5419 ἁγίοις
3336 5351 3618 5416 συνάπτει,
3648 5355 3744 5405 καὶ

2164 5433 2265 5499 τὴν
2315 5435 2594 5500 μεσιτείαν
2644 5437 2825 5490 αὐτῶν
2859 5439 3086 5508 ἐνεργὸν
3114 5443 3351 5493 ποιεῖται
3393 5442 3533 5512 ὑπὲρ
3563 5440 3741 5512 ἡμῶν.

2168 5524 2278 5577 Καὶ
2301 5524 2486 5595 ἔργοις
2517 5526 2574 5578 δὲ
2601 5528 2944 5585 ἐκτελεῖσθαι
2971 5530 3113 5601 αὕτη
3140 5531 3273 5604 παρ’
3299 5535 3458 5604 ἡμῶν
3481 5534 3544 5587 τδ
3575 5537 3746 5600 ἀναγ-

2167 5615 2459 5670 καιότατον
2486 5621 2696 5688 χρῆμα.
2729 5620 2802 5672 Τὸ
2845 5622 2903 5674 δὲ
2935 5622 3007 5676 δι’
3056 5623 3236 5694 ἔργων
3261 5625 3408 5678 ἐστὶν
3450 5626 3626 5696 ὀρθῶς
3654 5642 3746 5681 πιο

2172 5709 2408 5773 στεύειν,
2446 5713 2541 5762 καὶ
2572 5715 2962 5780 χριστιανικῶς
3007 5717 3066 5768 ὲν
3096 5717 3433 5787 καθαρότητι
3470 5717 3569 5788 ζῇν
3612 5718 3747 5790 ἁλη-

2169 5799 2291 5869 θείᾳ
2346 5815 2405 5852 τε
2457 5802 2553 5854 καὶ
2594 5803 2934 5876 δικαιοσύνῃ,
2978 5807 3075 5860 καὶ
3105 5806 3392 5877 σχολάζειν
3420 5812 3540 5874 ταῖς
3574 5825 3746 5881 προσ-

2171 5892 2398 5962 ευχαῖςο
2450 5891 2531 5948 ὅτι
2598 5893 3009 5968 ἁνατεθειμένοι
3067 5897 3188 5970 Θεῷ
3235 5897 3500 5970 τελοῦμεν
3555 5903 3742 5972 ἡμεῖς,
