4126 6268
303 547 413 613 605

1509 550 1605 611 DE
1649 549 1886 610 SACRA
1916 550 2420 617 PRECA'HUVE.

3453 551 3556 620 606

300 665 401 720 καὶ
433 662 548 726 τοῖς
590 661 914 732 μυστηρίοις
972 660 1327 732 ἡγιασμένοι,
1382 664 1479 717 κοιλ⁸
1525 665 1590 733 τῇ
1619 663 1874 733 ὁμολογίᾳ

2002 665 2262 721 labamus.
2290 670 2363 721 De
2390 670 2491 725 hac
2505 668 2977 727 commendatione
2988 686 3180 728 omnes
3196 670 3564 727 meminerunt

302 753 454 824 αὐτῷ
469 754 866 824 ἀφιερωμένοι,
887 753 981 806 καὶ
996 752 1073 817 ὡς
1088 751 1513 824 παραδεδομένοι
1527 753 1768 822 Χριστῷ,
1786 756 1875 805 καὶ

302 845 675 915 ἠγορασμένοι
701 844 793 898 ὑπ’
828 844 1015 907 αὐτοῦ,
1073 845 1240 915 μηδὲν
1271 846 1400 901 ἄλλο
1434 845 1466 913 ἢ
1502 846 1570 897 τά
1601 843 1698 897 τοῦ
1746 844 1878 913 Χρι-

307 935 432 988 στοῦ
476 934 785 1003 ὀφείλοντες
819 935 1086 1004 ἐνεργεῖν.
1124 936 1260 1005 Περὶ
1306 936 1509 1004 ταύτης
1555 934 1654 1001 τῆς
1703 951 1880 1003 παρα-

307 1026 481 1095 θήκης
527 1027 729 1089 πάντες
772 1028 823 1080 oi
876 1026 1021 1095 ἅγιοι
1081 1026 1411 1096 μέμνηνται,
1445 1026 1541 1078 καὶ
1580 1025 1608 1077 6
1643 1025 1835 1094 Σωτήρ
1859 1041 1874 1056 ο

308 1118 407 1170 καὶ
439 1116 538 1188 τὴν
570 1117 904 1189 παραθήκην
948 1119 1167 1188 πρῶτος
1196 1119 1496 1188 πεποίηκεν
1527 1117 1691 1178 αὐτὸς
1721 1117 1778 1168 ὲν
1801 1115 1879 1184 τῷ

313 1210 528 1280 μέλλειν
581 1211 858 1280 πάσχειν,
910 1210 1298 1281 παραθέμενος
1350 1211 1496 1280 ἡμᾶς
1544 1208 1623 1278 τῷ
1679 1209 1876 1279 Πατρὶ,

316 1317 335 1350 ι
367 1300 606 1368 Φύλαξον
641 1302 862 1366 αὐτοὺς,
897 1303 1088 1377 sla-.51»),
1126 1304 1185 1354 ὲν
1236 1302 1317 1372 τῷ
1346 1292 1571 1372 ὀνόματί
1621 1318 1739 1367 σου,
1784 1303 1877 1355 καὶ

309 1390 538 1456 ἁγίασον
569 1393 765 1454 αὐτοὺς
799 1394 856 1446 ἐν
886 1395 949 1462 τῇ
986 1394 1215 1463 ἀληθείᾳ
1254 1410 1373 1460 σου,
1417 1412 1436 1446 ι
1476 1395 1569 1447 καὶ
1612 1394 1679 1447 τὰ
1714 1392 1877 1461 ἑξῆς·

294 1483 542 1577 ,ἀλήθεια
573 1482 630 1536 δὲ
677 1483 858 1545 αὐτός.
894 1483 1081 1536 Ταῦτα
1111 1483 1363 1546 τελέσας,
1395 1484 1783 1552 ὲπισφραγίζει
1810 1485 1878 1554 τῇ

275 1575 618 1652 θ’ὲκφωνήσει
648 1576 675 1628 6
708 1575 889 1643 ἱερεὺς
914 1576 1013 1643 τὴν
1034 1575 1348 1644 δοξολογίαν
1371 1576 1470 1642 τῆς
1504 1575 1764 1645 Τριάδος,
1795 1575 1878 1639 τὸ,

319 1683 339 1716 ι
378 1666 502 1718 Ὅτι
533 1666 735 1734 πρέπει
770 1682 875 1732 σοι,
923 1666 1183 1736 είρηκὼς,
1221 1685 1239 1719 ι
1278 1670 1343 1737 τῇ
1387 1667 1640 1736 θεολογίᾳ
1670 1668 1767 1718 καὶ
1796 1665 1883 1719 60-

308 1755 531 1825 ¹ξολογίᾳ.
563 1756 697 1826 ὁμοῦ
740 1757 977 1825 βεϐαιῶν
1000 1757 1069 1811 τὰ
1102 1759 1502 1828 προειρημένα,
1541 1759 1635 1810 καὶ
1666 1774 1879 1827 μαρτυ-

315 1844 426 1915 ρῶν
460 1846 533 1908 ὼς
584 1846 759 1900 ταῦτα
808 1848 961 1902 ἔσται
992 1850 1125 1917 ἡμῖν
1162 1848 1270 1900 ἀπὸ
1319 1846 1412 1900 τοῦ
1460 1847 1616 1900 Θεοῦ.
1669 1847 1791 1899 Τῶν
1825 1847 1882 1901 δὲ

315 1935 500 2006 ὕμνων
542 1940 602 1992 ὲν
629 1941 948 2010 τροπαρίοις
986 1940 1018 2009 ἢ
1054 1941 1343 2008 ἰδιομέλοις
1390 1940 1506 2010 ἅμα
1534 1941 1695 2012 235
1729 1942 1883 2009 λεγο·

1990 758 2190 821 saucti,
2219 760 2440 828 ipseque
2479 760 2729 817 Salvator
2755 763 2848 832 qtti
2875 763 3399 819 commendationem
3453 761 3564 831 pri-

1989 863 2110 901 mus
2149 850 2273 903 fecit
2305 851 2524 919 iamiam
2561 867 2824 920 passurus
2854 870 2871 921 ;
2906 869 3007 920 nos
3034 853 3177 909 enim
3212 853 3356 908 Patri
3413 867 3567 906 cum-

1989 938 2263 991 mendavit
2293 938 2480 1008 dicens
2508 957 2524 993 :
2557 958 2576 990 ι
2608 939 2773 996 Servs
2829 956 2925 997 eos
2958 941 3013 996 in
3082 942 3303 996 nomine
3343 947 3459 1002 tuo,
3504 945 3566 991 ‘vt

1990 1028 2274 1082 sanctilica
2301 1042 2397 1084 eos
2454 1029 2507 1083 in
2540 1030 2768 1089 veritate
2796 1040 2906 1096 tua,
2942 1050 2958 1083 ι
2999 1031 3117 1101 ipse
3148 1040 3329 1086 autem
3378 1038 3562 1085 estve-

1989 1118 2144 1173 ritas.
2174 1117 2385 1191 Quibus
2407 1119 2601 1190 jussis,
2626 1120 2870 1177 clamans
2903 1121 3156 1191 obsignat
3180 1121 3436 1177 sacerdos
3463 1120 3567 1174 do-

1987 1210 2256 1277 xologiam
2318 1208 2605 1266 Trinitatis
2639 1227 2654 1264 :
2694 1226 2716 1262 ι
2756 1209 2833 1266 'l‘e
2868 1194 3084 1274 ‘decet,
3122 1228 3142 1263 ι
3179 1212 3365 1265 dicens
3389 1252 3404 1277 ,
3468 1209 3564 1263 Dei

1987 1301 2331 1356 confessione
2357 1310 2412 1357 et
2449 1303 2846 1373 glm-iﬂcatione
2876 1302 3038 1357 simul
3061 1303 3390 1358 confirmans
3414 1302 3568 1370 prius

1986 1394 2152 1458 dicta,
2187 1402 2511 1464 testansque
2540 1395 2645 1449 ista
2667 1409 2695 1449 a
2726 1393 2837 1450 Deo
2878 1394 3037 1450 nobis
3071 1392 3210 1449 fore.
3245 1393 3412 1447 Porro
3487 1392 3572 1445 di-

1987 1483 2091 1537 ctis
2114 1484 2330 1554 hymnis
2355 1484 2407 1538 in
2440 1486 2739 1541 versiculos
2767 1488 3131 1554 strophasque
3157 1483 3428 1540 distinctis
3451 1496 3573 1552 qttte

1990 1574 2270 1630 Domiuica
2299 1577 2516 1643 quidem
2548 1578 2735 1632 decem
2759 1578 3001 1645 strepitis
3048 1585 3303 1631 constant
3351 1582 3571 1645 propter

1988 1669 2199 1721 numeri
2231 1667 2643 1737 perfectionem,
2699 1669 2837 1724 festo
2900 1679 3081 1723 autem
3145 1679 3461 1723 sanctorum
3517 1666 3570 1719 itt

1988 1765 2112 1817 octo
2131 1757 2381 1825 strophas
2402 1758 2755 1828 distinguitur
2771 1772 2992 1826 propter
3014 1771 3260 1813 octavam
3296 1766 3351 1813 et
3378 1756 3570 1811 indeii;

1988 1851 2220 1904 cientem
2261 1850 2423 1912 diem,
2460 1851 2513 1903 in
2546 1864 2651 1918 qua
2683 1859 2844 1904 erunt
2875 1865 3089 1918 semper
3111 1852 3205 1919 qui
3272 1851 3364 1905 Dei
3419 1856 3567 1913 sunt,

1990 1948 2045 1995 ct
2072 1956 2218 1995 nunc
2246 1950 2538 1996 versantur
2562 1942 2759 1995 anima?
2783 1957 2905 1996 cum
2929 1941 3166 2007 Christo,
3189 1940 3423 2011 singulis
3441 1952 3572 1995 vero

320 2029 501 2098 μένων
534 2032 646 2092 τοῖς
665 2006 910 2100 ⁷στίχοις,
938 2006 1017 2101 τῇ-
1042 2032 1140 2100 μὲν
1160 2006 1443 2104 κυριακῇ-
1464 2006 1773 2101 ἱσταμένων
1802 2006 1887 2098 ἐίς

2002 2031 2183 2087 Jiebus
2217 2032 2271 2086 in
2303 2047 2396 2087 sex
2433 2033 2710 2101 strophas,
2735 2033 2995 2104 quoniam
3024 2006 3189 2088 modo
3246 2006 3375 2086 sunt
3397 2030 3572 2086 sancti

317 2119 448 2174 δέκα
471 2121 710 2189 στίχους,
734 2121 824 2173 διὰ
851 2122 912 2173 τὸ
937 2122 1031 2174 τοῦ
1057 2121 1293 2193 ἀριθμοῦ
1313 2123 1539 2186 τέλειον,
1565 2124 1623 2174 ὲν
1647 2124 1705 2177 δὲ
1728 2125 1888 2195 ἑορτῇ

321 2229 468 2276 τινος
496 2211 606 2265 τῶν
647 2212 819 2280 ἁγίων
859 2214 941 2277 είς
973 2214 1201 2285 στίχους
1235 2214 1402 2279 ὀκτὼ,
1439 2215 1527 2269 διὰ
1555 2215 1654 2287 τὴν
1698 2216 1892 2284 ὀγδόην

320 2306 415 2358 καὶ
445 2305 870 2360 ἀκατάπαυστον
897 2307 1136 2378 ἡμέραν,
1162 2307 1220 2359 ὲν
1241 2300 1276 2382 ᾖ
1301 2307 1515 2361 ἔσονται
1548 2309 1597 2361 οί
1629 2307 1722 2361 τοῦ
1752 2306 1890 2361 Θεοῦ

319 2397 576 2459 πάντοτε,
613 2398 708 2451 καὶ
741 2391 842 2451 νῦν
877 2401 985 2452 είσι
1026 2401 1141 2460 τοῖς
1181 2397 1455 2468 πνεύμασι
1489 2401 1588 2453 σὺν
1625 2399 1848 2470 Χριστῷ
1873 2418 1887 2432 ο

321 2491 403 2551 είς
432 2489 491 2552 ἓξ
511 2490 565 2542 δὲ
593 2490 716 2543 καθ’
737 2490 957 2557 ἡμέραν
986 2488 1077 2542 διὰ
1097 2490 1160 2542 τὸ
1183 2490 1325 2561 ὑπὲρ
1349 2490 1449 2559 τὴν
1476 2491 1729 2560 αἴσθησιν
1751 2488 1891 2543 εἶναι

323 2579 647 2650 πενταδικὴν
664 2576 829 2633 οὖσαν
857 2581 983 2641 τοὺς
1001 2582 1188 2647 ἁγίους
1215 2580 1330 2642 νῦν,
1348 2581 1442 2634 καὶ
1460 2581 1541 2642 δὶς
1565 2582 1663 2649 τὴν
1688 2582 1892 2651 Τριάδα

324 2674 610 2743 σημαίνειν
626 2675 695 2727 τὰ
711 2673 789 2739 ἒξ,
813 2674 1152 2742 ἑκατέρωθεν
1166 2671 1312 2727 οἷτοι
1329 2674 1381 2727 οἱ
1402 2672 1563 2742 ὕμνοι
1577 2674 1887 2744 ψάλλονται,

320 2765 431 2818 είτε
462 2765 591 2833 περὶ
634 2766 732 2836 τῆς
777 2766 1130 2826 ἀναστάσεως
1164 2765 1336 2828 ὄντες,
1380 2767 1488 2819 εἴτε
1534 2766 1666 2835 περὶ
1701 2765 1894 2837 ἑτέρας

327 2857 703 2926 προκειμένης
719 2858 911 2926 ἑορτῆς
937 2856 969 2927 ἢ
1000 2857 1175 2923 ἁγίου.
1200 2857 1289 2928 Τῷ
1322 2857 1624 2927 τελευταίῳ
1645 2857 1701 2911 δὲ
1726 2859 1895 2929 στίχῳ

322 2948 372 3000 οί
426 2948 578 3019 χοροὶΙ
628 2948 1007 3018 συνέρχονται,
1054 2949 1159 3019 τὴν
1209 2950 1530 3019 συμφωνίαν
1580 2949 1891 3019 δηλοῦντες,

320 3042 417 3096 καὶ
441 3042 536 3112 τὴν
567 3042 657 3095 διὰ
679 3041 773 3094 τοῦ
806 3040 1057 3112 Σωτῆρος
1084 3042 1179 3096 τοῦ
1207 3041 1414 3113 κόσμου
1440 3042 1644 3106 παντὸς
1670 3043 1894 3098 ἕνωσιν.

323 3132 492 3186 Ὅθεν
523 3131 659 3201 ὁμοῦ
694 3133 833 3201 πρὸς
866 3131 928 3184 τὸ
958 3133 1348 3201 θυσιαστήριον
1374 3130 1654 3196 κλίνοντες
1693 3132 1900 3188 ἑκϐοῶ-

327 3243 434 3290 σιν,
472 3244 492 3277 ε
529 3225 655 3278 Ὀτι
686 3224 1034 3294 ὲκραταιώθη
1065 3225 1128 3277 τὸ
1156 3223 1306 3287 ἔλεος
1337 3224 1501 3277 αὐτοῦ
1536 3224 1625 3295 ἐφ’
1653 3226 1802 3295 ἡμᾶς
1823 3242 1837 3258 ο
1870 3244 1889 3278 s

1991 2139 2153 2192 supra
2172 2125 2411 2194 quinque
2442 2140 2659 2189 sensus,
2699 2125 2896 2194 bisque
2948 2122 3269 2178 Trinitatem
3303 2121 3575 2192 signiﬁcat

1991 2223 2177 2271 sextus
2207 2229 2515 2281 numerus;
2555 2217 2645 2287 qui
2684 2216 2873 2287 hymni
2925 2216 3183 2284 utrinque
3243 2214 3573 2285 psslluntnr,

1991 2306 2104 2360 sive
2135 2306 2187 2360 in
2214 2309 2635 2373 resurrectione,
2660 2309 2775 2363 sive
2815 2311 2869 2361 in
2902 2307 3005 2360 alia
3065 2305 3432 2371 solemnitate,
3487 2304 3571 2359 vel

1995 2396 2047 2449 in
2079 2395 2218 2450 [esto
2252 2398 2482 2467 alicujus
2514 2399 2710 2454 sancti.
2742 2398 2813 2452 At
2843 2398 2895 2452 in
2946 2398 3130 2452 ultima
3164 2397 3385 2466 strOpha
3416 2395 3570 2452 chori

1993 2489 2351 2551 conveniunt,
2420 2492 2802 2560 symphoniam
2867 2491 3218 2560 ostendentes
3284 2499 3569 2558 totumque

1998 2581 2261 2634 mundum
2293 2595 2390 2650 per
2425 2581 2760 2637 Salvatorent
2816 2580 3134 2635 aduttatum.
3196 2579 3347 2635 Unde
3403 2579 3570 2634 simul

1994 2672 2165 2734 altare
2195 2687 2383 2728 versus
2411 2673 2738 2728 inclinantes
2763 2672 2999 2727 clamant
3025 2689 3042 2728 :
3081 2691 3099 2724 ι
3130 2670 3396 2738 Quoniam
3428 2685 3562 2725 con-

1996 2762 2207 2816 ﬁrmata
2234 2771 2317 2819 est
2345 2779 2508 2834 super
2537 2780 2637 2820 nos
2682 2763 3052 2820 misericordia
3084 2762 3225 2830 ejus,
3259 2780 3278 2813 ι
3320 2761 3562 2832 gentium

1996 2854 2051 2910 in
2075 2853 2294 2911 Christo
2323 2858 2553 2912 salutem
2581 2856 2968 2927 signiﬁcantes,
3004 2854 3261 2925 quoniam
3293 2854 3349 2909 in
3403 2855 3569 2908 mise-

1996 2946 2228 3002 ricordia
2262 2962 2361 3004 sua
2384 2963 2484 3019 pro
2523 2948 2680 3004 nobis
2707 2963 2921 3018 passus.
2949 2947 3150 3003 virtute
3173 2947 3226 3000 in
3252 2959 3417 3001 cruce
3445 2958 3578 2998 con-
3609 2982 3612 2985 λ

2001 3039 2238 3106 ﬁrmata,
2276 3040 2448 3097 victor
2488 3055 2591 3097 nos
2635 3040 2689 3095 in
2735 3040 3032 3109 semetipso
3083 3037 3445 3108 congregavit.
3498 3036 3568 3090 Et

1996 3133 2192 3189 iterum
2225 3131 2388 3188 simul
2430 3133 2590 3188 modo
2639 3131 2801 3187 etiam
2833 3138 3076 3195 cantant,
3111 3148 3131 3181 ι
3157 3128 3362 3191 Gloria,
3399 3147 3418 3181 ι
3445 3127 3567 3183 sine

2001 3224 2264 3293 temporis
2316 3219 2721 3276 intermissione
2774 3233 2870 3276 seu
2937 3212 3208 3274 divisione
3270 3217 3560 3271 indivisam

325 3313 426 3383 τὴν
459 3316 515 3365 ὲν
544 3313 766 3383 Χριστῷ
794 3313 903 3366 τῶν
941 3313 1110 3366 ὲθνῶν
1143 3312 1433 3384 δηλοῦντες
1460 3318 1739 3386 σωτηρίαν
1757 3333 1776 3353 ο
1801 3317 1896 3370 καὶ

2002 3315 2289 3370 laudantes
2316 3313 2662 3377 Trinitatem,
2697 3327 2760 3367 ac
2810 3312 3034 3381 insuper
3083 3309 3366 3380 Deiparam
3409 3308 3577 3378 virgio

321 3409 405 3460 ὅτι
432 3408 490 3459 εν
519 3405 655 3459 ἐλέει
677 3404 841 3461 αὑτοῦ
863 3406 1005 3475 ὑπὲρ
1030 3404 1188 3475 ήμῶν
1212 3403 1425 3473 παθὼν,
1453 3406 1649 3477 καὶτῷ
1674 3406 1895 3479 σταυρῷ

321 3496 491 3551 αὐτοῦ
547 3496 750 3567 κράτος
803 3498 1147 3566 στησάμενος
1195 3499 1292 3550 καὶ
1329 3497 1584 3567 νικήσας,
1633 3498 1784 3567 ημᾶς
1824 3499 1887 3549 ὲν

318 3587 497 3656 ἑαυτῷ
535 3587 901 3658 συνηγάγετο.
934 3588 1046 3641 Καὶ
1070 3586 1206 3657 ὁμοῦ
1248 3587 1411 3641 πάλιν
1454 3586 1537 3653 τὸ,
1576 3606 1596 3640 ι
1630 3587 1767 3652 Δόξα
1801 3591 1899 3643 καὶ

2004 3420 2128 3460 nem
2154 3407 2206 3458 in
2241 3404 2346 3459 iiue
2380 3403 2770 3474 gloriﬁcantes,
2801 3403 2927 3459 inde
2961 3402 3269 3457 conﬁtendo
3320 3400 3578 3456 incarna-

2003 3496 2203 3552 tionem
2235 3494 2353 3562 ejus
2378 3495 2474 3564 qui
2502 3509 2568 3550 es
2596 3509 2662 3550 ea
2720 3495 3036 3550 incarnatus
3079 3501 3164 3547 est
3210 3503 3568 3562 magnamque

2004 3602 2058 3642 et
2089 3597 2480 3658 prteputeutem
2530 3586 2648 3656 eius
2686 3589 3154 3644 intercessionem.

317 3678 439 3743 νῦν,
478 3697 498 3730 ι
540 3679 747 3751 ᾄδουσι,
797 3676 1210 3748 δοξολογοῦντες
1254 3677 1579 3748 ἀδιαιρέτως
1639 3679 1739 3748 τὴν
1783 3678 1986 3749 Τριάδα
2030 3681 2127 3745 τὴν
2181 3680 2524 3748 ἀδιαίρετον·
2557 3678 2636 3731 ἔτι
2666 3680 2723 3733 δὲ
2753 3681 2850 3733 καὶ
2883 3678 2979 3748 τὴν
3014 3677 3337 3746 Θεομήτορα
3386 3674 3556 3743 κόρην

320 3777 382 3828 ἐν
406 3773 484 3843 τῷ
520 3773 686 3837 τέλει,
714 3772 801 3826 διὰ
835 3773 936 3844 τὴν
977 3772 1267 3844 ὁμολογίαν
1298 3772 1395 3839 τῆς
1447 3772 1772 3841 σαρκώσεως
1828 3772 1923 3825 τοῦ
1976 3774 2033 3840 ἐξ
2091 3775 2254 3841 αὐτῇς
2291 3772 2681 3842 σαριιυοὲντος,
2731 3773 2824 3824 καὶ
2861 3772 2959 3841 τὴν
2998 3771 3171 3837 αὐτῆς
3222 3767 3420 3835 mntiri
3468 3767 3561 3819 καὶ

321 3868 554 3940 δυνατὴν
585 3868 887 3938 μεσιτείαν.

891 4032 1115 4086 ΚΕΦΑΛ
1159 4032 1330 4087 TAI".

334 4172 398 4228 Τί
417 4171 703 4239 σημαίνει
729 4166 768 4235 ἡ
805 4166 912 4239 τοῦ
937 4166 1260 4239 surrepta-oi;
1306 4166 1568 4239 εἴσοδος·
1605 4164 1703 4239 καί
1752 4165 1898 4239 τίᾼτῤ

399 4234 636 4297 κλίνειν
660 4234 768 4293 τεν
797 4236 955 4305 ἱερέα
984 4236 1083 4290 καί
1116 4237 1499 4305 ἀνίστασθαι,
1532 4234 1627 4288 καί
1661 4234 1904 4288 ἀναϐαί-

399 4328 531 4366 νειν
550 4312 638 4376 είς
666 4310 733 4362 τὸ
755 4304 1213 4391 θυσιαστήριον,
1239 4305 1336 4359 καί
1356 4304 1761 4376 είσέρχεσθαι.

407 4427 577 4480 ’Ἔνθα
606 4426 672 4496 δὴ
702 4424 797 4480 καὶ
820 4425 848 4477 6
886 4423 1068 4496 ἱερεὺς
1126 4423 1361 4476 ποιεῖται
1391 4422 1492 4491 τὴν
1535 4421 1761 4488 εἴσοδον,
1797 4419 1907 4474 ἀπὸ

334 4520 428 4573 τοῦ
463 4516 857 4587 θυσιαστηρίου
895 4516 1143 4588 ἀσκεπὴς
1167 4515 1523 4586 ἐξερχόμενος
1556 4513 1696 4584 μετά
1710 4512 1908 4585 θυμια-

336 4609 430 4664 τοῦ
456 4627 514 4662 τε
540 4609 636 4662 καὶ
663 4607 1031 4677 θυμιάματος,
1070 4606 1165 4660 καὶ
1199 4606 1364 4676 μέσον
1404 4605 1499 4658 τοῦ
1529 4605 1660 4660 ναοῦ
1707 4604 1910 4659 κλίνων

2482 4029 2710 4086 CAPUT
2733 4027 3108 4085 CCCXXXIII.

2011 4162 2154 4228 Quid
2172 4164 2466 4234 signiﬁcent
2497 4164 2774 4231 vespertini
2802 4167 3088 4229 ingressus,
3107 4168 3160 4234 et
3177 4176 3272 4213 cur
3292 4157 3513 4234 inclinat
3530 4175 3585 4213 se

2083 4229 2358 4305 sacefdos,
2404 4242 2454 4286 et
2491 4229 2679 4286 iterum
2708 4234 2912 4305 surgit,
2948 4231 3289 4300 ascenditque
3315 4230 3386 4283 ad
3416 4229 3588 4282 altare

2081 4312 2130 4357 et
2153 4303 2471 4374 ingreditur.

2085 4415 2290 4471 Deinde
2311 4414 2566 4472 sacerdos
2599 4415 2904 4484 ingressum
2962 4413 3115 4477 facit,
3145 4428 3210 4469 ex
3243 4413 3400 4468 altari
3438 4412 3586 4467 nudo

2014 4509 2191 4577 capite
2213 4506 2518 4577 egrediens,
2546 4520 2669 4562 cum
2700 4505 2977 4562 thuribulo
3001 4514 3055 4560 et
3074 4506 3254 4570 thure,
3284 4513 3338 4560 et
3387 4505 3438 4557 in
3472 4517 3589 4558 me-

2017 4597 2108 4655 dio
2141 4598 2323 4667 templi
2352 4612 2475 4653 sese
2504 4598 2794 4660 inclinans.
2846 4610 2909 4652 ac
2941 4610 3196 4664 surgens,
3263 4597 3591 4667 signausque

338 4701 432 4753 καὶ
456 4699 772 4770 εὐχόμενος,
801 4700 899 4751 καὶ
946 4696 1310 4767 ἀνιστάμενος
1351 4697 1447 4750 καὶ
1494 4697 1813 4768 σφραγίζων
1838 4697 1896 4767 τῇ

2013 4705 2177 4745 manu
2201 4698 2256 4744 et
2276 4689 2577 4756 thttribulo,
2607 4690 2938 4758 rursumque
2966 4687 3032 4741 ad
3074 4688 3246 4742 altare
3286 4695 3588 4742 revertens.

338 4792 483 4861 χειρὶ
512 4791 609 4844 καὶ
642 4791 720 4859 τῷ
775 4789 1109 4859 θυμιάματι,
1158 4787 1256 4841 καὶ
1298 4787 1381 4849 είς
1408 4787 1475 4840 τὸ
1521 4787 1910 4858 θυσιαστήριον

339 4881 772 4952 ἐπανερχόμενος
795 4874 972 4944 αὖθις.
1018 4879 1084 4934 Τί
1122 4878 1505 4950 τούτῳκδηλῶν
1533 4896 1551 4949 ;
1601 4877 1728 4934 Ὀτι
1758 4878 1854 4934 καὶ
1881 4878 1911 4931 6

339 4971 433 5025 τοῦ
461 4971 595 5025 Θεοῦ
621 4971 936 5042 Μονογενὴς
973 4972 1166 5041 μέχρις
1180 4973 1214 5041 ή
1224 4970 1341 5042 μῶν
1373 4971 1482 5024 ἀπὸ
1504 4968 1612 5024 τῶν
1643 4970 1913 5042 οὐρανίων

341 5060 619 5115 κατελθὼν
641 5061 869 5132 ἀψίδων,
903 5060 1068 5116 πάλιν
1102 5062 1182 5124 είς
1210 5063 1301 5115 τὸν
1337 5062 1565 5134 οὐρανὸν
1615 5062 1913 5132 ἀνελήλυθε

341 5151 435 5204 καὶ
462 5151 609 5221 ἡμᾶς
627 5151 996 5222 ἐπανήγαγεν.
1025 5150 1192 5205 Ὅθεν
1216 5154 1308 5204 καὶ
1331 5154 1396 5223 τῇ
1422 5150 1693 5216 ἐξελεύσει
1715 5150 1913 5224 ταύτῃ,

342 5241 439 5294 καὶ
470 5243 536 5311 τῇ
563 5241 738 5294 κλίσει
790 5243 889 5311 τῆς
944 5242 1190 5311 κεφαλῆς
1213 5245 1310 5297 καὶ
1336 5241 1659 5314 ἀνορθὼσει,
1693 5244 1787 5296 καὶ
1833 5243 1913 5313 τῷ

343 5333 634 5402 ἐκεοῆσαι,
666 5334 867 5404 ιΣοφίᾳ
893 5334 1070 5403 ὀρθοὶ,
1100 5354 1119 5386 ι
1153 5335 1248 5388 καὶ
1283 5335 1585 5406 σφραγίσαι
1612 5333 1691 5403 τῷ
1721 5334 1921 5404 θυμια-

342 5423 541 5493 τηρίῳ,
571 5423 602 5493 ἢ
638 5423 924 5493 ἀνυψῶσαι
960 5426 1020 5478 τὸ
1072 5424 1426 5493 Εὐαγγέλιον,
1476 5427 1527 5477 εί
1581 5423 1916 5493 Εὐαγγελίου

342 5511 546 5574 εἴσοδός
575 5514 712 5578 ἐστι,
752 5516 847 5570 καὶ
873 5517 952 5577 είς
978 5515 1039 5568 τὸ
1070 5513 1224 5585 βῆμα
1268 5515 1608 5582 ἐπανελθεῖν,
1639 5514 1823 5568 πάντα
1848 5512 1918 5567 τὰ

338 5607 442 5674 τῆς
463 5606 776 5675 οἰκονομίας
805 5606 993 5680 δηλοί-
1018 5608 1080 5661 τὸ
1112 5606 1350 5674 ἐξελθεῖν
1384 5608 1485 5677 μὲν
1529 5610 1625 5662 καὶ
1652 5608 1919 5679 κατέρχε-

344 5699 469 5751 σθαι
495 5698 593 5769 τὴν
627 5700 930 5754 κατάϐασιν
957 5699 1199 5772 Χριστοῦ
1229 5701 1326 5755 καὶ
1367 5699 1696 5755 ταπείνωσιν
1714 5716 1729 5730 ·
1754 5701 1814 5754 τὸ
1836 5702 1922 5753 ὲν-

341 5790 632 5860 δεδδμένον
663 5792 718 5844 δὲ
759 5789 903 5847 εἶναι
932 5793 1000 5847 τὰ
1058 5794 1335 5863 ίερατικά,
1362 5793 1462 5864 τὴν
1511 5794 1792 5864 σάρκωσιν
1816 5809 1831 5823 ο
1861 5793 1922 5845 τὸ

350 5880 519 5950 μέσον
540 5897 601 5934 τε
632 5882 833 5936 στάντα
867 5885 1048 5939 κλῖναι
1092 5885 1192 5957 τὴν
1222 5887 1490 5957 κεφαλὴν,
1535 5885 1597 5937 τὸ
1628 5886 1792 5956 μέσον
1822 5883 1923 5953 τῆς

349 5970 454 6041 γῆς
499 5972 883 6056 σξαυρωθῆναι
928 5975 1067 6049 ὑπὲρ
1117 5977 1275 6048 ἡμῶν
1306 5980 1400 6032 καὶ
1454 5975 1770 6039 ἀποθανεῖν,
1826 5977 1920 6029 καὶ

2012 4780 2154 4848 Quid
2211 4781 2297 4836 his
2344 4778 2662 4851 signiﬁcat?
2719 4779 2876 4845 Quod
2920 4779 3233 4849 unigenittts
3285 4776 3377 4833 Dei
3421 4775 3593 4849 Filius

2014 4886 2190 4940 usque
2218 4870 2286 4925 ad
2321 4885 2422 4925 nos
2459 4888 2490 4925 e
2541 4870 2860 4927 caelestibus
2910 4871 3133 4927 sedibus
3189 4870 3497 4936 descendit,
3535 4879 3593 4925 et

2014 4976 2207 5017 rursus
2229 4961 2284 5015 iu
2310 4963 2509 5016 coelum
2544 4961 2791 5018 ascendit
2822 4977 3033 5033 nosque
3082 4963 3159 5018 ibi
3186 4964 3433 5020 adduxit.
3465 4964 3592 5019 Ideo

2015 5052 2144 5110 dum
2180 5052 2255 5108 ita
2284 5054 2564 5124 egreditur
2611 5061 2666 5108 et
2729 5062 2891 5123 caput
2935 5054 3161 5110 inclinat
3201 5069 3267 5110 ac
3323 5056 3500 5126 erigit,
3540 5065 3597 5112 et

2018 5143 2262 5198 clamat:
2298 5160 2319 5193 ι
2352 5141 2635 5214 Sapientia
2677 5146 2870 5211 erecti,
2910 5161 2930 5198 ι
2967 5146 3257 5218 signatque
3296 5146 3593 5213 thttribulo,

2020 5238 2103 5292 vel
2136 5237 2491 5309 Evangelium
2523 5241 2754 5309 extollit,
2788 5243 2833 5297 si
2880 5243 3161 5311 ingressus
3218 5241 3381 5297 luerit
3412 5240 3595 5295 Evan-

2019 5329 2165 5399 gelii,
2197 5340 2361 5399 atque
2385 5332 2450 5384 ad
2480 5332 2684 5399 gradus
2709 5335 3025 5400 revertitur,
3057 5333 3238 5390 omnia
3271 5331 3595 5387 oeconomiae

2020 5421 2279 5491 mysteria
2322 5421 2583 5477 ostendit.
2614 5421 2749 5476 Nam
2783 5423 3113 5493 egredieudo
3149 5423 3369 5493 quidem
3401 5433 3457 5478 et
3500 5422 3599 5478 αθ-

2021 5515 2335 5570 scendendo
2352 5514 2674 5570 descensum
2692 5514 2898 5571 Christi
2927 5516 3199 5587 huiusque
3228 5515 3587 5572 humilitatem

2022 5605 2280 5676 patefacit
2313 5625 2327 5673 ;
2360 5609 2485 5661 dum
2518 5608 2694 5662 sacris
2722 5606 2968 5662 induitur
3031 5607 3277 5664 vestibus
3340 5607 3599 5663 incarna—

2023 5699 2225 5752 tionem
2260 5698 2465 5753 indicat
2494 5713 2509 5766 ;
2541 5698 2671 5753 dum
2710 5700 2765 5754 in
2789 5701 2966 5755 medio
2991 5712 3155 5770 caput
3205 5700 3453 5767 inclinat,
3480 5702 3601 5757 Sal-

2023 5797 2268 5844 vatorem
2303 5804 2402 5859 pro
2433 5790 2588 5845 nobis
2618 5791 2675 5845 in
2737 5791 2918 5847 medio
2973 5803 3131 5847 terra:
3171 5794 3495 5850 cruciﬁxum
3548 5806 3604 5851 et

2025 5891 2303 5938 mortuum
2343 5891 2503 5952 atque
2533 5883 2586 5937 in
2616 5883 2888 5940 infernum
2946 5878 3383 5942 descendentem
3417 5888 3602 5942 decla—

2028 5982 2130 6030 rat.
2167 5973 2293 6032 ldeo
2320 5974 2371 6030 in
2397 5973 2617 6032 silentio
2652 5987 2921 6051 caputque
2949 5978 3227 6038 incliuans
3254 5981 3597 6047 deprecatur,
