4126 6268
581 496 685 559 (ΞΩἸ

1422 503 1801 565 SYMEONIS
1834 501 2581 564 THESSALONICENSIS
2623 475 2979 565 mentm).

3731 495 3843 559 808

582 615 840 686 quosnam
869 616 1123 674 Christus
1162 627 1452 690 postquam
1496 623 1858 693 semetipsum
1892 619 2038 675 Patri
2065 621 2164 676 ob-

2269 621 2512 692 είςζᾷδου
2557 614 2840 672 κατελθεῖν
2874 618 2966 670 τὸν
2997 595 3249 686 Σωτῆρα.
3299 612 3464 667 Ὅθεν
3499 610 3592 665 καὶ
3618 611 3677 664 ἑν
3709 614 3840 682 σιγῇ

580 710 766 763 tulerit
788 718 841 764 ct
870 710 922 764 in
959 711 1230 767 infernum
1261 715 1622 780 descenderit,
1655 728 1756 769 nos
1789 713 1915 769 inde
1959 713 2104 767 eruit
2135 728 2153 775 ;
2181 723 2186 725 ·

580 800 707 854 ideo
730 803 891 855 etiam
922 803 1207 859 incensum
1239 819 1349 874 quo
1379 805 1758 876 significantur
1795 812 1982 860 sancta
2007 804 2156 859 illius

579 893 758 947 anima
791 889 956 963 atque
989 897 1097 951 vita
1153 899 1206 951 in
1260 899 1698 968 acceptissimum
1757 898 1980 952 odorem
2045 896 2156 952 Deo

579 987 793 1053 oblatae,
825 987 982 1043 oﬂ‘ert
1038 993 1320 1052 sacerdos,
1386 993 1472 1046 vel
1529 993 1750 1046 exhibet
1800 991 2153 1061 Evangelium

579 1079 724 1132 velut
753 1079 927 1147 ipsum
959 1081 1268 1148 Doininum,
1317 1092 1481 1152 atque
1524 1099 1649 1137 cum
1714 1098 1780 1138 eo
1836 1082 2151 1150 inclinatur,

577 1170 834 1238 quoniam
865 1171 980 1238 ipse
1014 1171 1079 1226 ad
1115 1188 1216 1226 nos
1269 1173 1547 1228 descendit
1577 1190 1591 1236 ;
1626 1184 1682 1228 et
1738 1174 1965 1242 erigitur
2013 1187 2155 1243 quo-

581 1263 724 1314 niam
759 1264 876 1330 ipse
905 1264 1147 1318 surrexit
1202 1264 1455 1321 Christus
1504 1281 1717 1334 nosque
1777 1264 2150 1335 congregavit.

577 1350 722 1419 quod
747 1353 1005 1420 praedicat
1038 1363 1092 1407 et
1121 1355 1456 1409 demonstrat
1499 1356 1619 1410 sive
1673 1370 1891 1410 crucem
1947 1354 2151 1410 faciens

578 1457 702 1498 cum
750 1445 1051 1511 thuribulo,
1084 1447 1201 1500 sive
1222 1447 1432 1510 dicens,
1471 1445 1778 1515 «Sapientia
1796 1446 2020 1506 erecti,»
2052 1461 2148 1500 seu

547 1514 927 1602 'Evangelium
961 1537 1250 1590 extollens.
1284 1537 1418 1591 Dum
1447 1514 1625 1592 autem
1659 1537 1854 1592 iterum
1905 1537 2152 1592 ascendit

575 1625 953 1693 etingreditur
979 1627 1044 1679 ad
1069 1629 1265 1694 altare,
1294 1629 1609 1686 manifestat
1635 1628 1915 1685 Christum
1945 1643 1975 1683 a
2007 1639 2148 1684 terra

575 1721 916 1783 assumptum
939 1715 993 1768 in
1022 1717 1274 1771 eamdem
1334 1731 1498 1786 quam
1548 1727 1867 1786 susceperat
1925 1732 2147 1772 carnem

577 1821 857 1862 reversum
887 1822 1030 1873 esse,
1049 1809 1345 1876 semetipso
1373 1824 1472 1878 pro
1507 1809 1668 1864 nobis
1699 1811 1751 1862 in
1783 1809 2021 1863 hostiam
2051 1809 2150 1864 oh-

575 1895 712 1962 lato,
749 1895 1017 1965 nobisque
1045 1912 1141 1966 per
1169 1912 1294 1951 eum
1344 1898 1596 1954 exaltatis
1655 1909 1708 1952 et
1767 1897 2145 1953 sanctiﬁcatis.

2264 712 2358 765 καὶ
2391 709 2589 764 κλίνων
2617 709 3004 779 προσεύχεται,
3031 708 3115 760 ὅτι
3139 707 3218 777 τῷ
3249 704 3426 774 Πατρὶ
3453 705 3576 768 δοὺς
3623 703 3840 769 ἑαυτὸν,

2262 802 2540 856 κατελθὼν
2591 804 2674 865 είς
2720 802 2813 854 τὸν
2863 801 3019 872 ᾅδην,
3048 800 3222 869 ’ἡμᾶς
3274 798 3486 850 ἐκεῖθεν
3544 795 3839 867 ἑρῤύσατο.

2259 896 2352 948 Διὸ
2387 896 2480 948 καὶ
2506 895 2538 965 ἦ
2569 895 2844 964 θυμίαμα,
2872 892 2971 964 τήν
2994 891 3159 959 ἁγίαν
3182 889 3348 944 αὐτοῦ
3368 889 3549 960 ψυχὴν
3576 887 3669 940 καὶ
3691 885 3841 955 ζωήν

2260 986 2465 1040 τυποῦν
2498 986 2567 1039 τὰ
2603 985 2950 1039 εὐωδέστατα
2994 983 3165 1046 ὅντως
3195 982 3462 1053 προσάγει
3493 982 3521 1034 ὁ
3561 978 3761 1048 ἱερεὺς,
3799 975 3835 1047 ἢ

2260 1077 2480 1147 κατέχει
2512 1077 2574 1130 τὸ
2621 1076 2954 1144 Εὐαγγέλιον
2981 1075 3055 1137 ὡς
3112 1075 3272 1128 αὑτὸν
3329 1073 3422 1126 τὸν
3447 1071 3684 1140 Κύριον·
3739 1069 3839 1122 καὶ

2261 1171 2359 1223 σὺν
2393 1168 2542 1239 αὑτῷ
2597 1167 2881 1222 κλίνεται·
2935 1167 3060 1220 ἐπεὶ
3099 1166 3260 1228 αὐτὸς
3288 1166 3418 1234 ἡμῖν
3477 1160 3835 1231 συγκατέϐηαο

2260 1262 2356 1314 καὶ
2385 1258 2732 1330 άνορθοῦται,
2764 1259 2846 1312 ὅτι
2873 1259 3074 1328 ἀνέστη
3119 1254 3353 1327 Χριστὸς
3382 1253 3544 1315 αὐτὸς
3569 1253 3662 1304 καὶ
3686 1251 3838 1320 ἡμᾶς

2261 1353 2572 1423 συνήγειρε.
2634 1352 2742 1405 Kal
2797 1350 2958 1403 τοῦτο
3004 1349 3270 1417 κηρύσσει
3327 1346 3422 1399 καὶ
3465 1342 3833 1412 δείκνυσιν,ἥ

2260 1445 2496 1515 σταυρὸν
2528 1445 2698 1498 ποιῶν
2727 1441 2805 1512 τῷ
2849 1438 3194 1511 θυμιατηρίῳ
3224 1437 3320 1490 καὶ
3341 1437 3423 1500 τὺ,
3467 1453 3485 1487 ι
3526 1434 3720 1505 Σοφίᾳ,
3745 1432 3838 1485 λέ-

2258 1554 2391 1606 γων,
2425 1536 2579 1606 ὀρθοῖ⁵
2606 1554 2655 1601 s,
2686 1535 2720 1605 ἢ
2759 1535 2822 1588 τὸ
2853 1531 3190 1600 Εὐαγγέλιον
3229 1527 3468 1596 άνυψῷν.
3506 1525 3581 1578 Τὸ
3612 1525 3839 1594 ἀνέρχε-

2259 1629 2384 1684 σθαι
2430 1628 2486 1681 δὲ
2540 1628 2727 1694 πάλιν,
2764 1627 2860 1680 καὶ
2892 1625 3120 1678 εἰσιέναι
3169 1622 3252 1684 είς
3308 1617 3370 1672 et.
3425 1617 3834 1684 θυσιαστήριον,

2255 1718 2335 1772 ὃτι
2361 1718 2468 1771 ἀπὸ
2491 1718 2592 1786 τῆς
2619 1717 2724 1784 γῆς
2759 1715 3062 1786 ἀνελήφθη,
3110 1712 3204 1765 καὶ
3251 1709 3382 1763 ἔνθα
3436 1703 3504 1777 ἦν
3540 1705 3834 1772 ἐπανῆλθε,

2259 1808 2378 1878 μεθ’
2401 1803 2468 1879 ἧς
2501 1805 2840 1878 προσείληφε
2864 1804 3091 1873 σαρκὸς.
3123 1803 3222 1870 τὴν
3253 1799 3395 1869 ὑπὲρ
3424 1797 3582 1868 ἡμῶν
3613 1795 3834 1862 ἀνε“¹έγ’

2255 1916 2358 1961 κας
2399 1899 2616 1963 θυσίαν,
2679 1899 2749 1951 δι’
2801 1895 3000 1951 ἑαυτοῦ
3042 1897 3139 1950 καὶ
3187 1898 3337 1966 ἡμᾶς
3389 1893 3682 1962 άνυψώσας
3738 1889 3838 1942 καὶ

576 1984 690 2041 Hoc
716 1987 935 2056 quidem
962 1995 1107 2043 totus
1145 1987 1420 2057 signiﬁcat
1473 1988 1796 2058 ingressus;
1839 1989 1942 2043 hoc
1997 1987 2153 2044 valde

2256 1992 2510 2060 ἁγιάσας.
2544 1991 2655 2044 Kal.
2677 1991 2828 2045 πᾶσα
2855 1991 2957 2058 μὲν
2985 1989 3202 2052 εἴσοδος
3219 1987 3378 2040 τοῦτο
3424 1985 3698 2054 σημαίνει.
3722 1983 3836 2035 Kal

575 2081 883 2134 necessario
915 2088 1042 2134 ante
1065 2081 1247 2134 omnia
1283 2095 1346 2134 ac
1403 2096 1499 2150 per
1539 2081 1719 2134 omnia
1776 2094 1804 2132 a
1851 2078 2012 2134 nobis
2061 2079 2144 2132 di-

571 2173 862 2235 scendum,
899 2173 1060 2238 hujus
1096 2187 1312 2242 semper
1342 2171 1660 2226 meminisse
1679 2180 1912 2239 oportet,
1957 2184 2152 2238 nempe

571 2261 629 2315 in
659 2260 763 2318 hoc
788 2277 890 2318 nos
920 2277 1042 2320 esse
1076 2264 1336 2330 salvatos,
1370 2262 1495 2334 quia
1528 2262 1670 2318 Deus
1702 2263 1770 2316 ad
1797 2277 1898 2318 nos
1927 2263 2152 2317 descen-

570 2351 674 2411 οιι.

1031 2465 1262 2523 CAPUT
1313 2467 1687 2523 CCCXXXIV.

573 2576 751 2644 Quare
792 2579 846 2632 in
880 2595 1085 2644 vespera
1139 2579 1245 2634 diei
1283 2577 1494 2634 sabbati
1523 2580 1852 2646 splendidior
1883 2581 2148 2648 ingressus

675 2658 728 2703 et
767 2649 822 2702 in
849 2653 1052 2703 steteris
1091 2650 1384 2705 Dominicis
1422 2662 1831 2720 sanctorumque
1865 2651 2038 2720 festis.

649 2810 956 2880 Vespertini
989 2809 1151 2866 oﬂicii
1185 2811 1466 2882 ingressus
1495 2811 1766 2882 signiﬁcat
1823 2812 1875 2867 in
1939 2811 2149 2866 ultimis

499 2941 509 2950 .
571 2902 787 2957 saeculis
817 2901 930 2956 ﬁeri
962 2901 1057 2956 Dei
1085 2903 1430 2958 descensum.
1465 2901 1586 2958 Ideo
1618 2905 1721 2957 hoc
1769 2903 2068 2972 praesertim
2093 2904 2146 2956 in

572 2989 816 3048 sabbatis
843 3001 1066 3061 propter
1097 2992 1420 3048 descensum
1457 2991 1661 3047 Christi
1681 2992 1732 3047 in
1774 2993 1980 3049 inferos
2001 2994 2150 3062 ejus-

569 3085 805 3152 demque
828 3085 1282 3140 resnrrectionem
1324 3083 1577 3150 facimus,
1613 3099 1825 3140 necnon
1865 3086 1918 3140 in
1968 3083 2146 3152 festis,

571 3175 832 3260 quoniam
867 3176 962 3246 qui
998 3178 1284 3233 descendit
1308 3177 1642 3232 celebratum
1673 3176 1912 3232 instituit
1949 3186 2150 3247 myste-

2257 2082 2414 2136 τοῦτο
2469 2080 2903 2147 ἀναγκαιότατον
2953 2080 3062 2148 πρὸ
3115 2077 3316 2141 παντὸς
3386 2077 3481 2130 καὶ
3545 2071 3834 2134 διαπαντὸς

2257 2173 2404 2242 ἡμᾶς
2453 2171 2902 2226 ἐκδιδάσκεσθαι·
2959 2172 3054 2225 καὶ
3103 2170 3295 2222 τούτου
3342 2167 3430 2222 ἀεὶ
3471 2164 3835 2235 μνημονεύειν

2257 2265 2386 2333 χρή⁶
2422 2265 2505 2317 ὅτι
2537 2264 2628 2317 καὶ
2659 2263 2746 2315 διὰ
2797 2263 2990 2315 τούτου
3032 2260 3342 2331 ἐσώθημεν,
3391 2258 3484 2313 τοῦ
3524 2255 3830 2326 καταϐῆναι

2256 2356 2348 2410 τὸν
2384 2354 2516 2409 Θεὸν
2549 2355 2680 2424 πρὸς
2712 2355 2884 2425 ἡμᾶς.

2816 2467 3068 2524 ΚΕΦΑΛε
3104 2462 3272 2519 ΤΛΔ¹.

2257 2586 2420 2639 Διατί
2441 2585 2686 2654 μᾶλλον
2714 2582 2794 2647 τῷ
2832 2580 3109 2654 Σαϐϐάτῳ
3142 2578 3404 2654 ἑσπέρας
3447 2575 3832 2654 ,ξομ-προτέρα

2327 2657 2365 2723 ἡ
2390 2646 2632 2720 εἴσοδος
2665 2646 2859 2723 real;th
2877 2652 3006 2723 ταῖς
3022 2648 3266 2712 λοιπαῖς
3286 2646 3519 2715 ἑορταῖς
3547 2650 3832 2700 Δεσποτι-

2328 2721 2464 2792 παῖς
2495 2742 2557 2778 τε
2583 2725 2683 2778 καὶ
2713 2721 2834 2777 τῶν
2861 2722 3068 2790 ἁγίων.

2333 2819 2401 2871 Ἥ
2424 2817 2517 2871 τοῦ
2549 2813 2839 2886 ἑσπερινοῦ
2867 2814 2926 2867 δὲ
2966 2812 3194 2876 εἴσοδος,
3221 2811 3320 2864 καὶ
3364 2811 3427 2863 τδ
3463 2808 3550 2862 ἐπ’
3586 2808 3834 2877 ἐσχάτων

2251 2908 2360 2962 τῶν
2388 2908 2600 2962 αίώνων
2637 2907 2892 2976 γενέσθαι
2927 2906 3184 2975 σημαίνει
3230 2903 3328 2971 τὴν
3377 2900 3473 2954 τοῦ
3504 2899 3636 2953 Θεοῦ
3668 2899 3834 2969 236

2255 3002 2693 3070 συγκατάϐασιν.
2721 3000 2814 3054 Διὸ
2835 3000 2930 3053 καὶ
2954 2997 3116 3051 τοῦτο
3149 2996 3352 3066 μᾶλλον
3381 2997 3437 3048 ἑν
3476 2993 3715 3046 Σάϐϐασι
3741 2992 3832 3044 διὰ

2251 3096 2352 3164 τήν
2391 3097 2470 3157 εἰς
2497 3093 2627 3166 ᾅδου
2653 3093 2879 3146 κάθοδον
2911 3093 3006 3146 καὶ
3047 3092 3348 3145 ἀνάστασιν
3378 3087 3671 3154 ποιοῦμεν,
3732 3085 3828 3136 καὶ

2252 3186 2311 3238 ἑν
2341 3185 2578 3251 ἑορταῖς,
2605 3185 2686 3236 ὅτι
2711 3185 2740 3236 ὁ
2762 3183 3002 3246 καταϐὰς
3023 3183 3084 3236 τδ
3109 3180 3504 3253 ἑορταζόμενον
3532 3181 3826 3250 μυστήριον

573 3268 736 3335 rium,
771 3278 827 3323 et
864 3269 916 3321 in
977 3277 1298 3323 sanctorum
1341 3269 1976 3332 commemorationibus,
2007 3284 2145 3336 quo-

2254 3275 2592 3337 ἑκτετέλεκε,
2652 3274 2748 3326 καὶ
2782 3275 2840 3326 ὲν
2868 3275 3112 3342 μνήμαις
3169 3271 3359 3338 ἁγίων,
3398 3270 3480 3323 ὅτι
3511 3269 3605 3321 καὶ
3630 3268 3828 3328 αὐτοὺς

573 3361 721 3413 niam
755 3360 871 3428 ipse
899 3361 990 3426 qui
1021 3360 1074 3412 in
1125 3360 1324 3414 ctelum
1389 3359 1638 3413 ascendit
1695 3360 1906 3414 animas
1956 3374 2144 3413 eorum

2252 3370 2368 3429 ταῖς
2393 3331 2592 3435 ψυχαῖς
2618 3365 2698 3428 είς
2744 3331 2880 3428 τοὺς.
2925 3331 3190 3435 οίίρανοὺς
3217 3331 3448 3424 ⁷ἀναϐάς
3510 3357 3830 3423 ἀνεϐίϐασε,

571 3452 648 3505 ibi
683 3450 907 3504 adduxit
939 3465 1077 3516 quas
1113 3465 1298 3505 secum
1332 3459 1585 3520 acceptas
1614 3450 1881 3514 habet,,et
1913 3465 2145 3520 corpora

569 3551 763 3592 eorum
794 3539 1164 3604 resuscitabit,
1189 3545 1249 3593 ut
1274 3553 1370 3595 eos
1395 3553 1580 3595 secum
1603 3548 1744 3596 totos
1778 3542 1973 3596 habent
2001 3556 2146 3596 sem-

571 3645 693 3700 per.

1028 3722 1259 3778 CAPUT
1320 3724 1673 3781 CCCXXXV.

677 3814 815 3878 Quid
860 3815 1118 3883 signiﬁcet
1159 3817 1427 3887 ingressus
1458 3819 1514 3871 in
1549 3819 1716 3886 oﬁicio
1753 3820 2031 3872 matutino.

643 3908 951 3962 Matutinus
1004 3917 1188 3963 autem
1239 3911 1296 3962 in
1343 3924 1539 3978 magna
1571 3908 1811 3964 Ecclesia
1866 3911 2144 3978 ingressus

572 4001 759 4054 eadem
811 3999 1104 4068 signiﬁcat,
1161 3999 1415 4053 videlicet
1447 4001 1718 4069 praecipue
1760 4001 1814 4053 in
1866 3998 2142 4053 infernum

571 4093 755 4146 anima
774 4091 1052 4146 Christum
1077 4092 1447 4161 descendisse,
1483 4103 1537 4148 et
1565 4109 1730 4148 carne
1752 4094 2139 4160 resurrexisse,

572 4194 734 4256 atque
771 4184 840 4237 ab
893 4183 1102 4254 angelis
1131 4185 1478 4252 prmdicatam
1513 4185 1682 4242 fuisse
1715 4187 1862 4242 illius
1897 4173 2146 4242 resurre-

570 4279 832 4333 ctionem.
874 4278 1244 4344 Quamobrem
1293 4279 1441 4335 circa
1473 4279 1776 4335 diluculum
1828 4288 1883 4335 et
1917 4279 1971 4333 in
2014 4294 2146 4349 sug-

571 4379 746 4441 gesto,
789 4371 939 4426 velut
972 4372 1025 4424 in
1055 4369 1256 4440 lapide,
1297 4381 1559 4441 tanquam
1593 4371 1822 4441 angelus
1846 4371 1931 4426 vel
1960 4373 2145 4439 potius

576 4465 756 4531 reipsa
792 4464 1025 4534 angelus
1070 4465 1326 4520 sacerdos
1356 4464 1777 4520 resurrectionis
1817 4463 2142 4534 mysterium

566 4555 886 4620 pnuunﬂaL

1059 4641 1286 4702 CAPUT
1301 4645 1679 4703 CCCXXX".

567 4755 724 4832 Quod
763 4761 817 4832 in
851 4762 1188 4816 monasteriis
1225 4778 1426 4832 quoque
1448 4762 1533 4817 die
1577 4761 1856 4817 Dominica
1884 4762 1939 4817 in
1967 4771 2146 4816 matu—

639 4830 753 4890 tino
773 4830 1039 4900 ingressus
1061 4833 1124 4900 fit
1143 4834 1211 4885 ad
1237 4830 1646 4889 resurrectionis
1676 4833 2140 4905 signiﬁcationem.

639 5006 750 5061 Iste
769 5015 952 5062 autem
988 5009 1271 5074 ingressus
1298 5012 1353 5066 in
1384 5014 1728 5070 monasteriis
1759 5014 1818 5069 ﬁt
1847 5023 2140 5084 antequam

564 5108 860 5159 cantentur
903 5113 1166 5165 canones,
1217 5101 1402 5156 divino
1448 5103 1587 5158 lecto
1627 5102 1942 5175 Evangelio,
1998 5106 2143 5176 quod

567 5193 896 5248 matutinum
911 5191 1132 5260 dicitur,
1157 5193 1414 5264 quoniam
1436 5208 1500 5250 ea
1517 5211 1640 5266 quae
1663 5197 1806 5252 circa
1824 5197 2141 5263 diluculum,

568 5285 1046 5356 appropinquante
1115 5299 1316 5340 aurora
1349 5301 1444 5342 seu
1494 5288 1581 5343 die
1635 5289 1688 5342 in
1740 5290 2144 5344 resurrectione

567 5378 788 5435 Domini
847 5381 1196 5448 contigerunt
1263 5379 1476 5442 edocet,
1545 5379 1827 5450 egreditur
1883 5380 2144 5436 sacerdos

568 5481 832 5542 tanquam
869 5486 900 5526 e
931 5482 1310 5537 monumento,
1342 5486 1372 5526 e
1414 5475 1702 5528 tremendo
1731 5473 1942 5528 scilicet
1984 5473 2144 5528 altari

565 5573 733 5632 atque
762 5578 794 5616 e
827 5563 1032 5618 tumulo
1067 5578 1268 5618 mensae
1287 5577 1477 5631 sacrae,
1519 5563 1724 5619 habens
1763 5562 2142 5634 Evangelium,

564 5655 728 5724 quasi
761 5656 988 5723 angelus
1019 5655 1300 5710 Christum
1331 5659 1626 5711 ostendens
1673 5671 1833 5726 quem
1885 5659 2147 5727 praedica-

567 5743 671 5799 vit.
697 5743 767 5798 Et
792 5759 983 5798 omnes
1014 5745 1343 5801 accedentes
1383 5746 1632 5808 adorant,
1663 5759 1817 5802 more
1845 5748 2144 5818 discipulo-

567 5851 689 5892 rum
723 5837 1132 5906 mulierumque
1175 5847 1456 5906 unguenta
1489 5845 1849 5908 portantium,
1883 5842 2144 5896 osculan-

563 5933 654 5992 tur
677 5923 1034 5996 Evangelium
1064 5935 1120 5982 et
1153 5934 1472 6000 sequentem
1506 5925 1803 5983 concinunt
1837 5927 2099 6000 hymnum
2127 5950 2141 5990 :

2163 4657 2219 4719 Β

2249 3461 2342 3514 καὶ
2377 3459 2502 3528 μεθ’
2529 3457 2724 3511 ἑαυτοῦ
2757 3457 3099 3526 λαϐὼνέχει,
3131 3455 3226 3511 καὶ
3269 3455 3562 3523 ἀναστήσει
3592 3453 3702 3512 τοῖς
3728 3449 3834 3502 σὼ-

2251 3568 2434 3619 μασιν,
2472 3551 2546 3614 ὡς
2583 3550 2651 3604 ἂν
2685 3551 2780 3604 καὶ
2828 3549 3093 3612 ὁλοτελεῖς
3144 3547 3378 3603 πάντοτε
3417 3545 3518 3618 ἑχῃ
3548 3544 3664 3615 μεθ’
3699 3545 3834 3598 ἑαυ-

2245 3656 2362 3696 του.

2829 3729 2872 3781 Κ
2884 3730 3084 3783 ΕΦΑΛ.
3127 3729 3214 3782 ΤΛ
3223 3727 3298 3782 E'.

2449 3826 2510 3876 Τι’
2530 3823 2818 3890 σημαίνει
2850 3823 2890 3891 ἡ
2917 3821 2988 3874 ἐν
3019 3821 3097 3885 τῷ
3135 3821 3323 3888 ὄρθρῳ
3357 3818 3617 3882 εἴσοδος.

2327 3914 2393 3968 Ἥ
2425 3913 2624 3984 ἑωθινὴ
2655 3915 2712 3966 δὲ
2745 3915 2899 3984 eum
2938 3913 3467 3984 μεγάλῃἘκκλησία
3499 3911 3703 3973 εἴσοδος
3731 3911 3827 3963 καὶ

2246 4005 2422 4060 ταῦτα
2462 4005 2743 4074 σημαίνει,
2809 4006 2904 4058 καὶ
2969 4005 3104 4059 αὐτὸ
3164 4005 3457 4084 ἐξαιρέτως
3511 4003 3573 4056 τὸ
3606 4004 3686 4066 είς
3732 4005 3827 4054 τὸν

2245 4098 2379 4170 ᾅδην
2420 4097 2702 4151 κατελθεῖν
2730 4096 2822 4149 τὸν
2853 4096 3091 4167 Χριστὸν
3120 4099 3183 4165 τῇ
3206 4096 3376 4168 ψυχῇ,
3403 4098 3496 4150 καὶ
3524 4094 3826 4164 ἀναστῆναι

2246 4190 2314 4259 τῇ
2351 4187 2538 4256 σαρκὶ,
2566 4188 2661 4240 καὶ
2707 4186 2814 4240 ὑπὸ
2838 4186 2947 4238 τῶν
2979 4186 3229 4252 ἀγγέλων
3286 4183 3626 4254 κηρυχθῆναι
3657 4178 3825 4233 αὑτοῦ

2245 4280 2346 4350 τὴν
2373 4278 2693 4331 ἀνάστασιν.
2721 4275 2812 4329 Διὸ
2838 4275 2966 4345 περὶ
2993 4274 3086 4328 τὸν
3125 4273 3324 4344 ὄρθρον
3365 4273 3459 4326 καὶ
3481 4271 3666 4324 ἐπάνω
3727 4269 3822 4323 τοῦ

2247 4371 2500 4440 ἄμϐωνας
2523 4368 2598 4434 ὡς
2633 4368 2730 4422 ἑπὶ
2749 4366 2846 4421 τοῦ
2872 4367 3045 4430 λίθου,
3095 4359 3292 4431 οἷάπερ
3331 4364 3584 4433 ἄγγελος,
3621 4361 3825 4432 μᾶλλον

2243 4465 2300 4519 δὲ
2330 4463 2406 4518 ὢν
2438 4462 2672 4533 ἄγγελος
2695 4463 2723 4516 ὸ
2754 4460 2957 4532 ἱερεὺς,
3003 4460 3074 4514 τὰ
3103 4459 3201 4530 τῆς
3228 4457 3580 4519 ἀναστάσεως
3620 4470 3826 4523 καταγ-

2244 4556 2444 4630 γέλλει.

2804 4646 3060 4701 ΚΕΦΑΛ.
3099 4647 3286 4715 TACT.

2249 4763 2372 4817 Ὅτι
2401 4764 2500 4818 καί
2550 4762 2622 4816 ἐν
2667 4761 2792 4826 τοῖς
2830 4760 3268 4828 μρναστηρίοις
3315 4761 3472 4817 κατὰ
3515 4758 3826 4828 Κυριακὴν·

2249 4882 2255 4890 .
2323 4834 2563 4899 είσοδος
2599 4832 2668 4886 ἐν
2696 4831 2776 4902 τῷ
2827 4826 3019 4899 ὄρθρῳ
3068 4826 3315 4901 γίνεται,
3353 4834 3440 4898 είς
3489 4826 3685 4886 τύπον
3715 4826 3825 4895 τῆς

2317 4903 2712 4968 ἀναστάσεως
2730 4943 2745 4958 .

2320 5015 2472 5088 Αὕτη
2497 5018 2555 5071 δὲ
2586 5019 2619 5090 ή
2650 5019 2856 5082 εἴσοδος
2885 5020 2977 5072 xal.
3003 5021 3060 5071 ἑν
3099 5021 3220 5080 ταῖς
3250 5017 3443 5086 μοναῖς
3480 5013 3690 5082 γίνεται
3719 5009 3826 5079 πρὸ

2248 5111 2358 5165 τῶν
2405 5110 2686 5182 ᾀδομένων
2715 5113 2980 5175 κανόνων,
3011 5108 3106 5161 τοῦ
3138 5109 3282 5162 θείου
3326 5106 3659 5176 Εὑαγγελίου
3693 5105 3829 5157 ἀνα-

2246 5201 2606 5270 γνωσθέντος,
2650 5199 2746 5254 τοῦ
2772 5199 3068 5268 λεγομένου
3093 5196 3343 5265 ἑωθινοῦ,
3373 5196 3448 5258 ὡς
3478 5197 3544 5250 τά
3572 5194 3701 5264 περὶ
3734 5192 3825 5244 τὸν

2246 5293 2443 5363 ὄρθρον
2469 5292 2564 5346 καὶ
2587 5291 2688 5363 τῆς
2721 5291 2798 5347 ιω
2847 5292 3035 5361 ἐγγὺς.
3082 5292 3204 5360 ήτοι
3252 5289 3350 5358 τῆς
3397 5288 3612 5358 ἡμέρας
3670 5288 3727 5338 ὲν
3757 5287 3824 5354 τῇ

2249 5383 2543 5438 ἀναστάσει
2573 5383 2667 5437 τοῦ
2699 5384 2908 5456 Κυρίου
2939 5381 3255 5454 πραχθέντα
3276 5368 3640 5441 διδάσκοντος,
3673 5375 3824 5445 ἑξέρ-

2247 5493 2404 5547 χεται
2437 5477 2464 5528 ὁ
2491 5476 2670 5545 ἱερεὺς
2715 5476 2908 5544 ὥσπερ
2941 5474 3050 5528 άπὸ
3077 5473 3174 5526 τοῦ
3230 5472 3534 5541 μνήματος,
3560 5468 3656 5521 τοῦ
3700 5483 3828 5536 φρι-

2249 5567 2380 5621 κτοῦ
2429 5565 2844 5638 θυσιαστηρίου,
2891 5565 2988 5619 καὶ
3016 5564 3126 5620 ἀπὸ
3161 5563 3254 5617 τοῦ
3297 5563 3473 5632 τάφου
3519 5559 3620 5630 τῆς
3660 5558 3825 5623 ἁγίας

2247 5659 2554 5729 τραπέζης,
2611 5659 2872 5728 κατέχων,
2908 5657 2969 5710 τὸ
3054 5654 3390 5725 Εὑαγγὲλιον
3437 5655 3513 5717 ὡς
3569 5650 3826 5720 ἄγγελος,

2247 5749 2462 5812 δεικνὺς
2495 5749 2584 5800 τὸν
2614 5748 2870 5819 Χριστὸν,
2904 5746 2962 5800 ὃν
2987 5744 3050 5815 δὴ
3082 5747 3176 5799 καὶ
3201 5743 3457 5815 ἐκήρυξε.
3512 5743 3624 5796 Kal
3650 5756 3827 5810 προσ-

2251 5842 2538 5913 ερχόμενοι
2581 5843 2811 5904 πάντες,
2843 5837 3210 5910 προσκυνοῦσί
3249 5853 3308 5890 τε
3359 5834 3435 5898 ὡς
3481 5835 3531 5885 οἱ
3583 5831 3830 5902 μαθηταὶ

2249 5937 2343 5991 καὶ
2372 5936 2428 5990 αἱ
2464 5933 2761 6006 μυροφόροι
2797 5933 3058 6002 γυναῖκες
3080 5946 3094 5961 ·
3152 5929 3244 5983 καὶ
3273 5925 3431 5982 τοῦτο
3460 5924 3828 5992 ἀσπάζονται,
