4026 6274
201 213 308 276 C09

1363 224 1461 286 DE
1502 225 1737 290 SACRA
1782 231 2294 298 PRECATIONE.

3343 240 3452 308 610

201 322 597 378 καὶὰκόλουηον
615 324 833 397 ᾄδουσιν
852 326 1014 398 ᾠδὴν,
1038 329 1122 396 τὸ,
1147 347 1167 383 ι
1189 331 1520 388 Ἀνάστασιν
1549 335 1787 406 Χριστοῦ

1914 346 2420 402 iResuri-ectioncm
2449 347 2650 402 Christi
2682 349 2920 404 intuiti.»
2992 347 3117 408 “ac
3141 351 3306 424 igitur
3321 353 3459 410 fiunt

201 417 552 488 θεασάμενοι.
587 436 609 472 ι
650 419 836 474 Ταῦτα
877 421 976 491 μὸν
1001 417 1095 475 οὖν
1126 424 1184 476 ἑν
1220 425 1297 493 τῷ
1330 425 1513 497 ὄρθρῳ
1545 428 1777 494 γίνεται,

202 514 251 566 εί
286 513 382 564 καὶ
416 505 518 562 ὦδε
546 510 688 564 κατά
724 511 916 580 χρείαν
945 512 1199 580 λέγοντες
1234 518 1363 586 περὶ
1397 518 1497 587 τῆς
1545 518 1778 580 είσόδου,

201 603 296 654 καὶ
329 601 440 652 τῶν
478 600 790 670 εἰρημένων
817 602 1198 674 ἐμνήσθημεν.
1248 603 1337 658 Ἐν
1371 603 1448 673 τῷ
1506 606 1782 677 ἑσπερινῷ

202 692 257 745 δὲ
285 693 384 763 τῆς
408 692 617 746 εἰσόδου
649 693 1019 763 τελεσθείσης,
1057 696 1344 766 καὶῦμνου
1383 696 1531 766 ἱεροῦ
1565 697 1786 767 λεχθέν-

203 804 318 851 τος,
359 788 591 856 ἀρχαίου
616 803 672 838 τε
711 786 805 840 καὶ
831 787 1096 858 ἀρμοδίου
1133 789 1270 858 πρὸς
1321 789 1420 858 τὴν
1454 790 1696 859 ἑσπέραν
1727 791 1786 841 ἑν

204 876 282 945 τῷ
321 877 634 939 είσοδεύειν,
668 876 728 928 ὃν
755 876 975 946 λέγουσί
1004 895 1150 941 τινες
1183 880 1336 949 παρὰ
1367 880 1459 932 τοῦ
1489 880 1636 933 θείου
1705 881 1784 933 ίε-

211 971 553 1039 ρομάρτυρος
621 951 1008 1040 Ἀθηνογένους
1057 971 1402 1042 συντεθῆναι,
1463 974 1643 1034 καλῶς
1691 973 1788 1026 καὶ

206 1059 304 1128 τὴν
336 1057 542 1128 Τριάδα
567 1060 663 1112 καὶ
677 1061 773 1130 τὴν
803 1061 1078 1131 σάρκωσιν
1101 1061 1194 1116 τοῦ
1222 1064 1398 1130 Λόγου
1421 1065 1786 1136 κηρύττοντα.

211 1149 328 1214 τοῦ,
360 1167 379 1202 ι
405 1150 520 1213 Φῶς
556 1149 764 1218 ἱλαρὸν,
798 1151 992 1219 Σοφία,
1037 1173 1054 1202 ι
1079 1155 1246 1223 φησὶν
1274 1155 1302 1206 ὁ
1325 1155 1591 1219 διάκονος.
1629 1157 1736 1209 Καὶ
1762 1157 1790 1208 ὁ

213 1243 500 1310 ἀρχιερεὺς
526 1241 860 1312 καθήμενος,
891 1244 1076 1297 δίδωσι
1116 1248 1218 1314 τὴν
1275 1248 1502 1318 εἰρήνην
1526 1265 1541 1281 ο
1581 1250 1663 1301 ὅτι
1694 1249 1789 1301 καὶ

214 1332 388 1398 αὐτὴν
413 1333 644 1402 Χριστὸς
677 1336 810 1402 ἡμῖν
830 1338 924 1387 καὶ
957 1337 1064 1405 πρὸ
1092 1337 1187 1390 τοῦ
1225 1337 1434 1402 πάθους
1459 1339 1664 1408 ἀφῆκε,
1697 1340 1794 1392 καὶ

212 1422 470 1485 ἀναστὰς.
519 1422 743 1489 δέδωκε,
801 1427 895 1477 καὶ
946 1427 1050 1488 είς-
1075 1427 1202 1490 τοὺς
1246 1427 1511 1498 οὐρανοὺς
1563 1427 1790 1493 ἀναϐὰς,

216 1511 449 1580 παρέχει
476 1512 762 1583 διηνεκῶς.

775 1627 820 1678 Κ
833 1627 1028 1680 ΕΦΔΛ.
1053 1629 1220 1683 ΤΛΖ’.

216 1715 357 1784 Περὶ
385 1715 502 1769 τῶν
525 1719 656 1771 καθ’
680 1717 1373 1797 ἠμέρανῄπροκειμένων,
1389 1729 1446 1781 τί
1466 1728 1652 1784 ταῦτα
1682 1743 1795 1797 ση-
1828 1692 1866 1746 Β

823 1791 1174 1856 βαίνουσιν.
1358 1791 1363 1792 ί
1566 1866 1569 1867 ν

291 1877 401 1931 Καὶ
463 1877 624 1940 εὐθὺς
699 1878 970 1948 λαμπρῶς
1035 1881 1097 1934 τὸ
1146 1886 1507 1956 προκείμενον
1583 1889 1793 1961 ᾄδεται.

220 1963 392 2016 Τοῦτο
429 1964 486 2017 δέ
520 1968 728 2036 ἑστινὴ
781 1970 910 2036 περὶ
958 1970 1062 2038 τῆς
1119 1972 1317 2042 ἑορτῆς
1372 1979 1678 2047 προφητεία
1730 1981 1798 2034 τὰ

222 2059 354 2128 περὶ
385 2057 482 2125 τῆς
504 2058 716 2126 ἡμέρας
752 2059 1070 2114 ἐκδιδάσκον
1120 2063 1413 2132 ψαλμικόν.
1459 2069 1672 2140 Καὶ,τῷ
1696 2073 1799 2140 μὲν

219 2149 484 2220 Σαϐϐάτῳ
514 2150 754 2222 ἑσπέρας
783 2152 851 2204 τὰ
880 2155 1004 2224 περὶ
1042 2155 1144 2224 τῆς
1181 2158 1538 2223 ἀναστάσεως
1586 2179 1798 2231 μαρτυ-

222 2242 308 2310 ps!
325 2256 339 2273 ⁸
364 2242 443 2293 διὸ
465 2245 583 2295 τότε
607 2243 703 2312 μὲν
720 2243 1005 2312 ψάλλεται,
1047 2265 1065 2298 ι
1087 2247 1148 2299 ’0
1170 2249 1370 2319 Κύριος
1391 2252 1710 2309 ἐϐασίλευσε
1735 2274 1746 2286 ·
1775 2276 1793 2306 ι

223 2333 476 2399 νενίκηκε
505 2333 612 2402 γὰρ
643 2335 736 2387 καὶ
782 2335 1101 2390 ἑὸασίλευσε
1158 2343 1300 2394 κατά
1339 2342 1434 2395 τοῦ
1501 2343 1732 2398 θανάτου
1773 2349 1800 2400 ὁ

223 2425 487 2490 ἀναστὰς,
524 2425 619 2478 καὶ
653 2427 989 2495 εὐπρέπειαν
1042 2429 1144 2492 τὴν
1177 2432 1490 2501 ἀφθαρσίαν
1547 2437 1648 2502 τῆς
1697 2438 1802 2504 φύ-

227 2531 362 2577 σεως
397 2516 552 2586 ήμῶν
595 2517 908 2581 ἐνεδύσατο,
947 2519 1042 2572 καὶ
1069 2521 1168 2589 τὴν
1200 2523 1524 2594 οἶκουμένην
1564 2529 1804 2592 ἀναστὰς

226 2606 554 2674 ἐστερέωσε,
587 2607 958 2662 πιστεύσασαν
1010 2611 1092 2672 είς
1126 2611 1291 2664 αὐτόν
1315 2628 1330 2643 ο
1371 2613 1608 2684 ἑσπέρας
1653 2618 1710 2671 δὲ
1736 2622 1803 2690 τῇ

224 2696 505 2763 Κυρεακῇ,
535 2715 554 2746 ‹
606 2696 735 2749 Ἰδοὺ
757 2696 821 2766 δὴ
849 2698 1121 2765 εὐλογεῖτε
1160 2701 1252 2754 τὸν
1283 2703 1488 2771 Κύριον
1514 2720 1530 2737 ο
1567 2724 1586 2758 ι
1631 2707 1719 2761 διά
1749 2725 1806 2762 τε

225 2784 354 2846 τοὺς
383 2784 736 2854 εὐλογοῦντας
768 2788 930 2842 αὐτὸν
958 2791 1257 2856 ἀπαύστως
1283 2796 1566 2862 ἀγγέλους,
1592 2801 1684 2851 καὶ
1708 2800 1806 2864 τὰς

229 2873 412 2943 ψυχὰς
441 2877 548 2930 τῶν
577 2878 780 2932 δούλων
814 2881 978 2936 αὐτοῦ
1003 2900 1018 2914 ·
1057 2887 1126 2953 τῇ
1167 2884 1226 2938 δὲ
1260 2886 1493 2959 δευτέρᾳ
1542 2890 1804 2959 ἑσπέρας,

232 2966 325 3018 διὰ
384 2970 513 3031 τοὺς
553 2969 794 3038 βοῶντας
851 2976 1099 3042 πιστοὺς,
1157 2978 1214 3029 ἑν
1256 2980 1534 3052 μετανοίᾳ,
1593 2983 1808 3036 καὶτὸν

237 3061 413 3130 αὐτῆς
452 3062 668 3134 κήρυκα
725 3065 1060 3134 Πρόδρομον,
1110 3087 1129 3119 ι
1185 3068 1391 3139 Κύριος
1429 3073 1811 3127 είσακούσεταί

233 3166 363 3217 μου,
380 3168 422 3222 ο»
448 3153 634 3218 φησὶν,
667 3154 753 3204 (ἑν
776 3153 852 3222 τῷ
873 3158 1209 3226 κεκραγέναι
1233 3175 1299 3225 με
1320 3161 1454 3231 πρὸς
1471 3155 1648 3215 αὐτόν·
1668 3182 1686 3214 ι
1728 3165 1809 3234 Τῇ

231 3241 396 3312 τρίτῃ
422 3243 477 3297 δὲ
505 3243 767 3315 ἑσπέρας,
790 3245 878 3301 διὰ
917 3248 1012 3316 τὴν
1049 3249 1158 3301 ἀπὸ
1184 3249 1283 3303 τοῦ
1308 3254 1578 3323 σωτηρίου
1608 3255 1814 3319 πάθους

235 3331 521 3402 βοήθειαν,
552 3336 648 3389 καὶ
693 3339 754 3390 τὸ
811 3337 870 3390 ἑν
918 3339 1051 3408 ἡμῖν
1097 3338 1244 3404 ἔλεος
1294 3342 1384 3395 διὰ
1409 3345 1504 3398 τοῦ
1553 3348 1814 3417 σταυροῦ,

237 3445 257 3478 ι
289 3426 367 3480 Τὸ
402 3427 552 3490 ἔλεός
581 3445 698 3492 σου,
728 3427 924 3498 Κύριε,
957 3429 1292 3497 καταδιώξαι
1317 3450 1408 3504 με,
1436 3435 1606 3504 λέγει,
1634 3439 1818 3503 πάσας

230 3520 332 3583 τὰς
354 3521 572 3589 ἡμέρας
600 3521 700 3592 τῆς
726 3521 871 3590 ζωῆς
917 3538 1060 3592 μου·
1095 3540 1115 3576 ι
1164 3527 1232 3594 τῇ
1290 3527 1388 3595 τῆς
1443 3529 1698 3599 τετράδος
1758 3531 1817 3584 δὲ

229 3611 456 3680 ἑσπέρᾳ
479 3613 548 3664 τὰ
580 3611 689 3664 τῶν
731 3613 1091 3676 Ἀποστόλων,
1131 3632 1150 3666 ι
1211 3618 1252 3668 0
1278 3616 1436 3682 Θεὸς,
1457 3618 1731 3687 λέγοντες,
1760 3621 1817 3672 ἑν

229 3704 312 3775 τῷ
337 3704 578 3773 ὀνόματί
605 3721 700 3758 σου
733 3705 910 3759 σῶσόν
965 3723 1054 3776 με.
1091 3726 1110 3758 ι
1149 3706 1261 3761 Καὶ
1298 3709 1408 3779 γὰρ
1439 3708 1506 3762 δι’
1552 3711 1731 3762 αὐτῶν
1761 3713 1818 3763 ἑν

229 3798 468 3867 ὀνόματι
514 3798 720 3866 Κυρίου
751 3799 1094 3868 σεσώσμεθα,
1127 3801 1610 3868 καταγγειλάντων
1654 3802 1816 3873 237

234 3892 332 3943 καὶ
359 3887 626 3958 κηρύκων
661 3889 824 3942 θείων
851 3891 1303 3959 ἀποδειχθέντων,
1340 3891 1440 3959 τοῦ,
1469 3893 1606 3946 Θεοῦ
1631 3911 1819 3966 συνερο

240 3981 476 4047 γοῦντος
501 3979 792 4032 σωσάντων
832 3982 998 4049 ἡμᾶς,
1030 3981 1248 4034 καὶτὸν
1273 3981 1430 4049 λόγον
1451 3981 1817 4052 βεϐαιοῦντος,

235 4074 316 4134 ὡς
348 4075 690 4142 γέγραπται.
731 4074 891 4128 Κατὰ
914 4074 970 4126 δὲ
998 4075 1098 4143 τὴν
1128 4074 1390 4143 πέμπτην
1423 4075 1685 4144 ἑσπέρας,
1720 4075 1820 4145 τὴν

244 4165 498 4232 μεγάλην
559 4163 1018 4234 προανυμνοῦμεν
1086 4164 1340 4235 βοήθειαν
1394 4165 1490 4219 τοῦ
1558 4167 1815 4238 σταυροῦ.

244 4255 422 4316 Αὐτὸς
476 4255 586 4324 γὰρ
639 4256 773 4325 ἡμῖν
835 4254 1101 4325 ἑὸοήθησε
1159 4257 1325 4326 σαρκὶ
1371 4259 1736 4328 σταυρωθεὶς,
1789 4264 1818 4314 6

1889 438 1942 491 in
1978 438 2158 493 oﬂicio
2192 441 2486 496 matutino.
2519 442 2585 496 At
2617 442 2796 508 dictis,
2818 452 2980 512 prout
3005 460 3144 514 opus
3170 454 3308 510 erat,
3339 463 3460 514 qua:

1885 528 1952 582 ad
2040 531 2348 598 ingressum
2402 543 2671 602 spectant.
2731 537 2796 587 ad
2853 537 3131 606 proposita
3191 552 3460 591 memores

1886 621 2198 675 redeamus.
2263 620 2426 675 Facto
2482 625 2698 692 quidem
2748 627 2997 694 ingressu
3062 628 3114 680 in
3152 629 3461 696 vespertino

1887 707 2088 772 oliieio,
2122 711 2375 778 dictoque
2402 719 2604 782 hymno
2632 730 2788 768 sacro
2824 725 3006 771 vetere
3025 727 3079 772 et
3101 717 3168 772 ad
3206 733 3462 786 vesperas

1888 799 2018 854 dum
2051 801 2294 854 intratur
2328 805 2762 872 accommodato,
2798 822 2956 874 quem
2998 809 3242 861 nonnulli
3298 819 3461 863 aulu-

1894 903 2048 946 maot
2086 909 2114 946 a
2168 893 2295 948 divo
2335 907 2631 963 sanctoque
2666 907 2902 968 martyre
2929 899 3281 968 Athenogene
3313 914 3465 952 com-

1892 983 2126 1051 positum
2167 983 2359 1047 fuisse,
2408 999 2516 1052 quo
2565 985 2804 1040 Trinitas
2848 998 2900 1040 et
2962 989 3261 1041 incarnatio
3297 987 3463 1040 Verni

1892 1076 2103 1145 egregie
2129 1076 2510 1142 przedicantnr,
2541 1077 2825 1130 videlicet:
2858 1099 2876 1129 ι
2909 1077 3022 1133 Lux
3057 1080 3228 1143 lana,»
3269 1080 3457 1132 diaco-

1894 1166 2156 1224 nusdicit.
2191 1168 2554 1235 «Sapientia,»
2583 1176 2636 1220 et
2657 1169 2894 1234 pontifex
2923 1171 3115 1224 sedens
3141 1172 3230 1226 dat
3251 1188 3462 1238 pacem,

1891 1258 2151 1320 quoniam
2184 1258 2436 1314 Christus
2465 1274 2583 1314 eam
2622 1269 2747 1313 ante
2791 1261 3100 1328 passionem
3141 1263 3378 1330 reliquit,
3403 1271 3460 1315 et

1897 1347 2172 1401 redivivus
2204 1345 2372 1410 dedit,
2402 1361 2467 1401 ac
2514 1348 2566 1401 in
2606 1349 2805 1402 cualnm
2853 1359 3170 1418 assumptus
3203 1351 3467 1404 continuo

1895 1438 2155 1506 impertit.

2345 1637 2573 1694 CAPUT
2632 1638 3032 1694 CCCXXXVII.

1899 1732 1976 1786 De
2031 1732 2239 1800 praviis
2284 1747 2400 1799 quae
2429 1732 2686 1869 σαρξὶ(ίὶῧῖ
2704 1742 3090 1796 proponuntur,
3125 1745 3173 1787 et
3203 1733 3332 1800 quid
3363 1736 3472 1788 Ita'c

2510 1819 2642 1869 signa
2689 1812 2828 1857 rant.

2510 1812 2828 1870 signi/iram.

1977 1894 2040 1947 Et
2072 1898 2320 1962 protinus
2366 1897 2509 1950 clara
2558 1912 2688 1949 voce
2741 1905 3032 1951 cantantur
3059 1899 3280 1966 praevia.
3347 1896 3470 1950 Herc

1899 1995 2078 2036 autem
2112 1985 2242 2037 nihil
2275 1984 2418 2038 aliud
2448 1995 2574 2037 sunt
2615 2002 2776 2054 quam
2812 1986 3056 2054 quzedam
3086 1988 3150 2041 de
3185 1987 3317 2040 festo
3348 2002 3472 2055 pro-

1900 2076 2100 2143 phetia,
2160 2075 2398 2144 psalmus
2457 2091 2540 2131 res
2594 2077 3019 2154 dieiedoceus.
3085 2077 3348 2144 Equidem
3411 2078 3466 2131 in

1907 2168 2151 2237 vesper-is
2189 2168 2410 2221 Sahbati
2440 2169 2693 2238 mysteria
2731 2170 3149 2224 resurrectionis
3178 2178 3471 2234 testantur,

1903 2259 2134 2327 ideoque
2195 2269 2323 2313 tunc
2380 2261 2628 2328 psallitur
2677 2278 2690 2312 :
2756 2258 3063 2315 «Dominus
3120 2260 3405 2328 regnavit;
3450 2275 3470 2309 ι

1905 2350 2035 2404 vicit
2082 2349 2225 2401 enirn
2263 2361 2316 2401 et
2368 2351 2418 2402 iu
2458 2358 2688 2403 mortem
2727 2353 2973 2419 regnavit
3030 2351 3379 2418 resurgendo.
3422 2357 3478 2403 et

1904 2441 2179 2502 decorem,
2208 2454 2402 2507 nempe
2434 2441 2998 2506 incorruptibilitatem
3025 2451 3230 2494 naturae
3267 2449 3468 2492 nostra:

1907 2529 2100 2594 induit,
2156 2541 2462 2597 terramque
2519 2532 2854 2600 resurgendo
2908 2530 3160 2584 formavit
3190 2531 3239 2583 in
3294 2531 3470 2597 ipsum

1916 2619 2257 2673 credentem.
2319 2620 2518 2674 Verum
2547 2621 2600 2674 in
2643 2624 2890 2690 vesperis
2929 2621 3254 2674 Dominicm:
3291 2637 3310 2671 ι
3335 2618 3477 2674 Ecce

1910 2726 2054 2764 nunc
2108 2710 2413 2766 hencdicite
2449 2712 2769 2776 Dominum,
2801 2731 2820 2765 ι
2873 2725 3096 2782 propter
3146 2712 3371 2781 angelos
3420 2718 3476 2763 ct

1910 2799 2124 2853 animos
2152 2814 2435 2853 servorum
2482 2799 2602 2868 eius
2634 2816 2759 2854 eum
2796 2802 2914 2854 sine
2941 2800 3047 2854 line
3078 2799 3478 2853 benedicentes.

1909 2891 1978 2945 At
2035 2890 2275 2960 vesperis
2343 2890 2593 2946 secundae
2655 2890 2806 2946 ferite
2894 2903 3116 2962 pr-Opter
3178 2889 3361 2944 ﬁdeles
3424 2889 3479 2942 in

1837 3012 1882 3072 ο
1913 2981 2226 3050 ιιωηίιρηιίε
2263 2981 2564 3037 clamantes
2599 2982 2868 3051 huiusque
2910 2997 3212 3051 praeconem
3245 2995 3486 3050 praeur-

1916 3085 2098 3125 sorem
2126 3090 2138 3126 :
2195 3090 2214 3122 ι
2253 3072 2516 3128 Dominus
2547 3073 2800 3127 exaudiet
2829 3090 2934 3137 me,
2967 3074 3168 3142 inquit,
3205 3088 3330 3127 cum
3373 3072 3485 3125 cla-

1918 3174 2136 3214 mavero
2169 3161 2235 3214 ad
2269 3175 2415 3214 eum.
2451 3183 2469 3213 ι
2525 3162 2700 3216 Perire
2742 3165 2917 3218 tertiae
2965 3165 3227 3234 vesperis,
3261 3173 3486 3231 propter

1917 3251 2177 3305 auxilium
2207 3266 2236 3306 a
2273 3252 2498 3307 salutari
2549 3255 2806 3322 passione
2855 3264 3022 3322 atque
3053 3254 3484 3308 misericordiam

1919 3339 2077 3395 nobis
2110 3353 2206 3408 per
2242 3355 2462 3394 crucem
2502 3352 2842 3412 comparata,
2873 3343 3004 3396 illud
3034 3343 3232 3397 dicitur
3260 3358 3276 3396 ι
3335 3361 3353 3393 ‹
3385 3341 3486 3393 Mi-

1919 3430 2212 3484 sericordia
2245 3437 2358 3492 tua.
2394 3429 2641 3491 Domine.
2701 3431 3070 3501 subsequetur
3111 3444 3200 3484 me
3229 3429 3487 3484 otnnibus

1918 3521 2111 3576 diebus
2160 3522 2284 3575 vita:
2318 3537 2468 3576 mete.
2505 3541 2522 3572 ι
2585 3521 2692 3577 Sed
2747 3535 2955 3592 quartae
2982 3524 3130 3577 feria:
3211 3523 3485 3590 vesperis.

1910 3609 2262 3666 celebrantur
2313 3613 2557 3679 Apostoli
2609 3613 2887 3668 dicendo:
2925 3634 2942 3666 ι
2974 3613 3140 3677 Deus,
3176 3615 3229 3667 in
3266 3613 3489 3667 nomine

1923 3714 2016 3757 tuo
2067 3704 2278 3758 salvqu
2336 3719 2421 3758 me
2452 3703 2555 3770 fac,
2594 3722 2612 3756 ι
2677 3719 2804 3758 nam
2863 3721 2960 3774 per
3010 3720 3106 3759 eos
3158 3706 3212 3758 iu
3268 3705 3490 3759 nomine

1924 3795 2134 3848 Domini
2177 3794 2310 3849 salvi
2343 3810 2532 3847 sumus
2567 3794 2715 3858 facti,
2739 3795 2831 3863 qui
2859 3796 3242 3848 nuntiaverunt
3269 3803 3322 3846 et
3357 3807 3492 3860 pne-

1930 3884 2255 3938 dicaverunt
2287 3883 2381 3938 Dei
2408 3885 2704 3949 doctrinas,
2732 3884 2965 3938 Domino
3002 3884 3339 3939 salvantihus
3389 3896 3490 3936 nos

1921 3988 2254 4048 cooperante
2289 3989 2344 4033 et
2374 3993 2684 4035 sermonem
2722 3993 2911 4032 eorum
2948 3977 3492 4038 conﬁrmante,sicut

1921 4071 2190 4139 scriptum
2221 4079 2326 4127 est.
2365 4071 2580 4136 Quintae
2607 4086 2738 4125 vero
2763 4071 2912 4125 feria:
2942 4070 3206 4138 vesperis,
3235 4083 3489 4136 magnum

1923 4161 2105 4216 erucis
2155 4160 2485 4229 adiutorium
2544 4160 2800 4216 laudibus
2843 4175 3146 4226 ornamus;
3196 4158 3312 4228 ipse
3343 4159 3487 4212 enim

1926 4266 2026 4306 nos
2053 4251 2262 4321 adjuvit
2315 4267 2478 4307 carne
2523 4253 2826 4307 cruciﬁxus
2879 4254 2972 4322 qui
3020 4253 3148 4308 fecit
3210 4253 3408 4306 ctelum
3439 4261 3496 4305 et

245 4345 492 4414 ποιήσας
520 4343 612 4395 τὸν
645 4343 876 4412 οὐρανὸν
909 4344 1004 4396 καὶ
1029 4344 1127 4408 τὴν
1175 4346 1301 4413 γῆν.
1341 4346 1612 4414 Ἐσπέρας
1641 4347 1699 4401 δὲ
1748 4351 1811 4418 τῇ

1923 4351 2140 4398 terram.
2179 4344 2425 4413 Vesperis
2452 4357 2632 4400 autem
2667 4346 3033 4401 Parasceves:
3080 4345 3277 4410 «Deus,
3308 4358 3498 4398 susce-

245 4437 611 4507 Παρασκευῇ,
640 4455 659 4488 ι
708 4435 766 4490 '0
800 4435 953 4500 Θεὸς,
989 4437 1336 4506 ἀντιλήπτωρ
1368 4456 1469 4510 μου
1508 4435 1582 4503 εἴ,
1624 4459 1643 4493 ι
1693 4443 1824 4511 βοῶ-

249 4547 372 4597 μεν,
408 4529 497 4582 διὰ
526 4530 625 4600 τὴν
655 4529 866 4597 πληθὺν
889 4530 999 4583 τῶν
1027 4531 1222 4598 ἁγίων,
1274 4534 1340 4601 τῇ
1385 4533 1666 4602 ἀντιλήψει
1731 4533 1823 4587 τοῦ

245 4620 504 4691 θανόντος
539 4621 680 4688 ὑπὲρ
733 4621 893 4690 ἡμῶν
948 4620 1301 4692 συνηγμένην
1331 4623 1425 4675 καὶ
1481 4622 1825 4695 ἑγερθέντος,

248 4710 345 4762 καὶ
375 4709 476 4772 τὰς
504 4709 682 4780 ψυχὰς
715 4711 826 4764 τῶν
857 4711 1312 4780 προαπελθόντων
1345 4713 1553 4767 πιστῶν
1565 4732 1586 4759 .°
1621 4716 1702 4768 ὅτι
1733 4718 1828 4769 καὶ⁵

251 4804 366 4865 τοῖς
401 4803 580 4870 ἀγίοις
605 4806 635 4857 ὁ
664 4803 796 4866 Θεὸς
834 4803 1119 4873 ἀντίληψις
1158 4805 1372 4872 γέγονε,
1403 4807 1497 4859 καὶ
1527 4807 1641 4870 τοῖς
1664 4808 1831 4861 ἀπελ-

258 4895 412 4948 θοῦσι
443 4896 498 4948 δὲ
521 4895 683 4956 αὐτός
704 4896 852 4949 ἑστιν
878 4895 1050 4959 ἑλεος,
1069 4895 1401 4966 προφθάνων
1429 4899 1508 4962 είς
1533 4899 1828 4969 σωτηρίαν.

271 4987 363 5039 Ἐν
385 4987 446 5040 δὲ
469 4989 590 5050 ταῖς
617 4985 855 5057 ἡμέραις
882 4987 990 5040 τῶν
1026 4987 1294 5058 νηστειῶν
1353 4989 1675 5058 ’Δλληλούῖα
1713 4991 1832 5042 ἀντὶ

255 5079 628 5148 προκειμένου
665 5079 986 5150 πρόκειται·
1022 5079 1052 5131 ὃ
1082 5079 1146 5148 δὴ
1177 5080 1383 5134 αίνεσιν
1413 5082 1672 5152 σημαίνει
1698 5083 1833 5136 Θεοῦ

255 5171 354 5224 καὶ
381 5173 680 5242 ἐπιδημίαν
713 5172 872 5226 Θεοῦο
905 5172 1102 5235 καὶτὸ,
1140 5191 1158 5224 ι
1202 5173 1262 5224 '0
1285 5172 1491 5240 Κύριος
1524 5172 1746 5244 ἔρχεται
1766 5190 1780 5204 ο
1809 5191 1828 5225 ι

258 5260 535 5330 κηρύττον
575 5261 674 5332 μὲν
703 5265 804 5332 τήν
829 5279 891 5314 τε
919 5261 1151 5332 πρώτην
1184 5263 1277 5316 καὶ
1305 5263 1406 5332 τὴν
1436 5263 1698 5333 δευτέραν
1740 5267 1838 5318 αὖ·

243 5352 356 5404 -τοῦ
387 5354 718 5421 παρουσίαν,
748 5357 1130 5424 προσημαίνον
1149 5353 1322 5406 δὲκαὶ
1349 5355 1418 5407 τὰ
1448 5357 1578 5425 περὶ
1604 5356 1698 5408 τοῦ
1734 5358 1839 5410 πά-

259 5442 391 5506 θους
422 5443 589 5497 αὑτοῦ
611 5445 709 5498 καὶ
739 5444 842 5514 τῆς
867 5443 1159 5513 ἑγέρσεως.
1193 5438 1317 5498 Οἷον
1354 5445 1430 5508 ὡς
1473 5445 1694 5516 ἔρχεται
1733 5463 1841 5499 πα-

263 5534 381 5589 θεῖν
413 5535 509 5588 καὶ
536 5535 832 5606 ἀναστῆναι
860 5535 998 5606 ὑπὲρ
1033 5535 1192 5606 ἡμῶν
1217 5536 1246 5586 ὁ
1298 5535 1534 5606 Κύριοςτ
1566 5537 1659 5589 καὶ
1679 5535 1838 5606 ἔρχε-

265 5643 359 5680 ται
386 5627 552 5680 πάλιν
587 5625 676 5680 ἑπ²
717 5627 960 5698 ἐσχάτων
1013 5628 1109 5681 τοῦ
1144 5627 1326 5697 κρῖναι
1365 5626 1549 5680 πᾶσαν
1584 5626 1688 5697 τὴν
1712 5625 1838 5696 γῆν,

1933 4445 2054 4504 ptor
2097 4450 2248 4491 meus
2286 4451 2367 4502 es,
2397 4454 2416 4488 ›
2468 4437 2766 4493 clamamus
2824 4449 3045 4507 propter
3095 4437 3494 4490 multitudinem

1933 4535 2252 4581 sanctorum
2301 4528 2648 4596 susceptione
2677 4528 2825 4583 illius
2884 4543 2979 4597 pro
3012 4526 3168 4580 nobis
3207 4525 3407 4579 mortui
3441 4532 3498 4578 et

1934 4615 2166 4671 redivivi
2206 4627 2594 4687 congregatam
2626 4626 2680 4672 et
2709 4619 2920 4674 animas
2939 4619 3178 4672 ﬁdelium
3209 4615 3498 4671 defuncto-

1935 4722 2082 4769 rum,
2120 4709 2378 4774 quoniam
2404 4709 2606 4763 sanctis
2626 4708 2770 4765 Deus
2799 4719 3082 4779 susceptor
3107 4709 3281 4764 factus
3308 4719 3409 4771 est,
3447 4719 3499 4765 et

1938 4799 2322 4854 misericordia
2355 4800 2476 4868 eius
2507 4801 2596 4868 qui
2627 4799 2778 4870 prius
2805 4800 2859 4854 in
2887 4800 3391 4855 salutem'mortuus
3417 4809 3501 4855 est

1937 4893 2222 4946 defunctis
2272 4892 2604 4961 impertitur.
2658 4891 2766 4947 Sed
2827 4892 2882 4947 in
2933 4893 3128 4948 diebus
3161 4893 3498 4964 ieiuniorum

1940 4985 2064 5041 loco
2119 4985 2445 5054 praeviorum
2499 4993 2752 5038 cantatur
2808 4984 3154 5049 «Alleluia,»
3207 4985 3349 5054 quod
3405 4984 3504 5038 Dei

1940 5074 2159 5129 laudem
2194 5073 2468 5144 signiﬁcat
2500 5075 2705 5144 Deique
2731 5064 3048 5140 adventum,
3080 5084 3135 5130 et
3173 5076 3312 5130 idem
3347 5085 3504 5128 sonat

1940 5180 2004 5220 ac
2035 5183 2053 5217 ι
2085 5163 2354 5220 Dominus
2383 5164 2554 5230 venit,
2576 5183 2594 5215 ι
2661 5175 2774 5218 tum
2809 5166 3047 5234 priorem
3079 5173 3194 5218 tum
3233 5163 3501 5232 posterio-

1944 5273 2058 5313 rem
2093 5258 2212 5326 eius
2257 5257 2546 5312 adventum
2610 5258 2936 5326 praedicans,
2976 5273 3189 5313 necnon
3237 5257 3511 5324 passionis

1945 5358 2001 5404 et
2058 5347 2478 5403 resurrectionis
2548 5347 2670 5417 eius
2735 5349 2993 5416 mysteria
3049 5347 3510 5416 prtesigniticans;

1946 5442 2106 5510 quasi
2144 5442 2462 5495 diceretur:
2514 5437 2671 5494 Venit
2705 5453 2974 5508 passurus
3021 5448 3074 5493 et
3105 5449 3512 5494 resurrecturus

1948 5552 2049 5608 pro
2075 5535 2236 5590 nobis
2275 5532 2561 5600 Dominus,
2593 5540 2648 5587 et
2683 5532 2864 5587 veniet
2889 5532 3051 5586 etiam
3082 5532 3134 5586 in
3167 5546 3516 5587 consumma-

1953 5627 2102 5682 tione
2132 5625 2314 5681 Steculi
2367 5634 2568 5680 terram
2605 5621 2948 5692 iudicaturus
2997 5623 3325 5686 universam,
3358 5635 3413 5675 ut
3449 5623 3515 5677 de
