4126 6268
587 215 690 283 611

1417 167 1822 274 ’ςγιιεοκις
1859 211 2614 274 TiiESSALONICENSIS
2645 213 3002 276 ARCI—IlEP.

3733 209 3880 274 ΜΞ

589 325 748 381 nobis
779 325 995 382 solliciti
1048 339 1111 378 ac
1152 323 1216 378 dc
1246 325 1485 394 peccatis
1524 325 1728 379 nostris
1777 323 1924 378 anxii
1968 335 2020 377 et
2053 325 2187 381 Do-.

2277 327 2334 388 ii;
2366 327 2433 382 ἂν
2467 330 2596 399 περί⁵
2625 329 2801 399 ’ἡμῶν
2849 330 3062 399 ἔχοντες
3119 325 3218 397 τὴν
3275 324 3534 396 φροντίδα
3585 325 3682 379 καὶ
3734 325 3851 378 τῶν

591 419 800 471 minum
863 425 1248 486 exspectantes
1297 416 1683 478 emundemur,
1735 417 2162 483 ειιιιίι-οιιιιιειιιιο

590 526 699 564 non
729 509 957 564 concilia
986 518 1038 562 et
1066 508 1200 562 festa
1232 524 1418 576 agere,
1451 509 1546 563 sed
1581 511 1630 561 in
1667 508 1859 562 dolore
1889 509 1953 562 ad
1995 509 2160 562 Deum

587 603 848 666 clamare,
893 615 1125 668 eumque.
1150 601 1372 654 laudare
1411 617 1474 654 ac
1503 602 1758 655 invocare
1787 611 1840 654 ct
1871 605 2160 654 adventum

587 695 703 761 ejus
725 693 978 762 opperiri.
1006 694 1204 748 Przevia
1230 703 1407 748 autem
1427 677 1875 761 iti'appellantur,
1904 695 2158 758 quoidam

586 793 712 834 sunt
744 784 1007 837 ieslorum
1038 783 1358 850 dierumque
1395 787 1742 852 sequentium
1783 785 1925 835 velut
1977 797 2158 851 prom-

1023 1049 1252 1106 CAPUT
1295 1048 1714 1104 t'CCXXXViil.

621 1162 694 1216 υε
720 1165 1004 1216 continenti
1035 1182 1093 1218 su
1133 1165 1434 1247 piicnlipue.
1497 1176 1543 1218 et
1595 1165 1677 1247 de.
1707 1163 1960 1227 precibus.
1994 1164 2132 1231 quod

1037 1237 1248 1288 omnino
1278 1237 1379 1288 sint
1422 1251 1593 1288 neces:
1633 1237 1744 1287 rite.

661 1325 792 1381 Post
855 1326 968 1380 lure
1033 1335 1322 1378 contzncus
1373 1327 1429 1377 tit
1464 1327 1658 1390 oratio,
1706 1336 1750 1377 et
1805 1323 2096 1392 petitiones
2131 1339 2157 1376 a

586 1419 868 1474 sacerdote
924 1418 1288 1483 complentur.
1350 1416 1427 1468 Ad
1505 1417 1610 1468 hoc
1672 1415 1893 1483 quidem
1951 1423 2160 1483 spectat

584 1511 875 1564 continens
897 1508 1094 1568 oratio.
1121 1516 1178 1559 ut
1223 1506 1315 1558 liat
1347 1505 1721 1560 misericordia
1751 1521 1918 1576 super
1941 1523 2156 1571 orrues,

586 1611 700 1654 tum
735 1617 890 1668 reges
927 1600 1136 1657 ﬁdeles.
1175 1606 1286 1653 tum
1323 1599 1426 1654 loci
1461 1598 1800 1668 pontiﬁcem,
1833 1600 2154 1654 monasterii

2266 421 2552 488 ἁμαρτιῶν
2584 420 2742 489 ἡμῶν
2782 420 3154 489 μεριμνῶντες
3183 420 3278 472 καὶ
3307 418 3396 471 τὸν
3433 417 3639 486 Κύριον
3669 417 3854 470 ἁπεκ-

2268 513 2572 581 δεχόμενοι,
2636 513 3057 580 καθαιρὼμεθα,
3100 513 3195 564 καὶ
3247 510 3320 580 μὴ
3351 511 3669 572 σπεύδωμεν
3701 527 3851 562 παν·
3922 561 3935 570 _

2269 607 2556 674 ηγυρίζειν
2615 606 2647 674 ἢ
2686 603 2991 672 ἑορτάζειν,
3035 603 3150 656 ἀλλ’
3203 603 3260 654 ὲν
3304 603 3492 655 πένθει
3525 602 3653 672 βοᾷν
3709 602 3859 669 πρὸς

2267 698 2402 749 Θεὸν
2435 697 2530 750 καὶ
2559 697 2752 749 τοῦτον
2785 697 2955 750 αἰνεῖν
3005 697 3096 747 καὶ
3152 693 3558 754 ἐπικαλεῖσθαι,
3613 696 3707 745 καὶ
3752 691 3863 756 τὴν

2265 787 2568 855 ἐπιδημίαν
2609 788 2803 839 τούτου
2839 787 3177 853 ἐκδέχεσθαι.
3223 779 3567 855 Πρωὶείμενα
3593 784 3649 836 δὲ
3693 783 3859 847 λέγε-

2265 896 2373 938 ται,
2405 879 2479 941 ὡς
2521 879 2629 932 τῶν
2656 879 2859 948 ἑορτῶν
2888 879 2984 930 καὶ
3037 879 3145 932 τῶν
3179 875 3566 948 ἐπερχομένων
3624 876 3728 943 ήμε
3742 873 3864 943 ρῶν

2266 971 2552 1041 προοίμια.

2835 1066 3085 1119 ΚΕΦΑΛ.
3107 1066 3284 1119 TAH’.

2268 1177 2406 1244 Περὶ
2459 1178 2573 1242 τῆς
2611 1178 2902 1242 ἐκτενοῦς
2927 1178 3160 1241 ἱκεσίας
3212 1177 3308 1230 ναί
3361 1178 3492 1243 περί
3534 1178 3654 1231 τῶν
3697 1177 3866 1244 αἰτή-

2517 1265 2700 1310 σεων,
2734 1248 2824 1301 ὅτι
2869 1249 3318 1315 ἀναγκαιότατα
3352 1248 3611 1312 πάντως.

2335 1344 2490 1397 Μετὰ
2521 1341 2694 1394 ταῦτα
2726 1342 2782 1395 δὲ
2816 1344 2849 1409 ἠ
2883 1342 3105 1408 ἐκτενὴς
3140 1343 3347 1410 δέησις,
3376 1343 3470 1395 καὶ
3520 1344 3574 1395 αἱ
3609 1343 3866 1410 αἰτήσεις

2269 1441 2420 1508 παρὰ
2457 1437 2551 1491 τοῦ
2595 1438 2785 1507 ἱερέως
2823 1436 3108 1490 τελοῦνται
3139 1451 3152 1466 ·
3185 1437 3217 1505 ἡ
3282 1436 3506 1505 ἐκτενὴς
3563 1436 3664 1501 μὲν
3717 1436 3868 1507 ὑπὲρ

2264 1531 2445 1593 ἐλέους
2479 1531 2723 1594 πάντων,
2753 1529 2860 1580 τῶν
2891 1546 2952 1582 τε
2997 1528 3207 1580 πιστῶν
3272 1526 3558 1595 βασιλέων,
3615 1525 3709 1579 καὶ
3763 1523 3868 1578 τοῦ

2270 1623 2414 1673 κατὰ
2441 1622 2605 1674 τόπον
2638 1621 2926 1689 ίερόιρχου,
2959 1620 3054 1672 τοῦ
3085 1619 3226 1672 κατὰ
3255 1619 3354 1681 τὴν
3386 1618 3554 1687 μονὴν
3581 1617 3868 1687 προεστῶο

586 1693 896 1762 praesidem,
933 1693 1018 1746 vel
1074 1692 1388 1761 provisores
1423 1692 1609 1760 templi
1645 1690 2039 1760 :idstautesque
2075 1709 2164 1746 or-

2277 1728 2380 1772 τος,
2411 1710 2443 1779 ἢ
2476 1711 2586 1763 τῶν
2619 1709 2714 1764 τοῦ
2743 1709 2888 1762 θείου
2915 1708 3330 1778 προνοουμένων
3362 1708 3512 1772 ναοῦ,
3533 1709 3641 1760 τῶν
3670 1725 3867 1778 περιεο

588 1786 854 1840 thodoxos
919 1794 973 1839 et
1035 1801 1224 1839 omnes
1286 1785 1650 1853 undequaque
1713 1784 1917 1838 iidelcs.
1968 1783 2166 1838 Preces

593 1893 726 1932 vero
782 1878 920 1931 ﬁunt
978 1890 1035 1932 ut
1089 1892 1370 1945 vesperam
1410 1885 1733 1944 noctemque
1785 1886 1952 1930 totam
1992 1886 2167 1928 trans-

589 1970 800 2039 igamus
855 1971 1059 2034 absque
1118 1978 1337 2036 peccato
1402 1983 1464 2020 ac
1531 1971 1582 2020 in
1642 1984 1798 2034 pace,
1838 1977 1932 2022 aut
1997 1968 2163 2031 diem,

589 2063 810 2128 quando
847 2075 940 2114 eos
966 2062 1017 2114 in
1063 2059 1330 2114 matutino
1360 2059 1592 2114 dicimlls
1621 2057 1822 2119 cilicio,
1866 2073 2080 2110 necnon
2111 2065 2168 2109 ut

591 2153 842 2224 angelum
867 2155 1015 2222 pacis
1037 2154 1314 2207 custodem
1348 2151 1648 2206 habeamus
1680 2151 1874 2204 animae
1893 2161 1946 2203 et
1974 2165 2165 2218 corpo-

594 2245 689 2309 ris,
737 2253 791 2298 et
855 2245 1244 2313 indulgentiam
1289 2243 1776 2312 remissionemquc
1817 2252 2166 2311 peccatorum

600 2337 949 2391 inveniamus
977 2353 993 2404 ;
1058 2338 1280 2404 insuper
1317 2345 1374 2389 ut
1395 2336 1599 2405 optima
1630 2337 1984 2404 secundaque
2012 2335 2169 2388 nobis

595 2440 648 2481 et
688 2443 792 2498 pax
837 2429 1040 2482 mundo
1079 2429 1482 2498 impartiautur,
1515 2428 1790 2494 vitamque
1819 2427 2084 2494 reliquam
2115 2427 2168 2480 iu

596 2521 916 2590 paenitentia
948 2531 1003 2575 et
1034 2537 1163 2590 pace
1218 2521 1591 2582 abSiilvamus,
1627 2527 1792 2588 atque
1819 2529 1878 2572 ut
1907 2519 2174 2603 CliriStia-

597 2628 697 2668 nos
731 2613 906 2677 decet,
939 2613 992 2666 iu
1033 2613 1135 2668 iide
1193 2622 1417 2667 sanctus
1445 2613 1884 2681 tranquillusque
1936 2612 2026 2666 iiat
2051 2613 2172 2666 vitae

597 2716 804 2759 nostra:
840 2704 983 2768 linis,
1032 2713 1085 2758 ct
1140 2703 1651 2774 irrepreheusibiles
1693 2705 2039 2760 inveniamur
2073 2703 2172 2758 ad-

596 2796 846 2851 veniente
861 2797 1098 2850 Christo.
1133 2796 1361 2866 insuper
1390 2813 1498 2867 per.
1529 2796 1815 2867 Deiparam
1869 2797 1955 2852 cui
1988 2798 2172 2851 omnia

598 2895 726 2941 sunt
761 2887 1042 2957 possibilia
1063 2897 1117 2942 et
1154 2904 1247 2957 per
1271 2903 1463 2943 omnes
1501 2898 1720 2944 sanctos
1758 2897 1943 2957 utpote
1971 2889 2173 2944 labori-

2273 1801 2492 1854 στώτων
2515 1797 2834 1870 ὀρθοδόξων,
2860 1799 2954 1852 καὶ
2983 1799 3092 1852 τῶν
3142 1799 3452 1868 ἁπανταχοῦ
3511 1797 3716 1852 πιστῶν
3737 1814 3749 1828 °
3807 1799 3867 1852 αἱ

2272 1892 2518 1960 αἰτήσεις
2541 1891 2618 1954 δὲ,
2655 1889 2798 1944 ὥστε
2829 1890 2929 1958 τὴν
2966 1890 3205 1958 ἑσπέραν
3231 1890 3324 1941 καὶ
3353 1887 3454 1958 τὴν
3482 1888 3650 1942 νύκτα
3680 1890 3868 1942 πᾶσαν

2271 1986 2502 2038 διελθεῖν
2537 1984 2684 2050 ἡμᾶς
2711 1965 3115 2053 ’ἀναμάρτητον
3166 1983 3260 2035 καὶ
3311 1983 3596 2052 εἰρηνικήν
3622 1995 3637 2012 ο
3670 1983 3702 2051 ἢ
3759 1981 3867 2050 τὴν

2273 2077 2506 2146 ἡμέραν,
2572 2075 2644 2128 ὼε
2705 2075 2762 2128 ἐν
2815 2074 2896 2143 τῷ
2961 2073 3145 2146 ὄρθρῳ
3196 2073 3450 2142 λέγομεν,
3499 2074 3593 2126 καὶ
3631 2071 3866 2140 ἄγγελον

2273 2169 2517 2238 εἰρήνης,
2554 2167 2774 2236 φύλακα
2823 2166 3004 2236 ψυχῆς
3064 2166 3159 2220 καὶ
3225 2165 3477 2235 σώματος
3544 2165 3711 2234 ἔχειν,
3762 2167 3863 2219 καὶ

2275 2260 2614 2328 συγγνώμην
2652 2259 2746 2310 καὶ
2779 2260 2976 2328 ἄφεσιν
3012 2259 3195 2328 εὑρεῖν
3251 2258 3360 2311 τῶν
3419 2259 3861 2328 ἁμαρτημάτων,

2275 2353 2369 2406 καὶ
2398 2353 2466 2404 τὰ
2496 2351 2761 2405 κάλλιστα
2796 2351 2893 2404 καὶ
2933 2351 3286 2419 συμφέροντα
3314 2351 3470 2418 ἡμῖν,
3503 2349 3598 2406 καὶ
3660 2349 3757 2416 τὴν
3784 2349 3865 2400 εἰο

2277 2446 2448 2513 ρήνην
2487 2443 2564 2512 τῷ
2596 2445 2786 2511 κόσμῳ
2816 2443 3150 2512 δωρηθῆναι.
3185 2444 3279 2496 καὶ
3308 2442 3370 2494 τὸ
3434 2442 3731 2510 ὑπόλοιπον
3759 2441 3862 2506 τῆς

2275 2533 2418 2599 ζωῆς
2449 2535 2506 2585 ὲν
2550 2533 2814 2604 μετανοίᾳ
2843 2550 2901 2586 τε
2935 2533 3029 2586 καὶ
3067 2534 3363 2601 εἰρηνικῶς
3411 2533 3724 2594 ἐκτελέσαι,
3767 2535 3865 2586 καὶ

2269 2623 2350 2682 ὡς
2381 2623 2583 2690 πρέπει
2611 2623 2982 2690 Χριστιανοῖς,
3013 2623 3186 2675 πιστά
3218 2641 3276 2675 τε
3313 2626 3408 2676 καὶ
3455 2624 3586 2691 ἅγια
3633 2623 3700 2674 τὰ
3730 2623 3862 2692 τέλη

2276 2710 2434 2780 ἡμῶν
2460 2705 2600 2764 εἶναι
2626 2710 2723 2779 τῆς
2755 2709 2902 2779 ζωῆς
2931 2713 3025 2764 καὶ
3056 2713 3336 2782 εἰρηνικὰ,
3389 2713 3484 2765 καὶ
3521 2711 3864 2780 εὐαπολογή-

2275 2821 2402 2866 τους
2431 2802 2723 2872 εὑρεθῆναι.
2774 2804 3222 2872 παραγενομένου
3277 2802 3517 2873 Χριστοῦ
3549 2821 3564 2837 ο
3621 2803 3714 2856 καὶ
3763 2803 3862 2856 ἰπὶ

2277 2895 2497 2954 τούτοις
2523 2895 2608 2948 διὰ
2630 2897 2728 2964 τῆς
2757 2896 3022 2949 Θεοτόκου
3053 2895 3154 2963 τῆς
3185 2895 3360 2950 πάντα
3388 2894 3713 2964 δυναμένης,
3762 2896 3865 2949 καὶ

597 2975 700 3031 bus
724 2985 776 3029 et
800 2977 1191 3031 certaminibus
1228 2977 1448 3044 liberos,
1511 2989 1566 3034 et
1610 2978 1993 3044 nosmetipsos,
2045 2993 2170 3032 cum

2284 2990 2503 3042 πάντων
2525 2989 2632 3042 τῶν
2668 2987 2861 3056 ἁγίων,
2892 2989 2966 3050 ὡς
2993 2987 3307 3058 παρρησίαν
3365 2991 3478 3049 τοῖς
3536 2988 3719 3050 πόνοις
3766 2987 3864 3041 καὶ

599 3086 626 3122 a
667 3068 775 3122 Deo
803 3069 928 3122 facti
959 3085 1058 3124 nos
1085 3071 1134 3124 ei
1164 3069 1450 3134 debemus,
1471 3079 1526 3124 et
1547 3071 1680 3125 alios
1699 3069 1958 3138 quoniam
1992 3071 2174 3135 proxi-

598 3160 699 3214 mis
727 3160 983 3230 prodesse
1041 3171 1312 3225 tenemur,
1369 3161 1445 3214 ait
1481 3161 1626 3215 euim
1661 3177 1675 3213 :
1709 3179 1728 3210 ι
1772 3159 1969 3228 Diliges
2005 3160 2170 3212 Deum

597 3263 651 3308 et
688 3249 991 3320 proximum
1027 3263 1178 3307 tuum
1239 3253 1382 3308 sicut
1416 3261 1467 3306 te
1516 3253 1716 3320 ipsum,
1768 3270 1786 3302 ι
1828 3261 1994 3304 totam
2034 3265 2171 3319 quo—

599 3363 706 3415 que
753 3349 918 3400 vitam
961 3359 1203 3401 nostram
1252 3353 1310 3398 ut
1349 3359 1377 3396 a
1429 3343 1534 3399 Deo
1577 3346 1754 3398 datam
1809 3344 2030 3397 Christo
2066 3341 2173 3394 Deo

599 3442 1071 3502 commendamus,
1121 3436 1265 3504 quod
1313 3437 1621 3492 tuncillico
1678 3435 1908 3491 facimus
1940 3437 2171 3490 verbis:

607 3531 780 3592 «Tibi.
823 3529 1099 3589 Domine,»
1133 3527 1396 3588 dicentes.
1427 3541 1524 3580 nos
1561 3527 1815 3581 videlicet
1841 3529 1987 3597 ipsos
2019 3544 2172 3583 com-

601 3621 894 3682 mittimus,
957 3617 1104 3687 quod
1151 3616 1414 3672 debemus
1447 3619 1609 3671 etiam
1655 3619 1912 3686 Oper-ilius
1962 3618 2168 3687 facere;

602 3727 726 3768 nam
788 3713 877 3779 qui
947 3727 1005 3766 se
1056 3710 1350 3770 commisit,
1387 3710 1548 3764 debet
1609 3725 1732 3764 esse
1784 3711 1887 3764 sub
1929 3716 2172 3780 puteut'a

597 3808 718 3875 ejus
765 3807 854 3858 cui
899 3820 957 3858 sc
1000 3803 1274 3858 commisit
1328 3813 1386 3856 ut
1421 3802 1542 3870 ejus
1570 3803 1814 3857 custodia
1873 3804 2089 3858 fruatur
2119 3815 2174 3858 et

601 3897 941 3967 providentia
984 3896 1126 3950 illius
1181 3895 1438 3964 gaudeat.
1474 3893 1607 3950 Vide
1643 3905 1848 3964 quanta
1875 3897 2016 3950 bona
2052 3911 2174 3960 pre-

601 4005 696 4046 ces
730 3991 846 4045 istae
875 3987 1037 4042 nobis
1080 3997 1329 4057 poscant,
1363 3997 1680 4056 quantaque
1741 3988 2173 4056 iutelligentibus

604 4081 941 4152 impertiant.
1001 4078 1263 4133 Novimus
1295 4077 1514 4146 quidem
1545 4085 1764 4132 sanctos
1795 4077 2062 4147 quosdam
2093 4079 2175 4131 vi-

604 4191 692 4228 ros
719 4174 773 4227 in
799 4172 884 4225 bis
933 4172 1081 4224 velut
1119 4178 1272 4224 extra
1305 4183 1365 4223 se
1397 4179 1582 4237 raptos
1613 4177 1668 4223 et
1699 4178 1811 4224 tota
1857 4181 2040 4226 mente
2076 4171 2174 4224 de-

602 4273 908 4334 prerantes,
956 4261 1173 4332 Deoque
1203 4259 1528 4330 semetipsos
1555 4262 2045 4328 commendantes;
2079 4265 2171 4316 sed

2283 3081 2466 3144 ἄθλοις
2525 3082 2856 3152 ἐσχηκότων,
2921 3083 3017 3134 καὶ
3063 3081 3327 3143 ἑαυτούς·
3385 3081 3507 3135 ἐπεὶ
3569 3081 3862 3150 ὀφείλομεν

2281 3171 2430 3239 ἡμᾶς
2459 3173 2686 3232 ἑαυτοὺς
2712 3190 2788 3238 τῳ
2833 3171 2952 3241 Θεῷ
2997 3173 3125 3242 παρ’
3172 3170 3338 3224 αὑτοῦ
3403 3172 3709 3240 γεγονότες,
3762 3172 3860 3225 καὶ

2283 3261 2568 3329 ἀλλήλους,
2599 3262 2671 3323 ὡς
2699 3263 2792 3314 καὶ⁵
2821 3263 2946 3325 τοὺς
2979 3259 3210 3332 πλησίον
3235 3261 3466 3330 ὠφελεῖν
3528 3262 3858 3331 ὀφείλοντες,

2288 3371 2308 3403 ι
2351 3353 2681 3421 Ἀγαπήσεις
2710 3353 2840 3421 γὰρ,
2875 3353 3029 3421 φησὶ,
3047 3353 3138 3406 τὸν
3195 3353 3329 3406 Θεὸν
3355 3353 3450 3406 καὶ
3491 3354 3580 3406 τὺν
3632 3353 3861 3423 πλησίον

2285 3459 2378 3496 σου
2408 3441 2483 3506 ὡς
2520 3443 2760 3507 έαυτὸν,›
2791 3443 2882 3495 καὶ
2911 3443 3006 3511 τὴν
3032 3443 3178 3513 ζωὴν
3200 3445 3356 3514 ἡμῶν
3396 3445 3570 3498 πᾶσαν
3605 3445 3680 3506 ὡς
3711 3445 3863 3512 παρὰ

2282 3531 2417 3586 Θεοῦ
2454 3533 2766 3602 δεδομένην,
2815 3533 3034 3604 Χριστῷ
3082 3533 3157 3602 τῷ
3223 3535 3343 3602 Θεῷ
3393 3534 3736 3605 παραθεῖναι.
3795 3536 3860 3586 Ὃ

2284 3632 2379 3678 καὶ
2410 3625 2669 3696 ποιοῦμεν
2694 3627 2853 3689 εὐθὺς
2884 3627 3004 3679 τότε
3025 3629 3138 3688 τοῖς
3171 3628 3398 3694 ῥήμασι,
3432 3646 3448 3677 ι
3479 3628 3588 3688 Σοὶ,
3626 3626 3854 3695 Κύριε,ι

2282 3714 2532 3783 λέγοντες
2577 3733 2591 3748 ⁸
2626 3718 2852 3780 ἑαυτοὺς
2877 3719 3115 3788 δηλονότι
3148 3718 3578 3789 παρατιθέμεθα,
3613 3717 3857 3786 ὀφείλον-

2281 3823 2371 3868 τες
2395 3807 2488 3858 καὶ
2510 3810 2624 3870 τοῖς
2651 3808 2832 3878 ἔργοις
2859 3806 3018 3862 τοῦτο
3037 3811 3230 3862 ποιεῖν.
3267 3810 3326 3864 '0
3373 3809 3480 3877 γὰρ
3539 3807 3856 3877 παρατιθεὶς

2284 3899 2476 3950 ἑαυτὸν
2507 3899 2611 3952 ὑπὸ
2654 3901 2753 3968 τὴν
2803 3899 3054 3963 ἐξουσίαν
3091 3901 3296 3968 ὀφείλει
3342 3896 3483 3952 εἶναι
3534 3900 3765 3960 ἐκείνου,
3815 3893 3859 3966 ᾦ

2285 3988 2666 4059 παρατίθεται,
2697 3989 2773 4053 ὡς
2811 3991 2876 4044 ἂν
2904 3992 2997 4046 καὶ
3024 3991 3124 4061 τὴν
3151 3989 3316 4044 αὑτοῦ
3358 3991 3557 4058 πλουτῇ
3592 3989 3858 4058 φυλακην,

2284 4081 2506 4148 καὶτῆς
2535 4080 2699 4134 αὑτοῦ
2731 4081 2982 4153 ἀπολαύῃ
3039 4082 3312 4148 προνοίας.
3356 4081 3497 4152 "Op:
3559 4081 3614 4133 δὲ
3655 4082 3736 4133 ὅτι
3791 4079 3859 4132 τὰ

2288 4178 2521 4246 μέγιστα
2552 4175 2895 4240 δξαιτοῦνται
2925 4178 3062 4246 ἡμῖν
3116 4177 3172 4228 αι
3238 4176 3482 4244 αἰτήσεις
3536 4167 3717 4237 αὗται,
3763 4175 3857 4226 καί

2287 4269 2495 4336 μεγάλα
2530 4269 2644 4330 τοῖς
2700 4266 2882 4320 νοοῦσι
2931 4267 3252 4336 παρέχουσι.
3287 4267 3396 4318 Καὶ
3448 4265 3663 4334 είδοίιέν
3706 4278 3859 4325 τινας

600 4364 655 4409 et
686 4355 821 4408 alios
851 4354 1099 4406 novimus
1129 4351 1352 4406 minime
1393 4351 1554 4406 dictis
1588 4352 1933 4408 intendentes
1962 4368 2027 4408 ex
2053 4353 2174 4407 aui-

2283 4359 2457 4420 θείους
2487 4358 2683 4426 ἄνδρας
2741 4351 2854 4410 οἷον
2912 4359 2968 4410 ὲν
3027 4359 3235 4418 τούτοις
3297 4355 3703 4421 ἐξισταμένους,
3766 4355 3859 4407 καὶ

604 4461 707 4501 mae
739 4444 1127 4513 imprudentia.
1159 4443 1352 4498 Postea
1385 4445 1450 4497 de
1480 4458 1631 4499 more
1658 4447 1903 4499 clamans
1947 4445 2174 4498 doxolo-

604 4538 748 4608 giam
782 4537 912 4591 facit
939 4535 1195 4592 sacerdos
1219 4548 1515 4605 pacemque
1544 4535 1802 4590 omnibus
1829 4536 2176 4604 deprecatus,

552 4654 559 4720 ι
600 4631 870 4701 iussuque
899 4628 1026 4684 dato
1055 4627 1351 4684 inclinandi
1382 4626 1560 4696 capita
1612 4627 1665 4679 in
1699 4627 1916 4697 signum
1947 4626 2178 4681 servitu-

550 4723 554 4735 '
601 4723 678 4778 tis
732 4732 788 4776 et
840 4720 1264 4790 deprecationis.
1320 4719 1541 4774 Primus
1578 4719 1693 4788 ipse
1720 4726 1881 4786 caput
1927 4719 2178 4782 inclinat,

604 4814 865 4867 humilem
928 4827 1146 4866 servum
1195 4811 1548 4878 semetipsum
1587 4810 1879 4874 conﬁtens,
1911 4820 1965 4863 et
1989 4824 2178 4879 preca-

609 4913 696 4956 tur
729 4910 950 4971 propter
981 4902 1366 4968 sacerdotium,
1403 4916 1513 4956 non
1555 4901 1703 4955 enim
1769 4901 1874 4957 sibi
1928 4901 2176 4964 conlidit,

607 5001 664 5046 et
695 4992 796 5058 ipsi
829 5007 967 5061 opus
1007 5000 1089 5047 est
1129 4991 1532 5047 misericordia.
1571 4992 1699 5046 ideo
1736 4992 1822 5062 pie
1851 4991 2178 5061 deprecatur

606 5100 732 5138 cum
764 5085 985 5139 silentio
1013 5092 1332 5138 contractus
1369 5092 1423 5136 et
1460 5085 1659 5139 anxius
1682 5085 1810 5138 dum
1847 5086 2014 5139 Deum
2047 5086 2181 5138 allo-

606 5176 794 5244 quitur
821 5185 876 5228 et
917 5174 1203 5229 intercedit
1239 5172 1431 5228 dicens
1477 5190 1491 5228 :
1525 5191 1544 5225 ι
1604 5173 1835 5230 Domine
1868 5176 2030 5243 Deus,
2084 5175 2176 5246 qui

605 5269 775 5322 caelos
807 5267 1082 5321 inclinans
1119 5267 1177 5319 in
1232 5265 1466 5320 salutem
1517 5265 1798 5322 hominum
1824 5267 2176 5333 descendisti,

607 5375 715 5414 non
745 5371 931 5416 nostra
962 5357 1334 5429 producimus,
1369 5356 1462 5412 sed
1494 5371 1634 5428 opus
1662 5358 1948 5414 cbaritatis
1977 5368 2086 5414 tua:
2125 5373 2180 5419 et

607 5454 954 5519 iunnititatis,
990 5455 1173 5522 aspice
1207 5467 1372 5522 super
1401 5452 1774 5508 haereditatem
1822 5465 1992 5518 tuam,
2045 5471 2180 5525 quu-

606 5549 750 5600 niam
789 5561 894 5600 nou
925 5547 1237 5602 hominibus
1260 5546 1354 5602 sed
1385 5547 1487 5601 tibi
1527 5546 1940 5602 inclinaverunt
1972 5547 2174 5614 capita,

610 5652 763 5693 suam
789 5654 820 5692 ιι
849 5650 900 5692 te
931 5638 1162 5694 salutent
1191 5638 1573 5708 deposcentes,
1598 5652 1738 5709 quos
1769 5637 1824 5690 iu
1851 5636 2000 5692 omni
2034 5648 2178 5694 teni-

2280 4449 2556 4520 ὁλοψύχως
2576 4449 2952 4518 αἰτουμένους,
2985 4449 3077 4500 καὶ
3115 4447 3194 4518 τῷ
3227 4447 3346 4517 Θεῷ
3393 4446 3858 4516 παρατιθεμένους

2280 4539 2524 4602 ἑαυτοὺς,
2561 4539 2636 4602 ὡς
2667 4540 2759 4592 καὶ
2816 4539 3037 4608 ἐτέρους
3095 4539 3226 4607 μηδὲ
3283 4537 3706 4606 αἰσθανομένους
3752 4535 3858 4587 τῶν

2280 4629 2592 4699 λεγομένων
2617 4631 2684 4682 δι’
2706 4629 3064 4700 ἀναισθησίαν
3114 4628 3312 4698 ψυχῆς.
3348 4623 3477 4682 Εἶτα
3507 4628 3752 4695 συνήθως
3802 4627 3858 4679 ἐν

2281 4721 2588 4790 ὲκφωνήσει
2619 4720 2890 4789 δοξολογεί
2912 4723 2939 4772 ὁ
2970 4721 3166 4792 ἱερεὺς,
3201 4721 3293 4772 καὶ
3313 4719 3411 4788 τὴν
3437 4719 3662 4790 εἰρήνην
3694 4719 3854 4770 ὲπευ⁶

2285 4811 2514 4881 ξάμενος
2538 4814 2676 4866 πᾶσι
2711 4815 2806 4867 καὶ
2856 4813 3036 4865 κλῖναι
3082 4812 3280 4882 βοήσας
3332 4812 3430 4874 τὰς
3493 4809 3732 4879 κεφαλὰς
3781 4811 3858 4870 εἰς

2285 4906 2473 4975 σχῆμα
2503 4904 2749 4966 δουλείας
2775 4905 2869 4957 καὶ
2897 4903 3128 4972 ίκεσίας,
3158 4902 3377 4973 πρῶτος
3412 4903 3574 4964 αὐτὸς
3598 4900 3856 4965 κλίνεται,

2281 4995 2469 5051 δοῦλον
2497 4994 2751 5049 ταπεινὸν
2784 4992 3060 5064 ὁμολογῶν
3092 4991 3282 5046 ἑαυτόν
3307 5007 3323 5024 ο
3348 4991 3442 5045 καὶ
3464 4990 3756 5060 ἐπεύχεται
3773 4988 3858 5042 διὰ

2280 5088 2380 5158 τὴν
2411 5087 2730 5156 ἱερωσύνην.
2751 5086 2826 5138 Οὐ
2857 5085 2926 5152 γὰ
2936 5101 2966 5157 ρ
2993 5084 3173 5155 ἑαυτῷ
3199 5083 3413 5156 θαρρεῖ,
3436 5084 3531 5136 καὶ
3551 5083 3711 5144 αὐτὸς
3729 5080 3858 5152 χρῄ-

2283 5179 2391 5243 ζων
2415 5177 2616 5239 ἐλέους.
2635 5175 2800 5247 238
2818 5176 2906 5229 Διὸ
2927 5177 3022 5229 καὶ
3039 5174 3331 5245 ἐπεύχεται
3347 5173 3589 5238 εὐλαϐῶς
3609 5173 3702 5225 καὶ
3723 5173 3860 5240 μετὰ

2284 5273 2441 5341 σιγῆς
2470 5271 2892 5340 συστελλόμενος
2922 5272 3016 5322 καὶ
3042 5269 3296 5337 ἀγωνιῶν
3336 5272 3392 5321 ὲν
3421 5268 3498 5338 τῷ
3537 5268 3676 5340 πρὸς
3726 5265 3860 5318 Θεὸν

2281 5361 2487 5430 ὁμιλεῖν
2510 5377 2563 5412 τε
2585 5361 2676 5413 καὶ
2707 5359 3016 5429 μεσιτεύειν
3036 5375 3048 5387 ·
3075 5362 3171 5414 καὶ
3196 5357 3357 5414 τοῦτό
3407 5376 3542 5428 φησι
3566 5374 3582 5389 ·
3631 5375 3652 5408 ι
3690 5355 3860 5428 Κύριε

2281 5456 2309 5507 ὁ
2337 5453 2491 5518 Θεὸς,
2527 5454 2555 5505 ό
2584 5451 2773 5516 κλίνας
2800 5452 3064 5523 οὐρανοὺς
3088 5452 3180 5506 καὶ
3211 5451 3454 5514 “sese;
3488 5451 3582 5504 ἐπὶ
3619 5450 3864 5520 σωτηρίᾳ

2283 5546 2392 5599 τῶν
2416 5543 2744 5615 ἀνθρώπων,
2782 5545 2844 5598 ού
2875 5546 2944 5598 τὰ
2979 5545 3221 5616 ἡμέτερα
3252 5542 3695 5615 προϐαλλόμεθα,
3724 5541 3862 5595 ἀλλὰ

2285 5637 2343 5689 τὸ
2372 5637 2469 5706 τῆς
2491 5637 2586 5706 σῆς
2619 5636 2834 5706 ἀγάπης
2873 5637 3032 5707 ἔργον
3066 5637 3157 5690 καὶ
3187 5635 3591 5711 ταπεινώσεως,
3611 5633 3676 5688 σὺ
3709 5632 3861 5688 ἔπιδε
