4026 6274
333 254 438 319 613

1493 253 1592 312 DE
1635 253 1872 314 SACRA
1917 257 2431 324 PRECATIONE.

3478 267 3583 334 614

329 369 420 420 ἐπὶ
440 367 538 436 τὴν
567 364 930 435 κληρονομίαν
963 381 1078 431 σου,
1106 365 1190 418 ὅτι
1245 363 1346 419 οὐκ
1383 364 1719 435 ἀνθρώποις,
1771 365 1904 420 ἀλλά

2008 385 2140 440 pore
2198 374 2476 430 custodire
2519 375 2768 446 dignare,
2817 387 2871 433 et
2913 379 2966 434 in
2994 379 3096 435 hac
3149 379 3278 434 hora
3323 379 3392 435 ab
3424 377 3580 434 on-ni

330 459 413 510 σοὶ
441 457 538 517 τὰς
565 456 805 525 κεφαλὰς
836 455 1075 521 έκλιναν,
1115 457 1215 526 τὴν
1250 457 1399 525 παρά
1451 450 1547 510 σοῦ
1592 456 1904 524 αἰτούμενοι

331 549 604 618 σωτηρίαν
624 563 638 576 ·
663 547 758 610 οὒς
787 547 884 600 καὶ
909 549 967 601 έν
989 548 1152 602 παντὶ
1177 547 1356 618 καιρῷ
1408 547 1754 617 διαφύλαξον,
1808 549 1905 602 καὶ

329 641 388 693 ἐν
410 639 488 708 τῷ
523 639 749 708 παρόντι
781 639 890 710 ἀπὺ
927 639 1132 702 παντὸς
1178 639 1423 693 ἐναντίου
1469 637 1760 708 νοουμένου
1809 639 1906 693 καὶ

329 730 608 800 αἰσθητοῦ.
649 748 669 782 ι
703 731 812 784 Kal.
846 730 1130 802 θαρρήσας
1153 731 1228 794 ώς
1273 729 1638 797 ὲπιτεύξεται,
1689 731 1906 786 ἀνίστα-

329 841 418 876 ται
447 841 462 854 θ
495 824 586 876 καὶ
611 823 934 894 ἐκφωνήσας
963 825 1213 894 ἀνυμνεϊ,
1250 843 1269 875 ι
1307 824 1408 891 Ετη
1457 823 1519 875 τὸ
1569 826 1770 892 κράτος
1807 822 1906 890 τῆς

331 915 603 983 βασιλείας
623 933 714 969 σου
743 916 938 986 εὐλογη
950 917 1158 986 μένον,›
1189 916 1284 968 καὶ
1314 914 1382 968 τὰ
1409 913 1576 968 λοιπά
1605 928 1620 944 ο
1653 907 1790 978 οἷον,
1829 914 1902 966 Σὺ

2008 459 2327 516 adversario
2350 462 2466 519 sive
2515 465 2787 533 spirituali
2823 469 2940 522 sive
2966 466 3236 522 sensibili.
3278 484 3296 517 ι
3335 466 3405 519 Et
3442 466 3584 518 fidu-

2009 551 2224 607 cialiter
2249 569 2478 624 sperans
2537 571 2596 612 se
2627 560 2792 626 petita
2823 567 3270 619 consecuturum.
3297 556 3495 625 surgit,
3528 563 3584 609 et

2011 639 2254 697 clamans
2286 653 2472 697 cantat
2505 661 2520 700 :
2586 666 2603 698 ι
2653 649 2735 701 Sit
2772 649 3008 702 fortiudo
3036 649 3188 717 regni
3223 649 3298 702 tui
3356 647 3584 701 benedi-

2010 736 2120 789 cta.
2156 747 2177 778 ›
2211 739 2265 784 et
2293 741 2511 796 czetera,
2573 739 2726 804 quasi
2759 738 2968 792 diceret
3005 747 3019 790 ξ
3062 736 3144 792 Tu
3179 737 3348 802 solus
3394 750 3454 789 es
3484 749 3577 789 rex

2012 821 2344 891 glorificatus
2370 833 2425 877 et
2454 825 2794 894 benedictus,
2852 838 2906 884 et
2928 830 3110 885 omnia
3166 827 3350 898 potes‘;
3381 839 3434 882 et
3467 837 3581 882 sta-

2019 913 2113 966 tim
2139 915 2542 982 processionem
2564 921 2791 990 peragit.

339 1010 594 1079 βασιλεὺς
629 1009 790 1078 μόνος
813 1010 1201 1078 δεδοξασμένος
1235 1027 1292 1062 τε
1327 1012 1422 1062 καὶ
1447 1006 1838 1078 εὐλογημένος,
1867 1005 1962 1060 καὶ
1991 1006 2170 1060 πάντα
2197 1005 2458 1062 δύνασαι·
2495 1009 2592 1062 καὶ
2639 1012 2803 1074 εὐθὺς
2847 1013 3146 1066 ὲκτελείται
3181 1016 3247 1066 τὰ
3280 1013 3374 1082 τῆς
3411 1011 3584 1080 λιτῆς.

893 1126 937 1177 Κ
949 1125 1144 1177 ΕΦΑΛ.
1169 1123 1341 1178 ΤΛΘ’.

328 1214 468 1283 Περὶ
498 1213 606 1281 τῆς
630 1215 700 1267 ἐν
731 1214 810 1281 τῷ
832 1216 1084 1284 νάρθηκι
1123 1213 1320 1281 λιτῆς,
1375 1215 1474 1269 καὶ
1508 1215 1628 1270 τῶν
1673 1187 1906 1270 λοιπῶν

679 1284 904 1348 ἔξωθεν
923 1286 1027 1339 τοῦ
1049 1286 1201 1339 ναοῦ
1215 1285 1554 1339 λιτανειῶν.

400 1375 548 1447 Αὕτη
568 1375 624 1429 δὲ
657 1374 856 1440 ἔξωθεν
890 1378 946 1428 έν
971 1376 1050 1445 τῷ
1085 1378 1318 1447 νάρθηκι
1345 1379 1488 1431 κατά
1513 1395 1574 1430 τε
1627 1377 1908 1432 Σάϐϐατον

327 1467 560 1536 γίνεται,
584 1469 678 1521 καὶ
699 1470 756 1521 ἐν
785 1471 1019 1539 ἑορταῖς,
1072 1472 1165 1523 καὶ
1217 1473 1276 1524 ὲν
1337 1469 1517 1539 καιρῷ
1568 1471 1626 1524 δὲ
1691 1468 1908 1540 πληγῆς

325 1577 472 1622 τινος
504 1560 839 1630 ἐπελθούσης
875 1561 908 1631 ἢ
973 1563 1348 1628 περιστάσεως
1415 1563 1677 1615 πλειόνων
1715 1562 1907 1632 ἀθροι-

329 1655 562 1707 σθέντων
587 1655 672 1706 διὰ
707 1655 872 1723 μέσου
895 1655 994 1724 τῆς
1021 1655 1249 1718 πόλεως,
1285 1655 1436 1725 ἥκαὶ
1473 1654 1676 1720 ἔξωθεν
1710 1655 1904 1724 αὐτῆς,

2483 1123 2714 1179 CAPUT
2754 1126 3122 1182 CCCXXXIX.

2020 1215 2094 1268 De
2123 1215 2451 1284 processione
2468 1218 2520 1270 in
2545 1216 2830 1281 Narthece,
2860 1227 2910 1272 et
2938 1223 3137 1274 ca'teris
3157 1231 3302 1274 extra
3329 1220 3581 1289 templum

2487 1289 2727 1356 precibus
2761 1305 2824 1356 ac
2859 1290 3087 1344 lilaniis.

2088 1374 2215 1430 Haec
2246 1392 2374 1431 vero
2409 1378 2554 1434 foras
2577 1380 2637 1433 ﬁt
2680 1379 2734 1434 in
2781 1382 3040 1434 narthece
3065 1395 3161 1449 per
3194 1381 3502 1443 sabbatum,
3529 1386 3585 1434 et

2015 1467 2068 1520 in
2098 1467 2248 1522 festis
2281 1471 2584 1538 processio,
2611 1486 2821 1526 necnon
2855 1472 3074 1540 quando
3105 1471 3285 1540 aliqua
3313 1485 3581 1540 superve-

2015 1562 2097 1615 nit
2131 1560 2306 1631 plaga,
2336 1562 2421 1616 vel
2451 1562 2604 1616 mttlti
2627 1570 2826 1618 coeunt
2866 1561 3114 1617 homines
3148 1563 3202 1617 in
3231 1563 3409 1616 medio
3435 1561 3586 1616 urbis

2015 1664 2107 1710 aut
2170 1665 2322 1710 extra
2375 1656 2518 1710 illam
2578 1671 2672 1712 seu
2727 1658 2879 1712 circa
2932 1672 3118 1712 muros
3171 1657 3582 1710 tumultuantes.

323 1747 360 1812 ἢ
387 1747 514 1815 περὶ
541 1746 606 1797 τά
632 1745 809 1815 τείχη.
846 1747 1102 1799 Λιτανεία
1132 1747 1188 1798 δέ
1244 1748 1359 1799 ἐστι
1394 1746 1743 1816 παράκλησις
1772 1746 1904 1812 πρὸς

2011 1747 2153 1802 Sunt
2204 1756 2382 1802 autem
2430 1749 2636 1803 litaniae
2667 1749 2974 1804 obsecratio
3006 1758 3061 1803 et
3096 1749 3405 1816 deprecatio
3427 1761 3582 1800 com-

325 1837 460 1888 Θεὸν
482 1837 577 1888 καὶ
610 1837 790 1889 ἱκεσία
823 1837 976 1907 κοινὴ
1010 1840 1104 1890 καὶ
1128 1837 1198 1889 δι’
1249 1838 1422 1907 ὀργὴν
1479 1838 1909 1920 ἐπιφερομένην,

326 1928 422 1978 καὶ
470 1927 631 1996 χάριν
667 1927 1017 1998 εὐχαριστίας
1070 1929 1210 1996 ὑπὲρ
1265 1929 1487 1996 ἀγαθῶν
1534 1929 1907 1998 δωρηθέντων.

327 2019 519 2072 Τὸ-οὒν
553 2019 753 2083 ἔξωθεν
784 2022 930 2089 ἡμᾶς
960 2019 1053 2072 τοῦ
1085 2019 1215 2073 ναοῦ
1257 2020 1522 2085 γίνεσθαι,
1566 2021 1663 2088 τὴν
1695 2019 1909 2072 ἔκπτω-

328 2127 414 2162 σιν
445 2111 539 2163 τοῦ
580 2113 912 2182 παραδείσου
938 2112 1108 2181 δηλοῖ,
1145 2113 1238 2164 καὶ
1268 2113 1327 2165 τὸ
1373 2112 1689 2180 κλεισθῆναι
1744 2113 1907 2164 αὑτὸν

326 2204 576 2271 ἡμῖνκαὶ
631 2205 721 2257 τὸν
768 2205 1020 2274 οὐρανόν.
1077 2204 1150 2256 Τὸ
1210 2205 1266 2258 δὲ
1334 2205 1496 2273 μέσον
1551 2205 1648 2273 τῆς
1700 2204 1909 2266 πόλεως

326 2297 640 2364 διέρχεσθαί
667 2313 725 2348 τε
755 2299 848 2350 καὶ
882 2297 1152 2359 πενθικῶς
1195 2297 1392 2367 ὲκὸοᾷν
1440 2298 1500 2349 τὸ
1565 2299 1906 2365 καταχρᾶναι

327 2389 478 2458 δηλοί
500 2389 598 2458 τὴν
630 2389 787 2442 πόλιν
816 2391 936 2449 ταῖς
988 2389 1285 2457 ἁμαρτίαις
1316 2390 1462 2457 ἡμᾶς
1493 2389 1588 2440 καὶ
1641 2390 1818 2440 πάντα
1840 2389 1907 2440 τά

329 2481 386 2531 ἒν
413 2480 577 2548 αὐτῇ.
608 2480 718 2532 Ka‘t
750 2481 808 2530 τὸ
837 2479 1033 2542 ἔξωθεν
1064 2479 1119 2530 δὲ
1161 2478 1290 2548 βοᾷν
1335 2480 1430 2530 καὶ
1487 2478 1792 2530 λιτανεύειν
1847 2478 1906 2530 τὸ

327 2568 724 2621 ταπεινοῦσθαι
756 2569 1030 2637 σημαίνει,
1056 2569 1150 2620 καὶ
1181 2567 1432 2630 ἀναξίους
1491 2568 1696 2636 κρίνειν
1755 2569 1906 2636 ἡμᾶς

331 2659 439 2711 ἀπὸ
468 2659 566 2727 τῆς
596 2660 802 2721 πόλεως
831 2659 1043 2727 ὲκόοᾷν,
1073 2657 1139 2726 ἢν
1175 2655 1554 2718 κατοικοῦντες
1600 2659 1902 2724 κατεμο).ύ-

329 2767 521 2818 ναμεν,
549 2751 641 2800 καὶ
673 2749 747 2810 ώς
773 2748 873 2817 τῆς
902 2747 1159 2817 πατρίδος
1197 2749 1298 2815 τῆς
1329 2747 1478 2809 θείας
1527 2746 1613 2798 διὰ
1655 2749 1905 2814 παραόά-

335 2856 468 2900 σεως
503 2840 946 2909 μετῳκίσθημεν,
1002 2843 1096 2892 καὶ
1141 2841 1198 2891 ἐν
1268 2840 1405 2910 αὐτῇ
1550 2839 1903 2908 ἐπλάσθημεν

331 2933 505 2995 πόλει,
534 2932 731 3001 μᾶλλον
759 2931 814 2983 δὲ
866 2930 1290 3000 ἀνεπλάσθημεν
1322 2932 1414 2982 καὶ
1460 2931 1565 2981 τῶν
1613 2931 1706 2981 τοῦ
1767 2931 1901 2983 Θεοῦ

336 3024 631 3094 ὴξιώμεθα,
689 3023 794 3076 ὑπὸ
844 3023 940 3075 τοῦ
994 3021 1170 3089 ὄφεως
1220 3020 1605 3091 πλανηθέντες,
1653 3021 1902 3091 ἀφρόνως

329 3085 701 3186 δἰεφθάρημέν
733 3131 790 3167 τε
830 3114 924 3167 καὶ⁵
979 3085 1417 3183 ὲὸθελύχθημεν·
1467 3115 1560 3166 καὶ
1593 3085 1902 3183 τδνηίερὸν
1929 3085 1974 3148 C

327 3207 507 3277 χῶρον
533 3205 1042 3278 κατερρυπώσαμεν
1077 3221 1092 3237 ο
1122 3207 1216 3258 καὶ
1246 3207 1305 3258 ὲν
1360 3205 1614 3274 ἐρημίαις
1675 3207 1898 3257 ἐπισκο-

329 3302 442 3368 πῆς
474 3299 608 3352 Θεοῦ
633 3298 962 3368 αὐλιζόμεθα
985 3313 1000 3328 ⁶
1029 3298 1120 3350 καὶ
1149 3298 1206 3350 ὲν
1229 3297 1564 3366 ἀφυλάκτοις
1593 3298 1903 3363 διοδεύομεν

324 3392 534 3452 τόποις.
571 3391 702 3444 Τότε
723 3391 820 3460 μὲν
844 3389 936 3444 οὖν
975 3391 1032 3445 ὲν
1059 3389 1138 3458 τῷ
1181 3390 1416 3460 νάρθηκι
1465 3390 1766 3460 ποιούμεθα
1804 3395 1902 3449 τὰς

324 3485 506 3546 λιτὰς,
542 3485 624 3537 ὅτι
659 3485 809 3539 κάτω
843 3483 936 3537 καὶ
968 3484 1050 3547 είς
1084 3485 1183 3554 τὴν
1211 3483 1369 3553 ἡμῶν
1418 3484 1678 3552 ἐσχατιὰν
1712 3485 1901 3552 ἐλήλυ-

324 3577 479 3629 θενὸ
513 3576 727 3646 Σωτὴρ,
760 3573 852 3629 ἵνα
876 3576 970 3628 καὶ
1024 3576 1084 3627 έν
1137 3572 1314 3643 τούτῳ
1384 3573 1546 3628 αὐτὸν
1606 3575 1899 3643 ἱλεώμεθα.

323 3670 443 3723 Καὶ
489 3667 562 3731 ὡς
587 3667 694 3736 πρὸ
720 3667 830 3720 τῶν
873 3665 1143 3736 οὐρανίων
1201 3666 1387 3718 πυλῶν
1440 3666 1551 3718 τῶν
1603 3665 1695 3718 τοῦ
1755 3665 1900 3735 ίεροῦ

320 3759 462 3814 ναοῦ
490 3760 721 3824 ἑστῶτες
753 3757 1206 3828 καθικετεύομεν.
1231 3758 1307 3812 οὐ
1338 3756 1448 3829 γὰρ
1481 3759 1618 3824 ἄξιοι
1657 3759 1901 3811 ἀτενίσαι

319 3855 413 3916 εἰς
446 3854 506 3906 τὸ
532 3852 665 3922 ὕψος
681 3851 772 3906 τοῦ
800 3851 1056 3924 ούρανοῦ,
1085 3853 1135 3904 εί
1161 3853 1236 3921 μὴ
1265 3851 1653 3913 ἐπανελθόντες
1695 3852 1904 3921 βοησω-

323 3962 434 4014 μεν
461 3944 522 3996 τὸ
553 3945 894 4013 ἡμάρτομεν
926 3958 940 3973 °
979 3945 1066 3998 ὅτε
1119 3943 1213 3996 καὶ
1267 3944 1426 4006 αὐτὸς
1475 3942 1712 4008 ἐξελθὼν
1767 3945 1904 4013 πρὸς

318 4038 481 4106 ἡμᾶς
505 4037 599 4089 καὶ
631 4037 1060 4106 προαπαντήσας
1087 4035 1482 4104 εὐσπλάγχνως
1534 4035 1903 4102 ὲπαγκαλίσε-

318 4144 448 4181 erat.
477 4126 647 4180 Τοῦτο
673 4126 768 4179 οὖν
791 4127 852 4179 τὸ
888 4125 996 4198 πρὸ
1028 4125 1136 4178 τῶν
1162 4124 1344 4178 πυλῶν
1379 4122 1664 4188 ἱκετεύειν,
1697 4123 1792 4196 καὶ
1811 4123 1904 4175 τὸν

323 4218 482 4288 ἱερέα
503 4216 920 4287 προσεύχεσθαι,
957 4214 1018 4267 τὺ
1051 4214 1150 4284 τὴν
1191 4213 1352 4281 Ἐδὲμ
1377 4213 1507 4281 ἡμῖν
1533 4210 1630 4264 καὶ
1680 4211 1773 4262 τὸν
1817 4210 1905 4281 οὐ·

333 4310 497 4380 pa.va
526 4308 856 4361 ὲκδυσωπείν
884 4306 1172 4375 ἀνοιγῆναι
1226 4303 1523 4373 σημαίνειτ
1587 4301 1788 4366 μᾶλλον
1846 4300 1903 4354 δὲ

2019 1839 2199 1894 munis
2229 1841 2294 1892 ad
2332 1839 2496 1892 Deum
2536 1840 2693 1895 factae
2716 1842 2782 1895 ad
2815 1838 3313 1908 avertendam'ejus
3351 1840 3509 1900 iram,
3531 1845 3584 1891 ct

2017 1930 2256 2000 agendas
2283 1934 2486 2001 gratias
2505 1944 2602 1996 pro
2627 1930 2917 2000 impertitis
2947 1930 3066 1996 ejus
3094 1928 3392 1983 beneficiis.
3416 1927 3588 1997 Igitur

2015 2023 2144 2077 dum
2181 2032 2332 2076 extra
2404 2022 2732 2076 narthecem‘
2771 2021 3113 2091 procedimus
3169 2019 3586 2074 manifestamus

2018 2128 2116 2167 nus
2145 2129 2175 2167 a
2212 2115 2471 2182 paradiso
2522 2115 2812 2180 excidisse,
2862 2112 3123 2181 illumque
3167 2125 3231 2166 ac
3257 2112 3455 2164 caelum
3491 2126 3587 2164 no-

2014 2205 2097 2258 his
2152 2219 2276 2260 esse
2339 2205 2604 2260 clausum.
2663 2205 2797 2259 Cum
2839 2203 3073 2258 mediam
3121 2203 3304 2256 urbcm
3342 2213 3588 2271 permea-

2015 2312 2136 2350 mus
2165 2295 2218 2350 in
2238 2296 2426 2350 dolore
2456 2300 2780 2360 clamantes,
2817 2296 3156 2349 ostendimus
3190 2307 3287 2347 nos
3313 2293 3584 2347 civitatem

2012 2398 2065 2439 et
2094 2388 2272 2439 omnia
2296 2402 2415 2455 quae
2446 2387 2499 2439 in
2537 2402 2598 2440 ea
2633 2394 2760 2439 sunt
2788 2387 3030 2452 peccatis
3065 2385 3486 2439 contaminasse.
3515 2383 3587 2436 At

2013 2480 2137 2530 dum
2164 2487 2318 2529 extra
2353 2477 2540 2530 urbem
2573 2476 2870 2531 clamamus
2891 2487 2942 2530 et
2974 2477 3193 2531 litanias
3230 2480 3461 2542 agimus,
3489 2492 3586 2532 nos

2015 2567 2291 2620 humiliari
2318 2567 2715 2636 significamus,
2748 2581 2957 2634 nosque
2997 2576 3314 2634 peccatores
3347 2571 3575 2620 confite-

2012 2676 2135 2713 mur
2183 2661 2484 2712 clamantes
2533 2667 2684 2710 extra
2747 2661 2934 2711 urbem
2995 2673 3155 2724 quam
3218 2659 3584 2714 inhabitantes

2013 2755 2326 2823 polluimus,
2374 2763 2428 2808 et
2476 2757 2694 2822 insuper
2741 2753 3060 2822 migrat-isse
3089 2751 3140 2805 in
3167 2766 3378 2820 pmuam
3403 2763 3582 2806 trans-

2012 2846 2308 2913 gressionis
2375 2860 2402 2897 a
2459 2845 2641 2898 divina
2673 2845 2868 2913 patria,
2907 2853 2962 2898 et
3017 2845 3072 2895 in
3133 2857 3194 2897 ea
3259 2844 3476 2896 civitate
3527 2844 3584 2898 in

2010 2951 2113 3004 qua
2149 2937 2315 2988 creati
2357 2950 2548 2991 sumus
2579 2935 2661 2989 vel
2715 2936 2897 3003 potius
2926 2935 3156 2990 recreati
3187 2935 3430 3002 factique
3475 2933 3584 2988 Deo

2010 3028 2178 3096 digni,
2207 3043 2235 3079 a
2271 3039 2522 3093 serpente
2559 3026 2731 3081 delusi
2766 3028 2927 3080 stulte
2972 3027 3214 3094 corrupti
3276 3041 3467 3080 smnus
3502 3037 3585 3079 at-

2006 3134 2110 3186 que
2135 3118 2446 3179 deformati,
2479 3129 2529 3169 et
2557 3118 2730 3170 locum
2771 3127 3022 3170 sanctum
3057 3114 3408 3181 fmdavimus,
3433 3132 3496 3170 ac
3529 3117 3585 3172 in

2005 3213 2232 3264 desertis
2289 3210 2595 3263 habitamus
2651 3209 2837 3276 procul
2900 3223 2931 3262 a
2984 3209 3220 3263 secunda
3265 3207 3354 3260 Dei
3409 3209 3590 3277 provi-

2005 3302 2210 3363 (lentia,
2272 3311 2433 3368 atque
2479 3299 2530 3351 in
2590 3299 2906 3368 regionibus
2959 3299 3096 3354 male
3145 3301 3436 3354 custoditis
3482 3301 3586 3354 iter

2008 3389 2256 3443 fat-imus.
2323 3387 2568 3442 Lttanias
2623 3388 2843 3456 quidem
2913 3390 2967 3441 in
3025 3389 3281 3444 narthece
3329 3389 3587 3458 facimus,

2003 3484 2259 3548 qttnuiam
2311 3483 2564 3534 deorsum
2614 3479 2682 3533 ad
2751 3488 2997 3534 extrema
3057 3492 3246 3534 nostra
3302 3481 3590 3537 descendit

2007 3572 2276 3632 Salvator,
2309 3581 2364 3624 ut
2402 3573 2454 3623 in
2511 3571 2612 3625 hoc
2676 3585 2803 3624 cum
2859 3571 3240 3641 propitiemus.
3301 3571 3584 3643 Tanquam

2005 3677 2127 3716 ante
2154 3665 2350 3730 januas
2385 3662 2506 3716 coeli
2543 3677 2641 3731 pro
2674 3662 2886 3717 foribus
2946 3664 3132 3732 templi
3163 3666 3338 3719 sancti
3372 3666 3575 3733 depre-

2003 3771 2231 3822 camur;
2266 3772 2370 3808 non
2406 3756 2550 3807 enint
2580 3769 2769 3807 sumus
2822 3754 2968 3824 digni
3006 3756 3095 3824 qui
3133 3756 3187 3808 itt
3241 3757 3581 3812 altitudinem

2004 3847 2185 3915 templi
2219 3845 2600 3911 suSpiciamus,
2666 3844 2766 3897 nisi
2802 3847 3000 3897 reversi
3040 3845 3168 3898 illud
3213 3847 3511 3900 clameth
3558 3866 3572 3900 :

2003 3939 2378 4002 Peccavimus,
2418 3935 2678 4005 quoniam
2719 3935 2835 4003 ipse
2867 3935 2932 3988 ad
2966 3950 3064 3990 nos
3095 3939 3350 4005 egressus
3403 3939 3454 3988 iu
3507 3941 3584 3992 vi-

2005 4028 2251 4083 sceribus
2281 4026 2666 4081 misericordiae
2704 4039 2804 4079 nos
2830 4038 3126 4078 occurrens
3168 4027 3448 4093 atnplexus
3476 4037 3578 4082 est.

2005 4120 2187 4188 Itaque
2219 4119 2271 4171 in
2307 4119 2407 4171 hoc
2436 4117 2580 4187 quod
2625 4125 2751 4170 ante
2786 4116 2930 4170 fores
2963 4118 3288 4185 deprecatur
3323 4127 3378 4172 et
3408 4121 3574 4173 obse-

2005 4221 2120 4264 crat
2155 4211 2433 4274 sacerdos,
2473 4225 2570 4263 nos
2606 4219 2664 4262 ut
2720 4209 2870 4264 Eden
2903 4211 3058 4264 nobis
3084 4219 3138 4263 et
3173 4211 3457 4279 paradisus
3487 4227 3581 4281 pa-

2007 4302 2155 4356 tefiat
2205 4301 2448 4370 ﬂagitare
2500 4301 2868 4371 significatur,
2934 4317 3030 4356 seu
3076 4301 3256 4370 potius
3297 4311 3356 4355 ιιι
3399 4303 3579 4357 divina

326 4402 397 4452 τὰ
426 4399 544 4452 θεῖα
577 4397 881 4466 σπλάγχνα,
911 4396 948 4450 ἃ
979 4396 1169 4456 δεινῶς
1203 4395 1363 4465 ἡμεῖς
1384 4392 1506 4447 καθ’
1547 4391 1705 4462 ἡμῶν
1765 4392 1900 4446 ἀπεο

2008 4393 2321 4464 aperiantur
2377 4395 2585 4447 viscera
2623 4408 2743 4462 quae
2796 4394 3061 4449 damnose
3107 4408 3206 4448 nos
3255 4404 3442 4448 contra
3482 4410 3581 4450 nos

328 4491 649 4558 κλείσαμεν.
691 4489 1021 4558 Ἱσταμένων
1053 4486 1146 4540 οὖν
1176 4486 1333 4555 ήμῶν
1362 4485 1582 4549 ἔξωθεν,
1607 4484 1900 4554 ψάλλονται

327 4582 398 4634 τά
435 4580 663 4650 συνήθη.
696 4580 805 4632 Καὶ
843 4580 871 4632 ὁ
929 4578 1108 4647 ἱερεὺς
1152 4578 1252 4640 τὰς
1306 4575 1621 4645 εἰθισμένας
1670 4577 1900 4629 ποιεῖται

328 4674 495 4741 εὐχὰς
547 4673 688 4744 ὑπέρ
722 4689 782 4725 τε
809 4669 904 4724 τοῦ
928 4670 1059 4725 λαοῦ
1093 4672 1294 4732 παντὸς
1325 4669 1420 4724 καὶ
1477 4668 1580 4737 τῆς
1621 4667 1714 4721 τοῦ
1764 4666 1900 4720 Θεοῦ

329 4761 715 4833 κληρονομίας,
748 4763 844 4814 τοῦ
877 4760 1114 4830 σωθῆναι
1148 4759 1339 4829 αὐτὴν,
1377 4759 1473 4812 καὶ
1502 4758 1613 4811 τῶν
1641 4757 1903 4824 Χριστια·

329 4856 438 4907 νῶν
460 4855 618 4923 ἡμῶν
647 4853 929 4923 ὑψωθῆναι
955 4851 1014 4904 τὸ
1039 4850 1224 4921 κέρας,
1265 4866 1283 4900 ι
1319 4847 1519 4911 Σῶσον,
1562 4847 1758 4918 Κύριε,
1810 4850 1904 4902 ὲκ·-

331 4946 490 5012 6οῶν,
519 4945 615 4997 τὸν
638 4946 763 4997 λαόν
786 4959 904 5009 σου,
948 4960 967 4993 ι
1003 4941 1098 4994 καὶ
1127 4943 1194 4996 τὰ
1250 4939 1378 5009 ἑξῆς
1407 4954 1421 4970 ο
1453 4939 1550 4992 καὶ
1588 4939 1687 5004 τῆς
1720 4939 1902 5009 κοινῆς

333 5035 640 5105 προσευχῆς
687 5032 803 5098 τοῦ,
833 5051 852 5085 ι
909 5031 1104 5102 Κύριε,
1153 5031 1396 5100 ἐλέησον,
1438 5048 1456 5082 ι
1488 5029 1769 5101 ᾀδομένου,
1807 5030 1903 5082 καὶ

331 5127 472 5196 ὑπὲρ
495 5129 602 5179 τῶν
626 5125 888 5195 βασιλέων
915 5121 1070 5187 αὖθις
1099 5125 1347 5188 αἰτεῖται,
1379 5123 1456 5184 ώς
1487 5122 1902 5191 προϊσταμένων

333 5219 439 5270 τῶν
469 5218 730 5282 εὐσεσῶν,
761 5220 853 5270 καὶ
886 5218 1026 5286 ὑπὲρ
1057 5220 1154 5287 τῆς
1192 5217 1431 5279 πίστεως
1459 5215 1899 5285 ἀγωνιζομένων,

331 5309 543 5364 καὶτοῦ
570 5311 710 5362 κατά
739 5309 903 5360 τόπον
955 5309 1259 5378 ἀρχιερέως
1309 5323 1370 5359 τε
1414 5307 1447 5378 ἢ
1505 5308 1736 5379 Πατρὸς,
1807 5309 1902 5360 καὶ

328 5399 510 5471 ψυχῆς
543 5399 937 5470 Χριστιανικῆς
992 5399 1230 5467 ἁπάσης,
1266 5400 1361 5451 καὶ
1420 5397 1526 5450 τῶν
1566 5397 1902 5464 Ἐκκλησιῶν

330 5497 425 5564 τῆς
450 5495 692 5564 είρηνης,
723 5495 816 5545 καὶ
848 5492 990 5560 ὑπὲρ
1045 5491 1154 5543 τῶν
1218 5491 1749 5560 προκεκοιμημένων
1811 5508 1902 5543 πι-

331 5585 495 5648 στῶν,
529 5581 882 5654 ἀναῤῥύσεώς
916 5599 976 5634 τε
1005 5582 1114 5634 τῶν
1169 5579 1550 5650 αἰχμαλώτων,
1582 5580 1677 5632 καὶ
1727 5581 1898 5651 ἀναρο

333 5673 550 5741 ῥώσεως
587 5674 977 5738 ἀσθενούντων,
1013 5671 1107 5726 καὶ
1132 5672 1241 5731 τῶν
1290 5669 1612 5725 κοπιώντων
1662 5673 1718 5724 ὲν
1767 5671 1899 5740 Χρι-

2003 4486 2396 4542 conclusimus.
2438 4483 2605 4541 Nobis
2651 4501 2782 4556 ergo
2827 4486 2961 4542 foris
2992 4485 3282 4552 stantibus,
3317 4495 3580 4543 consueta

2003 4577 2329 4646 psalluntur,
2357 4587 2410 4632 et
2439 4577 2696 4633 sacerdos
2724 4578 3056 4633 constitutas
3089 4591 3278 4648 preces
3309 4577 3438 4632 facit
3481 4592 3579 4647 pro

2003 4679 2204 4724 cuncto
2233 4670 2453 4739 populo,
2495 4685 2594 4739 pro
2627 4671 2946 4725 haereditate
2981 4669 3076 4724 Dei
3114 4678 3172 4723 ut
3202 4669 3349 4723 salva
3383 4669 3494 4732 flat,
3520 4677 3580 4724 ut

2003 4762 2160 4817 nobis
2208 4762 2538 4816 Christianis
2591 4763 2866 4816 exaltetur
2918 4776 3094 4820 cornu
3147 4761 3579 4827 nostrum,cla-

2003 4867 2159 4906 mans
2195 4868 2208 4904 :
2258 4869 2278 4902 ι
2314 4852 2495 4916 Salva,
2530 4852 2778 4919 Domine,
2813 4852 3072 4920 papulum
3117 4859 3302 4916 tuum,
3342 4869 3361 4902 ι
3402 4860 3456 4904 et
3477 4868 3580 4905 eat--

2003 4949 2138 4996 tera.
2181 4942 2246 4995 Et
2299 4943 2574 4997 communi
2634 4943 2884 4998 oratione
2945 4941 3125 5006 dicta,
3163 4955 3357 5011 nempe
3414 4941 3577 5012 Kyrie

2001 5034 2231 5099 eleison,
2286 5048 2386 5103 pro
2430 5035 2652 5103 regibus
2679 5035 2841 5089 etiam
2903 5041 3154 5105 precatur
3184 5042 3245 5088 ut
3287 5032 3418 5088 viris
3472 5035 3576 5103 piis

2003 5126 2310 5196 praepositis
2345 5126 2523 5190 nobis,
2560 5139 2658 5194 pro
2683 5125 3026 5181 certantibus
3082 5125 3134 5179 in
3165 5126 3394 5194 gratiam
3429 5125 3574 5186 ﬁdei,

2004 5233 2101 5286 pro
2142 5218 2434 5285 pontifice,
2484 5232 2578 5272 seu
2639 5228 2789 5286 patre
2844 5218 2949 5272 loci
2985 5259 2998 5281 ,
3052 5232 3150 5286 pro
3188 5217 3338 5269 omni
3392 5215 3574 5267 anima

2001 5307 2335 5369 Christiana,
2367 5321 2463 5375 pro
2524 5306 2787 5363 Ecclesiis
2818 5309 2993 5377 pacis,
3029 5323 3126 5376 pro
3158 5306 3410 5360 fldelibus
3440 5304 3574 5357 dor-

2003 5397 2319 5464 mientibus,
2356 5414 2454 5466 pro
2514 5396 2837 5452 liberatione
2870 5398 3236 5468 captivorum,
3294 5410 3395 5464 pro
3428 5394 3576 5449 sani-

2003 5497 2114 5543 tate
2145 5489 2552 5558 mgrotantium,
2613 5503 2714 5558 pro
2774 5487 3149 5544 laborantibus
3181 5489 3233 5541 in
3266 5485 3488 5542 Christo
3520 5493 3577 5538 t-t

2003 5593 2101 5651 pro
2126 5580 2380 5636 omnibus
2397 5579 2560 5636 simul
2576 5577 2862 5635 fratribus.
2884 5579 2950 5634 Et
2969 5592 3182 5633 rursum
3208 5575 3266 5632 flt
3285 5576 3575 5632 continens

2004 5673 2410 5744 vehemeusque
2439 5672 2640 5741 oratio,
2675 5673 2884 5731 scilicet
2935 5669 3103 5744 Kyrie
3149 5670 3375 5734 eleison,
3414 5673 3575 5738 prout
