  <div class='ocr_page' id='page_1' title='image "/cluster/home/n/w/nwhite01/storage/ocr_20150623/155/mdp.39015022213998/315.png"; bbox 0 0 4026 6274; ppageno 0'>
   <div class='ocr_carea' id='block_1_1' title="bbox 456 251 564 316">
    <p class='ocr_par' dir='ltr' id='par_1_1' title="bbox 456 251 564 316">
     <span class='ocr_line' id='line_1_1' title="bbox 456 251 564 316; baseline 0 -1"><span class='ocrx_word' id='word_1_1' title='bbox 456 251 564 316; x_wconf 84' lang='lat'><strong>615</strong></span> 
     </span>
    </p>
   </div>
   <div class='ocr_carea' id='block_1_2' title="bbox 1274 229 2829 301">
    <p class='ocr_par' dir='ltr' id='par_1_2' title="bbox 1274 229 2829 301">
     <span class='ocr_line' id='line_1_2' title="bbox 1274 229 2829 301; baseline -0.003 -1"><span class='ocrx_word' id='word_1_2' title='bbox 1274 237 1654 301; x_wconf 81' lang='lat' dir='ltr'><strong>SYMEONIS</strong></span> <span class='ocrx_word' id='word_1_3' title='bbox 1682 229 2434 298; x_wconf 79' lang='lat' dir='ltr'><strong>THESSALONICENSIS</strong></span> <span class='ocrx_word' id='word_1_4' title='bbox 2467 231 2829 295; x_wconf 80' lang='lat' dir='ltr'><strong>ARCHIEP.</strong></span> 
     </span>
    </p>
   </div>
   <div class='ocr_carea' id='block_1_3' title="bbox 3584 227 3692 294">
    <p class='ocr_par' dir='ltr' id='par_1_3' title="bbox 3584 227 3692 294">
     <span class='ocr_line' id='line_1_3' title="bbox 3584 227 3692 294; baseline 0.009 -1"><span class='ocrx_word' id='word_1_5' title='bbox 3584 227 3692 294; x_wconf 82' lang='lat'><strong>616</strong></span> 
     </span>
    </p>
   </div>
   <div class='ocr_carea' id='block_1_4' title="bbox 431 329 2045 430">
    <p class='ocr_par' dir='ltr' id='par_1_4' title="bbox 431 329 2044 430">
     <span class='ocr_line' id='line_1_4' title="bbox 431 329 2044 430; baseline -0.012 -13"><span class='ocrx_word' id='word_1_6' title='bbox 431 362 634 430; x_wconf 80' lang='lat' dir='ltr'><strong>saepius</strong></span> <span class='ocrx_word' id='word_1_7' title='bbox 683 355 996 413; x_wconf 89' lang='lat' dir='ltr'><strong>ordinatum</strong></span> <span class='ocrx_word' id='word_1_8' title='bbox 1049 355 1155 414; x_wconf 89' lang='lat' dir='ltr'><strong>est,</strong></span> <span class='ocrx_word' id='word_1_9' title='bbox 1221 364 1342 418; x_wconf 70' lang='lat' dir='ltr'><strong>qua:</strong></span> <span class='ocrx_word' id='word_1_10' title='bbox 1403 357 1483 400; x_wconf 75' lang='grc' dir='ltr'>ιρι·</span> <span class='ocrx_word' id='word_1_11' title='bbox 1528 347 1728 401; x_wconf 74' lang='lat' dir='ltr'><strong>dicitur</strong></span> <span class='ocrx_word' id='word_1_12' title='bbox 1784 346 1838 399; x_wconf 90' lang='lat' dir='ltr'><strong>in</strong></span> <span class='ocrx_word' id='word_1_13' title='bbox 1900 329 2044 415; x_wconf 7' lang='lat' dir='ltr'><strong>glo-i</strong></span> 
     </span>
    </p>
   </div>
   <div class='ocr_carea' id='block_1_5' title="bbox 2128 329 3698 430">
    <p class='ocr_par' dir='ltr' id='par_1_5' title="bbox 2128 337 3698 410">
     <span class='ocr_line' id='line_1_5' title="bbox 2128 337 3698 410; baseline -0.003 -14"><span class='ocrx_word' id='word_1_14' title='bbox 2128 343 2259 409; x_wconf 79' lang='grc' dir='ltr'>στῶ,</span> <span class='ocrx_word' id='word_1_15' title='bbox 2292 341 2388 396; x_wconf 72' lang='grc' dir='ltr'>καὶ</span> <span class='ocrx_word' id='word_1_16' title='bbox 2409 342 2626 396; x_wconf 83' lang='grc' dir='ltr'>πάντων</span> <span class='ocrx_word' id='word_1_17' title='bbox 2642 340 2777 410; x_wconf 85' lang='grc' dir='ltr'>ὁμοῦ</span> <span class='ocrx_word' id='word_1_18' title='bbox 2796 339 2904 393; x_wconf 84' lang='grc' dir='ltr'><strong>τῶν</strong></span> <span class='ocrx_word' id='word_1_19' title='bbox 2921 338 3187 410; x_wconf 77' lang='grc' dir='ltr'><strong>ἀδελφῶν,</strong></span> <span class='ocrx_word' id='word_1_20' title='bbox 3208 338 3438 403; x_wconf 76' lang='grc' dir='ltr'>καὶτοῦ,</span> <span class='ocrx_word' id='word_1_21' title='bbox 3463 357 3482 390; x_wconf 81' lang='grc' dir='ltr'><strong>ι</strong></span> <span class='ocrx_word' id='word_1_22' title='bbox 3500 337 3698 409; x_wconf 72' lang='grc' dir='ltr'>Κύριε,</span> 
     </span>
    </p>
   </div>
   <div class='ocr_carea' id='block_1_6' title="bbox 432 436 1783 509">
    <p class='ocr_par' dir='ltr' id='par_1_6' title="bbox 432 436 1783 509">
     <span class='ocr_line' id='line_1_6' title="bbox 432 436 1783 509; baseline -0.011 -4"><span class='ocrx_word' id='word_1_23' title='bbox 432 450 572 504; x_wconf 86' lang='lat' dir='ltr'><strong>riam</strong></span> <span class='ocrx_word' id='word_1_24' title='bbox 601 445 909 509; x_wconf 76' lang='lat' dir='ltr'><strong>Trinitatis,</strong></span> <span class='ocrx_word' id='word_1_25' title='bbox 938 441 1024 496; x_wconf 88' lang='lat' dir='ltr'><strong>cui</strong></span> <span class='ocrx_word' id='word_1_26' title='bbox 1053 441 1157 495; x_wconf 87' lang='lat' dir='ltr'><strong>ista</strong></span> <span class='ocrx_word' id='word_1_27' title='bbox 1189 436 1416 492; x_wconf 81' lang='lat' dir='ltr'><strong>oﬂertur</strong></span> <span class='ocrx_word' id='word_1_28' title='bbox 1446 436 1783 505; x_wconf 72' lang='lat' dir='ltr'><strong>deprecatio.</strong></span> 
     </span>
    </p>
   </div>
   <div class='ocr_carea' id='block_1_7' title="bbox 2122 430 3703 503">
    <p class='ocr_par' dir='ltr' id='par_1_7' title="bbox 2122 430 3703 503">
     <span class='ocr_line' id='line_1_7' title="bbox 2122 430 3703 503; baseline -0.003 -15"><span class='ocrx_word' id='word_1_29' title='bbox 2122 436 2368 503; x_wconf 74' lang='grc' dir='ltr'>ἐλέησον,</span> <span class='ocrx_word' id='word_1_30' title='bbox 2409 453 2429 488; x_wconf 68' lang='grc' dir='ltr'><strong>ι</strong></span> <span class='ocrx_word' id='word_1_31' title='bbox 2461 433 2562 503; x_wconf 77' lang='grc' dir='ltr'>τῆς</span> <span class='ocrx_word' id='word_1_32' title='bbox 2593 430 2998 486; x_wconf 81' lang='grc' dir='ltr'>εὐκατανύκτου</span> <span class='ocrx_word' id='word_1_33' title='bbox 3029 431 3122 485; x_wconf 74' lang='grc' dir='ltr'>καὶ</span> <span class='ocrx_word' id='word_1_34' title='bbox 3183 432 3417 502; x_wconf 74' lang='grc' dir='ltr'>ἰσχυρᾶς</span> <span class='ocrx_word' id='word_1_35' title='bbox 3465 430 3703 500; x_wconf 81' lang='grc' dir='ltr'><strong>δεήσεως</strong></span> 
     </span>
    </p>
   </div>
   <div class='ocr_carea' id='block_1_8' title="bbox 431 521 3701 611">
    <p class='ocr_par' dir='ltr' id='par_1_8' title="bbox 431 521 3701 611">
     <span class='ocr_line' id='line_1_8' title="bbox 431 521 3701 611; baseline -0.004 -25"><span class='ocrx_word' id='word_1_36' title='bbox 431 539 725 611; x_wconf 79' lang='grc' dir='ltr'><strong>λεγομένου</strong></span> <span class='ocrx_word' id='word_1_37' title='bbox 756 536 830 596; x_wconf 80' lang='grc' dir='ltr'>ὼς</span> <span class='ocrx_word' id='word_1_38' title='bbox 861 535 895 603; x_wconf 76' lang='grc' dir='ltr'><strong>ἡ</strong></span> <span class='ocrx_word' id='word_1_39' title='bbox 924 531 1083 598; x_wconf 80' lang='grc' dir='ltr'>τάξις.</span> <span class='ocrx_word' id='word_1_40' title='bbox 1104 529 1440 594; x_wconf 80' lang='grc' dir='ltr'><strong>πλειστάκις,</strong></span> <span class='ocrx_word' id='word_1_41' title='bbox 1471 529 1568 583; x_wconf 75' lang='grc' dir='ltr'><strong>καὶ</strong></span> <span class='ocrx_word' id='word_1_42' title='bbox 1600 529 1720 598; x_wconf 76' lang='grc' dir='ltr'>τρὶς</span> <span class='ocrx_word' id='word_1_43' title='bbox 1775 525 2002 597; x_wconf 74' lang='grc' dir='ltr'>ὕστερον</span> <span class='ocrx_word' id='word_1_44' title='bbox 2039 524 2339 594; x_wconf 82' lang='grc' dir='ltr'><strong>λεγομένου</strong></span> <span class='ocrx_word' id='word_1_45' title='bbox 2369 524 2460 578; x_wconf 81' lang='grc' dir='ltr'><strong>διὰ</strong></span> <span class='ocrx_word' id='word_1_46' title='bbox 2483 525 2582 595; x_wconf 80' lang='grc' dir='ltr'>τὴν</span> <span class='ocrx_word' id='word_1_47' title='bbox 2611 525 2772 592; x_wconf 81' lang='grc' dir='ltr'>δόξαν</span> <span class='ocrx_word' id='word_1_48' title='bbox 2805 524 2906 594; x_wconf 78' lang='grc' dir='ltr'>τῆς</span> <span class='ocrx_word' id='word_1_49' title='bbox 2973 523 3228 594; x_wconf 83' lang='grc' dir='ltr'>Τριὰδος,</span> <span class='ocrx_word' id='word_1_50' title='bbox 3281 524 3378 576; x_wconf 82' lang='grc' dir='ltr'><strong>καὶ</strong></span> <span class='ocrx_word' id='word_1_51' title='bbox 3423 523 3505 576; x_wconf 82' lang='grc' dir='ltr'>ὅτι</span> <span class='ocrx_word' id='word_1_52' title='bbox 3567 521 3701 592; x_wconf 76' lang='grc' dir='ltr'>πρὸς</span> 
     </span>
    </p>
   </div>
   <div class='ocr_carea' id='block_1_9' title="bbox 432 627 1230 703">
    <p class='ocr_par' dir='ltr' id='par_1_9' title="bbox 432 627 1230 703">
     <span class='ocr_line' id='line_1_9' title="bbox 432 627 1230 703; baseline -0.011 -17"><span class='ocrx_word' id='word_1_53' title='bbox 432 631 598 703; x_wconf 76' lang='grc' dir='ltr'>αὐτὴν</span> <span class='ocrx_word' id='word_1_54' title='bbox 620 631 653 701; x_wconf 80' lang='grc' dir='ltr'><strong>ἡ</strong></span> <span class='ocrx_word' id='word_1_55' title='bbox 678 630 858 700; x_wconf 82' lang='grc' dir='ltr'>δέησις</span> <span class='ocrx_word' id='word_1_56' title='bbox 878 627 1230 696; x_wconf 79' lang='grc' dir='ltr'>ἀναφέρεται.</span> 
     </span>
    </p>
   </div>
   <div class='ocr_carea' id='block_1_10' title="bbox 795 713 1478 789">
    <p class='ocr_par' dir='ltr' id='par_1_10' title="bbox 795 713 1478 789">
     <span class='ocr_line' id='line_1_10' title="bbox 795 713 1478 789; baseline -0.007 -16"><span class='ocrx_word' id='word_1_57' title='bbox 795 783 803 789; x_wconf 95' lang='lat'><em>_</em></span> <span class='ocrx_word' id='word_1_58' title='bbox 955 715 1183 772; x_wconf 86' lang='lat' dir='ltr'><strong>CAPUT</strong></span> <span class='ocrx_word' id='word_1_59' title='bbox 1223 713 1478 772; x_wconf 77' lang='lat' dir='ltr'><strong>CCCXL.</strong></span> 
     </span>
    </p>
   </div>
   <div class='ocr_carea' id='block_1_11' title="bbox 671 798 1764 878">
    <p class='ocr_par' dir='ltr' id='par_1_11' title="bbox 671 798 1764 878">
     <span class='ocr_line' id='line_1_11' title="bbox 671 798 1764 878; baseline -0.009 -10"><span class='ocrx_word' id='word_1_60' title='bbox 671 812 744 868; x_wconf 82' lang='lat' dir='ltr'><strong>De</strong></span> <span class='ocrx_word' id='word_1_61' title='bbox 773 812 1052 878; x_wconf 70' lang='lat' dir='ltr'><strong>postremis</strong></span> <span class='ocrx_word' id='word_1_62' title='bbox 1076 811 1131 863; x_wconf 81' lang='lat' dir='ltr'><strong>in</strong></span> <span class='ocrx_word' id='word_1_63' title='bbox 1151 810 1476 878; x_wconf 82' lang='lat' dir='ltr'><strong>processione</strong></span> <span class='ocrx_word' id='word_1_64' title='bbox 1501 798 1764 875; x_wconf 74' lang='lat' dir='ltr'><strong>precibus.</strong></span> 
     </span>
    </p>
   </div>
   <div class='ocr_carea' id='block_1_12' title="bbox 501 898 2000 984">
    <p class='ocr_par' dir='ltr' id='par_1_12' title="bbox 501 898 2000 984">
     <span class='ocr_line' id='line_1_12' title="bbox 501 898 2000 984; baseline -0.008 -22"><span class='ocrx_word' id='word_1_65' title='bbox 501 904 768 966; x_wconf 85' lang='lat' dir='ltr'><strong>Sacerdos</strong></span> <span class='ocrx_word' id='word_1_66' title='bbox 822 905 1023 984; x_wconf 55' lang='lat' dir='ltr'><strong>bonum</strong></span> <span class='ocrx_word' id='word_1_67' title='bbox 1082 902 1486 970; x_wconf 85' lang='lat' dir='ltr'><strong>benignumque</strong></span> <span class='ocrx_word' id='word_1_68' title='bbox 1529 898 1700 952; x_wconf 92' lang='lat' dir='ltr'><strong>Deum</strong></span> <span class='ocrx_word' id='word_1_69' title='bbox 1747 906 2000 966; x_wconf 75' lang='lat' dir='ltr'><strong>precatur</strong></span> 
     </span>
    </p>
   </div>
   <div class='ocr_carea' id='block_1_13' title="bbox 429 989 2004 1060">
    <p class='ocr_par' dir='ltr' id='par_1_13' title="bbox 429 989 2004 1060">
     <span class='ocr_line' id='line_1_13' title="bbox 429 989 2004 1060; baseline -0.007 -6"><span class='ocrx_word' id='word_1_70' title='bbox 429 1007 497 1054; x_wconf 86' lang='lat' dir='ltr'><strong>ut</strong></span> <span class='ocrx_word' id='word_1_71' title='bbox 527 1012 716 1052; x_wconf 83' lang='lat' dir='ltr'><strong>omnes</strong></span> <span class='ocrx_word' id='word_1_72' title='bbox 751 994 1049 1058; x_wconf 81' lang='lat' dir='ltr'><strong>exaudiat,</strong></span> <span class='ocrx_word' id='word_1_73' title='bbox 1089 991 1453 1057; x_wconf 82' lang='lat' dir='ltr'><strong>omnibusque</strong></span> <span class='ocrx_word' id='word_1_74' title='bbox 1498 989 1589 1044; x_wconf 88' lang='lat' dir='ltr'><strong>ﬁat</strong></span> <span class='ocrx_word' id='word_1_75' title='bbox 1629 989 1897 1060; x_wconf 86' lang='lat' dir='ltr'><strong>propitius</strong></span> <span class='ocrx_word' id='word_1_76' title='bbox 1948 997 2004 1044; x_wconf 83' lang='lat' dir='ltr'><strong>et</strong></span> 
     </span>
    </p>
   </div>
   <div class='ocr_carea' id='block_1_14' title="bbox 434 1079 2006 1147">
    <p class='ocr_par' dir='ltr' id='par_1_14' title="bbox 434 1079 2006 1147">
     <span class='ocr_line' id='line_1_14' title="bbox 434 1079 2006 1147; baseline -0.008 -1"><span class='ocrx_word' id='word_1_77' title='bbox 434 1093 671 1147; x_wconf 87' lang='lat' dir='ltr'><strong>clemens</strong></span> <span class='ocrx_word' id='word_1_78' title='bbox 697 1103 763 1144; x_wconf 89' lang='lat' dir='ltr'><strong>ac</strong></span> <span class='ocrx_word' id='word_1_79' title='bbox 806 1086 1060 1142; x_wconf 79' lang='lat' dir='ltr'><strong>demittat</strong></span> <span class='ocrx_word' id='word_1_80' title='bbox 1095 1083 1528 1140; x_wconf 89' lang='lat' dir='ltr'><strong>misericordiam</strong></span> <span class='ocrx_word' id='word_1_81' title='bbox 1589 1096 1768 1135; x_wconf 84' lang='lat' dir='ltr'><strong>suam.</strong></span> <span class='ocrx_word' id='word_1_82' title='bbox 1804 1079 2006 1134; x_wconf 83' lang='lat' dir='ltr'><strong>Deinde</strong></span> 
     </span>
    </p>
   </div>
   <div class='ocr_carea' id='block_1_15' title="bbox 434 1171 2005 1252">
    <p class='ocr_par' dir='ltr' id='par_1_15' title="bbox 434 1171 2005 1252">
     <span class='ocr_line' id='line_1_15' title="bbox 434 1171 2005 1252; baseline -0.007 -17"><span class='ocrx_word' id='word_1_83' title='bbox 434 1182 612 1252; x_wconf 89' lang='lat' dir='ltr'><strong>capita</strong></span> <span class='ocrx_word' id='word_1_84' title='bbox 660 1179 814 1250; x_wconf 91' lang='lat' dir='ltr'><strong>jubet</strong></span> <span class='ocrx_word' id='word_1_85' title='bbox 850 1180 915 1232; x_wconf 88' lang='lat' dir='ltr'><strong>iu&#39;</strong></span> <span class='ocrx_word' id='word_1_86' title='bbox 945 1176 1252 1231; x_wconf 86' lang='lat' dir='ltr'><strong>humilitate</strong></span> <span class='ocrx_word' id='word_1_87' title='bbox 1307 1185 1362 1228; x_wconf 91' lang='lat' dir='ltr'><strong>et</strong></span> <span class='ocrx_word' id='word_1_88' title='bbox 1401 1171 1666 1226; x_wconf 83' lang='lat' dir='ltr'><strong>servitute</strong></span> <span class='ocrx_word' id='word_1_89' title='bbox 1718 1171 2005 1225; x_wconf 90' lang='lat' dir='ltr'><strong>inclinare.</strong></span> 
     </span>
    </p>
   </div>
   <div class='ocr_carea' id='block_1_16' title="bbox 437 1259 2011 1329">
    <p class='ocr_par' dir='ltr' id='par_1_16' title="bbox 437 1259 2011 1329">
     <span class='ocr_line' id='line_1_16' title="bbox 437 1259 2011 1329; baseline -0.01 -3"><span class='ocrx_word' id='word_1_90' title='bbox 437 1272 504 1326; x_wconf 84' lang='lat' dir='ltr'><strong>Et</strong></span> <span class='ocrx_word' id='word_1_91' title='bbox 533 1283 827 1326; x_wconf 80' lang='lat' dir='ltr'><strong>conversus</strong></span> <span class='ocrx_word' id='word_1_92' title='bbox 855 1266 922 1321; x_wconf 86' lang='lat' dir='ltr'><strong>ad</strong></span> <span class='ocrx_word' id='word_1_93' title='bbox 953 1279 1235 1328; x_wconf 84' lang='lat' dir='ltr'><strong>occasum,</strong></span> <span class='ocrx_word' id='word_1_94' title='bbox 1279 1263 1344 1316; x_wconf 90' lang='lat' dir='ltr'><strong>ad</strong></span> <span class='ocrx_word' id='word_1_95' title='bbox 1377 1260 1670 1329; x_wconf 79' lang='lat' dir='ltr'><strong>ﬂagitandn</strong></span> <span class='ocrx_word' id='word_1_96' title='bbox 1705 1275 1824 1314; x_wconf 79' lang='lat' dir='ltr'><strong>sese</strong></span> <span class='ocrx_word' id='word_1_97' title='bbox 1857 1259 2011 1312; x_wconf 87' lang='lat' dir='ltr'><strong>incli-</strong></span> 
     </span>
    </p>
   </div>
   <div class='ocr_carea' id='block_1_17' title="bbox 437 1350 2011 1419">
    <p class='ocr_par' dir='ltr' id='par_1_17' title="bbox 437 1350 2011 1419">
     <span class='ocr_line' id='line_1_17' title="bbox 437 1350 2011 1419; baseline -0.011 0"><span class='ocrx_word' id='word_1_98' title='bbox 437 1363 694 1419; x_wconf 73' lang='lat' dir='ltr'><strong>nantibus</strong></span> <span class='ocrx_word' id='word_1_99' title='bbox 745 1360 839 1415; x_wconf 86' lang='lat' dir='ltr'><strong>Dei</strong></span> <span class='ocrx_word' id='word_1_100' title='bbox 871 1358 1134 1414; x_wconf 87' lang='lat' dir='ltr'><strong>beueﬁcia</strong></span> <span class='ocrx_word' id='word_1_101' title='bbox 1191 1356 1422 1410; x_wconf 89' lang='lat' dir='ltr'><strong>multum</strong></span> <span class='ocrx_word' id='word_1_102' title='bbox 1457 1351 1866 1406; x_wconf 86' lang='lat' dir='ltr'><strong>tttiscricordem</strong></span> <span class='ocrx_word' id='word_1_103' title='bbox 1903 1350 2011 1402; x_wconf 85' lang='lat' dir='ltr'><strong>Do-</strong></span> 
     </span>
    </p>
   </div>
   <div class='ocr_carea' id='block_1_18' title="bbox 437 1434 2008 1507">
    <p class='ocr_par' dir='ltr' id='par_1_18' title="bbox 437 1434 2008 1507">
     <span class='ocr_line' id='line_1_18' title="bbox 437 1434 2008 1507; baseline -0.012 -1"><span class='ocrx_word' id='word_1_104' title='bbox 437 1451 645 1507; x_wconf 87' lang='lat' dir='ltr'><strong>minum</strong></span> <span class='ocrx_word' id='word_1_105' title='bbox 679 1465 740 1503; x_wconf 87' lang='lat' dir='ltr'><strong>ac</strong></span> <span class='ocrx_word' id='word_1_106' title='bbox 763 1449 932 1503; x_wconf 90' lang='lat' dir='ltr'><strong>Deum</strong></span> <span class='ocrx_word' id='word_1_107' title='bbox 983 1457 1234 1499; x_wconf 87' lang='lat' dir='ltr'><strong>nostrum</strong></span> <span class='ocrx_word' id='word_1_108' title='bbox 1271 1442 1497 1496; x_wconf 82' lang='lat' dir='ltr'><strong>advocat</strong></span> <span class='ocrx_word' id='word_1_109' title='bbox 1521 1437 1800 1493; x_wconf 86' lang='lat' dir='ltr'><strong>Christum</strong></span> <span class='ocrx_word' id='word_1_110' title='bbox 1828 1453 1841 1498; x_wconf 86' lang='lat'><strong>;</strong></span> <span class='ocrx_word' id='word_1_111' title='bbox 1867 1453 1918 1489; x_wconf 88' lang='lat' dir='ltr'><strong>et</strong></span> <span class='ocrx_word' id='word_1_112' title='bbox 1954 1434 2008 1488; x_wconf 90' lang='lat' dir='ltr'><strong>in</strong></span> 
     </span>
    </p>
   </div>
   <div class='ocr_carea' id='block_1_19' title="bbox 439 1526 2015 1605">
    <p class='ocr_par' dir='ltr' id='par_1_19' title="bbox 439 1526 2015 1605">
     <span class='ocr_line' id='line_1_19' title="bbox 439 1526 2015 1605; baseline -0.009 -10"><span class='ocrx_word' id='word_1_113' title='bbox 439 1542 800 1596; x_wconf 73' lang='lat' dir='ltr'><strong>intercessum</strong></span> <span class='ocrx_word' id='word_1_114' title='bbox 848 1535 1119 1605; x_wconf 89' lang='lat' dir='ltr'><strong>producto</strong></span> <span class='ocrx_word' id='word_1_115' title='bbox 1162 1539 1366 1587; x_wconf 70' lang='lat' dir='ltr'><strong>sanet-.2</strong></span> <span class='ocrx_word' id='word_1_116' title='bbox 1403 1529 1644 1599; x_wconf 77' lang='lat' dir='ltr'><strong>Virginis</strong></span> <span class='ocrx_word' id='word_1_117' title='bbox 1681 1527 1870 1581; x_wconf 79' lang='lat' dir='ltr'><strong>Matris</strong></span> <span class='ocrx_word' id='word_1_118' title='bbox 1897 1526 2015 1595; x_wconf 83' lang='lat' dir='ltr'><strong>ejus</strong></span> 
     </span>
    </p>
   </div>
   <div class='ocr_carea' id='block_1_20' title="bbox 440 1622 2015 1702">
    <p class='ocr_par' dir='ltr' id='par_1_20' title="bbox 440 1622 2015 1702">
     <span class='ocr_line' id='line_1_20' title="bbox 440 1622 2015 1702; baseline -0.01 -16"><span class='ocrx_word' id='word_1_119' title='bbox 440 1633 683 1702; x_wconf 73' lang='lat' dir='ltr'><strong>Deipara:</strong></span> <span class='ocrx_word' id='word_1_120' title='bbox 714 1627 1044 1700; x_wconf 83' lang='lat' dir='ltr'><strong>patrocinio,</strong></span> <span class='ocrx_word' id='word_1_121' title='bbox 1082 1639 1294 1681; x_wconf 87' lang='lat' dir='ltr'><strong>necnon</strong></span> <span class='ocrx_word' id='word_1_122' title='bbox 1349 1622 1674 1690; x_wconf 75' lang='lat' dir='ltr'><strong>angelorum</strong></span> <span class='ocrx_word' id='word_1_123' title='bbox 1704 1627 1760 1673; x_wconf 91' lang='lat' dir='ltr'><strong>et</strong></span> <span class='ocrx_word' id='word_1_124' title='bbox 1791 1627 2015 1686; x_wconf 89' lang='lat' dir='ltr'><strong>aposto-</strong></span> 
     </span>
    </p>
   </div>
   <div class='ocr_carea' id='block_1_21' title="bbox 2684 709 3136 765">
    <p class='ocr_par' dir='ltr' id='par_1_21' title="bbox 2684 709 3136 765">
     <span class='ocr_line' id='line_1_21' title="bbox 2684 709 3136 765; baseline 0.004 -2"><span class='ocrx_word' id='word_1_125' title='bbox 2684 709 2940 764; x_wconf 71' lang='grc' dir='ltr'><strong>ΚΕΦΑΛ.</strong></span> <span class='ocrx_word' id='word_1_126' title='bbox 3001 709 3136 765; x_wconf 81' lang='grc' dir='ltr'><strong>ΤΜ’.</strong></span> 
     </span>
    </p>
   </div>
   <div class='ocr_carea' id='block_1_22' title="bbox 2187 799 3630 872">
    <p class='ocr_par' dir='ltr' id='par_1_22' title="bbox 2187 799 3630 872">
     <span class='ocr_line' id='line_1_22' title="bbox 2187 799 3630 872; baseline 0.002 -18"><span class='ocrx_word' id='word_1_127' title='bbox 2187 800 2329 868; x_wconf 75' lang='grc' dir='ltr'>Περὶ</span> <span class='ocrx_word' id='word_1_128' title='bbox 2369 799 2481 868; x_wconf 81' lang='grc' dir='ltr'>τῆς</span> <span class='ocrx_word' id='word_1_129' title='bbox 2510 803 2858 866; x_wconf 76' lang='grc' dir='ltr'>τελευταίας</span> <span class='ocrx_word' id='word_1_130' title='bbox 2886 799 3075 871; x_wconf 83' lang='grc' dir='ltr'>εὐχῆς</span> <span class='ocrx_word' id='word_1_131' title='bbox 3117 803 3228 871; x_wconf 81' lang='grc' dir='ltr'>τῆς</span> <span class='ocrx_word' id='word_1_132' title='bbox 3256 803 3327 856; x_wconf 76' lang='grc' dir='ltr'><strong>ἐν</strong></span> <span class='ocrx_word' id='word_1_133' title='bbox 3359 802 3435 872; x_wconf 77' lang='grc' dir='ltr'>τῇ</span> <span class='ocrx_word' id='word_1_134' title='bbox 3471 803 3630 872; x_wconf 73' lang='grc' dir='ltr'>λιτῇ.</span> 
     </span>
    </p>
   </div>
   <div class='ocr_carea' id='block_1_23' title="bbox 2191 892 3706 964">
    <p class='ocr_par' dir='ltr' id='par_1_23' title="bbox 2191 892 3706 964">
     <span class='ocr_line' id='line_1_23' title="bbox 2191 892 3706 964; baseline 0.003 -19"><span class='ocrx_word' id='word_1_135' title='bbox 2191 893 2257 946; x_wconf 85' lang='lat' dir='ltr'><strong>&#39;O</strong></span> <span class='ocrx_word' id='word_1_136' title='bbox 2285 892 2465 960; x_wconf 75' lang='grc' dir='ltr'>ἱερεὺς</span> <span class='ocrx_word' id='word_1_137' title='bbox 2494 892 2798 946; x_wconf 71' lang='grc' dir='ltr'>ἐπακοῦσαι</span> <span class='ocrx_word' id='word_1_138' title='bbox 2854 895 3074 947; x_wconf 79' lang='grc' dir='ltr'>πάντων</span> <span class='ocrx_word' id='word_1_139' title='bbox 3100 895 3193 946; x_wconf 82' lang='grc' dir='ltr'>τὸν</span> <span class='ocrx_word' id='word_1_140' title='bbox 3213 895 3416 961; x_wconf 77' lang='grc' dir='ltr'>ἀγαθὸν</span> <span class='ocrx_word' id='word_1_141' title='bbox 3459 897 3552 950; x_wconf 82' lang='grc' dir='ltr'><strong>καὶ</strong></span> <span class='ocrx_word' id='word_1_142' title='bbox 3587 897 3706 964; x_wconf 82' lang='grc' dir='ltr'>φιλ-</span> 
     </span>
    </p>
   </div>
   <div class='ocr_carea' id='block_1_24' title="bbox 2110 986 3698 1058">
    <p class='ocr_par' dir='ltr' id='par_1_24' title="bbox 2110 986 3698 1058">
     <span class='ocr_line' id='line_1_24' title="bbox 2110 986 3698 1058; baseline -0.001 -14"><span class='ocrx_word' id='word_1_143' title='bbox 2110 987 2396 1058; x_wconf 77' lang='grc' dir='ltr'>άνθρωπον</span> <span class='ocrx_word' id='word_1_144' title='bbox 2417 986 2549 1040; x_wconf 81' lang='grc' dir='ltr'>Θεὸν</span> <span class='ocrx_word' id='word_1_145' title='bbox 2576 987 2954 1057; x_wconf 78' lang='grc' dir='ltr'>ὑπερεύχεται.</span> <span class='ocrx_word' id='word_1_146' title='bbox 2981 987 3076 1040; x_wconf 72' lang='grc' dir='ltr'><strong>καὶ</strong></span> <span class='ocrx_word' id='word_1_147' title='bbox 3094 987 3258 1057; x_wconf 74' lang='lat'><strong>239</strong></span> <span class='ocrx_word' id='word_1_148' title='bbox 3277 989 3408 1042; x_wconf 81' lang='grc' dir='ltr'>πᾶσι</span> <span class='ocrx_word' id='word_1_149' title='bbox 3439 989 3698 1055; x_wconf 88' lang='grc' dir='ltr'>γενέσθαι</span> 
     </span>
    </p>
   </div>
   <div class='ocr_carea' id='block_1_25' title="bbox 2111 1079 3699 1147">
    <p class='ocr_par' dir='ltr' id='par_1_25' title="bbox 2111 1079 3699 1147">
     <span class='ocr_line' id='line_1_25' title="bbox 2111 1079 3699 1147; baseline -0.003 -14"><span class='ocrx_word' id='word_1_150' title='bbox 2111 1081 2270 1134; x_wconf 60' lang='lat' dir='ltr'><strong>nam</strong></span> <span class='ocrx_word' id='word_1_151' title='bbox 2290 1097 2347 1132; x_wconf 87' lang='grc' dir='ltr'><strong>τε</strong></span> <span class='ocrx_word' id='word_1_152' title='bbox 2382 1080 2477 1133; x_wconf 70' lang='grc' dir='ltr'><strong>καὶ</strong></span> <span class='ocrx_word' id='word_1_153' title='bbox 2506 1079 2736 1147; x_wconf 77' lang='grc' dir='ltr'><strong>εὐμενῆ,</strong></span> <span class='ocrx_word' id='word_1_154' title='bbox 2768 1080 2861 1131; x_wconf 75' lang='grc' dir='ltr'><strong>καὶ</strong></span> <span class='ocrx_word' id='word_1_155' title='bbox 2889 1079 2978 1131; x_wconf 78' lang='grc' dir='ltr'>τὸν</span> <span class='ocrx_word' id='word_1_156' title='bbox 3002 1079 3150 1132; x_wconf 71' lang='grc' dir='ltr'>ἔλεον</span> <span class='ocrx_word' id='word_1_157' title='bbox 3177 1079 3344 1132; x_wconf 85' lang='grc' dir='ltr'>αὐτοῦ</span> <span class='ocrx_word' id='word_1_158' title='bbox 3412 1079 3699 1147; x_wconf 82' lang='grc' dir='ltr'>καταπέμ-</span> 
     </span>
    </p>
   </div>
   <div class='ocr_carea' id='block_1_26' title="bbox 2115 1166 3702 1243">
    <p class='ocr_par' dir='ltr' id='par_1_26' title="bbox 2115 1166 3702 1243">
     <span class='ocr_line' id='line_1_26' title="bbox 2115 1166 3702 1243; baseline -0.003 -17"><span class='ocrx_word' id='word_1_159' title='bbox 2115 1171 2235 1242; x_wconf 74' lang='grc' dir='ltr'>ψαι.</span> <span class='ocrx_word' id='word_1_160' title='bbox 2265 1166 2397 1225; x_wconf 74' lang='grc' dir='ltr'>Εἶτα</span> <span class='ocrx_word' id='word_1_161' title='bbox 2429 1169 2607 1224; x_wconf 80' lang='grc' dir='ltr'>κλῖναί</span> <span class='ocrx_word' id='word_1_162' title='bbox 2635 1187 2798 1240; x_wconf 86' lang='grc' dir='ltr'>φησιν</span> <span class='ocrx_word' id='word_1_163' title='bbox 2822 1173 2879 1224; x_wconf 84' lang='grc' dir='ltr'>ὲν</span> <span class='ocrx_word' id='word_1_164' title='bbox 2898 1171 3222 1224; x_wconf 76' lang='grc' dir='ltr'><strong>ταπεινώσει</strong></span> <span class='ocrx_word' id='word_1_165' title='bbox 3257 1187 3314 1223; x_wconf 89' lang='grc' dir='ltr'><strong>τε</strong></span> <span class='ocrx_word' id='word_1_166' title='bbox 3367 1171 3460 1223; x_wconf 81' lang='grc' dir='ltr'><strong>καὶ</strong></span> <span class='ocrx_word' id='word_1_167' title='bbox 3491 1170 3702 1243; x_wconf 75' lang='grc' dir='ltr'>δουλείᾳ</span> 
     </span>
    </p>
   </div>
   <div class='ocr_carea' id='block_1_27' title="bbox 2118 1260 3704 1330">
    <p class='ocr_par' dir='ltr' id='par_1_27' title="bbox 2118 1260 3704 1330">
     <span class='ocr_line' id='line_1_27' title="bbox 2118 1260 3704 1330; baseline -0.001 -16"><span class='ocrx_word' id='word_1_168' title='bbox 2118 1261 2217 1323; x_wconf 80' lang='grc' dir='ltr'><strong>τὰς</strong></span> <span class='ocrx_word' id='word_1_169' title='bbox 2254 1261 2515 1328; x_wconf 80' lang='grc' dir='ltr'>κεφαλάς.</span> <span class='ocrx_word' id='word_1_170' title='bbox 2556 1262 2666 1314; x_wconf 75' lang='grc' dir='ltr'><strong>Καὶ</strong></span> <span class='ocrx_word' id='word_1_171' title='bbox 2695 1262 3060 1329; x_wconf 78' lang='grc' dir='ltr'><strong>στρεφόμενος</strong></span> <span class='ocrx_word' id='word_1_172' title='bbox 3102 1260 3240 1330; x_wconf 77' lang='grc' dir='ltr'>πρὸς</span> <span class='ocrx_word' id='word_1_173' title='bbox 3271 1261 3503 1328; x_wconf 85' lang='grc' dir='ltr'>δυσμὰς,</span> <span class='ocrx_word' id='word_1_174' title='bbox 3534 1261 3606 1322; x_wconf 82' lang='grc' dir='ltr'><strong>ὡς</strong></span> <span class='ocrx_word' id='word_1_175' title='bbox 3638 1263 3704 1313; x_wconf 75' lang='grc' dir='ltr'><strong>ἐκ</strong></span> 
     </span>
    </p>
   </div>
   <div class='ocr_carea' id='block_1_28' title="bbox 2113 1349 3702 1420">
    <p class='ocr_par' dir='ltr' id='par_1_28' title="bbox 2113 1349 3702 1420">
     <span class='ocr_line' id='line_1_28' title="bbox 2113 1349 3702 1420; baseline -0.001 -18"><span class='ocrx_word' id='word_1_176' title='bbox 2113 1349 2250 1403; x_wconf 84' lang='grc' dir='ltr'><strong>Θεοῦ</strong></span> <span class='ocrx_word' id='word_1_177' title='bbox 2279 1352 2393 1413; x_wconf 85' lang='grc' dir='ltr'>τοῖς</span> <span class='ocrx_word' id='word_1_178' title='bbox 2449 1351 2788 1419; x_wconf 77' lang='grc' dir='ltr'>κλινομένοις</span> <span class='ocrx_word' id='word_1_179' title='bbox 2842 1352 2908 1403; x_wconf 80' lang='grc' dir='ltr'><strong>τὰ</strong></span> <span class='ocrx_word' id='word_1_180' title='bbox 2950 1351 3131 1417; x_wconf 72' lang='grc' dir='ltr'>ἀγαθὰ</span> <span class='ocrx_word' id='word_1_181' title='bbox 3182 1351 3568 1420; x_wconf 75' lang='grc' dir='ltr'>ἐπευχόμενος,</span> <span class='ocrx_word' id='word_1_182' title='bbox 3611 1352 3702 1402; x_wconf 67' lang='grc' dir='ltr'><strong>τὸν</strong></span> 
     </span>
    </p>
   </div>
   <div class='ocr_carea' id='block_1_29' title="bbox 2115 1441 3699 1511">
    <p class='ocr_par' dir='ltr' id='par_1_29' title="bbox 2115 1441 3699 1511">
     <span class='ocr_line' id='line_1_29' title="bbox 2115 1441 3699 1511; baseline 0.001 -19"><span class='ocrx_word' id='word_1_183' title='bbox 2115 1441 2400 1493; x_wconf 81' lang='grc' dir='ltr'>πολυέλεον</span> <span class='ocrx_word' id='word_1_184' title='bbox 2471 1443 2753 1510; x_wconf 82' lang='grc' dir='ltr'>Δεσπότην</span> <span class='ocrx_word' id='word_1_185' title='bbox 2805 1442 2898 1494; x_wconf 76' lang='grc' dir='ltr'><strong>καὶ</strong></span> <span class='ocrx_word' id='word_1_186' title='bbox 2961 1442 3097 1495; x_wconf 80' lang='grc' dir='ltr'>Θεὸν</span> <span class='ocrx_word' id='word_1_187' title='bbox 3148 1441 3306 1511; x_wconf 84' lang='grc' dir='ltr'>ὴμῶν</span> <span class='ocrx_word' id='word_1_188' title='bbox 3352 1441 3699 1495; x_wconf 68' lang='grc' dir='ltr'>ἐπικαλεῖται</span> 
     </span>
    </p>
   </div>
   <div class='ocr_carea' id='block_1_30' title="bbox 2113 1531 3702 1604">
    <p class='ocr_par' dir='ltr' id='par_1_30' title="bbox 2113 1531 3702 1604">
     <span class='ocr_line' id='line_1_30' title="bbox 2113 1531 3702 1604; baseline -0.003 -18"><span class='ocrx_word' id='word_1_189' title='bbox 2113 1533 2371 1603; x_wconf 82' lang='grc' dir='ltr'>Χριστόν.</span> <span class='ocrx_word' id='word_1_190' title='bbox 2400 1534 2512 1587; x_wconf 77' lang='grc' dir='ltr'><strong>Καὶ</strong></span> <span class='ocrx_word' id='word_1_191' title='bbox 2544 1537 2643 1596; x_wconf 82' lang='grc' dir='ltr'>τὰς</span> <span class='ocrx_word' id='word_1_192' title='bbox 2672 1535 2771 1604; x_wconf 82' lang='grc' dir='ltr'>τῆς</span> <span class='ocrx_word' id='word_1_193' title='bbox 2802 1534 2966 1601; x_wconf 83' lang='grc' dir='ltr'>ἁγίας</span> <span class='ocrx_word' id='word_1_194' title='bbox 2998 1535 3278 1604; x_wconf 82' lang='grc' dir='ltr'><strong>Παρθένου</strong></span> <span class='ocrx_word' id='word_1_195' title='bbox 3335 1533 3554 1604; x_wconf 80' lang='grc' dir='ltr'>Μητρὸς</span> <span class='ocrx_word' id='word_1_196' title='bbox 3601 1531 3702 1583; x_wconf 82' lang='grc' dir='ltr'><strong>αὐ-</strong></span> 
     </span>
    </p>
   </div>
   <div class='ocr_carea' id='block_1_31' title="bbox 2114 1619 3700 1694">
    <p class='ocr_par' dir='ltr' id='par_1_31' title="bbox 2114 1619 3700 1694">
     <span class='ocr_line' id='line_1_31' title="bbox 2114 1619 3700 1694; baseline -0.004 -17"><span class='ocrx_word' id='word_1_197' title='bbox 2114 1623 2206 1677; x_wconf 85' lang='grc' dir='ltr'><strong>τοῦ</strong></span> <span class='ocrx_word' id='word_1_198' title='bbox 2231 1623 2528 1694; x_wconf 77' lang='grc' dir='ltr'>πρεσϐείας</span> <span class='ocrx_word' id='word_1_199' title='bbox 2550 1625 2651 1693; x_wconf 77' lang='grc' dir='ltr'>τῆς</span> <span class='ocrx_word' id='word_1_200' title='bbox 2673 1623 2970 1690; x_wconf 81' lang='grc' dir='ltr'>Θεοτόκου,</span> <span class='ocrx_word' id='word_1_201' title='bbox 3011 1626 3094 1687; x_wconf 82' lang='grc' dir='ltr'><strong>είς</strong></span> <span class='ocrx_word' id='word_1_202' title='bbox 3124 1622 3406 1692; x_wconf 76' lang='grc' dir='ltr'>μεσιτείαν</span> <span class='ocrx_word' id='word_1_203' title='bbox 3455 1619 3700 1690; x_wconf 72' lang='grc' dir='ltr'>προθεὶς,</span> 
     </span>
    </p>
   </div>
   <div class='ocr_carea' id='block_1_32' title="bbox 439 1711 2045 1792">
    <p class='ocr_par' dir='ltr' id='par_1_32' title="bbox 439 1712 2012 1792">
     <span class='ocr_line' id='line_1_32' title="bbox 439 1712 2012 1792; baseline -0.012 -12"><span class='ocrx_word' id='word_1_204' title='bbox 439 1727 636 1789; x_wconf 88' lang='lat' dir='ltr'><strong>lorum,</strong></span> <span class='ocrx_word' id='word_1_205' title='bbox 698 1730 998 1792; x_wconf 74' lang='lat' dir='ltr'><strong>martyrum</strong></span> <span class='ocrx_word' id='word_1_206' title='bbox 1055 1728 1108 1773; x_wconf 90' lang='lat' dir='ltr'><strong>et</strong></span> <span class='ocrx_word' id='word_1_207' title='bbox 1155 1717 1478 1788; x_wconf 87' lang='lat' dir='ltr'><strong>pontiﬁcum</strong></span> <span class='ocrx_word' id='word_1_208' title='bbox 1531 1724 1692 1784; x_wconf 86' lang='lat' dir='ltr'><strong>atque</strong></span> <span class='ocrx_word' id='word_1_209' title='bbox 1738 1712 2012 1782; x_wconf 88' lang='lat' dir='ltr'><strong>justorum</strong></span> 
     </span>
    </p>
   </div>
   <div class='ocr_carea' id='block_1_33' title="bbox 2128 1711 3701 1792">
    <p class='ocr_par' dir='ltr' id='par_1_33' title="bbox 2128 1711 3701 1783">
     <span class='ocr_line' id='line_1_33' title="bbox 2128 1711 3701 1783; baseline -0.004 -16"><span class='ocrx_word' id='word_1_210' title='bbox 2128 1714 2196 1768; x_wconf 69' lang='grc' dir='ltr'>ἔτι</span> <span class='ocrx_word' id='word_1_211' title='bbox 2223 1716 2281 1769; x_wconf 78' lang='grc' dir='ltr'>δὲ</span> <span class='ocrx_word' id='word_1_212' title='bbox 2311 1716 2405 1770; x_wconf 69' lang='grc' dir='ltr'><strong>καὶ</strong></span> <span class='ocrx_word' id='word_1_213' title='bbox 2430 1713 2537 1768; x_wconf 81' lang='grc' dir='ltr'><strong>τῶν</strong></span> <span class='ocrx_word' id='word_1_214' title='bbox 2568 1715 2816 1783; x_wconf 80' lang='grc' dir='ltr'>ἀγγέλων</span> <span class='ocrx_word' id='word_1_215' title='bbox 2861 1716 2956 1768; x_wconf 75' lang='grc' dir='ltr'><strong>καὶ</strong></span> <span class='ocrx_word' id='word_1_216' title='bbox 3011 1713 3350 1780; x_wconf 82' lang='grc' dir='ltr'>ἀποστόλων,</span> <span class='ocrx_word' id='word_1_217' title='bbox 3405 1711 3701 1782; x_wconf 85' lang='grc' dir='ltr'>μαρτύρων</span> 
     </span>
    </p>
   </div>
   <div class='ocr_carea' id='block_1_34' title="bbox 439 1806 2018 1883">
    <p class='ocr_par' dir='ltr' id='par_1_34' title="bbox 439 1806 2018 1883">
     <span class='ocr_line' id='line_1_34' title="bbox 439 1806 2018 1883; baseline -0.013 -9"><span class='ocrx_word' id='word_1_218' title='bbox 439 1826 864 1883; x_wconf 80' lang='lat' dir='ltr'><strong>sanctorumque</strong></span> <span class='ocrx_word' id='word_1_219' title='bbox 913 1811 1078 1869; x_wconf 90' lang='lat' dir='ltr'><strong>simul</strong></span> <span class='ocrx_word' id='word_1_220' title='bbox 1128 1810 1538 1873; x_wconf 81' lang='lat' dir='ltr'><strong>universomm,</strong></span> <span class='ocrx_word' id='word_1_221' title='bbox 1573 1807 1794 1875; x_wconf 81' lang='lat' dir='ltr'><strong>propter</strong></span> <span class='ocrx_word' id='word_1_222' title='bbox 1819 1816 1914 1856; x_wconf 89' lang='lat' dir='ltr'><strong>eos</strong></span> <span class='ocrx_word' id='word_1_223' title='bbox 1962 1806 2018 1854; x_wconf 89' lang='lat' dir='ltr'><strong>et</strong></span> 
     </span>
    </p>
   </div>
   <div class='ocr_carea' id='block_1_35' title="bbox 440 1893 2008 1978">
    <p class='ocr_par' dir='ltr' id='par_1_35' title="bbox 440 1893 2008 1978">
     <span class='ocr_line' id='line_1_35' title="bbox 440 1893 2008 1978; baseline -0.011 -14"><span class='ocrx_word' id='word_1_224' title='bbox 440 1926 549 1964; x_wconf 91' lang='lat' dir='ltr'><strong>non</strong></span> <span class='ocrx_word' id='word_1_225' title='bbox 584 1915 803 1978; x_wconf 82' lang='lat' dir='ltr'><strong>propter</strong></span> <span class='ocrx_word' id='word_1_226' title='bbox 858 1919 959 1958; x_wconf 81' lang='lat' dir='ltr'><strong>nos</strong></span> <span class='ocrx_word' id='word_1_227' title='bbox 1007 1903 1182 1973; x_wconf 89' lang='lat' dir='ltr'><strong>poscit</strong></span> <span class='ocrx_word' id='word_1_228' title='bbox 1222 1912 1279 1956; x_wconf 89' lang='lat' dir='ltr'><strong>ut</strong></span> <span class='ocrx_word' id='word_1_229' title='bbox 1313 1899 1664 1969; x_wconf 85' lang='lat' dir='ltr'><strong>acceptabilis</strong></span> <span class='ocrx_word' id='word_1_230' title='bbox 1691 1893 2008 1964; x_wconf 85' lang='lat' dir='ltr'><strong>deprecatio</strong></span> 
     </span>
    </p>
   </div>
   <div class='ocr_carea' id='block_1_36' title="bbox 443 1985 2021 2068">
    <p class='ocr_par' dir='ltr' id='par_1_36' title="bbox 443 1985 2021 2068">
     <span class='ocr_line' id='line_1_36' title="bbox 443 1985 2021 2068; baseline -0.011 -13"><span class='ocrx_word' id='word_1_231' title='bbox 443 2011 650 2063; x_wconf 88' lang='lat' dir='ltr'><strong>nostra,</strong></span> <span class='ocrx_word' id='word_1_232' title='bbox 684 2007 1144 2068; x_wconf 84' lang='lat' dir='ltr'><strong>peccatorumque</strong></span> <span class='ocrx_word' id='word_1_233' title='bbox 1202 1995 1371 2050; x_wconf 87' lang='lat' dir='ltr'><strong>detur</strong></span> <span class='ocrx_word' id='word_1_234' title='bbox 1402 1992 1652 2047; x_wconf 88' lang='lat' dir='ltr'><strong>remissio</strong></span> <span class='ocrx_word' id='word_1_235' title='bbox 1701 1997 1757 2044; x_wconf 90' lang='lat' dir='ltr'><strong>et</strong></span> <span class='ocrx_word' id='word_1_236' title='bbox 1782 2002 1880 2042; x_wconf 90' lang='lat' dir='ltr'><strong>nos</strong></span> <span class='ocrx_word' id='word_1_237' title='bbox 1917 1985 2021 2040; x_wconf 87' lang='lat' dir='ltr'><strong>sub</strong></span> 
     </span>
    </p>
   </div>
   <div class='ocr_carea' id='block_1_37' title="bbox 443 2077 2021 2161">
    <p class='ocr_par' dir='ltr' id='par_1_37' title="bbox 443 2077 2021 2161">
     <span class='ocr_line' id='line_1_37' title="bbox 443 2077 2021 2161; baseline -0.011 -14"><span class='ocrx_word' id='word_1_238' title='bbox 443 2094 546 2148; x_wconf 87' lang='lat' dir='ltr'><strong>alis</strong></span> <span class='ocrx_word' id='word_1_239' title='bbox 590 2091 709 2161; x_wconf 83' lang='lat' dir='ltr'><strong>ejus</strong></span> <span class='ocrx_word' id='word_1_240' title='bbox 762 2101 1141 2161; x_wconf 84' lang='lat' dir='ltr'><strong>protegamur,</strong></span> <span class='ocrx_word' id='word_1_241' title='bbox 1189 2101 1253 2141; x_wconf 89' lang='lat' dir='ltr'><strong>ac</strong></span> <span class='ocrx_word' id='word_1_242' title='bbox 1300 2086 1468 2154; x_wconf 85' lang='lat' dir='ltr'><strong>longe</strong></span> <span class='ocrx_word' id='word_1_243' title='bbox 1503 2083 1632 2136; x_wconf 90' lang='lat' dir='ltr'><strong>ﬁant</strong></span> <span class='ocrx_word' id='word_1_244' title='bbox 1664 2096 1694 2134; x_wconf 89' lang='lat' dir='ltr'><strong>a</strong></span> <span class='ocrx_word' id='word_1_245' title='bbox 1735 2077 2021 2133; x_wconf 82' lang='lat' dir='ltr'><strong>nohisini-</strong></span> 
     </span>
    </p>
   </div>
   <div class='ocr_carea' id='block_1_38' title="bbox 447 2179 2022 2250">
    <p class='ocr_par' dir='ltr' id='par_1_38' title="bbox 447 2179 2022 2250">
     <span class='ocr_line' id='line_1_38' title="bbox 447 2179 2022 2250; baseline -0.011 -13"><span class='ocrx_word' id='word_1_246' title='bbox 447 2185 571 2238; x_wconf 89' lang='lat' dir='ltr'><strong>tnici</strong></span> <span class='ocrx_word' id='word_1_247' title='bbox 624 2182 822 2250; x_wconf 89' lang='lat' dir='ltr'><strong>nostri,</strong></span> <span class='ocrx_word' id='word_1_248' title='bbox 877 2181 1100 2250; x_wconf 79' lang='lat' dir='ltr'><strong>vitaque</strong></span> <span class='ocrx_word' id='word_1_249' title='bbox 1153 2186 1341 2234; x_wconf 83' lang='lat' dir='ltr'><strong>nostra</strong></span> <span class='ocrx_word' id='word_1_250' title='bbox 1372 2179 1424 2230; x_wconf 91' lang='lat' dir='ltr'><strong>in</strong></span> <span class='ocrx_word' id='word_1_251' title='bbox 1459 2190 1592 2246; x_wconf 70' lang='lat' dir='ltr'><strong>pace</strong></span> <span class='ocrx_word' id='word_1_252' title='bbox 1620 2182 1835 2242; x_wconf 77' lang='lat' dir='ltr'><strong>agatur,</strong></span> <span class='ocrx_word' id='word_1_253' title='bbox 1867 2183 2022 2222; x_wconf 86' lang='lat' dir='ltr'><strong>mttu-</strong></span> 
     </span>
    </p>
   </div>
   <div class='ocr_carea' id='block_1_39' title="bbox 446 2258 2022 2346">
    <p class='ocr_par' dir='ltr' id='par_1_39' title="bbox 446 2258 2022 2346">
     <span class='ocr_line' id='line_1_39' title="bbox 446 2258 2022 2346; baseline -0.011 -16"><span class='ocrx_word' id='word_1_254' title='bbox 446 2277 659 2346; x_wconf 84' lang='lat' dir='ltr'><strong>dusque</strong></span> <span class='ocrx_word' id='word_1_255' title='bbox 684 2283 737 2329; x_wconf 91' lang='lat' dir='ltr'><strong>et</strong></span> <span class='ocrx_word' id='word_1_256' title='bbox 764 2288 865 2329; x_wconf 91' lang='lat' dir='ltr'><strong>nos</strong></span> <span class='ocrx_word' id='word_1_257' title='bbox 913 2269 1354 2328; x_wconf 86' lang='lat' dir='ltr'><strong>misericordiam</strong></span> <span class='ocrx_word' id='word_1_258' title='bbox 1408 2276 1810 2334; x_wconf 83' lang='lat' dir='ltr'><strong>consequamur</strong></span> <span class='ocrx_word' id='word_1_259' title='bbox 1842 2270 1896 2315; x_wconf 90' lang='lat' dir='ltr'><strong>et</strong></span> <span class='ocrx_word' id='word_1_260' title='bbox 1953 2258 2022 2312; x_wconf 91' lang='lat' dir='ltr'><strong>ab</strong></span> 
     </span>
    </p>
   </div>
   <div class='ocr_carea' id='block_1_40' title="bbox 447 2352 2022 2437">
    <p class='ocr_par' dir='ltr' id='par_1_40' title="bbox 447 2352 2022 2437">
     <span class='ocr_line' id='line_1_40' title="bbox 447 2352 2022 2437; baseline -0.013 -14"><span class='ocrx_word' id='word_1_261' title='bbox 447 2370 566 2437; x_wconf 89' lang='lat' dir='ltr'><strong>ipso</strong></span> <span class='ocrx_word' id='word_1_262' title='bbox 599 2367 874 2422; x_wconf 85' lang='lat' dir='ltr'><strong>salvemur</strong></span> <span class='ocrx_word' id='word_1_263' title='bbox 943 2361 1171 2419; x_wconf 89' lang='lat' dir='ltr'><strong>humani</strong></span> <span class='ocrx_word' id='word_1_264' title='bbox 1224 2362 1447 2432; x_wconf 76' lang='lat' dir='ltr'><strong>generis</strong></span> <span class='ocrx_word' id='word_1_265' title='bbox 1477 2366 1720 2423; x_wconf 78' lang='lat' dir='ltr'><strong>amatore</strong></span> <span class='ocrx_word' id='word_1_266' title='bbox 1765 2352 2022 2416; x_wconf 79' lang='lat' dir='ltr'><strong>benigno,</strong></span> 
     </span>
    </p>
   </div>
   <div class='ocr_carea' id='block_1_41' title="bbox 450 2447 2023 2529">
    <p class='ocr_par' dir='ltr' id='par_1_41' title="bbox 450 2447 2023 2529">
     <span class='ocr_line' id='line_1_41' title="bbox 450 2447 2023 2529; baseline -0.015 -14"><span class='ocrx_word' id='word_1_267' title='bbox 450 2467 637 2529; x_wconf 88' lang='lat' dir='ltr'><strong>utpote</strong></span> <span class='ocrx_word' id='word_1_268' title='bbox 670 2457 760 2526; x_wconf 92' lang='lat' dir='ltr'><strong>qui</strong></span> <span class='ocrx_word' id='word_1_269' title='bbox 791 2465 1009 2525; x_wconf 90' lang='lat' dir='ltr'><strong>propter</strong></span> <span class='ocrx_word' id='word_1_270' title='bbox 1061 2453 1360 2508; x_wconf 77' lang='lat' dir='ltr'><strong>bonitatem</strong></span> <span class='ocrx_word' id='word_1_271' title='bbox 1391 2450 1561 2504; x_wconf 81' lang='lat' dir='ltr'><strong>solam</strong></span> <span class='ocrx_word' id='word_1_272' title='bbox 1597 2450 1911 2500; x_wconf 83' lang='lat' dir='ltr'><strong>incarnatus</strong></span> <span class='ocrx_word' id='word_1_273' title='bbox 1940 2447 2023 2495; x_wconf 91' lang='lat' dir='ltr'><strong>est</strong></span> 
     </span>
    </p>
   </div>
   <div class='ocr_carea' id='block_1_42' title="bbox 449 2543 1464 2621">
    <p class='ocr_par' dir='ltr' id='par_1_42' title="bbox 449 2543 1464 2621">
     <span class='ocr_line' id='line_1_42' title="bbox 449 2543 1464 2621; baseline -0.012 -14"><span class='ocrx_word' id='word_1_274' title='bbox 449 2552 709 2621; x_wconf 90' lang='lat' dir='ltr'><strong>solusque</strong></span> <span class='ocrx_word' id='word_1_275' title='bbox 736 2557 824 2605; x_wconf 88' lang='lat' dir='ltr'><strong>est</strong></span> <span class='ocrx_word' id='word_1_276' title='bbox 846 2549 1038 2618; x_wconf 90' lang='lat' dir='ltr'><strong>plenus</strong></span> <span class='ocrx_word' id='word_1_277' title='bbox 1072 2543 1464 2600; x_wconf 79' lang='lat' dir='ltr'><strong>misericordia.</strong></span> 
     </span>
    </p>
   </div>
   <div class='ocr_carea' id='block_1_43' title="bbox 965 2716 1502 2776">
    <p class='ocr_par' dir='ltr' id='par_1_43' title="bbox 965 2716 1502 2776">
     <span class='ocr_line' id='line_1_43' title="bbox 965 2716 1502 2776; baseline -0.015 0"><span class='ocrx_word' id='word_1_278' title='bbox 965 2716 1193 2776; x_wconf 83' lang='lat' dir='ltr'><strong>CAPUT</strong></span> <span class='ocrx_word' id='word_1_279' title='bbox 1235 2717 1502 2773; x_wconf 68' lang='lat' dir='ltr'><strong>CCCXLL</strong></span> 
     </span>
    </p>
   </div>
   <div class='ocr_carea' id='block_1_44' title="bbox 583 2810 1804 2884">
    <p class='ocr_par' dir='ltr' id='par_1_44' title="bbox 583 2810 1804 2884">
     <span class='ocr_line' id='line_1_44' title="bbox 583 2810 1804 2884; baseline -0.01 -13"><span class='ocrx_word' id='word_1_280' title='bbox 583 2835 586 2839; x_wconf 81' lang='lat'><strong><em>&#39;</em></strong></span> <span class='ocrx_word' id='word_1_281' title='bbox 689 2817 865 2881; x_wconf 82' lang='lat' dir='ltr'><strong>Quare</strong></span> <span class='ocrx_word' id='word_1_282' title='bbox 903 2832 1104 2884; x_wconf 74' lang='lat' dir='ltr'><strong>sutiper</strong></span> <span class='ocrx_word' id='word_1_283' title='bbox 1135 2815 1403 2881; x_wconf 76' lang='lat' dir='ltr'><strong>lampades</strong></span> <span class='ocrx_word' id='word_1_284' title='bbox 1434 2810 1804 2879; x_wconf 65' lang='lat' dir='ltr'><strong>jra&#39;fernntur.</strong></span> 
     </span>
    </p>
   </div>
   <div class='ocr_carea' id='block_1_45' title="bbox 525 2903 2016 2976">
    <p class='ocr_par' dir='ltr' id='par_1_45' title="bbox 525 2903 2016 2976">
     <span class='ocr_line' id='line_1_45' title="bbox 525 2903 2016 2976; baseline -0.011 -13"><span class='ocrx_word' id='word_1_285' title='bbox 525 2909 736 2976; x_wconf 85' lang='lat' dir='ltr'><strong>Quibus</strong></span> <span class='ocrx_word' id='word_1_286' title='bbox 771 2906 1056 2972; x_wconf 83' lang='lat' dir='ltr'><strong>absolutis,</strong></span> <span class='ocrx_word' id='word_1_287' title='bbox 1090 2904 1208 2972; x_wconf 88' lang='lat' dir='ltr'><strong>ipse</strong></span> <span class='ocrx_word' id='word_1_288' title='bbox 1239 2903 1461 2972; x_wconf 84' lang='lat' dir='ltr'><strong>quidem</strong></span> <span class='ocrx_word' id='word_1_289' title='bbox 1511 2915 1602 2967; x_wconf 87' lang='lat' dir='ltr'><strong>per</strong></span> <span class='ocrx_word' id='word_1_290' title='bbox 1629 2908 1836 2967; x_wconf 83' lang='lat' dir='ltr'><strong>portam</strong></span> <span class='ocrx_word' id='word_1_291' title='bbox 1869 2907 2016 2963; x_wconf 80' lang='lat' dir='ltr'><strong>rega-</strong></span> 
     </span>
    </p>
   </div>
   <div class='ocr_carea' id='block_1_46' title="bbox 451 2985 2026 3069">
    <p class='ocr_par' dir='ltr' id='par_1_46' title="bbox 451 2985 2026 3069">
     <span class='ocr_line' id='line_1_46' title="bbox 451 2985 2026 3069; baseline -0.013 -10"><span class='ocrx_word' id='word_1_292' title='bbox 451 3003 562 3058; x_wconf 82' lang='lat' dir='ltr'><strong>lem</strong></span> <span class='ocrx_word' id='word_1_293' title='bbox 607 3002 912 3069; x_wconf 82' lang='lat' dir='ltr'><strong>ingressus,</strong></span> <span class='ocrx_word' id='word_1_294' title='bbox 935 2995 1368 3067; x_wconf 62' lang='lat' dir='ltr'><strong>praecedentibus</strong></span> <span class='ocrx_word' id='word_1_295' title='bbox 1405 2990 1706 3046; x_wconf 85' lang='lat' dir='ltr'><strong>lntninariis</strong></span> <span class='ocrx_word' id='word_1_296' title='bbox 1730 3003 1848 3054; x_wconf 77' lang='lat' dir='ltr'><strong>qua:</strong></span> <span class='ocrx_word' id='word_1_297' title='bbox 1877 2985 2026 3053; x_wconf 85' lang='lat' dir='ltr'><strong>prius</strong></span> 
     </span>
    </p>
   </div>
   <div class='ocr_carea' id='block_1_47' title="bbox 455 3061 2096 3164">
    <p class='ocr_par' dir='ltr' id='par_1_47' title="bbox 455 3061 2096 3164">
     <span class='ocr_line' id='line_1_47' title="bbox 455 3061 2096 3164; baseline -0.015 -16"><span class='ocrx_word' id='word_1_298' title='bbox 455 3061 842 3164; x_wconf 69' lang='lat' dir='ltr'><strong>praeferuntur,</strong></span> <span class='ocrx_word' id='word_1_299' title='bbox 896 3061 1366 3158; x_wconf 74' lang='lat' dir='ltr'><strong>quemadmodum</strong></span> <span class='ocrx_word' id='word_1_300' title='bbox 1429 3084 1487 3136; x_wconf 87' lang='lat' dir='ltr'><strong>ﬁt</strong></span> <span class='ocrx_word' id='word_1_301' title='bbox 1541 3084 1592 3135; x_wconf 93' lang='lat' dir='ltr'><strong>in</strong></span> <span class='ocrx_word' id='word_1_302' title='bbox 1650 3079 1891 3149; x_wconf 85' lang='lat' dir='ltr'><strong>quolibet</strong></span> <span class='ocrx_word' id='word_1_303' title='bbox 1940 3061 2096 3130; x_wconf 89' lang='lat' dir='ltr'><strong>in-C</strong></span> 
     </span>
    </p>
   </div>
   <div class='ocr_carea' id='block_1_48' title="bbox 452 3175 2024 3254">
    <p class='ocr_par' dir='ltr' id='par_1_48' title="bbox 452 3175 2024 3254">
     <span class='ocr_line' id='line_1_48' title="bbox 452 3175 2024 3254; baseline -0.013 -11"><span class='ocrx_word' id='word_1_304' title='bbox 452 3202 665 3254; x_wconf 78' lang='lat' dir='ltr'><strong>gressu,</strong></span> <span class='ocrx_word' id='word_1_305' title='bbox 693 3189 744 3238; x_wconf 86' lang='lat' dir='ltr'><strong>in</strong></span> <span class='ocrx_word' id='word_1_306' title='bbox 776 3185 990 3253; x_wconf 87' lang='lat' dir='ltr'><strong>signum</strong></span> <span class='ocrx_word' id='word_1_307' title='bbox 1034 3179 1206 3234; x_wconf 84' lang='lat' dir='ltr'><strong>divini</strong></span> <span class='ocrx_word' id='word_1_308' title='bbox 1251 3175 1474 3231; x_wconf 89' lang='lat' dir='ltr'><strong>luminis</strong></span> <span class='ocrx_word' id='word_1_309' title='bbox 1515 3183 1571 3228; x_wconf 91' lang='lat' dir='ltr'><strong>et</strong></span> <span class='ocrx_word' id='word_1_310' title='bbox 1606 3184 1940 3236; x_wconf 88' lang='lat' dir='ltr'><strong>sanctorum,</strong></span> <span class='ocrx_word' id='word_1_311' title='bbox 1969 3178 2024 3224; x_wconf 92' lang='lat' dir='ltr'><strong>et</strong></span> 
     </span>
    </p>
   </div>
   <div class='ocr_carea' id='block_1_49' title="bbox 455 3263 2022 3345">
    <p class='ocr_par' dir='ltr' id='par_1_49' title="bbox 455 3263 2022 3345">
     <span class='ocr_line' id='line_1_49' title="bbox 455 3263 2022 3345; baseline -0.012 -13"><span class='ocrx_word' id='word_1_312' title='bbox 455 3279 616 3332; x_wconf 82' lang='lat' dir='ltr'><strong>Patre</strong></span> <span class='ocrx_word' id='word_1_313' title='bbox 663 3290 786 3331; x_wconf 86' lang='lat' dir='ltr'><strong>eum</strong></span> <span class='ocrx_word' id='word_1_314' title='bbox 818 3277 932 3345; x_wconf 89' lang='lat' dir='ltr'><strong>ipso</strong></span> <span class='ocrx_word' id='word_1_315' title='bbox 985 3279 1285 3342; x_wconf 64' lang='lat' dir='ltr'><strong>praeunte,</strong></span> <span class='ocrx_word' id='word_1_316' title='bbox 1313 3269 1460 3320; x_wconf 80' lang='lat' dir='ltr'><strong>velut</strong></span> <span class='ocrx_word' id='word_1_317' title='bbox 1489 3267 1546 3319; x_wconf 91' lang='lat' dir='ltr'><strong>in</strong></span> <span class='ocrx_word' id='word_1_318' title='bbox 1571 3265 1770 3319; x_wconf 76' lang='grc' dir='ltr'>ςωιυίιι</span> <span class='ocrx_word' id='word_1_319' title='bbox 1816 3263 2022 3326; x_wconf 84' lang='lat' dir='ltr'><strong>intrat;</strong></span> 
     </span>
    </p>
   </div>
   <div class='ocr_carea' id='block_1_50' title="bbox 454 3352 2024 3435">
    <p class='ocr_par' dir='ltr' id='par_1_50' title="bbox 454 3352 2024 3435">
     <span class='ocr_line' id='line_1_50' title="bbox 454 3352 2024 3435; baseline -0.013 -13"><span class='ocrx_word' id='word_1_320' title='bbox 454 3376 758 3435; x_wconf 84' lang='lat' dir='ltr'><strong>sequuntur</strong></span> <span class='ocrx_word' id='word_1_321' title='bbox 813 3373 992 3418; x_wconf 86' lang='lat' dir='ltr'><strong>autem</strong></span> <span class='ocrx_word' id='word_1_322' title='bbox 1047 3360 1231 3415; x_wconf 70' lang='lat' dir='ltr'><strong>caeteri</strong></span> <span class='ocrx_word' id='word_1_323' title='bbox 1285 3373 1410 3411; x_wconf 89' lang='lat' dir='ltr'><strong>cum</strong></span> <span class='ocrx_word' id='word_1_324' title='bbox 1471 3356 1698 3425; x_wconf 69' lang='lat' dir='ltr'><strong>praeside</strong></span> <span class='ocrx_word' id='word_1_325' title='bbox 1755 3352 2024 3420; x_wconf 15' lang='lat' dir='ltr'><strong>qui‘viant</strong></span> 
     </span>
    </p>
   </div>
   <div class='ocr_carea' id='block_1_51' title="bbox 457 3441 2027 3528">
    <p class='ocr_par' dir='ltr' id='par_1_51' title="bbox 457 3441 2027 3528">
     <span class='ocr_line' id='line_1_51' title="bbox 457 3441 2027 3528; baseline -0.012 -15"><span class='ocrx_word' id='word_1_326' title='bbox 457 3459 628 3528; x_wconf 90' lang='lat' dir='ltr'><strong>aperit</strong></span> <span class='ocrx_word' id='word_1_327' title='bbox 659 3467 916 3523; x_wconf 85' lang='lat' dir='ltr'><strong>tauquam</strong></span> <span class='ocrx_word' id='word_1_328' title='bbox 947 3465 1071 3506; x_wconf 92' lang='lat' dir='ltr'><strong>cum</strong></span> <span class='ocrx_word' id='word_1_329' title='bbox 1130 3447 1258 3503; x_wconf 69' lang='lat' dir='ltr'><strong>Iesu</strong></span> <span class='ocrx_word' id='word_1_330' title='bbox 1283 3448 1506 3501; x_wconf 88' lang='lat' dir='ltr'><strong>Christo</strong></span> <span class='ocrx_word' id='word_1_331' title='bbox 1540 3445 1925 3514; x_wconf 88' lang='lat' dir='ltr'><strong>ingredientes.</strong></span> <span class='ocrx_word' id='word_1_332' title='bbox 1960 3441 2027 3494; x_wconf 89' lang='lat' dir='ltr'><strong>Et</strong></span> 
     </span>
    </p>
   </div>
   <div class='ocr_carea' id='block_1_52' title="bbox 458 3536 2027 3612">
    <p class='ocr_par' dir='ltr' id='par_1_52' title="bbox 458 3536 2027 3612">
     <span class='ocr_line' id='line_1_52' title="bbox 458 3536 2027 3612; baseline -0.012 -8"><span class='ocrx_word' id='word_1_333' title='bbox 458 3549 644 3605; x_wconf 85' lang='lat' dir='ltr'><strong>choris</strong></span> <span class='ocrx_word' id='word_1_334' title='bbox 673 3546 928 3612; x_wconf 84' lang='lat' dir='ltr'><strong>utrinque</strong></span> <span class='ocrx_word' id='word_1_335' title='bbox 951 3541 1392 3600; x_wconf 84' lang='lat' dir='ltr'><strong>concinentibus,</strong></span> <span class='ocrx_word' id='word_1_336' title='bbox 1425 3552 1490 3594; x_wconf 90' lang='lat' dir='ltr'><strong>ac</strong></span> <span class='ocrx_word' id='word_1_337' title='bbox 1536 3539 1588 3591; x_wconf 93' lang='lat' dir='ltr'><strong>iu</strong></span> <span class='ocrx_word' id='word_1_338' title='bbox 1629 3540 1807 3590; x_wconf 71' lang='lat' dir='ltr'><strong>medio</strong></span> <span class='ocrx_word' id='word_1_339' title='bbox 1833 3536 2027 3589; x_wconf 71' lang='lat' dir='ltr'><strong>stanti-</strong></span> 
     </span>
    </p>
   </div>
   <div class='ocr_carea' id='block_1_53' title="bbox 461 3628 2030 3707">
    <p class='ocr_par' dir='ltr' id='par_1_53' title="bbox 461 3628 2030 3707">
     <span class='ocr_line' id='line_1_53' title="bbox 461 3628 2030 3707; baseline -0.01 -11"><span class='ocrx_word' id='word_1_340' title='bbox 461 3643 588 3703; x_wconf 81' lang='lat' dir='ltr'><strong>btts.</strong></span> <span class='ocrx_word' id='word_1_341' title='bbox 639 3638 795 3707; x_wconf 85' lang='lat' dir='ltr'><strong>quasi</strong></span> <span class='ocrx_word' id='word_1_342' title='bbox 826 3635 1022 3690; x_wconf 62' lang='lat' dir='ltr'><strong>caelum</strong></span> <span class='ocrx_word' id='word_1_343' title='bbox 1057 3631 1214 3688; x_wconf 89' lang='lat' dir='ltr'><strong>nobis</strong></span> <span class='ocrx_word' id='word_1_344' title='bbox 1246 3632 1593 3700; x_wconf 85' lang='lat' dir='ltr'><strong>panderetur,</strong></span> <span class='ocrx_word' id='word_1_345' title='bbox 1643 3640 1696 3681; x_wconf 92' lang='lat' dir='ltr'><strong>et</strong></span> <span class='ocrx_word' id='word_1_346' title='bbox 1729 3628 1903 3696; x_wconf 75' lang='lat' dir='ltr'><strong>angeli</strong></span> <span class='ocrx_word' id='word_1_347' title='bbox 1935 3642 2030 3694; x_wconf 90' lang='lat' dir='ltr'><strong>per</strong></span> 
     </span>
    </p>
   </div>
   <div class='ocr_carea' id='block_1_54' title="bbox 459 3719 2029 3794">
    <p class='ocr_par' dir='ltr' id='par_1_54' title="bbox 459 3719 2029 3794">
     <span class='ocr_line' id='line_1_54' title="bbox 459 3719 2029 3794; baseline -0.011 -7"><span class='ocrx_word' id='word_1_348' title='bbox 459 3730 740 3787; x_wconf 74' lang='lat' dir='ltr'><strong>Christum</strong></span> <span class='ocrx_word' id='word_1_349' title='bbox 775 3727 1062 3782; x_wconf 87' lang='lat' dir='ltr'><strong>nobiscum</strong></span> <span class='ocrx_word' id='word_1_350' title='bbox 1106 3722 1588 3794; x_wconf 76' lang='lat' dir='ltr'><strong>coniungerentur,</strong></span> <span class='ocrx_word' id='word_1_351' title='bbox 1618 3719 1923 3788; x_wconf 84' lang='lat' dir='ltr'><strong>psallumnr</strong></span> <span class='ocrx_word' id='word_1_352' title='bbox 1947 3731 2029 3769; x_wconf 83' lang='lat' dir='ltr'><strong>re-</strong></span> 
     </span>
    </p>
   </div>
   <div class='ocr_carea' id='block_1_55' title="bbox 459 3810 2027 3891">
    <p class='ocr_par' dir='ltr' id='par_1_55' title="bbox 459 3810 2027 3891">
     <span class='ocr_line' id='line_1_55' title="bbox 459 3810 2027 3891; baseline -0.013 -13"><span class='ocrx_word' id='word_1_353' title='bbox 459 3819 744 3891; x_wconf 77' lang='lat' dir='ltr'><strong>sponsaria</strong></span> <span class='ocrx_word' id='word_1_354' title='bbox 795 3829 1092 3885; x_wconf 85' lang='lat' dir='ltr'><strong>versusque</strong></span> <span class='ocrx_word' id='word_1_355' title='bbox 1141 3827 1265 3868; x_wconf 91' lang='lat' dir='ltr'><strong>cum</strong></span> <span class='ocrx_word' id='word_1_356' title='bbox 1323 3812 1403 3867; x_wconf 89' lang='lat' dir='ltr'><strong>eis</strong></span> <span class='ocrx_word' id='word_1_357' title='bbox 1439 3818 1730 3866; x_wconf 87' lang='lat' dir='ltr'><strong>cantantur</strong></span> <span class='ocrx_word' id='word_1_358' title='bbox 1762 3810 1901 3861; x_wconf 78' lang='lat' dir='ltr'><strong>festo</strong></span> <span class='ocrx_word' id='word_1_359' title='bbox 1934 3821 2027 3859; x_wconf 86' lang='lat' dir='ltr'><strong>ac-</strong></span> 
     </span>
    </p>
   </div>
   <div class='ocr_carea' id='block_1_56' title="bbox 460 3901 2027 3980">
    <p class='ocr_par' dir='ltr' id='par_1_56' title="bbox 460 3901 2027 3980">
     <span class='ocr_line' id='line_1_56' title="bbox 460 3901 2027 3980; baseline -0.012 -11"><span class='ocrx_word' id='word_1_360' title='bbox 460 3912 815 3969; x_wconf 89' lang='lat' dir='ltr'><strong>commodati.</strong></span> <span class='ocrx_word' id='word_1_361' title='bbox 868 3910 1076 3980; x_wconf 83' lang='lat' dir='ltr'><strong>Quippe</strong></span> <span class='ocrx_word' id='word_1_362' title='bbox 1135 3910 1179 3966; x_wconf 87' lang='lat' dir='ltr'><strong>si</strong></span> <span class='ocrx_word' id='word_1_363' title='bbox 1233 3907 1398 3961; x_wconf 82' lang='lat' dir='ltr'><strong>fuerit</strong></span> <span class='ocrx_word' id='word_1_364' title='bbox 1453 3905 1670 3974; x_wconf 76' lang='lat' dir='ltr'><strong>quidem</strong></span> <span class='ocrx_word' id='word_1_365' title='bbox 1722 3901 2027 3963; x_wconf 86' lang='lat' dir='ltr'><strong>Dcmiuiea,</strong></span> 
     </span>
    </p>
   </div>
   <div class='ocr_carea' id='block_1_57' title="bbox 465 3993 2026 4063">
    <p class='ocr_par' dir='ltr' id='par_1_57' title="bbox 465 3993 2026 4063">
     <span class='ocr_line' id='line_1_57' title="bbox 465 3993 2026 4063; baseline -0.012 -3"><span class='ocrx_word' id='word_1_366' title='bbox 465 4011 727 4062; x_wconf 86' lang='lat' dir='ltr'><strong>dicuntur</strong></span> <span class='ocrx_word' id='word_1_367' title='bbox 777 4016 970 4056; x_wconf 82' lang='lat' dir='ltr'><strong>versus</strong></span> <span class='ocrx_word' id='word_1_368' title='bbox 995 3998 1434 4062; x_wconf 86' lang='lat' dir='ltr'><strong>resurrectionis,</strong></span> <span class='ocrx_word' id='word_1_369' title='bbox 1468 3996 1726 4063; x_wconf 85' lang='lat' dir='ltr'><strong>Dominus</strong></span> <span class='ocrx_word' id='word_1_370' title='bbox 1764 3993 2026 4059; x_wconf 84' lang='lat' dir='ltr'><strong>regnavit.</strong></span> 
     </span>
    </p>
   </div>
   <div class='ocr_carea' id='block_1_58' title="bbox 2120 1803 3700 1876">
    <p class='ocr_par' dir='ltr' id='par_1_58' title="bbox 2120 1803 3700 1876">
     <span class='ocr_line' id='line_1_58' title="bbox 2120 1803 3700 1876; baseline -0.003 -18"><span class='ocrx_word' id='word_1_371' title='bbox 2120 1824 2181 1859; x_wconf 88' lang='grc' dir='ltr'><strong>τε</strong></span> <span class='ocrx_word' id='word_1_372' title='bbox 2209 1807 2478 1876; x_wconf 81' lang='grc' dir='ltr'>ίεραρχῶν</span> <span class='ocrx_word' id='word_1_373' title='bbox 2509 1806 2602 1859; x_wconf 72' lang='grc' dir='ltr'><strong>καὶ</strong></span> <span class='ocrx_word' id='word_1_374' title='bbox 2630 1809 2816 1871; x_wconf 78' lang='grc' dir='ltr'>ὁσίων,</span> <span class='ocrx_word' id='word_1_375' title='bbox 2844 1809 2939 1859; x_wconf 77' lang='grc' dir='ltr'><strong>καὶ</strong></span> <span class='ocrx_word' id='word_1_376' title='bbox 2971 1806 3080 1861; x_wconf 85' lang='grc' dir='ltr'><strong>τῶν</strong></span> <span class='ocrx_word' id='word_1_377' title='bbox 3107 1808 3278 1874; x_wconf 80' lang='grc' dir='ltr'>ἁγίων</span> <span class='ocrx_word' id='word_1_378' title='bbox 3308 1807 3522 1860; x_wconf 82' lang='grc' dir='ltr'>πάντων</span> <span class='ocrx_word' id='word_1_379' title='bbox 3543 1803 3700 1872; x_wconf 86' lang='grc' dir='ltr'>ὁμοῦ,</span> 
     </span>
    </p>
   </div>
   <div class='ocr_carea' id='block_1_59' title="bbox 2120 1894 3704 1968">
    <p class='ocr_par' dir='ltr' id='par_1_59' title="bbox 2120 1894 3704 1968">
     <span class='ocr_line' id='line_1_59' title="bbox 2120 1894 3704 1968; baseline -0.004 -18"><span class='ocrx_word' id='word_1_380' title='bbox 2120 1898 2189 1952; x_wconf 75' lang='grc' dir='ltr'>δι’</span> <span class='ocrx_word' id='word_1_381' title='bbox 2217 1900 2416 1962; x_wconf 78' lang='grc' dir='ltr'>αὐτοὺς</span> <span class='ocrx_word' id='word_1_382' title='bbox 2447 1896 2542 1950; x_wconf 80' lang='grc' dir='ltr'><strong>καὶ</strong></span> <span class='ocrx_word' id='word_1_383' title='bbox 2565 1898 2625 1952; x_wconf 82' lang='grc' dir='ltr'>οὐ</span> <span class='ocrx_word' id='word_1_384' title='bbox 2657 1898 2722 1951; x_wconf 83' lang='grc' dir='ltr'>δι’</span> <span class='ocrx_word' id='word_1_385' title='bbox 2752 1899 2922 1967; x_wconf 78' lang='grc' dir='ltr'>ἡμᾶς,</span> <span class='ocrx_word' id='word_1_386' title='bbox 2989 1897 3386 1968; x_wconf 81' lang='grc' dir='ltr'>εὐπρόσδεκτον</span> <span class='ocrx_word' id='word_1_387' title='bbox 3453 1894 3704 1961; x_wconf 83' lang='grc' dir='ltr'>γενέσθαι</span> 
     </span>
    </p>
   </div>
   <div class='ocr_carea' id='block_1_60' title="bbox 2122 1984 3706 2058">
    <p class='ocr_par' dir='ltr' id='par_1_60' title="bbox 2122 1984 3706 2058">
     <span class='ocr_line' id='line_1_60' title="bbox 2122 1984 3706 2058; baseline -0.005 -16"><span class='ocrx_word' id='word_1_388' title='bbox 2122 1990 2423 2055; x_wconf 76' lang='grc' dir='ltr'>ὲξαιτεῑται</span> <span class='ocrx_word' id='word_1_389' title='bbox 2454 1987 2553 2058; x_wconf 81' lang='grc' dir='ltr'><strong>τὴν</strong></span> <span class='ocrx_word' id='word_1_390' title='bbox 2582 1988 2793 2058; x_wconf 84' lang='grc' dir='ltr'>δέησιν,</span> <span class='ocrx_word' id='word_1_391' title='bbox 2831 1988 3058 2040; x_wconf 79' lang='grc' dir='ltr'>καὶτῶν</span> <span class='ocrx_word' id='word_1_392' title='bbox 3104 1987 3513 2058; x_wconf 77' lang='grc' dir='ltr'>ἡμαρτημένων</span> <span class='ocrx_word' id='word_1_393' title='bbox 3541 1984 3706 2050; x_wconf 62' lang='grc' dir='ltr'>δοθῆ-</span> 
     </span>
    </p>
   </div>
   <div class='ocr_carea' id='block_1_61' title="bbox 2123 2076 3708 2149">
    <p class='ocr_par' dir='ltr' id='par_1_61' title="bbox 2123 2076 3708 2149">
     <span class='ocr_line' id='line_1_61' title="bbox 2123 2076 3708 2149; baseline -0.002 -19"><span class='ocrx_word' id='word_1_394' title='bbox 2123 2096 2212 2132; x_wconf 85' lang='grc' dir='ltr'><strong>ναι</strong></span> <span class='ocrx_word' id='word_1_395' title='bbox 2235 2082 2331 2148; x_wconf 81' lang='grc' dir='ltr'>τὴν</span> <span class='ocrx_word' id='word_1_396' title='bbox 2359 2079 2582 2149; x_wconf 78' lang='grc' dir='ltr'>ἄφεσιν,</span> <span class='ocrx_word' id='word_1_397' title='bbox 2633 2079 2730 2132; x_wconf 81' lang='grc' dir='ltr'><strong>καὶ</strong></span> <span class='ocrx_word' id='word_1_398' title='bbox 2788 2079 3173 2148; x_wconf 84' lang='grc' dir='ltr'>σκεπασθῆναι</span> <span class='ocrx_word' id='word_1_399' title='bbox 3223 2079 3370 2148; x_wconf 72' lang='grc' dir='ltr'>ἡμᾶς</span> <span class='ocrx_word' id='word_1_400' title='bbox 3421 2077 3526 2129; x_wconf 77' lang='grc' dir='ltr'><strong>ὑπὸ</strong></span> <span class='ocrx_word' id='word_1_401' title='bbox 3583 2076 3708 2138; x_wconf 81' lang='grc' dir='ltr'>ταῖς</span> 
     </span>
    </p>
   </div>
   <div class='ocr_carea' id='block_1_62' title="bbox 2122 2167 3707 2240">
    <p class='ocr_par' dir='ltr' id='par_1_62' title="bbox 2122 2167 3707 2240">
     <span class='ocr_line' id='line_1_62' title="bbox 2122 2167 3707 2240; baseline -0.003 -18"><span class='ocrx_word' id='word_1_402' title='bbox 2122 2168 2288 2223; x_wconf 82' lang='grc' dir='ltr'>αὑτοῦ</span> <span class='ocrx_word' id='word_1_403' title='bbox 2320 2170 2571 2238; x_wconf 80' lang='grc' dir='ltr'>πτέρυξι,</span> <span class='ocrx_word' id='word_1_404' title='bbox 2599 2173 2692 2223; x_wconf 69' lang='grc' dir='ltr'><strong>καὶ</strong></span> <span class='ocrx_word' id='word_1_405' title='bbox 2725 2171 2950 2240; x_wconf 79' lang='grc' dir='ltr'>μακρὰν</span> <span class='ocrx_word' id='word_1_406' title='bbox 2979 2168 3234 2238; x_wconf 91' lang='grc' dir='ltr'>γενέσθαι</span> <span class='ocrx_word' id='word_1_407' title='bbox 3274 2169 3369 2236; x_wconf 82' lang='grc' dir='ltr'><strong>ἀφ’</strong></span> <span class='ocrx_word' id='word_1_408' title='bbox 3391 2167 3547 2237; x_wconf 76' lang='grc' dir='ltr'>ἡμῶν</span> <span class='ocrx_word' id='word_1_409' title='bbox 3576 2167 3707 2228; x_wconf 73' lang='grc' dir='ltr'>τοὺς</span> 
     </span>
    </p>
   </div>
   <div class='ocr_carea' id='block_1_63' title="bbox 2123 2259 3709 2333">
    <p class='ocr_par' dir='ltr' id='par_1_63' title="bbox 2123 2259 3709 2333">
     <span class='ocr_line' id='line_1_63' title="bbox 2123 2259 3709 2333; baseline -0.002 -19"><span class='ocrx_word' id='word_1_410' title='bbox 2123 2260 2357 2331; x_wconf 72' lang='grc' dir='ltr'>ἐχθροὺς</span> <span class='ocrx_word' id='word_1_411' title='bbox 2389 2262 2565 2331; x_wconf 78' lang='grc' dir='ltr'>ἡμῶν,</span> <span class='ocrx_word' id='word_1_412' title='bbox 2593 2264 2689 2316; x_wconf 76' lang='grc' dir='ltr'><strong>καὶ</strong></span> <span class='ocrx_word' id='word_1_413' title='bbox 2720 2263 2818 2332; x_wconf 78' lang='grc' dir='ltr'><strong>τὴν</strong></span> <span class='ocrx_word' id='word_1_414' title='bbox 2844 2262 2990 2333; x_wconf 79' lang='grc' dir='ltr'>ζωὴν</span> <span class='ocrx_word' id='word_1_415' title='bbox 3018 2262 3176 2332; x_wconf 77' lang='grc' dir='ltr'>ἡμῶν</span> <span class='ocrx_word' id='word_1_416' title='bbox 3227 2259 3566 2330; x_wconf 80' lang='grc' dir='ltr'>είρηνεῦσαι,</span> <span class='ocrx_word' id='word_1_417' title='bbox 3613 2259 3709 2311; x_wconf 74' lang='grc' dir='ltr'>καὶ</span> 
     </span>
    </p>
   </div>
   <div class='ocr_carea' id='block_1_64' title="bbox 2125 2350 3708 2423">
    <p class='ocr_par' dir='ltr' id='par_1_64' title="bbox 2125 2350 3708 2423">
     <span class='ocr_line' id='line_1_64' title="bbox 2125 2350 3708 2423; baseline -0.001 -19"><span class='ocrx_word' id='word_1_418' title='bbox 2125 2352 2412 2421; x_wconf 76' lang='grc' dir='ltr'>ἐλεηθῆναι</span> <span class='ocrx_word' id='word_1_419' title='bbox 2465 2353 2557 2405; x_wconf 75' lang='grc' dir='ltr'>τὸν</span> <span class='ocrx_word' id='word_1_420' title='bbox 2627 2355 2833 2422; x_wconf 82' lang='grc' dir='ltr'>κόσμον</span> <span class='ocrx_word' id='word_1_421' title='bbox 2910 2355 3005 2406; x_wconf 76' lang='grc' dir='ltr'><strong>καὶ</strong></span> <span class='ocrx_word' id='word_1_422' title='bbox 3068 2354 3257 2423; x_wconf 84' lang='grc' dir='ltr'>ἡμᾶς,</span> <span class='ocrx_word' id='word_1_423' title='bbox 3317 2352 3411 2406; x_wconf 76' lang='grc' dir='ltr'>καὶ</span> <span class='ocrx_word' id='word_1_424' title='bbox 3465 2350 3708 2420; x_wconf 87' lang='grc' dir='ltr'>σωθῆναι</span> 
     </span>
    </p>
   </div>
   <div class='ocr_carea' id='block_1_65' title="bbox 2125 2439 3709 2512">
    <p class='ocr_par' dir='ltr' id='par_1_65' title="bbox 2125 2439 3709 2512">
     <span class='ocr_line' id='line_1_65' title="bbox 2125 2439 3709 2512; baseline -0.001 -19"><span class='ocrx_word' id='word_1_425' title='bbox 2125 2441 2261 2512; x_wconf 91' lang='grc' dir='ltr'>παρ’</span> <span class='ocrx_word' id='word_1_426' title='bbox 2321 2440 2488 2494; x_wconf 72' lang='grc' dir='ltr'>αὑτοῦ</span> <span class='ocrx_word' id='word_1_427' title='bbox 2555 2440 2646 2494; x_wconf 87' lang='grc' dir='ltr'><strong>τοῦ</strong></span> <span class='ocrx_word' id='word_1_428' title='bbox 2711 2441 3096 2512; x_wconf 76' lang='grc' dir='ltr'>φιλανθρώπου</span> <span class='ocrx_word' id='word_1_429' title='bbox 3178 2442 3272 2495; x_wconf 87' lang='grc' dir='ltr'><strong>καὶ</strong></span> <span class='ocrx_word' id='word_1_430' title='bbox 3327 2440 3576 2510; x_wconf 83' lang='grc' dir='ltr'>ἀγαθοῦ,</span> <span class='ocrx_word' id='word_1_431' title='bbox 3631 2439 3709 2502; x_wconf 85' lang='grc' dir='ltr'>ὼς</span> 
     </span>
    </p>
   </div>
   <div class='ocr_carea' id='block_1_66' title="bbox 2125 2531 3712 2603">
    <p class='ocr_par' dir='ltr' id='par_1_66' title="bbox 2125 2531 3712 2603">
     <span class='ocr_line' id='line_1_66' title="bbox 2125 2531 3712 2603; baseline 0.001 -19"><span class='ocrx_word' id='word_1_432' title='bbox 2125 2531 2191 2584; x_wconf 60' lang='grc' dir='ltr'>διν</span> <span class='ocrx_word' id='word_1_433' title='bbox 2247 2531 2565 2600; x_wconf 75' lang='grc' dir='ltr'>ἀγαθϐτητα</span> <span class='ocrx_word' id='word_1_434' title='bbox 2621 2533 2791 2602; x_wconf 76' lang='grc' dir='ltr'>μόνην</span> <span class='ocrx_word' id='word_1_435' title='bbox 2849 2532 3398 2603; x_wconf 78' lang='grc' dir='ltr'>ὲνανθρωπήσαντος,</span> <span class='ocrx_word' id='word_1_436' title='bbox 3457 2533 3554 2586; x_wconf 82' lang='grc' dir='ltr'><strong>καὶ</strong></span> <span class='ocrx_word' id='word_1_437' title='bbox 3612 2532 3712 2602; x_wconf 83' lang='grc' dir='ltr'><strong>μό-</strong></span> 
     </span>
    </p>
   </div>
   <div class='ocr_carea' id='block_1_67' title="bbox 2128 2624 2578 2695">
    <p class='ocr_par' dir='ltr' id='par_1_67' title="bbox 2128 2624 2578 2695">
     <span class='ocr_line' id='line_1_67' title="bbox 2128 2624 2578 2695; baseline 0.007 -19"><span class='ocrx_word' id='word_1_438' title='bbox 2128 2640 2220 2676; x_wconf 89' lang='grc' dir='ltr'><strong>νου</strong></span> <span class='ocrx_word' id='word_1_439' title='bbox 2258 2624 2578 2695; x_wconf 77' lang='grc' dir='ltr'>ὲλεήμονος.</span> 
     </span>
    </p>
   </div>
   <div class='ocr_carea' id='block_1_68' title="bbox 2667 2719 3174 2775">
    <p class='ocr_par' dir='ltr' id='par_1_68' title="bbox 2667 2719 3174 2775">
     <span class='ocr_line' id='line_1_68' title="bbox 2667 2719 3174 2775; baseline 0.01 -5"><span class='ocrx_word' id='word_1_440' title='bbox 2667 2719 2922 2774; x_wconf 75' lang='grc' dir='ltr'><strong>ΚΕΦᾹΛ.</strong></span> <span class='ocrx_word' id='word_1_441' title='bbox 2988 2720 3174 2775; x_wconf 84' lang='grc' dir='ltr'><strong>ΤΜᾹ’.</strong></span> 
     </span>
    </p>
   </div>
   <div class='ocr_carea' id='block_1_69' title="bbox 2341 2811 3490 2882">
    <p class='ocr_par' dir='ltr' id='par_1_69' title="bbox 2341 2811 3490 2882">
     <span class='ocr_line' id='line_1_69' title="bbox 2341 2811 3490 2882; baseline 0.004 -19"><span class='ocrx_word' id='word_1_442' title='bbox 2341 2811 2503 2865; x_wconf 83' lang='grc' dir='ltr'>Διατί</span> <span class='ocrx_word' id='word_1_443' title='bbox 2527 2811 2843 2878; x_wconf 73' lang='grc' dir='ltr'>λαμπάδες</span> <span class='ocrx_word' id='word_1_444' title='bbox 2864 2812 2959 2866; x_wconf 77' lang='grc' dir='ltr'><strong>ἀεὶ</strong></span> <span class='ocrx_word' id='word_1_445' title='bbox 2989 2815 3490 2882; x_wconf 76' lang='grc' dir='ltr'>προπορεύονται.</span> 
     </span>
    </p>
   </div>
   <div class='ocr_carea' id='block_1_70' title="bbox 2205 2901 3709 2977">
    <p class='ocr_par' dir='ltr' id='par_1_70' title="bbox 2205 2901 3709 2977">
     <span class='ocr_line' id='line_1_70' title="bbox 2205 2901 3709 2977; baseline 0.003 -23"><span class='ocrx_word' id='word_1_446' title='bbox 2205 2901 2390 2956; x_wconf 90' lang='grc' dir='ltr'>Ταῦτα</span> <span class='ocrx_word' id='word_1_447' title='bbox 2413 2901 2664 2965; x_wconf 75' lang='grc' dir='ltr'>τελέσας,</span> <span class='ocrx_word' id='word_1_448' title='bbox 2685 2903 2847 2964; x_wconf 76' lang='grc' dir='ltr'>αὐτὸς</span> <span class='ocrx_word' id='word_1_449' title='bbox 2875 2903 2972 2973; x_wconf 78' lang='grc' dir='ltr'>μὲν</span> <span class='ocrx_word' id='word_1_450' title='bbox 2990 2904 3079 2957; x_wconf 85' lang='grc' dir='ltr'><strong>διὰ</strong></span> <span class='ocrx_word' id='word_1_451' title='bbox 3102 2905 3199 2973; x_wconf 84' lang='grc' dir='ltr'>τῆς</span> <span class='ocrx_word' id='word_1_452' title='bbox 3229 2904 3513 2973; x_wconf 84' lang='grc' dir='ltr'>βασιλικῆς</span> <span class='ocrx_word' id='word_1_453' title='bbox 3533 2905 3709 2977; x_wconf 80' lang='grc' dir='ltr'>πύλης</span> 
     </span>
    </p>
   </div>
   <div class='ocr_carea' id='block_1_71' title="bbox 2133 2994 3706 3067">
    <p class='ocr_par' dir='ltr' id='par_1_71' title="bbox 2133 2994 3706 3067">
     <span class='ocr_line' id='line_1_71' title="bbox 2133 2994 3706 3067; baseline 0.003 -21"><span class='ocrx_word' id='word_1_454' title='bbox 2133 2994 2636 3064; x_wconf 82' lang='grc' dir='ltr'>προπορευομένων</span> <span class='ocrx_word' id='word_1_455' title='bbox 2668 2994 2972 3062; x_wconf 84' lang='grc' dir='ltr'>λαμπάδων</span> <span class='ocrx_word' id='word_1_456' title='bbox 3001 2995 3186 3049; x_wconf 80' lang='grc' dir='ltr'>εἰσιὼν</span> <span class='ocrx_word' id='word_1_457' title='bbox 3210 2996 3285 3060; x_wconf 86' lang='grc' dir='ltr'><strong>ὡς</strong></span> <span class='ocrx_word' id='word_1_458' title='bbox 3316 2998 3409 3051; x_wconf 77' lang='grc' dir='ltr'><strong>καὶ</strong></span> <span class='ocrx_word' id='word_1_459' title='bbox 3435 3014 3706 3067; x_wconf 86' lang='grc' dir='ltr'>προηγου-</span> 
     </span>
    </p>
   </div>
   <div class='ocr_carea' id='block_1_72' title="bbox 2133 3087 3700 3158">
    <p class='ocr_par' dir='ltr' id='par_1_72' title="bbox 2133 3087 3700 3158">
     <span class='ocr_line' id='line_1_72' title="bbox 2133 3087 3700 3158; baseline 0.001 -18"><span class='ocrx_word' id='word_1_460' title='bbox 2133 3087 2308 3156; x_wconf 84' lang='grc' dir='ltr'>μένων</span> <span class='ocrx_word' id='word_1_461' title='bbox 2337 3088 2626 3157; x_wconf 82' lang='grc' dir='ltr'>πρότερον,</span> <span class='ocrx_word' id='word_1_462' title='bbox 2654 3088 2798 3142; x_wconf 85' lang='grc' dir='ltr'>καθὰ</span> <span class='ocrx_word' id='word_1_463' title='bbox 2827 3088 2921 3142; x_wconf 75' lang='grc' dir='ltr'><strong>καὶ</strong></span> <span class='ocrx_word' id='word_1_464' title='bbox 2945 3091 3002 3141; x_wconf 78' lang='grc' dir='ltr'><strong>έν</strong></span> <span class='ocrx_word' id='word_1_465' title='bbox 3023 3090 3176 3158; x_wconf 81' lang='grc' dir='ltr'>πάσῃ</span> <span class='ocrx_word' id='word_1_466' title='bbox 3203 3089 3412 3158; x_wconf 78' lang='grc' dir='ltr'>εἰσόδῳ,</span> <span class='ocrx_word' id='word_1_467' title='bbox 3437 3091 3515 3151; x_wconf 82' lang='grc' dir='ltr'><strong>είς</strong></span> <span class='ocrx_word' id='word_1_468' title='bbox 3534 3091 3700 3141; x_wconf 82' lang='grc' dir='ltr'>τύπον</span> 
     </span>
    </p>
   </div>
   <div class='ocr_carea' id='block_1_73' title="bbox 2131 3177 3702 3256">
    <p class='ocr_par' dir='ltr' id='par_1_73' title="bbox 2131 3177 3702 3256">
     <span class='ocr_line' id='line_1_73' title="bbox 2131 3177 3702 3256; baseline 0.001 -26"><span class='ocrx_word' id='word_1_469' title='bbox 2131 3177 2223 3256; x_wconf 65' lang='grc' dir='ltr'><strong>τοῦ</strong></span> <span class='ocrx_word' id='word_1_470' title='bbox 2251 3178 2396 3229; x_wconf 82' lang='grc' dir='ltr'>θείου</span> <span class='ocrx_word' id='word_1_471' title='bbox 2438 3177 2616 3246; x_wconf 78' lang='grc' dir='ltr'>φωτὸς</span> <span class='ocrx_word' id='word_1_472' title='bbox 2652 3179 2879 3231; x_wconf 76' lang='grc' dir='ltr'>καὶτῶν</span> <span class='ocrx_word' id='word_1_473' title='bbox 2913 3178 3107 3254; x_wconf 76' lang='grc' dir='ltr'>ἁγίων,</span> <span class='ocrx_word' id='word_1_474' title='bbox 3151 3178 3246 3232; x_wconf 79' lang='grc' dir='ltr'><strong>καὶ</strong></span> <span class='ocrx_word' id='word_1_475' title='bbox 3287 3179 3383 3232; x_wconf 76' lang='grc' dir='ltr'>σὺν</span> <span class='ocrx_word' id='word_1_476' title='bbox 3415 3179 3562 3250; x_wconf 82' lang='grc' dir='ltr'><strong>αὐτῷ</strong></span> <span class='ocrx_word' id='word_1_477' title='bbox 3606 3177 3702 3232; x_wconf 70' lang='grc' dir='ltr'><strong>τοῦ</strong></span> 
     </span>
    </p>
   </div>
   <div class='ocr_carea' id='block_1_74' title="bbox 2115 3269 3707 3342">
    <p class='ocr_par' dir='ltr' id='par_1_74' title="bbox 2115 3269 3707 3342">
     <span class='ocr_line' id='line_1_74' title="bbox 2115 3269 3707 3342; baseline 0.002 -20"><span class='ocrx_word' id='word_1_478' title='bbox 2115 3269 2542 3339; x_wconf 68' lang='grc' dir='ltr'>,καθηγουμένου</span> <span class='ocrx_word' id='word_1_479' title='bbox 2583 3269 2816 3339; x_wconf 79' lang='grc' dir='ltr'>Πατρδς,</span> <span class='ocrx_word' id='word_1_480' title='bbox 2865 3271 3054 3340; x_wconf 79' lang='grc' dir='ltr'>ὥσπερ</span> <span class='ocrx_word' id='word_1_481' title='bbox 3091 3274 3170 3334; x_wconf 77' lang='grc' dir='ltr'><strong>είς</strong></span> <span class='ocrx_word' id='word_1_482' title='bbox 3212 3272 3305 3324; x_wconf 71' lang='grc' dir='ltr'>τὸν</span> <span class='ocrx_word' id='word_1_483' title='bbox 3333 3272 3560 3342; x_wconf 72' lang='grc' dir='ltr'>οὐρανὸν</span> <span class='ocrx_word' id='word_1_484' title='bbox 3589 3273 3707 3328; x_wconf 77' lang='grc' dir='ltr'>εἵσ-</span> 
     </span>
    </p>
   </div>
   <div class='ocr_carea' id='block_1_75' title="bbox 2130 3362 3706 3435">
    <p class='ocr_par' dir='ltr' id='par_1_75' title="bbox 2130 3362 3706 3435">
     <span class='ocr_line' id='line_1_75' title="bbox 2130 3362 3706 3435; baseline 0.003 -21"><span class='ocrx_word' id='word_1_485' title='bbox 2130 3379 2290 3414; x_wconf 85' lang='grc' dir='ltr'>εισιν.</span> <span class='ocrx_word' id='word_1_486' title='bbox 2309 3362 2578 3414; x_wconf 83' lang='grc' dir='ltr'>Ἕπονται</span> <span class='ocrx_word' id='word_1_487' title='bbox 2597 3363 2656 3415; x_wconf 86' lang='grc' dir='ltr'>δὲ</span> <span class='ocrx_word' id='word_1_488' title='bbox 2686 3364 2735 3414; x_wconf 86' lang='grc' dir='ltr'><strong>οί</strong></span> <span class='ocrx_word' id='word_1_489' title='bbox 2758 3363 2961 3429; x_wconf 79' lang='grc' dir='ltr'>λοιποὶ,</span> <span class='ocrx_word' id='word_1_490' title='bbox 2978 3364 3304 3433; x_wconf 75' lang='grc' dir='ltr'>ὁδηγοῦντος</span> <span class='ocrx_word' id='word_1_491' title='bbox 3315 3364 3412 3418; x_wconf 77' lang='grc' dir='ltr'><strong>τοῦ</strong></span> <span class='ocrx_word' id='word_1_492' title='bbox 3430 3367 3706 3435; x_wconf 62' lang='grc' dir='ltr'>προσστῶ-</span> 
     </span>
    </p>
   </div>
   <div class='ocr_carea' id='block_1_76' title="bbox 2131 3454 3704 3526">
    <p class='ocr_par' dir='ltr' id='par_1_76' title="bbox 2131 3454 3704 3526">
     <span class='ocr_line' id='line_1_76' title="bbox 2131 3454 3704 3526; baseline 0.004 -20"><span class='ocrx_word' id='word_1_493' title='bbox 2131 3470 2220 3514; x_wconf 87' lang='grc' dir='ltr'><strong>τος</strong></span> <span class='ocrx_word' id='word_1_494' title='bbox 2253 3455 2745 3524; x_wconf 83' lang='grc' dir='ltr'>συνεισερχόμενοι,</span> <span class='ocrx_word' id='word_1_495' title='bbox 2764 3454 2838 3516; x_wconf 85' lang='grc' dir='ltr'>ὡς</span> <span class='ocrx_word' id='word_1_496' title='bbox 2867 3454 2960 3507; x_wconf 91' lang='grc' dir='ltr'><strong>τοῦ</strong></span> <span class='ocrx_word' id='word_1_497' title='bbox 2987 3454 3160 3525; x_wconf 85' lang='grc' dir='ltr'>Ἰησοῦ</span> <span class='ocrx_word' id='word_1_498' title='bbox 3187 3455 3449 3526; x_wconf 85' lang='grc' dir='ltr'>Χριστοῦ.</span> <span class='ocrx_word' id='word_1_499' title='bbox 3472 3459 3580 3510; x_wconf 80' lang='grc' dir='ltr'><strong>Καὶ</strong></span> <span class='ocrx_word' id='word_1_500' title='bbox 3597 3458 3704 3513; x_wconf 86' lang='grc' dir='ltr'><strong>τῶν</strong></span> 
     </span>
    </p>
   </div>
   <div class='ocr_carea' id='block_1_77' title="bbox 2131 3547 3707 3618">
    <p class='ocr_par' dir='ltr' id='par_1_77' title="bbox 2131 3547 3707 3618">
     <span class='ocr_line' id='line_1_77' title="bbox 2131 3547 3707 3618; baseline 0.003 -20"><span class='ocrx_word' id='word_1_501' title='bbox 2131 3547 2308 3615; x_wconf 81' lang='grc' dir='ltr'>χορῶν</span> <span class='ocrx_word' id='word_1_502' title='bbox 2330 3547 2672 3616; x_wconf 75' lang='grc' dir='ltr'>ἑκατέρωθεν</span> <span class='ocrx_word' id='word_1_503' title='bbox 2697 3547 3157 3616; x_wconf 84' lang='grc' dir='ltr'>συμφωνούντων,</span> <span class='ocrx_word' id='word_1_504' title='bbox 3177 3549 3272 3600; x_wconf 80' lang='grc' dir='ltr'><strong>καὶ</strong></span> <span class='ocrx_word' id='word_1_505' title='bbox 3295 3549 3458 3616; x_wconf 76' lang='grc' dir='ltr'>μέσον</span> <span class='ocrx_word' id='word_1_506' title='bbox 3485 3552 3707 3618; x_wconf 72' lang='grc' dir='ltr'>ἱσταμέ-</span> 
     </span>
    </p>
   </div>
   <div class='ocr_carea' id='block_1_78' title="bbox 2130 3639 3703 3712">
    <p class='ocr_par' dir='ltr' id='par_1_78' title="bbox 2130 3639 3703 3712">
     <span class='ocr_line' id='line_1_78' title="bbox 2130 3639 3703 3712; baseline 0.002 -19"><span class='ocrx_word' id='word_1_507' title='bbox 2130 3657 2258 3704; x_wconf 90' lang='grc' dir='ltr'>νων,</span> <span class='ocrx_word' id='word_1_508' title='bbox 2291 3639 2366 3702; x_wconf 84' lang='grc' dir='ltr'>ὼς</span> <span class='ocrx_word' id='word_1_509' title='bbox 2410 3639 2503 3692; x_wconf 68' lang='grc' dir='ltr'><strong>τοῦ</strong></span> <span class='ocrx_word' id='word_1_510' title='bbox 2539 3639 2770 3712; x_wconf 84' lang='grc' dir='ltr'>οὐρανοῦ</span> <span class='ocrx_word' id='word_1_511' title='bbox 2806 3641 2938 3709; x_wconf 77' lang='grc' dir='ltr'>ἡμῖν</span> <span class='ocrx_word' id='word_1_512' title='bbox 2967 3641 3292 3708; x_wconf 81' lang='grc' dir='ltr'>ἀνοιγέντος,</span> <span class='ocrx_word' id='word_1_513' title='bbox 3321 3642 3416 3696; x_wconf 73' lang='grc' dir='ltr'><strong>καὶ</strong></span> <span class='ocrx_word' id='word_1_514' title='bbox 3441 3644 3541 3711; x_wconf 81' lang='grc' dir='ltr'>τῆς</span> <span class='ocrx_word' id='word_1_515' title='bbox 3567 3644 3703 3696; x_wconf 82' lang='grc' dir='ltr'><strong>ἐνώ-</strong></span> 
     </span>
    </p>
   </div>
   <div class='ocr_carea' id='block_1_79' title="bbox 2134 3732 3705 3804">
    <p class='ocr_par' dir='ltr' id='par_1_79' title="bbox 2134 3732 3705 3804">
     <span class='ocr_line' id='line_1_79' title="bbox 2134 3732 3705 3804; baseline 0.002 -18"><span class='ocrx_word' id='word_1_516' title='bbox 2134 3751 2269 3794; x_wconf 83' lang='grc' dir='ltr'>σεως</span> <span class='ocrx_word' id='word_1_517' title='bbox 2303 3732 2422 3803; x_wconf 87' lang='grc' dir='ltr'>μεθ’</span> <span class='ocrx_word' id='word_1_518' title='bbox 2449 3734 2606 3802; x_wconf 85' lang='grc' dir='ltr'>ήμῶν</span> <span class='ocrx_word' id='word_1_519' title='bbox 2630 3733 2718 3787; x_wconf 85' lang='grc' dir='ltr'><strong>διὰ</strong></span> <span class='ocrx_word' id='word_1_520' title='bbox 2743 3734 2835 3786; x_wconf 89' lang='grc' dir='ltr'><strong>τοῦ</strong></span> <span class='ocrx_word' id='word_1_521' title='bbox 2863 3735 3103 3803; x_wconf 79' lang='grc' dir='ltr'>Χριστοῦ</span> <span class='ocrx_word' id='word_1_522' title='bbox 3126 3734 3233 3788; x_wconf 87' lang='grc' dir='ltr'><strong>τῶν</strong></span> <span class='ocrx_word' id='word_1_523' title='bbox 3263 3736 3514 3802; x_wconf 72' lang='grc' dir='ltr'>ἀγγέλων</span> <span class='ocrx_word' id='word_1_524' title='bbox 3546 3754 3705 3804; x_wconf 60' lang='grc' dir='ltr'>γεγε-</span> 
     </span>
    </p>
   </div>
   <div class='ocr_carea' id='block_1_80' title="bbox 2133 3826 3708 3897">
    <p class='ocr_par' dir='ltr' id='par_1_80' title="bbox 2133 3826 3708 3897">
     <span class='ocr_line' id='line_1_80' title="bbox 2133 3826 3708 3897; baseline 0.004 -22"><span class='ocrx_word' id='word_1_525' title='bbox 2133 3826 2398 3892; x_wconf 78' lang='grc' dir='ltr'>νημένης,</span> <span class='ocrx_word' id='word_1_526' title='bbox 2427 3827 2496 3876; x_wconf 84' lang='grc' dir='ltr'>τὰ</span> <span class='ocrx_word' id='word_1_527' title='bbox 2533 3827 2831 3897; x_wconf 82' lang='grc' dir='ltr'>ἀποστίχου</span> <span class='ocrx_word' id='word_1_528' title='bbox 2861 3829 3146 3897; x_wconf 77' lang='grc' dir='ltr'>ψάλλεται,</span> <span class='ocrx_word' id='word_1_529' title='bbox 3180 3829 3274 3882; x_wconf 77' lang='grc' dir='ltr'>καὶ</span> <span class='ocrx_word' id='word_1_530' title='bbox 3304 3829 3356 3882; x_wconf 78' lang='grc' dir='ltr'>οἱ</span> <span class='ocrx_word' id='word_1_531' title='bbox 3389 3829 3488 3882; x_wconf 79' lang='grc' dir='ltr'>σὺν</span> <span class='ocrx_word' id='word_1_532' title='bbox 3519 3831 3708 3892; x_wconf 71' lang='grc' dir='ltr'>αὐτοῖς</span> 
     </span>
    </p>
   </div>
   <div class='ocr_carea' id='block_1_81' title="bbox 2131 3916 3709 3992">
    <p class='ocr_par' dir='ltr' id='par_1_81' title="bbox 2131 3916 3709 3992">
     <span class='ocr_line' id='line_1_81' title="bbox 2131 3916 3709 3992; baseline 0.005 -25"><span class='ocrx_word' id='word_1_533' title='bbox 2131 3916 2458 3986; x_wconf 73' lang='grc' dir='ltr'>ψαλλόμενοι</span> <span class='ocrx_word' id='word_1_534' title='bbox 2482 3917 2675 3986; x_wconf 80' lang='grc' dir='ltr'>στίχοι,</span> <span class='ocrx_word' id='word_1_535' title='bbox 2703 3919 2950 3988; x_wconf 79' lang='grc' dir='ltr'>ἁρμόδιοι</span> <span class='ocrx_word' id='word_1_536' title='bbox 2974 3921 3040 3990; x_wconf 77' lang='grc' dir='ltr'>τῇ</span> <span class='ocrx_word' id='word_1_537' title='bbox 3063 3921 3248 3991; x_wconf 81' lang='grc' dir='ltr'>ἑορτῇ.</span> <span class='ocrx_word' id='word_1_538' title='bbox 3267 3921 3331 3974; x_wconf 77' lang='grc' dir='ltr'><strong>Εἰ</strong></span> <span class='ocrx_word' id='word_1_539' title='bbox 3355 3923 3452 3991; x_wconf 74' lang='grc' dir='ltr'>μὲν</span> <span class='ocrx_word' id='word_1_540' title='bbox 3474 3923 3580 3992; x_wconf 63' lang='grc' dir='ltr'>γὰρ</span> <span class='ocrx_word' id='word_1_541' title='bbox 3598 3922 3709 3975; x_wconf 78' lang='grc' dir='ltr'><strong>Κυ-</strong></span> 
     </span>
    </p>
   </div>
   <div class='ocr_carea' id='block_1_82' title="bbox 2106 4007 3711 4082">
    <p class='ocr_par' dir='ltr' id='par_1_82' title="bbox 2106 4007 3711 4082">
     <span class='ocr_line' id='line_1_82' title="bbox 2106 4007 3711 4082; baseline 0.005 -22"><span class='ocrx_word' id='word_1_542' title='bbox 2106 4068 2107 4071; x_wconf 25' lang='grc' dir='ltr'><strong>η</strong></span> <span class='ocrx_word' id='word_1_543' title='bbox 2135 4009 2322 4078; x_wconf 82' lang='grc' dir='ltr'>ριακὴ,</span> <span class='ocrx_word' id='word_1_544' title='bbox 2351 4009 2399 4059; x_wconf 90' lang='grc' dir='ltr'>οἱ</span> <span class='ocrx_word' id='word_1_545' title='bbox 2428 4007 2527 4076; x_wconf 83' lang='grc' dir='ltr'>τῆς</span> <span class='ocrx_word' id='word_1_546' title='bbox 2557 4009 2902 4071; x_wconf 71' lang='grc' dir='ltr'>ἀναστάσεως</span> <span class='ocrx_word' id='word_1_547' title='bbox 2931 4012 3126 4080; x_wconf 78' lang='grc' dir='ltr'>στίχοι,</span> <span class='ocrx_word' id='word_1_548' title='bbox 3147 4011 3231 4075; x_wconf 80' lang='grc' dir='ltr'><strong>τὸ,</strong></span> <span class='ocrx_word' id='word_1_549' title='bbox 3259 4010 3320 4065; x_wconf 86' lang='grc' dir='ltr'><strong>Ὅ</strong></span> <span class='ocrx_word' id='word_1_550' title='bbox 3352 4012 3553 4082; x_wconf 77' lang='grc' dir='ltr'>Κύριος</span> <span class='ocrx_word' id='word_1_551' title='bbox 3584 4013 3711 4068; x_wconf 77' lang='grc' dir='ltr'>ἐϐα-</span> 
     </span>
    </p>
   </div>
   <div class='ocr_carea' id='block_1_83' title="bbox 459 4084 2045 4175">
    <p class='ocr_par' dir='ltr' id='par_1_83' title="bbox 459 4084 2032 4164">
     <span class='ocr_line' id='line_1_83' title="bbox 459 4084 2032 4164; baseline -0.01 -14"><span class='ocrx_word' id='word_1_552' title='bbox 459 4099 529 4150; x_wconf 82' lang='grc' dir='ltr'>Δι</span> <span class='ocrx_word' id='word_1_553' title='bbox 556 4093 753 4164; x_wconf 87' lang='lat' dir='ltr'><strong>siquid</strong></span> <span class='ocrx_word' id='word_1_554' title='bbox 785 4093 931 4147; x_wconf 87' lang='lat' dir='ltr'><strong>aliud</strong></span> <span class='ocrx_word' id='word_1_555' title='bbox 976 4091 1174 4146; x_wconf 82' lang='lat' dir='ltr'><strong>festum</strong></span> <span class='ocrx_word' id='word_1_556' title='bbox 1234 4089 1421 4154; x_wconf 75' lang='lat' dir='ltr'><strong>fuerit,</strong></span> <span class='ocrx_word' id='word_1_557' title='bbox 1457 4101 1670 4140; x_wconf 89' lang='lat' dir='ltr'><strong>rursum</strong></span> <span class='ocrx_word' id='word_1_558' title='bbox 1726 4084 2032 4153; x_wconf 88' lang='lat' dir='ltr'><strong>psalluntur</strong></span> 
     </span>
    </p>
   </div>
   <div class='ocr_carea' id='block_1_84' title="bbox 2128 4084 3708 4175">
    <p class='ocr_par' dir='ltr' id='par_1_84' title="bbox 2135 4101 3708 4175">
     <span class='ocr_line' id='line_1_84' title="bbox 2135 4101 3708 4175; baseline 0.003 -22"><span class='ocrx_word' id='word_1_559' title='bbox 2135 4101 2400 4154; x_wconf 87' lang='grc' dir='ltr'>σίλευσεν.</span> <span class='ocrx_word' id='word_1_560' title='bbox 2472 4101 2532 4152; x_wconf 83' lang='grc' dir='ltr'><strong>Εἰ</strong></span> <span class='ocrx_word' id='word_1_561' title='bbox 2587 4101 2630 4152; x_wconf 87' lang='grc' dir='ltr'>δ’</span> <span class='ocrx_word' id='word_1_562' title='bbox 2664 4101 2800 4172; x_wconf 83' lang='grc' dir='ltr'>ἄλλη</span> <span class='ocrx_word' id='word_1_563' title='bbox 2848 4119 2931 4164; x_wconf 80' lang='grc' dir='ltr'><strong>τις</strong></span> <span class='ocrx_word' id='word_1_564' title='bbox 2984 4103 3170 4172; x_wconf 64' lang='grc' dir='ltr'>ἑορτὴ,</span> <span class='ocrx_word' id='word_1_565' title='bbox 3230 4104 3479 4174; x_wconf 83' lang='grc' dir='ltr'>ἁρμόδιοι</span> <span class='ocrx_word' id='word_1_566' title='bbox 3537 4106 3708 4175; x_wconf 82' lang='grc' dir='ltr'>στίχοι</span> 
     </span>
    </p>
   </div>
   <div class='ocr_carea' id='block_1_85' title="bbox 460 4174 2045 4263">
    <p class='ocr_par' dir='ltr' id='par_1_85' title="bbox 460 4174 2030 4251">
     <span class='ocr_line' id='line_1_85' title="bbox 460 4174 2030 4251; baseline -0.008 -10"><span class='ocrx_word' id='word_1_567' title='bbox 460 4201 649 4244; x_wconf 85' lang='lat' dir='ltr'><strong>versus</strong></span> <span class='ocrx_word' id='word_1_568' title='bbox 698 4183 1094 4242; x_wconf 87' lang='lat' dir='ltr'><strong>accommodati</strong></span> <span class='ocrx_word' id='word_1_569' title='bbox 1141 4181 1469 4251; x_wconf 83' lang='lat' dir='ltr'><strong>prepriaque</strong></span> <span class='ocrx_word' id='word_1_570' title='bbox 1516 4179 1616 4248; x_wconf 90' lang='lat' dir='ltr'><strong>ipsi</strong></span> <span class='ocrx_word' id='word_1_571' title='bbox 1678 4179 1939 4231; x_wconf 83' lang='lat' dir='ltr'><strong>carmina.</strong></span> <span class='ocrx_word' id='word_1_572' title='bbox 1973 4174 2030 4229; x_wconf 87' lang='lat' dir='ltr'><strong>Si</strong></span> 
     </span>
    </p>
   </div>
   <div class='ocr_carea' id='block_1_86' title="bbox 2128 4174 3704 4263">
    <p class='ocr_par' dir='ltr' id='par_1_86' title="bbox 2135 4174 3704 4263">
     <span class='ocr_line' id='line_1_86' title="bbox 2135 4174 3704 4263; baseline 0.003 -18"><span class='ocrx_word' id='word_1_573' title='bbox 2135 4193 2302 4246; x_wconf 84' lang='grc' dir='ltr'>πάλιν</span> <span class='ocrx_word' id='word_1_574' title='bbox 2332 4193 2426 4245; x_wconf 76' lang='grc' dir='ltr'><strong>καὶ</strong></span> <span class='ocrx_word' id='word_1_575' title='bbox 2459 4193 2526 4245; x_wconf 85' lang='grc' dir='ltr'>τὰ</span> <span class='ocrx_word' id='word_1_576' title='bbox 2558 4193 2730 4262; x_wconf 80' lang='grc' dir='ltr'>αὐτῆς</span> <span class='ocrx_word' id='word_1_577' title='bbox 2769 4195 3042 4263; x_wconf 84' lang='grc' dir='ltr'>ίδιόμελα·</span> <span class='ocrx_word' id='word_1_578' title='bbox 3083 4199 3131 4248; x_wconf 81' lang='grc' dir='ltr'><strong>εί</strong></span> <span class='ocrx_word' id='word_1_579' title='bbox 3160 4195 3217 4248; x_wconf 81' lang='grc' dir='ltr'><strong>δέ</strong></span> <span class='ocrx_word' id='word_1_580' title='bbox 3249 4213 3335 4260; x_wconf 89' lang='grc' dir='ltr'><strong>τις</strong></span> <span class='ocrx_word' id='word_1_581' title='bbox 3371 4197 3480 4250; x_wconf 89' lang='grc' dir='ltr'><strong>τῶν</strong></span> <span class='ocrx_word' id='word_1_582' title='bbox 3512 4174 3704 4263; x_wconf 77' lang='grc' dir='ltr'>ἁγίων,</span> 
     </span>
    </p>
   </div>
   <div class='ocr_carea' id='block_1_87' title="bbox 459 4272 2045 4373">
    <p class='ocr_par' dir='ltr' id='par_1_87' title="bbox 459 4272 2030 4348">
     <span class='ocr_line' id='line_1_87' title="bbox 459 4272 2030 4348; baseline -0.008 -14"><span class='ocrx_word' id='word_1_583' title='bbox 459 4293 594 4336; x_wconf 76' lang='lat' dir='ltr'><strong>vero</strong></span> <span class='ocrx_word' id='word_1_584' title='bbox 623 4278 823 4348; x_wconf 87' lang='lat' dir='ltr'><strong>aliquis</strong></span> <span class='ocrx_word' id='word_1_585' title='bbox 855 4276 1167 4331; x_wconf 84' lang='lat' dir='ltr'><strong>celebretur</strong></span> <span class='ocrx_word' id='word_1_586' title='bbox 1213 4284 1464 4338; x_wconf 66' lang='lat' dir='ltr'><strong>sanctus,</strong></span> <span class='ocrx_word' id='word_1_587' title='bbox 1519 4272 1777 4326; x_wconf 85' lang='lat' dir='ltr'><strong>dicuntur</strong></span> <span class='ocrx_word' id='word_1_588' title='bbox 1836 4283 2030 4322; x_wconf 81' lang='lat' dir='ltr'><strong>versus</strong></span> 
     </span>
    </p>
   </div>
   <div class='ocr_carea' id='block_1_88' title="bbox 2128 4272 3706 4373">
    <p class='ocr_par' dir='ltr' id='par_1_88' title="bbox 2134 4281 3706 4357">
     <span class='ocr_line' id='line_1_88' title="bbox 2134 4281 3706 4357; baseline 0.003 -20"><span class='ocrx_word' id='word_1_589' title='bbox 2134 4284 2183 4337; x_wconf 82' lang='lat' dir='ltr'><strong>oi</strong></span> <span class='ocrx_word' id='word_1_590' title='bbox 2236 4281 2382 4336; x_wconf 66' lang='lat' dir='ltr'><strong>ima</strong></span> <span class='ocrx_word' id='word_1_591' title='bbox 2428 4283 2579 4347; x_wconf 78' lang='grc' dir='ltr'>τάξιν</span> <span class='ocrx_word' id='word_1_592' title='bbox 2633 4284 2799 4336; x_wconf 84' lang='grc' dir='ltr'>αὐτοῦ</span> <span class='ocrx_word' id='word_1_593' title='bbox 2852 4287 3107 4356; x_wconf 73' lang='grc' dir='ltr'>ξερὰρχου</span> <span class='ocrx_word' id='word_1_594' title='bbox 3151 4288 3314 4356; x_wconf 83' lang='grc' dir='ltr'>τυχὸν</span> <span class='ocrx_word' id='word_1_595' title='bbox 3359 4288 3390 4357; x_wconf 89' lang='grc' dir='ltr'>ἢ</span> <span class='ocrx_word' id='word_1_596' title='bbox 3433 4291 3706 4356; x_wconf 77' lang='grc' dir='ltr'>μάρτυρος</span> 
     </span>
    </p>
   </div>
   <div class='ocr_carea' id='block_1_89' title="bbox 459 4341 2045 4450">
    <p class='ocr_par' dir='ltr' id='par_1_89' title="bbox 459 4361 2032 4441">
     <span class='ocr_line' id='line_1_89' title="bbox 459 4361 2032 4441; baseline -0.01 -14"><span class='ocrx_word' id='word_1_597' title='bbox 459 4386 491 4427; x_wconf 89' lang='lat' dir='ltr'><strong>e</strong></span> <span class='ocrx_word' id='word_1_598' title='bbox 524 4363 748 4441; x_wconf 73' lang='lat' dir='ltr'><strong>psalmis</strong></span> <span class='ocrx_word' id='word_1_599' title='bbox 776 4368 976 4432; x_wconf 88' lang='lat' dir='ltr'><strong>electi,</strong></span> <span class='ocrx_word' id='word_1_600' title='bbox 1036 4366 1174 4422; x_wconf 78' lang='lat' dir='ltr'><strong>festo</strong></span> <span class='ocrx_word' id='word_1_601' title='bbox 1219 4367 1333 4421; x_wconf 60' lang='lat' dir='ltr'><strong>site</strong></span> <span class='ocrx_word' id='word_1_602' title='bbox 1395 4363 1667 4434; x_wconf 87' lang='lat' dir='ltr'><strong>pontiﬁcis</strong></span> <span class='ocrx_word' id='word_1_603' title='bbox 1723 4361 1840 4415; x_wconf 90' lang='lat' dir='ltr'><strong>sive</strong></span> <span class='ocrx_word' id='word_1_604' title='bbox 1889 4375 2032 4412; x_wconf 74' lang='lat' dir='ltr'><strong>mar-</strong></span> 
     </span>
    </p>
   </div>
   <div class='ocr_carea' id='block_1_90' title="bbox 2128 4341 3710 4450">
    <p class='ocr_par' dir='ltr' id='par_1_90' title="bbox 2137 4374 3710 4450">
     <span class='ocr_line' id='line_1_90' title="bbox 2137 4374 3710 4450; baseline 0.002 -21"><span class='ocrx_word' id='word_1_605' title='bbox 2137 4377 2171 4448; x_wconf 67' lang='grc' dir='ltr'>ἣ</span> <span class='ocrx_word' id='word_1_606' title='bbox 2225 4375 2375 4429; x_wconf 82' lang='grc' dir='ltr'>ὁσίου</span> <span class='ocrx_word' id='word_1_607' title='bbox 2425 4374 2692 4445; x_wconf 67' lang='grc' dir='ltr'>ψαλμικοὶ</span> <span class='ocrx_word' id='word_1_608' title='bbox 2745 4377 2954 4447; x_wconf 72' lang='grc' dir='ltr'>στίχοι,</span> <span class='ocrx_word' id='word_1_609' title='bbox 3009 4379 3105 4432; x_wconf 75' lang='grc' dir='ltr'>καὶ</span> <span class='ocrx_word' id='word_1_610' title='bbox 3165 4381 3233 4432; x_wconf 77' lang='grc' dir='ltr'><strong>τὰ</strong></span> <span class='ocrx_word' id='word_1_611' title='bbox 3294 4381 3460 4433; x_wconf 75' lang='grc' dir='ltr'>αὑτοῦ</span> <span class='ocrx_word' id='word_1_612' title='bbox 3526 4397 3710 4450; x_wconf 76' lang='grc' dir='ltr'>στιχη-</span> 
     </span>
    </p>
   </div>
   <div class='ocr_carea' id='block_1_91' title="bbox 461 4439 2045 4540">
    <p class='ocr_par' dir='ltr' id='par_1_91' title="bbox 461 4439 2030 4534">
     <span class='ocr_line' id='line_1_91' title="bbox 461 4439 2030 4534; baseline -0.01 -18"><span class='ocrx_word' id='word_1_613' title='bbox 461 4439 596 4534; x_wconf 76' lang='lat' dir='ltr'><strong>tyris</strong></span> <span class='ocrx_word' id='word_1_614' title='bbox 611 4462 725 4517; x_wconf 86' lang='lat' dir='ltr'><strong>sive</strong></span> <span class='ocrx_word' id='word_1_615' title='bbox 737 4461 870 4529; x_wconf 86' lang='lat' dir='ltr'><strong>justi</strong></span> <span class='ocrx_word' id='word_1_616' title='bbox 888 4457 1262 4521; x_wconf 89' lang='lat' dir='ltr'><strong>consentanei,</strong></span> <span class='ocrx_word' id='word_1_617' title='bbox 1295 4468 1459 4526; x_wconf 84' lang='lat' dir='ltr'><strong>atque</strong></span> <span class='ocrx_word' id='word_1_618' title='bbox 1480 4455 1620 4509; x_wconf 89' lang='lat' dir='ltr'><strong>modi</strong></span> <span class='ocrx_word' id='word_1_619' title='bbox 1650 4453 1716 4506; x_wconf 84' lang='lat' dir='ltr'><strong>ad</strong></span> <span class='ocrx_word' id='word_1_620' title='bbox 1749 4452 1799 4506; x_wconf 85' lang='lat' dir='ltr'><strong>id</strong></span> <span class='ocrx_word' id='word_1_621' title='bbox 1831 4451 2030 4504; x_wconf 81' lang='lat' dir='ltr'><strong>festum</strong></span> 
     </span>
    </p>
   </div>
   <div class='ocr_carea' id='block_1_92' title="bbox 2128 4439 3708 4540">
    <p class='ocr_par' dir='ltr' id='par_1_92' title="bbox 2141 4439 3708 4540">
     <span class='ocr_line' id='line_1_92' title="bbox 2141 4439 3708 4540; baseline 0.004 -22"><span class='ocrx_word' id='word_1_622' title='bbox 2141 4439 2209 4537; x_wconf 76' lang='grc' dir='ltr'>ρά</span> <span class='ocrx_word' id='word_1_623' title='bbox 2246 4481 2261 4500; x_wconf 80' lang='grc' dir='ltr'><strong>ο</strong></span> <span class='ocrx_word' id='word_1_624' title='bbox 2320 4465 2399 4518; x_wconf 81' lang='grc' dir='ltr'>διὸ</span> <span class='ocrx_word' id='word_1_625' title='bbox 2440 4439 2552 4519; x_wconf 23' lang='grc' dir='ltr'>Ἷκαί</span> <span class='ocrx_word' id='word_1_626' title='bbox 2607 4439 2864 4536; x_wconf 46' lang='grc' dir='ltr'>στιχηρὰη</span> <span class='ocrx_word' id='word_1_627' title='bbox 2893 4468 3144 4534; x_wconf 79' lang='grc' dir='ltr'>λέγονται,</span> <span class='ocrx_word' id='word_1_628' title='bbox 3177 4486 3190 4498; x_wconf 86' lang='grc'><strong>·</strong></span> <span class='ocrx_word' id='word_1_629' title='bbox 3221 4473 3288 4523; x_wconf 72' lang='grc' dir='ltr'><strong>τὰ</strong></span> <span class='ocrx_word' id='word_1_630' title='bbox 3348 4472 3456 4540; x_wconf 76' lang='grc' dir='ltr'><strong>γὰρ</strong></span> <span class='ocrx_word' id='word_1_631' title='bbox 3510 4439 3708 4535; x_wconf 49' lang='grc' dir='ltr'>ἔξωθε-ν</span> 
     </span>
    </p>
   </div>
   <div class='ocr_carea' id='block_1_93' title="bbox 463 4542 2034 4615">
    <p class='ocr_par' dir='ltr' id='par_1_93' title="bbox 463 4542 2034 4615">
     <span class='ocr_line' id='line_1_93' title="bbox 463 4542 2034 4615; baseline -0.01 -4"><span class='ocrx_word' id='word_1_632' title='bbox 463 4553 882 4611; x_wconf 82' lang='lat' dir='ltr'><strong>accommodati.</strong></span> <span class='ocrx_word' id='word_1_633' title='bbox 919 4551 1045 4606; x_wconf 84' lang='lat' dir='ltr'><strong>Ideo</strong></span> <span class='ocrx_word' id='word_1_634' title='bbox 1068 4550 1210 4604; x_wconf 87' lang='lat' dir='ltr'><strong>tnodi</strong></span> <span class='ocrx_word' id='word_1_635' title='bbox 1245 4549 1522 4612; x_wconf 85' lang='lat' dir='ltr'><strong>dicuntur,</strong></span> <span class='ocrx_word' id='word_1_636' title='bbox 1559 4545 1864 4615; x_wconf 85' lang='lat' dir='ltr'><strong>psalluntur</strong></span> <span class='ocrx_word' id='word_1_637' title='bbox 1887 4542 2034 4596; x_wconf 88' lang='lat' dir='ltr'><strong>enim</strong></span> 
     </span>
    </p>
   </div>
   <div class='ocr_carea' id='block_1_94' title="bbox 418 4631 2034 4713">
    <p class='ocr_par' dir='ltr' id='par_1_94' title="bbox 418 4631 2034 4713">
     <span class='ocr_line' id='line_1_94' title="bbox 418 4631 2034 4713; baseline -0.011 -12"><span class='ocrx_word' id='word_1_638' title='bbox 418 4681 422 4713; x_wconf 40' lang='grc' dir='ltr'>μ</span> <span class='ocrx_word' id='word_1_639' title='bbox 467 4647 601 4702; x_wconf 73' lang='lat' dir='ltr'><strong>foris</strong></span> <span class='ocrx_word' id='word_1_640' title='bbox 629 4647 680 4700; x_wconf 92' lang='lat' dir='ltr'><strong>in</strong></span> <span class='ocrx_word' id='word_1_641' title='bbox 719 4644 1066 4713; x_wconf 85' lang='lat' dir='ltr'><strong>processione</strong></span> <span class='ocrx_word' id='word_1_642' title='bbox 1113 4638 1320 4705; x_wconf 83' lang='lat' dir='ltr'><strong>absque</strong></span> <span class='ocrx_word' id='word_1_643' title='bbox 1354 4633 1605 4690; x_wconf 90' lang='lat' dir='ltr'><strong>versibus</strong></span> <span class='ocrx_word' id='word_1_644' title='bbox 1630 4669 1646 4695; x_wconf 91' lang='lat'><strong>,</strong></span> <span class='ocrx_word' id='word_1_645' title='bbox 1693 4631 1837 4684; x_wconf 91' lang='lat' dir='ltr'><strong>unde</strong></span> <span class='ocrx_word' id='word_1_646' title='bbox 1865 4640 1917 4683; x_wconf 90' lang='lat' dir='ltr'><strong>et</strong></span> <span class='ocrx_word' id='word_1_647' title='bbox 1949 4645 2034 4684; x_wconf 86' lang='lat' dir='ltr'><strong>re-</strong></span> 
     </span>
    </p>
   </div>
   <div class='ocr_carea' id='block_1_95' title="bbox 415 4723 2034 4806">
    <p class='ocr_par' dir='ltr' id='par_1_95' title="bbox 415 4723 2034 4806">
     <span class='ocr_line' id='line_1_95' title="bbox 415 4723 2034 4806; baseline -0.012 -12"><span class='ocrx_word' id='word_1_648' title='bbox 415 4723 422 4757; x_wconf 48' lang='grc' dir='ltr'><strong>ί</strong></span> <span class='ocrx_word' id='word_1_649' title='bbox 463 4737 749 4806; x_wconf 85' lang='lat' dir='ltr'><strong>sponsaria</strong></span> <span class='ocrx_word' id='word_1_650' title='bbox 798 4733 1159 4802; x_wconf 87' lang='lat' dir='ltr'><strong>appellantur.</strong></span> <span class='ocrx_word' id='word_1_651' title='bbox 1230 4727 1433 4781; x_wconf 75' lang='lat' dir='ltr'><strong>Deinde</strong></span> <span class='ocrx_word' id='word_1_652' title='bbox 1494 4724 1687 4796; x_wconf 77' lang='lat' dir='ltr'><strong>gloria,</strong></span> <span class='ocrx_word' id='word_1_653' title='bbox 1731 4734 1782 4776; x_wconf 90' lang='lat' dir='ltr'><strong>et</strong></span> <span class='ocrx_word' id='word_1_654' title='bbox 1835 4723 2034 4776; x_wconf 87' lang='lat' dir='ltr'><strong>iterum</strong></span> 
     </span>
    </p>
   </div>
   <div class='ocr_carea' id='block_1_96' title="bbox 465 4811 2038 4898">
    <p class='ocr_par' dir='ltr' id='par_1_96' title="bbox 465 4811 2038 4898">
     <span class='ocr_line' id='line_1_96' title="bbox 465 4811 2038 4898; baseline -0.01 -16"><span class='ocrx_word' id='word_1_655' title='bbox 465 4827 686 4898; x_wconf 86' lang='lat' dir='ltr'><strong>propria</strong></span> <span class='ocrx_word' id='word_1_656' title='bbox 733 4823 992 4878; x_wconf 89' lang='lat' dir='ltr'><strong>dicuntur</strong></span> <span class='ocrx_word' id='word_1_657' title='bbox 1027 4819 1297 4878; x_wconf 84' lang='lat' dir='ltr'><strong>carmina.</strong></span> <span class='ocrx_word' id='word_1_658' title='bbox 1349 4818 1498 4872; x_wconf 87' lang='lat' dir='ltr'><strong>aliud</strong></span> <span class='ocrx_word' id='word_1_659' title='bbox 1548 4815 1765 4886; x_wconf 88' lang='lat' dir='ltr'><strong>quidem</strong></span> <span class='ocrx_word' id='word_1_660' title='bbox 1822 4811 2038 4867; x_wconf 84' lang='lat' dir='ltr'><strong>ratiene</strong></span> 
     </span>
    </p>
   </div>
   <div class='ocr_carea' id='block_1_97' title="bbox 468 4905 2035 4982">
    <p class='ocr_par' dir='ltr' id='par_1_97' title="bbox 468 4905 2035 4982">
     <span class='ocr_line' id='line_1_97' title="bbox 468 4905 2035 4982; baseline -0.01 -10"><span class='ocrx_word' id='word_1_661' title='bbox 468 4919 590 4974; x_wconf 81' lang='lat' dir='ltr'><strong>festi</strong></span> <span class='ocrx_word' id='word_1_662' title='bbox 619 4916 702 4970; x_wconf 86' lang='lat' dir='ltr'><strong>vel</strong></span> <span class='ocrx_word' id='word_1_663' title='bbox 731 4914 1012 4982; x_wconf 78' lang='lat' dir='ltr'><strong>cujusdam</strong></span> <span class='ocrx_word' id='word_1_664' title='bbox 1043 4914 1243 4974; x_wconf 83' lang='lat' dir='ltr'><strong>sancti,</strong></span> <span class='ocrx_word' id='word_1_665' title='bbox 1277 4910 1420 4964; x_wconf 86' lang='lat' dir='ltr'><strong>aliud</strong></span> <span class='ocrx_word' id='word_1_666' title='bbox 1457 4919 1639 4962; x_wconf 85' lang='lat' dir='ltr'><strong>autem</strong></span> <span class='ocrx_word' id='word_1_667' title='bbox 1673 4907 1728 4959; x_wconf 88' lang='lat' dir='ltr'><strong>in</strong></span> <span class='ocrx_word' id='word_1_668' title='bbox 1770 4905 2035 4958; x_wconf 89' lang='lat' dir='ltr'><strong>honorem</strong></span> 
     </span>
    </p>
   </div>
   <div class='ocr_carea' id='block_1_98' title="bbox 469 5000 2038 5074">
    <p class='ocr_par' dir='ltr' id='par_1_98' title="bbox 469 5000 2038 5074">
     <span class='ocr_line' id='line_1_98' title="bbox 469 5000 2038 5074; baseline -0.008 -8"><span class='ocrx_word' id='word_1_669' title='bbox 469 5010 566 5066; x_wconf 89' lang='lat' dir='ltr'><strong>Dei</strong></span> <span class='ocrx_word' id='word_1_670' title='bbox 619 5006 914 5064; x_wconf 87' lang='lat' dir='ltr'><strong>Genitricis</strong></span> <span class='ocrx_word' id='word_1_671' title='bbox 944 5012 1164 5074; x_wconf 86' lang='lat' dir='ltr'><strong>prepter</strong></span> <span class='ocrx_word' id='word_1_672' title='bbox 1197 5003 1541 5056; x_wconf 85' lang='lat' dir='ltr'><strong>utilissimam</strong></span> <span class='ocrx_word' id='word_1_673' title='bbox 1599 5000 1714 5068; x_wconf 85' lang='lat' dir='ltr'><strong>ejus</strong></span> <span class='ocrx_word' id='word_1_674' title='bbox 1742 5014 1843 5068; x_wconf 90' lang='lat' dir='ltr'><strong>pro</strong></span> <span class='ocrx_word' id='word_1_675' title='bbox 1883 5000 2038 5055; x_wconf 88' lang='lat' dir='ltr'><strong>nobis</strong></span> 
     </span>
    </p>
   </div>
   <div class='ocr_carea' id='block_1_99' title="bbox 467 5093 2038 5170">
    <p class='ocr_par' dir='ltr' id='par_1_99' title="bbox 467 5093 2038 5170">
     <span class='ocr_line' id='line_1_99' title="bbox 467 5093 2038 5170; baseline -0.007 -13"><span class='ocrx_word' id='word_1_676' title='bbox 467 5099 924 5170; x_wconf 86' lang='lat' dir='ltr'><strong>deprecationem.</strong></span> <span class='ocrx_word' id='word_1_677' title='bbox 945 5096 1008 5149; x_wconf 89' lang='lat' dir='ltr'><strong>Et</strong></span> <span class='ocrx_word' id='word_1_678' title='bbox 1027 5095 1297 5164; x_wconf 86' lang='lat' dir='ltr'><strong>protinus,</strong></span> <span class='ocrx_word' id='word_1_679' title='bbox 1326 5094 1508 5147; x_wconf 65' lang='lat' dir='ltr'><strong>«Nunc</strong></span> <span class='ocrx_word' id='word_1_680' title='bbox 1524 5093 1776 5156; x_wconf 85' lang='lat' dir='ltr'><strong>dimittis,</strong></span> <span class='ocrx_word' id='word_1_681' title='bbox 1796 5111 1814 5144; x_wconf 77' lang='grc' dir='ltr'><strong>ι</strong></span> <span class='ocrx_word' id='word_1_682' title='bbox 1843 5093 1911 5146; x_wconf 88' lang='lat' dir='ltr'><strong>ab</strong></span> <span class='ocrx_word' id='word_1_683' title='bbox 1929 5106 2038 5146; x_wconf 88' lang='lat' dir='ltr'><strong>uno</strong></span> 
     </span>
    </p>
   </div>
   <div class='ocr_carea' id='block_1_100' title="bbox 468 5185 2040 5264">
    <p class='ocr_par' dir='ltr' id='par_1_100' title="bbox 468 5185 2040 5264">
     <span class='ocr_line' id='line_1_100' title="bbox 468 5185 2040 5264; baseline -0.006 -16"><span class='ocrx_word' id='word_1_684' title='bbox 468 5195 558 5264; x_wconf 84' lang='lat' dir='ltr'><strong>pie</strong></span> <span class='ocrx_word' id='word_1_685' title='bbox 598 5190 819 5254; x_wconf 90' lang='lat' dir='ltr'><strong>dicitur,</strong></span> <span class='ocrx_word' id='word_1_686' title='bbox 847 5187 991 5258; x_wconf 89' lang='lat' dir='ltr'><strong>quod</strong></span> <span class='ocrx_word' id='word_1_687' title='bbox 1023 5195 1103 5242; x_wconf 87' lang='lat' dir='ltr'><strong>est</strong></span> <span class='ocrx_word' id='word_1_688' title='bbox 1141 5185 1410 5241; x_wconf 81' lang='lat' dir='ltr'><strong>Simeonis</strong></span> <span class='ocrx_word' id='word_1_689' title='bbox 1432 5188 1610 5240; x_wconf 87' lang='lat' dir='ltr'><strong>oratio</strong></span> <span class='ocrx_word' id='word_1_690' title='bbox 1643 5185 1807 5240; x_wconf 91' lang='lat' dir='ltr'><strong>Deum</strong></span> <span class='ocrx_word' id='word_1_691' title='bbox 1833 5187 2040 5255; x_wconf 83' lang='lat' dir='ltr'><strong>gloriﬁ-</strong></span> 
     </span>
    </p>
   </div>
   <div class='ocr_carea' id='block_1_101' title="bbox 468 5278 2037 5352">
    <p class='ocr_par' dir='ltr' id='par_1_101' title="bbox 468 5278 2037 5352">
     <span class='ocr_line' id='line_1_101' title="bbox 468 5278 2037 5352; baseline -0.006 -12"><span class='ocrx_word' id='word_1_692' title='bbox 468 5284 668 5340; x_wconf 84' lang='lat' dir='ltr'><strong>cantis.</strong></span> <span class='ocrx_word' id='word_1_693' title='bbox 693 5280 793 5336; x_wconf 85' lang='lat' dir='ltr'><strong>Hic</strong></span> <span class='ocrx_word' id='word_1_694' title='bbox 813 5281 1030 5352; x_wconf 88' lang='lat' dir='ltr'><strong>quidem</strong></span> <span class='ocrx_word' id='word_1_695' title='bbox 1053 5278 1423 5335; x_wconf 82' lang='lat' dir='ltr'><strong>dimissionem</strong></span> <span class='ocrx_word' id='word_1_696' title='bbox 1452 5279 1839 5348; x_wconf 77' lang='lat' dir='ltr'><strong>poscitanimae</strong></span> <span class='ocrx_word' id='word_1_697' title='bbox 1865 5293 1894 5332; x_wconf 88' lang='lat' dir='ltr'><strong>a</strong></span> <span class='ocrx_word' id='word_1_698' title='bbox 1917 5293 2037 5333; x_wconf 90' lang='lat' dir='ltr'><strong>cor-</strong></span> 
     </span>
    </p>
   </div>
   <div class='ocr_carea' id='block_1_102' title="bbox 470 5377 2039 5452">
    <p class='ocr_par' dir='ltr' id='par_1_102' title="bbox 470 5377 2039 5452">
     <span class='ocr_line' id='line_1_102' title="bbox 470 5377 2039 5452; baseline -0.003 -15"><span class='ocrx_word' id='word_1_699' title='bbox 470 5399 620 5452; x_wconf 88' lang='lat' dir='ltr'><strong>pore,</strong></span> <span class='ocrx_word' id='word_1_700' title='bbox 653 5382 772 5436; x_wconf 89' lang='lat' dir='ltr'><strong>viso</strong></span> <span class='ocrx_word' id='word_1_701' title='bbox 806 5380 900 5436; x_wconf 93' lang='lat' dir='ltr'><strong>Dei</strong></span> <span class='ocrx_word' id='word_1_702' title='bbox 930 5379 1180 5445; x_wconf 78' lang='lat' dir='ltr'><strong>salutari,</strong></span> <span class='ocrx_word' id='word_1_703' title='bbox 1213 5391 1311 5434; x_wconf 89' lang='lat' dir='ltr'><strong>nos</strong></span> <span class='ocrx_word' id='word_1_704' title='bbox 1334 5391 1464 5434; x_wconf 83' lang='lat' dir='ltr'><strong>vero</strong></span> <span class='ocrx_word' id='word_1_705' title='bbox 1501 5377 1815 5448; x_wconf 76' lang='lat' dir='ltr'><strong>ﬂagitamus</strong></span> <span class='ocrx_word' id='word_1_706' title='bbox 1846 5377 2039 5432; x_wconf 86' lang='lat' dir='ltr'><strong>dimis-</strong></span> 
     </span>
    </p>
   </div>
   <div class='ocr_carea' id='block_1_103' title="bbox 470 5472 2038 5541">
    <p class='ocr_par' dir='ltr' id='par_1_103' title="bbox 470 5472 2038 5541">
     <span class='ocr_line' id='line_1_103' title="bbox 470 5472 2038 5541; baseline -0.003 -11"><span class='ocrx_word' id='word_1_707' title='bbox 470 5475 682 5531; x_wconf 83' lang='lat' dir='ltr'><strong>sionem</strong></span> <span class='ocrx_word' id='word_1_708' title='bbox 714 5473 911 5530; x_wconf 73' lang='lat' dir='ltr'><strong>animte</strong></span> <span class='ocrx_word' id='word_1_709' title='bbox 943 5488 974 5528; x_wconf 88' lang='lat' dir='ltr'><strong>a</strong></span> <span class='ocrx_word' id='word_1_710' title='bbox 1012 5473 1186 5539; x_wconf 85' lang='lat' dir='ltr'><strong>vitiis,</strong></span> <span class='ocrx_word' id='word_1_711' title='bbox 1217 5486 1251 5527; x_wconf 81' lang='lat' dir='ltr'><strong>a</strong></span> <span class='ocrx_word' id='word_1_712' title='bbox 1282 5472 1673 5527; x_wconf 83' lang='lat' dir='ltr'><strong>tentationihus</strong></span> <span class='ocrx_word' id='word_1_713' title='bbox 1703 5472 1902 5541; x_wconf 86' lang='lat' dir='ltr'><strong>quibus</strong></span> <span class='ocrx_word' id='word_1_714' title='bbox 1936 5485 2038 5526; x_wconf 87' lang='lat' dir='ltr'><strong>nos</strong></span> 
     </span>
    </p>
   </div>
   <div class='ocr_carea' id='block_1_104' title="bbox 471 5562 2038 5636">
    <p class='ocr_par' dir='ltr' id='par_1_104' title="bbox 471 5562 2038 5636">
     <span class='ocr_line' id='line_1_104' title="bbox 471 5562 2038 5636; baseline -0.003 -16"><span class='ocrx_word' id='word_1_715' title='bbox 471 5574 626 5636; x_wconf 87' lang='lat' dir='ltr'><strong>urget</strong></span> <span class='ocrx_word' id='word_1_716' title='bbox 655 5565 930 5631; x_wconf 85' lang='lat' dir='ltr'><strong>inimicus,</strong></span> <span class='ocrx_word' id='word_1_717' title='bbox 955 5573 1118 5635; x_wconf 81' lang='lat' dir='ltr'><strong>atque</strong></span> <span class='ocrx_word' id='word_1_718' title='bbox 1143 5578 1173 5619; x_wconf 72' lang='grc' dir='ltr'><strong>ε</strong></span> <span class='ocrx_word' id='word_1_719' title='bbox 1203 5563 1412 5628; x_wconf 79' lang='lat' dir='ltr'><strong>duplici</strong></span> <span class='ocrx_word' id='word_1_720' title='bbox 1449 5563 1662 5630; x_wconf 85' lang='lat' dir='ltr'><strong>morbo,</strong></span> <span class='ocrx_word' id='word_1_721' title='bbox 1697 5563 1894 5618; x_wconf 71' lang='lat' dir='ltr'><strong>anima:</strong></span> <span class='ocrx_word' id='word_1_722' title='bbox 1935 5562 2038 5618; x_wconf 77' lang='lat' dir='ltr'><strong>sci-</strong></span> 
     </span>
    </p>
   </div>
   <div class='ocr_carea' id='block_1_105' title="bbox 468 5655 2036 5729">
    <p class='ocr_par' dir='ltr' id='par_1_105' title="bbox 468 5655 2036 5729">
     <span class='ocr_line' id='line_1_105' title="bbox 468 5655 2036 5729; baseline 0.001 -17"><span class='ocrx_word' id='word_1_723' title='bbox 468 5656 596 5713; x_wconf 83' lang='lat' dir='ltr'><strong>licet</strong></span> <span class='ocrx_word' id='word_1_724' title='bbox 642 5665 700 5713; x_wconf 88' lang='lat' dir='ltr'><strong>et</strong></span> <span class='ocrx_word' id='word_1_725' title='bbox 740 5657 1010 5729; x_wconf 81' lang='lat' dir='ltr'><strong>corporis,</strong></span> <span class='ocrx_word' id='word_1_726' title='bbox 1057 5655 1165 5716; x_wconf 83' lang='lat' dir='ltr'><strong>etsi</strong></span> <span class='ocrx_word' id='word_1_727' title='bbox 1216 5655 1385 5715; x_wconf 76' lang='lat' dir='ltr'><strong>etiam</strong></span> <span class='ocrx_word' id='word_1_728' title='bbox 1441 5655 1639 5711; x_wconf 91' lang='lat' dir='ltr'><strong>mirum</strong></span> <span class='ocrx_word' id='word_1_729' title='bbox 1672 5667 1784 5711; x_wconf 85' lang='lat' dir='ltr'><strong>non</strong></span> <span class='ocrx_word' id='word_1_730' title='bbox 1819 5655 1891 5711; x_wconf 87' lang='lat' dir='ltr'><strong>sit</strong></span> <span class='ocrx_word' id='word_1_731' title='bbox 1937 5670 2036 5713; x_wconf 85' lang='lat' dir='ltr'><strong>nos</strong></span> 
     </span>
    </p>
   </div>
   <div class='ocr_carea' id='block_1_106' title="bbox 2137 4555 3712 4631">
    <p class='ocr_par' dir='ltr' id='par_1_106' title="bbox 2137 4555 3712 4631">
     <span class='ocr_line' id='line_1_106' title="bbox 2137 4555 3712 4631; baseline 0.003 -21"><span class='ocrx_word' id='word_1_732' title='bbox 2137 4557 2196 4610; x_wconf 64' lang='grc' dir='ltr'>ἄν</span> <span class='ocrx_word' id='word_1_733' title='bbox 2227 4558 2294 4626; x_wconf 79' lang='grc' dir='ltr'>τῇ</span> <span class='ocrx_word' id='word_1_734' title='bbox 2345 4555 2463 4624; x_wconf 83' lang='grc' dir='ltr'>λιτῇ</span> <span class='ocrx_word' id='word_1_735' title='bbox 2489 4555 2611 4624; x_wconf 82' lang='grc' dir='ltr'>δίχα</span> <span class='ocrx_word' id='word_1_736' title='bbox 2643 4558 2862 4626; x_wconf 79' lang='grc' dir='ltr'>στίχων,</span> <span class='ocrx_word' id='word_1_737' title='bbox 2893 4558 3016 4610; x_wconf 85' lang='grc' dir='ltr'>ὅθεν</span> <span class='ocrx_word' id='word_1_738' title='bbox 3052 4559 3145 4611; x_wconf 70' lang='lat' dir='ltr'><strong>xxi</strong></span> <span class='ocrx_word' id='word_1_739' title='bbox 3197 4561 3494 4631; x_wconf 81' lang='grc' dir='ltr'>ἀποστίχου</span> <span class='ocrx_word' id='word_1_740' title='bbox 3541 4561 3712 4615; x_wconf 76' lang='grc' dir='ltr'>ταῦτά</span> 
     </span>
    </p>
   </div>
   <div class='ocr_carea' id='block_1_107' title="bbox 2139 4642 3710 4715">
    <p class='ocr_par' dir='ltr' id='par_1_107' title="bbox 2139 4642 3710 4715">
     <span class='ocr_line' id='line_1_107' title="bbox 2139 4642 3710 4715; baseline 0.001 -16"><span class='ocrx_word' id='word_1_741' title='bbox 2139 4661 2320 4714; x_wconf 87' lang='grc' dir='ltr'>φασιν.</span> <span class='ocrx_word' id='word_1_742' title='bbox 2360 4642 2492 4698; x_wconf 76' lang='grc' dir='ltr'>Εἶτα</span> <span class='ocrx_word' id='word_1_743' title='bbox 2541 4645 2667 4708; x_wconf 77' lang='grc' dir='ltr'>δόξα</span> <span class='ocrx_word' id='word_1_744' title='bbox 2712 4648 2806 4698; x_wconf 78' lang='grc' dir='ltr'><strong>καὶ</strong></span> <span class='ocrx_word' id='word_1_745' title='bbox 2855 4646 2950 4698; x_wconf 89' lang='grc' dir='ltr'><strong>νῦν</strong></span> <span class='ocrx_word' id='word_1_746' title='bbox 3013 4646 3254 4715; x_wconf 80' lang='grc' dir='ltr'>ίδιόμελα</span> <span class='ocrx_word' id='word_1_747' title='bbox 3288 4647 3541 4715; x_wconf 84' lang='grc' dir='ltr'>λέγονται</span> <span class='ocrx_word' id='word_1_748' title='bbox 3579 4663 3595 4681; x_wconf 76' lang='grc' dir='ltr'><strong>ο</strong></span> <span class='ocrx_word' id='word_1_749' title='bbox 3649 4647 3710 4700; x_wconf 81' lang='grc' dir='ltr'>τὸ</span> 
     </span>
    </p>
   </div>
   <div class='ocr_carea' id='block_1_108' title="bbox 2141 4735 3710 4805">
    <p class='ocr_par' dir='ltr' id='par_1_108' title="bbox 2141 4735 3710 4805">
     <span class='ocr_line' id='line_1_108' title="bbox 2141 4735 3710 4805; baseline 0.003 -18"><span class='ocrx_word' id='word_1_750' title='bbox 2141 4737 2240 4804; x_wconf 84' lang='grc' dir='ltr'>μὲν</span> <span class='ocrx_word' id='word_1_751' title='bbox 2294 4737 2357 4787; x_wconf 77' lang='grc' dir='ltr'><strong>ὲκ</strong></span> <span class='ocrx_word' id='word_1_752' title='bbox 2408 4737 2516 4786; x_wconf 77' lang='grc' dir='ltr'>τών</span> <span class='ocrx_word' id='word_1_753' title='bbox 2567 4735 2666 4803; x_wconf 85' lang='grc' dir='ltr'>τῆς</span> <span class='ocrx_word' id='word_1_754' title='bbox 2712 4735 2904 4805; x_wconf 81' lang='grc' dir='ltr'>ἑορτῆς</span> <span class='ocrx_word' id='word_1_755' title='bbox 2946 4737 2979 4805; x_wconf 78' lang='grc' dir='ltr'>ἦ</span> <span class='ocrx_word' id='word_1_756' title='bbox 3033 4753 3179 4799; x_wconf 78' lang='grc' dir='ltr'>τινος</span> <span class='ocrx_word' id='word_1_757' title='bbox 3237 4739 3346 4792; x_wconf 86' lang='grc' dir='ltr'><strong>τῶν</strong></span> <span class='ocrx_word' id='word_1_758' title='bbox 3389 4739 3594 4805; x_wconf 65' lang='grc' dir='ltr'>ἁγίων,</span> <span class='ocrx_word' id='word_1_759' title='bbox 3651 4739 3710 4792; x_wconf 77' lang='grc' dir='ltr'>τὸ</span> 
     </span>
    </p>
   </div>
   <div class='ocr_carea' id='block_1_109' title="bbox 2137 4826 3708 4899">
    <p class='ocr_par' dir='ltr' id='par_1_109' title="bbox 2137 4826 3708 4899">
     <span class='ocr_line' id='line_1_109' title="bbox 2137 4826 3708 4899; baseline 0.001 -19"><span class='ocrx_word' id='word_1_760' title='bbox 2137 4826 2194 4880; x_wconf 80' lang='grc' dir='ltr'>δὲ</span> <span class='ocrx_word' id='word_1_761' title='bbox 2252 4827 2352 4894; x_wconf 82' lang='grc' dir='ltr'>τῆς</span> <span class='ocrx_word' id='word_1_762' title='bbox 2411 4826 2675 4880; x_wconf 72' lang='grc' dir='ltr'>Θεοτόκου</span> <span class='ocrx_word' id='word_1_763' title='bbox 2741 4826 2830 4880; x_wconf 82' lang='grc' dir='ltr'><strong>διὰ</strong></span> <span class='ocrx_word' id='word_1_764' title='bbox 2894 4827 2992 4897; x_wconf 81' lang='grc' dir='ltr'>τὴν</span> <span class='ocrx_word' id='word_1_765' title='bbox 3057 4829 3483 4899; x_wconf 75' lang='grc' dir='ltr'>ἀνυσιμωτάτην</span> <span class='ocrx_word' id='word_1_766' title='bbox 3540 4829 3708 4898; x_wconf 85' lang='grc' dir='ltr'>αὐτῆς</span> 
     </span>
    </p>
   </div>
   <div class='ocr_carea' id='block_1_110' title="bbox 2142 4916 3712 4987">
    <p class='ocr_par' dir='ltr' id='par_1_110' title="bbox 2142 4916 3712 4987">
     <span class='ocr_line' id='line_1_110' title="bbox 2142 4916 3712 4987; baseline 0.002 -18"><span class='ocrx_word' id='word_1_767' title='bbox 2142 4916 2350 4969; x_wconf 78' lang='grc' dir='ltr'>ἱκεσίαν</span> <span class='ocrx_word' id='word_1_768' title='bbox 2406 4916 2546 4985; x_wconf 78' lang='grc' dir='ltr'>ὑπὲρ</span> <span class='ocrx_word' id='word_1_769' title='bbox 2598 4917 2797 4987; x_wconf 77' lang='grc' dir='ltr'>ἡμῶνο</span> <span class='ocrx_word' id='word_1_770' title='bbox 2856 4923 2948 4972; x_wconf 80' lang='grc' dir='ltr'><strong>καὶ</strong></span> <span class='ocrx_word' id='word_1_771' title='bbox 3014 4919 3176 4981; x_wconf 81' lang='grc' dir='ltr'>εὐθὺς</span> <span class='ocrx_word' id='word_1_772' title='bbox 3225 4921 3306 4982; x_wconf 87' lang='grc' dir='ltr'>τὸ,</span> <span class='ocrx_word' id='word_1_773' title='bbox 3363 4938 3380 4970; x_wconf 82' lang='grc' dir='ltr'><strong>ι</strong></span> <span class='ocrx_word' id='word_1_774' title='bbox 3411 4919 3527 4972; x_wconf 86' lang='grc' dir='ltr'>Νῦν</span> <span class='ocrx_word' id='word_1_775' title='bbox 3575 4920 3712 4972; x_wconf 82' lang='grc' dir='ltr'>ἀπο-</span> 
     </span>
    </p>
   </div>
   <div class='ocr_carea' id='block_1_111' title="bbox 2137 5008 3710 5081">
    <p class='ocr_par' dir='ltr' id='par_1_111' title="bbox 2137 5008 3710 5081">
     <span class='ocr_line' id='line_1_111' title="bbox 2137 5008 3710 5081; baseline 0 -19"><span class='ocrx_word' id='word_1_776' title='bbox 2137 5008 2307 5073; x_wconf 80' lang='grc' dir='ltr'>λύεις,</span> <span class='ocrx_word' id='word_1_777' title='bbox 2337 5025 2356 5058; x_wconf 73' lang='grc'><strong>»</strong></span> <span class='ocrx_word' id='word_1_778' title='bbox 2392 5009 2510 5077; x_wconf 84' lang='grc' dir='ltr'>μετ’</span> <span class='ocrx_word' id='word_1_779' title='bbox 2540 5010 2831 5073; x_wconf 75' lang='grc' dir='ltr'>εὐλαϐείας</span> <span class='ocrx_word' id='word_1_780' title='bbox 2866 5010 2996 5080; x_wconf 83' lang='grc' dir='ltr'>παρ’</span> <span class='ocrx_word' id='word_1_781' title='bbox 3031 5011 3170 5074; x_wconf 67' lang='grc' dir='ltr'>ὲνδς,</span> <span class='ocrx_word' id='word_1_782' title='bbox 3207 5009 3236 5062; x_wconf 85' lang='grc' dir='ltr'><strong>ὃ</strong></span> <span class='ocrx_word' id='word_1_783' title='bbox 3269 5009 3334 5076; x_wconf 86' lang='grc' dir='ltr'>δὴ</span> <span class='ocrx_word' id='word_1_784' title='bbox 3367 5009 3459 5064; x_wconf 88' lang='grc' dir='ltr'><strong>τοῦ</strong></span> <span class='ocrx_word' id='word_1_785' title='bbox 3489 5010 3710 5081; x_wconf 86' lang='grc' dir='ltr'>Συμεών</span> 
     </span>
    </p>
   </div>
   <div class='ocr_carea' id='block_1_112' title="bbox 2139 5099 3713 5172">
    <p class='ocr_par' dir='ltr' id='par_1_112' title="bbox 2139 5099 3713 5172">
     <span class='ocr_line' id='line_1_112' title="bbox 2139 5099 3713 5172; baseline 0 -18"><span class='ocrx_word' id='word_1_786' title='bbox 2139 5103 2254 5154; x_wconf 76' lang='grc' dir='ltr'>ἐστι</span> <span class='ocrx_word' id='word_1_787' title='bbox 2290 5102 2568 5172; x_wconf 79' lang='grc' dir='ltr'>προσευχὴ</span> <span class='ocrx_word' id='word_1_788' title='bbox 2612 5103 2708 5153; x_wconf 84' lang='grc' dir='ltr'><strong>τοῦ</strong></span> <span class='ocrx_word' id='word_1_789' title='bbox 2765 5101 2858 5156; x_wconf 86' lang='grc' dir='ltr'>τὸν</span> <span class='ocrx_word' id='word_1_790' title='bbox 2887 5100 3020 5156; x_wconf 83' lang='grc' dir='ltr'>Θεὸν</span> <span class='ocrx_word' id='word_1_791' title='bbox 3075 5099 3398 5170; x_wconf 68' lang='grc' dir='ltr'>δεξαμένου.</span> <span class='ocrx_word' id='word_1_792' title='bbox 3433 5101 3542 5154; x_wconf 80' lang='grc' dir='ltr'><strong>Καὶ</strong></span> <span class='ocrx_word' id='word_1_793' title='bbox 3571 5103 3713 5154; x_wconf 77' lang='grc' dir='ltr'><strong>ἐκεῖ·</strong></span> 
     </span>
    </p>
   </div>
   <div class='ocr_carea' id='block_1_113' title="bbox 2139 5193 3712 5265">
    <p class='ocr_par' dir='ltr' id='par_1_113' title="bbox 2139 5193 3712 5265">
     <span class='ocr_line' id='line_1_113' title="bbox 2139 5193 3712 5265; baseline -0.003 -16"><span class='ocrx_word' id='word_1_794' title='bbox 2139 5211 2228 5259; x_wconf 91' lang='grc' dir='ltr'><strong>νος</strong></span> <span class='ocrx_word' id='word_1_795' title='bbox 2277 5195 2378 5265; x_wconf 78' lang='grc' dir='ltr'>μὲν</span> <span class='ocrx_word' id='word_1_796' title='bbox 2427 5195 2693 5247; x_wconf 81' lang='grc' dir='ltr'>ἀπόλυσιν</span> <span class='ocrx_word' id='word_1_797' title='bbox 2761 5194 2996 5247; x_wconf 74' lang='grc' dir='ltr'>αἰτεῖται</span> <span class='ocrx_word' id='word_1_798' title='bbox 3054 5193 3154 5263; x_wconf 82' lang='grc' dir='ltr'><strong>τῆς</strong></span> <span class='ocrx_word' id='word_1_799' title='bbox 3209 5193 3386 5264; x_wconf 80' lang='grc' dir='ltr'>ψυχῆς</span> <span class='ocrx_word' id='word_1_800' title='bbox 3449 5197 3557 5249; x_wconf 78' lang='grc' dir='ltr'><strong>ἀπὸ</strong></span> <span class='ocrx_word' id='word_1_801' title='bbox 3615 5195 3712 5264; x_wconf 78' lang='grc' dir='ltr'><strong>τῆς</strong></span> 
     </span>
    </p>
   </div>
   <div class='ocr_carea' id='block_1_114' title="bbox 2140 5283 3714 5355">
    <p class='ocr_par' dir='ltr' id='par_1_114' title="bbox 2140 5283 3714 5355">
     <span class='ocr_line' id='line_1_114' title="bbox 2140 5283 3714 5355; baseline -0.001 -17"><span class='ocrx_word' id='word_1_802' title='bbox 2140 5284 2363 5355; x_wconf 77' lang='grc' dir='ltr'><strong>σαρκὸς⁹</strong></span> <span class='ocrx_word' id='word_1_803' title='bbox 2398 5283 2521 5337; x_wconf 72' lang='grc' dir='ltr'>ἰδὼν</span> <span class='ocrx_word' id='word_1_804' title='bbox 2560 5283 2699 5336; x_wconf 83' lang='grc' dir='ltr'>Θεοῦ</span> <span class='ocrx_word' id='word_1_805' title='bbox 2727 5283 2789 5336; x_wconf 82' lang='grc' dir='ltr'>τὸ</span> <span class='ocrx_word' id='word_1_806' title='bbox 2823 5287 3095 5352; x_wconf 71' lang='grc' dir='ltr'>σωτήριον</span> <span class='ocrx_word' id='word_1_807' title='bbox 3118 5297 3134 5315; x_wconf 79' lang='lat'><strong>&#39;</strong></span> <span class='ocrx_word' id='word_1_808' title='bbox 3176 5283 3340 5353; x_wconf 79' lang='grc' dir='ltr'>ἡμεῖς</span> <span class='ocrx_word' id='word_1_809' title='bbox 3367 5283 3424 5336; x_wconf 75' lang='grc' dir='ltr'>δὲ</span> <span class='ocrx_word' id='word_1_810' title='bbox 3454 5283 3714 5337; x_wconf 81' lang='grc' dir='ltr'>ἀπόλυσιν</span> 
     </span>
    </p>
   </div>
   <div class='ocr_carea' id='block_1_115' title="bbox 2138 5368 3714 5445">
    <p class='ocr_par' dir='ltr' id='par_1_115' title="bbox 2138 5368 3714 5445">
     <span class='ocr_line' id='line_1_115' title="bbox 2138 5368 3714 5445; baseline -0.004 -16"><span class='ocrx_word' id='word_1_811' title='bbox 2138 5378 2234 5445; x_wconf 84' lang='grc' dir='ltr'>τῆς</span> <span class='ocrx_word' id='word_1_812' title='bbox 2287 5375 2466 5445; x_wconf 79' lang='grc' dir='ltr'>ψυχῆς</span> <span class='ocrx_word' id='word_1_813' title='bbox 2523 5375 2635 5427; x_wconf 79' lang='grc' dir='ltr'><strong>ἀπὸ</strong></span> <span class='ocrx_word' id='word_1_814' title='bbox 2684 5375 2795 5428; x_wconf 84' lang='grc' dir='ltr'><strong>τῶν</strong></span> <span class='ocrx_word' id='word_1_815' title='bbox 2851 5377 3064 5442; x_wconf 83' lang='grc' dir='ltr'>παθῶν,</span> <span class='ocrx_word' id='word_1_816' title='bbox 3116 5377 3212 5430; x_wconf 73' lang='grc' dir='ltr'><strong>καὶ</strong></span> <span class='ocrx_word' id='word_1_817' title='bbox 3258 5373 3369 5428; x_wconf 81' lang='grc' dir='ltr'><strong>τῶν</strong></span> <span class='ocrx_word' id='word_1_818' title='bbox 3424 5375 3575 5445; x_wconf 70' lang='grc' dir='ltr'>παρὰ</span> <span class='ocrx_word' id='word_1_819' title='bbox 3620 5368 3714 5424; x_wconf 87' lang='grc' dir='ltr'><strong>τοῦ</strong></span> 
     </span>
    </p>
   </div>
   <div class='ocr_carea' id='block_1_116' title="bbox 2140 5463 3715 5536">
    <p class='ocr_par' dir='ltr' id='par_1_116' title="bbox 2140 5463 3715 5536">
     <span class='ocr_line' id='line_1_116' title="bbox 2140 5463 3715 5536; baseline -0.004 -17"><span class='ocrx_word' id='word_1_820' title='bbox 2140 5463 2334 5536; x_wconf 76' lang='grc' dir='ltr'>ἐχθροῦ</span> <span class='ocrx_word' id='word_1_821' title='bbox 2390 5465 2751 5533; x_wconf 82' lang='grc' dir='ltr'>πειρασμῶν,</span> <span class='ocrx_word' id='word_1_822' title='bbox 2803 5467 2900 5520; x_wconf 74' lang='grc' dir='ltr'><strong>καὶ</strong></span> <span class='ocrx_word' id='word_1_823' title='bbox 2953 5465 3066 5519; x_wconf 87' lang='grc' dir='ltr'><strong>τῶν</strong></span> <span class='ocrx_word' id='word_1_824' title='bbox 3119 5464 3324 5518; x_wconf 87' lang='grc' dir='ltr'>διπλῶν</span> <span class='ocrx_word' id='word_1_825' title='bbox 3391 5465 3715 5532; x_wconf 80' lang='grc' dir='ltr'>νοσημάτων</span> 
     </span>
    </p>
   </div>
   <div class='ocr_carea' id='block_1_117' title="bbox 2137 5554 3715 5627">
    <p class='ocr_par' dir='ltr' id='par_1_117' title="bbox 2137 5554 3715 5627">
     <span class='ocr_line' id='line_1_117' title="bbox 2137 5554 3715 5627; baseline -0.013 -1"><span class='ocrx_word' id='word_1_826' title='bbox 2137 5557 2315 5627; x_wconf 77' lang='grc' dir='ltr'><strong>ψυχῆς</strong></span> <span class='ocrx_word' id='word_1_827' title='bbox 2371 5557 2505 5624; x_wconf 69' lang='grc' dir='ltr'><strong>(⁵μοῦ</strong></span> <span class='ocrx_word' id='word_1_828' title='bbox 2567 5573 2626 5611; x_wconf 83' lang='grc' dir='ltr'><strong>τε</strong></span> <span class='ocrx_word' id='word_1_829' title='bbox 2681 5559 2773 5611; x_wconf 83' lang='grc' dir='ltr'>καὶ</span> <span class='ocrx_word' id='word_1_830' title='bbox 2812 5557 3090 5627; x_wconf 82' lang='grc' dir='ltr'>σώματος.</span> <span class='ocrx_word' id='word_1_831' title='bbox 3147 5557 3210 5611; x_wconf 80' lang='lat' dir='ltr'><strong>Ei</strong></span> <span class='ocrx_word' id='word_1_832' title='bbox 3259 5556 3320 5611; x_wconf 72' lang='grc' dir='ltr'>ιδ</span> <span class='ocrx_word' id='word_1_833' title='bbox 3361 5556 3456 5611; x_wconf 79' lang='grc' dir='ltr'><strong>καὶ</strong></span> <span class='ocrx_word' id='word_1_834' title='bbox 3505 5554 3601 5621; x_wconf 74' lang='grc' dir='ltr'>τὴν</span> <span class='ocrx_word' id='word_1_835' title='bbox 3650 5555 3715 5606; x_wconf 73' lang='grc' dir='ltr'><strong>ἐκ</strong></span> 
     </span>
    </p>
   </div>
   <div class='ocr_carea' id='block_1_118' title="bbox 2140 5642 3715 5721">
    <p class='ocr_par' dir='ltr' id='par_1_118' title="bbox 2140 5642 3715 5721">
     <span class='ocr_line' id='line_1_118' title="bbox 2140 5642 3715 5721; baseline -0.006 -17"><span class='ocrx_word' id='word_1_836' title='bbox 2140 5651 2238 5720; x_wconf 84' lang='grc' dir='ltr'>τῆς</span> <span class='ocrx_word' id='word_1_837' title='bbox 2294 5649 2493 5721; x_wconf 69' lang='grc' dir='ltr'>σαρκὸς</span> <span class='ocrx_word' id='word_1_838' title='bbox 2547 5649 2846 5718; x_wconf 75' lang='grc' dir='ltr'>ἀνάλυσιν,</span> <span class='ocrx_word' id='word_1_839' title='bbox 2893 5651 2957 5707; x_wconf 84' lang='grc' dir='ltr'>οὐ</span> <span class='ocrx_word' id='word_1_840' title='bbox 3015 5648 3328 5720; x_wconf 74' lang='grc' dir='ltr'>θαυμαστὸν</span> <span class='ocrx_word' id='word_1_841' title='bbox 3357 5687 3375 5717; x_wconf 86' lang='grc'><strong>,</strong></span> <span class='ocrx_word' id='word_1_842' title='bbox 3431 5642 3715 5716; x_wconf 74' lang='grc' dir='ltr'>εἰρηνικὴν</span> 
     </span>
    </p>
   </div>
  </div>
