4068 6280
299 341 407 412 617

1458 334 1560 400 DE
1600 336 1840 400 SACRA
1881 331 2390 397 PRECATIONE.
2473 402 2478 406 α

3444 326 3551 388 6Ῑ8

300 454 456 530 παρὰ
501 453 638 510 Θεοῦ
668 452 760 509 καὶ
796 455 1062 524 σωτήριον
1091 449 1406 522 δεδομένην,
1435 452 1522 505 ὅτε
1573 450 1722 520 αὐτῷ
1754 449 1879 518 βον-

1989 447 2260 515 ueptecari
2289 441 2667 500 dimissionem
2705 455 2735 496 a
2770 454 3022 511 corpore,
3083 451 3277 508 nempe
3307 447 3368 492 ut
3396 444 3557 493 tran~

300 549 484 618 λητόν.
535 545 907 618 Προσημαίνει
949 545 1008 596 δὲ
1056 545 1216 598 τοῦτο
1273 544 1370 599 καὶ
1400 573 1402 576 ν
1434 543 1534 613 τὴν
1579 542 1676 595 τοῦ
1713 542 1878 612 ἔργου

298 640 410 693 τῶν
470 639 657 709 ὕμνων
707 637 1009 701 τελείωσιν,
1063 636 1140 699 ὡς
1191 636 1253 689 τὸ
1312 636 1431 704 φῶς
1490 635 1592 704 τῆς
1655 635 1878 705 χάριτος

300 731 544 802 παρὲχον
589 731 722 800 ἡμῖν
769 729 864 782 καὶ
915 727 1192 799 σωτηρίαν
1245 728 1340 781 καὶ
1367 728 1550 793 δόξαν.
1579 727 1715 781 Μετ’
1747 727 1880 780 αὐτὸ

297 823 356 876 δὲ
394 823 490 879 καὶ
545 823 580 893 ή
619 821 714 874 τοῦ
759 820 1060 890 Τρισαγίου
1089 821 1183 873 καὶ
1204 819 1323 882 τοῦ,
1361 827 1382 871 c‘
1422 818 1606 888 Πάτερ
1635 817 1820 888 ἡμῶν,
1851 837 1870 870 ι

299 913 600 984 προσευχὴ,
633 915 710 974 ὡς
758 913 877 966 θεία
921 913 1182 984 σφραγίς.
1218 913 1331 966 Καὶ
1364 911 1460 965 τοῦ
1509 913 1699 982 ἱερέως
1754 914 1883 966 ἀνυ-

303 1007 608 1074 μνήσαντος
621 1008 720 1077 τὴν
735 1005 828 1059 τοῦ
845 1005 978 1058 Θεοῦ
1003 1004 1381 1075 βασιλείαν,τδ
1405 1004 1505 1073 τῆς
1531 1003 1726 1074 ἑορτῆς
1753 1019 1880 1072 xpo-

301 1098 500 1166 πάριον
529 1097 714 1168 ᾄδεται
747 1114 762 1129 ·
797 1099 892 1150 καὶ
922 1098 1004 1163 τὸ,
1044 1115 1063 1148 t
1103 1097 1334 1150 Θεοτόκε
1366 1096 1634 1168 Παρθένε,
1696 1098 1878 1166 χαῖρε,

301 1188 720 1256 κεχαριτωμένη
755 1187 964 1257 Μαρία,
997 1204 1016 1237 ι
1054 1187 1195 1255 μετὰ
1227 1186 1424 1255 μέλους
1476 1186 1878 1253 γεγωνοτέρου.

304 1278 475 1330 Τοῦτο
504 1277 562 1330 δὲ
594 1277 687 1330 τοῦ
745 1278 1089 1348 ἀρχαγγέλου
1137 1279 1254 1330 ἐστὶ
1321 1277 1474 1349 φωνὴ
1529 1279 1626 1330 ἐπὶ
1661 1280 1726 1350 τῇ
1779 1278 1880 1346 τῆς

305 1369 581 1442 Παρθένου
651 1369 772 1438 θείᾳ
832 1369 1118 1438 συλλήψει.
1184 1371 1337 1422 Ἐπεὶ
1392 1366 1485 1422 οὖν
1539 1370 1682 1440 ἀρχὴ
1736 1369 1877 1439 αὕτη

301 1463 400 1529 τῆς
454 1461 719 1532 σωτηρίου
759 1462 1070 1530 οἰκονομίας
1115 1462 1208 1515 καὶ
1249 1462 1308 1514 ὲν
1353 1462 1606 1532 κυριακῇ
1655 1477 1880 1529 γεγενη-

308 1545 442 1622 μένη
497 1555 574 1614 ὡς
608 1554 700 1605 καὶ
732 1553 764 1621 ἡ
805 1552 1127 1614 ’Δνάστασις
1182 1552 1418 1617 λέγεται,
1450 1552 1538 1604 διὰ
1580 1551 1741 1605 τοῦτο
1776 1553 1878 1620 μάο

303 1643 462 1697 λιστα
507 1646 602 1699 καὶ
654 1647 711 1698 ἐν
771 1647 892 1708 ταῖς
950 1646 1059 1697 τῶν
1107 1645 1408 1714 Κυριακῶν
1459 1644 1676 1712 λέγεται
1707 1645 1878 1712 ἀγρυ-

305 1736 513 1798 πνίαις,
558 1739 651 1790 καὶ
700 1738 757 1789 ὲν
791 1740 912 1798 ταῖς
941 1738 1155 1804 ἑορταῖς
1188 1737 1296 1788 τῶν
1340 1737 1532 1804 ἁγίων,
1567 1735 1736 1806 χωρὶς
1769 1735 1878 1788 τῶν

1987 539 2157 610 quilla
2201 547 2255 592 et
2307 537 2564 592 salutaris
2586 550 2614 588 a
2641 535 2751 589 Deo
2781 534 3017 590 donetur
3041 531 3261 602 quando
3293 530 3550 585 voluerit.

1984 628 2101 683 Hoc
2134 643 2350 697 quoque
2389 625 2661 696 signiﬁcat
2686 625 2914 694 jamjam
2944 622 3248 678 finiendum
3283 636 3418 690 opus
3446 621 3560 675 lau-

1983 723 2135 785 dum,
2166 720 2309 790 qnod
2339 730 2399 773 ut
2439 719 2622 773 lumen
2674 719 2864 785 gratia:
2900 715 3132 768 salutem
3166 713 3326 768 nobis
3359 723 3411 767 et
3439 701 3556 779 glo-

1982 813 2119 866 riam
2177 811 2436 880 impertit.
2473 811 2642 864 Porro
2675 821 2796 871 post
2855 807 2969 862 haec
2991 805 3223 873 Trisagii
3258 816 3310 859 et
3345 823 3362 855 ι
3396 803 3559 857 Pater

1984 916 2162 956 noster
2183 920 2201 954 ι
2249 903 2425 956 oratio
2461 902 2626 956 divini
2664 915 2814 955 more
2839 899 3024 969 sigilli.
3059 899 3125 952 Et
3155 910 3436 968 postquam
3466 895 3560 950 Dei

1984 1006 2208 1060 regnum
2267 993 2626 1047 celebraverit
2661 992 2942 1053 sacerdos,
2973 990 3174 1044 dicitur
3203 989 3326 1043 festi
3369 998 3559 1057 πορει-

1981 1085 2149 1147 rium,
2188 1093 2386 1154 atque:
2423 1085 2568 1139 «Ave
2591 1085 2683 1137 Dei
2720 1085 2952 1154 genitrix
2988 1081 3170 1152 Virgo,
3203 1083 3375 1154 gratia
3404 1081 3561 1152 plena

1983 1175 2180 1239 Maria,
2200 1193 2219 1226 ι
2259 1190 2391 1230 voce
2416 1175 2673 1242 clariore,
2705 1190 2828 1245 quas
2849 1183 2932 1228 est
2956 1176 3268 1246 archangeli
3305 1177 3562 1230 salutatio

1985 1269 2039 1323 in
2065 1270 2261 1324 divina'
2285 1268 2525 1341 Virginis
2589 1269 2964 1338 conceptione.
3009 1268 3172 1337 Igitur
3193 1284 3314 1322 cum
3344 1271 3444 1321 hoc
3473 1284 3562 1322 sa-

1983 1359 2217 1416 lutiferaa
2234 1363 2665 1432 dispensationis
2690 1362 2903 1416 initium
2925 1362 3014 1417 die
3041 1360 3326 1415 Dominica
3359 1360 3560 1414 factum

1982 1467 2102 1506 esse
2132 1452 2344 1509 dicatur
2394 1455 2538 1508 sicut
2571 1462 2624 1508 et
2659 1455 3012 1520 resurrectio,
3050 1463 3357 1523 'pr0pterea
3420 1468 3559 1521 prae-

1982 1546 2168 1596 st-rtim
2211 1545 2265 1598 in
2303 1545 2500 1614 vigiliis
2544 1545 2952 1599 Dominicarum
2993 1544 3124 1598 illud
3159 1544 3442 1607 recitatur,
3506 1554 3561 1597 et

1982 1633 2036 1688 in
2069 1635 2219 1690 festis
2250 1646 2588 1700 sanctorum,
2617 1638 2996 1692 tantummodo
3027 1647 3180 1692 extra
3233 1635 3560 1690 festivitates

1983 1725 2240 1794 Domini,
2304 1732 2564 1798 quoniam
2617 1731 2732 1796 ipsa
2789 1737 2876 1782 est
2923 1741 3244 1784 sanctorum
3308 1729 3558 1783 omniuut

302 1827 644 1881 δεσποτικῶν
709 1828 870 1896 μόνον
925 1827 1130 1896 ἑορτῶν
1163 1844 1175 1856 ·
1225 1829 1306 1881 ὅτι
1373 1829 1467 1882 καὶ
1536 1829 1646 1880 τῶν
1706 1828 1877 1892 ἁγίων

1989 1816 2209 1887 Regina,
2238 1830 2293 1874 et
2316 1822 2677 1875 sanctificatio
2729 1837 2824 1890 per
2883 1823 3214 1890 virginalem.
3261 1822 3379 1892 ejus
3431 1835 3556 1890 par-

309 1914 563 1968 ἁττάντων
589 1914 726 1986 αὕτη
764 1918 797 1986 ἡ
820 1916 1048 1986 ἔξαρχος
1080 1917 1172 1969 καὶ
1203 1918 1236 1985 ἡ
1266 1917 1545 1988 ἁγιωσύνη
1567 1919 1675 1981 τοῖς
1703 1917 1883 1985 ἁγίοις

307 2007 373 2061 lx
402 2007 496 2061 τοῦ
528 2007 857 2078 παρθενικοῦ
893 2009 1061 2076 αὐτῆς
1097 2008 1277 2062 τόκου.

861 2120 1114 2175 ΚΕΦΑΛ.
1147 2114 1245 2175 ΤΜ
1255 2121 1324 2176 B'.

557 2211 698 2281 Περὶ
718 2211 832 2281 τῆς
851 2213 1180 2283 λεγομένης
1206 2214 1634 2285 ἀρτοκλασίας.

381 2365 518 2420 Τότε
545 2367 638 2422 οὖν
685 2368 777 2422 καὶ
808 2369 1000 2437 τελετὴ
1037 2370 1174 2436 ἄλλη
1203 2373 1414 2438 γίνεται
1439 2374 1648 2427 ἄνωθεν
1701 2395 1884 2447 παρα-

310 2459 572 2535 ,δεδομένη
605 2464 667 2514 ὲκ
692 2461 785 2514 τοῦ
828 2463 1078 2532 Σωτῆρος
1131 2463 1319 2517 αὐτοῦ.
1366 2465 1454 2515 Ἑν
1487 2465 1732 2538 τραπέζῃ
1778 2471 1885 2520 τινὶ

314 2551 467 2620 ἄρτοι
503 2552 853 2622 προτίθενται
885 2541 1068 2619 πέντε,
1103 2557 1198 2607 καὶ
1227 2557 1284 2607 ὲν
1317 2556 1572 2610 σκεύεσιν
1603 2559 1885 2628 ἁρμοδίοις

318 2642 462 2704 σῖτος
483 2643 681 2710 ὀλίγος,
707 2643 868 2713 240
897 2640 1063 2707 οἶνος.
1087 2647 1183 2698 κτὶ
1219 2646 1423 2712 ἔλαιον,
1444 2635 1479 2700 ά
1530 2649 1626 2700 καὶ
1676 2650 1886 2717 θυμιῶν

313 2734 341 2784 6
366 2733 544 2802 ἱερεὺς
583 2734 865 2787 κύκλωθεν
915 2738 973 2788 ἐν
1005 2737 1286 2806 σταυρικῷ
1333 2737 1511 2808 τύπῳ,
1553 2740 1610 2790 ὲν
1639 2740 1717 2810 τῷ
1747 2740 1885 2808 ψάλ-

315 2825 501 2878 λεσθαι
567 2825 653 2889 τὸ,
695 2843 715 2876 ι
775 2825 1004 2878 Θεοτόκε
1062 2827 1329 2894 Παρθένε,
1373 2846 1391 2880 ι
1432 2829 1531 2898 οὐχ
1591 2829 1666 2892 ὡς
1729 2830 1884 2898 ἆγισ,

316 2917 431 2969 ἀλλ’
478 2917 552 2980 ὼς
596 2917 922 2985 ἁγιασθῆναι
968 2918 1244 2986 μέλλοντα,
1280 2920 1566 2990 μᾶλλονδὲ
1611 2922 1685 2984 ὠς
1718 2940 1888 2992 προα-

313 3010 518 3076 γιάζων
550 3010 686 3063 αὐτὰ
728 3011 806 3079 τῷ
859 3010 1078 3080 σταυρῷ
1136 3012 1230 3063 καὶ
1277 3011 1356 3080 τῷ
1404 3011 1733 3082 θυμιάματι,
1765 3016 1888 3068 ὅθεν

312 3102 432 3156 οὐδὲ
465 3100 674 3170 θυμιῶν
715 3101 814 3171 τὴν
841 3102 1082 3172 κεφαλὴν
1129 3102 1426 3169 ύποκλίνει,
1483 3106 1607 3167 δοὺς
1657 3090 1757 3158 τὶν-
1792 3107 1884 3159 θυ⁴

319 3195 529 3262 μιατὸν,
597 3194 835 3246 ἵσταται.
900 3194 1010 3245 Καὶ
1075 3193 1415 3264 μιμούμενος
1469 3196 1558 3249 τὸν
1626 3197 1880 3268 Σωτῆρα,

314 3284 436 3336 επεὶ
489 3285 581 3336 καὶ
613 3283 800 3336 τοῦτον
849 3286 1101 3348 ἐκτυποῖ,
1155 3286 1251 3336 καὶ
1305 3286 1736 3355 ἐπικαλούμενος
1790 3287 1886 3340 αὐ-

314 3374 425 3438 τὸν,
454 3375 544 3427 τὸν
575 3375 671 3428 ἕνα
699 3375 962 3445 λαμϐάνει
993 3375 1100 3429 τῶν
1131 3375 1344 3446 ἄρτων.
1398 3378 1506 3429 Καὶ
1550 3378 1644 3430 τοῦ
1699 3379 1882 3430 διακό-

316 3485 420 3538 νου·
442 3467 558 3531 τοῦ,
595 3485 612 3516 ι
652 3468 855 3537 Κυρίου
885 3467 1187 3537 δεηθῶμεν,
1235 3487 1251 3519 ι
1289 3469 1560 3534 λέγοντος,
1593 3470 1829 3534 ἐκφωνεῖ
1858 3475 1886 3524 6

316 3559 516 3628 ἱερεὺς,
557 3577 576 3610 ι
606 3558 777 3629 Κύριε
820 3558 993 3626 Ἰησοῦ
1024 3559 1225 3629 Χριστὲ
1261 3561 1287 3610 6
1334 3559 1466 3620 Θεὸς
1499 3560 1677 3628 ἡμῶν,
1716 3562 1745 3612 6
1795 3562 1886 3614 εύ-

313 3648 548 3716 λογήσας
602 3650 730 3711 τοὺς
792 3650 952 3701 πέντε
1001 3649 1220 3717 ἄρτους,
1265 3651 1360 3702 καὶ
1408 3651 1886 3720 πεντακισχιλίους

314 3740 608 3810 χορτάσας,
656 3741 816 3803 αὐτὸς
871 3741 1167 3810 εύλύγησον
1211 3742 1304 3793 καὶ
1353 3741 1480 3804 τοὺς
1515 3742 1714 3811 ἄρτους
1758 3741 1882 3794 τού-

314 3846 464 3893 τους,
505 3848 523 3880 ι
559 3830 652 3882 καὶ
688 3833 745 3883 ὲν
786 3829 864 3900 τῷ
897 3831 1098 3898 λέγειν,
1121 3832 1265 3882 ποιεῖ
1311 3832 1401 3884 διὰ
1433 3831 1526 3882 τοῦ
1559 3831 1677 3893 ἐνὸς
1721 3829 1885 3898 ἄρτου

315 3921 505 3974 ἐπάνω
555 3922 665 3973 τῶν
722 3921 895 3973 ἄλλων
944 3923 1231 3986 τεσσάρων
1281 3922 1450 3973 τύπον
1487 3921 1742 3991 σταυροῦ,
1778 3923 1888 3975 δει-

316 4014 447 4075 κνὺς
481 4013 556 4074 ὡς
605 4014 633 4064 6
672 4013 902 4083 Χριστὸς
940 4012 1097 4066 τοῦτο
1124 4012 1360 4081 ἔπραξεν
1415 4015 1493 4074 είς
1546 4013 1644 4075 τὰς
1697 4013 1888 4066 ἑαυτοῦ

291 4087 508 4172 ’χεῖρας
568 4102 768 4174 ἄρτους
820 4104 1020 4170 ὁμοίως
1084 4105 1244 4156 πέντε
1323 4103 1526 4158 λαϐὼν.
1606 4105 1714 4155 Καὶ⁵
1775 4103 1888 4166 Oet;

316 4195 407 4246 τὸν
453 4193 638 4262 ἄρτον,
685 4193 897 4260 εὐλογεῖ
938 4194 1133 4256 αὐτοὺς
1186 4193 1548 4261 σταυροειδῶς
1598 4195 1664 4261 τῇ
1721 4192 1887 4263 χειρὶ,

321 4285 650 4355 μαρτυρῶν,
711 4295 784 4346 ως
844 4285 873 4336 6
928 4282 1166 4355 Χριστὸς
1235 4286 1432 4348 αὐτοὺς
1493 4283 1739 4351 εὐλογεί,
1797 4284 1890 4336 καὶ

319 4377 514 4442 ἐπάγει
539 4376 627 4429 τὸν
667 4379 838 4450 σῖτον,
885 4375 977 4430 τὸν
1023 4369 1185 4435 οἶνον.
1233 4378 1325 4428 καὶ
1371 4378 1430 4427 τὸ
1472 4375 1670 4438 ἔλαιον,
1716 4391 1892 4444 σφρα-

1987 1919 2099 1964 tutn
2130 1914 2334 1967 sanctis
2371 1914 2703 1983 impertitur.

2487 2115 2716 2171 CAI‘UT
2755 2114 3046 2172 CCCXL".

2480 2209 2556 2264 De
2592 2211 2854 2280 [motione
2890 2212 3064 2279 panis.

2061 2366 2198 2422 Tum
2236 2369 2402 2439 igitur
2431 2371 2538 2424 alia
2563 2387 2780 2440 quoque
2825 2369 2883 2424 fit
2929 2373 3257 2429 caeremonia
3296 2375 3562 2431 divinitus

1987 2456 2056 2511 ab
2117 2459 2236 2527 ipso
2288 2457 2570 2512 Salvatore
2632 2458 2904 2511 instituta.
2960 2457 3018 2512 In
3079 2461 3314 2528 quadam
3374 2477 3558 2516 mensa

1988 2549 2231 2617 quinque
2277 2560 2662 2618 proponuntur
2717 2564 2930 2618 panes,
2981 2561 3037 2603 et
3088 2551 3141 2604 in
3208 2553 3358 2606 vasis
3425 2569 3563 2608 con-

1988 2641 2138 2709 gruis
2189 2653 2380 2708 parum
2442 2640 2723 2705 frumenti,
2789 2642 2896 2695 vini
2929 2649 2982 2695 et
3007 2643 3109 2696 olei
3160 2658 3281 2712 quae
3303 2647 3562 2700 sacerdos

1991 2729 2235 2781 incensat
2267 2728 2616 2782 orbiculatim
2652 2730 2705 2784 in
2739 2735 2956 2786 modum
3011 2734 3214 2798 crucis,
3261 2734 3389 2788 dum
3421 2751 3558 2788 eam

1990 2827 2135 2871 tatur
2165 2836 2179 2872 :
2224 2819 2348 2872 «Dei
2382 2820 2616 2885 genitrix
2649 2819 2868 2889 Virgo,»
2896 2838 3234 2894 nequaquam
3268 2836 3556 2890 utsanctn,

1987 2909 2081 2963 sed
2110 2917 2167 2964 ut
2204 2910 2431 2980 jamjam
2489 2914 2902 2980 sanctificauda,
2955 2930 3051 2970 seu
3089 2919 3270 2985 potius
3319 2928 3378 2972 ut
3435 2921 3556 2988 ipso

1989 3001 2167 3055 crucis
2203 3002 2361 3071 signo
2395 3013 2448 3056 et
2504 3003 2688 3059 sumtu
2721 3006 3083 3070 sanctificata,
3126 3010 3266 3063 umle
3332 3011 3559 3065 minime

1990 3093 2236 3147 incensat
2271 3095 2530 3149 inclinato
2593 3099 2768 3166 capite
2798 3139 2812 3160 ,
2847 3109 3066 3154 erectus
3109 3113 3288 3154 autem
3321 3105 3558 3156 suffitnnt

1987 3185 2113 3253 agit.
2179 3184 2245 3239 Et
2298 3187 2623 3242 Salvatorem
2658 3191 2899 3256 imitans,
2949 3195 3103 3260 cujus
3138 3194 3360 3264 figuram
3391 3198 3548 3264 gerit.

1987 3274 2274 3346 ipsumque
2312 3281 2590 3341 invocans.
2625 3297 2814 3350 panem
2863 3299 2932 3335 nn
2959 3300 3027 3336 un
3088 3287 3306 3353 accipit.
3336 3286 3403 3340 Et
3436 3288 3557 3341 dia-

1986 3380 2126 3420 σοιιο
2157 3371 2409 3423 dit-eme:
2450 3372 2766 3426 «Dominum
2836 3389 3078 3442 oremus,
3117 3395 3135 3426 ι
3171 3393 3352 3431 vocem
3381 3379 3560 3433 elevat

1988 3461 2242 3515 sacerdos
2290 3463 2479 3516 dicens
2528 3481 2541 3519 :
2583 3484 2600 3514 ι
2672 3463 2900 3519 Domine
2959 3465 3085 3520 Jesu
3147 3469 3362 3524 Christe
3416 3469 3561 3526 Deus

1990 3563 2194 3616 noster,
2247 3557 2336 3622 qui
2371 3556 2696 3613 benedixisti
2736 3562 2983 3630 quinque
3034 3578 3202 3630 panes
3237 3575 3288 3618 et
3320 3565 3564 3633 quinque

1992 3643 2162 3697 millia
2200 3647 2437 3712 satiasui,
2477 3648 2592 3717 ipse
2617 3651 2846 3706 henedic
2871 3657 3035 3707 etiam
3057 3671 3228 3723 panes
3257 3657 3408 3722 istos,
3450 3676 3469 3710 ›
3509 3669 3564 3712 et

1988 3733 2115 3787 dum
2143 3727 2293 3801 dicit,
2329 3739 2606 3792 facit'cum
2639 3757 2746 3793 uno
2797 3757 2934 3809 pane
2973 3759 3139 3811 super
3165 3754 3398 3813 quatitur
3424 3749 3564 3800 alios

1989 3820 2204 3891 signum
2237 3826 2433 3889 crucis,
2460 3828 2752 3881 ostendens
2808 3827 3088 3882 Christum
3124 3831 3226 3884 hoc
3258 3832 3474 3895 fecisse,
3508 3845 3563 3886 et

1992 3910 2044 3964 iu
2078 3930 2271 3968 manus
2319 3931 2449 3970 suas
2485 3933 2650 3984 panes
2683 3918 2928 3988 quinque
2980 3921 3235 3975 similiter
3263 3923 3560 3991 aet-ipicns.

1994 4003 2058 4056 Et
2094 4005 2270 4071 posito
2330 4021 2487 4072 pane,
2547 4008 2819 4061 bcuedicit
2882 4026 2977 4063 eos
3031 4029 3195 4066 manu
3241 4015 3294 4068 in
3329 4010 3558 4070 Formam

1993 4095 2198 4157 crucis,
2232 4105 2433 4150 testans
2465 4100 2722 4164 quoniam
2755 4099 3007 4155 Christus
3033 4117 3128 4156 eos
3179 4103 3472 4169 benedicit,
3502 4117 3557 4159 et

1995 4190 2170 4253 pergit
2210 4188 2566 4254 frumentum,
2622 4192 2806 4244 vinum
2841 4202 2894 4246 et
2924 4193 3104 4247 oleum
3161 4196 3558 4256 benedicendo.

1992 4288 2162 4342 eaque
2191 4277 2469 4344 signando,
2501 4286 2553 4333 et
2586 4279 2661 4333 ait
2703 4297 2716 4333 :
2778 4300 2796 4332 ι
2841 4280 2967 4337 lch
3011 4283 3308 4354 multiplica
3364 4287 3417 4340 in
3460 4290 3561 4343 hoc

1994 4378 2180 4421 sancto
2215 4369 2542 4424 utonasterio
2575 4380 2628 4424 et
2682 4371 2736 4424 in
2787 4379 2902 4427 toto
2936 4375 3069 4429 orbe
3119 4385 3232 4441 tuo,
3298 4383 3557 4448 quoniam

316 4466 486 4535 γίζων
532 4467 627 4520 καὶ
672 4467 973 4530 αὐτὰ,καὶ,
1004 4466 1321 4534 ιΠλήϐυνον
1374 4466 1532 4530 αὐτὰ,
1595 4467 1782 4534 φησιν,
1818 4468 1875 4518 ὲν

1995 4459 2109 4527 ipse
2137 4474 2196 4513 es
2229 4459 2322 4528 qui
2367 4462 2543 4528 aperis
2593 4478 2812 4517 manum
2856 4473 3002 4518 tuam
3058 4477 3113 4519 et
3173 4468 3364 4538 imples
3399 4486 3562 4526 omne

288 4561 383 4632 an
405 4559 536 4628 ἁγίᾳ.
592 4560 725 4627 μονῇ
757 4558 930 4628 ταύτῃ
960 4559 1052 4609 καὶ
1112 4559 1187 4616 εί;
1235 4557 1325 4608 τὸν
1384 4557 1590 4625 κόσμον
1623 4574 1718 4608 σου
1749 4557 1885 4608 πάν-

317 4665 435 4700 τοτε
465 4667 481 4679 ·
538 4648 620 4700 ὃτι
653 4647 748 4698 καὶ
799 4647 963 4707 αὐτὸς
1013 4645 1247 4712 ἀνοίγων
1276 4647 1375 4714 τὴν
1438 4649 1598 4715 χεῖρα
1636 4646 1887 4717 ὲμπιπλᾷ

319 4742 428 4794 πᾶν
453 4741 590 4804 ζῶον
613 4738 910 4800 εύδοκίας,›
946 4736 1020 4799 ὡς
1049 4737 1383 4806 γέγραπται.
1417 4737 1524 4787 Καὶ
1549 4735 1648 4804 τὴν
1676 4735 1887 4799 δοξολυ-

318 4835 441 4901 γίαν
481 4831 739 4902 ἁρμόδιον
767 4828 1008 4895 ἐπιλέγει
1037 4842 1050 4857 ·
1089 4845 1108 4877 ι
1143 4827 1266 4880 Ὅτι
1289 4828 1352 4879 σὺ
1387 4822 1437 4879 εἷ
1464 4830 1492 4879 6
1523 4828 1760 4895 εὐλογῶν
1792 4829 1887 4881 καὶ

317 4923 556 4991 ἁγιάζων
585 4923 656 4973 τὰ
689 4920 1002 4988 σύμπαντα,
1039 4937 1058 4970 ι
1093 4918 1188 4970 καὶ
1243 4917 1334 4969 τὸν
1394 4918 1556 4987 ἄρτον
1587 4917 1685 4985 τῆς
1739 4917 1887 4986 ζωῆς

321 5017 457 5083 μετὰ
486 5013 577 5066 τοῦ
604 5012 815 5082 Πατρὸς
840 5010 1053 5076 δοξάζει
1082 5011 1176 5062 καὶ
1210 5009 1544 5076 Πνεύματος.
1582 5007 1689 5060 Καὶ
1713 5007 1886 5070 οὕτως

317 5107 351 5172 ἡ
392 5107 539 5172 παρα
563 5105 777 5156 πάντων
805 5100 1124 5171 εὐχαριστία
1143 5099 1385 5167 λέγεται,
1416 5099 1538 5169 ἥτις
1567 5099 1762 5168 ἐλέχθη
1792 5102 1887 5152 καὶ

317 5197 396 5265 τῷ
433 5197 552 5248 ’1ώὸ
576 5213 591 5227 ο
627 5216 645 5247 ι
681 5197 777 5265 Εῑη
818 5196 879 5248 τὸ
929 5195 1099 5264 ὄνομα
1149 5193 1357 5264 Κυρίου
1413 5192 1775 5262 εὐλογημένον
1805 5207 1819 5220 ⁹
1862 5211 1880 5242 ι

319 5289 414 5341 καὶ
436 5288 519 5353 τὸ,
559 5305 578 5338 ι
611 5287 903 5358 Εὑλογήσω
931 5286 1023 5339 τὸν
1050 5283 1254 5351 Κύριον
1282 5299 1295 5314 ο
1329 5301 1347 5334 ι
1382 5284 1518 5354 ὅπερ
1547 5285 1696 5336 ἐστὶν
1719 5284 1888 5350 ἁρμο-

317 5378 574 5442 διώτατος
606 5379 834 5449 suam;
867 5380 1003 5448 ὑπὲρ
1035 5377 1132 5446 τῆς
1156 5377 1422 5448 χορηγίας
1447 5376 1556 5428 τῶν
1585 5376 1790 5445 χρειῶν
1810 5375 1889 5443 τῷ

316 5469 483 5524 Δαὸὶδ
533 5454 1000 5539 εἰρημένος..Καὶ
1053 5460 1196 5520 οὕτω
1250 5466 1565 5536 σφραγίζων
1613 5471 1641 5519 6
1709 5467 1890 5534 ἱερεὺς

318 5564 588 5628 ἅπαντας,
614 5563 709 5614 καὶ
738 5563 836 5630 τὴν
861 5559 952 5613 τοῦ
977 5559 1110 5612 Θεοῦ
1136 5559 1389 5626 εὐλογίαν
1417 5560 1578 5611 πᾶσιν
1602 5557 1891 5627 ἐξαιτησά-

322 5672 504 5727 μενος,
528 5654 610 5707 ὂτι
639 5651 778 5721 αὕτη
807 5655 839 5723 ἡ
885 5652 1052 5714 ὅντως
1081 5649 1252 5720 τροφή
1292 5666 1350 5701 τε
1380 5651 1473 5702 καὶ
1525 5651 1703 5717 πόσις,
1748 5649 1890 5718 βρῶ-

323 5765 400 5819 μα
424 5748 480 5799 δὲ
506 5747 650 5816 ἡμᾶς
678 5745 736 5796 ού
778 5743 1074 5814 παρίστησι
1110 5739 1188 5808 τῷ
1233 5739 1370 5810 Θεῷ,
1430 5742 1524 5793 καὶ
1591 5740 1670 5792 ὅτι
1727 5741 1889 5803 αὑτός

603 5837 868 5900 lumen.
913 5842 1027 5900 Gn.
1063 5841 1236 5903 CLV.

1997 4551 2196 4604 animal
2245 4550 2643 4620 benedictione,
2686 4573 2705 4606 ι
2749 4557 2892 4612 sicut
2927 4559 3186 4621 scriptum
3238 4570 3340 4615 est.
3371 4562 3436 4615 Et
3466 4579 3561 4617 ac-

1994 4645 2390 4696 commodatam
2416 4645 2598 4714 adjicit
2630 4648 3008 4717 doxologiam:
3045 4667 3062 4701 ι
3093 4653 3351 4718 quoniam
3388 4663 3441 4708 tu
3499 4665 3558 4709 es

1993 4733 2086 4801 qui
2117 4733 2391 4790 benedicis
2419 4744 2472 4789 et
2523 4738 2832 4791 sanctificas
2887 4741 3166 4808 universa,
3204 4761 3222 4794 ι
3283 4757 3336 4798 et
3363 4761 3559 4810 panem

1993 4827 2119 4877 vita:
2156 4826 2424 4896 gloriﬁcat
2450 4843 2572 4882 cum
2607 4828 2764 4882 Patre
2784 4838 2837 4882 et
2867 4829 3097 4899 Spiritu.
3135 4834 3196 4889 Et
3229 4835 3300 4889 ita
3337 4839 3404 4892 ab
3441 4828 3586 4892 om?

1995 4915 2154 4968 nibus
2209 4915 2408 4969 dicitur
2457 4917 2750 4986 gratiarum
2788 4921 2954 4984 actio,
3005 4923 3180 4991 qualis
3212 4940 3240 4979 a
3281 4923 3382 4982 Job
3418 4927 3563 4981 dicta

1959 5014 2076 5084 .cst
2113 5023 2124 5057 :
2161 5023 2180 5055 ι
2213 5007 2294 5059 Sit
2323 5022 2518 5063 nomen
2549 5007 2762 5064 Domini
2786 5012 3182 5082 benedictum,»
3214 5027 3307 5073 et:
3344 5039 3362 5071 ι
3393 5019 3568 5075 Bene-

1995 5097 2170 5151 dicam
2210 5098 2495 5153 Dominum
2525 5141 2538 5163 ,
2571 5120 2590 5154 ι
2629 5103 2720 5172 qui
2768 5105 3007 5172 psalmus
3040 5117 3125 5163 est
3152 5114 3374 5166 omnino
3431 5129 3564 5167 con-

1995 5200 2284 5244 sentaneus
2310 5207 2404 5259 pro
2429 5194 2566 5249 datis
2588 5195 2710 5249 vitae
2738 5201 3062 5256 necessariis
3085 5217 3114 5254 a
3134 5201 3332 5255 Davide
3361 5207 3559 5258 dictus.

1998 5282 2240 5353 Signatis
2273 5285 2521 5341 similiter
2546 5290 2835 5358 universis,
2861 5294 3139 5360 petitaque
3175 5311 3281 5363 pro
3304 5297 3563 5349 omnibus

2001 5375 2089 5428 Dei
2125 5375 2524 5445 benedictione,
2552 5381 2811 5448 quoniam
2867 5387 2981 5450 ipsa
3015 5389 3099 5437 est
3157 5400 3279 5439 vere
3315 5385 3468 5441 cibus
3508 5396 3564 5439 et

1998 5479 2172 5536 potus,
2204 5484 2329 5523 esca
2391 5479 2570 5524 autem
2605 5486 2950 5542 nequaquam
3003 5489 3102 5529 nos
3134 5474 3242 5530 Deo
3271 5489 3454 5546 gratos
3487 5477 3566 5530 fa-

1998 5561 2094 5623 cit,
2119 5570 2170 5614 ct
2199 5563 2456 5630 quoniam
2483 5562 2598 5631 ipse
2619 5571 2706 5617 est
2731 5566 2912 5619 omnis
2945 5565 3071 5618 boui
3101 5567 3346 5638 largitor,
3375 5584 3562 5622 sacer-

1999 5651 2096 5705 dos
2128 5652 2346 5719 quidem
2403 5667 2509 5706 nou
2563 5654 2848 5709 absolvens
2915 5658 3155 5726 recedit,
3210 5647 3349 5712 facta
3417 5661 3565 5715 enim

2004 5741 2254 5810 lectione,
2287 5745 2613 5798 matutinum
2676 5744 2874 5800 dicitur
2945 5745 3207 5802 ofﬁcium.
3231 5745 3407 5805 Panes
3438 5746 3569 5805 vero

3068 5839 3144 5899 20
