4026 6274
523 293 629 364 6l9

1272 306 1654 371 srnsoms
1686 274 2453 371 THESSALUNICENSlS
2494 305 2862 372 ARCHIEP.

3663 305 3773 377 621

517 427 575 471 et
602 415 785 470 vinum
818 424 1001 486 utpote
1040 416 1377 474 sanctificata
1426 419 1812 477 benedictione
1841 435 2081 492 prasen-

2186 420 2336 473 ιστιν
2367 417 2660 489 δτχορηγὸς
2687 417 2888 480 παντὸς
2934 417 3164 485 ἀγαθοῦ,
3218 422 3248 474 ό
3303 421 3405 492 μὲν
3451 422 3638 494 ίερεὺς
3691 425 3769 496 μὴ

519 509 667 563 tibus
689 508 1029 573 dividuntur,
1057 523 1176 578 qua:
1200 524 1324 564 cum
1356 509 1462 566 fide
1502 513 1849 568 sumentibns
1882 513 2088 581 impero

519 602 661 655 tiunt
694 600 1020 656 charismata
1057 603 1486 675 sanationesque
1505 613 1560 661 et
1587 606 1694 662 alia
1721 607 1859 661 bona
1893 608 2089 662 multa.

517 690 684 764 Igitur
707 693 808 749 ista
842 695 1060 765 quidem
1097 697 1242 756 liuttt
1283 700 1334 753 si
1375 700 1559 770 vigilia
1598 699 1758 754 fuerit
1783 718 1798 767 ;
1823 715 2012 754 verum
2043 699 2091 754 si

517 802 624 842 non
677 788 857 854 fuerit,
919 799 1039 858 post
1109 789 1519 845 inclinationem
1572 793 1766 860 capitis
1825 806 1998 861 neque
2034 791 2092 845 lit

516 879 815 947 processio,
883 895 1056 949 neque
1095 895 1292 950 panum
1349 883 1674 939 benedictio.
1717 884 1820 938 Sed
1877 893 2087 937 tantum

517 971 821 1040 psalluntur
839 974 1202 1040 responsuris,
1222 983 1293 1037 et,
1314 972 1504 1028 '«Nun‘c
1521 975 1782 1029 absolvis»
1802 975 2023 1040 dicitur,
2039 985 2090 1030 et

515 1061 758 1130 precatio
787 1060 1038 1132 Trisagii,
1069 1064 1438 1121 etaltsolutio.
1466 1068 1532 1118 At
1571 1067 1813 1119 nonnulli
1855 1065 2088 1120 istorum

516 1152 772 1216 studiosi,
793 1165 904 1208 non
930 1153 1068 1208 facta
1095 1153 1279 1224 vigilia
1306 1154 1377 1208 ob
1410 1154 1786 1210 infirmitatem
1824 1156 2009 1211 forsan
2035 1169 2091 1210 et

512 1245 834 1313 paucitatem
880 1242 1158 1312 fratrum,
1215 1246 1622 1315 processionem
1653 1257 1833 1301 tamen
1883 1248 2089 1302 faciunt

511 1336 567 1390 in
583 1335 845 1405 vesperis,
862 1336 1060 1391 deinde
1083 1351 1346 1404 responso
1359 1337 1460 1406 ria,
1481 1347 1537 1392 et
1553 1339 1736 1392 statim
1763 1339 2086 1394 absolvitur.

509 1424 717 1480 Panum
745 1435 920 1482 autem
944 1427 1383 1482 benedictionem
1416 1443 1526 1482 non
1561 1427 1794 1492 faciunt,
1824 1428 2085 1496 quauiam

509 1519 614 1572 ista
651 1517 954 1586 praesertim
980 1517 1049 1572 ob
1079 1518 1318 1573 laborem
1351 1519 1551 1589 vigilite
1574 1518 1678 1574 fuit
1726 1520 1998 1584 instituta,
2029 1528 2089 1574 ut

511 1611 704 1665 fratres
734 1618 954 1680 accepta
981 1608 1181 1666 Christi
1242 1612 1623 1668 benedictione
1675 1629 1951 1682 parvaque
2015 1614 2088 1667 ob

505 1704 746 1757 laborem
789 1701 1109 1767 reiectione,
1138 1705 1445 1760 orationem
1479 1717 1700 1775 propter
1736 1707 2082 1761 communio-

2195 509 2680 567 άπολύωνάπεισι·
2712 509 2969 580 τεθείσης
3024 508 3131 581 γὰρ
3183 511 3569 580 ἀναγνώσεως,
3606 529 3744 569 συνα

2193 601 2344 663 πτῶς
2363 601 2582 670 λέγεται
2614 601 2710 655 καὶ
2740 603 2769 654 ὁ
2799 601 3018 670 δρθρος.
3044 603 3106 655 Oi
3136 601 3291 670 ἄρτοι
3315 603 3374 656 δὲ
3409 605 3501 657 καὶ
3537 605 3568 658 δ
3625 599 3767 668 οἶνος

2193 692 2272 754 ὡς
2302 693 2629 762 ἡγιασμένοι
2654 695 2721 761 τῇ
2745 691 2969 762 εὐλογίᾳ
2998 693 3368 762 μεταδίδονται
3411 696 3526 757 τοῖς
3565 695 3772 767 παροῦι

2193 799 2300 846 σιν.
2326 783 2472 854 άπερ
2503 783 2734 846 καὶτοῖς
2765 783 3108 853 λαμϐάνουσι
3143 783 3283 853 μετὰ
3314 784 3569 850 πίστεως,
3607 803 3772 855 μεταδ

2189 873 2377 928 δοτικά
2403 877 2511 927 εισι
2541 875 2922 944 χαρισμάτων,
2971 875 3170 930 ίάσεών
3192 893 3253 928 τε
3305 877 3401 928 καὶ
3451 876 3630 930 ἄλλων
3664 877 3770 930 δὼ-

2193 984 2302 1038 ρων
2334 967 2564 1020 πολλῶν.
2593 965 2784 1021 Ταῦτα
2810 967 2910 1036 μὲν
2951 966 3045 1022 οὖν
3069 967 3304 1021 τελεῖται
3334 969 3384 1020 εί
3427 968 3576 1021 ἐστιν
3601 969 3772 1038 ἀγρυ-

2191 1061 2323 1114 πνία
2350 1077 2366 1095 ο
2393 1063 2443 1114 εί
2471 1060 2574 1114 οὐκ
2604 1059 2724 1112 ἐστι
2745 1060 2821 1123 δὲ,
2863 1059 3002 1128 μετὰ
3027 1059 3128 1130 τὴν
3180 1059 3609 1127 κεφαλοκλισίαν
3641 1059 3769 1114 οὕτε

2189 1153 2312 1222 λιτὴ
2333 1155 2566 1223 γίνεται,
2585 1152 2716 1207 οὔτε
2743 1153 3034 1223 εὐλόγησις
3065 1152 3174 1206 τῶν
3201 1153 3402 1222 ἄρτων.
3435 1149 3515 1205 Τὰ
3545 1153 3774 1205 ἀποστί-

2188 1261 2283 1314 χου
2308 1245 2363 1298 δὲ
2387 1244 2550 1313 μόνον
2597 1243 2884 1312 ψάλλεται,
2950 1242 3048 1296 καὶ
3100 1242 3184 1310 τὸ,
3220 1261 3242 1294 ι
3276 1241 3386 1295 Νῦν
3421 1243 3704 1308 ἀπολύεις,
3741 1261 3764 1295 ε

2187 1333 2424 1400 λέγεται,
2461 1331 2558 1386 καὶ
2586 1333 2620 1400 ἡ
2651 1331 2747 1384 τοῦ
2783 1331 3082 1400 Τρισαγίου
3120 1328 3421 1400 προσευχὴ,
3479 1332 3575 1383 καὶ
3623 1331 3762 1383 ἀπδε-

2187 1424 2363 1486 λυσις.
2397 1423 2521 1476 Τισὶ
2543 1422 2602 1476 δὲ
2632 1421 2769 1491 πρὸς
2797 1421 2972 1476 ταῦτα
3002 1421 3337 1486 σπουδαίοις,
3367 1422 3462 1476 καὶ
3511 1421 3589 1492 μὴ
3618 1437 3768 1489 γινοο

2191 1519 2360 1587 μένης
2418 1513 2725 1585 ἀγρυπνίας
2768 1513 2839 1567 δι’
2897 1513 3183 1567 ἀσθένειαν
3235 1515 3365 1577 ίσως
3423 1514 3520 1568 καὶ
3571 1513 3766 1568 στεινιν

2187 1607 2453 1674 ἀδελφῶν,
2481 1606 2549 1658 τὰ
2575 1604 2676 1672 τῆς
2697 1605 2848 1672 λιτῆς
2877 1605 2933 1656 ιν
2961 1602 3040 1674 τῷ
3063 1603 3335 1674 ἑσπερινῷ
3359 1604 3566 1672 γίνεται
3590 1621 3607 1636 ’
3641 1598 3764 1657 εἷτα

2188 1701 2256 1753 τὰ
2290 1700 2610 1767 ἁποστίχου,
2644 1696 2739 1750 καὶ
2768 1697 2932 1758 εὐθὺς
2965 1697 2996 1765 ἠ
3033 1695 3319 1755 ἀπόλυσις.
3351 1697 3463 1766 Τὴν
3513 1695 3623 1748 τῶν
3666 1696 3764 1766 ἄρ·

507 1809 629 1850 nem
666 1795 1066 1850 tremendorum
1099 1800 1480 1865 mysteriorum
1510 1798 1832 1863 producant,
1860 1805 1912 1851 et
1949 1811 2089 1868 pras-

2191 1806 2300 1842 των
2325 1788 2382 1840 δὲ
2407 1787 2699 1856 εὐλόγησιν
2731 1784 2792 1836 οὗ
2825 1782 3075 1836 ποιοῦσιν
3112 1799 3128 1815 ο
3156 1783 3240 1836 ὄτι
3271 1781 3410 1854 αὕτη
3469 1782 3764 1855 ἐξαιρέτως

507 1887 665 1952 cipue
692 1887 1034 1941 sacerdotes.
1070 1886 1208 1942 Ecce
1235 1893 1608 1959 vespertinum
1643 1905 1740 1945 vos
1793 1887 2084 1946 docuimus

505 1979 740 2032 cilicium
762 1989 1058 2048 ;\snperest
1104 1989 1161 2034 ut
1191 1981 1258 2036 de
1297 1983 1653 2053 completorio
1701 1983 1977 2050 dicamus;
2006 1982 2079 2038 de

503 2085 614 2136 quo
637 2070 800 2123 etiam
829 2070 1068 2125 breviter
1095 2071 1466 2129 disseremus.

2190 1881 2279 1935 διὰ
2306 1880 2400 1933 τὸν
2433 1878 2603 1932 κόπον
2644 1874 2952 1944 διετυπὼθη
3004 1875 3104 1946 τῆς
3156 1875 3487 1944 ἀγρυπνίας,
3537 1875 3627 1929 ἶνα
3669 1876 3762 1930 καί

2191 1970 2441 2038 εὐλογίας
2500 1965 2763 2037 Χριστοῦ,
2817 1965 2912 2019 καὶ
2978 1968 3182 2036 μικρᾶς
3255 1966 3654 2037 παρακλήσεως
3707 1967 3758 2020 οἱ

2203 2062 2428 2132 ἀδελφοὶ
2451 2059 2540 2112 διὰ
2573 2058 2677 2111 τὸν
2694 2058 2862 2112 κόπον
2918 2057 3196 2128 τυχόντες,
3223 2057 3408 2112 ἔκτοτε
3451 2057 3763 2129 προσευχὴν

503 2163 593 2215 διὰ
618 2162 716 2234 τὴν
748 2165 1037 2217 κοινωνίαν
1077 2163 1190 2218 τῶν
1233 2168 1478 2236 φρικτῶν
1527 2173 1846 2239 μυστηρίων
1873 2168 2066 2238 ἔχωσι,
2091 2164 2186 2220 καὶ
2229 2161 2463 2234 μάλιστα
2488 2154 2538 2208 οἱ
2575 2153 2885 2228 ἱδρυμένοι.
2929 2151 3059 2206 Ἰδοὺ
3089 2152 3278 2207 καὶτὰ
3312 2149 3408 2206 τοῦ
3471 2155 3759 2227 contpr

505 2260 633 2328 ὑμῖν
685 2258 1020 2316 ἀποδέδοται.
1091 2259 1348 2315 Λείπεται
1375 2263 1507 2331 περὶ
1573 2265 1680 2316 τῶν
1742 2263 2084 2318 ἀποδείπνων
2115 2260 2317 2314 εἰπεῖν.
2352 2256 2490 2326 Περὶ
2511 2246 2586 2308 ὧν
2618 2253 2713 2308 καὶ
2747 2253 2807 2304 ὲν
2859 2249 3080 2320 συνόψει
3111 2249 3368 2322 εροῦμεν.

573 2369 827 2432 Clericus.
877 2374 1151 2446 Adimple,
1183 2388 1372 2432 sancte
1430 2379 1654 2436 domine
1679 2422 1694 2443 ,
1729 2379 1784 2434 in
1815 2379 1920 2435 hoc
1939 2393 2077 2447 quo-

499 2482 610 2538 que
635 2468 939 2523 mercedem
972 2475 1146 2534 tuam,
1179 2475 1239 2522 ut
1290 2475 1404 2524 tota
1447 2471 1604 2526 nobis
1635 2471 1955 2544 perficiatur
1983 2469 2081 2526 do-

502 2561 690 2617 ctrinae
713 2559 959 2616 materia.

983 2708 1210 2767 CAPUT
1239 2711 1552 2769 CCCXLlll.

502 2789 578 2877 De
607 2823 789 2878 ordine
809 2823 1135 2894 completorii
1169 2826 1322 2948 oﬂic‘ii
1351 2827 1489 2894 quod
1509 2837 1623 2898 post
1666 2843 1870 2887 coenam
1890 2833 2084 2888 decan-

1207 2906 1261 2948 ta
1291 2913 1375 2948 ur.

1207 2906 1375 2953 tatur.

579 3003 852 3073 Pontifex.
894 3005 953 3059 In
981 2971 1262 3061 .maximis
1290 3007 1510 3078 quidem
1549 3013 1894 3068 monasteriis
1933 3026 2084 3068 com-

499 3093 816 3165 pletorium.
844 3103 904 3148 ut
923 3094 1184 3159 diximus,
1215 3096 1380 3153 simul
1405 3113 1530 3154 cum
1560 3105 1803 3170 vesperls
1831 3110 2082 3156 cantatur

2255 2372 2575 2441 Κληρικός.
2612 2369 2928 2441 Πλήρωσον,
2953 2368 3075 2436 ἅγιε
3098 2367 3369 2434 Δέσποτα,
3393 2369 3486 2422 καὶ
3516 2369 3608 2422 τὸν
3630 2371 3759 2440 περὶ

2187 2465 2380 2520 τούτου
2411 2463 2600 2535 μισθόν
2631 2479 2744 2526 σου,
2770 2461 2859 2514 ἴνα
2888 2460 3072 2516 καὶτὰ
3116 2460 3215 2527 τῆς
3244 2461 3597 2530 διδασκαλίας
3624 2464 3761 2536 ἡμῖν

2189 2557 2279 2628 εἴη
2310 2557 2488 2610 πάντα
2501 2553 2883 2624 τετελεσμένα.

2748 2709 2995 2765 ΚΕΨΔΛ.
3013 2709 3192 2765 TMI".

2345 2825 2488 2894 ,Περὶ
2518 2820 2625 2894 τῆς
2647 2823 3018 2891 ἀκολουθίας
3037 2822 3154 2877 τῶν
3176 2822 3586 2884 ἀπόδείπνων.

2266 3007 2628 3077 ’.Αρχιερεύς.
2662 3004 2742 3060 Τὰ
2767 3001 3064 3060 ἀπόδειπνα
3097 3005 3391 3075 ψάλλονται
3422 3007 3482 3062 ιν
3509 3006 3609 3078 μὲν
3633 3010 3753 3071 ταῖς
3800 3039 3809 3046 -

2189 3099 2470 3170 μεγίσταις
2491 3097 2778 3167 μοναῖς,ὠς
2790 3095 3111 3167 εἰρήκαμεν,
3132 3095 3248 3162 ἅμα
3265 3095 3341 3166 τῷ
3357 3093 3754 3166 ὲσπερινῷ,πρδ

499 3197 628 3242 ante
652 3188 858 3258 ianuas
886 3189 1091 3257 templi,
1125 3189 1585 3259 quemadmodum
1611 3207 1804 3261 preces
1831 3207 2081 3247 commu-

2186 3193 2289 3243 τῶν
2312 3191 2496 3242 πυλῶν
2522 3188 2615 3242 τοῦ
2642 3188 2798 3252 ναοῦ,
2827 3187 2904 3250 ὡς
2924 3187 3103 3241 κοιναὶ
3126 3187 3340 3258 δεήσεις
3367 3205 3382 3222 ο
3413 3189 3471 3243 ὲν
3500 3190 3609 3253 τοῖς
3634 3205 3756 3243 κοι·

495 3295 620 3336 nes.
637 3279 698 3333 In
725 3280 996 3334 coenobiis
1019 3292 1199 3335 autem
1221 3289 1277 3336 et
1293 3297 1322 3336 a
1350 3283 1578 3351 singulis
1604 3284 1887 3339 monachis
1909 3300 2080 3340 saecu-

504 3369 826 3438 laribusque
853 3369 1226 3424 sacerdotibus
1256 3380 1310 3424 et
1343 3370 1497 3425 laicis
1521 3369 1789 3441 religiosis
1817 3374 2082 3429 recitatur

497 3466 624 3529 post
651 3474 864 3514 coenam
897 3474 1116 3530 vespere
1141 3471 1441 3529 sumptam;
1483 3461 1576 3516 sed
1613 3462 1665 3515 in
1694 3474 1882 3518 sancta
1936 3465 2081 3530 Qua-

499 3549 809 3618 dragesima
841 3558 894 3605 et
927 3551 982 3604 in
1013 3551 1224 3621 magnis
1255 3535 1619 3629 [monasteriis
1660 3564 1714 3608 et
1742 3555 1796 3610 in
1823 3555 2082 3613 omnibus

499 3639 636 3695 locis
697 3640 1051 3710 peculiariter
1086 3642 1144 3695 lit
1171 3651 1295 3712 post
1350 3645 1722 3712 vespertinum
1751 3628 1989 3702 cilicium
2025 3660 2082 3702 et

498 3747 708 3788 cmnam
734 3747 852 3802 quae
884 3742 1014 3789 tunc
1070 3735 1241 3789 semel
1275 3735 1537 3791 sumitur.
1591 3733 1761 3806 igitur
1823 3756 2079 3807 rnaguum

399 3845 402 3848 ’
497 3823 722 3894 quidem
750 3832 855 3890 est,
877 3835 934 3880 et
966 3833 1194 3880 vocatur
1231 3836 1432 3880 sanctae
1466 3826 1618 3892 Quad
1633 3828 1908 3898 ragesimae
1933 3845 2083 3884 como

497 3917 811 3986 pletorium,
839 3931 901 3971 ac
933 3922 987 3971 In
1050 3927 1160 3974 tres
1185 3929 1366 3988 partes
1418 3918 1682 3974 dividitur
1740 3921 1793 3974 in
1852 3924 2078 3990 ﬁguram

495 4015 703 4064 sanctre
733 4003 1022 4063 Trinitatis
1068 4017 1123 4064 et
1183 4010 1627 4080 pr0pitiatiouem
1667 4016 1823 4067 nobis
1849 4030 2078 4084 compa-

499 4099 820 4169 parandam.
865 4099 1022 4164 Quod
1060 4100 1412 4156 manifestam
1470 4100 1700 4171 Typica;
1738 4121 1835 4160 nec
1865 4115 2080 4174 oportet

497 4191 676 4246 fusius
735 4190 1025 4255 disserere,
1055 4205 1177 4244 cum
1208 4194 1657 4262 explicavi-rimus
1695 4209 1812 4263 qme
1851 4198 1916 4249 ad
1957 4212 2082 4266 pre-

499 4296 591 4338 ces
625 4281 738 4338 fere
807 4281 1092 4336 universus
1157 4285 1454 4351 pertinent.
1512 4286 1712 4339 Psalmi
1779 4303 2076 4356 precesque

499 4371 850 4444 Completorii
904 4376 1329 4443 compunctionc
1375 4383 1429 4429 et
1478 4377 1824 4430 confessonc
1865 4379 2076 4432 referta!

502 4479 651 4534 sunt,
697 4468 762 4524 ad
797 4468 1012 4523 veniam
1042 4479 1098 4522 et
1127 4470 1571 4537 prepitiationem
1633 4471 2071 4538 consequendam

503 4561 740 4626 idonea;
793 4577 1082 4630 precamur
1135 4576 1193 4616 ut
1248 4571 1462 4616 not-tem
1491 4565 1542 4614 iu
1575 4578 1727 4630 pace,
1757 4562 1872 4616 sine
1902 4562 2073 4630 phan-

505 4660 754 4718 tasmate,
801 4654 1007 4720 absque
1055 4652 1352 4720 pollutione
1375 4661 1428 4704 et
1462 4651 1514 4703 in
1545 4650 1842 4707 securitate
1874 4651 2077 4704 transi-

505 4756 716 4812 gamus;
747 4757 954 4797 necnon
989 4755 1046 4795 ut
1099 4743 1187 4811 pie
1217 4759 1504 4812 surgamus
1532 4753 1772 4808 tentpure
1797 4752 2076 4796 nocturna

505 4839 560 4884 et
589 4830 871 4885 matutina:
915 4833 1181 4886 orationis
1213 4835 1263 4885 in
1311 4831 1734 4901 compunctione
1770 4841 1826 4886 et
1852 4839 2071 4901 pletate.

504 4921 739 4973 Parvum
765 4928 945 4974 autem
1001 4921 1206 4974 dictum
1252 4923 1377 4990 quia
1426 4923 1645 4977 brevius
1699 4933 1800 4990 est,
1857 4941 2076 4993 unoque

505 5016 723 5065 constat
751 5010 964 5074 ordine,
983 5026 1082 5064 nec
1109 5013 1162 5064 in
1192 5025 1299 5065 tres
1317 5013 1578 5067 dividitur
1599 5021 1802 5083 partes,
1830 5017 2076 5085 quotidie

506 5100 730 5165 dicitur,
779 5101 935 5170 cujus
969 5099 1162 5169 psalmi
1196 5101 1386 5155 cadent
1443 5114 1674 5173 possunt
1703 5116 1756 5159 et
1782 5121 1844 5160 ex
1876 5123 2075 5178 magno

505 5194 780 5265 eliguntur
807 5192 860 5247 hi
887 5194 1120 5262 quisunt
1149 5196 1393 5249 maxime
1415 5198 1917 5276 accommodi.'l‘res
1946 5208 2074 5265 sunt

506 5294 731 5355 propter
792 5283 1136 5350 Trinitatem,
1162 5294 1216 5341 et
1240 5287 1457 5341 additur
1491 5289 1898 5345 sanctissimum
1948 5291 2072 5346 lidei

505 5376 823 5448 Symbolum
857 5383 1077 5446 propter
1125 5376 1524 5434 confessionem
1587 5381 1901 5451 religionis;
1943 5381 2074 5438 dici-

506 5481 704 5538 turque
750 5485 764 5522 :
820 5467 1102 5539 «Dignum
1158 5477 1286 5523 est:
1349 5483 1569 5541 propter
1645 5472 2074 5529 incarnationem

503 5559 667 5614 Verbi
708 5568 764 5613 et
794 5557 890 5613 Dei
943 5559 1225 5628 genitricis
1255 5561 1725 5617 intercessionem.
1755 5561 1922 5616 Porro
1955 5572 2077 5632 post

503 5648 848 5719 Symbolum,
871 5660 1030 5718 prout
1049 5664 1074 5701 a
1098 5652 1345 5720 patribus
1365 5653 1568 5706 nostris
1593 5651 1931 5721 accepimus,
1955 5667 2076 5706 eam

520 5738 851 5812 angelosque
877 5747 933 5828 ει
957 5751 1182 5800 εσηοιοε
1213 5743 1281 5799 ad
1313 5743 1754 5801 intercedendum
1785 5757 1884 5813 pro
1917 5743 2075 5800 nobis

2181 3282 2378 3344 νοόίοις
2403 3280 2458 3332 δὲ
2493 3279 2584 3333 καὶ
2611 3281 2670 3332 ἐν
2687 3279 2900 3348 ἑκάστῳ
2931 3277 3040 3333 τῶν
3075 3279 3345 3349 μοναχῶν,
3381 3279 3477 3334 καὶ
3502 3279 3610 3333 τῶν
3667 3295 3760 3333 κο-

2184 3372 2398 3442 σμικῶν
2425 3374 2639 3442 ἱερέων,
2693 3374 2788 3426 καὶ
2851 3371 2962 3424 τῶν
3018 3370 3266 3425 εὐλαὸῶν
3326 3371 3556 3438 λαῖκῶν,
3622 3373 3758 3442 μετὰ

2181 3464 2280 3536 τὴν
2331 3467 2389 3517 ὲν
2450 3465 2659 3535 ἑσπέρᾳ
2709 3465 2918 3535 τροφήν
2949 3465 3059 3535 ’τῇ
3114 3462 3247 3534 ἁγίᾳ
3302 3462 3360 3517 δὲ
3404 3464 3758 3534 Τεσσαρακο-

2185 3561 2308 3629 στῇ,
2343 3557 2440 3612 καὶ
2478 3559 2537 3610 ὲν
2565 3559 2687 3618 ταῖς
2718 3554 2990 3624 μεγάλαις
3035 3557 3223 3626 μοναῖς
3271 3555 3364 3608 καὶ
3399 3557 3589 3622 πᾶσιν,
3651 3557 3758 3625 tot;

2187 3651 2324 3720 μετὰ
2354 3649 2445 3704 τὸν
2477 3646 2765 3718 ἑσπερινδν
2797 3646 2892 3698 καὶ
2916 3645 3015 3714 τὴν
3039 3641 3266 3715 τροφὴν,
3296 3642 3446 3708 ἅπαξ
3463 3645 3760 3713 γινομένην

2181 3743 2326 3795 τότε.
2347 3742 2427 3794 Τὰ
2449 3741 2546 3810 μὲν
2563 3735 2973 3793 οὖνάπόδειπνα
2988 3739 3088 3806 τῆς
3109 3735 3266 3802 ἁγίας
3293 3734 3756 3804 Τεσσαρακοστῆς

2186 3829 2396 3898 μεγάλα
2408 3832 2500 3880 καὶ
2521 3828 2664 3880 οὕτω
2689 3827 3000 3897 καλούμενα
3200 3825 3296 3880 κα).
3333 3827 3413 3889 είς
3440 3827 3590 3897 τρεῖς
3613 3827 3755 3880 διαι-

2184 3921 2398 3988 ροῦνται
2423 3920 2641 3991 μοίρας,
2664 3921 2744 3981 εἰς
2765 3919 2934 3972 τύπον
2957 3919 3056 3986 τῆς
3075 3919 3237 3988 ἁγίας
3255 3918 3507 3990 τριάδος,
3533 3923 3627 3972 καὶ
3649 3919 3754 3988 τὴν
3789 3941 3791 3944 ⁴

2183 4012 2323 4082 ὑπὲρ
2360 4011 2513 4080 ἡμῶν
2544 4011 2844 4077 ὲξιλὲωσιν.
2879 4010 2988 4064 Καὶ
3021 4009 3244 4080 δηλοῦσι
3274 4011 3406 4082 περὶ
3448 4009 3638 4065 τούτου
3682 4011 3754 4064 τὰ

2183 4102 2422 4157 Τυπικά·
2458 4103 2552 4155 καὶ
2589 4104 2649 4155 οὐ
2704 4104 2807 4172 χρὴ
2859 4101 3197 4173 πλατύτερον
3249 4101 3454 4172 λέγειν,
3518 4103 3751 4173 ἐπείπερ

2183 4197 2277 4248 καὶ
2309 4195 2375 4246 τὰ
2413 4195 2540 4262 περὶ
2567 4194 2672 4246 τῶν
2706 4193 2882 4262 εὐχῶν
2912 4181 3099 4262 σχεδὸν
3130 4195 3372 4250 ἀπασῶν
3407 4194 3756 4265 ήρμηνεὺσα-

2187 4303 2303 4352 μεν.
2344 4284 2457 4335 Καὶ
2504 4284 2554 4336 οί
2595 4284 2650 4334 ὲν
2679 4283 2792 4343 τοῖς
2837 4282 3182 4347 ἀποδείπνοις
3217 4284 3422 4356 ψαλμοὶ
3455 4287 3548 4340 καὶ
3577 4287 3632 4341 αί
3660 4287 3752 4338 εὐ-

2183 4377 2275 4445 χαὶ
2307 4375 2657 4439 κατανύξεως
2695 4376 2790 4428 καὶ
2823 4375 3290 4446 ἑξομολογήσεως,
3323 4378 3419 4431 καὶ
3451 4379 3581 4446 περὶ
3613 4376 3750 4445 σφι-

2185 4481 2321 4527 asto;
2353 4465 2444 4518 καὶ
2479 4465 2748 4534 αἰτήσεως
2801 4464 3070 4534 ἱλασμοῦ,
3117 4469 3212 4522 καὶ
3265 4467 3327 4520 τὸ
3382 4467 3610 4521 διελθεῖν
3651 4466 3753 4538 τὴν

2181 4556 2352 4608 νύκτα
2384 4555 2679 4626 εἰρηνικῶς
2713 4556 3078 4623 ἁφαντάστως
3105 4594 3121 4617 ,
3152 4556 3482 4627 ἀμολύντως
3538 4573 3599 4610 τε
3653 4555 3748 4610 καὶ

2178 4649 2592 4718 ἀνενοχλήτωςυ.
2619 4648 2719 4702 καὶ¹
2761 4649 3116 4716 διαναστῆναι
3158 4650 3338 4712 καλῶς
3367 4649 3425 4700 ὲν
3457 4649 3536 4719 τῷ
3572 4650 3752 4718 καιρῷ

2180 4741 2282 4809 τῆς
2320 4741 2416 4793 τοῦ
2451 4739 2809 4808 μεσονυκτίου
2852 4739 3070 4793 καὶτοῦ
3104 4739 3308 4811 ὄρθρου
3350 4740 3661 4812 προσευχῆς
3689 4740 3749 4793 ιν

2179 4837 2471 4902 κατανῦξει
2507 4840 2602 4917 καὶ
2635 4839 2944 4908 προθυμίᾳ.
2995 4837 3070 4892 re
3108 4839 3167 4892 δὲ
3211 4839 3411 4910 μικρὸν
3455 4839 3748 4906 λεγόμενον

2175 4927 2263 4980 διὰ
2316 4927 2377 4980 τὸ
2431 4927 2905 5000 συνοπτικὼτερον
2937 4930 3075 4983 εἶναι
3097 4969 3114 4994 ,
3144 4933 3239 4984 καὶ
3284 4931 3413 5000 μίαν
3447 4928 3587 4984 εἶναι
3617 4931 3747 4982 ἀκο-

2177 5014 2421 5079 λουθίαν,
2453 5018 2545 5068 καὶ
2579 5018 2657 5086 μὴ
2699 5019 2777 5079 είς
2804 5019 2955 5087 τρεῖς
2983 5017 3334 5088 διαιρεῖσθαι,
3374 5016 3499 5070 καθ’
3531 5016 3744 5086 ἡμέραν

2179 5105 2299 5158 ἐστι
2343 5105 2659 5176 λεγόμενον,
2691 5106 2788 5158 καὶ
2824 5107 2875 5159 ot
2903 5107 3110 5176 ψαλμοὶ
3138 5107 3334 5161 τούτου
3378 5106 3449 5161 τά
3483 5106 3624 5160 αὐτὰ
3655 5106 3746 5159 δυ-

2179 5197 2400 5266 νάμενοι
2424 5237 2439 5262 ,
2494 5198 2598 5250 καὶ
2649 5197 2699 5249 οί
2745 5197 3101 5265 καιριώτατοι
3146 5198 3243 5252 τοῦ
3295 5199 3553 5270 μεγάλου.
3586 5200 3748 5270 Τρεῖς

2176 5287 2232 5339 δὲ
2267 5281 2414 5342 οὗτοι
2447 5288 2538 5342 διὰ
2587 5287 2687 5359 τὴν
2726 5289 2936 5360 Τριάδα
2973 5291 3082 5344 είσί
3106 5307 3120 5324 ο
3153 5291 3248 5346 καὶ
3281 5291 3340 5345 τὸ
3371 5292 3473 5363 τῆς
3513 5293 3749 5356 πίστεως

2180 5377 2486 5444 ἁγιώτατον
2516 5377 2792 5448 Σύμϐολον
2845 5380 2935 5434 διὰ
2975 5381 3076 5447 τὴν
3127 5381 3420 5450 ὁμολογίαν
3472 5385 3571 5450 τῆς
3597 5383 3750 5434 εὐσε-

2178 5469 2348 5533 σείοις⁸
2381 5470 2474 5523 καὶ
2507 5471 2588 5536 τὸ,
2629 5489 2647 5522 ε
2684 5470 2869 5536 ’Δξιόν
2918 5473 3035 5526 ἔστι
3059 5513 3075 5538 ,
3118 5473 3264 5527 rata
3299 5473 3398 5542 τὴν
3446 5473 3542 5527 τοῦ
3576 5473 3750 5540 Λόγου

2179 5561 2478 5630 σάρκωςιν,
2512 5565 2606 5616 καὶ
2633 5563 2735 5632 τὴν
2764 5563 2864 5632 τῆς
2889 5565 3234 5635 Θεομήτορος
3266 5565 3570 5634 μεσιτείαν.
3594 5563 3749 5618 Μετὰ

2177 5649 2239 5704 τὸ
2271 5649 2550 5723 Σύμϐολον
2571 5652 2651 5717 δὲ,
2685 5652 2762 5716 ὡς
2797 5651 2951 5722 παρὰ
2994 5652 3104 5706 τῶν
3136 5653 3401 5725 Πατέρων
3431 5651 3591 5724 ἡμῶν
3619 5650 3748 5707 ἑλό-

2179 5743 2366 5815 6ομεν,
2399 5745 2480 5810 εἰς
2530 5743 2827 5815 πρεσσείαν
2860 5743 3052 5817 αὐτὴν,
3113 5745 3255 5817 ὑπὲρ
3299 5743 3460 5816 ⁴ἡμῶν
3491 5745 3588 5802 καὶ
3621 5752 3754 5807 τοὺς
