4068 6280
536 371 648 432 623

1355 363 1742 426 SYMEONIS
1783 350 2544 420 THESSALONICENSIS
2585 342 2940 410 ARCHIEP.

3657 332 3776 396 62E

538 487 619 538 eis
683 489 904 550 propter
964 477 1198 547 aliquem
1247 490 1473 546 parvum
1493 475 1736 528 laborem
1768 484 1862 540 per
1887 464 2102 522 miseri-
2131 477 2150 527 Α

2230 463 2404 524 ιῦτοὺς
2429 462 2501 523 ὡς
2527 458 2755 514 δυνατὸν
2785 457 2880 510 καὶ
2906 451 3185 523 ἐγχωροῦν
3211 451 3364 503 ἔστιν
3388 443 3775 550 ικμιμεῐσιθαι,

538 571 778 628 cordiam
819 569 910 624 Dei
947 565 1436 624 collocemur.Nisi
1462 565 1607 620 enim
1641 571 1814 617 totum
1849 559 2105 630 perlicere

541 664 868 734 poterimus,
919 660 1011 715 sed
1071 673 1234 729 super
1262 672 1435 726 pauca
1465 665 1519 711 et
1568 668 1733 725 parva
1765 653 1820 706 in
1852 649 2109 706 omnibus

538 765 631 806 eos
659 751 851 804 imitati
917 748 1205 808 fuerimus,
1235 755 1330 800 aut
1363 761 1460 801 nos
1499 745 1768 798 ferventes
1830 738 1897 792 ad
1938 745 2106 791 totum

539 841 875 897 confortabit
911 839 1090 904 Deus;
1128 853 1252 892 nam
1280 837 1421 906 ipsis
1459 847 1677 905 quoque
1710 847 1738 884 a
1768 830 1877 885 Deo
1912 828 2107 891 virtus,

541 944 636 988 aut
663 932 814 1003 parvi
841 931 1020 1001 Operis
1064 939 1282 998 propter
1327 927 1701 981 infirmitatem
1733 931 1974 976 nostram
2005 920 2110 972 mi-
2162 953 2165 960 -

545 1024 832 1087 serebitur,
868 1022 1196 1090 donabitqne
1218 1029 1276 1073 ut
1306 1033 1427 1072 cum
1455 1017 1535 1071 eis
1570 1017 1928 1070 collocemur.
1959 1009 2111 1064 Talis

545 1116 686 1169 enim
729 1113 994 1166 Dominus
1018 1149 1034 1175 ,
1066 1110 1158 1179 qui
1187 1119 1370 1178 utpote
1400 1109 1596 1169 bonus,
1635 1117 1856 1173 parvam
1888 1113 2110 1156 causam

542 1221 574 1276 ρ
606 1206 761 1260 nobis
812 1205 1086 1272 exquirat,
1141 1201 1365 1270 ipseque
1430 1208 1603 1252 totum
1640 1194 1944 1264 adimplens
2009 1206 2113 1246 nos

547 1297 710 1351 faciat
741 1296 943 1360 salvos,
971 1302 1025 1347 et
1052 1308 1175 1348 cum
1202 1291 1377 1345 servis
1407 1290 1522 1343 suis
1577 1294 1636 1342 ut
1668 1285 1908 1352 optimus
1944 1283 2114 1336 collo-

547 1397 653 1443 cet.
682 1387 945 1458 Typicum
984 1385 1203 1456 quidem
1238 1376 1874 1448 Hierosolymitanumin
1910 1375 1994 1430 bis
2017 1374 2114 1429 ab-

547 1480 829 1535 solvimus.

1065 1670 1290 1728 CAPUT
1323 1668 1614 1735 CCCXLY.

2210 555 2284 614 ὡς
2313 553 2379 606 ἂν
2402 552 2498 605 καὶ
2533 550 2717 612 αὐτοῖς
2743 548 2832 601 διὰ
2873 543 3073 616 μικροῦ
3098 555 3246 605 τινος
3275 539 3442 592 πόνου
3475 535 3608 604 ἐλέῳ
3638 531 3778 586 Θεοῦ

2209 643 2308 698 καὶ
2333 644 2495 712 ἡμεῖς
2535 637 2990 708 συνταχθείημεν.
3041 635 3103 687 Ei
3149 632 3259 702 γὰρ
3291 630 3370 701 μὴ
3423 628 3485 680 τδ
3525 627 3636 680 πᾶν
3663 622 3782 690 ὲξι-

2213 732 2484 802 σχύσομεν
2521 728 2831 793 ἐκτελέσαι,
2870 727 2928 779 έν
2984 725 3152 793 ὀλίγῳ
3195 722 3254 775 δὲ
3298 721 3394 774 καὶ
3451 715 3784 788 βραχυτάτῳ

2209 824 2320 877 ἀπὸ
2369 823 2589 876 πάντων
2639 815 3098 887 ὲκμιμησόμεθα,
3130 813 3164 883 ἢ
3196 813 3296 866 καὶ
3330 814 3407 874 είς
3445 810 3505 862 τδ
3539 810 3649 860 πᾶν
3673 806 3786 870 ἐξι-

2214 913 2400 982 σχύσει
2445 910 2931 981 προθυμουμένους
2977 908 3005 957 ὁ
3040 904 3171 967 Θεὸς
3199 903 3276 965 ὡς
3314 902 3604 961 κάκείνους
3627 913 3640 926 ο
3687 897 3790 948 καὶ

2211 1005 2424 1066 τούτοις
2461 1007 2570 1073 γὰρ
2604 1007 2634 1071 ἡ
2678 1003 2836 1070 ἰσχὺς
2877 1000 3029 1069 παρὰ
3089 997 3184 1050 τοῦ
3224 993 3380 1057 Θεοῦ,
3417 993 3450 1062 ἢ
3494 990 3573 1060 τῷ
3604 988 3791 1058 μικρῷ

2214 1096 2363 1164 ἔργῳ
2409 1095 2498 1147 διὰ
2531 1094 2631 1162 τὴν
2665 1092 2956 1145 ἀσθένειαν
3002 1088 3373 1155 οἰκτειρήσειο
3434 1083 3532 1134 καὶ
3579 1081 3640 1132 τὸ
3691 1081 3791 1131 σὺν

2215 1184 2444 1248 ἐκείνοις
2472 1184 2740 1253 ταχθῆναι
2761 1181 3070 1251 χαρίσεται.
3105 1176 3358 1236 Τοιοῦτος
3388 1173 3497 1242 γάρ
3527 1174 3556 1225 ὁ
3586 1169 3791 1222 Δεσπό-

2214 1295 2336 1348 της⁹
2365 1277 2622 1346 ἀφορμήν
2665 1291 2794 1329 τινα
2829 1274 2990 1341 μόνον
3017 1271 3170 1338 ζητεί
3203 1266 3331 1338 παρ’
3365 1267 3546 1334 ἡμῶν,
3583 1263 3789 1330 ἀγαθὸς

2215 1368 2314 1434 ὢν,
2356 1365 2448 1421 καὶ
2499 1367 2660 1429 αὐτὸς
2693 1365 2754 1417 τὸ
2789 1365 2898 1416 πᾶν
2947 1361 3260 1430 ἐκπληρῶν,
3296 1358 3445 1427 ἡμᾶς
3475 1355 3659 1419 σώζει,
3691 1353 3792 1406 καὶ

2215 1465 2331 1524 τοῖς
2362 1459 2527 1514 αὑτοῦ
2568 1458 2849 1512 συντάττει
2895 1455 3102 1516 δούλοις
3152 1453 3228 1513 ὡς
3261 1449 3633 1521 ὐπερὰγαθος.
3670 1447 3785 1500 Καὶ

2215 1554 2286 1607 τὰ
2313 1553 2413 1622 μὲν
2437 1544 3056 1618 τοῦΊεροσολυμητικοῦ
3087 1541 3319 1598 τυπικοῦ
3347 1543 3405 1595 ιν
3443 1540 3678 1601 τούτοις.

2763 1660 3015 1716 ΚΕΦΑΛ.
3049 1656 3230 1711 TME'.

554 1786 878 1855 Principium
903 1787 1314 1866 institutio-num,
1351 1783 1864 1866 prmceptionumque
1893 1785 1944 1835 et
1972 1777 2115 1834 ordi-

2235 1777 2560 1870 'Apxh~rér
2587 1775 3038 1870 ὑποτυίτὼιζεών
3063 1793 3128 1870 cf
3165 1759 3639 1870 καξᾶιαῑάεξιων,
3688 1769 3792 1824 καί

1120 1857 1199 1908 itis
1229 1856 1556 1908 cantionum.

626 1972 918 2026 Videamus
938 1977 1114 2022 autem
1149 1967 1466 2038 expressius
1499 1963 1752 2036 mysteria
1802 1962 2120 2021 oeconomia

550 2065 752 2120 Christi
777 2064 829 2116 in
856 2077 921 2117 eo
942 2062 1034 2130 qui
1062 2060 1184 2129 jure
1213 2054 1413 2114 dicitur
1465 2058 1779 2111 cantionum
1811 2055 2000 2109 ordine
2034 2068 2120 2109 re-

553 2165 897 2225 prmsentata,
935 2154 1025 2221 qui
1066 2167 1096 2206 a
1142 2152 1387 2219 patribus
1440 2151 1639 2204 nostris
1689 2138 1926 2216 desuper
1959 2148 2120 2200 datus

553 2258 656 2308 est,
691 2255 850 2316 prout
872 2245 1184 2299 didicimus.
1249 2243 1404 2296 Hunc
1431 2255 1619 2294 omnes
1645 2239 1897 2293 Ecclesia-
1929 2237 2121 2291 catho-

553 2340 672 2392 lica:
699 2352 818 2407 quae
848 2345 977 2391 sunt
1005 2349 1168 2404 super
1196 2347 1394 2387 terram
1424 2348 1548 2385 cum
1585 2330 1814 2383 tnelodia
1842 2333 1907 2382 ab
1961 2328 2122 2382 initio

555 2426 905 2495 peragebant,
963 2424 1097 2477 nihil
1135 2424 1342 2492 absque
1364 2431 1524 2475 cantu
1546 2419 1790 2473 dicentes
1842 2418 1946 2471 nisi
1976 2416 2122 2472 solas

555 2515 901 2572 sacerdotum
933 2529 1124 2584 preces
1150 2522 1203 2569 et
1231 2514 1586 2568 diaconorum
1619 2510 2034 2578 posmlationes,
2067 2507 2122 2561 in

553 2610 747 2676 primis
774 2622 902 2662 vero
920 2606 1172 2660 maximae
1201 2603 1724 2672 Constantinopolis,
1753 2601 2053 2656 Antiochia:
2070 2609 2125 2654 et

553 2694 957 2751 Thessalonica:
978 2695 1272 2760 Ecclesiae;
1307 2708 1452 2747 nunc
1499 2701 1678 2746 autem
1713 2692 1766 2745 in
1796 2695 1896 2746 hac
1917 2699 2125 2744 tantum

554 2795 610 2842 et
635 2789 689 2840 in
718 2787 833 2842 sola
861 2787 1046 2843 divina
1072 2788 1288 2842 Sancta:
1313 2784 1411 2840 Dei
1441 2782 1732 2853 Sapientia:
1770 2782 1887 2838 aede
1949 2782 2128 2836 adhuc

556 2879 860 2948 prrﬂcitur.
892 2877 1064 2933 Porro
1110 2879 1202 2934 ille
1228 2877 1308 2933 sic
1352 2891 1412 2933 se
1451 2874 1634 2943 habet,
1670 2883 1727 2930 ut
1756 2875 1920 2932 etiam
1952 2872 2018 2930 de
2040 2871 2129 2928 illo

561 2967 757 3026 demus
788 2969 1140 3028 mentionem.

1054 3234 1284 3290 CAPUT
1315 3231 1637 3291 CCCXLVI.

990 3347 1066 3401 De
1094 3350 1384 3416 vespertina
1409 3349 1675 3402 contione.

636 3461 792 3516 Prius
832 3458 1054 3528 quidem
1086 3459 1140 3512 in
1168 3459 1410 3527 vesperis
1468 3458 1717 3513 solebant
1742 3458 1977 3514 ministri
2007 3469 2138 3514 tem-

569 3552 717 3624 plum
751 3552 980 3604 inccnso
1033 3559 1157 3603 ante
1185 3550 1433 3604 ordinem
1463 3549 1686 3622 implere
1717 3550 1772 3605 in
1796 3552 2021 3622 gloriam
2047 3549 2139 3606 Dei

569 3643 698 3698 etin
723 3640 938 3709 signum
980 3639 1178 3694 divina:
1204 3639 1299 3694 Dei
1323 3641 1532 3710 gloriae,
1567 3657 1689 3711 quae
1719 3641 1968 3712 implevit
2009 3643 2138 3696 olim

565 3731 1001 3796 tabernaculum,
1032 3741 1086 3786 et
1118 3747 1225 3786 non
1280 3742 1527 3799 poterant
1591 3733 1804 3804 Moyses
1838 3737 2131 3804 Aaronque

568 3825 778 3894 ingredi
840 3824 894 3877 in
960 3824 1369 3878 tabernaculum
1430 3828 1753 3894 priusquam
1809 3835 2138 3893 assurgeret;

569 3915 819 3971 similiter
866 3925 921 3969 et
954 3915 1007 3969 in
1068 3916 1266 3984 templo
1321 3915 1657 3983 Salomonis,
1709 3933 1819 3988 quo
1847 3917 2015 3986 gloria
2043 3917 2142 3970 iut-

566 4010 735 4078 pleto,
763 4022 868 4060 non
899 4015 1153 4074 poterant
1219 4008 1535 4062 sacerdotes
1569 4018 1715 4062 stare
1745 4015 1799 4062 et
1832 4008 2141 4063 ministrare

558 4097 624 4169 in
655 4106 948 4166 conspectu
986 4095 1219 4159 Domini,
1272 4103 1562 4165 antequam
1613 4097 1787 4152 nubes
1818 4097 1910 4150 illa
1946 4112 2142 4152 evane-

569 4199 780 4255 sceret;
810 4197 863 4243 et
882 4187 1089 4256 pariter
1112 4187 1168 4240 in
1199 4188 1467 4242 matutino
1498 4187 1676 4241 ollicio
1701 4189 1854 4257 prius
1892 4187 2044 4243 fumo
2073 4203 2140 4245 ex

572 4279 732 4334 thure
769 4286 1027 4349 surgente
1057 4277 1319 4348 templum
1349 4277 1667 4348 implebant.

1066 4542 1292 4601 CAPUT
1312 4541 1653 4600 CCCXLYII.

579 4659 719 4726 Quid
748 4657 952 4727 auditus
997 4656 1088 4727 qui
1121 4654 1279 4709 tacite
1321 4655 1436 4724 ﬁeri
1467 4655 1598 4727 solet
1632 4663 1753 4711 ante
1797 4660 2146 4726 vespertinum

1012 4725 1060 4781 et
1092 4727 1414 4779 matutinum
1447 4725 1703 4796 ofﬁcium.

644 4813 800 4869 Nunc
835 4825 1017 4870 autem
1047 4815 1177 4868 illud
1241 4829 1348 4868 non
1408 4818 1486 4879 tit,
1538 4816 1644 4870 nisi
1689 4817 1831 4884 quod
1865 4817 1922 4871 in
1979 4819 2144 4875 missa

573 4913 784 4957 tantum
847 4904 1112 4958 diaconus
1142 4914 1235 4958 aut
1264 4907 1518 4960 sacerdos
1575 4916 1696 4974 post.
1727 4906 2063 4962 oﬂ'ertorium
2091 4911 2144 4962 in

574 4996 802 5064 ﬁguram
831 4994 980 5049 illius
1003 4996 1190 5064 gloriae
1215 4995 1462 5050 incensat
1492 4997 1663 5051 altare
1699 4997 1753 5050 in
1785 4999 2024 5066 silentio,
2061 5000 2144 5054 vel

576 5096 754 5140 totum
781 5085 1232 5155 templum.Quod
1270 5086 1327 5140 ﬁt
1354 5086 1517 5140 etiam
1554 5088 1606 5141 in
1637 5091 1985 5146 monasteriis
2019 5103 2145 5148 ante

571 5177 840 5233 solemnes
865 5192 1142 5247 vesperas,
1177 5178 1462 5233 sacerdote
1516 5179 1754 5235 divinam
1809 5183 2034 5251 gloriam
2092 5195 2148 5238 et

571 5270 799 5340 gratiam
829 5271 896 5323 ab
930 5269 1122 5338 angelo
1154 5269 1339 5324 datam
1374 5271 1738 5340 signiﬁcante,
1763 5284 1818 5328 et
1878 5251 2142 5344 quoniam

569 5363 728 5431 plena
761 5370 845 5416 est
871 5360 1042 5431 gloria
1075 5361 1272 5417 domus
1307 5362 1544 5417 Domini.
1577 5363 1765 5435 Itaque
1802 5367 1854 5419 in
1913 5381 2145 5436 vesper-

569 5441 683 5509 t'ma
717 5452 970 5508 cautione
992 5464 1144 5510 stans
1181 5453 1436 5509 sacerdos
1467 5465 1595 5510 ante
1650 5473 1863 5512 sacram
1897 5473 2142 5513 mensam

572 5544 718 5598 velut
742 5544 794 5598 in
819 5542 959 5598 coelo
986 5555 1113 5600 ante
1143 5545 1398 5600 thronum
1438 5546 1557 5612 Dei,
1587 5547 1860 5602 benedicit
1891 5563 2015 5602 eutn
2047 5549 2142 5618 qui

569 5643 652 5686 est
681 5635 735 5687 in
759 5633 1026 5689 Trinitate
1050 5635 1239 5700 Deum,
1300 5653 1646 5707 nequaquam
1673 5638 1905 5694 dicendo
1941 5655 1957 5694 :
1995 5659 2014 5693 ι
2039 5639 2144 5696 Be-

572 5724 818 5783 nedictus
844 5725 1008 5794 Deus,
1037 5746 1054 5780 ο
1099 5728 1203 5783 hoc
1235 5728 1380 5783 enim
1411 5742 1492 5784 eSt
1525 5730 1800 5785 insolitum
1863 5730 1918 5786 in
1954 5731 2143 5789 ordine

2373 1846 2486 1916 τῆς
2515 1845 2856 1916 ᾁσματικῆς
2885 1845 3225 1915 ,λεγομένης
3251 1845 3639 1913 ᾲκολουθίας.

2293 1955 2526 2025 Ἴδωμεν
2569 1956 2627 2010 δὲ
2687 1955 3171 2026 ἐμφαντικώτερον
3224 1954 3295 2008 τά
3349 1955 3449 2024 τῆς
3477 1952 3794 2023 οἰκονομίας

2219 2047 2456 2121 Χριστοῦ
2490 2045 2810 2116 τυπούμενα
2846 2046 3046 2116 μᾶλλον
3075 2047 3169 2099 καὶ
3198 2046 3255 2098 ὲν
3285 2046 3351 2114 τῇ
3383 2045 3658 2114 ᾀσματικῇ
3691 2061 3794 2095 κα-

2219 2139 2327 2201 λῶς
2355 2136 2628 2206 λεγομένῃ
2675 2134 2975 2204 ἀκολουθίᾳ.
3002 2173 3016 2196 ,
3047 2133 3172 2203 ἥτις
3205 2133 3358 2201 παρὰ
3387 2131 3496 2182 τῶν
3528 2129 3794 2199 Πατέρων

2221 2231 2378 2300 ήμῶν
2407 2228 2619 2282 ἀνωθεν
2667 2227 2898 2290 δέδοται,
2932 2225 3186 2295 καθάπερ
3220 2224 3549 2293 εἰρήκαμεν.
3589 2223 3699 2274 Καὶ
3733 2223 3793 2274 αί

2222 2320 2513 2375 καθολικαὶ
2547 2319 2604 2371 δὲ
2636 2317 2923 2387 ἐκκλησίαι
2970 2318 3142 2369 πᾶσαι
3198 2316 3300 2368 ἀνά
3329 2318 3428 2382 τὴν
3460 2315 3794 2382 οἰκουμένην

2223 2411 2475 2482 ἀπαρχῆς
2513 2408 2718 2475 ταύτην
2768 2408 2987 2461 ἐτέλουν
3022 2405 3360 2476 μελῳδικῶς,
3421 2403 3587 2473 μηδὲν
3618 2404 3795 2472 χωρὶς

2223 2501 2480 2568 λέγουσαι
2514 2497 2730 2568 μέλους,
2763 2499 2813 2551 εί
2855 2497 2930 2566 μὴ
2987 2496 3084 2559 τὰς
3137 2494 3248 2547 τῶν
3283 2493 3472 2560 ἱερέων
3503 2491 3663 2560 μόνον
3703 2493 3797 2542 εὖ·

2225 2593 2348 2664 χάς,
2378 2590 2474 2644 καὶ
2516 2590 2615 2652 τὰς
2641 2589 2753 2642 τῶν
2783 2589 3051 2641 διακόνων
3083 2585 3354 2655 αἰτήσειςο
3397 2581 3698 2652 ἐξαιρέτως
3731 2579 3794 2632 δὲ

2227 2684 2282 2736 αἱ
2338 2682 2591 2752 μέγισται
2655 2679 2998 2750 Ἑκκλησίαι,
3058 2678 3159 2748 τῆς
3224 2674 3641 2729 Κωνσταντίνου
3699 2675 3798 2726 καὶ

2240 2772 2570 2840 Ἀντιοχείας
2606 2769 2760 2834 ποτὲ,
2815 2769 2914 2822 καὶ
2971 2764 3379 2836 Θεσσαλονίκης
3412 2777 3427 2792 ’
3463 2766 3545 2826 είς
3575 2766 3642 2834 ἣν
3674 2762 3803 2832 ἄρτι

2228 2864 2324 2918 καὶ
2353 2865 2514 2931 μόνον
2553 2865 2611 2916 ὲν
2651 2862 2798 2932 μόνῳ
2834 2861 2915 2930 τῷ
2943 2858 3041 2930 τῆς
3075 2858 3172 2911 τοῦ
3199 2855 3336 2910 Θεοῦ
3383 2855 3570 2924 Ἀγίας
3601 2854 3806 2923 Σοφίας

2231 2951 2360 3022 θείῳ
2409 2953 2522 3022 ναῷ
2579 2949 2924 3022 ἐνεργεῖσθαι
2963 2949 3378 3003 ὑπολέλειπται.
3411 2946 3566 3017 Ἔχει
3616 2945 3672 2998 δὲ
3706 2943 3804 2997 οῦ·-

2229 3059 2337 3106 τως
2365 3081 2380 3106 ,
2438 3041 2524 3096 ἵνα.
2577 3041 2673 3095 καὶ
2723 3041 2823 3112 τὴν
2879 3040 3010 3112 περὶ⁵
3057 3039 3268 3093 τούτων
3324 3036 3504 3108 δῶμεν
3549 3033 3804 3106 ὑπόμνη-

2158 3137 2203 3200 C
2234 3151 2338 3188 σιν.
2388 3176 2401 3185 ,

2777 3218 3030 3279 ΚΕΦᾹΔ.
3065 3223 3262 3290 ΤΜςν.

2513 3339 2656 3408 Περὶ
2692 3337 2800 3395 τοῦ
2829 3337 3163 3410 ᾁσματικοῦ
3185 3335 3530 3406 ἐσπερινοῦ.

2320 3455 2410 3508 Ἐν
2470 3453 2571 3524 μὲν
2628 3453 2708 3522 τῷ
2767 3452 3084 3524 έσπερινῷ,
3139 3452 3408 3522 πρότερον
3451 3449 3548 3520 μὲν
3578 3445 3649 3522 ἦν
3687 3449 3815 3513 ἔθος

2241 3547 2591 3616 θυμιάματος
2627 3545 2734 3617 πρὸ
2783 3547 2883 3614 τῆς
2929 3544 3251 3607 ἀκολουθίας
3283 3541 3526 3612 πληροῦν
3557 3543 3651 3595 τὸν
3679 3542 3815 3596 ναὸν

2239 3638 2363 3699 τοὺς
2399 3637 2699 3704 ὑπηρέτας,
2728 3636 2808 3696 είς
2836 3635 2994 3698 δόξαν
3023 3633 3160 3686 Θεοῦ
3189 3673 3204 3698 ,
3252 3633 3347 3686 καλ⁸
3391 3633 3562 3686 τύπον
3587 3633 3686 3702 τῆς
3716 3633 3814 3684 τοῦ

2239 3729 2375 3783 Θεοῦ
2398 3727 2547 3790 θείας
2577 3727 2760 3796 δόξης,
2787 3727 2909 3796 ἥτις
2932 3726 3221 3797 έπλήρωσέ
3263 3741 3396 3779 ποτε
3440 3727 3543 3796 τὴν
3577 3724 3810 3794 σκηνὴν,

2248 3821 2345 3874 καὶ
2394 3821 2501 3873 οὐκ
2541 3819 2775 3888 ἠδύνατο
2809 3820 3048 3888 Μωῠσῆς
3087 3835 3146 3871 τε
3179 3820 3275 3872 καὶ
3309 3817 3520 3889 ’Δαρὼν
3552 3819 3815 3874 είσελθεῐν

2241 3914 2320 3975 είς
2346 3911 2444 3981 τὴν
2477 3911 2684 3981 σκηνὴν
2711 3949 2726 3976 ,
2781 3911 2886 3972 ἕως
2928 3910 2989 3962 οῦ
3038 3911 3280 3980 ἐπήρθη·
3311 3911 3514 3980 ὁμοίως
3537 3911 3630 3964 καὶ
3660 3912 3717 3962 ὲν
3734 3911 3812 3981 τῷ

2241 4002 2335 4054 τοῦ
2379 4000 2728 4071 Σολομῶντος
2762 4001 2900 4068 ναῷ,
2957 4002 3048 4054 ὅτε
3102 4001 3486 4071 πληρωθέντος
3524 4004 3625 4070 τῆς
3655 4001 3814 4070 δόξης

2241 4094 2408 4148 αὑτοῦ
2439 4094 2533 4148 τοῦ
2567 4094 2722 4159 ναοῦ,
2759 4095 2861 4148 οὐκ
2899 4094 3163 4163 ἠδύναντο
3205 4096 3255 4147 oi
3289 4095 3458 4164 ἱερεῖς
3489 4093 3683 4164 στῆναι
3713 4097 3812 4146 καὶ

2241 4186 2578 4257 λειτουργεῖν
2609 4185 2845 4240 ἐνώπιον
2897 4186 3133 4257 Κυρίου,
3170 4186 3279 4250 ἕως
3312 4179 3374 4239 οῦ
3428 4187 3645 4254 ἐγένετο
3674 4187 3815 4254 ἀφα-

2242 4278 2348 4345 νὴς,
2368 4279 2402 4346 ἡ
2430 4278 2626 4348 νεφέλη
2657 4279 2866 4346 ἐκείνη.
2895 4278 3007 4332 Καὶ
3055 4281 3112 4331 έν
3142 4277 3221 4347 τῷ
3283 4279 3466 4348 ῦρθρῳ
3511 4279 3568 4332 δὲ
3605 4279 3808 4347 ὁμοίως

2243 4369 2516 4438 ἐπλήρουν
2546 4370 2810 4441 πρότερον
2844 4371 2937 4424 τὸν
2986 4370 3112 4425 ναὸν
3142 4370 3357 4425 καπνοῦ
3389 4371 3453 4427 ἑκ
3480 4371 3572 4427 τοῦ
3611 4370 3812 4441 θυμιά-

2171 4469 2217 4526 ι)
2249 4474 2439 4527 ματος.

2798 4549 3050 4602 ΚΕΦΛΛ.
3083 4549 3266 4606 ΤΜΖ’.

2252 4660 2313 4714 Τί
2359 4660 2426 4714 τὸ
2469 4661 2731 4732 θυμίαμα
2759 4660 2829 4715 ἐν
2856 4661 3006 4730 σιγῇ
3035 4663 3149 4729 πρὸ
3205 4663 3312 4719 τοῦ
3357 4663 3683 4733 ἐσπερινοῦ
3715 4667 3816 4720 καί

2847 4733 2954 4786 τοῦ
2993 4733 3230 4800 ὄρθρου.

2317 4819 2433 4873 Νῦν
2457 4821 2514 4874 δὲ
2537 4820 2695 4874 τοῦτο
2729 4821 2792 4874 ού
2824 4822 3055 4890 γίνεται,
3081 4824 3129 4876 εί
3168 4821 3243 4893 μὴ
3280 4823 3420 4878 κατὰ
3444 4823 3542 4894 τὴν
3571 4823 3815 4894 λειτουρο

2246 4913 2377 4980 γίαν
2429 4913 2524 4966 καὶ
2577 4913 2740 4979 μόνον
2786 4916 2814 4967 ὁ
2864 4913 3116 4976 διάκονος
3145 4914 3178 4982 ἢ
3211 4916 3238 4966 ό
3270 4914 3472 4982 ἱερεὺς,
3531 4914 3672 4982 μετά
3719 4916 3820 4983 τὴν

2246 5005 2618 5074 προσκομιδὴν
2651 5005 2731 5066 είς
2787 5005 2958 5058 τύπον
3008 5004 3227 5076 ἐκείνης
3265 5005 3370 5074 τῆς
3426 5006 3609 5074 δόξης,
3647 5005 3821 5077 θυμιᾷ

2243 5090 2304 5142 τὸ
2339 5091 2727 5160 θυσιαστήριον
2776 5094 2835 5145 έν
2875 5096 3024 5165 σιγῇ,
3055 5094 3090 5164 ἢ
3144 5095 3361 5149 καὶτὸν
3405 5096 3531 5148 ναὸν
3577 5095 3817 5149 ἅπαντα.

2245 5181 2417 5235 Τοῦτο
2447 5183 2504 5236 δὲ
2533 5184 2744 5250 γίνεται
2775 5187 2871 5239 καὶ
2901 5188 2960 5239 ἐν
2994 5187 3386 5256 μοναστηρίοις
3438 5187 3547 5257 πρὸ
3591 5186 3686 5238 τοῦ
3719 5203 3818 5254 με-

2244 5273 2411 5342 γάλου
2457 5276 2748 5346 έσπερινοῦ
2775 5319 2792 5343 ,
2847 5277 2947 5348 τὴν
3001 5277 3152 5331 θείαν
3206 5279 3365 5343 δόξαν
3410 5279 3505 5332 καὶ
3545 5278 3706 5347 χάριν
3751 5278 3819 5332 δι’

2245 5367 2482 5434 ἀγγέλου
2519 5372 2934 5438 χορηγουμένην
2961 5371 3056 5423 τοῦ
3083 5372 3273 5439 ἱερέως
3311 5372 3695 5440 σημαίνοντοςο
3728 5373 3821 5425 καὶ

2243 5455 2326 5508 ὅτι
2358 5454 2574 5526 πλήρης
2593 5457 2755 5528 δόξης
2783 5459 2811 5510 ὁ
2852 5454 3001 5522 οἶκος
3031 5460 3262 5529 Κυρίου.
3303 5460 3392 5513 ‘Ev
3421 5459 3498 5530 τῷ
3527 5460 3823 5531 ᾁσματικῷ

2247 5547 2521 5618 ἑσπερινῷ
2547 5549 2725 5602 τοίνυν
2758 5550 2890 5613 στὰς
2923 5550 2951 5602 ὁ
2982 5551 3162 5620 ἱερεὺς
3201 5551 3308 5621 πρὸ
3355 5551 3457 5621 τῆς
3492 5552 3655 5620 ἁγίας
3689 5567 3823 5620 τρα-

2242 5637 2416 5708 πέζης
2448 5638 2524 5702 ὡς
2558 5641 2616 5693 έν
2647 5639 2862 5711 οὐρανῷ
2893 5642 2998 5711 πρὸ
3024 5641 3121 5697 τοῦ
3156 5640 3349 5711 θρόνου
3378 5642 3473 5695 τοῦ
3501 5642 3639 5695 Θεοῦ
3668 5642 3822 5695 εὐλο-

2242 5733 2331 5801 γεῐ
2373 5733 2464 5786 τὸν
2516 5733 2574 5787 ἐν
2622 5734 2812 5805 Τριὰδι
2847 5735 3000 5809 Θεὸν,
3051 5737 3114 5793 οὐ
3171 5737 3368 5807 λέγων,
3406 5755 3425 5791 ι
3457 5737 3824 5808 Εὐλογητὸςό
