4068 6280
327 534 461 596 ’695
544 556 570 571 ·

1511 525 1610 587 DE
1651 525 1898 588 SACRA
1939 523 2451 589 PRECATIONE.

3465 507 3470 513 ’
3503 517 3609 582 626

345 647 502 709 Θεός·
541 661 560 696 »
597 642 659 696 οὐ
702 639 813 710 γὰρ
841 638 964 701 ἔθος
1005 631 1167 691 τοῦτο
1204 637 1262 692 ἐν
1307 636 1374 708 τῇ
1422 636 1582 704 τάξει
1615 637 1714 696 τοῦ
1749 637 1934 706 ᾅσμαι

2042 637 2378 701 cantionum,
2406 634 2666 706 quoniam
2697 633 2764 690 ad
2802 606 3372 688 vetusTestamﬂentum
3402 633 3609 685 solum-

342 751 454 796 τος·
486 735 571 786 ὅτι
620 731 720 799 τῆς
756 728 1001 791 Παλαιᾶς
1058 726 1285 797 Γραφῆς
1335 724 1496 780 τοῦτο
1552 727 1746 798 μόνης.
1778 725 1922 780 Ἀλλ’

344 827 533 894 ὥσπερ
560 829 619 877 ὲν
657 826 721 892 τῇ
755 823 878 892 ἱερᾷ
905 820 1244 890 λειτουργία,
1276 837 1300 874 ι
1347 820 1706 891 Εὐλογημένη
1753 822 1788 891 ή
1825 819 1924 889 βα-

349 918 520 970 σι)εία
571 915 668 967 τοῦ
721 912 939 982 Πατρδς
995 911 1093 965 καὶ
1153 911 1248 964 τοῦ
1291 911 1422 965 Υίοῦ
1469 914 1565 966 καὶ
1616 913 1712 966 τοῦ
1762 913 1922 982 ἁγίου

351 1007 668 1074 “religato:
699 1005 957 1058 πάντοτεο
995 1021 1014 1054 ι
1059 1002 1120 1056 τὺ
1153 1004 1357 1056 ὲνιαῖον
1388 1003 1488 1073 τῆς
1523 1003 1804 1074 βασιλείας
1827 1005 1924 1057 καὶ

349 1099 586 1168 φύσεως,
627 1097 722 1148 καὶ
754 1095 816 1147 τὸ
845 1093 1128 1162 τριαδικδν
1151 1093 1422 1162 θεολογῶν
1448 1093 1543 1147 τοῦ
1573 1093 1732 1159 Θεοῦ,
1759 1094 1788 1147 6
1823 1093 1926 1161 τῆς

347 1188 566 1258 χάριτός
598 1188 716 1238 ἐστι
742 1187 1048 1255 κήρυγμα,
1098 1185 1131 1252 ἡ
1181 1185 1480 1252 δπίγνωσις
1522 1187 1620 1239 καὶ
1665 1185 1926 1254 ὁμολογία

349 1277 514 1349 243
537 1276 631 1330 τοῦ
665 1277 828 1344 μόνου
860 1277 918 1328 ὲν
947 1274 1138 1344 Τριάδι
1163 1275 1322 1329 Θεοῦ.
1349 1278 1458 1330 Καὶ
1483 1276 1646 1340 εὐθὺς
1671 1279 1739 1329 τὰ
1774 1277 1928 1347 εἰρη-

347 1369 496 1427 νικὰ,
529 1365 626 1433 τὴν
676 1366 902 1435 εἰρήνην
947 1363 1168 1434 πρῶτον
1214 1365 1324 1417 ἀπὸ
1356 1364 1452 1417 τοῦ
1490 1365 1697 1436 Κυρίου
1727 1365 1924 1430 διδοὺς,

349 1457 440 1508 καὶ
483 1454 754 1508 διδάσκων
808 1452 1020 1515 πάντας
1069 1452 1344 1512 αἰτεῖσθαι
1393 1456 1420 1506 6
1463 1453 1668 1524 ίερεῦς.
1729 1453 1928 1507 ’ἰστέον

348 1545 472 1610 οὖν,
495 1546 577 1598 ὅτι
607 1547 640 1614 ή
679 1544 779 1612 τῆς
844 1541 1190 1612 λειτουργίας
1229 1543 1523 1596 ἀκολουθία
1562 1545 1696 1615 μόνη
1734 1543 1928 1597 ὑπολά-

347 1639 568 1691 λειπται
613 1637 755 1690 κατὰ
801 1635 897 1707 τὴν
926 1635 1168 1706 ἀρχαίαν
1198 1636 1449 1703 γίνεσθαι
1482 1637 1638 1700 τάξιν
1663 1652 1677 1668 ο
1724 1637 1804 1690 διὸ
1833 1638 1928 1691 καὶ

349 1730 523 1792 οὕτως
557 1729 772 1796 εὐλογεῖ
801 1729 895 1780 τὸν
944 1727 1084 1781 Θεὸν
1118 1729 1148 1782 6
1183 1728 1390 1797 ἱερεὺς,
1435 1728 1529 1782 καί
1560 1728 1734 1792 οὕτως
1763 1729 1928 1792 εὐθὺς

351 1823 422 1875 τὰ
452 1821 705 1892 εἰρηνικὰ
730 1819 904 1887 λέγει,
935 1819 1033 1875 καὶ
1074 1821 1142 1874 τὰ
1168 1821 1299 1891 τρία
1336 1819 1618 1891 ἀντίφωνα
1647 1822 1730 1884 είς
1755 1820 1929 1876 τύπον

352 1913 454 1980 τῆς
477 1912 708 1982 Τριάδος
735 1911 976 1982 ᾅδονται,
1036 1910 1183 1983 ἅπερ
1225 1913 1325 1981 τῆς
1352 1908 1587 1984 ἀρχαίας
1617 1910 1712 1967 τοῦ
1744 1913 1926 1984 ᾅσμα-

2028 726 2192 782 modo
2214 729 2470 796 pertinet.
2505 725 2610 782 Sed
2642 722 3100 793 quemadmodum
3134 721 3187 774 in
3210 721 3380 775 missa
3409 735 3426 773 :
3459 737 3480 772 ι
3503 719 3609 774 Be-

2025 817 2298 872 nedictum
2336 831 2563 884 regnum
2599 815 2776 871 Patris
2807 825 2860 869 et
2888 812 3009 868 Filii
3043 821 3097 867 et
3135 810 3375 882 Spiritus
3430 811 3608 867 sancti

2024 923 2246 975 semper
2263 925 2310 972 ιη,
2337 908 2600 961 unitatem
2634 906 2844 975 imperii
2871 915 2927 961 et
2955 914 3166 960 naturae
3193 903 3399 968 Deique
3451 900 3610 954 trini-

2026 1005 2194 1053 tatem
2251 996 2582 1067 praedicans,
2617 996 2762 1065 quod
2812 1003 2896 1051 est
2957 996 3146 1066 gratiae
3205 991 3514 1062 praedicatio
3541 1000 3595 1044 et

2027 1089 2242 1158 agnitio
2271 1102 2485 1142 necnon
2511 1087 2788 1142 confessio
2813 1087 2982 1143 solius
3010 1089 3064 1141 in
3098 1086 3370 1142 Trinitate
3398 1085 3513 1138 Dei.
3543 1083 3607 1137 Et
3718 1114 3723 1119 -

2025 1182 2210 1236 Statim
2240 1180 2466 1250 paciﬁca
2504 1180 2690 1245 verba,
2729 1194 2922 1250 pacem
2962 1180 3104 1234 enim
3137 1195 3168 1233 a
3216 1177 3448 1232 Domino
3496 1176 3611 1244 pri-

2027 1287 2176 1327 mum
2201 1272 2294 1327 dat
2339 1273 2604 1327 sacerdos
2652 1281 2709 1327 et
2731 1286 2921 1326 omnes
2971 1271 3038 1326 ad
3097 1270 3364 1325 orandum
3398 1270 3608 1322 invitat.

2027 1365 2204 1435 Igitur
2231 1367 2377 1420 scire
2431 1373 2674 1435 oportet,
2726 1363 2990 1434 quoniam
3028 1363 3180 1418 solus
3241 1363 3376 1417 ordo
3433 1361 3612 1414 missae

2027 1467 2276 1528 superest
2299 1457 2600 1514 secundum
2624 1457 2902 1527 antiquam
2951 1457 3353 1511 institutionem
3385 1469 3614 1508 servan-

2029 1551 2152 1606 dus.
2181 1549 2547 1616 Quamobrem
2581 1551 2654 1605 ita
2681 1549 2952 1605 benedicit
2978 1549 3257 1612 sacerdos,
3308 1557 3362 1603 et
3388 1549 3462 1602 ita
3487 1563 3612 1618 pro—

2031 1643 2181 1697 tinus
2227 1657 2416 1712 pacem
2463 1641 2628 1708 dicit,
2695 1651 2916 1711 tresque
2967 1641 3276 1710 autipltouae
3313 1642 3364 1695 in
3423 1649 3610 1712 typum

2029 1733 2317 1790 Trinitatis
2370 1741 2685 1799 cautautur,
2729 1749 2852 1803 quae
2905 1735 2972 1788 ad
3031 1735 3320 1804 antiquum
3341 1720 3614 1790 cantionis

2029 1826 2277 1882 ordinem
2334 1826 2637 1895 pertinent.
2708 1824 2866 1892 Quod
2918 1825 3231 1882 nescientes
3279 1826 3499 1894 quidam
3559 1824 3614 1878 iu

2031 1916 2341 1987 vespertina
2369 1916 2625 1971 cautione
2677 1915 2949 1970 dictarum
2992 1916 3156 1972 trium
3187 1915 3613 1987 antiphouarum

353 2022 448 2068 τος
487 1980 819 2064 ἀπολουθίας
871 2004 999 2057 εἰσί.
1051 1980 1166 2058 Καί
1206 1980 1288 2075 μὴν
1341 1980 1546 2070 ειδότες
1595 1980 1933 2069 τοῦτό-τινες

2042 2014 2092 2062 et
2114 1980 2310 2063 deinde
2358 2006 2618 2077 'l‘risagii,
2653 2007 2840 2062 missae
2883 2009 3106 2062 nomine
3165 2007 3270 2061 hoc
3306 1980 3617 2077 appellant.

332 2099 415 2150 ἐν
465 2097 542 2166 τῷ
596 2095 890 2166 ᾄσματι.κῷ
921 2096 1197 2167 ἑσπερινῷ
1251 2096 1564 2167 λεγομένων
1607 2097 1718 2151 τῶν
1763 2097 1936 2168 τριῶν

355 2188 696 2256 ἀντιφώνων,
741 2188 973 2258 ὕστερον
996 2188 1056 2243 δὲ
1093 2190 1192 2243 καὶ
1227 2190 1323 2244 τοῦ
1355 2190 1677 2259 Τρισαγίου,
1705 2189 1784 2254 ὡς
1829 2190 1937 2243 λει-

355 2280 617 2349 τουργίαν
646 2279 805 2332 τοῦτο
837 2280 1298 2348 κατονομάζουσι.
1325 2281 1436 2335 Καὶ
1461 2281 1661 2350 μᾶλλον
1687 2282 1740 2334 οι
1771 2283 1935 2350 ac“-

357 2372 515 2434 κότες
554 2370 793 2441 ἀρχῆθεν
829 2372 1038 2440 ταύτην
1093 2372 1159 2440 δὴ
1202 2374 1303 2442 τὴν
1331 2374 1658 2427 ἀκολουθίαν
1693 2374 1742 2426 oi
1783 2375 1937 2425 Κων-

363 2462 866 2516 σταντινουπολῖται
902 2462 1066 2517 τοῦτο
1120 2463 1247 2532 ἄρτι
1287 2465 1656 2534 θαυμάζουσι,
1693 2466 1768 2536 μὴ
1800 2465 1939 2519 ειδό-

359 2572 456 2617 τες
481 2555 556 2619 ὡς
585 2555 761 2609 ταῦτα
799 2554 1028 2625 διωγμῷ
1059 2556 1308 2610 Λατίνων
1341 2558 1408 2610 τὰ
1457 2557 1727 2612 κάλλιστα
1776 2559 1933 2612 κατέ-

363 2646 522 2700 λιπον
548 2645 643 2716 ἔθη
670 2665 684 2677 ο
719 2646 795 2709 ὡς
822 2647 920 2700 καὶ
943 2647 1003 2699 ὲν
1023 2648 1146 2709 ταῖς
1179 2646 1457 2716 νηστείαις
1477 2649 1577 2718 τὴν
1599 2650 1696 2717 τῆς
1728 2649 1937 2718 τριτοέ-

363 2753 500 2807 κτης
533 2738 686 2808 ίερὰν
721 2739 818 2792 καὶ
861 2739 1099 2809 ἀρχαίαν
1133 2739 1442 2809 ὑπηρεσίαν
1479 2757 1539 2793 τε
1575 2745 1670 2796 καὶ
1694 2741 1939 2806 διάταξιν

363 2831 459 2883 καὶ
496 2831 594 2901 τὴν
648 2829 752 2900 τῆς
779 2830 1085 2902 λεγομένης
1136 2832 1465 2902 παννυχίδος
1492 2848 1507 2866 ο
1563 2835 1707 2887 κατὰ
1757 2836 1941 2888 πᾶσαν

362 2921 606 2992 ἑσπέραν
656 2921 960 2991 γινομένην
1006 2922 1160 2986 ποτὲ,
1222 2923 1321 2975 καὶ
1369 2923 1608 2992 μάλιστα
1656 2929 1797 2980 κατὰ
1843 2929 1942 2995 τὴν

361 3014 526 3080 ἁγίαν
580 3013 832 3084 μεγάλην
885 3013 1366 3086 Τεσσαρακοστὴν,
1403 3017 1502 3068 καὶ
1534 3016 1594 3070 εν
1631 3019 1700 3088 τῇ
1747 3019 1943 3091 πρώτῃ

364 3105 592 3183 ταύτης,
612 3109 709 3161 καὶ
730 3109 796 3177 τῇ
827 3106 1042 3178 μεγάλῃ
1079 3106 1354 3173 ἑϐδομάδι,
1386 3102 1464 3163 ὧν
1495 3110 1590 3161 καὶ
1620 3110 1778 3180 εὐχαί
1801 3115 1943 3165 είσιν

367 3200 666 3266 ἀναγκαῖαι
699 3198 755 3251 αί
785 3199 928 3252 κατὰ
957 3198 1058 3269 τὴν
1104 3199 1412 3269 παννυχίδα
1459 3200 1937 3273 ἐπιγραφόμεναιο

2036 2099 2103 2154 Et
2127 2099 2430 2170 praesertim
2469 2102 2564 2170 qui
2595 2115 2623 2152 a
2647 2100 2918 2170 principio
2942 2101 3108 2155 istum
3135 2099 3449 2154 habuerunt
3475 2099 3625 2155 ordi-

2038 2207 2160 2246 nem
2187 2191 2787 2262 Constantinopolitani
2812 2192 2959 2246 istud
2989 2193 3153 2247 modo
3174 2192 3621 2260 miranturigno-

2037 2292 2225 2340 rantes
2261 2299 2322 2339 se
2355 2284 2756 2354 pulcherrimos
2787 2285 2891 2340 bos
2925 2285 3063 2340 ritus
3097 2284 3484 2354 persecutione
3517 2283 3618 2338 La-

2037 2377 2276 2430 tinorum
2309 2377 2584 2441 amisisse,
2609 2375 2752 2432 sicut
2803 2387 2858 2432 et
2896 2377 2948 2432 in
2988 2377 3208 2447 jejuuiis
3233 2391 3450 2432 sacrum
3477 2376 3624 2430 auti~

2039 2481 2319 2535 quumque
2378 2468 2552 2521 tertiae
2604 2475 2659 2522 et
2720 2476 2889 2524 sextae
2949 2469 3096 2522 horae
3132 2467 3498 2528 ministerium
3551 2482 3618 2522 ac

2039 2554 2348 2609 institutum
2411 2562 2577 2625 atque
2625 2557 3042 2626 praeceptionem
3085 2557 3358 2627 Παννυχὶς
3389 2556 3617 2620 dictam,

2040 2647 2165 2713 quia
2200 2661 2296 2716 per
2322 2653 2488 2700 totam
2527 2654 2742 2701 noctem
2769 2647 3026 2712 durabat,
3058 2647 3466 2718 quaequondam
3498 2649 3620 2701 sitt-

2041 2735 2183 2802 gulis
2223 2735 2469 2803 vesperis
2512 2735 2692 2802 (iebat,
2749 2737 2802 2791 in
2840 2736 3027 2805 primis
3051 2753 3142 2805 per
3173 2753 3421 2808 magnam
3478 2737 3626 2804 Qua-

2040 2826 2428 2893 dragesimam,
2485 2835 2542 2882 et
2590 2827 2644 2881 in
2674 2828 2851 2897 prima
2885 2843 3193 2900 magnaque
3222 2830 3388 2900 hujus
3412 2829 3619 2885 hebdo-

2042 2918 2224 2985 made,
2257 2934 2324 2974 εκ
2360 2919 2561 2989 quibus
2583 2933 2774 2988 preces
2829 2927 2960 2975 sunt
2984 2921 3328 2989 necessariae,
3363 2936 3486 2991 quae
3513 2929 3622 2975 tota

2042 3022 2206 3068 nocte
2233 3011 2594 3078 dicebantur,
2625 3024 2840 3066 necnon
2866 3027 3056 3082 preces
3090 3013 3230 3068 inter
3255 3014 3470 3068 tertiam
3503 3027 3625 3068 ses-

2044 3111 2267 3172 tamque
2314 3100 2506 3155 horam
2562 3099 2867 3156 secundum
2917 3101 3198 3170 antiquam
3248 3101 3619 3165 traditionem,

2044 3208 2167 3264 qua
2197 3194 2382 3248 cantio
2417 3193 2585 3247 horas
2609 3199 2993 3263 repraesentat,
3022 3200 3078 3246 et
3112 3193 3233 3247 ideo
3261 3192 3370 3247 hoc
3402 3192 3622 3246 nomine

370 3291 466 3343 καὶ
505 3290 562 3342 ai
621 3289 725 3359 τῆς
780 3291 1105 3360 τριτοέκτης
1152 3289 1295 3344 κατὰ
1346 3293 1940 3364 παράδοσιννάρχαίαν,

2047 3295 2323 3352 vocatur;
2350 3285 2580 3352 insuper
2637 3299 2829 3354 preces
2861 3294 3066 3340 sancta;
3095 3284 3276 3340 missae
3323 3284 3390 3339 de
3425 3283 3627 3353 quibus

369 3379 542 3432 τύπον
575 3380 684 3432 τῶν
715 3379 879 3449 ὡρῶν»
906 3379 1160 3450 ἐχούσης,
1193 3385 1286 3434 καὶ
1314 3381 1475 3434 τοῦτο
1513 3382 1856 3453 καλουμένης
1881 3387 1945 3438 ὲκ

371 3470 467 3524 τοῦ
503 3470 795 3541 ὀνόματος,
836 3471 933 3524 καὶ
971 3471 1070 3539 τῆς
1107 3472 1260 3540 ἱερᾶς
1302 3472 1667 3542 λειτουργίας,
1710 3476 1836 3544 περὶ
1870 3469 1946 3528 ὧν

370 3559 468 3614 καὶ
495 3558 733 3629 ἐροῦμεν
760 3559 839 3621 ὡς
867 3560 926 3612 ιν
957 3558 1155 3628 βραχεῖ
1191 3560 1312 3629 μετ’
1349 3560 1552 3629 ὀλίγον.
1583 3561 1694 3616 Νῦν
1725 3563 1785 3616 δὲ
1815 3565 1946 3630 περὶ

335 3690 338 3692 ν
368 3651 463 3704 τοῦ
483 3648 776 3718 ὲσπερινοῦ
802 3649 1060 3717 λέγομεν,
1085 3647 1161 3710 ὡς
1187 3646 1282 3700 τοῦ
1308 3649 1497 3720 ίερέως
1523 3649 1944 3720 εὐλογήσαντος,

371 3741 560 3794 καὶτὰ
591 3739 847 3810 εἰρηνικὰ
871 3738 1160 3810 είρηκότος
1196 3739 1402 3806 πάντα,
1435 3741 1533 3794 καὶ
1577 3741 1658 3805 τὸ,
1705 3760 1725 3793 t
1771 3743 1947 3795 Ἀντι-

370 3833 559 3898 λασοῦ,
613 3834 809 3898 σῶσον,
840 3832 1088 3901 ὲλέησον,
1152 3850 1172 3884 »
1207 3833 1256 3885 οἱ
1281 3832 1484 3901 ψάλται
1539 3833 1720 3897 εὐθὺς,
1784 3854 1802 3886 ι
1846 3834 1944 3890 καὶ

383 3923 722 3978 Ἐπάκουσόν
787 3939 913 3991 μου,
963 3921 1090 3987 δόξα
1119 3939 1224 3989 σοι,
1265 3925 1292 3976 6
1332 3925 1485 3986 Θεὸς,
1528 3943 1545 3976 ι
1583 3925 1791 3996 ᾄδουςι.
1836 3927 1945 3981 Καρὶ

374 4014 676 4081 ἀναγκαῖον
699 4013 762 4065 τὺ
797 4012 1228 4084 μελῳδούμενον,
1264 4015 1476 4072 ἱκεσίαν
1506 4016 1623 4087 ἅμα
1664 4021 1756 4071 καὶ
1793 4019 1946 4085 δοξο-

374 4104 567 4171 λογίαν
599 4104 853 4173 περιέχον
887 4103 1022 4158 Θεοῦ
1045 4121 1060 4136 ·
1093 4107 1189 4160 καὶ
1216 4107 1277 4160 τό
1310 4109 1410 4174 μὲν
1433 4110 1540 4162 ἀπὸ
1565 4110 1658 4163 τοῦ
1688 4109 1965 4180 Ψαλμοῦ,’

378 4215 398 4248 ι
435 4196 659 4259 Κλῖνον,
692 4195 889 4263 Κύριε,
920 4195 983 4248 τὸ
1010 4193 1104 4260 οῦς
1135 4215 1253 4265 σου,
1278 4199 1376 4254 καὶ
1400 4200 1708 4255 ὲπάκουσόν
1733 4218 1835 4270 μου
1860 4219 1876 4234 ο
1920 4221 1939 4255 ι

371 4288 436 4341 τὸ
478 4288 536 4341 δὲ
580 4287 689 4340 ἀπὸ
719 4287 826 4341 τῶν
855 4288 1128 4356 ἀγγέλων,
1152 4277 1186 4342 ἰ
1221 4290 1360 4355 Δόξα
1389 4293 1448 4344 ιν
1500 4292 1744 4362 ὑψίστοις
1788 4294 1906 4364 Θεῷ
1928 4310 1944 4327 -

374 4381 493 4445 καὶ,
527 4395 548 4430 ι
575 4379 798 4450 Πλήρης
853 4384 882 4434 6
909 4381 1137 4452 οὐρανὸς
1165 4382 1257 4437 καὶ
1285 4382 1416 4454 ήγῆ
1433 4382 1534 4453 τῆς
1556 4384 1716 4453 δόξης
1742 4384 1906 4439 αὐτοῦ
1928 4401 1943 4416 ⁸

375 4470 491 4534 καὶ,
533 4487 552 4520 ι
605 4470 960 4540 Εὐλογημένη
998 4472 1032 4540 ὴ
1058 4471 1187 4537 δόξα
1217 4473 1446 4542 Κυρίου.
1488 4491 1510 4526 ι
1554 4471 1690 4530 Εἷτά
1721 4493 1888 4545 φησιν
1917 4479 1947 4530 6

375 4559 580 4630 ἱερεὺς,
619 4578 639 4612 t
675 4559 787 4629 Τῆς
831 4560 1110 4629 Παναγίας
1136 4563 1442 4632 ἀχράντου·
1497 4580 1519 4616 ι
1554 4567 1648 4616 καὶ
1685 4565 1947 4633 ὲκφώνως

2046 3379 2128 3433 vel
2155 3378 2398 3434 breviter
2419 3393 2548 3434 mox
2574 3377 2932 3434 disseremus.
2960 3377 3120 3432 Nunc
3144 3391 3276 3432 vero
3297 3376 3366 3432 de
3383 3375 3628 3446 vesperis

2045 3471 2306 3526 dicimus.
2372 3472 2669 3541 Postquam
2723 3485 2861 3542 ergo
2913 3471 3256 3526 benedixerit
3292 3469 3546 3526 sacerdos
3576 3476 3632 3522 et

2046 3577 2234 3632 pacem
2260 3561 2496 3625 dixerit,
2518 3577 2729 3618 necnon
2760 3581 2774 3618 :
2809 3562 3073 3633 «Suscipe
3107 3562 3277 3628 salva,
3311 3563 3623 3620 miserere.»

2053 3664 2310 3711 cantores
2373 3655 2523 3711 illico
2580 3656 2862 3723 psallunt:
2896 3674 2915 3707 ι
2953 3655 3024 3710 Ει
3055 3655 3252 3711 exaudi
3287 3669 3394 3716 me,
3460 3654 3628 3721 gloria

2044 3745 2168 3807 tibi,
2197 3745 2344 3799 Deus
2370 3764 2389 3795 ι
2419 3744 2566 3812 quod
2615 3745 2790 3800 melos
2815 3753 2902 3800 est
2934 3745 3330 3810 necessarium,
3371 3745 3630 3814 depreca-

2050 3837 2256 3890 tionem
2312 3836 2590 3905 simulque
2639 3835 3098 3905 glorii‘tcationem
3173 3836 3268 3891 Dei
3317 3837 3627 3891 continens.

2047 3927 2284 3982 Cautant
2311 3927 2478 3980 etiam
2535 3927 2670 3982 illud
2705 3941 2735 3980 e
2768 3927 3019 3996 psalmo:
3062 3945 3080 3979 t
3107 3927 3340 3990 luclina,
3381 3918 3629 3990 Demine‘,

2047 4033 2235 4072 aurem
2268 4027 2439 4081 tuam,
2474 4028 2528 4072 et
2559 4019 2758 4073 exaudi
2814 4033 2925 4077 me.
2956 4037 2975 4069 »
3001 4019 3418 4089 angelicumque
3460 4021 3631 4074 cauti-

2045 4121 2171 4162 cum
2193 4125 2206 4160 :
2230 4107 2439 4162 «Gloria
2459 4108 2515 4160 in
2541 4107 2827 4162 altissimis
2844 4107 3016 4173 Deo...
3039 4117 3113 4174 et,
3141 4107 3323 4162 tPleui
3344 4117 3474 4162 sunt
3503 4109 3628 4164 caeli

2045 4208 2103 4253 et
2131 4209 2273 4252 terra
2295 4198 2468 4268 gloria
2492 4198 2666 4266 ejus,»
2699 4205 2789 4260 et;
2817 4217 2834 4250 ι
2850 4197 3144 4272 Benedicta
3164 4198 3335 4269 gloria
3357 4197 3627 4254 Domini.»

2049 4285 2312 4356 Deinceps
2340 4285 2596 4342 sacerdos
2631 4285 2722 4340 'ait
2755 4300 2770 4342 :
2811 4305 2830 4336 ι
2859 4285 3230 4343 Θοηοιίεεὶιηω
3273 4296 3329 4343 et
3355 4287 3627 4342 immacu-

2049 4380 2242 4445 lata)»,
2305 4379 2525 4446 altaque
2576 4391 2709 4435 voce
2762 4378 2932 4434 Deum
2985 4378 3041 4434 in
3097 4377 3362 4435 Trinitate
3389 4380 3626 4434 celebrat

2049 4467 2272 4523 dicens:
2307 4487 2326 4518 ι
2357 4467 2624 4534 Quoniam
2681 4476 2735 4526 te
2755 4469 2914 4538 decet
2942 4470 3123 4524 omnis
3153 4468 3348 4540 gloria,
3385 4470 3560 4524 honor
3580 4481 3637 4526 et

2049 4560 2317 4614 adoratio.
2343 4579 2362 4612 »
2387 4559 2451 4614 Et
2471 4561 2544 4616 ita
2576 4569 2723 4616 totus
2752 4559 2950 4615 dicitur
2979 4560 3224 4631 psalmus
3271 4575 3395 4615 cum
3425 4560 3513 4616 bis
3543 4577 3634 4614 vo-

374 4652 605 4719 όινυμνεῖ
648 4652 742 4704 τὸν
783 4652 842 4705 ἐν
894 4651 1083 4722 Τριάδι
1121 4653 1280 4720 Θεὸν,
1330 4673 1350 4707 t
1404 4656 1530 4708 Ὀτι
1589 4654 1791 4728 πρέπει
1840 4675 1940 4726 σοι,

2050 4651 2202 4706 cibus
2237 4668 2250 4701 :
2293 4652 2504 4709 tGloria
2537 4653 2658 4718 tibi,
2693 4651 2888 4717 Deus,»
2916 4659 3008 4708 et;
3051 4651 3165 4707 «Me
3189 4650 3354 4721 igitur
3377 4651 3628 4714 exaudi,»

375 4741 572 4811 λέγων,
628 4743 780 4796 πᾶσα
832 4743 983 4809 δόξα,
1023 4745 1161 4815 τιμὴ
1194 4747 1292 4800 καὶ
1344 4747 1741 4818 προσκύνησις.
1781 4769 1802 4804 »
1839 4752 1948 4806 Καὶ

336 4884 338 4886 τ
373 4830 517 4884 οὕτω
548 4831 655 4888 πᾶς
688 4833 717 4884 6
749 4832 981 4901 Ψαλμὸς
1032 4832 1252 4898 λέγεται
1287 4835 1426 4903 μετὰ
1449 4834 1569 4899 τοῦ,
1605 4853 1622 4886 ι
1665 4835 1802 4900 Δόξα
1843 4853 1947 4903 σοι,

373 4923 403 4975 6
439 4923 592 4985 Θεός.
635 4941 655 4976 ι
687 4923 760 4978 Τὸ
800 4922 1139 4978 Ἐπάκουσόν
1180 4943 1281 4995 μου
1325 4925 1442 4992 οὖν,
1465 4926 1561 4980 τοῦ
1606 4928 1949 4999 ἐπαγομένου

372 5013 592 5082 ψαλμοῦ
640 5015 932 5084 τυγχάνον,
972 5013 1050 5079 ὡς
1095 5016 1343 5087 εἴρηται.
1386 5016 1556 5071 Τοῦτο
1612 5017 1733 5082 ἔθος
1771 5019 1867 5074 καὶ
1894 5023 1952 5073 ὲν

373 5105 498 5168 ταῖς
529 5105 720 5169 ἄλλαις
744 5106 1094 5170 ἀκολουθίαις
1123 5109 1276 5162 ἐστὶν
1295 5109 1352 5163 ιν
1377 5109 1454 5179 τῷ
1482 5110 1692 5182 ᾄσματι
1713 5127 1728 5142 ·
1761 5112 1955 5183 προλέ-

375 5209 536 5262 γουσι
564 5196 673 5266 γάρ
714 5213 767 5250 τι
800 5199 984 5268 στίχου
1037 5197 1207 5268 μέρος
1255 5188 1344 5254 ἀεὶ
1395 5200 1492 5255 τοῦ
1545 5203 1953 5273 ἐπιφερομένου

373 5285 620 5356 ψαλμοῦ,
649 5287 682 5358 ἢ
721 5289 860 5357 μετὰ
882 5289 978 5344 τοῦ
1019 5289 1369 5358 Ἀλληλούῖα,
1398 5293 1433 5364 ἢ
1468 5295 1584 5362 τοῦ,
1621 5312 1643 5346 ι
1679 5295 1821 5360 Δόξα
1842 5311 1949 5361 σοι,

373 5381 403 5432 6
436 5378 594 5444 Θεὸς,
654 5397 673 5431 »
719 5380 755 5450 ἦ
787 5397 933 5445 τινος
984 5383 1384 5455 ι’)ιιεοψιίιλματοςΔ
1436 5387 1953 5458 προοιμιαζόμενοιο

374 5466 679 5536 umquam
751 5469 810 5523 δὲ
862 5470 1082 5540 λέγεται
1152 5474 1241 5527 διὰ
1290 5476 1352 5529 τὸ
1388 5477 1546 5546 μετὰ
1590 5478 1686 5532 τοῦ
1735 5477 1956 5548 ψαλμοῦ

375 5557 521 5611 κατὰ
544 5557 725 5628 στίχον
773 5559 1017 5630 ᾄδεσθαι.
1071 5564 1182 5618 Καὶ
1216 5565 1433 5634 πρῶτον
1480 5572 1580 5637 μὲν
1609 5570 1701 5622 τὸν
1753 5568 1954 5638 στίχον,

376 5649 574 5702 ἔπειτα
617 5649 675 5704 δὲ
710 5649 885 5704 ,τοῦτο
935 5653 1234 5721 λέγεσθαιο
1276 5651 1407 5725 οἷον,
1448 5676 1468 5710 ‹
1502 5659 1717 5725 Κλῖνον,
1757 5660 1956 5730 Κύριε,

374 5743 440 5794 τὸ
473 5739 568 5806 οῦς
595 5758 714 5809 σου,
751 5743 847 5797 καὶ
867 5745 1174 5803 ὲπάκουσόν
1209 5766 1336 5820 μου.
1373 5751 1512 5818 Δόξα
1545 5768 1650 5820 σοι,
1675 5753 1703 5806 6
1723 5752 1857 5818 Θεός
1877 5768 1892 5785 ο
1931 5774 1951 5806 ι

378 5831 473 5886 καὶ
504 5833 565 5886 ὲν
593 5835 708 5896 τοῖς
747 5833 957 5899 λοιποῖς
986 5837 1211 5906 ὁμοίως.
1263 5839 1351 5895 Ἐν
1380 5845 1496 5906 τοῖς
1536 5845 1842 5912 ἑσπερινοῐς
1865 5841 1960 5898 οῦν

333 5961 340 5967 -
380 5923 554 5981 ἅπασι
585 5925 666 5996 τὸ,
705 5944 725 5980 t
765 5925 983 5999 κλῖνον,
1019 5927 1215 6000 Κύριε,
1247 5932 1306 5986 τὸ
1337 5932 1428 5999 οὓς
1458 5951 1574 6004 σου,
1613 5955 1632 5988 »
1668 5935 1955 6006 ψάλλεται.

2051 4757 2172 4812 quae
2207 4742 2260 4796 in
2328 4743 2540 4812 psalmo
2585 4745 2716 4799 dum
2779 4745 3130 4798 continuatur
3190 4743 3632 4814 interponuntur.

2051 4834 2194 4889 sicut
2219 4834 2431 4890 dictum
2459 4842 2564 4889 est.
2597 4833 2722 4889 Haec
2749 4842 2834 4890 est
2865 4834 3023 4890 enim
3059 4834 3114 4889 in
3168 4836 3426 4892 cautione
3470 4836 3635 4891 etiam

2050 4927 2106 4981 in
2135 4925 2259 4980 aliis
2292 4925 2592 4982 ordinibus
2613 4926 2952 4982 consuetudo
2981 4942 2995 4984 :
3027 4926 3179 4995 prius
3209 4936 3416 4999 partem
3448 4944 3638 4986 versus

2052 5017 2262 5084 dicunt,
2289 5026 2345 5071 et
2373 5016 2604 5084 singulis
2622 5017 2816 5088 psalmi
2837 5018 3140 5074 continuati
3170 5020 3418 5076 versibus
3441 5021 3638 5090 praelu~

2051 5108 2185 5165 dunt
2209 5108 2452 5163 dicentes
2471 5106 2827 5179 Alleluia,ivel
2861 5120 2877 5162 :
2915 5107 3129 5165 tGloria
3157 5110 3276 5178 tibi,
3315 5111 3514 5168 Deus.»
3553 5113 3636 5167 vel

2052 5199 2216 5254 alium
2247 5197 2623 5254 intercalarem
2655 5200 3005 5266 versiculum,
3029 5201 3124 5270 qui
3156 5203 3261 5258 hoc
3291 5211 3517 5255 vocatur
3542 5219 3638 5256 uo-

2056 5291 2202 5346 mine
2233 5291 2362 5363 quia
2393 5305 2519 5346 cum
2542 5291 2921 5360 psalmojuter
2960 5305 3154 5347 versus
3181 5300 3455 5347 cantatur.
3509 5289 3634 5346 Pri-

2056 5401 2182 5442 mus
2210 5385 2435 5455 quidem
2463 5383 2664 5438 dicitur
2694 5397 2907 5448 versus,
2937 5392 2994 5438 et
3043 5383 3242 5439 deinde
3269 5382 3363 5438 ille
3390 5383 3636 5438 versicu-

2056 5477 2165 5546 lus,
2189 5476 2423 5547 exempli
2451 5475 2623 5547 gratia
2652 5493 2667 5529 :
2701 5491 2720 5527 ι
2748 5472 2978 5542 luclina,
3000 5473 3247 5542 Domine,
3271 5489 3460 5530 aurem
3483 5484 3630 5530 tuam

2057 5579 2112 5626 et
2137 5569 2334 5626 exaudi
2387 5583 2475 5626 me
2499 5584 2527 5636 ;⁴
2549 5565 2733 5623 Gloria
2785 5566 2881 5623 tibi
2931 5567 3146 5632 Deus»,
3196 5577 3253 5623 et
3305 5567 3558 5623 similiter
3584 5568 3640 5622 in

2057 5664 2291 5720 caeteris.
2320 5661 2491 5731 Igitur
2551 5663 2606 5716 in
2639 5661 2955 5730 vespertina
3016 5661 3276 5716 cautione
3306 5667 3416 5714 tota
3448 5667 3640 5716 carita-

2063 5765 2150 5812 tur
2178 5771 2193 5807 :
2225 5774 2243 5806 ι
2263 5754 2488 5818 luclina,
2511 5754 2760 5820 Domine,
2789 5767 2979 5810 aurem
3009 5762 3155 5809 tuam
3185 5771 3232 5812 ».
3265 5755 3530 5824 quoniam
3557 5753 3637 5810 sol

2054 5846 2281 5914 justitia:
2329 5846 2610 5902 inclinavit
2629 5846 2800 5902 caelos
2823 5853 2880 5902 et
2924 5845 3206 5903 descendit
3234 5845 3639 5902 licetoceasum

2063 5937 2334 6006 nesciens,
2371 5944 2502 5994 tunc
2536 5952 2682 6014 ~vero
2714 5937 2992 5997 sensibilis
3027 5937 3300 5997 inclinem
3317 5937 3401 5997 sol
3423 5938 3640 6008 occidit;
