4068 6280
589 472 696 536 627

1455 483 1844 547 SYMEONIS
1883 488 2641 562 THBSSALONICENSIS
2672 502 3025 564 ARCHIEP.

3724 515 3828 578 628

585 585 686 640 llic
716 596 895 642 tamen
925 595 980 643 et
1015 589 1330 648 inclinanda
1389 602 1444 650 et
1475 597 1772 656 occidendo
1829 609 1883 657 et
1936 605 2155 660 oriende

2269 609 2352 664 δτι
2390 616 2481 665 καὶ
2515 615 2544 667 ὀ
2579 613 2682 683 τῆς
2707 615 3059 686 δικαιοσύνης
3100 616 3289 682 Ἥλιος
3330 620 3540 676 ἔκλινεν
3566 624 3824 693 οὐρανοὺς

583 677 752 732 solem
786 678 940 735 illum
987 695 1219 738 occasus
1263 686 1506 741 nescium
1571 693 1862 746 annuntiat
1912 694 2006 763 qui
2062 709 2158 763 per

582 784 806 825 carnem
870 773 1031 829 nobis
1061 777 1347 843 apparuit;
1396 779 1652 846 videlicet
1701 785 1945 838 ostendit
1977 786 2155 856 ipsum

581 877 800 932 quoque
832 865 997 918 Deum
1033 867 1124 923 Dei
1189 867 1428 924 Verbum
1477 871 1825 930 descendisse
1869 891 1897 930 a
1931 879 2070 933 coelo
2102 881 2155 933 in

583 963 804 1019 terram,
834 955 1050 1012 fulsisse
1071 959 1226 1014 nobis
1247 960 1386 1015 diem
1417 963 1618 1032 prioris
1640 965 1759 1032 ejus
1787 967 2076 1034 adventus,
2099 978 2156 1024 et

579 1061 756 1116 usque
783 1049 850 1103 ad
886 1049 1094 1105 inferos
1123 1052 1227 1106 sub
1262 1061 1460 1106 terram
1486 1055 1737 1110 eumdem
1780 1058 2147 1124 descendisse,

577 1153 881 1209 rursusque
910 1145 1221 1198 surrexisse
1269 1153 1326 1199 et
1385 1149 1721 1212 ascendisse,
1748 1159 1799 1204 et
1833 1151 2028 1206 iterum
2086 1154 2154 1208 de

577 1233 718 1285 ctelo
743 1242 921 1286 ortum
949 1236 1110 1288 modo
1140 1235 1318 1289 visum
1346 1250 1491 1299 esse,
1524 1238 1665 1292 diem
1697 1239 1902 1309 absque
1925 1257 2152 1310 vespere

576 1322 771 1378 fecisse
827 1334 882 1379 et
918 1327 1180 1380 mundum
1239 1327 1578 1384 illtnuiuasse
1633 1330 1969 1389 universum.
2023 1335 2152 1390 Ideo

577 1423 722 1469 totus
779 1416 882 1469 iste
913 1417 1150 1484 psalmus
1200 1435 1296 1486 per
1319 1435 1512 1475 versus
1567 1422 1769 1477 dicitur
1824 1440 1890 1478 ex
1924 1434 2153 1497 utroque

572 1508 761 1567 choro,
781 1517 836 1560 et
857 1507 985 1561 illud
1010 1525 1025 1563 :
1064 1508 1279 1563 «Gloria
1307 1510 1434 1575 tibi,
1456 1511 1652 1576 Deus,»
1685 1515 1737 1568 in
1766 1514 1995 1583 singulis
2031 1534 2152 1572 ver-

570 1596 744 1651 sibus.
775 1597 1072 1667 Antiquum
1107 1615 1230 1656 esse
1286 1601 1435 1659 hunc
1467 1605 1679 1660 ordinis
1703 1607 1874 1662 ritum
1897 1623 1963 1663 ex
2021 1625 2153 1680 prec

569 1688 724 1743 cibus
751 1697 896 1758 patet
917 1707 940 1757 ;
961 1705 1025 1745 ea
1054 1692 1202 1747 enim
1228 1709 1350 1762 quae
1373 1695 1686 1765 lampadum
1705 1697 1904 1753 dicitur
1925 1713 2148 1769 precum

567 1779 742 1847 prima
764 1781 823 1834 in
861 1783 1158 1852 semetipsa
1211 1785 1459 1840 continet
1490 1788 1666 1843 totius
1700 1790 1894 1857 psalmi
1927 1799 2150 1846 senten-

568 1873 721 1938 tiam,
752 1874 1026 1943 verbaque
1056 1889 1120 1930 ex
1147 1889 1215 1928 eo
1243 1876 1406 1931 habet
1444 1894 1462 1934 ;
1488 1894 1507 1928 r
1533 1877 1760 1934 Domine
1790 1881 2077 1936 miserator
2096 1891 2152 1936 et

491 2034 500 2043 _
567 1963 960 2030 misericors»,
1011 1975 1348 2036 ceterasque
1401 1968 1730 2038 antiphonas
1779 1971 2026 2027 eamdem
2081 1987 2148 2026 ac

566 2056 755 2123 psalmi
785 2058 1111 2112 sententiam
1144 2069 1199 2114 et
1231 2061 1394 2114 verba
1435 2076 1503 2116 ex
1554 2063 1686 2132 ipsis
1749 2063 1952 2119 habere
2002 2065 2150 2121 iuve-

565 2147 705 2211 nies,
727 2151 872 2218 quod
901 2161 1046 2206 recte
1066 2153 1229 2205 etiam
1251 2151 1592 2208 demonstrat
1625 2157 1917 2226 vespertini
1941 2157 2149 2227 ingres-

567 2255 662 2293 sus
689 2242 870 2296 oratio
886 2243 966 2298 sic
995 2245 1262 2313 incipiens
1290 2261 1306 2300 :
1333 2242 1606 2312 «Vespere
1638 2255 1692 2299 et
1721 2262 1881 2302 mane
1903 2255 1956 2302 et
1983 2248 2148 2302 tueri-

563 2333 710 2386 die.»
728 2333 994 2400 Quoniam
1021 2338 1087 2389 ad
1123 2336 1269 2391 hunc
1299 2337 1570 2406 psalmum
1598 2353 1924 2408 versumque
1955 2340 2146 2394 illum:

567 2440 588 2472 «
606 2423 849 2489 Domine,
867 2424 1092 2479 clamavi
1107 2442 1128 2477 ι
1151 2425 1209 2478 iit
1227 2425 1779 2497 iugressus,dictaque
1792 2429 1968 2481 oratio
1983 2428 2147 2483 verba

561 2521 616 2567 et
632 2515 933 2570 sententias
951 2531 980 2569 e
1006 2513 1218 2586 psalmo
1239 2525 1458 2571 cantato
1481 2518 1745 2582 continet,
1782 2520 1857 2572 ita
1887 2528 1947 2572 ut
1963 2518 2145 2574 omnia

560 2623 658 2676 per
679 2609 1015 2664 sacerdotem
1039 2611 1150 2665 Deo
1168 2609 1463 2665 offerantur
1485 2627 1504 2676 ;
1527 2610 1680 2664 verbi
1701 2611 1908 2680 gratia:
1934 2629 1953 2661 «
1968 2610 2146 2680 Dirige

551 2701 1118 2756 '«irationemnostram
1135 2703 1278 2756 sicut
1296 2704 1579 2756 incensum
1602 2702 1654 2756 in
1678 2711 1969 2771 conspectu
1989 2711 2138 2765 tuo,»

559 2799 612 2845 et
636 2802 652 2844 :
689 2790 831 2847 «Non
850 2793 1092 2848 declines
1111 2808 1210 2847 cor
1233 2802 1478 2847 nostrum
1507 2794 1560 2848 in
1583 2795 1744 2848 verba
1765 2787 2035 2852 ma‘litize.»
2057 2804 2141 2852 et:

565 2885 866 2949 «Quoniam
884 2886 949 2939 ad
971 2893 1025 2940 te
1053 2885 1298 2948 Domine,
1325 2884 1551 2942 Domine
1577 2887 1719 2941 oculi
1748 2886 1922 2942 nostri
1948 2907 1994 2950 »,
2011 2887 2140 2956 quia

560 2976 634 3030 ad
695 2978 846 3034 hunc
914 2991 1134 3032 versum
1196 2979 1458 3034 sacerdos
1490 2978 1751 3033 invitatus
1798 2979 1855 3032 in
1889 2979 2139 3048 ingressu

557 3069 974 3135 ascendimboc
1010 3076 1212 3133 autem,
1243 3084 1330 3124 me
1381 3069 1592 3138 judice,
1634 3079 1898 3125 monstrat
1948 3070 2140 3140 depre-

556 3163 832 3218 cationem
887 3165 1282 3233 prophetarum
1339 3178 1644 3230 eorumque
1669 3163 2010 3232 prophetiam
2071 3163 2138 3219 de

556 3264 792 3309 venturo
815 3265 865 3308 et
897 3254 1232 3308 inearnando
1259 3255 1509 3318 Domino,
1540 3263 1702 3322 atque
1716 3268 1810 3321 per
1831 3255 2135 3323 passionem

555 3358 610 3401 ct
644 3348 1106 3402 resurrectionem
1153 3361 1256 3402 nos
1307 3346 1374 3400 ab
1410 3345 1626 3400 inferno
1687 3359 1753 3399 ac
1787 3347 2138 3415 corruptione

557 3441 862 3494 salvaturo.
899 3437 1027 3492 Ideo
1057 3447 1342 3492 cantorum
1374 3439 1586 3505 primus
1634 3437 1973 3492 sacerdotem
2000 3437 2140 3493 iuvi-

560 3540 667 3596 tzit,
733 3530 878 3584 sicut
942 3540 999 3586 ct
1058 3531 1282 3586 David:
1343 3530 1593 3594 Domine,
1621 3529 1824 3586 inclina
1857 3530 2028 3586 caelos
2085 3524 2163 3585 et'

460 3684 466 3690 ,
556 3624 880 3686 descende,»
911 3633 986 3691 et,
1012 3624 1242 3678 «Emitte
1271 3622 1645 3680 fortitudinem
1666 3633 1814 3678 tuam
1837 3633 1892 3678 et
1919 3625 2039 3680 veni
2067 3623 2135 3677 ad

559 3718 876 3771 salvantlnm
903 3732 1073 3783 nos;»
1104 3725 1158 3770 et
1176 3716 1400 3772 velutex
1423 3717 1638 3771 inferno
1654 3719 1887 3772 clamat:
1917 3715 2028 3771 «Ad
2062 3725 2134 3780 te,

556 3809 806 3873 Domine,
841 3809 986 3863 oculi
1013 3808 1221 3876 mei;',in
1254 3818 1305 3864 te
1325 3809 1647 3878 speravi,ne
1677 3808 1872 3880 perdas
1898 3809 2133 3862 animam

555 3917 786 3956 meam.»
818 3901 946 3956 ideo
971 3910 1026 3956 et
1055 3903 1314 3956 sacerdos
1343 3900 1410 3954 ad
1453 3901 1598 3955 hunc
1633 3915 1852 3955 versum
1887 3899 2135 3954 ascendit

547 3994 764 4049 ttluristi
793 3994 858 4048 ad
919 4009 1018 4048 nos
1039 4002 1094 4047 et.
1152 3991 1416 4062 usquead
1473 3992 1748 4047 infernum
1805 3991 2132 4046 descensum

554 4085 939 4146 maniiestans.
999 4084 1230 4155 ejusque
1308 4087 1789 4149 resurrectionem,
1819 4099 1915 4152 per
1969 4097 2133 4152 quam

555 4179 626 4233 ab
663 4177 851 4233 inferis
903 4177 1118 4232 liberati
1173 4192 1386 4244 sumus,
1451 4187 1507 4232 et
1559 4178 1756 4232 iterum
1812 4178 1866 4230 in
1930 4177 2132 4232 coelum

551 4270 670 4338 ejus
726 4285 1039 4325 ascensum.
1125 4269 1378 4340 Vesperis
1453 4269 1673 4338 quidem
1756 4284 1931 4338 nuper
1979 4271 2130 4326 (lice-

553 4367 717 4418 batur
781 4363 1129 4432 psalterium,
1187 4362 1331 4416 sicut
1382 4372 1438 4417 et
1491 4377 1639 4416 nunc
1692 4362 1748 4416 in
1806 4361 1983 4417 oﬂicio
2019 4377 2135 4415 ma-

552 4458 779 4523 tutino;
863 4455 1011 4525 quod
1098 4454 1307 4508 imitata
1413 4455 1750 4510 monasteria
1839 4455 2128 4510 dimidium

551 4548 797 4620 psalterii
859 4546 1122 4617 vesperis,
1201 4553 1255 4599 et
1325 4545 1381 4599 in
1436 4545 1616 4600 ollicio
1683 4547 1954 4599 matutino
2011 4547 2131 4602 sine

2263 703 2359 756 καὶ
2409 705 2612 775 κατέϐη
2642 706 2836 769 ἃδυτος
2878 707 3080 776 μένων,
3133 710 3230 764 καὶ
3273 713 3302 764 ὁ
3343 713 3604 784 αἰσθητὸς
3633 716 3824 771 κλίνων

2257 792 2406 845 δύνει
2437 795 2610 864 ἣλιος.
2642 796 2792 865 Πλὴν
2840 798 2936 850 καὶ
2965 789 3144 863 αὐτὸς
3164 801 3365 856 κλίνων
3394 805 3490 858 καὶ
3524 802 3699 859 δύνων
3735 809 3823 861 καὶ

2259 881 2587 947 ἀνατέλλων,
2604 885 2702 938 τὸν
2721 886 3023 958 ἁνέσπερον
3048 891 3255 944 ἐκεῖνον
3275 891 3428 962 ἥλιον
3446 897 3824 962 καταγγέλλει,

2256 973 2344 1028 διὰ
2391 977 2596 1044 σαρκὸς
2657 980 2997 1046 ἐπιφανέντα
3044 983 3182 1050 ἡμῖν
3209 997 3222 1012 ο
3279 977 3391 1036 οἷον
3435 985 3496 1038 τὸ
3546 987 3824 1042 κατελθεῖν

2256 1065 2422 1117 αὑτὸν
2444 1067 2536 1118 τὸν
2557 1067 2655 1120 τοῦ
2684 1069 2819 1123 Θεοῦ
2857 1071 2992 1124 Θεὸν
3022 1073 3194 1140 Λόγον
3220 1075 3285 1127 ὲκ
3317 1075 3424 1128 τῶν
3456 1077 3705 1146 οὐρανῶν
3733 1083 3823 1134 ἐπὶ

2256 1157 2384 1224 γῆς,
2411 1158 2505 1210 καὶ
2534 1159 2902 1231 λάμψαιήμϊν
2924 1161 3022 1232 τὴν
3048 1162 3266 1235 ἡμέραν
3284 1165 3382 1235 τῆς
3408 1169 3634 1240 πρώτης
3659 1172 3822 1226 αὐτοῦ

2257 1247 2582 1316 παρουσίας,
2641 1251 2736 1303 καὶ
2779 1252 2976 1321 μέχρις
3021 1253 3149 1324 ᾅδου
3193 1255 3297 1309 ὑπὸ
3341 1259 3447 1328 γῆν
3493 1262 3817 1330 καταϐῆναι,

2253 1340 2350 1393 καὶ
2407 1334 2565 1403 αὖθις
2623 1342 2923 1413 ἀναστῆναι
2969 1347 3066 1398 καὶ
3129 1346 3396 1412 ἀνελθεῖν,
3433 1353 3526 1403 καὶ
3574 1354 3735 1406 πάλιν
3764 1357 3820 1422 ἐξ

2252 1427 2485 1498 οὐρανοῦ
2521 1432 2757 1501 φανῆναι
2807 1435 2932 1488 τότε
2982 1437 3078 1489 καὶ
3107 1439 3409 1504 ἀνατεῖλαι,
3448 1443 3542 1496 καὶ
3571 1445 3669 1513 τὴν
3696 1447 3819 1498 ἀνέ-

2254 1537 2456 1591 σπερον
2483 1523 2700 1593 ἡμέραν
2729 1525 2969 1590 τελέσαι,
3004 1531 3100 1580 καὶ
3127 1531 3217 1582 τὶν
3247 1533 3453 1602 κόσμον
3478 1537 3819 1604 καταυγάσαι

2251 1612 2432 1666 πάντα
2472 1613 2752 1683 σημαίνει.
2791 1617 2884 1671 Διὸ
2934 1620 3030 1672 καὶ
3066 1622 3176 1684 πᾶς
3207 1623 3235 1674 ὁ
3277 1622 3492 1694 ψαλμὸς
3519 1619 3694 1689 οὗτος,
3738 1628 3816 1688 τὸ,

2256 1721 2277 1754 «
2312 1704 2529 1769 κλῖνον,
2555 1705 2752 1776 Κύριε,
2789 1727 2808 1760 »
2842 1710 2987 1763 κατά
3009 1712 3195 1782 στίχον
3222 1713 3444 1782 λέγεται
3471 1716 3531 1782 ἐξ
3558 1719 3819 1788 ἑκατέρου

2249 1795 2439 1866 χοροῦ,
2498 1799 2594 1851 καὶ
2643 1799 2730 1862 τὺ,
2765 1818 2785 1852 «
2839 1800 2980 1866 ᾼόξα
3013 1819 3120 1867 σοι,
3166 1807 3194 1857 ὁ
3227 1804 3384 1869 Θεὸς,
3442 1825 3462 1858 »
3513 1809 3572 1860 ἐν
3606 1809 3821 1880 ἑκάστῳ

2252 1888 2441 1957 στίχῳ.
2476 1889 2600 1943 Ὀτι
2650 1891 2708 1944 δὲ
2757 1894 2990 1963 ἀρχαῖον
3041 1893 3204 1948 τοῦτο
3257 1897 3358 1966 τῆς
3415 1899 3821 1963 ἀκολουθίαςτδ

2247 1977 2394 2041 έθος,
2423 1981 2519 2034 καὶ
2551 1982 2659 2034 ἀπὸ
2706 1982 2817 2036 τῶν
2856 1984 3036 2054 εὐχῶν
3081 1985 3262 2055 δῆλον.
3316 1991 3384 2042 Ἦ
3413 1989 3523 2045 τῶν
3553 1991 3820 2060 λυχνικῶν

2252 2071 2360 2138 γὰρ
2385 2070 2699 2140 λεγομένων
2731 2075 2907 2144 εὐχῶν
2938 2077 3131 2148 πρώτη
3165 2081 3226 2133 ἐν
3245 2081 3414 2151 ἑαυτῇ
3442 2082 3689 2151 περιέχει
3719 2084 3825 2152 τὴν

2249 2158 2344 2211 τοῦ
2373 2160 2608 2231 Ψαλμοῦ
2635 2163 2836 2228 παντὸς
2866 2165 3100 2238 ἔννοιαν,
3135 2171 3230 2220 καὶ
3261 2169 3482 2239 ῥήματα
3524 2170 3583 2236 ἐξ
3612 2171 3782 2224 αὐτοῦ
3801 2189 3818 2202 ·

2256 2268 2277 2303 ε
2314 2252 2490 2322 Κύριε
2513 2255 2816 2324 οίκτίρμων
2855 2259 2950 2310 καὶ
2989 2259 3240 2329 ἐλεήμων
3265 2276 3281 2292 ·
3317 2279 3337 2312 »
3376 2263 3596 2324 καὶτὰς
3627 2263 3821 2328 λοιπὰς

2248 2341 2305 2395 δὲ
2329 2344 2531 2411 ὁμοίως
2563 2345 2702 2414 πρὸς
2732 2348 2860 2410 τοὺς
2907 2347 3156 2418 ψαλμοὺς
3198 2350 3308 2403 τῶν
3362 2351 3679 2420 ἀντιφώνων
3723 2355 3822 2407 καὶ

2247 2431 2346 2495 τάς
2369 2433 2576 2498 ἐννοίας
2599 2435 2830 2504 ἐχούσας
2853 2437 2951 2490 καὶ
2975 2439 3199 2508 ῥήματα
3231 2440 3486 2510 εὑρήσεις
3517 2440 3577 2505 ἐξ
3600 2430 3783 2495 αὐτῶν
3801 2458 3820 2474 ο

2247 2523 2324 2586 ὡς
2349 2524 2443 2576 καὶ
2466 2525 2500 2594 ἡ
2520 2525 2619 2594 τῆς
2635 2527 2844 2582 εἰσόδου
2871 2529 2966 2580 τοῦ
2989 2529 3281 2598 έσπερινοῦ
3305 2531 3496 2600 σαφῶς
3515 2531 3819 2599 δείκνυσιν,

2244 2609 2314 2686 ἧς
2349 2615 2493 2687 ἀρχὴ
2512 2616 2596 2682 τὸ,
2636 2616 2908 2689 Ἐσπέρας
2939 2621 3036 2673 καὶ
3068 2619 3214 2690 πρωῒ
3271 2622 3368 2676 καὶ
3405 2623 3813 2694 μεσημϐρίας.»

2257 2705 2412 2760 Ἐπεὶ
2468 2709 2576 2779 γὰρ
2607 2711 2690 2773 είς
2734 2709 2819 2775 τὸ,
2861 2730 2880 2762 «
2921 2712 3114 2781 Κύριε,
3151 2712 3452 2783 ἐκέκραξα,
3489 2733 3510 2767 »
3562 2717 3658 2768 καὶ
3687 2717 3816 2781 τοὺς

2243 2797 2410 2851 αὐτοῦ
2443 2799 2659 2870 στίχους
2688 2802 2724 2872 ἡ
2752 2802 2958 2866 εἴσοδος
2981 2803 3214 2871 γίνεται,
3241 2807 3338 2858 καὶ
3357 2807 3392 2876 ἡ
3413 2806 3545 2878 εὐχὴ
3570 2807 3818 2876 λέγεται,

2243 2891 2340 2942 καὶ
2377 2892 2600 2962 ῥήματα
2635 2891 2887 2962 ψαλμικά
2927 2897 2992 2947 ἐκ
3039 2895 3148 2948 τῶν
3175 2897 3448 2966 ᾀδομένων
3483 2898 3576 2950 καὶ
3608 2898 3816 2963 ἐννοίας

2243 2983 2510 3053 περιέχει,
2543 2983 2619 3046 ὡς
2648 2983 2715 3037 ἂν
2744 2985 3128 3055 ἀναφέρωνται
3187 2987 3365 3040 πάντα
3412 2987 3576 3060 2“
3602 2989 3689 3042 διὰ
3717 2989 3817 3044 τοῦ

2245 3075 2438 3145 ἱερέως
2489 3076 2626 3146 πρὸς
2678 3076 2770 3128 τὸν
2821 3076 2993 3130 Θεὸνο
3058 3073 3193 3143 οἷον,
3248 3097 3266 3128 «
3316 3081 3664 3133 Κατεύθυνον
3715 3081 3819 3151 τὴν

2241 3165 2555 3236 προσευχὴν
2586 3167 2748 3236 ημῶν
2774 3167 2851 3232 ὡς
2896 3169 3149 3239 θυμίαμα
3200 3169 3432 3223 ἐνώπιόν
3468 3187 3598 3226 σου·
3640 3191 3660 3223 »
3697 3173 3818 3236 καὶ,

2250 3277 2268 3310 «
2307 3260 2400 3326 Μὴ
2434 3259 2695 3332 ἐκκλίνῃς
2729 3260 2832 3323 τὰς
2866 3260 3098 3330 καρδίας
3127 3261 3285 3331 ήμῶν
3319 3265 3400 3325 εἰς
3432 3261 3622 3330 λόγους
3651 3281 3820 3335 πονη-

2244 3349 2386 3418 ρίας,
2428 3351 2598 3413 ικαὶ,
2651 3369 2672 3401 «
2729 3352 2852 3404 Ὅτι
2907 3351 3044 3421 πρὸς
3104 3351 3185 3418 ob,
3251 3353 3444 3421 Κύριε,
3509 3354 3703 3424 Κύριε,
3765 3358 3818 3409 οἱ

2237 3440 2514 3510 ὀφθαλμοὶ
2540 3441 2721 3512 ἡμῶν.
2776 3460 2795 3493 »
2846 3441 3003 3495 Ἐπεὶ
3029 3444 3125 3495 καὶ
3157 3444 3238 3503 εις
3266 3444 3454 3496 τουτον
3491 3445 3582 3496 τὸν
3631 3445 3820 3514 στίχον

2236 3530 2266 3581 ὁ
2295 3532 2478 3600 ἱερεὺς
2508 3531 2845 3603 καλούμενος
2891 3537 2949 3587 ὲν
2982 3537 3047 3604 τῇ
3082 3535 3273 3606 εἰσόδῳ
3297 3535 3613 3605 ἀνέρχεται.
3641 3536 3823 3590 Τοῦτο

2236 3619 2294 3672 δὲ
2323 3621 2496 3690 δηλοῖ,
2525 3618 2704 3690 οἶμαι,
2723 3624 2823 3693 τὴν
2851 3623 2939 3676 διὰ
2979 3624 3090 3678 τῶν
3119 3624 3416 3695 προφητῶν
3459 3627 3669 3679 ἱκεσίαν
3698 3628 3822 3698 ἅμα

2238 3715 2334 3766 καὶ
2384 3716 2754 3784 προφητείαν,
2784 3717 2914 3786 περὶ
2946 3717 3040 3771 τοῦ
3073 3720 3490 3788 παραγενέσθαι
3531 3721 3628 3774 καὶ
3652 3723 3820 3775 ἐναν-

2239 3804 2536 3876 θρωπῆσαι
2571 3807 2662 3858 τὸν
2712 3806 2942 3875 Κύριον,
2976 3809 3072 3861 καὶ
3113 3808 3202 3860 διὰ
3229 3808 3323 3860 τοῦ
3352 3809 3559 3871 πάθους
3591 3811 3686 3862 καὶ
3713 3810 3821 3879 τῆς

2239 3897 2515 3966 ἑγέρσεως
2568 3896 2744 3949 σῶσαι
2787 3896 2881 3950 τοῦ
2915 3897 3042 3967 ᾅδου
3073 3899 3223 3968 ἡμᾶς
3272 3899 3368 3951 καὶ
3433 3900 3532 3968 τῆς
3580 3899 3816 3970 φθορᾶς.

2239 3988 2334 4040 Διὸ
2361 3988 2456 4040 καὶ
2484 3988 2512 4040 ό
2545 3987 2658 4041 τῶν
2703 3988 3012 4059 ψαλμῳδῶν
3045 3988 3263 4059 πρῶτος
3295 3990 3388 4043 τὸν
3444 3990 3594 4060 ίερέα
3620 3991 3816 4043 καλεῖ·

2239 4080 2314 4144 ὡς
2339 4081 2434 4134 καὶ
2461 4082 2490 4134 ὁ
2517 4081 2703 4150 Δαὸὶδ,
2743 4100 2761 4132 ι
2796 4081 2990 4152 Κύριε,
3020 4082 3205 4135 κλῖνον
3231 4083 3496 4153 οὐρανοὺς
3528 4084 3624 4136 καὶ
3643 4082 3820 4136 κατά-

2239 4172 2369 4243 ϐηθι
2391 4191 2406 4206 υ
2444 4192 2465 4226 »
2513 4174 2631 4240 καὶ,
2663 4193 2682 4224 «
2738 4172 3160 4237 Ἐξαπόστειλον
3187 4175 3287 4242 τὴν
3323 4173 3646 4226 δυναστείαν
3693 4190 3821 4240 σου,

2238 4265 2335 4318 καλ⁵
2369 4265 2493 4317 ὲ).οὲ
2527 4266 2608 4329 εἰς
2643 4265 2705 4318 τὸ
2735 4267 2906 4320 σῶσαι
2938 4267 3111 4334 ἡμᾶς.
3152 4284 3172 4318 ι
3210 4268 3321 4320 Καὶ
3352 4264 3426 4328 ὡς
3466 4267 3532 4317 ἐκ
3562 4265 3655 4318 τοῦ
3683 4265 3817 4336 ᾅδου

2239 4357 2360 4428 βοᾷ,
2402 4376 2421 4409 «
2461 4359 2588 4410 Ὅτι
2614 4359 2751 4428 πρὸς
2786 4358 2866 4420 σὲ,
2915 4359 3112 4429 Κύριε,
3145 4358 3194 4410 οἱ
3223 4356 3494 4426 ὀφθαλμοί
3518 4372 3641 4425 μου.
3691 4356 3820 4410 Ἐπὶ

2241 4451 2324 4500 σοὶ
2364 4449 2594 4518 ἤλπισα.
2627 4450 2719 4517 Μὴ
2757 4450 3055 4520 ἀντανέλῃς
3088 4449 3188 4518 τὴν
3217 4450 3397 4518 ψυχήν
3434 4466 3556 4518 μου.
3595 4448 3687 4500 Διὸ
3718 4452 3821 4501 καὶ

2236 4540 2266 4591 ὁ
2316 4541 2496 4609 ἱερεὺς
2547 4540 2668 4592 τότε
2699 4542 2757 4592 έν
2809 4539 2887 4610 τῷ
2920 4541 3093 4609 στίχῳ
3145 4539 3322 4610 τούτῳ
3357 4540 3668 4609 ἀνέρχεται,
3715 4538 3825 4608 τὴν

552 4641 962 4697 intermissione
1007 4639 1118 4694 duo
1166 4638 1382 4693 dicunt.
1465 4636 1619 4692 Nunc
1673 4647 1854 4692 autem
1910 4640 1963 4692 in
1993 4655 2126 4694 can-

2244 4629 2544 4683 κατάϐασιν
2597 4632 2679 4693 είς
2726 4631 2872 4700 ἡμᾶς
2923 4629 3163 4700 Χριστοῦ
3213 4630 3341 4700 ἄχρι
3397 4633 3491 4682 καὶ
3537 4631 3631 4683 τοῦ
3685 4630 3822 4701 ᾅδου

552 4736 702 4788 tione
747 4733 1060 4802 vespertina
1123 4743 1346 4800 propter
1406 4729 1782 4785 inﬁrmitatem
1839 4740 1893 4784 et
1961 4733 2130 4802 negli-

551 4826 788 4892 gentiam
846 4840 954 4878 non
1014 4822 1220 4878 dicitur
1285 4822 1583 4889 autiphoua
1643 4822 1936 4892 pSaltcril,
2020 4826 2127 4880 nisi

552 4917 606 4968 it
627 4921 814 4969 sancta
837 4926 1045 4966 tantum
1069 4912 1501 4979 Quadragcsitna
1528 4912 1655 4966 etin
1690 4913 1926 4981 \‘esperis
1949 4914 2131 4982 cujus-

552 5005 569 5059 Ι
597 5007 685 5058 hct
719 5001 940 5057 Sabbati
968 5004 1022 5055 in
1054 5004 1169 5056 sola
1195 5014 1383 5056 sancta
1425 5003 1729 5072 Sapientia,
1761 5005 1874 5070 ubi,
1908 5017 2130 5075 propter

552 5101 888 5163 conquestus
909 5093 1276 5162 quorumdam
1298 5092 1637 5161 iguarorutu,
1659 5097 1832 5148 solum
1861 5097 2127 5165 psalmum

562 5182 795 5237 «Beatus
825 5180 940 5235 vir»
975 5197 1098 5235 cum
1130 5181 1362 5236 ntelodia
1393 5193 1446 5236 et
1467 5194 1630 5237 cantu
1659 5183 1845 5239 dicere
1874 5189 2132 5257 prsecepi-

553 5293 700 5341 tuus,
737 5277 790 5330 iu
827 5285 1019 5330 sancta
1053 5286 1232 5330 autent
1287 5291 1482 5330 rursus
1525 5275 1784 5332 dicuntur
1824 5281 2127 5334 secundum

553 5369 1006 5424 consuetudinem
1038 5385 1131 5424 sex
1170 5369 1486 5438 antiphonte
1543 5379 1600 5424 et
1666 5387 1834 5425 unum
1893 5382 2157 5426 tanturn-'

553 5463 716 5516 modo
747 5463 942 5532 psalmi
983 5463 1295 5516 dimidium.
1351 5461 1603 5519 Psalmus
1653 5481 1782 5518 vero
1816 5482 1830 5518 :
1872 5467 2129 5529 «lnclina,

554 5552 802 5621 Domine,
834 5569 1022 5610 aurem
1059 5563 1264 5617 tuam,»
1300 5553 1740 5624 deprecationem
1767 5560 2128 5627 comprehen-

551 5645 859 5715 «litDeiqtte
889 5647 1365 5717 glorificatiouent,
1422 5664 1756 5719 passuutqne
1816 5665 1915 5717 pro
1967 5651 2127 5706 nobis

553 5735 794 5787 celebrat
825 5733 1117 5788 Dominum
1148 5735 1335 5790 Jesutn
1377 5737 1660 5790 Christum
1697 5753 1857 5806 quem
1901 5739 2128 5794 misera-

553 5830 730 5874 torem
757 5821 967 5877 dicitet
991 5823 1173 5878 multa;
1195 5826 1587 5880 misericordia:
1654 5836 1816 5897 atque
1847 5845 2120 5898 veracem,

553 5917 786 5981 oratque
823 5920 882 5966 ut
908 5912 1066 5969 detur
1099 5914 1253 5969 nobis
1289 5915 1501 5992 signum
1535 5917 1590 5971 in
1626 5918 1848 5988 bonum,
1905 5937 2123 5977 ειιιοι-ιιι

2239 4723 2439 4792 δηλῶν,
2489 4723 2582 4775 καὶ
2635 4724 2734 4792 τὴν
2796 4723 3014 4791 ἔγερσιν
3063 4721 3252 4788 αὑτοῦ,
3304 4723 3370 4774 δι’
3417 4718 3486 4794 ἧς
3536 4723 3634 4775 τοῦ
3687 4723 3822 4794 ᾅδου

2239 4815 2617 4886 ὲρῤύσθημεν,
2673 4818 2771 4869 καὶ
2822 4815 2988 4869 πάλιν
3051 4816 3134 4877 είς
3192 4816 3459 4884 οὐρανοὺς
3525 4816 3821 4871 ἀνάϐασιν.

2239 4908 2380 4962 Καθ’
2420 4908 2662 4979 ἑσπέραν
2691 4909 2790 4976 μὲν
2835 4903 2930 4961 οὖν
2974 4907 3068 4960 καὶ
3101 4910 3294 4976 πρώην
3331 4909 3548 4973 ἐλέγετο
3576 4907 3637 4960 τὸ
3666 4907 3824 4960 Ψαλ-

2239 5004 2446 5069 τήριον,
2477 4999 2550 5063 ὡς
2591 5003 2685 5054 καὶ
2715 4984 2775 5052 ὲν
2797 5001 2875 5070 τῷ
2902 5000 3084 5070 ὄρθρῳ
3119 4998 3236 5052 νῦν.
3271 5001 3336 5052 Ὃ
3364 4999 3428 5069 δὴ
3453 5001 3547 5052 καὶ
3570 4998 3624 5052 αἶ
3653 5003 3827 5069 μοναὶ

2241 5094 2686 5163 έκμιμούμεναι,
2717 5094 2963 5162 κάθισμα
2993 5092 3294 5163 Ψαλτῆρος
3327 5093 3591 5163 ἑσπέρας,
3631 5093 3729 5146 καὶ
3759 5095 3830 5147 ἐν

2238 5185 2317 5254 τῷ
2347 5185 2532 5254 ὄρθρῳ
2583 5184 2678 5237 δύο
2729 5184 2997 5252 διηνεκῶς
3056 5185 3299 5253 λέγουσι.
3354 5183 3474 5237 Νῦν
3521 5184 3579 5237 δὲ
3630 5185 3690 5237 ιν
3736 5183 3828 5255 τῷ

2241 5278 2532 5348 ᾄσματικῷ
2591 5277 2863 5348 ἑσπερινῷ
2913 5278 2980 5330 δι’
3036 5277 3328 5330 ἀσθένειαν
3396 5278 3494 5330 καὶ
3551 5276 3827 5345 ἀμέλειαν

2238 5369 2517 5438 ἀντίφωνα
2548 5368 2840 5438 Ψαλτῆρος
2873 5369 2934 5420 οὐ
2963 5367 3202 5436 λέγεται,
3237 5369 3286 5420 εἰ
3337 5366 3412 5436 μὴ
3457 5367 3519 5418 ἐν
3563 5369 3630 5437 τῇ
3681 5365 3828 5436 ἁγίᾳ

2237 5463 2331 5515 καὶ
2365 5463 2528 5531 μόνον
2558 5463 2600 5514 Τ
2604 5479 2700 5514 εσσ
2712 5464 3006 5530 ιρακοστῇ,
3039 5461 3136 5514 καὶ
3159 5461 3323 5512 παντὶ
3351 5460 3615 5528 Σαὸὁάτῳ
3642 5459 3824 5511 ἑσπέ-

2238 5571 2338 5623 ρας
2369 5554 2428 5605 ὲν
2459 5555 2597 5624 μόνῃ
2625 5555 2691 5622 τῇ
2733 5552 2894 5622 Ἀγίᾳ
2931 5552 3135 5623 Σοφίᾳ·
3181 5553 3318 5605 ὅπου
3355 5552 3452 5605 καὶ
3484 5551 3575 5604 διὰ
3605 5551 3666 5603 τὸ
3689 5565 3832 5618 γογ-

2235 5645 2425 5712 γύξειν
2474 5646 2628 5707 τινὰς
2684 5643 3088 5714 ῥᾳθυμοῦντας,
3132 5643 3296 5712 μόνον
3345 5643 3426 5705 τὸ,
3475 5660 3494 5692 «
3528 5641 3831 5710 Μακάριος

2237 5737 2400 5808 ἀνὴρ,
2445 5756 2464 5788 »
2497 5739 2588 5790 τὸν
2610 5739 2706 5791 ἕνα
2739 5737 2956 5805 ψαλμὸν
2987 5736 3127 5800 μετά
3162 5735 3360 5802 μέλους
3391 5733 3535 5787 κατὰ
3564 5732 3656 5785 τὸν
3681 5728 3832 5802 ἦχον

2235 5829 2415 5899 λέγειν
2445 5830 2887 5897 διετυπώσαμεν.
2931 5827 3021 5880 Ἐν
3051 5828 3108 5879 δὲ
3140 5829 3208 5896 τῇ
3233 5827 3364 5896 ἁγίᾳ
3386 5825 3832 5898 Τεσσαρακοστῇ

2237 5924 2397 5980 πάλιν
2437 5921 2696 5990 λέγεσθαι
2736 5921 2875 5974 κατά
2918 5919 2976 5972 τὸ
3007 5915 3128 5981 ἔθος
3163 5920 3231 5972 τὰ
3261 5917 3319 5986 ἓξ
3345 5918 3646 5987 ἀντίφωνα,
3682 5917 3718 5994 ἧ
3755 5918 3830 5972 τὸ
