4068 6280
355 473 469 541 δρα
1536 492 1633 553 DE
1672 494 1909 553 SACRA
1944 497 2459 567 PRECATIONE.
3483 514 3585 580 630

347 596 412 648 ἓν
446 595 691 668 κάθισμα
741 598 928 668 μόνον.
959 603 1033 657 Τὸ
1079 603 1160 669 δὲ,
1200 623 1219 657 ι
1260 607 1476 671 Κλῖνον,
1508 609 1703 677 Κύριε,
1735 609 1797 661 τὸ
1827 603 1896 662 οῦς

2042 614 2274 682 scilicet,
2313 621 2400 673 cui
2426 623 2739 688 vespertino
2770 632 3013 693 tempore
3045 627 3239 686 uﬂixus
3270 645 3435 686 carne
3456 648 3604 688 mor-

350 705 468 755 σου,
498 708 520 745 3
545 692 574 740 6
601 689 843 763 ψαλμδς,
879 696 973 750 καὶ
998 698 1207 751 ἱκεσίαν
1232 701 1473 772 περιέχει
1501 704 1595 756 καὶ
1614 703 1896 768 δοξολογία·

2029 712 2159 758 tuus
2186 715 2271 760 est
2304 707 2639 777 Salvator,et
2664 689 2917 783 precatur
2949 727 3007 771 ut
3024 720 3111 774 det
3134 721 3293 776 nobis
3318 723 3601 779 fortitudi-

347 778 485 847 πρὸς
538 780 701 836 Θεόν.
733 785 843 838 Kal
874 786 972 840 τὸν
1018 789 1262 846 παθόντα
1308 793 1447 862 ὑπὲρ
1497 794 1657 863 ήμῶν
1690 796 1892 865 άνυμνε

2021 809 2168 861 nem,
2189 797 2480 869 salvosque
2498 818 2598 858 nos
2628 804 2815 863 faciat.
2842 808 3045 865 Deinde
3078 812 3423 867 modulantur
3445 813 3601 870 «Glo-

346 868 557 940 Κύριον
615 872 828 942 Ἰησοῦν
869 877 1130 947 Χριστὸν,
1163 883 1259 934 καὶ
1305 884 1627 955 οίκτίρμόνά
1657 904 1792 957 φησι
1823 888 1917 944 καὶ

346 961 642 1016 πολυέλεον
692 968 790 1018 καὶ
839 969 1119 1039 ἀληθινόν.
1152 974 1263 1028 Kal
1294 974 1479 1030 δοῦναι
1526 979 1661 1048 ἡμῖν
1690 984 1916 1049 σημεῖον

345 1055 428 1117 είς
453 1054 661 1122 ἀγαθὸν
694 1057 1014 1126 ὲξαιτεῖται,
1038 1063 1132 1117 τὸν
1160 1067 1394 1139 σταυρὸν
1418 1069 1685 1140 δηλονότι,
1709 1066 1753 1141 ᾧ
1779 1073 1916 1142 πρὸς

344 1146 589 1218 ἑσπέραν
621 1152 1051 1223 προσηλωμένος
1075 1159 1242 1230 σαρκὶ¹
1262 1161 1289 1213 6
1316 1161 1508 1231 Σωτὴρ
1531 1163 1756 1235 τέθνηκε
1774 1182 1788 1197 '
1820 1170 1915 1219 καὶ

344 1236 548 1329 κράτος
592 1239 815 1310 δοθῆναι
865 1246 1003 1314 ἡμῖν
1072 1249 1264 1319 ζητεῖο
1315 1253 1412 1307 καὶ
1460 1256 1698 1325 σωθῆναι
1741 1261 1912 1329 ἡμᾶς.

346 1323 505 1394 Εἶτα,
534 1348 555 1382 t
586 1332 746 1397 Ἀόξα,
784 1354 803 1387 3
842 1338 1127 1405 μέλπουσι,
1161 1344 1257 1395 καὶ
1284 1346 1314 1397 6
1354 1348 1512 1417 χορὸς
1536 1323 1715 1414 ἄλλος,
1750 1323 1914 1405 *Καὶ

344 1419 441 1473 νῦν
472 1424 612 1490 μετὰ
642 1424 762 1492 τοῦ,
796 1428 932 1493 Δόξα
960 1446 1066 1496 σοι,
1096 1435 1124 1484 6
1153 1434 1460 1499 856;.3Kal
1492 1440 1697 1496 πάλινό
1732 1444 1913 1512 ἱερεὺς

345 1512 552 1581 μικρὰν
584 1518 885 1588 συναπτὴν,
919 1539 938 1573 r
972 1522 1095 1576 Ἐτι
1121 1527 1216 1580 καὶ
1242 1527 1343 1592 ἔτι,
1378 1547 1397 1580 3
1429 1530 1525 1584 καὶ
1551 1532 1629 1597 τδ,
1672 1551 1692 1585 ‹
1734 1533 1912 1589 Ἀντι-

338 1600 507 1654 λαεοῦ
528 1618 543 1634 ·
574 1621 594 1656 3
616 1606 712 1660 καὶ
736 1608 765 1660 6
792 1610 1002 1681 ψάλτης
1028 1613 1147 1681 μετ’
1171 1616 1336 1687 ᾠδῆς,
1364 1637 1384 1671 r
1416 1620 1527 1691 Τὴν
1556 1624 1906 1698 οἰκουμένην,

351 1694 691 1787 ᾎλληλούῖα.
737 1718 757 1751 3
817 1700 974 1757 Ἐπεὶ
1005 1705 1115 1776 γὰρ
1162 1703 1321 1763 εῖπεν
1350 1713 1378 1764 6
1417 1712 1598 1783 ἱερεὺς
1650 1694 1788 1787 πρὸς
1819 1694 1911 1772 τὸν

337 1785 496 1851 θεὸν,
534 1805 553 1839 ‹
594 1790 943 1857 ’Δν-ιλαθοῦ,
976 1797 1177 1863 σῶσον,
1208 1801 1436 1869 ἐλέησον
1460 1806 1555 1858 καὶ
1581 1785 1910 1876 διαςρύλαξον

340 1878 491 1994 mibi;
523 1881 550 1931 6
580 1880 714 1994 8:6;
885 1889 950 1994 ei!
1002 1890 1210 1961 χάριτι,
1277 1913 1296 1947 3
1348 1898 1544 1965 ἐπάγει
1586 1901 1614 1952 6
1673 1900 1906 1972 ψάλτης.
1942 1939 1986 1994 Β

345 1988 372 2020 ι
405 1969 532 2025 Ὅτι
582 1973 681 2043 τὴν
723 1976 1070 2051 οἰκουμένην,
1109 1984 1139 2036 ὁ
1166 1986 1321 2051 Θεὸς,
1359 1988 1667 2054 άντιλαϐοὖ,
1704 1969 1901 2057 σῶσον,

335 2062 562 2132 ἐλέησον
613 2068 710 2119 καὶ
772 2069 971 2137 διαφύλ
1013 2074 1104 2137 ξον
1152 2080 1218 2147 τῇ
1276 2080 1541 2151 ἐπιδημία
1593 2101 1710 2137 σου.
1765 2103 1783 2135 3
1833 2088 1899 2138 ὐ

334 2157 490 2225 δηλοῖ
514 2158 575 2209 τὸ
618 2158 956 2229 Ἀλληλούῖα.
1003 2164 1298 2238 Ἐπιδημιία
1326 2173 1433 2239 γὰρ
1454 2172 1612 2234 Θεοῦ.
1637 2176 1731 2226 καὶ
1752 2174 1903 2228 ἔλευ-

337 2264 424 2311 σις
453 2251 546 2303 καὶ
575 2251 849 2321 ἑμφάνεια
875 2254 1012 2309 Θεοῦ
1046 2259 1413 2328 ᾱρμηνεύεται
1449 2264 1508 2315 τὸ
1558 2266 1896 2333 Ἀλληλούῖα,

333 2339 431 2390 καὶ
474 2340 576 2408 τῆς
618 2343 936 2413 οἰκονομίας
987 2348 1146 2402 τοῦτό
1190 2353 1340 2406 ἐστιν
1382 2355 1659 2424 ἐξαίρετος
1726 2355 1900 2424 αἶνος.

333 2430 427 2482 Διδ
477 2431 571 2485 καὶ
618 2435 860 2503 συνεχῶς
908 2437 1069 2493 τοῦτο
1114 2442 1245 2512 παρ’
1279 2445 1440 2513 ἡμῶν
1486 2449 1775 2517 ψάλλεται,
1807 2453 1903 2507 καὶ

333 2522 440 2589 πρὸ
499 2523 592 2577 τοῦ
650 2527 984 2596 Εὑαγγελίου
1038 2531 1286 2601 λέγεται,
1341 2536 1418 2600 ὡς
1456 2538 1554 2607 τὴν
1593 2546 1901 2611 παρουσίαν

330 2613 571 2686 Χριστοῦ
637 2618 831 2687 δηλοῦν
871 2621 932 2675 τὸ
1012 2625 1350 2696 ’Δλληλούϊα.
1386 2649 1404 2682 «
1448 2632 1707 2702 Ἔρχεται
1767 2637 1897 2706 γάρ,

331 2709 519 2776 φησὶν,
559 2713 585 2763 6
619 2712 774 2775 Θεός⁶
815 2713 876 2776 ὃς
927 2716 1024 2769 καὶ
1052 2711 1208 2787 ἦλθε,
1241 2722 1338 2774 καὶ
1372 2721 1433 2786 ἐξ
1457 2724 1702 2794 οὐρανῶν
1737 2729 1899 2784 πάλιν

328 2799 629 2858 ἐλεύσεται.
647 2823 667 2857 3
696 2806 807 2859 Kal.
826 2806 855 2859 6
878 2806 1077 2877 ἱερεὺς,
1101 2813 1242 2881 «Τῆς
1267 2814 1543 2883 Παναγίας
1565 2819 1853 2890 άχράντου,
1875 2846 1894 2879 3

326 2894 521 2961 εἰπὼν,
576 2899 670 2951 καὶ
729 2902 1009 2972 παραδοὺς
1047 2905 1257 2970 πάντας
1302 2909 1379 2979 τῷ
1415 2910 1534 2979 Θεῷ
1568 2913 1652 2966 διὰ
1681 2916 1899 2971 πάντων

324 2984 436 3041 τῶν
459 2988 651 3057 ἁγίων,
679 2991 932 3060 ἑκφωνεῖ,
957 2995 1111 3050 «Ὅτι
1133 2999 1225 3051 σδν
1246 3000 1308 3052 τὺ
1324 3004 1575 3069 κράτος,ι
1601 3005 1897 3073 δοξολογῶν

327 3077 424 3131 τὸν
472 3080 530 3133 ὲν
576 3076 771 3152 Τριάδι
813 3085 978 3156 μόνον
1008 3087 1166 3145 Θεόν.
1198 3091 1309 3144 Καὶ
1337 3093 1501 3154 εὐθὺς
1529 3097 1556 3148 6
1584 3096 1804 3164 ψάλλων
1834 3099 1897 3152 τὸ

294 3172 473 3245 ,κατά
498 3173 599 3244 τὴν
634 3174 855 3245 ἡμέραν
899 3176 1015 3249 ᾄδει
1051 3183 1434 3251 προκείμενον.
1474 3184 1539 3237 '0
1582 3187 1676 3239 καὶ
1713 3188 1897 3242 τελευ-

2022 885 2157 942 ria.3
2192 887 2442 959 aliusque
2471 892 2673 950 chorus
2706 906 2888 951 cantat
2925 917 2940 954 :
2982 900 3077 954 «Et
3105 916 3302 966 nunc,3
3342 919 3463 958 cum
3492 909 3593 961 hac

2016 973 2199 1032 laude:
2217 978 2428 1034 «Gloria
2452 983 2774 1046 tibr,Deus.3
2798 987 3070 1043 Etiterum
3095 993 3352 1047 sacerdos
3372 1010 3593 1061 parvam

2016 1062 2150 1152 dicit
2166 1066 2523 1138 Conjunctam
2543 1072 2918 1145 (orationem):
2940 1078 3028 1131 «Et
3052 1097 3196 1136 nunc
3212 1097 3451 1152 quoque.
3467 1104 3484 1136 3
3511 1096 3566 1141 et
3585 1084 3600 1120 ³

2018 1151 2316 1225 «Suscipe;
2351 1176 2371 1209 3
2419 1167 2473 1213 et
2491 1159 2975 1219 choristaicantat:
3006 1167 3279 1235 «Terram,
3302 1151 3587 1229 Alleluia»

2014 1241 2151 1299 Nam
2188 1258 2482 1317 postquam
2509 1250 2652 1307 dixit
2680 1254 2747 1308 ad
2782 1255 2949 1309 Deum
2984 1260 3271 1318 sacerdos:
3305 1263 3588 1333 «Suscipe,

2014 1337 2186 1406 salva,
2214 1340 2496 1409 miserere,
2514 1352 2568 1400 et
2584 1346 2796 1402 custodi
2822 1362 2941 1415 nos,
2977 1350 3139 1413 Deus,
3161 1351 3215 1405 iu
3247 1360 3338 1407 tua
3358 1355 3592 1423 gratia,3

2014 1429 2189 1499 pergit
2206 1439 2399 1486 cantor
2413 1433 2644 1490 dicendo
2668 1451 2683 1490 :
2710 1436 2964 1493 «Terram
2995 1440 3138 1495 Deus
3159 1442 3397 1511 suscipe,
3419 1445 3592 1509 salva,

2013 1520 2387 1577 misericordia
2406 1538 2755 1597 prosequere,
2770 1536 2828 1583 et-
2854 1530 3071 1586 custodi
3097 1536 3150 1586 in
3172 1533 3407 1588 adventu
3438 1542 3552 1596 tuo,
3569 1554 3587 1586 3

2013 1611 2158 1680 quod
2194 1612 2536 1671 demonstrat
2568 1617 2703 1673 illud
2728 1619 2987 1688 Alleluia;
3024 1638 3147 1677 nam
3179 1624 3474 1679 adventum
3500 1625 3595 1680 Dei

2015 1717 2309 1759 accessum
2332 1712 2389 1761 et
2417 1708 2917 1766 manifestationem
2947 1712 3039 1768 Dei
3088 1723 3250 1769 sonat
3298 1730 3401 1770 vox
3442 1718 3589 1770 Alle-

2014 1793 2153 1857 luia,
2193 1802 2251 1850 et
2303 1795 2363 1851 in
2412 1797 2518 1852 hoc
2566 1808 2787 1855 constat
2819 1801 3116 1859 Dominicaz
3164 1806 3592 1875 dispensationis

2014 1887 2131 1943 laus
2150 1889 2374 1947 eximia.
2396 1891 2689 1962 Pr0pterea
2717 1894 2850 1951 illud
2882 1900 3175 1969 conjuncte
3206 1916 3235 1955 a
3260 1901 3421 1956 nobis
3448 1904 3593 1970 psal-

2017 1977 2149 2033 litur
2171 1990 2226 2035 et
2252 1990 2377 2036 ante
2409 1980 2765 2052 Evangelium
2794 1987 3016 2055 dicitur,
3071 1992 3332 2060 quoniam
3388 1992 3591 2048 Christi

2020 2070 2311 2126 adventum
2335 2072 2607 2142 significat
2628 2076 2879 2146 Alleluia;
2912 2079 2990 2133 ait
3016 2080 3183 2135 enim.
3205 2080 3401 2137 «Venit
3424 2083 3589 2146 Deus.

2017 2156 2110 2225 qui
2136 2158 2247 2227 jam
2284 2161 2456 2225 venit,
2492 2172 2658 2230 atque
2682 2178 2749 2218 ex
2771 2167 2914 2221 ctelo
2950 2169 3182 2225 veniet.3
3212 2168 3277 2224 Et
3333 2172 3591 2226 sacerdos

2016 2247 2160 2303 dicta
2190 2252 2435 2307 oratione
2460 2252 2886 2311 :«Sanctissima?
2902 2266 2955 2312 et
2974 2260 3357 2327 immaculata,
3373 2281 3392 2314 3
3413 2264 3592 2317 omni--

2018 2344 2121 2398 lius
2150 2344 2257 2398 Deo
2277 2359 2371 2413 per
2387 2360 2576 2402 omnes
2594 2358 2811 2404 sanctos
2834 2353 3256 2420 commendatis,
3283 2357 3548 2410 exclamat
3570 2374 3585 2412 :

2018 2433 2315 2500 «Quoniam
2350 2445 2499 2489 tuum
2527 2438 2941 2508 estimperium,
2977 2460 2996 2493 3
3022 2442 3199 2497 solum
3226 2443 3282 2499 in
3317 2442 3587 2499 Trinitate

2018 2524 2187 2581 Deum
2248 2526 2581 2597 gloriﬁcans.
2637 2527 2704 2582 Et
2760 2530 2945 2585 statim
2992 2533 3249 2588 .chorista
3285 2534 3390 2589 diei
3462 2552 3588 2606 pro-

2017 2619 2135 2690 pria
2193 2627 2419 2681 cantat,
2471 2621 2613 2689 quod
2643 2622 2807 2676 etiam
2856 2625 3047 2679 ultima
3070 2625 3274 2680 dicitur
3328 2628 3583 2696 antiplio-

2014 2726 2084 2765 na
2116 2719 2334 2780 propter
2362 2710 2497 2766 alias
2520 2710 2848 2779 antiphonas
2892 2714 3020 2769 olim
3057 2716 3254 2779 dictas,
3285 2733 3428 2771 nunc
3452 2734 3582 2773 vero

2013 2804 2274 2858 omissas.
2293 2803 2481 2874 Itaque
2501 2804 2755 2873 vesperis.
2770 2804 2991 2861 Sabbati
3015 2808 3213 2862 dicitur
3234 2824 3420 2865 versus
3442 2826 3583 2866 unus

2006 2897 2296 2964 epsalmo:
2334 2897 2636 2967 «Exsurgat
2677 2898 2841 2963 Deus,
2890 2907 2969 2965 et,
3006 2898 3218 2965 Gloria,
3240 2913 3316 2967 et,
3342 2900 3514 2966 Nunc,
3554 2921 3576 2955 3

2012 2988 2286 3056 simulque
2319 2988 2563 3058 psalmus
2595 3008 2607 3043 :
2652 3008 2671 3041 «
2714 2991 2959 3055 Domine,
3014 2992 3243 3048 clamavi
3273 3011 3291 3045 3
3326 3010 3450 3049 cum
3503 2996 3583 3050 in-

2014 3081 2269 3134 tercalari
2319 3081 2646 3135 versiculo:
2706 3100 2724 3133 «
2778 3081 3055 3137 Virilicam
3116 3086 3576 3141 resurrectionem

2014 3179 2185 3235 tuam,
2216 3168 2465 3236 Domine,
2497 3169 2870 3239 glorificamus
2899 3192 2949 3237 3,
2989 3174 3135 3243 quod
3167 3175 3353 3245 prima
3375 3177 3579 3231 dicitur

327 3263 480 3313 ταϊον
530 3263 834 3331 ἀντίφωνον
865 3265 1087 3334 λέγεται
1136 3268 1223 3324 διά
1274 3274 1343 3323 τὰ
1401 3271 1567 3342 ἔτερα
1599 3276 1896 3344 ἀντίφωνα,

2012 3260 2313 3315 Dominica.
2350 3260 2467 3314 Alia
2497 3276 2626 3316 vero
2666 3277 2680 3318 :
2714 3280 2732 3314 «
2784 3261 3090 3323 Salutarem
3138 3273 3285 3321 tuam
3336 3284 3578 3325 resurre-

327 3351 593 3424 λεγόμενα
627 3356 725 3424 μὲν
760 3357 979 3427 πρώην,
1027 3361 1301 3429 ἀφεθέντα
1348 3363 1405 3417 δὲ
1447 3366 1563 3421 νῦν.
1619 3368 1707 3436 Τῷ
1760 3369 1896 3421 Σαϐ-

326 3443 479 3515 6άτῳ
504 3439 599 3498 οὖν
629 3447 895 3518 ἑσπέρας,
936 3467 956 3501 ι
1007 3450 1324 3525 Ἀναστήτω
1361 3453 1391 3505 ὀ
1416 3454 1570 3518 Θεὸς,
1623 3474 1641 3508 3
1680 3457 1895 3526 λέγεται

320 3534 506 3604 στίχος
542 3534 642 3600 εἷς,
676 3539 773 3592 καὶ
814 3539 943 3603 δόξα
987 3542 1084 3594 καὶ
1111 3540 1228 3607 νῦν,
1267 3560 1286 3593 3
1325 3544 1421 3597 καὶ
1470 3549 1758 3611 ουναπτῶς
1792 3551 1891 3618 τῷ,

323 3644 347 3679 ε
383 3627 582 3699 Κύριε,
629 3630 928 3699 ἐκέκραξα,
966 3649 986 3683 3
1026 3632 1163 3701 μετὰ
1208 3634 1301 3687 τοῦ
1331 3634 1672 3707 ὕποψάλμου,
1719 3657 1736 3690 «
1782 3641 1893 3710 Τὴν

317 3718 606 3789 ζωηφόρον
632 3737 724 3773 σου
754 3719 995 3794 θερσιν,
1023 3721 1221 3792 Κύριε,
1252 3724 1554 3795 δοξάζομεν
1579 3744 1591 3757 ·
1617 3728 1645 3781 ὃ
1675 3729 1894 3796 λέγεται

313 3811 382 3878 τῇ
417 3810 517 3879 μιᾷ
544 3810 821 3879 Κυριακῇ.
853 3812 932 3882 Τῇ
966 3812 1025 3866 δὲ
1054 3813 1245 3884 ἑτέρᾳ,
1287 3833 1306 3868 t
1345 3817 1461 3886 Τὴν
1491 3820 1762 3889 σωτήριόν
1795 3836 1889 3874 σου

315 3901 560 3971 ἔγερσιν,
603 3901 799 3972 Κύριε,
850 3903 1168 3975 δοξάζομεν,
1231 3926 1251 3959 3
1294 3909 1388 3962 καὶ
1438 3910 1548 3963 τῶν
1591 3911 1718 3980 ἑξῆς
1747 3913 1891 3965 οὕτω

316 3992 628 4063 λεγομένων
663 3994 884 4063 στίχων,
910 3997 940 4047 6
973 3996 1154 4065 ἱερεὺς
1184 4000 1424 4055 ποιεῖται
1454 4002 1555 4071 τὴν
1589 4003 1816 4067 εῐσοδον,
1852 4005 1885 4073 ἢ

315 4084 413 4135 καὶ
453 4079 703 4145 πλείονες
731 4082 831 4139 σὺν
861 4082 1014 4154 αὑτῷ
1059 4086 1155 4140 καὶ
1190 4086 1453 4156 διάκονοι,
1484 4089 1740 4161 καθάπερ
1766 4091 1887 4156 ἐθος

314 4173 454 4236 ἐστὶ,
512 4173 708 4241 φώτων
744 4176 1200 4246 προηγουμένων,
1253 4180 1351 4234 καὶ
1409 4181 1682 4251 θυμιατοῦ
1735 4183 1887 4247 ὄντος

316 4267 457 4335 μετὰ
500 4267 884 4337 θυμιαμάτων,
934 4270 1020 4333 είς
1060 4270 1231 4327 τύπον
1264 4271 1367 4343 τῆς
1414 4273 1624 4329 ἄνωθεν
1651 4274 1883 4346 τάξεως.

236 4372 237 4379 ‘
311 4361 412 4413 καὶ
451 4359 742 4428 μετάδοσιν
773 4359 884 4415 ἀπὸ
911 4360 1010 4415 τοῦ
1043 4362 1439 4434 θυσιαστηρίου
1472 4369 1573 4437 τῆς
1619 4368 1714 4421 τοῦ
1746 4368 1884 4422 Θεοῦ

310 4452 556 4520 χάριτος,
587 4451 681 4503 καὶ
706 4452 785 4514 είς
811 4450 872 4505 τδ
909 4452 1190 4508 άναθεῐναι
1239 4454 1341 4527 τὴν
1370 4456 1683 4529 προσευχὴν
1723 4457 1884 4528 ἡμῶν

309 4542 423 4595 ἄνω
456 4541 531 4605 ὡς
580 4540 816 4612 εὖοσμον
870 4546 966 4598 καὶ
1008 4546 1171 4614 άγνὸν
1202 4546 1478 4617 θυμίαμα,
1541 4550 1688 4603 καθά
1734 4551 1827 4605 καὶ
1852 4548 1882 4602 6

2002 3354 2261 3418 ctionem,
2308 3354 2558 3420 Domine,
2594 3355 2965 3426 glorificamus
3021 3376 3070 3423 3.,
3110 3366 3164 3414 et
3196 3362 3575 3430 sequentibus.

2001 3445 2259 3500 similiter
2283 3446 2448 3505 dictis
2476 3449 2746 3510 versibus,
2773 3451 3037 3507 sacerdos
3067 3450 3197 3507 facit
3236 3453 3570 3524 ingressum,

1998 3537 2079 3591 vel
2111 3538 2293 3608 plures
2318 3554 2440 3593 cum
2477 3548 2620 3595 eoet
2650 3542 3060 3614 diaconi.prout
3092 3555 3175 3601 est
3212 3547 3569 3611 consuetudo,

1997 3628 2307 3685 luminariis
2361 3633 2822 3701 praecedentibus,
2872 3635 3228 3692 thuriferario
3283 3639 3569 3695 incensum

1994 3729 2247 3790 portante
2276 3721 2328 3775 in
2390 3722 2609 3790 signum
2672 3726 2883 3782 ordinis
2934 3728 3176 3797 desuper
3231 3731 3465 3801 accepti,
3510 3732 3566 3786 in

1994 3812 2503 3868 communicandam
2535 3814 2606 3869 ab
2630 3814 2790 3870 altari
2809 3815 2904 3871 Dei
2934 3818 3182 3894 gratiam,
3207 3828 3376 3887 utque
3402 3835 3567 3890 supra

1994 3903 2262 3973 dirigatur
2292 3905 2467 3959 Oratio
2499 3914 2687 3961 nostra
2747 3919 2807 3962 ut
2835 3922 3031 3977 purum
3085 3909 3324 3980 bonique
3378 3911 3566 3967 odoris

1992 3990 2279 4046 incensum
2306 3992 2766 4062 quemadmodum
2817 4003 3070 4052 cantatus
3092 3999 3169 4052 ait
3195 3999 3437 4067 psalmus
3467 4017 3483 4067 ;
3512 4010 3568 4056 et

1991 4082 2207 4137 dicitur.
2226 4084 2425 4150 oratio,
2452 4084 2835 4140 sacerdotibus
2885 4096 3053 4157 caput
3110 4089 3506 4147 inclinantibus
3543 4110 3560 4152 :

1997 4189 2016 4223 ι
2052 4170 2288 4242 Vespere
2314 4180 2371 4229 et
2392 4188 2552 4230 mane
2575 4184 2635 4231 et
2669 4177 2896 4233 meridie
2937 4196 2986 4243 3,
3009 4188 3174 4250 prout
3214 4180 3421 4238 dictum
3453 4192 3561 4246 est,

1989 4263 2225 4319 cantatis
2244 4265 2473 4319 omnino
2496 4267 2872 4325 consentiens.
2905 4268 2999 4329 Ait
3023 4271 3169 4325 enim
3205 4290 3219 4327 :
3253 4272 3562 4345 tDirigatur

1986 4356 2164 4410 oratio
2187 4365 2374 4412 nostra
2403 4355 2543 4412 sicut
2577 4357 2861 4414 incensum
2883 4360 2936 4414 in
2957 4374 3255 4433 conspectu
3287 4374 3432 4431 tuo,3
3466 4377 3559 4421 et:

1991 4447 2100 4503 «Ne
2114 4450 2351 4507 declines
2372 4465 2467 4508 cor
2482 4460 2732 4509 nostrum
2753 4454 2804 4510 in
2821 4457 2982 4512 verba
2999 4457 3120 4512 mali
3130 4460 3236 4524 tim,
3251 4479 3271 4513 3
3287 4471 3362 4521 et,
3389 4480 3407 4515 «
3420 4460 3563 4518 Erue

1985 4555 2087 4596 nos
2121 4542 2193 4601 ah
2216 4542 2473 4601 omnibus
2495 4545 2587 4615 qui
2617 4558 3022 4616 persequuntur
3049 4550 3311 4615 animas;3
3344 4564 3418 4619 et,
3448 4552 3558 4610 «Ad

309 4626 570 4697 ᾁδόμενος
598 4628 749 4697 λέγει
778 4629 1016 4702 ψαλμὺς,
1051 4636 1147 4687 καὶ
1184 4636 1218 4704 ἡ
1247 4636 1403 4707 εὐχὴ,
1452 4638 1745 4693 κλινόντων
1773 4639 1882 4694 τῶν

2001 4643 2041 4686 Le
2058 4631 2307 4697 Domine.
2325 4634 2555 4690 Domine
2577 4637 2720 4692 oculi
2740 4640 2909 4694 nostri
2937 4654 2989 4705 ;3
3018 4653 3094 4705 et,
3125 4642 3234 4699 «Ne
3247 4645 3560 4702 confundas

310 4717 501 4789 ἱερέων
538 4719 835 4791 λεγομένη,
888 4724 975 4789 τὸ,
1042 4742 1061 4776 t
1126 4727 1398 4797 Ἐσπέρας
1445 4730 1540 4782 καὶ
1585 4729 1732 4801 πρωῒ
1786 4733 1883 4785 καὶ

310 4810 685 4879 μεσημϐρίας,
742 4830 761 4864 3
831 4812 907 4877 ὡς
967 4816 1209 4886 εἴρηται,
1278 4818 1556 4889 ἁρμοδίως
1591 4821 1758 4891 ’πρὸς
1812 4822 1884 4875 τὰ

226 4958 229 4959 ν
304 4898 620 4970 ψαλλόμενα
660 4902 881 4973 ἔχουσα.
937 4921 959 4957 t
1012 4908 1357 4964 Κατεύθυνον
1402 4912 1533 4981 γὰρ,
1578 4914 1735 4983 φησὶ,
1783 4913 1884 4984 τὴν

310 4993 622 5063 προσευχὴν
853 4996 1033 5066 ἡμῶν,
1069 4998 1146 5063 ὡς
1174 4999 1423 5071 θυμίαμα
1451 5001 1682 5056 ἐνώπιόν
1708 5019 1822 5069 σου,
1858 5021 1875 5055 3

308 5081 426 5146 καὶ,
451 5101 470 5134 «
490 5084 582 5154 Μὴ
600 5084 860 5157 ἐκκλίνῃς
876 5087 976 5151 τὰς
1002 5090 1226 5161 καρδίας
1246 5092 1524 5161 ήμῶν,καὶ
1547 5093 1705 5166 ῥῦσαι
1735 5096 1883 5165 ἡμᾶς

305 5170 373 5223 ἐκ
426 5172 647 5227 πάντων
675 5176 787 5230 τῶν
839 5165 1184 5247 θηρευόντωι)
1214 5183 1314 5244 τάς
1359 5165 1559 5253 ψυχὰς,
1602 5204 1621 5237 3
1658 5185 1752 5239 καὶ
1796 5185 1881 5240 ὅτι

308 5281 330 5315 s
366 5264 509 5332 Πρὸς
542 5264 623 5326 σὲ,
648 5266 845 5335 Κύριε,
873 5269 1070 5341 Κύριε,
1107 5272 1157 5325 oi
1186 5272 1457 5343 ὀφθαλμοὶ⁵
1486 5275 1665 5345 ἡμῶν,
1711 5295 1730 5329 3
1764 5278 1882 5344 καὶ,

308 5371 328 5405 ι
379 5353 473 5441 Μὴ
506 5357 881 5429 καταισχύνῃς
914 5361 1082 5431 ἡμᾶς,
1132 5362 1161 5414 ὁ
1206 5364 1338 5427 Θεὸς
1391 5366 1570 5434 ἡμῶν.
1623 5386 1642 5419 3
1707 5370 1818 5423 Kal
1848 5370 1883 5441 ἠ

299 5440 645 5511 ὲκφώνησις.
685 5444 1088 5517 Ἀνισταμένων
1134 5450 1190 5504 δὲ
1219 5452 1329 5506 τῶν
1381 5455 1593 5525 ἱερέων,
1643 5440 1882 5527 σφραγὶς

303 5530 520 5597 γίνεται
580 5535 870 5604 σταυρική.
907 5537 1041 5606 Kal,
1093 5559 1120 5593 ι.
1171 5540 1569 5615 Εὐλογημένη,
1628 5547 1880 5620 φησὶν,ή

301 5619 513 5684 εἴσοδος
552 5622 661 5676 τῶν
691 5623 863 5691 ἁγίων
899 5643 1017 5695 σου,
1068 5631 1265 5702 Κύριε,
1312 5653 1330 5686 3
1386 5635 1483 5688 καὶ
1530 5637 1615 5703 τὸ,
1651 5655 1669 5688 ε
1711 5619 1883 5711 Σοφίᾳ

305 5712 481 5779 ὀρθοῖ,
527 5730 545 5763 3
586 5711 805 5783 λέγεται
862 5719 1003 5786 μετὰ
1055 5724 1358 5792 σταυρικοῦ
1403 5728 1631 5797 σημείου
1661 5728 1749 5784 διὰ
1787 5730 1880 5783 τοῦ

304 5802 698 5875 θυμιατηρίου.
743 5808 809 5859 ’Δ
858 5809 1037 5865 πάντα
1086 5813 1311 5885 δηλοῦσι
1343 5818 1444 5888 τὴν
1501 5820 1589 5872 ἐπ’
1636 5822 1881 5892 ἐσχάτων

304 5891 521 5955 αίὼνων
548 5897 814 5973 καὶ-πρὸς
843 5901 1053 5975 δυσμάς
1084 5904 1177 5961 τοῦ
1217 5908 1332 5979 βίου
1359 5910 1547 5967 τούτου
1581 5891 1881 5974 κατάϐασιν

1990 4734 2112 4788 nos,
2133 4719 2273 4778 Deus
2297 4732 2499 4780 noster.
2520 4742 2538 4776 3
2565 4724 2926 4795 Surgentibus
2945 4742 3126 4787 autem
3156 4736 3559 4799 sacerdotibus,

1985 4814 2254 4869 crucisﬁt
2279 4816 2517 4886 signum,
2546 4826 2601 4872 et
2657 4819 2783 4873 ait:
2819 4837 2841 4872 «
2892 4821 3227 4880 Benedictus
3280 4826 3560 4898 ingressus

1987 4914 2305 4962 sanctorum
2334 4914 2579 4970 tuorum.
2606 4907 2890 4979 Domine,3
2920 4916 3214 4984 etdicitur,
3250 4920 3558 4990 «Sapientia

1984 4996 2208 5063 erecti,3
2248 5012 2379 5052 cum
2401 4998 2559 5069 signo
2618 5003 2803 5059 crucis
2860 5021 2955 5075 per
2996 5008 3383 5081 tlturibulum;
3438 5030 3560 5083 quae

1984 5088 2166 5144 omnia
2191 5088 2576 5149 demonstrant
2614 5094 2668 5149 in
2712 5102 3188 5158 consummatione
3226 5107 3553 5161 saeculorum

1982 5187 2040 5233 et
2065 5178 2132 5233 ad
2161 5194 2417 5236 occasum
2455 5182 2621 5253 hujus
2658 5187 2778 5241 vitae
2796 5187 3106 5246 faciendum
3172 5192 3474 5251 Salvatoris
3520 5212 3551 5251 a

1985 5271 2128 5327 cmlo
2167 5271 2516 5337 descensum,
2576 5277 2854 5348 vitamque
2898 5281 3020 5349 ejus
3067 5283 3213 5341 sicut
3268 5283 3551 5339 incensqu

1984 5364 2403 5430 sanctilicatam,
2445 5367 2861 5439 animarumque
2897 5375 3304 5431 nostrarumad
3337 5373 3551 5432 Patrem

1984 5469 2080 5523 per
2114 5456 2522 5511 sanctissimum
2559 5457 2680 5525 ejus
2708 5475 2909 5530 corpus
2940 5463 3356 5530 admissionem,
3387 5483 3551 5535 quam

1983 5546 2119 5601 fecit
2153 5548 2478 5604 humiliatus
2513 5565 2688 5621 usque
2730 5554 2795 5607 ad
2846 5569 3066 5612 crucem
3095 5567 3155 5613 et
3203 5570 3461 5624 mortem,
3501 5570 3557 5617 et

1983 5640 2049 5695 ad
2072 5641 2280 5696 inferos
2303 5642 2611 5707 descendit,
2632 5652 2687 5698 et
2719 5645 2894 5700 victor
2924 5662 3023 5717 per
3053 5663 3272 5704 crucem
3305 5666 3550 5707 resurre-

1982 5735 2084 5799 xit,
2112 5742 2166 5787 et
2190 5735 2437 5789 ascendit
2490 5734 2558 5789 ad
2601 5734 2802 5792 Sancta
2830 5748 3144 5795 sanctorum
3205 5741 3260 5797 in
3308 5744 3550 5799 ctelestia

1983 5825 2143 5881 nobis
2166 5828 2438 5894 patefacto
2470 5826 2742 5897 ingressu.
2803 5833 3033 5901 Propter
3067 5838 3209 5904 quod
3240 5844 3433 5890 cantor
3486 5836 3552 5895 'td

1984 5917 2133 5974 hunc
2162 5932 2403 5985 versum,
2440 5937 2459 5973 «
2500 5920 2758 5992 quoniam
2779 5925 2846 5980 ad
2864 5934 2936 5994 te,
2962 5924 3206 6001 Domine,
3244 5927 3489 5997 Domine,
3524 5946 3546 5981 3
