4068 6280
582 438 681 500 631

1405 440 1779 501 SYMEONIS
1818 440 2574 502 THESSALONICENSIS
2611 441 2965 502 ARCHIEP.

3706 439 3824 503 632

580 551 921 606 convertitur
949 549 1014 605 ad
1041 565 1325 617 occasum,
1352 562 1408 608 et
1437 553 1673 608 adorans
1705 552 1900 606 invitat
1959 567 2141 607 sacer.

2258 553 2344 604 ἀπ’
2369 552 2602 622 οὑρκνοῦ
2639 553 2734 607 τοῦ
2767 553 3040 622 Σωτῆρος,
3075 551 3172 604 καὶ
3202 551 3301 621 τὴν
3347 551 3689 622 ἡγιασμένην
3719 555 3822 606 αὐ-

578 641 762 697 dotem
794 642 886 707 qui
923 641 1210 696 Dominum
1237 650 1614 711 repraesentat,
1659 653 1708 696 et
1741 643 2014 697 cantando
2041 643 2152 696 cla-

577 747 693 791 mat
728 753 743 789 :
781 734 1077 800 «Quoniam
1109 736 1174 790 ad
1201 743 1276 800 te,
1304 736 1548 800 Domine,
1581 735 1826 799 Domine,
1847 737 1988 790 oculi
2023 737 2150 800 mei,

577 830 634 882 in
677 838 730 884 te
757 830 996 899 speravi,
1024 844 1094 883 ne
1114 830 1311 897 perdas
1339 829 1576 882 animam
1610 843 1806 883 meam.
1846 847 1865 879 ι
1895 829 2028 894 Quae
2063 842 2154 882 os-

577 920 810 974 tendunt
843 935 992 989 spezn
1019 922 1070 973 in
1101 919 1330 974 Domino
1355 929 1408 973 et
1439 920 1508 973 ab
1533 933 1598 974 eo
1647 919 1880 972 dandam
1942 918 2152 971 anima-

579 1027 698 1065 rum
722 1019 1034 1064 nostrarum
1065 1009 1445 1066 liberationem
1483 1018 1646 1077 atque
1672 1009 1925 1069 salutem,
1963 1023 2154 1074 quem-

579 1103 876 1156 admodum
910 1116 1070 1170 supra
1097 1100 1304 1155 dictum
1355 1110 1459 1155 est.
1488 1099 1688 1168 Sicque
1759 1099 2019 1154 sacerdos
2065 1113 2153 1152 as-

575 1193 819 1247 cendens
844 1192 1017 1247 altare
1049 1191 1354 1260 ingreditur
1379 1191 1526 1245 sicut
1546 1190 1796 1242 Salvator
1827 1189 1882 1241 in
1909 1189 2108 1244 cmlum
2135 1205 2150 1256 ;

576 1285 765 1355 liymni
785 1299 914 1338 vero
951 1269 1375 1338 resurrectionis
1405 1289 1699 1336 cantantur
1736 1279 1790 1334 in
1816 1281 2051 1334 ambnne
2070 1282 2153 1335 vel

577 1383 835 1442 suggestu
861 1373 914 1426 in
943 1371 1169 1440 figuram
1197 1370 1511 1438 angelorum
1542 1368 1845 1422 Sztlvatoris
1898 1383 2150 1423 resurre-

574 1463 808 1516 ctionem
830 1461 1248 1522 celebrantium,
1283 1468 1338 1513 et
1371 1459 1745 1526 apostolorum
1800 1474 1918 1513 eam
1946 1461 2150 1516 mundo

577 1553 1012 1621 praedicantium.
1045 1553 1179 1605 Dum
1217 1553 1330 1604 bace
1391 1559 1702 1615 cantszntur,
1743 1550 1802 1604 [lt
1861 1549 2074 1604 suﬂitus
2119 1566 2150 1606 a

574 1645 864 1698 sacerdote
895 1653 990 1696 aut
1024 1658 1054 1696 a
1091 1643 1346 1709 diacono,
1369 1644 1628 1712 quoniam
1660 1657 1689 1696 a
1715 1643 1956 1697 redivivo
1977 1653 2031 1696 et
2062 1657 2152 1698 as-

575 1743 792 1803 sumpto
816 1734 1034 1790 Christo
1059 1736 1260 1787 emissa
1285 1741 1371 1787 est
1403 1731 1559 1786 nobis
1585 1732 1758 1802 gratia
1784 1730 2041 1801 Spiritus.
2084 1730 2150 1784 Et

576 1835 704 1895 post
733 1826 970 1889 «Gloria,
1012 1834 1065 1879 et
1097 1823 1306 1888 Nunc,»
1342 1832 1632 1878 cantautur
1663 1828 1884 1893 praevia,
1917 1841 2149 1895 nempe:

2254 644 2349 696 τοῦ
2385 646 2457 699 ὡς
2499 645 2750 714 θυμίαμα
2784 644 2950 713 ζωὴν,
3002 645 3098 696 καὶ
3129 644 3496 712 προσαγωγὴν
3528 645 3688 713 ἡμῶν
3732 645 3821 698 διὰ

2253 735 2350 788 τοῦ
2383 737 2653 804 παναγίου
2687 737 2942 806 σώματος
2972 733 3138 788 αὐτοῦ
3182 733 3261 803 τῷ
3308 734 3501 804 Πατρὶ,
3538 737 3608 807 ἢν
3635 752 3824 789 ταπει-

2253 830 2447 890 νωθεὶς
2481 830 2736 900 ἐποίησεν
2765 831 2894 900 ἄχρι
2928 829 3165 900 σταυροῦ
3207 830 3302 884 καὶ
3340 829 3593 892 θανάτου,
3623 832 3824 892 καὶ“είς

2254 921 2347 974 τὸν
2381 920 2512 992 ᾅδην
2538 923 2797 993 κατῆλθε,
2828 924 2926 977 καὶ
2975 922 3175 990 ἀνέστη
3210 923 3443 992 νικήσας
3472 922 3550 992 τῷ
3586 923 3823 992 σταυρῷ,

2257 1016 2352 1066 καὶ
2384 1013 2615 1080 ἀνῆλθεν
2661 1016 2742 1076 εις
2784 1015 2852 1067 τὰ
2886 1014 3053 1081 ’Ἅγια
3086 1013 3194 1067 τῶν
3229 1012 3408 1080 ἁγίων
3435 1012 3507 1065 τὰ
3534 1014 3831 1084 ἐπουράνια

2255 1105 2388 1171 ἡμῖν
2424 1105 2659 1172 ποιήσας
2684 1103 2784 1172 τὴν
2815 1103 3045 1156 εἴσοδον.
3073 1103 3164 1155 Διδ
3188 1104 3281 1155 καὶ
3313 1103 3341 1154 ό
3365 1101 3577 1172 ψάλτης
3609 1103 3689 1166 είς
3713 1105 3831 1157 τόν·

2254 1197 2312 1249 δε
2339 1197 2430 1249 τὸν
2460 1199 2660 1266 στίχον,
2701 1196 2858 1249 «Ὀτι
2893 1195 3032 1264 πρὸς
3053 1195 3134 1260 σέ,
3166 1193 3362 1263 Κύριε,
3397 1195 3590 1262 Κύριε,
3622 1213 3642 1247 ι
3678 1196 3833 1265 στρέ-

2254 1309 2416 1358 φεται
2447 1293 2584 1362 πρὸς
2614 1293 2860 1358 δυσμάςο
2891 1292 2988 1345 καὶ
3009 1292 3330 1360 προσκυνῶν
3361 1292 3519 1345 καλεῖ
3541 1293 3633 1344 τὸν
3657 1277 3829 1360 ἱερέα,

2253 1383 2532 1436 τυποῦντα
2563 1385 2656 1435 τὸν
2697 1384 2921 1453 Κύριον,
2963 1383 3060 1436 καὶ
3104 1384 3338 1446 ἐκφωνεϊ
3365 1381 3605 1449 ψάλλων,
3643 1401 3662 1432 «
3705 1382 3832 1435 ὀτι

2255 1475 2392 1543 πρὸς
2421 1474 2504 1537 σέ,
2543 1475 2736 1542 Κύριε,
2774 1457 2968 1542 Κύριε,
3002 1475 3053 1525 oi
3106 1471 3376 1540 ὀφθαλμοί
3429 1489 3553 1541 μου,
3608 1473 3700 1524 ἐπὶ
3751 1474 3834 1527 σοὶ

2259 1567 2498 1635 ἧλπισα·
2539 1565 2611 1633 μή
2648 1564 2946 1634 ἀντανέλῃς
2973 1563 3073 1629 τὴν
3111 1563 3294 1632 ψυχήν
3323 1579 3445 1631 μου.
3497 1581 3517 1613 ι
3555 1561 3744 1616 Ταῦτα
3775 1562 3832 1615 δὲ

2259 1658 2360 1725 τὴν
2392 1657 2485 1710 ἐπὶ
2509 1656 2585 1725 τῷ
2612 1657 2800 1725 Κυρίῳ
2829 1656 2981 1724 δηλοῖ
3003 1656 3217 1717 ἐλπίδα,
3259 1655 3355 1708 καὶ
3381 1655 3479 1724 τὴν
3506 1655 3638 1724 παρ’
3664 1655 3833 1707 αὐτοῦ

2255 1749 2574 1817 ἐλευθερίαν
2599 1747 2709 1804 τῶν
2737 1746 2926 1816 ψυχῶν
2948 1746 3106 1816 ἡμῶν
3133 1748 3229 1799 καὶ
3267 1746 3564 1814 σωτηρίαν,
3601 1745 3675 1809 ὡς
3699 1763 3832 1816 προε-

2255 1840 2494 1910 είρηται.
2530 1839 2640 1893 Καὶ
2669 1839 2843 1899 οὕτως
2889 1838 2918 1890 ὁ
2975 1837 3073 1906 μὲν
3126 1836 3310 1906 ἱερεὺς
3356 1835 3726 1904 ἀνερχόμενος
3771 1834 3833 1887 τὸ

584 1937 603 1968 «
620 1919 882 1974 Dominus
915 1922 1188 1988 regnavit,
1209 1927 1382 1972 morte
1401 1918 1728 1986 diaboloque
1744 1933 1866 1971 cum
1899 1919 2154 1972 omnibus

2259 1907 2648 1999 θυσιαστῆριον
2679 1930 2986 1998 εἰσέρχεται
3015 1928 3090 1990 ὡς
3119 1928 3146 1980 ὁ
3179 1927 3370 1996 Σωτὴρ
3407 1927 3487 1988 είς
3513 1917 3649 1989 τοὺς
3670 1926 3833 1995 ούρα-

581 2010 924 2064 daamouibus
946 2011 1196 2072 devictis,
1229 2019 1284 2064 et
1336 2010 1594 2064 decorem
1628 2009 1851 2062 indutus
1917 2017 2000 2062 est
2053 2011 2154 2061 im-

575 2103 970 2156 mortalitatem
1001 2102 1181 2156 carnis
1213 2111 1268 2156 et
1303 2103 1792 2169 incorruptionem,
1849 2110 1905 2153 et
1945 2109 2149 2154 terram

575 2195 682 2250 ﬁde
719 2211 814 2248 sua
843 2195 1101 2248 Iirmavit.
1139 2213 1157 2246 ι
1189 2194 1252 2248 Ει
1299 2194 1552 2264 protinus
1582 2209 1612 2248 a
1646 2194 1930 2248 sacerdote
1972 2193 2055 2246 vel
2121 2208 2150 2245 a

574 2289 807 2342 diacono
833 2289 1120 2341 continens
1143 2287 1202 2341 (lt
1249 2287 1564 2356 deprecatio
1593 2301 1689 2356 pro
1718 2287 1974 2340 omnibus
2023 2285 2152 2337 tide-

575 2377 722 2430 libus
751 2387 806 2431 et
840 2379 1063 2447 regibus
1094 2384 1148 2432 et
1170 2377 1573 2439 sacerdotibus,
1615 2376 1868 2444 factaque
1903 2375 2152 2427 oratione

573 2476 867 2527 cantatur;
905 2486 924 2517 «
965 2469 1232 2534 Quoniam
1293 2478 1348 2520 tu
1376 2467 1692 2521 misericors
1722 2482 1802 2530 es,
1845 2483 1864 2516 ι
1900 2474 1984 2519 est
2005 2465 2148 2519 enim

572 2558 766 2624 plenus
802 2561 1209 2622 misericordiae,
1244 2569 1298 2617 et
1326 2569 1385 2614 ut
1417 2561 1663 2614 omnium
1688 2561 2035 2620 misereatur,
2062 2574 2155 2612 ne-

2255 2022 2412 2084 νούς·
2467 2023 2514 2073 οἱ
2557 2022 2613 2072 δὲ
2648 2019 2812 2088 ὕμνοι
2846 2019 2947 2086 τῆς
2993 2017 3348 2078 ἀναστάσεως
3397 2016 3613 2087 ᾅδονται
3661 2018 3720 2068 ἐν
3754 2016 3834 2085 τῷ

2251 2113 2470 2180 ἄμϐωνι
2507 2112 2650 2164 κατά
2694 2111 2785 2162 τὸν
2832 2112 3004 2163 τύπον
3049 2109 3160 2160 τῶν
3190 2107 3437 2175 ἀγγέλων
3469 2108 3834 2177 ὕμνησάντων

2251 2203 2352 2273 τὴν
2399 2205 2621 2271 ἔγερσιν
2660 2201 2754 2256 τοῦ
2787 2201 3062 2270 Σωτῆρος,
3115 2202 3212 2254 καὶ
3261 2200 3370 2252 τῶν
3408 2200 3723 2254 ἀποστόλων
3756 2199 3835 2267 τῷ

2252 2295 2445 2364 κόσμῳ
2495 2291 2878 2360 κηρυξάντων.
2931 2291 3043 2344 Kal
3085 2291 3143 2344 ἐν
3184 2289 3262 2360 τῷ
3316 2291 3508 2359 ὑμνεῖν
3555 2286 3731 2342 ταῦτα
3770 2289 3835 2342 ινδ

2258 2387 2508 2456 θυμίαμα
2555 2387 2709 2455 παρὰ
2753 2385 2849 2437 τοῦ
2882 2384 3072 2452 ἱερέως
3109 2383 3142 2450 ἢ
3187 2381 3436 2436 διακόνου
3466 2380 3714 2449 γίνεται·
3751 2381 3834 2433 ὅτι

2259 2479 2410 2548 παρὰ
2442 2476 2536 2529 τοῦ
2564 2477 2895 2538 ἀναστάντος
2920 2476 3016 2527 καὶ
3055 2472 3369 2529 ἀνελθόντος
3398 2470 3641 2540 Χριστοῦ
3677 2472 3712 2539 ή
3735 2471 3835 2540 χά-

2265 2584 2349 2636 ρις
2380 2567 2512 2636 ἡμῖν
2547 2563 2891 2633 ἐξαπεστάλη
2930 2562 3026 2616 τοῦ
3059 2562 3395 2631 Πνεύματος.
3435 2561 3548 2614 Kal
3583 2559 3831 2630 μετὰτὺ,

571 2665 663 2703 mo
695 2653 838 2704 enim
873 2653 1034 2707 habet
1060 2669 1088 2707 a
1121 2654 1419 2722 semetipso
1454 2658 1598 2709 unde
1628 2661 1900 2707 mereatur
1933 2660 1990 2704 ut
2013 2649 2156 2704 Deus

2265 2672 2283 2704 «
2324 2649 2462 2716 Δόξα
2493 2653 2587 2704 καὶ
2625 2649 2741 2712 νῦν,
2777 2669 2795 2702 ι
2836 2651 2899 2704 τὸ
2926 2650 3291 2720 προκείμενον
3321 2649 3526 2719 ᾅδεται,
3557 2649 3642 2702 ὅτι
3671 2650 3699 2702 6
3718 2648 3832 2702 Κύ-

571 2745 690 2813 ejus
719 2746 1067 2799 misereatur.
1105 2746 1276 2801 Porro
1333 2756 1454 2815 post
1488 2746 1861 2800 continentem
1891 2746 2151 2814 depreca-

2264 2761 2380 2816 ριος
2409 2744 2753 2807 ἐϐασίλευσε,
2787 2744 3016 2814 νικήσας
3062 2742 3156 2799 τὸν
3203 2742 3433 2796 θάνατον
3467 2744 3562 2795 καὶ
3595 2740 3687 2794 τδν
3718 2739 3833 2794 διὰ-

574 2840 799 2901 tionem,
835 2837 982 2892 illico
1011 2853 1170 2907 parva
1219 2837 1278 2892 ﬁt
1309 2839 1604 2905 conjuncta
1656 2838 1865 2900 oratio,
1935 2848 1990 2891 et
2021 2853 2151 2891 can-

2258 2836 2412 2888 6ολον
2447 2837 2543 2889 σὺν
2579 2837 2714 2895 πᾶσι
2741 2837 2854 2898 τοῖς
2877 2836 3118 2904 δαίμοσι.
3141 2834 3253 2888 Kal
3285 2833 3627 2903 εὐπρέπειαν
3657 2831 3833 2885 ἐνεδύ-

572 2935 725 2981 tatur
757 2929 997 2983 :«Tuum
1038 2929 1182 2984 enim
1215 2939 1299 2985 est
1331 2931 1574 2984 misereri
1612 2951 1655 2984 ο.
1690 2974 1696 2980 .

2260 2946 2392 2982 σατο
2417 2929 2516 2995 τὴν
2539 2927 2843 2982 ἀθανασίαν
2873 2926 2969 2982 καὶ
2998 2924 3308 2993 ἀφθαρσίαν
3338 2925 3439 2993 τῆς
3475 2921 3701 2992 σαρκὸς,
3737 2921 3835 2974 καὶ

572 3020 672 3089 τὴν
717 3022 1052 3090 οἰκουμένην
1100 3025 1167 3094 τῇ
1220 3022 1402 3076 πίστει
1457 3022 1624 3077 αὐτοῦ
1676 3023 2000 3092 ἐστερέωσε.
2044 3023 2154 3074 Ka‘t
2189 3023 2352 3083 εὐθὺς
2384 3022 2536 3091 παρὰ
2561 3020 2658 3074 τοῦ
2691 3020 2880 3091 ἱερέως
2911 3019 2943 3088 ἢ
2976 3019 3223 3076 διακόνου
3253 3017 3287 3086 ἡ
3353 3017 3583 3086 ἐκτενὴς
3649 3013 3833 3082 δέησις

572 3110 720 3181 ὑπὲρ
753 3111 975 3165 πάντων
1000 3112 1110 3166 τῶν
1141 3115 1350 3166 πιστῶν
1381 3117 1476 3168 καὶ
1509 3117 1772 3185 βασιλέων
1803 3116 1897 3169 καὶ
1935 3115 2150 3183 ἱερέων,
2222 3115 2320 3170 καὶ
2379 3116 2518 3183 μετὰ
2555 3112 2652 3183 τὴν
2685 3111 2851 3182 εὐχὴν
2900 3113 2933 3181 ή
2988 3109 3319 3180 ἐκφώνησις,
3357 3125 3376 3161 «
3413 3108 3537 3162 Ὀτι
3584 3106 3834 3174 ἐλεήμων

573 3204 846 3276 ὑπάρχεις
867 3224 882 3240 θ
919 3227 937 3259 ι
971 3209 1066 3260 καὶ
1100 3210 1208 3278 γὰρ
1243 3209 1492 3279 ἐλεήμων
1520 3210 1636 3262 ἐστί
1665 3226 1676 3238 ο
1709 3208 1803 3261 καὶ
1833 3208 1918 3260 ἵνα
1947 3208 2153 3270 πάντας
2187 3206 2404 3276 ἐλεήσῃ,
2437 3206 2500 3258 ού
2543 3206 2654 3274 γὰρ
2702 3203 2816 3274 ἔχει
2863 3203 2947 3266 τίς
2996 3221 3048 3256 τι
3091 3204 3300 3260 δίκαιον
3379 3201 3672 3272 ἐλεηθῆναι
3738 3187 3837 3266 ﬁ?

574 3303 794 3355 ἑαυτοῦ.
822 3305 979 3357 Μετὰ
1009 3304 1110 3375 τὴν
1145 3306 1338 3374 ἐκτενῆ
1367 3307 1446 3371 δὲ,
1494 3307 1657 3368 εὐθὺς
1689 3307 1861 3374 μικρὰ
1909 3305 2161 3374 συναπτὴ
2197 3305 2292 3357 καὶ
2325 3303 2660 3372 ἐκφώνησις,
2701 3318 2719 3352 ι
2759 3301 2860 3353 Σδν
2891 3302 2999 3370 γάρ
3029 3302 3145 3354 ἐστι
3175 3301 3236 3356 τὸ
3270 3301 3460 3354 ἐλεεῖν.
3494 3317 3514 3350 ι

1039 3419 1270 3475 CAPUT
1321 3417 1686 3475 CCCXLVIII.

575 3513 657 3570 De
687 3516 854 3568 tribus
897 3515 1072 3584 parvis
1121 3512 1418 3579 antiphonis
1464 3514 1517 3565 in
1550 3511 1792 3564 cautione
1839 3509 2151 3579 vespertina.

645 3669 714 3724 Et
765 3669 936 3738 prima
966 3669 1166 3723 dicitur
1215 3681 1400 3722 earum
1452 3681 1574 3736 qua:
1598 3682 1776 3736 parvae
1811 3666 2156 3736 appellantur

576 3763 1027 3830 antiphonarum,
1068 3763 1333 3829 quoniam
1380 3774 1488 3812 non
1519 3761 1754 3828 psalmos
1788 3759 2029 3830 integros
2059 3762 2155 3814 ba-

576 3853 731 3916 lient,
768 3853 863 3906 sed
887 3852 1230 3905 solummodo
1286 3863 1522 3919 quatuor
1587 3853 1927 3917 Sillglliollllll
1966 3866 2155 3904 versus

573 3943 799 4007 electos,
831 3943 1029 4013 quibus
1048 3943 1268 3997 additur
1301 3942 1512 3997 «Gloria
1540 3943 1782 3998 etNunc.
1801 3961 1818 3991 ι
1846 3941 2014 3994 Porro
2045 3951 2153 3996 tres

576 4042 706 4086 sunt
727 4032 782 4086 in
812 4033 1078 4086 honorem
1105 4042 1306 4088 sanctae
1327 4031 1609 4086 Trinitatis
1635 4047 1650 4094 ;
1679 4032 1848 4101 prima
1892 4032 2108 4100 quidem
2136 4049 2151 4084 :

580 4141 599 4170 «
639 4121 834 4188 Dileai,
857 4125 1114 4193 quoniam
1144 4124 1396 4178 exaudiet
1419 4124 1684 4176 Dominus
1713 4139 1761 4188 ;›
1795 4124 1883 4176 Dei
1916 4121 2155 4178 Genitri-

575 4228 691 4267 cem
719 4214 940 4296 invocat
967 4215 1157 4270 dicens
1193 4232 1208 4270 :
1243 4231 1262 4264 «
1307 4213 1704 4269 lntercessione
1744 4213 2002 4282 Deiparae,
2037 4213 2153 4267 Sal-

576 4313 754 4368 vator,
797 4304 945 4359 salva
981 4320 1106 4361 nos.
1154 4324 1173 4356 »
1215 4305 1333 4376 Ipsa
1371 4308 1514 4361 enim
1543 4322 1710 4376 quum
1744 4321 1906 4376 super
1932 4321 2150 4361 omnem

577 4394 962 4450 rationabilem
1021 4406 1333 4450 creaturam
1399 4397 1685 4451 dilexisset
1755 4395 1944 4460 Deum,
2005 4398 2150 4450 bunc

577 4486 974 4541 inltabiiantem
1009 4487 1204 4541 babuit
1239 4487 1433 4541 merito
1493 4487 1818 4541 bmmlitatis
1845 4496 1900 4540 et
1934 4487 2151 4541 eximia:

580 4580 836 4644 puritatis
875 4593 988 4632 sua:
1016 4579 1174 4650 digna
1223 4593 1509 4648 apparens,
1574 4588 1629 4633 et
1657 4594 1752 4647 per
1787 4594 1846 4632 se
1892 4593 1993 4633 nos
2039 4580 2151 4633 Deo

2175 3397 2223 3459 C

2819 3415 3075 3468 ΚΕΦᾹΛ.
3123 3411 3313 3466 ΤΜΗ⁰.

2298 3503 2439 3570 Περὶ
2471 3504 2590 3557 τῶν
2617 3504 2796 3574 τριῶν
2827 3503 3057 3573 μικρῶν
3083 3504 3436 3573 ἀντιφώνων
3457 3502 3578 3558 τῶν
3610 3501 3684 3557 ἐν
3716 3500 3808 3568 τῷ·

2717 3574 3028 3642 ᾄσματικῷ
3053 3574 3374 3642 ἑσπερινῷ.

2329 3667 2442 3719 Kal
2492 3667 2555 3718 τὸ
2607 3667 2826 3738 πρῶτον
2869 3666 3135 3733 ψάλλεται
3170 3667 3277 3719 τῶν
3311 3665 3480 3736 τριῶν
3513 3667 3836 3736 ἀντιφώνων

2257 3757 2366 3810 τῶν
2403 3757 2716 3824 λεγομένων
2769 3757 3000 3826 μικρῶν,
3063 3757 3141 3820 ὡς
3197 3757 3272 3828 μὴ
3310 3758 3560 3828 ψαλμοὺς
3596 3759 3837 3822 τελείους

2257 3849 2512 3915 ἐχόντων,
2545 3847 2683 3898 ἀλλὰ
2714 3850 2927 3915 στίχους
2959 3848 3193 3901 ἑκάστου
3224 3849 3499 3916 τέσσαρας
3524 3846 3644 3900 κατ’
3674 3848 3835 3902 ἐκλο-

2257 3941 2382 4008 γὴν,
2409 3940 2505 3991 καὶ
2551 3957 2569 3990 ι
2607 3939 2744 4002 Δόξα
2791 3939 2886 3990 xal
2917 3939 3032 3993 νῦν.
3094 3959 3114 3992 a
3168 3941 3309 4010 Τρία
3339 3939 3394 3992 δέ
3423 3942 3505 4003 είς
3538 3940 3707 3994 τύπον
3739 3941 3836 3994 καὶ

2255 4031 2426 4098 τιμὴν
2473 4032 2571 4100 τῆς
2621 4033 2780 4098 ἁγίας
2837 4033 3087 4101 Τριάδος.
3149 4033 3261 4085 Kal
3312 4033 3374 4085 τὸ
3425 4032 3646 4101 πρῶτον
3709 4033 3832 4103 μὲν,

2262 4124 2625 4192 ε,Ἦγάπησα
2670 4125 2754 4178 ὅτι
2804 4125 3187 4178 εἰσακούσεται
3231 4123 3470 4194 Κύριος⁸
3525 4143 3543 4175 ι
3596 4124 3692 4177 καὶ
3732 4124 3834 4192 τὴν

2255 4215 2522 4268 Θεοτόκον
2552 4216 2916 4281 ἐπικαλεῖται,
2957 4235 2975 4266 «
3030 4215 3174 4277 Ταῖς,
3201 4215 3522 4283 πρεσῦεξαις
3569 4215 3665 4282 τῆς
3697 4215 3833 4266 Θεο-

2256 4309 2446 4374 τόκου,
2468 4307 2662 4374 λέγων,
2695 4307 2902 4376 Σῶτερ,
2933 4307 3107 4358 σῶσον
3135 4307 3340 4374 ἡμᾶς.»
3373 4304 3519 4374 Αὕτη
3550 4308 3657 4374 γὰρ
3692 4306 3833 4376 ὑπὲρ

2261 4402 2442 4453 πᾶσαν
2471 4398 2698 4466 λογικὴν
2726 4400 2912 4452 κτίσιν
2947 4397 3284 4466 ἀγαπήσασα
3315 4397 3407 4449 τὸν
3450 4397 3605 4463 Θεὸν,
3645 4397 3833 4450 τοῦτον

2259 4490 2468 4543 ἐνοικον
2501 4489 2627 4559 ἔσχε
2663 4493 2730 4560 τῇ
2784 4487 3121 4544 ταπεινώσει
3169 4489 3266 4541 καὶ
3321 4489 3603 4560 ὑπερτάτη
3640 4489 3833 4559 ἁγνείᾳ

2255 4583 2448 4647 αὐτῆς,
2501 4581 2664 4652 ἱκανή
2713 4580 3053 4649 δεδειγμένη,
3101 4580 3197 4634 καὶ
3223 4579 3290 4632 δι’
3342 4580 3544 4647 ἑαυτῆς
3569 4581 3719 4650 ἡμᾶς
3752 4579 3835 4648 τῷ

583 4677 639 4722 «ιι
683 4669 1093 4732 Patri,‘dilecto
1148 4669 1285 4724 Filio
1314 4686 1381 4724 ex
1443 4671 1555 4726 suis
1618 4671 1917 4725 visceribus
1978 4680 2149 4736 nato,

2258 4672 2376 4741 Θεῷ
2431 4670 2525 4724 καὶ
2583 4672 2760 4741 Πατρὶ
2817 4671 2908 4723 τὸν
2960 4669 3246 4737 ἀγαπητὸν
3307 4669 3436 4721 Υἱδν
3489 4667 3830 4739 σαρκώσασα

581 4762 982 4817 reconciliavit.
1008 4763 1072 4816 Et
1102 4771 1223 4832 post
1251 4777 1442 4817 versus
1469 4763 1538 4817 ab
1557 4770 1788 4831 utroque
1816 4763 1986 4815 choro
2013 4763 2152 4816 rcci-

576 4861 742 4916 tatos,
762 4862 926 4922 atque
949 4854 1161 4908 «Gloria
1185 4867 1240 4909 et
1272 4855 1482 4918 Nunc,»
1513 4871 1726 4909 rursum
1755 4870 1918 4924 parva
1950 4855 2152 4909 dicitur

579 4941 894 5011 conjuncta,
925 4952 980 4997 et
1007 4953 1297 5000 cantatur:
1337 4963 1354 4995 «
1385 4945 1728 5012 Beneplacito
1755 4957 1811 5000 et
1850 4946 2091 5001 bonitate
2125 4965 2144 4996 ο

581 5047 705 5086 nam
733 5031 1082 5101 benoplacuit
1113 5034 1394 5104 unigenito
1423 5033 1559 5088 Filio
1585 5045 1642 5089 ut
1700 5048 1873 5104 usque
1923 5036 1988 5087 ad
2047 5049 2149 5088 nos

578 5125 956 5180 descenderet.
990 5124 1237 5179 Secunda
1291 5142 1449 5199 vero.
1471 5127 1766 5194 antipltona
1802 5145 1815 5181 :
1849 5145 1868 5178 «
1905 5126 2149 5192 Credidi,

579 5217 968 5288 propterquod
1022 5217 1239 5271 locutus
1304 5233 1454 5285 sum,
1493 5236 1516 5270 ι
1586 5217 1877 5271 Dominum
1933 5219 2154 5271 invocat

579 5314 948 5375 incarnatum;
980 5323 1033 5365 et
1066 5312 1141 5364 ait
1181 5327 1246 5365 :«
1287 5309 1449 5362 Salva
1513 5324 1636 5375 nos,
1687 5306 1789 5363 Fili
1821 5309 1938 5373 Dei,
1971 5310 2063 5376 qui
2119 5324 2150 5362 a

579 5404 811 5458 mortuis
842 5405 1127 5459 surrexisti
1156 5412 1414 5457 canentes
1463 5402 1583 5467 tibi,
1622 5420 1640 5452 ι
1704 5402 1786 5455 vel
1814 5401 1869 5454 in
1906 5402 2046 5456 festo
2073 5400 2156 5455 vel

581 5498 638 5549 in
664 5497 1191 5550 commemoratione
1240 5495 1473 5565 alicujus
1509 5493 1650 5547 inter
1681 5501 1903 5547 sanctos
1932 5491 2160 5546 mirabi-

580 5589 675 5648 lis,
709 5588 758 5642 si
795 5602 907 5642 non
939 5587 1106 5641 fuerit
1133 5586 1418 5641 Dominica
1467 5594 1562 5640 aut
1619 5584 1913 5644 festivitas.
1970 5584 2106 5639 Illud
2140 5603 2155 5640 :

537 5689 542 5694 ·
588 5677 837 5732 «Credidi
861 5685 1082 5747 propter
1096 5679 1238 5747 quod
1259 5679 1476 5732 locutus
1505 5692 1682 5742 sum,»
1707 5674 2157 5744 ﬁdemapostolov

585 5783 710 5822 rum
733 5770 991 5836 patefacit
1024 5779 1187 5838 atque
1207 5779 1544 5832 sanctorum,
1591 5784 1698 5839 qua
1724 5781 1916 5822 omnes
1967 5779 2158 5836 gentes

584 5871 652 5911 ex
683 5857 1004 5915 infidelitate
1029 5861 1094 5914 ad
1130 5859 1289 5915 fulcm
1324 5860 1570 5916 adductae
1631 5868 1796 5915 sunt:
1844 5866 1898 5914 et
1949 5859 2151 5916 verba:

2264 4764 2602 4837 ᾠκειώσατο.
2645 4761 2748 4816 Καὶ
2781 4761 2918 4832 μετὰ
2950 4761 3075 4826 τοὺς
3128 4761 3346 4831 στίχους
3399 4761 3533 4830 παρ’
3569 4761 3833 4828 ἐκατέρου

2263 4856 2596 4927 λεγομένους
2629 4855 2793 4927 χοροῦ
2838 4855 2935 4909 καὶ
2959 4854 3041 4920 τὸ,
3081 4872 3100 4906 ι
3138 4853 3277 4917 Δόξα
3311 4853 3406 4906 καὶ
3451 4837 3568 4917 νῦν,
3611 4871 3630 4904 ι
3676 4848 3833 4913 αὖθις

2265 4949 2440 5020 μικρὰ
2504 4949 2772 5017 συναπτὴ,
2827 4950 2923 5000 καὶ
2980 4946 3314 5014 ἐκφώνησις,
3369 4963 3391 4996 «
3451 4944 3683 5016 Εὺδοκίᾳ
3737 4943 3837 4999 καὶ

2262 5042 2586 5111 ἀγαθότητι.
2619 5059 2637 5092 ι
2675 5041 2950 5108 Εὐδόκησε
2994 5039 3104 5108 γὰρ
3133 5038 3161 5088 ὁ
3203 5038 3496 5108 μονογενὴς
3531 5037 3657 5100 Υἶὺς
3697 5055 3834 5092 κατ-

2261 5133 2438 5186 ελθεῖν
2496 5133 2692 5202 μέχρις
2743 5132 2921 5201 ήμῶν.
2976 5132 3048 5186 Τὸ
3095 5131 3350 5201 δεύτερον
3405 5131 3462 5184 δέ
3509 5131 3834 5194 ἀντίφωνον,

2270 5242 2289 5277 ι
2336 5224 2671 5278 Ἐπίστευσα
2695 5225 2776 5277 διὸ
2808 5223 3046 5295 ἐλάλησα
3065 5237 3079 5253 ’
3120 5242 3139 5275 ι
3181 5225 3273 5276 καὶ
3298 5225 3390 5275 τὸν
3410 5224 3615 5293 Κύριον
3638 5224 3841 5274 ἐπικα-

2263 5317 2435 5370 λεῖται
2465 5317 2887 5387 σεσαρκωμένον
2906 5334 2922 5348 ·
2951 5317 3045 5368 καί
3073 5331 3231 5385 φησι,
3270 5333 3288 5365 «
3331 5314 3510 5367 Σῶσον
3543 5315 3711 5382 ἡμᾶς,
3738 5313 3837 5366 Υἱὲ

2261 5407 2422 5473 Θεοῦ,
2473 5408 2500 5458 ό
2549 5407 2789 5468 ἀναστὰς
2827 5408 2892 5459 ἐκ
2927 5405 3160 5476 νεκρῶν,
3209 5403 3511 5472 ψάλλοντές
3546 5419 3655 5458 σοι.
3695 5421 3716 5454 ι
3763 5404 3838 5456 Ἦ

2262 5501 2400 5569 πρὸς
2426 5503 2527 5570 τὴν
2559 5500 2776 5570 ἑορτὴν,
2806 5501 2837 5566 ἢ
2871 5498 2952 5564 τὸ,
2987 5515 3006 5548 «
3056 5497 3115 5550 Ὀ
3144 5497 3205 5548 ἐν
3243 5495 3421 5563 ἁγίοις
3456 5495 3831 5562 Gutruatum,»

2263 5593 2313 5646 εἰ
2361 5594 2462 5645 οὐκ
2510 5591 2628 5644 ἐστι
2682 5592 2936 5662 Κυριακὴ
2987 5589 3020 5660 ἢ
3075 5590 3259 5658 ἑορτὴ,
3302 5586 3420 5639 ἀλλ’
3447 5585 3608 5654 ἁγίου
3641 5587 3839 5657 μνήμη

2261 5683 2431 5746 τινός.
2463 5684 2558 5747 Τὸ,
2590 5701 2609 5734 «
2659 5683 3012 5746 Ἐπίστευσα,
3042 5679 3122 5732 διὸ
3153 5678 3415 5747 ἐλάλησα,
3455 5695 3476 5726 ι
3509 5674 3612 5745 τὴν
3650 5676 3842 5730 πίστιν

2264 5773 2418 5841 δηλοῖ
2445 5773 2556 5826 τῶν
2589 5774 2903 5828 ἀποστόλων
2931 5789 2992 5824 τε
3039 5771 3133 5824 καὶ
3167 5759 3362 5837 ἁγίων,
3393 5767 3465 5820 δι’
3497 5761 3566 5838 ἧς
3597 5768 3668 5819 τὰ
3702 5767 3840 5841 ἔθνη

2269 5866 2450 5920 πάντα
2493 5867 2560 5919 ἐκ
2593 5867 2690 5936 τῆς
2721 5864 2975 5928 ἀπιστίας
3003 5866 3082 5928 εἰς
3115 5863 3297 5916 πίστιν
3341 5858 3687 5916 ἀνείλκυσαν.
3725 5859 3843 5918 Καὶ
