4068 6280
449 407 553 470 633

1616 417 1712 476 DE
1752 415 1998 481 SACRA
2040 422 2549 488 PRECATIONE.

3576 429 3682 493 6%

444 499 528 588 τὸ,
566 543 584 576 «
622 523 886 605 Ποτῆριον
915 523 970 576 δέ
1014 525 1284 594 σωτηρίου
1313 525 1580 598 λήψομαι,
1613 531 1711 585 καὶ
1744 549 1805 586 το
1844 535 2015 604 ὄνομα

2139 538 2388 594 :Calicem
2413 539 2674 593 salutaris
2703 541 2993 611 accipiam,
3031 549 3088 597 et
3111 557 3308 598 nomen
3334 541 3545 599 Domini
3607 546 3692 600 in-

444 617 656 684 Κυρίου
719 601 1143 684 ἐπικαλέσομαι,
1197 635 1217 670 ι
1279 618 1379 688 τὴν
1431 623 1722 675 κοινωνίαν
1772 601 2016 694 Χριστοῦ

442 705 615 774 δηλοῖ,
650 706 746 758 καὶ
763 705 860 774 τὴν
886 708 1160 776 σωτηρίαν
1189 708 1277 761 διὰ
1310 709 1403 762 τοῦ
1425 711 1676 780 αἵματος,
1698 714 1756 766 οὗ
1778 716 2017 786 Χριστοῦ

447 799 878 866 κοινωνήσαντες
899 797 1064 870 246
1093 799 1183 852 διὰ
1220 803 1520 872 μαρτυρίου
1539 805 1632 856 καὶ
1665 805 1774 858 τῶν
1795 807 2019 874 ἀγώνων

444 890 496 942 οἱ
523 889 670 957 ἅγιοι
705 891 1069 958 σεσωσμένοι,
1100 892 1368 957 σώζουσιν
1399 895 1566 963 ἡμᾶς,
1607 897 1704 948 καὶ
1737 897 1806 950 δι’
1840 897 2019 950 αὐτῶν

444 981 524 1050 τῷ
558 983 752 1050 Κυρίῳ
781 981 1071 1050 ἐνούμεθα.
1120 985 1212 1036 Διδ
1243 985 1339 1038 καὶ
1371 987 1451 1050 είς
1493 987 1578 1050 τὸ,
1617 1005 1635 1038 «
1679 989 1838 1053 Δόξα,
1876 1007 1896 1041 ι
1937 989 2017 1054 τὸ,

453 1093 472 1126 «
514 1076 574 1126 Ὀ
605 1074 944 1144 Μονογενὴς,
999 1073 1256 1144 λέγομεν,
1310 1078 1469 1142 Υίδς,
1526 1099 1544 1130 ›
1581 1081 1682 1150 τὴν
1736 1081 2022 1134 κοινωνίαν

447 1167 614 1222 αὐτοῦ
665 1167 784 1235 μεθ’
837 1167 996 1238 ἡμῶν
1037 1170 1367 1233 δεικνύντες.
1430 1173 1602 1225 Τοῦτο
1633 1173 1690 1225 δὲ
1725 1174 1875 1243 παρὰ
1925 1173 2020 1227 τοῦ

449 1254 596 1312 θείου
624 1259 895 1328 Κυρίλλου
924 1260 1245 1314 ἐκτέοειται.
1267 1263 1360 1324 El;
1387 1263 1441 1315 δὲ
1467 1263 1546 1324 τδ,
1585 1265 1727 1318 «Καὶ
1747 1267 1893 1327 νῦν,ι
1923 1264 2022 1334 τὴν

450 1351 805 1422 ὑπερὲνδοξον
851 1351 947 1404 τοῦ
1001 1352 1140 1404 Θεοῦ
1195 1353 1430 1422 λέγομεν
1481 1358 1750 1426 Μητέρα’
1789 1358 1913 1410 ἐπεὶ
1954 1358 2020 1410 δι’

450 1443 622 1510 αὐτῆς
674 1443 808 1510 ἡμῖν
871 1444 901 1496 6
957 1443 1269 1513 Μονογενὴς
1315 1446 1541 1515 ἥνωται.
1577 1447 1686 1500 Καὶ
1724 1447 1862 1517 αῦτη
1914 1449 2022 1500 τῶν

453 1533 624 1600 ἁγίων
674 1534 933 1587 ἁπάντων
977 1533 1226 1601 ἀγγέλων
1269 1553 1328 1588 τε
1370 1518 1465 1590 καί
1501 1537 1708 1608 βροτῶν
1744 1538 2023 1609 ὑπερτέρα

451 1641 510 1676 τε
554 1625 647 1693 καὶ
680 1623 972 1693 ἁγιασμός.
1010 1625 1119 1676 Καὶ
1173 1626 1311 1693 μετὰ
1349 1627 1477 1689 τοὺς
1514 1629 1734 1699 στίχους
1784 1633 1878 1684 καὶ
1925 1630 2020 1694 τὸ,

459 1734 476 1766 «
510 1715 646 1781 Δόξα
675 1715 769 1768 καὶ
792 1714 909 1777 νῦν,
956 1733 976 1766 ›
1013 1715 1175 1768 πάλιν
1219 1717 1390 1786 μικρὰ
1426 1701 1692 1791 συναπτη
1714 1721 1809 1773 καὶ
1842 1721 2025 1789 ἐκφὼ-

452 1825 628 1875 νησις,
671 1826 689 1858 ι
726 1808 847 1861 Ὀτι
881 1807 1036 1875 ἅγιος
1070 1803 1141 1872 εἴ,
1185 1811 1214 1862 6
1256 1809 1388 1872 Θεὸς
1425 1811 1615 1879 ήμών”
1653 1831 1671 1863 ι
1709 1814 1804 1866 καὶ
1831 1815 1857 1866 6
1886 1814 2025 1884 ψάλ-

454 1917 554 1969 της
585 1898 741 1961 αὖθις
773 1898 836 1950 τδ
871 1900 1055 1968 τρίτον
1087 1899 1410 1966 ἀντίφωνον.
1447 1900 1620 1955 Τοῦτο
1650 1903 1726 1969 δὲ,
1764 1924 1781 1955 «
1814 1905 2022 1957 Αἰνεῖτε

455 1990 546 2043 τὸν
590 1991 818 2057 Κύριον,
855 1990 1034 2043 πάντα
1066 1990 1133 2043 τὰ
1163 1990 1292 2061 ἔθνη
1317 2009 1332 2023 ο
1372 2011 1393 2044 ι
1447 1994 1756 2061 συγκαλοῦν
1806 1997 2024 2051 ἅπαντα

453 2084 546 2136 τδν
568 2082 776 2149 κόσμον
808 2081 888 2142 εἰς
916 2081 1014 2150 τὴν
1044 2080 1206 2145 δόξαν
1231 2082 1331 2148 τῆς
1357 2083 1588 2154 Τριάδος
1613 2084 1705 2137 τὸν
1735 2085 2026 2154 ἀγγελικὴν

457 2174 646 2242 ὕμνον.
675 2175 787 2227 Καὶ
815 2173 1067 2243 ἐπιφέρει
1103 2174 1184 2240 τδ,
1217 2193 1238 2228 «
1278 2175 1472 2244 Ἀγιος
1496 2177 1524 2228 6
1556 2177 1707 2240 Θεός.
1749 2197 1768 2226 ›
1809 2179 1916 2231 Καὶ
1943 2179 2030 2231 λε-

456 2266 706 2336 γομένων
737 2264 847 2318 τῶν
878 2265 1078 2336 στίχων
1105 2266 1238 2335 παρ’
1270 2267 1540 2338 ἐκατέρου
1568 2269 1754 2338 χοροῦ,
1787 2272 1881 2324 καὶ
1911 2270 2026 2335 τοῦ,

463 2379 482 2410 «
519 2358 657 2424 Δόξα
686 2358 780 2410 καὶ
802 2358 918 2423 νῦν,
959 2376 978 2408 ι
1008 2361 1041 2426 ἡ
1073 2358 1310 2428 περισσὴ
1345 2358 1584 2428 λέγεται,
1619 2362 1864 2414 τουτέστι
1893 2362 2032 2432 μετὰ

458 2452 540 2518 τδ,
578 2469 598 2502 ι
643 2450 782 2514 Δόξα
815 2449 907 2502 καὶ
957 2449 1075 2515 νῦν,
1128 2469 1146 2501 ι
1188 2449 1248 2504 τδ
1281 2449 1611 2504 τελευταῖον.
1657 2452 1770 2506 Καὶ
1812 2457 1839 2506 ὁ
1866 2454 2033 2523 Τρισ-

460 2544 614 2610 άγιος
652 2541 916 2609 ἐκφὼνως
968 2540 1156 2612 ᾅδεται
1199 2540 1388 2612 ὕμνος,
1441 2543 1662 2596 πάντων
1725 2545 2033 2612 ἱσταμένων

461 2633 742 2698 ἀσκεπῶν,
792 2633 867 2696 ῶς
916 2635 1009 2694 τὸν
1056 2632 1189 2686 Θεὸν
1229 2634 1636 2704 ἀνυμνοῦντων.
1671 2635 1812 2704 Ὅρα
1851 2634 1944 2689 οὖν
1976 2636 2033 2691 ἐν

459 2729 572 2790 τοῖς
620 2727 768 2794 τρισὶ
816 2725 1028 2786 τούτοις
1077 2724 1176 2796 τὴν
1223 2724 1481 2790 εὐταξίαν
1533 2727 1644 2786 τῶν
1701 2725 1886 2798 ὕμνων
1933 2727 2035 2797 τῆς

473 2811 801 2880 Ἐκκλησίας
823 2826 835 2841 ο
883 2812 941 2864 ἐν
992 2811 1090 2878 μέν
1120 2811 1230 2882 γὰρ
1260 2812 1340 2882 τῷ
1376 2812 1579 2884 πρώτῳ
1615 2815 1908 2885 ἀντιφώνῳ
1935 2817 2035 2886 τὴν

463 2901 764 2972 πρεσϐείαν
813 2903 1158 2955 ἐπικαλεῖται
1194 2905 1291 2972 τῆς
1324 2905 1706 2976 Θεομήτορος·
1760 2909 1819 2959 ἐν
1855 2909 1912 2963 δέ
1959 2909 2036 2979 τῷ

461 2993 702 3064 δευτέρῳ
758 2993 1096 3065 ἀναγομένη,
1155 2996 1251 3048 τὸν
1324 2994 1382 3060 ἐξ
1457 2997 1629 3066 αὐτῆς
1688 2999 2038 3067 σαρκωθέντα

465 3085 622 3139 ἵλεων
653 3085 910 3152 γενέσθαι
962 3085 1117 3153 ζητεῖ
1143 3088 1208 3156 τῇ
1265 3089 1518 3158 μεσιτείᾳ
1547 3089 1658 3140 τῶν
1699 3090 1904 3157 ἁγίων·
1957 3089 2037 3158 τῷ

2121 629 2388 690 vocabo»
2435 632 2876 687 communionem
2909 633 3114 688 Christi
3169 634 3517 692 manifestam
3547 638 3697 690 saltt-

2128 729 2343 786 temque
2370 737 2464 790 per
2509 723 2860 790 sanguinem,
2891 724 2977 777 cui
3012 723 3230 779 Christo
3279 727 3698 784 communican-

2123 819 2203 864 tes
2231 825 2324 875 per
2347 812 2661 876 martyrium
2699 821 2750 866 et
2779 828 2979 881 agones
3043 815 3222 868 sancti
3249 815 3488 870 salutem
3516 816 3698 884 adepti

2121 916 2222 956 nos
2247 903 2427 954 salvos
2451 901 2678 964 faciunt,
2714 914 2764 956 et
2795 921 2890 973 per
2915 922 3010 961 eos
3035 907 3254 962 Christo
3282 908 3697 977 conjungimttr.

2122 993 2248 1046 Ideo
2267 993 2329 1046 ad
2357 992 2594 1048 «Gloria»
2614 996 2824 1049 dicunt:
2855 999 3204 1068 «Uuigenitus
3225 999 3704 1063 Filius,tcontmtt-

2122 1083 2449 1137 nicationem
2475 1086 2594 1150 ejus
2624 1087 2906 1141 nobiscum
2941 1089 3309 1153 ostendentes,
3337 1090 3478 1159 quod
3513 1107 3540 1145 a
3575 1093 3702 1147 divo

2122 1171 2320 1242 Cyrillo
2358 1173 2459 1226 fuit
2498 1175 2807 1229 institutum
2840 1187 2929 1242 ;et
2958 1179 3022 1234 ad
3059 1178 3220 1232 verba
3261 1196 3275 1233 :
3315 1199 3333 1231 «
3368 1179 3431 1232 Et
3495 1197 3695 1245 nunc,»

2123 1263 2355 1318 dicimus
2389 1264 2879 1322 «Gloriosissimam
2911 1269 2999 1322 Dei
3028 1269 3312 1335 Matrem,»
3351 1273 3607 1340 quoniam
3637 1287 3700 1325 ex

2123 1370 2187 1408 ca
2222 1353 2546 1424 Uuigenitus
2573 1358 2739 1412 nobis
2767 1359 2869 1412 fuit
2925 1360 3238 1417 adunattts:
3313 1370 3367 1414 et
3429 1365 3549 1430 ipsa
3615 1371 3703 1416 est

2126 1454 2443 1504 sanctorum
2481 1449 2726 1501 omnium
2762 1451 3076 1518 angelorum
3097 1459 3150 1504 et
3178 1452 3462 1505 hominum
3512 1453 3702 1521 regina

2126 1547 2290 1607 atque
2325 1540 2716 1594 sanctiﬁcatio.
2751 1542 2814 1594 Et
2864 1541 3031 1598 dictis
3083 1544 3336 1597 versibus
3369 1557 3432 1598 ac
3463 1561 3482 1594 «
3518 1542 3701 1598 Gloria

2125 1639 2179 1685 et
2210 1629 2422 1697 Nunc,»
2456 1647 2674 1686 rursum
2709 1647 2873 1702 parva
2911 1634 2968 1686 ﬁt
2998 1635 3287 1705 conjuncta
3312 1643 3365 1687 et
3397 1645 3650 1689 cantatur
3685 1651 3701 1688 :

2133 1739 2152 1771 «
2189 1720 2458 1786 Quoniam
2493 1736 2722 1778 sanctus
2749 1739 2808 1778 es
2850 1726 2997 1780 Deus
3066 1735 3283 1781 noster.
3317 1747 3334 1779 ι
3392 1726 3456 1780 Et
3502 1729 3698 1780 iterum

2128 1821 2318 1866 cantor
2339 1814 2561 1867 tertiam
2597 1815 2907 1869 modulatur
2927 1818 3308 1885 Cantiphonam
3335 1835 3350 1882 ;
3408 1818 3526 1871 hac
3577 1825 3700 1871 est:

2132 1899 2407 1958 «Laudate
2447 1901 2758 1964 Dominum,
2801 1919 2989 1957 omnes
3020 1915 3256 1972 gentes,»
3291 1906 3552 1960 mundum
3577 1905 3704 1960 uni-

2126 2007 2346 2046 versum
2378 2008 2693 2050 convocans
2729 1996 2794 2049 ad
2830 1996 3049 2051 laudem
3103 1997 3411 2064 Trinitatis,
3443 2006 3497 2052 et
3554 1998 3707 2052 addit

2129 2082 2384 2154 hymnum
2418 2085 2714 2153 angelicum
2741 2097 2940 2155 atque:
2977 2089 3242 2144 «Sanctus
3273 2091 3412 2144 Deus
3434 2108 3480 2150 ς»
3513 2089 3700 2144 dictis-

2128 2190 2233 2244 que
2265 2176 2516 2230 versibus
2534 2177 2600 2230 ab
2629 2187 2862 2247 utroque
2893 2180 3154 2241 choro,et
3177 2181 3388 2237 «Gloria
3415 2180 3702 2244 ethnc,»

2087 2333 2095 2339 _
2127 2279 2317 2338 quarta
2338 2267 2560 2332 dicitur,
2583 2269 2837 2324 videlicet
2876 2279 2995 2338 post
3031 2271 3245 2325 «Gloria
3269 2285 3326 2326 et
3355 2272 3568 2338 Nunc,»
3603 2287 3701 2341 po-

2130 2368 2392 2414 stretnum
2427 2360 2648 2414 dicitur.
2689 2360 2889 2417 Deinde
2940 2363 3234 2430 Trisagion
3300 2370 3560 2416 cantatur
3607 2362 3710 2432 hy-

2134 2465 2312 2512 mnus,
2342 2452 2604 2506 omnibus
2631 2453 2838 2508 nudato
2891 2454 3070 2520 capite
3115 2454 3421 2517 stantibus,
3447 2453 3706 2524 quoniam

2133 2539 2302 2596 Deum
2337 2541 2589 2596 laudibus
2614 2540 2868 2596 eﬁerunt.
2928 2541 3062 2596 Vide
3093 2543 3258 2610 igitur
3301 2544 3355 2605 in
3385 2544 3472 2598 bis
3529 2543 3710 2598 tribus

2133 2630 2411 2704 egregium
2447 2630 2694 2684 ordinem
2748 2631 3074 2702 hymnorum
3119 2632 3400 2687 Ecclesite.
3463 2633 3596 2686 Nam
3655 2635 3706 2688 iu

2134 2707 2310 2788 prima
2345 2721 2564 2789 quidem
2613 2723 2914 2790 antiphona
2971 2723 3424 2778 intercessionem
3488 2725 3712 2779 invocat

2136 2814 2233 2868 Dei
2266 2813 2588 2868 Genitriris.
2620 2814 2676 2867 In
2709 2815 2950 2869 secunda
2998 2826 3176 2870 autem
3241 2816 3482 2872 Ecclesia
3537 2817 3715 2871 incar-

2135 2913 2322 2959 natttm
2366 2920 2431 2959 ex
2462 2905 2550 2958 illa
2579 2890 2831 2962 obsecrat
2861 2923 2957 2975 per
2987 2907 3443 2968 intercessionem
3488 2918 3715 2964 sancto-

2138 3011 2257 3049 rum
2291 3003 2348 3049 ut
2384 2998 2800 3052 misericordem
2834 3013 2892 3054 se
2924 2998 3194 3068 prabeat.
3272 3000 3472 3056 Verum
3503 3002 3556 3053 in
3609 3009 3720 3054 ter-

2138 3087 2210 3140 tia
2241 3097 2295 3141 et
2325 3087 2379 3140 in
2421 3088 2607 3140 ultima
2639 3089 2818 3158 ipstttn
2855 3098 2937 3142 ter
3000 3089 3266 3143 Sanctum
3323 3104 3447 3144 cum
3509 3089 3716 3160 angelis

467 3179 636 3249 τρίτῳ
657 3177 713 3230 δὲ
739 3179 834 3230 καὶ
863 3177 1163 3248 τελευταίῳ
1191 3180 1354 3232 αὐτὸν
1378 3181 1473 3232 ὰνυ
1484 3183 1608 3250 μνεϊ
1626 3181 1717 3234 τὸν
1739 3183 2034 3252 Τρισάγιον

2139 3177 2381 3231 celebrat
2410 3179 2600 3241 Deum,
2623 3179 3056 3234 misericordiam
3110 3181 3434 3248 deprecans,
3465 3196 3560 3250 per
3595 3196 3719 3246 gra-

473 3270 610 3338 μετὰ
637 3269 745 3322 τῶν
777 3269 1022 3336 ἀγγέλων
1055 3269 1210 3333 Θεὸν,
1245 3271 1338 3323 τὸν
1370 3271 1519 3323 ἔλεον
1550 3271 1857 3337 ἐξαιτοῦσα,
1896 3276 2034 3328 κατὰ

472 3361 680 3433 βαθμὸν
713 3362 847 3430 πρὸς
873 3363 943 3414 τὰ
978 3361 1291 3433 ὑψηλότερα
1323 3365 1548 3416 ἀνιοῦσα
1571 3381 1584 3394 ·
1617 3367 1674 3416 ἐν
1702 3365 1778 3434 τῷ
1811 3366 1956 3422 τέλει
1983 3367 2040 3420 δὲ

470 3452 663 3506 τούτου
714 3452 1008 3522 σφραγίζει
1044 3452 1168 3524 τρὶς
1216 3456 1242 3506 6
1276 3453 1565 3524 ἀρχιερεὺς
1594 3456 1701 3508 ἀπὸ
1724 3457 1815 3509 τοῦ
1848 3458 2040 3527 θρόνου

469 3545 658 3612 αὐτοῦ,
693 3547 812 3616 ἤτοι
842 3544 938 3598 τοῦ
988 3547 1286 3609 στασιδίου,
1329 3547 1420 3598 τὸν
1456 3546 1661 3618 Κύριον
1696 3548 1946 3603 ἐκτυπῶν
1977 3551 2043 3604 ἐκ

466 3638 562 3692 τοῦ
587 3638 820 3706 οὐρανοῦ
852 3636 1206 3705 εὐλογοῦντα.
1242 3635 1374 3692 Εἶτα
1408 3642 1436 3709 ἡ
1476 3643 1688 3711 μεγάλη
1715 3643 1956 3714 ἐκτενὴς,
1989 3645 2043 3697 αἱ

469 3730 738 3798 αἰτήσεις,
785 3729 863 3794 τὸ,
902 3746 920 3779 «
961 3726 1346 3797 Πληρώσωμεν
1369 3727 1466 3796 τὴν
1497 3728 1720 3797 δέησιν»
1764 3728 1913 3798 παρὰ
1947 3729 2044 3782 τοῦ

471 3821 744 3880 διακόνου.
789 3823 823 3887 ἡ
885 3821 1078 3891 εἰρήνη
1127 3835 1209 3885 τε,
1272 3823 1365 3871 καὶ
1409 3821 1442 3887 ἠ
1479 3821 1577 3889 τῆς
1626 3820 2044 3888 κεφαλοκλισίας

476 3913 610 3981 εὐχὴ
647 3913 800 3979 παρὰ
829 3911 926 3964 τοῦ
970 3912 1159 3981 ἱερέως
1186 3929 1199 3942 ο
1233 3911 1260 3962 ὃ
1293 3910 1448 3981 δηλοῖ
1478 3912 1576 3982 τὴν
1616 3913 1858 3966 δουλείαν
1891 3914 2047 3983 ἡμῶν

475 4001 614 4070 πρὸς
661 4002 795 4054 Θεὸν
845 4004 940 4055 καὶ
975 4003 1324 4065 ταπείνωσιν,
1355 4004 1452 4056 καὶ
1489 4003 1587 4075 τὴν
1641 4005 1802 4075 μέχρι
1857 4005 2044 4060 δούλου

483 4094 702 4164 μορφῆς
733 4093 1061 4147 ταπείνωσιν
1090 4095 1183 4149 τοῦ
1219 4095 1377 4150 Θεοῦ.
1419 4097 1528 4148 Καὶ
1562 4097 1922 4164 ἀνισταμένου
1954 4096 2047 4150 τοῦ

479 4187 675 4256 ἱερέως
725 4186 821 4239 καὶ
878 4186 1249 4256 ἐκφωνοῦντος
1301 4187 1402 4258 τὴν
1458 4187 1565 4240 ἀπὸ
1611 4186 1706 4241 τοῦ
1758 4185 2049 4254 πτώματος

477 4279 635 4350 ⁴ἡμῶν
663 4280 755 4333 καὶ
798 4278 890 4332 τοῦ
926 4279 1158 4334 Θανάτου
1190 4278 1477 4349 δηλοῦντος
1514 4279 1799 4348 ἀνέγερσιν
1835 4281 1929 4334 καὶ
1961 4280 2049 4331 εὐ-

475 4370 869 4442 χαριστοῦντος
917 4369 997 4440 τῷ
1045 4370 1332 4449 σεσωκότι,
1387 4370 1503 4435 καὶ,
1547 4389 1564 4420 «
1620 4369 1718 4438 Εῐη
1753 4370 1813 4421 τὸ
1845 4369 2050 4438 κράτος

475 4463 576 4532 τῆς
607 4462 884 4533 βασιλείας
913 4479 1029 4527 σου,
1073 4481 1091 4514 ι
1131 4464 1392 4532 ἐκφώνως
1425 4462 1522 4516 καλ⁹
1552 4462 1829 4532 ὀλοψύχως
1857 4461 2050 4530 λέγον-

2148 3266 2250 3322 dtts
2273 3269 2338 3322 ad
2396 3270 2710 3324 sublimiora
2753 3272 3078 3326 ascendens.
3123 3272 3294 3327 Porro
3321 3273 3375 3327 in
3409 3273 3575 3342 hujus
3612 3273 3718 3327 ﬁne

2145 3369 2226 3412 ter
2253 3361 2433 3429 signat
2462 3362 2700 3432 pontifex
2722 3378 2784 3422 ex
2843 3364 3048 3417 throno
3079 3379 3174 3418 seu
3240 3364 3504 3433 peculiari
3559 3363 3717 3418 sedili

2143 3465 2266 3514 suo,
2303 3451 2590 3505 Dominum
2643 3452 2954 3522 exprimens
2982 3469 3012 3508 e
3075 3454 3214 3509 ccelo
3259 3454 3720 3520 vbenedicentem.

2145 3541 2342 3596 Postea
2376 3557 2567 3609 magna
2595 3546 2890 3599 continens
2955 3546 3158 3610 oratio,
3209 3561 3422 3616 preces,
3487 3547 3722 3602 diacono

2144 3633 2446 3688 dicente:«
2516 3634 2842 3700 Impleamus
2902 3639 3237 3704 orationem,
3274 3657 3292 3691 ι
3361 3654 3490 3708 pax,
3543 3640 3722 3694 oratio

2148 3723 2347 3792 capitis
2384 3723 2762 3779 inclinationis
2788 3741 2817 3779 a
2855 3728 3138 3790 sacerdote
3162 3728 3328 3794 dicta,
3356 3729 3501 3799 quod
3537 3742 3721 3784 Osten-

2147 3814 2228 3868 dit
2259 3823 2500 3869 nostratn
2540 3815 2604 3869 ad
2640 3815 2808 3870 Deum
2845 3819 3243 3886 servitutem'jet
3279 3821 3718 3876 hutuiliationetn

2149 3903 2350 3974 Deique
2386 3906 2646 3974 usquead
2689 3905 2920 3962 formam
2972 3911 3111 3963 servi
3171 3911 3640 3978 humiliationem;
3668 3921 3723 3965 et.

2149 4008 2334 4051 erecto
2358 4011 2420 4051 ac
2484 3997 2754 4054 clamante
2820 4000 3130 4066 sacerdote,
3181 4009 3427 4055 nostram
3486 4017 3517 4055 a
3569 4002 3722 4070 lapsu

2151 4103 2436 4160 morteque
2458 4093 2917 4149 resurrectionem
2943 4092 3283 4164 signiﬁcante
3304 4104 3358 4149 et
3380 4093 3581 4161 gratias
3599 4093 3724 4148 Sal--

2127 4183 2322 4234 .vatori
2348 4191 2736 4251 agente,atque
2774 4182 2990 4236 dicente
3021 4182 3127 4235 alta
3162 4196 3296 4234 voce
3353 4189 3580 4250 totaque
3607 4182 3724 4235 ani-

2151 4285 2275 4322 ma:
2304 4270 2416 4324 «Sit
2440 4271 2703 4325 fortitudo
2720 4271 2870 4342 regni
2893 4271 3068 4326 tui...’
3092 4270 3272 4324 statim
3301 4281 3444 4326 retro
3469 4285 3586 4338 post
3603 4288 3726 4342 sug-

2152 4369 2366 4430 gestum
2400 4361 2459 4414 lit
2495 4362 2791 4432 processio,
2828 4362 2894 4416 ad
2935 4363 3399 4433 propiationenetn
3442 4363 3532 4433 Dej
3561 4380 3726 4433 super

2151 4467 2346 4508 omnes
2387 4453 2574 4508 ﬁdeles
2597 4456 3016 4523 asseqttendam,
3071 4456 3416 4524 cantatisque
3452 4457 3516 4509 de
3541 4471 3725 4510 resur-

477 4529 784 4621 τιή-εὐθὺς
812 4551 880 4606 τὰ
917 4551 1019 4620 τῆς
1049 4529 1463 4621 λιτῆς-ῦπισθεν
1491 4552 1586 4606 τοῦ
1617 4529 1868 4622 ἄμϐωνος
1900 4555 2037 4621 γίνε-

2157 4547 2398 4600 rectione
2425 4546 2812 4615 responsoriis,
2839 4546 3092 4612 dictoque
3123 4546 3339 4601 «Gloria
3375 4555 3431 4600 et
3457 4545 3662 4612 Nunc,»
3691 4564 3720 4602 a

478 4665 593 4714 ται,
642 4649 724 4708 είς
773 4647 991 4699 ίλέωσιν
1019 4645 1157 4699 Θεοῦ
1201 4646 1341 4716 ὑπὲρ
1391 4647 1648 4702 ἁπάντων
1683 4647 1912 4702 πιστῶν.
1945 4646 2054 4698 Kal.

476 4739 585 4790 τῶν
629 4739 1045 4808 ’Λναστασίμων
1068 4739 1427 4809 ψαλλομένων
1459 4739 1568 4792 τῶν
1596 4739 1921 4809 ἀποστίχου,
1953 4739 2051 4791 καὶ

477 4830 595 4893 τοῦ,
649 4848 667 4882 «
707 4831 843 4894 Δόξα
888 4831 986 4884 καὶ
1032 4831 1146 4898 νῦν,
1198 4819 1228 4884 ι’
1272 4833 1423 4903 παρὰ
1469 4831 1564 4886 τοῦ
1601 4833 1792 4902 ἱερέως
1828 4831 2052 4903 ἐκτενὴς

464 4922 690 4991 ’γίνεται
723 4921 930 4990 δέησις,
961 4923 1058 4976 καὶ
1079 4924 1160 4989 τὸ,
1191 4941 1210 4975 «
1239 4923 1434 4994 Κύριε,
1462 4923 1709 4994 ἐλέησον,
1744 4943 1764 4975 ι
1801 4923 2051 4995 καθάπερ

483 5015 623 5078 ἔθος,
650 5015 726 5075 ὡς
756 5013 1099 5068 κατενώπιον
1130 5015 1226 5069 τοῦ
1267 5016 1738 5088 τάφου’Χριστοῦ.
1773 5016 1884 5070 Καὶ
1916 5015 2054 5087 μετὰ

483 5107 564 5171 τὸ,
599 5127 615 5158 «
641 5107 978 5160 Ἑπάκουσον
999 5108 1181 5178 ήμῶν,
1212 5109 1238 5161 6
1265 5108 1421 5173 Θεὸς,
1453 5129 1471 5160 ι
1494 5110 1564 5163 τὰ
1586 5109 1933 5177 ἀπολυτίκια,
1960 5109 2056 5162 καὶ

485 5199 518 5267 ἡ
549 5198 832 5261 ἀπόλυσις.
879 5200 938 5251 Et
972 5200 1030 5252 δὲ
1068 5200 1221 5268 κοινή
1249 5199 1396 5251 ἐστιν
1427 5200 1633 5270 ἡμέρα,
1669 5200 1791 5271 λιτὴ
1821 5200 1880 5252 οὐ
1909 5199 2054 5266 γίνε-

484 5305 594 5343 ται.
631 5290 704 5341 Τὸ
751 5290 1108 5343 ἁπολυτίκιον
1141 5289 1197 5342 δὲ
1244 5287 1489 5356 λέγεται,
1524 5291 1932 5361 κατερχομένου
1960 5289 2052 5344 τοῦ

487 5380 676 5450 ἱερέως
703 5382 780 5443 είς
803 5383 976 5434 τύπον
1002 5380 1155 5450 λιτῆς
1184 5381 1410 5434 ὄπισθεν
1438 5379 1531 5434 τοῦ
1563 5381 1836 5451 ἄμϐωνος,
1861 5381 2057 5450 ψαλλο·

491 5473 652 5542 μένου
684 5472 803 5536 τοῦ,
864 5491 882 5524 «
936 5471 1167 5525 Θεοτόκε
1206 5473 1477 5540 Παρθένε.
1515 5489 1535 5523 ι
1573 5473 1682 5524 Καὶ
1731 5473 1870 5540 μετὰ
1896 5471 2056 5526 τοῦτο

485 5565 723 5633 ἐκφωνεί
752 5566 779 5615 6
815 5564 1019 5634 ἱερεὺς,
1059 5583 1077 5616 «
1114 5563 1220 5616 Τοῦ
1273 5565 1483 5634 Κυρίου
1507 5563 1809 5634 δεηοῶμεν.
1832 5564 1955 5616 Ὅτι
1989 5564 2053 5616 σὺ

487 5653 540 5708 εί
569 5659 596 5708 6
623 5656 902 5724 φωτισμὸς
934 5655 1118 5727 ἡμῶν,
1159 5656 1362 5726 Χριστέ
1398 5658 1426 5710 6
1465 5657 1600 5719 Θεὸς
1632 5656 1811 5726 ἡμῶν,
1845 5655 1937 5707 καὶ
1973 5656 2056 5709 σοὶ

484 5748 584 5816 τὴν
634 5745 793 5812 δόξαν
842 5747 1266 5816 ἁναπέμπομεν,
1304 5764 1322 5797 ι
1361 5746 1640 5812 τουτέστι,
1693 5744 1768 5797 Σὺ
1817 5743 2056 5808 δέδωκας

486 5841 619 5915 ἡμῖν
652 5840 712 5893 τὸ
760 5839 874 5908 φῶς
925 5840 985 5893 τὸ
1035 5839 1290 5910 αἰσθητόν
1335 5856 1395 5892 τε
1449 5840 1542 5893 καὶ
1588 5837 1796 5907 νοητὸν,
1833 5835 2057 5898 καὶτὸν

2153 4639 2437 4694 sacerdote
2471 4637 2528 4692 ﬁt
2555 4641 2851 4693 continens
2880 4639 3077 4704 oratio,
3135 4649 3189 4691 et
3217 4637 3284 4716 de
3341 4653 3494 4692 more
3535 4637 3726 4709 «Kyrie

2154 4729 2402 4784 eleisom
2426 4732 2573 4785 velut
2601 4745 2724 4785 ante
2753 4733 3017 4786 tumulum
3038 4733 3271 4801 Christi;
3302 4743 3354 4788 et
3381 4743 3502 4804 post
3527 4749 3725 4790 voces:

2162 4823 2404 4876 «Exaudi
2435 4839 2555 4888 nos,
2586 4821 2780 4890 Deus,»
2809 4824 3118 4880 dituissoria
3151 4826 3408 4881 dicuntur
3437 4828 3618 4892 verba,
3670 4836 3729 4881 et

2155 4916 2214 4970 ﬁt
2245 4917 2544 4972 absolutio.
2578 4914 2774 4971 Verum
2804 4917 2847 4971 si
2889 4916 3005 4973 dies
3051 4920 3360 4974 communis
3394 4919 3576 4987 fuerit,
3616 4935 3724 4973 non

2159 5008 2215 5064 ﬁt
2246 5009 2554 5078 processio,
2589 5024 2764 5078 neque
2797 5010 3059 5064 dicuntur
3087 5011 3250 5066 verba
3275 5011 3605 5076 dimissoria,
3631 5011 3726 5064 sed

2157 5101 2534 5156 descendente
2565 5101 2850 5156 sacerdote
2873 5103 2940 5156 ad
2965 5103 3140 5156 instar
3211 5089 3579 5172 processionis
3606 5110 3728 5172 post

2159 5192 2443 5246 ambouem
2504 5203 2800 5247 cantatur:
2847 5212 2863 5245 ι
2915 5194 3006 5248 Dei
3061 5193 3307 5248 Genitrix
3365 5194 3547 5262 Virgo,
3593 5211 3611 5243 ι
3673 5203 3727 5248 et

2160 5292 2280 5352 post
2305 5285 2419 5339 haec
2479 5283 2680 5341 clamat
2731 5286 2982 5351 sacerdos
3001 5301 3028 5352 ε
3092 5304 3110 5337 «
3148 5284 3429 5338 Dominum
3469 5286 3747 5356 deprece-y

2158 5392 2309 5441 mur,
2345 5377 2605 5445 quoniam
2644 5385 2698 5429 ttt
2723 5391 2782 5430 es
2812 5376 2902 5430 lux
2930 5385 3140 5439 nostra,
3177 5376 3394 5430 Christe
3433 5375 3575 5428 Deus
3623 5390 3724 5428 no-

2159 5476 2292 5531 ster,
2320 5477 2372 5520 et
2401 5466 2495 5520 tibi
2526 5467 2752 5536 gloriam
2783 5467 3073 5532 mittimus,
3111 5483 3133 5519 ι
3162 5466 3216 5520 id
3245 5474 3330 5520 est
3360 5483 3374 5519 :
3408 5465 3490 5518 Tu
3524 5465 3725 5519 dedisti

2163 5558 2323 5614 nobis
2351 5559 2534 5612 lumen
2571 5558 2833 5614 sensibile
2862 5567 2915 5614 et
2949 5558 3213 5628 spiritale,
3276 5557 3557 5626 solemque
3588 5557 3724 5611 facis

2161 5649 2412 5705 occidere
2442 5656 2496 5703 ct
2524 5649 2678 5714 oriri,
2710 5658 2766 5705 et
2802 5659 2858 5704 tu
2891 5664 2952 5704 es
2997 5651 3087 5704 lux
3123 5665 3271 5714 vera,
3314 5650 3408 5718 qui
3439 5649 3597 5704 nobis
3630 5662 3724 5701 or-

2162 5750 2249 5795 tus
2280 5739 2593 5808 surrexisti,
2623 5743 2819 5796 iterum
2851 5742 3079 5797 veniens
3128 5758 3228 5798 nos
3264 5742 3639 5803 illutninabis;
3669 5747 3726 5796 et

2161 5835 2233 5889 ita
2263 5830 2603 5912 absolvitur,
2625 5834 2793 5892 Por‘r’o
2821 5851 3038 5906 precum
3099 5837 3346 5896 omnium
3403 5835 3593 5892 ultima
3643 5840 3730 5891 est
