4068 6280
412 418 522 484 6‘5

1187 423 1579 487 SYMEONIS
1613 423 2378 491 THESSALONICENSIS
2408 431 2772 497 ARCBIEP.

3554 436 3671 501 636

414 535 609 606 capitis
634 532 1006 590 inclinationis
1040 540 1096 588 et
1125 533 1484 591 absolutionis
1517 540 1718 602 oratio,
1751 540 1976 609 pariter-

2090 541 2230 611 ἦλιον
2262 541 2442 595 δύνειν
2473 541 2566 594 καὶ
2593 541 2916 595 ἀνατέλλειν
2940 541 3144 605 ποιεῖς·
3175 544 3268 598 καὶ
3297 544 3360 599 σὺ
3387 541 3441 600 εἴ
3462 547 3522 600 τὸ
3544 550 3666 616 φῶς

415 642 520 696 que
542 626 594 678 in
621 625 797 679 oﬂtcio
820 624 1108 680 matutino.
1147 623 1332 695 Itaque
1363 643 1428 682 ex
1472 630 1634 684 dictis
1667 640 1813 700 patet
1838 646 1979 686 can-

413 718 623 772 tionum
649 717 893 771 ordinem
927 717 1051 772 aliis
1109 727 1366 784 praestare
1391 727 1445 774 et
1499 723 1708 776 honore
1736 731 1789 776 et
1839 725 1984 776 anti-

414 811 644 879 quitate,
669 810 812 864 unde
840 811 1203 880 principatum
1265 811 1449 868 habet.
1492 812 1560 866 At
1585 813 1704 866 vide
1729 814 1976 868 ordinem

411 913 478 954 cx
515 913 623 967 quo
645 907 766 968 post
794 913 981 966 preces
1004 915 1222 953 rursum
1273 899 1604 961 ostenditur,
1638 901 1877 955 servitus
1927 909 1980 952 et

299 997 306 1002 ’
415 992 714 1047 inclinatur
743 1004 928 1059 caput,
959 993 1147 1060 sicque
1187 991 1310 1047 linis
1340 990 1592 1060 precibus
1655 991 1976 1058 imponitur;

414 1093 625 1154 oportet
653 1086 795 1140 enim
825 1086 876 1139 in
907 1086 1160 1138 omnibus
1195 1084 1470 1137 humiliari
1497 1093 1551 1138 et
1582 1085 1815 1138 adorare
1870 1083 1977 1139 Do-

414 1175 623 1229 minum
654 1185 706 1228 et
737 1175 1055 1229 servitutem
1100 1174 1277 1227 fateri.
1319 1174 1374 1228 Si
1409 1189 1532 1227 vero
1590 1180 1844 1230 occurrat
1898 1173 1977 1227 fe-

413 1273 558 1318 stum
584 1267 668 1319 vel
692 1266 1141 1319 commemoratio
1166 1264 1311 1327 festi,
1348 1266 1507 1334 cujus
1547 1274 1740 1332 agatur
1772 1265 1979 1319 festivi-

413 1363 521 1417 tas,
553 1365 672 1422 post
697 1358 906 1426 jussam
926 1357 1121 1424 capitis
1175 1356 1625 1420 inclinationem,
1673 1356 1975 1410 secundum

416 1447 789 1500 institutiones
819 1447 1074 1499 dicuntur
1099 1446 1388 1505 let-tiones.
1417 1447 1677 1513 quoniam
1741 1447 1809 1501 ab
1846 1447 1978 1516 ipsis

413 1545 468 1590 et
495 1551 524 1590 a
551 1537 743 1604 priscis
767 1536 973 1590 sanctis
1007 1535 1208 1590 festum
1267 1536 1595 1604 [medicatur
1624 1552 1687 1591 ac
1733 1537 1980 1592 testimo-

413 1625 562 1678 nium
594 1626 813 1693 accipit.
842 1625 1186 1695 Quapropter
1223 1627 1275 1678 in
1329 1626 1549 1696 hymnis
1593 1628 1830 1694 primum
1869 1628 1978 1682 Da-

409 1717 499 1770 vid
525 1717 780 1772 dicuntur
813 1718 1003 1786 psalmi
1034 1719 1378 1788 aliorumque
1402 1720 1810 1787 prophetarum.
1838 1735 1979 1789 quo-

342 1795 346 1800 ’
413 1810 553 1860 uiam
588 1809 675 1862 isti
705 1809 1032 1875 prmivernnt
1061 1826 1076 1874 ;
1108 1809 1305 1863 deinde
1359 1825 1482 1862 cum
1516 1811 1595 1865 eis
1626 1811 1816 1880 gratia:
1845 1827 1978 1865 ran-

2082 634 2147 687 τδ
2187 633 2469 702 ἀληθινὸν,
2516 634 2612 686 καὶ
2663 634 2951 700 ἐπιφανεὶς
2997 635 3132 704 ἡμῖν
3168 635 3262 688 καὶ
3302 637 3662 705 ἀναληφθεὶς,

2082 723 2248 777 πάλιν
2294 723 2636 793 ἀναλάμψεις
2683 725 2833 800 ἡμᾶς
2884 725 3234 794 ἑρχόμενος.ι
3267 726 3378 779 Καὶ
3422 727 3594 791 οὕτως
3622 730 3659 799 ἡ

2080 813 2340 875 ἀπόλυσις
2375 813 2611 880 γίνεται.
2649 814 2951 866 Τελευταία
2996 815 3051 866 δὲ
3087 815 3222 884 εὐχὴ
3271 814 3461 868 πασῶν
3494 819 3526 884 ἠ
3557 817 3658 886 τῆς

2082 904 2513 972 κεφαλοκλισίας
2543 921 2600 956 τε
2636 904 2734 957 καὶ
2765 903 3082 966 ἀπολύσεως
3107 920 3122 934 ·
3160 905 3252 956 καὶ
3279 907 3337 957 ἐν
3369 905 3448 973 τῷ
3476 906 3658 976 ὄρθρῳ

2079 995 2302 1063 ὁμοίως.
2339 995 2434 1046 καὶ
2482 994 2539 1047 έν
2570 995 2715 1065 πάσῃ
2747 994 2884 1064 ἄλλῃ
2914 995 3212 1063 προσευχῇ.
3255 995 3350 1047 Ἐκ
3377 995 3488 1048 τῶν
3511 997 3663 1066 είρη-

2085 1086 2264 1155 μένων
2289 1081 2385 1138 οὖν
2410 1086 2589 1154 δῆλον,
2621 1087 2697 1148 ὡς
2735 1087 2768 1156 ἠ
2799 1084 2895 1138 τοῦ
2921 1085 3169 1157 ᾄσματος
3199 1086 3495 1139 ἀκολουθία
3528 1105 3661 1156 προ-

2079 1176 2344 1245 τιμοτέρα
2389 1177 2488 1244 τῆς
2529 1177 2718 1246 ἄλλης,
2775 1177 2872 1229 καῖ⁵
2914 1177 3318 1246 προγενεστέρα
3363 1178 3510 1228 ἐστι·
3560 1178 3658 1230 καὶ,

2080 1267 2294 1320 ἐκεῖθεν
2318 1265 2456 1337 αὓτη
2485 1268 2584 1329 τὰς
2610 1269 2783 1338 ἀρχὰς
2805 1267 2939 1336 ἔχει.
2967 1268 3110 1338 Ὀρα
3147 1268 3203 1320 δὲ
3233 1269 3330 1319 καὶ
3358 1267 3455 1338 τὴν
3478 1269 3649 1342 τάξιν·

2079 1358 2162 1411 ὅτι
2196 1359 2333 1428 μετὰ
2355 1359 2454 1420 τὰς
2487 1359 2800 1428 προσευχὰς
2831 1357 3081 1427 ὕστερον,
3117 1359 3178 1412 τὸ
3221 1359 3387 1422 δεῖξαι
3412 1360 3509 1428 τὴν
3538 1360 3659 1412 δου-

2078 1449 2229 1502 λείαν
2278 1450 2372 1503 καὶ
2404 1449 2583 1502 κλῖναι
2628 1451 2776 1502 ποιεῖ
2818 1449 2917 1510 τὰς
2969 1450 3246 1516 κεφαλάςο
3283 1451 3377 1504 καὶ
3422 1450 3564 1504 οὕτω
3597 1453 3661 1504 τδ

2078 1539 2234 1600 τέλος
2259 1539 2368 1590 τῶν
2403 1537 2724 1607 προσευχῶν
2751 1537 2969 1606 ἐπάγει.
3003 1540 3094 1591 Δεῖ
3131 1539 3236 1608 γὰρ
3268 1539 3358 1590 ἐπὶ
3395 1542 3529 1593 πᾶσι
3559 1558 3655 1594 τα-

2081 1628 2400 1682 πεινοῦσθαι
2450 1631 2545 1682 καὶ
2581 1633 2911 1700 προσκυνεῖν
2955 1630 3034 1699 τῷ
3088 1631 3358 1704 Δεσπότῃ,
3412 1634 3506 1686 καὶ
3550 1633 3653 1704 τὴν

2080 1718 2324 1770 δουλείαν
2379 1718 2680 1786 ὁμολογεῖν.
2731 1719 2796 1772 Ei
2841 1717 2996 1788 τύχοι
3038 1719 3094 1773 δὲ
3151 1720 3338 1790 ἑορτὴ,
3387 1722 3418 1790 ἦ
3461 1724 3650 1794 μνήμη

2081 1810 2478 1878 έορταζομένου
2531 1810 2712 1876 άγίου,
2764 1808 2902 1876 μετᾶ
2950 1813 3048 1880 τὴν
3081 1812 3178 1879 τῆς
3235 1811 3660 1879 κεφαλοκλισίας

412 1905 598 1951 tantur
627 1901 920 1966 praeconia.
960 1897 1116 1952 Tunc
1136 1915 1263 1953 vero
1297 1899 1465 1953 ﬁnitis
1517 1902 1776 1955 omnibus
1821 1903 1978 1972 hym-

2090 1869 2302 1969 ὲκφὼνη
2312 1869 2416 1964 σιν,
2439 1899 2507 1953 τὰ
2527 1869 2670 1953 κατὰ
2699 1869 2873 1953 τύπον
2890 1869 3295 1970 ἀναγνὼσδματα
3316 1869 3556 1969 λέγεται,

411 1985 519 2046 nis.
563 1985 874 2039 testimonia
927 1985 1187 2041 dicuntur
1239 1987 1499 2041 festorum
1551 1988 1976 2055 celebratnrnm,

413 2079 604 2145 sicque
632 2078 1001 2143 vespertinum
1032 2078 1090 2132 fit
1141 2078 1403 2132 ollicium.
1448 2079 1772 2136 Matutinum
1800 2095 1978 2139 autem

364 2201 368 2205 -
413 2168 590 2236 ipsum
625 2184 842 2239 quoque
878 2171 1218 2239 spiritalibus
1263 2181 1318 2226 et
1346 2175 1737 2228 consentaneis
1767 2185 1984 2230 constat

415 2259 698 2314 institutis.
731 2259 973 2330 lntellige
998 2277 1163 2331 quam
1205 2263 1440 2317 mirabili
1474 2251 1978 2322 modo'universam

411 2351 730 2413 rrealionis,
764 2351 917 2418 legis,
967 2353 1358 2422 prophetarum
1389 2370 1453 2409 ac
1523 2356 1826 2410 Salvatoris
1859 2357 1976 2411 dis-

415 2444 784 2503 pvnsationem
813 2444 1080 2506 exprimat
1109 2456 1273 2512 atque
1324 2444 1626 2509 describat,
1656 2446 1980 2516 hymnisque

413 2546 474 2584 ac
497 2532 755 2600 operibus
793 2535 990 2589 salutis
1026 2543 1226 2589 nostra:
1257 2536 1511 2606 mysteria
1535 2538 1716 2591 tradat
1760 2553 1824 2593 ac
1849 2539 1980 2592 vdo-

411 2633 554 2689 coat,
580 2637 631 2679 et
666 2627 923 2695 quoniam
955 2643 1052 2697 per
1076 2626 1414 2682 Salvatorem
1449 2637 1698 2684 nostrum
1756 2631 1812 2685 in
1868 2647 1977 2688 cce.

414 2713 522 2764 lum
545 2714 850 2785 ingressum
878 2717 1194 2785 aditumque
1223 2719 1588 2774 inveniamus.

2085 1995 2156 2048 δι’
2183 1994 2360 2047 αὐτῶν
2388 1995 2498 2047 τῶν
2527 1995 2626 2063 τῆς
2651 1995 2848 2068 ἑορτῆς
2867 1995 2960 2048 καὶ
2989 1997 3137 2067 παρὰ
3168 1995 3279 2050 τῶν
3298 1997 3464 2051 πάλαι
3489 1997 3661 2065 ἁγίων

2090 2087 2511 2156 κηρυττομένων
2561 2103 2620 2140 τε
2680 2090 2774 2140 καὶ
2827 2089 3308 2158 μαρτυρουμένων.
3344 2089 3434 2141 Διὸ
3465 2091 3557 2142 καὶ
3602 2091 3668 2142 ὲν

2097 2175 2194 2244 μὲν
2218 2178 2336 2238 τοῖς
2367 2175 2562 2244 ὕμνοις
2594 2178 2816 2248 πρῶτον
2837 2180 2896 2232 οἱ.
2914 2180 3119 2249 ψαλμοὶ
3153 2179 3247 2234 τοῦ
3279 2179 3444 2233 Δαεὶδ
3475 2181 3664 2248 λέγον-

2091 2283 2180 2319 ται
2211 2269 2307 2320 καὶ
2339 2268 2449 2320 τῶν
2490 2269 2666 2324 ἄλλων
2702 2271 2874 2339 ἁγίων
2899 2273 3218 2343 προφητῶν,
3250 2273 3334 2326 ὅτι
3363 2272 3664 2342 προέλαϐον

2089 2357 2276 2412 οὗτοιο
2319 2353 2440 2412 εἶτα
2491 2361 2592 2414 σὺν
2655 2361 2840 2426 αὐτοῖς
2887 2363 2956 2416 τὰ
2998 2364 3101 2432 τῆς
3150 2364 3376 2435 χάριτος
3423 2363 3664 2433 ὲφύμνια

2087 2451 2294 2522 ᾄδεται.
2363 2451 2631 2506 Ἐνταῦθα
2702 2453 2760 2506 δὲ
2833 2454 2974 2523 μετά
3040 2453 3102 2506 τὸ
3156 2454 3475 2524 τελεσθῆναι
3534 2454 3664 2516 τοὺς

2090 2542 2298 2612 ὕμνους
2332 2541 2604 2610 ἅπαντας,
2639 2545 2732 2597 καὶ
2763 2546 2818 2598 αἱ
2855 2544 3153 2615 μαρτυρίαι
3185 2545 3292 2598 τῶν
3324 2543 3664 2612 τελουμένων

2086 2633 2287 2703 ἑορτῶν
2319 2632 2801 2702 ἀναγινώσκονται.
2853 2636 2962 2689 Καὶ
2992 2638 3020 2688 ὁ
3049 2637 3148 2704 μὲν
3177 2636 3460 2706 ἑσπερινδς

2085 2725 2229 2780 οὕτω
2245 2726 2452 2794 γίνεται
2472 2743 2490 2760 ο
2523 2729 2551 2780 ὁ
2569 2728 2625 2782 δέ
2647 2745 2708 2796 γι
2735 2727 2951 2797 δρορος,
2983 2727 3075 2798 καὶ
3097 2721 3250 2790 οὗτος
3281 2723 3666 2798 πνευματικῶς

412 2819 470 2854 τε
501 2805 592 2856 καὶ
624 2807 916 2875 ἁρμοδίως.
970 2811 1319 2877 Κατανόησον
1364 2812 1471 2881 γὰρ
1508 2811 1584 2873 ὡς
1622 2811 1952 2882 θαυμαστῶς
1989 2815 2058 2868 τὰ
2097 2817 2356 2888 ἀπαρχῆς
2388 2818 2486 2887 τῆς
2519 2819 2749 2880 κτίσεως
2795 2821 3010 2873 ἅπαντα
3039 2819 3107 2872 τά
3135 2835 3196 2870 τε
3235 2817 3330 2869 τοῦ
3361 2818 3522 2887 νόμου
3555 2815 3666 2870 τῶν

411 2899 729 2966 προφητῶν,
763 2901 858 2954 καὶ
897 2902 963 2954 τὰ
997 2903 1093 2966 τῆς
1122 2901 1218 2954 τοῦ
1271 2906 1526 2975 Σωτῆρος
1558 2907 1872 2978 οἰκονομίας
1901 2912 2128 2963 ἐκτυποῖ
2175 2930 2234 2964 τε
2296 2916 2392 2966 καὶ
2439 2913 2753 2982 διαγράφει,
2818 2914 2912 2964 καὶ
2961 2911 3150 2982 ὕμνοις
3218 2911 3311 2964 καὶ
3373 2910 3667 2982 πράγμασι

410 2993 479 3039 τὰ
509 2989 606 3054 τῆς
645 2991 918 3061 σωτηρίας
949 2991 1108 3059 ἡμῶν
1155 2994 1492 3063 παραδίδωσί
1538 3012 1598 3048 τε
1639 2997 1733 3050 καὶ
1763 2999 2105 3053 ἐκδιδάσκει·
2157 3002 2254 3056 καὶ
2323 3004 2404 3057 ὅτι
2458 3004 2548 3057 διὰ
2596 3003 2692 3056 τοῦ
2744 3002 2996 3074 Σωτῆρος
3044 3002 3203 3074 ημῶν
3263 3001 3365 3073 τὴν
3424 3003 3506 3066 εἰς
3571 3000 3667 3055 τὸν

412 3081 642 3152 οὐρανὸν
667 3083 873 3136 εἴσοδον
909 3084 1001 3136 καὶ
1023 3083 1214 3137 ἄνοδον
1242 3086 1499 3155 εὕρομεν.

900 3179 1129 3236 CAPUT
1173 3182 1494 3246 CCCXLIX.

876 3276 948 3330 De
975 3279 1216 3332 cautione
1243 3281 1536 3334 matutina.

484 3363 655 3419 Porro
689 3381 956 3437 exponam
1006 3369 1332 3422 matutinum
1385 3369 1676 3424 Dominica:
1729 3372 1987 3439 ollicium,

413 3457 571 3525 cujus
604 3455 873 3524 ad;instar
904 3457 1008 3511 alia
1043 3459 1272 3527 singulis
1298 3461 1490 3515 diebus
1521 3470 1646 3516 sunt
1685 3464 1942 3532 disposita
1970 3485 1986 3534 ;

413 3558 469 3602 et
499 3547 588 3602 hic
618 3563 837 3618 quoque
867 3550 973 3603 erit
999 3550 1134 3605 ordo
1162 3550 1506 3607 manifestus.
1550 3552 1764 3609 Clausis
1793 3557 1991 3626 regali-

416 3639 518 3695 bus
539 3639 722 3707 templi
752 3638 980 3702 l‘oribus,
1012 3655 1122 3710 quo
1154 3650 1575 3710 repraascntatur
1599 3654 1708 3697 tum
1733 3647 1988 3715 antiquus

414 3730 724 3799 paradisus,
762 3737 876 3784 tum
910 3731 1129 3796 coelum,
1181 3747 1276 3787 seu
1334 3734 1518 3800 potius
1570 3737 1714 3802 quod
1751 3753 1876 3791 vero
1907 3746 1990 3793 est

418 3824 708 3892 paradisus
738 3833 792 3878 et
846 3823 1074 3892 ccelum;
1113 3838 1239 3879 nam
1295 3833 1554 3893 tanquam
1608 3825 1895 3895 paradisus
1930 3824 1986 3875 in

416 3915 600 3970 medio
630 3915 947 3981 sanctuarii,
983 3929 1142 3969 sacro
1162 3915 1369 3968 scilicet
1403 3916 1584 3982 altari,
1618 3916 1822 3986 lignttm
1854 3914 1979 3968 vitae

415 4007 574 4061 habet
603 4021 794 4074 nempe
825 4006 1103 4061 Christum
1134 4005 1226 4074 qui
1263 4007 1625 4070 sacriﬁcatur,
1655 4018 1990 4074 crucemque

413 4099 533 4166 «jus
584 4099 1018 4163 sanctissimam,
1086 4112 1273 4152 verum
1335 4098 1482 4155 sicut
1550 4100 1748 4154 caelum
1811 4103 1984 4170 ipsam

416 4190 580 4243 habet
604 4203 814 4243 sacram
849 4204 1090 4245 mensam
1121 4199 1180 4243 ut
1212 4189 1466 4246 thronum
1517 4191 1570 4244 in
1601 4206 1712 4259 quo
1752 4209 1842 4249 rex
1871 4195 1988 4262 glo-

415 4280 510 4334 ria:
561 4279 808 4336 Christus
861 4295 956 4348 per
1008 4280 1262 4352 mysteria
1303 4290 1355 4335 et
1413 4283 1753 4352 evangelium
1811 4282 1985 4346 sedet,

415 4374 754 4441 virtutesque
779 4372 1051 4439 angelicas
1087 4371 1171 4424 his
1201 4371 1566 4439 invigilantes,
1617 4373 1986 4426 sacerdotales

417 4467 658 4531 ordine,
691 4472 937 4519 sanctum
970 4464 1232 4527 chrisma,
1283 4479 1468 4519 sacras
1517 4474 1809 4533 martyrum
1863 4464 1988 4516 reli-

418 4561 598 4629 quias,
651 4557 956 4610 animarum
1027 4555 1398 4624 apostolorum
1478 4563 1532 4607 et
1601 4555 1985 4622 pmphetarum

420 4653 633 4706 turbam
658 4666 778 4720 qua:
796 4651 992 4718 sapius
1017 4650 1233 4704 emissa:
1255 4649 1426 4703 sacris
1451 4659 1713 4716 ptmsunt,
1731 4656 1783 4699 et
1815 4649 1991 4699 adhuc

386 4732 492 4796 'ibi
524 4743 720 4796 adsunt
752 4756 849 4810 per
885 4740 1237 4795 sanctissima
1283 4755 1472 4794 eorum
1501 4740 1725 4807 scripta,
1768 4739 1990 4805 angelus

418 4849 636 4903 quoque
687 4849 812 4887 vere
863 4833 1187 4886 accedentes
1235 4840 1294 4885 ut
1343 4832 1500 4885 nobis
1554 4832 1992 4885 ministrantibus

420 4934 789 4993 conperenlur
838 4935 893 4978 et
945 4924 1198 4978 eumdem
1255 4924 1513 4992 hymnum
1569 4923 1846 4992 psallendn
1901 4923 1990 4990 qui

422 5028 528 5068 tam
566 5015 634 5067 ab
669 5013 803 5082 ipsis
833 5027 996 5082 quam
1033 5027 1063 5066 τι
1094 5013 1249 5067 nobis
1281 5023 1555 5075 cantatur,
1587 5021 1640 5065 et
1668 5013 1808 5066 idem
1832 5031 1859 5062 n
1889 5013 1994 5066 ini-

424 5105 648 5160 sterium
683 5113 789 5159 tam
825 5119 991 5174 supra
1033 5118 1194 5174 quam
1236 5103 1376 5157 infra
1419 5103 1787 5172 adimplendo.
1821 5103 1996 5173 Hujus

423 5211 556 5264 ergo
585 5195 915 5252 divinissimi
935 5195 1119 5266 templi
1146 5195 1266 5249 novi
1297 5194 1532 5262 paradisi
1563 5209 1626 5248 ac
1660 5195 1782 5249 cmli
1812 5194 1997 5262 j:muis

426 5291 649 5354 clausis,
678 5291 940 5360 quoniam
973 5299 1027 5344 et
1058 5287 1370 5360 paradisum
1401 5296 1454 5341 et
1483 5287 1682 5341 caelum
1718 5302 1816 5340 nos
1842 5287 1998 5340 nobis

424 5391 647 5445 peccato
693 5383 1046 5446 occlusimus,
1089 5389 1143 5436 et
1179 5391 1441 5436 continuo
1489 5380 1854 5442 occludimus,
1891 5386 2000 5433 stat

420 5475 677 5530 sacerdos
707 5484 832 5529 ante
865 5485 1050 5543 portas
1085 5473 1232 5528 velut
1284 5472 1574 5539 mediator,
1633 5471 1783 5524 velut
1830 5470 1994 5523 etiam

417 5569 590 5635 angeli
623 5583 816 5634 gerens
838 5567 1126 5634 imaginem
1179 5574 1235 5620 et
1263 5565 1536 5620 benedicit
1559 5563 1794 5617 Deuznin
1815 5561 1998 5615 Trini-

415 5667 529 5712 tatc
580 5674 770 5725 unum,
829 5659 1058 5713 dicendo
1116 5656 1570 5710 :cBenedictum
1631 5655 1701 5709 sit
1773 5669 1998 5724 regnum

421 5748 602 5804 Patris
637 5757 691 5803 et
709 5747 828 5803 Filii
864 5757 918 5803 et
953 5747 1193 5818 Spiritus
1225 5749 1423 5814 sancti;
1474 5765 1492 5797 ι
1523 5754 1575 5800 et
1609 5747 1788 5801 statim
1819 5746 2001 5801 omnia

421 5841 572 5911 pacis
593 5839 755 5896 verba
776 5838 978 5909 adjicit,
995 5849 1047 5896 et
1078 5858 1092 5892 :
1120 5840 1404 5911 «Suscipe,
1442 5833 1614 5903 salta,
1654 5841 1975 5896 miserere.)

2011 3189 2058 3250 ο

2621 3187 2875 3242 ΚΕΦᾹΛ.
2929 3184 3113 3242 ΤΜΘ’.

2441 3279 2580 3346 Περὶ
2607 3278 2712 3334 τοῦ
2738 3277 3076 3346 ἀσμητικοῦ
3104 3277 3345 3347 ὄρθρου.

2178 3371 2518 3441 Ἐκοήσομαι
2564 3371 2622 3424 δὲ
2671 3373 2764 3424 καὶ
2791 3371 2882 3424 τὸν
2908 3370 3103 3438 ὄρθρον
3134 3369 3233 3439 τῆς
3271 3368 3580 3441 Κυριακῆς,
3601 3363 3666 3424 οὗ

2089 3464 2233 3516 κατὰ
2262 3461 2497 3532 μίμησιν
2541 3464 2651 3515 είσι
2692 3463 2788 3516 καὶ
2837 3461 2887 3514 oi
2917 3460 3040 3514 καθ’
3073 3463 3292 3530 ἡμέραν
3327 3461 3536 3532 δρθροι·
3567 3463 3668 3516 καὶ

2091 3554 2342 3608 ἐντεῦθεν
2388 3554 2546 3607 ἔσται
2589 3556 2621 3622 ή
2673 3555 2827 3620 τάξις
2862 3553 3021 3622 δήλη.
3052 3553 3399 3623 κλειομένων
3427 3553 3536 3606 τῶν
3568 3554 3669 3622 βα-

2091 3643 2312 3696 σιλικῶν
2341 3643 2526 3696 πυλῶν
2582 3643 2678 3696 τοῦ
2732 3641 2887 3708 ναοῦ,
2927 3643 2986 3706 ὃς
3013 3642 3108 3695 τὸν
3135 3643 3309 3697 πάλαι
3335 3643 3666 3712 παράδεισον

2090 3735 2186 3787 καὶ
2218 3717 2309 3788 τὸν
2341 3735 2570 3801 οὐρανὸν
2621 3737 2850 3788 ὲκτυποῖ
2875 3753 2888 3765 ’
2940 3735 3143 3803 μᾶλλον
3184 3735 3242 3788 δὲ
3283 3736 3501 3806 ἀληθῶς
3545 3737 3666 3790 ἐστι

2090 3825 2420 3895 παράδεισός
2449 3843 2510 3878 τε
2544 3827 2638 3880 καὶ
2673 3826 2920 3895 οὐρανός·
2955 3828 3051 3879 καὶ
3096 3827 3204 3896 γὰρ
3247 3826 3325 3890 ὡς
3362 3826 3460 3897 μὲν
3485 3827 3667 3897 παρὰ-

2089 3919 2263 3981 δεισος
2293 3922 2350 3972 ὲν
2388 3919 2541 3988 μέσῳ
2573 3917 2669 3971 τοῦ
2706 3919 2975 3989 βήματος,
3008 3917 3084 3987 τῷ
3112 3919 3243 3989 ἱερῷ
3269 3919 3665 3992 θυσιαστηρίῳ,

2089 4010 2150 4063 τὸ
2193 4013 2292 4078 τῆς
2357 4011 2502 4080 ζωῆς
2565 4009 2719 4074 ξύλον
2775 4008 3042 4078 κέκτηται
3093 4010 3548 4082 ίερουργούμενον
3575 4013 3669 4066 τὸν

2091 4101 2348 4172 Χριστὸν,
2384 4103 2480 4155 καὶ
2513 4101 2604 4154 τὸν
2643 4100 2878 4167 σταυρὸν
2930 4099 3098 4153 αὐτοῦ
3145 4102 3236 4155 τὸν
3265 4103 3557 4171 πανάγιον,
3591 4103 3667 4168 ὡς

2089 4193 2144 4246 δὲ
2173 4194 2420 4264 οὐρανὸς,
2451 4193 2619 4262 αὐτὴν
2648 4194 2712 4263 δὴ
2742 4193 2842 4259 τὴν
2891 4193 3046 4262 ἱερὰν
3074 4193 3406 4264 ,τράπεζαν,
3437 4194 3513 4257 ὡς
3540 4194 3669 4264 θρο-

2089 4303 2201 4348 νον,
2247 4287 2343 4339 καὶ
2380 4286 2471 4338 τὸν
2518 4285 2750 4354 βασιλέα
2797 4284 2900 4353 τῆς
2950 4284 3109 4354 δόξης
3159 4286 3396 4356 Χριστὸν
3425 4287 3516 4340 διὰ
3556 4287 3668 4340 τῶν

2093 4377 2411 4447 μυστηρίων
2455 4378 2549 4431 καὶ
2589 4375 2687 4429 τοῦ
2726 4375 3067 4444 Εὑαγγελίου
3104 4377 3540 4448 ἐπικαθήμενον,
3573 4381 3671 4434 καὶ

2094 4470 2392 4537 ἁγγελικάς
2444 4471 2576 4540 περὶ
2636 4470 2843 4525 τούτων
2906 4468 3071 4532 οὔσας
3128 4470 3411 4539 δυνάμεις,
3444 4472 3537 4525 καὶ
3568 4473 3670 4534 τὰς

2097 4561 2381 4628 ἱερατικὰς
2412 4561 2618 4627 τάξεις,
2669 4565 2765 4618 καὶ
2811 4563 2872 4616 τὸ
2929 4562 3143 4632 χρίσμα
3174 4564 3235 4615 τδ
3266 4562 3442 4630 ἅγιον,
3481 4563 3576 4617 καὶ
3603 4565 3674 4618 τά

2091 4654 2200 4706 τῶν
2235 4653 2530 4724 μαρτύρων
2579 4655 2700 4725 ἱερὰ
2761 4654 3014 4724 λείψανα,
3065 4655 3160 4707 καὶ
3214 4654 3307 4706 τὸν
3337 4655 3525 4723 ὅμιλον
3563 4656 3673 4711 τῶν

2095 4747 2477 4800 άποστολικῶν
2511 4748 2604 4799 καὶ
2651 4747 3012 4817 προφητικῶν
3043 4746 3234 4817 ψυχῶν
3265 4748 3673 4818 ἀποστελλομέο

2094 4857 2202 4891 νων
2253 4840 2350 4892 καὶ
2387 4839 2766 4908 ἐφισταμένων
2809 4838 3096 4900 πολλάκις,
3128 4839 3221 4891 καὶ
3271 4838 3352 4891 ἔτι
3384 4839 3674 4910 παρόντων

2095 4930 2275 4981 αὐτῶν
2307 4929 2392 4982 διὰ
2423 4929 2532 4980 τῶν
2567 4928 2881 4997 ἱερωτάτων
2911 4929 3147 4998 Γραφῶν
3180 4929 3381 4995 αὐτῶν,
3424 4929 3522 4982 καὶ
3567 4930 3674 4984 τῶν

2098 5020 2348 5088 ἀγγέλων
2408 5019 2464 5071 δὲ
2519 5019 2931 5089 ἐπιδημούντων
2972 5019 3188 5088 άληθῶς
3243 5018 3318 5082 ὡς
3366 5037 3674 5092 συνυπουρ-

2099 5112 2342 5178 γούντων
2385 5112 2538 5179 ἡμῖν,
2587 5111 2681 5162 καὶ
2733 5109 2821 5162 διὰ
2867 5110 2961 5162 τοῦ
3012 5111 3127 5164 [σου
3185 5109 3382 5180 ὕμνου,
3429 5111 3505 5175 ὡς
3542 5111 3677 5182 παρ’

2101 5204 2269 5256 αὑτοῦ
2302 5204 2398 5257 καὶ
2427 5202 2558 5271 παρ’
2586 5201 2746 5273 ήμῶν
2788 5203 3074 5274 ᾀδομένου.
3108 5203 3203 5257 καὶ
3237 5203 3339 5273 τῆς
3375 5203 3548 5272 αὐτῆς
3578 5205 3678 5258 καὶ

2103 5297 2232 5363 μιᾶς
2266 5295 2380 5349 ἄνω
2409 5311 2466 5346 τε
2518 5296 2613 5347 καὶ
2668 5293 2820 5347 κάτω
2860 5293 3205 5362 λειτουργίας
3249 5294 3678 5364 έκτελουμένης.

2101 5384 2304 5438 Τούτου
2359 5383 2540 5436 τοίνυν
2588 5381 2684 5434 τοῦ
2733 5381 3008 5434 Θειοτάτου
3039 5381 3167 5434 ναοῦ
3197 5379 3292 5433 τοῦ
3329 5381 3451 5434 νέου
3493 5398 3679 5451 παρα-

2101 5479 2282 5532 δείσου
2331 5480 2426 5530 καὶ
2481 5475 2717 5547 ούρανοῦ
2756 5475 2866 5527 τῶν
2903 5475 3092 5527 πυλῶν
3125 5473 3462 5544 κλειομένων
3494 5514 3510 5540 ,
3553 5474 3680 5527 ἐπεὶ

2103 5568 2198 5620 καὶ
2229 5567 2320 5619 τὸν
2351 5565 2682 5636 παράδεισον
2729 5565 2890 5634 ἡμεῖς
2937 5565 3028 5616 καὶ
3059 5563 3152 5616 τὸν
3181 5561 3412 5633 οὐρανὸν
3459 5564 3527 5633 τῇ
3571 5579 3680 5616 πα-

2106 5660 2342 5731 ραϐάσει
2393 5659 2514 5712 καθ’
2551 5655 2706 5728 ἡμῶν
2769 5656 3197 5724 άπεκλεὶσαμεν,
3257 5656 3351 5709 καὶ
3413 5652 3684 5725 διηνεκῶς

2109 5751 2498 5823 ἀποκλείομεν,
2527 5753 2748 5806 ἵσταται
2767 5747 3081 5819 ἔμπροσθεν
3101 5747 3211 5800 τῶν
3230 5746 3415 5800 πυλῶν
3441 5747 3470 5798 ὁ
3499 5747 3682 5816 ἱερεὺς

2109 5845 2184 5910 ὡς
2223 5844 2471 5915 μεσίτης,
2529 5842 2621 5897 καὶ
2680 5842 2755 5904 ὡς
2813 5838 3047 5909 ἀγγέλου
3100 5838 3270 5892 τύπον
3318 5837 3551 5908 ἐπέχων,
3583 5838 3680 5891 καὶ
