4026 6274
369 438 476 505 637

1540 451 1638 514 DE
1681 453 1924 513 sacrm
1970 450 2476 530 PRECATIONE.

3519 475 3622 538 638

374 559 590 628 εὐλογιῖ
637 559 730 613 τὸν
779 561 934 630 Θεὸν,
964 563 1056 618 τὸν
1089 565 1250 634 μόνον
1298 571 1355 621 ἐν
1405 567 1619 638 Τριάδι,
1659 587 1678 620 ι
1719 568 1953 636 Εὐλογη-

2063 569 2126 624 Et
2159 583 2352 629 cantor
2380 577 2526 633 illico
2553 591 2756 650 partem
2779 590 2958 638 cantat
2994 585 3183 654 psalmi
3211 585 3433 655 jamjam
3471 591 3622 655 psan

379 654 518 724 μὲνη
552 653 584 722 ἠ
619 652 888 722 βασιλεία,
911 657 1107 726 λέγων,
1138 659 1234 713 τοῦ
1270 661 1506 728 Πατρὺς,
1550 662 1760 715 καὶτοῦ
1786 661 1940 720 Υἱοῦ,

293 790 297 793 .
378 743 596 800 καὶτοῦ
630 747 788 815 ἁγίου
818 749 1162 818 Πνεύματος.
1196 770 1215 804 3
1253 753 1360 805 Kal
1395 753 1556 814 εὐθὺς
1587 752 1658 804 τὰ
1690 752 1945 821 εἰρηνικὰ

375 838 555 892 πάντα
601 837 836 906 ἐπάγει,
865 841 962 891 καὶ
1007 840 1088 904 τὸ,
1129 859 1148 892 ι
1171 842 1513 916 Ἀντιλαὸοιλ
1551 844 1750 904 σῶσον,
1789 842 1944 909 ἐλέηο

379 946 495 983 σον.
531 947 550 982 3
583 931 694 984 Kal
719 933 748 984 6
791 931 1002 1002 ψάλτης
1030 933 1231 998 εὐθέως
1253 935 1417 1004 μέρος
1451 935 1569 1006 ᾷδει
1597 937 1692 988 τοῦ
1731 934 1950 1004 μέλλον-

372 1038 467 1085 τος
505 1022 733 1093 ᾄδεσθαι
754 1024 974 1092 ψαλμοῦ
1005 1027 1149 1080 κατὰ
1187 1027 1344 1094 λόγον
1374 1029 1541 1081 θεῖον
1579 1047 1598 1080 «
1636 1029 1745 1080 Kal
1773 1027 1950 1079 ὕπνω-

376 1129 444 1167 σα
465 1128 479 1144 '
511 1113 641 1178 δόξα
673 1120 820 1180 σοι,ό
842 1116 992 1180 Θεός.
1018 1137 1036 1168 3
1067 1119 1176 1172 Καὶ
1192 1119 1284 1172 τοῦ
1325 1120 1536 1185 ἱερέως,
1578 1137 1596 1168 ι
1626 1119 1738 1186 Τῆς
1771 1119 1950 1169 Πανα-

374 1205 502 1272 γίας
551 1205 822 1275 ἀχράντου
848 1248 864 1269 .
903 1226 922 1258 3
962 1209 1236 1274 εἰπόντος,
1267 1209 1365 1263 καὶ
1395 1210 1779 1279 παραθεμένου
1814 1210 1950 1260 πᾶν·

375 1312 477 1358 τας
498 1295 577 1365 τῷ
607 1297 747 1366 Θεῷ,
773 1297 868 1350 καὶ
896 1299 1161 1368 ὲκφὼνως
1194 1300 1286 1353 τὸν
1305 1300 1438 1352 Θεὸν
1464 1300 1949 1368 δοξολογήσαντος,

375 1386 476 1450 ab,
516 1404 537 1439 «
593 1387 718 1441 Ὅτι
778 1388 982 1455 πρέπει
1039 1407 1122 1443 σοι
1185 1393 1335 1445 πᾶσα
1387 1392 1538 1454 δόξα,
1585 1410 1603 1441 3
1640 1391 1950 1458 εἰρηκότος.

379 1477 521 1546 μετά
554 1479 772 1549 μέλους.
802 1481 967 1552 φησὶν
992 1481 1021 1532 ό
1048 1482 1278 1551 ψάλτης,
1306 1501 1325 1533 ι
1351 1482 1493 1550 Ἐγὼ
1525 1483 1828 1550 ὲκοιμήθην
1857 1482 1954 1534 καὶ

379 1568 628 1623 ὕπνωσα·
666 1572 804 1636 Δόξα
829 1588 937 1634 σοι,
965 1572 994 1624 6
1021 1574 1176 1636 Θεός.
1212 1593 1230 1624 3
1273 1575 1380 1628 Kal
1419 1575 1594 1638 οὕτως
1624 1575 1952 1644 ἀρξάμενος,

376 1652 476 1710 τοῦ
504 1657 722 1727 ψαλμοό
764 1658 884 1722 τοῦ,
940 1677 960 1710 ι
983 1660 1182 1729 Κύριε,
1213 1661 1267 1713 τί
1290 1663 1723 1733 ἐπιληθύνθησαν,
1764 1682 1782 1714 ›
1818 1662 1957 1732 μετὰ

379 1747 491 1802 τῶν
519 1749 726 1802 λοιπῶν
773 1751 916 1804 κατὰ
966 1755 1152 1822 στίχον
1207 1754 1388 1809 πάντα
1441 1756 1642 1808 τελειοῖ
1692 1754 1954 1824 ψαλμῶν,

381 1841 649 1910 ἑκατέρου
693 1841 858 1912 χοροῦ
904 1845 1157 1910 λέγοντος
1185 1846 1268 1908 τὸ,
1306 1865 1324 1897 ι
1367 1848 1502 1913 Δόξα
1538 1866 1644 1912 σοι,
1675 1850 1703 1901 6
1744 1848 1894 1907 Θεός.
1930 1866 1948 1897 3

382 1933 544 2001 τρεῖς
577 1933 634 1986 δὲ
656 1933 906 2000 λέγονται
940 1936 1072 2004 ὁμοῦ
1104 1937 1313 2006 ψαὶμοὶ
1346 1941 1427 2000 εἰς
1453 1941 1629 1992 τύπον
1662 1939 1757 1990 καὶ
1787 1939 1951 2005 τιμὴν

381 2023 480 2090 τῆς
499 2025 773 2093 Παωγῖας
795 2026 1040 2095 Τριάδος.
1061 2029 1226 2090 Αὐτδς
1257 2029 1312 2082 δὲ
1337 2029 1418 2090 τὸ,
1454 2049 1472 2080 ι
1501 2029 1671 2098 Κύριε
1703 2031 1754 2080 τί
1789 2031 1951 2097 ἐπληο

381 2115 705 2185 σύνθησανοι
739 2117 820 2185 τὸ,
846 2136 865 2169 ι
888 2118 948 2171 Ὅ
968 2119 1166 2185 Θεὸς,ό
1190 2120 1319 2183 Θεός
1355 2139 1481 2191 μου,
1511 2123 1647 2190 πρὸς
1678 2122 1735 2173 σὲ
1767 2121 1954 2190 ὀρθρί-

378 2205 494 2273 ζω,
525 2227 545 2261 3
577 2211 670 2262 καὶ
714 2209 810 2272 τὸ,
854 2229 872 2261 ι
925 2210 1058 2264 Ἰδοὺ
1100 2211 1163 2281 δὴ
1209 2212 1483 2278 εὐλογεῖτε
1525 2216 1614 2266 τὸν
1665 2213 1888 2282 Κύριον.
1928 2231 1948 2265 3

391 2299 483 2354 Ἐν
507 2300 719 2362 τούτοις
739 2303 857 2364 τοῖς
887 2301 1066 2372 τρισὶν
1097 2304 1175 2363 εἰς
1213 2302 1313 2364 τὰς
1349 2304 1540 2372 ἑορτὰς
1573 2305 1670 2355 καὶ
1699 2302 1954 2367 τριαδικὰ

379 2392 696 2461 ψάλλονται,
727 2395 845 2463 ἢτοι
875 2395 958 2458 τὸ,
1007 2413 1027 2445 ι
1061 2394 1198 2458 Δόξα
1257 2412 1363 2458 σοι,
1414 2396 1593 2464 Πάτερ
1621 2439 1636 2460 ,
1681 2396 1811 2458 δόξα
1849 2413 1951 2459 σοι,

378 2483 501 2545 Υἱὲ,
527 2484 651 2547 δόξα
687 2503 791 2549 σοι,
815 2486 875 2537 τὺ
907 2484 1131 2554 Πνεῦμα
1159 2487 1220 2538 τὺ
1255 2487 1434 2552 ἅγιον·
1475 2504 1496 2538 3
1542 2489 1636 2539 καὶ
1662 2487 1733 2539 τα
1763 2488 1949 2552 ὅμοια.

385 2573 522 2637 ταῖς
565 2575 621 2627 δὲ
656 2578 869 2637 κοιναῖς
912 2577 1151 2644 ἡμέραις
1183 2578 1279 2631 καὶ
1305 2579 1426 2640 ταῖς
1455 2579 1782 2647 Κυριακαίς,
1813 2579 1956 2648 πλὴν

382 2665 486 2731 τῆς
513 2665 624 2717 τῶν
676 2668 1046 2736 προπατόρων
1094 2683 1153 2719 τε
1207 2669 1303 2719 καὶ
1350 2667 1632 2738 Πατέρων,
1672 2669 1830 2735 μόνον
1872 2670 1955 2732 τὸ,

389 2773 412 2808 ι
448 2755 586 2819 Δόξα
639 2773 745 2821 σοι,
807 2761 834 2810 ό
884 2758 1038 2822 Θεός.
1080 2778 1099 2811 3
1153 2755 1310 2825 Εἶτα,
1347 2780 1366 2810 «
1401 2759 1558 2824 Δόξα,
1597 2779 1615 2810 3
1656 2760 1838 2821 πάλιν,
1871 2761 1954 2820 τὸ,

2045 658 2186 713 lendi
2222 665 2522 719 secundum
2562 668 2652 722 Dei
2686 668 2922 726 Verbum
2951 691 2966 727 :
3013 674 3109 729 «Et
3154 683 3442 744 soporatus
3475 691 3620 732 sum.

2046 751 2228 808 Gloria
2253 756 2368 818 tibi,
2394 759 2552 813 Deus.
2568 760 2661 815 iEt
2679 773 2966 833 postquam
2991 767 3244 822 sacerdos
3259 768 3387 822 dixit
3409 785 3424 822 :
3447 768 3618 823 «San-

2048 845 3035 925 ctissimaeetimmaculatm,3Deoque
3060 873 3252 914 omnes
3276 861 3624 914 commenda-

2051 935 2148 998 vit,
2173 947 2220 990 et
2239 938 2347 991 alta
2371 953 2500 993 voce
2527 942 2694 995 Deum
2715 945 3055 1014 gloriﬁcavit,
3086 950 3272 1004 dicens
3301 968 3314 1003 :
3344 949 3450 1003 «Te
3471 951 3630 1004 decet

2049 1030 2229 1084 omnis
2267 1033 2498 1101 gloria,3
2531 1049 2652 1088 cum
2682 1048 2845 1092 cantu
2872 1041 3109 1095 chorista
3131 1042 3296 1096 dicit:
3328 1040 3469 1110 «Ego
3499 1040 3630 1092 dor-

2052 1120 2180 1174 mivi
2231 1132 2283 1175 et
2321 1135 2611 1193 soporatus
2657 1144 2824 1195 sum;
2865 1131 3050 1185 Gloria
3078 1132 3199 1194 tibi,
3260 1130 3456 1185 Dcus.3
3489 1130 3629 1184 Tres

2051 1227 2184 1265 vero
2238 1214 2402 1268 simul
2453 1216 2711 1270 dicuntur
2765 1221 2957 1287 psalmi
2997 1222 3050 1274 iu
3105 1222 3518 1276 similitudinem
3573 1229 3631 1273 ct

2055 1304 2316 1360 honorem
2345 1309 2705 1362 sanctissima:
2723 1308 3316 1378 Triuitatis,videlicet:
3347 1310 3631 1376 «Domine,

2057 1397 2187 1465 quid
2225 1398 2564 1466 multiplicati
2596 1411 2722 1454 sunt
2759 1417 2776 1466 ;
2821 1400 2962 1456 Deus
2998 1403 3143 1455 Deus
3181 1416 3356 1465 meus,
3387 1401 3451 1454 ad
3491 1410 3540 1454 le
3565 1402 3633 1454 de

2055 1488 2178 1543 luce
2209 1490 2398 1558 vigilo,
2451 1501 2540 1545 et:
2583 1492 2721 1547 Ecce
2766 1510 2912 1546 nunc
2944 1493 3244 1548 bt-nedicite
3284 1493 3566 1546 Dominum
3604 1509 3626 1543 3

2057 1581 2113 1634 In
2157 1581 2240 1635 bis
2280 1582 2474 1645 tribus,
2528 1584 2574 1637 si
2625 1583 2821 1638 festum
2877 1585 3062 1648 fuerit,
3101 1594 3350 1637 cantatur
3399 1585 3632 1655 hymnus

2060 1673 2371 1738 Trinitatis,
2392 1673 2442 1726 id
2464 1677 2581 1730 est':
2607 1675 2938 1748 «GloriaJini
2967 1675 3146 1738 Pater,
3171 1675 3340 1743 gloria
3362 1675 3477 1735 tibi,
3505 1672 3630 1730 Fili.

2059 1764 2228 1832 gloria
2257 1763 2378 1828 tibi,
2401 1763 2634 1833 Spiritus
2654 1776 2892 1829 sancte,3
2920 1776 2972 1820 et
2989 1767 3206 1820 similia.
3227 1765 3428 1819 Diebus
3451 1773 3633 1818 autem

2059 1857 2445 1910 communibus
2484 1867 2536 1909 et
2572 1855 2884 1919 Dominicis,
2948 1857 3051 1910 nisi
3099 1858 3151 1909 in
3198 1855 3476 1910 Dominica
3510 1869 3634 1923 pro-

2063 1957 2403 2013 topareutum
2425 1957 2474 1999 et
2501 1955 2739 2012 patrum,
2761 1946 3176 1999 diciturtautum
3214 1963 3226 1998 :
3271 1944 3483 1999 «Gloria
3511 1942 3634 2006 tibi,

2063 2037 2222 2092 Deus.
2242 2057 2260 2088 3
2283 2038 2480 2092 Deinde
2507 2037 2710 2101 Gloria,
2731 2046 2782 2091 et
2814 2054 3044 2092 rut-sus:
3074 2036 3284 2090 «Gloria
3318 2036 3438 2099 tibi,
3467 2034 3636 2101 Deus,

2054 2140 2107 2182 et.
2146 2129 2440 2183 Nunc.....3
2469 2139 2522 2182 et
2548 2129 2710 2182 idem.
2733 2128 2931 2181 lterum
2975 2129 3236 2194 repetitur
3270 2146 3288 2178 «
3316 2127 3581 2180 Eximiam
3612 2145 3630 2175 ο

2055 2223 2272 2276 c'lariori
2309 2238 2460 2277 voce.
2493 2223 2559 2277 Et
2589 2223 2846 2278 sacerdos
2873 2223 3008 2276 dicit
3037 2240 3050 2276 :
3081 2241 3099 2273 «
3133 2220 3199 2273 Et
3229 2237 3374 2274 nunc
3395 2235 3634 2289 quoque,

2059 2327 2110 2369 et
2139 2315 2375 2384 suscipe,
2416 2333 2435 2366 3
2478 2325 2669 2368 cantor
2726 2324 2908 2368 autem
2945 2331 2960 2377 ;
3001 2314 3255 2367 «Terram
3321 2312 3546 2364 Alleluia
3581 2330 3626 2376 ,3

2054 2407 2308 2459 saeerdos
2337 2406 2570 2459 iterum:
2603 2405 3058 2464 «Sanctissimae»
3091 2415 3143 2459 et
3181 2405 3363 2459 statim
3397 2410 3586 2457 cantor
3611 2416 3632 2458 τ

2063 2498 2429 2551 «lmmaculati
2456 2499 2509 2551 itt
2530 2498 2610 2551 via
2630 2498 2878 2551 Alleluia.
2903 2498 3044 2550 Beati
3061 2497 3388 2550 inimaculati
3411 2498 3463 2550 in
3484 2498 3623 2552 viaJ

2056 2603 2119 2641 ac
2169 2587 2435 2656 reliquum
2474 2604 2684 2652 versus,
2734 2596 2786 2641 et
2819 2588 3070 2640 Alleluia.
3112 2589 3173 2640 Et
3203 2589 3283 2641 sie
3329 2587 3633 2655 psalluutur

2058 2694 2248 2732 versus
2281 2681 2350 2732 ab
2382 2690 2614 2747 utroque
2667 2679 2835 2732 choro
2864 2693 2988 2731 cum
3021 2678 3273 2739 Alleluia,
3318 2679 3490 2747 prima
3522 2687 3636 2732 sta-

2062 2770 2205 2822 tione
2235 2785 2460 2839 prorsus
2487 2770 2726 2837 impleta.
2768 2770 2971 2824 Deinde
3015 2770 3227 2823 «Gloria
3255 2781 3311 2825 et
3339 2769 3545 2834 Nunc,3
3578 2779 3634 2823 ct

388 2866 407 2899 ι
446 2848 582 2912 Δόξα
611 2865 716 2912 σοι,
742 2850 771 2902 6
797 2849 986 2913 Θεός.)
1027 2853 1137 2904 Καὶ
1171 2851 1268 2904 νῦν
1294 2851 1355 2905 τὸ
1384 2853 1538 2906 αὑτό·
1565 2851 1660 2904 καὶ
1689 2852 1953 2922 περισσὴν

2064 2860 2386 2922 «Eximiam,
2410 2861 2692 2914 Alleluia.3
2725 2859 2878 2913 Tunc
2910 2861 3165 2913 sacerdos
3194 2875 3410 2928 parvam
3439 2875 3634 2914 rursus

380 2934 540 3002 αὖθις
569 2941 940 3011 γεγωνότερον
980 2942 1160 2997 τοῦτο.
1195 2945 1306 2997 Kal
1349 2947 1377 2997 6
1410 2945 1612 3012 ἱερεὺς,
1648 2963 1668 2996 ι
1705 2945 1828 2998 Ἔτι
1866 2944 1953 2996 καὶ

2059 2951 2191 3004 dicit
2221 2951 2594 3020 conjunctam,
2621 2963 2809 3004 cantor
2834 2961 3010 3003 autem
3044 2968 3058 3008 ;
3092 2952 3196 3004 «Da
3228 2951 3355 3003 mihi
3388 2949 3624 3004 intellec-

383 3030 490 3095 ἔτι,
532 3048 550 3082 3
586 3032 684 3084 καὶ
722 3031 805 3096 τδ,
838 3051 858 3083 «
918 3032 1259 3088 Ἀντιλασοῦο
1307 3035 1404 3088 καὶ
1455 3037 1483 3088 ό
1533 3035 1762 3104 ψάλτης,
1801 3055 1818 3086 3
1851 3037 1953 3105 Τὴν

2063 3050 2200 3105 ιιιιη,
2234 3040 2477 3094 Domine.
2510 3059 2529 3090 3
2561 3038 2828 3094 Sacerdos
2861 3041 3057 3092 clamat
3095 3057 3109 3094 ι
3150 3038 3549 3094 «εοιιοιίεδίιιιω
3581 3051 3636 3094 et

381 3120 730 3190 οἰκουμένην,
767 3121 1142 3192 Ἀλληλούῖα.)
1177 3123 1287 3176 Kal.
1315 3127 1343 3177 6
1374 3124 1571 3192 ἱερεὺς,
1604 3143 1622 3176 ι
1650 3123 1758 3193 Τῆς
1787 3126 1953 3177 Πανα-

2064 3133 2477 3197 innn‘aculata',3
2513 3141 2705 3186 cantor
2731 3146 2877 3198 vero,
2907 3131 3244 3187 «Mauustuze
3271 3131 3518 3186 fecerunt
3549 3146 3636 3184 nte

384 3212 550 3278 γίας,
590 3212 730 3264 »καὶ
783 3212 883 3281 τὴν
910 3211 1240 3282 ἔκφὼνησιν.
1288 3214 1399 3268 Kal
1448 3215 1610 3279 εὐθὺς
1662 3219 1690 3269 6
1734 3216 1953 3286 ψάλτης⁴

2067 3231 2121 3276 et
2152 3221 2554 3288 plasmaverunt
2589 3237 2728 3284 me,3
2762 3237 2824 3274 ac
2855 3222 3121 3288 reliquum
3155 3235 3342 3274 versus
3396 3234 3517 3272 cum
3551 3219 3635 3272 in-

388 3321 407 3356 «
448 3303 702 3372 ’Δμωμοι
754 3303 815 3355 ἐν
859 3303 1349 3375 όδῷ,Ἀλληλούῖα.
1385 3307 1667 3378 Μακάριοι
1716 3310 1765 3361 οί
1800 3310 1950 3377 ἇμω·

383 3412 472 3464 μοι
492 3396 551 3449 ἐν
567 3393 692 3464 ὁδῷ,
724 3413 743 3446 3
779 3394 956 3448 καὶτὸ
979 3395 1168 3449 λοιπὸν
1189 3396 1513 3465 τοῢηστίχου,
1548 3399 1665 3464 καὶ,
1703 3418 1720 3451 ι
1765 3400 1958 3466 Ἀλλη-

381 3486 556 3540 λούῖα.
596 3503 616 3537 3
653 3487 766 3539 Kal
811 3485 955 3540 οὕτω
989 3486 1124 3557 παρ’
1149 3488 1426 3555 ἑκατέρων
1465 3488 1760 3558 ψάλλονται
1803 3486 1957 3554 αὖθις

385 3579 438 3631 οι
462 3579 634 3647 στίχοι
664 3579 774 3632 τῶν
809 3579 990 3648 χορῶν
1018 3579 1158 3646 μετὰ
1181 3579 1274 3632 τοῦ
1316 3579 1658 3648 Ἀλληλούῖα,
1687 3585 1784 3651 τῆς
1813 3581 1961 3652 πρώ-

385 3669 486 3737 τῆς
513 3668 756 3734 στάσεως
791 3671 919 3740 ὅλης
951 3671 1355 3741 πληρουμένης.
1403 3667 1556 3736 Εἶτα,
1608 3693 1626 3725 ι
1685 3676 1821 3738 Δόξα
1865 3675 1961 3728 καὶ

385 3763 504 3831 νῦν,
541 3783 560 3817 3
601 3765 700 3817 καὶ
749 3763 1010 3834 περισσὴ.
1047 3782 1065 3816 ι
1114 3765 1460 3835 Ἀλληλούῖα.
1499 3785 1518 3820 3
1554 3768 1660 3820 Kal
1695 3768 1722 3819 ὁ
1782 3769 1962 3836 ἱερεὺς

391 3857 599 3928 μικρὰν
629 3856 788 3921 αὖθις
811 3859 1112 3926 συναπτήν.
1161 3858 1219 3911 '0
1261 3858 1491 3926 ψάλτης,
1526 3859 1842 3912 «Συνέτισόν
1871 3877 1960 3928 με,

384 3950 616 4020 Κύριε.»
634 3949 695 4002 Ὀ
721 3951 920 4020 ἱερεὺς,
961 3949 1104 4019 στῆς
1123 3949 1405 4013 Παναγίας
1429 3951 1593 4022 248
1609 3952 1904 4022 ἁχράντου,
1938 3969 1956 4002 3

383 4040 484 4094 καὶ
515 4039 848 4110 ἐπιφώνησιν·
872 4043 966 4093 καὶ
995 4041 1025 4092 6
1049 4041 1281 4109 ψάλτης,
1307 4042 1402 4093 «Al
1444 4043 1627 4109 χεῖρές
1653 4058 1747 4094 σου
1777 4044 1964 4111 ἐποίη-

389 4133 493 4186 σάν
529 4148 597 4201 με
631 4133 729 4186 καὶ
760 4132 1002 4186 ἐπλασάν
1034 4147 1126 4200 με·
1162 4150 1180 4182 3
1211 4133 1308 4184 καὶ
1334 4132 1394 4184 τὸ
1432 4132 1620 4185 λοιπὸν
1651 4133 1745 4186 τοῦ
1779 4133 1964 4202 στίχου

378 4225 478 4277 σὺν
500 4219 581 4290 τῷ
619 4220 948 4290 ὐποψάλμερ,
985 4240 1004 4273 ι
1035 4221 1323 4274 Συνέτισόν
1357 4240 1445 4290 με,
1471 4221 1664 4290 Κύριε.
1712 4243 1731 4275 3
1781 4225 1890 4277 Kal
1917 4224 1968 4278 oi

379 4314 556 4370 λοιποὶ
579 4313 750 4384 στίχοι
765 4315 913 4383 παρὰ
929 4313 1039 4366 τῶν
1063 4311 1156 4366 δύο
1171 4313 1504 4383 χορῶν-μετὰ
1527 4315 1620 4366 τοῦ
1643 4335 1660 4366 «
1684 4317 1969 4370 Συνὲτισόν

381 4423 472 4476 με,
504 4407 701 4475 Κύριε.
736 4403 876 4469 Δόξα
925 4406 1020 4458 καὶ
1063 4405 1180 4459 νῦν.
1224 4423 1243 4455 3
1279 4403 1388 4457 Kal
1431 4406 1668 4476 περισσὴ
1706 4408 1768 4460 τὸ
1813 4407 1967 4473 αὐτὸ,

2060 3312 2308 3368 tercalari
2339 3311 2603 3366 versiculo
2629 3327 2646 3366 :
2685 3313 2787 3364 «Da
2809 3312 3306 3376 miliiintellet-tum,
3340 3309 3629 3374 Dotuine,3

2058 3415 2115 3460 ct
2153 3403 2334 3459 (αξιοι-ἱ
2374 3417 2560 3474 versus
2597 3401 2663 3456 ab
2701 3410 2934 3469 utroque
2974 3401 3142 3454 «:ltoro
3169 3399 3473 3469 psalluntur
3501 3413 3624 3452 cum

2059 3497 2242 3551 verbis
2297 3513 2311 3549 :
2359 3494 2462 3547 «Da
2497 3493 2624 3546 milii
2682 3493 3022 3546 intellectmn
3056 3493 3303 3558 Domine,
3346 3491 3533 3546 Gloria
3580 3501 3637 3546 et

2061 3603 2227 3650 nunc,
2263 3606 2280 3638 3
2310 3598 2358 3641 et
2385 3588 2580 3640 iterum
2609 3603 2623 3639 :
2664 3583 2767 3635 «th
2798 3584 2927 3637 mihi
2961 3584 3317 3648 intellectum,
3351 3583 3626 3637 Domine.3

2063 3681 2334 3746 Deinceps
2362 3675 2617 3731 sacerdos
2648 3690 2838 3727 rursus
2879 3690 3098 3741 parvam
3133 3674 3267 3728 dicit
3288 3674 3634 3740 Coniunctam

2064 3767 2439 3846 (orationem),
2460 3777 2652 3820 cantor
2677 3778 2854 3817 autem
2881 3779 2898 3820 :
2922 3763 3201 3826 «Terram,
3225 3765 3451 3818 Alleluia
3477 3781 3524 3831 ;3
3548 3780 3636 3819 sa.

2065 3863 2257 3918 cerdos
2279 3863 2506 3914 iterum:
2535 3854 2991 3912 «Sanctissimma
3019 3861 3209 3905 cantor
3234 3869 3380 3906 vero.
3407 3855 3637 3922 «Aspice

2065 3953 2118 4008 in
2153 3970 2237 4006 me
2265 3961 2317 4006 et
2347 3951 2610 4004 miserere
2630 3945 2756 4006 mei,
2784 3940 3066 3996 Alleluiaa
3093 3943 3155 3996 Et
3188 3944 3432 4012 protinus
3464 3959 3626 3996 unam

2067 4047 2243 4114 aperit
2277 4041 2457 4110 templi
2479 4041 2728 4111 ianuam,
2754 4037 3046 4091 ostendens
3065 4035 3263 4089 caelum
3284 4036 3441 4091 nobis
3474 4049 3631 4102 aper-

2067 4148 2182 4193 tum
2213 4149 2334 4188 esse
2373 4133 2554 4187 statim
2585 4143 2680 4198 per
2711 4127 3151 4182 incarnationem
3183 4127 3396 4181 Dmnini
3432 4129 3524 4197 qui
3561 4126 3631 4182 de

2067 4229 2208 4286 coelo
2239 4228 2292 4281 in
2328 4241 2426 4279 nos
2465 4222 2697 4291 aspexit,
2735 4229 2790 4274 et
2821 4218 3140 4275 incarnatus
3179 4228 3265 4274 est
3303 4235 3367 4274 ex
3426 4220 3636 4275 cmlesti

2068 4329 2299 4391 vivaque
2321 4328 2499 4391 porta,
2530 4315 2620 4370 Dei
2644 4311 3185 4379 scilicetGenitrice;
3215 4312 3482 4384 quietiam
3511 4322 3638 4368 ante

2071 4389 2377 4486 passi—onem
2401 4389 2454 4463 ἕι
2493 4408 2951 4464 resurrectionem
2987 4404 3184 4460 ccelum
3222 4407 3378 4460 nobis
3403 4406 3637 4474 aperuit,

387 4516 407 4549 «
439 4497 725 4550 Συνέτισόν
754 4513 840 4564 με,
879 4495 1108 4568 Κύριε.»
1144 4494 1278 4550 Εἶτα
1301 4497 1462 4550 πάλιν
1481 4499 1508 4551 ὁ
1537 4499 1718 4567 ἱερεὺς
1754 4499 1953 4570 μικρὰν

2071 4504 2528 4577 quemadmodum
2600 4501 2666 4554 de
2723 4500 2840 4568 eius
2898 4497 3168 4566 baptismo
3216 4496 3479 4566 scriptum
3531 4507 3636 4562 est,

381 4589 684 4659 συναπτήν.
701 4588 758 4642 Ὀ
775 4587 1006 4657 ψάλτης.
1024 4589 1164 4657 «Τὴν
1190 4591 1340 4642 οἴκου
1351 4588 1541 4658 μένην,
1561 4567 1909 4659 Ἀλληλούῖα.
1929 4609 1946 4642 3

2062 4567 2283 4667 quando
2311 4593 2444 4646 vidit
2488 4593 2661 4646 cmlos
2701 4567 2920 4659 apertos
2953 4589 3046 4658 qui
3094 4589 3244 4658 prius
3293 4600 3511 4658 propter
3538 4605 3638 4644 nos

391 4679 452 4733 Ὀ
485 4679 686 4750 ἱερεὺς,
724 4697 743 4730 ι
777 4679 890 4747 Τῆς
929 4679 1233 4745 Παναγίας,
1278 4697 1298 4730 3
1343 4680 1442 4732 καὶ
1499 4679 1832 4747 ἐκφώνησιν.
1891 4683 1953 4734 Ὀ

380 4771 650 4840 ψάλτης,
680 4788 699 4822 ι
747 4769 1069 4836 Ἐπίσλεψον
1121 4768 1208 4820 ἐπ’
1259 4770 1378 4836 ἐμὲ,
1430 4771 1525 4822 καὶ
1587 4770 1811 4840 ἐλέησόν
1861 4787 1951 4838 με,

395 4862 736 4932 ’Δλληλούῖα.
776 4880 794 4912 3
835 4862 946 4914 Kal
976 4859 1138 4922 εὐθὺς
1167 4860 1266 4930 τὴν
1298 4866 1432 4932 μίαν
1463 4862 1668 4930 ἀνοίγει
1700 4860 1796 4915 τοῦ
1827 4861 1954 4914 ναοῦ

386 4952 582 5024 πύλην,
619 4952 854 5015 δεικνὺς,
890 4953 967 5014 ὡς
1021 4952 1270 5021 διηνοίγη
1309 4954 1440 5020 ἡμῖν
1473 4955 1498 5005 6
1529 4951 1758 5022 οὐρανὸς
1794 4951 1956 5012 εὐθὺς

385 5047 450 5114 τῇ
481 5043 576 5097 τοῦ
605 5044 811 5114 Κυρίου
865 5045 1143 5115 σαρκώσει
1166 5086 1182 5109 ,
1214 5043 1605 5112 ἐπιϐλέψαντος
1631 5043 1691 5107 ἐξ
1722 5041 1954 5114 οὐρανοῦ

385 5133 470 5201 ἐφ’
493 5135 662 5202 ἡμᾶς,
697 5135 791 5187 καὶ
829 5135 1356 5205 ὲνανθρωπήσαντος
1386 5135 1448 5186 ὲκ
1499 5134 1599 5202 τῆς
1627 5134 1952 5204 ἐπουρανίου

386 5228 478 5277 καὶ
503 5221 686 5295 ζώσης
716 5225 888 5294 πύλης
911 5225 1014 5293 τῆς
1045 5223 1332 5279 Θεοτόκου.
1358 5227 1454 5287 '0;
1477 5226 1571 5278 καὶ
1597 5227 1703 5293 πρὸ
1731 5226 1824 5278 τοῦ
1851 5227 1954 5280 πά-

388 5316 516 5377 θους
546 5315 644 5369 καὶ
670 5318 768 5385 τῆς
792 5316 1141 5378 ἀναστάσεως
1168 5317 1438 5384 διήνοιγεν
1470 5319 1595 5384 ἡμῖν
1618 5319 1684 5370 τὰ
1702 5319 1952 5385 οὐρᾶνια,

393 5406 470 5470 ὡς
492 5407 590 5460 καὶ
617 5408 674 5458 ἐν
694 5405 772 5475 τῷ
809 5405 1146 5474 βαπτίσματι
1169 5405 1356 5459 τούτου
1374 5407 1706 5476 γέγραπται,
1741 5408 1812 5470 ὡς
1844 5405 1952 5460 εἶδε

393 5497 750 5566 σχιζομένους
777 5496 904 5558 τοὺς
934 5496 1220 5565 οὐρανοὺς,
1273 5496 1342 5548 δι’
1373 5498 1518 5566 ἡμᾶς
1575 5498 1790 5560 πάντως
1825 5501 1953 5562 τοὺς

388 5589 520 5657 πρὶν
552 5587 748 5649 αὐτοὺς
781 5588 1512 5656 ἀποκλείσαντας.’Υστερον
1535 5590 1590 5642 δὲ
1625 5591 1784 5652 aiat);
1821 5594 1954 5642 ἁνα-

384 5677 684 5748 6ἁς,ήμᾶς
745 5678 928 5730 ἐκεῖσε
994 5681 1310 5746 εἰσήγαγεν.
1350 5682 1458 5731 »οἱ
1511 5678 1684 5750 στίχοι
1743 5681 1953 5734 οὖνλέ-

383 5783 571 5836 γονται
650 5769 782 5839 παρ’
838 5769 1114 5839 ἑκατέρων
1174 5769 1284 5824 τῶν
1363 5769 1566 5838 χορῶν,
1633 5773 1760 5840 ἄχρι
1833 5773 1951 5836 τοῦ,

376 5870 410 5914 ίι
439 5860 681 5918 Εἰσελθοι
700 5862 758 5916 τὸ
785 5860 998 5932 ἀξίωμά
1024 5879 1125 5932 μου
1149 5862 1378 5916 ἐνώπιόν
1398 5878 1512 5945 σου,
1548 5861 1736 5930 Κύριε.
1771 5864 1790 5915 3'
1819 5864 1950 5920 Τότε

2060 4695 2218 4744 erant
2259 4699 2487 4753 prorsus
2512 4681 2680 4736 clausi
2725 4698 2742 4748 ;
2781 4682 2898 4750 ipse
2928 4695 3057 4735 vero
3109 4679 3391 4749 posterius
3446 4695 3640 4734 ascen-

2053 4779 2187 4834 deus
2220 4793 2321 4832 nos
2357 4777 2486 4829 illuc
2533 4774 2852 4826 introduxit.
2895 4770 3099 4826 Versus
3153 4771 3318 4840 igitur
3379 4769 3641 4825 dicuntur

2055 4871 2124 4924 ab
2153 4879 2389 4938 utroque
2419 4867 2584 4920 choro
2612 4878 2784 4934 usque
2812 4865 2875 4918 ad
2907 4863 3043 4918 illud
3076 4878 3091 4917 :
3125 4861 3321 4917 «Intret
3352 4862 3642 4931 posmlatio

2057 4975 2174 5014 mea
2216 4959 2272 5013 in
2314 4969 2616 5028 conspectu
2677 4967 2798 5022 tuo,
2825 4956 3103 5011 Domine.3
3143 4955 3293 5012 Tunc
3335 4963 3466 5010 vero
3495 4955 3643 5018 velo;

2052 5053 2167 5123 jam
2201 5051 2338 5105 laeta
2380 5049 2661 5104 Dominica
2691 5048 3118 5116 dispensatione,
3151 5063 3417 5116 passoque
3453 5045 3642 5101 Salva-

2059 5156 2196 5208 tore,
2235 5143 2413 5197 llOSlia
2448 5158 2542 5211 per
2572 5155 2797 5195 crucem
2833 5141 3036 5201 oblata,
3069 5139 3323 5192 omnibus
3355 5153 3638 5194 resurrec-

2063 5235 2215 5288 tione
2257 5233 2467 5286 Domini
2505 5231 2800 5298 redemptis
2851 5239 2956 5281 tam
2989 5229 3079 5296 qui
3115 5229 3167 5281 in
3208 5226 3425 5280 inferno
3472 5241 3638 5296 quam

2058 5324 2156 5391 qui
2203 5321 2256 5374 in
2295 5329 2441 5372 terra
2469 5329 2644 5381 erant,
2671 5318 2904 5386 ejusque
2935 5315 3333 5370 resurrectione
3357 5314 3412 5368 in
3443 5316 3639 5370 caelum

2062 5413 2349 5485 ingressis,
2380 5412 2564 5478 ianua:
2592 5425 2618 5460 a
2653 5406 2940 5463 sacerdote
2974 5404 3315 5475 aperiuntur.
3341 5404 3405 5459 Et
3430 5406 3637 5460 clarius

2057 5511 2307 5557 cantatur
2335 5501 2592 5554 introitus
2617 5513 2738 5551 cum
2770 5495 3022 5560 Alleluia,
3045 5495 3311 5549 universis
3342 5495 3638 5550 introrsum

2059 5593 2392 5649 intrantibus
2424 5600 2681 5657 tauquam
2734 5593 2787 5643 in
2824 5587 3050 5651 coelum,
3106 5588 3387 5642 sacerdote
3435 5600 3640 5655 praece-

2060 5688 2220 5740 dente
2273 5696 2327 5738 et
2378 5697 2595 5737 crucem
2651 5689 2924 5750 portante,
2980 5695 3090 5751 quo
3134 5679 3301 5735 refert
3342 5679 3636 5734 Dominum

2063 5781 2400 5834 Salvatorem
2455 5786 2699 5829 nostrum
2734 5789 2830 5843 per
2861 5788 3080 5827 crucem
3118 5771 3344 5825 factum.
3379 5769 3546 5825 Porro
3584 5772 3639 5823 iu

2081 5883 2246 5925 cruce
2289 5869 2528 5938 ligantur
2564 5877 2672 5922 tres
2709 5864 2856 5922 cerei
2901 5865 3076 5920 lucem
3114 5863 3421 5920 trisularem
3448 5851 3639 5918 ostqu
