4068 6280
404 467 510 548 εις)

1219 466 1597 530 SYMEONIS
1635 466 2390 533 THESSALONICENSIS
2423 473 2784 535 ARCHIEP.

3532 471 3653 532 6ἶο

393 583 606 644 «lentes,
641 587 696 634 et
742 579 996 648 quoniam
1043 595 1136 648 per
1188 594 1410 633 crucem
1464 577 1706 646 cognitio
1762 582 1967 630 sanctae

2090 585 2148 645 ἱὲ,
2181 586 2256 647 ῶς
2300 585 2398 654 ἤδη
2442 585 2542 652 τῆς
2590 583 2905 650 οίκονομίας
2935 579 3329 649 τετελεσμένης
3356 622 3370 645 ,
3404 581 3502 632 καὶ
3546 581 3644 634 τοῦ

395 668 680 723 Trinitatis
711 669 938 740 ejusque
966 671 1133 739 gloria
1165 671 1507 726 manifestata
1539 677 1624 724 est
1651 680 1708 724 et
1742 666 1966 722 elfulsit.

397 761 462 814 lit
501 762 780 830 ingressus
810 763 994 818 statim
1021 771 1184 832 caput
1208 763 1434 816 inclinat
1464 761 1726 816 sacerdos
1749 760 1966 828 gratias

395 866 562 916 agens
603 852 854 906 Domino.
910 855 966 908 Si
1019 855 1160 907 adsit
1195 853 1437 923 pontifex
1471 853 1610 920 ipse,
1647 853 1809 906 etiam
1843 867 1968 904 cum

395 943 684 996 sarerdote
719 954 884 1013 caput
941 946 1190 1008 inclinat,
1245 953 1300 997 et
1349 944 1654 998 orationem
1712 943 1969 997 introitus

395 1034 603 1099 dicunt,
665 1037 950 1106 signatque
1009 1037 1251 1106 pontifex
1283 1039 1468 1091 dicens
1535 1054 1549 1091 :
1615 1036 1974 1090 «Benedictus

396 1123 671 1192 ingressus
695 1137 1013 1179 sanctorum
1045 1133 1289 1187 tuorum,
1321 1125 1598 1179 Domine.»
1639 1125 1802 1178 Solus
1837 1138 1967 1192 ergo

399 1215 636 1281 pontifex
671 1231 916 1284 magnam
954 1225 1162 1284 portam
1191 1217 1380 1281 intrat,
1413 1216 1751 1284 praecedente
1779 1228 1968 1266 sacer-

397 1306 523 1357 «lote
556 1311 609 1357 et
643 1304 896 1368 diacono,
941 1307 992 1358 in
1024 1306 1250 1375 figuram
1286 1307 1591 1360 divinorum
1626 1303 1968 1373 angelorum,

397 1397 693 1461 Christum,
719 1406 878 1466 prout
904 1399 1105 1453 dictum
1131 1408 1232 1460 est,
1261 1399 1597 1467 exprimens,
1620 1399 1710 1466 qui
1731 1396 1968 1466 paradisi

398 1491 631 1556 coelique
670 1491 869 1560 januas
913 1493 1068 1545 nobis
1099 1492 1358 1560 aperuit;
1403 1501 1458 1544 et
1497 1492 1784 1560 ingressus
1828 1492 1970 1545 hunc
2009 1496 2014 1508 '

401 1581 584 1633 laudat
639 1584 799 1648 eique
853 1584 1052 1649 gratias
1104 1583 1233 1649 agit,
1288 1582 1545 1651 quoniam
1596 1597 1691 1651 per
1746 1597 1966 1637 crucem

402 1673 560 1725 nobis
598 1672 852 1740 patefecit
907 1675 1178 1738 caelestia,
1223 1675 1480 1740 solusque
1503 1675 1612 1728 dux
1644 1682 1833 1728 noster
1865 1691 1968 1731 nos

398 1763 580 1832 dirigit
605 1773 661 1816 ut
681 1781 772 1818 rex
801 1775 853 1818 et
879 1765 1041 1829 Deus,
1067 1782 1128 1820 ac
1157 1782 1250 1835 per
1279 1776 1491 1836 portam
1518 1782 1640 1836 quae
1666 1777 1874 1836 spectat
1902 1767 1972 1823 ad

398 1856 684 1914 orientem.
727 1872 925 1923 nempe
982 1873 1078 1923 per
1121 1867 1349 1910 matrem
1383 1858 1503 1927 ejus
1540 1873 1756 1926 semper
1795 1859 1966 1926 virgi-

403 1961 529 1998 nem
578 1947 730 2001 solus
761 1949 812 2000 iu
846 1951 1108 2001 mundum
1147 1950 1394 2013 intravit,
1425 1961 1478 2003 et
1532 1964 1626 2020 per
1657 1951 1973 2004 eamcoele-

401 2049 539 2091 stem
605 2049 816 2107 portam
875 2041 1034 2094 nobis
1088 2042 1367 2094 reseravit.
1394 2040 1584 2095 Catteri
1618 2056 1741 2094 vero
1768 2040 1978 2094 foribus

404 2129 718 2184 lateralibus
750 2132 1150 2200 ingrediuntur,
1178 2133 1259 2185 vel
1290 2141 1435 2185 retro
1463 2146 1652 2185 omnes
1684 2130 1972 2195 incedunt,

405 2220 663 2288 quoniam
711 2237 808 2289 per
861 2237 985 2274 eum
1035 2236 1230 2274 omnes
1262 2228 1567 2288 sequuntur
1604 2218 1878 2273 Christum
1923 2218 1975 2271 in

407 2312 603 2364 ccelum
648 2311 1070 2380 ingredientem,
1105 2321 1159 2366 et
1189 2313 1396 2377 reliqua
1430 2311 1625 2381 psalmi
1658 2312 1726 2362 ab
1750 2320 1980 2377 utroque

405 2402 578 2456 choro
674 2414 972 2456 eantantur
1032 2420 1154 2472 qua:
1232 2403 1689 2458 resurrectionem
1771 2399 1978 2454 Christi

409 2495 687 2560 vitamque
734 2505 788 2548 et
823 2496 1054 2548 salutem
1085 2505 1327 2548 nostram
1364 2495 1589 2547 edocent
1627 2510 1640 2557 ;
1677 2493 1752 2545 illi
1798 2501 1976 2543 autem

409 2592 560 2638 stant
593 2585 646 2638 in
688 2586 866 2638 medio
890 2587 1098 2654 templi.
1177 2603 1194 2635 «
1222 2583 1342 2637 Fiat
1371 2599 1564 2637 manus
1603 2595 1688 2634 tua
1722 2591 1780 2634 ut
1803 2583 1980 2633 salt-et

411 2690 519 2740 tuo,
555 2676 698 2730 vivet
741 2677 924 2729 anima
962 2691 1077 2730 mea
1111 2683 1163 2730 et
1199 2675 1442 2729 laudabit
1487 2683 1537 2728 te
1567 2687 1585 2739 ;
1618 2670 1794 2727 erravi
1834 2672 1978 2724 sicut

407 2768 524 2821 ovis
551 2785 670 2837 qua!
684 2770 841 2836 periit
859 2784 1038 2838 quaere
1063 2783 1279 2821 servum
1309 2776 1516 2818 tuum.»
1549 2761 1745 2815 Deinde
1770 2760 1981 2815 «Gloria

409 2862 580 2923 Patri,
600 2873 653 2913 et
670 2861 928 2914 Nunc...)
950 2873 1280 2928 rursumque
1294 2859 1440 2911 dicto
1468 2855 1696 2908 Alleluia
1719 2869 1846 2906 voce
1873 2855 1984 2906 cla-

414 2955 543 3007 riori
576 2955 627 3007 in
659 2953 869 3006 laudem
906 2953 1025 3019 ejus
1064 2953 1156 3022 qui
1194 2952 1492 3005 resurrexit
1528 2963 1734 3015 nosque
1760 2961 1984 3015 congre-

410 3049 575 3116 gavit,
616 3048 796 3101 statim
832 3047 1122 3114 psalmns:
1170 3065 1188 3096 ι
1241 3044 1552 3098 Benedicite
1605 3043 1788 3094 omnia
1821 3054 1985 3106 opera

413 3135 650 3197 Domini,
686 3135 936 3200 Domino,
966 3134 1182 3188 laudate
1214 3143 1266 3187 et
1322 3132 1726 3202 super-exaltatc
1748 3146 1869 3181 cum
1928 3130 1978 3180 iu

2073 672 2326 741 Σωτῆρος
2374 672 2660 734 παθόντος,
2715 673 2814 723 καὶ
2863 671 2961 738 τῆς
3011 670 3204 730 θυσίας
3256 667 3349 720 διὰ
3405 670 3642 739 σταυροῦ

2072 761 2533 831 προσενεχθείσης
2571 765 2666 816 καὶ
2705 765 2772 831 τῇ
2800 761 2895 815 τοῦ
2933 759 3140 829 Κυρίου
3175 759 3395 828 ἑγέρσει
3424 763 3646 830 πὰντων

2071 850 2515 918 λελυτρωμένων,
2541 851 2634 904 καὶ
2666 851 2777 903 τῶν
2812 852 2870 904 ἐν
2915 849 2992 918 τῷ
3022 848 3150 918 ᾅδῃ,
3187 848 3283 918 καὶ
3312 847 3419 899 τῶν
3461 848 3518 898 ὲν
3545 850 3646 916 γῇ,

2071 945 2167 996 καὶ
2203 947 2270 1013 τῇ
2313 943 2582 1012 ἀναλήψει
2629 941 2796 997 αὐτοῦ
2847 944 2932 1004 είς
2965 942 3059 994 τὸν
3103 939 3336 1007 οὐρανὸν
3375 937 3646 991 εἰσελθόνο

2069 1053 2201 1098 των,
2253 1037 2310 1088 αί
2361 1035 2524 1106 πύλαι
2555 1034 2707 1106 παρὰ
2754 1033 2847 1086 τοῦ
2883 1034 3070 1102 ἱερέως
3142 1031 3468 1097 ἀνοίγονται.
3536 1029 3647 1082 Καὶ

2071 1128 2440 1196 γεγωνότερον
2469 1127 2732 1194 ψάλλεται
2767 1126 2827 1177 τὸ
2875 1124 3142 1178 εἰσοδικδν
3173 1123 3467 1191 λεγόμενον
3505 1123 3646 1190 μετὰ

2069 1218 2166 1274 τοῦ
2197 1219 2535 1288 Ἀλληλούῐα,
2582 1217 2801 1272 πάντων
2847 1215 3243 1286 είσερχομὲνων
3272 1213 3422 1277 ἐντὸς
3465 1213 3538 1275 ὡς
3566 1213 3644 1274 είς

2071 1312 2235 1364 αὑτὸν
2265 1312 2357 1364 τὸν
2379 1311 2630 1380 οὐρανὸν,
2678 1309 2772 1362 τοῦ
2823 1309 3016 1378 ἱερέως
3045 1307 3523 1376 προπορευομένου
3550 1305 3648 1357 καὶ

2072 1405 2400 1473 κατέχοντος
2453 1405 2544 1457 τὸν
2587 1404 2862 1472 σταυρὸν,
2895 1402 2987 1454 τὸν
3033 1400 3236 1469 Κύριον
3287 1398 3647 1458 ἐκτυποῦντος

2071 1496 2160 1548 διὸ.
2203 1496 2438 1566 σταυροῦ
2467 1498 2618 1566 ἡμᾶς
2674 1494 2947 1548 σώσαντα.
2997 1495 3086 1545 Ἐν
3112 1493 3168 1544 δὲ
3199 1493 3278 1561 τῷ
3310 1490 3530 1560 σταυρῷ
3551 1489 3646 1543 καὶ

2071 1589 2223 1655 τρεῖς
2249 1589 2408 1658 κηροί
2447 1587 2813 1658 πεπηγμένοι,
2849 1587 2910 1638 τὸ
2943 1585 3224 1656 τρισήλιον
3279 1584 3395 1652 φῶς
3442 1582 3644 1651 σημαί-

2071 1696 2274 1742 νοντις.
2327 1679 2480 1733 Ἐπεὶ
2531 1681 2630 1733 καὶ
2679 1675 2767 1732 διὰ
2818 1676 2910 1730 τοῦ
2949 1675 3183 1745 σταυροῦ
3237 1677 3271 1744 ή
3317 1673 3520 1741 γνῶσις
3548 1677 3648 1742 τῆς

2075 1771 2234 1838 ἁγίας
2265 1771 2499 1841 Τριάδος
2529 1773 2620 1825 καὶ
2650 1771 2779 1839 δόξα
2807 1770 3195 1838 πεφανέρωται
3213 1785 3272 1820 τε
3304 1767 3400 1820 καὶ
3420 1767 3651 1836 ἐξέλαμ-

2075 1861 2164 1929 ψε.
2189 1864 2298 1915 Καὶ
2325 1863 2487 1925 εὐθὺς
2514 1861 2772 1936 εἰσελθὼν
2795 1861 2968 1914 κλίνει
2991 1862 3018 1912 ό
3055 1859 3234 1927 ἱερεὺς
3281 1858 3378 1927 τὴν
3409 1857 3664 1925 κεφαλὴν*

2081 1954 2420 2021 εὐχαριστῶν
2447 1951 2524 2019 τῷ
2548 1953 2815 2021 Δεσπότῃ.
2848 1950 2912 2004 El
2951 1949 3006 2002 δὲ
3030 1950 3120 2001 καὶ
3144 1951 3170 2002 ό
3193 1949 3480 2016 ἀρχιερεὺς
3509 1947 3654 2016 ncip-

2081 2061 2222 2104 εστι,
2250 2044 2422 2096 κλίνει
2456 2045 2552 2096 καὶ
2606 2043 2769 2106 αὐτὸς
2815 2041 2913 2094 σὺν
2963 2039 3042 2108 τῷ
3084 2040 3253 2108 ίερεῖ·
3293 2039 3387 2092 καὶ
3417 2037 3514 2106 τὴν
3561 2039 3653 2089 εὐ-

2081 2137 2182 2206 χὴν
2204 2136 2426 2201 λέγουσι
2450 2136 2548 2203 τῆς
2581 2136 2806 2190 εἰσόδου.
2829 2133 2939 2188 Καὶ
2971 2131 3262 2200 σφραγίζει
3291 2132 3319 2183 ὁ
3339 2131 3653 2200 ἀρχιερεὺς.

2079 2228 2279 2296 λέγων,
2331 2247 2350 2280 ι
2409 2228 2765 2295 Εὐλογημένη
2827 2227 2860 2294 ἠ
2927 2226 3134 2286 εἴσοδος
3179 2207 3284 2277 τῶν
3333 2224 3504 2289 ἁγίων
3533 2237 3650 2284 σου,

2083 2320 2278 2390 Κύριε.
2311 2339 2330 2371 ι
2365 2322 2542 2382 Μόνος
2569 2319 2664 2372 οὐν
2694 2321 2722 2372 ὁ
2751 2318 3040 2386 ἀρχιερεὺς
3063 2317 3160 2386 τὴν
3203 2315 3446 2384 μεγάλην
3477 2312 3655 2382 πύλην

2085 2413 2414 2482 εἰσέρχεται,
2477 2412 2574 2464 τοῦ
2633 2412 2824 2481 ίερέως
2891 2407 3310 2479 προηγουμένου
3366 2405 3655 2459 αὐτοῦκαὶ

2082 2503 2353 2566 διακόνου,
2410 2506 2490 2567 είς
2540 2505 2710 2556 τύπον
2751 2503 2908 2555 θείων
2943 2502 3208 2568 ἀγγέλων,
3259 2499 3351 2551 τὸν
3393 2497 3658 2565 Χριστὸν,

2085 2598 2157 2658 ὡς
2189 2599 2422 2666 εἴρηται,
2461 2597 2737 2658 ἐκτυπῶν,
2765 2595 2856 2647 τὸν
2905 2595 3003 2656 τὰς
3050 2592 3222 2654 πύλας
3264 2592 3394 2661 ἡμῖν
3422 2588 3515 2642 τοῦ
3545 2605 3656 2642 πασ-

2090 2689 2338 2756 ραδείσου
2403 2689 2498 2740 καὶ
2560 2684 2792 2754 οὐρανοῦ
2843 2683 3174 2754 ἀνεῳξαντα.
3230 2683 3339 2734 Καὶ
3377 2679 3662 2743 εἰσελθὼν,

2087 2780 2295 2831 ἐκεῖνον
2343 2779 2486 2831 αίνεῐ
2519 2778 2615 2830 καὶ
2660 2777 2972 2847 εὐχαριστεῖ
3000 2775 3090 2827 τὸν
3123 2772 3213 2826 διὰ
3251 2770 3485 2838 σταυροῦ
3525 2771 3669 2841 ἡμῖν.

2094 2872 2161 2924 τὰ
2193 2873 2306 2925 ἄνω
2353 2871 2664 2934 ἀνοίξαντα,
2720 2870 2813 2922 καὶ
2855 2869 3019 2937 μόνον
3065 2865 3366 2936 ἡγούμενον
3411 2864 3539 2917 δντα
3582 2862 3660 2924 ὡς
3730 2935 3738 2942 ο

2091 2964 2315 3032 βασιλέα
2367 2964 2462 3016 καὶ
2522 2963 2678 3025 Θεὸν,
2713 2963 2807 3014 καὶ
2858 2960 2950 3012 διὰ
3001 2960 3102 3028 τῆς
3150 2957 3454 3029 βλεπούσης
3483 2954 3660 3022 πύλης

2090 3054 2234 3106 κατὰ
2283 3054 2545 3115 ἀνατολὰς
2600 3053 2760 3121 μόνον
2820 3051 3128 3104 εἰσελθόντα
3187 3051 3245 3101 ὲν
3295 3049 3504 3116 κόσμῳ,
3556 3045 3661 3113 τῆς

2092 3146 2450 3216 ἅειπαρθένου
2499 3143 2667 3197 αὐτοῦ
2697 3143 2945 3213 Μητρὸς,
2980 3144 3073 3195 καὶ
3121 3139 3193 3193 δι’
3226 3140 3394 3206 αὐτῆς
3422 3137 3520 3207 τὴν
3550 3137 3666 3191 ἄνω

410 3227 630 3292 szecula;
647 3246 662 3275 ι
685 3226 934 3294 psallitur
957 3243 1082 3280 cunt
1104 3238 1394 3279 numeroso
1419 3233 1729 3290 cantu;quo
1755 3227 1974 3274 cantato

2092 3239 2296 3292 εἴσοδον
2347 3239 2478 3305 ἡμῖν
2515 3236 2934 3303 δγκαινίσαντα.
2982 3235 3044 3286 Ui
3093 3233 3276 3285 λοιποὶ
3329 3231 3385 3284 δὲ
3442 3231 3506 3284 ὲκ
3554 3228 3664 3281 τῶν

413 3318 740 3375 ascendunt.
767 3316 1052 3368 sarerdote
1083 3315 1298 3383 quidem
1326 3327 1543 3366 crucem
1574 3311 1799 3372 ferente,
1834 3307 1977 3360 velut

413 3409 626 3476 angelo,
711 3407 966 3474 pontifice
1017 3417 1198 3458 autem
1275 3404 1564 3458 Dominum
1623 3401 1981 3469 exprimente.

413 3501 728 3551 Asi-cudunt
770 3511 948 3552 autem
991 3499 1112 3550 aliis
1169 3496 1528 3565 sequentibus
1580 3495 1874 3554 universis,
1920 3490 1985 3544 ad

417 3592 606 3654 altare,
642 3602 897 3660 tanquam
926 3593 990 3645 ad
1027 3592 1203 3659 ipsum
1238 3591 1328 3644 Dei
1364 3593 1646 3643 thronum.
1685 3586 1748 3639 Et
1802 3585 1984 3656 ponti-

418 3679 504 3734 fex
541 3679 758 3748 quidem
783 3681 834 3734 in
889 3682 1140 3734 thronum
1171 3697 1329 3736 suum
1361 3680 1605 3735 ascendit
1642 3677 1979 3732 Salvatorem

419 3781 473 3833 in
516 3771 714 3825 coelum
752 3773 1131 3826 ascendentem
1183 3772 1369 3842 ibique
1411 3773 1688 3825 sedentem
1725 3766 1986 3821 manifes-

419 3863 582 3929 tans;
626 3863 880 3916 thronum
923 3872 1104 3916 autem
1147 3865 1682 3934 appello'pruprium
1708 3859 1756 3912 ei
1797 3856 1987 3912 sedile.

420 3955 568 4010 Crux
605 3971 734 4012 vero
768 3957 1008 4025 infigitur
1052 3958 1105 4010 in
1136 3959 1368 4010 amboue
1395 3973 1460 4010 ex
1495 3955 1722 4010 adverso
1777 3953 1988 4015 altaris,

424 4060 654 4102 mortem
723 4058 779 4104 et
839 4050 1298 4104 resurrectionem
1367 4047 1664 4102 Salvatoris
1739 4045 1992 4098 omnibus

431 4149 658 4206 testans,
689 4147 742 4192 ct
779 4139 1100 4194 Trinitatem
1134 4139 1436 4210 praedicans
1472 4155 1564 4208 per
1589 4139 1911 4194 triaittmina
1939 4137 1992 4190 in

422 4247 484 4286 ea
519 4248 769 4286 accensa.
858 4231 924 4284 Et
985 4233 1257 4314 integrum
1336 4232 1607 4284 canticum
1672 4239 1986 4282 Sanctorum

427 4327 588 4378 tritttn
627 4340 917 4394 puerorum
948 4339 1072 4378 cum
1125 4322 1432 4378 Benedicite
1465 4323 1743 4377 modulato
1793 4335 1994 4377 canore

426 4422 689 4489 psallitur,
735 4419 825 4487 qui
861 4429 914 4470 et
947 4419 1044 4486 ipsi
1080 4416 1396 4470 Trinitatem
1425 4417 1478 4468 in
1523 4416 1736 4468 camino
1763 4427 1993 4467 numero

425 4522 809 4581 expresserunt
845 4511 1110 4579 simulque
1153 4509 1594 4580 gloriﬁcaverunt
1629 4516 1792 4562 atoue
1827 4506 1986 4559 Verbi

2096 3329 2340 3396 πλαγίων
2375 3329 2734 3398 εἰσέρχονται,
2780 3325 2815 3396 ἢ
2879 3323 3103 3376 ὄπισθεν
3144 3322 3400 3385 ἅπαντες,
3455 3319 3538 3372 ὅτι
3592 3315 3670 3370 δι’

2095 3422 2258 3476 αὐτοῦ
2313 3425 2514 3483 πάντες
2575 3421 2751 3486 τούτῳ
2787 3419 3068 3484 ἑπόμενοι,
3103 3417 3195 3468 τὸν
3225 3411 3454 3484 οὐρανὸν
3482 3411 3662 3479 εἰσερ-

2094 3513 2322 3583 χόμεθα·
2351 3513 2446 3564 καὶ
2480 3513 2547 3563 τὰ
2575 3510 2738 3562 λοιπὰ.
2767 3508 2861 3560 τοῦ
2889 3507 3108 3577 ψαλμοῦ
3140 3503 3479 3572 ἑκατέρωθεν
3505 3501 3678 3570 ᾅδου--

2098 3623 2182 3658 σιν
2211 3605 2263 3657 οί
2315 3604 2490 3674 χοροὶ,
2521 3605 2620 3669 τὴν
2657 3599 2956 3654 ἀνάστασιν
2988 3596 3082 3650 τοῦ
3136 3593 3376 3665 Χριστοῦ
3437 3593 3532 3645 καὶ
3565 3590 3670 3658 τὴν

2097 3695 2241 3762 ζωὴν
2263 3697 2358 3749 καὶ
2393 3691 2670 3761 σωτηρίαν
2690 3691 2849 3761 ἡμῶν
2876 3688 3293 3746 ὲκδιδὰσκοντα,
3320 3684 3486 3754 μέσον
3518 3681 3670 3734 ἱστά-

2101 3805 2254 3859 μενοι
2290 3786 2386 3838 τοῦ
2419 3783 2572 3840 ναοῦ.
2613 3801 2630 3833 ι
2671 3780 2919 3834 Γενέσθω
2953 3781 2987 3848 ὴ
3039 3777 3160 3847 χείρ
3193 3793 3320 3840 σου,
3369 3775 3524 3844 φησὶ,
3570 3771 3679 3824 τοῦι

2101 3878 2272 3932 σῶσαί
2313 3895 2401 3946 με·
2438 3895 2456 3930 ι
2491 3875 2604 3941 καὶ,
2640 3893 2659 3926 ι
2701 3874 2939 3941 Ζήσεται
2975 3872 3007 3940 ἡ
3036 3869 3182 3940 ψυχή
3215 3885 3316 3938 μου
3351 3866 3446 3918 καὶ
3466 3861 3671 3920 αἱνίσει

2101 3989 2159 4024 σε
2186 3987 2201 4000 ο
2233 3989 2252 4023 ι
2297 3970 2412 4034 καὶ,
2451 3986 2470 4019 «
2527 3965 2871 4034 Ἐπλανήθην
2925 3963 3002 4026 ὡς
3052 3961 3320 4030 πρόϐατον
3372 3954 3670 4018 ἀπολωλδς.

2100 4063 2334 4133 ζήτησον
2387 4060 2478 4114 τον
2531 4059 2716 4112 δοῦλόν
2773 4073 2891 4110 σου.
2933 4075 2952 4108 ι
3010 4051 3143 4107 Εἶτα
3209 4052 3290 4116 τὸ,
3345 4069 3363 4102 ι
3409 4049 3548 4111 Δόξα
3576 4047 3674 4099 καὶ

2099 4153 2217 4210 νῦν.
2254 4171 2274 4205 ι
2309 4153 2418 4205 Καὶ
2465 4149 2559 4204 τοῦ
2593 4147 2916 4217 ’Δλληλούῖα
2951 4145 3320 4214 γεγωνότερον
3370 4136 3525 4200 αὖθις
3553 4137 3676 4207 ᾀδο-

2106 4245 2270 4316 μένου
2303 4245 2382 4304 είς
2412 4240 2725 4308 δοξολογὶαν
2749 4237 2844 4292 τοῦ
2877 4236 3208 4296 ἀναστάντος
3245 4233 3340 4286 καὶ
3383 4231 3528 4301 ἡμᾶς
3552 4243 3680 4281 συν-

2103 4338 2412 4404 εγείραντος
2440 4372 2456 4397 ,
2507 4331 2670 4393 εὐθὺς
2701 4329 2782 4390 τὸ,
2819 4345 2838 4379 ι
2878 4327 3186 4390 Εὐλογεῖτε,
3219 4324 3396 4376 πάντα
3425 4321 3493 4374 τὰ
3540 4318 3679 4388 ἔργα

2104 4426 2333 4494 Κυρίου,
2362 4424 2453 4476 τον
2476 4422 2704 4492 Κύριον,
2733 4419 2976 4488 ὑμνεῖτε,
3022 4416 3118 4468 καὶ
3144 4411 3488 4484 ύπερυψοῦτε
3518 4409 3681 4462 αὐτὸν

2106 4517 2185 4576 είς
2237 4515 2362 4576 τοὺς
2397 4511 2626 4576 αἰῶνας,
2669 4529 2690 4563 ι
2717 4508 2983 4579 ψάλλεται
3019 4506 3159 4574 μετὰ
3209 4502 3454 4573 ᾅσματος
3505 4500 3680 4568 ἐμμε-

427 4605 876 4666 iuraruationem,
940 4616 1150 4656 necnon
1205 4599 1627 4654 «Benedicimus
1677 4598 1888 4652 Patrem
1939 4605 1994 4652 et

2097 4605 2244 4670 λοῦς.
2271 4598 2347 4658 Οῦ
2381 4603 2751 4673 ψαλλομένου,
2807 4601 3178 4669 ἀνέρχονται,·
3211 4593 3307 4648 τοῦ
3362 4593 3552 4661 ίερέως
3584 4591 3688 4660 μὲν

429 4695 620 4750 Filium
672 4703 726 4748 et
755 4695 1015 4764 Spiritum
1054 4704 1326 4756 sanctum,
1385 4692 1694 4754 Dominum,
1747 4701 1800 4744 et
1851 4705 1998 4744 nunc

429 4798 482 4842 et
535 4803 770 4856 semper.
815 4788 1104 4855 tDenique
1162 4785 1284 4840 laus
1348 4785 1587 4856 egregia,
1653 4783 1994 4852 Laudamus,

437 4880 837 4943 Bl‘llcdiCimlls,
885 4878 1288 4938 Glorilieamus,
1343 4879 1648 4931 Adoramus
1689 4876 1997 4942 Dominum,

429 4973 555 5043 quia
592 4987 621 5024 a
657 4970 772 5047 solo
801 4969 909 5022 Deo
940 4969 1282 5022 sanctissima
1311 4967 1576 5021 Trinitate
1605 4977 1659 5020 et
1679 4969 1745 5021 ab
1777 4983 1999 5023 (Bcono-

433 5065 537 5117 tnia
570 5060 725 5116 Verbi
773 5060 934 5112 unius
961 5073 990 5112 e
1021 5058 1288 5110 Trinitate
1321 5073 1586 5125 personae,
1621 5060 1804 5111 omnia
1838 5060 1996 5114 nobis

434 5155 572 5208 facta
600 5163 726 5206 sunt
757 5153 920 5216 bona,
949 5160 1000 5205 et
1026 5167 1055 5204 a
1091 5149 1239 5220 gravi
1263 5151 1413 5218 lapsu
1439 5149 1603 5203 erecti
1636 5149 1996 5215 surreximus,

433 5253 486 5298 et
544 5243 825 5297 illuminati
886 5256 1074 5296 sumus
1125 5254 1255 5292 vero
1313 5239 1534 5302 lumine,
1602 5250 1656 5293 et
1698 5240 1753 5292 in
1805 5241 2002 5294 ccelum

437 5335 751 5419 introducti.
787 5334 912 5388 Ideo
943 5334 1123 5387 statim
1159 5348 1380 5388 causam
1411 5332 1806 5387 incarnationis
1840 5331 2002 5386 Verbi

436 5429 775 5480 ceh-hrmuus
803 5427 1089 5495 Deiparam
1116 5424 1360 5477 dicentes
1393 5439 1407 5480 :
1462 5422 1568 5478 «Te
1603 5439 1819 5477 murum
1853 5426 2010 5479 inex-

439 5520 781 5587 pugnabilem
819 5519 1012 5569 salutis
1055 5515 1369 5566 turrim..."
1404 5531 1423 5563 ι

2102 4699 2193 4752 τὸν
2235 4696 2468 4765 σταυρὸν
2499 4695 2824 4764 κατέχοντος
2868 4691 2944 4753 ὡς
2990 4687 3248 4758 ἀγγέλου,
3285 4685 3376 4742 τοῦ
3413 4685 3470 4738 δὲ
3499 4684 3687 4752 ἀρχιε-

2108 4789 2245 4861 ρέως
2296 4787 2597 4849 τυποῦντος
2649 4785 2740 4836 τὸν
2798 4782 3027 4851 Κύριον.
3088 4779 3439 4848 ’Δνέρχονται
3498 4775 3555 4829 δὲ
3608 4772 3686 4836 ὡς

2105 4881 2242 4950 πρὸς
2273 4881 2334 4932 τὸ
2392 4877 2784 4947 θυσιαστήριον
2831 4875 3120 4942 ἑπομένων
3175 4869 3452 4932 ἁπάντων,
3499 4866 3573 4928 ὡς
3607 4864 3688 4926 είς

2108 4975 2270 5028 αὐτὸν
2315 4973 2408 5026 τὸν
2450 4970 2638 5040 θρόνον
2687 4965 2782 5021 τοῦ
2821 4964 2980 5019 Θεοῦ.
3041 4964 3150 5018 Καὶ
3181 4965 3209 5015 ὁ
3244 4961 3346 5028 μὲν
3397 4957 3688 5030 ἀρχιερεὺς

2108 5066 2317 5119 ἄνεισιν
2345 5066 2425 5126 είς
2457 5062 2550 5116 τὸν
2581 5058 2750 5114 αὐτοῦ
2775 5058 2991 5128 θρόνον,
3023 5055 3120 5124 τὴν
3148 5042 3205 5108 ὲν
3244 5051 3320 5121 τῷ
3354 5047 3568 5120 οὐρανῷ
3594 5045 3688 5101 τοῦ

2110 5156 2362 5225 Σωτῆρος
2389 5154 2574 5207 ἄνοδον
2602 5151 2694 5204 καὶ
2725 5147 2999 5218 καθέδραν
3028 5147 3224 5215 δηλῶν·
3255 5143 3445 5214 θρόνον
3464 5141 3520 5194 δὲ
3548 5140 3696 5206 λέγω

2109 5250 2171 5299 τὸ
2201 5245 2499 5298 στασίδιον.
2541 5243 2600 5294 '0
2639 5238 2878 5310 σταυρὸς
2909 5238 2966 5291 δὴ
2996 5239 3273 5307 πήγνυται
3306 5237 3365 5288 ιν
3401 5232 3478 5304 τῷ
3507 5230 3693 5301 ἄμϐω-

2113 5355 2163 5390 νι
2195 5337 2424 5404 ἀντικρὺ
2474 5331 2569 5388 τοῦ
2607 5331 3029 5401 θυσιαστηρίου,
3058 5329 3150 5380 τὸν
3181 5327 3413 5382 θάνατον
3452 5328 3547 5380 καὶ
3589 5322 3694 5390 τὴν

2115 5426 2335 5495 ἔγερσιν
2369 5425 2502 5476 πᾶσι
2553 5420 2853 5491 μαρτυρῶν
2899 5417 2996 5471 τοῦ
3042 5416 3315 5485 Σωτῆρος,
3350 5413 3447 5467 καὶ
3495 5410 3556 5463 τὸ
3588 5408 3691 5475 τῆς

2121 5515 2350 5584 Τριὰδος
2396 5513 2663 5581 κήρυγμα
2709 5510 2796 5561 διὰ
2848 5507 2958 5561 τῶν
3013 5503 3404 5572 ἀναπτομένων
3449 5502 3506 5553 ὲν
3536 5495 3686 5564 αὐτῷ

438 5610 603 5679 τριῶν
639 5612 850 5676 φώτων.
892 5609 999 5661 Καὶ
1027 5608 1058 5677 ἡ
1083 5606 1192 5677 ᾠδὴ
1234 5607 1383 5659 πᾶσα
1409 5605 1515 5658 τῶν
1536 5606 1707 5674 ἁγίων
1731 5609 1898 5677 τριῶν
1927 5611 2140 5664 παίδων
2172 5608 2310 5678 μετὰ
2341 5605 2460 5670 τοῦ,
2498 5603 2844 5671 «Εὐλογεῖτε,
2879 5599 3078 5672 »249
3103 5595 3354 5667 ἐμμελῶς
3389 5594 3484 5646 καὶ
3511 5593 3696 5663 ἐκφάν

441 5728 544 5772 νως
582 5710 787 5780 ᾅδεται,
821 5710 915 5762 καὶ
966 5709 1147 5760 αὐτῶν
1182 5709 1280 5776 τὴν
1328 5706 1536 5775 Τριάδα
1587 5708 1645 5759 ιν
1695 5709 1764 5777 τῇ
1817 5709 2040 5779 καμίνῳ
2079 5703 2521 5760 ὲκτυπωσάντων
2556 5701 2697 5771 ἅμα,
2753 5699 2851 5754 καὶ
2905 5693 3402 5762 δοξολογησάντων,
3451 5689 3550 5741 καὶ
3599 5687 3698 5780 τοῦ

444 5760 622 5867 Λόγου
674 5760 787 5870 ’τὴν⁷
823 5760 1274 5871 ενανθρὼπησιν’·
1326 5760 1420 5853 καὶ
1459 5800 1540 5865 τὸ,
1601 5817 1621 5850 ι
1679 5760 2028 5875 Εὐλογοῦμεν
2061 5799 2280 5868 Πατέρα
2307 5797 2404 5850 καὶ
2433 5794 2563 5849 Υἱὸν
2589 5760 2693 5846 καὶ⁷
2715 5792 2868 5858 διγιον
2896 5760 3160 5855 UvaP-4v—
3189 5787 3280 5837 τδν
3313 5781 3540 5875 Κύριένν
3581 5760 3699 5875 3“?"

447 5893 542 5948 νῦν
581 5895 676 5947 καὶ
707 5894 848 5949 ἀεί.»
892 5896 1002 5948 Ka‘t
1032 5894 1344 5948 τελευταῖον
1393 5892 1647 5964 περισσὴ,
1693 5912 1711 5946 ι
1743 5870 2035 5965 amomi,
2065 5891 2394 5964 εὐλογοῦμεν
2425 5930 2438 5957 ,
2482 5885 2797 5957 ὑμνοῦμεν,
2845 5882 2940 5940 καὶ
2970 5876 3382 5952 προσκυνοῦμεν
3434 5873 3528 5928 τὸν
3581 5870 3700 5926 Κύ-
