4026 6274
397 295 496 361 641
795 343 803 347 .
951 349 956 354 .
1594 295 1690 355 DE
1735 293 1974 353 SACRA
2012 293 2520 358 PRECATIONE.
3559 304 3663 367 642

389 433 527 485 ριον·
573 436 592 468 ι
629 416 816 488 ἐπειδὴ
849 418 1002 484 παρὰ
1044 415 1137 470 τοῦ
1181 415 1343 486 μόνου
1377 414 1512 467 Θεοῦ
1552 413 1653 482 τῆς
1684 412 1960 478 παναγίας
2002 413 2238 483 Τριάδος
2276 417 2372 469 καὶ
2416 420 2515 487 τῆς
2555 418 2654 486 τοῦ,
2721 419 2900 490 Λόγου
2954 421 3051 476 τοῦ
3103 423 3219 486 ὲν’ς
3279 423 3380 490 τῆς
3420 423 3660 493 Τριάδος

388 511 702 580 οἰκονομίας
735 510 912 564 πάντα
942 511 1073 580 ἡμῖν
1119 509 1190 561 τά
1233 509 1420 576 ἀγαθά
1494 507 1715 575 γέγονε,
1777 505 1877 557 καὶ
1936 506 2324 577 ἀνεκλήθημεν
2377 509 2471 561 τοῦ
2544 513 2784 580 μεγάλου
2843 513 3159 581 πτώματος,
3211 517 3305 568 καὶ
3350 516 3663 586 άνέστημεν

389 609 484 661 καὶ
534 607 1002 678 κατηυγάσθημεν
1059 609 1125 660 ἐκ
1183 606 1279 659 τοῦ
1335 602 1593 674 ἀληθινοῦ
1640 602 1838 671 φωτὸς,
1873 603 1967 656 καὶ
2007 605 2091 664 είς
2125 605 2255 667 τοὺς
2287 605 2556 676 οὐρανοὺς
2590 609 2992 680 άνηνέχθημεν.
3043 610 3136 663 Διὸ
3169 612 3264 663 καὶ
3323 611 3489 674 εὐθὺς
3554 613 3656 681 τὴν

389 703 570 756 αἰτίαν
598 701 697 770 τῆς
740 699 837 753 τοῦ
876 699 1051 768 Λόγου
1091 694 1426 767 σαρκώσεως
1464 694 1816 766 άνυμνοῦμεν
1866 695 1966 767 τὴν
2035 695 2387 768 Θεομήτορα,
2457 717 2476 752 ι
2523 701 2589 753 Σὲ
2643 701 2705 754 τὸ
2757 702 3074 773 ἀπόρθητον
3108 705 3289 774 τεῖχος
3326 706 3392 758 τὸ
3423 706 3519 775 τῆς
3549 719 3660 757 σω-

388 793 587 864 τηρίας
615 792 903 863 ὀχύρωμα,
941 810 960 844 t
991 791 1263 862 λέγοντες.

672 917 713 957 ι
967 905 1220 962 nam.
1249 904 1378 960 TN’.
1999 887 2055 944 Α

390 1019 681 1100 Περίξτῶν
712 1019 894 1100 ἐν,τῷ
929 1021 1197 1100 νςάρρψιιΔ
1225 1018 1574 1100 ,πεττομένων
1623 1016 1844 1100 ειΰχῶν,
1869 1016 1972 1100 καὶ

459 1091 568 1170 τοῦ
601 1090 920 1170 Titanes-ou
945 1089 1145 1170 cateias
1164 1089 1554 1170 θυμιάματος,
1581 1092 1682 1144 καὶ
1716 1089 1828 1156 τῆς
1850 1091 1974 1142 εισ-

459 1161 629 1216 όδου.
664 1160 778 1214 Καὶ
807 1160 864 1212 τί
891 1160 1082 1212 ταῦτα
1115 1160 1423 1228 σημαίνει.

477 1253 672 1307 Ἰστέον
703 1247 821 1318 οὖν,
855 1252 940 1306 ὅτι
968 1253 1027 1307 ἐν
1078 1253 1178 1320 μὲν
1222 1255 1336 1316 τοῖς
1367 1253 1603 1322 πρώτοις
1633 1255 1789 1323 τρισὶ
1828 1253 1969 1324 ψαλ-

395 1347 518 1415 μοῖς
545 1345 650 1408 τάς
678 1345 909 1408 ἑωθινὰς
955 1343 1124 1413 εὐχὰς
1174 1344 1311 1414 πρὸς
1339 1345 1434 1399 τὸν
1482 1346 1618 1400 Θεὸν
1646 1347 1912 1417 ἀναφέρει
1942 1347 1972 1400 6

393 1435 606 1506 lspsdc°
641 1432 759 1488 εῐτα
804 1435 897 1489 τοῦ
935 1436 1171 1506 ἀμώμου
1203 1436 1542 1508 ἀρξαμένου,
1570 1438 1844 1510 λαμῦάνει
1877 1441 1973 1494 θυ-

395 1529 706 1597 μιατήριον.
743 1528 854 1581 Καὶ
885 1527 1143 1598 θυμίαμα
1192 1527 1376 1598 βαλὼν
1415 1530 1508 1583 καὶ
1539 1530 1875 1600 σφραγίσας,
1917 1533 1967 1584 εί

387 1620 436 1672 δ’
468 1620 618 1673 ἐστιν
647 1619 945 1690 ἀρχιερεὺς
975 1620 1375 1690 σφραγίξοντος
1401 1621 1569 1676 αὐτοῦ
1602 1625 1662 1676 τὸ
1690 1623 1970 1693 θυμίαμα,

391 1712 622 1783 ἄρχεται
661 1713 690 1764 6
725 1712 905 1780 ἱερεὺς
934 1713 1044 1765 ἀπὸ
1071 1711 1167 1765 τοῦ
1199 1712 1376 1777 δεξιοῦ
1409 1714 1612 1784 μέρους
1646 1714 1741 1768 τοῦ
1765 1715 1971 1786 νάρθηο

391 1821 507 1870 κος,
534 1803 661 1858 ἔνθα
709 1803 829 1875 ἐστὶ
866 1803 960 1856 τοῦ
1029 1804 1378 1875 ἀρχαγγέλου
1411 1807 1470 1859 ἑν
1513 1805 1591 1875 τῷ
1639 1805 1804 1876 τοίχῳ
1835 1807 1971 1874 ἀγία

388 1897 586 1949 εἰκών*
613 1899 708 1950 καὶ
738 1895 909 1967 θυμιᾷ
943 1895 1134 1967 κύκλῳ
1162 1897 1254 1951 τὸν
1285 1897 1539 1968 νάρθηκα
1566 1899 1696 1967 περὶ
1719 1899 1845 1961 τοὺς
1877 1900 1966 1952 θε-

394 1990 614 2062 μελίους
643 1991 738 2044 τοῦ
771 1989 901 2044 ναοῦ
939 1991 1033 2044 καὶ
1063 1991 1189 2053 τοὺς
1222 1990 1454 2059 τοίχους,
1487 1990 1880 2060 ἀφισταμένων
1902 1995 1969 2046 ὲκ

391 2082 502 2138 τῶν
526 2084 724 2153 τοίχων
755 2083 864 2136 τῶν
895 2083 1230 2150 ἱσταμένων,
1277 2083 1374 2137 καὶ
1431 2082 1596 2136 πάλιν
1632 2083 1964 2154 ἱσταμένων.

393 2177 506 2230 Καὶ
558 2175 871 2230 ἐπανελθὼν
922 2175 1045 2230 ὅθεν
1093 2175 1326 2245 ἤρξατο,
1357 2175 1592 2246 σταυροῦ
1623 2177 1793 2230 τύπον
1820 2179 1970 2230 ποιεῖ

2647 903 2870 960 CAPUT
2900 903 3096 959 CCCL.

2078 1015 2154 1070 De
2182 1015 2422 1081 precibus
2454 1031 2571 1085 qua!
2617 1017 2672 1069 in
2705 1020 2953 1070 uartliece
3008 1018 3244 1072 ecclesia:
3279 1022 3584 1082 recitantur.
3614 1032 3664 1074 et

2147 1088 2212 1139 de
2228 1087 2417 1160 sumtu
2437 1088 2535 1160 qui
2564 1087 2636 1160 ibi
2672 1089 2768 1160 fit,
2804 1098 2850 1140 et
2881 1090 2944 1141 de
2976 1090 3213 1156 ingressu
3251 1092 3305 1142 in
3335 1091 3585 1160 templum
3614 1104 3664 1144 et

2145 1156 2272 1226 quid
2304 1172 2396 1226 per
2426 1156 2537 1210 lucc
2563 1157 2913 1226 signiﬁcetur.

2145 1250 2333 1318 Itaque
2363 1250 2648 1304 sciendum
2681 1260 2765 1304 est
2791 1250 3136 1304 sacerdotem
3167 1251 3221 1305 in
3256 1250 3451 1320 primis
3483 1252 3666 1308 tribus

2074 1338 2302 1408 psalmis
2321 1341 2620 1395 matutinas
2645 1355 2834 1409 preces
2854 1341 2918 1394 ad
2941 1341 3107 1396 Deum
3126 1343 3410 1399 exhibere.
3434 1344 3660 1410 Deinde,

2074 1430 2367 1499 incipiente
2399 1436 2647 1501 psalmo:
2689 1435 2870 1486 «Beati
2894 1434 3286 1498 immaculati,»
3323 1437 3661 1493 tliuribulum

2073 1523 2292 1592 accipit,
2325 1523 2660 1596 incensoque
2699 1525 2954 1594 impasito
2988 1538 3042 1581 et
3066 1529 3302 1596 signato,
3351 1539 3404 1582 et
3433 1530 3476 1583 si
3518 1530 3664 1584 adsit

2075 1613 2342 1681 pontifex,
2382 1614 2608 1670 incenso
2635 1616 2702 1670 ab
2738 1616 2844 1670 hoc
2883 1617 3121 1686 signato,
3160 1619 3354 1689 incipit
3402 1620 3661 1676 sacerdos

2074 1720 2104 1760 a
2136 1706 2326 1760 dextra
2379 1716 2533 1776 parte
2585 1709 2870 1764 nartliecis
2921 1711 3012 1764 ubi
3063 1720 3149 1767 est
3181 1713 3233 1765 in
3273 1729 3430 1766 muro
3469 1727 3660 1768 sancta

2073 1799 2384 1870 archangeli
2417 1800 2618 1870 imago,
2653 1813 2706 1855 et
2755 1803 3062 1857 circulatim
3131 1804 3379 1861 incensat
3434 1809 3660 1861 narthe-

2073 1905 2192 1946 cem
2223 1893 2366 1947 circa
2393 1892 2748 1960 fundamenta
2775 1903 2830 1949 et
2852 1911 3038 1950 muros
3060 1899 3268 1965 templi,
3299 1899 3422 1954 aliis
3445 1913 3474 1951 a
3501 1915 3662 1954 muro

2073 1984 2460 2040 recedentibus
2496 1995 2552 2041 et
2611 1987 2817 2042 iterum
2869 1988 3093 2056 propius
3146 1990 3558 2049 accedentibus.
3597 1991 3664 2047 Et

2073 2088 2326 2129 reversus
2405 2090 2515 2144 quo
2571 2075 2794 2142 incepit,
2841 2077 3021 2131 crucis
3077 2078 3291 2148 signum
3351 2079 3483 2134 facit
3535 2096 3660 2136 cum

2075 2166 2356 2221 thuribulo
2386 2166 2576 2221 dlcens
2605 2185 2619 2220 :
2655 2166 2961 2236 «Sapientia
2986 2169 3210 2234 erecti,»
3240 2185 3349 2225 una
3384 2181 3665 2240 praeeunte

393 2268 536 2338 μετά
564 2267 659 2321 τοῦ
707 2267 1005 2338 θυμιατοῦ,
1033 2235 1232 2336 λέγων,
1285 2235 1517 2337 ι’Σοφίά
1547 2267 1721 2336 ὀρθοῖ,
1766 2285 1786 2318 ι
1834 2268 1966 2337 μιᾶς

2074 2257 2320 2329 lampade
2369 2261 2421 2313 in
2458 2259 2591 2322 solis
2617 2259 2796 2326 festis,
2847 2269 2902 2316 et
2957 2261 3010 2314 in
3067 2263 3331 2318 nartliece
3367 2266 3550 2334 parvis
3598 2279 3666 2319 ac

390 2361 675 2432 λαμπάδος
735 2361 1160 2431 προηγουμένης
1212 2361 1271 2412 ὲν
1323 2359 1515 2429 μόναις
1558 2361 1679 2422 ταῖς
1725 2361 1968 2428 ἑορταῖς,

393 2457 487 2506 καὶ
517 2455 578 2506 ὲν
611 2451 691 2523 τῷ
713 2453 953 2523 νάρθηκι
982 2451 1198 2522 μικρῶν
1221 2453 1318 2504 καὶ
1345 2451 1543 2519 ὀλίγων
1567 2452 1970 2521 ἀναπτομένων

394 2543 610 2612 φώτων.
653 2543 714 2596 '0
749 2543 806 2596 δέ
844 2559 907 2610 γε
945 2541 1160 2611 ψάλτης
1197 2539 1379 2594 καλῶν
1409 2541 1596 2607 αὐτὸν,
1622 2542 1860 2609 ἐκφωνεί
1885 2540 1970 2606 τὸ,

399 2651 418 2684 «
463 2631 768 2701 Εὐλογητὸς
796 2627 866 2697 εἳ,
893 2630 1090 2700 Κύριε.
1123 2648 1142 2681 ι
1175 2630 1337 2692 Ἐθος
1367 2631 1476 2700 γάρ
1501 2632 1580 2692 είς
1606 2629 1795 2684 τοῦτον
1826 2627 1972 2684 εἷναι

396 2719 490 2773 τὸν
520 2719 703 2788 στίχον
732 2718 810 2788 τῷ
841 2718 987 2771 τέλει
1023 2716 1118 2771 τοῦ
1156 2718 1526 2788 θυμιάματος.
1576 2719 1686 2773 Kal
1728 2721 1757 2773 6
1787 2721 1972 2789 ἱερεὺς

393 2811 639 2882 ἠρεμαίᾳ
672 2811 805 2881 φησὶ
832 2812 982 2881 φωνῇ
1013 2810 1094 2877 τὸ,
1128 2827 1148 2861 «
1189 2810 1364 2882 Σοφίᾳ
1409 2810 1583 2879 ὀρθοῖ,
1633 2829 1655 2864 ι
1687 2811 1783 2865 καὶ
1809 2811 1973 2876 εὐθὺς

394 2902 565 2957 ἐλθὼν
591 2904 764 2974 θυμιᾷ
785 2904 875 2956 τὸν
897 2904 1184 2972 ἀρχιερέα,
1208 2906 1304 2955 καὶ
1334 2903 1572 2972 καθεξῆς
1601 2903 1726 2966 τοὺς
1748 2904 1972 2967 λοιποὺς

393 2997 664 3061 ἅπαντας.
688 2993 822 3050 Εἶτα
842 2996 1102 3048 εἰσελθὼν
1135 2997 1201 3048 ὲκ
1230 2997 1328 3066 τῆς
1359 2997 1602 3063 πλαγίας
1624 2999 1708 3060 είς
1727 2997 1818 3052 τὸν
1842 2998 1973 3053 ναὸν

392 3091 454 3143 ὲν
499 3091 627 3160 σιγῇ
663 3089 836 3159 θυμιᾷ
870 3089 1050 3141 πάντα
1083 3086 1176 3140 τὸν
1208 3086 1358 3151 ναὸν,
1392 3086 1785 3158 κεκλεισμένον
1813 3089 1969 3155 ὄντα,

391 3182 468 3245 ὡς
505 3181 744 3252 εἴρηται.
790 3182 900 3234 Καὶ
949 3183 1012 3232 τὸ
1063 3179 1453 3251 θυσιαστήριον
1485 3180 1764 3247 είσελθὼν,
1809 3184 1974 3237 κάκεῖ

394 3275 690 3344 θυμιάσας,
711 3272 807 3326 καὶ
839 3272 1178 3342 ἀποθέμενος
1202 3271 1262 3324 τὸ
1285 3272 1671 3342 θυμιατήριον,
1697 3271 1970 3342 λαμϐάνει

391 3371 484 3422 τὸν
516 3367 700 3436 τίμιον
753 3364 1011 3435 σταυρὸν,
1059 3365 1287 3418 ὄπισθεν
1335 3365 1631 3434 ἱστάμενον
1675 3364 1772 3419 τοῦ
1821 3365 1969 3435 ἱεροῦ

394 3459 807 3527 θυσιαστηρίου,
860 3458 936 3525 μὴ
977 3456 1412 3526 προηγουμένων
1445 3454 1632 3523 τινῶν,
1663 3458 1739 3526 μὴ
1774 3455 1971 3525 φώτων

391 3551 583 3617 ὄντων,
599 3553 734 3605 ἀλλά
755 3552 920 3621 μόνου
938 3551 1102 3603 αὑτοῦ
1121 3552 1154 3619 ἢ
1180 3551 1456 3605 διακόνου.
1478 3552 1590 3605 Καὶ
1607 3550 1968 3621 ἐξερχόμενος
1995 3578 2042 3640 C

396 3647 461 3696 ὲκ
486 3642 586 3712 τῆς
622 3644 816 3714 ἑτέρας
870 3643 1132 3710 πλαγίας,
1163 3641 1465 3694 ὑποκλίνων
1493 3642 1593 3710 τὴν
1624 3642 1870 3712 κεφαλὴν
1893 3642 1972 3712 τῷ

392 3739 662 3806 ἀρχιερεῖ,
723 3736 904 3806 φέρων
960 3735 1144 3804 ἵστησι
1193 3735 1287 3788 τὸν
1341 3736 1576 3804 σταυρὸν
1633 3737 1698 3789 ὲκ
1755 3734 1970 3798 δεξιῶν,

394 3830 622 3898 πλησίον
653 3829 760 3880 τῶν
792 3827 1043 3896 μεγάλων
1089 3827 1276 3879 πυλῶν
1307 3826 1404 3880 τοῦ
1433 3826 1580 3880 θείου
1612 3825 1765 3881 ναοῦ.
1801 3826 1972 3880 Ἔνθα

391 3920 455 3991 δὴ
481 3923 574 3974 καὶ
598 3921 816 3974 ἵσταται
837 3919 965 3989 άχρι
987 3920 1081 3972 καὶ
1101 3936 1165 3972 συ
1174 3917 1550 3987 μπληρώσεως
1567 3920 1674 3973 τῶν
1714 3919 1972 3989 ψαλμῶν.

391 4015 526 4066 Τότε
576 4013 632 4066 δὲ
678 4012 787 4066 τῶν
820 4012 992 4082 τριῶν
1023 4010 1213 4080 κηρῶν
1243 4012 1302 4062 ὲν
1328 4011 1505 4080 τούτῳ
1551 4011 1968 4080 ἀναπτομένων,

391 4106 487 4158 καὶ
509 4105 878 4175 ἀνοιγομένων
898 4103 1009 4156 τῶν
1038 4104 1246 4169 πυλῶν,
1277 4103 1418 4174 μετὰ
1452 4104 1839 4174 λαμπρότητος
1865 4105 1966 4175 ἤδη

389 4199 424 4267 ἡ
456 4197 661 4259 εἴσοδος
689 4199 920 4265 γίνεται.
949 4193 1140 4250 Ταῦτα
1172 4196 1229 4249 δὲ
1261 4197 1361 4248 οὐκ
1391 4197 1604 4263 ἀλόγως
1638 4197 1966 4265 ἐνεργεῖται,

387 4293 524 4345 ἀλλὰ
559 4291 844 4362 θαυμασία
877 4289 974 4344 καὶ
1003 4290 1314 4365 ὑψηλοτάτη
1369 4291 1548 4360 ἐννοίᾳ
1581 4290 1692 4344 τῶν
1739 4291 1970 4359 ἐκθεμέ-

390 4401 496 4436 νων
525 4385 719 4450 ἁγίων,
749 4384 807 4436 ὲν
836 4382 1043 4451 γνώσει
1063 4381 1187 4452 θείᾳ
1217 4383 1311 4434 κα).
1344 4380 1549 4452 θεωρίᾳ
1578 4381 1760 4444 καλῶς
1783 4383 1965 4434 πάντα

386 4474 910 4539 διατυπωσαμένων.
937 4473 1028 4526 Διὺ
1057 4477 1152 4526 καὶ
1181 4473 1621 4535 ἐπαναλαϐόντες
1645 4469 1804 4537 αὖθις
1827 4474 1968 4528 αὑτά

387 4567 714 4636 τρανότερον
749 4567 1139 4636 θεωρήσωμεν.
1169 4565 1242 4617 Τὸ
1288 4564 1489 4629 ἔξωθεν
1539 4565 1829 4635 ἑστηκέναι
1869 4567 1968 4619 καὶ

386 4655 609 4723 ψάλλειν
637 4656 736 4724 τὴν
765 4656 827 4706 ἐκ
860 4655 954 4706 τοῦ
986 4653 1314 4721 παραδείσου
1351 4653 1546 4719 ἕξωσιν
1577 4655 1756 4720 ἡμῶν,
1789 4655 1864 4718 ὼς
1892 4657 1968 4708 εί-

390 4749 665 4817 ρηκαμεν,
690 4744 1048 4814 ὑπεμφαίνὲι,
1075 4746 1169 4797 καὶ
1198 4746 1258 4797 τὸ
1293 4746 1680 4813 κεκλεισμένον
1715 4749 1846 4816 ἡμῖν
1875 4765 1968 4815 γε-

387 4837 574 4890 νέσθαι
603 4837 695 4890 τὸν
726 4838 785 4888 οὺ
797 4836 978 4905 ρανὸν,
1009 4840 1104 4888 καὶ
1128 4837 1254 4898 τοὺς
1275 4835 1726 4906 ἀποθνήσκοντας
1753 4841 1963 4902 πάντας
1987 4873 1998 4883 ι

2072 2350 2267 2420 paucis
2297 2351 2603 2405 luminibus
2630 2354 2901 2406 accensis.
2938 2352 3140 2408 Cantor
3162 2365 3342 2408 autem
3365 2370 3491 2409 eum
3520 2356 3663 2410 invi-

2074 2454 2199 2496 tans
2243 2442 2442 2498 clamat
2472 2462 2484 2497 :
2528 2443 2890 2498 «Benedictus
2918 2460 2996 2511 es,
3034 2446 3318 2502 Domine»
3354 2446 3488 2501 Nam
3519 2449 3664 2504 solet

2073 2535 2166 2590 hic
2190 2550 2377 2590 versus
2408 2550 2704 2591 occurrere
2762 2539 2817 2591 in
2859 2538 2967 2592 line
3005 2539 3240 2594 sumtus.
3296 2537 3361 2594 Et
3401 2542 3663 2596 sacerdos

2075 2624 2364 2694 tranquilla
2387 2640 2521 2681 voce
2550 2645 2564 2680 :
2608 2625 2918 2695 «Sapientia
2945 2636 3172 2694 erecti,»
3201 2628 3398 2697 inquit.
3430 2631 3660 2685 Statim-

2074 2733 2182 2786 que
2210 2718 2490 2787 ingressus
2520 2718 2772 2772 incensat
2810 2721 3142 2787 pontificem,
3178 2731 3231 2775 et
3253 2722 3449 2780 deinde
3466 2739 3660 2780 omnes

2074 2810 2234 2864 alios.
2265 2809 2459 2865 Postea
2485 2825 2515 2864 a
2549 2811 2718 2865 latere
2753 2810 2962 2867 intrans
3006 2814 3061 2866 in
3113 2814 3372 2882 templum
3409 2816 3662 2872 incensat

2075 2902 2134 2956 in
2162 2901 2384 2956 silentio
2416 2911 2586 2956 totum
2615 2903 2872 2970 templum
2912 2904 3056 2973 quod
3095 2904 3344 2961 clausum
3365 2916 3468 2975 est,
3494 2919 3657 2977 prout

2077 2993 2340 3048 diximus.
2375 2991 2441 3047 Et
2470 2993 2641 3049 altare
2672 2995 2970 3064 ingressus.
3027 3005 3317 3068 postquam
3361 2999 3435 3053 ibi
3466 3001 3659 3055 incen-

2074 3085 2234 3148 savit,
2269 3086 2519 3155 deposito
2554 3086 2832 3141 thuribulo
2880 3089 3244 3143 venerandam
3289 3091 3487 3158 accipit
3528 3107 3658 3147 cru-

2075 3190 2191 3230 cem
2224 3189 2344 3246 post
2366 3193 2582 3232 sacrum
2610 3179 2781 3233 altare
2802 3179 3058 3248 positam,
3081 3182 3296 3235 nemine
3320 3187 3658 3250 praecedente

2073 3279 2130 3323 et
2154 3270 2363 3339 absque
2397 3269 2717 3336 luminibus,
2767 3274 2859 3326 sed
2895 3273 2986 3326 illo
3018 3275 3399 3343 progrediente
3425 3277 3545 3331 solo
3573 3279 3656 3334 vel

2075 3363 2374 3416 comitante
2403 3361 2661 3416 diacono.
2700 3363 2764 3416 Et
2789 3379 3042 3431 egressus
3063 3367 3131 3419 ab
3148 3367 3253 3421 alio
3279 3369 3467 3433 latere,
3491 3381 3656 3441 caput

2075 3455 2342 3508 inclinans
2409 3454 2652 3522 pontiﬁci
2704 3464 2867 3510 stata
2929 3459 3140 3514 dextris
3173 3475 3395 3517 crucem
3428 3475 3655 3533 portans

2076 3561 2243 3616 prope
2275 3563 2500 3616 magnas
2535 3547 2705 3602 divini
2750 3551 2932 3618 templi
2973 3551 3193 3620 ianuas.
3225 3553 3407 3611 Manet
3438 3556 3510 3611 ibi
3561 3573 3655 3614 us-

2077 3641 2318 3700 quedum
2349 3639 2732 3707 compleantur
2763 3643 2979 3708 psalmi.
3019 3642 3173 3698 Tunc
3207 3661 3337 3702 vero
3361 3648 3538 3705 tribus
3563 3667 3655 3707 ac-

2075 3729 2256 3784 censis
2279 3730 2452 3784 cereis
2506 3732 2822 3800 apertisque
2887 3733 3116 3799 foribus,
3157 3738 3417 3795 solemnis
3470 3745 3530 3797 llt
3568 3744 3656 3799 ir.-

2074 3836 2318 3889 gressus.
2363 3819 2489 3875 Haec
2527 3832 2709 3875 autem
2764 3837 2874 3876 nou
2925 3826 3042 3879 sine
3094 3829 3306 3884 ratione
3360 3831 3514 3899 fiunt,
3556 3840 3654 3891 sed

2076 3913 2216 3966 mira
2243 3911 2507 3982 valdeque
2537 3915 2760 3969 sublimi
2794 3917 3067 3972 sententia
3097 3923 3273 3976 sancti
3305 3938 3367 3978 ca
3421 3940 3648 3997 compo-

2072 4014 2322 4067 suerunt,
2356 4015 2411 4060 et
2445 4006 2500 4059 in
2529 4005 2713 4060 divina
2753 4008 3064 4076 cognitione
3088 4024 3152 4066 ac
3175 4014 3402 4070 scientia
3433 4021 3649 4090 egregie

2073 4103 2257 4150 Omnia
2293 4097 2664 4153 instituerunt.
2693 4098 3040 4173 Quapropter
3069 4105 3267 4161 iterum
3309 4124 3372 4164 ea
3403 4123 3650 4178 repeten-

2071 4193 2142 4244 do
2187 4189 2391 4242 clarius
2442 4193 2855 4260 explicabimus.
2901 4195 3061 4251 Foris
3109 4206 3253 4254 stare
3304 4209 3358 4256 et
3393 4204 3645 4272 psallere,

2071 4297 2172 4337 nos
2213 4299 2240 4336 ιι
2291 4285 2547 4352 paradiso
2589 4286 2838 4354 repulsos
2899 4302 3042 4354 esse,
3089 4300 3256 4360 prout
3302 4294 3508 4350 dictum
3540 4311 3644 4367 est,

2070 4376 2366 4446 significat,
2409 4376 2722 4445 cmlumque
2754 4377 2910 4434 nobis
2940 4393 3065 4435 esse
3100 4383 3372 4447 clausum,
3400 4398 3646 4445 mortuos

2068 4479 2189 4518 esse
2220 4479 2430 4531 omnes,
2466 4475 2520 4519 et
2561 4467 2840 4535 justomm
2889 4455 3106 4524 animas
3159 4472 3213 4525 in
3267 4473 3455 4531 inferis
3500 4492 3646 4536 esse.

2069 4552 2196 4607 Ideo
2224 4557 2290 4608 ad
2321 4569 2532 4624 partem
2570 4559 2754 4628 templi
2784 4560 3181 4618 occidentalem
3220 4576 3447 4632 stamus,
3499 4571 3646 4625 velut

2068 4645 2124 4699 in
2150 4648 2387 4716 caligine
2418 4647 2616 4703 inferni
2674 4663 2728 4704 et
2781 4655 3154 4721 corruptionis
3216 4657 3476 4727 tleantes
3505 4675 3557 4715 et
3589 4665 3642 4718 in

2067 4738 2370 4806 ignorantia
2407 4744 2612 4795 erroris
2656 4746 2952 4811 provoluti.
2987 4746 3176 4817 Neque
3225 4763 3354 4808 tunc
3403 4759 3642 4811 maxima

2068 4833 2418 4886 accendimus
2452 4833 2682 4900 lumina,
2732 4838 2991 4905 quoniam
3045 4843 3148 4895 etsi
3181 4838 3434 4916 aliqnalis
3479 4850 3643 4905 fuerit

388 4930 632 4991 καὶτοὺς
664 4929 906 4990 δικαίους
941 4928 1046 4980 ὑπὸ
1089 4928 1180 4981 τὸν
1213 4927 1348 4998 ᾅδην
1395 4931 1518 4992 ταῖς
1570 4929 1771 5001 ψυχαῖς
1797 4928 1961 4986 εἶναι.

2074 4925 2162 4980 lux
2194 4926 2246 4979 in
2281 4927 2442 4981 nobis
2477 4939 2587 4982 tum
2619 4932 2884 4986 naturalis
2922 4948 3020 5003 per
3053 4939 3302 4993 notitiam
3332 4942 3496 5011 juris,
3523 4953 3640 5000 tum

387 5021 479 5072 Διὸ
508 5021 601 5072 καὶ
652 5020 788 5090 πρὸς
835 5019 1046 5089 δυσμὰς
1102 5019 1370 5088 ίστάμεθα
1402 5019 1497 5072 τοῦ
1527 5019 1684 5084 ναοῦ,
1720 5021 1793 5084 ὡς
1829 5023 1966 5093 πρὸς

388 5112 450 5163 τὸ
491 5111 729 5179 ζοφῶδες
757 5110 911 5175 ὅντες
943 5111 1038 5164 τοῦ
1068 5109 1196 5182 ᾅδου
1232 5113 1326 5164 καὶ
1355 5112 1457 5182 τῆς
1486 5111 1718 5183 φθορᾶς,
1750 5116 1844 5167 καὶ
1872 5115 1964 5168 ὑπ’

388 5203 666 5270 ἀγνωσίας
703 5201 1069 5271 κρατούμενοι
1093 5201 1194 5269 τῆς
1220 5201 1449 5270 πλάνης.
1484 5203 1596 5256 Καὶ
1627 5205 1689 5257 οὐ
1723 5206 1962 5274 μέγιστα

388 5294 704 5362 ἀνάπτομεν
735 5293 886 5360 φῶτα
908 5316 919 5324 ·
950 5293 1074 5344 ἐπεὶ
1123 5293 1216 5344 καὶ
1261 5294 1484 5362 μερικός
1514 5311 1600 5358 τις
1639 5291 1706 5364 ἦν
1742 5298 1799 5349 ὲν
1832 5299 1964 5366 ἡμῖν

385 5389 508 5440 τότε
552 5385 854 5455 φωτισμδς,
877 5386 905 5438 ὅ
943 5401 1004 5438 τε
1037 5386 1262 5454 φυσικὸς
1291 5387 1378 5440 διὰ
1412 5386 1514 5457 τῆς
1560 5388 1816 5456 γνώσεως
1851 5392 1962 5444 τῶν

385 5478 629 5542 δικαίων,
660 5477 755 5530 καὶ
790 5478 820 5531 6
854 5475 965 5529 τῶν
1004 5477 1302 5547 προφητῶν
1354 5485 1450 5533 καὶ
1499 5479 1594 5534 τοῦ
1644 5483 1836 5550 νόμου,
1867 5487 1961 5537 καὶ

385 5568 447 5620 οὐ
487 5566 746 5634 φωτίζειν
794 5566 1026 5620 καθόλου
1069 5566 1392 5636 δυνάμενος.
1426 5568 1500 5622 Οὐ
1549 5569 1661 5637 γὰρ
1712 5570 1958 5641 ἔλαμψεν

384 5656 519 5724 ἡμῖν
541 5654 622 5707 ἐτι
647 5655 705 5707 τὸ
735 5656 876 5723 μέγα
899 5656 990 5708 καὶ
1015 5655 1206 5711 ἄδυτον
1224 5652 1374 5724 φῶς,
1403 5659 1432 5709 6
1461 5658 1613 5728 ἥλιος
1637 5664 1735 5728 τῆς
1757 5661 1962 5715 δικαιο-

387 5742 590 5807 σύνηςο
635 5741 754 5795 οὐδὲ
817 5744 848 5814 ή
897 5745 1058 5815 χάρις
1127 5747 1257 5816 ἡμῖν
1314 5746 1564 5820 ἐπεφάνη
1609 5750 1702 5802 τοῦ
1735 5752 1952 5825 ﬂeo-3i;

2070 5031 2098 5070 a
2131 5019 2415 5086 prapltetis
2449 5029 2503 5074 et
2534 5036 2563 5075 a
2599 5022 2713 5092 lege
2743 5037 2989 5095 accepta,
3024 5045 3129 5085 non
3160 5046 3372 5102 poterat
3403 5054 3503 5094 nos
3526 5056 3640 5093 om-

2065 5110 2197 5164 nino
2239 5112 2566 5178 illuminare,
2602 5120 2839 5171 nondum
2877 5122 3020 5174 enim
3058 5129 3216 5180 nobis
3264 5129 3518 5186 illuxerat
3547 5135 3636 5189 lux

2065 5216 2256 5270 magna
2316 5212 2371 5257 ct
2440 5205 2836 5263 illaCCBSslblliS
2877 5215 2958 5265 sol
3006 5212 3255 5284 juSIitiae,
3310 5236 3409 5276 nec
3460 5225 3638 5281 adlmc

2064 5293 2413 5348 manifestata
2459 5298 2617 5351 nobis
2649 5298 2827 5354 fuerat
2871 5305 3130 5359 salutaris
3167 5308 3257 5362 Dei
3309 5316 3503 5381 gratia,
3539 5321 3634 5372 sed

2063 5385 2242 5436 tenuis
2270 5395 2388 5438 erat
2431 5395 2485 5439 et
2521 5385 2841 5455 caliginosa,
2890 5400 3146 5460 tanquam
3184 5402 3412 5464 exiguus
3449 5403 3633 5458 radms

2061 5475 2115 5529 in
2148 5491 2368 5531 carcere
2416 5492 2448 5531 a
2501 5479 2767 5534 foramine
2810 5497 2906 5550 per
2952 5487 3378 5543 membranulam
3407 5494 3636 5550 descen-

2059 5567 2216 5636 dens,
2263 5585 2426 5640 quam
2459 5573 2699 5628 ostendit
2734 5574 2946 5629 sullitus
2980 5578 3124 5632 circa
3163 5585 3478 5640 nartliecem
3513 5601 3633 5644 tan-

2069 5672 2182 5717 tum
2225 5665 2424 5731 factus,
2455 5666 2624 5736 legale
2657 5678 2710 5723 et
2745 5670 3092 5726 tenebrosum
3125 5673 3440 5746 significans
3471 5664 3640 5739 mini-

2064 5756 2318 5823 stet-ium,
2349 5758 2497 5831 quod
2527 5770 2655 5818 tunc
2689 5760 2785 5818 uni
2819 5774 3030 5821 tantum
3070 5770 3282 5840 solique
3324 5771 3632 5830 Judmorunt
