4068 6280
449 311 561 372 643

1265 303 1644 366 SYMEONIS
1679 297 2435 364 THESSALONICENSIS
2472 293 2825 360 ARCHIEP.

3585 285 3696 357 οιι

441 421 627 493 generi
653 420 950 477 admodum
977 419 1191 475 modico
1222 434 1332 488 pra:
1360 419 1613 474 omnibus
1632 419 1742 472 fere
1759 416 2010 485 gentibus

2119 414 2411 482 σωτήριος,
2448 411 2564 464 ἀλλ’
2591 408 2811 480 ἀμυδρὰ
2852 407 2947 459 καὶ
2991 404 3226 473 σκιώδης
3258 397 3374 458 οἷον
3402 404 3462 458 ἐν
3495 407 3692 476 είρκτῇ

440 519 629 571 datum
666 527 769 571 est.
818 515 986 567 Porro
1037 511 1184 567 circa
1222 527 1408 566 muros
1455 520 1511 566 et
1563 509 1913 563 fitndamenta
1951 505 2011 559 lit

442 611 512 665 ab
575 609 726 663 initio
775 605 1004 668 stillitus,
1063 605 1322 673 quoniam
1374 617 1536 670 super
1587 599 2009 655 fundamentum

441 703 814 769 apostolorum
844 708 896 750 et
918 697 1306 765 prophetarum
1353 694 1580 748 [nudata
1630 703 1710 746 est
1745 689 2008 754 Ecciesia,

441 803 496 846 cl
525 793 616 844 lex
656 791 872 858 quidem
904 789 1132 854 incepit,
1156 787 1357 839 veritas
1397 797 1576 839 autem
1609 783 1847 852 perfecta
1906 790 2008 846 est,

439 891 494 934 i-t
531 883 656 946 quia
708 881 853 933 sicut
905 878 1311 933 tabernaculum
1375 879 1426 929 in
1481 874 1689 945 Spiritu
1737 881 1929 928 sancto
1981 886 2010 924 a

442 972 624 1040 Moyse
663 979 716 1023 et
769 969 1010 1022 Beseleel
1057 967 1161 1020 fuit
1213 968 1564 1028 aediﬁcatum,
1606 975 1811 1034 quanto
1843 963 2012 1032 magis

440 1063 624 1114 divina
660 1061 831 1129 gratia
867 1061 1126 1128 templum
1184 1061 1389 1113 Christi
1439 1059 1763 1112 teditlatum
1799 1057 1902 1110 l'uit
1957 1062 2012 1108 et

441 1155 748 1216 fundatum,
772 1153 912 1222 quod
940 1153 1348 1208 sanctissimum
1372 1149 1632 1220 exprimit
1660 1163 1860 1217 corpus
1890 1149 2010 1216 ejus

442 1247 494 1298 in
538 1246 753 1313 Virgine
782 1259 847 1298 ex
897 1243 1188 1311 purissimo
1227 1243 1522 1310 divinoque
1577 1242 1695 1310 ejus
1744 1240 2011 1307 sanguine

439 1336 758 1389 coalescens
809 1335 1008 1388 virtute
1064 1333 1304 1401 Spiritus
1389 1326 1620 1387 sancti.'
1669 1330 2012 1398 Quapropter

439 1427 570 1479 dum
597 1428 874 1481 adstantes
909 1439 936 1476 a
970 1425 1140 1477 muris
1167 1422 1352 1490 templi
1379 1421 1658 1484 recedunt,
1691 1421 2013 1474 incensante

441 1515 793 1569 fundamenta
823 1513 1125 1578 sacerdme,
1168 1519 1222 1565 et
1259 1511 1454 1564 iterum
1507 1509 1791 1571 accedunt,
1828 1510 2013 1561 Domi-

351 1589 356 1648 ἒ
441 1621 571 1660 num
631 1605 938 1658 ostenditur
992 1604 1169 1667 primo
1221 1607 1544 1669 conceptum
1599 1600 1653 1652 in
1693 1598 1913 1668 Virgine
1955 1607 2009 1654 et

440 1701 804 1762 incarnatum,
839 1695 1112 1765 posterius
1145 1708 1274 1748 vero
1304 1709 1402 1748 nos
1426 1694 1583 1762 longe
1613 1692 1681 1745 ab
1703 1706 1768 1745 eo
1798 1691 2007 1745 distan-

2114 507 2171 570 ἐξ
2205 505 2345 573 ὀπῆς
2393 499 2460 554 δι’
2503 500 2704 566 ὑμένος
2739 499 2884 568 αὐγὴ
2933 496 3185 566 βραχεῖα,
3213 497 3283 566 ἢν
3317 495 3472 564 δηλοί
3494 497 3554 550 τὸ
3599 496 3698 550 θυ-

2117 597 2297 665 μίαμα
2331 595 2457 662 περῖ
2487 593 2581 646 τὸν
2626 593 2878 660 νάρθηκα
2919 591 3078 658 μόνον
3133 587 3446 657 γινόμενον,
3479 589 3578 657 τὴν
3607 604 3696 641 νο-

2116 688 2284 756 μικὴν
2321 687 2414 738 καὶ
2470 685 2675 754 σκιώδη
2707 683 2904 752 δηλοῦν
2950 681 3230 752 λατρείαν,
3253 682 3374 751 ἥτις
3399 683 3496 734 καὶ
3528 683 3609 744 εἰς
3635 680 3696 734 ἓν

2113 779 2231 830 τότε
2263 778 2477 830 δέδοται
2507 777 2664 843 γένος
2707 775 2805 828 καί⁹
2854 774 3016 843 μόνον
3043 773 3155 828 τῶν
3198 774 3362 844 250
3396 773 3691 840 Ἰουδαίων,

2114 871 2208 920 καὶ
2235 869 2370 920 αὐτὸ
2408 871 2606 935 μικρὸν
2630 867 2820 920 τελοῦν
2848 867 3002 937 παρὰ
3025 868 3202 922 πάντα
3230 867 3420 938 σχεδὸν
3448 867 3516 920 τά
3538 867 3692 937 ἔθνη.

2115 959 2248 1028 Περὶ
2293 960 2420 1020 τοὺς
2450 959 2659 1026 τοίχους
2701 959 2759 1012 δὲ
2811 959 2904 1010 καὶ
2938 958 3063 1020 τοὺς
3093 956 3472 1028 θεμελίους-ἐξ
3508 956 3688 1027 ἀρχῆς

2113 1049 2172 1100 τὸ
2213 1049 2482 1118 θυμίαμα,
2507 1050 2590 1102 ὅτι
2629 1049 2723 1102 ἐπὶ
2758 1048 2838 1117 τῷ
2897 1049 3137 1118 θεμελίῳ
3191 1049 3303 1102 τῶν
3371 1050 3695 1103 ἀποστόλων

2115 1145 2206 1194 καὶ
2240 1143 2535 1211 προφητῶν
2565 1141 2914 1212 ᾠκοδόμηται
2940 1145 2971 1212 ὴ
3011 1143 3328 1213 Ἐκκλησία.
3356 1143 3464 1196 Καὶ
3486 1143 3693 1212 ἤρξατο

2119 1235 2217 1303 μὲν
2243 1237 2270 1286 ό
2299 1235 2464 1302 νόμος
2491 1249 2505 1263 °
2531 1233 2782 1286 τετέλεκε
2811 1233 2866 1286 δέ
2911 1237 2943 1304 ἡ
2976 1235 3207 1304 ἀλήθεια
3226 1251 3243 1268 ο
3272 1235 3365 1290 καὶ
3389 1236 3474 1288 ὅτι
3499 1234 3690 1305 ὥσπερ

2111 1329 2145 1396 ἡ
2182 1328 2358 1397 σκηνὴ
2392 1328 2675 1396 Πνεὺματι
2701 1327 2843 1396 ἁγίῳ
2873 1328 2977 1381 ὑπὸ
3000 1328 3279 1391 Μωῦσέως
3301 1328 3398 1381 καὶ
3423 1327 3689 1398 Βεσελεὴλ

2113 1418 2393 1487 ἐτελέσθη,
2436 1418 2617 1488 πολλῷ
2653 1418 2855 1486 μᾶλλον
2899 1418 3087 1488 χάριτι
3115 1417 3240 1488 θείᾳ
3269 1419 3298 1471 6
3325 1419 3419 1474 τοῦ
3449 1418 3688 1487 Χριστοῦ

2113 1508 2239 1570 ναὸς
2285 1507 2598 1560 τετέλεσται
2648 1508 2743 1559 καὶ
2791 1506 3206 1576 τεθεμελίωται,
3237 1507 3298 1570 ὃς
3328 1508 3388 1561 τὸ
3419 1509 3691 1574 πανάγιον

2112 1596 2279 1651 αὑτοῦ
2329 1599 2494 1650 τυποῖ
2527 1597 2710 1663 σῶμα,
2750 1597 2956 1650 συστὰν
2995 1598 3050 1650 ἐν
3081 1601 3146 1667 τῇ
3184 1595 3448 1666 Παρθένῳ
3483 1599 3549 1652 ἐκ
3579 1599 3690 1650 τῶν

2113 1689 2298 1756 ἁγνῶν
2330 1691 2424 1743 καὶ
2455 1691 2617 1744 θείων
2654 1690 2904 1759 αἱμάτων
2942 1691 3112 1760 αὐτῆς
3160 1691 3482 1762 Πνεύματος
3523 1690 3688 1758 ἁγίου

436 1799 519 1844 tes
550 1789 627 1842 illi
674 1790 838 1841 fuisse
873 1786 1168 1847 adunatos,
1199 1794 1254 1837 et
1298 1799 1364 1838 ex
1401 1797 1467 1836 eo
1509 1782 1900 1845 sanctiticatos,
1954 1791 2009 1836 et

2109 1776 2359 1847 δυνάμει.
2389 1778 2481 1832 Διὸ
2509 1779 2604 1831 καὶ
2632 1779 2693 1831 τὸ
2713 1779 3047 1847 ἀφίστασθαι
3073 1780 3184 1833 τῶν
3208 1779 3304 1834 τοῦ
3333 1779 3462 1835 ναοῦ
3487 1780 3688 1850 τοίχων

437 1885 664 1951 insuper
694 1881 872 1949 primo
906 1878 1168 1946 templum
1198 1874 1556 1939 sanctiﬁcari,
1587 1883 1642 1928 et
1670 1873 1867 1929 deinde
1909 1887 2011 1928 nos

438 1991 536 2042 per
569 1973 724 2035 illud,
762 1979 922 2040 prout
978 1969 1033 2022 in
1084 1965 1437 2022 tabernaculo
1474 1965 1676 2020 factum
1727 1973 1812 2036 est
1849 1973 2012 2033 atque

434 2064 491 2116 in
526 2074 706 2116 vetere
735 2062 940 2130 templo
977 2075 1098 2128 quae
1132 2055 1423 2111 Dominum
1461 2055 1792 2123 ﬁgurabant.
1845 2052 2013 2108 Dein-

434 2169 566 2222 ceps
624 2152 886 2218 templum
959 2147 1266 2217 ingreditur
1327 2147 1583 2200 sacerdos
1649 2143 2006 2207 iueensaudo,

437 2247 606 2298 Deum
640 2245 693 2296 in
714 2234 814 2295 hoc
843 2243 1140 2304 honoraris,
1179 2239 1438 2306 illumque
1469 2235 1754 2304 antiquum
1787 2236 2007 2289 lmitaus

433 2335 675 2388 Sllmlunl
710 2333 802 2400 qui
827 2333 880 2384 in
904 2329 1103 2384 Sancta
1139 2336 1456 2382 sanctorqu
1491 2327 1668 2390 ﬁebat,
1695 2325 1788 2379 sed
1823 2339 2008 2380 sacer-

435 2427 562 2479 dote
589 2423 747 2493 legaii
779 2424 933 2491 longe
961 2419 1357 2476 bonorabilior.
1381 2426 1566 2485 utpote
1595 2415 1776 2486 magni
1807 2416 2007 2472 solius-

433 2533 543 2586 que
568 2513 848 2570 Pontiﬁcis
873 2512 1044 2580 gratia
1079 2509 1288 2563 ditatus
1325 2509 1472 2562 illius
1501 2508 1592 2576 qui
1621 2508 1889 2562 sacerdos
1919 2516 2006 2562 est

432 2604 739 2657 secundum
771 2602 1015 2655 ordinem
1058 2597 1481 2655 Melchisedech.
1521 2595 1626 2652 Sed
1651 2608 1710 2653 et
1732 2597 1871 2652 sicut
1909 2611 2006 2651 an-

433 2695 587 2766 gelus
621 2693 715 2746 Dei
753 2690 1166 2759 omnipotentis,
1203 2688 1346 2743 sicut
1386 2689 1655 2756 scriptum
1688 2697 1794 2752 est,
1820 2703 2005 2743 sacer-

429 2789 532 2842 dos
565 2800 661 2854 per
730 2783 1011 2838 incensum
1069 2781 1238 2834 Deum
1309 2779 1488 2846 placat
1541 2780 1999 2847 quemadmodum

431 2878 667 2948 populus
697 2892 794 2946 per
825 2876 1081 2944 psalmos,
1113 2875 1205 2944 qui
1240 2874 1348 2928 Deo
1371 2877 1576 2944 gratias
1625 2883 1794 2945 agunt
1844 2891 2000 2930 eum-

430 2985 538 3038 que
596 2968 886 3037 prottitium
920 2964 1184 3033 efﬁciunt,
1211 2970 1563 3023 obsecrantes
1615 2968 1778 3022 etiam
1835 2978 1894 3021 ut
1931 2969 1998 3020 ad

432 3075 534 3113 nos
564 3060 744 3111 veniat
795 3067 849 3110 et
901 3057 1296 3123 manifestetur,
1356 3076 1420 3114 ac
1471 3060 1644 3129 ipsius
1696 3059 1997 3115 Salvatoris

431 3149 606 3203 nostri
645 3147 1114 3203 conversationem
1165 3148 1644 3219 prmsigniﬁcantes
1673 3155 1726 3201 et
1769 3162 1998 3217 praeser-

430 3242 526 3294 tim
553 3241 954 3294 ituniaculatatu
980 3239 1122 3293 illius
1138 3240 1302 3294 vitam
1327 3241 1826 3308 agentl'rratiouem,
1851 3239 1992 3306 quod

430 3343 576 3388 ret-te
597 3334 930 3386 demonstrat
958 3333 1198 3400 psalmus
1225 3342 1352 3384 tunc
1375 3340 1627 3385 cantatus
1651 3349 1662 3382 :
1693 3349 1710 3379 ι
1727 3329 1871 3384 iteati
1897 3331 2000 3382 im-

429 3425 705 3486 ruaculati,
745 3443 762 3474 ι
803 3432 855 3475 et
887 3423 1109 3489 insuper
1137 3431 1456 3475 sanctorum
1489 3422 1607 3489 ejus
1635 3422 1820 3482 vitam,
1868 3436 1999 3474 nec-

429 3531 539 3568 non
568 3513 866 3567 Salvatoris
898 3515 1210 3580 passionem
1251 3519 1307 3566 et
1344 3513 1823 3565 resurrectionem.
1873 3511 1999 3565 Ideo

429 3611 531 3662 iste
565 3605 806 3674 psalmus
858 3603 1129 3674 przrcipne
1157 3604 1210 3657 in
1250 3603 1545 3658 Dominicis
1603 3604 1852 3672 psallitur
1892 3619 1995 3657 sa!-

429 3700 662 3766 piusque
693 3699 744 3748 iu
774 3706 1086 3749 sanctorum
1121 3695 1763 3759 conuuemorationibus,
1789 3695 1997 3764 primus

425 3806 644 3860 quoque
663 3804 787 3843 cum
822 3788 1062 3842 secundo
1082 3796 1134 3840 et
1166 3788 1361 3843 tertio:
1390 3787 1619 3843 «Beatus
1650 3791 1734 3842 vir
1762 3805 1812 3846 ξι
1844 3788 1997 3842 solus

427 3883 573 3936 enim
607 3891 691 3934 est
740 3880 989 3934 Salvator
1026 3880 1216 3933 beatus
1269 3882 1370 3942 vir,
1396 3889 1451 3934 et
1506 3880 1891 3934 immaculatus
1943 3881 1994 3932 in

431 3975 516 4027 via
549 3989 566 4040 ;
596 3973 716 4040 ejus
736 3982 914 4026 autem
948 3986 1043 4040 per
1067 3971 1318 4038 gratiam,
1349 3970 1593 4039 ejusdem
1631 3972 1832 4026 sancti.
1883 3971 1993 4038 igi-

427 4077 520 4119 tur
576 4064 852 4133 ingressus
886 4062 1146 4118 sacerdos
1179 4062 1322 4117 intus
1356 4077 1480 4115 cum
1535 4063 1814 4117 thuribnlo
1846 4064 1996 4117 velut

429 4153 484 4204 in
525 4150 725 4205 Sancta
756 4159 1102 4213 sanctorum,
1142 4165 1238 4204 seu
1265 4149 1446 4218 potius
1477 4149 1532 4202 in
1566 4149 1683 4204 loca
1715 4149 1824 4205 illis
1851 4151 1995 4204 mul-

427 4251 484 4294 to
517 4241 785 4310 digniora,
818 4239 868 4290 in
897 4239 997 4292 hoc
1026 4246 1258 4292 testatus
1281 4249 1333 4292 et
1354 4239 1598 4292 imitatus
1619 4237 1993 4294 summentum

426 4332 708 4388 Zachariae
742 4332 833 4400 qui
867 4330 1019 4384 solus
1057 4330 1109 4382 iu
1145 4329 1322 4399 adytis
1359 4330 1653 4385 incensans
1691 4347 1993 4401 prteconem

2114 1869 2243 1930 τοὺς
2301 1868 2625 1937 ἱσταμένους
2657 1870 2965 1938 θυμιῶντας
3015 1870 3112 1924 τοῦ
3142 1871 3334 1943 ίερέως
3363 1873 3489 1936 τοὺς
3521 1872 3689 1941 θεμε-

2115 1959 2285 2026 λίους,
2339 1962 2435 2014 καὶ
2467 1963 2629 2016 πάλιν
2662 1963 2938 2030 ίστασθαι,
2970 1963 3032 2016 τὺ
3061 1963 3278 2034 πρῶτον
3306 1963 3684 2036 συλληφθῆναι

2113 2057 2208 2110 τὸν
2252 2058 2458 2127 Κύριον
2488 2057 2547 2110 ἐν
2576 2059 2643 2128 τῇ
2705 2057 2968 2128 Παρθένῳ
3004 2058 3102 2112 καὶ
3134 2058 3561 2130 ἐνανθρωπῆσαι
3587 2060 3685 2130 δη·

2115 2148 2218 2208 λοί,
2253 2146 2482 2217 ὕστερον
2510 2147 2570 2200 δέ
2600 2149 2745 2218 ἡμᾶς
2787 2150 3006 2218 μακρὰν
3033 2149 3194 2211 όντας
3217 2149 3368 2218 αὑτῷ
3393 2149 3682 2219 ἐνωθῆναι.

2111 2241 2206 2293 καὶ
2229 2238 2288 2302 ἐξ
2314 2237 2480 2292 αὐτοῦ
2510 2239 2864 2308 ἀγιασθῆναι.
2891 2227 3026 2292 ἀλλὰ
3061 2241 3158 2294 καὶ
3192 2241 3251 2293 τὸ
3274 2240 3491 2312 πρῶτον
3523 2241 3686 2306 ἁγιά-

2112 2332 2302 2396 ζεσθαι
2329 2331 2423 2383 τὸν
2454 2331 2604 2396 ναὸν,
2638 2327 2756 2384 εἶτα
2790 2333 2939 2401 ἡμᾶς
2967 2332 3038 2385 δι’
3065 2331 3253 2399 αὐτοῦ,
3275 2332 3352 2397 ὡς
3385 2337 3481 2386 καὶ
3523 2336 3583 2387 ἐν
3611 2338 3684 2406 τῇ

2113 2426 2287 2491 σκηνῇ
2339 2423 2557 2492 γέγονε,
2605 2423 2700 2476 καὶ
2754 2423 2832 2492 τῷ
2880 2424 3050 2478 πάλαι
3096 2424 3230 2493 ναῷ,
3263 2426 3297 2478 ἃ
3326 2426 3560 2479 ἐτύπουν
3589 2428 3684 2480 τδν

2109 2512 2340 2582 Κύριον.
2378 2508 2513 2566 Εἶτα
2545 2511 2640 2565 τὸν
2665 2513 2787 2566 ναὸν
2831 2513 3143 2584 είσέρχεται
3171 2516 3200 2568 6
3226 2516 3408 2587 ίερεὺς
3443 2517 3680 2586 θυμιῶν.

2105 2602 2284 2669 τιμῶν
2314 2605 2372 2654 ἐν
2402 2601 2581 2672 τούτῳ
2614 2602 2707 2655 τὸν
2755 2602 2910 2665 Θεὸν,
2954 2604 3049 2658 καὶ
3095 2603 3157 2656 τὸ
3203 2604 3371 2659 πάλαι
3424 2604 3682 2676 θυμίαμα

2107 2694 2512 2762 ἐκμιμούμενος
2545 2694 2604 2746 τὸ
2631 2696 2712 2756 είς
2740 2695 2811 2747 τὰ
2846 2695 3018 2763 Ἅγια
3057 2695 3169 2750 τῶν
3207 2697 3402 2764 ἁγίων,
3423 2698 3684 2769 τιμιώτε-

2107 2803 2200 2854 ρος
2223 2785 2298 2838 ὢν
2319 2787 2528 2839 ἐκείνου
2561 2786 2655 2840 τοῦ
2707 2787 2920 2856 ίερέως,
2949 2787 3025 2850 ὡς
3057 2789 3154 2855 τὴν
3184 2791 3347 2861 χάριν
3373 2791 3471 2846 τοῦ
3499 2793 3681 2862 μεγά-

2102 2877 2200 2931 λου
2251 2878 2348 2932 καὶ
2397 2880 2561 2947 μόνου
2600 2878 2900 2948 ἀρχιερέως
2954 2880 3226 2944 πλουτῶν,
3257 2881 3352 2934 τοῦ
3385 2884 3530 2937 κατὰ
3579 2884 3675 2937 τὸν

2102 2971 2272 3024 τύπον
2301 2971 2660 3042 Μελχισεδέκ.
2691 2972 2855 3025 Ἀλλὰ
2887 2974 2979 3025 καὶ
3001 2973 3078 3037 ὡς
3104 2973 3338 3041 ἄγγελος
3367 2974 3503 3028 Θεοῦ
3539 2993 3682 3028 παν-

2103 3065 2429 3134 τοκράτορος
2450 3065 2481 3118 6
2509 3067 2709 3135 ἱερεὺς,
2736 3065 2878 3118 καθὰ
2891 3066 3224 3135 γέγραπται,
3250 3065 3338 3119 διὰ
3361 3065 3456 3119 τοῦ
3481 3066 3682 3135 θυμιά-

2110 3173 2280 3224 ματος
2301 3159 2393 3208 τὸν
2433 3156 2568 3209 Θεὸν
2598 3155 2976 3227 ἱλασκόμενος,
3015 3156 3206 3227 ὥσπερ
3237 3157 3332 3211 καὶ
3360 3159 3387 3212 6
3423 3157 3554 3221 λαὸς
3585 3157 3678 3210 διὰ

2106 3247 2216 3298 τῶν
2263 3245 2518 3315 ψαλμῶν,
2571 3246 2776 3309 οἵτινες
2821 3247 2916 3300 καὶ
2951 3248 3365 3318 εὐχαριστήριοι
3405 3249 3500 3301 καὶ
3557 3247 3679 3300 ίλαο

2105 3337 2319 3408 στήριοί
2369 3342 2477 3391 εἱσι
2537 3339 2676 3408 πρὸς
2730 3341 3011 3406 Θεὸν,καὶ
3063 3340 3200 3411 πρὸς
3233 3340 3296 3392 τὺ
3324 3339 3500 3394 ἐλθεῖν
3539 3340 3679 3410 πρὸς

2101 3431 2251 3502 ἡμᾶς
2297 3433 2392 3484 καὶ
2445 3431 2850 3501 ἐμφανισθῆναι
2912 3431 3384 3501 παρακαλοῦντες,
3429 3431 3525 3484 καὶ
3574 3431 3677 3500 τὴν

2101 3523 2377 3576 πολιτείαν
2403 3523 2566 3576 αὐτοῦ
2600 3523 2696 3576 τοῦ
2725 3521 2979 3592 Σωτῆρος
3003 3523 3160 3592 ἡμῶν
3185 3516 3675 3602 προεμφαίνοντες,

2100 3608 2193 3659 καὶ
2227 3607 2463 3676 μάλιστα
2495 3607 2593 3678 τὴν
2641 3604 2879 3677 ἄμωμον
2919 3608 3088 3661 αὐτοῦ
3124 3609 3272 3678 ζωήν
3295 3625 3355 3662 τε
3397 3609 3492 3661 καὶ
3517 3609 3676 3662 πολι-

2098 3699 2249 3750 τείαν
2279 3714 2292 3727 ·
2327 3699 2464 3768 ὅπερ
2510 3699 2696 3767 σαφῶς
2735 3701 2829 3752 καὶ
2859 3701 2888 3752 6
2910 3699 3201 3769 λεγόμενος
3241 3701 3504 3769 Ἀμωμος
3535 3701 3678 3755 ἐκδι-

2097 3790 2287 3844 δάσκει
2308 3807 2324 3824 ο
2357 3799 2451 3844 καὶ
2486 3792 2568 3844 ἐτι
2593 3795 2693 3861 τὴν
2721 3795 2834 3844 τῶν
2882 3791 3055 3861 ἁγίων
3083 3791 3249 3845 αὐτοῦ
3289 3791 3473 3864 βιοτήν
3499 3809 3514 3824 ο
3539 3795 3676 3848 ἀλλὰ

2099 3883 2284 3936 καὶτὰ
2329 3882 2478 3952 πάθη
2522 3882 2619 3937 τοῦ
2667 3884 2921 3954 Σωτῆρος
2951 3885 3048 3939 καὶ
3099 3887 3200 3955 τὴν
3238 3884 3552 3942 ἀνάστασιν.
3581 3885 3675 3937 Διὸ

2099 3974 2194 4024 καὶ
2219 3967 2372 4036 οὗτος
2404 3974 2698 4040 ἐξαιρέτως
2723 3976 2781 4029 ἐν
2813 3993 2873 4029 τε
2911 3978 3225 4047 Κυριακαῐς
3270 3976 3557 4046 ψάλλεται,
3576 3977 3674 4030 καὶ

2095 4065 2154 4118 ἐν
2192 4067 2314 4128 ταῖς
2344 4066 2456 4119 τῶν
2487 4068 2660 4134 ἁγίων
2688 4069 2930 4138 μνήμαις
2957 4069 3242 4133 πολλάκις.
3268 4071 3379 4124 Καὶ
3407 4072 3435 4123 6
3461 4069 3674 4137 πρῶτος

2094 4155 2153 4209 δέ
2189 4155 2405 4227 ψαλμὺς
2443 4159 2540 4212 σὺν
2577 4158 2656 4228 τῷ
2708 4160 2950 4232 δευτέρῳ
2976 4163 3072 4214 καὶ
3117 4165 3307 4232 τρίτῳ,
3332 4161 3394 4214 τὸ
3430 4181 3450 4214 ι
3479 4162 3674 4216 Μακά-

2097 4264 2214 4318 ριος
2269 4249 2408 4319 ἀνήρ
2438 4265 2454 4280 ο
2500 4268 2518 4302 ι
2563 4253 2839 4322 μακάριος
2885 4252 2998 4321 γὰρ
3036 4250 3177 4322 ἀνὴρ
3213 4253 3310 4305 καὶ
3343 4253 3573 4324 ἄμωμος
3611 4256 3671 4306 ἐν

2095 4339 2201 4409 ὁδῷ
2232 4341 2391 4409 μόνος
2417 4344 2447 4395 6
2488 4343 2866 4426 Σωτήρ¹ἐστέο
2905 4345 3049 4399 κατὰ
3083 4347 3244 4416 χάριν
3273 4346 3332 4400 δὲ
3356 4345 3551 4399 τούτου
3576 4347 3671 4400 καὶ
3749 4407 3766 4421 ⁸

427 4428 617 4493 gratia:
653 4425 706 4477 iu
740 4425 937 4476 donum
964 4422 1158 4475 habuit
1185 4421 1450 4476 Joannem
1503 4425 1596 4490 qui
1649 4433 1702 4476 et
1737 4425 1996 4490 praedicti-

2106 4433 2148 4483 οί
2179 4430 2326 4498 ἆγιοι
2358 4433 2545 4487 αὑτοῦ.
2588 4421 2860 4487 Εἱσελθὰῖν
2887 4431 2980 4488 οὖν
3007 4439 3034 4490 6
3067 4438 3244 4506 ἱερεὺς
3277 4437 3428 4490 ἔνδον
3454 4437 3532 4506 τῷ
3573 4437 3672 4489 θυ-

424 4519 572 4571 tione
595 4526 651 4571 et
675 4516 963 4584 baptismo,
997 4523 1052 4567 et
1103 4514 1212 4567 vita
1270 4523 1324 4566 et
1379 4516 1628 4580 passione
1684 4530 1994 4583 praacnrsor

425 4609 530 4662 fuit
585 4607 882 4660 Salvatoris
944 4607 1114 4658 nostri
1145 4611 1196 4656 et
1253 4602 1370 4668 Dei,
1407 4618 1625 4656 crucem
1665 4606 1886 4673 accipit,
1940 4613 1996 4658 et

423 4697 629 4765 absque
693 4694 960 4763 lampade.
1013 4694 1109 4748 sed
1154 4693 1208 4746 in
1263 4691 1485 4747 silentio
1517 4693 1813 4761 egreditur,
1864 4695 1991 4765 quia

420 4785 582 4842 Jesus
638 4787 776 4840 Deus
829 4794 1036 4847 noster,
1093 4785 1330 4852 impletis
1400 4783 1688 4853 legalibus,
1743 4786 1994 4855 illiusque

423 4892 589 4931 cruce
647 4877 932 4942 prtedicata
984 4890 1079 4943 per
1112 4875 1436 4928 documenta
1469 4883 1522 4928 et
1575 4876 1992 4944 praedicationes

425 4966 834 5037 prophetarum,
862 4966 977 5032 ipse
999 4979 1123 5016 cum
1159 4963 1462 5017 Immilitatc
1519 4973 1572 5018 ct
1606 4966 1724 5020 sine
1754 4975 1995 5020 ostenta-

423 5058 573 5112 tione
601 5057 668 5109 ad
726 5068 826 5107 nos
877 5055 1044 5117 venit,
1082 5053 1359 5123 vitamque
1405 5055 1643 5127 ostendit
1679 5057 1988 5111 crucitixam

421 5156 478 5200 et
523 5155 710 5201 sancte
755 5152 1134 5198 conversatus.
1163 5154 1270 5206 est,
1331 5146 1600 5215 ismmque
1653 5161 1777 5199 cum
1831 5163 1994 5202 cruce

424 5240 588 5293 vitam
629 5237 1070 5306 appropinquare
1103 5238 1431 5290 monstravit
1460 5239 1524 5290 ad
1565 5238 1841 5311 caelestem
1869 5254 1994 5306 por-

423 5340 532 5383 tam
569 5342 622 5382 et
657 5335 723 5382 ad
773 5328 1070 5397 angelicam
1119 5330 1614 5381 conversationem.
1646 5327 1994 5398 Quapropter

424 5424 660 5490 impletis
707 5422 962 5474 omnibus
1002 5438 1030 5474 a
1079 5423 1362 5490 prophetis
1397 5421 1732 5489 praedicatis,
1769 5421 1991 5475 crucili-

423 5533 526 5570 xus
554 5528 656 5580 est,
691 5520 901 5570 'necuou
925 5525 1197 5580 mortuus,
1231 5514 1529 5578 redivivus,
1561 5514 1710 5568 misit
1740 5514 1831 5583 qui
1858 5530 1992 5582 prm-

423 5612 666 5662 diearent
697 5619 749 5663 et
806 5610 1144 5678 baptizarcnt
1191 5609 1243 5661 in
1279 5607 1498 5661 nomine
1552 5607 1726 5660 Patris
1775 5619 1828 5660 et
1868 5604 1987 5659 Filii

420 5709 473 5754 et
507 5698 743 5768 Spiritus
802 5703 993 5754 sancti.
1038 5699 1096 5754 Et
1159 5704 1422 5769 quoniam
1483 5699 1776 5754 crucifixus
1829 5700 1985 5776 nobis

2106 4517 2342 4584 μιάματι
2375 4518 2449 4581 ὡς
2483 4519 2564 4581 είς
2611 4521 2678 4573 τὰ
2709 4521 2877 4587 ’Δγια
2915 4521 3025 4574 τῶν
3063 4523 3256 4588 ἁγίων,
3285 4523 3488 4591 μᾶλλον
3516 4522 3572 4575 δέ
3601 4523 3672 4578 τὰ

2101 4607 2305 4661 τούτων
2337 4609 2618 4673 ἐπέκεινα,
2645 4610 2747 4661 κάν
2778 4611 2953 4680 τούτῳ
3004 4616 3296 4682 μαρτυρῶν
3327 4612 3388 4666 τὸ
3415 4614 3670 4684 θυμίαμα

2103 4699 2372 4770 Ζαχαρίου
2421 4701 2516 4754 καὶ
2559 4701 2986 4771 ἐκμιμούμενος,
3023 4703 3083 4765 ὃς
3113 4702 3324 4774 θυμιῶν
3363 4708 3419 4758 ἐν
3457 4704 3670 4769 ἀδύτοις

2106 4791 2288 4860 μόνος,
2311 4791 2402 4843 τὸν
2432 4793 2648 4862 κήρυκα
2681 4793 2780 4860 τῆς
2824 4794 3047 4862 χάριτος
3075 4795 3248 4866 δῶρον
3289 4796 3413 4866 ἔσχε
3439 4797 3532 4850 τὸν
3555 4799 3673 4852 Ἰωσ-

2101 4881 2286 4953 ἀννην,
2320 4882 2379 4946 ὃς
2411 4885 2726 4952 Πρόδρομος
2760 4879 2828 4954 ἦν
2861 4885 2938 4953 τῷ
2968 4886 3288 4956 κηρύγματι
3330 4888 3426 4941 καὶ
3469 4889 3668 4958 βαπτί-

2103 4987 2267 5040 σματι
2299 4974 2393 5024 καὶ
2417 4975 2484 5043 τῇ
2517 4973 2629 5044 ζωῇ
2654 4977 2749 5026 καὶ
2779 4973 2857 5044 τῷ
2884 4976 3066 5040 πάθει,
3090 4976 3185 5030 τοῦ
3219 4978 3470 5050 Σωτῆρος
3513 4983 3670 5052 ἡμῶν

2102 5061 2199 5113 καὶ
2232 5061 2388 5123 Θεοῦ,
2416 5063 2507 5114 τὸν
2535 5065 2769 5131 σταυρὸν
2806 5064 3094 5132 λαμὸάνει.
3127 5067 3234 5120 Καὶ
3266 5068 3328 5119 οὐ
3359 5070 3498 5136 μετὰ
3531 5072 3671 5139 λαμ-

2102 5153 2428 5221 προφορίας,
2454 5153 2569 5205 ἀλλ’
2619 5155 2677 5206 ὲν
2717 5159 2840 5225 σιγῇ
2873 5156 3154 5227 ἐξέρχεται
3175 5153 3305 5212 σ’ὅτι
3331 5159 3426 5212 καὶ
3462 5160 3669 5232 Ἰησοῦς

2100 5245 2127 5295 ὁ
2165 5242 2298 5304 Θεὸς
2351 5242 2512 5312 ἡμῶν
2557 5244 2667 5296 τῶν
2721 5246 2964 5314 νομικῶν
3019 5249 3386 5317 τελουμένων,
3433 5251 3528 5304 καὶ
3569 5252 3666 5306 τοῦ

2104 5337 2341 5406 σταυροῦ
2373 5337 2536 5389 αὑτοῦ
2583 5344 3104 5412 προκηρυττομένου
3141 5343 3230 5398 διὰ
3262 5345 3369 5398 τῶν
3405 5346 3669 5420 παθημά-

2099 5443 2208 5478 των
2250 5429 2344 5480 καὶ
2394 5431 2768 5496 κηρυγμάτων
2812 5432 2920 5483 τῶν
2970 5436 3285 5503 προφητῶν,
3327 5436 3488 5499 αὐτὸς
3527 5441 3670 5506 μετὰ

2099 5517 2482 5581 ταπεινώσεως
2517 5523 2612 5573 καὶ
2639 5523 2700 5574 οὺ
2737 5525 3041 5592 φαντασίας
3076 5527 3211 5596 πρὸς
3239 5529 3386 5597 ἡμᾶς
3406 5524 3668 5598 ἦλθε,καὶ

2099 5608 2348 5672 ὑπέδειξε
2377 5610 2476 5679 τὴν
2505 5612 2932 5682 ὲσταυρωμένην
2957 5615 3123 5686 ζωὴν,
3155 5620 3247 5671 καὶ
3280 5620 3451 5687 ἀγίως
3484 5621 3668 5674 ἐπολι-

2098 5700 2349 5767 τεύσατο,
2386 5703 2478 5754 καὶ
2535 5704 2862 5773 ἐγγίζουσαν
2917 5707 3083 5776 ἔδειξε
3117 5711 3182 5780 τῇ
3235 5710 3474 5788 οὐρανίῳ
3510 5711 3656 5786 πύλῃ
