  <div class='ocr_page' id='page_1' title='image "/cluster/home/n/w/nwhite01/storage/ocr_20150623/155/mdp.39015022213998/330.png"; bbox 0 0 4068 6280; ppageno 0'>
   <div class='ocr_carea' id='block_1_1' title="bbox 432 261 540 332">
    <p class='ocr_par' dir='ltr' id='par_1_1' title="bbox 432 261 540 332">
     <span class='ocr_line' id='line_1_1' title="bbox 432 261 540 332; baseline 0.028 -3"><span class='ocrx_word' id='word_1_1' title='bbox 432 261 540 332; x_wconf 72' lang='grc'><strong>645</strong></span> 
     </span>
    </p>
   </div>
   <div class='ocr_carea' id='block_1_2' title="bbox 431 472 2000 545">
    <p class='ocr_par' dir='ltr' id='par_1_2' title="bbox 431 472 2000 545">
     <span class='ocr_line' id='line_1_2' title="bbox 431 472 2000 545; baseline 0.003 -18"><span class='ocrx_word' id='word_1_2' title='bbox 431 472 599 544; x_wconf 79' lang='grc' dir='ltr'>ζωήν.</span> <span class='ocrx_word' id='word_1_3' title='bbox 646 476 738 528; x_wconf 76' lang='grc' dir='ltr'>Διὸ</span> <span class='ocrx_word' id='word_1_4' title='bbox 769 477 866 528; x_wconf 80' lang='grc' dir='ltr'>καὶ</span> <span class='ocrx_word' id='word_1_5' title='bbox 905 477 1046 545; x_wconf 86' lang='grc' dir='ltr'><strong>μετά</strong></span> <span class='ocrx_word' id='word_1_6' title='bbox 1083 478 1146 531; x_wconf 85' lang='grc' dir='ltr'>τὸ</span> <span class='ocrx_word' id='word_1_7' title='bbox 1199 477 1415 531; x_wconf 78' lang='grc' dir='ltr'><strong>τελέσαι</strong></span> <span class='ocrx_word' id='word_1_8' title='bbox 1461 480 1641 532; x_wconf 83' lang='grc' dir='ltr'>πάντα</span> <span class='ocrx_word' id='word_1_9' title='bbox 1671 481 1741 532; x_wconf 82' lang='grc' dir='ltr'>τὰ</span> <span class='ocrx_word' id='word_1_10' title='bbox 1771 481 1861 534; x_wconf 80' lang='grc' dir='ltr'>διὰ</span> <span class='ocrx_word' id='word_1_11' title='bbox 1892 481 2000 534; x_wconf 83' lang='grc' dir='ltr'><strong>τῶν</strong></span> 
     </span>
    </p>
   </div>
   <div class='ocr_carea' id='block_1_3' title="bbox 431 561 2002 636">
    <p class='ocr_par' dir='ltr' id='par_1_3' title="bbox 431 561 2002 636">
     <span class='ocr_line' id='line_1_3' title="bbox 431 561 2002 636; baseline 0.007 -24"><span class='ocrx_word' id='word_1_12' title='bbox 431 561 732 630; x_wconf 80' lang='grc' dir='ltr'><strong>προφητῶν</strong></span> <span class='ocrx_word' id='word_1_13' title='bbox 765 563 1135 633; x_wconf 74' lang='grc' dir='ltr'><strong>κηρυχθέντα,</strong></span> <span class='ocrx_word' id='word_1_14' title='bbox 1186 566 1549 636; x_wconf 82' lang='grc' dir='ltr'>ἐσταύρωται,</span> <span class='ocrx_word' id='word_1_15' title='bbox 1582 570 1676 622; x_wconf 84' lang='grc' dir='ltr'>καὶ</span> <span class='ocrx_word' id='word_1_16' title='bbox 1712 567 2002 623; x_wconf 87' lang='grc' dir='ltr'>ἀποθανὼν</span> 
     </span>
    </p>
   </div>
   <div class='ocr_carea' id='block_1_4' title="bbox 432 654 2002 730">
    <p class='ocr_par' dir='ltr' id='par_1_4' title="bbox 432 654 2002 730">
     <span class='ocr_line' id='line_1_4' title="bbox 432 654 2002 730; baseline 0.005 -24"><span class='ocrx_word' id='word_1_17' title='bbox 432 654 526 706; x_wconf 78' lang='grc' dir='ltr'>καὶ</span> <span class='ocrx_word' id='word_1_18' title='bbox 574 655 837 718; x_wconf 81' lang='grc' dir='ltr'>ἀναστὰς,</span> <span class='ocrx_word' id='word_1_19' title='bbox 885 658 1171 712; x_wconf 80' lang='grc' dir='ltr'>ἀπέστειλε</span> <span class='ocrx_word' id='word_1_20' title='bbox 1224 658 1518 729; x_wconf 79' lang='grc' dir='ltr'><strong>κηρύττειν</strong></span> <span class='ocrx_word' id='word_1_21' title='bbox 1571 664 1666 714; x_wconf 73' lang='grc' dir='ltr'>καὶ</span> <span class='ocrx_word' id='word_1_22' title='bbox 1719 659 2002 730; x_wconf 73' lang='grc' dir='ltr'>βαπτίζειν</span> 
     </span>
    </p>
   </div>
   <div class='ocr_carea' id='block_1_5' title="bbox 428 745 1999 820">
    <p class='ocr_par' dir='ltr' id='par_1_5' title="bbox 428 745 1999 820">
     <span class='ocr_line' id='line_1_5' title="bbox 428 745 1999 820; baseline 0.006 -24"><span class='ocrx_word' id='word_1_23' title='bbox 428 746 510 807; x_wconf 82' lang='grc' dir='ltr'><strong>είς</strong></span> <span class='ocrx_word' id='word_1_24' title='bbox 560 745 622 797; x_wconf 81' lang='grc' dir='ltr'>τὸ</span> <span class='ocrx_word' id='word_1_25' title='bbox 675 747 848 815; x_wconf 77' lang='grc' dir='ltr'>ὄνομα</span> <span class='ocrx_word' id='word_1_26' title='bbox 904 749 1000 802; x_wconf 89' lang='grc' dir='ltr'><strong>τοῦ</strong></span> <span class='ocrx_word' id='word_1_27' title='bbox 1061 750 1298 820; x_wconf 79' lang='grc' dir='ltr'>Πατρὺς,</span> <span class='ocrx_word' id='word_1_28' title='bbox 1328 754 1424 805; x_wconf 74' lang='grc' dir='ltr'>καὶ</span> <span class='ocrx_word' id='word_1_29' title='bbox 1459 753 1554 805; x_wconf 90' lang='grc' dir='ltr'><strong>τοῦ</strong></span> <span class='ocrx_word' id='word_1_30' title='bbox 1592 752 1747 816; x_wconf 86' lang='grc' dir='ltr'>Υίοῦ,</span> <span class='ocrx_word' id='word_1_31' title='bbox 1774 754 1869 807; x_wconf 83' lang='grc' dir='ltr'>καὶ</span> <span class='ocrx_word' id='word_1_32' title='bbox 1902 752 1999 806; x_wconf 89' lang='grc' dir='ltr'><strong>τοῦ</strong></span> 
     </span>
    </p>
   </div>
   <div class='ocr_carea' id='block_1_6' title="bbox 429 834 2001 912">
    <p class='ocr_par' dir='ltr' id='par_1_6' title="bbox 429 834 2001 912">
     <span class='ocr_line' id='line_1_6' title="bbox 429 834 2001 912; baseline 0.003 -24"><span class='ocrx_word' id='word_1_33' title='bbox 429 834 586 902; x_wconf 84' lang='grc' dir='ltr'>ἀγίου</span> <span class='ocrx_word' id='word_1_34' title='bbox 625 836 966 906; x_wconf 87' lang='grc' dir='ltr'>Πνεύματος.</span> <span class='ocrx_word' id='word_1_35' title='bbox 1028 839 1134 891; x_wconf 76' lang='grc' dir='ltr'><strong>Καὶ</strong></span> <span class='ocrx_word' id='word_1_36' title='bbox 1188 839 1276 892; x_wconf 83' lang='grc' dir='ltr'>διὰ</span> <span class='ocrx_word' id='word_1_37' title='bbox 1329 840 1486 893; x_wconf 86' lang='grc' dir='ltr'>τοῦτο</span> <span class='ocrx_word' id='word_1_38' title='bbox 1521 841 1649 912; x_wconf 87' lang='grc' dir='ltr'>τρία</span> <span class='ocrx_word' id='word_1_39' title='bbox 1700 842 2001 895; x_wconf 85' lang='grc' dir='ltr'>ἀνάπτεται</span> 
     </span>
    </p>
   </div>
   <div class='ocr_carea' id='block_1_7' title="bbox 431 926 2000 1002">
    <p class='ocr_par' dir='ltr' id='par_1_7' title="bbox 431 926 2000 1002">
     <span class='ocr_line' id='line_1_7' title="bbox 431 926 2000 1002; baseline 0.005 -25"><span class='ocrx_word' id='word_1_40' title='bbox 431 926 584 992; x_wconf 82' lang='grc' dir='ltr'>φῶτα</span> <span class='ocrx_word' id='word_1_41' title='bbox 621 926 700 997; x_wconf 84' lang='grc' dir='ltr'>τῷ</span> <span class='ocrx_word' id='word_1_42' title='bbox 729 929 896 999; x_wconf 80' lang='grc' dir='ltr'>τιμίῳ</span> <span class='ocrx_word' id='word_1_43' title='bbox 934 930 1174 1000; x_wconf 83' lang='grc' dir='ltr'>σταυρῷ.</span> <span class='ocrx_word' id='word_1_44' title='bbox 1205 932 1315 984; x_wconf 75' lang='grc' dir='ltr'><strong>Καὶ</strong></span> <span class='ocrx_word' id='word_1_45' title='bbox 1356 931 1538 1002; x_wconf 79' lang='grc' dir='ltr'>ἐπειδὴ</span> <span class='ocrx_word' id='word_1_46' title='bbox 1586 934 1826 996; x_wconf 85' lang='grc' dir='ltr'>ἀναστὰς</span> <span class='ocrx_word' id='word_1_47' title='bbox 1868 935 2000 1002; x_wconf 81' lang='grc' dir='ltr'>ἡμῖν</span> 
     </span>
    </p>
   </div>
   <div class='ocr_carea' id='block_1_8' title="bbox 431 1021 1998 1094">
    <p class='ocr_par' dir='ltr' id='par_1_8' title="bbox 431 1021 1998 1094">
     <span class='ocr_line' id='line_1_8' title="bbox 431 1021 1998 1094; baseline 0.005 -24"><span class='ocrx_word' id='word_1_48' title='bbox 431 1021 847 1090; x_wconf 73' lang='grc' dir='ltr'><strong>ἐσταυρωμένος</strong></span> <span class='ocrx_word' id='word_1_49' title='bbox 875 1022 963 1074; x_wconf 78' lang='grc' dir='ltr'>διὰ</span> <span class='ocrx_word' id='word_1_50' title='bbox 1013 1022 1120 1074; x_wconf 81' lang='grc' dir='ltr'><strong>τῶν</strong></span> <span class='ocrx_word' id='word_1_51' title='bbox 1167 1023 1407 1076; x_wconf 80' lang='grc' dir='ltr'>ὠτειλὼν</span> <span class='ocrx_word' id='word_1_52' title='bbox 1440 1023 1617 1094; x_wconf 71' lang='grc' dir='ltr'>ὢιρθη.</span> <span class='ocrx_word' id='word_1_53' title='bbox 1643 1027 1735 1078; x_wconf 76' lang='grc' dir='ltr'>καὶ</span> <span class='ocrx_word' id='word_1_54' title='bbox 1771 1027 1851 1086; x_wconf 84' lang='grc' dir='ltr'><strong>είς</strong></span> <span class='ocrx_word' id='word_1_55' title='bbox 1906 1028 1998 1078; x_wconf 82' lang='grc' dir='ltr'><strong>τὸν</strong></span> 
     </span>
    </p>
   </div>
   <div class='ocr_carea' id='block_1_9' title="bbox 431 1115 1998 1187">
    <p class='ocr_par' dir='ltr' id='par_1_9' title="bbox 431 1115 1998 1187">
     <span class='ocr_line' id='line_1_9' title="bbox 431 1115 1998 1187; baseline 0.004 -21"><span class='ocrx_word' id='word_1_56' title='bbox 431 1115 663 1184; x_wconf 76' lang='grc' dir='ltr'>οὐρανὸν</span> <span class='ocrx_word' id='word_1_57' title='bbox 715 1115 1036 1185; x_wconf 78' lang='grc' dir='ltr'><strong>ἀνελήλυθε,</strong></span> <span class='ocrx_word' id='word_1_58' title='bbox 1111 1117 1208 1169; x_wconf 65' lang='grc' dir='ltr'><strong>καὶ⁹</strong></span> <span class='ocrx_word' id='word_1_59' title='bbox 1291 1118 1438 1187; x_wconf 77' lang='grc' dir='ltr'>ἡμᾶς</span> <span class='ocrx_word' id='word_1_60' title='bbox 1468 1118 1854 1187; x_wconf 77' lang='grc' dir='ltr'>συνεισήγαγε,</span> <span class='ocrx_word' id='word_1_61' title='bbox 1905 1119 1998 1172; x_wconf 85' lang='grc' dir='ltr'><strong>τοῦ</strong></span> 
     </span>
    </p>
   </div>
   <div class='ocr_carea' id='block_1_10' title="bbox 435 1205 1997 1279">
    <p class='ocr_par' dir='ltr' id='par_1_10' title="bbox 435 1205 1997 1279">
     <span class='ocr_line' id='line_1_10' title="bbox 435 1205 1997 1279; baseline 0.003 -21"><span class='ocrx_word' id='word_1_62' title='bbox 435 1205 668 1276; x_wconf 85' lang='grc' dir='ltr'>σταυροῦ</span> <span class='ocrx_word' id='word_1_63' title='bbox 700 1205 864 1259; x_wconf 85' lang='grc' dir='ltr'>αὑτοῦ</span> <span class='ocrx_word' id='word_1_64' title='bbox 893 1205 1054 1260; x_wconf 84' lang='grc' dir='ltr'>τοῦτο</span> <span class='ocrx_word' id='word_1_65' title='bbox 1082 1206 1370 1276; x_wconf 84' lang='grc' dir='ltr'>δηλοῦντος</span> <span class='ocrx_word' id='word_1_66' title='bbox 1396 1208 1535 1277; x_wconf 83' lang='grc' dir='ltr'>μετὰ</span> <span class='ocrx_word' id='word_1_67' title='bbox 1559 1208 1652 1261; x_wconf 89' lang='grc' dir='ltr'><strong>τοῦ</strong></span> <span class='ocrx_word' id='word_1_68' title='bbox 1675 1209 1997 1279; x_wconf 80' lang='grc' dir='ltr'>ἀρχιερέως,</span> 
     </span>
    </p>
   </div>
   <div class='ocr_carea' id='block_1_11' title="bbox 431 1297 2000 1370">
    <p class='ocr_par' dir='ltr' id='par_1_11' title="bbox 431 1297 2000 1370">
     <span class='ocr_line' id='line_1_11' title="bbox 431 1297 2000 1370; baseline 0.003 -18"><span class='ocrx_word' id='word_1_69' title='bbox 431 1299 524 1352; x_wconf 86' lang='grc' dir='ltr'><strong>τοῦ</strong></span> <span class='ocrx_word' id='word_1_70' title='bbox 549 1299 738 1370; x_wconf 86' lang='grc' dir='ltr'>ίερέως</span> <span class='ocrx_word' id='word_1_71' title='bbox 767 1297 932 1353; x_wconf 78' lang='grc' dir='ltr'>αὐτὸν</span> <span class='ocrx_word' id='word_1_72' title='bbox 954 1300 1046 1354; x_wconf 75' lang='grc' dir='ltr'>τὸν</span> <span class='ocrx_word' id='word_1_73' title='bbox 1079 1300 1312 1370; x_wconf 71' lang='grc' dir='ltr'>σταυρὸν</span> <span class='ocrx_word' id='word_1_74' title='bbox 1337 1301 1680 1370; x_wconf 80' lang='grc' dir='ltr'>κατέχοντος,</span> <span class='ocrx_word' id='word_1_75' title='bbox 1705 1302 1802 1356; x_wconf 80' lang='grc' dir='ltr'>καὶ</span> <span class='ocrx_word' id='word_1_76' title='bbox 1826 1303 2000 1356; x_wconf 78' lang='grc' dir='ltr'>ἀπαν-</span> 
     </span>
    </p>
   </div>
   <div class='ocr_carea' id='block_1_12' title="bbox 430 1391 2000 1462">
    <p class='ocr_par' dir='ltr' id='par_1_12' title="bbox 430 1391 2000 1462">
     <span class='ocr_line' id='line_1_12' title="bbox 430 1391 2000 1462; baseline 0.004 -21"><span class='ocrx_word' id='word_1_77' title='bbox 430 1407 521 1452; x_wconf 84' lang='grc' dir='ltr'><strong>τες</strong></span> <span class='ocrx_word' id='word_1_78' title='bbox 549 1391 983 1461; x_wconf 77' lang='grc' dir='ltr'>συνεισέρχονται</span> <span class='ocrx_word' id='word_1_79' title='bbox 1013 1407 1030 1423; x_wconf 78' lang='grc' dir='ltr'><strong>ο</strong></span> <span class='ocrx_word' id='word_1_80' title='bbox 1060 1391 1142 1444; x_wconf 80' lang='grc' dir='ltr'>ὅτι</span> <span class='ocrx_word' id='word_1_81' title='bbox 1165 1391 1330 1455; x_wconf 76' lang='grc' dir='ltr'>αὐτὸς</span> <span class='ocrx_word' id='word_1_82' title='bbox 1359 1394 1496 1462; x_wconf 75' lang='grc' dir='ltr'>ἡμῖν</span> <span class='ocrx_word' id='word_1_83' title='bbox 1524 1393 1858 1446; x_wconf 78' lang='grc' dir='ltr'>ἐνεκαίνισεν</span> <span class='ocrx_word' id='word_1_84' title='bbox 1881 1393 2000 1447; x_wconf 68' lang='grc' dir='ltr'>όδδν</span> 
     </span>
    </p>
   </div>
   <div class='ocr_carea' id='block_1_13' title="bbox 434 1480 2000 1552">
    <p class='ocr_par' dir='ltr' id='par_1_13' title="bbox 434 1480 2000 1552">
     <span class='ocr_line' id='line_1_13' title="bbox 434 1480 2000 1552; baseline 0.003 -20"><span class='ocrx_word' id='word_1_85' title='bbox 434 1481 746 1550; x_wconf 81' lang='grc' dir='ltr'>πρόσφατον</span> <span class='ocrx_word' id='word_1_86' title='bbox 797 1481 886 1534; x_wconf 85' lang='grc' dir='ltr'><strong>διὰ</strong></span> <span class='ocrx_word' id='word_1_87' title='bbox 943 1480 1038 1535; x_wconf 90' lang='grc' dir='ltr'><strong>τοῦ</strong></span> <span class='ocrx_word' id='word_1_88' title='bbox 1089 1483 1588 1552; x_wconf 81' lang='grc' dir='ltr'>καταπετάσματος</span> <span class='ocrx_word' id='word_1_89' title='bbox 1644 1483 1745 1550; x_wconf 83' lang='grc' dir='ltr'>τῆς</span> <span class='ocrx_word' id='word_1_90' title='bbox 1797 1483 2000 1552; x_wconf 72' lang='grc' dir='ltr'>σαρκὸς</span> 
     </span>
    </p>
   </div>
   <div class='ocr_carea' id='block_1_14' title="bbox 423 1572 1997 1644">
    <p class='ocr_par' dir='ltr' id='par_1_14' title="bbox 423 1572 1997 1644">
     <span class='ocr_line' id='line_1_14' title="bbox 423 1572 1997 1644; baseline 0.002 -20"><span class='ocrx_word' id='word_1_91' title='bbox 423 1572 618 1636; x_wconf 79' lang='grc' dir='ltr'>αὑτοῦ,</span> <span class='ocrx_word' id='word_1_92' title='bbox 646 1573 1004 1627; x_wconf 78' lang='grc' dir='ltr'>καὶδιάύτοῦ</span> <span class='ocrx_word' id='word_1_93' title='bbox 1030 1573 1267 1644; x_wconf 78' lang='grc' dir='ltr'>εὕρομεν</span> <span class='ocrx_word' id='word_1_94' title='bbox 1286 1574 1387 1642; x_wconf 80' lang='grc' dir='ltr'>τὴν</span> <span class='ocrx_word' id='word_1_95' title='bbox 1415 1573 1619 1628; x_wconf 75' lang='grc' dir='ltr'>εἴσοδον</span> <span class='ocrx_word' id='word_1_96' title='bbox 1639 1577 1718 1640; x_wconf 89' lang='grc' dir='ltr'><strong>είς</strong></span> <span class='ocrx_word' id='word_1_97' title='bbox 1747 1576 1817 1628; x_wconf 88' lang='grc' dir='ltr'><strong>τά</strong></span> <span class='ocrx_word' id='word_1_98' title='bbox 1845 1578 1997 1640; x_wconf 68' lang='grc' dir='ltr'>ἅγια·</span> 
     </span>
    </p>
   </div>
   <div class='ocr_carea' id='block_1_15' title="bbox 423 1665 1996 1736">
    <p class='ocr_par' dir='ltr' id='par_1_15' title="bbox 423 1665 1996 1736">
     <span class='ocr_line' id='line_1_15' title="bbox 423 1665 1996 1736; baseline 0.003 -20"><span class='ocrx_word' id='word_1_99' title='bbox 423 1665 523 1718; x_wconf 31' lang='grc' dir='ltr'>,καὶ</span> <span class='ocrx_word' id='word_1_100' title='bbox 553 1665 716 1728; x_wconf 75' lang='grc' dir='ltr'>αὐτὸς</span> <span class='ocrx_word' id='word_1_101' title='bbox 760 1665 976 1735; x_wconf 74' lang='grc' dir='ltr'>εἰσῆλθε</span> <span class='ocrx_word' id='word_1_102' title='bbox 1015 1665 1269 1736; x_wconf 80' lang='grc' dir='ltr'>μέγιστος</span> <span class='ocrx_word' id='word_1_103' title='bbox 1304 1665 1380 1718; x_wconf 83' lang='grc' dir='ltr'>ὢν</span> <span class='ocrx_word' id='word_1_104' title='bbox 1411 1668 1702 1736; x_wconf 84' lang='grc' dir='ltr'>ἀρχιερεὺς</span> <span class='ocrx_word' id='word_1_105' title='bbox 1735 1667 1884 1732; x_wconf 74' lang='grc' dir='ltr'>ἅπαξ</span> <span class='ocrx_word' id='word_1_106' title='bbox 1918 1670 1996 1730; x_wconf 84' lang='grc' dir='ltr'><strong>είς</strong></span> 
     </span>
    </p>
   </div>
   <div class='ocr_carea' id='block_1_16' title="bbox 425 1756 2000 1829">
    <p class='ocr_par' dir='ltr' id='par_1_16' title="bbox 425 1756 2000 1829">
     <span class='ocr_line' id='line_1_16' title="bbox 425 1756 2000 1829; baseline 0.003 -21"><span class='ocrx_word' id='word_1_107' title='bbox 425 1756 496 1809; x_wconf 86' lang='grc' dir='ltr'>τὰ</span> <span class='ocrx_word' id='word_1_108' title='bbox 531 1757 684 1825; x_wconf 84' lang='grc' dir='ltr'>ἆγια,</span> <span class='ocrx_word' id='word_1_109' title='bbox 713 1757 940 1811; x_wconf 86' lang='grc' dir='ltr'>αίωνίαν</span> <span class='ocrx_word' id='word_1_110' title='bbox 990 1757 1259 1828; x_wconf 83' lang='grc' dir='ltr'>λύτρωσιν</span> <span class='ocrx_word' id='word_1_111' title='bbox 1315 1758 1618 1828; x_wconf 77' lang='grc' dir='ltr'>εὑράμενος</span> <span class='ocrx_word' id='word_1_112' title='bbox 1672 1761 1802 1829; x_wconf 73' lang='grc' dir='ltr'>ἡμῖν</span> <span class='ocrx_word' id='word_1_113' title='bbox 1827 1762 1856 1812; x_wconf 92' lang='grc' dir='ltr'><strong>ό</strong></span> <span class='ocrx_word' id='word_1_114' title='bbox 1887 1763 2000 1813; x_wconf 79' lang='grc' dir='ltr'><strong>Λυ-</strong></span> 
     </span>
    </p>
   </div>
   <div class='ocr_carea' id='block_1_17' title="bbox 421 1845 1994 1922">
    <p class='ocr_par' dir='ltr' id='par_1_17' title="bbox 421 1845 1994 1922">
     <span class='ocr_line' id='line_1_17' title="bbox 421 1845 1994 1922; baseline 0.003 -23"><span class='ocrx_word' id='word_1_115' title='bbox 421 1851 662 1918; x_wconf 61' lang='grc' dir='ltr'>ἰτρωτής.</span> <span class='ocrx_word' id='word_1_116' title='bbox 690 1848 846 1902; x_wconf 87' lang='grc' dir='ltr'>Οῦτω</span> <span class='ocrx_word' id='word_1_117' title='bbox 880 1851 978 1920; x_wconf 84' lang='grc' dir='ltr'>μὲν</span> <span class='ocrx_word' id='word_1_118' title='bbox 1020 1845 1114 1904; x_wconf 76' lang='grc' dir='ltr'><strong>οῦν</strong></span> <span class='ocrx_word' id='word_1_119' title='bbox 1163 1850 1526 1921; x_wconf 74' lang='grc' dir='ltr'>εἰσερχόμεθα</span> <span class='ocrx_word' id='word_1_120' title='bbox 1560 1851 1658 1904; x_wconf 82' lang='grc' dir='ltr'>σὺν</span> <span class='ocrx_word' id='word_1_121' title='bbox 1707 1852 1876 1922; x_wconf 79' lang='grc' dir='ltr'>αύτῷ,</span> <span class='ocrx_word' id='word_1_122' title='bbox 1900 1853 1994 1905; x_wconf 81' lang='grc' dir='ltr'>τὸν</span> 
     </span>
    </p>
   </div>
   <div class='ocr_carea' id='block_1_18' title="bbox 426 1939 1994 2013">
    <p class='ocr_par' dir='ltr' id='par_1_18' title="bbox 426 1939 1994 2013">
     <span class='ocr_line' id='line_1_18' title="bbox 426 1939 1994 2013; baseline 0.005 -23"><span class='ocrx_word' id='word_1_123' title='bbox 426 1939 728 2010; x_wconf 81' lang='grc' dir='ltr'>ὀνειδισμὸν</span> <span class='ocrx_word' id='word_1_124' title='bbox 774 1940 940 1994; x_wconf 82' lang='grc' dir='ltr'>αὐτοῦ</span> <span class='ocrx_word' id='word_1_125' title='bbox 991 1941 1273 2012; x_wconf 81' lang='grc' dir='ltr'>φέροντες,</span> <span class='ocrx_word' id='word_1_126' title='bbox 1297 1943 1356 1996; x_wconf 82' lang='grc' dir='ltr'><strong>δν</strong></span> <span class='ocrx_word' id='word_1_127' title='bbox 1406 1941 1609 1996; x_wconf 72' lang='grc' dir='ltr'>ἔπαθεν</span> <span class='ocrx_word' id='word_1_128' title='bbox 1643 1943 1787 2013; x_wconf 79' lang='grc' dir='ltr'>ὑπὲρ</span> <span class='ocrx_word' id='word_1_129' title='bbox 1834 1945 1994 2013; x_wconf 81' lang='grc' dir='ltr'>ἡμῶν</span> 
     </span>
    </p>
   </div>
   <div class='ocr_carea' id='block_1_19' title="bbox 417 2031 1996 2103">
    <p class='ocr_par' dir='ltr' id='par_1_19' title="bbox 417 2031 1996 2103">
     <span class='ocr_line' id='line_1_19' title="bbox 417 2031 1996 2103; baseline 0.004 -20"><span class='ocrx_word' id='word_1_130' title='bbox 417 2031 586 2092; x_wconf 76' lang='grc' dir='ltr'>αὐτὸς</span> <span class='ocrx_word' id='word_1_131' title='bbox 618 2032 718 2100; x_wconf 75' lang='grc' dir='ltr'>τῆς</span> <span class='ocrx_word' id='word_1_132' title='bbox 751 2032 1105 2103; x_wconf 79' lang='grc' dir='ltr'>Ἰερουσαλὴμ</span> <span class='ocrx_word' id='word_1_133' title='bbox 1155 2033 1372 2099; x_wconf 75' lang='grc' dir='ltr'>ἔξωθεν.</span> <span class='ocrx_word' id='word_1_134' title='bbox 1413 2035 1514 2087; x_wconf 78' lang='grc' dir='ltr'>Διά</span> <span class='ocrx_word' id='word_1_135' title='bbox 1541 2033 1700 2087; x_wconf 90' lang='grc' dir='ltr'>τοῦτο</span> <span class='ocrx_word' id='word_1_136' title='bbox 1734 2036 1828 2087; x_wconf 76' lang='grc' dir='ltr'>καὶ</span> <span class='ocrx_word' id='word_1_137' title='bbox 1857 2035 1996 2099; x_wconf 75' lang='grc' dir='ltr'><strong>ἔξω·</strong></span> 
     </span>
    </p>
   </div>
   <div class='ocr_carea' id='block_1_20' title="bbox 417 2121 1996 2197">
    <p class='ocr_par' dir='ltr' id='par_1_20' title="bbox 417 2121 1996 2197">
     <span class='ocr_line' id='line_1_20' title="bbox 417 2121 1996 2197; baseline 0.003 -22"><span class='ocrx_word' id='word_1_138' title='bbox 417 2122 517 2175; x_wconf 81' lang='grc' dir='ltr'><strong>θεν</strong></span> <span class='ocrx_word' id='word_1_139' title='bbox 544 2121 638 2176; x_wconf 89' lang='grc' dir='ltr'><strong>τοῦ</strong></span> <span class='ocrx_word' id='word_1_140' title='bbox 668 2123 797 2176; x_wconf 92' lang='grc' dir='ltr'>ναοῦ</span> <span class='ocrx_word' id='word_1_141' title='bbox 834 2124 862 2176; x_wconf 88' lang='grc' dir='ltr'><strong>ό</strong></span> <span class='ocrx_word' id='word_1_142' title='bbox 897 2126 1130 2193; x_wconf 70' lang='grc' dir='ltr'>σταυρὸς</span> <span class='ocrx_word' id='word_1_143' title='bbox 1169 2125 1335 2179; x_wconf 85' lang='grc' dir='ltr'>αὑτοῦ</span> <span class='ocrx_word' id='word_1_144' title='bbox 1383 2127 1610 2197; x_wconf 83' lang='grc' dir='ltr'>φέρεται</span> <span class='ocrx_word' id='word_1_145' title='bbox 1629 2141 1644 2156; x_wconf 83' lang='lat'><strong><em>°</em></strong></span> <span class='ocrx_word' id='word_1_146' title='bbox 1676 2127 1766 2180; x_wconf 84' lang='grc' dir='ltr'>ἵνα</span> <span class='ocrx_word' id='word_1_147' title='bbox 1791 2127 1866 2189; x_wconf 83' lang='grc' dir='ltr'>ὡς</span> <span class='ocrx_word' id='word_1_148' title='bbox 1889 2143 1996 2180; x_wconf 88' lang='grc' dir='ltr'>πα-</span> 
     </span>
    </p>
   </div>
   <div class='ocr_carea' id='block_1_21' title="bbox 401 2213 2010 2281">
    <p class='ocr_par' dir='ltr' id='par_1_21' title="bbox 401 2213 2010 2281">
     <span class='ocr_line' id='line_1_21' title="bbox 401 2213 2010 2281; baseline 0.004 -16"><span class='ocrx_word' id='word_1_149' title='bbox 401 2213 612 2277; x_wconf 82' lang='grc' dir='ltr'>·θόντος</span> <span class='ocrx_word' id='word_1_150' title='bbox 643 2213 807 2269; x_wconf 87' lang='grc' dir='ltr'>αὑτοῦ</span> <span class='ocrx_word' id='word_1_151' title='bbox 838 2217 928 2269; x_wconf 70' lang='grc' dir='ltr'>καὶ</span> <span class='ocrx_word' id='word_1_152' title='bbox 959 2217 1234 2281; x_wconf 74' lang='grc' dir='ltr'>θλιόέντος</span> <span class='ocrx_word' id='word_1_153' title='bbox 1283 2217 1482 2280; x_wconf 73' lang='grc' dir='ltr'>ἔξωθεν</span> <span class='ocrx_word' id='word_1_154' title='bbox 1529 2219 1618 2271; x_wconf 83' lang='grc' dir='ltr'>διὰ</span> <span class='ocrx_word' id='word_1_155' title='bbox 1664 2218 1756 2272; x_wconf 79' lang='grc' dir='ltr'>τὸν</span> <span class='ocrx_word' id='word_1_156' title='bbox 1796 2217 2010 2272; x_wconf 73' lang='grc' dir='ltr'>ἔσωθεν·</span> 
     </span>
    </p>
   </div>
   <div class='ocr_carea' id='block_1_22' title="bbox 435 2302 2004 2379">
    <p class='ocr_par' dir='ltr' id='par_1_22' title="bbox 435 2302 2004 2379">
     <span class='ocr_line' id='line_1_22' title="bbox 435 2302 2004 2379; baseline 0.006 -25"><span class='ocrx_word' id='word_1_157' title='bbox 435 2303 534 2372; x_wconf 85' lang='grc' dir='ltr'><strong>τῆς</strong></span> <span class='ocrx_word' id='word_1_158' title='bbox 575 2302 740 2374; x_wconf 69' lang='grc' dir='ltr'>Ἐδὲμ</span> <span class='ocrx_word' id='word_1_159' title='bbox 787 2306 1152 2377; x_wconf 85' lang='grc' dir='ltr'>πειρασθέντα</span> <span class='ocrx_word' id='word_1_160' title='bbox 1180 2325 1241 2361; x_wconf 88' lang='grc' dir='ltr'><strong>τε</strong></span> <span class='ocrx_word' id='word_1_161' title='bbox 1271 2309 1365 2362; x_wconf 73' lang='grc' dir='ltr'>καὶ</span> <span class='ocrx_word' id='word_1_162' title='bbox 1399 2309 1752 2379; x_wconf 75' lang='grc' dir='ltr'>νενικημένον</span> <span class='ocrx_word' id='word_1_163' title='bbox 1775 2309 1871 2362; x_wconf 78' lang='grc' dir='ltr'>καὶ</span> <span class='ocrx_word' id='word_1_164' title='bbox 1917 2325 2004 2362; x_wconf 81' lang='grc' dir='ltr'>τι-</span> 
     </span>
    </p>
   </div>
   <div class='ocr_carea' id='block_1_23' title="bbox 437 2393 2001 2468">
    <p class='ocr_par' dir='ltr' id='par_1_23' title="bbox 437 2393 2001 2468">
     <span class='ocr_line' id='line_1_23' title="bbox 437 2393 2001 2468; baseline 0.004 -22"><span class='ocrx_word' id='word_1_165' title='bbox 437 2393 818 2463; x_wconf 79' lang='grc' dir='ltr'>θανατωμένον</span> <span class='ocrx_word' id='word_1_166' title='bbox 869 2396 1040 2466; x_wconf 69' lang='grc' dir='ltr'>Ἀδὰμ</span> <span class='ocrx_word' id='word_1_167' title='bbox 1096 2397 1255 2468; x_wconf 77' lang='grc'><strong>251</strong></span> <span class='ocrx_word' id='word_1_168' title='bbox 1325 2399 1421 2452; x_wconf 71' lang='grc' dir='ltr'>καὶ</span> <span class='ocrx_word' id='word_1_169' title='bbox 1477 2397 1748 2462; x_wconf 82' lang='grc' dir='ltr'>ἐξωθέντα</span> <span class='ocrx_word' id='word_1_170' title='bbox 1806 2398 2001 2468; x_wconf 82' lang='grc' dir='ltr'>αὐτῆς,</span> 
     </span>
    </p>
   </div>
   <div class='ocr_carea' id='block_1_24' title="bbox 437 2485 2004 2558">
    <p class='ocr_par' dir='ltr' id='par_1_24' title="bbox 437 2485 2004 2558">
     <span class='ocr_line' id='line_1_24' title="bbox 437 2485 2004 2558; baseline 0.005 -21"><span class='ocrx_word' id='word_1_171' title='bbox 437 2485 598 2554; x_wconf 74' lang='grc' dir='ltr'>ἡμεῖς</span> <span class='ocrx_word' id='word_1_172' title='bbox 637 2485 782 2540; x_wconf 76' lang='grc' dir='ltr'>ἔνδον</span> <span class='ocrx_word' id='word_1_173' title='bbox 819 2489 1150 2558; x_wconf 77' lang='grc' dir='ltr'>εἰσέλθωμεν</span> <span class='ocrx_word' id='word_1_174' title='bbox 1197 2490 1288 2542; x_wconf 78' lang='grc' dir='ltr'>διὰ</span> <span class='ocrx_word' id='word_1_175' title='bbox 1343 2491 1438 2543; x_wconf 89' lang='grc' dir='ltr'><strong>τοῦ</strong></span> <span class='ocrx_word' id='word_1_176' title='bbox 1495 2488 1761 2552; x_wconf 86' lang='grc' dir='ltr'>παθόντος</span> <span class='ocrx_word' id='word_1_177' title='bbox 1803 2490 2004 2555; x_wconf 74' lang='grc' dir='ltr'>ἔξωθεν</span> 
     </span>
    </p>
   </div>
   <div class='ocr_carea' id='block_1_25' title="bbox 437 2577 2006 2650">
    <p class='ocr_par' dir='ltr' id='par_1_25' title="bbox 437 2577 2006 2650">
     <span class='ocr_line' id='line_1_25' title="bbox 437 2577 2006 2650; baseline 0.004 -22"><span class='ocrx_word' id='word_1_178' title='bbox 437 2577 537 2646; x_wconf 63' lang='grc' dir='ltr'><strong>Ι«τῆς</strong></span> <span class='ocrx_word' id='word_1_179' title='bbox 581 2577 937 2650; x_wconf 68' lang='grc' dir='ltr'>Ἰερουσαλὴμ</span> <span class='ocrx_word' id='word_1_180' title='bbox 977 2581 1175 2649; x_wconf 77' lang='grc' dir='ltr'>Ἰησοῦ,</span> <span class='ocrx_word' id='word_1_181' title='bbox 1208 2587 1301 2633; x_wconf 73' lang='grc' dir='ltr'>καὶ</span> <span class='ocrx_word' id='word_1_182' title='bbox 1337 2583 1435 2635; x_wconf 75' lang='grc' dir='ltr'>σὺν</span> <span class='ocrx_word' id='word_1_183' title='bbox 1464 2579 1613 2649; x_wconf 84' lang='grc' dir='ltr'><strong>αὑτῷ</strong></span> <span class='ocrx_word' id='word_1_184' title='bbox 1661 2579 1735 2642; x_wconf 82' lang='grc' dir='ltr'><strong>ὡς</strong></span> <span class='ocrx_word' id='word_1_185' title='bbox 1795 2580 2006 2648; x_wconf 80' lang='grc' dir='ltr'>βασιλεῖ</span> 
     </span>
    </p>
   </div>
   <div class='ocr_carea' id='block_1_26' title="bbox 1628 279 2548 344">
    <p class='ocr_par' dir='ltr' id='par_1_26' title="bbox 1628 279 2548 344">
     <span class='ocr_line' id='line_1_26' title="bbox 1628 279 2548 344; baseline 0.005 -5"><span class='ocrx_word' id='word_1_186' title='bbox 1628 279 1726 339; x_wconf 87' lang='lat' dir='ltr'><strong>DE</strong></span> <span class='ocrx_word' id='word_1_187' title='bbox 1753 280 1841 340; x_wconf 88' lang='lat' dir='ltr'><strong>SA</strong></span> <span class='ocrx_word' id='word_1_188' title='bbox 1853 281 1997 340; x_wconf 78' lang='lat' dir='ltr'><strong>CBA</strong></span> <span class='ocrx_word' id='word_1_189' title='bbox 2043 279 2548 344; x_wconf 77' lang='lat' dir='ltr'><strong>PRECATIONE.</strong></span> 
     </span>
    </p>
   </div>
   <div class='ocr_carea' id='block_1_27' title="bbox 430 381 1997 458">
    <p class='ocr_par' dir='ltr' id='par_1_27' title="bbox 430 381 1996 458">
     <span class='ocr_line' id='line_1_27' title="bbox 430 381 1996 458; baseline 0.003 -21"><span class='ocrx_word' id='word_1_190' title='bbox 430 382 529 437; x_wconf 75' lang='grc' dir='ltr'>καὶ</span> <span class='ocrx_word' id='word_1_191' title='bbox 589 381 856 454; x_wconf 82' lang='grc' dir='ltr'>ἀγγελικῇ</span> <span class='ocrx_word' id='word_1_192' title='bbox 914 383 1162 454; x_wconf 65' lang='grc' dir='ltr'>πολιτείᾳ</span> <span class='ocrx_word' id='word_1_193' title='bbox 1202 386 1301 456; x_wconf 70' lang='grc' dir='ltr'>τὴν</span> <span class='ocrx_word' id='word_1_194' title='bbox 1333 386 1470 454; x_wconf 85' lang='grc' dir='ltr'><strong>μετά</strong></span> <span class='ocrx_word' id='word_1_195' title='bbox 1517 388 1754 458; x_wconf 89' lang='grc' dir='ltr'>σταυροῦ</span> <span class='ocrx_word' id='word_1_196' title='bbox 1784 387 1996 457; x_wconf 85' lang='grc' dir='ltr'>ταύτην</span> 
     </span>
    </p>
   </div>
   <div class='ocr_carea' id='block_1_28' title="bbox 2100 381 3786 458">
    <p class='ocr_par' dir='ltr' id='par_1_28' title="bbox 2107 385 3786 456">
     <span class='ocr_line' id='line_1_28' title="bbox 2107 385 3786 456; baseline 0 -15"><span class='ocrx_word' id='word_1_197' title='bbox 2107 399 2228 456; x_wconf 90' lang='lat' dir='ltr'><strong>post</strong></span> <span class='ocrx_word' id='word_1_198' title='bbox 2277 387 2726 443; x_wconf 79' lang='lat' dir='ltr'><strong>resurrectimimn</strong></span> <span class='ocrx_word' id='word_1_199' title='bbox 2785 402 2907 440; x_wconf 75' lang='lat' dir='ltr'><strong>rum</strong></span> <span class='ocrx_word' id='word_1_200' title='bbox 2943 385 3265 441; x_wconf 67' lang='lat' dir='ltr'><strong>vulneribus</strong></span> <span class='ocrx_word' id='word_1_201' title='bbox 3316 387 3588 454; x_wconf 77' lang='lat' dir='ltr'><strong>apparuit,</strong></span> <span class='ocrx_word' id='word_1_202' title='bbox 3617 395 3674 441; x_wconf 85' lang='lat' dir='ltr'><strong>et</strong></span> <span class='ocrx_word' id='word_1_203' title='bbox 3775 437 3786 446; x_wconf 78' lang='lat'><strong>,</strong></span> 
     </span>
    </p>
   </div>
   <div class='ocr_carea' id='block_1_29' title="bbox 3567 269 3676 338">
    <p class='ocr_par' dir='ltr' id='par_1_29' title="bbox 3567 269 3676 338">
     <span class='ocr_line' id='line_1_29' title="bbox 3567 269 3676 338; baseline 0.028 -3"><span class='ocrx_word' id='word_1_204' title='bbox 3567 269 3676 338; x_wconf 62' lang='lat'><strong>61.6</strong></span> 
     </span>
    </p>
   </div>
   <div class='ocr_carea' id='block_1_30' title="bbox 2110 479 3676 557">
    <p class='ocr_par' dir='ltr' id='par_1_30' title="bbox 2110 479 3676 557">
     <span class='ocr_line' id='line_1_30' title="bbox 2110 479 3676 557; baseline 0.001 -23"><span class='ocrx_word' id='word_1_205' title='bbox 2110 480 2164 534; x_wconf 92' lang='lat' dir='ltr'><strong>in</strong></span> <span class='ocrx_word' id='word_1_206' title='bbox 2196 482 2396 535; x_wconf 62' lang='lat' dir='ltr'><strong>celum</strong></span> <span class='ocrx_word' id='word_1_207' title='bbox 2427 481 2693 546; x_wconf 90' lang='lat' dir='ltr'><strong>ascendit,</strong></span> <span class='ocrx_word' id='word_1_208' title='bbox 2718 494 2927 549; x_wconf 84' lang='lat' dir='ltr'><strong>nosque</strong></span> <span class='ocrx_word' id='word_1_209' title='bbox 2951 479 3320 548; x_wconf 71' lang='lat' dir='ltr'><strong>congregavit,</strong></span> <span class='ocrx_word' id='word_1_210' title='bbox 3352 493 3517 534; x_wconf 87' lang='lat' dir='ltr'><strong>cruce</strong></span> <span class='ocrx_word' id='word_1_211' title='bbox 3553 479 3676 557; x_wconf 78' lang='lat' dir='ltr'><strong>ejus</strong></span> 
     </span>
    </p>
   </div>
   <div class='ocr_carea' id='block_1_31' title="bbox 2106 572 3677 644">
    <p class='ocr_par' dir='ltr' id='par_1_31' title="bbox 2106 572 3677 644">
     <span class='ocr_line' id='line_1_31' title="bbox 2106 572 3677 644; baseline 0 -20"><span class='ocrx_word' id='word_1_212' title='bbox 2106 579 2220 626; x_wconf 89' lang='lat' dir='ltr'><strong>tum</strong></span> <span class='ocrx_word' id='word_1_213' title='bbox 2247 574 2352 628; x_wconf 92' lang='lat' dir='ltr'><strong>hoc</strong></span> <span class='ocrx_word' id='word_1_214' title='bbox 2383 574 2728 644; x_wconf 79' lang='lat' dir='ltr'><strong>signiﬁcante</strong></span> <span class='ocrx_word' id='word_1_215' title='bbox 2762 589 2887 628; x_wconf 91' lang='lat' dir='ltr'><strong>cum</strong></span> <span class='ocrx_word' id='word_1_216' title='bbox 2921 573 3200 640; x_wconf 87' lang='lat' dir='ltr'><strong>pontilice,</strong></span> <span class='ocrx_word' id='word_1_217' title='bbox 3238 572 3521 628; x_wconf 76' lang='lat' dir='ltr'><strong>sacerdote</strong></span> <span class='ocrx_word' id='word_1_218' title='bbox 3551 587 3677 625; x_wconf 84' lang='lat' dir='ltr'><strong>cru-</strong></span> 
     </span>
    </p>
   </div>
   <div class='ocr_carea' id='block_1_32' title="bbox 2104 663 3674 736">
    <p class='ocr_par' dir='ltr' id='par_1_32' title="bbox 2104 663 3674 736">
     <span class='ocr_line' id='line_1_32' title="bbox 2104 663 3674 736; baseline -0.001 -16"><span class='ocrx_word' id='word_1_219' title='bbox 2104 680 2222 720; x_wconf 87' lang='lat' dir='ltr'><strong>cem</strong></span> <span class='ocrx_word' id='word_1_220' title='bbox 2250 665 2396 719; x_wconf 76' lang='lat' dir='ltr'><strong>illam</strong></span> <span class='ocrx_word' id='word_1_221' title='bbox 2439 673 2716 736; x_wconf 77' lang='lat' dir='ltr'><strong>portante,</strong></span> <span class='ocrx_word' id='word_1_222' title='bbox 2755 679 2947 718; x_wconf 88' lang='lat' dir='ltr'><strong>omnes</strong></span> <span class='ocrx_word' id='word_1_223' title='bbox 2979 663 3378 733; x_wconf 84' lang='lat' dir='ltr'><strong>ingrediuntur,</strong></span> <span class='ocrx_word' id='word_1_224' title='bbox 3413 665 3674 732; x_wconf 88' lang='lat' dir='ltr'><strong>quoniam</strong></span> 
     </span>
    </p>
   </div>
   <div class='ocr_carea' id='block_1_33' title="bbox 2105 754 3675 826">
    <p class='ocr_par' dir='ltr' id='par_1_33' title="bbox 2105 754 3675 826">
     <span class='ocr_line' id='line_1_33' title="bbox 2105 754 3675 826; baseline -0.001 -16"><span class='ocrx_word' id='word_1_225' title='bbox 2105 758 2219 823; x_wconf 70' lang='lat' dir='ltr'><strong>ipse</strong></span> <span class='ocrx_word' id='word_1_226' title='bbox 2253 759 2411 811; x_wconf 85' lang='lat' dir='ltr'><strong>nobis</strong></span> <span class='ocrx_word' id='word_1_227' title='bbox 2441 760 2652 826; x_wconf 78' lang='lat' dir='ltr'><strong>aperuit</strong></span> <span class='ocrx_word' id='word_1_228' title='bbox 2693 758 2834 810; x_wconf 88' lang='lat' dir='ltr'><strong>viam</strong></span> <span class='ocrx_word' id='word_1_229' title='bbox 2869 771 3064 810; x_wconf 88' lang='lat' dir='ltr'><strong>novam</strong></span> <span class='ocrx_word' id='word_1_230' title='bbox 3090 773 3185 825; x_wconf 88' lang='lat' dir='ltr'><strong>per</strong></span> <span class='ocrx_word' id='word_1_231' title='bbox 3217 757 3461 810; x_wconf 70' lang='lat' dir='ltr'><strong>velamen</strong></span> <span class='ocrx_word' id='word_1_232' title='bbox 3490 754 3675 808; x_wconf 87' lang='lat' dir='ltr'><strong>carnis</strong></span> 
     </span>
    </p>
   </div>
   <div class='ocr_carea' id='block_1_34' title="bbox 2103 848 3673 918">
    <p class='ocr_par' dir='ltr' id='par_1_34' title="bbox 2103 848 3673 918">
     <span class='ocr_line' id='line_1_34' title="bbox 2103 848 3673 918; baseline -0.004 -14"><span class='ocrx_word' id='word_1_233' title='bbox 2103 865 2236 914; x_wconf 63' lang='lat' dir='ltr'><strong>sum,</strong></span> <span class='ocrx_word' id='word_1_234' title='bbox 2271 858 2325 903; x_wconf 87' lang='lat' dir='ltr'><strong>et</strong></span> <span class='ocrx_word' id='word_1_235' title='bbox 2363 865 2457 918; x_wconf 90' lang='lat' dir='ltr'><strong>per</strong></span> <span class='ocrx_word' id='word_1_236' title='bbox 2497 867 2619 904; x_wconf 88' lang='lat' dir='ltr'><strong>eum</strong></span> <span class='ocrx_word' id='word_1_237' title='bbox 2658 851 2969 904; x_wconf 79' lang='lat' dir='ltr'><strong>invenimus</strong></span> <span class='ocrx_word' id='word_1_238' title='bbox 3017 851 3317 918; x_wconf 77' lang='lat' dir='ltr'><strong>ingressum</strong></span> <span class='ocrx_word' id='word_1_239' title='bbox 3361 848 3414 900; x_wconf 89' lang='lat' dir='ltr'><strong>in</strong></span> <span class='ocrx_word' id='word_1_240' title='bbox 3456 853 3673 910; x_wconf 85' lang='lat' dir='ltr'><strong>sam-ta,</strong></span> 
     </span>
    </p>
   </div>
   <div class='ocr_carea' id='block_1_35' title="bbox 2103 936 3673 1011">
    <p class='ocr_par' dir='ltr' id='par_1_35' title="bbox 2103 936 3673 1011">
     <span class='ocr_line' id='line_1_35' title="bbox 2103 936 3673 1011; baseline -0.004 -16"><span class='ocrx_word' id='word_1_241' title='bbox 2103 951 2158 995; x_wconf 92' lang='lat' dir='ltr'><strong>et</strong></span> <span class='ocrx_word' id='word_1_242' title='bbox 2189 942 2300 1010; x_wconf 85' lang='lat' dir='ltr'><strong>ipse</strong></span> <span class='ocrx_word' id='word_1_243' title='bbox 2333 958 2421 995; x_wconf 89' lang='lat' dir='ltr'><strong>ma</strong></span> <span class='ocrx_word' id='word_1_244' title='bbox 2441 943 2618 996; x_wconf 76' lang='lat' dir='ltr'><strong>ximus</strong></span> <span class='ocrx_word' id='word_1_245' title='bbox 2662 959 2784 996; x_wconf 73' lang='lat' dir='ltr'><strong>vero</strong></span> <span class='ocrx_word' id='word_1_246' title='bbox 2837 941 3074 1011; x_wconf 64' lang='grc' dir='ltr'>ροιειίΐες</span> <span class='ocrx_word' id='word_1_247' title='bbox 3111 938 3354 992; x_wconf 85' lang='lat' dir='ltr'><strong>introivit</strong></span> <span class='ocrx_word' id='word_1_248' title='bbox 3405 936 3570 990; x_wconf 80' lang='lat' dir='ltr'><strong>semel</strong></span> <span class='ocrx_word' id='word_1_249' title='bbox 3618 936 3673 988; x_wconf 92' lang='lat' dir='ltr'><strong>in</strong></span> 
     </span>
    </p>
   </div>
   <div class='ocr_carea' id='block_1_36' title="bbox 2103 1019 3677 1099">
    <p class='ocr_par' dir='ltr' id='par_1_36' title="bbox 2103 1019 3677 1099">
     <span class='ocr_line' id='line_1_36' title="bbox 2103 1019 3677 1099; baseline -0.004 -16"><span class='ocrx_word' id='word_1_250' title='bbox 2103 1043 2292 1084; x_wconf 82' lang='lat' dir='ltr'><strong>Sancta</strong></span> <span class='ocrx_word' id='word_1_251' title='bbox 2333 1034 2662 1099; x_wconf 75' lang='lat' dir='ltr'><strong>redemptor.</strong></span> <span class='ocrx_word' id='word_1_252' title='bbox 2717 1044 2914 1084; x_wconf 70' lang='lat' dir='ltr'><strong>arterna</strong></span> <span class='ocrx_word' id='word_1_253' title='bbox 2965 1031 3125 1083; x_wconf 78' lang='lat' dir='ltr'><strong>nobis</strong></span> <span class='ocrx_word' id='word_1_254' title='bbox 3155 1019 3535 1097; x_wconf 74' lang='lat' dir='ltr'><strong>redemptione</strong></span> <span class='ocrx_word' id='word_1_255' title='bbox 3589 1027 3677 1077; x_wconf 62' lang='lat' dir='ltr'><strong>inv</strong></span> 
     </span>
    </p>
   </div>
   <div class='ocr_carea' id='block_1_37' title="bbox 2104 1106 3678 1193">
    <p class='ocr_par' dir='ltr' id='par_1_37' title="bbox 2104 1106 3678 1193">
     <span class='ocr_line' id='line_1_37' title="bbox 2104 1106 3678 1193; baseline -0.003 -17"><span class='ocrx_word' id='word_1_256' title='bbox 2104 1135 2283 1176; x_wconf 88' lang='lat' dir='ltr'><strong>venta.</strong></span> <span class='ocrx_word' id='word_1_257' title='bbox 2322 1121 2491 1193; x_wconf 80' lang='lat' dir='ltr'><strong>Igitur</strong></span> <span class='ocrx_word' id='word_1_258' title='bbox 2547 1124 2619 1177; x_wconf 89' lang='lat' dir='ltr'><strong>ita</strong></span> <span class='ocrx_word' id='word_1_259' title='bbox 2672 1123 2890 1191; x_wconf 83' lang='lat' dir='ltr'><strong>quidem</strong></span> <span class='ocrx_word' id='word_1_260' title='bbox 2925 1106 3262 1189; x_wconf 69' lang='lat' dir='ltr'><strong>ingredimur</strong></span> <span class='ocrx_word' id='word_1_261' title='bbox 3290 1136 3414 1174; x_wconf 88' lang='lat' dir='ltr'><strong>eum</strong></span> <span class='ocrx_word' id='word_1_262' title='bbox 3450 1133 3538 1182; x_wconf 86' lang='lat' dir='ltr'><strong>eo,</strong></span> <span class='ocrx_word' id='word_1_263' title='bbox 3576 1119 3678 1172; x_wconf 87' lang='lat' dir='ltr'><strong>im-</strong></span> 
     </span>
    </p>
   </div>
   <div class='ocr_carea' id='block_1_38' title="bbox 2104 1209 3676 1282">
    <p class='ocr_par' dir='ltr' id='par_1_38' title="bbox 2104 1209 3676 1282">
     <span class='ocr_line' id='line_1_38' title="bbox 2104 1209 3676 1282; baseline -0.002 -18"><span class='ocrx_word' id='word_1_264' title='bbox 2104 1214 2417 1282; x_wconf 86' lang='lat' dir='ltr'><strong>properium</strong></span> <span class='ocrx_word' id='word_1_265' title='bbox 2469 1213 2584 1281; x_wconf 82' lang='lat' dir='ltr'><strong>ejus</strong></span> <span class='ocrx_word' id='word_1_266' title='bbox 2639 1220 2918 1280; x_wconf 87' lang='lat' dir='ltr'><strong>portantes</strong></span> <span class='ocrx_word' id='word_1_267' title='bbox 2968 1212 3112 1280; x_wconf 82' lang='lat' dir='ltr'><strong>quod</strong></span> <span class='ocrx_word' id='word_1_268' title='bbox 3147 1225 3244 1278; x_wconf 89' lang='lat' dir='ltr'><strong>pro</strong></span> <span class='ocrx_word' id='word_1_269' title='bbox 3280 1209 3439 1263; x_wconf 84' lang='lat' dir='ltr'><strong>nobis</strong></span> <span class='ocrx_word' id='word_1_270' title='bbox 3482 1221 3676 1274; x_wconf 88' lang='lat' dir='ltr'><strong>passus</strong></span> 
     </span>
    </p>
   </div>
   <div class='ocr_carea' id='block_1_39' title="bbox 2103 1299 3676 1368">
    <p class='ocr_par' dir='ltr' id='par_1_39' title="bbox 2103 1299 3676 1368">
     <span class='ocr_line' id='line_1_39' title="bbox 2103 1299 3676 1368; baseline -0.004 -11"><span class='ocrx_word' id='word_1_271' title='bbox 2103 1311 2183 1357; x_wconf 88' lang='lat' dir='ltr'><strong>est</strong></span> <span class='ocrx_word' id='word_1_272' title='bbox 2241 1299 2772 1366; x_wconf 80' lang='lat' dir='ltr'><strong>extra,Jernsa|em.</strong></span> <span class='ocrx_word' id='word_1_273' title='bbox 2814 1300 2938 1355; x_wconf 85' lang='lat' dir='ltr'><strong>Ideo</strong></span> <span class='ocrx_word' id='word_1_274' title='bbox 2991 1302 3155 1355; x_wconf 89' lang='lat' dir='ltr'><strong>etiam</strong></span> <span class='ocrx_word' id='word_1_275' title='bbox 3211 1311 3365 1353; x_wconf 81' lang='lat' dir='ltr'><strong>extra</strong></span> <span class='ocrx_word' id='word_1_276' title='bbox 3415 1299 3676 1368; x_wconf 86' lang='lat' dir='ltr'><strong>templum</strong></span> 
     </span>
    </p>
   </div>
   <div class='ocr_carea' id='block_1_40' title="bbox 2100 1391 3676 1463">
    <p class='ocr_par' dir='ltr' id='par_1_40' title="bbox 2100 1391 3676 1463">
     <span class='ocr_line' id='line_1_40' title="bbox 2100 1391 3676 1463; baseline -0.002 -15"><span class='ocrx_word' id='word_1_277' title='bbox 2100 1409 2238 1448; x_wconf 80' lang='lat' dir='ltr'><strong>crux</strong></span> <span class='ocrx_word' id='word_1_278' title='bbox 2273 1395 2394 1463; x_wconf 91' lang='lat' dir='ltr'><strong>ejus</strong></span> <span class='ocrx_word' id='word_1_279' title='bbox 2425 1395 2621 1459; x_wconf 78' lang='lat' dir='ltr'><strong>fertur,</strong></span> <span class='ocrx_word' id='word_1_280' title='bbox 2653 1404 2710 1448; x_wconf 92' lang='lat' dir='ltr'><strong>ut</strong></span> <span class='ocrx_word' id='word_1_281' title='bbox 2733 1408 2898 1462; x_wconf 89' lang='lat' dir='ltr'><strong>quum</strong></span> <span class='ocrx_word' id='word_1_282' title='bbox 2933 1393 3022 1447; x_wconf 91' lang='lat' dir='ltr'><strong>ille</strong></span> <span class='ocrx_word' id='word_1_283' title='bbox 3055 1406 3248 1460; x_wconf 88' lang='lat' dir='ltr'><strong>passus</strong></span> <span class='ocrx_word' id='word_1_284' title='bbox 3277 1399 3360 1446; x_wconf 89' lang='lat' dir='ltr'><strong>est</strong></span> <span class='ocrx_word' id='word_1_285' title='bbox 3386 1399 3441 1446; x_wconf 89' lang='lat' dir='ltr'><strong>et</strong></span> <span class='ocrx_word' id='word_1_286' title='bbox 3467 1391 3676 1445; x_wconf 85' lang='lat' dir='ltr'><strong>contri-</strong></span> 
     </span>
    </p>
   </div>
   <div class='ocr_carea' id='block_1_41' title="bbox 2105 1483 3676 1555">
    <p class='ocr_par' dir='ltr' id='par_1_41' title="bbox 2105 1483 3676 1555">
     <span class='ocr_line' id='line_1_41' title="bbox 2105 1483 3676 1555; baseline -0.002 -16"><span class='ocrx_word' id='word_1_287' title='bbox 2105 1495 2192 1539; x_wconf 88' lang='lat' dir='ltr'><strong>tus</strong></span> <span class='ocrx_word' id='word_1_288' title='bbox 2226 1497 2376 1540; x_wconf 79' lang='lat' dir='ltr'><strong>extra</strong></span> <span class='ocrx_word' id='word_1_289' title='bbox 2411 1496 2627 1555; x_wconf 89' lang='lat' dir='ltr'><strong>propter</strong></span> <span class='ocrx_word' id='word_1_290' title='bbox 2668 1485 2840 1540; x_wconf 82' lang='lat' dir='ltr'><strong>Adam</strong></span> <span class='ocrx_word' id='word_1_291' title='bbox 2879 1485 3019 1539; x_wconf 89' lang='lat' dir='ltr'><strong>intra</strong></span> <span class='ocrx_word' id='word_1_292' title='bbox 3077 1483 3246 1539; x_wconf 87' lang='lat' dir='ltr'><strong>Edem</strong></span> <span class='ocrx_word' id='word_1_293' title='bbox 3295 1491 3588 1550; x_wconf 86' lang='lat' dir='ltr'><strong>tentatum,</strong></span> <span class='ocrx_word' id='word_1_294' title='bbox 3620 1489 3676 1536; x_wconf 89' lang='lat' dir='ltr'><strong>et</strong></span> 
     </span>
    </p>
   </div>
   <div class='ocr_carea' id='block_1_42' title="bbox 2103 1574 3677 1643">
    <p class='ocr_par' dir='ltr' id='par_1_42' title="bbox 2103 1574 3677 1643">
     <span class='ocr_line' id='line_1_42' title="bbox 2103 1574 3677 1643; baseline 0.001 -17"><span class='ocrx_word' id='word_1_295' title='bbox 2103 1575 2305 1626; x_wconf 75' lang='lat' dir='ltr'><strong>victum</strong></span> <span class='ocrx_word' id='word_1_296' title='bbox 2341 1584 2502 1643; x_wconf 77' lang='lat' dir='ltr'><strong>atque</strong></span> <span class='ocrx_word' id='word_1_297' title='bbox 2555 1574 2896 1628; x_wconf 82' lang='lat' dir='ltr'><strong>interfectum</strong></span> <span class='ocrx_word' id='word_1_298' title='bbox 2953 1588 3019 1628; x_wconf 87' lang='lat' dir='ltr'><strong>ac</strong></span> <span class='ocrx_word' id='word_1_299' title='bbox 3054 1574 3181 1628; x_wconf 92' lang='lat' dir='ltr'><strong>inde</strong></span> <span class='ocrx_word' id='word_1_300' title='bbox 3225 1574 3537 1642; x_wconf 80' lang='lat' dir='ltr'><strong>expulsum.</strong></span> <span class='ocrx_word' id='word_1_301' title='bbox 3570 1587 3677 1628; x_wconf 79' lang='lat' dir='ltr'><strong>nos</strong></span> 
     </span>
    </p>
   </div>
   <div class='ocr_carea' id='block_1_43' title="bbox 2106 1665 3675 1734">
    <p class='ocr_par' dir='ltr' id='par_1_43' title="bbox 2106 1665 3675 1734">
     <span class='ocr_line' id='line_1_43' title="bbox 2106 1665 3675 1734; baseline -0.002 -18"><span class='ocrx_word' id='word_1_302' title='bbox 2106 1665 2254 1719; x_wconf 90' lang='lat' dir='ltr'><strong>intus</strong></span> <span class='ocrx_word' id='word_1_303' title='bbox 2277 1667 2611 1720; x_wconf 89' lang='lat' dir='ltr'><strong>introeamus</strong></span> <span class='ocrx_word' id='word_1_304' title='bbox 2628 1682 2720 1734; x_wconf 70' lang='lat' dir='ltr'><strong>per</strong></span> <span class='ocrx_word' id='word_1_305' title='bbox 2736 1665 2922 1721; x_wconf 88' lang='lat' dir='ltr'><strong>Jesum</strong></span> <span class='ocrx_word' id='word_1_306' title='bbox 2941 1675 3092 1720; x_wconf 78' lang='lat' dir='ltr'><strong>extra</strong></span> <span class='ocrx_word' id='word_1_307' title='bbox 3105 1665 3404 1721; x_wconf 83' lang='lat' dir='ltr'><strong>Jerusalem</strong></span> <span class='ocrx_word' id='word_1_308' title='bbox 3429 1679 3675 1734; x_wconf 86' lang='lat' dir='ltr'><strong>passum,</strong></span> 
     </span>
    </p>
   </div>
   <div class='ocr_carea' id='block_1_44' title="bbox 2103 1740 3674 1827">
    <p class='ocr_par' dir='ltr' id='par_1_44' title="bbox 2103 1740 3674 1827">
     <span class='ocr_line' id='line_1_44' title="bbox 2103 1740 3674 1827; baseline 0 -19"><span class='ocrx_word' id='word_1_309' title='bbox 2103 1740 2310 1809; x_wconf 77' lang='lat' dir='ltr'><strong>necnon</strong></span> <span class='ocrx_word' id='word_1_310' title='bbox 2348 1773 2470 1810; x_wconf 90' lang='lat' dir='ltr'><strong>eum</strong></span> <span class='ocrx_word' id='word_1_311' title='bbox 2513 1772 2578 1810; x_wconf 86' lang='lat' dir='ltr'><strong>eo</strong></span> <span class='ocrx_word' id='word_1_312' title='bbox 2639 1765 2826 1825; x_wconf 88' lang='lat' dir='ltr'><strong>utp0te</strong></span> <span class='ocrx_word' id='word_1_313' title='bbox 2859 1757 3128 1811; x_wconf 80' lang='lat' dir='ltr'><strong>cmlorum</strong></span> <span class='ocrx_word' id='word_1_314' title='bbox 3191 1772 3317 1827; x_wconf 88' lang='lat' dir='ltr'><strong>rege</strong></span> <span class='ocrx_word' id='word_1_315' title='bbox 3364 1757 3418 1810; x_wconf 91' lang='lat' dir='ltr'><strong>in</strong></span> <span class='ocrx_word' id='word_1_316' title='bbox 3471 1757 3674 1810; x_wconf 61' lang='lat' dir='ltr'><strong>caelum</strong></span> 
     </span>
    </p>
   </div>
   <div class='ocr_carea' id='block_1_45' title="bbox 2101 1848 3675 1917">
    <p class='ocr_par' dir='ltr' id='par_1_45' title="bbox 2101 1848 3675 1917">
     <span class='ocr_line' id='line_1_45' title="bbox 2101 1848 3675 1917; baseline 0.003 -17"><span class='ocrx_word' id='word_1_317' title='bbox 2101 1863 2511 1917; x_wconf 77' lang='lat' dir='ltr'><strong>congregemur.</strong></span> <span class='ocrx_word' id='word_1_318' title='bbox 2565 1848 2723 1902; x_wconf 81' lang='lat' dir='ltr'><strong>Tales</strong></span> <span class='ocrx_word' id='word_1_319' title='bbox 2768 1849 3108 1904; x_wconf 55' lang='lat' dir='ltr'><strong>sunt‘oﬂicii</strong></span> <span class='ocrx_word' id='word_1_320' title='bbox 3182 1848 3436 1905; x_wconf 86' lang='lat' dir='ltr'><strong>matutini</strong></span> <span class='ocrx_word' id='word_1_321' title='bbox 3514 1849 3675 1904; x_wconf 83' lang='lat' dir='ltr'><strong>ritus.</strong></span> 
     </span>
    </p>
   </div>
   <div class='ocr_carea' id='block_1_46' title="bbox 2104 1937 3675 2010">
    <p class='ocr_par' dir='ltr' id='par_1_46' title="bbox 2104 1937 3675 2010">
     <span class='ocr_line' id='line_1_46' title="bbox 2104 1937 3675 2010; baseline 0.001 -20"><span class='ocrx_word' id='word_1_322' title='bbox 2104 1937 2266 1992; x_wconf 81' lang='lat' dir='ltr'><strong>Facta</strong></span> <span class='ocrx_word' id='word_1_323' title='bbox 2317 1949 2494 1993; x_wconf 75' lang='lat' dir='ltr'><strong>autem</strong></span> <span class='ocrx_word' id='word_1_324' title='bbox 2567 1940 2799 1995; x_wconf 88' lang='lat' dir='ltr'><strong>lectione</strong></span> <span class='ocrx_word' id='word_1_325' title='bbox 2853 1950 2906 1994; x_wconf 88' lang='lat' dir='ltr'><strong>et</strong></span> <span class='ocrx_word' id='word_1_326' title='bbox 2977 1944 3278 2010; x_wconf 68' lang='lat' dir='ltr'><strong>praesertim</strong></span> <span class='ocrx_word' id='word_1_327' title='bbox 3340 1940 3675 1995; x_wconf 87' lang='lat' dir='ltr'><strong>lectiuncula</strong></span> 
     </span>
    </p>
   </div>
   <div class='ocr_carea' id='block_1_47' title="bbox 2107 2026 3673 2100">
    <p class='ocr_par' dir='ltr' id='par_1_47' title="bbox 2107 2026 3673 2100">
     <span class='ocr_line' id='line_1_47' title="bbox 2107 2026 3673 2100; baseline 0.003 -20"><span class='ocrx_word' id='word_1_328' title='bbox 2107 2026 2488 2083; x_wconf 80' lang='lat' dir='ltr'><strong>manifestanle</strong></span> <span class='ocrx_word' id='word_1_329' title='bbox 2507 2045 2706 2099; x_wconf 79' lang='lat' dir='ltr'><strong>agones</strong></span> <span class='ocrx_word' id='word_1_330' title='bbox 2734 2046 2921 2085; x_wconf 86' lang='lat' dir='ltr'><strong>eorum</strong></span> <span class='ocrx_word' id='word_1_331' title='bbox 2957 2029 3050 2100; x_wconf 90' lang='lat' dir='ltr'><strong>qui</strong></span> <span class='ocrx_word' id='word_1_332' title='bbox 3104 2046 3203 2100; x_wconf 89' lang='lat' dir='ltr'><strong>pro</strong></span> <span class='ocrx_word' id='word_1_333' title='bbox 3253 2030 3474 2085; x_wconf 83' lang='lat' dir='ltr'><strong>Christo</strong></span> <span class='ocrx_word' id='word_1_334' title='bbox 3525 2030 3673 2098; x_wconf 85' lang='lat' dir='ltr'><strong>passi</strong></span> 
     </span>
    </p>
   </div>
   <div class='ocr_carea' id='block_1_48' title="bbox 2101 2121 3672 2193">
    <p class='ocr_par' dir='ltr' id='par_1_48' title="bbox 2101 2121 3672 2193">
     <span class='ocr_line' id='line_1_48' title="bbox 2101 2121 3672 2193; baseline 0 -18"><span class='ocrx_word' id='word_1_335' title='bbox 2101 2129 2251 2186; x_wconf 88' lang='lat' dir='ltr'><strong>sunt,</strong></span> <span class='ocrx_word' id='word_1_336' title='bbox 2289 2122 2373 2174; x_wconf 83' lang='lat' dir='ltr'><strong>vel</strong></span> <span class='ocrx_word' id='word_1_337' title='bbox 2432 2136 2494 2176; x_wconf 83' lang='lat' dir='ltr'><strong>ea</strong></span> <span class='ocrx_word' id='word_1_338' title='bbox 2521 2139 2642 2192; x_wconf 75' lang='lat' dir='ltr'><strong>qua:</strong></span> <span class='ocrx_word' id='word_1_339' title='bbox 2675 2123 2741 2177; x_wconf 85' lang='lat' dir='ltr'><strong>ad</strong></span> <span class='ocrx_word' id='word_1_340' title='bbox 2790 2121 2990 2178; x_wconf 83' lang='lat' dir='ltr'><strong>festum</strong></span> <span class='ocrx_word' id='word_1_341' title='bbox 3054 2139 3355 2179; x_wconf 88' lang='lat' dir='ltr'><strong>occurrens</strong></span> <span class='ocrx_word' id='word_1_342' title='bbox 3398 2131 3672 2193; x_wconf 85' lang='lat' dir='ltr'><strong>spectant,</strong></span> 
     </span>
    </p>
   </div>
   <div class='ocr_carea' id='block_1_49' title="bbox 2103 2213 3672 2283">
    <p class='ocr_par' dir='ltr' id='par_1_49' title="bbox 2103 2213 3672 2283">
     <span class='ocr_line' id='line_1_49' title="bbox 2103 2213 3672 2283; baseline 0.003 -20"><span class='ocrx_word' id='word_1_343' title='bbox 2103 2213 2185 2263; x_wconf 85' lang='lat' dir='ltr'><strong>vel</strong></span> <span class='ocrx_word' id='word_1_344' title='bbox 2216 2221 2337 2264; x_wconf 85' lang='lat' dir='ltr'><strong>acta</strong></span> <span class='ocrx_word' id='word_1_345' title='bbox 2380 2228 2569 2266; x_wconf 88' lang='lat' dir='ltr'><strong>eorum</strong></span> <span class='ocrx_word' id='word_1_346' title='bbox 2599 2213 2693 2283; x_wconf 86' lang='lat' dir='ltr'><strong>qui</strong></span> <span class='ocrx_word' id='word_1_347' title='bbox 2737 2222 2926 2268; x_wconf 85' lang='lat' dir='ltr'><strong>sancte</strong></span> <span class='ocrx_word' id='word_1_348' title='bbox 2959 2215 3010 2268; x_wconf 92' lang='lat' dir='ltr'><strong>in</strong></span> <span class='ocrx_word' id='word_1_349' title='bbox 3060 2213 3281 2269; x_wconf 86' lang='lat' dir='ltr'><strong>Christo</strong></span> <span class='ocrx_word' id='word_1_350' title='bbox 3325 2213 3672 2268; x_wconf 80' lang='lat' dir='ltr'><strong>dormierunt</strong></span> 
     </span>
    </p>
   </div>
   <div class='ocr_carea' id='block_1_50' title="bbox 2101 2303 3676 2370">
    <p class='ocr_par' dir='ltr' id='par_1_50' title="bbox 2101 2303 3676 2370">
     <span class='ocr_line' id='line_1_50' title="bbox 2101 2303 3676 2370; baseline 0.003 -16"><span class='ocrx_word' id='word_1_351' title='bbox 2101 2303 2220 2370; x_wconf 83' lang='lat' dir='ltr'><strong>ejus</strong></span> <span class='ocrx_word' id='word_1_352' title='bbox 2255 2314 2484 2358; x_wconf 85' lang='lat' dir='ltr'><strong>mortem</strong></span> <span class='ocrx_word' id='word_1_353' title='bbox 2511 2315 2562 2360; x_wconf 90' lang='lat' dir='ltr'><strong>et</strong></span> <span class='ocrx_word' id='word_1_354' title='bbox 2590 2306 3054 2360; x_wconf 68' lang='lat' dir='ltr'><strong>resurrectionem</strong></span> <span class='ocrx_word' id='word_1_355' title='bbox 3083 2304 3306 2370; x_wconf 77' lang='lat' dir='ltr'><strong>imitati,</strong></span> <span class='ocrx_word' id='word_1_356' title='bbox 3341 2319 3562 2358; x_wconf 79' lang='lat' dir='ltr'><strong>rursum</strong></span> <span class='ocrx_word' id='word_1_357' title='bbox 3613 2305 3676 2359; x_wconf 83' lang='lat' dir='ltr'><strong>ﬁt</strong></span> 
     </span>
    </p>
   </div>
   <div class='ocr_carea' id='block_1_51' title="bbox 2102 2395 3670 2466">
    <p class='ocr_par' dir='ltr' id='par_1_51' title="bbox 2102 2395 3670 2466">
     <span class='ocr_line' id='line_1_51' title="bbox 2102 2395 3670 2466; baseline 0.001 -19"><span class='ocrx_word' id='word_1_358' title='bbox 2102 2396 2388 2448; x_wconf 83' lang='lat' dir='ltr'><strong>continens</strong></span> <span class='ocrx_word' id='word_1_359' title='bbox 2409 2396 2605 2463; x_wconf 88' lang='lat' dir='ltr'><strong>oratio,</strong></span> <span class='ocrx_word' id='word_1_360' title='bbox 2629 2406 2682 2450; x_wconf 88' lang='lat' dir='ltr'><strong>et</strong></span> <span class='ocrx_word' id='word_1_361' title='bbox 2707 2397 2950 2466; x_wconf 83' lang='lat' dir='ltr'><strong>psalmus</strong></span> <span class='ocrx_word' id='word_1_362' title='bbox 2971 2395 3258 2451; x_wconf 64' lang='lat' dir='ltr'><strong>«Miserere</strong></span> <span class='ocrx_word' id='word_1_363' title='bbox 3289 2397 3416 2461; x_wconf 90' lang='lat' dir='ltr'><strong>mei,</strong></span> <span class='ocrx_word' id='word_1_364' title='bbox 3445 2396 3586 2451; x_wconf 86' lang='lat' dir='ltr'><strong>Deus</strong></span> <span class='ocrx_word' id='word_1_365' title='bbox 3621 2414 3670 2454; x_wconf 73' lang='grc' dir='ltr'><strong>ς»</strong></span> 
     </span>
    </p>
   </div>
   <div class='ocr_carea' id='block_1_52' title="bbox 2103 2487 3672 2561">
    <p class='ocr_par' dir='ltr' id='par_1_52' title="bbox 2103 2487 3672 2561">
     <span class='ocr_line' id='line_1_52' title="bbox 2103 2487 3672 2561; baseline 0.001 -21"><span class='ocrx_word' id='word_1_366' title='bbox 2103 2501 2228 2540; x_wconf 89' lang='lat' dir='ltr'><strong>cum</strong></span> <span class='ocrx_word' id='word_1_367' title='bbox 2284 2488 2552 2541; x_wconf 77' lang='lat' dir='ltr'><strong>versiculo</strong></span> <span class='ocrx_word' id='word_1_368' title='bbox 2603 2487 2912 2541; x_wconf 86' lang='lat' dir='ltr'><strong>inlercalari</strong></span> <span class='ocrx_word' id='word_1_369' title='bbox 2954 2496 3009 2542; x_wconf 90' lang='lat' dir='ltr'><strong>et</strong></span> <span class='ocrx_word' id='word_1_370' title='bbox 3041 2490 3317 2543; x_wconf 86' lang='lat' dir='ltr'><strong>modulato</strong></span> <span class='ocrx_word' id='word_1_371' title='bbox 3372 2487 3672 2561; x_wconf 84' lang='lat' dir='ltr'><strong>psallitur;</strong></span> 
     </span>
    </p>
   </div>
   <div class='ocr_carea' id='block_1_53' title="bbox 2105 2581 3018 2650">
    <p class='ocr_par' dir='ltr' id='par_1_53' title="bbox 2105 2581 3018 2650">
     <span class='ocr_line' id='line_1_53' title="bbox 2105 2581 3018 2650; baseline 0.004 -18"><span class='ocrx_word' id='word_1_372' title='bbox 2105 2581 2249 2648; x_wconf 84' lang='lat' dir='ltr'><strong>quod</strong></span> <span class='ocrx_word' id='word_1_373' title='bbox 2283 2582 2753 2650; x_wconf 77' lang='grc' dir='ltr'>πεντηκοστάριον</span> <span class='ocrx_word' id='word_1_374' title='bbox 2793 2581 3018 2636; x_wconf 81' lang='lat' dir='ltr'><strong>dicitur.</strong></span> 
     </span>
    </p>
   </div>
   <div class='ocr_carea' id='block_1_54' title="bbox 449 2665 3660 2744">
    <p class='ocr_par' dir='ltr' id='par_1_54' title="bbox 449 2665 3660 2744">
     <span class='ocr_line' id='line_1_54' title="bbox 449 2665 3660 2744; baseline 0.002 -23"><span class='ocrx_word' id='word_1_375' title='bbox 449 2665 560 2720; x_wconf 70' lang='grc' dir='ltr'>τῶν</span> <span class='ocrx_word' id='word_1_376' title='bbox 582 2672 828 2741; x_wconf 81' lang='grc' dir='ltr'>οὐρανῶν</span> <span class='ocrx_word' id='word_1_377' title='bbox 849 2675 926 2734; x_wconf 86' lang='grc' dir='ltr'><strong>είς</strong></span> <span class='ocrx_word' id='word_1_378' title='bbox 953 2673 1042 2726; x_wconf 82' lang='grc' dir='ltr'>τὸν</span> <span class='ocrx_word' id='word_1_379' title='bbox 1063 2675 1291 2744; x_wconf 66' lang='grc' dir='ltr'>ούρανὶν</span> <span class='ocrx_word' id='word_1_380' title='bbox 1323 2669 1755 2742; x_wconf 80' lang='grc' dir='ltr'>συνανέλθωμεν.</span> <span class='ocrx_word' id='word_1_381' title='bbox 1781 2672 2020 2726; x_wconf 82' lang='grc' dir='ltr'>Τοιαῦτα</span> <span class='ocrx_word' id='word_1_382' title='bbox 2060 2676 2151 2726; x_wconf 79' lang='grc' dir='ltr'>καὶ</span> <span class='ocrx_word' id='word_1_383' title='bbox 2196 2675 2264 2726; x_wconf 71' lang='grc' dir='ltr'><strong>τὰ</strong></span> <span class='ocrx_word' id='word_1_384' title='bbox 2305 2673 2395 2725; x_wconf 88' lang='grc' dir='ltr'><strong>τοῦ</strong></span> <span class='ocrx_word' id='word_1_385' title='bbox 2450 2673 2668 2744; x_wconf 74' lang='grc' dir='ltr'>ὄρθρου.</span> <span class='ocrx_word' id='word_1_386' title='bbox 2709 2671 3095 2741; x_wconf 83' lang='grc' dir='ltr'>Ἀναγνώσεως</span> <span class='ocrx_word' id='word_1_387' title='bbox 3145 2672 3200 2724; x_wconf 73' lang='grc' dir='ltr'>δὲ</span> <span class='ocrx_word' id='word_1_388' title='bbox 3242 2673 3512 2744; x_wconf 67' lang='grc' dir='ltr'>τιθείσης,</span> <span class='ocrx_word' id='word_1_389' title='bbox 3562 2673 3660 2727; x_wconf 72' lang='grc' dir='ltr'>καὶ</span> 
     </span>
    </p>
   </div>
   <div class='ocr_carea' id='block_1_55' title="bbox 442 2763 3664 2837">
    <p class='ocr_par' dir='ltr' id='par_1_55' title="bbox 442 2763 3664 2837">
     <span class='ocr_line' id='line_1_55' title="bbox 442 2763 3664 2837; baseline 0 -20"><span class='ocrx_word' id='word_1_390' title='bbox 442 2763 677 2830; x_wconf 76' lang='grc' dir='ltr'>μάλιστα</span> <span class='ocrx_word' id='word_1_391' title='bbox 724 2764 819 2818; x_wconf 85' lang='grc' dir='ltr'><strong>τοῦ</strong></span> <span class='ocrx_word' id='word_1_392' title='bbox 863 2765 1207 2835; x_wconf 75' lang='grc' dir='ltr'>συναξαρίου,</span> <span class='ocrx_word' id='word_1_393' title='bbox 1239 2765 1306 2817; x_wconf 74' lang='grc' dir='ltr'>τὰ</span> <span class='ocrx_word' id='word_1_394' title='bbox 1357 2765 1467 2819; x_wconf 84' lang='grc' dir='ltr'><strong>τῶν</strong></span> <span class='ocrx_word' id='word_1_395' title='bbox 1523 2766 1805 2820; x_wconf 82' lang='grc' dir='ltr'>παθόντων</span> <span class='ocrx_word' id='word_1_396' title='bbox 1866 2765 2004 2835; x_wconf 82' lang='grc' dir='ltr'>ὑπὲρ</span> <span class='ocrx_word' id='word_1_397' title='bbox 2037 2766 2274 2835; x_wconf 81' lang='grc' dir='ltr'>Χριστοῦ</span> <span class='ocrx_word' id='word_1_398' title='bbox 2301 2765 2605 2834; x_wconf 77' lang='grc' dir='ltr'>δηλοῦντος,</span> <span class='ocrx_word' id='word_1_399' title='bbox 2638 2767 2670 2836; x_wconf 80' lang='grc' dir='ltr'>ἢ</span> <span class='ocrx_word' id='word_1_400' title='bbox 2698 2767 2766 2818; x_wconf 80' lang='grc' dir='ltr'>τὰ</span> <span class='ocrx_word' id='word_1_401' title='bbox 2793 2769 2920 2837; x_wconf 83' lang='grc' dir='ltr'>περὶ</span> <span class='ocrx_word' id='word_1_402' title='bbox 2963 2765 3066 2832; x_wconf 79' lang='grc' dir='ltr'>τῆς</span> <span class='ocrx_word' id='word_1_403' title='bbox 3125 2766 3485 2836; x_wconf 78' lang='grc' dir='ltr'>ἐνισταμένης</span> <span class='ocrx_word' id='word_1_404' title='bbox 3541 2767 3664 2835; x_wconf 81' lang='grc' dir='ltr'>ἑορ-</span> 
     </span>
    </p>
   </div>
   <div class='ocr_carea' id='block_1_56' title="bbox 437 2856 3672 2933">
    <p class='ocr_par' dir='ltr' id='par_1_56' title="bbox 437 2856 3672 2933">
     <span class='ocr_line' id='line_1_56' title="bbox 437 2856 3672 2933; baseline 0.001 -21"><span class='ocrx_word' id='word_1_405' title='bbox 437 2857 556 2926; x_wconf 71' lang='grc' dir='ltr'>τῆς,</span> <span class='ocrx_word' id='word_1_406' title='bbox 599 2861 632 2930; x_wconf 75' lang='grc' dir='ltr'>ἢ</span> <span class='ocrx_word' id='word_1_407' title='bbox 682 2861 750 2914; x_wconf 83' lang='grc' dir='ltr'><strong>τά</strong></span> <span class='ocrx_word' id='word_1_408' title='bbox 782 2862 889 2914; x_wconf 85' lang='grc' dir='ltr'><strong>τῶν</strong></span> <span class='ocrx_word' id='word_1_409' title='bbox 925 2860 1320 2914; x_wconf 79' lang='grc' dir='ltr'>τελειωθέντων</span> <span class='ocrx_word' id='word_1_410' title='bbox 1355 2860 1520 2921; x_wconf 82' lang='grc' dir='ltr'>όσίως</span> <span class='ocrx_word' id='word_1_411' title='bbox 1547 2859 1634 2912; x_wconf 81' lang='grc' dir='ltr'>διὰ</span> <span class='ocrx_word' id='word_1_412' title='bbox 1662 2858 1919 2927; x_wconf 79' lang='grc' dir='ltr'>Χριστὸν,</span> <span class='ocrx_word' id='word_1_413' title='bbox 1951 2857 1999 2910; x_wconf 80' lang='grc' dir='ltr'>οἳ</span> <span class='ocrx_word' id='word_1_414' title='bbox 2041 2856 2132 2909; x_wconf 83' lang='grc' dir='ltr'>τὸν</span> <span class='ocrx_word' id='word_1_415' title='bbox 2162 2859 2500 2914; x_wconf 82' lang='grc' dir='ltr'>ἀποθανόντα</span> <span class='ocrx_word' id='word_1_416' title='bbox 2525 2863 2618 2914; x_wconf 74' lang='grc' dir='ltr'>καὶ</span> <span class='ocrx_word' id='word_1_417' title='bbox 2640 2863 2948 2915; x_wconf 74' lang='grc' dir='ltr'>ἀναστάντα</span> <span class='ocrx_word' id='word_1_418' title='bbox 3000 2862 3236 2929; x_wconf 65' lang='grc' dir='ltr'>Χριστδν</span> <span class='ocrx_word' id='word_1_419' title='bbox 3303 2860 3672 2933; x_wconf 77' lang='grc' dir='ltr'>ἐμιμήσαντο,</span> 
     </span>
    </p>
   </div>
   <div class='ocr_carea' id='block_1_57' title="bbox 434 2951 3666 3028">
    <p class='ocr_par' dir='ltr' id='par_1_57' title="bbox 434 2951 3666 3028">
     <span class='ocr_line' id='line_1_57' title="bbox 434 2951 3666 3028; baseline 0.003 -26"><span class='ocrx_word' id='word_1_420' title='bbox 434 2952 595 3006; x_wconf 87' lang='grc' dir='ltr'>πάλιν</span> <span class='ocrx_word' id='word_1_421' title='bbox 625 2955 658 3023; x_wconf 79' lang='grc' dir='ltr'><strong>ἡ</strong></span> <span class='ocrx_word' id='word_1_422' title='bbox 682 2955 904 3026; x_wconf 71' lang='grc' dir='ltr'>ἐκτενης</span> <span class='ocrx_word' id='word_1_423' title='bbox 933 2958 1140 3021; x_wconf 84' lang='grc' dir='ltr'>γίνεται</span> <span class='ocrx_word' id='word_1_424' title='bbox 1170 2956 1390 3025; x_wconf 83' lang='grc' dir='ltr'>δέησις·</span> <span class='ocrx_word' id='word_1_425' title='bbox 1415 2953 1511 3008; x_wconf 73' lang='grc' dir='ltr'>καὶ</span> <span class='ocrx_word' id='word_1_426' title='bbox 1534 2954 1615 3020; x_wconf 75' lang='grc' dir='ltr'><strong>τὸ,</strong></span> <span class='ocrx_word' id='word_1_427' title='bbox 1655 2973 1674 3006; x_wconf 80' lang='grc' dir='ltr'><strong>ι</strong></span> <span class='ocrx_word' id='word_1_428' title='bbox 1736 2951 1991 3020; x_wconf 81' lang='grc' dir='ltr'>Ἐλέησόν</span> <span class='ocrx_word' id='word_1_429' title='bbox 2034 2956 2170 3023; x_wconf 88' lang='grc' dir='ltr'>με,ό</span> <span class='ocrx_word' id='word_1_430' title='bbox 2205 2954 2357 3017; x_wconf 75' lang='grc' dir='ltr'>Θεὸς,</span> <span class='ocrx_word' id='word_1_431' title='bbox 2403 2973 2420 3005; x_wconf 76' lang='grc' dir='ltr'><strong>ι</strong></span> <span class='ocrx_word' id='word_1_432' title='bbox 2484 2955 2623 3023; x_wconf 85' lang='grc' dir='ltr'><strong>μετά</strong></span> <span class='ocrx_word' id='word_1_433' title='bbox 2681 2955 2942 3027; x_wconf 85' lang='grc' dir='ltr'>ἀρμοδίου</span> <span class='ocrx_word' id='word_1_434' title='bbox 2990 2953 3311 3025; x_wconf 68' lang='grc' dir='ltr'>ὑποψάλμου</span> <span class='ocrx_word' id='word_1_435' title='bbox 3371 2955 3578 3028; x_wconf 70' lang='grc' dir='ltr'>ᾄδεται,</span> <span class='ocrx_word' id='word_1_436' title='bbox 3635 2957 3666 3012; x_wconf 81' lang='grc' dir='ltr'><strong>δ</strong></span> 
     </span>
    </p>
   </div>
   <div class='ocr_carea' id='block_1_58' title="bbox 427 3051 1158 3122">
    <p class='ocr_par' dir='ltr' id='par_1_58' title="bbox 427 3051 1158 3122">
     <span class='ocr_line' id='line_1_58' title="bbox 427 3051 1158 3122; baseline 0.003 -19"><span class='ocrx_word' id='word_1_437' title='bbox 427 3052 889 3122; x_wconf 83' lang='grc' dir='ltr'>πεντηκοστάριον</span> <span class='ocrx_word' id='word_1_438' title='bbox 921 3051 1158 3117; x_wconf 86' lang='grc' dir='ltr'>λέγεται.</span> 
     </span>
    </p>
   </div>
   <div class='ocr_carea' id='block_1_59' title="bbox 984 3141 1431 3197">
    <p class='ocr_par' dir='ltr' id='par_1_59' title="bbox 984 3141 1431 3197">
     <span class='ocr_line' id='line_1_59' title="bbox 984 3141 1431 3197; baseline 0.007 -3"><span class='ocrx_word' id='word_1_439' title='bbox 984 3144 1230 3196; x_wconf 75' lang='grc' dir='ltr'><strong>ΚΕΦΑΛ.</strong></span> <span class='ocrx_word' id='word_1_440' title='bbox 1255 3141 1431 3197; x_wconf 75' lang='lat' dir='ltr'><strong>TNA&#39;.</strong></span> 
     </span>
    </p>
   </div>
   <div class='ocr_carea' id='block_1_60' title="bbox 692 3232 1712 3302">
    <p class='ocr_par' dir='ltr' id='par_1_60' title="bbox 692 3232 1712 3302">
     <span class='ocr_line' id='line_1_60' title="bbox 692 3232 1712 3302; baseline 0.001 -16"><span class='ocrx_word' id='word_1_441' title='bbox 692 3232 830 3300; x_wconf 76' lang='grc' dir='ltr'>Περὶ</span> <span class='ocrx_word' id='word_1_442' title='bbox 858 3234 964 3286; x_wconf 80' lang='grc' dir='ltr'><strong>τοῦ</strong></span> <span class='ocrx_word' id='word_1_443' title='bbox 1004 3233 1416 3300; x_wconf 62' lang='grc' dir='ltr'>πεντηκοστοῦ</span> <span class='ocrx_word' id='word_1_444' title='bbox 1445 3232 1712 3302; x_wconf 70' lang='grc' dir='ltr'>ψαλμοῦ.</span> 
     </span>
    </p>
   </div>
   <div class='ocr_carea' id='block_1_61' title="bbox 500 3323 1998 3394">
    <p class='ocr_par' dir='ltr' id='par_1_61' title="bbox 500 3323 1998 3394">
     <span class='ocr_line' id='line_1_61' title="bbox 500 3323 1998 3394; baseline -0.001 -18"><span class='ocrx_word' id='word_1_445' title='bbox 500 3323 965 3394; x_wconf 81' lang='grc' dir='ltr'>Πεντηκοστάριον</span> <span class='ocrx_word' id='word_1_446' title='bbox 1025 3323 1102 3388; x_wconf 84' lang='grc' dir='ltr'>δὲ,</span> <span class='ocrx_word' id='word_1_447' title='bbox 1151 3326 1232 3377; x_wconf 83' lang='grc' dir='ltr'>ὅτι</span> <span class='ocrx_word' id='word_1_448' title='bbox 1281 3327 1374 3377; x_wconf 78' lang='grc' dir='ltr'>καὶ</span> <span class='ocrx_word' id='word_1_449' title='bbox 1413 3326 1441 3376; x_wconf 89' lang='grc' dir='ltr'>ὁ</span> <span class='ocrx_word' id='word_1_450' title='bbox 1479 3323 1693 3392; x_wconf 54' lang='lat' dir='ltr'><strong>enim;</strong></span> <span class='ocrx_word' id='word_1_451' title='bbox 1730 3338 1998 3391; x_wconf 82' lang='grc' dir='ltr'>πεντηκο-</span> 
     </span>
    </p>
   </div>
   <div class='ocr_carea' id='block_1_62' title="bbox 429 3414 1995 3485">
    <p class='ocr_par' dir='ltr' id='par_1_62' title="bbox 429 3414 1995 3485">
     <span class='ocr_line' id='line_1_62' title="bbox 429 3414 1995 3485; baseline -0.004 -13"><span class='ocrx_word' id='word_1_452' title='bbox 429 3419 574 3482; x_wconf 84' lang='grc' dir='ltr'>στός.</span> <span class='ocrx_word' id='word_1_453' title='bbox 615 3420 725 3472; x_wconf 74' lang='grc' dir='ltr'><strong>Καὶ</strong></span> <span class='ocrx_word' id='word_1_454' title='bbox 774 3417 930 3480; x_wconf 79' lang='grc' dir='ltr'>οὗτος</span> <span class='ocrx_word' id='word_1_455' title='bbox 955 3417 1031 3477; x_wconf 83' lang='grc' dir='ltr'><strong>ὡς</strong></span> <span class='ocrx_word' id='word_1_456' title='bbox 1075 3417 1170 3468; x_wconf 78' lang='grc' dir='ltr'>ἐπὶ</span> <span class='ocrx_word' id='word_1_457' title='bbox 1211 3416 1288 3485; x_wconf 85' lang='grc' dir='ltr'><strong>τῷ</strong></span> <span class='ocrx_word' id='word_1_458' title='bbox 1321 3417 1485 3482; x_wconf 82' lang='grc' dir='ltr'>φόνου</span> <span class='ocrx_word' id='word_1_459' title='bbox 1529 3415 1841 3485; x_wconf 80' lang='grc' dir='ltr'>ἐγκλήματι</span> <span class='ocrx_word' id='word_1_460' title='bbox 1897 3414 1995 3467; x_wconf 88' lang='grc' dir='ltr'><strong>τοῦ</strong></span> 
     </span>
    </p>
   </div>
   <div class='ocr_carea' id='block_1_63' title="bbox 422 3501 1996 3578">
    <p class='ocr_par' dir='ltr' id='par_1_63' title="bbox 422 3501 1996 3578">
     <span class='ocr_line' id='line_1_63' title="bbox 422 3501 1996 3578; baseline -0.005 -17"><span class='ocrx_word' id='word_1_461' title='bbox 422 3508 588 3562; x_wconf 74' lang='grc' dir='ltr'><strong>Δαὸὶδ</strong></span> <span class='ocrx_word' id='word_1_462' title='bbox 610 3510 704 3560; x_wconf 77' lang='grc' dir='ltr'>καὶ</span> <span class='ocrx_word' id='word_1_463' title='bbox 734 3510 803 3578; x_wconf 79' lang='grc' dir='ltr'>τῇ</span> <span class='ocrx_word' id='word_1_464' title='bbox 835 3507 1055 3575; x_wconf 73' lang='grc' dir='ltr'>μοιχείᾳ</span> <span class='ocrx_word' id='word_1_465' title='bbox 1076 3505 1284 3577; x_wconf 76' lang='grc' dir='ltr'>ῥηθεὶς,</span> <span class='ocrx_word' id='word_1_466' title='bbox 1319 3503 1580 3572; x_wconf 82' lang='grc' dir='ltr'>ἁρμόδιος</span> <span class='ocrx_word' id='word_1_467' title='bbox 1616 3503 1754 3573; x_wconf 73' lang='grc' dir='ltr'>πρὸς</span> <span class='ocrx_word' id='word_1_468' title='bbox 1785 3501 1996 3564; x_wconf 79' lang='grc' dir='ltr'>πάντας</span> 
     </span>
    </p>
   </div>
   <div class='ocr_carea' id='block_1_64' title="bbox 430 3592 1998 3668">
    <p class='ocr_par' dir='ltr' id='par_1_64' title="bbox 430 3592 1998 3668">
     <span class='ocr_line' id='line_1_64' title="bbox 430 3592 1998 3668; baseline -0.004 -17"><span class='ocrx_word' id='word_1_469' title='bbox 430 3597 657 3668; x_wconf 77' lang='grc' dir='ltr'>βροτοὺς</span> <span class='ocrx_word' id='word_1_470' title='bbox 690 3597 957 3662; x_wconf 78' lang='grc' dir='ltr'>εὐσεϐεῖς,</span> <span class='ocrx_word' id='word_1_471' title='bbox 994 3596 1070 3658; x_wconf 83' lang='grc' dir='ltr'>ὡς</span> <span class='ocrx_word' id='word_1_472' title='bbox 1097 3596 1387 3665; x_wconf 78' lang='grc' dir='ltr'>μετανοίας</span> <span class='ocrx_word' id='word_1_473' title='bbox 1431 3594 1650 3664; x_wconf 81' lang='grc' dir='ltr'>ψαλμός</span> <span class='ocrx_word' id='word_1_474' title='bbox 1677 3610 1692 3624; x_wconf 72' lang='grc'><strong><em>⁸</em></strong></span> <span class='ocrx_word' id='word_1_475' title='bbox 1727 3594 1820 3648; x_wconf 67' lang='grc' dir='ltr'>καὶ</span> <span class='ocrx_word' id='word_1_476' title='bbox 1858 3592 1998 3664; x_wconf 82' lang='grc' dir='ltr'>μᾶλ-</span> 
     </span>
    </p>
   </div>
   <div class='ocr_carea' id='block_1_65' title="bbox 423 3687 2006 3770">
    <p class='ocr_par' dir='ltr' id='par_1_65' title="bbox 423 3687 2006 3770">
     <span class='ocr_line' id='line_1_65' title="bbox 423 3687 2006 3770; baseline -0.001 -30"><span class='ocrx_word' id='word_1_477' title='bbox 423 3693 515 3742; x_wconf 81' lang='grc' dir='ltr'><strong>λον</strong></span> <span class='ocrx_word' id='word_1_478' title='bbox 535 3689 614 3758; x_wconf 81' lang='grc' dir='ltr'>τῷ</span> <span class='ocrx_word' id='word_1_479' title='bbox 652 3689 884 3759; x_wconf 81' lang='grc' dir='ltr'>ἀρχηγῷ</span> <span class='ocrx_word' id='word_1_480' title='bbox 912 3687 1008 3742; x_wconf 85' lang='grc' dir='ltr'><strong>τοῦ</strong></span> <span class='ocrx_word' id='word_1_481' title='bbox 1041 3689 1234 3756; x_wconf 83' lang='grc' dir='ltr'>γένους</span> <span class='ocrx_word' id='word_1_482' title='bbox 1259 3688 1451 3758; x_wconf 73' lang='grc' dir='ltr'>Ἀδὰμ,</span> <span class='ocrx_word' id='word_1_483' title='bbox 1489 3687 1849 3756; x_wconf 85' lang='grc' dir='ltr'>πεφονευκότι</span> <span class='ocrx_word' id='word_1_484' title='bbox 1869 3687 2006 3770; x_wconf 46' lang='lat' dir='ltr'><strong>tau-1</strong></span> 
     </span>
    </p>
   </div>
   <div class='ocr_carea' id='block_1_66' title="bbox 423 3778 2000 3850">
    <p class='ocr_par' dir='ltr' id='par_1_66' title="bbox 423 3778 2000 3850">
     <span class='ocr_line' id='line_1_66' title="bbox 423 3778 2000 3850; baseline -0.002 -18"><span class='ocrx_word' id='word_1_485' title='bbox 423 3784 518 3834; x_wconf 86' lang='grc' dir='ltr'><strong>τόν</strong></span> <span class='ocrx_word' id='word_1_486' title='bbox 541 3799 600 3834; x_wconf 82' lang='grc' dir='ltr'><strong>τε</strong></span> <span class='ocrx_word' id='word_1_487' title='bbox 636 3782 734 3834; x_wconf 75' lang='grc' dir='ltr'>καὶ</span> <span class='ocrx_word' id='word_1_488' title='bbox 787 3781 996 3844; x_wconf 84' lang='grc' dir='ltr'>πάντας</span> <span class='ocrx_word' id='word_1_489' title='bbox 1045 3783 1321 3848; x_wconf 83' lang='grc' dir='ltr'>γηγενεῖς,</span> <span class='ocrx_word' id='word_1_490' title='bbox 1355 3781 1450 3834; x_wconf 78' lang='grc' dir='ltr'>καὶ</span> <span class='ocrx_word' id='word_1_491' title='bbox 1506 3778 1756 3850; x_wconf 81' lang='grc' dir='ltr'>μοιχείαν</span> <span class='ocrx_word' id='word_1_492' title='bbox 1790 3778 2000 3830; x_wconf 88' lang='grc' dir='ltr'>τετελε-</span> 
     </span>
    </p>
   </div>
   <div class='ocr_carea' id='block_1_67' title="bbox 426 3870 1995 3943">
    <p class='ocr_par' dir='ltr' id='par_1_67' title="bbox 426 3870 1995 3943">
     <span class='ocr_line' id='line_1_67' title="bbox 426 3870 1995 3943; baseline -0.002 -17"><span class='ocrx_word' id='word_1_493' title='bbox 426 3875 572 3937; x_wconf 83' lang='grc' dir='ltr'>κότι,</span> <span class='ocrx_word' id='word_1_494' title='bbox 601 3872 676 3936; x_wconf 85' lang='grc' dir='ltr'>ὠς</span> <span class='ocrx_word' id='word_1_495' title='bbox 720 3873 780 3924; x_wconf 79' lang='grc' dir='ltr'><strong>τὺ</strong></span> <span class='ocrx_word' id='word_1_496' title='bbox 816 3873 892 3942; x_wconf 79' lang='grc' dir='ltr'>μὴ</span> <span class='ocrx_word' id='word_1_497' title='bbox 920 3873 1205 3942; x_wconf 82' lang='grc' dir='ltr'>δεδομένον</span> <span class='ocrx_word' id='word_1_498' title='bbox 1255 3874 1335 3934; x_wconf 86' lang='grc' dir='ltr'><strong>είς</strong></span> <span class='ocrx_word' id='word_1_499' title='bbox 1369 3873 1582 3943; x_wconf 79' lang='grc' dir='ltr'>τροφὴν</span> <span class='ocrx_word' id='word_1_500' title='bbox 1635 3870 1785 3941; x_wconf 87' lang='grc' dir='ltr'>αὐτῴ</span> <span class='ocrx_word' id='word_1_501' title='bbox 1835 3870 1995 3936; x_wconf 80' lang='grc' dir='ltr'>ξύλον</span> 
     </span>
    </p>
   </div>
   <div class='ocr_carea' id='block_1_68' title="bbox 425 3960 1994 4033">
    <p class='ocr_par' dir='ltr' id='par_1_68' title="bbox 425 3960 1994 4033">
     <span class='ocr_line' id='line_1_68' title="bbox 425 3960 1994 4033; baseline -0.001 -17"><span class='ocrx_word' id='word_1_502' title='bbox 425 3965 676 4033; x_wconf 79' lang='grc' dir='ltr'>φαγόντι,</span> <span class='ocrx_word' id='word_1_503' title='bbox 709 3963 803 4016; x_wconf 74' lang='grc' dir='ltr'>καὶ</span> <span class='ocrx_word' id='word_1_504' title='bbox 827 3963 1066 4017; x_wconf 80' lang='grc' dir='ltr'>ίσοθεῖαν</span> <span class='ocrx_word' id='word_1_505' title='bbox 1105 3964 1417 4032; x_wconf 86' lang='grc' dir='ltr'>νοσήσαντι,</span> <span class='ocrx_word' id='word_1_506' title='bbox 1446 3963 1514 4033; x_wconf 74' lang='grc' dir='ltr'>ἣν</span> <span class='ocrx_word' id='word_1_507' title='bbox 1569 3964 1672 4016; x_wconf 83' lang='grc' dir='ltr'><strong>οῦκ</strong></span> <span class='ocrx_word' id='word_1_508' title='bbox 1703 3960 1818 4030; x_wconf 74' lang='grc' dir='ltr'>εἶχε</span> <span class='ocrx_word' id='word_1_509' title='bbox 1852 3961 1994 4014; x_wconf 86' lang='grc' dir='ltr'>κατὰ</span> 
     </span>
    </p>
   </div>
   <div class='ocr_carea' id='block_1_69' title="bbox 424 4053 1994 4127">
    <p class='ocr_par' dir='ltr' id='par_1_69' title="bbox 424 4053 1994 4127">
     <span class='ocr_line' id='line_1_69' title="bbox 424 4053 1994 4127; baseline -0.001 -19"><span class='ocrx_word' id='word_1_510' title='bbox 424 4057 610 4125; x_wconf 83' lang='grc' dir='ltr'>φύσιν.</span> <span class='ocrx_word' id='word_1_511' title='bbox 642 4057 716 4109; x_wconf 88' lang='grc' dir='ltr'>Ού</span> <span class='ocrx_word' id='word_1_512' title='bbox 743 4057 851 4126; x_wconf 84' lang='grc' dir='ltr'>γὰρ</span> <span class='ocrx_word' id='word_1_513' title='bbox 889 4056 1022 4119; x_wconf 82' lang='grc' dir='ltr'>Θεὸς</span> <span class='ocrx_word' id='word_1_514' title='bbox 1075 4053 1166 4127; x_wconf 78' lang='grc' dir='ltr'>ἦν,</span> <span class='ocrx_word' id='word_1_515' title='bbox 1203 4057 1343 4110; x_wconf 86' lang='grc' dir='ltr'><strong>ἀλλά</strong></span> <span class='ocrx_word' id='word_1_516' title='bbox 1391 4057 1622 4125; x_wconf 85' lang='grc' dir='ltr'>κτίσμα,</span> <span class='ocrx_word' id='word_1_517' title='bbox 1685 4058 1782 4108; x_wconf 77' lang='grc' dir='ltr'>καὶ</span> <span class='ocrx_word' id='word_1_518' title='bbox 1823 4057 1994 4107; x_wconf 83' lang='grc' dir='ltr'>πᾶσιν</span> 
     </span>
    </p>
   </div>
   <div class='ocr_carea' id='block_1_70' title="bbox 422 4145 1995 4220">
    <p class='ocr_par' dir='ltr' id='par_1_70' title="bbox 422 4145 1995 4220">
     <span class='ocr_line' id='line_1_70' title="bbox 422 4145 1995 4220; baseline -0.004 -15"><span class='ocrx_word' id='word_1_519' title='bbox 422 4150 736 4218; x_wconf 85' lang='grc' dir='ltr'>ἀνθρώποις</span> <span class='ocrx_word' id='word_1_520' title='bbox 785 4151 989 4219; x_wconf 85' lang='grc' dir='ltr'>ὁμοίως</span> <span class='ocrx_word' id='word_1_521' title='bbox 1043 4150 1302 4204; x_wconf 89' lang='grc' dir='ltr'>πταίουσι</span> <span class='ocrx_word' id='word_1_522' title='bbox 1354 4149 1652 4220; x_wconf 84' lang='grc' dir='ltr'>προσήκων</span> <span class='ocrx_word' id='word_1_523' title='bbox 1708 4146 1847 4200; x_wconf 86' lang='grc' dir='ltr'>ἐστί.</span> <span class='ocrx_word' id='word_1_524' title='bbox 1902 4145 1995 4198; x_wconf 87' lang='grc' dir='ltr'><strong>Διὸ</strong></span> 
     </span>
    </p>
   </div>
   <div class='ocr_carea' id='block_1_71' title="bbox 419 4237 1991 4313">
    <p class='ocr_par' dir='ltr' id='par_1_71' title="bbox 419 4237 1991 4313">
     <span class='ocr_line' id='line_1_71' title="bbox 419 4237 1991 4313; baseline -0.004 -15"><span class='ocrx_word' id='word_1_525' title='bbox 419 4245 518 4298; x_wconf 75' lang='grc' dir='ltr'>καὶ</span> <span class='ocrx_word' id='word_1_526' title='bbox 553 4239 709 4307; x_wconf 76' lang='grc' dir='ltr'>οὗτος</span> <span class='ocrx_word' id='word_1_527' title='bbox 731 4244 759 4296; x_wconf 89' lang='grc' dir='ltr'><strong>ό</strong></span> <span class='ocrx_word' id='word_1_528' title='bbox 781 4243 996 4313; x_wconf 77' lang='grc' dir='ltr'>ψαλμὺς</span> <span class='ocrx_word' id='word_1_529' title='bbox 1026 4243 1134 4312; x_wconf 61' lang='grc' dir='ltr'><strong>προ</strong></span> <span class='ocrx_word' id='word_1_530' title='bbox 1191 4243 1391 4305; x_wconf 78' lang='grc' dir='ltr'>παντὸς</span> <span class='ocrx_word' id='word_1_531' title='bbox 1428 4241 1618 4312; x_wconf 75' lang='grc' dir='ltr'>ᾅδεται</span> <span class='ocrx_word' id='word_1_532' title='bbox 1674 4243 1734 4294; x_wconf 87' lang='grc' dir='ltr'><strong>ἐν</strong></span> <span class='ocrx_word' id='word_1_533' title='bbox 1761 4241 1828 4308; x_wconf 75' lang='grc' dir='ltr'>τῇ</span> <span class='ocrx_word' id='word_1_534' title='bbox 1860 4237 1991 4292; x_wconf 84' lang='grc' dir='ltr'><strong>Ἐκ-</strong></span> 
     </span>
    </p>
   </div>
   <div class='ocr_carea' id='block_1_72' title="bbox 422 4331 1993 4407">
    <p class='ocr_par' dir='ltr' id='par_1_72' title="bbox 422 4331 1993 4407">
     <span class='ocr_line' id='line_1_72' title="bbox 422 4331 1993 4407; baseline -0.004 -18"><span class='ocrx_word' id='word_1_535' title='bbox 422 4337 643 4407; x_wconf 79' lang='grc' dir='ltr'>κλησίᾳ,</span> <span class='ocrx_word' id='word_1_536' title='bbox 675 4336 768 4389; x_wconf 75' lang='grc' dir='ltr'><strong>τὸν</strong></span> <span class='ocrx_word' id='word_1_537' title='bbox 798 4337 945 4389; x_wconf 81' lang='grc' dir='ltr'>ἔλεον</span> <span class='ocrx_word' id='word_1_538' title='bbox 984 4334 1122 4388; x_wconf 84' lang='grc' dir='ltr'>Θεοῦ</span> <span class='ocrx_word' id='word_1_539' title='bbox 1169 4333 1596 4404; x_wconf 84' lang='grc' dir='ltr'>ἐκκαλούμενος,</span> <span class='ocrx_word' id='word_1_540' title='bbox 1651 4333 1746 4386; x_wconf 79' lang='grc' dir='ltr'>καὶ</span> <span class='ocrx_word' id='word_1_541' title='bbox 1797 4331 1993 4399; x_wconf 79' lang='grc' dir='ltr'>ἄφεσιν</span> 
     </span>
    </p>
   </div>
   <div class='ocr_carea' id='block_1_73' title="bbox 421 4425 1991 4498">
    <p class='ocr_par' dir='ltr' id='par_1_73' title="bbox 421 4425 1991 4498">
     <span class='ocr_line' id='line_1_73' title="bbox 421 4425 1991 4498; baseline -0.005 -16"><span class='ocrx_word' id='word_1_542' title='bbox 421 4429 728 4498; x_wconf 79' lang='grc' dir='ltr'>ἁμαρτιῶν,</span> <span class='ocrx_word' id='word_1_543' title='bbox 769 4428 866 4480; x_wconf 89' lang='grc' dir='ltr'><strong>καί</strong></span> <span class='ocrx_word' id='word_1_544' title='bbox 894 4428 1125 4494; x_wconf 85' lang='grc' dir='ltr'>καρδίαν</span> <span class='ocrx_word' id='word_1_545' title='bbox 1155 4428 1412 4494; x_wconf 81' lang='grc' dir='ltr'>καθαρὰν</span> <span class='ocrx_word' id='word_1_546' title='bbox 1455 4425 1835 4494; x_wconf 75' lang='grc' dir='ltr'>ἐξαιτούμενος</span> <span class='ocrx_word' id='word_1_547' title='bbox 1858 4426 1991 4492; x_wconf 81' lang='grc' dir='ltr'>κτή-</span> 
     </span>
    </p>
   </div>
   <div class='ocr_carea' id='block_1_74' title="bbox 421 4517 1994 4589">
    <p class='ocr_par' dir='ltr' id='par_1_74' title="bbox 421 4517 1994 4589">
     <span class='ocr_line' id='line_1_74' title="bbox 421 4517 1994 4589; baseline -0.004 -16"><span class='ocrx_word' id='word_1_548' title='bbox 421 4523 639 4574; x_wconf 83' lang='grc' dir='ltr'>σασθαι’</span> <span class='ocrx_word' id='word_1_549' title='bbox 697 4525 793 4574; x_wconf 78' lang='grc' dir='ltr'>καὶ</span> <span class='ocrx_word' id='word_1_550' title='bbox 846 4523 908 4574; x_wconf 76' lang='grc' dir='ltr'>τὸ</span> <span class='ocrx_word' id='word_1_551' title='bbox 960 4521 1184 4589; x_wconf 81' lang='grc' dir='ltr'>Πνεῦμα</span> <span class='ocrx_word' id='word_1_552' title='bbox 1242 4521 1304 4573; x_wconf 78' lang='grc' dir='ltr'>τὸ</span> <span class='ocrx_word' id='word_1_553' title='bbox 1354 4519 1510 4585; x_wconf 76' lang='grc' dir='ltr'>ἅγιον</span> <span class='ocrx_word' id='word_1_554' title='bbox 1581 4517 1994 4583; x_wconf 84' lang='grc' dir='ltr'>ἐγκαινισοήναι</span> 
     </span>
    </p>
   </div>
   <div class='ocr_carea' id='block_1_75' title="bbox 419 4610 1995 4683">
    <p class='ocr_par' dir='ltr' id='par_1_75' title="bbox 419 4610 1995 4683">
     <span class='ocr_line' id='line_1_75' title="bbox 419 4610 1995 4683; baseline -0.003 -18"><span class='ocrx_word' id='word_1_555' title='bbox 419 4618 572 4683; x_wconf 71' lang='grc' dir='ltr'>ἡμῖν,</span> <span class='ocrx_word' id='word_1_556' title='bbox 601 4615 742 4682; x_wconf 82' lang='grc' dir='ltr'>ὅπερ</span> <span class='ocrx_word' id='word_1_557' title='bbox 775 4615 1144 4683; x_wconf 81' lang='grc' dir='ltr'>ἀπωλέσαμεν</span> <span class='ocrx_word' id='word_1_558' title='bbox 1182 4613 1562 4683; x_wconf 83' lang='grc' dir='ltr'>μολυνθέντες,</span> <span class='ocrx_word' id='word_1_559' title='bbox 1609 4613 1702 4664; x_wconf 68' lang='grc' dir='ltr'>καὶ</span> <span class='ocrx_word' id='word_1_560' title='bbox 1747 4610 1822 4680; x_wconf 83' lang='grc' dir='ltr'>μὴ</span> <span class='ocrx_word' id='word_1_561' title='bbox 1854 4611 1995 4662; x_wconf 79' lang='grc' dir='ltr'>ἀποο</span> 
     </span>
    </p>
   </div>
   <div class='ocr_carea' id='block_1_76' title="bbox 421 4704 1992 4777">
    <p class='ocr_par' dir='ltr' id='par_1_76' title="bbox 421 4704 1992 4777">
     <span class='ocr_line' id='line_1_76' title="bbox 421 4704 1992 4777; baseline -0.006 -14"><span class='ocrx_word' id='word_1_562' title='bbox 421 4709 610 4776; x_wconf 75' lang='grc' dir='ltr'>στῆναι</span> <span class='ocrx_word' id='word_1_563' title='bbox 643 4706 804 4777; x_wconf 80' lang='grc' dir='ltr'>ἡμῶν</span> <span class='ocrx_word' id='word_1_564' title='bbox 858 4707 1017 4761; x_wconf 85' lang='grc' dir='ltr'>τοῦτο</span> <span class='ocrx_word' id='word_1_565' title='bbox 1053 4707 1326 4760; x_wconf 73' lang='grc' dir='ltr'>δυσωπείο</span> <span class='ocrx_word' id='word_1_566' title='bbox 1379 4707 1474 4758; x_wconf 77' lang='grc' dir='ltr'>καὶ</span> <span class='ocrx_word' id='word_1_567' title='bbox 1535 4704 1759 4771; x_wconf 39' lang='grc' dir='ltr'>Πνεῦμα</span> <span class='ocrx_word' id='word_1_568' title='bbox 1805 4721 1992 4756; x_wconf 84' lang='grc' dir='ltr'>συντε-</span> 
     </span>
    </p>
   </div>
   <div class='ocr_carea' id='block_1_77' title="bbox 418 4794 1995 4868">
    <p class='ocr_par' dir='ltr' id='par_1_77' title="bbox 418 4794 1995 4868">
     <span class='ocr_line' id='line_1_77' title="bbox 418 4794 1995 4868; baseline -0.002 -20"><span class='ocrx_word' id='word_1_569' title='bbox 418 4799 724 4868; x_wconf 76' lang='grc' dir='ltr'>τριμμένον</span> <span class='ocrx_word' id='word_1_570' title='bbox 753 4797 828 4859; x_wconf 84' lang='grc' dir='ltr'><strong>ὡς</strong></span> <span class='ocrx_word' id='word_1_571' title='bbox 863 4798 1056 4850; x_wconf 78' lang='grc' dir='ltr'>θυσίαν</span> <span class='ocrx_word' id='word_1_572' title='bbox 1111 4798 1404 4866; x_wconf 79' lang='grc' dir='ltr'>προσάγει,</span> <span class='ocrx_word' id='word_1_573' title='bbox 1461 4795 1662 4865; x_wconf 76' lang='grc' dir='ltr'>δηλαδὴ</span> <span class='ocrx_word' id='word_1_574' title='bbox 1695 4794 1790 4864; x_wconf 80' lang='grc' dir='ltr'>τὴν</span> <span class='ocrx_word' id='word_1_575' title='bbox 1830 4798 1995 4863; x_wconf 72' lang='grc' dir='ltr'>μετά-</span> 
     </span>
    </p>
   </div>
   <div class='ocr_carea' id='block_1_78' title="bbox 421 4885 1995 4956">
    <p class='ocr_par' dir='ltr' id='par_1_78' title="bbox 421 4885 1995 4956">
     <span class='ocr_line' id='line_1_78' title="bbox 421 4885 1995 4956; baseline -0.001 -16"><span class='ocrx_word' id='word_1_576' title='bbox 421 4907 592 4951; x_wconf 82' lang='grc' dir='ltr'>νοιαν,</span> <span class='ocrx_word' id='word_1_577' title='bbox 618 4889 740 4940; x_wconf 79' lang='grc' dir='ltr'>ἀντὶ</span> <span class='ocrx_word' id='word_1_578' title='bbox 765 4889 864 4956; x_wconf 81' lang='grc' dir='ltr'>τῆς</span> <span class='ocrx_word' id='word_1_579' title='bbox 891 4889 1128 4950; x_wconf 78' lang='grc' dir='ltr'>παλαιᾶς</span> <span class='ocrx_word' id='word_1_580' title='bbox 1155 4889 1212 4950; x_wconf 64' lang='grc' dir='ltr'>ἐξ</span> <span class='ocrx_word' id='word_1_581' title='bbox 1264 4887 1475 4954; x_wconf 81' lang='grc' dir='ltr'>ἀλόγων</span> <span class='ocrx_word' id='word_1_582' title='bbox 1506 4887 1694 4949; x_wconf 84' lang='grc' dir='ltr'>θυσίας</span> <span class='ocrx_word' id='word_1_583' title='bbox 1722 4904 1737 4919; x_wconf 82' lang='grc' dir='ltr'><strong>ο</strong></span> <span class='ocrx_word' id='word_1_584' title='bbox 1760 4885 1995 4938; x_wconf 85' lang='grc' dir='ltr'>ἐνταῦθα</span> 
     </span>
    </p>
   </div>
   <div class='ocr_carea' id='block_1_79' title="bbox 425 4977 1996 5048">
    <p class='ocr_par' dir='ltr' id='par_1_79' title="bbox 425 4977 1996 5048">
     <span class='ocr_line' id='line_1_79' title="bbox 425 4977 1996 5048; baseline 0 -18"><span class='ocrx_word' id='word_1_585' title='bbox 425 4985 491 5031; x_wconf 66' lang='grc' dir='ltr'><strong>τά</strong></span> <span class='ocrx_word' id='word_1_586' title='bbox 525 4979 618 5033; x_wconf 89' lang='grc' dir='ltr'><strong>τοῦ</strong></span> <span class='ocrx_word' id='word_1_587' title='bbox 648 4980 980 5048; x_wconf 75' lang='grc' dir='ltr'>Εὐαγγελίου</span> <span class='ocrx_word' id='word_1_588' title='bbox 1015 4982 1411 5048; x_wconf 81' lang='grc' dir='ltr'>προσημαίνων</span> <span class='ocrx_word' id='word_1_589' title='bbox 1459 4979 1554 5030; x_wconf 71' lang='grc' dir='ltr'><strong>καὶ</strong></span> <span class='ocrx_word' id='word_1_590' title='bbox 1621 4978 1867 5047; x_wconf 81' lang='grc' dir='ltr'>ἀναιρῶν</span> <span class='ocrx_word' id='word_1_591' title='bbox 1928 4977 1996 5030; x_wconf 79' lang='grc' dir='ltr'>τὰ</span> 
     </span>
    </p>
   </div>
   <div class='ocr_carea' id='block_1_80' title="bbox 423 5071 1996 5142">
    <p class='ocr_par' dir='ltr' id='par_1_80' title="bbox 423 5071 1996 5142">
     <span class='ocr_line' id='line_1_80' title="bbox 423 5071 1996 5142; baseline 0.001 -21"><span class='ocrx_word' id='word_1_592' title='bbox 423 5078 646 5140; x_wconf 55' lang='lat' dir='ltr'><strong>vagati,</strong></span> <span class='ocrx_word' id='word_1_593' title='bbox 675 5073 751 5135; x_wconf 81' lang='grc' dir='ltr'><strong>ὡς</strong></span> <span class='ocrx_word' id='word_1_594' title='bbox 779 5073 984 5142; x_wconf 84' lang='grc' dir='ltr'>σκιώδη</span> <span class='ocrx_word' id='word_1_595' title='bbox 1015 5072 1275 5124; x_wconf 83' lang='grc' dir='ltr'>τελοῦντα</span> <span class='ocrx_word' id='word_1_596' title='bbox 1321 5073 1416 5126; x_wconf 78' lang='grc' dir='ltr'>καὶ</span> <span class='ocrx_word' id='word_1_597' title='bbox 1444 5071 1634 5139; x_wconf 78' lang='grc' dir='ltr'>ἀτελῆ.</span> <span class='ocrx_word' id='word_1_598' title='bbox 1668 5072 1743 5122; x_wconf 85' lang='grc' dir='ltr'><strong>Οὺ</strong></span> <span class='ocrx_word' id='word_1_599' title='bbox 1769 5072 1877 5141; x_wconf 85' lang='grc' dir='ltr'><strong>γὰρ</strong></span> <span class='ocrx_word' id='word_1_600' title='bbox 1908 5071 1996 5123; x_wconf 74' lang='grc' dir='ltr'>διὰ</span> 
     </span>
    </p>
   </div>
   <div class='ocr_carea' id='block_1_81' title="bbox 423 5161 1995 5233">
    <p class='ocr_par' dir='ltr' id='par_1_81' title="bbox 423 5161 1995 5233">
     <span class='ocr_line' id='line_1_81' title="bbox 423 5161 1995 5233; baseline 0 -21"><span class='ocrx_word' id='word_1_601' title='bbox 423 5162 561 5226; x_wconf 77' lang='grc' dir='ltr'>ζώου</span> <span class='ocrx_word' id='word_1_602' title='bbox 618 5165 815 5231; x_wconf 82' lang='grc' dir='ltr'>ἀλόγου</span> <span class='ocrx_word' id='word_1_603' title='bbox 869 5165 1242 5233; x_wconf 76' lang='grc' dir='ltr'>προσαγωγῆς</span> <span class='ocrx_word' id='word_1_604' title='bbox 1299 5162 1522 5214; x_wconf 73' lang='grc' dir='ltr'>δυνατὸν</span> <span class='ocrx_word' id='word_1_605' title='bbox 1594 5161 1837 5230; x_wconf 78' lang='grc' dir='ltr'>σωθῆναι</span> <span class='ocrx_word' id='word_1_606' title='bbox 1905 5161 1995 5213; x_wconf 79' lang='grc' dir='ltr'>τὸν</span> 
     </span>
    </p>
   </div>
   <div class='ocr_carea' id='block_1_82' title="bbox 428 5251 2000 5324">
    <p class='ocr_par' dir='ltr' id='par_1_82' title="bbox 428 5251 2000 5324">
     <span class='ocr_line' id='line_1_82' title="bbox 428 5251 2000 5324; baseline 0.001 -21"><span class='ocrx_word' id='word_1_607' title='bbox 428 5255 617 5322; x_wconf 79' lang='grc' dir='ltr'>λογικῇ</span> <span class='ocrx_word' id='word_1_608' title='bbox 647 5255 792 5323; x_wconf 74' lang='grc' dir='ltr'>ψυχῇ</span> <span class='ocrx_word' id='word_1_609' title='bbox 824 5257 1134 5324; x_wconf 78' lang='grc' dir='ltr'>χρώμενον,</span> <span class='ocrx_word' id='word_1_610' title='bbox 1159 5256 1208 5305; x_wconf 88' lang='grc' dir='ltr'>εἰ</span> <span class='ocrx_word' id='word_1_611' title='bbox 1266 5254 1340 5322; x_wconf 84' lang='grc' dir='ltr'>μὴ</span> <span class='ocrx_word' id='word_1_612' title='bbox 1401 5253 1488 5306; x_wconf 72' lang='grc' dir='ltr'>διὰ</span> <span class='ocrx_word' id='word_1_613' title='bbox 1528 5251 1733 5321; x_wconf 82' lang='grc' dir='ltr'>ταύτης</span> <span class='ocrx_word' id='word_1_614' title='bbox 1763 5257 2000 5319; x_wconf 85' lang='grc' dir='ltr'>ἐπανορ-</span> 
     </span>
    </p>
   </div>
   <div class='ocr_carea' id='block_1_83' title="bbox 427 5344 1997 5416">
    <p class='ocr_par' dir='ltr' id='par_1_83' title="bbox 427 5344 1997 5416">
     <span class='ocr_line' id='line_1_83' title="bbox 427 5344 1997 5416; baseline 0 -20"><span class='ocrx_word' id='word_1_615' title='bbox 427 5346 628 5416; x_wconf 79' lang='grc' dir='ltr'>θωθείη</span> <span class='ocrx_word' id='word_1_616' title='bbox 688 5347 851 5398; x_wconf 79' lang='grc' dir='ltr'>πάλιν</span> <span class='ocrx_word' id='word_1_617' title='bbox 885 5347 986 5415; x_wconf 76' lang='grc' dir='ltr'>τῆς</span> <span class='ocrx_word' id='word_1_618' title='bbox 1020 5347 1221 5414; x_wconf 77' lang='grc' dir='ltr'>ψυχῆς.</span> <span class='ocrx_word' id='word_1_619' title='bbox 1273 5346 1454 5412; x_wconf 72' lang='grc' dir='ltr'>Ὅπερ</span> <span class='ocrx_word' id='word_1_620' title='bbox 1506 5344 1620 5396; x_wconf 83' lang='grc' dir='ltr'>ἐστὶ</span> <span class='ocrx_word' id='word_1_621' title='bbox 1659 5344 1997 5413; x_wconf 77' lang='grc' dir='ltr'>μετανοῆσαι</span> 
     </span>
    </p>
   </div>
   <div class='ocr_carea' id='block_1_84' title="bbox 420 5435 1998 5507">
    <p class='ocr_par' dir='ltr' id='par_1_84' title="bbox 420 5435 1998 5507">
     <span class='ocr_line' id='line_1_84' title="bbox 420 5435 1998 5507; baseline -0.001 -20"><span class='ocrx_word' id='word_1_622' title='bbox 420 5436 749 5507; x_wconf 81' lang='grc' dir='ltr'>ὁλοσχερῶς,</span> <span class='ocrx_word' id='word_1_623' title='bbox 803 5441 911 5491; x_wconf 66' lang='grc' dir='ltr'><strong>παὶ</strong></span> <span class='ocrx_word' id='word_1_624' title='bbox 967 5438 1161 5490; x_wconf 85' lang='grc' dir='ltr'>θυσίαν</span> <span class='ocrx_word' id='word_1_625' title='bbox 1217 5436 1333 5489; x_wconf 79' lang='grc' dir='ltr'>ἀνθ’</span> <span class='ocrx_word' id='word_1_626' title='bbox 1367 5435 1566 5488; x_wconf 78' lang='grc' dir='ltr'>ἑαυτοῦ</span> <span class='ocrx_word' id='word_1_627' title='bbox 1625 5440 1998 5504; x_wconf 69' lang='grc' dir='ltr'>προσαγαγεῖν</span> 
     </span>
    </p>
   </div>
   <div class='ocr_carea' id='block_1_85' title="bbox 421 5525 2000 5600">
    <p class='ocr_par' dir='ltr' id='par_1_85' title="bbox 421 5525 2000 5600">
     <span class='ocr_line' id='line_1_85' title="bbox 421 5525 2000 5600; baseline -0.003 -18"><span class='ocrx_word' id='word_1_628' title='bbox 421 5529 708 5600; x_wconf 81' lang='grc' dir='ltr'>ἄνθρωπον</span> <span class='ocrx_word' id='word_1_629' title='bbox 734 5530 1146 5600; x_wconf 85' lang='grc' dir='ltr'>ἀναμάρτητον,</span> <span class='ocrx_word' id='word_1_630' title='bbox 1200 5529 1257 5590; x_wconf 87' lang='grc' dir='ltr'>ὃς</span> <span class='ocrx_word' id='word_1_631' title='bbox 1310 5528 1460 5578; x_wconf 90' lang='grc' dir='ltr'>ἐστιν</span> <span class='ocrx_word' id='word_1_632' title='bbox 1499 5525 1708 5597; x_wconf 85' lang='grc' dir='ltr'>Ἰησοῦς</span> <span class='ocrx_word' id='word_1_633' title='bbox 1763 5527 2000 5595; x_wconf 62' lang='grc' dir='ltr'>Χριστὸς</span> 
     </span>
    </p>
   </div>
   <div class='ocr_carea' id='block_1_86' title="bbox 424 5618 2000 5690">
    <p class='ocr_par' dir='ltr' id='par_1_86' title="bbox 424 5618 2000 5690">
     <span class='ocr_line' id='line_1_86' title="bbox 424 5618 2000 5690; baseline -0.001 -18"><span class='ocrx_word' id='word_1_634' title='bbox 424 5624 452 5672; x_wconf 75' lang='grc' dir='ltr'>ὁ</span> <span class='ocrx_word' id='word_1_635' title='bbox 489 5621 581 5672; x_wconf 92' lang='grc' dir='ltr'><strong>τοῦ</strong></span> <span class='ocrx_word' id='word_1_636' title='bbox 610 5619 746 5672; x_wconf 81' lang='grc' dir='ltr'>Θεοῦ</span> <span class='ocrx_word' id='word_1_637' title='bbox 803 5620 930 5683; x_wconf 81' lang='grc' dir='ltr'>Υἱὸς</span> <span class='ocrx_word' id='word_1_638' title='bbox 985 5622 1127 5690; x_wconf 71' lang='grc' dir='ltr'>ὑπὲρ</span> <span class='ocrx_word' id='word_1_639' title='bbox 1180 5618 1340 5688; x_wconf 78' lang='grc' dir='ltr'>ἡμῶν</span> <span class='ocrx_word' id='word_1_640' title='bbox 1399 5618 1853 5685; x_wconf 81' lang='grc' dir='ltr'>ἐνανθρωπήσας,</span> <span class='ocrx_word' id='word_1_641' title='bbox 1903 5619 2000 5671; x_wconf 76' lang='grc' dir='ltr'>καὶ</span> 
     </span>
    </p>
   </div>
   <div class='ocr_carea' id='block_1_87' title="bbox 423 5702 1982 5779">
    <p class='ocr_par' dir='ltr' id='par_1_87' title="bbox 423 5702 1982 5779">
     <span class='ocr_line' id='line_1_87' title="bbox 423 5702 1982 5779; baseline -0.003 -17"><span class='ocrx_word' id='word_1_642' title='bbox 423 5709 612 5764; x_wconf 83' lang='grc' dir='ltr'>θυσίαν</span> <span class='ocrx_word' id='word_1_643' title='bbox 665 5709 860 5763; x_wconf 78' lang='grc' dir='ltr'>ἐαυτὸν</span> <span class='ocrx_word' id='word_1_644' title='bbox 891 5709 1233 5779; x_wconf 79' lang='grc' dir='ltr'>οἰκειοτάτην</span> <span class='ocrx_word' id='word_1_645' title='bbox 1295 5705 1434 5775; x_wconf 77' lang='grc' dir='ltr'>ὑπὲρ</span> <span class='ocrx_word' id='word_1_646' title='bbox 1469 5703 1727 5759; x_wconf 81' lang='grc' dir='ltr'>ἁπάντων</span> <span class='ocrx_word' id='word_1_647' title='bbox 1764 5702 1982 5778; x_wconf 73' lang='grc' dir='ltr'>διδοὺς,</span> 
     </span>
    </p>
   </div>
   <div class='ocr_carea' id='block_1_88' title="bbox 2621 3135 3130 3193">
    <p class='ocr_par' dir='ltr' id='par_1_88' title="bbox 2621 3135 3130 3193">
     <span class='ocr_line' id='line_1_88' title="bbox 2621 3135 3130 3193; baseline 0.006 -3"><span class='ocrx_word' id='word_1_648' title='bbox 2621 3135 2852 3191; x_wconf 80' lang='lat' dir='ltr'><strong>CAPUT</strong></span> <span class='ocrx_word' id='word_1_649' title='bbox 2910 3135 3130 3193; x_wconf 84' lang='lat' dir='ltr'><strong>CCCLI.</strong></span> 
     </span>
    </p>
   </div>
   <div class='ocr_carea' id='block_1_89' title="bbox 2487 3227 3293 3300">
    <p class='ocr_par' dir='ltr' id='par_1_89' title="bbox 2487 3227 3293 3300">
     <span class='ocr_line' id='line_1_89' title="bbox 2487 3227 3293 3300; baseline 0.006 -20"><span class='ocrx_word' id='word_1_650' title='bbox 2487 3227 2551 3280; x_wconf 86' lang='lat' dir='ltr'><strong>De</strong></span> <span class='ocrx_word' id='word_1_651' title='bbox 2591 3228 2793 3297; x_wconf 79' lang='lat' dir='ltr'><strong>psalmo</strong></span> <span class='ocrx_word' id='word_1_652' title='bbox 2845 3229 3293 3300; x_wconf 54' lang='lat' dir='ltr'><strong>quinquagesimo.</strong></span> 
     </span>
    </p>
   </div>
   <div class='ocr_carea' id='block_1_90' title="bbox 2170 3316 3670 3392">
    <p class='ocr_par' dir='ltr' id='par_1_90' title="bbox 2170 3316 3670 3392">
     <span class='ocr_line' id='line_1_90' title="bbox 2170 3316 3670 3392; baseline 0.007 -22"><span class='ocrx_word' id='word_1_653' title='bbox 2170 3316 2337 3371; x_wconf 84' lang='lat' dir='ltr'><strong>Porro</strong></span> <span class='ocrx_word' id='word_1_654' title='bbox 2368 3321 2839 3389; x_wconf 78' lang='grc' dir='ltr'>πεντηκοστάριον</span> <span class='ocrx_word' id='word_1_655' title='bbox 2876 3322 3206 3390; x_wconf 77' lang='lat' dir='ltr'><strong>appellatur,</strong></span> <span class='ocrx_word' id='word_1_656' title='bbox 3258 3321 3387 3390; x_wconf 84' lang='lat' dir='ltr'><strong>quia</strong></span> <span class='ocrx_word' id='word_1_657' title='bbox 3423 3323 3670 3392; x_wconf 83' lang='lat' dir='ltr'><strong>psalmus</strong></span> 
     </span>
    </p>
   </div>
   <div class='ocr_carea' id='block_1_91' title="bbox 2099 3407 3733 3485">
    <p class='ocr_par' dir='ltr' id='par_1_91' title="bbox 2099 3407 3733 3485">
     <span class='ocr_line' id='line_1_91' title="bbox 2099 3407 3733 3485; baseline 0.007 -21"><span class='ocrx_word' id='word_1_658' title='bbox 2099 3423 2182 3466; x_wconf 91' lang='lat' dir='ltr'><strong>est</strong></span> <span class='ocrx_word' id='word_1_659' title='bbox 2227 3413 2716 3483; x_wconf 78' lang='lat' dir='ltr'><strong>quinquagesimus</strong></span> <span class='ocrx_word' id='word_1_660' title='bbox 2745 3432 2762 3475; x_wconf 83' lang='lat'><strong>;</strong></span> <span class='ocrx_word' id='word_1_661' title='bbox 2791 3417 2882 3485; x_wconf 88' lang='lat' dir='ltr'><strong>qui</strong></span> <span class='ocrx_word' id='word_1_662' title='bbox 2926 3425 3110 3485; x_wconf 88' lang='lat' dir='ltr'><strong>utpote</strong></span> <span class='ocrx_word' id='word_1_663' title='bbox 3140 3414 3207 3471; x_wconf 92' lang='lat' dir='ltr'><strong>de</strong></span> <span class='ocrx_word' id='word_1_664' title='bbox 3245 3427 3400 3471; x_wconf 82' lang='lat' dir='ltr'><strong>reatu</strong></span> <span class='ocrx_word' id='word_1_665' title='bbox 3437 3417 3672 3474; x_wconf 82' lang='lat' dir='ltr'><strong>homici-</strong></span> <span class='ocrx_word' id='word_1_666' title='bbox 3729 3407 3733 3410; x_wconf 48' lang='grc'><strong>’</strong></span> 
     </span>
    </p>
   </div>
   <div class='ocr_carea' id='block_1_92' title="bbox 2105 3505 3669 3578">
    <p class='ocr_par' dir='ltr' id='par_1_92' title="bbox 2105 3505 3669 3578">
     <span class='ocr_line' id='line_1_92' title="bbox 2105 3505 3669 3578; baseline 0.005 -19"><span class='ocrx_word' id='word_1_667' title='bbox 2105 3505 2178 3560; x_wconf 89' lang='lat' dir='ltr'><strong>dii</strong></span> <span class='ocrx_word' id='word_1_668' title='bbox 2199 3506 2364 3561; x_wconf 83' lang='lat' dir='ltr'><strong>David</strong></span> <span class='ocrx_word' id='word_1_669' title='bbox 2389 3507 2617 3577; x_wconf 85' lang='lat' dir='ltr'><strong>ejusque</strong></span> <span class='ocrx_word' id='word_1_670' title='bbox 2649 3509 2916 3564; x_wconf 81' lang='lat' dir='ltr'><strong>adulterio</strong></span> <span class='ocrx_word' id='word_1_671' title='bbox 2947 3510 3330 3578; x_wconf 85' lang='lat' dir='ltr'><strong>pronuntiatus</strong></span> <span class='ocrx_word' id='word_1_672' title='bbox 3363 3524 3510 3566; x_wconf 87' lang='lat' dir='ltr'><strong>recte</strong></span> <span class='ocrx_word' id='word_1_673' title='bbox 3543 3525 3669 3566; x_wconf 82' lang='lat' dir='ltr'><strong>om-</strong></span> 
     </span>
    </p>
   </div>
   <div class='ocr_carea' id='block_1_93' title="bbox 2100 3602 3669 3673">
    <p class='ocr_par' dir='ltr' id='par_1_93' title="bbox 2100 3602 3669 3673">
     <span class='ocr_line' id='line_1_93' title="bbox 2100 3602 3669 3673; baseline 0.001 -16"><span class='ocrx_word' id='word_1_674' title='bbox 2100 3603 2260 3657; x_wconf 81' lang='lat' dir='ltr'><strong>nibus</strong></span> <span class='ocrx_word' id='word_1_675' title='bbox 2299 3605 2403 3671; x_wconf 89' lang='lat' dir='ltr'><strong>piis</strong></span> <span class='ocrx_word' id='word_1_676' title='bbox 2449 3602 2761 3656; x_wconf 88' lang='lat' dir='ltr'><strong>hominibus</strong></span> <span class='ocrx_word' id='word_1_677' title='bbox 2797 3609 2857 3654; x_wconf 91' lang='lat' dir='ltr'><strong>ut</strong></span> <span class='ocrx_word' id='word_1_678' title='bbox 2879 3603 3217 3669; x_wconf 70' lang='lat' dir='ltr'><strong>pmnitentiae</strong></span> <span class='ocrx_word' id='word_1_679' title='bbox 3249 3605 3494 3673; x_wconf 82' lang='lat' dir='ltr'><strong>psalmus</strong></span> <span class='ocrx_word' id='word_1_680' title='bbox 3530 3618 3669 3659; x_wconf 90' lang='lat' dir='ltr'><strong>con-</strong></span> 
     </span>
    </p>
   </div>
   <div class='ocr_carea' id='block_1_94' title="bbox 2103 3692 3672 3763">
    <p class='ocr_par' dir='ltr' id='par_1_94' title="bbox 2103 3692 3672 3763">
     <span class='ocr_line' id='line_1_94' title="bbox 2103 3692 3672 3763; baseline 0.002 -16"><span class='ocrx_word' id='word_1_681' title='bbox 2103 3695 2340 3757; x_wconf 84' lang='lat' dir='ltr'><strong>venit,et</strong></span> <span class='ocrx_word' id='word_1_682' title='bbox 2375 3696 2426 3747; x_wconf 89' lang='lat' dir='ltr'><strong>in</strong></span> <span class='ocrx_word' id='word_1_683' title='bbox 2453 3693 2649 3763; x_wconf 86' lang='lat' dir='ltr'><strong>primis</strong></span> <span class='ocrx_word' id='word_1_684' title='bbox 2669 3692 2832 3761; x_wconf 87' lang='lat' dir='ltr'><strong>capiti</strong></span> <span class='ocrx_word' id='word_1_685' title='bbox 2867 3694 3084 3761; x_wconf 79' lang='lat' dir='ltr'><strong>generis</strong></span> <span class='ocrx_word' id='word_1_686' title='bbox 3112 3693 3284 3748; x_wconf 84' lang='lat' dir='ltr'><strong>Adam</strong></span> <span class='ocrx_word' id='word_1_687' title='bbox 3319 3695 3411 3763; x_wconf 89' lang='lat' dir='ltr'><strong>qui</strong></span> <span class='ocrx_word' id='word_1_688' title='bbox 3463 3694 3568 3750; x_wconf 90' lang='lat' dir='ltr'><strong>sibi</strong></span> <span class='ocrx_word' id='word_1_689' title='bbox 3614 3701 3672 3752; x_wconf 86' lang='lat' dir='ltr'><strong>et</strong></span> 
     </span>
    </p>
   </div>
   <div class='ocr_carea' id='block_1_95' title="bbox 2098 3783 3666 3854">
    <p class='ocr_par' dir='ltr' id='par_1_95' title="bbox 2098 3783 3666 3854">
     <span class='ocr_line' id='line_1_95' title="bbox 2098 3783 3666 3854; baseline 0.002 -14"><span class='ocrx_word' id='word_1_690' title='bbox 2098 3785 2354 3840; x_wconf 87' lang='lat' dir='ltr'><strong>omnibus</strong></span> <span class='ocrx_word' id='word_1_691' title='bbox 2394 3784 2627 3854; x_wconf 87' lang='lat' dir='ltr'><strong>posteris</strong></span> <span class='ocrx_word' id='word_1_692' title='bbox 2676 3783 2795 3852; x_wconf 78' lang='lat' dir='ltr'><strong>ejus</strong></span> <span class='ocrx_word' id='word_1_693' title='bbox 2830 3792 3058 3838; x_wconf 85' lang='lat' dir='ltr'><strong>mortem</strong></span> <span class='ocrx_word' id='word_1_694' title='bbox 3097 3786 3298 3851; x_wconf 88' lang='lat' dir='ltr'><strong>intulit,</strong></span> <span class='ocrx_word' id='word_1_695' title='bbox 3359 3797 3416 3841; x_wconf 89' lang='lat' dir='ltr'><strong>et</strong></span> <span class='ocrx_word' id='word_1_696' title='bbox 3454 3787 3666 3843; x_wconf 88' lang='lat' dir='ltr'><strong>adulte-</strong></span> 
     </span>
    </p>
   </div>
   <div class='ocr_carea' id='block_1_96' title="bbox 2103 3875 3661 3948">
    <p class='ocr_par' dir='ltr' id='par_1_96' title="bbox 2103 3875 3661 3948">
     <span class='ocr_line' id='line_1_96' title="bbox 2103 3875 3661 3948; baseline 0.003 -18"><span class='ocrx_word' id='word_1_697' title='bbox 2103 3878 2248 3930; x_wconf 88' lang='lat' dir='ltr'><strong>rium</strong></span> <span class='ocrx_word' id='word_1_698' title='bbox 2288 3877 2618 3946; x_wconf 87' lang='lat' dir='ltr'><strong>perpetravit</strong></span> <span class='ocrx_word' id='word_1_699' title='bbox 2667 3875 3042 3931; x_wconf 87' lang='lat' dir='ltr'><strong>manducando</strong></span> <span class='ocrx_word' id='word_1_700' title='bbox 3067 3877 3131 3932; x_wconf 87' lang='lat' dir='ltr'><strong>de</strong></span> <span class='ocrx_word' id='word_1_701' title='bbox 3159 3877 3302 3948; x_wconf 87' lang='lat' dir='ltr'><strong>ligno</strong></span> <span class='ocrx_word' id='word_1_702' title='bbox 3334 3879 3479 3947; x_wconf 88' lang='lat' dir='ltr'><strong>quod</strong></span> <span class='ocrx_word' id='word_1_703' title='bbox 3518 3882 3568 3934; x_wconf 87' lang='lat' dir='ltr'><strong>ei</strong></span> <span class='ocrx_word' id='word_1_704' title='bbox 3605 3881 3661 3935; x_wconf 90' lang='lat' dir='ltr'><strong>in</strong></span> 
     </span>
    </p>
   </div>
   <div class='ocr_carea' id='block_1_97' title="bbox 2099 3965 3660 4037">
    <p class='ocr_par' dir='ltr' id='par_1_97' title="bbox 2099 3965 3660 4037">
     <span class='ocr_line' id='line_1_97' title="bbox 2099 3965 3660 4037; baseline 0.002 -15"><span class='ocrx_word' id='word_1_705' title='bbox 2099 3983 2281 4024; x_wconf 84' lang='lat' dir='ltr'><strong>escam</strong></span> <span class='ocrx_word' id='word_1_706' title='bbox 2310 3967 2495 4022; x_wconf 88' lang='lat' dir='ltr'><strong>datum</strong></span> <span class='ocrx_word' id='word_1_707' title='bbox 2529 3981 2637 4022; x_wconf 92' lang='lat' dir='ltr'><strong>non</strong></span> <span class='ocrx_word' id='word_1_708' title='bbox 2674 3965 2872 4033; x_wconf 80' lang='lat' dir='ltr'><strong>fuerat,</strong></span> <span class='ocrx_word' id='word_1_709' title='bbox 2919 3976 3084 4037; x_wconf 89' lang='lat' dir='ltr'><strong>atque</strong></span> <span class='ocrx_word' id='word_1_710' title='bbox 3146 3967 3238 4023; x_wconf 90' lang='lat' dir='ltr'><strong>Dei</strong></span> <span class='ocrx_word' id='word_1_711' title='bbox 3275 3967 3660 4026; x_wconf 87' lang='lat' dir='ltr'><strong>similitudinis</strong></span> 
     </span>
    </p>
   </div>
   <div class='ocr_carea' id='block_1_98' title="bbox 2097 4057 3672 4129">
    <p class='ocr_par' dir='ltr' id='par_1_98' title="bbox 2097 4057 3672 4129">
     <span class='ocr_line' id='line_1_98' title="bbox 2097 4057 3672 4129; baseline 0.002 -17"><span class='ocrx_word' id='word_1_712' title='bbox 2097 4057 2368 4112; x_wconf 85' lang='lat' dir='ltr'><strong>desiderio</strong></span> <span class='ocrx_word' id='word_1_713' title='bbox 2386 4058 2671 4129; x_wconf 67' lang='lat' dir='ltr'><strong>aagrotavit</strong></span> <span class='ocrx_word' id='word_1_714' title='bbox 2691 4071 2854 4128; x_wconf 84' lang='lat' dir='ltr'><strong>quam</strong></span> <span class='ocrx_word' id='word_1_715' title='bbox 2873 4057 3172 4113; x_wconf 91' lang='lat' dir='ltr'><strong>secundum</strong></span> <span class='ocrx_word' id='word_1_716' title='bbox 3188 4069 3435 4113; x_wconf 87' lang='lat' dir='ltr'><strong>naturam</strong></span> <span class='ocrx_word' id='word_1_717' title='bbox 3454 4074 3562 4114; x_wconf 91' lang='lat' dir='ltr'><strong>non</strong></span> <span class='ocrx_word' id='word_1_718' title='bbox 3579 4061 3672 4115; x_wconf 80' lang='lat' dir='ltr'><strong>ha-</strong></span> 
     </span>
    </p>
   </div>
   <div class='ocr_carea' id='block_1_99' title="bbox 2098 4132 3672 4220">
    <p class='ocr_par' dir='ltr' id='par_1_99' title="bbox 2098 4132 3672 4220">
     <span class='ocr_line' id='line_1_99' title="bbox 2098 4132 3672 4220; baseline 0.001 -19"><span class='ocrx_word' id='word_1_719' title='bbox 2098 4147 2239 4212; x_wconf 87' lang='lat' dir='ltr'><strong>buit,</strong></span> <span class='ocrx_word' id='word_1_720' title='bbox 2257 4162 2423 4217; x_wconf 88' lang='lat' dir='ltr'><strong>qnum</strong></span> <span class='ocrx_word' id='word_1_721' title='bbox 2455 4147 2598 4202; x_wconf 88' lang='lat' dir='ltr'><strong>Deus</strong></span> <span class='ocrx_word' id='word_1_722' title='bbox 2619 4163 2728 4202; x_wconf 90' lang='lat' dir='ltr'><strong>non</strong></span> <span class='ocrx_word' id='word_1_723' title='bbox 2747 4156 2914 4215; x_wconf 88' lang='lat' dir='ltr'><strong>esset,</strong></span> <span class='ocrx_word' id='word_1_724' title='bbox 2945 4146 3039 4203; x_wconf 90' lang='lat' dir='ltr'><strong>sed</strong></span> <span class='ocrx_word' id='word_1_725' title='bbox 3068 4132 3318 4203; x_wconf 77' lang='lat' dir='ltr'><strong>creatura</strong></span> <span class='ocrx_word' id='word_1_726' title='bbox 3341 4163 3360 4215; x_wconf 87' lang='lat'><strong>;</strong></span> <span class='ocrx_word' id='word_1_727' title='bbox 3382 4163 3490 4218; x_wconf 80' lang='lat' dir='ltr'><strong>qua</strong></span> <span class='ocrx_word' id='word_1_728' title='bbox 3513 4149 3672 4220; x_wconf 60' lang='lat' dir='ltr'><strong>aegri-</strong></span> 
     </span>
    </p>
   </div>
   <div class='ocr_carea' id='block_1_100' title="bbox 2097 4243 3670 4313">
    <p class='ocr_par' dir='ltr' id='par_1_100' title="bbox 2097 4243 3670 4313">
     <span class='ocr_line' id='line_1_100' title="bbox 2097 4243 3670 4313; baseline 0.002 -16"><span class='ocrx_word' id='word_1_729' title='bbox 2097 4243 2286 4297; x_wconf 90' lang='lat' dir='ltr'><strong>tudine</strong></span> <span class='ocrx_word' id='word_1_730' title='bbox 2322 4243 2570 4297; x_wconf 83' lang='lat' dir='ltr'><strong>laborant</strong></span> <span class='ocrx_word' id='word_1_731' title='bbox 2593 4258 2782 4300; x_wconf 89' lang='lat' dir='ltr'><strong>omnes</strong></span> <span class='ocrx_word' id='word_1_732' title='bbox 2808 4243 3063 4299; x_wconf 85' lang='lat' dir='ltr'><strong>similiter</strong></span> <span class='ocrx_word' id='word_1_733' title='bbox 3105 4243 3505 4313; x_wconf 88' lang='lat' dir='ltr'><strong>delinquentes.</strong></span> <span class='ocrx_word' id='word_1_734' title='bbox 3542 4244 3670 4300; x_wconf 84' lang='lat' dir='ltr'><strong>Ideo</strong></span> 
     </span>
    </p>
   </div>
   <div class='ocr_carea' id='block_1_101' title="bbox 2097 4332 3714 4403">
    <p class='ocr_par' dir='ltr' id='par_1_101' title="bbox 2097 4332 3714 4403">
     <span class='ocr_line' id='line_1_101' title="bbox 2097 4332 3714 4403; baseline 0.003 -18"><span class='ocrx_word' id='word_1_735' title='bbox 2097 4334 2341 4402; x_wconf 88' lang='lat' dir='ltr'><strong>psalmus</strong></span> <span class='ocrx_word' id='word_1_736' title='bbox 2362 4332 2463 4388; x_wconf 89' lang='lat' dir='ltr'><strong>iste</strong></span> <span class='ocrx_word' id='word_1_737' title='bbox 2484 4342 2609 4388; x_wconf 91' lang='lat' dir='ltr'><strong>ante</strong></span> <span class='ocrx_word' id='word_1_738' title='bbox 2637 4348 3037 4403; x_wconf 87' lang='lat' dir='ltr'><strong>quemcumque</strong></span> <span class='ocrx_word' id='word_1_739' title='bbox 3062 4333 3115 4387; x_wconf 92' lang='lat' dir='ltr'><strong>in</strong></span> <span class='ocrx_word' id='word_1_740' title='bbox 3141 4333 3382 4389; x_wconf 82' lang='lat' dir='ltr'><strong>Ecclesia</strong></span> <span class='ocrx_word' id='word_1_741' title='bbox 3408 4341 3666 4390; x_wconf 86' lang='lat' dir='ltr'><strong>cantatur</strong></span> <span class='ocrx_word' id='word_1_742' title='bbox 3702 4335 3714 4349; x_wconf 85' lang='lat'><strong><em>&#39;</em></strong></span> 
     </span>
    </p>
   </div>
   <div class='ocr_carea' id='block_1_102' title="bbox 2103 4423 3672 4499">
    <p class='ocr_par' dir='ltr' id='par_1_102' title="bbox 2103 4423 3672 4499">
     <span class='ocr_line' id='line_1_102' title="bbox 2103 4423 3672 4499; baseline 0.006 -24"><span class='ocrx_word' id='word_1_743' title='bbox 2103 4423 2192 4477; x_wconf 79' lang='lat' dir='ltr'><strong>Dei</strong></span> <span class='ocrx_word' id='word_1_744' title='bbox 2220 4429 2483 4480; x_wconf 82' lang='lat' dir='ltr'><strong>lnvocans</strong></span> <span class='ocrx_word' id='word_1_745' title='bbox 2517 4425 2950 4480; x_wconf 88' lang='lat' dir='ltr'><strong>misericordiam</strong></span> <span class='ocrx_word' id='word_1_746' title='bbox 2980 4435 3035 4480; x_wconf 92' lang='lat' dir='ltr'><strong>et</strong></span> <span class='ocrx_word' id='word_1_747' title='bbox 3068 4428 3446 4483; x_wconf 74' lang='lat' dir='ltr'><strong>remissionem</strong></span> <span class='ocrx_word' id='word_1_748' title='bbox 3478 4443 3672 4499; x_wconf 80' lang='lat' dir='ltr'><strong>pecca-</strong></span> 
     </span>
    </p>
   </div>
   <div class='ocr_carea' id='block_1_103' title="bbox 2029 4491 3671 4584">
    <p class='ocr_par' dir='ltr' id='par_1_103' title="bbox 2029 4491 3671 4584">
     <span class='ocr_line' id='line_1_103' title="bbox 2029 4491 3671 4584; baseline 0.004 -16"><span class='ocrx_word' id='word_1_749' title='bbox 2029 4491 2072 4545; x_wconf 68' lang='grc' dir='ltr'><strong>θ</strong></span> <span class='ocrx_word' id='word_1_750' title='bbox 2104 4525 2308 4578; x_wconf 86' lang='lat' dir='ltr'><strong>torum,</strong></span> <span class='ocrx_word' id='word_1_751' title='bbox 2333 4531 2608 4584; x_wconf 86' lang='lat' dir='ltr'><strong>oransque</strong></span> <span class='ocrx_word' id='word_1_752' title='bbox 2639 4525 2698 4570; x_wconf 90' lang='lat' dir='ltr'><strong>ut</strong></span> <span class='ocrx_word' id='word_1_753' title='bbox 2726 4532 2822 4570; x_wconf 88' lang='lat' dir='ltr'><strong>cor</strong></span> <span class='ocrx_word' id='word_1_754' title='bbox 2854 4518 3118 4570; x_wconf 85' lang='lat' dir='ltr'><strong>mundqu</strong></span> <span class='ocrx_word' id='word_1_755' title='bbox 3149 4526 3389 4583; x_wconf 86' lang='lat' dir='ltr'><strong>creetur,</strong></span> <span class='ocrx_word' id='word_1_756' title='bbox 3420 4527 3671 4574; x_wconf 84' lang='lat' dir='ltr'><strong>sanctus-</strong></span> 
     </span>
    </p>
   </div>
   <div class='ocr_carea' id='block_1_104' title="bbox 2102 4607 3670 4677">
    <p class='ocr_par' dir='ltr' id='par_1_104' title="bbox 2102 4607 3670 4677">
     <span class='ocr_line' id='line_1_104' title="bbox 2102 4607 3670 4677; baseline 0.003 -19"><span class='ocrx_word' id='word_1_757' title='bbox 2102 4620 2209 4676; x_wconf 90' lang='lat' dir='ltr'><strong>que</strong></span> <span class='ocrx_word' id='word_1_758' title='bbox 2239 4607 2473 4676; x_wconf 87' lang='lat' dir='ltr'><strong>Spiritns</strong></span> <span class='ocrx_word' id='word_1_759' title='bbox 2505 4616 2795 4661; x_wconf 81' lang='lat' dir='ltr'><strong>renovetur</strong></span> <span class='ocrx_word' id='word_1_760' title='bbox 2823 4607 2877 4660; x_wconf 89' lang='lat' dir='ltr'><strong>in</strong></span> <span class='ocrx_word' id='word_1_761' title='bbox 2914 4607 3090 4673; x_wconf 86' lang='lat' dir='ltr'><strong>nobis,</strong></span> <span class='ocrx_word' id='word_1_762' title='bbox 3123 4623 3284 4676; x_wconf 87' lang='lat' dir='ltr'><strong>quem</strong></span> <span class='ocrx_word' id='word_1_763' title='bbox 3306 4618 3529 4677; x_wconf 87' lang='lat' dir='ltr'><strong>peccato</strong></span> <span class='ocrx_word' id='word_1_764' title='bbox 3557 4624 3670 4662; x_wconf 82' lang='lat' dir='ltr'><strong>ma-</strong></span> 
     </span>
    </p>
   </div>
   <div class='ocr_carea' id='block_1_105' title="bbox 2105 4701 3668 4766">
    <p class='ocr_par' dir='ltr' id='par_1_105' title="bbox 2105 4701 3668 4766">
     <span class='ocr_line' id='line_1_105' title="bbox 2105 4701 3668 4766; baseline 0.002 -13"><span class='ocrx_word' id='word_1_765' title='bbox 2105 4701 2267 4753; x_wconf 72' lang='lat' dir='ltr'><strong>culati</strong></span> <span class='ocrx_word' id='word_1_766' title='bbox 2302 4702 2696 4766; x_wconf 83' lang='lat' dir='ltr'><strong>amiseramus;</strong></span> <span class='ocrx_word' id='word_1_767' title='bbox 2724 4711 2777 4754; x_wconf 90' lang='lat' dir='ltr'><strong>et</strong></span> <span class='ocrx_word' id='word_1_768' title='bbox 2801 4702 3048 4754; x_wconf 74' lang='lat' dir='ltr'><strong>obsecrat</strong></span> <span class='ocrx_word' id='word_1_769' title='bbox 3083 4709 3141 4754; x_wconf 89' lang='lat' dir='ltr'><strong>ut</strong></span> <span class='ocrx_word' id='word_1_770' title='bbox 3172 4701 3258 4756; x_wconf 88' lang='lat' dir='ltr'><strong>ille</strong></span> <span class='ocrx_word' id='word_1_771' title='bbox 3284 4717 3314 4755; x_wconf 90' lang='lat' dir='ltr'><strong>a</strong></span> <span class='ocrx_word' id='word_1_772' title='bbox 3345 4701 3502 4756; x_wconf 87' lang='lat' dir='ltr'><strong>nobis</strong></span> <span class='ocrx_word' id='word_1_773' title='bbox 3558 4719 3668 4756; x_wconf 85' lang='lat' dir='ltr'><strong>non</strong></span> 
     </span>
    </p>
   </div>
   <div class='ocr_carea' id='block_1_106' title="bbox 2104 4791 3673 4859">
    <p class='ocr_par' dir='ltr' id='par_1_106' title="bbox 2104 4791 3673 4859">
     <span class='ocr_line' id='line_1_106' title="bbox 2104 4791 3673 4859; baseline 0.003 -17"><span class='ocrx_word' id='word_1_774' title='bbox 2104 4793 2416 4858; x_wconf 75' lang='lat' dir='ltr'><strong>auferatur;</strong></span> <span class='ocrx_word' id='word_1_775' title='bbox 2441 4792 2691 4859; x_wconf 88' lang='lat' dir='ltr'><strong>spiritum</strong></span> <span class='ocrx_word' id='word_1_776' title='bbox 2729 4802 2909 4844; x_wconf 80' lang='lat' dir='ltr'><strong>autem</strong></span> <span class='ocrx_word' id='word_1_777' title='bbox 2940 4793 3236 4846; x_wconf 86' lang='lat' dir='ltr'><strong>contritum</strong></span> <span class='ocrx_word' id='word_1_778' title='bbox 3290 4791 3449 4848; x_wconf 71' lang='lat' dir='ltr'><strong>oﬂ&#39;ert</strong></span> <span class='ocrx_word' id='word_1_779' title='bbox 3496 4792 3549 4846; x_wconf 89' lang='lat' dir='ltr'><strong>in</strong></span> <span class='ocrx_word' id='word_1_780' title='bbox 3582 4807 3673 4848; x_wconf 85' lang='lat' dir='ltr'><strong>sa-</strong></span> 
     </span>
    </p>
   </div>
   <div class='ocr_carea' id='block_1_107' title="bbox 2101 4883 3672 4952">
    <p class='ocr_par' dir='ltr' id='par_1_107' title="bbox 2101 4883 3672 4952">
     <span class='ocr_line' id='line_1_107' title="bbox 2101 4883 3672 4952; baseline 0.001 -15"><span class='ocrx_word' id='word_1_781' title='bbox 2101 4884 2389 4946; x_wconf 56' lang='lat' dir='ltr'><strong>criﬁcium,</strong></span> <span class='ocrx_word' id='word_1_782' title='bbox 2429 4883 2678 4936; x_wconf 72' lang='lat' dir='ltr'><strong>videlicet</strong></span> <span class='ocrx_word' id='word_1_783' title='bbox 2715 4885 3088 4952; x_wconf 66' lang='lat' dir='ltr'><strong>paenitentiam</strong></span> <span class='ocrx_word' id='word_1_784' title='bbox 3141 4885 3261 4940; x_wconf 89' lang='lat' dir='ltr'><strong>loco</strong></span> <span class='ocrx_word' id='word_1_785' title='bbox 3297 4886 3494 4940; x_wconf 85' lang='lat' dir='ltr'><strong>veteris</strong></span> <span class='ocrx_word' id='word_1_786' title='bbox 3532 4885 3672 4940; x_wconf 86' lang='lat' dir='ltr'><strong>irra-</strong></span> 
     </span>
    </p>
   </div>
   <div class='ocr_carea' id='block_1_108' title="bbox 2102 4974 3669 5047">
    <p class='ocr_par' dir='ltr' id='par_1_108' title="bbox 2102 4974 3669 5047">
     <span class='ocr_line' id='line_1_108' title="bbox 2102 4974 3669 5047; baseline 0.003 -23"><span class='ocrx_word' id='word_1_787' title='bbox 2102 4974 2446 5028; x_wconf 79' lang='lat' dir='ltr'><strong>tionabilium</strong></span> <span class='ocrx_word' id='word_1_788' title='bbox 2477 4975 2752 5041; x_wconf 77' lang='lat' dir='ltr'><strong>sacriﬁcii,</strong></span> <span class='ocrx_word' id='word_1_789' title='bbox 2814 4975 2936 5030; x_wconf 81' lang='lat' dir='ltr'><strong>inde</strong></span> <span class='ocrx_word' id='word_1_790' title='bbox 2998 4976 3305 5047; x_wconf 85' lang='lat' dir='ltr'><strong>evangelica</strong></span> <span class='ocrx_word' id='word_1_791' title='bbox 3347 4975 3669 5047; x_wconf 65' lang='lat' dir='ltr'><strong>praesigniﬁ-</strong></span> 
     </span>
    </p>
   </div>
   <div class='ocr_carea' id='block_1_109' title="bbox 2103 5065 3671 5138">
    <p class='ocr_par' dir='ltr' id='par_1_109' title="bbox 2103 5065 3671 5138">
     <span class='ocr_line' id='line_1_109' title="bbox 2103 5065 3671 5138; baseline 0.003 -20"><span class='ocrx_word' id='word_1_792' title='bbox 2103 5079 2239 5118; x_wconf 89' lang='lat' dir='ltr'><strong>caus</strong></span> <span class='ocrx_word' id='word_1_793' title='bbox 2269 5075 2324 5118; x_wconf 90' lang='lat' dir='ltr'><strong>et</strong></span> <span class='ocrx_word' id='word_1_794' title='bbox 2353 5065 2544 5135; x_wconf 77' lang='lat' dir='ltr'><strong>legalis</strong></span> <span class='ocrx_word' id='word_1_795' title='bbox 2574 5065 2830 5120; x_wconf 79' lang='lat' dir='ltr'><strong>auferens</strong></span> <span class='ocrx_word' id='word_1_796' title='bbox 2859 5075 3043 5136; x_wconf 88' lang='lat' dir='ltr'><strong>utpote</strong></span> <span class='ocrx_word' id='word_1_797' title='bbox 3067 5067 3366 5138; x_wconf 85' lang='lat' dir='ltr'><strong>caliginosa</strong></span> <span class='ocrx_word' id='word_1_798' title='bbox 3390 5079 3444 5122; x_wconf 89' lang='lat' dir='ltr'><strong>et</strong></span> <span class='ocrx_word' id='word_1_799' title='bbox 3473 5068 3671 5137; x_wconf 87' lang='lat' dir='ltr'><strong>imper-</strong></span> 
     </span>
    </p>
   </div>
   <div class='ocr_carea' id='block_1_110' title="bbox 2107 5157 3674 5227">
    <p class='ocr_par' dir='ltr' id='par_1_110' title="bbox 2107 5157 3674 5227">
     <span class='ocr_line' id='line_1_110' title="bbox 2107 5157 3674 5227; baseline 0.001 -19"><span class='ocrx_word' id='word_1_800' title='bbox 2107 5159 2244 5208; x_wconf 84' lang='lat' dir='ltr'><strong>lccta</strong></span> <span class='ocrx_word' id='word_1_801' title='bbox 2277 5171 2292 5208; x_wconf 89' lang='lat'><strong>:</strong></span> <span class='ocrx_word' id='word_1_802' title='bbox 2328 5171 2432 5208; x_wconf 91' lang='lat' dir='ltr'><strong>non</strong></span> <span class='ocrx_word' id='word_1_803' title='bbox 2466 5157 2610 5209; x_wconf 89' lang='lat' dir='ltr'><strong>enim</strong></span> <span class='ocrx_word' id='word_1_804' title='bbox 2651 5157 2908 5225; x_wconf 79' lang='lat' dir='ltr'><strong>possibile</strong></span> <span class='ocrx_word' id='word_1_805' title='bbox 2957 5167 3038 5212; x_wconf 91' lang='lat' dir='ltr'><strong>est</strong></span> <span class='ocrx_word' id='word_1_806' title='bbox 3113 5174 3214 5227; x_wconf 88' lang='lat' dir='ltr'><strong>per</strong></span> <span class='ocrx_word' id='word_1_807' title='bbox 3267 5157 3465 5211; x_wconf 81' lang='lat' dir='ltr'><strong>animal</strong></span> <span class='ocrx_word' id='word_1_808' title='bbox 3530 5157 3674 5210; x_wconf 85' lang='lat' dir='ltr'><strong>irra-</strong></span> 
     </span>
    </p>
   </div>
   <div class='ocr_carea' id='block_1_111' title="bbox 2108 5228 3670 5316">
    <p class='ocr_par' dir='ltr' id='par_1_111' title="bbox 2108 5228 3670 5316">
     <span class='ocr_line' id='line_1_111' title="bbox 2108 5228 3670 5316; baseline 0.001 -16"><span class='ocrx_word' id='word_1_809' title='bbox 2108 5247 2310 5300; x_wconf 81' lang='lat' dir='ltr'><strong>tionale</strong></span> <span class='ocrx_word' id='word_1_810' title='bbox 2345 5228 2552 5301; x_wconf 76' lang='lat' dir='ltr'><strong>salvum</strong></span> <span class='ocrx_word' id='word_1_811' title='bbox 2585 5249 2698 5301; x_wconf 83' lang='lat' dir='ltr'><strong>lieri</strong></span> <span class='ocrx_word' id='word_1_812' title='bbox 2730 5249 3054 5316; x_wconf 65' lang='lat' dir='ltr'><strong>rationalem</strong></span> <span class='ocrx_word' id='word_1_813' title='bbox 3081 5250 3320 5301; x_wconf 88' lang='lat' dir='ltr'><strong>animam</strong></span> <span class='ocrx_word' id='word_1_814' title='bbox 3354 5248 3670 5313; x_wconf 84' lang='lat' dir='ltr'><strong>habentem,</strong></span> 
     </span>
    </p>
   </div>
   <div class='ocr_carea' id='block_1_112' title="bbox 2103 5338 3674 5408">
    <p class='ocr_par' dir='ltr' id='par_1_112' title="bbox 2103 5338 3674 5408">
     <span class='ocr_line' id='line_1_112' title="bbox 2103 5338 3674 5408; baseline 0.002 -18"><span class='ocrx_word' id='word_1_815' title='bbox 2103 5340 2203 5391; x_wconf 86' lang='lat' dir='ltr'><strong>nisi</strong></span> <span class='ocrx_word' id='word_1_816' title='bbox 2246 5355 2436 5392; x_wconf 84' lang='lat' dir='ltr'><strong>rursus</strong></span> <span class='ocrx_word' id='word_1_817' title='bbox 2463 5354 2557 5406; x_wconf 83' lang='lat' dir='ltr'><strong>per</strong></span> <span class='ocrx_word' id='word_1_818' title='bbox 2595 5339 2736 5391; x_wconf 82' lang='lat' dir='ltr'><strong>hanc</strong></span> <span class='ocrx_word' id='word_1_819' title='bbox 2776 5341 3011 5392; x_wconf 73' lang='lat' dir='ltr'><strong>aniznam</strong></span> <span class='ocrx_word' id='word_1_820' title='bbox 3053 5338 3551 5408; x_wconf 87' lang='lat' dir='ltr'><strong>corrigatur.quod</strong></span> <span class='ocrx_word' id='word_1_821' title='bbox 3581 5348 3674 5394; x_wconf 83' lang='lat' dir='ltr'><strong>est</strong></span> 
     </span>
    </p>
   </div>
   <div class='ocr_carea' id='block_1_113' title="bbox 2101 5427 3671 5498">
    <p class='ocr_par' dir='ltr' id='par_1_113' title="bbox 2101 5427 3671 5498">
     <span class='ocr_line' id='line_1_113' title="bbox 2101 5427 3671 5498; baseline 0 -16"><span class='ocrx_word' id='word_1_822' title='bbox 2101 5428 2390 5496; x_wconf 80' lang='lat' dir='ltr'><strong>perfectam</strong></span> <span class='ocrx_word' id='word_1_823' title='bbox 2429 5428 2606 5481; x_wconf 81' lang='lat' dir='ltr'><strong>facere</strong></span> <span class='ocrx_word' id='word_1_824' title='bbox 2637 5430 3032 5497; x_wconf 73' lang='lat' dir='ltr'><strong>pmniteutinm,</strong></span> <span class='ocrx_word' id='word_1_825' title='bbox 3068 5439 3123 5484; x_wconf 90' lang='lat' dir='ltr'><strong>et</strong></span> <span class='ocrx_word' id='word_1_826' title='bbox 3144 5429 3195 5482; x_wconf 92' lang='lat' dir='ltr'><strong>in</strong></span> <span class='ocrx_word' id='word_1_827' title='bbox 3223 5427 3550 5484; x_wconf 76' lang='lat' dir='ltr'><strong>sacriﬁcium</strong></span> <span class='ocrx_word' id='word_1_828' title='bbox 3571 5444 3671 5498; x_wconf 89' lang='lat' dir='ltr'><strong>pro</strong></span> 
     </span>
    </p>
   </div>
   <div class='ocr_carea' id='block_1_114' title="bbox 2099 5519 3671 5590">
    <p class='ocr_par' dir='ltr' id='par_1_114' title="bbox 2099 5519 3671 5590">
     <span class='ocr_line' id='line_1_114' title="bbox 2099 5519 3671 5590; baseline -0.001 -14"><span class='ocrx_word' id='word_1_829' title='bbox 2099 5523 2391 5588; x_wconf 82' lang='lat' dir='ltr'><strong>semetipso</strong></span> <span class='ocrx_word' id='word_1_830' title='bbox 2429 5519 2623 5574; x_wconf 75' lang='lat' dir='ltr'><strong>oll‘erre</strong></span> <span class='ocrx_word' id='word_1_831' title='bbox 2680 5521 2954 5574; x_wconf 88' lang='lat' dir='ltr'><strong>hominem</strong></span> <span class='ocrx_word' id='word_1_832' title='bbox 3017 5537 3044 5574; x_wconf 73' lang='grc' dir='ltr'><strong>ε</strong></span> <span class='ocrx_word' id='word_1_833' title='bbox 3083 5532 3308 5590; x_wconf 86' lang='lat' dir='ltr'><strong>peccato</strong></span> <span class='ocrx_word' id='word_1_834' title='bbox 3339 5521 3671 5586; x_wconf 86' lang='lat' dir='ltr'><strong>immunem,</strong></span> 
     </span>
    </p>
   </div>
   <div class='ocr_carea' id='block_1_115' title="bbox 2101 5609 3668 5682">
    <p class='ocr_par' dir='ltr' id='par_1_115' title="bbox 2101 5609 3668 5682">
     <span class='ocr_line' id='line_1_115' title="bbox 2101 5609 3668 5682; baseline -0.002 -15"><span class='ocrx_word' id='word_1_835' title='bbox 2101 5629 2292 5682; x_wconf 80' lang='lat' dir='ltr'><strong>netnpe</strong></span> <span class='ocrx_word' id='word_1_836' title='bbox 2325 5609 2516 5666; x_wconf 81' lang='lat' dir='ltr'><strong>Jcsum</strong></span> <span class='ocrx_word' id='word_1_837' title='bbox 2557 5613 2833 5665; x_wconf 78' lang='lat' dir='ltr'><strong>Christum</strong></span> <span class='ocrx_word' id='word_1_838' title='bbox 2873 5613 2963 5668; x_wconf 87' lang='lat' dir='ltr'><strong>Dei</strong></span> <span class='ocrx_word' id='word_1_839' title='bbox 3003 5611 3198 5667; x_wconf 82' lang='lat' dir='ltr'><strong>Filium</strong></span> <span class='ocrx_word' id='word_1_840' title='bbox 3251 5628 3350 5682; x_wconf 88' lang='lat' dir='ltr'><strong>pro</strong></span> <span class='ocrx_word' id='word_1_841' title='bbox 3382 5613 3540 5667; x_wconf 85' lang='lat' dir='ltr'><strong>nobis</strong></span> <span class='ocrx_word' id='word_1_842' title='bbox 3585 5612 3668 5664; x_wconf 84' lang='lat' dir='ltr'><strong>in-</strong></span> 
     </span>
    </p>
   </div>
   <div class='ocr_carea' id='block_1_116' title="bbox 2095 5705 3668 5778">
    <p class='ocr_par' dir='ltr' id='par_1_116' title="bbox 2095 5705 3668 5778">
     <span class='ocr_line' id='line_1_116' title="bbox 2095 5705 3668 5778; baseline -0.003 -14"><span class='ocrx_word' id='word_1_843' title='bbox 2095 5718 2397 5774; x_wconf 76' lang='lat' dir='ltr'><strong>carnatum,</strong></span> <span class='ocrx_word' id='word_1_844' title='bbox 2423 5705 2513 5778; x_wconf 89' lang='lat' dir='ltr'><strong>qui</strong></span> <span class='ocrx_word' id='word_1_845' title='bbox 2539 5705 2892 5777; x_wconf 86' lang='lat' dir='ltr'><strong>semetipsum</strong></span> <span class='ocrx_word' id='word_1_846' title='bbox 2915 5707 3146 5762; x_wconf 84' lang='lat' dir='ltr'><strong>hostiam</strong></span> <span class='ocrx_word' id='word_1_847' title='bbox 3176 5705 3668 5778; x_wconf 68' lang='lat' dir='ltr'><strong>peculiarissimam</strong></span> 
     </span>
    </p>
   </div>
  </div>
