4026 6274
429 251 534 370 ευ

1221 300 1597 362 SYMEONIS
1628 291 2378 374 THESSALONICENSIS
2413 287 2765 350 ARCHIEP.

3577 275 3709 340 643

421 420 527 484 pro’
565 413 841 470 universis
873 412 1062 477 dedit;
1094 426 1308 466 necnon
1364 421 1554 481 sperat
1617 407 1991 464 a‘dilicaudam

2101 407 2192 457 καὶ
2219 402 2643 478 οἰκοδομηθῆναι
2674 401 2774 469 τὴν
2806 399 2933 450 νέαν
2989 392 3371 464 Ἰερουσαλὴμ,
3420 394 3561 464 ἦτοι
3598 391 3714 459 τὴν

423 519 617 559 novam
647 503 972 569 Jerusalem,
1002 502 1210 558 scilicet
1230 502 1558 567 Ecclesiam,
1590 501 1806 571 quando
1829 507 1886 553 et
1917 497 1998 551 of-

425 592 704 648 ferendum
736 593 985 662 praadicit
1030 593 1208 647 laudis
1271 592 1632 654 sacriﬁcium,
1688 588 1989 644 confessio-

425 697 549 736 nem
581 683 809 746 Cliristi,
839 684 1261 753 saginatumque
1291 685 1522 737 vitulum
1577 683 1756 751 ipsum
1815 679 1998 732 Domi-

425 789 579 830 num.
614 775 782 844 Igitur
813 776 1200 830 convenienter
1229 783 1361 830 tunc
1398 791 1493 845 per
1547 789 1741 828 versus
1790 771 1996 825 dicitur

426 866 682 935 psalmus
742 867 1224 937 quinguagesimus
1283 867 1351 921 ab
1380 875 1611 934 utroque
1645 866 1834 918 clioro.
1873 877 2000 914 nec-

426 971 536 1010 non
596 957 830 1011 dieiaut
871 958 995 1011 festi
1055 957 1171 1011 sive
1232 959 1408 1013 sancti
1478 956 1767 1011 absolutio.
1815 952 2001 1007 Festis

425 1050 639 1118 quidem
667 1049 962 1104 Dominicis
985 1056 1106 1117 post
1131 1049 1341 1104 «Gloria
1369 1058 1422 1102 et
1440 1047 1624 1101 Nunc»
1648 1046 1850 1099 dicitur
1875 1044 2000 1098 festi

422 1141 735 1207 absolutio;
801 1142 1033 1211 singulis
1101 1151 1283 1194 autem
1337 1140 1531 1194 diebus
1586 1137 1858 1192 absolutio
1893 1136 2001 1190 diei

422 1236 638 1305 propria
661 1253 674 1295 :
698 1251 907 1289 necnon
936 1235 1002 1288 ad
1024 1252 1269 1291 versum:
1294 1231 1402 1288 «Ne
1434 1233 1691 1305 projicias
1706 1248 1788 1286 me
1807 1247 1837 1286 a
1865 1231 2003 1285 facie

425 1334 574 1388 tua,»
607 1326 826 1379 dicunt:
867 1324 1628 1380 «Auxiliumeristianorum
1654 1341 1702 1388 ;»
1734 1336 1917 1376 verum
1935 1321 2000 1374 ad

427 1413 658 1478 «Gloria,
682 1413 1053 1484 Unigenitns,»
1071 1423 1123 1468 et
1142 1416 1206 1469 ad
1229 1415 1390 1469 verba
1419 1431 1432 1467 :
1461 1411 1556 1467 «Et
1573 1428 1748 1466 nunc»
1769 1411 2002 1465 dicunt:

340 1515 347 1582 ί,
425 1507 971 1561 «GloriOsissimam.»
1005 1509 1262 1561 Etstatim
1283 1507 1588 1560 recitantur
1607 1518 1849 1560 canones
1872 1499 2000 1556 festi

341 1587 352 1654 ί
422 1598 502 1650 vel
535 1600 706 1651 sancti
734 1613 872 1666 quos
909 1598 1246 1653 instituimus
1303 1600 1369 1650 ad
1405 1598 1660 1652 decorem
1696 1604 1751 1647 et
1787 1594 1994 1647 bonutn

418 1687 676 1743 Ecclesia:
708 1689 988 1750 ordinem,
1029 1703 1252 1742 necnon
1294 1689 1359 1741 ad
1388 1688 1612 1757 gloriam
1649 1685 1741 1740 Dei
1775 1684 2002 1753 ejusque

420 1769 756 1836 sanctorum.
785 1779 839 1832 In
891 1789 1018 1834 octo
1051 1778 1273 1846 quidem
1318 1777 1502 1848 partes
1542 1776 1851 1846 psalluntur
1879 1815 1893 1837 ,
1947 1776 1994 1828 si

417 1875 525 1926 duo
595 1883 758 1938 sunt;
803 1872 854 1924 in
891 1887 982 1926 sex
1024 1886 1152 1924 vero
1207 1872 1253 1925 si
1283 1870 1482 1924 dicitur
1529 1883 1704 1923 canon
1758 1867 1994 1937 Magnus

417 1973 639 2017 sanctus
664 2002 678 2026 ,
713 1970 807 2014 aut
839 1963 892 2014 in
935 1969 1207 2029 quatuor,
1248 1959 1292 2014 si
1337 1959 1535 2013 festum
1578 1974 1686 2012 non
1713 1958 1801 2012 sit.
1835 1957 1995 2023 Quod

425 2057 482 2108 lit
519 2054 585 2106 ad
637 2054 926 2106 utilitatem
975 2054 1506 2120 incitamentumque
1538 2060 1595 2104 et
1633 2063 1996 2119 perseveran-

425 2144 564 2198 tiam
596 2144 893 2210 jnstorum,
919 2152 1105 2212 utpote
1131 2143 1436 2197 canonibus
1461 2152 1876 2196 consuetorum.
1907 2137 1998 2194 Ει-

417 2238 561 2292 enim
599 2235 750 2304 prius
781 2235 998 2305 quidem
1033 2249 1274 2289 canones
1329 2235 1384 2288 in
1420 2235 1683 2288 cautione
1711 2248 1817 2286 non
1850 2231 1995 2301 psal-

419 2321 691 2388 lebantur,
720 2324 813 2378 sed
842 2333 960 2391 post
985 2322 1500 2392 quinquagesimum
1537 2323 1826 2390 psalmum,
1855 2318 1995 2373 facta

422 2415 736 2485 conjuncta,
769 2415 1020 2483 protinus
1045 2414 1365 2469 dicebantur
1381 2413 1576 2483 psalmi
1623 2434 1642 2464 «
1665 2411 1928 2466 Laudate.
1971 2430 1990 2461 »

404 2507 574 2560 'Nuuc
595 2522 722 2560 vero
738 2515 859 2575 post
878 2508 1118 2560 canones
1140 2504 1878 2574 ἀίουιιιιιτὲξαποστελλάρια
1898 2517 1994 2556 seu

421 2596 656 2666 hymnus
695 2595 978 2660 «Emitte.»
1011 2593 1217 2649 Deinde
1247 2609 1409 2663 parva
1433 2585 1746 2664 conjuncta,
1777 2603 1832 2648 et
1853 2593 1996 2648 illico

419 2688 613 2755 psalmi
643 2705 660 2737 «
696 2686 988 2740 Laudate.»
1021 2687 1224 2741 Cantor
1241 2687 1402 2756 primi
1427 2687 1577 2740 chori
1609 2704 1623 2740 :
1672 2705 1690 2738 «
1733 2685 1995 2748 Laudate,

421 2778 616 2848 inquit,
642 2778 924 2830 Dominum
953 2776 1021 2830 de
1045 2776 1221 2839 caelis,
1243 2783 1296 2828 te
1326 2774 1483 2830 decet
1507 2777 1742 2844 hymnus
1763 2779 1985 2836 Deum,»

418 2877 474 2924 et
498 2849 635 2922 alius
665 2868 730 2920 ad
755 2868 919 2920 alium
941 2881 1152 2920 versum
1178 2865 1320 2919 idem
1345 2866 1496 2930 dicit,
1530 2867 1774 2933 aliosque
1801 2880 1994 2922 versus

305 3000 314 3012 .
363 3003 371 3012 .
401 2958 517 3018 ‘sex
551 2961 800 3016 similiter
819 2961 1068 3014 recitant.
1099 2959 1255 3015 Unde
1296 2967 1443 3026 patet
1481 2959 1779 3012 mtmacbos
1805 2975 1834 3012 a
1861 2972 1996 3011 cau-

421 3057 570 3109 tione
620 3054 888 3122 originem
921 3051 1146 3118 ducere,
1176 3067 1346 3121 quum
1388 3059 1442 3106 et
1477 3051 1579 3121 ipsi
1623 3052 1689 3103 ab
1727 3050 1882 3104 initio
1915 3051 1996 3104 di-

2113 497 2439 565 Ἐκκλησίαν
2461 493 2674 556 ὲλπίζει
2699 507 2714 522 ο
2734 493 2822 544 ὅτε
2847 491 2942 543 καὶ
2983 488 3179 541 θυσίαν
3208 487 3465 548 αίνέσεως
3508 499 3717 550 apoc-

2100 591 2333 661 αχθῆναι
2392 587 2673 660 προλέγει,
2703 586 2802 653 τὴν
2839 583 3130 652 ὁμολογίαν
3161 577 3426 650 Χριστοῦ,
3455 577 3575 630 καὶ
3606 573 3715 626 τὸν

2103 681 2353 734 σιτευτὸν
2414 679 2633 749 μόσχον,
2667 676 2830 730 αὑτὸν
2858 674 2950 727 τὸν
3007 672 3236 742 Κύριον.
3289 665 3680 736 Πεντηκοστά

2105 791 2222 845 ριον
2243 773 2337 827 οῦν
2369 770 2644 841 ἁρμοδίως
2675 771 2733 822 ὲν
2777 767 2952 835 τούτῳ
2985 765 3205 832 λέγεται
3229 761 3373 814 κατὰ
3408 761 3623 826 στίχον
3650 769 3717 805 εν

2103 865 2354 935 ἐκατέρῳ
2372 863 2540 934 χορῷ,
2567 862 2601 932 ἢ
2647 860 2711 912 τὸ
2741 860 2841 928 τῆς
2871 855 3082 927 ἡμέρας
3113 854 3146 924 ἦ
3179 857 3241 906 τδ
3271 853 3368 920 τῆς
3412 849 3635 917 ἑορτῆς
3671 845 3711 915 ἢ

2103 958 2163 1010 τὸ
2189 956 2281 1010 τοῦ
2330 955 2488 1021 ἁγίου
2531 950 2910 1010 ἀπολυτίκιον,
2942 948 3052 1000 Kal
3092 947 3170 1008 εἰς
3208 946 3307 1013 μὲν
3359 942 3457 1004 τὰς
3481 942 3717 994 δεσπο-

2103 1048 2262 1110 τικὰς
2317 1045 2534 1115 ἑορτὰς,
2582 1061 2602 1094 ι
2632 1042 2768 1104 Δόξα
2827 1041 2924 1092 καὶ
2980 1039 3098 1102 νῦν,
3147 1055 3166 1088 »
3199 1035 3262 1088 τὸ
3302 1037 3401 1098 τῆς
3445 1033 3706 1102 ἑορτῆς-⁸

2105 1138 2229 1192 καθ’
2264 1137 2480 1206 ἡμέραν
2497 1133 2555 1186 δὲ
2589 1133 2648 1185 τὸ
2685 1134 2784 1201 τῆς
2839 1131 3070 1200 ἡμέρας.
3128 1127 3237 1180 Kal
3277 1127 3359 1186 εἰς
3389 1125 3473 1188 τὸ,
3525 1139 3551 1175 ε
3599 1122 3710 1192 Μὴ

2105 1228 2420 1302 amcam;
2457 1243 2524 1295 με
2552 1227 2660 1278 ἀπο
2691 1223 2786 1276 τοῦ
2813 1223 3110 1292 προσώπου
3152 1233 3267 1282 σου,
3291 1237 3308 1268 »
3350 1217 3436 1279 τὸ,
3471 1234 3492 1267 ε
3539 1217 3710 1285 Προ-

2110 1318 2304 1370 στασία
2338 1316 2448 1368 τῶν
2477 1310 2832 1384 Χριστιανῶν
2861 1329 2878 1343 ·
2918 1329 2937 1362 »
2977 1313 3055 1373 είς
3085 1310 3141 1361 δὲ
3164 1309 3248 1370 τὸ,
3284 1326 3303 1359 t
3328 1308 3492 1372 Δόξα,
3533 1323 3555 1358 ι
3613 1305 3708 1372 τὸ,

2111 1429 2130 1460 t
2158 1407 2214 1461 ’0
2245 1409 2540 1478 μονογενής
2560 1425 2577 1441 ·
2612 1425 2631 1458 »
2663 1407 2759 1460 καὶ
2780 1407 2858 1466 είς
2889 1406 2970 1469 τι,
3005 1421 3024 1456 t
3067 1404 3174 1456 Kal
3202 1402 3297 1454 νῦν
3321 1401 3466 1469 «Τὴν
3503 1401 3708 1466 ὑπερ-

2106 1497 2319 1562 ἇνδοξον
2348 1515 2395 1551 '»
2437 1498 2532 1551 καὶ
2570 1497 2733 1560 εὐθὺς
2754 1500 2803 1550 οἱ
2847 1497 3069 1558 κανόνες
3101 1495 3200 1564 τῆς
3233 1493 3454 1562 ἑορτῆς,
3498 1492 3539 1560 ἢ
3593 1487 3706 1543 τοῦ

2109 1591 2292 1658 ἁγίου,
2322 1590 2417 1655 οὓς
2455 1590 2881 1662 προσεθήκαμεν
2931 1589 2998 1642 δι’
3029 1587 3333 1656 εὐκοσμίαν
3364 1587 3535 1656 ἡμεῖς
3597 1583 3707 1637 καὶ

2107 1683 2363 1749 εὐταξίαν
2397 1685 2497 1754 τῆς
2536 1683 2886 1752 Ἐκκλησίας,
2937 1680 3099 1746 δόξαν
3133 1697 3193 1733 τε
3237 1679 3372 1733 Θεοῦ
3416 1679 3514 1732 καὶ
3574 1679 3702 1730 τῶν

2105 1778 2282 1843 ἁγίων
2311 1777 2497 1830 αὑτοῦ.
2533 1777 2627 1839 Ei;
2654 1775 2797 1829 ὀκτὼ
2823 1775 2925 1843 μιν
2950 1773 3242 1843 ψάλλονται
3272 1772 3323 1826 εί
3389 1769 3483 1824 δύο
3515 1769 3700 1823 είσίνο

2104 1870 2182 1931 είς
2206 1869 2263 1934 ἕξ
2311 1867 2390 1936 δὲ,
2427 1869 2474 1920 εί
2507 1869 2683 1937 μέγας
2733 1867 2923 1935 ἅγιος·
2974 1867 3006 1937 ἢ
3062 1869 3143 1929 εις
3197 1866 3463 1935 τέσσαρα,
3497 1865 3554 1917 ει
3614 1862 3701 1932 μὴ

2104 1961 2498 2030 ἑορταζόμενός
2529 1963 2644 2014 ὲστι
2668 1978 2681 1992 ο
2716 1962 2810 2012 καὶ
2841 1960 2932 2012 διὰ
2965 1961 3066 2030 τὴν
3088 1959 3358 2028 ὠφέλειαν
3381 1957 3459 2022 δὲ,
3493 1958 3697 2026 napa-

2105 2051 2299 2120 κλησίν
2323 2068 2383 2103 τε
2419 2052 2511 2104 καλ⁵
2544 2050 2862 2120 προσμονὴν
2890 2050 3000 2104 τῶν
3032 2049 3295 2115 εὐσεϐῶν,
3331 2049 3407 2108 ὡς
3431 2049 3700 2117 είθισμέ-

2103 2157 2210 2193 νων
2247 2142 2304 2193 ἑν
2334 2143 2446 2202 τοῖς
2478 2141 2689 2195 κανόσι.
2748 2141 3022 2210 Πρότερον
3064 2139 3162 2210 μὲν
3207 2139 3318 2208 γὰρ
3350 2127 3588 2200 κανόνες
3629 2141 3696 2192 ὲν

2103 2231 2180 2300 τῷ
2205 2231 2500 2302 ᾁσματικῷ
2537 2232 2639 2284 οὐκ
2673 2231 2968 2301 ὲψὰλλοντο
2993 2248 3007 2264 ⁸
3046 2231 3182 2285 ἀλλὰ
3219 2233 3384 2300 ’μετὰ
3413 2234 3505 2284 τὸν
3546 2235 3699 2287 Πεν-

2103 2322 2393 2392 τηκοστὸν,
2427 2323 2726 2392 γινομένης
2765 2324 3066 2392 συναπτῆς,
3121 2323 3287 2385 εὐθὺς
3323 2323 3586 2390 ἐλέγοντο
3639 2324 3693 2375 oi

2111 2434 2130 2466 «
2166 2414 2376 2467 Αίνεῖτε
2400 2431 2417 2448 ·
2463 2434 2481 2466 »
2520 2415 2616 2468 νῦν
2667 2415 2724 2468 δὲ
2761 2416 2901 2484 μετὰ
2951 2417 3077 2478 τοὺς
3110 2417 3342 2478 κανόνας
3373 2415 3442 2467 τὰ
3472 2416 3692 2480 ἐξαπο-

2106 2506 2401 2575 στελλάρια
2429 2505 2703 2573 λέγονται.
2743 2504 2875 2561 Εἶτα
2909 2508 3082 2578 μικρὰ
3118 2509 3386 2578 συναπτή.
3438 2509 3557 2562 Καὶ
3592 2509 3692 2560 εὗ-

2101 2595 2200 2660 θὺς
2229 2599 2311 2660 τὸ,
2340 2615 2360 2650 t
2399 2598 2631 2652 Δίνεῖτε.
2673 2616 2693 2650 »
2739 2597 2800 2650 '0
2853 2597 3065 2667 ψάλτης
3106 2598 3200 2650 τοῦ
3235 2598 3452 2668 πρώτου
3485 2598 3688 2668 χοροῦ,

2109 2707 2128 2740 «
2163 2690 2373 2742 Δίνεῖτε
2401 2689 2496 2742 τὸν
2543 2690 2748 2761 Κύριον
2805 2691 2868 2743 ὲκ
2897 2691 3006 2743 τῶν
3032 2689 3278 2760 οὐρανῶν
3304 2707 3318 2722 ο
3352 2691 3438 2743 σοὶ
3469 2691 3688 2760 πρέπει

2105 2781 2276 2850 ὕμνος
2306 2781 2381 2851 τῷ
2401 2780 2544 2851 Θεῷ,
2577 2800 2595 2832 »
2634 2782 2730 2836 καὶ
2757 2784 2786 2835 ό
2815 2782 3004 2851 ἔτερος
3032 2783 3114 2844 είς
3139 2781 3231 2834 τὸν
3262 2783 3452 2853 ἕτερον
3485 2784 3684 2852 στίχον

2071 2877 2162 2956 [to
2193 2875 2356 2928 αὑτό·
2389 2876 2483 2928 καὶ
2511 2875 2638 2937 τοὺς
2664 2876 2890 2937 λοιποὺς
2929 2875 2990 2939 ἐξ
3047 2875 3252 2944 ὁμοίως
3281 2875 3500 2942 λέγουσι
3559 2875 3687 2929 στίο

2103 2983 2251 3036 χούς.
2302 2965 2590 3019 Ἐντεῦθεν
2611 2962 2703 3020 οῦν
2743 2967 2932 3036 δῆλον,
2961 2966 3037 3030 ὡς
3069 2968 3164 3020 καὶ
3209 2968 3276 3019 τὰ
3324 2969 3684 3039 μοναστήρια

2102 3059 2166 3110 ἐκ
2195 3057 2290 3109 τοῦ
2315 3055 2632 3126 ᾁσματικοῦ
2660 3058 2845 3127 έχουσι
2883 3057 2983 3119 τὰς
3016 3059 3292 3128 ἀφορμὰς,
3347 3059 3552 3129 ὁμοίως
3617 3061 3682 3112 ὲν

420 3159 586 3202 cant:
630 3145 734 3200 «Te
767 3147 922 3201 decet
978 3144 1212 3216 hymnus
1240 3145 1466 3200 Deum.»
1503 3143 1674 3199 Porro
1701 3143 1768 3198 ad
1819 3142 1952 3196 illttd
1981 3159 1994 3194 :

2111 3152 2238 3212 ταῖς
2268 3151 2466 3220 ἁρχαίς
2499 3152 2592 3203 καὶ
2613 3150 2766 3203 αὐτοὶ
2791 3151 3062 3219 λέγοντες,
3103 3173 3121 3204 «
3162 3155 3251 3207 Σοὶ
3275 3156 3379 3222 πρέ
3392 3173 3475 3208 ττει
3499 3153 3678 3223 ὕμνος

426 3234 694 3293 «Laudate
711 3237 998 3292 Dominum
1012 3235 1078 3291 de
1097 3248 1262 3301 terra,
1277 3255 1296 3288 »
1315 3237 1515 3290 dicitur
1547 3236 1739 3289 :«Date
1761 3234 1992 3302 gloriam

428 3331 592 3396 Deo,»
629 3340 684 3384 et
715 3331 968 3384 similiter
1000 3331 1191 3385 ad-sex
1221 3345 1413 3384 versus
1444 3337 1755 3398 sequentes.
1783 3326 1888 3380 Sed
1923 3327 1993 3380 ad

390 3421 575 3475 'haec:
613 3419 948 3475 «Exaltatum
981 3432 1064 3474 est
1088 3437 1280 3475 nomen
1309 3421 1480 3490 ejus,»
1511 3422 1698 3475 dicunt
1727 3437 1740 3474 :
1776 3419 1990 3488 «Ipsum

401 3513 580 3568 'decet
600 3512 890 3579 laudatio,»
925 3521 979 3566 et
1013 3515 1084 3566 ita
1113 3511 1182 3565 ad
1209 3527 1498 3581 sequentes
1525 3527 1751 3578 versus;
1785 3515 1850 3567 ad
1876 3527 1992 3568 ver-

391 3607 546 3660 sum
599 3615 816 3661 autem:
853 3623 872 3656 «
911 3601 1155 3660 Laudent
1189 3619 1385 3660 nomen
1443 3606 1605 3674 ejus;
1659 3603 1842 3659 Gloria
1893 3605 1989 3659 tibi

423 3695 635 3760 Pater,»
663 3700 896 3767 itemque
915 3699 981 3751 ad
1000 3695 1433 3768 sequentem.Ad
1449 3698 1592 3751 hunc
1617 3714 1628 3751 :
1660 3715 1677 3748 «
1692 3695 1990 3751 Exaltatio-

421 3809 520 3848 nes
547 3791 664 3856 Dei,
693 3792 794 3847 Fili
816 3793 929 3858 Dei,
951 3792 1211 3847 miserere
1238 3791 1451 3854 nobis,»
1479 3792 1718 3862 itemque
1733 3789 1799 3845 ad
1819 3790 1986 3845 alium

422 3867 665 3942 versum.
689 3885 794 3940 Sed
819 3887 884 3941 ad
921 3887 1064 3940 istud
1089 3903 1103 3941 :
1143 3883 1258 3940 «Ad
1289 3885 1596 3956 alligandos
1617 3900 1770 3954 reges
1797 3898 1989 3938 eorum

424 3985 478 4038 in
508 3983 915 4054 compedibus,»
942 3984 1038 4037 lit:
1077 3969 1275 4036 «Parce
1306 3983 1480 4047 nobis,
1508 3979 1752 4040 Domine,
1772 3986 1990 4048 propter

426 4075 686 4146 Spiritum
722 4084 967 4130 sanctum
993 4113 1006 4135 .
1036 4093 1054 4126 «
1082 4074 1366 4136 Dominus,
1399 4072 1476 4126 ait
1502 4056 1724 4138 Paulus,
1753 4072 1992 4140 Spiritus

421 4177 598 4234 est»,
633 4177 691 4222 ut
743 4168 1051 4222 celebretur
1106 4164 1371 4230 Trinitas,
1404 4172 1458 4219 et
1513 4163 1767 4219 similiter
1787 4163 1845 4218 lit
1919 4164 1988 4218 ad

422 4274 672 4316 caeteros.
697 4261 776 4314 Ad
805 4261 906 4314 hoc
923 4266 1106 4313 autem
1129 4275 1143 4312 :
1178 4258 1451 4312 «Landate
1478 4255 1764 4313 Dominum
1782 4257 1836 4312 in
1865 4273 1988 4313 san-

421 4351 522 4405 ctis
549 4351 688 4420 ejus,
710 4350 808 4403 Fili
829 4351 944 4415 Dei,
979 4352 1238 4405 miserere
1267 4351 1480 4411 nobis,»
1517 4365 1734 4404 rursum
1769 4359 1990 4418 propter

423 4441 878 4504 incarnationem,
912 4452 966 4496 et
1000 4445 1203 4510 pariter
1223 4442 1290 4496 ad
1315 4455 1502 4496 versus
1532 4450 1845 4511 sequentes.
1881 4437 1988 4494 νο·
2024 4481 2068 4535 D

363 4517 369 4552 "
422 4548 540 4586 rum
560 4534 624 4586 ad
646 4534 822 4587 hunc:
849 4532 1324 4587 «Laudaleenmin
1351 4533 1614 4602 cymbalis
1639 4537 1775 4589 bene
1793 4546 1994 4586 sonan-

423 4627 590 4688 tibus,
615 4624 794 4679 Gloria
822 4624 940 4691 tibi,
962 4625 1053 4693 qui
1083 4626 1264 4679 lumen
1284 4623 1622 4688 ostendisti,»
1658 4627 1896 4692 itemque
1926 4622 1993 4677 ad

423 4715 673 4768 ultimum
717 4726 835 4784 post
867 4729 1016 4767 eum.
1055 4714 1276 4780 Deinde,
1325 4713 1682 4769 «Benedictus
1718 4696 1982 4766 Dominus

425 4807 562 4860 Deus
590 4805 770 4868 Israel,
823 4808 962 4875 quia
1003 4808 1234 4863 visitavit
1292 4819 1348 4862 et
1379 4808 1508 4863 fecit
1559 4808 1989 4876 redemptionem

424 4899 592 4968 plebis
613 4914 775 4964 sum,»
804 4899 949 4967 quod
969 4899 1155 4954 dicunt
1176 4902 1242 4954 ad
1273 4917 1463 4956 omnes
1492 4914 1700 4964 versus,
1732 4901 1991 4970 quoniam

424 4991 477 5043 iu
519 4991 602 5043 bis
641 4991 818 5044 verbis
850 4992 1136 5060 prophetia
1166 5001 1250 5046 est
1276 5002 1328 5046 et
1372 4992 1651 5046 canticum
1720 4993 1989 5048 incarna-

425 5084 586 5136 tionis
627 5078 809 5148 Verbi,
839 5097 1050 5136 necuon
1081 5084 1325 5154 ejusdem
1361 5087 1684 5153 prooemium
1717 5096 1767 5139 el
1791 5092 1993 5156 gratia-

424 5191 543 5228 rum
578 5177 722 5229 actio
753 5173 1100 5230 theursore
1123 5185 1176 5229 et
1206 5175 1446 5247 Baptista
1484 5192 1657 5246 nuper
1682 5189 1841 5247 parto
1867 5195 1992 5248 pro-

425 5268 693 5330 nuntiata,
713 5268 856 5338 quod
876 5269 1149 5322 canticum
1181 5281 1238 5322 ut
1256 5269 1460 5336 gratias
1484 5284 1648 5339 agens
1674 5273 1991 5326 solemnitcr

423 5369 604 5414 cantat
631 5359 890 5414 Ecclesia.
931 5356 1100 5414 Porro
1139 5363 1206 5415 ad
1247 5361 1487 5416 «Gloria»
1527 5362 1715 5416 dicunt
1747 5381 1759 5416 :
1788 5363 1990 5416 «Bene-

424 5450 604 5504 dictus
626 5448 884 5506 Dominus
910 5445 1069 5507 Jesus
1085 5469 1202 5516 rex,
1223 5454 1351 5522 quia
1383 5449 1662 5518 visitatus,»
1691 5465 1744 5507 et
1774 5456 1980 5524 reliqua

425 5541 628 5595 clarius
659 5543 982 5609 psalluntnr,
1015 5559 1226 5597 necnon
1260 5543 1326 5596 ad
1382 5547 1543 5598 verba
1573 5559 1587 5597 :
1649 5543 1743 5598 «Et
1780 5560 1984 5610 nunc,»

422 5633 563 5686 idem
583 5635 860 5701 repetitur.
891 5634 1115 5704 Insuper
1138 5635 1327 5690 dicunt
1349 5652 1365 5691 :
1391 5636 1728 5707 «Egregiam,
1763 5636 1854 5691 Dei
1882 5637 1988 5691 Ma-

2102 3241 2178 3310 τῷ
2207 3241 2346 3311 Θεῷ.
2384 3261 2402 3292 »
2445 3242 2533 3304 Ei;
2559 3242 2616 3295 δὲ
2639 3242 2721 3302 τὸ,
2769 3262 2788 3293 «
2827 3244 3037 3296 Αἰνεῖτε
3065 3245 3158 3298 τὸν
3207 3246 3410 3316 Κύριον
3467 3247 3532 3300 ὲκ
3563 3246 3676 3316 τῆς

2103 3333 2227 3403 γῆςο
2255 3334 2385 3386 Δότε
2427 3333 2585 3397 δόξαν
2607 3334 2683 3402 τῷ
2713 3333 2853 3400 Θεῷ.
2892 3353 2911 3386 ι
2940 3337 3033 3388 καὶ
3062 3339 3140 3400 είς
3159 3338 3284 3400 τοὺς
3309 3339 3531 3403 λοιποὺς
3561 3341 3675 3393 στί-

2101 3442 2229 3495 χους
2257 3425 2338 3491 ἒξ.
2366 3416 2456 3488 Ei;
2485 3425 2542 3477 δὲ
2569 3425 2650 3491 τὸ,
2686 3443 2706 3476 t
2768 3424 2992 3494 ’Υψώθη
3024 3427 3086 3480 es
3132 3428 3307 3500 ὕνομα
3340 3432 3531 3497 αὐτοῦ,
3565 3435 3670 3486 αὺ-

2100 3515 2178 3586 τῷ
2198 3521 2397 3584 πρέπει
2425 3515 2630 3578 αίνεσις
2661 3533 2676 3549 ο
2717 3534 2735 3568 »
2771 3519 2865 3570 καὶ
2897 3519 3023 3581 τοὺς
3081 3521 3230 3589 ἑξῆς.
3267 3523 3360 3585 Ei;
3387 3524 3468 3588 τὸ,
3504 3543 3524 3577 t
3573 3528 3672 3580 Αί-

2103 3610 2414 3664 νεσὰτωσαν
2433 3609 2490 3662 δὲ
2507 3611 2567 3662 τὸ
2583 3609 2753 3679 ὖνομα
2775 3611 2961 3677 αὑτοῦ,
2981 3611 3118 3676 Δόξα
3143 3630 3247 3677 σοι,
3277 3617 3400 3683 ἅγιε
3425 3617 3628 3690 Πάτερ·
3643 3641 3661 3670 »

2101 3703 2196 3754 καὶ
2243 3704 2324 3764 είς
2375 3705 2465 3754 τὸν
2503 3701 2714 3771 ἕτερον,
2761 3704 2839 3764 είς
2871 3705 2953 3768 τὸ,
2992 3723 3010 3756 «
3038 3704 3200 3774 252
3227 3709 3289 3760 Al
3331 3709 3568 3778 ύψὼσεις
3607 3712 3666 3764 δὲ

2099 3791 2192 3846 τοῦ
2222 3791 2384 3856 Θεοῦ,
2412 3793 2509 3846 Υἱὲ
2557 3794 2718 3857 Θεοῦ,
2751 3793 2977 3860 ἐλέησον
3036 3798 3202 3865 ἡμᾶς,
3242 3817 3262 3850 »
3313 3801 3408 3853 καὶ
3448 3803 3526 3864 είς
3571 3802 3664 3854 τὸν

2099 3885 2286 3954 ἕτερον
2315 3885 2514 3956 στίχον.
2549 3886 2660 3939 Kal
2700 3887 2780 3950 είς
2812 3888 2892 3954 τὸ,
2932 3907 2950 3939 «
2993 3889 3099 3942 Τοῦ
3138 3891 3297 3958 δῆσαι
3347 3893 3473 3955 τοὺς
3509 3891 3666 3961 βασι-
3697 3883 3706 3902 “

2097 3977 2210 4039 λεῖς
2233 3979 2411 4032 αὐτῶν
2437 3980 2496 4030 ὲν
2528 3978 2737 4042 πέδαις,
2774 3981 2963 4032 Φεῖσαι
2991 3982 3174 4052 ἡμῶν,
3224 3983 3420 4053 Κύριε,
3465 3986 3553 4038 διὰ
3604 3985 3669 4039 τὺ

2099 4069 2325 4139 Πνεῦμα
2347 4069 2409 4121 τὸ
2437 4069 2613 4136 ἅγιον.
2646 4089 2665 4121 »
2721 4069 2780 4124 Ὀ
2805 4072 2862 4123 δὲ
2905 4071 3133 4140 Κύριος,
3181 4073 3393 4138 Παῦλός
3420 4092 3575 4144 φησι,
3604 4077 3665 4129 τὸ

2100 4145 2326 4231 Πνεῦμα
2363 4164 2533 4226 ἐστιν,
2581 4162 2669 4215 ἵνα
2704 4164 2996 4234 ἀνυμνηοῇ
3033 4166 3064 4234 ὴ
3103 4166 3272 4235 una;
3298 4185 3312 4197 ο
3342 4168 3435 4220 καὶ
3462 4169 3666 4237 ὁμοίως

2101 4253 2182 4316 είς
2215 4253 2343 4316 τοὺς
2365 4253 2614 4317 λοιπούς.
2656 4257 2749 4316 Είς
2776 4255 2858 4320 τὸ,
2888 4275 2908 4306 ‹
2954 4259 3168 4309 Αἰνεῖτε
3199 4256 3256 4312 δὲ
3301 4258 3394 4311 τὸν
3425 4258 3557 4313 Θεὸν
3605 4263 3666 4311 ἐν

2097 4348 2210 4409 τοῖς
2238 4346 2418 4414 ἁγίοις
2454 4347 2640 4413 αὐτοῦ,
2672 4347 2768 4402 Υἱὲ
2796 4349 2953 4415 Θεοῦ,
2993 4350 3215 4420 ἐλέησον
3267 4352 3416 4422 ἡμᾶς
3444 4368 3458 4383 ·
3497 4372 3514 4403 ι
3575 4353 3666 4406 διὰ

2098 4438 2197 4507 τὴν
2231 4440 2510 4509 σάρκωσιν
2543 4441 2725 4505 πάλιν,
2769 4443 2864 4493 καὶ
2908 4443 3035 4503 τοὺς
3073 4442 3273 4514 ἐφεξῆς
3316 4447 3538 4513 ὁμοίως.
3572 4446 3665 4506 Ei;

2095 4529 2152 4582 δὲ
2179 4531 2261 4594 τὸ,
2306 4549 2323 4580 «
2359 4532 2570 4584 Ᾱίνεῖτε
2602 4532 2764 4584 αὐτὸν
2793 4533 2850 4586 ὲν
2897 4533 3201 4602 κυμϐάλοις
3259 4536 3496 4604 εὑήχοις,
3523 4538 3660 4602 Δόξα

2100 4637 2182 4673 σοι
2211 4620 2286 4690 τῷ
2318 4621 2556 4685 δείξαντι
2583 4621 2644 4675 τὸ
2683 4624 2799 4691 φῶς
2827 4639 2841 4654 ο
2886 4641 2904 4674 »
2933 4627 3029 4678 καὶ
3064 4625 3144 4686 είς
3171 4625 3264 4677 τὸν
3303 4625 3488 4679 λοιπὸν
3541 4627 3661 4697 μετ’

2097 4712 2281 4765 αὐτόν.
2332 4707 2485 4780 Εἶτα,
2523 4732 2540 4763 «
2577 4713 3129 4788 Εὐλογητὸς-Κύριος
3181 4716 3209 4767 ό
3248 4715 3380 4780 Θεὸς
3423 4717 3660 4788 Ἰσραὴλ,

2095 4805 2178 4856 ὅτι
2201 4803 2546 4873 ἐπεσκέψατο
2577 4806 2671 4858 καὶ
2721 4806 2949 4876 ἐποίησε
2979 4805 3248 4876 λύτρωσιν
3281 4807 3357 4877 τῷ
3410 4808 3524 4880 λαῷ
3571 4811 3664 4864 αὑ-

2095 4894 2212 4950 τοῦ.
2255 4913 2274 4945 »
2325 4897 2436 4949 Kal
2463 4895 2621 4947 τοῦτο
2653 4896 2731 4957 είς
2769 4895 2981 4958 πάντας
3017 4895 3237 4964 λέγουσι
3267 4899 3392 4961 τοὺς
3425 4901 3658 4970 στίχους’

2093 4989 2176 5040 ὅτι
2202 4985 2508 5056 προςεητεία
2545 4987 2576 5054 ή
2609 4985 2720 5055 ᾠδὴ
2751 4984 2889 5054 αῦτη
2933 4986 3032 5056 τῆς
3077 4985 3169 5038 τοῦ
3229 4989 3405 5056 Λόγου
3443 4997 3660 5062 σαρκὼ-

2097 5095 2235 5140 eam;
2271 5081 2366 5131 καὶ
2399 5077 2689 5148 προοίμιον
2719 5076 2890 5146 αὐτῆς
2919 5077 3014 5129 καὶ
3065 5079 3409 5150 εὐχαριστία,
3443 5086 3536 5136 καὶ
3566 5089 3660 5153 ἑγ-

2094 5172 2198 5238 γὺς
2234 5174 2293 5226 ἐν
2327 5173 2406 5241 τῷ
2431 5175 2579 5243 τόκῳ
2611 5175 2840 5244 ῥηθεῖσα
2866 5181 2959 5233 τοῦ
2990 5179 3306 5251 Προδρόμου
3332 5179 3426 5230 καὶ
3451 5178 3657 5232 Barm-

2097 5263 2246 5327 στοῦ,
2289 5265 2384 5318 καὶ
2410 5265 2486 5328 ὡς
2514 5268 2839 5337 εὐχάριστον
2865 5271 3092 5342 ταύτην,
3129 5271 3402 5341 λαμπρῶς
3466 5270 3583 5341 ᾄδει
3623 5270 3654 5338 ή

2105 5357 2420 5427 Ἐκκλησία.
2453 5359 2546 5421 Είς
2597 5361 2652 5412 δὲ
2697 5362 2780 5428 τὸ,
2823 5381 2841 5415 ι
2883 5365 3042 5428 Δόξα,
3102 5365 3411 5434 Εὐλογητὸς
3453 5364 3656 5441 Κύριᾳς

2105 5448 2312 5518 Ἰησοῦς
2341 5454 2369 5503 ό
2402 5450 2681 5521 βασιλεὺς,
2709 5455 2792 5508 ὅτι
2834 5456 3204 5527 ἐπεσκέψατο,
3240 5477 3258 5508 »
3299 5457 3396 5512 καί⁵
3441 5457 3503 5509 τὸ
3526 5456 3656 5523 ἑξῆς

2093 5540 2480 5609 γεγωνότερον.
2539 5542 2647 5594 Καὶ
2708 5543 2802 5598 νῦν
2860 5546 2921 5599 τὸ
2973 5547 3126 5602 αὑτό.
3169 5547 3280 5600 Kal
3344 5533 3656 5616 περισσὴν,

2100 5649 2118 5682 «
2156 5629 2264 5683 Τοῦ
2292 5629 2429 5683 Θεοῦ
2463 5631 2563 5702 τὴν
2615 5635 2847 5705 Μητέρα
2909 5639 3312 5708 ἁνυμνήσωμεν
3369 5637 3589 5698 πάντες,
3627 5651 3644 5684 ι

432 5738 543 5781 rem
568 5723 908 5782 celebremus
928 5743 1138 5796 omnes,
1169 5743 1265 5800 per
1295 5745 1454 5800 quam
1484 5732 1760 5786 consecuti
1791 5745 1984 5787 smnus

2101 5723 2159 5777 δι’
2207 5718 2274 5795 ἧς
2321 5723 2662 5793 κομιζόμεοα
2717 5731 3080 5799 πταισμάτων
3146 5731 3518 5801 συγχώρησιν,
3557 5728 3650 5778 καὶ
