4068 6280
444 360 551 427 651
1277 352 1656 415 SYMEONIS
1686 353 2446 415 TllESSALONICENSIS
2486 356 2849 419 ARCHIEP.
3596 360 3703 423 652

439 469 576 525 illud
607 478 791 523 autem
818 464 1095 520 canticum
1136 462 1240 518 boc
1272 461 1433 518 ntodo
1467 459 1817 531 adimpletur.
1852 458 2016 516 Tem-

2121 462 2572 536 Τεσσαρακοστῇ.
2603 463 2856 519 Τελετται
2895 464 2952 518 δὲ
2983 466 3017 538 ἠ
3049 465 3343 539 τριτοέκτη
3379 465 3548 524 οὕτω.
3590 470 3704 525 Λα-

439 580 569 636 pore
586 571 893 634 opportuno
914 560 1177 614 diaconus
1200 557 1330 612 dicit
1357 572 1373 611 :
1408 554 1694 620 «Benedic,
1722 554 1972 610 Domine.
1989 573 2010 608 ι

2120 551 2230 624 βὼν
2249 553 2443 625 καιρὸν
2459 553 2487 607 6
2508 554 2755 620 διάκονος
2774 555 2947 625 λέγει,
2979 574 2999 610 ι
3026 556 3360 631 Εὓλὸγησον,
3381 559 3644 621 δέσποτα.
3679 582 3698 615 ι

437 658 695 712 sacerdos
719 667 876 709 vero:
901 650 1283 706 «Benedictum
1310 662 1537 719 regnum
1557 664 1605 715 ;t
1635 647 1901 703 diaconus
1924 661 2018 725 pa-

2131 645 2192 698 '0
2228 646 2429 717 ἱερεὺς,
2478 666 2496 700 «
2521 648 2881 721 Εὐλογημένη
2918 652 2952 723 ἡ
2983 650 3254 722 βασιλεία.
3291 670 3313 706 ο
3363 654 3424 707 '0
3453 654 3704 721 διάκονος

436 749 592 803 ciﬁca
637 746 833 809 addit,
888 744 1148 800 sacerdos
1208 750 1390 797 autem
1457 739 1648 808 primae
1706 740 2019 811 antipltonaa

2119 734 2188 789 τὰ
2226 737 2500 807 εἰρηνικά.
2545 736 2609 793 Ὀ
2640 739 2825 809 ἱερεὺς
2855 740 2955 814 τὴν
2983 741 3151 814 εὐχὴν
3183 742 3281 797 τοῦ
3308 744 3532 816 πρώτου
3552 747 3701 801 ἀντι-

433 841 779 897 orationem:
815 838 1011 902 «Deus,
1043 836 1137 906 qui
1173 837 1330 892 sedes
1365 849 1530 906 super
1580 832 1928 899 Cberubim,»
1964 838 2020 889 et

2120 826 2325 896 φώνου,
2359 846 2379 880 «
2401 828 2463 885 Ὀ
2494 829 2628 893 Θεὸς
2653 832 2683 884 6
2714 832 2801 885 ἐπὶ
2826 833 2937 887 τῶν
2962 834 3244 907 Χερουϐὶμ
3267 837 3649 909 καθεζόμενος.
3679 855 3697 892 ι

435 933 706 985 exclamat
741 947 754 986 :
802 928 1103 996 «Quoniam
1142 936 1197 982 tu
1233 943 1294 982 es
1322 925 1467 982 Deus
1499 934 1710 991 noster,
1745 921 1887 981 Deus
1918 923 2019 979 mi-

2121 921 2233 975 Kal
2255 923 2518 992 έκφωνεῖ,
2562 943 2582 976 «
2624 924 2752 978 ’ὐτι
2787 925 2853 979 σὺ
2887 922 2937 980 εἶ
2969 928 2997 980 ὁ
3027 927 3164 994 Θεὸς
3212 930 3394 1001 ἡμῶν,
3421 931 3556 996 Θεὸς
3607 932 3701 986 τοῦ

435 1022 801 1078 ευτὶοοτᾶίιη.»
829 1024 894 1076 Et
919 1030 1172 1075 cantores
1191 1020 1460 1091 psalmum
1491 1018 1767 1088 integrum
1790 1015 2015 1072 dicunt:

2121 1015 2320 1071 ἔλεεῖν.
2356 1034 2376 1069 ›
2410 1018 2519 1073 Kal
2548 1020 2595 1073 οἱ
2625 1018 2827 1089 ψάλται
2849 1023 2941 1076 τὸν
2961 1022 3193 1096 Ψαλμδν
3221 1024 3440 1081 ἅπαντα
3463 1026 3701 1097 λέγουσι,

439 1116 548 1170 «Ad
570 1127 642 1182 te,
677 1116 925 1180 Domine,
957 1113 1388 1171 levavianimam
1422 1125 1655 1177 meam,»
1693 1124 1792 1180 per
1824 1122 2018 1165 versus

2127 1128 2147 1164 ι
2181 1110 2326 1179 Πρὸς
2355 1110 2435 1177 σὲ,
2478 1111 2675 1183 Κύριε,
2709 1109 2823 1186 ἦρα
2848 1114 2950 1188 τὴν
2981 1115 3163 1189 ψυχήν
3197 1135 3324 1190 μου,
3364 1139 3383 1173 t
3426 1123 3569 1177 κατὰ
3592 1123 3707 1176 στί-

435 1209 684 1280 singnlos
723 1214 1055 1264 cantantes:
1099 1199 2013 1260 «lntercessioneDeiGenitriciszt

2121 1218 2217 1274 χον
2238 1201 2480 1275 ᾄδοντες,
2521 1223 2541 1257 ‹
2572 1205 2709 1270 Ταῖς
2742 1209 3070 1278 πρεσὸείαις
3107 1211 3206 1283 τῆς
3245 1210 3538 1269 Θεοτόκου.
3567 1212 3707 1280 Δόξα

434 1304 677 1371 itemque
695 1299 908 1355 «Gloria
924 1306 978 1353 et
995 1312 1161 1354 nunc.
1176 1316 1194 1350 ι
1217 1295 1492 1353 Diaconus
1511 1294 1705 1350 iterum
1724 1308 1769 1350 :«
1792 1291 1858 1348 Et
1875 1308 2021 1349 nunc

2122 1298 2219 1350 καὶ
2241 1295 2336 1351 νῦν
2362 1297 2424 1350 τὸ
2467 1298 2622 1354 αὐτό.
2665 1319 2684 1354 ι
2729 1300 2791 1355 Ὀ
2844 1302 3097 1367 διάκονος
3152 1304 3340 1371 πάλιν,
3384 1324 3403 1359 ι
3435 1302 3561 1363 Ἔτι
3611 1310 3706 1362 καὶ

435 1407 712 1462 quoque,»
743 1400 797 1447 et
820 1391 1081 1447 sacerdos
1101 1394 1314 1445 secreto
1336 1386 1470 1442 dicit
1486 1385 1791 1442 orationem
1820 1398 2022 1442 secun-

2123 1387 2227 1443 ἔτι.
2263 1406 2283 1440 ι
2350 1386 2411 1444 ’0
2440 1390 2623 1459 ἱερεὺς
2653 1391 2936 1463 μυστικῶς
2968 1394 3069 1466 τὴν
3106 1396 3274 1468 εὐχὴν
3317 1397 3412 1453 τοῦ
3450 1398 3704 1470 δευτέρου

434 1488 516 1539 «lze
540 1485 889 1555 antipltouaaz
915 1502 933 1537 «
970 1480 1339 1553 Deprecamur
1389 1490 1460 1548 te,
1512 1479 1740 1536 Domine
1758 1475 1905 1534 Deus
1922 1490 2021 1532 no-

2122 1480 2464 1551 ἁντιφώνου,
2507 1501 2525 1534 ι
2557 1484 2803 1555 Δεόμεθά
2830 1503 2949 1555 σου,
3006 1487 3179 1559 Κύριε
3227 1491 3255 1543 ὁ
3283 1490 3416 1556 Θεὸς
3443 1492 3603 1562 ἡμῶν
3627 1512 3642 1527 ο
3682 1513 3699 1544 t

437 1591 608 1644 δίει-,ι
649 1589 703 1632 et
732 1575 1041 1633 exclamat:
1070 1575 1367 1643 «Quoniam
1395 1572 1756 1646 gloriﬁcatum
1788 1580 2014 1628 estsan-

2124 1574 2219 1626 καὶ
2258 1574 2514 1642 ὲκφωνεϊ,
2553 1592 2574 1627 ι
2639 1576 2764 1630 Ὀτι
2822 1578 3140 1647 δεδόξασται
3202 1596 3296 1635 σου
3324 1581 3387 1636 τὸ
3439 1584 3705 1654 πανάγιον

432 1670 737 1726 ctissimum
796 1684 993 1725 nomen
1051 1679 1258 1724 tuum.»
1304 1666 1373 1722 Et
1402 1676 1661 1722 cantores
1718 1665 2017 1722 secundam

2124 1664 2315 1735 ὖιοομα.
2350 1684 2371 1719 ι
2411 1668 2518 1720 Καὶ
2558 1666 2607 1721 οί
2631 1668 2832 1737 ψάλται
2855 1671 2917 1724 τὸ
2948 1671 3202 1742 δεύτερον
3262 1673 3586 1745 ἀντίφωνον,
3614 1677 3707 1731 τὸν

434 1763 790 1833 antipltonam
816 1762 1073 1831 psallunt,
1096 1759 1364 1831 psalmum
1386 1760 1655 1827 integrum
1680 1771 1695 1811 :
1728 1750 2021 1811 «Dominus

2128 1756 2357 1826 Ψαλμον
2393 1759 2635 1826 ἄπαντα,
2693 1780 2711 1812 ι
2750 1762 2954 1833 Κύριος
3005 1764 3294 1836 φωτισμός
3319 1782 3431 1836 ,μου
3469 1767 3559 1839 καὶ
3591 1767 3705 1821 Σω-

435 1858 761 1912 illuntinatio
788 1871 906 1909 mea
936 1861 990 1910 et
1039 1856 1187 1909 salus
1216 1867 1358 1918 mea,
1405 1870 1423 1903 ›
1456 1850 1668 1905 duobus
1698 1850 1885 1904 cltoris
1918 1863 2015 1919 per

2121 1851 2226 1922 τήρ
2259 1823 2384 1921 μου,
2419 1871 2438 1904 t
2482 1856 2578 1906 καὶ
2619 1823 2806 1925 στίχον
2838 1823 3090 1924 λέγοντες
3121 1857 3172 1910 οί
3193 1823 3297 1911 ’δύο
3321 1823 3499 1929 'xopo‘t,
3531 1880 3550 1911 «
3591 1860 3707 1913 Σῶ-

434 1949 680 2019 singulos
701 1962 889 2003 versus
913 1946 1221 2001 dicentibus
1244 1960 1261 2003 ε
1288 1943 1482 1999 «Salva
1508 1956 1632 2009 nos,
1656 1940 1757 1996 Fili
1777 1938 1894 2008 Dei,
1918 1942 2015 1997 tibi

2122 1958 2215 1995 σον
2254 1944 2422 2013 ἡμᾶς,
2488 1945 2584 1997 Υἱὲ
2651 1946 2809 2013 Θεοῦ,
2877 1947 3186 2017 ψάλλοντάς
3224 1968 3307 2004 σοι
3364 1952 3705 2025 Ἀλληλούῖία.

441 2043 741 2114 psallentes
797 2040 1067 2105 Alleluia;
1101 2057 1119 2089 ι
1157 2049 1211 2093 et
1244 2036 1385 2091 idem
1441 2054 1460 2088 «
1497 2032 1677 2091 Gloria
1728 2043 1782 2090 et
1811 2050 2010 2090 nunc.»

2118 2032 2256 2099 Δῦξα
2311 2034 2408 2087 καὶ
2452 2035 2548 2088 νῦν
2602 2036 2661 2088 τὸ
2714 2037 2869 2091 αὐτό.
2926 2056 2944 2089 t
2991 2039 3101 2093 Καὶ
3153 2040 3370 2113 αὖθιςὸ
3431 2044 3709 2112 διάκονος,

470 2135 792 2200 Rursusque
812 2131 1076 2191 diaconus
1100 2144 1113 2179 :
1142 2126 1237 2183 «Et
1264 2142 1408 2183 nunc
1437 2141 1712 2197 quoque.»
1750 2127 2018 2181 Sacerdos

2125 2141 2145 2172 «
2181 2123 2302 2175 Ἔτι
2330 2126 2427 2178 καὶ
2474 2123 2578 2180 ἔτι.
2624 2145 2642 2178 ι
2691 2125 2751 2180 '0
2805 2128 2990 2199 ἱερεὺς
3039 2133 3323 2202 μυστικῶς
3356 2135 3454 2207 τὴν
3512 2137 3708 2207 τρίτην

438 2240 567 2281 vero
585 2225 801 2280 tertiam
822 2234 1030 2278 secreto
1051 2220 1510 2276 orationem-dicit
1533 2234 1548 2273 :
1585 2238 1604 2271 «
1623 2217 1851 2272 Domine
1877 2217 2018 2273 Deus

2120 2215 2309 2288 εὐχὴν,
2351 2234 2371 2268 «
2409 2214 2583 2290 Κύριε
2610 2220 2639 2272 6
2670 2219 2805 2285 Θεὸς
2830 2222 2859 2273 ὀ
2893 2225 3316 2295 παντοκράτωρ,
3347 2244 3366 2280 t
3407 2228 3504 2281 καὶ
3533 2230 3715 2298 ικφω-

437 2319 784 2385 omnipotens
809 2334 856 2380 ,ι
896 2325 950 2370 et
987 2313 1281 2381 exclamat,
1316 2329 1336 2364 «
1365 2311 1632 2379 Quoniam
1663 2312 1861 2368 bonus.
1896 2329 1916 2362 ι
1952 2311 2018 2365 Et

2121 2311 2221 2374 νεῖ,
2262 2328 2281 2361 ι
2315 2310 2441 2364 Ὅτι
2490 2311 2721 2382 ἁγαθός.
2760 2332 2780 2367 ι
2826 2316 2937 2369 Kal
2969 2317 3234 2387 ψάλλεται
3257 2319 3319 2374 τὸ
3350 2320 3534 2388 τρίτον
3562 2320 3714 2376 ἀντι-

438 2410 597 2465 tertia
630 2409 885 2480 psallitur
915 2408 1238 2477 antipltona,
1289 2398 1520 2476 utroque
1571 2404 1740 2461 cltoro
1782 2404 2019 2475 singulis

2123 2419 2304 2470 φωνον
2349 2405 2494 2458 κατά
2543 2407 2729 2478 στίχον
2760 2408 3035 2479 λεγόντων
3094 2412 3415 2485 Ἀλληλούῖα
3462 2415 3708 2472 διπλοῦν.

439 2502 687 2557 versibus
715 2500 948 2555 addente
980 2498 1178 2569 duplex
1210 2496 1449 2554 alleluia.
1477 2494 1650 2553 Porro
1676 2496 1744 2553 ad
1772 2511 2019 2558 versum,

2122 2495 2221 2559 Είς
2246 2494 2302 2548 δὲ
2327 2495 2420 2550 τὸν
2448 2497 2655 2568 στίχον,
2700 2518 2720 2552 ι
2757 2501 3136 2573 Πορευόμενος
3168 2507 3226 2559 έν
3252 2507 3358 2579 6δῷ
3383 2508 3646 2579 ἀμώμῳ,
3684 2529 3703 2563 ι

443 2593 576 2662 «Qui
608 2593 851 2649 ambulat
878 2593 933 2647 itt
965 2594 1050 2646 via
1085 2592 1492 2655 immaculata,»
1532 2603 1709 2662 usque
1738 2590 1808 2646 ad
1855 2589 2018 2644 ﬁnem

2123 2586 2254 2658 ἄχρι
2284 2588 2475 2654 τέλους
2509 2589 2605 2645 τοῦ
2635 2592 2870 2662 Ψαλμοῦ
2921 2594 2999 2659 ώς
3054 2596 3113 2650 έν
3140 2599 3222 2652 ἐνὶ
3276 2600 3447 2669 στίχω
3496 2603 3712 2670 γίνεται

438 2687 652 2757 psalmi,
677 2685 827 2742 velut
853 2684 906 2739 in
941 2700 1050 2740 uno
1088 2699 1296 2740 versua
1331 2682 1648 2739 sanctuariu
1676 2681 1731 2737 in
1757 2680 2020 2751 σωλέαῌ)

2125 2679 2330 2745 εἴσοδος
2360 2683 2440 2744 είς
2472 2681 2565 2736 τὸν
2604 2684 2781 2738 σωλέα
2817 2686 2880 2739 ἐκ
2915 2687 3008 2740 τοῦ
3041 2687 3287 2758 βήματος
3337 2691 3585 2745 διακόνου
3618 2694 3714 2745 καὶ

444 2781 828 2851 ingrediuntur
854 2781 1121 2835 diaconus
1158 2786 1213 2832 et
1242 2778 1522 2844 sacerdos,
1549 2778 1761 2847 absque
1791 2775 2019 2831 lumini-

2128 2773 2322 2844 ἱερέως
2367 2775 2491 2845 δίχα
2519 2773 2716 2844 φώτων
2781 2778 2879 2830 καὶ
2938 2778 3218 2850 θυμιατοῦ
3266 2783 3369 2852 τὴν
3428 2783 3564 2854 πρὸς
3619 2788 3714 2838 τὸν

440 2874 542 2939 bus
565 2889 664 2928 nec
699 2873 947 2936 incenso,
996 2870 1291 2926 Dominum
1322 2870 1379 2924 in
1403 2883 1624 2924 crucem
1654 2869 1801 2924 circa
1829 2868 2019 2947 boram

2127 2867 2367 2937 σταυρὸν
2405 2868 2714 2940 ἀπαγωγὴν
2768 2870 3077 2941 δηλούντων
3133 2873 3228 2928 τοῦ
3274 2876 3500 2947 Κυρίου,
3571 2879 3716 2932 κατά

440 2976 651 3022 sextam
676 2968 951 3021 sublatum
988 2964 1365 3020 ostendentes.
1405 2963 1530 3020 Ideo
1558 2964 1704 3018 istud
1737 2944 1882 3018 inter
1912 2971 2045 3045 ter-_

2123 2959 2222 3030 τὴν
2254 2929 2423 3030 ἕκτην
2452 2929 3036 3036 ὥρανγεγενημένην.
3088 2966 3180 3020 Διὸ
3214 2968 3308 3021 καὶ
3363 2929 3509 3039 ξιοτῇ
3542 2929 3714 3043 ὲνῄτῇ

441 3064 567 3116 tiam
618 3070 944 3130 sextamque
1004 3058 1219 3123 horam,
1276 3057 1511 3113 diacono
1542 3056 1769 3127 quidem
1804 3040 2045 3112 dicente

2106 3054 2421 3137 ﬁpt‘tOéX‘tn
2481 3053 2740 3121 τελεῖται,
2806 3056 2902 3109 τοῦ
2976 3056 3227 3113 διακόνου
3287 3062 3388 3130 μὲν
3436 3061 3712 3130 λέγοντος,

443 3153 702 3221 Benedic,
727 3151 983 3221 Domine,
1006 3163 1258 3207 sanctum
1287 3151 1598 3217 introitum,
1616 3151 1906 3205 sacerdote
1923 3164 2024 3204 au-

2131 3164 2150 3197 «
2186 3144 2517 3215 Εὐλὸγησον,
2582 3145 2844 3212 δέσποτα,
2907 3147 3011 3221 τὴν
3067 3150 3236 3218 ἁγίαν
3273 3148 3500 3216 εἴσοδον,
3539 3172 3559 3204 ι
3618 3152 3714 3205 τοῦ

442 3238 548 3302 tem
572 3247 790 3302 dicente
822 3245 1156 3308 orationem,
1199 3244 1559 3298 «Benedictus
1596 3244 1878 3314 ingressus
1901 3256 2025 3295 san-

2128 3238 2320 3310 ἱερέως
2357 3238 2414 3293 δὲ
2457 3238 2557 3309 τὴν
2618 3238 2785 3311 εὐχὴν
2809 3240 2928 3308 τοῦ,
2961 3259 2980 3293 «
3022 3241 3387 3315 Εὐλογημένη
3443 3246 3476 3314 ἡ
3509 3242 3717 3307 εἴσοῗος

443 3350 660 3394 etorum
706 3334 1222 3401 tuorum,Domine,
1264 3338 1316 3388 in
1349 3343 1672 3404 perpetuum
1695 3336 1751 3387 et
1795 3348 1942 3387 nunc
1969 3337 2025 3387 et

2123 3333 2233 3385 τῶν
2259 3330 2435 3400 ἁγίων
2470 3350 2586 3398 σου,
2625 3333 2821 3403 Κύριε,
2856 3334 3089 3390 πάντοτε
3125 3335 3221 3391 νῦν
3249 3339 3344 3391 καὶ
3373 3336 3480 3394 ἀεί.
3514 3356 3533 3389 ι
3562 3335 3717 3408 Αὕτη

442 3444 681 3497 semper.
698 3447 716 3480 ι
742 3429 852 3483 Iste
873 3441 1001 3482 vero
1023 3427 1325 3494 ingressus,
1352 3433 1412 3478 ut
1432 3424 1638 3479 dictum
1660 3433 1763 3489 est,
1789 3425 1844 3479 in
1859 3438 2025 3480 cruce

2125 3426 2160 3495 ἡ
2186 3423 2421 3492 εἴσοδος,
2470 3426 2546 3490 ὡς
2582 3425 2819 3497 εἴρηται,
2847 3427 2938 3482 τὸν
2963 3429 3044 3492 είς
3073 3429 3166 3483 τὸν
3185 3429 3418 3500 σταυρὸν
3442 3428 3716 3501 έλκυσμὸν

443 3521 804 3590 suspendium
830 3519 1068 3575 ostendit
1093 3517 1395 3572 Salvatoris
1415 3518 1560 3573 circa
1589 3519 1781 3573 ltoram
1812 3526 2022 3573 sextam

2125 3516 2282 3587 δηλοῖ
2307 3517 2402 3572 τοῦ
2434 3518 2711 3589 Σωτῆρος,
2742 3520 2886 3574 κατὰ
2931 3520 3030 3591 τὴν
3078 3521 3246 3592 ἓκτην
3275 3521 3428 3593 ὥραν
3486 3538 3716 3594 γεγενη-

443 3612 644 3670 sublati
689 3621 744 3665 et
801 3609 1088 3676 cruciﬁxi,
1145 3608 1367 3679 quando
1433 3620 1487 3664 et
1542 3610 1806 3665 latronem
1862 3608 2023 3664 simul

2132 3612 2293 3683 μένον
2322 3613 2667 3683 ἀπαχθέντος
2708 3613 2803 3668 καὶ
2848 3613 3262 3682 σταυρωθέντος
3288 3630 3303 3646 ο
3336 3614 3426 3668 ὅτε
3467 3615 3560 3669 καὶ
3622 3615 3717 3668 τὸν

362 3712 373 3717 “
440 3706 766 3762 cruciﬁxum
818 3714 1040 3776 propter
1073 3719 1243 3772 pauca
1275 3703 1612 3773 pwnitentiaa
1632 3703 1799 3758 verba
1833 3703 1886 3757 in
1916 3716 1968 3758 cc

2129 3705 2587 3775 ουσταυρωθέντα
2635 3706 2847 3778 λῃστὴν
2882 3706 3100 3777 είσῆξεν
3157 3710 3216 3761 ἐν
3249 3707 3451 3776 ὀλίγοις
3501 3710 3715 3777 ῥήμασι

446 3802 557 3854 lttttt
613 3798 938 3853 introduxit.
969 3796 1333 3863 Quamobrem
1384 3811 1627 3867 purpura
1691 3795 1865 3850 induti
1899 3804 2027 3849 sunt

2129 3798 2423 3867 μετανοίας
2455 3802 2538 3862 εἰς
2565 3797 2658 3851 τὸν
2690 3799 3042 3865 παράδεισον.
3073 3799 3166 3853 Διὸ
3198 3800 3293 3853 καὶ
3324 3801 3583 3871 πορφυρᾶ
3622 3817 3717 3853 πε-

443 3898 714 3953 diaconus
761 3905 819 3949 et
870 3894 1130 3949 sacerdos
1171 3893 1299 3947 ltinc
1348 3892 1563 3946 Domini
1622 3892 1932 3961 passionem
1971 3899 2026 3943 et

2129 3891 2516 3964 ριϐεόλημένοι
2568 3890 2709 3945 εἰσὶν
2760 3892 2789 3944 ὃ
2818 3907 2878 3944 τε
2923 3890 3175 3956 διάκονος
3210 3886 3305 3947 ﬁl
3357 3893 3386 3945 6
3417 3893 3620 3961 ἱερεὺς,
3649 3893 3716 3945 τὸ

442 3996 674 4040 mortem
711 3986 1108 4056 signiﬁcantes.
1146 3983 1349 4038 Verum
1412 3984 1560 4039 facto
1602 3984 1877 4054 ingressu,
1908 3982 2027 4038 dia-

2128 3986 2299 4048 πάθος
2330 3987 2392 4038 ὲκ
2437 3984 2628 4038 τούτου
2676 3985 2771 4037 καὶ
2801 3984 2895 4037 τὸν
2927 3985 3159 4038 θάνατον
3205 3985 3569 4053 σημαίνοντες
3618 3983 3713 4036 τοῦ

443 4080 841 4134 comtsiterum
899 4079 1128 4148 paciﬁca
1175 4077 1330 4142 dicit,
1366 4077 1674 4132 orationem
1720 4084 1901 4130 autem
1939 4090 2027 4130 sa-

2129 4078 2355 4150 Κυρίου.
2387 4076 2539 4133 Μετὰ
2570 4077 2628 4130 δὲ
2673 4076 2773 4147 τὴν
2801 4076 3007 4131 εἴσοδον
3032 4079 3060 4130 6
3113 4077 3214 4147 μὲν
3260 4079 3507 4141 διάκονος
3546 4076 3715 4130 πάλιν

440 4169 656 4245 cet-dos,
696 4168 954 4224 «Domine
989 4155 1129 4222 Dens
1147 4179 1364 4237 patrunt
1385 4176 1758 4230 nostrorum,»
1786 4181 1907 4235 qua:
1938 4173 2025 4221 est

2125 4171 2195 4225 τὰ
2221 4171 2506 4241 εἰρηνικὰ,
2545 4172 2573 4223 6
2594 4170 2652 4223 δὲ
2687 4171 2866 4241 ἱερεὺς
2891 4170 2990 4240 τὴν
3017 4170 3184 4241 εὐχὴν
3218 4170 3389 4239 λέγει,
3426 4191 3445 4224 «
3484 4171 3654 4243 Κύριε
3685 4172 3714 4223 ὁ

444 4266 593 4317 Itone
622 4274 789 4317 sextae
832 4262 1031 4327 oratio,
1065 4270 1119 4316 ct
1161 4270 1417 4331 precatur
1465 4269 1525 4315 ut
1580 4261 1953 4316 custodiantur
1995 4275 2024 4314 a

2125 4266 2259 4329 Θεὸς
2292 4268 2398 4319 τῶν
2441 4266 2694 4335 πατέρων
2730 4264 2912 4335 ἡμῶν,
2948 4283 2967 4317 ι
3003 4266 3037 4335 ἢ
3064 4268 3164 4336 τῆς
3203 4265 3371 4338 ἕκτης
3398 4264 3548 4337 ὧρας
3572 4265 3709 4332 ἐστὶ,

442 4358 638 4426 sagitta
674 4357 889 4411 volante
942 4355 997 4409 in
1031 4355 1141 4423 die,
1185 4371 1215 4410 a
1248 4354 1468 4425 nchtio
1514 4355 1935 4425 perambulante
1970 4355 2023 4407 in

2127 4362 2223 4414 καὶ
2251 4358 2475 4429 εὔχεται
2511 4357 2949 4429 διαφυλαχθῆναι
2983 4360 3133 4429 ἡμᾶς
3178 4377 3196 4411 ι
3236 4360 3345 4414 ἀπὸ
3390 4360 3579 4431 βέλους
3613 4377 3711 4413 πε-

450 4451 711 4514 teneltris,
760 4449 829 4503 ab
862 4448 1087 4503 incursu
1128 4455 1184 4502 et
1232 4446 1502 4501 daemonio
1533 4445 1860 4509 meridiano,
1893 4446 2026 4499 alia-

2127 4454 2357 4524 τομένου
2388 4452 2629 4524 ἡμέρας,
2661 4453 2774 4508 ἀπὸ
2814 4454 3143 4525 πράγματος
3189 4456 3248 4510 έν
3287 4457 3468 4510 σκότει
3524 4456 3709 4511 διαπο-

446 4559 552 4613 que
582 4544 753 4597 multa
776 4558 803 4596 a
841 4542 949 4595 Deo
976 4538 1266 4609 efﬂagitat.
1293 4539 1358 4590 Et
1392 4537 1687 4602 exclamat,
1725 4536 2022 4603 «Quoniam

2131 4521 2449 4617 ρευομένου,
2478 4521 2586 4599 απὸ
2617 4521 3025 4617 συμπτώματος
3056 4549 3149 4601 καὶ
3177 4548 3460 4618 δαιμονίου
3496 4566 3710 4618 μεσημ-

447 4649 500 4691 te
531 4636 741 4698 decet,»
779 4634 1078 4703 statimque
1101 4640 1360 4687 cantores
1379 4629 1673 4701 prophetiae
1691 4628 2023 4683 versiculum

2131 4636 2342 4710 ὀρινοῦ,
2386 4655 2405 4688 t
2441 4637 2536 4689 καὶ
2558 4637 2725 4708 ἔτερα
2756 4637 3055 4705 ὲξαιτείται
3090 4639 3322 4694 πλεῖστα
3358 4642 3510 4707 παρὰ
3552 4641 3708 4697 Θεοῦ.

448 4731 823 4793 modulantur,
853 4737 909 4782 et
935 4727 1108 4781 lector
1140 4726 1193 4779 in
1230 4722 1464 4778 antbone
1484 4722 1617 4792 legit
1645 4720 2022 4790 prophetiam;

2131 4729 2529 4798 Kathcpwv‘el‘,
2565 4744 2585 4779 «
2614 4728 2738 4781 Ὅτι
2768 4729 2973 4801 πρέπει
2997 4746 3099 4784 σοι.
3132 4748 3151 4782 t
3189 4732 3299 4785 Kal
3321 4731 3485 4797 εὐθὺς
3513 4732 3564 4785 οι
3587 4732 3714 4802 ψάλ-

451 4842 557 4895 qua
587 4826 753 4889 dicta,
775 4825 1038 4878 diaconus
1069 4822 1168 4886 ait,
1194 4821 1481 4874 «Dicamus
1496 4831 1741 4872 omnes.t
1759 4814 2027 4869 Sacerdos

2128 4839 2218 4876 ται
2245 4824 2306 4876 τὺ
2331 4821 2633 4892 τροπάριον
2667 4822 2939 4891 μέλπουσι
2982 4825 3081 4894 τῆς
3132 4824 3497 4894 προφητείας.
3552 4827 3660 4879 Kal
3685 4825 3715 4877 6

400 4974 403 4977 η
453 4932 581 4971 vero
622 4917 928 4969 orationem
964 4912 1301 4967 continentis
1355 4909 1759 4980 deprecationis
1802 4919 2006 4988 secreu

2131 4914 2488 4983 ἀναγνώστης
2515 4914 2603 4967 ἐπ’
2648 4913 2906 4984 ἄμϐωνος
2958 4913 3329 4985 ἀναγινώσκει
3364 4915 3467 4987 τὴν
3502 4933 3716 4988 προφη-

404 5004 411 5078 ξ
454 5011 733 5074 recitat,et
752 5007 1046 5069 exclamat,
1071 5004 1370 5070 «Quoniam
1389 5003 1728 5058 misericors.
1746 5022 1763 5055 t
1788 4984 2010 5055 Caetera

2130 5007 2302 5062 τείαν.
2359 5007 2469 5061 Kal
2523 5007 2639 5076 μετ’
2691 4988 2864 5078 αὐτὴν
2906 4984 3207 5073 ὁδιάκονος
3261 5007 3344 5076 τὺ,
3401 4984 3713 5078 ινΕῐπωμεν

402 5090 410 5102 ’
453 5120 561 5175 que
600 5104 736 5157 ﬁunt
787 5100 1092 5156 secundum
1147 5098 1392 5154 ordinem
1442 5096 1621 5151 Missae
1684 5106 1808 5167 post
1850 5096 2008 5150 Erant

2130 5100 2356 5166 πάντες,
2394 5117 2413 5152 t
2455 5099 2646 5170 φησιν.
2703 5099 2763 5153 '0
2791 5101 2848 5154 δὲ
2906 5099 3087 5172 ἱερεὺς
3113 5101 3234 5155 καθ’
3281 5102 3475 5158 ἑαυτὶν
3502 5103 3605 5174 τὴν
3625 5102 3714 5155 εὑ-

446 5198 670 5263 geltum.
754 5191 890 5247 Nam
966 5191 1020 5246 in
1107 5190 1338 5261 ﬁguram
1415 5191 1657 5261 Apostoli
1726 5191 1888 5246 simul
1975 5202 2029 5246 et

2131 5194 2233 5264 χὴν
2259 5195 2356 5265 τῆς
2376 5194 2637 5258 ἐκτινοῦς
2666 5195 2898 5256 ἱκεσίας.
2929 5196 3040 5249 Kal
3068 5198 3328 5264 έκφωνεῖ,
3358 5216 3377 5250 «
3413 5197 3534 5252 ’Ὅτι
3563 5196 3716 5267 ἐλεή-

451 5288 730 5359 Evangelii
755 5287 952 5369 legitur
983 5286 1144 5340 lectio
1172 5285 1295 5341 libri
1325 5285 1497 5352 Isaiae,
1538 5299 1659 5340 acta
1724 5286 2026 5342 Salvator-is

2140 5307 2273 5358 μων.
2316 5307 2336 5340 ι
2384 5289 2497 5341 Καὶ
2526 5287 2595 5341 τὰ
2626 5289 2793 5343 λοιπά
2838 5289 3051 5358 γίνεται
3080 5289 3227 5344 κατὰ
3292 5289 3383 5345 τὸν
3415 5266 3587 5343 τύπον
3614 5266 3715 5358 τῆς

444 5383 754 5437 evidentius
791 5382 916 5435 aliis
952 5379 1300 5450 pradicantis
1322 5390 1379 5434 et
1415 5379 1718 5449 praesertim
1754 5380 2027 5449 passmnis

2138 5382 2295 5452 ἱερᾶς
2324 5382 2673 5451 λειτουργίας
2711 5383 2853 5448 μετά
2887 5383 2947 5436 τὸ
2999 5382 3353 5451 Εὑαγγέλιον.
3392 5381 3486 5444 Εἰς
3544 5381 3714 5433 τύπον

449 5476 571 5545 ejus
600 5475 1069 5528 circumstantias.
1105 5472 1253 5527 Hanc
1278 5471 1452 5528 fuisse
1471 5472 1752 5543 antiquam
1788 5471 2030 5526 a‘Patri-

2138 5477 2247 5542 γὰρ
2278 5473 2371 5528 τοῦ
2415 5475 2741 5530 Ἀποστόλου
2766 5476 2883 5546 ἆμα
2918 5477 3014 5530 καὶ
3047 5475 3143 5528 τοῦ
3178 5474 3514 5543 Εὖαγγελίου
3537 5474 3597 5528 τὸ
3620 5471 3714 5526 τοῦ

449 5572 554 5624 bus
586 5567 1040 5623 consuetudinem
1072 5576 1218 5635 patet
1243 5582 1307 5619 ex
1340 5570 1576 5635 ecquod
1639 5567 1693 5618 in
1734 5563 1867 5634 ipsis
1905 5579 2026 5618 mo-

2150 5567 2377 5619 Ἡσαΐου
2408 5567 2746 5640 ἀνάγνωσμα
2774 5569 3016 5637 λέγεται,
3054 5569 3123 5621 τὰ
3161 5568 3294 5638 περὶ
3338 5565 3430 5620 τοῦ
3458 5554 3717 5638 Σωτῆρος

522 5711 596 5798 (1)
631 5725 1245 5801 Meursiosoliamsive
1269 5728 1528 5801 throne}:
1563 5724 2241 5801 Gretseroin‘ghdinum,
2266 5724 2411 5778 locus
2437 5726 2505 5779 ad
2536 5728 2791 5783 orientem
2823 5729 3009 5796 solem,
3039 5729 3349 5801 con'iguum
3383 5726 3582 5785 bematt'
3604 5725 3719 5782 sive

450 5795 817 5853 tabernaculo.
859 5800 991 5854 l’ide
1024 5798 1307 5853 Suicerum
1340 5799 1395 5850 in
1433 5796 1726 5862 Thesauro,
1756 5800 1808 5865 p.
1836 5795 1994 5852 1209.
2435 5818 2448 5826 ’
