4068 6280
406 305 516 374 653

1579 300 1677 361 DE
1724 292 1967 365 SACBA
2005 304 2507 371 PRECATIONE.

3556 306 3664 379 656

387 418 797 495 ιμ’ρπινέστερον
824 416 935 472 τῶν
970 417 1146 473 ἄλλων
1175 417 1568 490 κηρύττοντος,
1624 421 1720 474 καὶ
1749 420 1818 475 τὰ
1850 423 1979 493 περὶ

2092 426 2343 483 nasteriis
2400 427 2533 484 hora
2593 438 2746 486 sexta
2794 428 2992 504 legitur
3039 432 3205 489 lectio
3258 431 3381 491 libri
3424 434 3576 493 Isaia:
3608 436 3666 493 in

390 518 485 570 sub
512 513 717 576 πάθους
752 511 953 581 μᾶλλον
990 508 1183 564 αὐτοῦ.
1243 509 1371 565 Ὀτι
1424 511 1483 566 δὲ
1513 513 1674 566 τοῦτο
1728 513 1845 576 ἔθος
1871 514 1976 584 ἁρ-

393 611 550 680 χαίον
579 608 645 660 ὲκ
669 605 778 658 τῶν
810 604 1098 674 Πατέρων,
1142 602 1302 673 δῆλον
1335 602 1410 666 ὡς
1450 604 1545 657 καὶ
1577 605 1636 658 ὲν
1665 606 1779 668 τοῖς
1810 623 1981 669 μονα-

395 701 663 771 στηρίοις,
690 700 833 753 κατὰ
861 699 964 770 τὴν
990 698 1161 769 ἕκτην
1188 698 1221 768 ἡ
1262 699 1578 769 προφητεία
1619 698 1714 751 τοῦ
1755 698 1981 753 Ἡσαΐου

394 793 833 864 ᾲναγινώσκεται
880 794 938 846 ὲν
993 791 1090 862 ὅλῃ
1145 794 1210 861 τῇ
1264 780 1723 863 Τεσσαρακοστῇ.
1767 789 1836 845 Ἥ
1885 792 1980 845 τοῦ

407 885 675 957 Ἰεζεκιὴλ
710 884 769 939 δὲ
794 886 855 939 ὲν
885 888 951 956 τῇ
987 884 1223 955 μεγίστῃ
1263 883 1546 954 ὲὸδομάδι,
1588 884 1665 948 ὡς
1689 883 1787 938 καὶ
1813 884 1982 938 αὐτοῦ

394 983 465 1036 τὰ
487 978 637 1049 πάθη
666 976 764 1033 τοῦ
796 978 1054 1049 Σωτῆρος
1081 980 1176 1032 xal
1205 977 1307 1046 τὴν
1333 976 1554 1047 ἔγερσιν
1582 976 1986 1050 προαγορεύονο

398 1092 509 1138 τος.
543 1074 656 1127 Καὶ
683 1073 712 1125 6
744 1072 843 1141 μὲν
877 1069 1147 1135 διάκονος,
1185 1089 1205 1122 «
1236 1069 1506 1139 Εῦξασθε,
1550 1070 1599 1123 οί
1634 1070 1985 1140 κατηχούμε-

398 1183 502 1226 νοι.
543 1183 563 1219 »
609 1163 794 1235 φησιν’
829 1164 858 1216 6
880 1163 940 1216 δὲ
971 1161 1152 1232 ἱερεὺς
1190 1160 1357 1232 εὐχὴν
1390 1159 1533 1233 ὑπὲρ
1576 1160 1687 1216 τῶν
1710 1178 1983 1232 κατηχου-

404 1264 587 1333 μένων
616 1262 874 1314 ποιεῖται.
911 1260 1022 1313 Καὶ
1070 1259 1182 1311 ἀπὸ
1211 1259 1310 1326 τῆς
1357 1256 1761 1328 μισονηστίμου
1789 1259 1987 1323 τετράε-

400 1356 484 1419 δος
515 1356 544 1408 6
575 1353 676 1423 μὲν
703 1353 953 1415 διάκονος
983 1350 1083 1414 τὰς
1129 1350 1379 1422 αἰτήσεις
1431 1349 1572 1421 ὑπὲρ
1602 1347 1714 1403 τῶν
1765 1347 1903 1419 πρὸς
1925 1348 1987 1401 τὸ

400 1445 557 1513 ἅγιον
590 1444 850 1515 φώτισμα
883 1442 1365 1513 εὐτρεπιζομένων
1390 1456 1407 1474 ο
1445 1443 1476 1497 6
1506 1441 1565 1496 δὲ
1612 1441 1795 1511 ἱερεὺς
1821 1440 1987 1511 εὐχὴν

402 1535 545 1607 ὐπὶρ
582 1535 787 1603 αὐτῶν,
824 1554 843 1588 «
878 1536 1058 1605 Κύριε
1089 1533 1119 1586 6
1158 1533 1291 1597 Θεὸς
1319 1533 1501 1604 ἡμῶν,
1558 1533 1825 1603 ὲπίφανον
1855 1532 1987 1595 τοὺς

401 1628 721 1701 οίκτιρμούς
773 1642 895 1693 σου,
934 1647 954 1681 »
1018 1627 1115 1682 καὶ
1169 1628 1503 1698 ὲκφώνησιν,
1552 1646 1570 1680 »
1602 1629 1726 1682 Ὅτι
1756 1628 1820 1681 σὺ
1871 1618 1924 1680 sl
1960 1629 1988 1681 6

2088 526 2200 573 tota
2232 520 2675 592 quadragesima,
2701 530 2757 578 at
2785 524 2838 580 in
2870 539 3065 597 magna
3097 525 3443 584 hebdomade
3468 529 3668 600 legitur

2086 608 2247 666 lectio
2276 612 2403 669 ltbri
2438 612 2723 683 Ezechiel,
2755 618 2849 689 qui
2902 618 3018 689 ipse
3075 634 3293 690 quoque
3351 621 3662 691 passionem

2087 699 2387 760 Salvatoris
2406 714 2459 759 et
2500 711 2967 765 resurrectionem
3000 712 3271 781 praedixit.
3306 711 3372 768 Et
3400 713 3666 770 diaconus

2087 796 2333 866 quidem,
2372 816 2390 850 «
2425 797 2610 868 Orate,
2653 803 2749 867 ait,
2782 805 3219 871 catechumeni,»
3253 807 3512 863 sacerdos
3539 822 3669 862 vero

2087 890 2392 946 orationem
2422 891 2553 949 facit
2584 909 2684 964 pro
2737 896 3170 953 catechumenis.
3232 895 3436 952 Verum
3477 913 3506 953 a
3535 914 3672 970 qua—

2092 983 2272 1038 triduo
2301 984 2497 1041 media
2534 985 2991 1057 quadragesima,
3012 990 3282 1047 diaconus
3296 990 3520 1061 quidem
3551 1006 3673 1061 prc-

2088 1091 2182 1133 ce:
2234 1076 2366 1132 facit
2421 1092 2521 1149 pro
2568 1080 2887 1149 praeparatis
2916 1082 2985 1136 ad
3020 1090 3270 1143 sanctam
3312 1059 3728 1149 illuminatio-E;

2090 1121 2182 1133 ν-..
2234 1121 2366 1132 .-νη
2423 1121 2520 1149 ...γ
2568 1121 2887 1149 ,,.....,,...-...,
2916 1121 2985 1136 ..υ
3020 1121 3270 1143 .-..........
3312 1121 3668 1137 ................,θ

2089 1182 2241 1234 neu»,
2301 1169 2564 1226 sacerdos
2606 1180 2791 1226 autem
2822 1171 3125 1227 orationem
3155 1187 3256 1243 pro
3296 1172 3475 1242 ipsis:
3512 1190 3530 1224 «
3564 1121 3744 1227 Do-§

2090 1261 2241 1315 mine
2266 1259 2440 1327 Deus,
2466 1264 2701 1318 ostende
2734 1263 3143 1320 misericordias
3174 1272 3318 1331 tuas,
3355 1283 3373 1317 »
3403 1272 3459 1321 et
3488 1264 3676 1320 excla-

2096 1362 2230 1418 mat,
2264 1372 2283 1406 «
2308 1353 2578 1421 Quoniam
2603 1362 2659 1409 tu
2690 1368 2752 1410 es
2770 1354 3098 1411 illuminatio
3130 1364 3375 1412 nostra.»
3400 1353 3678 1413 Diaconos

2092 1441 2288 1497 iterum
2323 1451 2588 1499 consueta
2616 1444 2791 1499 dicit:
2835 1464 2853 1497 «
2887 1445 3213 1517 Quicunque
3232 1447 3671 1509 catechumeui,»

2090 1545 2143 1588 et
2171 1535 2427 1591 sacerdos
2459 1535 2693 1603 primam
2737 1536 2978 1593 ﬁdelium
3010 1539 3319 1595 orationem
3347 1556 3362 1593 :
3397 1556 3416 1592 ι
3445 1538 3679 1595 Domine

2096 1628 2239 1681 Deus
2298 1638 2488 1683 noster
2535 1630 2630 1698 qui
2687 1645 3028 1701 paganorum
3062 1632 3290 1687 erroris.
3321 1650 3342 1685 »
3376 1632 3677 1699 Diaconos,

401 1722 682 1793 φωτισμδς
737 1722 923 1792 ἡμῶν.
961 1738 982 1773 »
1029 1721 1090 1775 ⁸0
1126 1721 1374 1785 διάκονος
1423 1720 1588 1775 πάλιν
1632 1720 1701 1773 τὰ
1752 1720 1983 1789 συνήθη,

2097 1719 2411 1791 «Sapientia
2434 1722 2604 1777 erecti
2628 1740 2681 1790 ;»
2710 1725 2992 1791 sacerdos,
3023 1722 3327 1792 «Quoniam
3359 1735 3416 1779 tu
3446 1740 3509 1781 es
3538 1726 3680 1782 Deus

409 1833 428 1865 «
464 1814 624 1869 Ὅσοι
680 1813 1105 1885 κατηχούμενοι.
1140 1832 1160 1865 »
1212 1814 1272 1867 Ὀ
1319 1814 1503 1883 ἱερεὺς
1556 1813 1724 1885 εὐχὴν
1776 1813 1982 1867 πιστῶν

400 1907 649 1978 πρώτην,
690 1924 710 1959 «
747 1906 920 1977 Κύριε
958 1909 986 1960 6
1043 1908 1178 1971 Θεὸς
1236 1907 1417 1975 ἡμῶν,
1474 1909 1503 1960 6
1554 1907 1655 1978 τῆς
1713 1906 1982 1959 πολυοέου

401 2000 633 2072 πλάνης.
673 2018 692 2053 ι
742 1998 804 2055 ’0
852 2000 1121 2066 διάκονος,
1176 2018 1194 2051 «
1226 2000 1398 2069 Σοφία
1651 1998 1822 2071 ὀρθοί.
1856 2016 1873 2049 »
1922 1999 1985 2053 '0

400 2091 605 2163 ἱερεὺς,
643 2111 662 2145 «
708 2092 832 2146 Ὅτι
888 2092 955 2145 σὺ
1000 2087 1054 2145 sl
1079 2093 1108 2144 6
1134 2089 1265 2153 Θεὸς
1300 2090 1515 2162 ήμῶν.»
1554 2091 1615 2144 Ὀ
1634 2089 1881 2153 διάκονος
1915 2092 1985 2144 τὰ

399 2184 674 2257 εἰρηνικὰ.
708 2185 769 2239 ’0
805 2186 985 2255 ἱερεὺς
1029 2182 1196 2254 εὐχὴν
1231 2183 1446 2239 πιστῶν
1497 2182 1779 2254 δευτέραν,
1815 2201 1834 2235 «
1871 2183 1986 2236 K6-

403 2292 489 2349 ριε
521 2280 549 2331 6
580 2277 715 2341 Θεὸς
740 2275 899 2347 ἡμῶν
933 2279 961 2330 6
1004 2277 1064 2329 ὲν
1088 2276 1259 2348 ὀλίγῳ
1278 2275 1481 2347 χρόνῳ.
1516 2293 1535 2329 »
1613 2276 1673 2329 '0
1714 2274 1983 2340 διάκονος,

407 2387 427 2421 «
456 2369 645 2438 Σοφία.
679 2387 699 2421 »
778 2367 838 2422 Ὀ
889 2368 1073 2441 ἱερεὺς
1129 2370 1408 2439 ικφωνιῐ,
1446 2386 1466 2420 «
1503 2368 1624 2423 Ὀτι
1686 2368 1984 2438 εὐλόγηται

401 2461 499 2516 καὶ
520 2461 854 2526 δεδόξασται.
894 2479 915 2514 »
962 2461 1022 2515 '0
1076 2461 1351 2525 διάκονος,
1410 2477 1431 2513 «
1471 2458 1862 2531 Πληρώσωμεν
1886 2461 1987 2531 τὴν

401 2555 587 2625 δέησιν
622 2554 778 2624 ἡμῶν
816 2553 896 2625 τῷ
933 2555 1149 2624 Κυρίῳ,
1179 2573 1198 2608 »
1236 2557 1332 2609 καὶ
1375 2554 1444 2607 τὰ
1476 2553 1660 2607 λοιπά.
1701 2553 1763 2607 '0
1807 2554 1987 2625 ἱερεὺς

404 2648 502 2719 τὴν
534 2649 775 2720 μεγάλην
799 2648 989 2720 εὐχήν
1023 2665 1043 2700 «
1081 2649 1257 2719 Κύριε
1312 2649 1339 2701 6
1363 2646 1495 2709 Θεὸς
1526 2646 1711 2717 ἡμῶν,
1761 2646 1791 2699 6
1823 2648 1987 2716 μόνος

401 2738 606 2809 ἀγαθὸς
635 2740 731 2793 καὶ
776 2740 1188 2811 φιλάνθρωπος·
1230 2758 1250 2793 »
1306 2741 1361 2795 ὲν
1392 2732 1427 2813 ᾖ
1460 2739 1559 2792 καὶ
1589 2739 1691 2807 τῆς
1736 2738 1987 2810 σταυρώ-

405 2854 544 2902 σεως
594 2835 873 2907 μέμνηται
926 2836 1030 2888 τοῦ
1088 2834 1364 2905 Σωτῆρος,
1417 2832 1510 2886 καὶ
1561 2833 1659 2904 τῆς
1714 2832 1988 2903 ὲγέρσεως

401 2927 597 2993 αὐτοῦ,
629 2927 850 2991 καὶτῆς
904 2926 1260 2995 ἀναλήψεωςο
1311 2926 1409 2979 καὶ
1465 2925 1760 2993 ὲξαιτεῖται
1812 2925 1989 2979 ιλϐεἶν

401 3023 503 3088 τὴν
537 3023 698 3092 χάριν
727 3016 824 3072 τοῦ
882 3016 1021 3071 Θεοῦ
1083 3016 1171 3085 ἐφ’
1228 3018 1401 3089 ἡμᾶς.
1462 3018 1559 3071 καὶ
1605 3016 1988 3087 ὲνδυναμῶσαι

2093 1822 2309 1880 noster;
2340 1814 2611 1871 diaconus
2646 1816 2873 1884 paciﬁca
2902 1816 3058 1879 dicit,
3093 1819 3353 1873 sacerdos
3377 1819 3678 1875 secundam

2094 1904 2339 1961 ﬁdelium
2374 1907 2706 1974 orationem,
2753 1907 3017 1964 «Domine
3040 1909 3183 1966 Deus
3221 1918 3440 1976 uoster,
3476 1913 3569 1981 qui
3625 1913 3680 1966 in
3794 1981 3811 1988 _

2093 1995 2245 2052 brevi
2272 2005 2513 2067 tempore
2539 2014 2585 2063 ;»
2613 1997 2904 2064 diaconus,
2938 1998 3307 2070 «Sapientia,»
3339 1999 3549 2071 inquit;
3590 2016 3681 2056 sa-

2093 2087 2291 2143 cerdos
2303 2088 2524 2155 clamat,
2550 2088 2843 2156 «Quoniam
2859 2090 3030 2146 beued
3040 2092 3201 2147 icitur
3214 2101 3268 2149 et
3280 2093 3639 2163 gloriﬁcatur.
3651 2112 3676 2150 »

2093 2177 2392 2245 Diaconos,
2425 2196 2445 2231 «
2478 2178 2890 2250 Adimpleamus
2936 2182 3242 2239 orationem
3277 2183 3562 2250 Domino,»
3622 2200 3681 2240 et

2095 2270 2326 2342 reliqua.
2348 2269 2616 2328 Sacerdos
2642 2286 2891 2343 magnam
2912 2271 3045 2331 facit
3061 2276 3391 2342 orationem,
3414 2294 3435 2329 «
3451 2277 3682 2334 Domine

2097 2360 2238 2416 Deus
2272 2369 2482 2426 noster,
2516 2362 2671 2418 solus
2705 2362 2884 2418 bonus
2916 2371 2972 2419 et
2991 2364 3278 2420 hominum
3296 2376 3570 2432 amator,»
3616 2370 3673 2425 iu

2093 2469 2203 2524 qua
2226 2454 2290 2510 de
2318 2453 2678 2513 cruciﬁxione
2734 2456 3038 2514 Salvatoris
3088 2461 3415 2517 recordatur
3449 2462 3684 2534 ejusque

2099 2546 2506 2602 resurrectione
2541 2556 2599 2603 et
2666 2548 3013 2615 ascensione,
3061 2560 3438 2624 precaturque
3487 2564 3549 2610 ut
3589 2572 3683 2610 ve-

2096 2639 2212 2693 niat
2278 2640 2455 2709 gratia
2510 2639 2605 2695 Dei
2664 2656 2829 2711 super
2872 2657 2978 2699 nos
3035 2657 3246 2713 nosque
3285 2648 3577 2704 conﬁrmet
3623 2659 3682 2706 et

2096 2727 2372 2786 illuminet
2400 2770 2417 2797 ,
2458 2731 2676 2801 aliaque
2720 2732 2891 2788 multa
2920 2733 3188 2805 deposcit,
3223 2752 3438 2794 necnon
3490 2756 3519 2795 a
3569 2741 3684 2797 Deo

2097 2819 2306 2892 ﬂagitat
2334 2825 2646 2880 necessaria
2675 2833 2734 2881 et
2759 2826 2938 2892 utilia,
2979 2843 3046 2885 ac
3087 2829 3325 2901 denique
3349 2844 3404 2886 ut
3429 2834 3606 2905 gratia
3629 2846 3687 2891 et

2097 2916 2479 2973 misericordia
2501 2917 2593 2973 Dei
2627 2919 2699 2975 sit
2726 2935 2943 2992 semper
2996 2922 3311 2993 nobiscum,
3360 2936 3415 2983 et
3439 2927 3680 2996 clamat,

2103 3005 2246 3062 «Tua
2270 3019 2352 3064 est
2375 3008 2657 3066 fortitudo.
2673 3028 2692 3062 »
2716 3012 2941 3078 Deinde,
2965 3014 3107 3070 «Pax
3126 3018 3441 3083 omnibus,»
3476 3019 3679 3091 inquit,

402 3115 552 3183 ἡμᾶς
584 3114 678 3166 καὶ
709 3110 967 3181 φωτίσαι,
997 3110 1093 3164 καὶ
1138 3111 1303 3181 ἔτερα
1359 3109 1589 3164 πλεῖστα
1611 3125 1625 3141 ο
1678 3111 1774 3164 καὶ
1835 3112 1984 3180 παρὰ

2094 3102 2441 3187 et‘diaconus
2471 3104 2669 3159 iterum
2699 3120 2713 3159 :
2746 3124 2765 3158 «
2802 3104 2994 3175 Capita
3021 3117 3211 3165 nostra
3239 3127 3255 3176 ;
3289 3128 3309 3162 »
3348 3120 3403 3166 et
3429 3114 3685 3170 sacerdos

406 3204 545 3257 Θεοῦ
574 3203 797 3273 εὔχεται
824 3202 893 3256 τὰ
913 3202 1187 3270 ἀναγκαῖά
1208 3218 1269 3256 1s
1303 3202 1398 3256 καὶ
1452 3201 1804 3273 συμφέροντα
1833 3214 1848 3232 ⁸
1895 3202 1988 3255 καὶ

410 3295 590 3361 τέλος,
615 3296 757 3365 [val]
791 3294 953 3366 χάρις
974 3296 1069 3348 καὶ
1098 3294 1159 3347 τὸ
1199 3293 1348 3358 ελεος
1400 3292 1497 3346 τοῦ
1550 3292 1689 3347 Θεοῦ
1742 3292 1829 3364 εἴη
1866 3294 1988 3363 μεθ’

409 3387 565 3457 ἡμῶν
592 3388 840 3452 πάντοτε,
878 3387 974 3441 καὶ
994 3388 1251 3454 ὲκφωνεῖ,
1285 3403 1305 3437 «
1340 3386 1462 3439 Ὀτι
1493 3385 1585 3439 σὺν
1625 3386 1685 3439 τὸ
1711 3387 1932 3458 κράτος.
1963 3408 1981 3439 »

405 3479 538 3535 Εἶτα
560 3482 641 3549 τὸ,
675 3500 695 3534 ‹
733 3480 939 3554 Εἰρήνη
988 3482 1145 3546 πᾶσι,
1182 3501 1201 3534 »
1261 3482 1433 3549 λέγει.
1499 3481 1612 3535 Kal
1656 3482 1686 3534 6
1730 3481 1987 3546 διάκονος

403 3571 582 3639 αὖθις,
606 3594 625 3627 «
650 3575 763 3638 Τὰς
786 3574 1029 3644 κεφαλὰς
1055 3573 1266 3643 ἡμῶν.»
1286 3575 1397 3628 Καὶ
1429 3574 1456 3627 6
1487 3574 1669 3644 ίερεὺς
1700 3574 1864 3646 εὐχὴν
1894 3592 1987 3629 κε-

404 3652 783 3733 φαλοκλιοίας·
811 3683 830 3717 ‹
868 3666 1040 3735 Κύριε
1071 3667 1100 3719 6
1126 3665 1260 3728 Θεὸς
1291 3664 1472 3736 ἡμῶν,
1498 3667 1526 3718 6
1551 3667 1863 3737 καθήμενος
1893 3668 1989 3721 ἐπὶ

408 3759 602 3828 θρόνου
631 3758 813 3828 δόξης.
852 3777 872 3810 »
927 3759 1036 3811 Kal
1063 3759 1320 3826 ἑκφωνεί,
1378 3774 1400 3810 ε
1452 3758 1554 3829 Eis;
1612 3758 1674 3812 τὸ
1718 3760 1988 3825 πανάγιον

404 3847 580 3921 ονομα
600 3853 699 3921 τῆς
744 3850 1158 3921 φιλανθρωπίας
1217 3868 1311 3904 σου
1352 3851 1718 3922 εὐλογημένον
1778 3853 1872 3905 καὶ
1897 3851 1987 3905 6c-

406 3942 761 4013 δοξααμίνον.
797 3961 817 3996 »
853 3942 914 3996 '0
957 3944 1229 4007 διάκονος.
1272 3963 1292 3995 «
1341 3943 1432 3997 ’Ev
1462 3944 1658 4017 είρήνῃ
1709 3943 1988 4015 προέλθω-

411 4051 536 4105 μεν.
577 4050 595 4086 »
625 4035 736 4088 Kal
758 4033 1072 4099 ἐξελθόντος
1104 4036 1199 4088 τοῦ
1230 4037 1444 4105 ἱερέως,
1483 4036 1603 4106 ἃμα
1660 4036 1987 4106 πορεύονται

405 4126 636 4182 ὄπισθεν
664 4126 762 4182 τοῦ
784 4126 1063 4197 ἄμϐωνος,
1105 4128 1193 4181 ἴνα
1232 4130 1411 4198 ’μέσον
1472 4128 1731 4183 ἁπάντων
1779 4128 1989 4192 δοξολο-

411 4221 630 4291 γήσωσι
660 4219 753 4273 τὸν
782 4219 935 4286 Θεὸν,
962 4221 1059 4273 καὶ
1083 4218 1177 4274 τοῦ
1208 4218 1501 4290 ἑσπερινοῦ
1530 4219 1828 4290 ἄρξωνται.
1877 4220 1984 4274 Τοῦ

405 4314 655 4367 διακόνου
684 4312 780 4366 οῦν
802 4313 1072 4380 εἰπόντος,
1107 4331 1126 4365 «
1163 4312 1272 4366 Τοῦ
1299 4313 1507 4381 Κυρίου
1558 4312 1864 4383 δεηοῶμιν,
1903 4333 1923 4366 »
1958 4316 1987 4367 6

406 4405 591 4478 ἱερεὺς
621 4403 835 4475 βλέπων
865 4403 1006 4457 κατὰ
1030 4403 1323 4470 ἀνατολὰς,
1369 4406 1627 4472 ὲκφωνεῖ,
1659 4408 1702 4469 ;‹
1738 4404 1985 4476 Εὐλογη-

2093 3195 2292 3266 capitis
2374 3196 2741 3253 inclinationis
2796 3202 3106 3257 orationem
3176 3201 3419 3263 facitc«
3446 3205 3681 3263 Domine

2093 3285 2238 3341 Deus
2269 3295 2457 3342 noster
2512 3286 2605 3357 qui
2636 3288 2793 3345 sedes
2846 3304 3017 3360 super
3048 3294 3308 3350 thronum
3342 3296 3587 3368 gloriae,»
3626 3310 3682 3353 et

2092 3378 2387 3445 exclamat,
2422 3376 2541 3433 «Sit
2567 3379 2980 3435 sanctissimuu»
3029 3382 3380 3452 benignitatis
3419 3394 3528 3441 tua;
3584 3402 3680 3441 no-

2093 3483 2217 3523 men
2242 3468 2589 3525 benedictum
2619 3481 2676 3527 et
2700 3470 3121 3541 gloriﬁcatum.»
3156 3474 3475 3533 Diaconus:
3515 3476 3684 3533 «Pro-
3755 3474 3763 3485 ’
3867 3474 3875 3482 ’

2092 3563 2354 3621 cedamus
2388 3566 2444 3620 in
2493 3581 2698 3636 pace.»
2741 3566 2803 3623 Et
2852 3583 3074 3639 egresso
3155 3571 3444 3627 sacerdote
3512 3574 3681 3629 simul

2092 3655 2395 3725 procedunt
2442 3666 2567 3726 post
2637 3658 2929 3714 amboncm
2975 3670 3034 3713 ut
3087 3661 3143 3715 in
3200 3664 3381 3719 medio
3432 3665 3677 3721 omnium

2072 3747 2404 3825 gloriﬁcent
2453 3748 2646 3815 Deum,
2691 3764 2757 3804 ac
2808 3753 3184 3821 vespertinum
3247 3755 3515 3825 incipiant
3561 3758 3681 3812 olli-

2094 3840 2263 3894 cium.
2320 3839 2509 3910 Itaque
2545 3841 2777 3897 diacono
2824 3842 3042 3901 dicente
3080 3860 3095 3899 :
3128 3846 3448 3903 «Dominum
3480 3848 3680 3919 depre-

2093 3947 2341 3998 cemur,»
2384 3933 2647 3990 sacerdos
2680 3936 2749 3989 ad
2780 3936 3048 3990 orientem
3078 3946 3333 4003 spectans
3357 3940 3628 3996 exclamat
3660 3955 3678 3995 :

2106 4024 2437 4079 «Benedicta
2468 4024 2642 4096 gloria
2674 4025 2893 4082 Domini
2927 4026 2983 4081 in
3015 4027 3138 4084 loco
3166 4038 3356 4085 sancto
3391 4031 3513 4101 ejus
3558 4034 3680 4088 ubi-

2092 4133 2201 4184 quo
2249 4132 2396 4173 nunc
2450 4127 2506 4173 et
2553 4133 2771 4189 semper
2829 4130 2887 4176 et
2939 4121 2993 4176 in
3050 4121 3256 4179 saecula
3284 4127 3671 4185 steculorum.»

2098 4210 2256 4277 Quod
2343 4226 2474 4281 ergo
2564 4210 2634 4266 ad
2724 4213 2947 4270 litanias
3036 4216 3280 4284 attinet,
3338 4217 3678 4279 Jitaniarum

2092 4304 2198 4358 hoc
2247 4311 2334 4359 est
2386 4303 2628 4369 initium,
2660 4306 2923 4374 pontiﬁce
2992 4306 3128 4363 illud
3194 4318 3319 4377 post
3384 4309 3676 4367 amboncm

2092 4398 2338 4466 dicente;
2371 4398 2462 4456 hic
2514 4413 2648 4455 vero
2709 4399 2927 4455 initium
2975 4411 3064 4457 est
3096 4401 3411 4473 lampadum
3459 4406 3675 4476 hymni.

409 4467 547 4569 μένη
573 4467 633 4568 ἡὴ.
649 4497 774 4563 δόξα
796 4496 1008 4567 Κυρίου
1060 4498 1128 4549 ὲκ
1160 4495 1257 4548 τοῦ
1286 4467 1463 4550 τόπου
1487 4494 1583 4550 τοῦ
1607 4467 1765 4564 ὰέιου
1820 4467 1984 4553 αὐτοῦ

2093 4490 2166 4545 Et
2208 4491 2392 4544 statim
2451 4489 2507 4544 in
2540 4490 2711 4545 latere
2760 4491 2948 4557 templi
2984 4507 3015 4547 a
3060 4467 3382 4550 cantoribus
3414 4467 3672 4566 psallitur

406 4592 641 4643 πάντοτε
668 4588 763 4642 νῦν
790 4589 887 4641 καὶ
912 4588 1001 4641 ἀεὶ
1033 4588 1127 4641 καὶ
1168 4588 1249 4651 είς
1283 4586 1410 4648 τοὺς
1463 4588 1668 4652 αίῶνας
1718 4590 1826 4645 τῶν
1850 4592 1982 4644 aldi-

405 4700 538 4739 νων.
570 4702 592 4734 »
636 4681 810 4734 Τοῦτο
836 4681 932 4735 οὖν
980 4683 1058 4745 είς
1088 4681 1187 4751 μὲν
1232 4680 1333 4744 τὰς
1371 4681 1664 4748 λιτανείας,
1710 4683 1853 4754 ἁρχὴ
1879 4685 1989 4737 τῶν

406 4775 691 4830 λιατνειῶν
726 4777 865 4841 ἐστι,
897 4774 1150 4842 λέγοντος
1170 4789 1333 4828 τουτο
1380 4774 1478 4827 τοῦ
1531 4775 1840 4846 ἀρχιερέως
1885 4777 1982 4829 τοῦ

404 4868 663 4936 ἄμδωνος
695 4865 922 4919 ὄπισθεν
942 4881 957 4897 ·
1026 4865 1265 4920 ἐνταῦθα
1299 4866 1357 4919 δὲ
1385 4866 1531 4937 ἀρχὴ
1556 4867 1650 4920 τοῦ
1698 4869 1978 4938 λυχνικοῦ.

407 4961 514 5011 Kal
543 4959 705 5021 εὐθὺς
736 4960 793 5011 ἐν
820 4961 888 5028 τῇ
924 4956 1134 5028 πλαγία
1157 4958 1421 5028 ψάλλεται
1475 4960 1573 5012 τοῦ
1600 4960 1729 5014 ναοῦ
1763 4962 1839 5024 ὡς
1872 4978 1980 5015 παι

406 5052 669 5122 ράκλησις
699 5054 726 5106 6
757 5051 1047 5123 ἑσπερινὸς
1078 5051 1230 5121 παρὰ
1277 5051 1388 5104 τῶν
1417 5051 1660 5120 ψαλτῶν.
1689 5054 1859 5107 Ἔνθα
1888 5057 1983 5107 καὶ

403 5146 463 5195 τὸ
489 5144 787 5215 ψαλτήριον
813 5145 1058 5212 λέγεται,
1094 5145 1189 5196 καὶ
1219 5144 1289 5196 τὰ
1333 5146 1569 5216 στιχηρά
1593 5145 1692 5199 τοῦ
1722 5147 1980 5217 τριῳδίου

403 5240 499 5290 καὶ
527 5237 623 5290 τοῦ
658 5239 914 5308 μηναίου,
942 5237 1086 5292 κατὰ
1110 5239 1201 5291 τὸν
1231 5240 1406 5291 τύπον
1428 5239 1538 5293 τῶν
1574 5243 1979 5311 μοναστηρέων,

402 5333 497 5382 καὶ
528 5332 609 5395 τ’»,
645 5349 663 5382 «
691 5330 812 5393 Φῶς
840 5332 1050 5402 ἱλαρὸν,
1085 5349 1103 5383 »
1147 5332 1241 5385 καὶ
1264 5332 1344 5397 τὸ,
1387 5350 1406 5383 «
1444 5333 1822 5399 Καταξίωσον,
1854 5351 1873 5384 ι
1904 5334 1980 5397 ὡς

401 5420 748 5486 κατανύξεως
782 5421 1077 5476 ἀκολουθία
1107 5424 1203 5475 καὶ
1231 5418 1344 5475 οἷον
1373 5422 1671 5492 μοναχικὴ,
1721 5424 1815 5476 καί
1842 5425 1977 5476 ἁπο-

400 5518 588 5588 στίχου
613 5518 673 5569 τὸ
714 5516 1016 5587 Ἱδιόμιλον,
1062 5517 1180 5581 καὶ,
1214 5535 1232 5569 «
1272 5517 1390 5570 Νῦν
1419 5516 1700 5580 ἀπολύεις,
1742 5536 1762 5569 »
1797 5517 1892 5569 xui
1924 5519 1983 5569 16

2096 4585 2469 4654 vespertinum
2519 4582 2759 4641 cilicium
2810 4600 2962 4641 more
3006 4585 3495 4643 invitatorii.Tum
3529 4589 3671 4645 dici-

2105 4687 2191 4732 tur
2237 4678 2559 4747 psalterium
2613 4678 2871 4735 versiculi
2919 4678 3062 4734 tertii
3121 4678 3311 4750 hymni
3371 4688 3428 4737 et
3466 4683 3675 4736 mensis

2090 4768 2389 4821 secundum
2416 4767 2664 4823 ordinem
2696 4770 3187 4837 monasteriorum,
3226 4770 3372 4827 «Lux
3400 4772 3670 4844 jucunda,

2093 4860 2349 4929 dignare,
2374 4878 2393 4913 »
2425 4862 2583 4930 quasi
2622 4860 2760 4918 ordo
2794 4862 3124 4931 ptenitentiaa
3154 4874 3210 4919 et
3260 4864 3565 4921 mouastica
3594 4866 3677 4920 iu-

2091 4951 2320 5006 stitutio.
2343 4950 2551 5009 Deinde
2582 4952 2865 5023 proprium
2900 4954 3238 5035 responsorii
3270 4957 3465 5023 melos,
3487 4952 3675 5013 «Nunc

2090 5039 2376 5108 dimittis,»
2410 5041 2717 5113 TriSagiou,
2745 5044 2874 5100 «Dei
2899 5044 3149 5101 Genilris
3176 5043 3408 5116 Virgo;«
3441 5045 3536 5103 sed
3563 5044 3675 5116 Κυ-

2091 5128 2169 5182 rio
2221 5129 2420 5185 eleison
2470 5147 2576 5186 non
2622 5131 2849 5198 dicitur,
2910 5150 3090 5203 neque
3145 5139 3282 5190 ﬁunt
3342 5140 3675 5205 pmnitentia:

2096 5238 2196 5277 nec
2230 5223 2529 5287 absolutio,
2571 5240 2675 5278 nec
2700 5228 3081 5281 accenduntur
3109 5228 3383 5297 lampades
3404 5244 3576 5297 usque
3603 5230 3670 5282 ad

2091 5318 2512 5372 Proverbiorum
2556 5318 2845 5375 lectionem
2877 5322 2929 5375 in
2972 5323 3137 5375 missa
3174 5319 3671 5376 Praesanctiﬁcato-
3708 5350 3711 5352 »

2091 5423 2213 5463 rum
2238 5422 2401 5472 ;nam
2429 5416 2552 5477 post
2590 5424 2788 5465 voces:
2817 5428 2836 5462 «
2866 5410 2957 5466 Dei
2989 5411 3237 5466 Genitris
3273 5408 3461 5480 Virgo,
3493 5429 3512 5463 »
3533 5425 3637 5467 con
3657 5440 3671 5451 -

2091 5510 2245 5556 sueta
2270 5501 2551 5570 dicuntur,
2576 5512 2633 5559 et
2660 5519 2851 5559 omnes
2876 5505 2929 5559 in
2979 5520 3112 5561 suos
3163 5505 3315 5560 locos
3380 5505 3669 5559 recedunt.

398 5614 718 5684 Τρισάγιον,
762 5616 855 5667 καὶ
887 5615 970 5677 16,
1010 5634 1028 5667 «
1061 5615 1292 5667 Θεοτόκε
1329 5614 1594 5682 Παρθένε·
1634 5634 1651 5665 »
1715 5614 1893 5681 Κύριε
1947 5615 2003 5667 δὲ
2059 5614 2326 5682 ἐλέησον
2391 5618 2453 5669 ού
2512 5618 2733 5684 λέγεται
2762 5634 2778 5652 ο
2844 5621 2966 5673 οὐδὲ
3028 5622 3312 5690 μετάνοιαι
3379 5621 3624 5690 γίνονται
3653 5637 3668 5655 ⁸

398 5706 507 5759 οὐδ’
544 5707 827 5770 ἀπόλυσιςο
860 5709 980 5761 οὐδὲ
1012 5708 1166 5777 φῶτα
1196 5708 1550 5773 ἀνάπτονται,
1580 5709 1708 5777 ἄχρι
1752 5710 1848 5761 καὶ
1880 5712 1977 5777 τῆς
2017 5711 2321 5780 παροιμίας
2342 5713 2396 5764 ὲν
2419 5715 2485 5782 τῇ
2509 5716 2929 5789 προηγιασμένῃ
2959 5716 3297 5788 λειτουργίᾳ.
3353 5717 3508 5772 Μετὰ
3557 5716 3670 5788 γὰρ

410 5802 498 5867 τὸ,
533 5820 550 5852 «
591 5801 818 5857 Θεοτόκε
850 5804 1119 5874 Παρθένε,
1152 5823 1169 5855 ι
1207 5805 1299 5857 καὶ
1333 5805 1397 5859 τὰ
1422 5803 1584 5856 λοιπά
1616 5802 1820 5873 συνήθη
1853 5802 2100 5873 ἔρχονται
2134 5809 2335 5871 πάντες
2376 5810 2453 5871 εἰς
2501 5809 2625 5872 τοὺς
2664 5810 2859 5875 τόπους
2893 5811 3094 5866 αὐτῶν.
