4026 6274
344 408 449 471 657
1501 400 1601 466 DE
1636 400 1879 463 SACRA
1923 401 1934 463 i

2040 401 2164 462 ΕΒΑ
2178 399 2435 475 ΤΙΟΝΕ.
3485 397 3621 471 658.

348 520 414 570 Oi
439 516 496 569 δὲ
529 513 876 583 ἀναγνῶσται
907 511 1340 586 προπορεύονται
1377 511 1516 582 μετά
1547 513 1913 584 μανουαλίων.

2043 514 2301 571 ateralem
2346 514 2571 585 ianuam
2607 510 2784 584 pergit
2827 518 2886 571 et
2935 512 3006 570 ad
3037 510 3199 569 tinem
3242 506 3429 581 templi
3463 524 3594 579 pros

342 609 405 661 Et
437 606 485 662 δ’
507 607 605 662 οὐκ
645 605 763 660 ἔστι
812 606 1094 672 διάκονος,
1130 606 1414 679 ἐξέρχεται
1451 606 1612 677 μόνος
1646 607 1674 660 ὁ
1706 607 1908 677 ἱερεὺς,
2020 609 2182 665 cedit.
3382 617 3387 621 ’

341 697 562 767 κρατῶν
586 696 685 766 τὴν
715 697 977 769 λαμπάδα
1017 697 1113 752 καί
1144 697 1206 750 τὸ
1241 696 1606 768 θυμιατήριον
1641 698 1736 752 καὶ
1771 699 2268 771 προπορευομένων
2309 700 2420 754 τῶν
2492 701 2888 770 ἀναγνωστῶν,
2946 701 3223 774 διέρχεται
3287 700 3388 771 τὴν
3459 700 3595 759 ula-

339 795 487 863 τίαν,
518 789 617 846 καὶ
646 789 727 857 είς
753 790 816 847 τὸ
833 791 987 858 τέλος
1011 791 1105 847 τοῦ
1129 790 1257 848 ναοῦ
1286 792 1528 864 ἔρχεται.

895 1000 1152 1055 ΚΕΦΔΔ.
1180 997 1351 1055 TNA’.

343 1117 509 1173 Διατί
538 1117 612 1170 ἐν
630 1114 715 1181 τῷ
735 1113 1034 1186 ἑσπερινῷ
1057 1114 1156 1169 καί
1188 1113 1267 1183 τῇ
1301 1114 1600 1185 Παροιμίᾳ
1616 1114 1700 1186 ,τὰ
1721 1116 1914 1186 φῶτασ

517 1187 619 1243 καί
642 1187 701 1242 τί
722 1187 818 1253 τὸ,
842 1182 1007 1252 «Φῶς
1024 1182 1285 1254 Χριστοῦ
1318 1182 1519 1255 φαίνει
1550 1182 1757 1245 πᾶσιξι

2561 1000 2791 1060 CAPUT
2818 999 3086 1058 CCCLIV.

2024 1118 2205 1193 Quare
2231 1121 2293 1193 in
2314 1120 2616 1193 respertino
2656 1120 2834 1190 ofﬁcio
2866 1124 2915 1193 et
2946 1118 3070 1170 dum
3100 1127 3258 1193 caput
3286 1132 3354 1193 ea
3382 1114 3598 1193 Prouer-

2096 1190 2194 1259 bjis
2222 1185 2435 1259 legitur,
2479 1185 3092 1250 lumina'nccendantur,
3123 1185 3173 1243 et
3199 1187 3416 1242 deillo:
3452 1185 3601 1242 «ιω

2097 1257 2295 1315 Christi
2319 1262 2563 1316 omnibus
2588 1269 2831 1332 apparet.
2864 1277 2884 1310 ι

414 1392 533 1448 Καὶ
555 1391 946 1464 πληρωθείσης
969 1390 1071 1463 τῆς
1103 1391 1402 1458 Γενέσεως,
1460 1392 1712 1461 φαίνεται
1751 1391 1917 1454 εὐθὺς

2093 1392 2318 1459 impleta
2345 1405 2528 1450 autem
2563 1395 2687 1449 libri
2734 1395 2963 1451 Genesis
2996 1395 3270 1459 lectione,
3309 1391 3459 1448 illico
3505 1405 3602 1465 ap:

345 1484 489 1554 μετὰ
524 1484 634 1538 τῶν
662 1482 884 1553 φώτων,
916 1483 1019 1547 τὰς
1053 1484 1345 1554 βασιλικὰς
1372 1484 1550 1547 πύλας
1584 1481 1799 1549 εἰσιὼν,
1825 1483 1925 1536 ἀν-

2040 1496 2178 1554 )aret
2223 1501 2350 1541 cum
2388 1488 2723 1553 luminibus,
2762 1503 2861 1557 per
2889 1488 3099 1556 regales
3130 1487 3328 1555 ianuas
3362 1486 3600 1545 intrans.

348 1573 659 1644 ισταμένων
691 1575 973 1632 ἁπάντων.
1025 1576 1124 1637 Ὃς
1155 1576 1252 1630 καί
1274 1578 1355 1640 εἰς
1376 1577 1437 1630 τὸ
1465 1577 1636 1645 μέσον
1660 1576 1792 1639 στὰς
1823 1572 1916 1628 τοῦ

2040 1577 2303 1633 stantibus
2332 1578 2629 1642 universis.
2665 1579 2755 1649 qui
2792 1588 2943 1636 stans
2986 1581 3040 1635 in
3076 1580 3253 1635 medio
3285 1578 3493 1648 templo
3520 1577 3602 1633 si-

345 1665 499 1730 ναοῦ,
531 1666 771 1719 ποιεῖται
808 1665 1050 1736 σταυροῦ
1106 1667 1280 1721 τύπον
1323 1668 1404 1737 τῷ
1432 1668 1781 1740 θυμιατηρίῳ
1826 1669 1921 1720 ὲκ-

2040 1685 2192 1738 μιυιη
2222 1670 2403 1726 crucis
2437 1670 2563 1725 facit
2592 1686 2715 1725 cum
2752 1671 3052 1738 tburibulo,
3080 1672 3186 1732 alta
3212 1684 3345 1725 voce
3375 1671 3562 1726 dicens
3587 1685 3602 1721 :

348 1756 544 1827 φώνως
599 1755 794 1824 λέγων,
831 1776 851 1811 ι
888 1757 1061 1827 Σοφία
1105 1758 1279 1828 ὀρθοὶ,
1305 1758 1422 1827 φῶς
1473 1758 1712 1830 Χριστοῦ
1740 1757 1918 1827 φαίνει

2040 1759 2341 1829 tSapicntia
2375 1762 2564 1828 erecti,
2589 1762 2681 1815 lux
2699 1762 2899 1827 Cbrisﬁ
2925 1762 3182 1817 omnibus
3212 1770 3494 1832 apparet,»
3544 1769 3604 1815 et

354 1853 514 1906 πᾶσι.
549 1870 569 1903 ι
614 1851 727 1906 Καὶ
755 1852 836 1915 είς
864 1852 926 1906 τὸ
954 1852 1110 1921 ἀγιον
1137 1851 1286 1923 βῆμα
1312 1854 1620 1923 ἀνέρχεται.
1653 1852 1789 1905 Τότε
1810 1850 1923 1904 τοί-

2040 1853 2094 1908 ad
2126 1867 2347 1907 sacrum
2381 1854 2761 1909 sanctuarium
2793 1854 3058 1909 ascendit.
3082 1850 3222 1907 Tum
3249 1853 3411 1924 igitur
3440 1852 3608 1906 lector

352 1960 451 1996 νυν
482 1943 511 1994 ὁ
545 1943 645 2013 μὲν
673 1945 733 1998 ἐν
763 1944 844 2015 τῷ
880 1943 1099 2014 ἀμϐωνι
1148 1946 1507 2014 ἀναγνώστης
1553 1942 1924 2029 ἀναγινώσκει

2040 1944 2248 2015 quidem
2287 1945 2340 1999 in
2375 1946 2608 2000 amboue
2641 1954 2801 2016 caput
2829 1945 2961 2018 legit
2985 1960 3049 2000 ex
3080 1944 3432 2011 Proverbiis;
3479 1960 3607 1999 con-

348 2035 450 2105 τὴν
472 2036 800 2105 Παροιμίαν·
830 2035 900 2089 τὰ
922 2035 979 2089 δὲ
1018 2037 1079 2089 ἐν
1091 2035 1169 2106 τῷ
1200 2036 1312 2107 ναῷ
1342 2035 1545 2107 συνήθη
1575 2036 1728 2107 φῶτα
1748 2036 1926 2090 ἀνάπ-

2040 2045 2419 2093 suetaautem
2471 2038 2523 2092 in
2582 2038 2783 2109 templo
2815 2038 3192 2094 accenduntur
3220 2034 3610 2093 lumina.'lioe

353 2143 528 2181 τεται.
567 2126 745 2179 Τοῦτο
777 2125 835 2180 δὲ
860 2125 1032 2198 δηλοῖ,
1061 2127 1138 2190 ὡς
1171 2128 1308 2198 πρὸς
1339 2127 1421 2197 τῷ
1449 2128 1595 2181 τέλει
1653 2128 1765 2180 τῶν
1793 2125 1926 2180 αἰώ-

351 2236 461 2274 νων
498 2219 560 2272 τδ
589 2218 707 2287 φῶς
737 2217 799 2271 τὸ
829 2218 1084 2289 ἀληθινὸν
1107 2219 1243 2288 ἡμῖν
1272 2222 1387 2281 τοῖς
1417 2221 1477 2271 ἐν
1523 2219 1704 2273 σκότει
1750 2218 1926 2288 καοη-

357 2312 540 2381 μένοις
591 2310 681 2365 διά
725 2309 930 2382 σαρκὸς
988 2294 1230 2380 ἔλαμψεν
1282 2311 1495 2381 Ἰησοῦς
1521 2311 1781 2381 Χριστὸς,
1835 2312 1928 2364 καὶ

350 2401 448 2457 τοῦ
481 2400 661 2473 φωτὸς
689 2405 792 2473 τῆς
820 2402 1046 2473 χάριτος
1067 2400 1234 2456 αὐτοῦ
1269 2403 1368 2472 τὴν
1399 2404 1730 2474 οἰκουμένην
1761 2404 1927 2475 ἐπλή-

357 2512 525 2565 ρωσε.
561 2496 655 2548 Διδ
691 2497 788 2549 καὶ
849 2496 945 2548 ἐπὶ
984 2495 1134 2548 τέλει
1178 2495 1379 2558 παντὸς
1439 2496 1729 2563 ὲσπερινοῦ
1771 2496 1931 2550 τοῦτο

351 2589 595 2655 λέγεται,
641 2605 662 2639 ι
689 2587 816 2642 Ὀτι
843 2587 907 2640 σὺ
943 2585 993 2639 εί
1044 2588 1073 2640 ὁ
1099 2584 1379 2657 φωτισμδς
1434 2585 1618 2659 ἡμῶν,
1646 2588 1872 2658 Χριστὲ,
1905 2590 1932 2643 ὁ

355 2679 491 2740 Θεὸς
540 2677 760 2748 ἡμῶν.ι
788 2677 1003 2731 Γίνεται
1032 2678 1089 2731 δὲ
1118 2677 1272 2732 τοῦτο
1297 2679 1434 2748 μετά
1469 2680 1568 2745 τὴν
1588 2680 1809 2734 Γένεσιν
1836 2682 1932 2752 ἀρ-

357 2767 599 2838 χομένης
644 2770 747 2837 τῆς
804 2768 1135 2838 [ιαροιμίας.
1191 2769 1384 2840 ’οτιή
1439 2771 1540 2841 μὲν
1584 2770 1804 2836 Γένεσις
1863 2773 1931 2826 τά

359 2859 619 2929 ἀπαρχῆς
647 2859 941 2926 διηγεῖται,
978 2862 1078 2928 τὴν
1100 2860 1462 2931 δημιουργίαν
1487 2861 1596 2917 τῶν
1615 2862 1810 2927 ὅντων,
1837 2865 1933 2917 καὶ

356 2950 457 3020 τὴν
483 2949 756 3004 ἔκπτωσιν
783 2953 877 3003 τοῦ
918 2948 1121 3019 Ἀδάμ·
1183 2953 1217 3020 ἡ
1267 2952 1543 3023 Παροιμία
1586 2954 1644 3008 δὲ
1676 2956 1934 3025 αἰνιγμα-

358 3042 546 3105 τωδῶς
583 3041 652 3096 τὰ
678 3044 807 3113 περὶ
842 3042 938 3097 τοῦ
970 3043 1100 3097 Υἰοῦ
1134 3043 1228 3098 τοῦ
1268 3045 1406 3098 Θεοῦ
1460 3045 1793 3110 ἐκδιδάσκει,
1837 3050 1932 3102 καὶ

2029 2146 2157 2185 vero
2188 2130 2429 2185 ostendit
2457 2130 2513 2185 in
2547 2132 2655 2185 line
2688 2132 3015 2188 saeculorum
3057 2132 3241 2186 lumen
3278 2145 3465 2196 verum
3510 2147 3610 2183 uo-

2032 2224 2117 2279 bis
2153 2223 2206 2277 iu
2236 2223 2481 2279 tenebris
2512 2223 2831 2279 sedentibus
2861 2240 2957 2295 per
2992 2239 3213 2285 carnem
3245 2223 3494 2278 illuxisse
3519 2221 3610 2277 Je-

2031 2329 2152 2369 sum
2186 2313 2490 2377 Christum,
2530 2323 2846 2386 terramque
2885 2315 3008 2371 luce
3042 2313 3229 2383 gratim
3277 2328 3390 2368 sure
3420 2311 3613 2380 imple-

2032 2404 2197 2459 visse.
2240 2403 2366 2459 ideo
2396 2404 2596 2474 legitur
2638 2406 2781 2461 istud
2834 2404 2889 2459 in
2939 2405 3045 2460 tlne
3089 2403 3389 2475 vespertini
3446 2403 3611 2456 lnlitts

2032 2493 2195 2550 oﬂicii
2228 2509 2243 2548 :
2283 2494 2585 2561 «Quoniam
2625 2504 2680 2550 tu
2714 2511 2774 2550 es
2807 2496 3365 2563 illuminatiouostra,
3395 2493 3614 2549 Christe

2037 2585 2177 2644 Deus
2207 2596 2445 2643 uoster.»
2504 2586 2650 2641 lllttd
2683 2597 2862 2641 autem
2906 2586 2963 2640 lit
3008 2594 3132 2656 post
3171 2586 3459 2645 lectionem
3485 2583 3611 2638 libri

2035 2679 2290 2745 Genesis,
2337 2682 2555 2750 incepto
2601 2678 3028 2734 Proverbioruut
3083 2679 3300 2748 capite,
3347 2678 3610 2748 quoniam

2035 2770 2265 2828 Genesis
2294 2772 2512 2841 quidem
2557 2786 2679 2841 qum
2719 2768 2861 2825 facta
2913 2780 3041 2825 sunt
3090 2770 3158 2826 ab
3199 2770 3358 2824 initio
3392 2779 3615 2825 enarrat

2036 2878 2219 2919 rerum
2272 2863 2607 2918 creationem
2659 2870 2714 2917 et
2772 2863 2941 2916 Adam
3003 2862 3262 2927 lapsum;
3316 2860 3612 2915 Proverbia

2037 2969 2170 3010 vero
2203 2956 2255 3009 in
2283 2956 2572 3025 aenigmate
2602 2955 2803 3015 docent
2832 2969 2952 3023 qua:
2981 2952 3048 3009 ad
3086 2951 3285 3006 Filium
3320 2951 3414 3006 Dei
3450 2951 3616 3020 pettL

2038 3058 2190 3113 nent,
2226 3057 2390 3118 atque
2417 3062 2517 3117 per
2540 3062 2666 3102 eum
2703 3048 2989 3118 adoptatos
3020 3053 3280 3116 tanquam
3317 3047 3455 3101 illius
3490 3047 3615 3098 hor-

356 3138 474 3198 τοῖς
505 3133 576 3187 δι’
603 3135 767 3189 αὑτοῦ
825 3137 1187 3206 violis-meets:
1228 3142 1489 3209 παραινεῖ
1537 3140 1727 3206 ὥσπερ
1764 3141 1930 3208 υίοίς,

2041 3150 2259 3207 tantur,
2313 3141 2607 3211 ipsumque
2656 3138 2855 3195 Filium
2919 3139 3243 3211 sapientiam
3300 3137 3614 3207 appellant,

359 3227 457 3280 καὶ
504 3226 706 3295 Σοφίαν
763 3226 927 3280 αὑτὸν
972 3226 1063 3281 τὸν
1114 3228 1241 3281 Υίδν
1305 3229 1583 3299 ὀνομάζει,
1636 3231 1731 3285 καὶ
1785 3227 1934 3285 οἶκον

359 3318 724 3389 οἰκοδομῆσαι
749 3319 918 3389 ἑαυτῇ
941 3319 1114 3388 λέγει.
1146 3321 1207 3373 τὸ
1240 3321 1505 3390 πανάγιον
1529 3321 1696 3376 αὐτοῦ
1752 3322 1932 3391 σῶμα,

360 3415 422 3466 ὲν
449 3403 493 3478 ᾧ
523 3414 620 3467 καὶ
647 3412 788 3467 ἑπτὰ
848 3411 1085 3475 στύλους
1110 3412 1181 3467 τά
1245 3412 1339 3467 τοῦ
1385 3413 1704 3486 Πνεύματος
1755 3417 1936 3471 πάντα

359 3506 702 3577 χαρίσματα,
734 3504 810 3568 ὡς
841 3507 936 3566 καὶ
981 3507 1061 3574 τῷ
1106 3507 1292 3578 οἰκείῳ
1323 3506 1476 3579 ἄρτῳ
1529 3508 1625 3562 τοῦ
1682 3508 1936 3579 σώματος

358 3600 455 3651 καὶ
476 3595 554 3665 τῷ
577 3596 815 3666 κρατῆρι
852 3595 949 3649 τοῦ
971 3595 1224 3665 αἵματος,
1256 3586 1534 3668 τρέφειτε
1584 3599 1679 3653 καὶ
1715 3599 1933 3663 ποτίζει

362 3688 607 3751 πάνταςθ
638 3689 736 3742 καὶ
764 3687 882 3757 φῶς
917 3690 1035 3742 ἐστι
1058 3689 1129 3743 τὰ
1153 3688 1265 3743 ἀνω
1313 3689 1408 3743 καὶ
1459 3691 1529 3744 τὰ
1561 3690 1713 3744 κάτω
1770 3690 1937 3760 φωτί-

362 3776 491 3842 ζων.
539 3776 599 3831 ⁸0
630 3776 765 3840 Θεὸς
791 3778 902 3847 γὰρ
932 3780 998 3848 τῇ
1030 3777 1200 3850 Σοφίᾳ
1251 3779 1580 3851 ὲθεμελίωσε
1637 3780 1738 3852 τὴν
1778 3781 1885 3849 γῆν
1918 3795 1933 3814 ·

350 3863 634 3940 ’ἡτοίμασε
661 3869 718 3923 δὲ
750 3870 1038 3941 οὐρανοὺς,
1075 3872 1262 3940 φησὶν,
1309 3872 1368 3926 ἰν
1405 3874 1666 3944 φρονήσει
1686 3888 1701 3905 ’
1732 3873 1809 3937 ὡς
1844 3875 1937 3926 καὶ

365 3963 395 4014 ὁ
444 3960 630 4027 Δασὶδ,
676 3979 696 4011 ι
736 3961 923 4015 Πάντα
969 3962 1029 4013 ὲν
1086 3962 1257 4033 Σοφίᾳ
1306 3962 1591 4034 ἐποίησας,
1632 3981 1653 4017 ι
1688 3966 1935 4034 ἀνυμνεὶ

364 4051 487 4105 Ὀτι
533 4052 592 4107 δὲ
645 4052 817 4106 τύπον
869 4051 965 4104 τοῦ
998 4050 1253 4121 ἀληθινοῦ
1288 4054 1466 4122 φωτὸς
1489 4052 1666 4124 Ἰησοῦ
1696 4052 1936 4126 Χριστοῦ

366 4145 627 4214 σημαίνει
655 4143 815 4199 τοῦτο
832 4144 894 4197 τὸ
916 4143 1054 4213 φῶς,
1087 4143 1247 4212 δῆλον
1266 4159 1281 4175 ο
1330 4144 1406 4208 ὡς
1439 4145 1692 4199 διακόνου
1729 4146 1940 4199 συλλει-

365 4237 725 4306 τουργοῦντος
781 4237 938 4306 ἱερεῖ,
990 4237 1356 4308 προσέρχεται
1398 4237 1547 4308 αὐτῷ
1575 4255 1730 4302 ουτος
1773 4238 1808 4309 ἢ
1863 4238 1940 4308 τῷ

365 4329 617 4398 ἀρχιερεῖ
647 4327 1073 4396 λειτουργοῦντι.
1112 4330 1218 4383 Kal.
1243 4328 1506 4398 λαμπάδα
1535 4330 1816 4397 ἀνάπτων,
1833 4331 1939 4402 πρὸ

2037 3246 2200 3302 quam
2230 3231 2421 3291 dicunt
2444 3231 2799 3286 aedificavisse
2829 3229 2933 3285 sibi
2959 3231 3202 3292 domum,
3236 3243 3431 3292 nempe
3491 3241 3616 3285 san-

2038 3323 2343 3384 ctissimum
2381 3337 2587 3392 corpus
2617 3337 2797 3385 suum,
2827 3322 2881 3375 iu
2912 3335 3022 3391 quo
3054 3328 3263 3391 septem
3289 3320 3491 3375 excidit
3519 3334 3614 3374 eo-

2038 3416 2292 3481 lumnas,
2323 3416 2504 3468 omnia
2540 3415 2747 3469 scilicet
2777 3412 3013 3484 Spiritus
3039 3410 3613 3477 charismatamvcnon

2044 3504 2266 3577 preprio
2317 3508 2568 3574 corporis
2608 3518 2748 3574 pane
2785 3513 2840 3557 et
2883 3501 3164 3574 sarguiuis
3207 3504 3380 3557 calice
3426 3515 3616 3555 Omnes

2045 3598 2255 3651 nutrire
2292 3595 2661 3663 omnibusque
2696 3595 3012 3663 propinare,
3044 3602 3098 3648 et
3125 3593 3305 3648 lumen
3324 3609 3448 3650 esse
3469 3594 3613 3663 quod

2039 3685 2284 3744 eteiestia
2319 3695 2374 3741 et
2402 3685 2681 3741 terrestria
2717 3686 3009 3740 illuminat.
3043 3685 3188 3740 Deus
3218 3684 3364 3741 enim
3394 3685 3615 3750 sapien-

2038 3779 2112 3832 tia
2151 3775 2400 3831 fundavit
2431 3784 2631 3830 terram
2662 3814 2678 3838 ,
2727 3774 2943 3843 inquit,
2983 3775 3150 3830 eteius
3184 3790 3314 3840 vero
3352 3774 3618 3829 stabilivit

2038 3867 2345 3939 prudentia,
2368 3864 2822 3937 quemadmodum
2842 3876 2893 3920 et
2925 3865 3090 3919 David
3121 3865 3360 3919 cecinit:
3394 3865 3632 3921 «Otnuia'

2037 3961 2094 4015 in
2136 3959 2400 4029 sapientia
2431 3958 2629 4014 fecisti.
2680 3977 2699 4010 ι
2729 3957 2926 4030 Porro,
2966 3957 3228 4027 quoniam
3277 3965 3465 4028 typum
3505 3960 3616 4011 veri

2039 4052 2264 4129 luminis
2296 4050 2426 4107 Jesu
2458 4051 2659 4107 Christi
2691 4051 2967 4122 signiﬁcat
3020 4050 3113 4105 lux
3164 4049 3291 4120 ista,
3342 4036 3514 4118 liquet
3543 4064 3613 4104 ex

2039 4159 2102 4201 eo
2131 4143 2298 4215 quod,
2322 4138 2556 4199 diact'mo
2585 4146 2710 4198 "cum
2745 4143 3030 4198 sacerdote
3060 4142 3223 4201 simul
3248 4143 3617 4204 ministrante,

2043 4218 2132 4291 hic
2174 4235 2240 4290 ad
2278 4252 2400 4291 eum
2431 4235 2517 4290 vel
2550 4234 2616 4293 ad
2649 4235 2964 4305 pontificem
3010 4235 3409 4290 ministrantem
3457 4249 3619 4289 aere-

2039 4329 2138 4393 dit,
2170 4334 2224 4383 et
2255 4328 2561 4383 accendens
2601 4327 2927 4397 lampadem,
2963 4327 3283 4397 priusquam
3326 4336 3506 4391 exeat,
3533 4326 3616 4380 di-

360 4421 457 4474 τοῦ
478 4418 955 4492 ὲξελθιῖν,1φησίνο
991 4439 1010 4472 ι
1046 4421 1375 4493 Εὐλόγησον,
1403 4421 1661 4488 δέσποτα,
1678 4421 1738 4476 τὺ
1761 4422 1931 4492 φῶς.ι

2041 4422 2117 4477 cit
2155 4433 2174 4475 :
2214 4418 2498 4486 «Benedic,
2532 4419 2773 4484 domine,
2807 4418 3041 4472 lucem.»
3063 4418 3133 4473 Et
3164 4416 3405 4486 pontifex
3426 4416 3508 4469 vel
3534 4430 3654 4468 sa--

364 4512 475 4564 Kal
497 4515 525 4564 ὁ
547 4512 837 4580 ἀρχιερεὺς
860 4511 893 4580 ἦ
917 4516 945 4566 ὁ
973 4512 1175 4582 ίερεὶις,
1205 4513 1459 4581 ⁵εὐλογῶν
1485 4513 1547 4567 τὸ
1583 4515 1721 4583 φῶς,
1747 4514 1936 4585 φησίν·

368 4621 388 4654 ι
426 4603 549 4657 Ὅτι
568 4603 634 4655 σὺ
659 4604 708 4657 εί
728 4603 757 4657 ὁ
785 4605 1066 4674 φωτισμὺς
1096 4604 1278 4675 ἡμῶν,
1309 4606 1512 4676 Χριστὲ
1543 4606 1574 4659 ὁ
1601 4605 1736 4670 Θεὸς
1757 4606 1937 4677 ἡμῶν,

366 4694 623 4749 πάντοτε.
663 4713 683 4747 ι
717 4698 828 4751 Καὶ
859 4696 1003 4750 οὕτω
1038 4697 1145 4768 πρὸ
1186 4696 1290 4767 τῆς
1319 4698 1629 4769 Παροιμίας
1656 4700 1941 4772 ἐξέρχεται

364 4786 686 4851 δδιάκονος.
727 4789 886 4844 Μετά
930 4790 1033 4861 τὴν
1065 4790 1254 4862 ε256
1294 4792 1604 4862 Παροιμίαν
1654 4794 1712 4847 δὲ
1774 4794 1940 4858 εὐθὺς

365 4877 628 4948 ψάλλεται
660 4880 742 4946 τὸ,
770 4899 789 4934 ι
833 4882 1292 4955 Κατευθυνθήτω.
1324 4903 1343 4935 ι
1381 4885 1489 4939 Καὶ
1520 4885 1552 4955 ἡ
1587 4884 1750 4956 λοιπὴ
1796 4887 1940 4954 γίνε-

367 4983 458 5023 ται
484 4970 734 5042 συνήθως
752 4972 1048 5028 ἀκολουθία
1077 4974 1188 5029 τῶν
1220 4975 1705 5048 προηγιασμένων,

916 5176 1166 5234 ΚΕΦΛΛ.
1197 5176 1372 5232 ΤΝΕ⁸.

336 5348 353 5356 ,
371 5289 501 5344 Ὀτι
529 5289 627 5345 δεῖ
652 5289 1024 5346 ὑποπίπτειν
1051 5290 1243 5344 πλέον
1274 5290 1429 5359 ἡμᾶς
1451 5290 1521 5343 ἐν
1559 5289 1632 5360 τῇ
1652 5289 1770 5345 τῶν
1803 5306 1944 5360 προ-

832 5360 1222 5429 ηγιασμένων
1246 5361 1487 5425 είσόδῳ.

445 5475 577 5528 Ὅτε
604 5474 697 5529 καὶ
726 5475 787 5527 ἐν
817 5476 883 5545 τῇ
907 5471 1015 5527 τῶν
1047 5473 1218 5542 ἁγίων
1247 5473 1438 5546 εἰσόδῳ
1463 5474 1545 5529 δεῖ
1568 5476 1718 5546 ἡμᾶς
1742 5475 1945 5545 μᾶλλον

368 5566 724 5631 ὑποπίπτειν,
749 5566 825 5629 ὡς
855 5566 1258 5635 τετελεσμένων
1288 5566 1457 5621 ὄντων
1507 5567 1615 5620 τῶν
1656 5566 1818 5621 θείων
1845 5568 1948 5624 δὼ-

371 5675 507 5728 ρων,
539 5659 638 5712 καὶ
690 5658 855 5711 αὑτοῦ
883 5659 977 5711 τοῦ
1017 5659 1273 5728 Σωτῆρος
1303 5658 1460 5728 ἡμῶν
1516 5658 1731 5728 ἀληθῶς
1763 5661 1940 5722 ὄντος.

368 5748 511 5802 Αὐτὸ
533 5748 643 5822 γάρ
665 5750 781 5803 ἐστι
814 5751 874 5802 τὸ
908 5749 1270 5821 κατεχόμενον
1318 5751 1377 5802 ἐν
1410 5748 1486 5820 τῷ
1518 5749 1708 5816 δίσκῳ,
1729 5752 1788 5803 τὺ
1812 5767 1944 5806 παν-

371 5843 526 5913 ἀγιον
566 5841 733 5898 αὑτοῦ
765 5844 926 5914 σῶμα
954 5845 1090 5914 μετά
1116 5842 1208 5897 τοῦ
1237 5841 1515 5905 θειοτάτου
1546 5842 1797 5917 αἵματος.
1849 5845 1937 5897 Ἐν

2043 4511 2430 4571 eerdoslucem
2454 4514 2779 4568 benedicens
2809 4512 2882 4565 ait
2913 4529 2927 4566 :
2968 4529 2988 4566 ι
3021 4510 3287 4577 Quoniam
3321 4520 3374 4565 ttt
3402 4524 3461 4563 es
3494 4508 3625 4562 illu-

2048 4604 2279 4660 minatio
2308 4612 2520 4668 nostra,
2557 4604 2772 4658 Christe
2807 4603 2951 4657 Deus
2981 4612 3165 4657 uoswr
3194 4601 3248 4655 in
3300 4600 3449 4657 omni
3482 4611 3624 4655 tem-

2045 4713 2196 4770 pore.
2213 4717 2231 4750 ι
2266 4696 2330 4751 Et
2353 4697 2433 4752 sic
2459 4704 2583 4751 ante
2605 4696 2888 4749 lectionem
2912 4693 3334 4748 Proverbiorum
3355 4692 3627 4762 egreditur

2047 4790 2362 4855 diaconus;
2409 4802 2514 4859 qua
2541 4788 2773 4843 lectione
2825 4786 2999 4849 faeta.
3058 4787 3307 4857 protinus
3343 4796 3565 4843 cantant
3607 4803 3623 4844 :

2056 4881 2385 4949 «Dirigatur.
2404 4899 2423 4932 ι
2458 4880 2523 4935 Et
2543 4881 2784 4951 reliquus
2809 4880 2875 4936 de
2895 4896 3044 4937 more
3070 4878 3128 4937 iit
3144 4880 3280 4937 ordo
3301 4877 3629 4935 Przesauctis-

2052 4974 2364 5029 beatorum.

2586 5173 2820 5231 CAPUT
2854 5173 3101 5241 CCCLY.

2055 5291 2353 5359 Quoddum
2382 5288 2831 5359 pra’sanctiﬁcata
2867 5288 3187 5357 inferuntur,
3215 5288 3443 5356 amplius
3465 5289 3627 5353 etiam

2516 5358 2789 5429 procidere
2822 5374 2914 5427 nos
2945 5367 3169 5429 oportet.

2128 5478 2306 5530 Porro
2359 5474 2488 5528 dum
2545 5469 2991 5540 prarsauct'tticata
3032 5467 3626 5541 infcruntur,ampliua

2053 5568 2217 5623 etiam
2253 5581 2354 5621 nos
2398 5571 2615 5635 oportet
2660 5562 2967 5632 procidere,
3015 5562 3270 5632 quoniam
3307 5573 3626 5624 consecrata

2059 5674 2186 5713 sunt
2225 5658 2316 5712 Dei
2351 5661 2518 5719 (oua,
2551 5656 2776 5724 ipseque
2803 5670 2927 5710 vere
2958 5654 3109 5709 adest
3145 5652 3400 5709 Salvator
3424 5663 3628 5719 uoster;

2062 5765 2185 5802 nam
2217 5749 2361 5818 quod
2396 5748 2448 5801 in
2487 5757 2682 5817 patcna
2717 5746 2950 5801 infertur
3003 5745 3134 5801 nihil
3168 5755 3249 5802 est
3273 5746 3433 5825 aliud
3465 5762 3629 5816 quam

2050 5841 2463 5907 sanctissimum
2488 5839 2606 5910 ejus
2627 5854 2825 5915 corpus
2846 5838 3633 5917 cuiudiviuissimosauguine.
