4026 6274
1895 327 2108 340 ,σφισι-

1279 429 1660 534 SYMEONI
1677 438 2428 507 THESSALONICENSIS
2467 438 2842 514 ARCHIEP.

402 433 514 506 659

3571 438 3680 503 6(70

403 533 610 601 verum
655 541 710 599 in
759 541 869 600 line
903 541 1082 601 Missa
1131 542 1188 600 llt
1229 545 1409 603 oratio
1443 546 1585 602 dicta
1631 555 1757 619 post
1806 549 1991 606 ambo-

2103 551 2170 620 τῷ
2201 548 2347 605 τέλει
2371 549 2431 604 δὲ
2459 547 2562 619 τῆς
2600 544 2950 620 λειτουργίας
2986 545 3019 616 ἢ
3051 543 3476 618 ὀπιστάμσωνος
3517 547 3678 621 εὖχὴ,

403 651 557 703 nem,
591 643 778 706 utpote
811 651 934 707 qua:
962 635 1400 694 misericordiam
1430 637 1671 707 invocat,
1707 639 1987 711 linemque

2103 642 2165 707 ii;
2209 641 2459 712 ίλαστική
2515 657 2576 694 τε
2610 640 2708 695 καὶ
2739 638 3052 710 άτιολυτικὴ
3086 637 3184 694 xal
3225 639 3488 709 δεήσεως,
3523 642 3675 712 εὐχο-

402 729 662 798 precibus
700 728 968 801 imponit,
998 729 1294 788 obsecrans
1325 741 1383 788 ut
1415 731 1698 791 videamus
1741 747 1990 790 resurre-

402 821 666 890 ctionem,
697 822 896 893 bicque
922 833 977 879 et
1005 823 1081 879 ibi
1105 825 1575 896 congaudeamus.
1600 826 1691 883 Fit
1717 834 1900 883 autem
1930 828 1986 882 in

404 913 584 970 medio
629 916 820 986 templi
859 926 982 986 post
1008 917 1298 974 ambonem
1332 927 1391 975 ut
1420 933 1613 977 omnes
1653 920 1880 976 audiant
1910 919 1989 975 si-

405 1004 629 1075 mulque
665 1007 1054 1078 deprecentur,
1082 1017 1250 1080 atque
1293 1007 1446 1064 velut
1479 1008 1536 1064 in
1567 1008 1989 1079 conspectu'Dei

406 1110 506 1165 pro
543 1098 691 1152 omni
721 1083 948 1168 populo.
979 1099 1044 1156 Et
1073 1100 1154 1155 sic
1191 1099 1412 1169 impleta
1448 1099 1612 1156 missa
1635 1139 1652 1166 ,
1693 1100 1751 1155 lit
1779 1099 1988 1171 vigilia.

404 1187 579 1246 Porro
607 1188 730 1248 vide
759 1189 926 1248 etiam
953 1191 1204 1249 ordinem
1237 1191 1454 1263 vigiliae.

921 1368 1154 1428 CAPUT
1190 1371 1460 1428 CCCLVI.

406 1484 486 1540 De
505 1483 690 1557 vigilia
711 1486 766 1542 in
785 1485 964 1556 prima
994 1486 1326 1544 hebdomade
1354 1504 1525 1545 sacra
1545 1489 1986 1576 quadragesima.

473 1641 735 1701 Oratione
761 1652 886 1718 post
934 1643 1226 1702 ambonem
1278 1645 1424 1703 facta
1481 1649 1537 1703 in
1570 1647 1746 1719 prima
1774 1648 1981 1704 hebdo-

404 1737 586 1804 mada,
620 1736 896 1794 benedicit
918 1747 1203 1794 cautorem
1243 1739 1503 1795 sacerdos
1533 1749 1626 1794 aut
1665 1739 1910 1810 pontifex
1941 1740 1988 1795 si

404 1829 654 1898 adsit;et
689 1830 884 1885 statim
922 1831 1103 1900 psallit
1135 1840 1326 1886 cantor
1355 1847 1370 1886 :
1412 1831 1549 1898 «Qui
1581 1831 1790 1887 habitat
1820 1832 1876 1886 in
1896 1831 1992 1885 ad-

2094 735 2230 807 μένη
2252 735 2406 806 ἡμᾶς
2437 733 2566 788 ίδεῖν
2600 734 2700 804 τὴν
2757 731 3059 786 ἀνάστασιν
3099 730 3338 786 ἐνταῦθα
3367 735 3682 807 πανηγυρι-

2093 843 2185 882 σαι
2215 826 2380 880 κάκεῖ
2401 841 2416 858 ο
2452 825 2684 880 ὄπισθεν
2712 825 2769 878 δὲ
2793 823 2886 878 τοῦ
2909 823 3166 895 nemo;
3197 823 3366 895 μέσον
3395 823 3491 880 τοῦ
3520 825 3677 890 ναοῦ,

2091 917 2169 982 ὡς
2199 916 2514 987 ἀκροᾶσθαι
2573 916 2796 979 πάντας
2831 913 2928 968 καὶ
2971 913 3152 986 τούτῳ
3181 915 3562 986 συνεύχεσθαι,
3584 917 3680 970 καὶ

2091 1008 2170 1074 ὡς
2228 1007 2462 1064 ἐνώπιον
2527 1007 2622 1062 τοῦ
2690 1004 2831 1063 Θεοῦ
2893 1006 3036 1078 ὑπὲρ
3105 1006 3312 1072 παντὸς
3370 1006 3468 1060 τοῦ
3515 1007 3675 1063 λαοῦ.

2090 1096 2207 1152 Kal
2256 1095 2410 1166 ,οὕτω
2461 1099 2564 1168 τῆς
2613 1097 2964 1166 λειτουργίας
3015 1097 3394 1167 τελεσθείσης,
3457 1098 3494 1168 ή
3543 1115 3681 1154 παν·-

2091 1185 2250 1256 νυχὶς
2299 1185 2534 1254 γίνεται.
2587 1187 2733 1258 Ὅρα
2760 1187 2818 1241 δὲ
2855 1188 2953 1242 καὶ
3004 1187 3107 1258 τὴν
3149 1186 3309 1252 τάξιν
3335 1187 3438 1258 τῆς
3462 1203 3676 1245 παννυ-

2092 1280 2240 1352 χίδος
2251 1318 2267 1333 .

2627 1373 2886 1431 suam.
2918 1372 3110 1443 ΤΝςο.
3189 1393 3192 1395 Α

2075 1490 2234 1562 ,Περι
2278 1487 2813 1562 τηςμξεαννςυχζᾶος
2860 1489 3017 1543 κατὰ
3059 1487 3180 1556 τὴν
3225 1486 3469 1562 πρώςην
3515 1486 3679 1543 ἕϐδο-

2325 1557 2492 1628 μάδα
2515 1559 2629 1627 τῆς
2673 1559 2852 1628 ἁγίας
2905 1557 3440 1628 Τεσσαρακοσεῆς.

2165 1650 2332 1704 Μετὰ
2361 1647 2463 1720 τὴν
2490 1648 2918 1720 ὀπιστάμϐωνον
2954 1649 3123 1720 εὐχὴν
3145 1649 3291 1704 κατὰ
3318 1649 3420 1720 τὴν
3452 1648 3678 1720 πρώτην

2099 1741 2391 1810 ἑϐδομάδα
2421 1740 2640 1809 εὐλογεί
2671 1742 2764 1795 τὸν
2795 1741 3009 1812 ψάλτην
3055 1742 3087 1795 ὁ
3117 1739 3322 1810 ἱερεύς.
3354 1741 3416 1794 El
3455 1740 3513 1794 δὲ
3540 1741 3682 1810 πάρ-

2094 1835 2288 1888 εστινὸ
2311 1833 2630 1905 ἀρχιερεὺς,
2660 1833 2845 1897 αὐτός.
2879 1834 2990 1888 Kal
3041 1832 3238 1903 ψάλλει
3271 1835 3300 1886 ὁ
3331 1833 3543 1902 ψάλτης
3591 1833 3678 1886 εύ-

403 1923 668 1992 iutorio.»
709 1922 982 1980 Sacerdos
1013 1939 1166 1992 vero,
1196 1924 1445 1981 oratione
1473 1925 1639 1991 dicta,
1665 1927 1720 1980 in
1746 1925 1996 1979 taberna-

2103 1923 2195 1986 Βὺς
2223 1925 2304 1992 τὸ,
2335 1901 2363 1976 ι⁷
2388 1901 2491 1978 ’⁵0⁷
2523 1924 2799 1978 κατοικῶν
2831 1926 2889 1979 ἐν
2933 1901 3182 1997 βοηθείᾳ.
3221 1943 3240 1976 »
3301 1901 3363 1980 Ὅ
3397 1925 3454 1978 δὲ
3500 1901 3679 1994 lapsi»;

405 2015 530 2072 culo
548 2025 736 2072 sancta
763 2013 976 2088 reponit
998 2034 1015 2086 ;
1043 2032 1232 2073 verum
1249 2017 1316 2073 ad
1345 2017 1562 2075 «Gloria
1585 2027 1640 2074 et
1664 2033 1837 2073 nunc»
1866 2015 1995 2072 facit

407 2094 784 2180 coniunctam,
805 2119 857 2165 et
882 2109 1112 2167 clamat:
1136 2109 1434 2177 «Quoniam
1456 2120 1508 2167 te
1524 2110 1701 2175 decet,
1729 2129 1748 2162 »
1770 2119 1994 2170 cantor-

407 2215 514 2270 qne
545 2199 774 2271 primam
807 2199 941 2255 dicit
967 2199 1320 2271 antiphouam
1346 2214 1360 2250 :
1397 2197 1507 2253 «Ad
1529 2197 1845 2257 Dominum,
1869 2207 1994 2249 cum

410 2293 725 2357 ttilmlnrer,
761 2292 1056 2359 clamavi,»
1109 2306 1238 2348 cum
1284 2289 1610 2361 interposito
1656 2287 1933 2342 versiculo
1976 2303 1991 2339 :

417 2383 783 2451 «Misericors,
829 2383 1114 2442 Domine.»
1143 2383 1209 2440 Et
1235 2399 1361 2440 cum
1387 2397 1454 2439 eo
1481 2367 1788 2454 psalluntur
1810 2397 1996 2439 versus

408 2480 478 2536 ab
494 2488 727 2550 utroque
741 2479 912 2537 choro
926 2478 1016 2550 qui
1030 2477 1136 2534 diei
1159 2475 1512 2534 conveniunt.
1529 2476 1794 2532 Sacerdos
1813 2485 1994 2530 autem

411 2573 540 2628 «licit
566 2572 868 2629 orationem
887 2571 1073 2640 prima:
1087 2569 1422 2640 antiphonte.
1451 2569 1514 2624 At
1544 2577 1661 2638 post
1703 2589 1723 2621 «
1737 2566 1925 2624 Gloria
1943 2574 2001 2622 et

413 2679 611 2732 nunc,»
639 2678 702 2720 ac
721 2661 1094 2734 «Egregiam,»
1124 2663 1320 2719 iterum
1340 2661 1600 2720 sacerdos
1623 2675 1842 2734 parvam
1865 2657 1999 2716 facit

410 2759 782 2829 coniunctam,
822 2768 876 2812 et
907 2757 1181 2814 exclamat
1217 2775 1232 2812 :
1278 2756 1588 2822 «Quoniam
1623 2754 2000 2811 sanctiﬁcatur

2099 2015 2276 2071 εἰπὼν
2310 2018 2413 2087 τὴν
2467 2015 2656 2087 εὐχὴν,
2707 2018 2768 2071 ὲν
2806 2016 2884 2085 τῷ
2921 2017 3347 2088 σκευοφυλακίῳ
3392 2017 3677 2071 συστέλλει

2098 2110 2167 2164 τὰ
2193 2108 2382 2178 Ἀγια.
2415 2108 2510 2174 Εἰς
2534 2108 2593 2162 δὲ
2621 2107 2702 2175 τὸ,
2745 2127 2764 2161 «
2794 2107 2931 2172 Δόξα
2960 2108 3056 2161 καὶ
3088 2107 3238 2173 νῦν,›
3271 2112 3509 2164 ποιεῖται
3544 2125 3678 2162 συν-

2100 2201 2302 2273 απτήν.
2371 2200 2484 2254 Καὶ
2539 2201 2796 2270 ὲκφωνεϊ,
2846 2219 2864 2251 «
2915 2201 3038 2253 Ὀτι
3071 2201 3275 2269 πρέπει
3326 2218 3434 2267 σοι,
3469 2221 3488 2254 »
3529 2204 3621 2258 καὶ
3653 2203 3682 2255 ti

2098 2293 2312 2363 ψάλτης
2337 2294 2398 2347 τὸ
2431 2293 2653 2365 πρῶτον
2673 2293 3000 2361 ἀντίφωνον,
3030 2311 3051 2345 «
3102 2293 3244 2364 Πρὸς
3269 2293 3478 2365 Κύριον
3501 2297 3562 2348 ἐν
3605 2295 3685 2364 τῷ

2102 2385 2389 2441 θλίϐεσθαι
2425 2402 2519 2457 με,
2558 2403 2577 2438 »
2608 2386 2749 2456 μετὰ
2781 2385 3138 2456 ύποψάλμου,
3181 2405 3199 2440 «
3247 2386 3337 2449 Ὦς
3383 2387 3686 2456 οἰκτίρμων

2101 2479 2298 2548 Κύριε.
2335 2495 2355 2530 »
2396 2477 2510 2532 Kal
2538 2476 2833 2548 ψάλλονται
2859 2479 2910 2530 οἱ
2942 2477 3119 2547 στίχοι
3142 2477 3240 2530 σὺν
3254 2475 3432 2548 τούτῳ
3471 2476 3532 2542 ἐξ
3553 2477 3686 2530 ἑκα-

2097 2572 2260 2645 τέρου
2323 2569 2508 2642 χοροῦ,
2567 2569 2615 2622 οί
2660 2569 2804 2623 κατὰ
2836 2568 2928 2623 τδν
2969 2568 3163 2639 καιρὸν
3210 2568 3312 2639 τῆς
3349 2570 3585 2639 ἡμέρας.
3625 2568 3686 2623 Ὅ

2097 2663 2157 2719 δὲ
2189 2663 2370 2735 ἱερεὺς
2396 2663 2545 2731 λέγει
2579 2661 2678 2734 τὴν
2734 2661 2900 2733 εὐχὴν
2925 2661 3023 2716 τοῦ
3073 2661 3296 2734 πρώτου
3351 2664 3684 2730 ἀντιφὼνου.

2099 2753 2257 2810 Μετὰ
2273 2754 2333 2808 δὲ
2368 2753 2452 2819 τὸ,
2486 2772 2505 2804 «
2543 2752 2684 2818 Δόξα
2731 2755 2829 2808 καὶ
2865 2754 2984 2820 νῦν,
3017 2772 3036 2806 »
3081 2755 3176 2809 καὶ
3229 2754 3333 2822 τὴν
3389 2753 3685 2824 περισσὴν,

410 2866 464 2923 «ft
493 2852 940 2924 gloriﬁcatur.»Et
965 2851 1190 2906 sinister
1217 2849 1419 2905 cliurus
1454 2847 1753 2904 secundam
1809 2831 1998 2903 cantat

2103 2847 2272 2901 πάλιν
2294 2848 2321 2900 ὁ
2362 2847 2544 2918 ἱερεὺς
2571 2847 2778 2919 μικράν
2834 2848 2984 2901 ποιεῖ
3014 2846 3322 2918 συναπτὴν,
3379 2849 3476 2899 καὶ
3499 2849 3685 2915 ἐκφωο

413 2947 800 3016 antiphouam:
833 2963 851 2996 «
867 2945 942 3000 Ad
969 2952 1042 3011 te,
1056 2942 1304 3006 Domine,
1320 2941 1491 2996 levavi
1505 2940 1958 3005 animam'mesm,
1973 2955 1992 2991 »

2103 2941 2204 3004 νεῖ,
2242 2958 2260 2992 «
2302 2939 2716 3010 Ὀτιήγίασται
2749 2939 2846 2993 καὶ
2899 2937 3240 3006 δεδόξασται.
3281 2956 3302 2992 ι
3351 2938 3466 2993 Kal
3503 2940 3533 2991 ὁ
3558 2938 3686 3008 apt-

413 3054 539 3100 cum
597 3053 756 3095 versu
824 3035 1194 3106 interpolato:
1231 3051 1250 3086 «
1283 3030 1694 3088 bliserationum
1758 3039 2018 3102 portama

2103 3031 2292 3103 στερδς
2353 3034 2513 3103 χορὸς
2558 3031 2622 3086 τὸ
2673 3030 2930 3102 δεύτερον
2971 3032 3294 3101 άντέφωνον,
3333 3050 3354 3084 «
3400 3030 3545 3101 Πρὸς
3601 3031 3686 3098 σὲ,

414 3132 586 3188 Dictis
655 3137 839 3186 autem
913 3144 1036 3184 cum
1091 3141 1160 3184 eo
1229 3125 1498 3191 versibus,
1555 3125 1817 3181 sacerdos
1873 3137 1998 3179 ora-

2103 3125 2302 3196 Κύριε,
2342 3120 2456 3196 ἦρα
2501 3123 2601 3197 τὴν
2653 3124 2835 3197 ψυχήν
2904 3142 3028 3195 μου,
3063 3143 3082 3177 »
3139 3126 3283 3196 μετὰ
3338 3124 3685 3195 ὑποψάλμου,

415 3223 625 3277 tionem
667 3220 801 3275 dicit
841 3219 1096 3274 secundat
1122 3215 1437 3288 antiphonte
1466 3230 1481 3268 :
1518 3213 1645 3282 «Te,
1669 3213 1763 3268 lux
1794 3220 1997 3269 aeterna

2109 3237 2128 3272 «
2171 3220 2286 3290 Τῆς
2331 3220 2744 3291 εὐσπλαγχνίας
2795 3220 2898 3290 τὴν
2938 3217 3141 3290 πύλην.
3183 3237 3202 3271 »
3264 3217 3597 3288 Λεγομένων
3629 3217 3685 3271 δὲ

416 3331 482 3372 ac
508 3316 628 3372 sine
647 3328 928 3384 vespere,»
957 3311 1092 3366 alias
1113 3325 1239 3366 vero
1253 3309 1390 3364 duas
1411 3307 1654 3378 adiungit
1681 3308 1958 3362 orationes
1981 3320 1996 3358 :

421 3425 441 3458 «
481 3407 585 3473 Qui
635 3405 854 3474 vigilem
899 3412 956 3458 et
1004 3400 1402 3455 indeiicientem
1453 3399 1856 3470 «loxologiam,»
1895 3408 1998 3458 et:

421 3495 706 3568 «Domine
748 3492 1099 3564 omnipotens
1152 3489 1744 3560 incomprehensibilis.
1810 3508 1829 3541 »
1905 3487 1998 3545 liae

415 3597 548 3645 sunt
598 3584 898 3658 praesertim
958 3583 1242 3640 miralxi'es
1304 3581 1506 3652 vigiliae
1558 3595 1770 3651 preces.
1825 3580 2001 3639 Porro

417 3693 538 3754 post
567 3677 783 3736 «Gloria
801 3685 855 3733 et
883 3691 1087 3755 nunc,»
1111 3684 1165 3729 et
1193 3673 1562 3744 «Egregiam,»
1593 3674 1850 3730 sacerdos
1874 3674 2001 3729 facit

417 3789 640 3846 parvam
670 3770 1044 3841 coniunctam.
1076 3768 1142 3824 Et
1157 3770 1392 3826 clamat:
1424 3765 1727 3833 «Quoniam
1763 3765 1994 3829 bonus;»

415 3877 471 3922 et
498 3865 658 3921 tertio
689 3863 939 3935 psallitur
969 3861 1264 3932 antiphoua
1293 3877 1307 3914 :
1354 3857 1634 3916 «Lanatus
1673 3874 1794 3915 sum
1829 3859 1884 3913 in
1915 3859 2000 3914 his

416 3973 536 4027 quae
563 3956 707 4012 dicta
731 3961 860 4011 sunt
894 3952 1079 4019 mihi,»
1111 3965 1237 4006 cum
1265 3950 1353 4004 his
1384 3967 1398 4002 :
1444 3947 1739 4004 «Miserere
1785 3948 1994 4014 nostri,

420 4049 668 4115 Domine,
701 4045 966 4102 miserere
984 4043 1182 4099 nostri.
1222 4061 1243 4096 »
1280 4040 1508 4108 Quando
1533 4041 1793 4098 sacerdos
1822 4048 2001 4111 portat

418 4140 726 4214 lampadem
754 4151 1042 4196 accensam
1060 4143 1115 4190 et
1145 4133 1512 4200 thuribulum,
1546 4134 1722 4204 primo
1751 4134 2002 4190 incensat

420 4234 616 4298 altare,
639 4229 839 4288 deinde
863 4226 1004 4284 loris
1032 4227 1295 4297 templum
1321 4237 1375 4282 et
1405 4225 1664 4298 populum
1695 4227 2000 4282 secundum

422 4327 706 4396 antiquam
747 4319 1238 4380 consuetudinem.
1275 4317 1386 4374 Sed
1433 4317 1481 4374 si
1537 4318 1800 4374 diaconus
1833 4319 2000 4382 adsit,

422 4422 542 4490 ipse
565 4432 790 4476 sumens
808 4414 1112 4487 lampadem
1142 4411 1418 4470 sacerdoti
1446 4411 1622 4482 praeit.
1651 4409 1847 4466 Verum
1875 4420 2003 4481 post

429 4511 646 4569 «Gloria
663 4518 715 4567 et
741 4524 946 4576 nunc,»
970 4522 1077 4562 non
1100 4505 1302 4563 dicitur
1328 4503 1608 4574 «Egregia,
1625 4521 1644 4556 »
1671 4502 1764 4558 sed
1787 4511 2000 4558 tantum

2101 3311 2213 3365 τῶν
2245 3310 2446 3382 στίχων
2478 3309 2576 3366 σὺν
2608 3309 2810 3382 τούτῳ,
2863 3311 2892 3363 ὁ
2932 3310 3116 3380 ἱερεὺς
3171 3309 3272 3382 τὴν
3325 3311 3495 3381 εὐχὴν
3535 3311 3688 3378 λέγει

2101 3401 2198 3456 τοῦ
2223 3402 2478 3472 δευτέρου
2509 3400 2837 3470 ἀντιφώνου,
2871 3417 2890 3454 «
2925 3400 2991 3473 Σὲ
3025 3399 3089 3453 τὸ
3110 3400 3286 3454 ἀΐδιον
3314 3402 3410 3455 καὶ
3451 3401 3689 3454 ἀνέσπεο

2056 3545 2062 3549 .
2107 3512 2199 3567 ρον
2227 3495 2365 3566 φῶς.
2407 3514 2426 3546 »
2449 3493 2849 3550 Ἐπισυνάπτει
2882 3493 2941 3547 δι
2966 3493 3064 3548 καὶ
3109 3494 3208 3556 τὰς
3235 3493 3403 3555 ἄλλοις
3453 3491 3550 3546 δύο
3593 3493 3686 3545 εὐ·

2103 3588 2224 3659 χάς,
2265 3605 2284 3640 «
2335 3586 2396 3641 Ὃ
2424 3585 2527 3658 τὴν
2567 3585 2778 3640 ἄῦπνον
2824 3584 2922 3640 καὶ
2949 3585 3243 3638 ἄπαυστον
3271 3581 3604 3650 δοξολογίαν,
3659 3599 3681 3634 »

2103 3680 2202 3735 καὶ
2250 3680 2334 3743 τὸ,
2386 3698 2406 3732 «
2453 3679 2702 3732 Δέσποτα
2751 3675 3134 3747 παντοκράτορ
3203 3673 3595 3744 ἀκατάληπτα.
3657 3691 3682 3727 ε

2101 3765 2354 3828 Λῦταιδὲ
2393 3769 2698 3841 θαυμάσιαί
2752 3768 2898 3832 τινές
2960 3769 3101 3821 slew
3150 3765 3446 3837 ἐξαιρέτως
3479 3766 3537 3819 al
3584 3765 3687 3836 τῆς

2105 3864 2430 3934 παννυχίδος
2483 3863 2666 3933 εὐχαί,
2721 3862 2880 3918 Μετὰ
2908 3859 2967 3914 δὲ
3005 3861 3092 3925 τὸ,
3127 3877 3146 3912 «
3179 3859 3316 3924 Δόξα
3344 3859 3446 3913 καὶ
3489 3856 3606 3921 νῦν,
3653 3874 3673 3908 »

2104 3957 2202 4011 καὶ
2243 3956 2346 4026 τὴν
2407 3953 2699 4025 περισσὴν,
2729 3954 2760 4006 ὁ
2811 3954 2995 4025 ἱερεὺς
3027 3953 3268 4006 ποιεῖται
3317 3949 3524 4022 μικρὰν
3556 3966 3683 4002 συν-ο

2102 4048 2305 4120 απτήν.
2360 4049 2471 4102 Kal
2503 4047 2762 4116 ὲκφωνεῖ,
2802 4064 2822 4099 «
2864 4045 2990 4098 Ὀτι
3021 4043 3249 4114 ἀγαθός.
3281 4061 3301 4095 »
3335 4043 3443 4096 Kal
3477 4042 3540 4095 τὸ
3569 4040 3682 4111 rpi-

2103 4157 2197 4194 τον
2249 4138 2554 4208 ἀντίφωνον
2585 4136 2873 4208 ψάλλεται,
2907 4155 2925 4189 «
2963 4134 3293 4206 Εὐφράνθην
3341 4133 3440 4187 Earl
3467 4135 3578 4196 τοῖς
3599 4134 3681 4186 sl-

2107 4231 2305 4304 ρηκόσι
2353 4247 2468 4300 μοι,
2501 4248 2519 4282 »
2563 4229 2706 4300 μετὰ
2747 4227 2866 4293 τοῦ,
2903 4245 2924 4279 «
2957 4226 3217 4298 Ἐλέησον
3259 4225 3434 4295 ἡμᾶς,
3481 4223 3682 4294 Κύριε,

2103 4321 2330 4393 ἐλέησον
2361 4321 2534 4393 ἡμᾶς.
2571 4339 2590 4372 »
2621 4321 2751 4375 Ὅτε
2791 4319 2934 4373 καὶό
2971 4319 3155 4386 ἱερεὺς
3175 4316 3399 4389 κρατῶν
3425 4316 3682 4386 ἡμμένην

2104 4414 2369 4484 λαμπάδα
2398 4414 2494 4468 καὶ
2524 4412 2913 4484 θυμιατήριον,
2947 4410 3120 4481 Θυμιᾷ
3144 4409 3362 4480 πρῶτον
3395 4409 3458 4464 τὺ
3493 4408 3683 4462 θυσια-

2107 4509 2369 4577 στήριον·
2421 4505 2620 4560 ἔπειτα
2672 4506 2779 4571 ἔξω
2839 4504 2934 4582 τὸν
2998 4503 3128 4558 ναδν
3154 4502 3254 4556 καὶ
3301 4502 3397 4556 τὸν
3428 4501 3560 4558 λαὸν
3609 4501 3686 4564 ὡς

421 4605 551 4662 linis
571 4601 861 4660 versiculi:
895 4598 1178 4662 «Domine,
1196 4595 1454 4651 miserere
1471 4593 1668 4651 nostri.
1684 4612 1704 4646 »
1731 4593 1795 4648 Et
1814 4594 2002 4648 statim

2109 4598 2232 4663 ἔθος
2263 4600 2517 4670 ἀρχαῖον.
2543 4598 2608 4651 Εἰ
2648 4597 2706 4650 δὲ
2735 4595 2990 4660 διάκονός
3020 4597 3193 4661 ἐστιν,
3225 4594 3392 4658 αὐτὸς
3437 4592 3687 4662 κατέχων

423 4705 619 4756 cantor
649 4693 792 4749 addit
811 4692 1079 4763 psalmum
1101 4685 1618 4761 quinquagesimum
1661 4699 1677 4741 :
1717 4683 2009 4740 «Miserere

430 4787 564 4853 mei,
592 4783 790 4848 Deus,»
827 4797 920 4853 per
942 4781 1188 4851 singulos
1212 4791 1403 4834 versus
1419 4776 1610 4832 dicens
1641 4789 1657 4834 ς
1691 4773 2010 4830 «Miserator

429 4878 690 4943 Domine,
717 4878 978 4931 miserere
1009 4873 1238 4935 nostri,»
1302 4880 1358 4926 et
1391 4868 1641 4939 psallitur
1678 4867 1748 4923 ab
1775 4875 2012 4939 utroque

427 4973 599 5026 choro
623 4968 866 5040 psalmu.
888 4974 1033 5020 totus
1063 4962 1276 5018 «Gloria
1305 4971 1361 5017 et
1382 4975 1586 5026 nunc,»
1613 4971 1669 5018 et
1687 4959 2002 5033 «Egregia.»

429 5063 611 5117 Cense
655 5059 823 5130 igitur
853 5056 1094 5127 psalmos
1129 5061 1384 5110 cantatos
1416 5063 1583 5124 atque
1617 5067 1742 5109 cum
1777 5052 1859 5108 eis
1887 5067 2012 5106 ver-

435 5153 663 5219 siculos,
698 5158 752 5207 et
790 5160 903 5205 tres
933 5162 1056 5204 esse
1089 5147 1354 5211 invenies,
1385 5153 1500 5201 tres
1524 5145 1670 5200 enim
1700 5153 1834 5201 sunt
1865 5144 2010 5200 anti-

437 5249 660 5320 phonaa,
691 5257 911 5316 tresque
947 5240 1205 5298 versiculi
1244 5249 1464 5311 pr0pter
1508 5239 1842 5294 adoramlam
1883 5237 2009 5293 Tri-

438 5342 665 5397 nitatem
716 5337 805 5394 cui
849 5334 1185 5394 otl‘eruntur.
1240 5333 1444 5389 Deinde
1482 5331 1793 5402 comperies
1831 5331 1888 5386 in
1924 5332 2011 5388 his

433 5433 713 5490 abundare
729 5429 1114 5494 humilitatem,
1128 5439 1339 5483 necnon
1365 5423 1763 5482 confessionem
1785 5431 1839 5479 et
1861 5439 2016 5480 com-

437 5527 814 5595 pnnctionem,
857 5533 912 5579 et
938 5521 1176 5593 denique
1195 5519 1448 5574 ultimum
1479 5517 1778 5588 psalmum,
1815 5530 2014 5588 nempe

435 5619 947 5690 quinquagesimum
982 5629 1107 5670 cum
1151 5611 1464 5668 versiculo:
1511 5629 1534 5663 «
1572 5609 1820 5675 Domine,
1848 5612 2014 5666 mise-

437 5726 578 5778 rere,
595 5730 614 5764 »
643 5712 698 5766 in
717 5708 1144 5780 compunctioue
1165 5706 1334 5762 Deum
1351 5702 1862 5759 admisericordiam
1882 5718 2013 5772 pro-

437 5819 647 5859 vocare.
667 5800 861 5858 Postea
881 5802 1147 5857 diaconus
1171 5817 1186 5854 :
1215 5801 1534 5855 «Dominum
1559 5798 1922 5868 deprecemur
1955 5815 2002 5863 ;»

437 5893 698 5949 sacerdos
719 5906 847 5948 vero
871 5908 884 5946 :
927 5890 1226 5958 «Quoniam
1245 5898 1472 5947 sanctus
1491 5902 1548 5944 cs
1569 5904 1612 5954 ;»
1637 5896 1690 5944 et
1719 5897 1971 5944 cantatur
1996 5906 2008 5941 :

2109 4692 2213 4764 τὴν
2241 4691 2528 4761 λαμπάδα,
2553 4688 2648 4747 τοῦ
2705 4688 2900 4761 ἱερέως
2938 4687 3376 4760 προπορεύεται.
3436 4686 3594 4740 Μετὰ
3627 4683 3685 4737 δι

2110 4783 2192 4849 τὸ,
2234 4800 2254 4834 «
2288 4782 2428 4848 Δόξα
2459 4782 2554 4835 καὶ
2574 4779 2692 4846 νῦν,
2730 4799 2751 4832 »
2803 4780 3042 4851 περισσὴ
3063 4777 3124 4832 οὗ
3155 4777 3416 4846 λέγεται,
3454 4775 3594 4830 ἀλλὰ
3625 4773 3689 4828 τὸ

2109 4876 2263 4940 τέλος
2285 4874 2382 4928 τοῦ
2399 4873 2702 4946 τροπαρίου
2721 4871 2906 4944 μόνον,
2941 4890 2960 4925 «
2990 4871 3187 4941 Κύριε,
3212 4869 3436 4940 ἑλᾶησον
3460 4868 3628 4938 ἡμᾶς.
3657 4884 3679 4918 »

2113 4969 2225 5022 Kal
2284 4967 2450 5028 εὐθὺς
2498 4965 2526 5018 ὁ
2568 4963 2782 5034 ψάλτης
2843 4964 3100 5033 ἐπιφέρει
3173 4961 3272 5018 τὸν
3323 4955 3692 5030 πεντηκοστὸν

2110 5057 2363 5128 Ψαλμὺν,
2394 5057 2478 5123 τὸ,
2521 5074 2540 5108 «
2581 5055 2842 5124 Ἐλέησον
2881 5071 2972 5123 με,
2999 5057 3029 5109 ὁ
3055 5053 3210 5119 Θεὸς,
3263 5071 3281 5105 »
3338 5053 3484 5107 κατὰ
3509 5050 3692 5120 στίχον

2113 5150 2312 5219 λέγων,
2357 5167 2376 5202 «
2439 5148 2726 5218 Ἐλεὴμων
2781 5149 2982 5218 Κύριε,
3043 5146 3269 5215 ἐλέησον
3321 5148 3491 5216 ἡμᾶς,
3531 5163 3550 5196 »
3597 5145 3692 5195 nl

2112 5239 2379 5309 ψάλλεται
2410 5240 2541 5308 παρ’
2569 5238 2848 5309 ἑκατέρων
2863 5237 2970 5292 τῶν
2998 5253 3177 5308 χορων
3210 5240 3237 5291 ὁ
3255 5237 3489 5307 Ψιλμὸς
3512 5235 3684 5302 aur,

2122 5349 2140 5382 «
2177 5314 2434 5398 Δόξακαὶ
2462 5329 2579 5393 νῦν,
2619 5347 2637 5382 »
2675 5330 2773 5382 καὶ
2801 5329 3072 5401 περισσή.
3129 5329 3484 5397 Κατανόησον
3514 5328 3694 5380 τοίνυν

2115 5421 2246 5486 τούς
2283 5439 2346 5476 τε
2381 5421 2680 5493 ὰδομένους
2735 5421 3028 5492 Ψαλμοὺς,
3080 5422 3180 5474 καὶ
3246 5421 3345 5475 σὺν
3392 5420 3576 5483 αὐτοῖς
3625 5422 3696 5474 τὰ

2115 5517 2396 5588 τροπάρια
2427 5531 2442 5546 °
2479 5517 2573 5569 καὶ
2598 5516 2859 5586 εὑρήσεις
2896 5515 2999 5586 μὲν
3021 5514 3262 5585 τρισσῶς
3292 5513 3547 5585 κείμενα,
3569 5513 3697 5582 τρία

2117 5611 2228 5680 γάρ
2280 5609 2422 5661 εἰσιν
2474 5606 2780 5675 ἀντίφωνα,
2823 5605 2920 5660 καὶ
2968 5607 3096 5678 τρία
3139 5604 3436 5676 τροπάρια,
3463 5603 3553 5658 διὰ
3595 5601 3696 5673 τὴν

2117 5701 2288 5771 τιμὴν
2318 5701 2416 5765 τῆς
2440 5700 2699 5771 Τριάδος,
2725 5700 2822 5753 καὶ
2851 5699 2928 5762 ὡς
2970 5697 3117 5770 πρὸς
3159 5695 3368 5767 ταύτην
3430 5693 3696 5764 ἀναφερό-

2122 5808 2284 5868 μενα.
2322 5784 2454 5845 Εἶτα
2473 5791 2566 5843 xal
2597 5789 2784 5861 πλήρη
2810 5790 3200 5852 ταπεινώσεως
3247 5783 3696 5856 ὲξομολογήσεὼς

2117 5902 2175 5940 τε
2217 5886 2312 5941 καὶ
2343 5883 2715 5948 κατανύξεως.
2775 5882 2884 5936 Kal
2934 5881 3024 5934 τὸν
3070 5880 3380 5934 τελευταῖον
3415 5876 3470 5932 δὲ
3520 5873 3696 5930 πάλιν
