4026 6274
322 398 420 459 an
1484 388 1585 465 ns
1629 386 1872 452 SACBA
1902 384 2410 451 PRECATIONE.
3479 387 3583 452 cs2

317 504 554 576 Ψαλμὺν
580 503 672 557 τὸν
701 501 1101 573 πεντηκοστὸν,
1136 501 1277 574 μετά
1322 502 1446 572 τοῦ,
1495 522 1515 556 «
1548 502 1753 573 Κύριε,
1786 488 1902 554 ἐλέ-

2013 503 2240 561 «Omnis
2259 505 2507 576 spiritus.
2523 523 2543 557 ι
2567 502 2633 559 Ει
2653 502 3010 576 Evangelium
3032 501 3161 561 dicit
3183 502 3394 573 primus
3408 515 3587 556 sacer-

320 613 478 668 ησον,
505 613 526 647 ι
552 595 611 647 ὲν
636 593 935 660 κατανύξει
964 594 1060 648 τὸν
1088 593 1223 648 Θεὸν
1277 592 1416 660 πρὸς
1451 592 1604 648 ἔλεον
1634 592 1902 648 ἐκκαλού-

2012 598 2200 653 dolum
2250 599 2305 653 in
2345 600 2621 658 amboue;
2664 600 2963 669 statimque
2991 597 3245 668 psallitur
3285 597 3522 666 hymnus
3568 608 3583 648 :

321 707 505 762 μενον.
556 686 689 744 Εἶτα
717 691 745 743 6
781 689 1053 754 διάκονος,
1092 709 1111 742 ι
1156 688 1265 744 Τοῦ
1298 691 1505 760 Κυρίου
1529 690 1840 762 δεηθῶμεν.
1882 709 1901 744 ι

2017 692 2417 763 «incorporalis
2438 701 2689 758 natura,»
2727 691 2818 762 qui
2842 690 3095 746 versibus
3115 696 3377 744 constans
3406 683 3591 740 Trini-

332 785 609 856 Ὀξερεὺς,
638 802 657 836 ι
690 785 815 837 Ὀτι
838 782 998 852 ἅγιος
1026 778 1096 838 εἴ.
1135 803 1154 837 ι
1182 785 1297 837 Kal.
1330 783 1594 854 ψάλλεται
1613 785 1697 854 τὸ,
1718 786 1907 849 «Πᾶσα

2012 791 2178 838 tatem
2212 782 2476 851 celebrat,
2507 797 2810 854 omnesque
2838 789 3155 837 sanctorum
3179 784 3378 836 choros
3402 778 3469 834 ad
3503 779 3589 832 in-

320 877 511 945 πνοή.»
547 875 657 927 Καὶ
670 874 731 927 1:6
745 873 1081 942 Εὐαγγέλιον
1099 875 1465 943 ἀναγινώσκει
1504 878 1532 929 6
1560 877 1781 947 πρῶτος
1795 876 1907 930 τῶν

2015 874 2402 930 tercedendum
2436 875 2653 942 invitat,
2690 876 2967 945 simulque
3001 874 3109 931 alta
3132 887 3266 929 voce
3292 879 3482 927 cantor
3510 878 3592 924 ter

315 966 522 1034 ἱερέων
546 965 708 1037 257
740 967 799 1021 ὲν
833 965 911 1031 τῷ
949 966 1184 1036 ἇμϐωνι.
1206 967 1316 1022 Καὶ
1348 967 1510 1033 εὐθὺς
1540 966 1802 1037 ψάλλεται
1825 966 1905 1035 τὸ,

2014 966 2216 1023 clamat
2247 984 2262 1022 :
2299 966 2494 1038 «Kyrie
2525 966 2786 1035 eleisonn
2827 967 2971 1039 quod
2999 981 3193 1022 omnes
3220 964 3383 1020 simul
3430 963 3593 1018 toties

329 1076 349 1109 «
370 1056 434 1110 Ἦ
460 1056 755 1128 ἁσώματο;
808 1055 971 1125 φύσις
1005 1075 1025 1110 ι
1061 1058 1198 1128 ὅπερ
1225 1057 1289 1111 ἐκ
1306 1059 1506 1130 στίχων
1530 1060 1909 1129 συγκείμενον,

2016 1068 2296 1132 repetunt.
2333 1059 2605 1116 Sacerdos
2633 1070 2812 1116 autem
2860 1068 3074 1118 secreto
3112 1059 3245 1114 dicit
3291 1057 3595 1113 orationem

324 1150 421 1202 καὶ
456 1148 555 1215 τὴν
584 1148 792 1219 Τριάδα
829 1147 1096 1217 θεολογεῖ,
1127 1152 1225 1205 καὶ
1256 1150 1386 1213 τοὺς
1413 1152 1608 1221 χοροὺς
1640 1153 1721 1215 είς
1752 1168 1911 1220 μεσι-

2018 1153 2394 1210 inclinationis
2411 1152 2607 1223 capitis
2640 1171 2654 1207 :
2697 1152 2956 1208 «Domine
2981 1153 3125 1208 Deus
3155 1158 3361 1216 noster,
3398 1148 3601 1204 inclina

324 1246 479 1296 τείαν
523 1242 773 1305 ἅπαντας
806 1240 1168 1309 συγκαλεῖται
1211 1241 1320 1296 τῶν
1350 1241 1525 1311 ἁγίων
1553 1260 1568 1275 ·
1621 1245 1714 1301 καὶ
1749 1261 1913 1296 συνα-

2018 1245 2186 1300 corda
2212 1254 2455 1302 nostra.»
2484 1245 2667 1301 Finito
2691 1252 2874 1302 autem
2903 1243 3095 1317 «Kyrie
3115 1244 3375 1311 eleison,»
3410 1241 3600 1296 diaco-

327 1336 480 1399 πτῶς
509 1336 604 1394 καὶ
625 1334 887 1404 ὲκφώνως
914 1328 1175 1405 δψάλτης
1197 1335 1281 1398 τὸ,
1314 1352 1333 1386 «
1368 1335 1566 1404 Κύριε,
1602 1333 1846 1405 ἐλέησον,
1889 1352 1908 1386 ι

2018 1354 2125 1394 nus
2162 1340 2295 1394 dicit
2326 1355 2342 1392 :
2391 1358 2410 1392 «
2450 1338 2744 1394 Preeamnr
2790 1332 2970 1394 adhuc
3022 1347 3080 1394 ut
3113 1353 3211 1392 nos
3243 1335 3516 1398 exaudiat,
3553 1341 3606 1387 et

328 1430 571 1496 ἐκφωνεῖ
596 1429 750 1498 τρίς·
790 1427 886 1481 καὶ
917 1427 1121 1490 πάντες
1141 1426 1408 1495 ψάλλουσι
1438 1427 1598 1482 τοῦτο
1624 1429 1917 1492 συναπτῶς

2022 1442 2109 1487 ter
2133 1432 2330 1487 iterum
2359 1448 2372 1484 :
2405 1431 2601 1504 «Kyrie
2618 1432 2825 1489 eleison
2857 1448 2905 1500 ς»
2938 1439 2993 1486 et
3032 1429 3323 1484 sacerdos:
3351 1425 3590 1486 «Exaudi

330 1523 555 1575 ἑκατόν.
602 1520 663 1575 '0
697 1520 754 1574 δὲ
780 1520 964 1591 ἱερεὺς
1000 1519 1151 1587 λέγει
1183 1519 1463 1590 μυστικῶς
1494 1520 1595 1593 τὴν
1616 1521 1715 1592 τῆς
1740 1537 1916 1588 κεφα-

2020 1542 2143 1583 nos.
2158 1546 2176 1578 ι
2195 1524 2382 1581 Videu’
2402 1540 2565 1595 quam
2593 1522 2859 1579 mirabilis
2881 1522 2952 1578 sit
2971 1522 3060 1577 hic
3075 1518 3494 1590 ordo,quoniam
3515 1532 3609 1588 per

331 1616 612 1680 λοκλισίας
644 1615 836 1687 εὐχὴν,
872 1633 891 1667 ι
941 1613 1118 1686 Κύριε
1150 1617 1177 1668 6
1204 1614 1339 1678 Θεὸς
1373 1614 1558 1684 ἡμῶν,
1598 1615 1781 1670 κλῖνον
1818 1614 1918 1678 τὰς

2022 1619 2411 1675 mediationem
2469 1612 2775 1672 sacerdotis
2820 1615 2969 1672 intus
3004 1623 3214 1670 secreto
3259 1610 3605 1683 deprecantis

333 1709 567 1779 καρδίας
624 1694 808 1777 ἡμῶν.
866 1726 886 1761 ι
947 1707 1044 1772 Ei;
1099 1708 1160 1763 τὸ
1212 1707 1365 1772 τέλος
1409 1709 1466 1762 δὲ
1509 1708 1626 1774 τοῦ,
1661 1727 1680 1760 «
1723 1707 1917 1779 Κύριε,

2022 1710 2513 1786 orationespopuli
2541 1711 2650 1766 Deo
2683 1708 3025 1765 oﬂ‘eruntur?
3057 1707 3262 1783 Deinde
3297 1725 3310 1762 :
3351 1704 3470 1760 «Sit
3502 1720 3600 1759 no-

332 1798 581 1867 ἐλέησον,
638 1814 659 1850 ›
701 1799 729 1850 6
765 1797 1037 1863 διάκονος,
1093 1816 1112 1850 «
1157 1798 1281 1853 Ἔτι
1340 1798 1576 1869 δεόμεθα
1628 1800 1768 1868 ὑπὲρ
1822 1798 1917 1851 τοῦ

337 1888 652 1910 -ε-.----π--.-
707 1907 719 1910 _
752 1889 855 1910 vos.
895 1889 1193 1910 _L\_U-_\_
1234 1891 1281 1910 ,\
1350 1909 1357 1910 κ
1401 1892 1439 1910 II'
1466 1890 1570 1910 0A.-
1620 1889 1664 1910 εἴ
1688 1892 1801 1910 ι.ᾼ-κ
1833 1908 1839 1910 Α
1898 1908 1908 1910 μ

2026 1825 2149 1863 men
2173 1807 2387 1862 Domini
2418 1804 2827 1869 benedictum,»
2864 1801 3121 1872 quoniam
3144 1802 3209 1855 ad
3234 1801 3481 1870 corporis
3512 1814 3608 1855 ne-

334 1888 678 1944 εἰσακοῦσαι.
706 1907 725 1941 ι
752 1889 860 1946 Καὶ
890 1889 1055 1942 πάλιν
1071 1890 1195 1960 τρὶς
1227 1891 1310 1959 τὸ,
1341 1909 1361 1943 ι
1400 1890 1594 1960 Κύριε,
1616 1889 1862 1961 ἐλέησον.
1895 1908 1915 1942 ι

2031 1901 2372 1967 cessitatem,
2408 1898 2618 1954 scilicet
2651 1896 2718 1951 ad
2749 1894 3191 1949 manducandum
3220 1892 3605 1962 procedimus;

336 1983 446 2036 Καὶ
466 1984 494 2036 6
518 1981 698 2053 ἱερεὺς
714 1983 796 2047 τὺ,
824 2002 844 2036 ι
886 1984 1225 2039 Ἐπάκουσον
1253 1984 1431 2055 ἡμῶν.
1463 2003 1481 2037 ι
1518 1985 1680 2055 Ὁρᾷς
1706 1983 1765 2037 τὸ
1792 1983 1922 2038 θαυ-

2016 1970 2138 2052 ¹Ιιοο
2175 2003 2357 2048 autem
2392 1990 2735 2061 nequaquam
2766 1990 2885 2043 sine
2915 1985 3347 2042 sanctiﬁcatione
3369 2024 3385 2048 ,
3424 1982 3606 2037 cibum

341 2074 551 2143 μαστὸν
598 2077 700 2146 τῆς
750 2074 981 2144 τάξεως,
1041 2076 1124 2130 ὅτι
1181 2075 1272 2130 διὰ
1310 2079 1534 2147 μεσίτου
1583 2076 1678 2130 τοῦ
1727 2076 1922 2146 ἱερέως

2030 2088 2177 2143 enim
2200 2085 2470 2141 sumimus
2495 2082 2640 2150 prius
2667 2079 3101 2142 sanctificatum;
3131 2092 3252 2130 nam
3281 2075 3457 2129 dicto:
3479 2074 3609 2128 «Be-

342 2165 623 2236 μυστικῶς
648 2164 798 2220 ἔνδον
830 2167 1147 2239 εὐχομένου,
1175 2171 1244 2221 τὰ
1262 2166 1370 2221 τῶν
1396 2167 1635 2238 δεήσεων
1664 2168 1758 2221 τοῦ
1788 2166 1922 2220 λαοῦ

2032 2180 2284 2237 ηρόίοιιιιι
2299 2176 2607 2242 Dominum,
2626 2194 2643 2227 ι
2676 2173 2731 2227 lit
2749 2171 2972 2227 traditio
2991 2170 3149 2242 panis
3170 2165 3608 2240 prmsanctiﬁcati

339 2258 478 2326 πρὶς
518 2258 651 2311 Θεὸν
686 2259 1097 2329 ἀναφέρονταις
1135 2257 1271 2314 Εἶτα
1298 2260 1381 2325 τὸ,
1435 2279 1453 2312 «
1496 2260 1594 2330 Είη
1644 2260 1704 2313 τὸ
1750 2259 1924 2330 ὄνομα

2038 2282 2096 2328 et
2121 2270 2398 2327 dimissio.
2423 2267 2524 2323 llic
2561 2274 2648 2322 est
2668 2264 2983 2321 cantionum
3013 2261 3147 2317 ordo
3175 2259 3333 2315 valde
3364 2271 3612 2314 necessa-

339 2349 552 2421 Kupiou
592 2351 982 2421 εὐλογημένον,
1036 2352 1090 2424 ιζ
1116 2355 1241 2406 ἐπεὶ
1279 2354 1377 2406 καὶ
1416 2353 1555 2422 πρὸς
1586 2352 1688 2421 τὴν
1737 2370 1926 2423 σωμα-

2034 2367 2152 2419 rius
2188 2371 2242 2419 et
2278 2359 2716 2431 antiquissimus,
2770 2364 2825 2411 et
2863 2357 2999 2423 Icum
3036 2354 3316 2410 sacerdote
3361 2352 3615 2421 impletus

336 2443 495 2516 τικὴν
521 2444 710 2517 χρείαν
743 2445 1039 2516 ἐρχόμεθα,
1078 2445 1139 2498 τδ
1170 2447 1470 2516 τραφῆναι.
1520 2447 1628 2500 Καὶ
1663 2446 1822 2499 τοῦτο
1871 2447 1926 2500 δὲ

2037 2458 2132 2528 qui
2165 2455 2436 2510 mediator
2462 2450 2817 2507 constituitur
2848 2448 2901 2503 in
2937 2448 3020 2502 bis
3039 2463 3156 2515 qua:
3180 2447 3268 2502 Dei
3302 2455 3451 2509 sunt,
3483 2443 3615 2499 Jesu

337 2535 402 2587 οὔ
423 2535 595 2604 χωρὶς
624 2535 905 2603 ἀγιασμοῦ
927 2552 942 2567 ·
970 2536 1232 2606 ἀπαρχὴν
1256 2537 1363 2606 γάρ
1390 2536 1748 2608 λαμϐάνομεν
1771 2538 1927 2608 ἡγια-

2038 2551 2239 2613 instar,
2280 2553 2447 2615 prout
2475 2558 2617 2612 stepe
2651 2540 2912 2604 diximus,
2935 2550 2989 2594 et
3013 2546 3334 2609 potestatem
3372 2537 3534 2590 habet
3562 2534 3614 2587 in

344 2626 556 2695 σμένην
578 2626 824 2696 τροφήνσ
859 2625 980 2694 τοῦ,
1009 2644 1029 2678 «
1060 2626 1361 2699 Εὑλογήσω
1391 2630 1503 2699 γὰρ
1524 2629 1618 2682 τὸν
1642 2629 1871 2699 Κύριον,
1904 2646 1926 2682 ι

2040 2639 2220 2696 medio
2251 2636 2432 2692 standi
2466 2635 2638 2704 gratia
2679 2631 2774 2686 Dei
2820 2647 2887 2686 ex
2928 2645 3188 2685 manuum
3244 2627 3613 2697 imposilione.

344 2718 671 2787 λεγομένου,
718 2720 754 2786 ἡ
785 2719 1027 2784 διάδοσις
1066 2720 1164 2775 τοῦ
1198 2721 1502 2794 ἀντιδώρου
1542 2721 1778 2791 γίνεται,
1834 2722 1931 2777 καὶ

2042 2735 2150 2791 Sed
2174 2740 2228 2789 et
2259 2738 2540 2801 septcnam
2567 2726 2936 2783 laudationem
2969 2724 3144 2781 salvat
3175 2724 3310 2778 ordo
3345 2724 3467 2788 iste,
3493 2738 3616 2776 nam

346 2809 632 2901 ἀπόλυσις.
662 2810 831 2901 Αὕτη⁸
844 2813 938 2867 καὶ
969 2813 1069 2869 τοῦ
1088 2808 1336 2888 ᾄσματος
1361 2818 1393 2888 ἡ
1422 2816 1735 2883 ἀκολουθία,
1759 2818 1931 2887 ἀναγ-

2040 2843 2163 2901 qua:
2216 2825 2353 2880 [lunt
2400 2823 2454 2877 in
2496 2820 2755 2876 nartliecc
2808 2817 3060 2874 nocturni
3115 2815 3274 2872 ollicii
3316 2823 3621 2883 sequuntur

348 2899 619 2971 καιοτάτη
673 2917 732 2953 τι
772 2898 908 2956 οὖσα
936 2906 1030 2956 καὶ
1056 2905 1418 2978 ἀρχαιοτάτη,
1444 2907 1539 2961 καὶ
1569 2906 1709 2977 μετὰ
1740 2907 1931 2977 ιερέως

2040 2898 2327 2985 ordinem;
2355 2930 2544 2971 verum
2579 2929 2700 2983 quae
2729 2913 2901 2976 intus,
2951 2910 3017 2965 ad
3068 2910 3317 2963 ordinem
3367 2908 3616 2961 matutini

346 2991 742 3064 ἐνεργουμένη,
785 2993 846 3058 ὃς
900 2996 1131 3068 μεσίτης
1172 2998 1505 3054 καθίσταται
1553 3001 1622 3057 τὰ
1656 3002 1793 3071 πρὸς
1838 3003 1930 3056 τὸν

2041 3020 2290 3083 spectant
2319 3007 2517 3074 cilicii;
2547 3005 2822 3060 canticum
2840 3017 2970 3057 vero
3000 3003 3142 3057 inter
3170 3000 3388 3055 tertiam
3415 3010 3463 3052 et
3493 3014 3620 3052 sex-

347 3084 484 3137 Os'ov
516 3086 594 3146 si;
624 3085 799 3141 τύπον
838 3089 1037 3159 Ἰησοῦ,
1071 3091 1147 3154 ὡς
1179 3092 1443 3155 πολλάκις
1470 3094 1799 3165 εἰρήκαμεν,
1838 3096 1933 3149 καὶ

2044 3115 2152 3162 tam
2192 3104 2381 3157 horam
2445 3100 2542 3153 has
2575 3096 2714 3151 «luas
2747 3095 2910 3148 horas
2953 3092 3213 3162 adimplet
3254 3108 3269 3158 ;
3308 3091 3620 3160 lampadum

345 3176 446 3272 την
483 3178 639 3248 ἰσχὺν
673 3179 789 3251 ἔχει
819 3183 1132 3251 μεσιτεύειν
1176 3188 1244 3255 τῇ
1291 3186 1481 3256 χάριτι
1513 3187 1606 3242 τοῦ
1639 3187 1773 3242 Θεοῦ
1819 3189 1929 3242 ἀπὸ

2034 3212 2227 3272 preces
2266 3194 2330 3248 ad
2364 3205 2562 3259 nonam
2602 3187 2954 3249 referuntur,
2995 3185 3174 3240 cantio
3209 3183 3519 3246 vespertina
3553 3185 3621 3237 ad

347 3269 450 3339 τῆς
511 3273 876 3341 χειροτονίας.
931 3274 1096 3333 Ἀλλὰ
1145 3277 1241 3330 καὶ
1297 3277 1400 3349 τὴν
1452 3279 1686 3343 ἑπτάκις
1721 3281 1930 3335 αἴνεσιν

2040 3269 2192 3362 ipsas
2250 3299 2542 3356 vesperas,
2582 3280 2766 3351 vigilia
2827 3288 3008 3333 autem
3059 3277 3124 3331 ad
3179 3274 3620 3345 rompletorium.

347 3364 627 3429 ἀποσιυζει
654 3364 798 3438 αὕτη
835 3368 867 3438 ἠ
890 3366 1043 3432 τάξις
1062 3386 1077 3401 ·
1108 3370 1204 3423 καὶ
1232 3370 1305 3425 τὰ
1342 3371 1444 3440 μὲν
1504 3372 1561 3424 ὲν
1590 3372 1668 3442 τῷ
1696 3374 1933 3444 νάρθηκι

2042 3382 2198 3437 Nune
2250 3390 2381 3430 vero
2419 3388 2527 3443 pra:
2578 3371 2795 3440 ignavia
2828 3368 3104 3423 obsolevit
3152 3367 3239 3421 bie
3278 3365 3415 3421 ordo
3462 3378 3622 3437 quem

352 3456 512 3520 τάξιν
594 3458 853 3527 ἐπέχουσι
913 3463 1346 3530 μεσονυκτικοῦ·
1404 3465 1474 3517 τὰ
1519 3466 1674 3527 έντὸς
1732 3466 1789 3519 δὲ
1837 3465 1934 3520 τοῦ

2038 3470 2324 3543 oportebat
2374 3476 2704 3519 conservare
2763 3460 2817 3516 in
2873 3457 3144 3513 universis
3209 3455 3492 3519 ecclesiis,
3547 3454 3623 3509 rel

350 3545 553 3615 ὃρθρου
607 3550 757 3605 ἐστὶν
788 3553 823 3620 ὴ
872 3552 1049 3617 τάξις.
1114 3552 1178 3606 Ἦ
1239 3558 1533 3624 τριτοέκτη
1580 3555 1661 3618 δὲ.
1709 3556 1842 3610 αὐτὸ
1871 3557 1938 3628 δὴ

2039 3577 2279 3630 semper,
2307 3557 2391 3612 vel
2433 3554 2739 3613 secundum
2776 3561 3015 3621 tempus,
3059 3559 3115 3604 ut
3164 3549 3369 3620 jugitcr
3405 3558 3627 3603 maneat

351 3639 513 3692 τοῦτο
540 3640 639 3711 τὴν
668 3642 864 3712 τρίτην
898 3645 1097 3714 πληροῖ
1123 3646 1219 3702 καὶ
1243 3646 1341 3716 τὴν
1370 3646 1543 3719 ἕκτην
1580 3647 1731 3718 ὥραν
1762 3645 1934 3718 ὀμοῦο

2046 3656 2269 3725 antiqua
2325 3650 2569 3715 traditio,
2635 3645 2729 3702 sed
2785 3646 2840 3700 in
2904 3643 3254 3700 monasteriis
3309 3640 3629 3709 victorisque

351 3733 425 3786 τὰ
454 3732 549 3788 τοῦ
600 3733 855 3807 λυχνικοῦ
903 3737 962 3792 δὲ
1021 3737 1092 3793 τὰ
1143 3738 1247 3808 τῆς
1278 3739 1511 3811 ὲννάτης
1540 3744 1742 3795 τυποῖδ
1776 3741 1846 3796 τὰ
1878 3741 1935 3797 δὲ

2044 3748 2262 3819 templis
2304 3744 2422 3801 ﬁeri
2467 3740 2757 3813 Oportebat
2815 3738 3065 3792 ordinem
3118 3734 3480 3789 monasticam
3531 3746 3627 3787 seu

354 3826 452 3881 τοῦ
483 3828 794 3899 ᾁσματικοῦ
825 3829 1121 3901 έσπερινοῦ
1156 3832 1320 3887 αὑτὸν
1345 3834 1439 3888 τὸν
1468 3833 1758 3902 ἑσπερινόν
1785 3850 1802 3867 ⁸
1839 3834 1937 3891 καὶ

2044 3838 2346 3899 solitarium
2367 3843 2553 3905 utpote
2576 3831 2646 3886 ab
2667 3845 2777 3885 uno
2807 3829 2926 3883 solo
2945 3830 3313 3889 decantatum,
3338 3842 3500 3896 quem
3531 3839 3629 3879 nos

356 3918 426 3973 τὰ
469 3919 567 3990 τῆς
612 3922 938 3994 παννυχίδος
982 3924 1040 3981 δὲ
1092 3926 1163 3979 τὰ
1197 3928 1309 3981 τῶν
1359 3928 1727 3987 ἀποδείπνων.
1773 3929 1938 3986 Ἀλλὰ

2044 3933 2200 3989 vobis
2231 3927 2628 4000 explicavimus
2654 3939 2778 3977 eum
2810 3921 2991 3979 adhuc
3020 3922 3195 3997 gratia
3221 3918 3315 3973 Dei
3355 3917 3628 3989 implenti-

360 4013 456 4067 νῦν
499 4014 589 4068 διὰ
642 4016 920 4088 ρᾳθυμίαν
964 4016 1189 4087 ἀφείθη,
1220 4020 1287 4090 ἦν
1316 4018 1425 4074 ἔδει
1474 4019 1768 4092 τηρεῖσθαι
1820 4023 1941 4085 ταῖς

2051 4027 2154 4082 bus
2187 4034 2351 4093 atque
2384 4017 2850 4081 custodientibus,
2886 4024 2939 4069 et
2971 4014 3211 4069 breviter
3240 4027 3363 4082 qua:
3397 4010 3466 4065 ad
3496 4024 3622 4065 cum

359 4108 675 4174 καθολικαίς
703 4111 807 4165 κάν
841 4112 1190 4183 ἐκκλησίαις,
1218 4113 1249 4184 ἢ
1293 4112 1530 4167 πάντοτε
1565 4114 1598 4184 ἢ
1645 4114 1789 4168 κατὰ
1818 4133 1940 4168 και-

2049 4125 2299 4189 spectant
2344 4111 2800 4185 perlustravimus
2849 4109 2902 4163 in
2935 4106 3164 4181 gloriam
3200 4103 3416 4161 Domini
3451 4102 3622 4158 nostri

362 4200 477 4268 ρδν.
512 4200 592 4264 είς
634 4202 697 4257 τὸ
730 4202 914 4272 μένειν
943 4204 1044 4274 τὴν
1094 4205 1332 4276 ἀρχαίαν
1379 4205 1685 4271 παράδοσιν
1728 4206 1939 4261 ἀκατά-

846 4221 914 4257 ιιν
943 4204 1044 4274 τὴν
1094 4205 1332 4276 ἀρχαίαν
1379 4205 1685 4271 παράδοσιν
1728 4206 1939 4261 ἀκατά-
2047 4209 2176 4266 Jesu
2210 4207 2436 4262 Christi.

359 4297 557 4351 λυτον·
592 4300 651 4350 έν
681 4303 800 4362 ταῖς
836 4303 1028 4370 μοναῖς
1061 4301 1119 4355 δὲ
1156 4302 1406 4371 γίνεσθαι
1447 4302 1688 4367 καὶτοῖς
1760 4304 1974 4369 λοιποῖς
2046 4307 2197 4368 ναοῖς
2242 4305 2343 4369 τὴν
2408 4300 2713 4372 μονοχικὴν
2770 4297 3096 4355 ἀκολουθίαν
3131 4295 3208 4359 ὡς
3255 4294 3352 4346 καὶ
3395 4293 3466 4346 δι’
3513 4289 3633 4355 ένδς

360 4390 731 4461 ψαλλομένην.
773 4393 916 4447 Ἀλλ’
962 4396 1111 4465 ὅμως
1144 4397 1308 4466 ἡμεῖς
1360 4398 1455 4450 καὶ
1482 4397 1552 4451 τὰ
1608 4399 1739 4467 περὶ
1773 4398 1943 4463 αὐτῆς
1978 4399 2321 4470 ἐξεθήκαμεν
2349 4397 2486 4468 πρὸς
2519 4394 2664 4465 ὑμᾶς
2718 4392 2844 4456 τοὺς
2881 4389 3052 4464 αὐτὴν
3122 4389 3206 4444 ἐτι
3255 4388 3445 4460 χάριτι
3491 4384 3630 4441 Θεοῦ

362 4474 726 4553 ἐνεργοῦντάς
768 4489 954 4542 τεκαὶ
984 4487 1335 4560 τηροῦντας·
1392 4492 1490 4545 καὶ
1530 4492 1590 4544 έν
1617 4490 1842 4560 συνόψει
1909 4492 1979 4545 τὰ
2020 4494 2151 4564 περὶ
2200 4490 2408 4563 ταύτης
2478 4486 2877 4557 ὲθεωρήσαμεν
2929 4483 3009 4548 εἰς
3057 4481 3218 4553 δέξιν
3267 4480 3364 4535 τοῦ
3424 4479 3631 4551 κυρίου

364 4586 524 4656 ἡμῶν
558 4583 736 4654 Ἰησοῦ
767 4586 1031 4654 Χριστοῦ.

924 4701 1391 4761 κΕοΑΑςτΝΖη
1840 4722 1848 4731 ·
1980 4689 2027 4745 D

1840 4722 1848 4731 -
1980 4689 2027 4745 θ
2553 4697 2786 4756 CAPUT
2843 4693 3136 4759 θερινῇ.

367 4797 507 4867 Περὶ
544 4798 652 4854 τοῦ
682 4798 1138 4920 «ivvit-oont)!
1167 4798 1331 4866 ἱεροῦ
1373 4797 1561 4867 ἄρτου
1611 4797 1723 4868 τῆς
1757 4801 1952 4853 Πανα-

1078 4886 1119 4938 Τ
1140 4886 1236 4935 ας·
1292 4932 1295 4933 ν

2054 4795 2133 4851 Da
2171 4810 2307 4868 parte
2345 4807 2497 4848 sacro
2548 4785 3194 4915 εωιοιέπὲπξῗυέίηὶκὶε
3222 4786 3314 4856 qui
3357 4786 3413 4840 in
3463 4790 3634 4841 altum

451 4962 608 5016 Ἐπεὶ
647 4961 704 5015 δὲ
732 4953 835 5016 ὦδε
859 4959 937 5030 τῷ
962 4961 1109 5031 λόγῳ
1136 4942 1374 5032 ἥκομεν.
1406 4960 1502 5015 καὶ
1529 4960 1661 5031 περι⁹
1690 4958 1784 5012 τοῦ
1818 4962 1951 5012 άνυο

2130 4959 2295 5012 Porro
2313 4971 2436 5011 cum
2459 4955 2526 5010 ad
2554 4956 2668 5010 lucc
2694 4951 3012 5007 disserendo
3036 4951 3369 5014 venerimus,
3393 4949 3459 5004 de
3477 4963 3636 5004 sacro

367 5053 644 5125 ψουμένου
694 5052 847 5125 ἱεροῦ
903 5052 1071 5124 ἄρτου
1103 5052 1206 5123 τῆς
1264 5051 1548 5119 Παναγίας
1600 5052 1777 5122 μικρά
1826 5069 1951 5104 τινα

2074 5052 2216 5107 :tiam
2236 5047 2599 5105 sanctissime
2626 5044 2867 5116 Virginis
2896 5060 3034 5115 pane
3059 5044 3152 5115 qul
3186 5044 3238 5097 in
3267 5044 3438 5098 altum
3472 5042 3664 5103 attuI-_

371 5148 790 5217 ὑπομνήσομεν,
818 5146 915 5200 καὶ
937 5145 1250 5200 τελευταῖον
1278 5146 1372 5198 ἐπὶ
1406 5145 1542 5198 πᾶσι
1583 5145 1651 5197 τὰ
1681 5146 1812 5214 περὶ
1855 5144 1951 5198 τοῦ

2057 5143 2190 5198 litur
2221 5156 2390 5210 pauca
2445 5137 2899 5201 memorabimus,
2948 5144 3004 5189 et
3055 5134 3271 5190 tandem
3304 5132 3489 5185 omnia
3518 5144 3638 5200 quae

369 5240 561 5304 τέλους
590 5239 751 5309 ἡμῶν
778 5239 1092 5310 ἐπιθήσομεν
1119 5239 1195 5302 ὡς
1226 5240 1294 5292 ἂν
1324 5239 1421 5296 καὶ
1452 5240 1511 5292 ἐν
1545 5239 1660 5300 τοῖς
1689 5239 1823 5310 περὶ
1857 5240 1953 5292 τοῦ

2053 5235 2112 5290 in
2153 5234 2259 5289 line
2290 5232 2418 5287 vitae
2466 5240 2667 5285 nostra:
2700 5237 2940 5296 aguntur
2984 5225 3425 5296 explanabimus,
3473 5223 3547 5277 ita
3580 5233 3638 5276 ut

372 5331 562 5396 τέλους
591 5332 752 5402 ἡμῶν
781 5333 875 5387 τὸν
903 5330 1064 5400 λόγον
1086 5332 1427 5399 τελέσωμεν.
1479 5331 1541 5386 '0
1575 5334 1642 5403 τῇ
1663 5331 1955 5399 ἐπικλήσει

2055 5343 2150 5399 per
2178 5328 2292 5381 base
2318 5337 2630 5381 sermonem
2666 5321 3087 5388 adimpleamus.
3119 5318 3282 5387 Igitur
3308 5317 3361 5370 in
3391 5330 3459 5372 eo
3487 5317 3633 5386 quod

371 5423 555 5476 τοίνυν
581 5416 683 5492 τῆς
708 5423 988 5492 Παναγίας
1050 5439 1154 5492 μου
1195 5421 1571 5493 ἁνυψούμενος
1613 5425 1777 5493 ἄρτος
1800 5423 1955 5478 τέταρ

2054 5421 2250 5487 attinet
2284 5418 2348 5474 ad
2384 5429 2577 5484 panem
2606 5412 2699 5483 qui
2727 5411 3071 5471 invocatione
3103 5409 3476 5469 Sanctissimae
3505 5423 3640 5463 mea:

376 5529 505 5566 κται
551 5515 653 5581 μὲν
696 5511 995 5583 ἐξαιρέτως
1023 5510 1294 5582 ὑψοῦσθαι
1321 5515 1384 5568 ὲν.
1410 5512 1490 5583 τῷ
1523 5513 1669 5566 τέλει
1700 5513 1796 5581 τῆς
1824 5530 1957 5582 τρα-

2055 5513 2352 5574 exaltatur,
2379 5515 2711 5578 prmceptum
2747 5514 2832 5559 est
2867 5512 2926 5558 nt
2958 5504 3231 5573 praecipue
3263 5501 3317 5555 in
3354 5501 3525 5554 altum
3553 5509 3637 5555 at-

375 5605 551 5672 πέζης
602 5605 713 5660 τῶν
748 5604 1020 5675 ἀδελφῶν.
1067 5606 1150 5667 είς
1199 5605 1475 5676 άγιασμδν
1506 5606 1710 5668 αὐτῶν,
1768 5606 1863 5660 καὶ
1888 5599 1956 5676 ἦς

2060 5606 2279 5661 tollatur
2316 5605 2368 5656 iu
2401 5603 2506 5655 ﬁne
2533 5614 2733 5654 mensae
2764 5598 2996 5652 fratrum
3040 5596 3094 5650 in
3148 5594 3637 5651 sanctificationem

380 5696 683 5768 μετέλαϐον
710 5699 921 5768 τροφῆς
948 5699 1027 5762 εἰς
1050 5698 1328 5769 σφραγῖδα
1349 5716 1362 5730 ⁸
1393 5698 1531 5753 ἀλλὰ
1564 5699 1659 5752 καὶ
1686 5699 1768 5761 εἰς
1797 5696 1957 5765 δόξαν

2059 5714 2273 5760 eorum,
2309 5713 2523 5751 necnon
2575 5694 2641 5748 ad
2725 5690 3121 5761 obsignandam
3178 5704 3338 5758 quam
3372 5705 3642 5757 sumpse-

376 5791 680 5861 ἐξαιρέτως
705 5792 805 5861 τῆς
832 5792 1199 5864 Θεομήτορος,
1228 5793 1263 5865 ἢ
1291 5791 1386 5846 καὶ
1421 5793 1512 5845 τὸν
1546 5792 1803 5862 οὐράνιον
1823 5792 1956 5862 ἡμῖν

2063 5801 2189 5849 runt
2218 5805 2426 5853 escam,
2462 5788 2555 5843 Sed
2595 5795 2650 5842 et
2686 5784 2989 5855 prtrscrtim
3025 5783 3090 5836 ad
3126 5782 3357 5850 gloriam
3402 5779 3493 5834 Dei
3530 5779 3642 5832 Ge-

376 5884 651 5940 ἁπέτεκεν
680 5885 867 5957 ἄρτον,
897 5884 990 5939 τὸν
1024 5885 1204 5951 ζῶντα
1261 5885 1353 5940 καὶ
1402 5886 1660 5959 μένοντα,
1719 5886 1814 5943 καὶ
1858 5886 1959 5950 τὰς

2064 5883 2300 5948 mtricis,
2329 5898 2451 5952 quae
2491 5882 2771 5940 cmlcstcm
2804 5877 2964 5933 nobis
2999 5876 3208 5948 peperit
3236 5889 3432 5951 panem
3458 5873 3637 5930 virum
