4026 6274
381 372 488 436 665

1544 369 1640 428 DE
1684 369 1924 431 SACRA
1967 367 2473 433 PRECATIONE-

3533 359 3641 426 668

386 486 622 540 τελεῖται
651 481 746 536 καὶ
793 481 828 550 ἡ
875 481 1010 550 εύχὴ
1035 495 1048 511 ·
1106 480 1200 534 καὶ
1235 479 1371 533 θεῖοι
1400 479 1456 534 δὲ
1485 480 1738 548 λέγονται
1789 482 1960 548 λόγοι,

2091 499 2188 551 res,
2226 493 2286 540 ut
2310 499 2415 539 non
2446 482 2590 538 sicut
2635 479 2891 536 animalia
2942 493 3062 550 quae
3095 467 3356 534 rationem
3388 488 3500 530 non
3547 475 3644 528 ha;

386 578 474 630 ἵνα
501 574 576 645 μὴ
608 573 682 636 ὡς
709 573 881 640 ἄλογα
911 571 1050 641 πρὸς
1090 571 1190 641 τὴν
1224 559 1494 640 γαστέρα
1513 571 1673 638 μόνον
1702 571 1922 641 ὁρῶμεν
1941 587 1956 602 ο

384 662 502 718 ἀλλ’
532 661 607 723 ὡς
639 659 850 728 λογικοὶ
883 658 1020 729 μετὰ
1072 660 1302 729 σαρκὸς,
1333 659 1435 729 τὴν
1483 660 1580 730 μὲν
1615 661 1792 730 σάρκα
1833 678 1970 732 στη-

388 752 630 824 ρίζωμεν
660 752 1158 821 τοῖςέσθιομένοις,
1176 751 1275 820 τὴν
1301 751 1481 822 ψυχὴν
1505 751 1563 804 δὲ
1593 755 1708 815 τοῖς
1725 739 1962 822 ’λεγομέ-

385 861 518 906 νοις.
554 842 710 897 Μετὰ
739 828 924 914 δὲ’τὴν
959 843 1168 914 τροφὴν
1203 843 1577 912 ἀνιστάμενοι,
1607 843 1774 913 εὐχῆς
1813 859 1963 911 γινο-

389 937 580 1006 μένης,
605 935 992 1004 δοξολογοῦμεν
1030 936 1290 1001 ἅπαντες,
1321 935 1458 1004 μετὰ
1488 937 1583 988 τοῦ
1614 935 1780 990 Δαόὶδ
1807 935 1963 988 εὐλο-

386 1030 613 1097 γοῦντες
650 1029 742 1082 τὸν
791 1027 1045 1082 ἐλεοῦντα
1090 1031 1187 1084 καί⁹
1215 1030 1489 1098 τρέφοντα
1541 1030 1691 1101 ἡμᾶς
1746 1032 1812 1083 ἐκ
1845 1029 1965 1082 νεό-

387 1138 582 1190 τητοςο
628 1119 725 1174 καὶ
755 1122 839 1185 τὸ,
877 1139 896 1173 «
933 1121 1072 1186 Δόξα
1108 1138 1213 1188 σοι,
1244 1121 1392 1189 ἅγιε,
1446 1121 1576 1185 δόξα
1611 1138 1720 1187 σοι,
1765 1119 1964 1192 Κύριε,

387 1212 471 1265 ὅτι
503 1210 713 1275 ἔδωκας
743 1213 874 1284 ἡμῖν
911 1212 1176 1283 βρώματα
1203 1214 1283 1276 είς
1309 1213 1674 1285 εὐφροσύνην,
1723 1232 1739 1264 »
1770 1214 1868 1267 καὶ
1899 1214 1968 1269 τὰ

389 1302 553 1358 λςιπὰ
599 1303 854 1372 λέγομεν,
897 1303 999 1356 ὅσοι
1048 1305 1144 1357 καὶ
1191 1305 1220 1356 6
1267 1304 1367 1376 τὴν
1422 1305 1675 1372 γλῶτταν
1730 1304 1968 1375 χρυσοῦς

391 1397 522 1466 περὶ
553 1395 744 1448 τούτου
774 1395 1111 1465 παραλαϐὼν
1141 1398 1467 1466 ἐρμηνεύει.

955 1488 1211 1544 ΚΕΦΑΛ.
1252 1491 1432 1546 ΤΝΘ’.

391 1579 532 1648 Περὶ
585 1578 697 1647 τῆς
738 1579 1032 1648 ὑψώσεως
1077 1579 1185 1635 τοῦ
1228 1579 1414 1649 ἄρτου
1463 1581 1578 1651 τῆς
1639 1584 1969 1652 Παναγίας.

460 1665 562 1724 Ὦν
622 1671 986 1726 τελεσθέντων
1041 1671 1183 1742 μετὰ
1228 1673 1563 1743 δοξολογίας,
1619 1676 1649 1728 6
1700 1675 1974 1743 ἀναγνοὺς

391 1763 584 1818 καὶτὰ
625 1763 977 1834 πνευματικὰ
1023 1763 1360 1835 διακονήσας
1403 1769 1518 1829 τοῖς
1567 1766 1840 1835 ἀδελφοῖς,
1876 1768 1974 1822 καὶ

2065 579 2196 633 bent
2225 577 2291 630 ad
2320 583 2566 630 ventrem
2607 583 2829 630 tantum
2868 581 3198 643 spectemus,
3225 571 3318 626 sed
3347 578 3405 624 ut
3429 568 3644 623 ratione

2065 676 2386 725 constantes
2412 675 2466 722 et
2499 681 2753 738 corpore,
2783 680 3004 721 carnem
3041 664 3260 734 quidem
3297 661 3441 719 escis
3469 664 3640 716 susti-

2065 775 2314 823 ncamus,
2350 761 2512 816 dictis
2541 769 2716 815 autem
2757 759 3018 814 animam.
3056 757 3230 812 Porro
3263 763 3390 826 post
3430 768 3643 810 coenam

2069 859 2300 917 etantes,
2338 851 2590 907 oratione
2639 850 2809 916 facta,
2841 849 3215 920 gloriﬁcamus
3269 845 3516 902 universi
3551 845 3647 899 bc-

2069 943 2386 998 nedicentes
2414 957 2541 996 cum
2582 941 2750 997 David
2785 957 2908 996 eum
2963 940 3053 1010 qui
3098 937 3532 994 misericordiam
3562 937 3642 989 ci-

2069 1035 2309 1104 bumque
2343 1035 2506 1088 nobis
2557 1048 2586 1087 a
2638 1032 2925 1102 juventute
2965 1031 3242 1102 praestitit,
3287 1037 3342 1086 et
3370 1030 3646 1086 dicimus:

2083 1127 2304 1184 «Gloria
2343 1125 2461 1194 tibi,
2503 1131 2714 1188 sancte,
2745 1126 2917 1194 gloria
2949 1123 3068 1189 tibi,
3107 1111 3355 1188 Domine,
3393 1121 3650 1191 quoniam

2072 1222 2270 1278 dedisti
2321 1191 2480 1276 τιῶἰέ
2529 1233 2682 1274 escas
2719 1191 2771 1272 in
2805 1216 3213 1287 iucunditatem
3250 1233 3299 1281 »,
3347 1222 3401 1269 et
3430 1221 3652 1272 caetera,

2072 1330 2196 1385 quae
2229 1313 2657 1385 Chrysostomus
2686 1311 2754 1367 de
2792 1311 2878 1366 his
2901 1308 3224 1366 disserendo
3265 1310 3654 1378 interpretatus

2073 1414 2178 1462 est.

2594 1493 2828 1551 CAPUT
2862 1491 3128 1550 CCCLIX.

2117 1594 2187 1648 De
2227 1594 2338 1648 ritu
2379 1609 2564 1665 partem
2600 1591 2955 1645 sanctissima:
2994 1590 3048 1642 in
3080 1589 3245 1640 altum
3282 1582 3615 1640 sustollendi.

2149 1688 2362 1753 Quibus
2395 1700 2520 1741 cum
2585 1684 2872 1752 doxologia
2925 1680 3200 1750 perfectis,
3253 1677 3447 1741 lector,
3503 1686 3663 1744 post-

2079 1796 2240 1852 quam
2279 1777 2543 1848 spiritalia
2568 1776 2829 1830 fratribus
2855 1771 3207 1834 ministravit,
3244 1769 3459 1824 accedit
3522 1767 3654 1821 huic

391 1856 566 1926 τούτῳ
609 1854 688 1926 τῷ
734 1855 1096 1926 πνευματικῷ
1136 1856 1283 1927 ἔργῳ
1333 1857 1652 1927 διακονῆσαι
1709 1858 1928 1928 ἔρχεται
1955 1873 1971 1889 ο

2091 1885 2298 1943 quoque
2332 1868 2568 1938 spiritali
2614 1866 2764 1935 operi
2812 1865 3250 1925 ministraturus,
3298 1859 3577 1928 petitaque
3607 1868 3662 1911 et

391 1951 488 2003 καὶ
549 1947 900 2020 συγχώρησιν
955 1949 1386 2019 ἐξαιτησάμενος
1441 1955 1536 2005 καὶ
1589 1949 1796 2015 λαϐὼν,
1856 1952 1974 2014 τοῖς

391 2039 654 2110 καθαροῖς
677 2038 788 2108 γὰρ
819 2038 1544 2110 καθαρδνέξυπηρετείσθαι
1577 2040 1678 2106 δεῖ,
1717 2040 1972 2112 καθαίρει

391 2131 448 2184 δέ
489 2133 524 2201 ἡ
582 2130 956 2205 συγχώρησις.
1006 2132 1230 2188 πάντων
1282 2133 1586 2202 σιγώντων,
1637 2135 1834 2205 ἀνυψοῖ
1883 2136 1974 2188 τὸν

393 2224 582 2294 ἄρτον,
637 2227 728 2279 καὶ
785 2227 1041 2295 ἐκφωνεῑ,
1112 2245 1130 2277 «
1187 2227 1350 2293 Μέγα
1408 2226 1468 2279 τὸ
1521 2227 1726 2295 ὅνομα”
1797 2247 1817 2280 »
1883 2228 1975 2280 καὶ

396 2317 628 2372 ἐκόοῶσι
674 2319 896 2384 πάντες,
954 2337 974 2370 ι
1035 2319 1146 2389 Τῆς
1197 2320 1359 2389 ἁγίας
1426 2319 1696 2390 Τριάδοςο
1768 2339 1788 2373 »
1843 2320 1871 2373 6
1915 2321 1975 2374 τὺ

397 2411 626 2480 φρικτόν
680 2412 825 2465 ἐστιν
859 2412 1032 2482 ὄνομα
1083 2411 1178 2464 τοῦ
1251 2413 1418 2482 μόνου
1481 2413 1589 2466 τῶν
1647 2414 1784 2467 ὅλων
1839 2413 1974 2467 Θεοῦ

395 2505 454 2559 ἐν
490 2505 682 2572 Τριάδι
726 2505 876 2566 ὄντος
902 2520 917 2534 ο
954 2504 1050 2556 καὶ
1094 2505 1333 2572 σταυροῦ
1373 2503 1543 2557 τύπον
1569 2504 1760 2569 ποιῶν,
1789 2505 1979 2572 ὲπιτρὲο

399 2612 503 2663 ρει,
542 2613 561 2646 ι
603 2594 850 2662 Παναγία
874 2593 1130 2658 Θεοτόκε,
1163 2593 1346 2664 βοήθει
1371 2595 1503 2664 ἡμῖν
1526 2609 1539 2624 ο
1577 2613 1595 2645 »
1624 2595 1718 2649 καὶ
1755 2596 1978 2663 συμφώ-

397 2702 502 2746 νως
553 2685 807 2751 λέγουσιν
863 2685 1144 2751 ἅπαντες,
1215 2704 1234 2737 «
1295 2688 1476 2756 Αὐτῆς
1538 2688 1894 2757 πρεσϐείαις,
1949 2691 1977 2742 6

399 2777 552 2845 θεὸς,
589 2777 810 2846 ἐλέησον
840 2779 936 2831 καὶ
975 2780 1148 2832 σῶσον
1180 2780 1349 2849 ἡμᾶς.
1380 2781 1451 2832 Συ
1484 2778 1534 2832 εἳ
1558 2783 1586 2834 6
1621 2781 1980 2850 ὁμολογηθεὶς

401 2870 496 2923 καὶ
528 2869 860 2939 ἀνυμνηθεὶς
902 2869 1031 2940 παρ’
1061 2871 1241 2940 ἡμῶν,
1304 2874 1336 2942 ἠ
1372 2873 1505 2938 ,ἁγία
1529 2873 1720 2944 Τριὰς,
1753 2877 1780 2925 6
1819 2874 1980 2941 μόνος

401 2962 572 3026 ὅντως
626 2961 776 3025 Θεὸς.
830 2962 906 3016 Οὐ
972 2965 1081 3031 γὰρ
1144 2963 1294 3019 ἐστιν
1353 2965 1515 3029 ἄλλος
1573 2966 1712 3036 πλὴν
1778 2966 1893 3030 σοῦ,
1953 2968 1982 3020 6

401 3053 636 3120 ποιήσας
669 3056 762 3108 καὶ
801 3056 1045 3124 συνέχων
1073 3058 1240 3126 ἡμᾶς.
1282 3076 1300 3108 »
1340 3057 1449 3110 Kal.
1475 3057 1594 3110 τότε
1625 3059 1750 3118 τοὺς
1779 3058 1982 3126 ὕμνους

2075 1970 2300 2030 accepta
2332 1961 2518 2024 venia,
2588 1972 2716 2012 nam
2779 1971 2914 2024 pura
2963 1954 3116 2024 puris
3175 1950 3459 2006 tractanda
3511 1959 3662 2005 sunt.

2075 2058 2230 2113 venia
2262 2063 2442 2110 autem
2483 2059 2704 2124 purgat,
2758 2048 3068 2104 tacentibus
3117 2044 3414 2108 universis,
3463 2057 3658 2112 panem

2076 2147 2333 2211 sustollit,
2359 2154 2413 2200 et
2462 2143 2662 2197 clamat
2698 2159 2712 2195 :
2752 2139 3038 2209 «Magnum
3062 2151 3318 2197 nomen,»
3357 2147 3664 2200 omnesque

2075 2238 2419 2294 exclamant:
2443 2232 2690 2288 «Sanctae
2706 2229 3044 2293 Trinitatis,»
3067 2227 3206 2296 quod
3225 2234 3306 2280 est
3323 2221 3664 2278 tremendum

2075 2331 2246 2387 solius
2301 2328 2683 2406 universorum
2742 2322 2796 2376 in
2831 2320 3098 2374 Trinitate
3165 2315 3259 2370 Dei
3299 2323 3399 2379 ;et
3446 2313 3665 2384 signum

2078 2422 2258 2477 crucis
2297 2419 2503 2474 faciens
2533 2404 2685 2471 addit
2719 2433 2733 2468 :
2770 2432 2790 2465 «
2836 2410 3196 2467 Sanctissima
3233 2408 3329 2462 Dei
3387 2404 3668 2464 Genitrix,

2080 2529 2347 2570 succurre
2374 2511 2553 2576 nobis,
2591 2527 2610 2561 »
2647 2506 2920 2575 simulque
2953 2503 3148 2558 dicunt
3192 2515 3380 2556 omnes
3412 2515 3430 2554 :
3479 2516 3497 2549 «
3533 2497 3670 2564 Ejus

2078 2605 2481 2664 intercessione
2505 2602 2768 2656 miserere
2799 2597 2997 2662 nostri,
3032 2594 3196 2658 Deus,
3231 2599 3284 2647 et
3334 2590 3484 2646 salva
3519 2603 3618 2642 nos
3646 2605 3662 2647 ;

2082 2708 2136 2754 tu
2200 2714 2261 2754 es
2313 2712 2475 2766 quem
2537 2693 2862 2749 conﬁtemur
2911 2695 2965 2742 et
3015 2684 3234 2757 hymnis
3297 2681 3670 2743 celebramus,

2081 2802 2271 2850 saneta
2312 2789 2576 2852 Trinitas,
2614 2785 2765 2842 solus
2789 2797 2926 2838 vere
2981 2781 3150 2844 Deus,
3179 2791 3302 2831 nam
3357 2775 3501 2830 alius
3560 2788 3669 2825 non

2081 2894 2164 2940 est
2195 2892 2388 2954 praeter
2414 2890 2466 2936 te
2510 2880 2602 2950 qui
2650 2877 2829 2933 fecisti
2861 2889 2959 2930 nos
2988 2884 3149 2941 atque
3182 2883 3502 2924 conservas.
3553 2885 3570 2916 »
3593 2865 3658 2918 Et

2082 2986 2215 3033 tunc
2231 2978 2463 3048 hymnus
2479 2974 2570 3029 Dei
2587 2970 2848 3028 Genitrici
2875 2967 3157 3035 adjiciunt,
3179 2963 3421 3019 dicentes
3446 2976 3462 3016 ι
3503 2959 3673 3012 «Bea-

2086 3077 2199 3122 tam
2229 3077 2278 3122 te
2307 3067 2543 3121 dicimus
2591 3077 2778 3118 omnes
2812 3059 3246 3130 generationes,»
3295 3054 3366 3108 ob
3395 3052 3514 3121 ejus
3548 3065 3677 3118 pro-

401 3149 470 3217 τῇ
515 3147 820 3217 Θεομήτορι
860 3148 1206 3220 ἐπιφέρουσι,
1259 3149 1321 3202 τὸ
1366 3149 1544 3219 μὲν,’‹
1585 3151 1982 3220 Μακαρίζομέν

2091 3161 2350 3233 phetiam.
2380 3165 2449 3212 At
2476 3160 2529 3211 in
2557 3157 2721 3226 hujus
2779 3153 2886 3208 line
2912 3149 3300 3207 salutationem
3361 3144 3675 3214 angelicam

407 3255 465 3290 σε
519 3241 693 3292 πᾶσαι
731 3239 786 3291 αἱ
812 3239 1023 3307 γενεαὶ,
1063 3259 1081 3291 »
1117 3241 1206 3293 διὰ
1238 3241 1336 3311 τὴν
1379 3242 1554 3311 αὐτῆς
1606 3243 1977 3312 προφητείαν

406 3329 464 3385 ὲν
497 3327 576 3400 τῷ
615 3331 763 3382 τέλει
824 3331 881 3385 δὲ
932 3332 1125 3385 τούτου
1183 3336 1282 3403 τὴν
1346 3334 1438 3387 τοῦ
1485 3334 1722 3404 ἀγγέλου
1773 3335 1980 3406 φωνὴν,
2017 3349 2028 3380 :'

407 3424 490 3491 τὸ,
534 3443 552 3474 «
605 3424 801 3494 Χαῖρε,
827 3426 1268 3496 κεχαριτωμένη,
1306 3429 1332 3480 ὁ
1363 3426 1567 3496 Κύριος
1613 3427 1750 3496 μετὰ
1785 3429 1917 3480 σοῦ’
1959 3447 1980 3478 ι

408 3515 492 3568 ὃτι
542 3516 705 3568 τοῦτο
755 3515 907 3586 ἀργὴ
968 3515 1030 3568 τὸ
1081 3517 1232 3587 ῥῆμα
1293 3517 1392 3586 τῆς
1454 3518 1731 3587 σωτηρίας
1789 3518 1981 3588 ἡμῶνο

631 3610 724 3661 καὶ⁹
755 3607 1008 3680 εὔχονται
1043 3609 1139 3676 ὡς,
1195 3629 1212 3662 ι
1263 3612 1372 3666 Καὶ
1415 3612 1502 3665 διὰ
1539 3611 1632 3665 σοῦ
1679 3613 1797 3682 μεθ’
1828 3615 1986 3683 ἡμῶν

411 3706 438 3754 ὁ
471 3701 691 3771 Κύριος,
732 3719 750 3752 ι
781 3705 848 3772 τῇ
881 3702 1065 3773 χάριτι
1102 3703 1364 3773 δηλονότι.
1404 3701 1533 3756 Εἶτα
1584 3708 1680 3759 καὶ
1722 3708 1987 3776 εὐφήμως

414 3795 508 3846 καὶ
553 3794 865 3864 μελῳδικῶς
914 3797 1348 3864 ἁπερικάλυπτοι
1401 3799 1495 3860 τὰς
1529 3798 1775 3866 κεφαλὰς
1813 3801 1988 3868 μελῳ-

413 3884 566 3938 δοῦσι
597 3885 904 3948 δεικνύντες
932 3886 1015 3940 ὅτι
1047 3887 1260 3956 κεφαλὴ
1303 3885 1462 3956 ἡμῶν
1491 3885 1658 3958 αὕτη,
1691 3889 1788 3958 τὴν
1820 3905 1990 3955 κεφα-

414 3976 511 4048 λὴν
541 3979 698 4048 ἡμῶν
729 3977 1074 4030 ἀποτεκοῦσα
1102 3978 1360 4050 Χριστὸν,
1387 3981 1481 4032 καὶ
1506 3981 1684 4061 σθκέπη
1710 3981 1866 4050 ἡμῶν
1894 3980 1989 4033 ἀπ’

415 4071 644 4137 οὐρανοῦ
677 4070 776 4124 καὶ
813 4070 1118 4141 πρῖνοητὴς
1149 4073 1246 4124 καὶ
1279 4069 1556 4140 σωτηρίαο
1586 4072 1679 4122 καὶ
1705 4073 1787 4135 τδ,
1830 4089 1848 4122 ι
1900 4073 1994 4124 Ἀ·-

419 4161 528 4227 ξιὸν
548 4163 714 4227 ἐστιν,
753 4180 770 4212 »
799 4162 988 4235 ᾄδουσι
1013 4179 1026 4192 ·
1051 4164 1145 4216 καὶ
1169 4163 1430 4216 Θεοτὸκον
1449 4164 1616 4233 αὐτην
1640 4163 1991 4232 ὁμολογοῦσι·

418 4254 512 4306 καὶ
569 4254 898 4324 τιμιωτέραν
947 4255 1058 4307 τῶν
1103 4255 1388 4324 Χερουϐὶμ
1441 4254 1759 4323 μέλπουσιν,
1788 4253 1865 4318 ὡς
1904 4256 1996 4308 τὸν

419 4346 549 4399 Θεὸν
583 4347 753 4414 Λόγον
784 4349 1162 4409 ἐνυποστάτως
1198 4351 1264 4419 τῇ
1310 4348 1509 4416 γαστρὶ
1553 4347 1880 4417 δεξαμένην,
1903 4347 1998 4400 καὶ

420 4439 761 4510 ἀδιαφθόρως
789 4440 1094 4493 τεκοῦσαν·
1125 4426 1230 4494 και
1270 4441 1473 4510 κυρίως
1526 4442 1620 4492 καὶ
1658 4441 1827 4502 ὅντως
1865 4441 1996 4492 Θεο-

425 4533 578 4585 τὸκον
637 4533 811 4602 αὐτὴν
878 4533 1280 4603 μεγαλύνομεν,
1313 4533 1374 4586 τὸ
1415 4534 1849 4602 Μεγαλὺνομεν
1889 4533 1997 4588 ἀπὸ
2031 4515 2072 4570 D

424 4626 517 4693 τῆς
546 4625 688 4696 ῲῖῆς
719 4625 978 4688 λαϐόντες
1013 4627 1304 4697 αὑτῇςκαὶ
1329 4626 1390 4679 τὸ
1429 4625 1858 4694 Μακαρίζομεν.
1890 4627 2000 4680 Καὶ

399 4717 531 4788 ,γὰρ
570 4717 710 4788 αὕτη
743 4718 900 4770 τοῦτό
931 4735 1090 4789 φησι,
1128 4737 1146 4770 t
1184 4719 1494 4787 Μεγαλύνει
1526 4720 1558 4788 ή
1592 4719 1740 4789 ψυχή
1781 4737 1884 4789 μου
1912 4720 2001 4772 τὸν

426 4810 650 4879 Κύριον,
703 4829 722 4862 »
775 4812 885 4875 καὶ,
918 4830 936 4864 «
988 4804 1126 4866 Ἰδοὺ“
1145 4811 1252 4883 γὰρ
1281 4813 1392 4865 ἀπὸ
1417 4814 1513 4866 τοῦ
1547 4813 1642 4866 νῦν
1667 4811 2002 4883 μακαριοῦσί

429 4918 494 4967 με
529 4904 700 4956 πᾶσαι
731 4905 788 4958 αἱ
823 4904 1028 4972 γενεαί.
1064 4923 1084 4958 »
1123 4907 1197 4958 T6
1228 4907 1324 4973 μὲν
1359 4905 1452 4960 οὖν
1498 4906 1780 4974 ἀειυψῶσαι
1830 4909 1889 4958 τὸ
1926 4904 2005 4975 τῷ

429 4994 545 5065 Θεῷ
571 4997 862 5066 ἀναφέρειν
887 4997 1057 5065 δηλοῖ
1090 4999 1152 5050 τὸ
1180 4999 1235 5050 δὲ
1255 5000 1455 5067 εἰπεῖν,
1498 5017 1517 5050 ι
1563 5000 1722 5066 Μέγα
1752 5000 1812 5051 τὸ
1834 5000 2007 5069 ὄνομα

428 5089 525 5156 τῆς
562 5089 724 5157 ἁγίας
765 5088 1014 5158 Τριάδος,
1069 5107 1088 5140 »
1138 5090 1237 5156 τὴν
1292 5089 1586 5158 ὁμολογίαν
1619 5092 1879 5161 κηρύττει
1912 5093 2004 5144 τοῦ

427 5181 535 5234 τῶν
575 5184 712 5236 ὅλων
746 5184 804 5236 ὲν
849 5183 1039 5252 Τριάδι
1075 5181 1248 5236 Θεοῦο
1299 5186 1394 5236 καὶ
1446 5183 1626 5251 τούτῳ
1676 5181 2009 5253 προσφέρειν

429 5272 519 5323 τὸν
559 5274 758 5340 ἄρτον,
793 5278 884 5326 καὶ
946 5273 1241 5340 μεγαλύνει
1296 5275 1490 5328 τούτου
1521 5277 1582 5328 τὸ
1615 5275 1807 5345 ὄνομα.
1845 5278 1918 5330 T6
1951 5279 2010 5331 δὲ

433 5364 638 5433 εἰπεῖν,
679 5385 699 5418 «
734 5367 1003 5434 Παναγία,
1050 5368 1304 5434 Θεοτὸκε,
1333 5369 1692 5440 βοήθειήμῖν,
1730 5391 1749 5424 »
1789 5373 1882 5424 καὶ
1913 5373 2010 5441 τὴν

436 5457 716 5527 σάρκωσιν
756 5459 1017 5530 κηρύττει
1046 5460 1139 5513 τοῦ
1175 5463 1372 5529 Λόγου.
1418 5463 1588 5516 Τοῦτο
1619 5464 1728 5532 γὰρ
1756 5465 2012 5533 σημαίνει

435 5550 467 5618 ἡ
499 5549 763 5611 Θεοτόκος
798 5554 983 5621 φωνήο
1017 5553 1111 5606 καὶ
1159 5555 1360 5622 ταύτης
1417 5556 1706 5626 ἐπίκλησις
1760 5558 1966 5623 γίνεται
1996 5574 2010 5587 '

437 5640 532 5693 καὶ
564 5641 896 5709 πιστεύομεν
928 5642 1002 5707 ὡς
1030 5646 1319 5715 πάρεστιν,
1361 5647 1555 5717 ἑτοίμη
1590 5647 1728 5716 πρὸς
1762 5647 2014 5718 βοήθειαν

440 5725 578 5783 οὖτα
603 5744 618 5762 ⁶
663 5733 756 5784 καὶ
785 5734 812 5784 6
844 5734 1006 5803 ἄρτος
1038 5735 1176 5803 αὐτῇ
1208 5735 1281 5796 ὡς
1329 5726 1860 5806 δῶρον’κομίζεταιο
1887 5737 2016 5805 μᾶλ-

443 5821 532 5876 λον
565 5822 623 5878 δὲ
655 5823 722 5877 δι’
745 5826 916 5897 αὐτῆς
946 5826 1023 5895 τῷ
1068 5826 1180 5897 Υίῴ
1214 5825 1382 5897 αὐτῆς
1424 5825 1563 5899 ὑπὲρ
1609 5829 1765 5926 ἡμᾶρν
1810 5827 1868 5892 ἐξ
1916 5827 2016 5880 αύ-

2086 3253 2400 3325 prol'erunt:
2426 3252 2586 3314 «Ave,
2607 3264 2698 3320 gra
2711 3248 2782 3302 tia
2799 3247 2980 3317 plena,
2997 3242 3260 3298 Dominus
3278 3249 3454 3293 tecum
3469 3280 3478 3296 .
3494 3255 3513 3289 »
3536 3251 3678 3306 quo-

2085 3348 2231 3404 niam
2248 3345 2476 3401 verbum
2500 3343 2644 3398 istud
2667 3349 2868 3396 nostrae
2888 3339 3083 3394 salutis
3119 3343 3203 3390 est
3227 3329 3578 3404 principium.
3621 3334 3679 3379 et

2086 3445 2379 3504 precantur
2396 3441 2477 3497 ut,
2501 3431 2632 3487 «Per
2651 3441 2701 3486 te
2729 3430 3015 3485 nobiscum
3035 3427 3104 3481 sit
3131 3423 3417 3482 Dominus,
3434 3437 3454 3470 »
3479 3431 3680 3486 nempe

2090 3547 2185 3600 per
2215 3529 2446 3598 gratiam
2503 3539 2680 3579 suam.
2717 3521 2924 3578 Deinde
2960 3521 3152 3575 devote
3194 3523 3251 3570 et
3294 3525 3500 3566 canore
3527 3510 3679 3563 nmio

2088 3624 2267 3694 capite
2292 3621 2662 3682 modulantur,
2683 3615 2940 3687 quoniam
2965 3613 3080 3683 ipsa
3105 3619 3188 3666 est
3204 3614 3368 3677 caput
3399 3612 3678 3667 nostrum,

2089 3731 2212 3788 qua;
2230 3724 2389 3784 caput
2408 3721 2651 3767 nostrum
2674 3710 2917 3778 peperit;
2941 3709 3052 3774 ipsa
3079 3713 3162 3757 est
3188 3717 3218 3755 e
3248 3699 3388 3754 caelo
3410 3695 3684 3767 protectio

2091 3821 2278 3866 nostra
2335 3817 2502 3875 atque
2559 3799 2902 3872 providentia
2963 3807 3018 3850 et
3063 3795 3230 3857 salus,
3283 3798 3674 3848 cantantque:

2097 3900 2360 3969 «Dignum
2389 3903 2499 3949 est»
2535 3900 2588 3946 et
2609 3905 2728 3945 eam
2758 3887 2847 3942 Dei
2865 3883 3195 3941 Genitricem
3243 3879 3596 3941 couiiteutur,
3625 3882 3683 3927 et

2093 3993 2298 4059 majore
2337 3983 2627 4041 cherubim
2691 3980 2899 4033 honore
2927 3975 3145 4044 dignam
3182 3970 3484 4026 concinunt
3508 4009 3522 4032 ,
3551 3981 3684 4034 quo-

2094 4084 2241 4136 niam
2287 4081 2457 4132 Deum
2486 4074 2723 4129 Verbum
2752 4066 3192 4126 substantialiter
3251 4064 3304 4116 in
3340 4070 3498 4114 utero
3527 4074 3683 4112 recc-

2095 4169 2422 4238 piI,-etsine
2477 4163 2831 4231 corruptione
2872 4157 3108 4230 peperit,
3152 4167 3387 4221 eamque
3438 4163 3566 4204 vere
3619 4163 3686 4200 ac

2097 4261 2476 4316 indubitanter
2532 4256 2622 4311 Dei
2681 4254 3016 4310 Geuitriccm
3075 4245 3512 4314 magniﬁcamus,
3565 4243 3684 4294 hace

2099 4353 2287 4419 verba,
2362 4348 2770 4420 Hagniﬁcamus
2801 4355 2849 4400 et
2881 4345 3088 4400 beatam
3138 4340 3385 4404 dicimus,
3462 4350 3530 4391 ex
3561 4333 3689 4402 ejus

2102 4445 2317 4499 cantico
2337 4450 2639 4499 sumentes.
2668 4437 2785 4508 Ipsa
2810 4437 2953 4492 enim
2973 4434 3118 4489 istud
3139 4433 3276 4488 dixit
3307 4448 3321 4488 :
3350 4429 3694 4498 «Magnilieat

2101 4533 2282 4587 anima
2302 4546 2421 4586 mea
2458 4527 2802 4595 Dominum,»
2839 4537 2894 4582 et
2923 4543 2939 4581 :
2979 4544 2996 4578 ι
3027 4526 3161 4579 Ecce
3183 4523 3325 4578 enim
3349 4537 3414 4576 ex
3437 4521 3540 4576 hoc
3569 4519 3691 4573 bea-

2103 4635 2213 4680 tam
2247 4641 2333 4680 me
2384 4624 2567 4678 dicent
2614 4636 2805 4678 omnes
2855 4619 3260 4691 generationes.
3288 4634 3307 4668 »
3359 4613 3502 4670 Duut
3529 4612 3693 4681 panis

2103 4719 2327 4789 quidem
2361 4717 2416 4771 in
2448 4716 2617 4770 altum
2669 4713 2899 4776 tollitur,
2937 4711 3046 4766 Deo
3093 4707 3275 4764 offerri
3333 4704 3688 4768 ostenditur;

2106 4821 2162 4866 at
2187 4812 2316 4865 dum
2350 4809 2556 4864 dicitur
2581 4824 2595 4862 :
2633 4805 2886 4876 Magnum
2915 4818 3114 4858 nomen
3144 4808 3348 4856 sancta:
3372 4795 3688 4860 Trinitatis,

2106 4902 2506 4957 confessionem
2555 4898 2820 4972 praedicat
2870 4897 3002 4950 trini
3053 4895 3436 4948 universorum
3493 4889 3691 4953 Dei,«:t

2107 4999 2238 5052 dum
2276 4977 2448 5064 panis.
2468 4993 2594 5047 huic
2622 4990 2872 5056 offertur,
2899 5003 3098 5044 nomen
3124 4985 3243 5057 ejus
3277 4982 3684 5054 magnilicatur.

2110 5088 2299 5143 Dicere
2340 5099 2500 5140 vero:
2532 5103 2550 5136 «
2588 5083 2947 5138 Sanctissima
2986 5080 3080 5134 Dei
3101 5077 3372 5142 Genitrix,
3425 5086 3690 5128 succurre

2112 5184 2294 5246 nobis,
2311 5201 2328 5230 ι
2364 5179 2797 5237 incarnationem
2817 5177 2980 5233 Verbi
3003 5174 3284 5246 przedieat,
3317 5171 3422 5224 hoc
3446 5167 3590 5225 enim
3614 5166 3695 5220 si-

2111 5276 2334 5348 gniﬁcat
2383 5291 2488 5330 vox
2541 5274 2634 5329 Dei
2678 5271 2922 5328 Genitrix
2953 5285 2969 5333 ;
2996 5279 3210 5321 necnon
3239 5261 3389 5317 illius
3447 5259 3502 5313 iit
3537 5259 3695 5312 invo-

2113 5367 2283 5432 catio,
2313 5375 2366 5422 et
2393 5366 2677 5422 credimus
2723 5379 2843 5420 eam
2884 5361 3081 5415 adesse
3129 5355 3197 5410 ad
3261 5351 3695 5409 succurrendum

2115 5470 2389 5533 paratam,
2423 5470 2478 5518 et
2507 5461 2666 5530 panis
2727 5459 2776 5514 ei
2825 5456 2990 5522 velut]
3015 5453 3218 5507 donum
3254 5453 3570 5518 praestatur,
3599 5459 3702 5512 po-

2119 5559 2229 5612 tius
2255 5565 2439 5612 autem
2470 5571 2568 5626 per
2599 5568 2719 5609 eam
2776 5550 2915 5605 Filio
2939 5548 3080 5616 {ejus
3126 5559 3226 5616 pro
3256 5541 3415 5596 nobis
3461 5553 3524 5592 ex
3577 5537 3695 5605 ipsa

2118 5650 2429 5714 inc’arnato,
2454 5659 2508 5703 ct
2535 5655 2760 5718 propter
2795 5658 2894 5706 nos
2946 5640 3184 5696 libenter
3240 5647 3460 5690 crucem
3509 5645 3693 5699 passo,

2121 5740 2266 5812 quod
2303 5753 2399 5808 per
2455 5753 2674 5794 crucem
2705 5735 2801 5806 qui
2857 5749 2981 5789 eum
3023 5727 3264 5786 sustollit
3312 5728 3691 5792 reprtesentat.

2124 5826 2223 5886 l’lic
2255 5831 2418 5901 igitur
2449 5831 2630 5902 panis,
2672 5835 2859 5899 utpote
2915 5822 3102 5882 divina
3155 5815 3503 5876 invocatione
3532 5823 3702 5878 super
