4068 6280
387 358 491 420 ('67

1171 360 1558 424 SYMEONIS
1597 356 2040 419 TlIESSALON
2055 356 2348 420 lCENSlS
2397 360 2754 423 ARCHIEP.

3551 365 3660 430 658

386 465 1094 539 emnfacts,expressoque
1150 467 1222 522 ab
1275 468 1434 524 initio
1492 451 1674 523 crucis
1721 465 1899 538 signo,
1931 472 1984 519 et

2087 470 2182 539 τῆς
2220 472 2580 541 σαρκωθὲντι,
2629 477 2724 529 καὶ
2775 475 2844 528 δι’
2898 453 3078 546 ἡμεῖς
3111 477 3380 542 ἑκουσίως
3433 487 3669 552 σταυρὸν

389 575 614 616 rursum
679 559 880 616 deinde
947 561 1002 616 in
1061 561 1356 632 praedicata
1418 563 1648 633 Deipara
1685 603 1702 628 ,
1767 575 1979 617 necnon

2086 564 2440 634 ὑπομείναντι
2468 583 2483 600 ·
2515 567 2652 640 ὅπερ
2699 570 2796 622 καὶ
2842 569 2932 622 διὰ
2975 569 3068 624 τοῦ
3113 571 3348 642 σταυροῦ
3385 574 3411 624 δ
3446 575 3669 644 ὰνυψῶν

389 653 569 725 agnita
607 653 996 709 incarnatione
1037 652 1221 721 Verbi,
1285 655 1514 726 ipsaque
1560 655 1655 710 Dei
1711 654 1982 725 genitricis

387 747 446 802 in
474 745 736 802 auxilium
765 747 1042 810 invocata.
1068 763 1266 821 magna
1294 757 1474 818 potest
1501 761 1556 806 et
1579 765 1609 804 a
1642 749 1836 804 multis
1869 763 1982 803 ma-

390 837 456 892 lis
487 838 654 900 eruit,
704 853 802 896 seu
829 841 1016 909 potius
1051 840 1119 896 ab
1171 841 1452 908 omnibus,
1482 851 1536 898 et
1587 843 1849 898 omnibus
1890 857 1978 895 re-

393 931 502 1000 plet
527 930 687 985 bonis
719 945 784 986 ac
833 931 1014 987 salvat
1075 934 1371 988 continuo.
1405 932 1761 1002 Quapropter
1787 933 1874 988 die
1914 947 1979 988 ac

386 1032 550 1078 nocte
580 1030 746 1094 atque
783 1022 895 1079 fere
921 1023 975 1079 in
1017 1024 1171 1080 omni
1228 1025 1362 1080 hora
1423 1024 1574 1082 istud
1610 1041 1712 1081 nos
1760 1035 1980 1096 oportet

383 1115 592 1184 facere,
627 1132 958 1188 semperque
992 1121 1092 1174 bas
1122 1133 1284 1174 voces
1318 1119 1582 1177 clamare.
1615 1134 1827 1176 necnon
1861 1135 1978 1174 ma-

383 1225 418 1279 g
443 1208 645 1266 iiﬁcare
676 1209 1004 1266 Trinitatem
1037 1211 1246 1278 Deique
1269 1203 1680 1268 Genitriceuﬂt
1709 1212 1975 1268 auxilium

385 1300 669 1356 invocare.
702 1300 1000 1368 Quodnam
1032 1303 1178 1357 enim
1235 1304 1417 1373 majus
1457 1318 1618 1372 quam
1667 1304 1791 1373 ejus
1822 1304 1979 1359 auxi-

389 1390 571 1447 lium?
600 1391 696 1447 Vel
727 1392 851 1461 quis
910 1394 1028 1463 ipsa
1081 1395 1346 1464 majorem
1384 1395 1549 1448 habet
1598 1396 1978 1465 potestatem?

388 1485 468 1537 vel
503 1483 629 1553 quis
657 1485 832 1555 magis
861 1500 981 1553 ipsa
1005 1487 1222 1540 salvare
1270 1487 1483 1557 potest?
1513 1487 1679 1558 Igitur
1709 1504 1810 1558 ego
1851 1489 1979 1558 qui-

325 1569 343 1656 "
387 1576 510 1630 item
543 1577 688 1632 istud
723 1578 877 1632 multi
924 1577 1134 1633 faciens
1164 1581 1349 1634 divina
1383 1580 1498 1636 inec
1530 1582 1692 1637 verba
1729 1583 1856 1637 dico
1883 1599 1976 1638 as-

335 1657 342 1682 ¹
389 1668 568 1735 s‘due,
621 1671 935 1742 multosque
985 1669 1054 1728 ad
1121 1673 1228 1729 hoc
1258 1672 1480 1728 incitavi
1513 1683 1574 1729 ut
1625 1683 1681 1730 et
1725 1675 1829 1743 ipsi
1883 1674 1977 1729 illa

386 1762 569 1817 dicant
599 1766 844 1830 assidue,
867 1775 1045 1822 et'vos
1081 1767 1236 1823 scitis
1273 1783 1356 1823 me
1387 1768 1442 1822 in
1469 1767 1744 1823 universis
1803 1769 1979 1824 eccle-

388 1857 486 1911 siis
516 1857 844 1926 praecepisse
875 1859 1020 1913 istud
1077 1861 1325 1931 quotidie
1371 1859 1578 1927 facere,
1611 1869 1666 1914 et
1717 1862 1773 1916 in
1825 1861 1976 1916 omni

389 1952 663 2004 matutino
708 1951 890 2007 oﬂicio
943 1961 1068 2023 post
1133 1953 1296 2010 finem
1335 1955 1484 2009 horae
1532 1969 1716 2018 nonae,
1781 1970 1976 2025 panem

395 2042 540 2096 hunc
569 2043 622 2096 in
651 2043 823 2097 altum
853 2058 882 2096 a
914 2045 1208 2102 sacerdote
1264 2047 1510 2112 sustolli,
1574 2057 1979 2119 consuetasque

390 2135 499 2188 dici
533 2150 721 2191 sacras
746 2138 844 2192 bas
879 2153 1068 2207 preces
1094 2155 1123 2195 a
1168 2140 1423 2196 Patribus
1456 2141 1708 2208 traditas,
1745 2143 1799 2198 in
1847 2157 1980 2199 con-

390 2228 693 2284 fessionem
752 2241 958 2286 sancta:
1015 2231 1305 2288 Trinitatis
1363 2234 1526 2292 unius
1593 2235 1976 2292 universorum

394 2322 489 2378 Dei
520 2325 718 2392 nostri,
748 2332 915 2396 prout
961 2325 1227 2390 diximus,
1260 2337 1313 2382 et
1360 2328 1760 2384 incarnationis
1794 2329 1976 2393 Verbi,

393 2431 609 2471 necnon
635 2417 692 2472 in
728 2417 997 2474 honorem
1025 2418 1216 2475 Matris
1254 2419 1374 2490 ejus
1402 2421 1772 2476 sanctissimae
1802 2422 1979 2481 solius

391 2526 610 2580 semper
638 2511 874 2584 virginis
897 2526 1134 2582 vereque
1153 2511 1403 2582 Deipara:
1425 2553 1439 2576 ,
1467 2523 1634 2584 atque
1669 2514 1790 2583 ejus
1818 2530 1978 2584 opem

392 2605 674 2671 invocare,
716 2605 980 2672 quoniam
1008 2605 1240 2661 multum
1277 2622 1344 2662 ex
1373 2607 1480 2662 hoc
1525 2607 1845 2663 invenimus
1877 2610 1976 2662 ad-

386 2696 683 2764 jutorinm,
714 2696 861 2751 istud
893 2697 1059 2751 etiam
1091 2695 1270 2754 facere
1309 2699 1508 2756 mando
1557 2698 1612 2752 in
1647 2699 1894 2762 Chi-isto,
1925 2706 1982 2754 et

393 2792 586 2843 hortor
616 2800 670 2844 et
699 2789 982 2860 praecipio,
1019 2805 1231 2860 vosque
1257 2806 1456 2848 omnes
1494 2792 1702 2847 advoco
1729 2793 1784 2846 in
1832 2792 1984 2848 salu-

2083 655 2330 710 ὲκτυποῖ.
2370 657 2428 710 Ὀ
2468 657 2633 729 ἄρτος
2668 655 2763 712 οὖν
2794 653 2970 724 οὗτος,
3005 660 3082 725 ὡς
3111 663 3205 714 καὶ
3226 663 3329 732 τῆς
3361 663 3511 728 θείας
3541 666 3667 720 dvo;

2087 749 2292 818 μασίας
2314 749 2401 802 ἐπ’
2426 751 2574 821 αὐτῷ
2603 753 2922 822 γινομένης,
2947 753 3043 807 καὶ
3070 754 3132 820 ἐξ
3161 754 3337 825 ἀρχῆς
3367 758 3468 826 τῆς
3502 774 3668 812 σταυ-

2085 843 2247 912 ρικῆς
2275 845 2572 914 σφραγῖδος
2597 846 2692 899 καὶ
2730 846 2894 901 πάλιν
2927 845 3160 915 ὕστερον
3187 849 3282 904 καὶ
3336 849 3435 919 τῆς
3473 850 3667 905 Θεοτό-

2083 952 2182 988 κου
2224 935 2312 987 ἐπ’
2343 935 2491 1005 αὐτῷ
2516 937 3019 1008 ἅνακηρυχθείσης,
3048 941 3145 992 καὶ
3189 939 3292 1009 τῆς
3329 941 3668 1010 σαρκώσεως

2082 1029 2177 1082 τοῦ
2230 1029 2408 1096 Λόγου
2461 1029 2981 1102 ἁνομολογηθείσης,
3037 1033 3274 1102 καὶτῆς
3321 1033 3669 1105 Θεομήτορος

2077 1120 2257 1190 αὐτῆς
2291 1121 2371 1184 είς
2413 1121 2670 1191 βοήθειαν
2699 1123 3114 1194 ἐπικληθείσης,
3146 1125 3359 1193 μεγάλα
3401 1127 3664 1181 δύναται·

2083 1215 2177 1270 καὶ
2215 1215 2429 1270 πολλῶν
2462 1216 2650 1285 ῥύεται
2710 1216 2902 1270 δεινῶν
2923 1236 2938 1252 ο
2975 1218 3214 1287 μάλιστα
3239 1219 3294 1272 δέ
3325 1237 3388 1288 γε
3421 1223 3666 1286 πάντων,

2082 1310 2178 1362 καὶ
2212 1310 2428 1363 πάντων
2465 1311 2732 1380 ἐκπληροῖ
2757 1310 3039 1382 χρηστῶν,
3066 1312 3158 1365 καὶ
3192 1311 3355 1376 σώζει
3380 1312 3669 1380 διηνεκῶς.

2082 1401 2287 1473 Διόπερ
2315 1402 2412 1456 καὶ
2447 1404 2503 1455 ὲν
2534 1402 2722 1473 ἡμέρᾳ
2760 1404 2856 1455 καὶ
2895 1404 2952 1455 ἐν
2985 1403 3146 1456 νυκτὶ
3171 1404 3267 1457 καὶ
3293 1406 3350 1456 ὲν
3378 1405 3526 1476 πάσῃ
3550 1403 3671 1474 ὥρᾳ

2085 1494 2274 1564 σχεδὸν
2303 1494 2462 1548 τοῦτο
2495 1495 2576 1548 δεῖ
2610 1497 2782 1550 ποιεῖν
2836 1498 3012 1569 ἡμᾶς,
3058 1499 3155 1551 καὶ
3205 1497 3294 1550 ἀεὶ
3327 1497 3533 1560 ταύτας
3563 1499 3668 1560 τὰς

2080 1587 2269 1656 φωνὰς
2294 1587 2515 1659 ὲκὸοᾷν,
2551 1590 2644 1642 καὶ
2677 1589 3001 1658 μεγαλύνειν
3037 1591 3138 1659 τὴν
3169 1590 3407 1658 Τριὰδα,
3450 1591 3544 1643 καὶ
3567 1591 3668 1658 τὴν

2079 1680 2345 1733 Θεοτὸκον
2382 1683 2763 1736 ἐπικαλεῖσθαι
2803 1683 2880 1746 είς
2913 1683 3172 1752 βοήθειαν
3196 1699 3212 1716 ο
3244 1685 3326 1737 ὅτι
3347 1685 3428 1746 τίς
3467 1683 3667 1754 μείζων

2080 1771 2183 1840 τῆς
2211 1772 2461 1842 βοηθείας
2497 1774 2670 1842 αὐτῆς
2692 1793 2705 1841 ;
2726 1775 2757 1845 ἢ
2776 1777 2858 1840 τίς
2889 1777 3212 1848 παρρησίαν
3235 1776 3433 1844 ἔχουσα
3457 1777 3629 1845 μείζω
3651 1793 3667 1842 ;

2083 1861 2226 1930 ἤτίς
2255 1863 2530 1932 δυναμένη
2583 1865 2756 1918 σῶσαι
2804 1866 2967 1918 πλέον
2998 1866 3208 1934 αὐτῆςς
3253 1866 3398 1935 Ἐγὼ
3435 1865 3534 1935 μὲν
3572 1862 3667 1920 οὖν

2081 1954 2242 2006 τοῦτο
2278 1971 2340 2006 πε
2355 1957 2409 2025 pi.
2442 1955 2699 2010 πλείστου
2748 1962 3098 2028 ποιούμενος,
3133 1959 3374 2029 συνεχῶς
3392 1959 3490 2020 τὰς
3519 1960 3668 2018 θείας

2081 2047 2286 2112 ταύτας
2323 2048 2467 2116 λέγω
2499 2051 2685 2118 φωνάς
2715 2067 2730 2082 ο
2763 2050 2858 2103 καὶ
2903 2049 3032 2118 περὶ
3067 2049 3257 2102 τούτου
3303 2050 3520 2113 πολλοῖς
3547 2050 3667 2103 ἀνέ-

2081 2138 2250 2209 θηκα,
2275 2139 2416 2194 ὥστε
2452 2141 2693 2209 συνεχῶς
2722 2140 2882 2194 τοῦτο
2913 2145 3118 2194 ποιεῖν’
3155 2141 3254 2196 καὶ
3286 2141 3444 2212 ὑμεῖς
3489 2141 3667 2194 οἴδατε

2080 2232 2157 2294 ὡς
2211 2235 2306 2286 καὶ
2361 2235 2422 2286 tv
2474 2235 2596 2297 ταῖς
2650 2235 2967 2298 καθολικαῖς
3003 2234 3330 2304 ἐκκλησίαις
3370 2234 3668 2302 παρέδωκα

2079 2323 2242 2378 τοῦτο
2271 2317 2394 2378 καθ⁴
2422 2326 2634 2396 ἡμέραν
2664 2329 2857 2389 ποιεῖν,
2893 2329 2988 2380 καὶ
3017 2331 3078 2395 tv
3101 2328 3268 2379 παντὶ
3303 2326 3487 2399 ὄρθρῳ
3527 2326 3670 2396 μετὰ

2081 2416 2142 2469 τὸ
2174 2416 2328 2481 τέλος
2365 2418 2463 2488 τῆς
2511 2420 2737 2488 ὲννάτης
2781 2419 2948 2490 ᾠδῆς,
2996 2419 3149 2488 παρὰ
3177 2418 3270 2471 τοῦ
3308 2420 3498 2488 ἱερέως
3532 2420 3667 2472 ἁνυ-

2081 2509 2319 2580 ψοῦσθαι
2361 2513 2555 2565 τοῦτον
2604 2514 2695 2564 τὸν
2729 2513 2917 2582 ἄρτον,
2959 2511 3183 2574 καὶτὰς
3213 2512 3466 2581 συνήθεις
3515 2512 3668 2580 ἱερὰς

2082 2605 2288 2669 ταύτας
2317 2604 2499 2674 λέγειν
2527 2607 2625 2668 τὰς
2648 2605 2754 2658 ὑπὸ
2783 2606 2893 2658 τῶν
2925 2605 3192 2675 Πατέρων
3224 2605 3670 2678 παραδεδομένας

2084 2699 2291 2768 φωνὰς,
2339 2700 2422 2762 είς
2469 2698 2766 2769 ὁμολογίαν
2797 2716 2855 2750 τε
2915 2701 3014 2768 τῆς
3071 2699 3235 2769 ἁγίας
3293 2697 3533 2772 Τριάδος
3571 2699 3670 2753 τοῦ

2086 2792 2252 2862 μόνου
2279 2790 2388 2844 τῶν
2419 2790 2557 2844 ὅλων
2591 2788 2726 2845 Θεοῦ
2758 2791 2936 2861 ἡμῶν,
2967 2791 3044 2852 ὡς
3083 2793 3410 2864 εἰρήκαμεν,
3445 2791 3540 2845 καὶ
3566 2791 3670 2860 τῆς

389 2891 498 2937 tem
524 2891 790 2938 nostram.
819 2883 874 2938 Si
900 2899 1031 2953 ergo
1069 2883 1322 2939 nonnulli
1343 2901 1372 2940 ιι
1398 2885 1503 2940 fide
1524 2885 1687 2940 alieni
1731 2901 1891 2940 mane
1916 2901 1983 2942 ac

2085 2885 2179 2938 τοῦ
2228 2885 2404 2952 Λόγου
2453 2885 2952 2954 ὲνανθρωπήσεως’
2988 2887 3082 2938 καὶ
3122 2885 3202 2938 ἔτι
3249 2886 3331 2949 είς
3365 2885 3532 2955 τιμὴν
3563 2883 3670 2952 τῆς

387 2989 616 3043 vespere
645 2990 860 3045 semper
889 2975 1075 3031 dicere
1090 2976 1330 3044 student,
1357 2997 1377 3030 «
1402 2978 1536 3045 Ave,
1562 2979 1735 3046 gratia
1764 2978 1974 3048 plena.»

388 3070 498 3124 hoc
526 3069 794 3125 ducentes
823 3071 1086 3128 honorem
1135 3079 1305 3127 easta;
1331 3070 1426 3126 Dei
1460 3069 1788 3139 Genitricis,
1833 3074 1978 3144 quod

2085 2977 2250 3032 αὑτοῦ
2291 2976 2518 3051 Μητρὸς
2552 2978 2652 3048 τῆς
2684 2977 2962 3045 Παναγίας
2999 2977 3167 3048 μόνης
3206 2977 3576 3047 ἁειπαρθένου
3608 2994 3671 3029 τε

2088 3072 2182 3125 καὶ
2213 3071 2421 3144 κυρίως
2461 3071 2730 3124 Θεοτόκου
2755 3086 2768 3100 ·
2802 3074 2896 3124 καὶ
2928 3071 3029 3141 τὴν
3077 3070 3248 3139 αὐτῆς
3284 3067 3671 3122 ἐπικαλεῖσθαι

390 3177 499 3221 nan
530 3163 859 3220 invenerunt
880 3163 1003 3233 ipsi,
1038 3162 1132 3220 sed
1163 3165 1391 3234 alitiqua
1428 3163 1654 3220 Patrum
1683 3176 1983 3222 consuetu-

2089 3165 2345 3238 βοήθειαν
2368 3180 2383 3194 '
2408 3165 2526 3218 tusi
2552 3164 2649 3218 καὶ
2680 3163 2948 3234 πλείστην
2975 3163 3293 3232 εὑρήκαμεν
3323 3163 3421 3230 τὴν
3449 3164 3515 3215 ἐκ
3534 3163 3662 3216 τού-

391 3258 522 3312 «line
556 3257 817 3312 traditum
846 3269 952 3323 est,
984 3266 1146 3329 prout
1185 3259 1340 3313 brew
1391 3247 1598 3326 disces,
1633 3270 1843 3328 quanto
1870 3274 1984 3313 ma-

391 3353 477 3422 gis
497 3360 715 3420 oportet
741 3365 844 3407 nos
868 3351 1209 3406 orthodoxae
1237 3365 1366 3406 vere
1403 3351 1697 3407 catholicae
1725 3351 1984 3407 Ecclesia:

393 3444 540 3498 filios
569 3444 674 3498 hoc
704 3441 888 3501 facere
949 3444 1071 3500 sine
1126 3445 1538 3500 intermissione
1581 3453 1635 3500 et
1677 3444 1986 3515 diligentis-

390 3538 549 3591 sime.
568 3535 698 3591 lllud
725 3545 928 3596 autem.
955 3535 1122 3603 «Ave,
1145 3536 1321 3606 gratia
1341 3536 1554 3604 plena,»
1571 3537 1700 3591 olim
1721 3538 1775 3591 in
1799 3537 1987 3595 Eccle-

390 3629 470 3682 sia
493 3626 702 3681 cantari
733 3627 952 3682 solitum
983 3625 1154 3682 fuisse
1183 3628 1383 3684 discite
1410 3629 1746 3698 ervesperis
1779 3640 1986 3683 sancire

391 3719 866 3791 quadragesimae,
912 3709 1083 3789 quum
1145 3726 1272 3776 ante
1329 3722 1694 3792 quodcunque
1731 3724 1878 3778 aliud
1931 3724 1983 3778 in

395 3816 502 3867 llne
529 3823 648 3881 post
670 3812 862 3868 «Pater
883 3821 1122 3877 noslem
1155 3813 1259 3868 hoc
1285 3815 1537 3883 protinus
1564 3817 1764 3871 dicitur
1792 3835 1806 3871 :
1847 3836 1866 3868 «
1888 3817 1985 3872 Dei

391 3904 636 3961 Genitrix
668 3906 849 3978 Virgo,
875 3921 995 3972 ave,
1011 3908 1188 3978 gratia
1227 3909 1406 3977 plana,
1441 3909 1704 3967 Dominus
1731 3920 1934 3978 tecum,
1959 3929 1978 3965 ›

397 4017 609 4056 necnon
647 4016 675 4055 a
705 4002 953 4072 vesperis
977 4002 1316 4070 vigiliarum,
1361 4013 1489 4059 ante
1537 4005 1983 4060 benedictionem

395 4109 598 4163 panum
632 4095 762 4149 illud
785 4094 1014 4150 assidue
1066 4094 1298 4157 dicitur,
1332 4105 1390 4150 et
1440 4097 1495 4150 in
1557 4098 1840 4153 cantionis
1890 4113 1984 4152 or-

393 4187 521 4241 dine
547 4187 602 4241 in
643 4186 906 4242 omnibus
929 4185 1204 4256 vesperis,
1237 4195 1296 4240 ut
1321 4187 1518 4252 nostis,
1566 4203 1687 4244 mos
1722 4199 1802 4245 est
1837 4189 1982 4245 istud

392 4281 624 4351 singulis
657 4280 903 4350 vesperis
923 4279 1033 4334 dici
1063 4280 1115 4334 in
1143 4282 1243 4336 hac
1275 4297 1472 4350 inagna
1495 4281 1982 4338 Tliessalonicensi

330 4372 336 4445 ᾖ
393 4373 659 4430 Ecclesia.
689 4371 854 4444 Igitur
879 4374 924 4427 si
957 4371 1236 4442 simplices
1259 4373 1377 4428 istae
1392 4388 1585 4440 voces,
1615 4374 1779 4443 «Ave,
1807 4375 1984 4445 gratia

2084 3275 2180 3311 του
2231 3257 2510 3328 βοήθειαν,
2535 3261 2631 3311 καὶ
2681 3257 2841 3310 τοῦτο
2891 3259 3068 3310 ποιεῖν
3112 3255 3575 3326 παρακελεύομαι
3613 3258 3671 3310 tv

2085 3351 2309 3422 Χριστῷ
2331 3366 2346 3382 ⁸
2379 3351 2473 3404 καὶ
2501 3349 2825 3418 ἀνατίθημι,
2869 3349 2960 3401 καὶ
3001 3347 3391 3419 παραγγέλλω,
3428 3347 3520 3401 καὶ
3567 3365 3672 3400 πα-

2088 3445 2314 3516 ρακαλῶ
2357 3445 2503 3514 ὑμᾶς
2549 3445 2760 3506 πάντας
2809 3443 2888 3505 εἰς
2943 3443 3222 3510 σωτηρίαν
3252 3441 3438 3511 ἡμῶν.
3479 3442 3542 3494 Ei
3577 3440 3672 3494 οὖν

2083 3538 2196 3592 τῶν
2227 3537 2553 3608 ἑτεροδόξων
2581 3537 2726 3598 τινὲς
2747 3532 2894 3604 πρωῒ
2911 3535 3008 3588 καὶ
3034 3535 3276 3603 ἑσπέρας
3304 3534 3386 3597 τὸ,
3424 3552 3442 3585 «
3472 3532 3670 3602 Χαῖρε,

2087 3629 2529 3701 κεχαριτωμένη,
2583 3645 2602 3680 ι
2657 3628 2838 3696 λέγειν
2898 3627 2988 3680 ἀεὶ
3051 3623 3442 3690 σπουδάζουσι,
3501 3624 3670 3694 τιμὴν

2083 3723 2248 3777 τοῦτο
2279 3721 2572 3792 ἡγούμενοι
2600 3721 2698 3790 τῆς
2724 3721 2896 3790 ἁγνῆς
2923 3717 3212 3785 Θεοτόκου,
3229 3718 3366 3787 ὅπερ
3384 3716 3506 3769 οὐδὲ
3538 3715 3670 3785 παρ’

2085 3811 2268 3864 αὐτῶν
2302 3813 2448 3864 ἐστιν
2478 3809 2806 3880 εὑρημένον,
2840 3809 2957 3862 ἀλλ’
2980 3807 3099 3874 ἔθος
3127 3810 3353 3882 ἀρχαῖον
3377 3809 3668 3878 πατρικὸν,

2085 3902 2231 3956 καθὰ
2261 3903 2358 3956 καὶ
2385 3902 2608 3976 μαθήσῃ
2641 3902 2779 3972 μετὰ
2801 3901 2999 3973 βραχυ,
3031 3903 3212 3973 πολλῷ
3241 3919 3306 3970 γε
3336 3903 3539 3973 μᾶλλον
3561 3902 3670 3974 χρὴ

2085 3995 2210 4058 τοὺς
2235 3993 2558 4065 ὀρθοδόξους
2582 3994 2731 4063 ἡμᾶς
2766 3995 2862 4048 καὶ
2892 3996 2989 4062 τῆς
3016 3994 3313 4064 καθολικῆς
3345 3995 3514 4057 ὅντως
3546 3993 3670 4047 Ἐκ-

2087 4090 2316 4160 κλησίας
2347 4089 2506 4142 τοῦτο
2561 4089 2742 4140 ποιεῖν
2789 4088 3150 4152 ἀδιαλείπτως
3199 4089 3294 4143 καὶ
3331 4091 3390 4142 tv
3436 4089 3668 4160 σπουδῇ.

2087 4184 2214 4236 Ὀτι
2261 4183 2319 4237 δὲ
2349 4183 2433 4245 τὸ,
2467 4200 2486 4234 ι
2529 4183 2726 4253 Χαῖρε,
2774 4183 3218 4254 κεχαριτωμένη,
3269 4199 3287 4232 ι
3331 4181 3554 4253 ᾄδεσθαι
3607 4183 3668 4235 ἐν

2089 4278 2155 4346 τῇ
2221 4276 2494 4345 ὲκκλησιᾳ
2527 4275 2698 4328 πάλαι
2737 4275 3051 4343 εἰθισμένον
3089 4275 3228 4340 ἐστὶ,
3258 4273 3434 4342 γνῶτε
3461 4273 3570 4327 ἀπό
3599 4289 3662 4325 τε

2083 4370 2195 4422 τῶν
2223 4367 2368 4424 κατὰ
2390 4371 2491 4440 τὴν
2513 4370 2678 4435 ἁγίαν
2713 4367 3176 4438 Τεσσαρακοστὴν
3224 4367 3552 4434 ἐσπερινῶν,
3580 4365 3672 4419 ὅτε

397 4469 608 4539 plena,»
649 4469 722 4523 ita
744 4477 871 4523 sunt
897 4466 1171 4533 eﬂicaces,
1193 4474 1358 4532 atque
1387 4466 1437 4520 in
1483 4467 1744 4520 honorem
1781 4475 1834 4520 et
1861 4466 1980 4533 glo-

2093 4461 2200 4530 πρδ
2240 4462 2441 4522 παντὸς
2480 4460 2644 4514 ἄλλου
2696 4463 2754 4514 tv
2801 4458 2880 4530 τῷ
2927 4460 3075 4513 τέλει
3112 4461 3252 4528 μετὰ
3299 4459 3384 4525 τδ,
3422 4477 3440 4511 ι
3487 4459 3671 4531 Πάτερ

315 4570 330 4596 ⁸
400 4563 536 4616 riam
573 4561 664 4616 Dei
693 4561 996 4618 Genitricis
1037 4560 1347 4626 tendentes,
1375 4563 1636 4632 quoniam
1663 4562 1978 4632 archangeli

304 4671 307 4678 '
396 4666 525 4712 sunt
560 4656 819 4712 salutatio
845 4656 899 4712 in
929 4671 1038 4727 qua
1071 4657 1250 4712 soluta
1289 4664 1379 4711 est
1430 4656 1750 4711 maledictio
1791 4666 1849 4709 et
1875 4655 1979 4711 im-

399 4750 598 4820 pertita
646 4751 858 4817 laetitia,
921 4750 1052 4818 quia
1093 4751 1482 4806 universorum
1531 4749 1789 4805 Salvator
1835 4749 1982 4805 Deus

398 4841 492 4896 Dei
522 4839 759 4896 Verbum
787 4842 842 4895 in
875 4857 942 4896 ea
981 4840 1249 4897 habitavit
1287 4853 1453 4912 atque
1476 4858 1545 4900 ex
1578 4857 1640 4898 ea
1671 4841 1774 4896 fuit
1805 4843 1982 4898 incar-

396 4946 612 4997 natum,
645 4942 854 5002 quanto
883 4937 1059 5007 magis
1097 4946 1316 5006 oportet
1362 4938 1479 4993 fieri
1527 4947 1583 4993 et
1614 4937 1804 5006 perfici
1842 4936 1978 4993 divi-

397 5043 526 5082 num
551 5027 692 5081 istud
720 5042 860 5098 opus
887 5041 949 5082 ac
1003 5027 1472 5098 antiquissimum,
1510 5037 1700 5097 utpote
1735 5045 1764 5084 a
1796 5028 1979 5083 Patri-

394 5121 500 5178 iius
535 5119 822 5174 traditum.
845 5117 1145 5174 Testantur
1207 5121 1391 5190 typica
1428 5122 1616 5176 omnia
1651 5129 1706 5176 et
1735 5137 1975 5177 consuc-

399 5216 529 5269 tmlo
553 5213 845 5284 desupera
903 5213 1162 5269 Patribus
1207 5214 1273 5267 ad
1308 5230 1408 5269 nos
1461 5217 1788 5269 transmissa
1857 5230 1986 5268 san-

400 5319 544 5362 ctam
588 5323 709 5364 csse
742 5306 903 5360 istam
936 5307 1094 5374 panis
1142 5305 1340 5360 elevati
1402 5305 1623 5376 Deoque
1675 5306 1844 5360 oblati
1877 5321 1985 5359 cae-

402 5404 728 5464 rcnmniam,
795 5397 1090 5454 Triniiatis
1130 5398 1564 5464 confessionem,
1625 5406 1829 5455 sanmie
1887 5397 1980 5451 Dei

402 5494 686 5565 genitricis
719 5495 1129 5549 invocationem
1159 5508 1224 5546 ac
1252 5493 1467 5547 laudem
1529 5493 1582 5544 in
1645 5488 1981 5562 adiutorium

400 5596 648 5641 nostrum
682 5587 905 5651 factam,
940 5603 1150 5642 necnon
1180 5587 1313 5640 illud
1347 5603 1360 5640 :
1397 5585 1648 5640 «Beatam
1675 5595 1726 5640 te
1745 5585 1983 5639 dicimus

401 5691 590 5731 omnes
619 5679 1050 5748 generationes,»
1099 5679 1303 5732 bonum
1335 5679 1384 5732 ei
1407 5694 1526 5733 esse
1545 5689 1764 5732 cautam
1801 5686 1855 5730 et
1881 5689 1975 5729 ac-

401 5768 675 5836 crptablle
703 5776 966 5836 tauquam
999 5769 1067 5822 ab
1097 5784 1158 5822 ea
1207 5768 1526 5836 prmdictum
1556 5765 1697 5821 etes
1723 5781 1786 5821 ea
1821 5768 1906 5822 ius
1934 5766 1979 5820 i-

409 5867 586 5913 tutum
616 5872 680 5911 ac
705 5857 1168 5927 quemadmodum
1217 5858 1331 5923 ipsa
1385 5857 1612 5926 protulit
1647 5857 1980 5928 repetitum;

2090 4551 2273 4622 ἡμῶν,
2317 4570 2336 4603 ι
2375 4551 2533 4605 τοῦτο
2585 4551 2750 4613 εὐθὺς
2778 4550 3034 4620 λέγομεν,
3065 4570 3084 4601 «
3129 4549 3359 4603 Θεοτόκε
3399 4548 3668 4619 Παρθένε,

2090 4649 2271 4718 χαῖρε,
2299 4646 2744 4717 κεχαριτωμένη,
2763 4646 2790 4699 ὁ
2817 4644 3022 4715 Κύριος
3057 4646 3197 4714 μετὰ
3234 4644 3352 4709 σοῦ,
3389 4663 3407 4696 ι
3440 4645 3535 4698 καὶ
3561 4643 3673 4697 ἁπὺ

2089 4739 2183 4794 τοῦ
2210 4741 2269 4792 tv
2307 4741 2422 4801 τοῖς
2462 4741 2774 4810 ὲσπερινοῖς
2801 4738 2908 4791 τῶν
2958 4737 3283 4808 ἀγρυπνιῶν
3316 4739 3422 4808 προ
3453 4736 3553 4802 τῆς
3581 4737 3672 4788 εὑ-

2089 4833 2277 4901 λογίας
2305 4833 2416 4886 τῶν
2450 4831 2633 4901 ἄρτων
2671 4830 2831 4884 τοῦτο
2863 4829 3129 4898 διηνεκῶς
3156 4827 3454 4896 λέγεσθαι·
3485 4828 3576 4881 καὶ
3611 4827 3672 4881 tv

2090 4927 2156 4996 τῇ
2197 4926 2481 4996 ᾁσματικῇ
2511 4923 2569 4976 δὲ
2597 4923 2751 4989 τάξει
2785 4923 2844 4975 tv
2879 4923 3015 4974 πᾶσι
3061 4920 3178 4982 τοῖς
3206 4921 3536 4991 ἑσπερινοῖς,
3563 4917 3674 4971 ὦσ-

2091 5037 2195 5091 περ
2244 5019 2446 5086 οἴδατε,
2479 5017 2602 5081 ἔθος
2629 5017 2789 5070 τοῦτο
2827 5015 2952 5069 καθ’
2999 5014 3253 5084 ἑσπέραν
3302 5016 3360 5067 tv
3388 5017 3560 5082 ταύτῃ
3599 5013 3668 5080 τῇ

2093 5110 2304 5180 μεγάλῃ
2331 5108 2440 5160 τῶν
2479 5106 2925 5161 Θεσσαλονικέων
2969 5105 3269 5177 Ἐκκλησία
3301 5102 3580 5173 λέγεσθαι.
3607 5101 3672 5156 Ei

2087 5201 2180 5258 οὖν
2235 5201 2425 5264 ἁπλῶς
2472 5200 2553 5264 τὸ,
2620 5218 2644 5253 ι
2680 5201 2878 5268 Χαῖρε,
2929 5197 3382 5268 κεχαριτωμένη,
3426 5212 3445 5246 ι
3507 5194 3672 5264 μόνον

2087 5297 2383 5367 λεγόμενον
2424 5293 2588 5366 260
2623 5293 2945 5360 ἀναγκαῖον,
2985 5295 3080 5345 καὶ
3115 5291 3197 5355 είς
3243 5290 3411 5360 τιμὴν
3447 5289 3543 5342 καὶ
3587 5288 3673 5341 δό-

2089 5391 2183 5457 ξαν
2224 5393 2324 5461 τῆς
2361 5389 2726 5457 Θεομήτορος,
2753 5386 2843 5440 διὰ
2888 5383 3065 5438 τὸτοῦ
3115 5383 3464 5454 ἀρχαγγέλου
3528 5376 3673 5435 εἶναι

2089 5485 2296 5554 φωνὴν,
2339 5485 2398 5536 ὲν
2535 5480 2602 5551 δὴ
2640 5482 2674 5550 ἡ
2727 5477 2838 5550 ἁρὰ
2889 5477 3078 5548 ἐλύθη,
3116 5480 3210 5530 καί
3245 5477 3278 5546 ἡ
3313 5475 3457 5546 χαρὰ
3506 5473 3676 5544 ἔδρα·

2089 5577 2280 5646 ϐεύθη,
2328 5579 2355 5629 ὁ
2395 5575 2588 5644 Σωτὴρ
2623 5573 2732 5625 τῶν
2763 5572 2902 5626 ὅλων
2933 5573 2961 5624 ὁ
3005 5571 3099 5622 τοῦ
3137 5567 3275 5622 Θεοῦ
3329 5568 3463 5628 Θεὸς
3496 5567 3673 5634 Λόγος

2090 5666 2439 5737 ὲνσκηνὼσας
2491 5667 2549 5716 ὲν
2602 5663 2768 5733 αὐτῇ,
2823 5663 2916 5715 καὶ
2974 5661 3035 5724 ἐξ
3091 5659 3265 5728 αὐτῆς
3327 5655 3670 5728 σαρκωθείςο

2091 5761 2272 5833 πολλῷ
2302 5778 2362 5829 γε
2398 5759 2597 5831 μᾶλλον
2631 5759 2714 5812 δεῖ
2758 5757 2820 5810 τὸ
2873 5753 3018 5807 θεῖον
3050 5753 3210 5805 τοῦτο
3243 5751 3409 5822 ἔργον
3435 5751 3528 5802 καὶ
3571 5749 3674 5817 ἁρ-

2092 5852 2784 5932 χαιὸτατονὶὲκτεὶεῖσθαι,
2807 5848 2883 5914 ὼς
2920 5848 3024 5901 ὑπὸ
3059 5847 3167 5900 τῶν
3199 5845 3458 5914 Πατέρων
3483 5858 3670 5912 παρα-
