4026 6274
352 372 464 436 669
1490 381 1592 442 DE
1634 381 1938 443 ORDINE
1981 385 2484 450 SEPULTURAZ.
3517 384 3626 450 G70

346 491 522 543 δοθέν.
549 488 659 544 Καὶ
692 495 1035 565 μαρτυροῦσι
1078 496 1147 550 τά
1196 513 1256 551 τε
1311 498 1515 552 τυπικὲι
1553 499 1796 563 ἅπαντα,
1828 503 1922 554 καὶ
1952 549 1959 561 ,

2064 503 2242 560 icntet
2263 504 2430 572 istud,
2465 503 2930 577 «Magniﬁcamus.
2947 523 2966 558 ι
2995 501 3309 575 Angelicam
3329 515 3460 559 vero
3484 503 3628 558 salu-

349 584 382 651 ἡ
406 583 613 638 ἄνωθεν
643 585 705 638 ἐκ
742 587 1003 656 Πατέρων
1036 590 1116 652 εἰς
1150 591 1298 659 ἡμᾶς
1332 591 1592 660 συνήθεια
1615 591 1933 662 παραδοῦσα

2064 597 2324 663 stionem,
2350 599 2516 658 «Ave.
2536 599 2709 668 gratia
2734 599 2912 669 plena,
2934 598 3198 653 Dominus
3219 605 3455 663 tecum,»
3471 594 3523 651 ei
3543 595 3628 650 di-

347 675 506 728 τοῦτο
529 693 541 705 ·
579 676 717 744 ὅπερ
752 677 816 747 δὴ
850 679 948 732 καὶ
975 681 1050 742 ὡς
1101 683 1294 754 τελετὴ
1336 681 1458 737 θεία
1490 683 1640 738 ἐστὶν
1689 683 1929 753 ἀννψου-

2064 701 2156 742 ere
2182 690 2576 755 necessarium,
2596 690 2699 744 fuit
2718 690 2864 744 enim
2888 689 2940 743 in
2960 705 3021 744 ea
3042 687 3346 744 secundum
3366 685 3628 742 substan-

350 768 518 838 μένου
564 767 659 822 τοῦ
694 769 883 841 ἄρτου,
919 773 1015 826 καὶ
1053 773 1470 847 ἀναφερομένου
1507 775 1652 848 Θεῷ,
1700 780 1797 832 καὶ
1827 780 1928 847 τῆς

2064 776 2176 831 iam
2200 776 2539 849 incarnatus,
2558 789 2614 836 et
2650 795 2796 836 nunc
2831 789 2915 835 est
2941 794 3035 848 per
3051 779 3281 852 gratiam
3307 791 3474 846 super
3501 789 3623 830 om-

346 864 578 936 Τριάδος
599 867 884 937 ὁμολογία,
912 871 1005 923 καὶ
1026 870 1126 940 τῆς
1155 872 1316 940 ἁγίας
1335 871 1606 926 Θεοτόκου
1638 873 1929 945 ἐπίκλησίς

2064 883 2135 927 tes
2159 869 2490 938 inhabitans,
2510 887 2608 942 per
2631 889 2795 943 quam
2829 873 3113 930 uobiscum
3163 870 3306 926 Deus
3322 868 3626 925 secundum

346 974 408 1010 τε
470 962 564 1012 καὶ
619 962 845 1028 αἴνεσις,
881 967 960 1018 εί;
998 966 1276 1034 ἡμετέραν
1329 960 1592 1036 βοήθειαν
1637 967 1926 1038 γινομένη.

2064 964 2234 1018 saiam
2263 963 2366 1019 fuit
2384 974 2438 1020 et
2464 981 2609 1020 nunc
2629 976 2734 1030 est,
2757 966 2900 1034 quod
2917 981 2982 1021 ex
3006 980 3067 1020 ea
3091 964 3369 1034 poscimus
3387 969 3442 1017 et
3472 980 3489 1012 ‹
3517 961 3625 1015 Per

352 1051 462 1104 Καὶ
491 1051 572 1116 τὸ,
605 1072 624 1106 ι
665 1055 1066 1127 Μακαρίξομέν
1101 1073 1161 1111 σε
1191 1061 1368 1113 πᾶσαι
1388 1060 1442 1112 αἱ
1470 1061 1676 1127 γενεαὶ,
1716 1079 1735 1112 ι
1764 1059 1929 1113 καλὸν

2064 1070 2101 1110 .e
2127 1056 2414 1112 nobiscum
2454 1075 2474 1110 ι
2515 1058 2840 1115 clamamus.
2878 1057 2984 1126 Qui
3009 1057 3082 1114 sit
3101 1056 3380 1113 uobiscum
3411 1065 3629 1123 semper

349 1144 488 1214 αὐτῇ
522 1146 923 1218 προσᾳδόμενον
949 1151 1044 1203 καὶ
1067 1149 1465 1219 εὐπρόσδεκτον
1487 1151 1661 1217 ἔσται,
1685 1151 1762 1212 ὡς
1788 1167 1923 1221 προ·

2064 1164 2140 1204 ter
2178 1165 2320 1207 eam.
2364 1149 2562 1206 Amen.

350 1241 620 1311 φητευθὲν
671 1242 763 1296 ὑπ’
793 1245 985 1314 αὐτῆς,
1031 1247 1129 1301 καὶ
1169 1247 1476 1318 παραδοθὶν
1521 1247 1582 1314 ἐξ
1643 1249 1841 1318 αὐτῆς,
1904 1248 2000 1304 καὶ
2039 1248 2226 1311 καθὼς
2279 1246 2386 1318 εφη
2431 1245 2747 1317 λεγόμενον,
2779 1247 2878 1303 καὶ
2914 1247 2977 1300 τὺ
3023 1245 3482 1316 Μεγαλύνομεν.
3518 1243 3630 1296 Καὶ

352 1339 452 1407 τὴν
487 1338 584 1392 τοῦ
627 1340 858 1408 ἀγγέλου
891 1342 950 1396 δὲ
996 1343 1182 1413 φωνὴν
1255 1345 1315 1398 τὸ
1364 1364 1385 1399 r
1431 1347 1624 1416 Χαῖρε,
1686 1345 2166 1418 κεχαριτωμένην,
2231 1345 2262 1399 ὁ
2291 1345 2498 1414 Κύριος
2550 1345 2693 1416 μετὰ
2715 1345 2834 1411 σοῦ,
2871 1361 2890 1396 ι
2914 1342 3099 1412 λέγειν
3127 1343 3268 1413 αὐτῇ
3298 1343 3624 1410 ἀναγκαῖον.

365 1435 612 1502 Ἐγένετο
671 1438 778 1506 γὰρ
847 1441 1230 1506 ἐνυποστάτως
1261 1443 1319 1496 ὲν
1351 1445 1490 1514 αὐτῇ
1544 1443 1875 1514 σαρκωθεὶς,
1906 1446 2003 1501 καὶ
2047 1443 2144 1501 νῦν
2175 1447 2326 1499 ἐστιν
2373 1444 2655 1515 ὲνσκηνῶν
2690 1445 2758 1512 τῇ
2791 1442 2976 1514 χάριτι
3011 1441 3151 1510 ὑπὲρ
3183 1439 3392 1502 πάντας
3417 1452 3430 1468 ·
3467 1437 3537 1491 δι’
3563 1429 3632 1507 ἦς

355 1532 447 1584 καὶ
482 1532 604 1602 μεθ’
663 1533 823 1604 ἡμῶν
887 1537 915 1590 6
979 1537 1112 1600 Θεὸς
1167 1538 1311 1592 κατὰ
1362 1539 1456 1594 τὸν
1495 1539 1730 1595 Ἡσαΐαν
1786 1541 2009 1610 ἐγένετο
2045 1541 2141 1596 καὶ
2175 1541 2328 1603 ἔστη,
2371 1543 2486 1597 Καὶ
2530 1540 2692 1595 τοῦτο
2724 1539 2783 1594 δὲ
2833 1540 2898 1593 ὲκ
2945 1537 3154 1608 ταύτης
3181 1534 3634 1606 αἰτούμεθασκαὶ

361 1647 380 1680 r
420 1627 519 1678 Διὰ
544 1628 638 1682 σοῦ
667 1629 788 1697 μεθ’
821 1628 977 1698 ἡμῶν
1021 1649 1042 1684 ι
1076 1629 1486 1703 ἁνακράζομεν.
1535 1635 1635 1698 Ὃς
1675 1637 1772 1688 καὶ
1805 1636 1891 1706 εἴη
1932 1636 2171 1691 πάντοτε
2204 1636 2342 1704 ἡμῖν
2370 1635 2440 1688 δι’
2473 1633 2672 1704 αὐτῆς.
2710 1633 2912 1703 Ἀμήν.
3429 1632 3434 1637 ’

425 1724 752 1790 Κληρικός.
788 1725 862 1777 Τὸ
922 1725 1053 1796 περὶ
1101 1728 1319 1793 τούτου,
1351 1728 1609 1793 δέσποτα,
1657 1733 1929 1802 χρήσιμον

2104 1729 2367 1786 Clericus.
2423 1731 2571 1792 Haec,
2602 1728 2846 1791 domine,
2914 1724 3076 1781 nobis
3135 1731 3268 1781 sunt
3325 1723 3630 1779 admodum

357 1812 528 1874 ὅπως
561 1815 696 1879 ἡμῖν
726 1816 822 1867 καὶ
848 1816 1151 1885 ὲπωφελὲς,
1183 1819 1276 1870 καὶ
1308 1821 1475 1872 πᾶσιν
1504 1821 1942 1888 ἀναγκαιότατον

2064 1830 2356 1891 ψροτιυιιο
2390 1829 2442 1875 et
2475 1819 2753 1889 perutilia,
2779 1832 2956 1888 eaque
2984 1816 3202 1884 cperari
3254 1816 3511 1872 omnibus
3551 1825 3636 1871 est

358 1908 725 1978 ἐνεργεῖσθαι,
751 1912 850 1967 καὶ
902 1912 1103 1981 μᾶλλον
1149 1915 1243 1982 ἀφ’
1274 1909 1447 1986 οὗπερ
1481 1917 1614 1987 ἡμῖν
1666 1918 1943 1986 ἀνέθηκας

255 2076 258 2078 γ
358 2001 453 2054 καὶ
490 2002 818 2072 παρέδωκας
843 2004 1112 2073 ἔνεργεϊν,
1136 2007 1231 2059 καὶ
1253 2008 1417 2077 ἡμεῖς
1440 2009 1676 2075 σπουδὴν
1702 2008 1903 2079 ἔχομεν
1926 2025 1940 2040 °

357 2093 452 2146 καὶ
497 2095 557 2146 ὲν
603 2095 718 2157 τοῖς
767 2095 1076 2158 καθολικοίς
1108 2100 1278 2160 ναοῖς,
1309 2099 1386 2161 ὡς
1417 2099 1746 2164 ἐκέλευσας,
1787 2103 1942 2170 ἔνερ-

2045 1914 2270 1968 omnino
2309 1912 2714 1978 necessarium,
2737 1919 2791 1964 et
2822 1911 3132 1982 praesertim
3162 1924 3230 1964 ex
3261 1923 3373 1978 quo
3411 1909 3502 1964 illa
3536 1925 3638 1964 nn—

2049 2007 2132 2062 bis
2169 2006 2350 2062 facere
2375 2006 2653 2061 mandasti
2699 2019 2763 2062 ac
2795 2003 3127 2074 praecepisti,
3161 2017 3264 2058 nos
3297 2017 3517 2073 quoque
3551 2002 3635 2058 eis

2047 2101 2293 2156 studiose
2324 2099 2724 2164 incumbimus,
2787 2107 2841 2152 ct
2870 2097 2922 2151 in
2959 2095 3232 2151 universis
3273 2095 3543 2159 ecclesiis,
3578 2103 3638 2147 ut

356 2184 582 2254 γοῦμεν.
611 2188 719 2240 Καὶ
752 2187 840 2257 ετη
877 2190 1010 2258 ἡμῖν
1037 2190 1097 2242 τὸ
1122 2191 1190 2243 τὰ
1225 2191 1344 2244 θεῖα
1390 2192 1702 2262 διενεργεϊν
1733 2193 1945 2256 ἀόκνως

2071 2192 2292 2266 υεείειῑ,
2323 2191 2710 2260 adimplemus.
2735 2189 2800 2244 Et
2851 2190 2923 2244 sit
2950 2189 3114 2244 nobis
3169 2203 3388 2258 semper
3421 2202 3518 2257 per
3540 2201 3635 2243 sa-

359 2279 596 2331 πάντοτε
628 2279 716 2333 διὰ
743 2280 853 2334 τῶν
884 2281 1048 2350 ίερῶν
1084 2281 1260 2352 εὐχῶν
1288 2300 1408 2338 σου.

442 2369 796 2440 Ἆρχιερσὺς.
833 2372 938 2444 Εῐη
993 2372 1158 2427 τοῦτο
1212 2375 1367 2442 παρὰ
1427 2375 1566 2430 Θεοῦ
1627 2377 1946 2448 πρεσϐείαις

361 2463 463 2534 τῆς
501 2464 844 2535 Θεομήτορος
892 2466 1023 2535 ὑμῖν
1059 2483 1120 2519 τε
1150 2467 1244 2518 καὶ
1291 2466 1436 2536 ἐμοὶ,
1461 2468 1545 2520 ὅτι
1577 2469 1783 2531 πάντες
1813 2468 1950 2539 χρῄο

365 2556 537 2623 ξομ-εν
571 2559 670 2625 τῆς
712 2556 826 2608 ἀπὸ
875 2557 987 2608 τῶν
1027 2555 1201 2624 εὐχῶν
1243 2556 1530 2627 βοηθείας·
1562 2561 1658 2613 καὶ
1706 2561 1949 2630 συνεχῶς

367 2646 575 2712 ταύτας
609 2649 787 2701 ποιεῖν
811 2648 1114 2716 ἀναγκαῖον
1144 2666 1244 2703 και
1268 2650 1639 2721 ὀφειλόμενον,
1664 2655 1758 2707 καὶ
1797 2654 1952 2722 μεσί-

370 2757 466 2804 τας
504 2740 664 2811 ἡμῶν
696 2741 1080 2796 ἐπικαλεῖσθαι
1113 2744 1242 2805 τοὺς
1282 2743 1494 2812 ἁγίους,
1520 2749 1619 2799 καὶ
1657 2747 1764 2816 πρὸ
1813 2747 1950 2800 πάν-

371 2850 480 2885 των
550 2833 649 2904 τὴν
707 2832 850 2905 ὑπὲρ
929 2836 1142 2898 πάντας
1215 2836 1381 2904 ἁγίαν
1468 2837 1565 2908 τὴν
1645 2838 1950 2909 ὑπέραγνον

370 2925 714 2994 Θεομήτορα,
746 2925 823 2989 ὡς
857 2925 998 2998 ὑπὲρ
1049 2928 1258 2991 πάντας
1297 2930 1471 2983 σῶσαι
1520 2931 1671 2998 ἡμᾶς
1720 2929 1953 2999 δυναμέ-

369 3033 504 3084 νην’
533 3015 708 3070 πολλὰ
755 3017 866 3086 γὰρ
904 3019 1176 3089 πταίομεν
1213 3019 1471 3085 ἕκαστος.
1504 3021 1708 3089 Ἴωμεν
1749 3021 1806 3076 δὲ
1846 3021 1946 3090 ἤδη
1974 3041 1988 3053 κ

2048 2298 2170 2339 cras
2194 2297 2382 2353 preces
2417 2289 2542 2338 tuas
2566 2281 2748 2337 divina
2784 2281 3078 2351 diligenter
3111 2281 3353 2349 operari.

2121 2372 2390 2443 Pontifex.
2419 2373 2505 2430 Sit
2533 2371 2676 2428 istud
2697 2388 2725 2426 a
2762 2373 2873 2426 Deo
2911 2387 3010 2443 per
3032 2371 3488 2428 intercessionem
3517 2373 3641 2428 Dei-

2051 2479 2195 2534 parae
2241 2465 2399 2520 vobis
2447 2475 2503 2520 et
2561 2465 2722 2529 mihi,
2767 2464 3027 2533 quoniam
3087 2479 3279 2520 omnes
3327 2465 3642 2537 indigemus

2050 2557 2255 2612 auxilio
2286 2558 2430 2628 quod
2457 2572 2554 2627 per
2581 2571 2773 2627 preces
2822 2571 3250 2626 consequemur,
3279 2573 3485 2627 easque
3518 2558 3639 2614 sine

2052 2650 2462 2707 intermissione
2509 2648 2690 2706 facere
2740 2663 2968 2705 necesse
3016 2657 3102 2704 est
3140 2660 3307 2719 atque
3349 2651 3638 2714 debemus,

2053 2751 2387 2811 sanctosque
2439 2751 2499 2796 ut
2544 2741 2887 2796 intercedant
2925 2756 3028 2811 pro
3063 2741 3221 2796 nobis
3263 2742 3539 2808 invocare,
3573 2758 3637 2800 ac

2055 2843 2180 2890 ante
2204 2850 2418 2900 omnes,
2451 2849 2574 2903 qua:
2602 2848 2768 2903 super
2790 2848 2983 2888 omnes
3013 2842 3095 2888 est
3119 2843 3308 2889 sancta
3357 2842 3413 2890 et
3457 2835 3638 2904 puris-

2055 2931 2214 2993 sima,
2244 2928 2338 2983 Dei
2366 2927 2617 2990 Matrem,
2672 2935 2858 2996 utpote
2887 2940 3011 2995 qua;
3065 2941 3230 2996 super
3287 2941 3480 2982 omnes
3533 2942 3636 2982 nos

2055 3021 2266 3078 salvare
2305 3029 2506 3091 potest,
2555 3019 2608 3073 in
2644 3019 2833 3074 multis
2863 3019 3009 3074 enim
3045 3018 3376 3076 oﬂ'cudimns
3419 3033 3636 3075 omnes.

370 3108 464 3161 καὶ
517 3108 655 3179 πρὸς
706 3109 770 3162 τὸ
819 3109 972 3172 τέλος
1024 3111 1184 3180 ἡμῶν
1216 3113 1467 3181 αὑτδ,ὼς
1496 3113 1564 3168 ἂν
1607 3114 1702 3168 καὶ
1749 3113 1820 3169 τὰ
1849 3115 1950 3184 τῆς

2064 3113 2162 3169 Sed
2191 3113 2302 3184 jam
2337 3114 2624 3168 veniamus
2679 3112 2746 3164 ad
2791 3112 2974 3180 ipsum
3023 3112 3183 3167 ﬁnem
3234 3121 3510 3176 nostrum,
3582 3119 3643 3166 ut

371 3203 718 3273 ὑποσχέσεως
747 3201 880 3272 ἡμῖν
908 3203 1307 3277 ἐκτελέσωμεν.

2056 3205 2326 3275 promissa
2366 3214 2559 3260 nostra
2590 3203 3012 3272 adimpleamus.

948 3621 1347 3750 ΠΕΡΙ
1407 3619 1756 3754 ΤΟΥ
1849 3617 2523 3752 ΤΕΛΟΥΣ
2592 3620 3089 3778 ΗΜΩΝ

803 3861 998 3948 ΚΑΙ
1103 3861 1322 3947 ΤΗΣ
1447 3860 1757 3948 ΙΕΡΑΣ
1867 3851 2310 3949 ΤΑΞΕΩΣ

2410 3857 2631 3945 ΤΗΣ
2741 3855 3232 3944 ΚΗΔΕΙΑΣ

1159 4041 1283 4096 ΚΑΙ
1313 4041 1451 4094 ΤΩΝ
1477 4041 1639 4100 KAT'
1670 4040 1843 4096 ΕΘοΣ
1867 4039 2053 4094 ΥΠΕΡ
2080 4040 2391 4099 ΜΝΗΜΗΣ
2435 4037 2860 4096 ΓΙΝΟΜΕΝΩΝ.

906 4390 1052 4542 DE
1169 4386 1444 4542 l‘lNE
1503 4386 1649 4538 ET
1751 4385 2114 4540 EXITU
2169 4380 2601 4538 NOS'I‘M
2675 4383 2738 4534 Ε
2824 4381 3112 4536 ἮΊἏ

980 4961 986 4966 _
1086 4842 1234 4933 DE
1278 4836 1650 4930 SACBO
1692 4835 2158 4928 ORDINE
2207 4832 2956 4925 SEPULTUBAE

830 5039 922 5102 ET
970 5037 1156 5115 QUJE
1231 5035 1395 5100 PRO
1441 5033 1817 5096 MEMORIA
1887 5029 2488 5095 DEFUNCTORUM
2555 5028 2862 5091 SOLENT
2931 5027 3169 5088 FIERI.

463 5369 545 5424 Τὰ
579 5367 711 5438 περὶ
764 5369 864 5437 μὲν
903 5369 999 5421 τοῦ
1051 5369 1242 5431 τέλους
1273 5367 1434 5436 ἡμῶν
1471 5363 1568 5419 τοῦ
1600 5366 1835 5436 φρικτοῦ
1872 5365 1959 5418 καὶ

2144 5363 2219 5418 Ea
2251 5352 2372 5434 quae
2403 5369 2658 5431 spectant
2689 5359 2754 5415 ad
2801 5356 3137 5414 horrendum
3154 5367 3212 5413 et
3237 5355 3650 5415 ineluctabiletn

391 5461 772 5533 ἀπαραιτήτου
798 5459 1061 5532 διηνεκῶς
1101 5461 1196 5513 καὶ
1254 5459 1550 5523 ἀπαύστως
1589 5461 1686 5513 καὶ
1718 5461 1777 5512 ὲν
1807 5459 1972 5512 παντὶ

396 5553 575 5625 καιρῷ
598 5555 868 5625 μεριμνᾷν
889 5553 1180 5624 ὀφείλομεν
1205 5569 1221 5586 ο
1241 5554 1340 5606 καὶ
1366 5556 1639 5624 χρὴσιμον
1655 5554 1790 5624 ἡμῖν
1813 5551 1972 5606 τοῦτο

397 5645 472 5708 ὡς
524 5646 620 5700 καὶ
669 5646 728 5699 τὸ
783 5646 1003 5716 βλέπειν
1027 5661 1044 5675 ο
1077 5647 1222 5699 καθὰ
1265 5647 1361 5699 καὶ
1395 5646 1454 5698 τὸ
1491 5643 1804 5716 μεμνῆσθαι
1833 5643 1969 5698 Θεοῦ

401 5735 672 5806 χρήσιμον
701 5736 834 5807 ἡμῖν
866 5735 940 5799 ὡς
974 5735 1037 5789 τδ
1076 5737 1341 5791 ἀναπνεῖν
1373 5737 1467 5790 τὸν
1499 5737 1657 5807 ἀέρα.
1696 5754 1716 5789 ι
1752 5737 1971 5808 Μιμνή-

404 5844 540 5885 οκου
566 5829 698 5900 γὰρ,
722 5831 911 5902 φησὶν,
945 5829 1012 5885 τὰ
1069 5829 1274 5898 ἔσχατά
1311 5847 1428 5894 σου,
1466 5832 1557 5884 καὶ
1585 5830 1645 5883 οὐ
1681 5829 1757 5893 μὴ
1789 5829 1969 5903 ἁμαρ-

2081 5458 2240 5514 iinem
2275 5464 2523 5511 nostrum
2557 5453 2817 5509 continuo
2861 5461 2917 5506 et
2945 5449 3258 5506 indefessim
3306 5461 3374 5506 ac
3414 5449 3472 5505 in
3500 5453 3652 5508 omni

2080 5563 2323 5619 tempore
2360 5546 2614 5604 meditari
2643 5544 2927 5610 debemus,
2959 5542 3101 5612 quod
3131 5557 3238 5598 non
3286 5543 3470 5598 minus
3538 5542 3654 5597 fru-

2080 5650 2330 5698 ctuosum
2360 5647 2447 5695 est
2474 5636 2635 5694 nobis
2658 5649 2823 5705 quam
2856 5633 3029 5688 lucem
3056 5631 3264 5699 videre,
3288 5632 3649 5702 quemadmo-

2080 5734 2207 5790 dum
2232 5742 2292 5789 et
2340 5731 2435 5788 Dei
2478 5729 2797 5786 meminisse
2824 5737 2936 5782 tam
2983 5725 3118 5782 utile
3147 5737 3234 5782 est
3278 5723 3440 5780 nobis
3483 5739 3646 5795 quam

2082 5841 2259 5882 aerem
2289 5823 2486 5890 spiritu
2530 5821 2754 5879 ducere.
2781 5818 2870 5876 Ait
2897 5817 3044 5876 enim
3082 5835 3097 5874 :
3143 5836 3163 5871 ι
3208 5815 3508 5873 Memorare
3548 5827 3648 5868 no-
