4068 6280
443 381 548 448 6⁸11

1307 380 1686 444 SYMEONIS
1719 381 2483 450 THESSAIDNICENSIS
2522 378 2879 442 ARCHIEP.

3591 378 3709 443 672

436 501 663 558 vissima
683 508 774 556 tua
802 505 859 555 et
878 499 932 555 in
961 504 1227 583 atternum
1252 515 1362 556 non
1391 491 1666 570 peccabis,
1697 518 1716 551 ι
1747 502 1837 568 εἰς
1898 491 2015 548 Prae

2123 511 2221 570 τῇς
2264 495 2441 552 ’ποτιο
2485 516 2504 551 ι
2556 499 2675 563 καὶ,
2728 516 2749 550 ι
2792 494 3079 566 Ἐτοίμαζε
3112 491 3245 565 πρὸς
3286 493 3382 566 τὴν
3419 492 3593 561 ἔξοδον
3627 497 3708 551 τὰ

439 607 572 665 para
598 593 664 647 ad
692 593 900 648 exitum
931 607 1101 663 opera
1144 602 1259 650 tua.
1296 612 1316 646 ι
1365 593 1543 663 Hujus
1600 593 1777 664 gratia
1828 592 2013 648 omnis

436 684 754 741 sollicitudo
798 691 1011 751 nostra,
1064 692 1121 741 et
1170 685 1296 755 fuga
1340 684 1551 750 mundi,
1591 696 1641 740 et
1682 685 1923 747 deserta,
1961 691 2015 739 et

436 778 798 845 monasteria,
835 784 891 833 et
915 778 1205 844 exercitia,
1245 788 1308 834 ut
1338 778 1558 849 quando
1612 778 1829 834 venerit
1864 777 2010 844 linis,

434 871 612 940 parati
659 871 1026 936 inveniamur,
1068 873 1218 942 quod
1238 873 1329 943 qui
1376 873 1530 927 venit
1565 877 1631 927 ad
1680 872 2012 928 salvandum

436 979 539 1021 nos
588 980 801 1034 nosque
839 967 1069 1023 salvavit
1126 982 1226 1022 nos
1285 967 1442 1023 docet
1489 966 1723 1022 dicens:
1772 985 1791 1019 ι
1829 966 2015 1021 Estote

436 1056 641 1128 parati,
680 1059 807 1128 quia
849 1060 1080 1115 nescitis
1103 1077 1212 1131 qua
1251 1062 1384 1116 hora
1434 1061 1701 1116 Dominus
1751 1070 2015 1115 venturus

438 1150 568 1215 sit,»
593 1160 680 1206 et:
711 1171 729 1203 ι
760 1152 815 1207 Si
841 1154 1007 1209 sciret
1028 1152 1421 1223 paterfamilias
1448 1170 1554 1225 qua
1585 1155 1716 1208 hora
1746 1153 1831 1207 fur
1864 1154 2016 1209 veni-

434 1249 542 1310 ret,
579 1244 830 1314 vigilaret
861 1249 1053 1316 utique
1081 1259 1137 1303 et
1169 1258 1277 1302 non
1301 1247 1512 1303 sineret
1537 1246 1748 1319 perfodi
1784 1246 2011 1302 domum

437 1350 630 1401 suam;
672 1345 728 1390 et
756 1352 856 1393 vos
879 1346 1051 1393 estote
1077 1339 1275 1407 parati,
1301 1339 1429 1409 quia
1462 1355 1567 1408 qua
1595 1339 1731 1393 hora
1765 1354 1872 1393 non
1909 1354 2012 1408 pu-

437 1427 568 1481 tatis
600 1425 771 1483 Filius
798 1428 1036 1485 hominis
1068 1429 1270 1485 veniet.
1308 1448 1327 1480 ι
1365 1428 1729 1494 Quamobrem
1759 1444 1860 1484 nos
1893 1444 2016 1485 om-

437 1532 539 1573 nes
569 1534 787 1589 semper
813 1528 1030 1588 oportet
1052 1535 1173 1578 esse
1200 1523 1265 1574 ad
1314 1522 1521 1576 exitum
1551 1530 1795 1590 paratos,
1840 1537 2017 1591 neque

437 1621 651 1666 tantum
722 1612 991 1668 Sollicitos
1032 1627 1161 1683 esse
1198 1613 1266 1668 de
1300 1613 1384 1667 his
1413 1630 1534 1684 qua:
1570 1614 1698 1670 aliis
1742 1614 2018 1684 relinque-

356 1704 390 1759 ’ἐ
436 1718 589 1767 mus,
653 1704 745 1759 sed
798 1705 864 1760 de
921 1705 1082 1760 nobis
1131 1705 1287 1774 ipsis,
1326 1722 1391 1761 ne
1444 1706 1582 1761 forte
1662 1706 1823 1762 hodie
1858 1723 1887 1760 a
1923 1723 2021 1763 uo-

2115 588 2254 659 εργα
2285 605 2400 645 σου.
2441 607 2461 640 ι
2499 589 2613 642 Καὶ
2647 587 2840 641 τούτου
2875 585 3067 640 ἕνεκεν
3093 586 3227 659 ἡμῖν
3255 584 3443 640 ἃπασα
3471 588 3505 656 ἠ
3538 603 3709 659 φρον-

2113 680 2221 743 τὶς,
2248 678 2345 734 καὶ
2378 679 2551 749 φυγαὶ
2585 678 2817 746 κόσμου,
2844 676 2936 731 καὶ
2969 674 3223 747 ὲρημίαι,
3252 676 3351 730 καὶ
3395 677 3578 748 μοναὶ,
3603 680 3709 733 καὶ

2115 768 2399 840 ἀσκήσεις,
2426 768 2504 833 ὡς
2533 768 2625 834 ἂν,
2655 766 2755 821 τοῦ
2780 766 2973 830 τέλους
3001 765 3270 830 ἐλθόντος,
3293 765 3503 835 ἕτοιμοι
3547 765 3712 838 εύρε⁴

2116 862 2328 932 θῶμεν·
2373 862 2458 915 ὅτι
2503 861 2599 914 καὶ
2633 863 2663 914 ὁ
2691 861 2863 914 σῶσαι
2915 861 3065 931 ἡμᾶς
3118 858 3313 927 ιλθὼν,
3385 864 3480 916 καὶ
3519 861 3712 924 σώσας

2116 953 2288 1023 ἡμᾶς,
2322 951 2474 1006 οὕτω
2492 950 2736 1005 διδάσκει
2787 953 2960 1022 ἡμᾶς,
2997 970 3018 1005 ι
3066 952 3317 1016 Γίνεσθε,
3343 951 3540 1020 λέγων,
3563 951 3714 1006 ἕτοι-

2124 1061 2238 1113 μοι,
2269 1045 2352 1097 ὅτι
2385 1046 2486 1098 οὐκ
2514 1045 2695 1098 οἴδατε
2748 1044 2880 1116 ποίᾳ
2904 1043 3026 1115 ὥρᾳ
3058 1046 3088 1098 ὁ
3123 1043 3329 1114 Κύριος
3367 1044 3523 1113 ὑμῶν
3548 1044 3714 1115 ἔρχε-

2117 1154 2228 1190 ται.
2269 1155 2287 1188 ι
2331 1137 2441 1190 Καὶ
2477 1134 2558 1199 τὸ,
2585 1154 2604 1187 ι
2640 1134 2704 1188 Εἰ
2729 1134 2848 1205 ᾔδει
2887 1137 2915 1189 ὁ
2952 1134 3343 1203 οἰκοδεσπότης
3370 1136 3506 1207 ποίᾳ
3532 1135 3653 1207 ὥρα
3679 1135 3714 1189 ὁ

2118 1230 2362 1300 κλέπτης
2405 1229 2650 1299 ἔρχεται,
2680 1227 3180 1299 ἐγρηγόρησενᾶν,
3205 1228 3302 1283 καὶ
3320 1229 3423 1281 οὐκ
3448 1228 3517 1282 ἃν
3550 1228 3711 1282 εἴασε

2117 1319 2436 1396 διορνγῆναι
2468 1320 2561 1372 τὸν
2598 1313 2750 1375 οἶκον
2776 1318 2998 1372 αὐτοῦ’»
3039 1319 3174 1382 καὶ,
3211 1335 3232 1370 ι
3277 1316 3468 1387 Ὑμεῖς
3489 1316 3737 1385 γίνεσθε.

2117 1409 2331 1478 ἒτοιμοι
2351 1428 2365 1442 ·
2391 1410 2474 1464 ὅτι
2576 1410 2694 1481 ὥρᾳ
2719 1411 2782 1463 οὐ
2812 1410 3024 1464 δοκεῖτε
3057 1410 3088 1463 ὁ
3121 1408 3249 1473 ru;
3280 1408 3375 1463 τοῦ
3405 1408 3709 1480 ἀνθρώπου

2120 1499 2369 1571 ἔρχεται.
2406 1518 2426 1553 ι
2492 1499 2592 1553 Διὰ
2645 1499 2805 1554 τοῦτο
2851 1499 3066 1563 πάντας
3116 1501 3269 1570 ἡμᾶς
3324 1500 3558 1554 πάντοτε
3595 1500 3713 1572 χρὴ

2120 1589 2377 1661 ἑτοίμους
2427 1590 2564 1661 πρὸς
2602 1589 2700 1656 τὴν
2750 1589 2931 1657 ἔξοδον
2986 1584 3149 1657 εἶναι,
3185 1591 3276 1646 καὶ
3325 1590 3403 1662 μὴ
3435 1592 3713 1663 μεριμνᾷν

2125 1680 2286 1752 μόνον
2319 1680 2448 1751 περὶ
2492 1680 2600 1734 τῶν
2651 1674 2755 1735 ὧδε
2802 1682 2985 1745 ἄλλοις
3032 1685 3365 1753 ἐφιεμένων,
3406 1684 3542 1738 ἀλλὰ
3575 1685 3713 1757 περὶ.

436 1791 522 1847 his
583 1793 796 1853 animas
846 1803 1068 1852 nostras
1117 1804 1387 1863 repetant.
1443 1795 1714 1852 Caeterum
1763 1813 2019 1867 quaenam

2123 1771 2232 1823 τῶν
2272 1770 2396 1840 μεθ’
2423 1771 2581 1842 ἡμῶν
2632 1771 2803 1825 ὄντων
2843 1772 3003 1842 ήμῶν
3047 1773 3250 1839 αὐτῶν,
3293 1773 3505 1845 μήποτε
3539 1775 3714 1847 σήμε-

2132 1881 2220 1891 ...ηι
2251 1863 2521 1891 ι..-’.ι...ν...
2558 1864 2657 1891 -ὲ.-
2708 1863 2890 1891 Λμηηὶ.-
2919 1864 3075 1891 .L...‘...
3109 1866 3379 1891 2.--.-."._-
3475 1868 3577 1891 I!._\
3623 1869 3713 1891 -I-

435 1884 545 1939 erit
576 1885 782 1945 utilitas
828 1885 986 1942 nobis
1045 1887 1243 1942 horum
1298 1888 1363 1943 de
1404 1889 1603 1959 quibus
1653 1891 1874 1946 soliiciti
1922 1907 2009 1948 su-

436 1975 603 2031 mus?
638 1976 762 2032 lJeo
801 1986 1018 2048 oportet
1060 1979 1337 2051 negligere
1394 1982 1683 2052 prieseutia
1732 1990 1788 2038 et
1833 1983 2015 2037 humi-

437 2068 582 2131 liari,
622 2069 1079 2137 etpoeuitentiam
1110 2085 1291 2141 agere,
1340 2080 1394 2125 et
1431 2070 1601 2126 Deum
1642 2072 1916 2136 conﬁteri,
1953 2081 2008 2126 et

435 2174 563 2218 cum
616 2158 685 2212 ad
744 2158 1177 2214 misericordiam
1244 2175 1586 2229 provocare,
1653 2169 1708 2216 et
1764 2161 2009 2231 mysticae

437 2250 812 2307 communioni
845 2251 1089 2307 studiose
1118 2253 1450 2323 participare
1483 2262 1537 2308 et
1576 2254 1696 2308 sine
1734 2253 2011 2310 intermis-

437 2344 597 2401 sione
627 2342 775 2401 istud
806 2343 987 2402 facere
1021 2346 1073 2400 in
1114 2345 1401 2416 diligentia
1438 2357 1493 2401 et
1540 2347 1854 2402 humilitate
1901 2349 2018 2402 aui-

441 2452 568 2500 mat,
606 2437 864 2506 quoniam
894 2438 1018 2494 inde
1051 2454 1151 2495 nos
1204 2456 1324 2495 tum
1360 2440 1467 2495 Deo
1515 2455 1726 2507 sumus,
1767 2441 2019 2512 Deosque

438 2527 724 2584 nobiscum
746 2529 873 2597 erit,
899 2529 1058 2602 cujus
1083 2545 1251 2586 causa
1290 2531 1612 2588 incarnatus
1640 2540 1746 2587 est.

966 2729 1194 2787 CAPUT
1230 2732 1477 2790 CCCLX.

440 2843 518 2899 De
541 2846 768 2915 co,quod
794 2849 1077 2902 tremendis
1104 2850 1368 2918 mysteriis
1393 2853 1782 2907 communicare
1804 2856 2019 2911 assidue

651 2926 876 2985 oportet,
908 2934 1026 2988 quae
1055 2935 1136 2974 res
1162 2932 1238 2975 est
1272 2922 1528 2977 salutaris
1555 2926 1840 2993 imprimis.

509 3073 638 3130 Ideo
664 3073 826 3130 etiam
865 3073 969 3131 ista
1004 3074 1163 3132 nobis
1195 3077 1415 3131 tradidit
1438 3080 1717 3150 mysteria,
1751 3091 1809 3137 ut
1846 3096 2016 3138 unum

2129 1881 2220 1935 ρον
2249 1863 2521 1933 ἀφ’ήμῶν
2558 1864 2657 1928 τὰς
2708 1863 2890 1935 ψυχάς
2919 1864 3076 1935 ἡμῶν
3105 1866 3406 1922 ἀπαιτῶσι.
3473 1868 3583 1921 Καὶ
3620 1869 3714 1933 τίς

2127 1955 2278 2011 ἔσται
2319 1959 2455 2026 ἡμῖν
2480 1976 2543 2009 πε
2556 1957 2608 2027 pi.
2632 1951 2707 2012 ὧν
2732 1958 2831 2028 τὴν
2862 1958 3126 2031 φροντίδα
3171 1959 3475 2030 ποιούμεθα
3502 1962 3540 2033 ἡ
3564 1961 3716 2031 ὠφέ-

2125 2050 2243 2103 λεια
2269 2066 2286 2118 ;
2320 2050 2411 2102 Διδ
2451 2050 2546 2104 καὶ
2579 2052 2905 2120 ἀμεριμνεῖν
2943 2052 3049 2104 ἀπὸ
3099 2050 3210 2105 τῶν
3261 2051 3576 2123 παρόντων,
3603 2052 3709 2107 καὶ

2126 2141 2516 2198 ταπεινοῦσθαι
2555 2145 2651 2197 καὶ
2680 2147 2966 2211 μετανοεῖν
3001 2144 3109 2217 χρὴ
3146 2145 3240 2199 καὶ
3259 2146 3714 2216 ἐξομολογεῖσθαι

2128 2233 2267 2301 Θεῷ,
2300 2234 2396 2286 καὶ
2430 2233 2619 2289 τοῦτον
2668 2235 3054 2289 ἐπικαλεῖσθαι
3086 2238 3169 2301 είς
3197 2238 3370 2303 ἔλεον,
3395 2239 3490 2292 καὶ.
3543 2239 3712 2311 261

2126 2328 2227 2397 τῆς
2257 2326 2526 2397 μυστικῆς
2570 2328 2857 2391 κοινωνίας
2890 2329 3138 2399 μετέχειν
3161 2328 3433 2396 σπεύδειν,
3467 2332 3564 2386 καὶ
3585 2348 3721 2388 συν·-

2129 2419 2270 2489 εχι·ἶ›ς
2345 2418 2505 2472 τοῦτο
2563 2421 2740 2473 ποιεῖν
2799 2422 2860 2476 ἐν
2917 2425 3162 2494 προσοχῇ
3232 2422 3327 2478 καὶ
3382 2424 3717 2480 ταπεινώσει

2128 2512 2307 2583 ψυχῆς
2328 2528 2343 2543 ο
2376 2514 2458 2567 ὅτι
2497 2513 2657 2567 τοῦτο
2683 2514 2743 2567 τὸ
2789 2516 2928 2585 μετὰ
2962 2516 3098 2570 Θεοῦ
3137 2518 3289 2587 ἡμᾶς
3318 2512 3482 2578 εἶναι.
3512 2519 3608 2571 καὶ
3645 2518 3718 2573 es

2133 2606 2254 2680 μεθ’
2277 2606 2438 2679 ἡμῶν
2478 2602 2618 2661 εἶναι
2651 2608 2745 2662 τὸν
2772 2608 2927 2675 Θεὸν,
2951 2608 3018 2662 δι’
3039 2608 3099 2663 δν
3124 2610 3221 2665 καὶ
3265 2610 3635 2689 σεσάρκωται.

2725 2722 2978 2778 ΚΕΦᾹΛ.
3014 2722 3136 2780 TE’.

2132 2833 2412 2907 Περὶ-τοῦ
2450 2833 2733 2907 συνεχῶς
2759 2834 3082 2907 κοινωνεῖν
3122 2836 3400 2902 ἅπαντας
3435 2836 3554 2891 τῶν
3575 2856 3717 2907 φρι-

2201 2904 2364 2978 κτῶν
2406 2905 2780 2978 μυστηρίων,
2810 2905 2885 2972 ὡς
2918 2907 3074 2974 ὑπὲρ
3123 2907 3325 2962 πάντα
3351 2904 3717 2978 ἐπωφελοῦς

2203 2976 2380 3041 ὄντος
2403 2975 2512 3029 τοῦ
2535 2974 2742 3045 ἔργου.

2202 3067 2292 3121 Διὸ
2321 3066 2416 3120 καὶ
2440 3066 2512 3120 τὰ
2548 3068 2830 3140 μυστήρια
2862 3069 2998 3141 ἡμῖν
3031 3070 3324 3142 παρέδωκε
3355 3072 3557 3139 ταῦτα,
3622 3072 3717 3127 ἵνα

438 3168 614 3222 simus
639 3183 763 3223 cum
786 3183 874 3232 eo,
916 3177 974 3222 ut
1011 3169 1302 3238 pontiﬁces
1351 3171 1655 3245 quidemet
1704 3175 2023 3232 sacerdotes

2129 3162 2189 3215 ἓν
2216 3154 2365 3230 ὦμεν
2395 3159 2513 3231 μετ’
2546 3160 2735 3228 αὑτοῦ,
2782 3163 2879 3217 καὶ
2927 3163 3209 3235 ἀρχιερεῖς
3274 3164 3384 3234 μὲν
3420 3166 3517 3219 καὶ
3544 3167 3717 3238 ίσρείς

438 3258 659 3313 assidue
690 3259 742 3312 in
768 3258 1051 3331 diligentia
1078 3252 1454 3331 'contritoque
1497 3263 1667 3319 corde
1705 3280 1770 3320 ac
1805 3266 2020 3321 confes-

438 3353 595 3407 δτι-τηε
626 3352 1337 3408 ministrautes'tremendis
1363 3356 1841 3411 commnnicemus
1872 3358 2019 3429 (my-

441 3444 676 3511 steriis),
710 3444 899 3498 caueri
930 3459 1061 3498 vero
1090 3453 1145 3498 et
1174 3445 1274 3512 ipsi
1298 3447 1521 3501 assidue
1570 3448 1622 3500 in
1670 3449 2022 3506 confessione

438 3535 785 3603 contritaque
816 3540 869 3588 et
891 3534 1084 3588 devota
1132 3542 1314 3588 mente
1375 3538 1766 3593 communione
1833 3538 2023 3595 fruan-

438 3634 552 3681 tur.
584 3622 769 3695 Itaque
795 3640 958 3682 nemo
987 3640 1054 3681 ex
1082 3626 1162 3680 eis
1190 3625 1282 3695 qui
1314 3625 1507 3681 timent
1546 3628 1839 3684 Dominum
1865 3647 2018 3687 eum-

437 3734 546 3787 que
573 3718 827 3789 diliguut,
874 3717 1348 3789 quadragesimam
1391 3721 1852 3791 transgrediatur,
1924 3725 2019 3780 sed

435 3820 703 3882 quantum
720 3810 919 3881 poterit
950 3810 1015 3866 ad
1040 3815 1483 3869 communionem
1527 3814 1735 3870 Christi
1767 3817 2017 3883 accedat,

442 3904 529 3960 Ivel
553 3904 606 3959 in
633 3904 864 3976 singulis
889 3905 1217 3970 Dominicis,
1255 3907 1298 3960 si
1324 3906 1516 3975 possit,
1554 3906 1606 3961 in
1637 3908 1830 3978 primis
1855 3925 2022 3965 senes

437 4006 495 4054 et
518 3997 744 4065 intlrmi,
762 3998 1019 4068 quoniam
1044 3999 1115 4054 ibi
1142 4000 1351 4068 estjvita
1376 4008 1429 4055 et
1454 4001 1719 4056 fortitudo
1738 4011 1943 4058 nostra.
1964 4000 2020 4058 Si

441 4106 574 4147 vero
611 4108 641 4148 a
668 4101 847 4149 morte
878 4091 1130 4147 nonnulli
1164 4100 1432 4157 metuant,
1492 4094 1686 4163 majori
1726 4095 1912 4150 studio
1956 4096 2022 4151 ad

440 4186 883 4241 communionem
910 4194 1297 4256 approperent,
1320 4201 1498 4255 neque
1528 4188 1833 4243 secunlum
1858 4206 2023 4259 quos-

442 4277 568 4330 dam
620 4278 932 4333 insensatos
996 4278 1127 4333 vita
1174 4279 1586 4332 communicare
1633 4278 1908 4346 dubitent,
1955 4296 2024 4337 ne

441 4369 586 4426 forte
609 4371 932 4435 moriamur,
967 4369 1263 4439 inquiunt;
1292 4384 1418 4424 nam
1469 4372 1652 4438 potius
1682 4373 1937 4428 morieris
1978 4373 2023 4428 si

442 4461 783 4517 atremeuda
837 4461 1226 4518 communione
1271 4464 1668 4530 abstineanin
1722 4465 1824 4519 hoc
1875 4470 2021 4520 enim

444 4661 554 4705 tam
581 4651 864 4718 viaticum,
896 4652 989 4708 ubi
1025 4652 1069 4707 si
1099 4652 1298 4722 dignus
1332 4667 1393 4706 es
1428 4652 1629 4709 vivere.
1671 4662 1878 4720 quanto
1912 4666 2023 4704 ilia-

442 4743 531 4812 gis
563 4743 690 4798 inde
714 4752 769 4800 et
794 4751 1125 4813 praesentem
1168 4744 1333 4798 vitam
1368 4742 1647 4798 obtinebis
1684 4743 1847 4812 cujus
1877 4743 2023 4797 nulla

441 4847 531 4892 est
557 4836 803 4905 utilitas;
831 4838 1038 4907 quippe
1067 4837 1202 4891 nihil
1230 4845 1315 4892 est
1344 4836 1489 4891 aliud
1535 4852 1597 4891 ac
1632 4850 1830 4892 cursus
1873 4836 2023 4890 labo-

443 4930 626 4985 riosus
655 4910 748 4999 qui
787 4936 840 4983 te
873 4928 1026 4983 ducit
1049 4928 1116 4982 ad
1144 4941 1375 4983 mortem
1409 4938 1459 4982 et
1489 4929 1555 4983 al
1592 4928 2023 4997 corruptionem,

444 5030 725 5077 certamen
759 5020 1178 5075 interminatam
1208 5028 1262 5073 et
1296 5020 1639 5083 indeliciens,
1669 5035 1879 5075 merces
1905 5023 2024 5073 inu-

444 5118 577 5181 tilis,
612 5116 715 5171 iter
741 5114 892 5171 omni
927 5125 1072 5169 metu
1099 5121 1155 5168 et
1205 5114 1441 5168 tumultu
1480 5113 1767 5179 refertum,
1803 5115 1913 5169 vita
1943 5129 2030 5167 sa-

445 5210 724 5278 pientibus
755 5221 1107 5278 nequaquam
1136 5214 1339 5271 amata,
1390 5205 1652 5274 quoniam
1697 5207 1907 5260 incerta
1945 5214 2027 5258 est

446 5313 501 5355 et
530 5302 910 5373 corruptibilis
943 5314 1271 5370 semperque
1306 5298 1469 5353 fallax
1505 5298 1846 5362 nimiumque
1882 5296 2030 5352 solli-

2126 3263 2373 3335 συνεχῶς
2405 3265 2464 3318 ὲν
2500 3263 2744 3333 προσοχῇ
2780 3277 2841 3313 τε
2873 3262 2969 3313 καὶ
2993 3259 3297 3326 κατανύξει
3329 3261 3426 3314 καὶ
3456 3260 3719 3329 ὲξομολου

2124 3358 2293 3427 γήσει
2333 3353 2752 3427 ἱερουργοῦντες
2788 3353 2896 3407 τῶν
2953 3352 3204 3424 φρικτῶν
3246 3353 3593 3427 μετέχωμεν.
3644 3357 3715 3409 υἱ

2125 3450 2315 3503 λοιποὶ
2349 3449 2404 3502 δὲ
2467 3449 2562 3501 καὶ
2604 3446 2757 3500 αὐτοὶ
2801 3448 3045 3515 συνεχῶς
3100 3447 3159 3500 ὲν
3206 3446 3561 3517 ἐξαγορεύσει
3618 3448 3719 3500 καὶ

2125 3539 2388 3610 συντριϐῇ
2419 3538 2515 3592 καὶ
2535 3536 2792 3609 εὐλαϐείᾳ
2831 3535 3014 3607 ψυχῆς
3091 3537 3189 3603 τῆς
3242 3536 3533 3600 κοινωνίας
3574 3537 3720 3590 ἀπο-

2123 3631 2463 3692 λαυέτωσαν,
2498 3629 2591 3684 καὶ
2622 3628 2698 3699 μή
2729 3644 2813 3689 τις
2843 3628 2954 3680 τῶν
3013 3625 3372 3697 φοϐουμένων
3430 3626 3524 3681 καὶ
3577 3627 3718 3695 άγαο
3808 3675 3820 3690 ,

2123 3722 2354 3776 πῶν-των
2379 3721 2471 3774 τὸν
2496 3719 2725 3790 Κύριον,
2760 3718 3129 3789 παρερχέσθω
3157 3718 3258 3782 τὰς
3277 3719 3711 3789 τεσσαράκοντω

2124 3816 2355 3883 ἀλλ’ὂση
2394 3813 2599 3885 μᾶλλον
2650 3813 2804 3882 ἰσχὺς
2833 3812 2985 3882 αὐτῷ
3036 3828 3095 3866 τε
3142 3811 3241 3866 καὶ
3297 3811 3562 3883 προσοχὴ,
3618 3814 3717 3866 καὶ

2129 3906 2431 3976 ἐγγύτερον
2459 3907 2523 3976 τῇ
2555 3910 2814 3974 κοινωνίᾳ
2840 3903 3082 3976 Χριστοῦ
3116 3902 3515 3975 προσερχὲσθω
3537 3920 3553 3937 ο
3617 3905 3715 3959 καὶ

2123 4001 2183 4052 ὲν
2213 3998 2361 4068 πάσῃ
2396 4000 2654 4068 κυριακῇ
2719 3998 2776 4050 ει
2808 3996 3072 4050 δυνατόν·
3125 3995 3225 4051 καὶ
3260 3996 3500 4063 μάλιστα
3553 3996 3604 4049 oi
3655 3998 3715 4049 ὲν

2124 4094 2201 4165 τῷ
2242 4096 2392 4166 γήρᾳ
2421 4093 2526 4173 ,καὶ
2552 4093 2831 4164 ἄρρωστοι
2858 4105 2873 4120 °
2924 4091 3007 4144 ὅτι
3039 4089 3199 4146 τοῦτο
3231 4091 3365 4159 ἡμῖν
3401 4090 3434 4162 ή
3490 4090 3603 4159 ζωή
3652 4106 3713 4143 τε

2134 4189 2231 4241 καὶ
2257 4186 2432 4256 ἰσχύς.
2472 4187 2535 4239 Εἰ
2569 4185 2626 4238 δὲ
2658 4185 2756 4239 καὶ
2788 4184 2925 4255 πρὸς
2958 4183 3126 4251 φόϐον
3147 4182 3255 4236 sici.
3286 4182 3525 4237 θανάτου
3544 4183 3709 4249 τινὲς,

2130 4278 2271 4346 πρὸς
2300 4279 2398 4344 τὴν
2422 4277 2714 4329 κοινωνίαν
2748 4273 3168 4350 σπουδαιότεροι
3198 4273 3444 4328 εστωσαν
3465 4290 3478 4303 ·
3503 4274 3595 4328 καὶ
3635 4274 3715 4344 μὴ

2124 4371 2270 4425 κατά
2306 4387 2462 4433 τινας
2496 4370 2735 4443 ἄφρονας
2749 4368 2851 4437 τῆς
2869 4367 3015 4436 ζωῆς
3043 4370 3377 4436 κοινωνῆσαι
3404 4369 3710 4440 φοϐείσθω-

2077 4487 2089 4497 ·
2128 4482 2230 4519 σαν
2252 4482 2265 4496 ο
2304 4465 2376 4534 μή
2415 4480 2571 4527 ποτε,
2624 4463 2811 4533 φησιν,
2844 4463 3207 4534 ἀποθάνωμεν
3227 4478 3243 4495 ο
3274 4464 3371 4518 καὶ¹
3395 4463 3715 4535 μᾶλλονέσῃ

444 4556 542 4611 tibi
576 4556 712 4623 vita,
753 4559 989 4624 sanitas,
1020 4558 1226 4624 virtus,
1247 4550 1303 4612 et
1335 4558 1402 4612 ad
1433 4558 1579 4612 illam
1616 4574 1913 4625 perennem
1941 4559 2021 4611 vi-

2126 4559 2176 4611 εί
2220 4557 2295 4627 μὴ
2323 4557 2603 4629 μετάσχῃς
2640 4556 2743 4626 τῆς
2778 4556 3020 4626 φρικτῆς
3042 4556 3338 4620 κοινωνίας
3397 4557 3709 4610 ἀποθανών.

2127 4648 2298 4702 Τοῦτο
2328 4650 2439 4717 γάρ
2470 4666 2553 4702 σοι
2598 4650 2737 4715 ζωὴ,
2775 4649 2965 4720 ρὦις,
3010 4648 3266 4719 δύναμις,
3298 4649 3395 4702 καὶ
3422 4649 3559 4720 πρὸς
3612 4650 3712 4717 τὴν

2127 4740 2350 4793 αίώνιον
2406 4739 2554 4808 ζωὴν
2589 4740 2807 4810 ἐκείνην
2856 4740 3070 4807 ἐφόδων
3094 4755 3113 4772 ⁸
3142 4740 3238 4793 καὶ
3269 4741 3387 4808 είγε
3431 4739 3582 4804 ἄξιος
3610 4732 3712 4791 ὧδε

2136 4831 2263 4902 ζῇν,
2303 4831 2536 4899 καὶτῆς
2593 4831 2881 4902 παρούσης
2935 4831 3017 4884 ἔτι
3071 4833 3336 4902 ἐπιτεύξῃ
3413 4831 3615 4902 μᾶλλον
3652 4840 3714 4885 ἐκ

2128 4923 2321 4975 τούτου
2357 4921 2501 4990 ζωῆς
2526 4940 2538 4951 ·
2582 4918 2650 4996 ἦς
2682 4923 2839 4976 οὐδὲν
2897 4922 3094 4993 ὄφελος
3117 4939 3135 4956 ·
3176 4922 3319 4995 αὐτὴ
3372 4923 3484 4995 γὰρ
3512 4923 3715 4992 δρόμος

2133 5016 2294 5085 μόνον
2329 5016 2609 5081 ἐπίπονος,
2651 5018 2735 5079 εἰς
2799 5015 2952 5080 τέλος
3006 5015 3159 5084 ἄγων
3223 5033 3281 5070 σε
3320 5016 3418 5070 καὶ
3458 5015 3668 5084 φθοράν
3696 5031 3712 5047 ο

2131 5112 2226 5162 καὶ
2262 5108 2411 5176 ἀγὼν
2448 5109 2689 5178 ἄμετρος
2722 5109 2820 5160 καὶ
2845 5109 3147 5179 ἁσυντελής
3180 5125 3196 5141 ⁸
3231 5110 3329 5163 καὶ
3373 5108 3571 5179 μισθὸς
3601 5112 3699 5161 ἀν-

2128 5202 2379 5268 ωφελής*
2416 5199 2511 5253 καὶ
2553 5199 2740 5269 τρίϐος
2788 5200 3096 5269 ἀνάμεστος
3157 5201 3362 5263 παντὸς
3399 5201 3569 5269 φόϐου
3617 5204 3716 5254 καὶ

2129 5293 2401 5361 ταραχῆς,
2436 5291 2531 5343 κα)⁵
2565 5292 2678 5351 τοῖς
2718 5289 2904 5343 νοοῦσι
2950 5292 3025 5359 μὴ
3061 5290 3393 5360 φιλούμενος
3445 5290 3580 5360 βίος,
3639 5289 3717 5352 ὡς

445 5394 694 5449 citudine
757 5393 963 5459 anxia;
1040 5401 1095 5448 tu
1149 5400 1332 5447 autem
1390 5389 1779 5461 mysteriorum
1825 5387 2027 5443 Christi

2134 5383 2333 5450 ἄδηλός
2376 5400 2434 5435 τε
2469 5383 2565 5435 καὶ
2587 5381 2908 5452 φθαρτικὸς,
2929 5382 3022 5436 καὶ
3056 5383 3314 5436 κλέπτων
3348 5384 3454 5447 iis",
3486 5383 3719 5436 καὶλίαν

447 5487 893 5540 communionem
946 5487 1193 5541 invenies
1236 5486 1362 5538 vitat
1424 5483 1520 5538 tibi
1577 5496 1642 5538 ac
1692 5480 2029 5537 fortitudinis

2135 5476 2507 5545 ὲμμέρ-μνος.
2534 5476 2606 5530 Σὺ
2643 5475 2697 5528 δὲ
2730 5476 2940 5546 μᾶλλον
2972 5476 3071 5548 τὴν
3132 5477 3424 5531 κοινωνίαν
3463 5479 3718 5545 εὑρήσεις

447 5589 750 5643 auctorem,
785 5579 1042 5644 quoniam
1077 5579 1195 5646 ipse
1257 5585 1341 5631 cst
1368 5591 1526 5644 quem
1560 5591 1725 5643 quum
1762 5573 2032 5641 tetigisset

2132 5568 2243 5621 τῶν
2279 5569 2602 5639 μυστηρίων
2670 5570 2913 5637 Χριστοῦ
2969 5568 3114 5639 ζωῆς
3161 5588 3242 5623 σοι
3276 5572 3371 5621 καὶ
3433 5570 3719 5633 δυνάμεως

451 5666 650 5720 mulier
674 5665 879 5720 ﬂuxum
914 5666 1201 5733 sanguinis
1251 5664 1489 5734 patiens,
1544 5663 1837 5719 sanitatem
1878 5676 2028 5714 rece-

2134 5661 2473 5728 ’παραιτίαν⁸
2512 5661 2594 5714 ὅτι
2638 5661 2802 5725 αὐτός
2846 5665 3018 5728 ἐστιν,
3049 5663 3110 5714 οῦ
3145 5664 3177 5731 ἡ
3211 5662 3513 5733 αἱμόρρους
3575 5663 3718 5730 d2}:-

452 5755 554 5824 pit,
583 5763 638 5809 et
690 5756 890 5824 leprosi
929 5756 1049 5811 solo
1107 5757 1228 5827 ejus
1280 5762 1429 5807 tactu
1485 5752 1732 5807 tnunttati
1769 5760 1920 5815 sunt,
1978 5761 2034 5805 et

2138 5754 2272 5822 μένη
2331 5737 2486 5823 ίάθηο
2530 5755 2621 5806 καὶ
2653 5753 2928 5824 λεπροὶτῇ
2972 5755 3084 5824 ἁφῇ
3115 5753 3311 5807 τούτου
3348 5754 3483 5824 μόνη
3514 5752 3718 5805 ἐκαθα-

448 5846 652 5901 mortui
693 5855 946 5913 tangente
996 5862 1091 5901 eos
1137 5861 1298 5900 mauu
1362 5844 1512 5898 illius
1582 5852 2024 5909 resurrexerant,

2140 5846 2443 5917 ρίσθησαν·
2510 5848 2603 5901 καὶ
2649 5848 2861 5917 νεκροὶ,
2899 5847 2996 5915 τῆς
3049 5847 3234 5915 χειρὸς
3273 5846 3441 5901 αὑτοῦ
3504 5845 3718 5900 τούτων
