4026 6274
330 354 441 419 673
1013 387 1016 390 ~
1316 298 1321 305 ’
1469 349 1578 411 .mz
1612 341 1908 408 osurus
1948 340 2460 407 septimum.
3493 335 3604 408 ert

332 464 647 537 ἀφειμένης,
680 463 1038 536 ἠγέρθησαν
1083 462 1178 517 καὶ
1208 458 1265 516 σὲ
1322 459 1558 527 ζωώσει,
1596 450 1800 528 μᾶλλον
1858 455 1920 508 οὐ

2024 468 2238 513 necnon
2270 459 2568 515 viviﬁcabit
2604 469 2655 515 te
2679 460 2881 517 nedum
2926 472 2979 517 te
3009 458 3320 516 interﬁciat.
3355 461 3526 517 Perco
3556 465 3601 518 si

332 557 663 613 θανατώσει.
699 557 775 609 Ει,
810 557 866 609 δὲ
906 556 969 609 τὸ
996 554 1151 618 τέλος
1187 550 1612 624 προητοιμόισθη
1666 566 1774 615 σοι,
1816 548 1916 603 καὶ

2024 548 2154 603 ﬁnis
2185 551 2590 621 appropinquet
2615 551 2708 606 tibi
2752 561 2804 606 et
2830 551 2943 622 jam
2973 549 3119 605 adsit
3159 558 3396 621 tempus,
3430 551 3605 617 magis

335 649 604 718 πάρεστιν
635 651 664 703 ὁ
694 650 909 720 καιρὸς,
975 646 1247 718 πρόσελθε
1307 645 1532 716 μᾶλλον,
1574 643 1661 697 ἵνα
1723 641 1914 696 τοῦτον

2022 644 2244 711 accede,
2281 653 2340 699 ut
2367 646 2494 701 inde
2527 660 2650 700 eum
2690 645 2745 700 in
2774 647 2969 701 arrhas
3003 645 3271 715 accipias,
3300 644 3421 714 ipse
3454 644 3604 700 enim

338 741 597 795 ἐντεῦθεν
625 741 707 804 είς
736 741 1035 814 ἀρραϐῶνα
1054 739 1228 810 λάϐῃς
1247 755 1260 768 ·
1295 734 1466 800 αὐτὸς
1496 735 1607 807 γάρ
1632 749 1716 788 σοι
1733 734 1914 787 ἐκεῖσε

2027 736 2123 792 tibi
2156 737 2262 792 erit
2287 736 2365 793 ibi
2428 737 2559 803 rita,
2589 749 2642 794 et
2668 738 2849 804 cibus,
2873 747 2929 794 et
2960 738 3051 794 lux
3105 747 3159 794 et
3188 739 3422 808 requies,
3475 745 3529 794 et
3557 738 3604 795 si

336 836 435 890 καὶ
468 836 502 906 ἠ
534 832 649 904 ζωὴ
684 835 778 887 καὶ
813 835 844 904 ἡ
881 832 1058 901 τροφὴ
1090 832 1183 885 καὶ
1207 831 1267 884 τδ
1303 830 1419 899 φῶς
1452 827 1547 882 καὶ
1577 828 1910 888 ἀνάπαυσις

2024 829 2099 885 illi
2155 830 2244 886 his
2288 831 2339 883 in
2388 833 2547 886 terris
2601 831 3118 898 communicaveris,
3163 831 3601 887 misericordiam

335 927 436 982 καὶ
469 928 519 980 εί
557 926 754 980 τούτου
812 924 1094 996 μετάσχῃς
1143 916 1266 990 ὧδε,
1318 920 1750 991 οἶκτειρηθήσῃ·
1814 916 1913 971 καὶ

2023 923 2400 991 consequeris,
2436 933 2490 978 et
2516 923 2643 978 hine
2703 923 2933 980 habebis
2981 922 3252 994 primitias
3276 923 3425 979 illius
3456 924 3602 985 vitae.

335 1018 590 1074 ἐντεῦθεν
624 1016 769 1084 ἕξεις
819 1020 919 1081 τὰς
951 1017 1055 1087 τῆς
1112 1016 1258 1086 ζωῆς
1286 1016 1546 1086 ἀπαρχὰς
1578 1011 1746 1067 αὑτοῦ
1768 1028 1782 1045 ·
1818 1011 1916 1064 καὶ

2023 1024 2074 1071 et
2108 1031 2231 1069 runt
2265 1030 2331 1070 eo
2358 1017 2467 1071 eris
2498 1032 2737 1084 seraper,
2781 1026 2837 1073 et
2868 1017 3078 1075 inimici
3110 1016 3320 1089 procul
3364 1032 3395 1072 a
3427 1027 3479 1071 te
3515 1015 3597 1070 fu-

337 1113 439 1169 σὺν
463 1111 639 1182 τούτῳ
693 1112 928 1165 πάντοτε
986 1109 1124 1182 ἔσῃ’
1167 1100 1261 1162 κάὶ
1318 1108 1366 1161 oi
1433 1105 1622 1178 ἐχθροὶ
1675 1102 1783 1158 ἀπὸ
1817 1100 1913 1156 σοῦ

2025 1111 2206 1179 gient;
2233 1124 2355 1164 nam
2386 1124 2493 1164 non
2524 1111 2897 1180 praevalebunt
2919 1112 3205 1167 adversum
3228 1123 3278 1166 te
3305 1111 3397 1181 qui
3423 1110 3607 1181 ignem

335 1205 531 1277 πόῤῥω
558 1200 854 1273 φεύξονται
885 1217 900 1232 '
945 1200 1009 1255 ού
1042 1202 1151 1271 γὰρ
1189 1200 1479 1271 ἰσχύσουσι
1526 1196 1672 1253 κατὰ
1708 1193 1825 1257 σοῦ.
1850 1195 1915 1248 τὸ

2022 1203 2205 1257 omnia
2241 1213 2488 1256 urentem
2511 1213 2694 1258 tecum
2721 1205 3017 1273 acceperis.
3052 1205 3155 1271 Qui
3185 1222 3315 1278 ergo
3342 1206 3409 1262 ad
3442 1207 3600 1261 ﬁnem

338 1297 446 1364 πῦρ
483 1296 623 1363 μετὰ
655 1292 752 1348 σοῦ
776 1293 1036 1355 λαϐόντος
1061 1294 1121 1345 τὸ
1145 1291 1437 1350 ἁστεκτον.
1486 1291 1547 1344 '0
1569 1290 1709 1360 προς
1733 1289 1795 1343 τὸ
1822 1288 1914 1341 τέ-

2024 1293 2147 1348 ritae
2179 1294 2420 1363 attingit,
2453 1296 2809 1362 conﬁteatur,
2841 1296 3130 1366 paeniteat,
3162 1299 3216 1353 in
3259 1299 3517 1353 omnibus
3546 1316 3612 1355 se-

335 1387 424 1449 λος
450 1387 634 1439 τοίνυν
691 1382 1152 1453 ἐξομολογείσθω,
1215 1381 1571 1453 μιτανοτίτω,
1612 1380 1739 1450 περὶ
1777 1378 1914 1433 πάν-

2024 1398 2312 1458 prazparet,
2351 1388 2701 1459 imperfectus
2727 1407 2823 1446 seu
2852 1391 3097 1446 novitius
3128 1392 3320 1447 habitu
3356 1392 3606 1462 perﬁcia-

336 1495 447 1531 των
479 1470 864 1548 ἑτοιμαζέσθω
889 1492 904 1507 ⁸
942 1475 1041 1530 καὶ
1069 1476 1097 1529 ό
1155 1474 1357 1544 ἀτελὴς
1388 1472 1450 1526 τδ
1486 1471 1731 1543 σχήματι
1764 1469 1917 1523 τελε-

2025 1490 2112 1536 tur
2143 1499 2211 1537 ne
2240 1483 2594 1552 imperfectus
2619 1492 2673 1538 et
2704 1484 2913 1553 absque
2950 1485 3357 1555 perfectissimo
3383 1487 3605 1543 habitus

337 1565 543 1637 σθήτω,
583 1569 673 1623 ἵνα
703 1567 779 1640 μὴ
801 1566 998 1638 ἀτελὴς
1024 1568 1121 1621 καὶ
1158 1566 1287 1637 δίχα
1310 1566 1412 1636 τῆς
1433 1566 1781 1635 τελειοτάτης
1820 1582 1914 1617 τε-

2023 1576 2355 1632 iudumento
2420 1575 2703 1634 abscedat.
2766 1577 2963 1635 Multos
3031 1582 3178 1636 enim
3230 1583 3355 1636 novi
3410 1581 3464 1636 in
3501 1585 3608 1637 hoe

334 1661 496 1731 λετῆς
524 1659 740 1733 ἀπέλθῃ
778 1659 873 1714 τοῦ
906 1660 1219 1732 σχήματος.
1243 1655 1377 1716 Οἶδα
1407 1661 1518 1729 γὰρ
1574 1661 1681 1713 κάν
1734 1656 1914 1728 τούτῳ

2023 1670 2186 1727 etiam
2213 1670 2541 1736 incuriosos,
2566 1671 3025 1740 quemadmodum
3046 1673 3176 1728 olim
3199 1673 3423 1743 quidam
3447 1685 3608 1728 erant

335 1754 626 1816 πλείστους
663 1752 1144 1823 καταμελοῦντας,
1165 1753 1314 1807 καθὰ
1368 1750 1434 1825 δὴ
1463 1754 1560 1807 καί
1594 1770 1740 1816 τινες
1774 1752 1913 1822 πρό-

2023 1765 2089 1819 ad
2124 1765 2457 1833 baptismum
2478 1765 2848 1835 indiligentes,
2875 1782 2984 1835 quo
3011 1783 3122 1823 non
3154 1768 3461 1837 baptizatus
3488 1786 3598 1825 non

334 1858 495 1916 τερον
519 1809 655 1918 προς
700 1847 763 1900 τὸ
807 1809 1537 1918 βάπτισμαηδιαμέλλοντες
1593 1809 1763 1917 ἦσαν,
1820 1809 1918 1900 λιαὶ

2026 1809 2089 1819 _..
2125 1809 2456 1833 ....,,..-........
2479 1809 2848 1835 ...,....,,-.....-,
2875 1809 2983 1835 ..ην
3012 1809 3122 1823 ...,..
3154 1809 3461 1837 .,..,,..........

2022 1866 2109 1911 est
2133 1856 2503 1921 Christianus,
2537 1857 2607 1911 ita
2637 1869 2688 1912 et
2730 1856 2918 1913 habitu
2996 1875 3103 1914 non
3150 1834 3372 1916 indutus
3416 1877 3606 1916 mona-

334 1943 529 1997 τούτου
582 1943 918 2015 ἠστόχησαν,
982 1943 1204 2008 ἀλλ’ὡς
1254 1947 1282 1999 ὀ
1347 1945 1423 2015 μὴ
1467 1941 1791 2015 βαπτισθεὶς
1852 1941 1917 1995 οὐ

2021 1949 2159 2003 chus
2190 1963 2297 2003 non
2330 1948 2456 2002 erit.
2495 1948 2650 2014 Quod
2684 1948 2866 2006 disces
2892 1965 2956 2004 ex
2984 1946 3237 2006 doctrina
3265 1952 3524 2009 Ecclesiae
3549 1963 3606 2010 et

337 2034 694 2107 Χριστιανὸς,
722 2035 821 2090 καὶ
855 2037 883 2088 ὁ
922 2036 998 2107 μὴ
1029 2036 1110 2107 τῷ
1142 2038 1389 2108 σχήματι
1405 2035 1708 2101 τελεσθεὶς,
1736 2035 1797 2088 οὗ
1816 2052 1919 2105 μου

2024 2041 2326 2108 praesertim
2355 2055 2382 2091 a
2419 2038 2624 2096 Basilio
2663 2054 2718 2095 et
2754 2026 3019 2111 Gregorio
3051 2050 3288 2111 quordm
3322 2057 3605 2098 sermones

338 2128 502 2198 ναχδς
531 2126 707 2184 ἐσται.
739 2127 851 2180 Καὶ
879 2126 951 2181 τὰ
988 2128 1129 2200 πρὸς
1154 2129 1343 2207 ,τούτῳ
1386 2128 1606 2198 μαθήσῃ
1643 2124 1917 2198 παρὰτῶν

2023 2128 2091 2185 de
2120 2131 2397 2201 baptismo
2426 2147 2573 2185 nunc
2606 2130 2673 2186 ad
2706 2133 2953 2187 habitum
3010 2141 3066 2188 et
3119 2134 3186 2187 ad
3223 2134 3604 2202 ptenitrutiam

339 2221 681 2276 διδασκάλων
725 2219 825 2292 τῆς
862 2221 1221 2292 Ἐκκλησίας,
1263 2222 1361 2277 καὶ
1394 2221 1681 2276 Βασιλείου
1714 2220 1919 2290 μᾶλλον

2078 2224 2396 2279 ιοοιηιιιούο.
2421 2223 2524 2291 Qui
2551 2239 2685 2292 ergo
2736 2226 2888 2298 prius
2915 2239 3025 2279 non
3056 2222 3224 2281 fuerit
3273 2228 3605 2292 monachus,
3648 2256 3668 2267 α

244 2308 263 2315 θ’
337 2316 430 2367 καὶ
473 2313 805 2386 Γρηγορίου,
836 2316 934 2368 καὶ
963 2317 1012 2368 οἱ
1062 2315 1201 2387 πρὸς
1248 2315 1310 2369 τὸ
1366 2314 1653 2387 βάπτισμα
1709 2315 1834 2369 τούτ

2023 2317 2148 2371 talis
2176 2316 2270 2371 ﬁat
2301 2317 2354 2371 in
2391 2317 2494 2371 ﬁne
2525 2318 2649 2372 vita:
2673 2333 2787 2373 sua:
2823 2332 2837 2385 ;
2871 2318 3077 2373 donum
3111 2319 3259 2374 enim
3309 2329 3395 2376 est
3437 2325 3608 2376 maxi-

338 2408 494 2475 λόγοι
527 2408 626 2462 νῦν
655 2408 796 2480 πρὸς
846 2409 910 2463 τὸ
945 2407 1139 2480 σχῆμά
1182 2424 1267 2462 σοι
1318 2409 1415 2463 καὶ
1467 2409 1566 2481 τὴν
1624 2408 1921 2478 μετάνοιαν

2026 2424 2173 2461 mmn
2207 2418 2260 2463 et
2294 2412 2475 2478 regale
2506 2410 2773 2479 sigillum,
2823 2412 3103 2466 secundus
3149 2420 3230 2467 est
3267 2412 3604 2482 baptismus,

339 2505 611 2557 ἔστωσαν.
654 2501 718 2556 Ὅ
751 2502 807 2556 δέ
840 2508 904 2571 γε
945 2501 1021 2571 μὴ
1060 2499 1297 2572 μοναχδς
1339 2499 1554 2571 φθάσας
1589 2494 1758 2565 εἶναι,
1790 2500 1921 2571 περὶ

2023 2513 2054 2552 a
2084 2502 2317 2568 peccatis
2353 2486 2568 2570 purgat,
2608 2502 2747 2555 dona
2796 2511 2844 2555 et
2879 2503 3087 2572 gratias
3135 2501 3396 2573 impertit,
3437 2508 3606 2562 armis

338 2596 400 2648 τὸ
435 2595 590 2657 τέλος
624 2593 790 2648 αὑτοῦ
842 2592 1082 2662 γινέσθω
1107 2608 1124 2625 ο
1189 2592 1450 2663 μέγιστον
1485 2595 1595 2663 γὰρ
1630 2592 1691 2646 τὸ
1723 2593 1919 2662 δῶρον,

2026 2594 2326 2647 instruitet
2350 2593 2548 2663 signat,
2575 2594 2641 2647 ab
2675 2587 2913 2647 inimicis
2971 2594 3140 2659 eruit,
3185 2596 3252 2651 ad
3293 2611 3475 2666 regem
3522 2599 3604 2652 in-

344 2684 600 2756 βσισιλικὴ
636 2686 668 2755 ἠ
702 2685 966 2754 σφραγὶς,
996 2682 1254 2756 δεύτερόν
1308 2687 1427 2738 ἐστι
1477 2684 1766 2757 βάπτισμα
1792 2701 1806 2716 °
1857 2689 1923 2740 ἐκ

2027 2685 2283 2752 troducit,
2319 2687 2478 2755 eique
2513 2687 2749 2740 amicum
2783 2683 2950 2740 efﬁrit
2978 2685 3258 2742 hominem
3287 2704 3304 2757 ;
3352 2692 3399 2746 si
3437 2706 3602 2747 accc-

340 2780 450 2829 τῶν
522 2777 939 2848 ἁμαρτημάτων
1000 2772 1287 2847 καθαίρει·
1353 2759 1503 2850 δῶρα
1536 2779 1772 2848 παρέχει
1830 2780 1924 2833 καὶ

2027 2781 2148 2845 das,
2184 2779 2582 2836 illuminaberis
2619 2791 2672 2836 et
2700 2798 2807 2837 non
2841 2784 3220 2853 confunderis,
3244 2787 3290 2842 si
3318 2787 3491 2846 fueris
3515 2806 3608 2846 so.

343 2872 604 2940 xdptrac'
639 2867 850 2932 ὁπλίζει
885 2869 981 2923 καὶ
1014 2871 1238 2942 σημειοϊ
1276 2884 1291 2899 ·
1323 2867 1627 2940 ἐξαιρεῖται
1657 2872 1872 2943 ἐχθρῶν
1901 2891 1918 2908 ο

2026 2889 2171 2939 cors,
2198 2889 2544 2944 nequaquam
2576 2875 2847 2940 paenitens
2883 2887 2936 2933 et
2956 2880 3142 2945 segnis
3165 2894 3243 2943 es,
3263 2884 3608 2949 etquomodn

344 2960 424 3031 τῷ
458 2957 675 3026 βασιλεῖ
703 2959 969 3033 παριστᾷ,
1004 2962 1100 3016 καὶ
1138 2961 1296 3031 φίλον
1334 2963 1572 3035 καθιστᾷ
1605 2963 1825 3019 τούτου.
1859 2966 1922 3020 Εἰ

2027 2981 2209 3036 regem
2241 2963 2641 3034 conspiceres?
2668 2965 2842 3020 Simul
2892 2977 3069 3022 tamen
3108 2968 3290 3040 lingua
3333 2971 3601 3039 paeniten-

343 3046 669 3124 προσέλθῃς,
711 3053 1037 3127 φωτισθήσῃ
1075 3055 1173 3110 καὶ
1218 3055 1279 3109 οὐ
1335 3058 1816 3129 καταισχυνθήσῃ,
1873 3061 1923 3111 εί

2029 3058 2159 3112 tiam
2203 3057 2456 3121 enuntia,
2511 3056 2719 3113 advoca
2766 3059 3110 3116 sacerdotem
3167 3061 3424 3118 facultate
3474 3079 3608 3134 gau~

341 3138 563 3218 δειλιᾷς,
594 3147 654 3197 ού
691 3146 994 3223 μετανοεῖν
1019 3145 1115 3199 καὶ
1144 3145 1357 3219 ἀμϐλὺς
1396 3144 1466 3203 εἷ.
1491 3148 1601 3202 Καὶ
1630 3149 1748 3213 πῶς
1794 3167 1929 3205 κατ-

2035 3151 2277 3213 dentem,
2310 3148 2625 3213 humiliare,
2665 3151 2947 3219 contltere,
2986 3167 3171 3207 veram
3205 3168 3304 3220 age
3339 3156 3612 3223 pmuitcno

346 3240 476 3301 ίδοις
532 3239 621 3292 τὸν
651 3237 878 3304 βασιλέα
906 3256 922 3305 ;
992 3238 1182 3309 Ὅμως
1213 3239 1316 3293 κᾶν
1352 3240 1688 3311 μετανόησον
1708 3242 1888 3311 λόγοις
1908 3259 1922 3274 ο

2031 3243 2162 3298 tiam
2271 3242 2501 3313 propius
2562 3236 2708 3298 enim
2768 3244 3176 3315 appropinquat
3223 3245 3319 3300 tibi
3382 3260 3609 3316 regnum

342 3331 575 3383 κάλεσον
601 3331 752 3402 ίερέα
788 3331 880 3385 τὸν
915 3332 1071 3402 ἰσχὺν
1097 3332 1291 3403 ἔχοντα
1313 3349 1329 3364 ·
1365 3334 1771 3406 ταπεινώθητι·
1834 3337 1923 3402 te-

2029 3335 2331 3389 ctelordm.
2362 3328 2587 3388 Veniam
2616 3350 2802 3403 posce,
2828 3334 2911 3390 fac
2940 3351 3004 3391 ex
3043 3337 3129 3392 his
3183 3352 3307 3408 qua:
3346 3336 3442 3392 tibi
3479 3348 3612 3393 sunt

345 3423 688 3495 αγόρευσονο
737 3422 1072 3496 μετανόησον
1123 3423 1375 3495 ἀληθῶς
1426 3424 1639 3493 ἐγγίζει
1701 3428 1809 3497 γάρ
1844 3445 1927 3482 σοι

2030 3426 2482 3490 misericordiam,
2520 3427 2682 3482 redde
2721 3428 2924 3497 injuste
2952 3429 3155 3495 ablata,
3195 3429 3600 3497 fraudatorum,

348 3512 554 3584 μᾶλλον
591 3515 622 3584 ὴ
659 3514 908 3584 βασιλεία
945 3515 1055 3569 τῶν
1104 3515 1353 3588 οὐρανῶν
1383 3533 1400 3551 ο
1452 3517 1810 3590 συγχώρησιν
1841 3515 1925 3572 αἴ-

2030 3520 2075 3573 si
2110 3520 2376 3590 potueris,
2408 3519 2706 3575 secundum
2764 3512 3084 3577 Zacchatum
3139 3523 3307 3579 redde
3366 3524 3609 3594 quadru-

342 3625 509 3676 τησαι
531 3625 545 3639 ο
579 3607 801 3676 ἐλέησον
836 3607 896 3672 ἐξ
925 3600 999 3661 ὧν
1029 3608 1178 3679 ἔχεις
1198 3625 1214 3642 ·
1246 3608 1444 3673 ἀπόδος
1470 3608 1634 3680 262
1669 3610 1768 3679 τὴν
1807 3609 1926 3664 ἁδι-

2031 3610 2175 3682 plum
2202 3627 2393 3679 ;-care
2424 3629 2489 3667 ne
2517 3614 2694 3669 adhuc
2723 3615 2924 3669 malum
2959 3616 3272 3671 committas
3302 3633 3319 3684 ;
3348 3632 3543 3672 amove
3579 3632 3609 3671 a

346 3704 493 3753 κίαν·
524 3702 594 3753 τὰ
624 3700 1125 3771 συκοφαντηθέντα,
1148 3702 1197 3754 εί
1220 3702 1477 3774 ἐγχωρεῖ,
1502 3704 1641 3755 κατὰ
1670 3700 1763 3755 τὸν
1786 3702 1929 3755 Ζακ-

2030 3712 2083 3757 te
2113 3701 2497 3767 fornicariam,
2521 3702 2659 3770 ejice
2689 3702 3024 3769 adulteram,
3056 3717 3177 3757 cum
3208 3717 3273 3759 eo
3296 3706 3385 3770 qui
3430 3712 3481 3757 te
3508 3700 3609 3757 ol—

348 3798 503 3862 χαῖον
531 3788 1007 3863 τετραπλασίασον
1030 3812 1044 3826 °
1106 3795 1303 3864 στῆσον
1348 3796 1441 3849 τοῦ
1475 3795 1552 3867 μὴ
1605 3796 1831 3866 ποιῆσαι
1866 3798 1929 3849 τὸ

2087 3794 2206 3849 ndit
2227 3794 2602 3855 reConciliare.
2625 3790 2693 3847 da
2720 3808 3135 3862 pacem,pacem
3163 3793 3369 3859 accipe,
3401 3802 3456 3846 ut
3484 3808 3612 3848 cum

350 3889 522 3940 κακὸν
553 3888 676 3940 ἔτι·
742 3888 1060 3959 ἀποστησον
1114 3891 1323 3961 πόρνην
1380 3888 1488 3941 ἀπὸ
1541 3887 1685 3941 σοῦ’
1733 3889 1927 3957 δίωξον

2033 3885 2226 3940 amicis
2255 3883 2460 3940 Christi
2502 3882 2596 3937 ﬁas
2628 3901 2642 3948 ;
2675 3882 2760 3939 fac
2800 3899 2965 3954 opera
2996 3882 3406 3945 misericordiae.
3436 3894 3495 3938 ut
3525 3884 3613 3939 di-

355 3979 660 4053 μοιχαλλδα·
694 3978 1076 4055 καταλλάγηθι
1126 3983 1205 4053 τῷ
1262 3984 1732 4057 προσκεκρουκότι
1767 4000 1781 4016 ·
1841 3984 1929 4048 δὸς

2034 3978 2215 4035 vinem
2246 3979 2503 4034 obtinens
2534 3975 3005 4043 misericordiam;
3034 3975 3214 4031 oleum
3242 3986 3493 4048 sanctum
3524 3990 3615 4031 se-

349 4074 602 4146 είρήνηνο
655 4067 787 4130 λάϐε
835 4068 1078 4147 εἰρήνην,
1129 4075 1220 4129 ἵνα
1279 4077 1421 4146 μετὰ
1453 4076 1563 4130 τῶν
1592 4077 1761 4145 φίλων
1796 4077 1931 4150 γένῃ

2032 4073 2274 4128 cundum
2329 4065 2562 4141 apostoli
2618 4069 2935 4123 mandatum
2995 4068 3238 4136 suscipe,
3269 4069 3502 4123 credens
3560 4076 3615 4123 te

350 4159 612 4233 Χριστοῦ.
644 4168 881 4238 Ποίησον
935 4170 1003 4222 τὰ
1057 4168 1153 4222 τοῦ
1187 4168 1366 4237 ἐλέου,
1421 4168 1509 4222 [vat
1557 4169 1704 4224 θείου
1758 4169 1932 4241 τύχῃς

2035 4174 2390 4235 peccatorum
2425 4161 2809 4224 remissionem
2847 4170 2900 4215 et
2924 4177 2954 4216 a
2998 4161 3190 4216 morbo
3234 4160 3489 4215 solatium
3526 4161 3616 4214 in.

350 4263 535 4324 ἐλέους
556 4278 570 4293 ο
608 4263 696 4315 καὶ
728 4262 796 4315 τὰ
826 4259 919 4314 τοῦ
952 4260 1109 4329 ἁγίου
1134 4260 1190 4314 δὲ
1223 4260 1406 4314 ἐλαίου
1438 4261 1583 4313 κατὰ
1629 4260 1734 4330 τὴν
1787 4260 1930 4313 ἁπο-

2033 4266 2348 4316 νυηιιιτιιιιι,
2382 4255 2650 4323 veniaque
2681 4254 2928 4321 obtenta,
2961 4252 3005 4309 si
3034 4251 3219 4307 divina
3258 4252 3479 4321 quidem
3513 4255 3615 4304 mi-

356 4353 611 4425 στολικὴν
640 4354 883 4424 ἐντολὴν,
928 4353 1202 4407 πιστεύων
1236 4354 1420 4423 εὑρεῖν
1481 4351 1763 4422 ἐξάλειψιν
1820 4351 1931 4406 τῶν

2036 4347 2318 4405 Seratione
2347 4360 2516 4401 carne
2532 4353 2759 4399 Senatus
2787 4344 3165 4413 allevatusque
3191 4342 3385 4410 lueris,
3410 4343 3615 4410 gratias

354 4444 794 4514 ἁμαρτημάτων,
815 4443 911 4498 καὶ
940 4445 1039 4516 τῆς
1071 4444 1229 4497 νόσου
1271 4443 1651 4513 ἐξεγερθῆναι,
1710 4443 1931 4497 ἐκτέλε-

2036 4458 2156 4512 age,
2186 4449 2241 4496 et
2264 4440 2533 4511 promissa
2552 4431 2793 4506 adimple
2816 4435 2870 4492 in
2900 4435 3223 4507 pmnitentia
3258 4448 3611 4504 permanens.

352 4552 468 4589 σον.
504 4537 613 4589 Καὶ
663 4535 762 4606 τὴν
794 4538 992 4607 ἄφεσιν
1026 4534 1305 4608 εὑρηκὼς,
1356 4537 1404 4588 εί
1462 4536 1565 4605 μὲν
1621 4534 1750 4605 θείῳ
1781 4534 1927 4605 ἐλέει

2037 4548 2381 4603 mortemque
2411 4532 2613 4586 iterum
2660 4537 2942 4599 exspecta.
2978 4527 3171 4585 Veniet
3202 4527 3372 4589 enim,
3399 4533 3458 4581 et
3503 4527 3611 4596 jam

353 4628 571 4699 ἐξιαθῇς
600 4631 668 4699 τῇ
702 4630 871 4717 σαρκὶ
889 4628 989 4683 καὶ
1007 4627 1330 4699 ἐξεγερθῇς,
1364 4628 1796 4698 εὐχαρίστησον,
1831 4629 1930 4682 καὶ

2035 4641 2205 4696 prope
2242 4633 2350 4689 est,
2382 4637 2485 4679 nec
2516 4622 2666 4677 illam
2719 4636 2893 4691 usque
2950 4620 3148 4690 fugies,
3182 4629 3239 4674 et
3261 4620 3329 4675 ad
3385 4633 3508 4675 eam
3562 4631 3616 4677 te

354 4723 424 4775 τὰ
452 4721 550 4790 τῆς
587 4712 938 4792 ύποσχὲσεως
967 4721 1214 4787 τέλεσον,
1250 4720 1532 4793 μετανοῶν
1592 4721 1798 4791 μένων*
1833 4722 1929 4774 καὶ

2031 4722 2239 4791 iugiter
2273 4732 2541 4789 praepara,
2573 4714 2883 4784 saepiusque
2907 4714 3012 4769 hoc
3042 4713 3138 4767 tibi
3168 4712 3291 4769 dico
3329 4729 3343 4769 :
3384 4712 3616 4767 Paratus

355 4818 423 4871 τᾶ
453 4817 549 4870 τοῦ
579 4817 767 4880 τέλους
795 4816 961 4872 πάλιν
995 4818 1263 4889 περίμενε
1282 4832 1297 4849 ’
1348 4817 1635 4872 ἐλεύσεται
1664 4817 1798 4889 γὰρ,
1830 4819 1931 4871 καὶ

2037 4828 2176 4879 esto,
2201 4816 2464 4884 quoniam
2496 4811 2751 4868 Salvator
2780 4822 2998 4877 semper
3024 4806 3174 4862 istud
3205 4806 3344 4861 dixit
3378 4823 3391 4861 :
3429 4805 3615 4861 Estote

356 4908 521 4975 ἐγγύς
552 4910 670 4962 ἐστι
692 4925 708 4947 ο
734 4910 831 4964 καὶ
862 4909 925 4962 ού
950 4909 1029 4979 μὴ
1058 4908 1239 4981 φύγῃς
1279 4909 1472 4963 τούτου
1495 4912 1650 4964 ποτέ’
1676 4913 1769 4964 καὶ
1792 4913 1930 4980 πρὸς

2038 4910 2235 4977 parati,
2271 4920 2464 4971 nempe
2500 4918 2743 4972 semper.
2780 4901 2847 4954 At
2873 4901 2918 4955 si
2949 4914 3097 4955 mors
3131 4899 3230 4954 tibi
3291 4898 3480 4963 instat,
3533 4899 3614 4951 sic

357 5000 491 5052 αὐτὸ
514 4999 778 5070 διηνειῶς
818 5000 1143 5070 ἑτοιμάζου.
1175 5001 1289 5054 Καὶ
1341 4999 1609 5063 πολλάκις
1653 5016 1738 5054 σοι
1772 5001 1934 5055 τοῦτο

2038 5004 2118 5055 lin:
2154 5008 2210 5052 ut
2241 5005 2464 5067 paratus
2498 4999 2776 5061 inventus,
2819 4994 2898 5048 sis
2925 5007 3049 5048 cum
3084 4990 3215 5056 Deo,
3244 5001 3299 5046 et
3327 4991 3614 5045 cuminmi-

356 5094 526 5162 λέγω,
554 5096 640 5162 τὸ,
699 5112 717 5146 ι
764 5091 1027 5162 Ἐτοιμος
1081 5092 1196 5147 ἔσο.
1246 5110 1266 5144 ι
1316 5086 1473 5146 Ἐπεὶ
1524 5093 1620 5146 καὶ
1678 5094 1706 5144 ό
1744 5093 1935 5161 Σωτὴρ

2036 5112 2116 5151 eis
2156 5096 2277 5164 ejus
2310 5093 2621 5158 colloceris,
2685 5102 2740 5146 et
2771 5105 2936 5160 quam
2978 5088 3329 5157 concupiscis
3386 5084 3616 5156 potiaris

314 5192 319 5197 '
358 5187 657 5250 διαπαντός
687 5203 824 5257 φησι
856 5189 1039 5252 τοῦτο,
1096 5203 1115 5237 ι
1152 5184 1382 5240 Γίνεσθε
1451 5185 1684 5255 ἕτοιμοι,
1725 5204 1743 5236 ι
1811 5185 1904 5254 ﬁre

2038 5188 2224 5243 heiitia
2251 5195 2305 5240 et
2336 5182 2704 5255 jucunditate.
2734 5182 2835 5239 Hie
2861 5181 3006 5236 enim
3041 5179 3136 5233 tibi
3163 5178 3301 5233 falso
3334 5175 3619 5230 blanditur

364 5283 619 5333 πάντοτε.
656 5280 717 5333 Ei
749 5280 806 5332 δὲ
837 5278 1193 5349 προσκληθῇς
1248 5277 1327 5347 τῷ
1379 5277 1624 5347 θανάτῳ,
1667 5277 1761 5332 ἵνα
1794 5277 1940 5330 210'.-

2040 5282 2241 5334 misera
2301 5279 2555 5346 voluptas
2590 5276 2682 5345 qui
2737 5274 3069 5342 voluptatem
3130 5270 3348 5331 nescis;
3409 5269 3454 5325 si
3487 5283 3620 5338 ergo

363 5389 462 5440 μσς
493 5371 768 5442 εὑρεθεὶς,
802 5372 944 5440 μετὰ
967 5370 1105 5423 Θεοῦ
1139 5370 1282 5436 εἴης,
1311 5370 1411 5423 καὶ
1445 5369 1589 5440 μετὰ
1616 5368 1730 5422 τῶν
1764 5370 1939 5438 φίλων

2041 5386 2225 5426 veram
2256 5369 2519 5430 volueris,
2555 5371 2883 5437 praesentem
2920 5370 2976 5416 et
3005 5358 3284 5415 carnalem
3313 5356 3440 5412 odio
3468 5357 3620 5409 iuse-

360 5463 527 5516 αὐτοῦ
555 5462 839 5534 ταχθείης,
886 5462 982 5514 καὶ
1026 5456 1094 5530 ἦς
1148 5459 1440 5530 ἐπιθυμεῖς
1497 5459 1939 5523 ἐπαπολαύσειας

2044 5477 2237 5532 quere,
2274 5470 2332 5514 ut
2377 5475 2560 5513 rerum
2592 5466 2649 5511 et
2661 5453 3079 5546 'sempiternam
3138 5448 3517 5518 consequaris.
3556 5447 3624 5501 Et

360 5559 537 5627 χαρᾶς
564 5573 621 5608 τε
654 5559 751 5610 καὶ
786 5553 1146 5617 ἀπολαύσεως
1180 5569 1196 5585 '
1232 5554 1393 5607 τοῦτο
1442 5555 1537 5607 καὶ
1568 5557 1675 5625 γὰρ
1729 5547 1830 5608 ὧδε
1876 5554 1938 5605 τὸ

2049 5561 2149 5613 ista
2180 5557 2397 5626 quidem
2434 5553 2502 5606 de
2532 5552 2600 5606 iis
2629 5542 2723 5618 qui
2777 5562 2843 5602 ex
2909 5546 3018 5599 vita
3051 5542 3382 5604 abscedunt,
3436 5551 3623 5608 mpure

359 5648 659 5731 ἁπατηλῶς
682 5650 867 5705 σαῖνόν
903 5665 984 5714 σε,
1012 5650 1046 5718 ἡ
1087 5648 1434 5717 ταλαίπωρος
1465 5648 1653 5719 ἡδονὴ,
1677 5647 1941 5715 ἀγνοοῦν-

2048 5668 2171 5724 quae
2195 5651 2266 5706 ab
2299 5648 2431 5720 ipsis
2469 5653 2596 5703 sunt
2622 5641 2896 5698 iacienda.
3561 5726 3580 5737 ~

359 5764 429 5801 τα
460 5728 562 5818 τὴν
597 5746 812 5816 bamb"-
848 5744 1024 5799 Είοδν
1072 5744 1172 5814 τὴν
1204 5744 1379 5814 ἀληθῆ
1408 5743 1618 5810 θέλεις.
1650 5747 1838 5816 τὴνὲν
1899 5751 1980 5821 τῷ
2064 5751 2295 5820 παρόντι
2350 5744 2446 5798 καὶ
2507 5741 2608 5812 τὴν
2653 5740 2757 5809 τῆς
2814 5735 3020 5806 σαρκὸς
3076 5733 3327 5804 μίσησον,
3385 5728 3473 5782 ἶνα
3525 5728 3627 5793 τῆς

361 5845 534 5910 ὅντως
627 5845 724 5899 καὶ
793 5843 868 5914 μὴ
924 5842 1204 5914 ληγούσης
1277 5842 1562 5915 ἐπιτύχῃς.
1631 5843 1743 5896 Καὶ
1807 5846 1979 5901 ταῦτα
2063 5851 2161 5919 μὶν
2229 5840 2519 5915 περὶτῶν
2577 5836 2933 5904 ἐξοδεύοντων
3004 5833 3081 5898 ὡς
3143 5828 3472 5901 ὀφειλόμεια
3524 5825 3625 5879 a6-
