4068 6280
1329 345 1706 406 SYMEONIS
1746 340 2186 404 THESSALON
2203 339 2503 402 ICENSIS
2539 339 2892 401 ARCHIEP.
3658 335 3761 402 676

1019 453 1194 510 CAl‘U
1218 455 1244 507 Γ
1286 455 1560 510 CCCLXI.

2758 449 2796 500 li
2809 446 2983 500 ΕΦᾹΛ
2996 485 3008 497 .
3029 443 3199 499 ΤΞᾹ’.

508 547 583 602 De
617 546 888 617 sepultura
912 549 1293 619 episcoporum.
1323 547 1680 619 sacerdotum,
1704 562 1795 600 uec
1828 563 1930 600 non
1967 563 2078 599 mo-

2191 543 2328 612 Περὶ
2351 540 2604 610 κηδείας
2633 539 2960 619 ἁρχι-ερέιοις
2973 533 3327 619 nat-tegatur,
3361 533 3450 588 ἔτι
3477 549 3538 588 τε
3565 552 3756 604 μονα-

510 342 622 408 675

927 625 1242 678 ttacltorum,
1276 617 1656 691 laicorumque.

579 710 824 766 Fratrem
857 726 990 766 vero
1020 714 1071 764 in
1107 713 1210 766 lide
1235 711 1554 766 defunctum
1582 712 1659 766 ita
1687 711 1920 782 sepelire
1949 727 2085 781 prae-

504 803 646 870 c«-pit
692 801 954 858 Ecclesia.
1004 802 1325 857 Pontiﬁcum
1373 804 1597 873 quidem
1644 811 1699 859 et
1743 803 2081 858 sacerdotem

505 895 759 949 manibus
815 896 1166 951 sacerdotum
1229 895 1527 950 committit
1582 907 1843 966 tanquam
1906 904 2081 950 totum

506 995 788 1050 sanctum,
824 985 918 1054 qui
956 1000 1080 1040 cum
1103 987 1321 1042 mundis
1351 986 1594 1042 vestibus
1628 987 1831 1057 proprii
1865 984 2086 1041 habitus

505 1075 764 1134 imtuunt.
814 1077 972 1132 Prius
1008 1078 1229 1148 quidem
1264 1078 1412 1134 intus
1447 1093 1590 1148 aqua
1636 1087 1847 1133 tantum
1881 1092 2086 1148 corpus

507 1170 559 1220 in
611 1169 844 1222 turmam
880 1170 1066 1224 crucis
1101 1171 1330 1241 spongia
1367 1181 1722 1242 aspergentes
1762 1172 1817 1227 in
1865 1172 2081 1243 signum

504 1262 674 1314 divini
721 1262 1087 1332 baptismatis,
1124 1265 1339 1318 scilicet
1375 1265 1428 1319 in
1464 1266 1664 1332 fronte,
1697 1266 1752 1319 in
1789 1267 1992 1332 oculis,
2029 1267 2083 1320 in

505 1352 686 1417 labiis,
715 1353 770 1408 in
795 1366 1021 1423 pectore
1041 1365 1097 1410 et
1127 1355 1351 1426 insuper
1373 1356 1426 1410 in
1452 1357 1681 1428 genibus
1712 1371 1776 1411 ac
1806 1357 2083 1424 manibus,

506 1459 628 1496 eum
664 1441 861 1498 deinde
891 1444 1123 1506 desuper
1154 1445 1510 1515 prmeinctum
1543 1447 1840 1517 pontiﬁciis
1867 1463 1961 1504 seu
1990 1463 2082 1504 sa-

505 1536 880 1592 cerdotalibus
927 1538 1270 1594 vestimentis
1308 1539 1577 1604 induunt,
1636 1541 1840 1609 caligas
1903 1550 2082 1596 autem

506 1642 826 1681 communes
878 1626 930 1682 in
979 1629 1144 1698 pedes
1191 1628 1495 1695 inducunt;
1545 1631 1800 1688 manibus
1833 1647 1963 1689 vero
1999 1648 2087 1689 sa-

503 1730 658 1768 crum
713 1717 966 1772 inserunt
1008 1718 1369 1792 Evangelium
1398 1763 1412 1788 ,
1463 1722 1608 1792 quod
1659 1724 1812 1794 prius
1861 1723 2082 1794 quidem

2709 605 2835 678 κῶν
2864 609 2962 662 καὶ
2989 605 3247 662 λαϊκῶν.

2259 705 2365 759 Τὸν
2388 705 2443 758 δέ
2472 721 2536 772 γε
2584 703 2640 756 ὲν
2671 703 2857 756 πίστει
2881 699 3114 769 ἀδελφὸν
3138 694 3572 769 τετελευτηκότα
3619 698 3760 753 οὕτω

2188 797 2506 866 κηδεύεινή
2559 793 2864 866 Ἐκκλησία
2904 793 3240 861 παρέλαϐεν.
3306 791 3597 864 ’Λρχιερὲα
3660 793 3756 861 μὲν

2186 888 2317 942 ὅντα
2342 892 2438 942 καὶ
2468 889 2620 958 ἱερέα
2693 888 2884 957 χερσὶν
2925 886 3118 956 ἱερέων
3172 885 3472 955 οἰκονομεῖ,
3507 885 3581 948 ὡς
3619 884 3759 955 ἱερὸν

2187 981 2308 1034 ὅλον
2337 980 2557 1034 δντα·οἳ
2595 983 2691 1034 καὶ
2749 981 2970 1050 καθαρά
3012 980 3206 1034 τοῦτον
3250 979 3448 1050 ἱμάτια
3477 978 3572 1033 τοῦ
3629 979 3758 1033 ἰδίου

2191 1075 2470 1144 σχήματος
2507 1071 2884 1128 ὲνδιδύσκουσι
2915 1090 2931 1106 ο
2993 1074 3264 1144 πρότερον
3328 1071 3431 1142 μὲν
3482 1071 3636 1137 ἐντος
3700 1073 3759 1128 τὸ

2191 1167 2352 1234 σῶμα
2371 1165 2770 1229 ἀπονίπτοντες
2796 1165 2951 1218 ὕδατι
2987 1164 3138 1236 μόνῳ
3166 1165 3257 1218 διὰ
3289 1163 3538 1232 σπόγγου
3598 1177 3760 1219 σταυ-

2191 1255 2435 1324 ροειδῶς,
2466 1255 2547 1319 εἰς
2585 1254 2760 1309 τύπον
2791 1253 2887 1310 τοῦ
2922 1254 3073 1326 ἱεροῦ
3103 1255 3504 1325 βαπτίσματος,
3537 1255 3679 1308 κατά
3705 1271 3759 1305 τε

2189 1347 2249 1400 τὸ
2291 1348 2546 1418 μέτωπον
2578 1342 2674 1402 καὶ
2718 1347 2848 1411 τοὺς
2889 1347 3230 1418 ὀφθαλμοὺς,
3271 1347 3341 1400 τά
3377 1346 3534 1419 χείλη
3568 1363 3629 1398 τε
3671 1348 3762 1399 καὶ

2186 1441 2247 1494 τὸ
2279 1432 2500 1510 στῆθος,
2534 1442 2632 1497 καὶ
2664 1441 2744 1496 ἔτι
2769 1441 2836 1495 τὰ
2869 1441 3071 1511 γόνατα
3101 1438 3198 1492 καὶ
3226 1439 3324 1501 τάς
3348 1442 3538 1510 χεῖρας
3566 1454 3580 1468 °
3614 1438 3762 1494 ἐπει-

2187 1550 2259 1587 τα
2310 1533 2368 1586 δὲ
2419 1534 2822 1603 περιζώσαντες
2888 1534 3116 1597 ἄνωθεν,
3167 1531 3236 1587 τά
3287 1530 3674 1602 ἀρχιερατικὰ,
3726 1524 3761 1599 ἢ

2189 1622 2438 1694 ἱερατικά
2484 1623 2906 1696 περιόάλλουσιν
2975 1625 3174 1695 ἄμφια.
3255 1625 3368 1678 Kal
3439 1623 3760 1694 ὑποδήματα

2185 1715 2240 1768 δὲ
2275 1717 2442 1770 καινὰ
2489 1717 2856 1787 ἐμϐάλλουσιν
2875 1718 2955 1782 είς
2990 1719 3118 1781 τοὺς
3143 1718 3331 1780 πόδας.
3368 1715 3466 1780 Εἰς
3513 1717 3618 1780 τὰς
3659 1717 3760 1786 χεῖ-

502 1808 704 1860 dicitur
736 1808 790 1861 in
828 1809 1005 1879 ipsum
1040 1826 1069 1866 e
1102 1811 1210 1866 vita
1245 1813 1613 1868 discedentem
1649 1815 1733 1869 vel
1774 1823 1894 1884 post
1931 1831 2077 1870 mor-

2191 1825 2293 1878 ρας
2319 1809 2375 1862 δὲ
2405 1809 2468 1862 τὸ
2501 1809 2650 1880 ἱερύν
2671 1810 2913 1864 διδόασιν
2945 1810 3287 1880 Εὐαγγέλιον
3307 1828 3323 1843 ο
3359 1810 3388 1864 ὃ
3409 1810 3475 1882 δὴ
3501 1815 3601 1865 καὶ
3630 1811 3759 1880 πρό-

507 1909 612 1952 tem
640 1938 653 1963 ,
690 1903 734 1953 si
768 1901 978 1956 dederit
1011 1910 1244 1974 tempus,
1278 1906 1532 1974 quoniam
1567 1905 1867 1961 secundum
1906 1905 2084 1961 Evam-

502 1989 704 2059 gelium
740 1991 910 2058 vixit,
957 1993 1228 2064 simulque
1259 2005 1316 2050 ut
1350 1998 1755 2052 miserationem
1790 2007 1844 2052 et
1893 1998 2080 2068 propi-

506 2083 785 2138 tiationem
821 2093 1146 2154 assequatur
1177 2101 1240 2142 ex
1279 2087 1480 2143 divinis
1515 2089 1772 2159 eloquiis.
1815 2091 2080 2156 Qua-nam

502 2175 647 2228 enim
685 2176 791 2230 alia
824 2179 995 2248 magis
1025 2177 1218 2234 idonea
1254 2180 1320 2235 ad
1361 2180 1526 2236 Deum
1564 2198 1662 2252 pro
1703 2194 1922 2238 mortuo
1958 2198 2084 2254 pro-

502 2267 806 2336 pitiandum
843 2285 1008 2340 quam
1043 2273 1156 2326 haec
1191 2272 1337 2328 dicta
1361 2315 1376 2336 ,
1415 2273 1722 2328 incarnatio
1763 2274 1918 2331 Verbi
1971 2294 2075 2332 anv

505 2361 774 2427 nitntiata,
809 2362 1093 2428 doctrinas,
1130 2365 1405 2436 mysteria,
1445 2365 1574 2421 data
1603 2377 1954 2436 peccatorum
1988 2385 2077 2424 re-

504 2453 732 2522 missio,
774 2456 1022 2512 tolerata:
1055 2473 1152 2528 pro
1193 2457 1351 2514 nobis
1389 2460 1672 2530 passiones
1697 2501 1714 2526 ,
1751 2478 1900 2517 mors
1943 2462 2081 2518 vivi-

503 2546 710 2611 llcans,
744 2555 798 2602 et
839 2550 1192 2606 resurrectio.
1243 2549 1370 2606 Haec
1417 2552 1588 2622 igitur
1617 2562 1791 2609 totum
1830 2555 2080 2610 ordinem

503 2647 788 2707 superant,
822 2641 1161 2714 dicendaque
1192 2651 1317 2698 sunt
1349 2644 1514 2699 etiam
1549 2646 1604 2700 in
1635 2645 1867 2704 decessu
1895 2661 2076 2703 sacer—

500 2730 711 2786 dolum.
739 2731 808 2785 At
840 2748 938 2803 pro
969 2735 1254 2789 monachis
1323 2735 1520 2805 legitur
1553 2736 1900 2803 Psalterium,
1937 2741 2082 2810 quod

502 2824 709 2891 pariter
755 2834 1006 2879 servatur
1041 2824 1181 2895 apud
1236 2827 1439 2884 multos
1491 2835 1546 2883 et
1599 2844 1771 2900 usque
1815 2831 1884 2885 ad
1939 2833 2081 2887 hanc

499 2915 696 2968 horam
733 2914 937 2970 dicitur
985 2919 1173 2988 sicque
1220 2934 1386 2990 super
1441 2935 1569 2974 eum
1622 2921 1687 2977 de
1724 2938 1886 2979 more
1922 2923 2081 2980 lactis

502 3007 758 3076 precibus
795 3017 850 3063 et
910 3007 1132 3075 sumtu,
1184 2994 1442 3080 quoniam
1500 3012 1614 3068 Deo
1668 3015 2079 3070 commendavit

501 3095 777 3164 spiritum,
819 3110 1129 3168 corpusque
1164 3101 1564 3157 sanctiﬁcatum
1598 3115 1786 3160 sancte
1818 3108 2078 3162 commit-

502 3188 633 3240 titur
680 3199 882 3258 terrte;
939 3190 1220 3246 incensum
1268 3195 1412 3248 enim
1467 3194 1581 3250 Deo
1621 3195 1862 3251 oblatum
1898 3206 1983 3253 est
2022 3200 2080 3254 in
2108 3160 2151 3220 ϐ

502 3279 942 3349 propitiationem
993 3297 1092 3354 pro
1145 3295 1362 3340 mortuo
1387 3328 1402 3352 ,
1437 3295 1494 3340 et
1546 3291 1600 3341 in
1633 3289 1846 3359 signum
1887 3289 1990 3360 pia:
2025 3299 2080 3346 et

499 3371 821 3426 orthodoxa:
852 3374 970 3442 ejus
1004 3375 1126 3429 vita:
1156 3391 1276 3447 qua:
1309 3377 1435 3432 boni
1472 3378 1656 3434 odoris
1678 3415 1694 3444 ,
1737 3381 1864 3450 quia
1897 3397 2032 3451 pura
2059 3421 2076 3445 ,

501 3466 714 3519 exstitit
747 3481 763 3531 ;
809 3466 991 3521 levant
1023 3477 1209 3537 postea
1241 3479 1296 3524 et
1333 3470 1388 3524 in
1424 3471 1683 3541 templum
1716 3489 1840 3528 cum
1873 3475 2082 3546 lampa-

499 3555 659 3610 dibus
689 3566 908 3626 Portant
938 3557 1178 3614 divinam
1213 3560 1362 3616 illam
1391 3573 1444 3617 et
1473 3563 1873 3620 indelicieutem
1902 3566 2078 3622 lucem

500 3647 899 3717 signiﬁcantes.
983 3651 1054 3705 At
1105 3651 1150 3706 si
1208 3657 1511 3709 monachus
1566 3655 1730 3710 fuerit
1789 3665 2081 3726 mortuus,

485 3745 785 3809 postquam
818 3742 869 3796 in
903 3739 1132 3796 fortnam
1169 3745 1348 3801 crucis
1382 3748 1482 3802 fuit
1516 3764 1799 3820 aspersum
1827 3790 1844 3817 ,
1888 3752 2078 3808 habitu

497 3846 620 3885 eum
659 3833 931 3899 induunt,
975 3843 1028 3890 et
1063 3834 1299 3908 desuper
1336 3837 1389 3893 in
1425 3855 1492 3896 eo
1522 3843 1812 3898 consuitur
1849 3844 2076 3914 pallium

497 3925 640 3992 quod
717 3926 950 3995 sepulcri
1000 3928 1234 3998 speciem
1285 3932 1464 4000 gerit,
1517 3935 1772 3990 crucibus
1845 3935 2081 4005 desuper

501 4016 657 4072 tactis
691 4029 913 4089 propter
939 4019 1218 4076 Christum
1251 4023 1340 4078 cui
1371 4023 1672 4082 crucilixus
1705 4035 1811 4083 est.

1007 4292 1235 4350 CAPUT
1263 4293 1562 4353 CCCLX".

497 4384 676 4452 Quare
724 4401 879 4442 sacra
928 4385 1128 4441 Christi
1181 4389 1356 4459 imago
1389 4405 1545 4459 super
1574 4372 1809 4446 cadaver
1840 4391 2073 4462 defuncti

1122 4471 1375 4528 ponatur.

2186 1917 2347 1972 τερον
2375 1897 2818 1970 ἀναγινώσκεται
2845 1904 2934 1956 ἐπ’
2955 1903 3123 1957 αὐτὸν
3149 1904 3251 1975 ἧδη
3297 1898 3646 1957 τελευτῶντα
3674 1918 3688 1933 ο
3726 1904 3756 1973 ἢ

2187 1993 2284 2044 καὶ
2310 1991 2450 2062 μετὰ
2489 1991 2741 2058 θάνατον,
2775 1995 2823 2046 εἰ
2853 1996 2879 2047 6
2914 1995 3106 2063 καιρὸς
3151 1989 3390 2061 δίδωσιν,
3434 1992 3511 2056 ὡς
3539 1995 3762 2063 εὐαγγεο

2185 2079 2354 2148 λικῶς
2381 2083 2544 2137 αὐτὸν
2573 2083 2817 2156 ζήσαντα
2837 2101 2851 2117 ο
2885 2085 3002 2156 ἅμα
3031 2084 3088 2139 δὲ
3135 2086 3229 2138 καὶ
3273 2088 3355 2150 είς
3389 2087 3621 2158 ἱλασμὸν
3674 2089 3759 2141 καὶ

2187 2175 2461 2244 ἁγιασμύν
2493 2169 2662 2229 αὐτοῦ
2686 2177 2750 2230 ὲκ
2781 2177 2891 2230 τῶν
2918 2175 3213 2232 θειοτάτων
3230 2177 3430 2248 λογίων
3451 2193 3466 2208 ’
3499 2178 3627 2234 τίνα
3657 2179 3759 2252 γὰρ

2183 2268 2350 2338 ἕτερα
2375 2269 2454 2331 είς
2485 2267 2770 2335 ὲξιλέωσιν
2797 2265 2937 2323 Θεοῦ
2961 2270 3188 2341 μείζονα
3213 2271 3354 2342 ὑπὲρ
3375 2270 3470 2326 τοῦ
3501 2273 3756 2344 κειμένου

2185 2359 2599 2432 ισταιῆταῢτα
2643 2361 2966 2435 λεγόμενα;
3013 2363 3302 2434 Σάρκωσις
3356 2364 3497 2419 Θεοῦ
3550 2377 3757 2434 καταγ-

2184 2451 2511 2524 γελλομένη,
2541 2453 2912 2521 διδασκαλίαι,
2951 2456 3251 2526 μυστήρια,
3307 2456 3457 2520 δόσις
3517 2457 3759 2528 ἀφέσεως

2182 2545 2568 2617 ἐγκλημάτων,
2591 2546 2660 2600 τά
2695 2544 2838 2617 ὑπὲρ
2874 2546 3033 2617 ἡμῶν
3066 2545 3236 2618 πάθη,
3265 2549 3294 2602 6
3341 2548 3615 2613 ζωοποιος
3653 2548 3743 2602 θά-

2183 2649 2364 2701 νατος,
2389 2638 2485 2690 καὶ
2518 2637 2552 2708 ἡ
2585 2636 2810 2709 ἔγερσις
2833 2653 2848 2669 ⁸
2890 2637 3034 2706 ὑπὲρ
3061 2636 3286 2694 ἅπασαν
3315 2634 3410 2694 οὖν
3433 2639 3617 2695 ταῦτα
3641 2642 3759 2695 axo-

2181 2726 2446 2780 λουθίαν·
2477 2726 2574 2782 καὶ
2631 2727 2857 2781 λεκτέον
2913 2727 3008 2782 ἐπὶ
3062 2731 3178 2792 τοῖς
3233 2729 3586 2800 ἰερωμένοις.
3642 2729 3757 2784 Ἐπὶ

2181 2821 2238 2875 δὲ
2273 2820 2568 2892 μονάζουσι
2600 2821 2661 2874 τὸ
2683 2821 3027 2893 Ψαλτήριον,
3053 2816 3082 2874 δ
3109 2822 3204 2876 καὶ
3233 2820 3583 2890 φυλάσσεται
3610 2825 3752 2894 παρά

2181 2913 2293 2975 τοῖς
2318 2912 2535 2976 πολλοῖς
2563 2913 2670 2978 ἔτι,
2725 2913 2820 2968 καὶ
2843 2914 2948 2976 ἕως
2965 2915 3060 2968 τοῦ
3095 2913 3191 2967 νῦν
3219 2903 3463 2982 λέγεται.
3491 2911 3608 2969 Kal
3621 2915 3755 2969 οὓτω

2181 3003 2280 3073 τῆς
2300 3001 2467 3072 εὐχῆς
2490 3001 2566 3066 ὥς
2596 3002 2717 3065 ἔθος
2739 3001 2838 3056 σύν
2880 3001 3169 3075 Τρισαγίῳ
3195 3003 3381 3058 ἐπάνω
3445 3003 3643 3059 τούτου
3674 3020 3755 3072 γι·

2183 3097 2419 3168 νομένης
2451 3097 2547 3151 καὶ
2571 3094 2950 3167 θυμιάματος,
2986 3096 3071 3152 ὅτι
3119 3095 3244 3168 Θεῷ
3275 3095 3636 3168 παραδέδωκε
3663 3099 3753 3170 τὴν

2186 3187 2386 3258 ψυχὴν,
2422 3188 2519 3241 καὶ
2549 3188 2610 3240 τὸ
2629 3188 2790 3260 σῶμα
2817 3189 3159 3261 ἡγιασμένον
3190 3190 3366 3260 άγίως
3392 3194 3460 3262 τῇ
3485 3195 3562 3264 γῇ
3588 3209 3756 3264 παρα-

2185 3279 2425 3334 δίδοται’
2464 3281 2560 3334 καὶ
2616 3280 2678 3335 τὸ
2712 3281 2968 3352 θυμίαμα
3009 3282 3121 3355 γὰρ
3171 3282 3292 3355 Θεῷ
3348 3285 3752 3356 προσαγόμενον

2184 3370 2265 3434 είς
2295 3371 2525 3441 ίλασμόν
2557 3375 2707 3426 ἐστιν
2748 3370 2889 3444 ὑπὲρ
2922 3373 3016 3428 τοῦ
3070 3376 3352 3446 κειμένου,
3410 3378 3506 3430 καὶ
3563 3377 3753 3446 δεῖγμα

2182 3463 2281 3530 τῆς
2311 3462 2570 3526 εὐσεϐοῦς
2594 3463 2760 3517 αὐτοῦ
2796 3465 2890 3517 καὶ
2919 3463 3204 3535 δρθοδόξου
3240 3465 3405 3537 ζωῆς,
3458 3468 3753 3522 εὐωδεστά-

2183 3568 2284 3621 της
2315 3550 2482 3623 οὐσης
2512 3551 2588 3617 ὡς
2619 3553 2898 3626 καθαρᾶς.
2929 3549 3064 3608 Εἶτα
3096 3559 3342 3628 αἴρουσι,
3379 3557 3474 3610 καὶ
3529 3561 3612 3622 είς
3663 3562 3749 3610 τὸν

2184 3646 2312 3700 ναὸν
2335 3647 2476 3716 μετὰ
2510 3647 2818 3718 λαμπάδων
2860 3649 3178 3720 κομίζουσι,
3202 3650 3264 3703 τὸ
3291 3649 3432 3705 θεῖον
3459 3653 3639 3706 ὲκετνο
3662 3652 3749 3704 καὶ

2185 3739 2612 3794 ἀκατάπαυστον
2628 3740 2996 3804 ὲκτυποῦντες
3039 3741 3177 3812 φῶς.
3211 3743 3273 3797 El
3316 3742 3374 3798 δέ
3411 3760 3476 3813 γε
3524 3744 3748 3816 μοναχὸς

2182 3834 2210 3886 6
2241 3832 2570 3904 τελευτήσας
2599 3835 2741 3900 ἐστὶ,
2776 3834 2917 3904 μετὰ
2965 3835 3028 3889 τδ
3081 3837 3492 3906 άποσπογγίσαι
3528 3856 3753 3910 σταυρο-

2182 3925 2363 3990 ειδῶς,
2398 3926 2466 3979 τὰ
2497 3925 2594 3980 τοῦ
2628 3928 2915 3997 σχήματος
2944 3928 3343 3998 ὲνδιδύσκουσι,
3372 3933 3476 3987 καὶ
3503 3933 3602 3988 τὺν
3628 3949 3754 4002 μαν-

2179 4013 2316 4070 δύαν
2342 4015 2554 4070 ἄνωθεν
2574 4017 3038 4090 ιπιρῥάπτουσιν,
3068 4020 3127 4085 ὃς
3167 4021 3264 4076 καὶ
3293 4022 3370 4086 ὡς
3403 4024 3579 4093 τάφος
3613 4023 3752 4076 ἐστὶν

2181 4113 2332 4183 αὐτῷ
2365 4126 2380 4142 ’
2409 4115 2504 4167 καὶ
2536 4115 2806 4185 σταυροὺς
2842 4114 3054 4169 ἄνωθεν
3077 4114 3384 4184 ποιοῦντες,
3409 4115 3498 4170 διά
3522 4115 3750 4188 Χριστὸν

2181 4196 2630 4272 ᾧιὲσταύρωται.

2750 4295 3003 4352 ΚΕΦΑΛ.
3055 4292 3226 4353 ΤΞΒ’.

2178 4390 2338 4446 Atat!
2365 4391 2511 4462 ἁγία
2544 4391 2723 4446 εἰκὼν
2741 4391 2946 4463 ἐπάνω
2967 4391 3074 4447 τοῦ
3125 4392 3428 4463 λειψάνου
3474 4396 3583 4451 τοῦ
3643 4409 3750 4449 κοι-

2664 4461 2966 4532 μηθέντος
3013 4461 3261 4520 τίθεται.

563 4547 630 4603 Ει
669 4549 842 4619 ipsius
867 4563 1028 4619 quem
1063 4516 1254 4605 diluxit
1279 4563 1500 4608 sursum
1527 4561 1738 4624 ponunt
1771 4554 2063 4626 imaginem

2248 4552 2362 4607 Kal
2381 4552 2571 4608 εἰκόνα
2589 4516 3282 4628 αὐτούήοῦπερὴγάπησεν,
3308 4556 3497 4611 ἐπάνω
3515 4558 3744 4613 τιθέασι.

493 4648 547 4696 et
579 4642 828 4696 oratione
859 4642 1007 4698 dicta
1047 4657 1076 4698 a
1118 4644 1426 4709 sacerdote,
1462 4659 1588 4700 eum
1626 4645 1826 4701 tollunt
1850 4689 1866 4714 ,
1909 4661 1974 4704 ac
2009 4650 2066 4704 in

493 4733 738 4801 divinum
768 4736 1031 4806 templum
1063 4751 1186 4791 cum
1219 4737 1562 4808 lampadibus
1594 4737 1858 4796 inierunt.
1901 4739 2067 4797 Simi-

495 4827 624 4880 liter
675 4825 735 4880 llt
784 4843 884 4898 pro
932 4828 1082 4884 laicis
1105 4869 1120 4894 ,
1155 4843 1251 4884 eos
1279 4832 1424 4885 enim
1457 4831 1675 4888 mundis
1709 4848 1741 4887 e
1787 4835 2067 4893 consuetis

489 4918 736 4974 vestibus
768 4919 1022 4985 induunt,
1053 4920 1256 4991 quibus
1285 4938 1506 4979 sacrum
1540 4925 1832 4994 imponunt
1862 4927 2066 4984 instru-

491 5017 734 5065 mentum
761 5049 776 5076 ,
809 5011 1066 5080 quoniam
1119 5012 1294 5068 lldelis
1344 5015 1448 5069 fuit
1493 5025 1658 5086 atque
1705 5027 1973 5088 sanctus,
2014 5035 2068 5077 et

405 5173 409 5176 .
495 5112 720 5172 propter
749 5102 955 5159 Christi
992 5105 1408 5175 pr0tectionem,
1441 5108 1604 5177 cujus
1636 5109 1865 5181 insuper
1902 5112 2068 5184 erigi-

488 5203 575 5250 tur
605 5195 782 5266 imago
813 5203 1032 5266 propter
1057 5195 1178 5265 ejus
1211 5197 1372 5253 lldem
1405 5198 1460 5252 in
1494 5197 1774 5255 Christum
1800 5242 1816 5268 ,
1847 5212 1903 5258 et
1928 5218 2066 5273 quo-

487 5288 632 5342 niam
660 5288 787 5344 huic
809 5303 962 5345 suam
987 5289 1393 5345 commendavit
1414 5292 1680 5348 animum.
1708 5293 1916 5351 Deinde
1941 5311 2069 5350 ora-

487 5381 632 5436 tione
675 5381 817 5436 facta
840 5421 858 5448 ,
886 5382 1188 5450 attollitur,
1217 5392 1271 5439 et
1301 5397 1425 5438 cum
1459 5383 1805 5456 lampadibus
1843 5388 1897 5442 in
1932 5399 2064 5443 tem-

484 5476 633 5543 plum
665 5473 759 5531 Dei
791 5476 1086 5532 inducitur.

977 5567 1207 5625 CAPUT
1242 5566 1562 5624 CCCLXlll.

483 5657 667 5724 Quare
695 5668 937 5714 cantetur
961 5661 1188 5730 hymnus
1214 5660 1465 5731 Trisagli,
1491 5660 1702 5729 quando
1728 5660 1974 5731 defuncti
2004 5664 2058 5716 in

989 5729 1241 5801 templum
1279 5729 1632 5798 iuferuntur.‘

547 5816 798 5886 Hymnus
821 5839 971 5888 vero,
991 5825 1114 5880 dum
1141 5824 1456 5882 inter-untur
1475 5827 1792 5887 sacerdotes
1824 5838 1878 5888 et
1907 5829 2052 5895 laici,

2177 4645 2286 4697 Kal
2311 4646 2412 4714 τὴν
2435 4643 2602 4716 εὐχὴν
2627 4643 2914 4715 εἰρηκότος
2964 4643 3063 4699 τοῦ
3123 4645 3341 4715 ἱερέως,
3369 4647 3626 4718 αἴρουσιν
3656 4650 3749 4701 αὐ·

2174 4732 2291 4798 τὸν,
2326 4733 2422 4786 καὶ
2452 4735 2532 4796 εις
2565 4733 2658 4788 τὸν
2684 4733 2830 4789 θετον
2875 4734 3006 4789 ναδν
3039 4739 3184 4805 μετὰ
3235 4736 3544 4807 λαμπάδων
3586 4741 3744 4810 noul-

2175 4825 2384 4891 ζουσιν.
2415 4826 2648 4897 Ὁμοίως
2677 4828 2734 4881 δὲ
2765 4828 2863 4883 καὶ
2882 4825 3045 4901 263
3085 4831 3144 4884 ὲν
3169 4831 3380 4896 λαῖκοΐς
3395 4833 3602 4902 γίνεται
3625 4851 3638 4865 ·
3662 4850 3752 4886 κα-

2176 4917 2444 4990 θαρὰξγάρ
2467 4920 2743 4976 ὲνδύουσιν
2759 4921 2866 4976 ἀπὸ
2897 4925 3004 4977 τῶν
3037 4926 3302 4995 συνήθων.
3325 4927 3472 4982 ’Δνω
3488 4927 3542 4980 δὲ
3553 4927 3749 4981 τούτων

2178 5011 2326 5083 ἱερὸν
2352 5013 2598 5068 τιθέασιν
2638 5015 2897 5083 επιπλον,
2920 5017 3004 5070 ὅτι
3031 5018 3228 5082 πιστός
3251 5035 3312 5072 τε
3346 5022 3445 5073 καὶ
3473 5021 3620 5086 ἱερὸς
3656 5019 3746 5072 καὶ

2177 5105 2283 5158 ὑπὸ
2313 5105 2412 5176 τὴν
2437 5106 2532 5160 τοῦ
2579 5086 2826 5174 Χριστοῦ
2883 5110 3122 5180 σκέπην.
3173 5113 3286 5166 Kal
3352 5111 3520 5166 εἰκὼν
3569 5113 3749 5166 ιπάνω

2174 5197 2366 5251 τούτου
2391 5198 2481 5251 διὰ
2513 5199 2614 5268 τὴν
2645 5203 2727 5264 είς
2757 5201 2995 5269 Χριστὸν
3036 5203 3223 5258 πίστιν
3263 5204 3476 5260 τίθεται
3515 5223 3528 5238 ⁸
3552 5210 3647 5260 καὶ
3670 5207 3746 5259 ὅτι

2173 5289 2348 5360 τούτῳ
2381 5291 2668 5360 παρέδωκε
2694 5294 2796 5362 τὴν
2811 5293 3014 5366 ψυχήν.
3041 5295 3155 5350 Kal
3185 5297 3287 5367 τῆς
3310 5297 3478 5369 εὐχῆς
3524 5297 3735 5368 λεγομέ-

2173 5397 2270 5452 νης
2302 5384 2542 5454 αἴρεται,
2583 5386 2677 5437 καὶ
2703 5387 2808 5438 σὺν
2838 5385 3128 5456 λαμπάσιν
3161 5391 3242 5450 εἰς
3292 5391 3388 5442 τὸν
3425 5387 3569 5443 θεῖον
3617 5388 3744 5444 ναὸν

2082 5541 2095 5550 _
2172 5477 2470 5545 ἀπάγεται.

2738 5573 2992 5630 ΚΕΦΔΔ.
3025 5574 3190 5632 ΤΞΓ.

2170 5665 2334 5719 Διατί
2361 5667 2395 5719 ὁ
2434 5663 2747 5736 Τρισιὶγιοζ·
2773 5667 2966 5736 ὕμνος
3012 5666 3241 5735 ᾄδεται,
3265 5668 3338 5724 ἐν
3375 5668 3457 5734 τῷ
3485 5667 3626 5734 τοὺς
3649 5680 3742 5721 τε·

2381 5736 2728 5804 ,κεντῶν-τας
2753 5740 2842 5804 είς
2872 5740 2980 5792 τὸν
3000 5739 3155 5794 ναὸν
3175 5739 3534 5810 ἀπάγεσθαι.

2243 5828 2454 5896 Ὕμνος
2487 5829 2542 5882 δὲ
2578 5831 2636 5886 ἐν
2663 5831 2738 5896 τῷ
2774 5832 3078 5895 ἄπάγεσθοι
3111 5835 3446 5894 ιεοωαικιους
3491 5832 3579 5888 καὶ
3623 5829 3742 5886 λαῖ-
