4026 6274
353 353 460 417 677

1497 355 1594 415 DE
1635 351 1816 413 ORDI
1834 351 1878 411 Ν
1893 351 1932 412 Ε
1975 351 2468 415 SEPULTURE.

3513 342 3624 421 678

354 473 486 536 κοὺς
510 472 538 525 6
567 469 862 542 Τρισᾶγιος
900 475 1040 543 μετά
1079 471 1273 543 μέλους
1296 487 1310 500 ⁸
1348 469 1430 525 ὅτι
1455 472 1546 525 καὶ
1573 473 1676 540 τῆς
1700 454 1933 540 Τριάδος

2049 486 2164 525 cum
2218 485 2377 527 cantu
2427 471 2632 528 dicitur
2680 463 3004 536 Trisagion,
3065 466 3323 538 quoniam
3379 466 3628 523 defuncti

354 566 408 618 οἱ
463 564 826 627 τελευτῶντες
885 565 1085 628 δοῦλοι,
1116 566 1213 617 καὶ
1275 563 1482 633 ταύτην
1518 558 1814 632 ἐκήρυξαν,
1843 561 1937 612 καὶ

356 659 416 712 ἐν
444 658 580 728 αὐτῇ
614 656 1011 720 τετελείωνται,
1037 659 1130 710 καὶ
1162 658 1220 709 ἐν
1264 657 1404 726 αὐτῇ
1459 671 1808 724 πορευονται,
1844 653 1937 705 καὶ

356 752 456 804 σὺν
480 749 734 818 ἀγγέλοις
762 749 1159 821 ταχοήσονται,
1183 751 1299 813 τοῖς
1331 751 1420 804 τὸν
1437 749 1735 819 Τρισὰγιον
1770 747 1940 817 ὕμνον

355 843 654 905 ἀπαύστως
682 843 888 914 ᾄδουσι.
914 842 1168 897 Τίθενται
1197 843 1251 895 δὲ
1277 844 1335 895 ἐν
1367 844 1445 911 τῷ
1477 837 1592 910 ναῷ
1659 840 1938 909 ἀρχιερεῖς

361 939 462 1006 μὲν
497 937 602 1006 πρὸ
632 937 740 991 τῶν
784 937 956 1002 άγίων
1001 936 1204 1006 θυρῶν,
1237 937 1356 1004 ἦτοι
1405 938 1688 1003 ἐγγυτέρω
1733 932 1934 995 αὐτῶν,

361 1028 454 1094 οὓς
482 1033 510 1083 ὁ
543 1029 686 1100 ἱερὸς
718 1028 997 1091 Διονύσιος
1032 1031 1125 1082 καὶ
1156 1031 1282 1091 τοὺς
1335 1030 1501 1100 ἱερεῖς
1537 1029 1615 1090 εἰς
1647 1027 1706 1078 τὸ
1745 1027 1935 1079 θυσια-

361 1122 586 1190 στήριόν
626 1135 760 1189 φησι
804 1119 1072 1187 τίθεσθαι,
1099 1121 1228 1173 ἔνθα
1257 1122 1349 1174 καὶ
1378 1122 1446 1172 τά
1485 1121 1586 1185 τῆς
1623 1117 1937 1187 ὑπηρεσίας

361 1212 578 1270 αὐτοῖς’
625 1213 754 1274 τοὺς
807 1209 863 1264 δὲ
914 1213 1184 1281 μοναχοὺς
1216 1211 1322 1280 πρὸ
1366 1211 1475 1263 τῶν
1527 1209 1692 1280 ἱερῶν
1735 1208 1937 1279 θυρῶν.

361 1306 488 1357 ἔνθα
517 1306 548 1374 ἡ
583 1303 774 1365 στάσις
815 1303 997 1365 αὐτοῖς
1025 1317 1040 1333 ⁸
1068 1304 1198 1366 τοὺς
1237 1302 1457 1366 λαῖκοὺς
1495 1301 1551 1354 δὲ
1582 1301 1724 1352 κατὰ
1753 1300 1812 1352 τδ
1844 1299 1940 1366 μὲ-

363 1413 453 1448 σον
481 1394 577 1447 τοῦ
607 1393 760 1458 ναοῦ,
784 1395 918 1446 ὅπου
948 1393 1041 1448 καὶ
1081 1394 1179 1463 τὴν
1206 1395 1360 1460 τάξιν
1385 1393 1485 1462 τῆς
1513 1393 1756 1454 στάσεως
1780 1391 1937 1461 ἔχου-

362 1503 467 1539 σιν.
519 1484 658 1537 Ἀλλ’
701 1487 798 1555 οὐχ
845 1485 990 1538 οὕτω
1027 1483 1124 1538 νῦν
1170 1484 1421 1551 γίνεταιο
1457 1485 1665 1546 πάντας
1698 1483 1807 1554 γὰρ
1860 1500 1943 1535 τι-

361 1579 519 1630 θέασι
555 1577 857 1647 μεσαίτατα
888 1575 982 1629 τοῦ
1023 1574 1171 1628 ναοῦ.
1202 1571 1374 1641 Οἶμαι
1405 1574 1460 1626 δὲ
1487 1574 1576 1626 διὰ
1606 1574 1666 1625 τὸ
1694 1573 1943 1642 πολυχω-

361 1671 675 1740 ρητότερον,
706 1671 798 1722 καὶ
831 1668 918 1722 ἵνα
946 1669 1148 1731 πάντες
1167 1667 1412 1738 ὀρῶσίτε
1433 1667 1529 1719 καὶ
1551 1667 1940 1734 παρίστανταιο

2044 561 2328 618 Trinitatis
2362 563 2504 618 servi
2530 578 2649 616 eam
2681 560 3146 632 pr.cdicaverunt,
3183 570 3236 615 et
3273 561 3326 613 in
3355 559 3473 629 ipsa
3502 572 3632 614 san-‘-
3731 621 3734 623 Α

2043 655 2267 708 rtiﬁcati
2301 664 2466 717 sunt,
2508 662 2562 708 et
2594 655 2646 706 in
2681 654 2794 724 ipsa
2831 652 3151 714 ambulant,
3181 661 3234 706 et
3263 666 3386 706 cum
3421 650 3631 720 angelis

2042 748 2461 801 collocabuntur
2518 747 2612 817 qui
2670 746 2906 817 'l‘risagii
2970 743 3288 802 indefessim
3357 743 3622 815 hymnum

2043 840 2360 920 concinunt.
2396 842 2591 896 Verum
2625 843 2678 897 in
2714 844 2913 913 templo
2951 849 3295 912 reponuntur
3339 840 3628 910 pontiﬁces

2043 932 2258 1000 quidem
2286 941 2413 988 ante
2434 944 2653 989 sanctas
2672 934 2871 1005 januas
2894 951 2990 989 seu
3019 936 3072 988 in
3099 935 3220 988 loco
3245 933 3329 988 his
3354 934 3632 1002 proximo,

2043 1040 2181 1092 quos
2196 1036 2422 1080 sanctus
2447 1024 2741 1097 Dionysius
2775 1038 2940 1095 atque
2968 1026 3283 1082 sacerdotes
3338 1024 3476 1079 dixit
3507 1035 3635 1077 ante

2047 1118 2220 1171 altare
2284 1118 2545 1173 locandus
2580 1132 2702 1172 esse
2777 1118 2870 1172 ubi
2941 1117 3302 1172 ministerium
3339 1125 3634 1179 exercent,

2044 1213 2347 1266 monachos
2389 1220 2568 1265 autem
2616 1219 2744 1266 ante
2777 1225 2962 1264 sacras
3000 1210 3182 1273 fores,
3229 1209 3320 1263 ubi
3365 1213 3587 1264 adstant
3613 1247 3632 1270 .

2046 1302 2216 1358 laicos
2246 1317 2378 1356 vero
2408 1303 2462 1357 in
2499 1303 2679 1357 medio
2714 1302 2898 1371 templi
2945 1301 3032 1355 ubi
3072 1301 3182 1355 loci
3233 1301 3481 1355 ordinem
3535 1301 3635 1353 ha-

2045 1396 2195 1450 bent.
2230 1393 2333 1448 Sed
2377 1409 2520 1450 nunc
2552 1409 2658 1448 non
2690 1393 2760 1448 ita
2795 1393 2849 1448 ﬁt
2881 1411 2897 1460 ;
2935 1407 3128 1448 omnes
3163 1391 3308 1446 enim
3355 1401 3638 1460 ponuntur

2047 1489 2100 1542 in
2151 1487 2332 1543 medio
2364 1487 2574 1556 templi,
2611 1487 2761 1555 quod
2806 1484 3150 1540 ﬁet-Fceriseo
3184 1484 3440 1555 quoniam
3486 1484 3638 1536 locus

2043 1591 2128 1638 est
2157 1581 2337 1646 latior,
2370 1595 2580 1634 necnon
2613 1588 2670 1633 ut
2709 1593 2901 1632 omnes
2938 1577 3151 1631 videant
3181 1585 3236 1631 et
3278 1575 3517 1635 adstcnt,
3554 1570 3652 1626 vel

2044 1675 2170 1742 quia
2202 1674 2270 1728 ab
2299 1671 2455 1726 altari
2485 1670 2803 1726 sacerdotes
2829 1670 3094 1739 templum
3126 1666 3510 1737 peratnhulnnt
3536 1681 3635 1735 per

359 1764 393 1832 ἦ
441 1761 630 1831 ἐπειδὴ
683 1761 792 1814 ἀπὸ
843 1759 937 1813 τοῦ
985 1759 1376 1830 θυσιαστηρίου
1413 1760 1507 1812 καὶ
1535 1759 1585 1810 οῖ
1652 1757 1943 1828 ίερωμένοι

2049 1766 2331 1836 ingressus
2359 1773 2411 1817 et
2446 1763 2684 1816 sul'ﬁtum
2714 1777 2910 1816 omnes
2941 1759 3350 1816 sanctiﬁcantes
3379 1800 3394 1821 ,
3426 1758 3636 1826 ipsum-
3729 1830 3739 1840 ι

359 1858 452 1909 τὸν
484 1855 610 1908 ναὸν
643 1853 1060 1924 περιτρέχουσιν
1110 1852 1168 1904 εν
1220 1869 1280 1905 τε
1339 1851 1568 1913 εἰσόδοις
1599 1853 1692 1903 καὶ
1744 1851 1940 1920 θυμιά-

363 1957 515 2014 ματι,
543 1943 673 2007 τοὺς
729 1945 936 2005 πάντας
973 1940 1406 2007 καθαγιάζοντες
1429 1957 1442 1970 θ
1485 1945 1580 1994 καὶ
1616 1941 1708 1992 τὸν
1735 1943 1862 1992 ναὸν
1885 1940 1942 1993 δὲ

358 2037 450 2088 τὸν
499 2034 644 2088 θεῖον
691 2036 844 2089 αὐτοὶ
893 2032 1213 2102 καθιεροῦσι
1255 2032 1334 2102 τῷ
1366 2031 1506 2102 Θεῷ,
1536 2032 1624 2084 διὰ
1656 2030 1814 2085 τοῦτο
1851 2032 1945 2084 καὶ

359 2126 505 2179 οῦτοι
543 2126 638 2180 τοῦ
665 2125 797 2180 ναοῦ
831 2125 994 2196 μέσον
1022 2124 1289 2188 τίθενται,
1320 2127 1736 2193 προσαγόμενοι
1761 2123 1944 2176 τελευ-

359 2219 560 2278 τῶντες
591 2215 784 2287 ὥσπερ
814 2218 872 2267 ὲν
897 2215 1137 2284 οὐρανῷ.
1174 2213 1365 2284 Ὅμως
1416 2214 1595 2284 χρεὼν
1629 2214 1726 2266 καὶ
1751 2215 1820 2266 τὰ
1850 2211 1945 2266 τοῦ

367 2310 604 2380 μεγάλου
653 2307 939 2380 τηρεῖσθαι
1000 2308 1302 2370 Διονυσίου,
1365 2306 1440 2369 ὡς
1498 2304 1946 2375 παραδεικνύντα

311 2396 316 2401 ’
366 2404 557 2473 σαφῶς
583 2404 683 2472 τὴν
717 2402 949 2456 ἑκάστου
989 2399 1146 2464 τάξιν
1173 2399 1267 2451 καὶ
1298 2399 1390 2451 τὸν
1426 2398 1640 2467 βαθμὸν
1671 2400 1739 2466 τῇ
1778 2412 1949 2449 κατα-

263 2515 270 2520 ‘
365 2495 548 2548 θέσει·
581 2495 664 2546 ὅτι
695 2494 791 2546 καὶ
822 2491 1030 2554 Παῦλος
1070 2487 1230 2543 τοῦτό
1284 2503 1474 2559 φησιν,
1507 2506 1525 2539 ι
1568 2488 1839 2548 Ἕκαστος
1888 2487 1946 2538 ἐν

367 2584 445 2654 τῷ
476 2584 591 2654 ῖδίῳ
617 2579 878 2652 τάγματι.
904 2599 922 2632 ι

935 2691 1187 2746 ΚΕΦΑΛ.
1223 2689 1381 2744 ΤΞΔ’.

2047 1873 2154 1926 que
2184 1855 2425 1910 divinum
2461 1855 2720 1924 templum
2753 1855 2868 1908 Deo
2890 1853 3168 1919 dedicant,
3203 1851 3326 1907 ideo
3354 1852 3458 1920 ipsi
3495 1837 3648 1919 quo:

2046 1966 2152 2020 que
2177 1949 2420 2004 defuncti
2445 1947 2753 2002 aﬁ'eruntur
2776 1953 2830 2001 et
2859 1946 2913 1999 in
2944 1945 3125 1999 medio
3152 1945 3343 2014 templi
3375 1953 3634 2012 tanquam

2048 2040 2102 2092 in
2134 2040 2275 2094 uelo
2306 2044 2671 2108 reponuntur.
2718 2038 2944 2106 Oportet
2991 2045 3173 2090 tamen
3224 2035 3430 2089 servari
3476 2050 3634 2088 mano

2048 2133 2176 2186 data
2211 2131 2392 2200 magni
2441 2129 2690 2202 Dionysii
2715 2170 2728 2193 ,
2763 2129 3028 2200 quoniam
3080 2143 3176 2195 per
3212 2127 3633 2182 collocationem

2049 2231 2194 2278 recte
2247 2221 2600 2276 manifestam
2629 2221 3065 2290 uniuscujusque
3107 2221 3335 2291 gradum
3383 2230 3438 2274 et
3484 2219 3636 2273 ordi-

2049 2330 2196 2381 nem,
2223 2323 2277 2369 et
2306 2313 2436 2384 quia
2462 2310 2667 2370 Paulus
2701 2313 2804 2370 hoc
2831 2313 2972 2370 dixit
2999 2331 3014 2368 :
3043 2298 3292 2385 Quisque
3324 2312 3377 2367 in
3412 2311 3636 2382 prOprio

2049 2407 2262 2463 ordine.

2548 2705 2781 2762 CAPUT
2821 2703 3144 2763 CCCLXIV.

370 2783 511 2853 Περὶ
555 2777 678 2837 τῶν
699 2782 1322 2870 κοιμητίηρίωνλᾷπως
1352 2781 1423 2834 ἐν
1463 2781 1670 2850 αὐτοῖς
1717 2783 1792 2839 τὰ
1823 2783 1945 2839 λεί-

2055 2789 2132 2850 υι
2154 2802 2486 2862 caemeterm,
2509 2797 2772 2867 quomodo
2795 2799 2849 2870 in
2873 2798 2983 2854 illis
3014 2816 3235 2868 corpora
3262 2797 3638 2870 defunctorum

893 2857 1063 2922 ψανα
1107 2853 1413 2907 θάπτεται.

439 2947 549 2999 Kal
585 2947 617 3017 ἠ
650 2945 854 3017 ἀρχαία
884 2946 941 2998 δὲ
988 2946 1144 3010 τάξις
1177 2945 1352 3012 οὕτως
1401 2943 1538 3018 εἶχε.
1584 2947 1698 3002 Kal.
1726 2946 1950 3019 δηλοῦσι

362 3043 431 3094 τὰ
464 3043 732 3110 λεγόμενα
759 3040 1114 3111 κοιμητήρια.
1154 3041 1264 3093 Kal
1297 3044 1405 3114 γάρ
1447 3045 1506 3094 ἐν
1544 3043 1646 3112 μὲν
1688 3043 1755 3113 ’τῇ
1792 3043 1949 3095 Κων-

2669 2869 3021 2938 sepeliuntur.

2124 2961 2300 3018 Porro
2323 2962 2546 3032 antiqua
2571 2961 2862 3028 dispositio
2887 2961 2968 3017 sic
2989 2971 3216 3027 erat,_ut
3237 2972 3388 3033 patet
3415 2978 3478 3018 ex
3503 2963 3637 3018 locis

2053 3056 2252 3118 quibus
2285 3054 2588 3110 cmmeterii
2633 3069 2835 3110 nomen
2885 3054 2988 3110 fuit
3031 3055 3372 3126 impositum.
3419 3052 3636 3112 Etenim

365 3135 647 3186 σταντίνου
696 3135 756 3186 ὲν
809 3133 889 3202 τῷ
929 3132 1041 3186 τῶν
1094 3133 1266 3200 ἁγίων
1303 3133 1646 3188 ’Λποστόλων
1703 3134 1945 3205 μεγίστῳ

2057 3149 2110 3202 in
2168 3143 2395 3201 basilica
2449 3144 2845 3214 Constantini,
2913 3147 2966 3202 in
3022 3148 3260 3202 maxima
3317 3158 3638 3203 sanctorum

367 3226 521 3296 σηκῷ
560 3225 610 3278 οἱ
657 3225 758 3294 μὲν
801 3225 1078 3297 ἀρχιερεῖς
1120 3225 1268 3280 ἔνδον
1312 3225 1406 3279 τοῦ
1459 3227 1855 3298 θυσιαστηρίου
1885 3225 1946 3291 ἐξ

365 3320 541 3387 ἀρχῆς
584 3319 955 3382 κατετίθεντο,
984 3320 1060 3382 ὡς
1115 3321 1208 3372 καὶ
1257 3319 1326 3372 τὰ
1351 3319 1585 3388 λείψανα
1610 3319 1719 3374 τῶν
1749 3319 1946 3389 ἁγίων,

361 3409 451 3462 διὰ
484 3409 583 3477 τὴν
615 3410 714 3477 τῆς
745 3407 896 3470 θείας
929 3406 1234 3479 ἱερωσύνης
1263 3405 1577 3480 χάρινέΚαὶ
1607 3409 1793 3463 πολλοὶ
1817 3411 1948 3478 περὶ

358 3499 555 3552 τούτου
588 3500 894 3568 γράφουσιν
922 3497 998 3561 ὡς
1050 3496 1225 3560 οὓτως
1256 3501 1487 3566 ἐγίνετο,
1513 3499 1642 3570 ’περὶ¹
1676 3497 1948 3568 λειψάνων

359 3580 768 3661 ἀρχιερατικῶν
815 3589 1189 3660 διηγούμενοι.
1223 3592 1288 3645 Ol
1321 3591 1565 3661 βασιλεῖς
1597 3591 1655 3644 δὲ
1695 3571 1826 3661 περὶ
1854 3591 1946 3644 τὸν

362 3687 487 3740 ναὸν
519 3687 614 3738 καὶ
644 3684 924 3736 κύκλωθεν
955 3683 1057 3737 τοῦ
1084 3683 1237 3744 ναοῦ.
1283 3685 1357 3746 ὡς
1399 3685 1709 3739 δείκνυνται
1738 3686 1804 3738 ἐκ
1836 3685 1948 3738 τῶν

360 3781 572 3847 τάφων,
598 3778 780 3831 καῐκοὶ
800 3777 1080 3840 τελοῦντες
1110 3778 1206 3830 καὶ
1235 3779 1412 3841 αὐτοὶ,
1445 3780 1496 3830 ει
1527 3779 1626 3832 καί
1645 3780 1705 3831 τὸ
1734 3779 1947 3850 χρίσμα

361 3873 460 3941 τῆς
495 3871 776 3940 βασιλείας
809 3869 1022 3934 ἔλαϐον,
1053 3870 1354 3939 ἠγεμονίαν
1377 3870 1478 3940 τῆς
1511 3871 1785 3940 κοσμικῆς
1811 3870 1945 3932 ταύτ-

361 3983 459 4035 της
493 3965 665 4036 ἀρχῆς
698 3965 1190 4035 ὶγκεχειρισμένοι.
1217 3961 1327 4017 Καὶ
1346 3966 1404 4017 ὲν
1422 3966 1532 4026 τοῖς
1557 3965 1946 4034 μοναστηρίοις

363 4060 420 4112 δὲ
476 4061 545 4111 τὰ
597 4055 1017 4126 άποτεταγμένα
1072 4058 1413 4126 κοιμητήρια
1447 4057 1557 4126 ἰδίᾳ
1614 4057 1714 4126 μὲν
1764 4056 1946 4126 ἔχουσι

367 4156 495 4217 τοὺς
535 4155 740 4222 τάφους
765 4151 878 4204 τῶν
914 4150 1231 4219 ἱερωμένων
1267 4149 1519 4218 μοναχὼν
1555 4151 1650 4200 καὶ
1682 4149 1947 4202 ὑποκάτω

367 4245 758 4316 θυσιαστηρίου
791 4262 806 4276 ο
846 4244 953 4314 ἰδίᾳ
999 4240 1058 4294 δὲ
1110 4242 1221 4292 τῶν
1279 4240 1526 4293 ἰδιωτῶν.
1573 4239 1665 4292 Διδ
1700 4241 1797 4293 καὶ
1842 4235 1946 4294 ὧδε

367 4339 547 4410 χρεὼν
595 4342 722 4400 τοὺς
778 4337 876 4407 μὲν
929 4336 1205 4410 ἀρχιερεῖς
1256 4333 1555 4403 ἐγγύτερον
1594 4333 1805 4388 τιθέναι
1846 4334 1945 4385 τοῦ

362 4430 756 4498 θυσιαστηρίου
787 4442 802 4456 ·
847 4428 973 4489 τοὺς
1008 4423 1282 4499 ἱερείςοίὲ
1316 4425 1433 4494 μετ’
1457 4423 1657 4486 αὐτοὺς
1688 4425 1784 4477 καὶ
1835 4425 1944 4478 λοι-

363 4523 499 4586 ποὺς
536 4497 744 4582 πάντας
799 4518 1136 4588 κληρικούς·
1173 4497 1306 4584 “negl
1357 4515 1414 4566 δὲ
1473 4518 1570 4576 τὰς
1623 4514 1801 4578 πύλας
1844 4516 1943 4568 τοῦ
1979 4497 2024 4553 D

367 4618 494 4672 ναοῦ
528 4617 652 4678 τοὺς
699 4615 922 4677 λαῐκονς
944 4629 958 4643 ⁸
991 4611 1019 4664 ὃ
1048 4611 1112 4679 δὴ
1147 4611 1240 4663 καὶ
1275 4611 1332 4662 ἐν
1371 4611 1490 4670 ταῖς
1547 4611 1734 4678 μοναῖς
1785 4611 1946 4680 ἀκρι-

363 4710 622 4779 ϐέστερον
662 4707 742 4760 ἔτι
777 4706 1054 4777 τηρεῖται·
1087 4701 1184 4754 καὶ
1210 4700 1337 4762 τοὺς
1372 4700 1474 4770 μὲν
1500 4699 1949 4770 καθηγουμένους

364 4804 460 4855 καὶ
519 4801 854 4870 ἱερωμένους
907 4797 1206 4869 ψάλλουσιν
1255 4797 1406 4852 ἔνδον
1456 4795 1552 4850 τοῦ
1607 4795 1763 4862 ναοῦ,
1821 4797 1948 4859 τοὺς

366 4896 582 4958 ἰδιώτας
610 4895 670 4948 δὲ
703 4894 992 4964 μοναχοῦς,
1013 4892 1048 4962 ἢ
1081 4893 1176 4946 καὶ
1202 4880 1458 4959 λαῖκοὺς,’
1477 4891 1536 4943 ὲν
1565 4891 1642 4961 τῷ
1671 4891 1904 4961 νάρθηκι
1931 4906 1946 4922 ο

363 4991 392 5043 ὃ
427 4991 522 5044 καὶ
555 4989 642 5058 ἐφ’
671 4991 804 5058 ἡμῖν
840 4988 922 5039 ἐτι
954 4987 1245 5056 γινόμενον
1274 4985 1490 5052 εἴδομεν
1525 4985 1580 5037 ἔν
1607 5002 1750 5037 τισιν
1777 4986 1951 5055 ἱεραῖς

369 5085 579 5154 μοναῖς.
640 5083 757 5136 Νῦν
791 5081 849 5134 δὲ
901 5082 1082 5134 πάντα
1114 5081 1180 5151 τῇ
1215 5081 1452 5148 ἀμελείᾳ
1507 5081 1848 5152 παρεωράθη
1879 5081 1951 5135 τά

363 5177 589 5248 εὐλαϐῆ,
615 5181 708 5231 καὶ
735 5177 804 5228 τά
830 5175 929 5246 τῆς
957 5173 1167 5241 τάξεως
1200 5173 1570 5226 καταλέλυται
1597 5187 1610 5202 ο
1645 5175 1740 5226 καὶ
1768 5172 1948 5228 πάντα

362 5271 612 5340 γίγνεται
647 5269 860 5340 φύρδην
888 5283 902 5299 ο
935 5267 1166 5337 καὶγὰρ
1196 5269 1230 5335 ὴ
1275 5265 1472 5329 ἀταξία
1497 5269 1563 5336 τῇ
1596 5265 1948 5336 ὑπερηφανίᾳ

321 5355 323 5357 ’
365 5364 732 5433 συζεύγνυται
771 5359 1049 5431 άπαρχῆς,
1076 5361 1170 5412 καὶ
1200 5361 1298 5411 σὺν
1324 5361 1459 5428 αὐτῇ
1486 5363 1552 5429 τῇ
1579 5359 1946 5430 φιλοκερδεία,

365 5458 462 5511 καὶ
493 5459 563 5509 τὰ
600 5455 844 5525 κοσμικά
903 5453 1228 5522 φρονήματα
1280 5451 1443 5503 πλέον
1473 5451 1561 5502 διὰ
1610 5453 1680 5504 τά
1709 5454 1948 5506 ἑκάστου

365 5551 516 5620 πάθη
541 5565 554 5578 ο
587 5549 687 5600 καὶ
718 5548 780 5598 οὐ
811 5547 880 5598 τά
911 5544 1020 5596 τῶν
1049 5544 1223 5611 ἁγίων
1267 5546 1482 5612 κρατεῖ.
1529 5543 1639 5597 Καὶ
1673 5545 1860 5598 πολλοὶ
1891 5549 1948 5595 ὲν

364 5647 577 5707 τούτοις
622 5642 965 5711 ἀφιλοσόφως
1012 5637 1482 5708 φιλοσοφοῦσιν,ἢ
1517 5639 1718 5707 μᾶλλον
1768 5642 1948 5693 εἰπεῖν

364 5740 599 5807 ἀλόγως.
632 5737 762 5802 Kal,
786 5735 850 5788 Τί
879 5738 995 5788 ἐστι
1029 5732 1210 5796 τοῦτο,
1245 5733 1468 5800 λέγουσι
1493 5747 1506 5798 ;
1536 5733 1628 5784 καὶ
1651 5733 1704 5784 τί
1733 5733 1942 5797 ἐκεῖνος

370 5839 466 5891 καὶ
504 5837 646 5892 διατί
679 5834 755 5906 μὴ
793 5833 884 5886 καὶ
917 5833 1007 5887 τὸν
1055 5830 1239 5885 λαῐκὺν
1276 5828 1420 5884 ἔνδον
1452 5828 1801 5897 είσάγουσιν;
1827 5831 1942 5882 Οὐκ

2051 3240 2421 3309 apostolorum
2453 3239 2713 3304 ecclesia,
2754 3240 3044 3312 pontiﬁces
3088 3241 3307 3308 quidem
3359 3241 3504 3296 intra
3552 3241 3633 3294 al.

2051 3340 2169 3386 tare
2197 3332 2267 3387 ab
2295 3332 2454 3386 initio
2481 3331 2901 3402 deponehantur
2927 3344 3151 3404 propter
3191 3334 3424 3405 gratiam
3458 3335 3635 3389 divini

2050 3425 2364 3480 sacerdotii.
2393 3422 2461 3479 Et
2489 3423 2645 3478 multi
2676 3423 2745 3480 de
2777 3425 2881 3480 hoc
2906 3425 3157 3481 scribunt
3187 3426 3331 3495 quod
3363 3426 3437 3481 ita
3474 3427 3640 3482 ﬁebat

2047 3519 2116 3574 de
2144 3517 2391 3588 reliquiis
2432 3517 2752 3588 pontiﬁcum
2791 3518 3131 3574 disserentes
3155 3557 3171 3582 ,
3221 3533 3376 3590 reges
3411 3534 3542 3575 vero
3581 3521 3637 3573 in

2049 3610 2251 3679 templo
2277 3619 2332 3664 et
2359 3609 2506 3664 circa
2539 3609 2910 3677 templum,ut
2937 3623 3000 3665 ex
3037 3625 3227 3666 eorum
3267 3611 3640 3666 monumen'is

2047 3711 2310 3772 apparet,
2342 3717 2510 3772 quum
2539 3711 2594 3756 et
2621 3702 2723 3772 ipsi
2755 3703 2870 3757 sint
2901 3701 3023 3757 laici
3052 3741 3068 3766 ,
3112 3702 3238 3756 licet
3280 3712 3505 3773 accepta
3557 3719 3644 3757 το·-

2049 3797 2153 3866 pali
2205 3785 2499 3859 unctione,
2549 3793 2980 3848 dominationem
3031 3801 3084 3848 et
3119 3794 3380 3848 saeculare
3409 3794 3513 3848 huc
3545 3795 3642 3849 de-

2050 3883 2368 3938 mandatum
2411 3881 2758 3952 susceperint
2802 3881 3118 3951 imperium.
3151 3881 3221 3935 At
3257 3882 3312 3936 in
3357 3893 3639 3938 monaste-

2049 3975 2149 4030 riis
2170 3975 2454 4046 designata
2479 3971 2947 4029 sunt‘cmmeteria
2974 3972 3026 4026 in
3050 3972 3251 4042 quibus
3271 3973 3487 4043 propria
3511 3977 3640 4044 qui-

2051 4068 2173 4122 dem
2212 4068 2465 4123 mouachi
2496 4064 2808 4122 sacerdotio
2841 4063 3016 4119 induti
3051 4064 3252 4120 habent
3281 4077 3637 4120 monumenta

2049 4159 2240 4217 subter
2269 4161 2480 4223 altare,
2512 4160 2619 4215 alia
2670 4168 2852 4215 autem
2903 4159 3129 4230 propria
3180 4156 3382 4215 fratres
3427 4159 3635 4215 idiotas.

2047 4251 2176 4305 ideo
2219 4252 2307 4307 hic
2350 4251 2518 4305 etiam
2565 4258 2778 4320 oportet
2814 4250 3105 4320 pontiﬁces
3148 4250 3370 4320 quidem
3413 4249 3638 4319 propius

2049 4343 2250 4408 altari,
2295 4341 2611 4396 sacerdotes
2647 4355 2771 4396 vero
2806 4348 2931 4409 post
2974 4355 3070 4396 eos
3117 4349 3169 4394 et
3209 4340 3493 4395 universos
3532 4355 3639 4393 car-

2051 4443 2204 4491 teros
2235 4435 2454 4505 sepeliri
2501 4432 2734 4488 clericos
2759 4471 2776 4497 ,
2810 4430 2984 4486 laicos
3035 4439 3219 4486 autem
3266 4433 3416 4487 circa
3451 4441 3639 4502 portas

2052 4529 2239 4596 templi
2269 4545 2283 4594 ;
2318 4527 2462 4598 quod
2495 4523 2677 4582 adnue
2707 4524 3022 4581 accuratius
3051 4525 3104 4579 in
3135 4525 3491 4580 monasteriis
3521 4541 3639 4580 ser-

2051 4629 2246 4686 vatur;
2276 4617 2536 4688 praesides
2559 4615 2780 4687 quidem
2805 4625 2861 4670 et
2885 4614 3202 4670 sacerdotes
3224 4613 3464 4685 paullunt
3493 4615 3638 4669 intra

2051 4711 2348 4781 templum,
2401 4709 2585 4764 idiota
2625 4715 2813 4763 autem
2855 4714 2910 4762 et
2956 4706 3212 4761 monachi
3265 4715 3362 4760 aut
3405 4704 3534 4761 laici
3584 4706 3635 4758 in

2056 4801 2317 4859 narthece
2345 4843 2361 4868 ,
2394 4801 2538 4870 quod
2568 4802 2713 4871 apud
2748 4815 2851 4856 nos
2891 4800 3075 4855 adhuc
3117 4799 3235 4854 ﬁeri
3279 4798 3533 4853 novimus
3581 4800 3637 4852 in

2051 4899 2379 4967 quihusdam
2412 4895 2784 4950 monasteriis.
2817 4893 2976 4950 Nunc
3005 4907 3137 4949 vero
3167 4906 3361 4948 omnes
3391 4893 3468 4963 pii
3495 4891 3639 4947 ritus

2053 4990 2379 5060 negligentia
2414 4988 2707 5057 contempti
2758 4993 2928 5051 sunt,
2977 4999 3319 5055 aversusque
3359 4985 3496 5039 ordo
3521 5022 3538 5047 ,
3583 4993 3639 5036 et

2051 5083 2236 5136 omnia
2271 5084 2408 5134 ﬁunt
2440 5078 2773 5150 promiscue,
2811 5091 2940 5134 nam
2975 5076 3234 5133 confusio
3263 5075 3538 5146 superbiae
3566 5075 3637 5128 ab

2007 5223 2009 5226 ι
2051 5175 2211 5230 initio
2239 5174 2339 5227 fuit
2368 5174 2688 5240 commixta,
2721 5179 2777 5228 et
2807 5185 2931 5227 cum
2964 5173 3081 5242 ipsa
3109 5169 3364 5232 avaritia,
3391 5175 3448 5223 et
3477 5181 3636 5221 mun-

2052 5268 2192 5323 dana
2223 5265 2518 5337 praevalent
2547 5266 2781 5322 consilia
2823 5277 3047 5336 propter
3081 5264 3424 5334 singulorum
3455 5260 3588 5315 vitia
3616 5301 3634 5327 ,

2052 5369 2106 5416 ct
2148 5358 2376 5414 minime
2418 5367 2741 5415 sanctorum
2779 5356 3187 5428 cogitationes;
3231 5353 3393 5408 multi
3431 5352 3489 5407 in
3531 5352 3635 5406 hoc

2052 5463 2243 5509 contra
2300 5452 2705 5522 philosophiam
2759 5450 3262 5522 philosophantur,
3311 5459 3407 5502 seu
3463 5448 3638 5516 magis

2052 5550 2172 5601 sine
2203 5547 2436 5599 ratione.
2473 5543 2538 5599 Et
2568 5544 2697 5614 quid
2725 5543 2875 5600 hoc?
2907 5541 3184 5612 inquiunt,
3217 5550 3271 5596 et
3301 5539 3432 5610 quid
3465 5539 3638 5594 illud?

2053 5641 2234 5705 Quare
2265 5639 2465 5693 laicum
2496 5651 2602 5691 non
2634 5637 2785 5692 intus
2818 5633 3105 5691 inferunt?
3142 5633 3334 5689 Nonne
3369 5631 3640 5689 Chrisria-

2053 5748 2156 5786 nus
2187 5731 2298 5787 est?
2335 5731 2532 5793 Etiam,
2558 5730 2747 5795 frater,
2778 5729 3124 5785 Christianus
3149 5735 3254 5794 est,
3286 5725 3380 5782 sed
3409 5739 3519 5781 non
3544 5741 3639 5779 sa-

2054 5826 2246 5883 cerdos
2272 5841 2286 5892 ;
2321 5825 2466 5881 aliud
2499 5824 2720 5896 quidem
2746 5825 3008 5882 sacerdos
3030 5863 3046 5895 ,
3075 5833 3127 5881 ct
3167 5819 3316 5878 aliud
3348 5817 3554 5890 laicus;
3590 5818 3636 5872 si
