4026 6274
446 311 555 376 679

1325 309 1706 374 svnsoms
1740 289 2492 371 ruESSALONICsNSI's
2526 302 2886 368 ARClIlEP.

3599 299 3702 363 680

442 421 651 477 nullum
680 432 828 478 esset
857 422 1181 490 discrimen.
1212 424 1377 496 igitur
1403 433 1458 480 et
1488 424 1662 481 laicus
1694 423 2012 495 baptizahit,

2121 419 2239 474 ἐστι
2265 421 2592 492 Χριστιανός
2618 438 2632 486 ;
2660 421 2768 474 Ναὶ
2808 415 3155 490 Χριστιανὸς,
3182 414 3375 482 ἀδελφέ
3401 431 3417 445 ’
3462 413 3589 491 άλλζ
3608 412 3702 486 οὐχ

439 523 495 571 et
524 516 875 585 ministrabit,
902 526 958 572 et
987 517 1057 573 ad
1085 519 1261 574 altare
1288 520 1538 575 accedet.

942 808 1175 869 CAPUT
1208 808 1502 870 CCCLXV.

436 902 515 959 De
545 903 653 977 illis
698 906 788 976 qui
825 909 1126 977 inordinate
1165 925 1229 961 ac
1272 909 1493 977 confuse
1541 906 1745 974 faciunt
1790 904 2014 968 omnia;

580 976 736 1047 idque
766 976 1089 1032 velwmenter
1126 995 1283 1048 grave
1333 994 1396 1032 ac
1428 979 1706 1040 molestum
1739 994 1872 1032 esse.

510 1070 616 1125 Sed
657 1071 787 1138 quid
821 1073 937 1127 hazc
969 1071 1132 1126 dico?
1171 1066 1261 1126 lsti
1296 1074 1392 1142 qui
1427 1072 1613 1127 omnia
1653 1072 2016 1129 commiscent

434 1173 490 1216 et
526 1163 758 1218 confuse
799 1163 1005 1219 faciunt
1040 1165 1250 1220 nullum
1293 1173 1559 1236 ponentes
1591 1166 1889 1221 discrimen
1925 1181 2015 1221 sa-

434 1236 593 1309 crum
628 1258 768 1312 inter
799 1266 853 1314 et
893 1257 1182 1327 profanum
1210 1299 1227 1324 ,
1262 1259 1394 1314 illud
1427 1261 1631 1315 audent
1672 1260 1856 1315 facere
1883 1297 1901 1324 ,
1942 1258 2017 1312 si-

439 1357 685 1418 nuntque
731 1351 786 1404 in
831 1365 1051 1406 sacrum
1094 1351 1468 1409 sanctuarium
1516 1354 1726 1410 intrare
1774 1369 1914 1422 quos
1957 1356 2015 1411 in

438 1444 543 1498 hoc
574 1444 782 1515 ingredi
812 1446 1066 1516 indignos
1098 1448 1299 1513 sciunt,
1342 1455 1398 1503 et
1430 1450 1638 1514 absque
1670 1449 1853 1518 sigillo
1879 1463 2015 1520 pon-

437 1537 606 1590 Iillcio
628 1537 822 1606 jubent
852 1538 906 1592 in
933 1539 1168 1594 ecclesia
1206 1552 1395 1596 sacras
1429 1540 1746 1612 Scripturas
1786 1543 2011 1612 legere,

434 1630 580 1696 quod
611 1631 662 1682 in
697 1639 901 1697 pestem
936 1630 1009 1686 ita
1035 1632 1357 1688 damnosam
1393 1635 1594 1703 prodiit
1630 1643 1688 1689 ut
1721 1635 1775 1691 in
1804 1650 2012 1691 morem

436 1718 769 1774 incrdinatio
817 1722 1176 1787 transiverit,
1229 1724 1500 1792 multique
1545 1740 1890 1794 nequaquam
1944 1728 2013 1782 de

338 1813 350 1824 ⁴
434 1823 595 1864 Sacro
627 1811 806 1878 sigillo
850 1822 1078 1877 curent,
1110 1815 1204 1869 sed
1249 1816 1337 1869 vix
1380 1814 1516 1871 illud
1555 1827 1803 1887 quierant
1841 1833 2012 1889 quum

439 1903 506 1955 ad
540 1903 766 1958 ordines
802 1905 1162 1971 promovendi
1193 1918 1346 1974 sunt,
1376 1910 1576 1972 vixque
1604 1919 1720 1967 tum
1750 1914 1823 1967 ita
1849 1920 2014 1982 agant

437 2003 498 2049 ut
549 1996 852 2050 secundum
908 2001 1365 2056 consuetudinem
1424 2002 1560 2060 illud
1619 2006 1913 2076 accipiant.
1970 2005 2015 2061 Ο

437 2085 633 2149 homo,
663 2101 790 2141 num
823 2103 986 2156 parva
1023 2092 1138 2145 haec
1174 2093 1507 2162 perpendis?
1532 2104 1586 2150 et
1617 2094 1840 2153 Patrum
1871 2097 2016 2170 leges

436 2177 674 2249 desuper
716 2179 946 2237 traditas
981 2185 1334 2253 aspernaris?
1364 2187 1510 2244 Nihil
1555 2203 1782 2258 parvum
1821 2192 1875 2246 in
1912 2191 2017 2246 Ec-

435 2265 600 2323 clesia
632 2270 812 2341 magni
849 2270 939 2327 Dei
972 2282 1028 2327 et
1057 2272 1363 2331 Salvatoris
1392 2279 1565 2337 nostri
1595 2278 1728 2337 Jesu
1759 2281 1967 2338 Christi
1993 2328 2009 2352 ,

438 2359 573 2413 nihil
612 2361 732 2417 sine
762 2364 1031 2434 sapientia
1054 2409 1070 2433 ,
1104 2369 1366 2438 quoniam
1400 2371 1577 2441 ipsius
1612 2382 1696 2429 est
1729 2375 2016 2444 sapientiae

436 2454 670 2509 virentis
700 2454 962 2512 Ecclesia.
994 2458 1118 2515 Ideo
1149 2462 1331 2515 omnia
1363 2463 1658 2520 maximam
1694 2466 1896 2523 habent
1928 2484 2016 2524 ra-

437 2545 664 2600 tionem.
701 2548 987 2615 Quomodo
1031 2552 1195 2624 igitur
1240 2554 1466 2611 auderet
1515 2558 1717 2628 aliquis
1768 2562 2014 2617 rationa-

439 2638 573 2693 biles
606 2638 767 2694 Verbi
819 2640 913 2697 Dei
958 2643 1338 2702 institutiones
1377 2648 1496 2704 suis
1545 2649 1837 2708 insultibus
1882 2669 2016 2709 con-

439 2740 701 2810 temnere,
725 2741 780 2788 et
806 2735 1159 2806 semetipsum
1187 2741 1524 2796 constituere
1551 2741 1792 2812 iudicem
1824 2760 2014 2802 earnm

436 2821 857 2879 exsunctionis?
896 2818 1037 2881 Num
1068 2828 1292 2901 ignoras
1327 2834 1575 2887 ordinem
1610 2837 1793 2891 omnia
1837 2836 2018 2893 conti-

416 2930 591 2984 ,uere,
622 2915 765 2970 sicut
802 2916 1006 2974 dictum
1037 2922 1160 2977 est?
1191 2932 1247 2978 et
1279 2924 1334 2978 in
1365 2924 1580 2980 caelesti
1615 2924 1859 2983 Ecclesia
1892 2929 2015 2985 cxi-

440 3008 606 3059 mium
655 3014 800 3061 stare
844 3010 1135 3067 ordinem?
1184 3011 1357 3084 Igitur
1407 3031 1545 3073 eave
1591 3033 1662 3074 ne
1711 3034 2015 3090 supernum

2123 488 2329 581 ἱερεύς..
2350 513 2584 583 Ἕτερον
2617 513 2674 567 δὲ
2706 488 2908 583 ἱερεὺς,
2939 514 3033 565 καὶ
3057 509 3247 581 ἕτερον
3280 506 3501 570 λαῖκός.
3532 488 3596 559 Εἰ
3646 505 3703 558 δὲ

2118 605 2297 669 οὐδὲν,
2323 606 2416 658 καὶ
2444 609 2473 659 ὁ
2504 605 2696 666 λαῖκδς
2741 606 2926 660 λοιπὸν
2974 602 3256 675 βαπτίσει,
3287 601 3379 655 καὶ
3412 592 3707 671 ἱερουργή-

2120 714 2227 766 σει,
2248 703 2343 756 καὶ
2368 703 2448 766 εἰς
2476 701 2538 755 τὸ
2565 701 2956 773 θυσιαστήριον
2985 696 3379 753 εἰσελεύσεται.

2584 809 2749 886 264
2782 812 3036 867 unua.
3072 808 3238 866 Τεεσ.

2118 908 2261 976 Περί
2322 906 2443 961 τῶν
2491 905 2762 976 ἀτάκτως
2815 903 3017 976 πάντα
3078 902 3178 976 καί
3228 898 3704 976 συγκεχυμένως

2327 978 2700 1032 ποιούντων·
2738 970 2831 1029 ὅτι
2873 974 3052 1028 τοῦτο
3080 973 3226 1028 λίαν
3271 970 3504 1026 δεινόν.

2199 1069 2362 1125 Ἀλλά
2383 1067 2503 1131 πῶς
2523 1065 2687 1120 τοῦτό
2708 1081 2852 1137 φημι
2874 1080 2889 1131 ;
2910 1056 3075 1119 Οὗτοι
3095 1062 3149 1115 of
3176 1063 3355 1117 πάντα
3380 1058 3705 1129 συγχέοντες

2117 1162 2213 1217 καὶ
2263 1160 2467 1231 ἀναμὶξ
2510 1156 2815 1231 ποιοῦντες,
2859 1155 3025 1226 μηδὲν
3060 1152 3469 1214 διαστέλλοντες
3501 1147 3706 1220 ἀναμέ-

2119 1273 2210 1308 σον
2239 1253 2386 1326 ἱεροῦ
2416 1271 2475 1307 τε
2503 1226 2598 1306 καί
2637 1249 2857 1320 ἀνιέρου
2889 1250 2987 1305 καὶ
3018 1247 3180 1302 τοῦτο
3207 1246 3459 1316 τολμῶσι
3495 1246 3701 1298 ποιεῖν·

2115 1348 2213 1402 καὶ
2243 1349 2303 1402 ὲν
2336 1347 2414 1418 τῷ
2451 1347 2584 1419 ἱερῷ
2628 1345 2838 1417 βήματι
2871 1345 2996 1407 τοὺς
3034 1342 3110 1415 μὴ
3142 1341 3330 1409 ἀξίους
3373 1339 3475 1393 τοῦ
3526 1336 3703 1408 βήμα-

2114 1457 2207 1503 τος
2234 1441 2464 1495 εἰσιέναι
2497 1438 2881 1510 συγχωροῦσι·
2904 1437 3001 1492 καὶ
3030 1436 3156 1507 δίχα
3188 1433 3489 1503 σφραγῖδος
3521 1433 3704 1502 ἀρχιε-

2121 1533 2354 1605 ρατικῆς
2382 1532 2701 1586 κελεύουσιν
2732 1529 3132 1601 ἀναγινώσκειν
3165 1530 3265 1591 τὰς
3306 1526 3471 1596 ἱερὰς
3505 1516 3595 1577 ὲπ*
3618 1525 3704 1576 ἐκ·

2119 1627 2347 1697 κλησίας
2373 1625 2624 1696 Γραφάς.
2650 1626 2762 1679 Καὶ
2790 1622 3049 1678 τοσοῦτον
3077 1623 3234 1676 τοῦτο
3259 1620 3341 1683 εἰς
3374 1617 3555 1690 νομὴν
3576 1613 3701 1689 ἦλθε

2119 1716 2521 1789 πονηροτάτην,
2551 1716 2627 1781 ὡς
2661 1720 2758 1769 καὶ
2790 1718 2870 1779 εἰς
2920 1714 3043 1778 ἔθος
3086 1714 3188 1783 τὴν
3233 1711 3467 1777 ἀταξίαν
3503 1710 3705 1781 προῆἧ-

2120 1826 2208 1863 ναι
2229 1825 2243 1840 ο
2271 1811 2369 1863 καὶ
2395 1809 2456 1862 οὐ
2487 1808 2678 1879 χρείαν
2711 1807 2942 1872 πολλοὺς
2982 1806 3127 1877 ἔχειν
3178 1805 3486 1877 σφραγῖδος
3531 1805 3700 1872 ἱερᾶς,

2123 1900 2258 1954 ἀλλά
2289 1901 2439 1968 μόλις
2495 1901 2552 1954 ὲν
2601 1898 2680 1969 τῷ
2732 1898 2949 1969 μέλλειν
2989 1896 3441 1969 χειροτονεῖσθαι,
3466 1895 3591 1949 τότε
3614 1895 3702 1964 ζη-

2121 1995 2266 2047 τεῖν·
2296 1993 2394 2048 καὶ
2431 1992 2582 2062 μόλις
2612 1993 2735 2046 τότε
2762 1991 2838 2054 ὡς
2873 1989 3017 2044 κατά
3047 1989 3341 2060 συνήθειάν
3393 2006 3451 2042 τι
3496 1988 3704 2059 λαμϐά-

2120 2103 2323 2141 νουσιν.
2361 2086 2676 2155 Ἄνθρωπε,
2725 2083 2898 2155 μικρὰ
2949 2083 3124 2138 ταῦτα
3171 2082 3408 2154 λογίζῃ;
3451 2082 3552 2136 καὶ
3585 2081 3703 2142 τοὺς

2118 2177 2226 2231 τῶν
2264 2179 2528 2249 Πατέρων
2551 2178 2710 2248 ὅρους
2740 2175 3087 2249 παραλογίζῃ
3109 2176 3239 2239 τοὺς
3272 2175 3496 2231 ἀνωθεν
3534 2186 3705 2245 παραε

2116 2271 2475 2340 δεδομένουςς
2509 2270 2679 2325 Οὐδὲν
2711 2270 2909 2341 μικρὸν
2941 2272 2999 2323 ὲν
3028 2272 3096 2340 τῇ
3144 2268 3243 2324 τοῦ
3294 2270 3548 2340 μεγάλου
3575 2267 3702 2323 Θεοῦ

2118 2365 2215 2419 καὶ
2240 2363 2496 2435 Σωτῆρος
2528 2363 2687 2434 ἡμῶν
2735 2362 2914 2434 Ἰησοῦ
2948 2363 3190 2435 Χριστοῦ
3235 2362 3549 2434 Ἐκκλησία
3569 2376 3584 2391 ο
3619 2361 3705 2415 οὐά

2117 2457 2204 2510 δὲν
2231 2456 2356 2527 δίχα
2389 2457 2548 2526 λόγου
2575 2474 2589 2489 ο
2620 2457 2703 2511 ὅτι
2735 2457 2901 2510 αὑτοῦ
2934 2455 3029 2510 τοῦ
3060 2456 3268 2521 ζῶντος
3302 2455 3492 2524 Λόγου
3520 2456 3553 2525 ἠ
3593 2455 3707 2508 Ἐκ-

2118 2549 2339 2620 κλησία.
2367 2550 2459 2603 Διὺ
2516 2548 2658 2620 μετά
2692 2549 2854 2619 λόγου
2900 2550 3082 2603 πάντα
3118 2548 3408 2619 μεγίστου.
3441 2548 3573 2613 Πῶς
3617 2542 3704 2600 οὖν

2117 2642 2292 2714 τολμᾷ
2343 2661 2424 2707 τις
2470 2641 2609 2707 ὅλως
2663 2643 2736 2696 τὰ
2791 2642 2934 2715 μετὰ
2991 2641 3156 2710 λόγου
3187 2642 3286 2696 καὶ
3333 2641 3403 2695 τά
3445 2640 3544 2694 τοῦ
3574 2638 3702 2693 Θεοῦ

2118 2737 2297 2804 Λόγου
2334 2736 2495 2800 ἰδίαις
2527 2736 2727 2806 ὁρμαῖς
2768 2737 3061 2807 παρορᾷν;
3097 2734 3193 2788 καὶ
3225 2734 3423 2788 ἑαυτὸν
3461 2734 3702 2801 εἰσάγειν

2119 2830 2219 2900 τῆς
2262 2827 2473 2884 τούτων
2523 2829 2879 2892 καταλύσεως
2915 2829 3217 2900 νομοθέτην
3247 2847 3262 2896 ;
3298 2829 3413 2881 Οὐκ
3451 2822 3601 2891 οἶδας
3626 2818 3701 2879 ὅτι

2119 2922 2273 2989 τάξις
2326 2923 2546 2992 συνέχει
2598 2922 2798 2987 πάντα,
2829 2922 2907 2987 ῶς
2960 2922 3312 2992 γέγραπταις
3346 2921 3447 2975 καὶ
3496 2921 3700 2974 ὅτιούκ

2125 3013 2275 3068 ἔστιν
2327 3014 2738 3076 ἀκαταστασίας
2767 3014 2796 3066 δ
2823 3012 2979 3079 Θεὸς,
3024 3013 3100 3077 ὼς
3126 3017 3155 3067 ό
3184 3013 3531 3085 Θεορρήμων
3578 3013 3699 3080 ἔφη.

437 3097 688 3156 ιιιιειιοιιιις
720 3102 995 3173 ordinem,
1022 3105 1117 3162 sed
1154 3109 1338 3179 potius
1362 3120 1687 3179 praesentem
1724 3125 2014 3182 conserva,

2121 3108 2234 3162 ἀλλ’
2286 3109 2516 3177 εἰρήνης
2563 3108 2660 3159 καὶ
2713 3106 2964 3172 τάξεως;
2998 3105 3096 3159 καὶ
3147 3107 3232 3159 ὅτι
3285 3105 3320 3171 ἡ
3356 3106 3414 3158 ὲν
3455 3104 3703 3173 οὐραν-,ῖς

435 3204 490 3250 et
527 3212 622 3264 pro
654 3197 748 3252 illo
796 3208 1061 3269 quantum
1114 3213 1268 3269 potes
1313 3206 1531 3273 zelare,
1581 3220 1760 3278 neque
1801 3216 2011 3264 tantum

437 3288 657 3343 studeas
689 3299 749 3345 nt
770 3307 892 3361 quze
922 3295 1182 3362 accepisti
1213 3297 1514 3362 custodias,
1538 3309 1594 3354 et
1625 3309 1684 3355 ut
1714 3314 1779 3356 ea
1809 3296 2017 3360 sanetis

436 3395 638 3451 augeas
669 3383 1042 3450 incrementis,
1073 3401 1244 3454 eaque
1269 3388 1505 3444 ador-nes
1531 3398 1793 3461 tanquam
1823 3392 2016 3451 Patres

438 3470 635 3525 nostri.
683 3470 874 3539 Itaque
932 3490 1117 3545 pugna
1173 3490 1274 3543 pro
1323 3481 1532 3535 sanctis
1581 3482 1867 3540 ordinibus
1897 3525 1911 3549 ,
1958 3498 2018 3543 ut

440 3562 664 3615 multum
706 3576 736 3617 a
786 3557 894 3619 Deo
934 3565 1240 3622 mercedem
1290 3570 1501 3628 referas
1545 3583 1736 3643 utpote
1773 3576 2013 3647 diligens

438 3656 689 3709 decorem
752 3657 949 3713 domus
1006 3658 1276 3728 Domini,
1340 3675 1704 3738 sanctumque
1763 3670 2014 3727 ordinem

435 3759 594 3799 serva
616 3787 632 3812 ,
665 3754 719 3800 et
751 3748 1027 3804 adstantes
1065 3750 1120 3805 in
1158 3756 1474 3809 sanctuario
1520 3759 1728 3829 majore
1757 3760 1881 3817 aliis
1921 3762 2019 3817 ho-

438 3852 571 3893 nore
601 3853 935 3910 prosequere
966 3844 1271 3901 secundum
1310 3848 1731 3907 convenientem
1764 3852 1846 3906 eis
1886 3867 2014 3922 gra-

436 3927 564 3983 dum
586 3974 603 3997 ,
636 3945 691 3987 et
731 3932 972 3988 sedendo
997 3974 1014 4000 ,
1049 3944 1103 3991 et
1132 3942 1592 3998 communicando
1614 3984 1629 4008 ,
1661 3952 1717 3998 et
1762 3954 2013 4003 mutuum

435 4028 640 4081 donum
695 4028 1057 4099 accipiendo,
1116 4041 1172 4085 et
1217 4042 1480 4102 angustas
1532 4035 1805 4108 imagines
1848 4044 2014 4111 atque

436 4120 836 4177 sanctissimam
877 4138 1096 4181 crucem
1131 4126 1448 4195 adorando,
1494 4139 1681 4202 utpote
1715 4134 1905 4193 divino
1941 4134 2018 4192 si-

437 4214 567 4284 gillo
597 4217 867 4287 signatos.

920 4514 1154 4573 CAPUT
1196 4515 1464 4573 CCCLXV
1477 4518 1516 4577 I.

439 4624 514 4684 De
541 4628 647 4685 illis
685 4629 779 4699 qui
824 4627 1056 4700 neglecto
1100 4630 1287 4685 ordine
1320 4630 1377 4685 in
1421 4629 1572 4685 bema
1618 4632 2012 4702 ingrediuntur,

509 4717 626 4755 cum
666 4716 759 4755 nec
796 4703 1093 4776 sacerdotes
1120 4717 1215 4757 nec
1236 4702 1485 4756 monachi
1508 4706 1642 4766 sint,
1671 4719 2015 4776 arroganter-

506 4787 606 4842 quo
625 4787 735 4841 pra:
756 4772 1118 4829 sacerdotibus
1144 4783 1195 4829 et
1229 4775 1501 4829 monachis
1532 4783 1678 4829 stant
1711 4772 2012 4832 vel'scdent.

509 4952 568 5009 In
603 4953 979 5009 sanctuarium
1013 4953 1219 5012 intrare
1245 4956 1457 5012 nullum
1496 4956 1784 5028 permittas
1818 4966 2017 5027 praeter

439 5063 532 5104 eos
570 5046 664 5117 qui
707 5045 1056 5115 impositione
1096 5062 1359 5109 manuum
1395 5049 1545 5122 digni
1586 5062 1713 5107 sunt
1750 5051 1922 5107 habiti
1961 5059 2016 5106 et

437 5143 597 5200 electi
632 5142 701 5199 ad
749 5140 1172 5199 ministrandum
1220 5150 1428 5199 aeterno
1473 5144 1625 5216 regi,
1669 5153 1725 5200 at
1761 5154 1887 5214 post
1917 5160 2015 5202 eos

384 5286 391 5289 _
439 5251 578 5306 pone
615 5234 916 5293 monachos
954 5245 1010 5292 et
1041 5243 1165 5306 post
1199 5236 1501 5294 monachos
1544 5238 1715 5296 laicos
1738 5275 1756 5305 ,
1794 5249 1848 5293 et
1884 5253 2018 5295 eave

438 5345 509 5386 ne
552 5330 804 5403 superbis
849 5329 948 5388 des
971 5331 1172 5401 ilocum
1222 5340 1442 5387 sanctos
1480 5329 1814 5402 despiciendi
1844 5373 1859 5394 .
1919 5334 2015 5404 qui

439 5438 608 5491 quum
649 5424 814 5479 stulte
846 5425 1086 5495 cogitent
1119 5425 1175 5481 in
1206 5438 1400 5481 sancta
1432 5433 1488 5481 et
1518 5424 1703 5480 divina
1745 5425 2017 5481 inducunt

437 5515 567 5570 vitia
598 5531 698 5571 sua
729 5517 946 5586 istaque
975 5515 1367 5579 manifestam.
1402 5525 1459 5572 et
1525 5516 1725 5571 nedum
1763 5515 2017 5571 sanctiﬁ-

437 5617 673 5675 centur,
709 5609 952 5665 damnati
998 5621 1131 5667 sunt
1178 5619 1234 5668 et
1282 5610 1567 5666 aversione
1600 5609 1769 5682 digni.
1816 5608 2018 5666 Volunt

436 5701 582 5756 enim
615 5702 817 5760 divinis
850 5705 1182 5774 participare
1215 5705 1519 5762 secundum
1556 5718 1732 5773 genus
1772 5702 2016 5774 ignobile

438 5803 497 5849 et
544 5791 854 5861 abiectum.
890 5813 1103 5857 necnon
1147 5801 1448 5859 secundum
1499 5798 1721 5859 divitias
1774 5796 2017 5855 assidere

2119 3198 2344 3264 εὐταξία
2376 3201 2474 3253 καὶ
2502 3199 2557 3252 ὲν
2581 3201 2649 3269 τῇ
2682 3197 2985 3268 Ἐκκλησία
3015 3196 3169 3259 sati;
3200 3196 3292 3267 Μὴ
3319 3197 3573 3267 παράλυε
3598 3213 3702 3250 τοις

2120 3289 2328 3360 γαροῦν
2363 3289 2462 3361 τὴν
2496 3290 2704 3345 ἄνωθεν
2750 3291 2940 3355 τάξιν·
2978 3290 3117 3343 ἀλλά
3150 3290 3352 3359 μᾶλλον
3380 3291 3481 3344 Eoo
3510 3306 3698 3357 συντη-

2121 3381 2231 3452 ρῶν
2268 3380 2498 3452 ταύτην,
2550 3381 2648 3437 καὶ
2678 3383 2822 3454 ὑπὲρ
2853 3380 3029 3451 αὐτῆς
3075 3381 3259 3451 ζηλῶν
3294 3382 3395 3451 ὅση
3424 3380 3655 3450 δύναμις
3682 3396 3697 3413 ο

2120 3475 2210 3528 καὶ
2243 3472 2319 3545 μὴ
2350 3473 2509 3544 μόνον
2539 3471 2814 3538 σπούδαζε
2843 3472 2880 3528 ἃ
2917 3472 3232 3544 παρέλαϐες
3260 3474 3546 3544 συνιστᾷν.
3570 3468 3700 3526 ἀλλὰ

2120 3568 2216 3621 καὶ
2275 3558 2615 3636 προσθήκαις
2682 3570 2860 3638 ἱεραῖς
2925 3567 3280 3636 ὲπαυξάνειν,
3323 3567 3422 3622 καὶ
3480 3568 3697 3638 κοσμεῖν

2120 3660 2314 3722 ταῦτα,
2336 3659 2412 3724 ὡς
2467 3662 2562 3715 καὶ
2613 3660 2963 3732 οίἹΙατέρες
3010 3661 3192 3732 ὴμῶν.
3226 3661 3578 3733 ’Υπερμάχει
3609 3660 3696 3713 οὖν

2119 3752 2231 3805 τῶν
2261 3753 2425 3823 ἱερῶν
2469 3752 2700 3818 τάξεων,
2734 3754 2823 3807 ίνα
2860 3754 3093 3823 μισθοὺς
3125 3752 3473 3818 πολλαπλοῦς
3503 3754 3695 3823 κομίσῃ

2121 3844 2274 3913 παρά
2304 3842 2464 3911 Θεοῦ,
2503 3843 2578 3907 ὡς
2625 3844 2857 3912 ἀγαπῶν
2898 3843 3235 3916 εὐπρέπειαν
3266 3844 3421 3899 οἴκου
3474 3844 3695 3915 Κυρίου,

2120 3938 2217 3991 καὶ
2250 3935 2349 4007 τὴν
2381 3936 2536 4008 ίερὰν
2565 3935 2757 4008 τηρῶν
2809 3934 2989 4001 τάξιν.
3029 3936 3158 4010 ,Καὶ
3189 3936 3316 4002 τοὺς
3349 3938 3454 4008 μὲν
3484 3936 3579 3992 τοῦ
3608 3935 3696 4004 βή-

2123 4047 2297 4099 ματος
2343 4029 2589 4101 προτίμα
2618 4029 2727 4084 τῶν
2759 4029 2963 4094 ἀλλων,
2985 4030 3132 4084 κατὰ
3190 4030 3285 4085 τὸν
3330 4029 3694 4099 ἀναλογοῦντα

2122 4122 2358 4193 βαθμὸν,
2389 4124 2456 4193 τῇ
2505 4139 2567 4175 τε
2616 4122 2825 4189 στάσει,
2871 4122 2967 4175 καὶ
2996 4123 3063 4193 τῇ
3096 4121 3376 4192 κοινωνίᾳ,
3409 4123 3509 4178 καὶ
3538 4135 3695 4192 μεῖιαο

2120 4215 2280 4285 λήψει
2311 4213 2407 4268 τοῦ
2434 4213 2735 4285 ἀντιδώρου
2787 4213 2884 4268 καὶ
2930 4214 3298 4284 ἀγιάσματος,
3321 4214 3421 4268 καὶ
3442 4217 3509 4285 τῇ
3535 4229 3699 4283 apos-

2121 4310 2347 4381 κυνήσει
2402 4307 2511 4361 τῶν
2576 4308 2792 4361 σεπτῶν
2868 4305 3094 4361 εἰκόνων
3139 4307 3238 4363 καὶ
3294 4307 3392 4361 τοῦ
3441 4306 3694 4376 πανάρου

2127 4402 2395 4475 σταυροῦ,
2429 4403 2507 4467 ὡς
2539 4402 2815 4474 σφραγῖδα
2853 4399 3008 4471 ἱερὰν
3039 4400 3284 4474 ἔχοντας.

2668 4518 2921 4576 uno“.
2959 4518 3144 4586 ΤΞεῖν.

2120 4632 2257 4704 Περὶ
2288 4626 2424 4707 ,τῶν
2449 4634 2720 4707 ἀτάκτως
2753 4632 2825 4688 ἐν
2852 4631 2933 4707 τῷ
2958 4632 3217 4707 βήματιΔ
3243 4631 3582 4707 εἰσιόντων,
3611 4642 3693 4707 ζε-

2187 4701 2465 4760 ᾇῑούντων
2501 4703 2758 4771 ἀνιέρων
2811 4705 2910 4758 καί
2946 4701 3408 4774 ὰσςρραγίστωγ,
3439 4701 3538 4758 καὶ
3568 4701 3692 4774 ,τῶν
3722 4767 3736 4773 _

2190 4769 2662 4845 προισταμένωῇδ
2709 4774 2749 4842 ἢ
2794 4769 3270 4845 προμαθὴμέιλων
3301 4769 3692 4844 ὑπερηφάνως

2189 4844 2522 4917 ἱερωμένων
2550 4844 2650 4900 καὶ
2679 4844 2994 4915 μοναχῶν.

2190 4962 2303 5016 Καὶ
2330 4963 2388 5016 ὲν
2415 4961 2494 5034 τῷ
2527 4960 2733 5032 βήματι
2764 4958 3000 5017 εἰσιέναι
3045 4964 3114 5034 τῇ
3165 4960 3484 5035 χειροτονίᾳ.
3531 4956 3693 5028 ὴξων

2123 5054 2337 5125 μένους,
2363 5054 2459 5108 καὶ
2484 5054 2566 5117 εἰς
2601 5051 2915 5124 ὑπηρεσίαν
2957 5054 3334 5123 ἀπολτγίντας
3371 5052 3450 5122 τῷ
3495 5048 3690 5116 αἰωνίῳ

2122 5147 2353 5219 βασιλεῖ,
2404 5147 2500 5201 καὶ
2553 5145 2760 5217 μηδένα
2818 5145 2978 5202 ἀλλον
3042 5147 3461 5216 παραχωρήσῃς
3505 5145 3582 5203 εἰς
3633 5138 3690 5191 τὸ

2122 5241 2274 5312 βῆμα
2300 5238 2677 5310 εἰσέρχεσθαι,
2704 5238 2825 5308 μετ’
2852 5238 3053 5301 αὐτοὺς
3082 5238 3142 5292 δὲ
3171 5236 3332 5304 τάξον
3374 5239 3501 5299 τοὺς
3530 5248 3690 5304 μονα⁶

2120 5336 2273 5406 χοῦς.
2301 5334 2398 5387 καὶ
2429 5332 2569 5403 μετὰ
2598 5331 2826 5396 τούτους
2874 5333 3001 5393 τοὺς
3041 5330 3263 5394 λαῖκούς
3289 5345 3305 5361 '
3329 5331 3425 5384 καὶ
3469 5328 3541 5397 μὴ
3584 5326 3688 5384 τοῖς

2124 5427 2504 5497 ὑπερηφάνοις
2572 5425 2664 5488 δὺς
2716 5422 2908 5496 χώραν
2977 5424 3375 5493 κατορχεῖσθαι
3433 5422 3526 5475 καὶ
3586 5415 3688 5467 τῶν

2122 5522 2316 5591 ἁγίων,
2344 5519 2392 5573 οἶ
2426 5519 2669 5588 ἀνοήτως
2694 5517 2936 5588 ἔχοντες,
2971 5518 3068 5571 καὶ
3128 5516 3262 5587 περὶ
3306 5516 3375 5573 τά
3413 5511 3595 5579 ἀπαθῆ
3624 5524 3683 5561 τι

2122 5618 2217 5671 καὶ
2248 5615 2370 5668 θεῖα
2396 5614 2491 5667 καὶ
2521 5611 2670 5683 πάθη
2714 5610 2930 5666 ἑαυτῶν
2962 5608 3249 5678 εἰσάγουσί
3274 5625 3336 5663 τε
3366 5609 3461 5663 καὶ
3488 5601 3684 5660 ἐπιδεί-

2123 5725 2345 5764 κνυνται
2368 5725 2381 5739 ·
2418 5707 2511 5761 καὶ
2560 5707 2684 5759 ἀντὶ
2717 5703 2813 5758 τοῦ
2848 5702 3195 5772 ἀγιάζεσθαι,
3230 5697 3681 5773 κατακεκριμένοι

2134 5805 2258 5869 εἱσι,
2291 5803 2384 5858 καὶ
2425 5800 2780 5872 ἀποστροφῆς
2831 5799 2971 5866 ἄξιοι
2995 5816 3008 5829 ’
3043 5798 3288 5854 ἐθέλουσι
3316 5796 3428 5869 γάρ
3457 5794 3546 5851 καὶ
3580 5787 3682 5842 τῶν
