4026 6274
282 374 378 452 681
1409 386 1508 447 DE
1548 378 1841 446 ORDINE
1892 377 2391 450 sentiments.

3418 378 3523 451 i182

284 508 445 561 θείων
474 499 723 575 μετ’έχειν
772 504 915 559 κατὰ
948 504 1103 573 γένος
1153 504 1347 576 ἀγενές
1377 508 1471 559 καὶ
1497 506 1725 574 λύομεν,
1755 506 1852 557 καὶ

1962 506 2287 574 pauperibus
2334 503 2749 570 conriciantes,
2799 500 2847 557 ct
2901 501 3202 557 secundum
3254 499 3526 556 humanas

281 600 424 653 κατὰ
445 597 535 651 τδν
557 597 782 649 πλοῦτον
799 596 1709 666 ὕπερκαθέζεσθαι.βδελυσσόμενοι
1726 598 1854 659 τοὺς

284 689 554 757 πτωχοὺς,
576 685 670 739 xa‘t
708 686 849 740 κατὰ
870 687 937 739 τὰ
973 686 1292 756 ἀνθρώπινα
1326 687 1618 755 ὑπερέχειν
1654 687 1853 749 πάντα,

282 777 404 831 κατ’
419 778 662 843 ἐξουσίαν
681 772 1119 848 κὸσμικήν.’Ᾱλλ’
1135 778 1195 831 οὐ
1212 776 1387 831 ταῦτα
1402 779 1535 840 Θεὸς
1553 778 1854 844 ἐξελέξατοδ

262 858 408 921 ’ἐπεὶ
435 871 529 922 καὶ
565 870 626 921 οὑ
646 869 833 921 πολλοὶ
855 870 955 938 μὲν
979 871 1132 936 σοφοὶ
1172 869 1313 922 κατὰ
1355 869 1556 936 σάρκα,
1585 871 1771 940 φησιν,
1795 870 1855 927 οὐ

289 960 477 1012 πολλοὶ
506 960 744 1026 δυνατοὶ,
780 961 842 1013 οὐ
862 959 1046 1012 πολλοὶ⁸
1074 960 1341 1026 εὐγενεῖς*
1372 960 1618 1013 τουτέστι
1642 960 1858 1012 σπάνιοι

283 1039 428 1105 οὗτοι
446 1054 495 1107 οἱ
515 1055 570 1105 ἐν
591 1052 897 1120 ἀνθρώποις
913 1052 1195 1114 δοκοῦντες
1217 1053 1309 1105 xal.
1328 1052 1857 1121 ὑπερέχοντες.Ἀλλ’

280 1146 382 1198 οὐκ
414 1148 477 1197 ἐκ
528 1144 736 1198 τούτων
769 1142 1056 1208 ἐξελέξατο
1088 1147 1116 1196 ὁ
1145 1144 1309 1206 Θεόςσ
1359 1146 1482 1197 ἐπεὶ
1511 1147 1605 1196 καὶ
1638 1144 1734 1196 τοῦ
1770 1146 1861 1197 κό-

287 1254 435 1307 σμου,
459 1237 631 1289 ταῦτα
670 1237 1019 1305 φρονήματα,
1052 1238 1147 1289 καὶ
1180 1238 1241 1289 οὐ
1278 1234 1371 1288 τοῦ
1427 1236 1563 1287 Θεοῦ
1589 1251 1604 1265 ο
1631 1237 1726 1288 καὶ
1758 1233 1857 1287 ἕνα

284 1306 591 1400 ἄνυρῧπον,
621 1329 716 1382 καὶ
747 1328 806 1393 ἐξ
840 1329 957 1391 ἐνὸς
1008 1327 1255 1390 ἅπαντας
1290 1327 1596 1396 πεποίηκεν
1627 1328 1656 1379 6
1683 1327 1816 1388 Θεός
1840 1342 1854 1358 ·

287 1424 376 1475 καὶ
411 1424 495 1475 ἵνα
528 1421 864 1492 καταισχύνῃ
891 1422 1018 1483 τοὺς
1048 1421 1117 1472 τὰ
1141 1422 1237 1471 ὲπὶ
1259 1421 1363 1489 γῆς
1395 1418 1753 1489 φρονοῦντας,
1790 1419 1859 1472 τὰ

289 1516 446 1584 μωρὰ
472 1514 567 1567 τοῦ
602 1513 834 1582 κόσμου,
877 1511 1066 1580 φησὶν,
1109 1510 1394 1576 ἐξελέξατο
1424 1513 1451 1564 ὀ
1477 1511 1635 1573 Θεὸς,
1666 1512 1762 1564 καὶ
1789 1512 1858 1564 τὰ

282 1605 482 1674 ἀσθενῆ
511 1604 607 1657 τοῦ
638 1604 867 1673 κόσμου,
912 1605 1009 1656 καὶ
1038 1602 1110 1654 τὰ
1146 1602 1316 1671 ἀγενῆ
1348 1601 1445 1655 τοῦ
1494 1602 1725 1672 κόσμου,
1762 1604 1881 1655 καῖ’

282 1700 352 1752 τὰ
380 1697 778 1767 ἐξουθενημένα
809 1695 1091 1762 ἐξελέξατο
1116 1698 1143 1748 6
1177 1695 1334 1758 Θεὸς,
1362 1696 1460 1748 καὶ
1492 1694 1561 1746 τὰ
1604 1694 1680 1764 μὴ
1726 1693 1857 1746 ὄντα

262 1790 378 1857 ⁴καὶ
417 1787 570 1842 οὐδὲν
600 1785 887 1847 δοκοῦντα,
921 1786 1009 1839 ἴνα
1058 1786 1125 1837 τὰ
1172 1784 1326 1847 ὂντα,
1377 1783 1497 1853 ἢτοι
1533 1786 1602 1836 τὰ
1643 1785 1856 1851 μεγάλα

1963 596 2289 662 dignitates,
2335 597 2634 650 secundum
2681 595 3012 648 mundanam
3070 601 3392 663 potestatem
3437 607 3530 645 ειμ

1962 687 2320 753 peretninere.
2348 685 2453 740 Sed
2490 701 2594 740 non
2634 687 2746 739 haec
2775 684 2935 755 elegit
2960 685 3241 747 Dominus,
3274 684 3529 754 quoniam

1964 789 2067 828 non
2118 776 2269 828 multi
2322 778 2541 845 quidem
2588 777 2866 845 Sapientes
2912 776 3215 833 secundum
3269 790 3485 830 carnem
3513 814 3529 834 ,

1963 866 2160 933 inquit,
2196 882 2305 919 non
2354 867 2523 936 multi
2556 878 2825 936 potentes,
2858 883 2964 921 non
3000 868 3154 920 multi
3206 867 3437 930 nobiles,
3480 864 3531 918 id

1961 966 2066 1019 est,
2101 958 2262 1026 pauci
2292 967 2421 1010 sunt
2452 935 2541 1025 qui
2565 935 2718 1011 inter
2742 958 2989 1010 homines
3020 966 3284 1026 apparent
3317 966 3369 1010 et
3402 970 3537 1025 pra:—

1962 1059 2169 1104 stantes
2213 1062 2362 1105 sunt.
2399 1051 2467 1104 At
2498 1065 2609 1103 non
2648 1068 2709 1103 ex
2752 1051 2837 1102 his
2867 1051 3026 1119 elegit
3066 1049 3326 1103 Dominus
3354 1089 3367 1110 ,
3404 1063 3537 1115 qum

1962 1143 2105 1194 niam
2132 1142 2211 1195 ita:
2245 1142 2428 1196 mundi
2461 1152 2614 1207 sunt,
2644 1158 2753 1196 non
2780 1140 2873 1195 Dei
2897 1141 3344 1210 c0gitationes,et
3368 1155 3536 1192 unum

1963 1232 2237 1286 hominem
2287 1241 2341 1286 et
2386 1248 2449 1286 ex
2502 1247 2611 1286 uno
2652 1247 2843 1286 omnes
2895 1230 3096 1286 fecerat
3129 1232 3302 1295 Deus,
3345 1229 3439 1283 sed
3483 1237 3540 1282 ut

1961 1306 2272 1378 confundat
2315 1332 2530 1378 terrena
2582 1324 2859 1393 sapientes
2886 1361 2901 1387 ,
2948 1324 3112 1377 stulta
3150 1322 3381 1384 mundi,
3423 1321 3536 1381 ait,

1961 1417 2123 1486 elegit
2156 1416 2320 1481 Deus,
2354 1429 2407 1471 et
2440 1415 2655 1470 inﬁrma
2693 1416 2903 1481 mundi,
2940 1424 2993 1468 et
3037 1412 3299 1483 ignobilia
3327 1411 3537 1474 mundi,

1960 1517 2015 1561 et
2049 1508 2486 1578 contemptibilia
2518 1508 2680 1578 elegit
2712 1507 2855 1568 Deus
2885 1548 2897 1567 .
2941 1516 2994 1561 et
3023 1522 3084 1560 ea
3120 1521 3242 1574 qua:
3272 1520 3380 1559 non
3412 1512 3541 1556 sunt

1960 1609 2014 1652 ct
2050 1614 2156 1652 non
2191 1609 2477 1668 apparent,
2514 1609 2568 1652 ut
2600 1613 2661 1652 ea
2706 1614 2828 1669 quae
2861 1607 3012 1664 sunt,
3046 1612 3243 1667 nempe
3272 1612 3394 1663 quae
3427 1610 3542 1648 mas

1960 1705 2063 1759 gna
2095 1691 2354 1766 ridentur
2401 1701 2455 1744 et
2491 1689 2767 1753 sublimia.
2800 1689 3110 1745 destrueret
3131 1690 3186 1743 in
3221 1688 3536 1742 humilitate

1963 1782 2296 1837 etveritatc:
2323 1779 2423 1836 «Ut
2452 1797 2559 1834 non
2590 1781 2854 1849 glorietur
2870 1781 3050 1835 omnis
3078 1797 3228 1845 caro,
3262 1782 3456 1848 inquit,
3487 1782 3541 1833 in

282 1877 541 1932 δοκοῦντα
592 1878 684 1931 καὶ
719 1876 900 1946 ὑψηλὰ
952 1877 1277 1946 καταργήσῃ
1303 1879 1367 1944 τῇ
1398 1873 1729 1928 ταπεινώσει
1759 1876 1854 1928 καὶ

1962 1883 2254 1941 conspectu
2278 1872 2428 1936 Dei,»
2463 1882 2515 1926 et
2549 1888 2617 1925 ne
2648 1875 2772 1939 quis
2804 1873 3041 1940 sapiens.
3068 1880 3172 1925 aut
3200 1872 3421 1929 “Obllis,
3449 1881 3543 1924 aut
3614 1887 3617 1890 ‘

280 1969 548 2039 ἀληθείᾳ*
594 1987 614 2021 ι
681 1969 869 2030 Ὅπως
935 1968 1010 2037 μὴ
1070 1968 1414 2036 καυχήσηται
1484 1969 1636 2021 πᾶσα
1708 1966 1848 2035 σὰρξ

280 2062 465 2129 φησὶν,
501 2059 733 2112 ἐνώπιον
793 2059 887 2111 τοῦ
959 2058 1134 2111 Θεοῦ·
1185 2078 1205 2111 ι
1244 2057 1379 2128 μηδέ
1439 2072 1523 2119 τις
1582 2058 1764 2125 σοφὸς,
1819 2057 1853 2127 ἢ

283 2154 533 2219 εὐγενὴς,
575 2152 608 2223 ἢ
649 2152 888 2224 ἰσχυρὸς,
919 2151 951 2220 ἢ
983 2144 1252 2214 ’πλούσιος
1292 2151 1437 2205 εἴποι
1494 2150 1855 2221 κατωρθωκὲ-

283 2262 371 2299 ναι
410 2245 570 2316 265
596 2247 663 2299 τὰ
707 2247 807 2313 τῆς
863 2245 1139 2315 σωτηρίας
1192 2245 1357 2313 ἡμῖν’
1386 2245 1413 2297 6
1447 2245 1554 2313 γὰρ
1585 2259 1857 2295 ταπεινω-

284 2338 399 2400 θεὶς
430 2339 597 2406 μέχρι
643 2338 866 2403 σαρκὸς,
911 2337 1006 2390 καὶ
1040 2338 1105 2388 ἐκ
1138 2336 1403 2403 ταπεινῆς
1441 2336 1540 2403 μὲν
1571 2336 1855 2401 γυναικὸς,

286 2430 446 2498 ἁγίας
474 2429 529 2481 δὲ
554 2428 877 2498 σαρκωθεὶς,
911 2429 940 2480 6
970 2429 1176 2480 τέκτων
1202 2427 1296 2479 καὶ
1329 2426 1423 2477 τοῦ
1449 2427 1699 2486 τέκτονος
1728 2425 1860 2494 κλη-

284 2500 425 2586 θεὶς,
464 2524 557 2575 καὶ
607 2521 767 2591 μέχρι
822 2518 1060 2589 σταυροῦ
1103 2517 1747 2580 καταδικασθεὶς,υαύτὺς
1789 2518 1859 2570 δι’

286 2612 485 2664 ἁλιέων
525 2611 621 2663 καὶ
652 2610 1057 2679 σκηνορῥάφων
1095 2611 1192 2661 καὶ
1224 2606 1470 2660 τελωνῶν
1505 2607 1599 2660 καὶ
1629 2607 1860 2659 ἐθνικῶν

286 2701 712 2764 πιστευσάντων,
745 2700 890 2769 ἡμᾶς
926 2701 1021 2752 καὶ
1049 2700 1141 2751 τὸν
1173 2699 1377 2768 κόσμον
1406 2696 1598 2753 ἔσωσε.
1645 2697 1734 2769 Μὴ
1764 2694 1859 2753 οὖν

286 2793 476 2860 καυχῶ
502 2793 560 2843 ὲν
586 2791 749 2860 σαρκὶ
777 2785 891 2854 οἷός
912 2806 995 2853 τις
1023 2786 1075 2842 εῖ
1101 2808 1115 2822 ·
1146 2793 1333 2858 γήϊνος
1355 2790 1461 2859 γὰρ
1498 2788 1550 2842 εἴ
1570 2806 1584 2820 ο
1619 2791 1714 2843 καὶ
1747 2791 1859 2859 ὅσῳ

286 2884 351 2934 ἐκ
392 2881 491 2948 τῆς
523 2882 626 2948 γῆς
671 2881 942 2946 πλουτεῖς,
976 2880 1145 2934 πλείω
1181 2882 1282 2951 τὴν
1334 2881 1545 2950 φθορὰν
1583 2883 1853 2953 ἑπισύρῃ⁶

1961 1967 2119 2021 fortis
2148 1975 2241 2020 aut
2276 1966 2430 2020 dives
2461 1966 2608 2020 dicat
2639 1980 2697 2020 se
2744 1966 2977 2021 salutem
3029 1964 3186 2019 nobis
3231 1963 3541 2027 direxisse;

1962 2073 2085 2110 nam
2121 2058 2442 2111 humiliatus
2473 2072 2643 2123 usque
2669 2057 2734 2111 ad
2767 2071 3013 2123 carnem,
3038 2063 3093 2110 et
3123 2056 3442 2109 incarnatus
3472 2068 3537 2107 ex

1961 2149 2161 2204 l‘emina
2195 2149 2389 2203 humili
2426 2150 2668 2216 quidem,
2699 2149 2795 2204 sed
2831 2146 3251 2210 sancta,artifex
3284 2158 3538 2212 vocatus,

1960 2240 2185 2296 artiﬁcis
2211 2240 2376 2302 illius,
2416 2250 2471 2294 et
2496 2243 2780 2294 damnatus
2800 2254 2973 2308 usque
2991 2238 3056 2291 ad
3082 2249 3311 2293 mortem
3335 2239 3540 2304 crucis,

1961 2329 2077 2396 ipse
2110 2344 2206 2397 per
2238 2331 2542 2399 piscatores
2566 2370 2581 2395 ,
2622 2343 2720 2398 per
2751 2328 3220 2383 tabernacularios
3247 2369 3262 2391 ,
3310 2342 3406 2398 per
3441 2343 3539 2392 pu-

1961 2421 2230 2483 blicanos.
2265 2437 2361 2490 per
2393 2422 2626 2491 gentiles
2660 2422 2712 2473 in
2744 2434 2868 2475 eum
2904 2421 3215 2483 credentes,
3245 2435 3350 2475 nos
3379 2434 3545 2474 mun-

1963 2513 2204 2583 dumque
2237 2512 2492 2567 salravit.
2526 2513 2695 2582 Igitur
2723 2513 2830 2567 noli
2859 2513 2912 2565 in
2941 2528 3107 2567 carne
3139 2513 3361 2582 gloriari
3389 2512 3544 2581 quis-

1961 2604 2083 2672 quis
2110 2621 2188 2667 es,
2219 2619 2344 2658 nam
2376 2615 2627 2659 terrenus
2650 2620 2744 2670 es;
2777 2619 2886 2672 quo
2910 2603 3031 2672 plus
3059 2620 3089 2659 e
3115 2612 3262 2659 terra
3295 2604 3543 2667 ditescis,
3572 2600 3579 2607 ’

1962 2704 2114 2751 tanto
2155 2697 2414 2767 majorem
2455 2698 2626 2751 trahis
2664 2697 3032 2765 corruptelam
3069 2712 3084 2761 ;
3127 2697 3220 2752 sed
3271 2697 3453 2751 sciens
3495 2710 3551 2751 tu

1960 2791 2162 2846 iaicum
2196 2805 2319 2846 esse
2352 2807 2529 2861 neque
2557 2792 2923 2846 sacerdotium
2956 2790 3180 2856 habere,
3221 2807 3398 2860 neque
3430 2807 3546 2843 itm-

1962 2883 2263 2938 nachorum
2295 2884 2602 2939 institutum
2633 2883 2886 2953 elegisse,
2926 2882 3234 2949 humiliare,
3271 2896 3546 2952 verusque

285 2973 402 3025 ἀλλ’
446 2972 602 3036 εἰδὼς
638 2974 712 3036 ὼς
758 2973 867 3026 τῶν
900 2974 1102 3026 λα’ίκῶν
1137 2968 1206 3036 εἴ,
1265 2974 1359 3025 καὶ
1412 2974 1717 3044 ἱερωσύνην
1757 2977 1856 3029 οὐκ

1962 2974 2119 3044 iudex
2154 2985 2308 3040 esto;
2348 2989 2514 3044 quum
2552 2990 2652 3029 nec
2701 2976 2843 3029 inter
2892 2975 3210 3030 sacerdotes
3249 2991 3347 3030 nec
3398 2977 3542 3029 inter

284 3060 448 3129 ἔχεις,
500 3062 617 3113 οὐδέ
652 3078 714 3129 γε
752 3062 821 3115 τὰ
851 3061 960 3115 τῶν
998 3063 1341 3131 μοναζόντων
1388 3063 1727 3135 προῄρησαι,
1765 3084 1858 3119 τα-

1965 3066 2269 3120 monachos
2291 3067 2696 3131 annumereris,
2720 3077 2779 3121 ut
2805 3068 2974 3121 laicus
2998 3067 3083 3122 adi
3103 3082 3294 3121 verum
3321 3084 3548 3136 purum-—

285 3151 471 3204 πεινοῦ
503 3155 598 3207 καὶ
619 3152 777 3217 γενοῦ
811 3154 1006 3223 κριτὴς
1037 3154 1243 3224 ἀληθής
1265 3169 1280 3184 ·
1316 3156 1410 3209 καὶ
1435 3159 1509 3225 μὴ
1530 3157 1639 3209 τῶν
1663 3158 1856 3227 ἱερέων

1967 3173 2073 3226 que
2105 3172 2169 3212 ac
2203 3159 2378 3213 soimn
2408 3159 2674 3227 judit-em.
2724 3159 2837 3213 [mo
2885 3174 3052 3228 quum
3106 3158 3277 3213 laicus
3304 3161 3383 3213 sis
3418 3175 3547 3228 snp-

281 3243 381 3309 ὣν,
417 3246 550 3313 μηδὲ
587 3246 857 3315 μοναχῶν,
895 3247 968 3308 ὡς
1002 3248 1190 3310 λαῖκὸς
1220 3250 1524 3319 προσέρχου
1555 3250 1635 3317 τῷ
1659 3252 1857 3322 ἀληθεῖ

286 3337 380 3388 καὶ
432 3336 660 3407 καθαρῷ
710 3338 805 3390 καὶ
863 3339 1013 3407 μόνῳ
1055 3341 1242 3409 κριτῇ.
1279 3341 1388 3394 Καὶ
1442 3341 1630 3405 λαῖκὺς
1664 3343 1718 3397 δέ
1759 3343 1856 3411 ὢν,

283 3434 741 3497 προσευχόμενος,
778 3430 877 3499 ὅρα
918 3430 1003 3493 τίς
1050 3448 1142 3483 σου
1186 3433 1455 3501 κρείττων
1485 3435 1594 3486 τῶν
1632 3434 1857 3503 λαῖκῶν,

284 3520 382 3573 καὶ
420 3520 498 3582 τίς
528 3519 909 3592 καθαρώτερος
932 3536 945 3551 ·
982 3523 1045 3574 οὺ
1082 3523 1191 3591 γὰρ
1238 3525 1667 3596 προσωποληψία
1707 3530 1859 3596 παρὰ

280 3611 437 3693 Θεῷ·
492 3613 588 3664 καὶ
633 3613 717 3675 τες
755 3613 955 3680 μᾶλλον
989 3614 1138 3681 φίλος
1168 3616 1200 3685 ἢ
1239 3617 1302 3668 σὺ
1333 3616 1453 3686 Θεῷ
1476 3636 1488 3650 ο
1531 3620 1625 3671 καὶ
1657 3621 1859 3688 μᾶλλον

283 3711 368 3762 ὅτι
407 3711 562 3763 τοῦτο
602 3710 754 3782 παρὰ
788 3716 870 3764 σο¹ι
910 3713 1158 3781 κρίνεται
1193 3715 1251 3765 ἐν
1282 3715 1394 3777 τοῖς
1437 3714 1858 3782 βασιλείοις.Ἐί

282 3806 393 3873 γὰρ
441 3804 491 3856 oi
525 3804 670 3871 φίλοι
719 3804 796 3872 τῷ
857 3802 1071 3873 βασιλεί
1116 3804 1503 3873 πλησιάζουσι,
1559 3805 1740 3875 πολλῴ
1792 3822 1858 3875 γε

286 3896 489 3961 μᾶλλον
542 3894 710 3961 ἐγγὺς
762 3893 975 3945 ἔσονται
1027 3892 1123 3945 τοῦ
1185 3891 1320 3945 Θεοῦ
1366 3895 1417 3945 οῖ
1468 3895 1614 3963 φίλοι
1664 3897 1856 3952 αὑτοῦ.

286 3985 502 4039 Πταξων
527 3981 641 4050 οὖν,
669 3985 974 4055 προσέρχου
995 3984 1068 4046 ὡς
1105 3983 1341 4048 πταίων,
1369 3985 1463 4038 καὶ
1498 3988 1575 4057 μὴ
1608 3989 1715 4056 πρὸ
1750 4005 1852 4056 μο-

283 4076 461 4144 waxth
495 4076 678 4145 ἔρχου,
730 4076 1278 4145 καταθρασυνόμενος
1312 4075 1531 4129 αὐτῶν·
1584 4080 1708 4131 ἐπεὶ
1762 4081 1856 4135 καὶ

280 4163 423 4220 είόον
450 4168 875 4235 εὐγενεστάτους
904 4169 1045 4221 κατὰ
1073 4168 1280 4235 κόσμον
1304 4169 1438 4235 ἐγὼ,
1469 4171 1669 4237 σοφοὺς
1693 4171 1857 4236 ὂντας

280 4258 351 4309 τὰ.
377 4257 518 4322 θεῖα,
561 4255 773 4310 ἑαυτῶν
811 4258 1078 4327 μοναχοὺς
1114 4258 1333 4320 ἰδιώτας
1364 4263 1766 4330 προκρίνοντας
1799 4266 1859 4318 ἐν

279 4348 363 4418 τῷ
414 4349 813 4418 προσέρχεσθαι
858 4348 936 4419 τῷ
983 4367 1043 4403 τε
1084 4348 1386 4419 ἁντιδώρῳ,
1424 4354 1516 4405 καὶ
1548 4356 1662 4417 τοῖς
1699 4358 1856 4423 ἡγια-

285 4438 502 4507 σμένοις
535 4437 691 4492 ὕδασι
712 4454 726 4468 ο
755 4438 892 4508 μηδὲ
921 4439 1030 4493 τῶν
1055 4441 1340 4509 κληρικῶν
1366 4440 1563 4495 ἑαυτὸν
1583 4443 1853 4514 προτίθει,

1963 3250 2109 3314 ρΙθιι,
2141 3250 2262 3305 vide
2292 3251 2416 3318 quis
2444 3266 2509 3304 ex
2546 3251 2702 3306 laicis
2737 3252 2933 3304 melior
2965 3260 3017 3305 te
3048 3246 3143 3317 sit,
3173 3252 3300 3320 quis
3360 3252 3549 3320 purior

1964 3342 2092 3410 (non
2129 3342 2275 3394 enim
2311 3353 2395 3395 est
2424 3342 2679 3410 acceptio
2701 3356 2949 3410 personae
2978 3344 3120 3412 apud
3148 3343 3342 3412 Deum)
3369 3383 3383 3406 ,
3418 3360 3548 3397 nec-

1963 3449 2070 3487 non
2105 3435 2227 3503 quis
2255 3434 2327 3486 sit
2355 3434 2526 3503 magis
2552 3434 2763 3488 amicus
2788 3431 2901 3490 Deo
2934 3449 3097 3504 quam
3133 3445 3214 3501 tu,
3239 3437 3545 3505 praesertim

1961 3541 2127 3593 quum
2164 3527 2267 3600 hoc
2302 3526 2443 3580 bene
2477 3528 2765 3583 discernas
2800 3526 2854 3580 in
2890 3528 3096 3599 regiis;
3130 3543 3257 3582 nam
3291 3530 3337 3583 si
3376 3531 3540 3586 amici

1964 3618 2031 3669 ad
2070 3632 2251 3685 regem
2303 3619 2723 3689 approximant,
2778 3631 2988 3690 quanto
3042 3622 3216 3692 magis
3268 3622 3379 3678 Deo
3420 3638 3550 3694 pro-

1962 3708 2142 3777 piores
2178 3720 2344 3763 erunt
2374 3711 2536 3765 amici
2573 3713 2711 3782 ejus.
2748 3711 2935 3787 Itaque
2967 3724 3227 3782 peccator
3257 3716 3457 3770 accede
3490 3728 3548 3770 ut

1962 3811 2241 3869 peccator,
2276 3816 2457 3871 neque
2492 3812 2619 3856 ante
2654 3804 2953 3858 monachos
2970 3800 3205 3860 ‘ainbula
3241 3820 3336 3860 eos
3361 3821 3547 3873 asper-

1963 3901 2160 3957 natus;
2197 3893 2305 3946 vidi
2345 3906 2447 3961 cgo
2492 3892 2787 3947 nobiliores
2835 3894 3135 3949 secundum
3181 3898 3443 3950 mundum
3481 3898 3548 3953 de

1961 3983 2168 4036 divinis
2197 3984 2474 4053 sapientes
2513 3984 2618 4039 sibi
2653 3985 2949 4041 monachos
2994 3986 3194 4043 idiotas
3226 4003 3547 4057 praeponere

1960 4075 2091 4128 dum
2165 4075 2487 4130 accederent
2521 4076 2588 4130 ad
2629 4077 2936 4132 antidorum
2969 4079 3046 4151 (l)
3089 4079 3169 4134 vel
3240 4082 3308 4135 ad
3374 4096 3546 4148 aquas

1967 4165 2374 4231 sancttiicatas;
2409 4181 2583 4235 neque
2618 4171 2960 4238 temetipsum
2996 4169 3215 4226 clericis
3250 4163 3559 4242 antepone,

1960 4254 2055 4307 sed
2087 4268 2246 4309 mane
2274 4256 2326 4309 in
2360 4254 2554 4311 ordine
2587 4258 2641 4311 in
2674 4272 2784 4325 quo
2818 4261 3052 4315 versaris
3080 4300 3094 4324 ,
3125 4271 3180 4315 et
3207 4276 3332 4315 cum
3369 4265 3544 4317 hinni-

1958 4346 2108 4399 litate
2137 4346 2324 4401 asside
2351 4356 2404 4401 et
2433 4356 2514 4402 sta
2545 4386 2562 4411 ,
2596 4360 2649 4403 et
2694 4351 2761 4403 ad
2794 4348 3081 4405 Dominum
3116 4353 3313 4422 accede
3339 4394 3355 4418 ,
3405 4372 3548 4423 quo-

1960 4440 2106 4490 niam
2164 4455 2183 4489 ι
2247 4438 2543 4504 Dominus,
2589 4444 2706 4506 ait,
2756 4442 3011 4509 superbis
3091 4446 3330 4509 resistit,
3371 4446 3549 4504 Ιιιιιιιὶ-⁸

283 4531 398 4584 ἀλλ’
431 4534 488 4582 ἐν
527 4533 594 4601 τῇ
638 4529 791 4594 τάξει
847 4529 977 4596 μένε
1014 4532 1071 4583 ἐν
1124 4526 1159 4605 ᾖ
1200 4531 1525 4601 τυγχάνεις,
1580 4536 1675 4586 καὶ
1722 4538 1856 4603 μετὰ

1968 4531 2108 4585 libus
2160 4542 2342 4587 autem
2370 4533 2464 4590 dat
2510 4535 2766 4604 gratiam.
2802 4556 2820 4585 ι
2857 4534 2961 4590 Sed
2997 4534 3103 4593 ista
3161 4540 3380 4609 quidem
3409 4544 3546 4596 satis

282 4619 664 4681 ταπεινώσεως
710 4618 970 4684 καθέζου,
1007 4622 1104 4674 καὶ
1138 4623 1350 4688 ἵστασο,
1396 4623 1493 4676 καὶ
1534 4623 1612 4693 τῷ
1664 4626 1858 4694 Κυρίῳ

286 4707 615 4778 προσέρχου.
650 4708 772 4761 Ὅτι
812 4707 1044 4777 «Κύριος
1070 4710 1462 4780 ὑπερηφάνοις,
1492 4715 1678 4781 φησὶν,
1712 4715 1854 4765 ἀντιι

283 4803 565 4854 τάσσεται·
585 4802 861 4862 ταπεινοῖς
890 4801 946 4853 δὲ
971 4800 1158 4854 δίδωσι
1186 4804 1370 4872 χάριν.
1387 4822 1404 4854 ι
1449 4803 1592 4857 Ἀλλ’
1619 4805 1858 4875 ἀρκείτω

287 4893 386 4962 μὲν
412 4892 584 4946 ταῦτα
626 4891 767 4961 ὑπὲρ
795 4892 894 4955 τῆς
932 4892 991 4942 ὲν
1024 4895 1090 4961 τῇ
1131 4894 1252 4963 ἱερᾷ
1298 4892 1597 4966 Ἐκκλησία
1626 4880 1855 4961 τάξεως,

283 4985 383 5051 τῆς
405 4985 496 5035 τὸν
526 4982 755 5053 οὐρανὸν
795 4983 1167 5053 μιμουμένης,
1206 4984 1300 5037 καὶ
1329 4987 1431 5054 τῆς
1464 4988 1594 5056 περὶ
1643 4989 1712 5040 τὰ
1736 4988 1859 5042 θεῖα

288 5074 594 5139 εὐλαὸεἱας.
628 5074 739 5127 Τοῦ
787 5074 846 5128 δὲ
882 5076 1079 5145 νεκροῦ
1111 5076 1363 5140 τεθέντος
1398 5081 1541 5131 κατὰ
1593 5080 1776 5146 τάξιν,
1818 5081 1847 5131 6

289 5167 464 5233 ἱερεὺς
497 5166 712 5232 εὐλογεῖ
740 5169 832 5218 τὸν
860 5166 1012 5220 Θεό-δ.
1039 5169 1149 5220 Καὶ
1179 5168 1287 5237 γὰρ
1312 5170 1437 5223 τότε
1467 5170 1628 5223 τοῦτο
1654 5171 1856 5241 μᾶλλον

285 5258 733 5328 ἀναγκαιότερον,
764 5258 1106 5324 εὐλογεῖσθαι
1128 5260 1221 5312 τὸν
1253 5259 1474 5328 Κύριον,
1496 5265 1577 5324 εἰς
1613 5263 1674 5315 τὸ
1703 5264 1857 5328 τέλος

282 5349 378 5401 τοῦ
411 5349 614 5418 δρόμου
648 5350 739 5401 τὸν
762 5347 1053 5417 ἄνθρωπον
1085 5351 1392 5416 ἀγαγόντα,
1423 5355 1519 5405 καὶ
1544 5352 1644 5422 τὴν
1671 5354 1854 5425 ψυχὴν

284 5440 455 5494 αὑτοῦ
497 5440 840 5508 δεδεγμένον,
875 5442 970 5491 καὶ
1004 5442 1065 5491 τὸ
1100 5441 1258 5509 σῶμα
1287 5446 1352 5513 τῇ
1388 5447 1458 5514 γῇ
1486 5444 1723 5512 διδόντα,
1759 5448 1857 5501 καὶ

281 5533 373 5584 διὰ
422 5530 520 5583 τοῦ
581 5530 839 5598 θνήσκειν
875 5529 977 5597 τὴν
1035 5532 1313 5600 προσοχὴν
1371 5535 1503 5604 ἡμῖν
1558 5536 1854 5603 δεδωκότα,

283 5624 380 5676 καὶ
415 5622 524 5674 ἀπὸ
557 5618 656 5685 τῆς
692 5618 839 5688 ζωῆς
872 5620 1077 5691 ταύτης
1111 5623 1193 5685 εις
1224 5624 1393 5695 ἄλλην
1438 5626 1585 5696 ζωὴν
1630 5646 1856 5699 μετατι.

1963 4621 2075 4676 sint
2130 4624 2195 4676 de
2262 4626 2453 4680 ordine
2517 4627 2570 4679 in
2618 4637 2806 4681 sancta
2868 4628 3106 4683 Ecclesia
3164 4632 3364 4686 uelum
3421 4634 3545 4687 imis

1964 4721 2113 4768 tante
2165 4724 2220 4769 et
2279 4718 2345 4771 de
2407 4719 2669 4787 religione
2745 4721 2890 4773 circa
2965 4721 3146 4776 divina
3216 4727 3541 4781 exercenda.

1962 4802 2133 4858 Porro
2162 4817 2381 4861 mortuo
2429 4811 2731 4864 secundum
2769 4811 3014 4868 ordinem
3051 4816 3311 4885 reposito,
3364 4833 3546 4872 sacer-4

1964 4897 2064 4947 dus
2114 4897 2387 4953 benedicit
2444 4901 2653 4966 Deum,
2691 4905 2794 4958 hoc
2856 4905 3004 4960 enim
3060 4908 3191 4962 tunc
3243 4918 3326 4963 est
3370 4912 3543 4980 magis

1966 4990 2334 5044 necessarium
2405 4992 2570 5048 Deum
2620 4997 2943 5053 benedicere
3000 5001 3091 5069 qui
3158 5001 3433 5056 hominem
3477 5007 3541 5057 ad

1966 5090 2166 5134 metam
2190 5097 2388 5139 cursus
2421 5087 2665 5154 adduxit,
2695 5090 2934 5146 animam
2972 5093 3091 5161 ejus
3122 5097 3383 5164 suscepit,
3421 5112 3545 5149 cora

1964 5183 2069 5239 pus
2096 5180 2258 5226 terrae
2282 5179 2605 5247 committit,
2669 5196 2763 5248 per
2799 5191 3030 5238 mortem
3082 5201 3183 5241 nos
3211 5186 3543 5255 vigilantiam

1963 5265 2172 5329 docuit,
2204 5266 2273 5320 ab
2318 5270 2419 5322 hac
2457 5269 2565 5324 vita
2624 5273 2678 5325 in
2732 5271 2956 5329 al‘teram
3011 5278 3175 5331 \itam
3239 5279 3541 5339 transtulit.

1968 5354 2178 5409 scilicet
2208 5364 2492 5425 aeternam,
2529 5377 2856 5434 poenamque
2906 5368 2959 5418 iu
2992 5366 3339 5421 beneiactum
3394 5386 3547 5423 com~

1968 5447 2223 5510 mutavit,
2279 5453 2571 5520 principue
2618 5457 2878 5523 quoniam
2949 5458 3062 5527 ipse
3126 5460 3441 5515 incarnatus
3491 5471 3547 5516 et

1965 5554 2067 5609 pro
2114 5544 2270 5597 nobis
2315 5558 2569 5603 mortuus
2599 5550 2950 5604 resuscitavit
2978 5561 3032 5606 et
3061 5552 3243 5609 salvos
3293 5554 3456 5618 fecit,
3491 5569 3545 5611 et

1968 5632 2168 5689 iterum
2200 5640 2573 5710 resuscitabit,
2608 5653 2682 5711 et,
2710 5645 2968 5716 quoniam
3006 5645 3185 5703 bonus
3217 5657 3321 5717 est,
3365 5652 3548 5707 salva-

299 5853 303 5858 ,
360 5799 437 5873 (ι)
473 5798 530 5855 id
567 5809 676 5865 est,
706 5815 903 5868 panem
940 5802 1458 5868 prmsanctiﬁcatum
1486 5808 1579 5877 qui
1613 5809 1818 5880 populo
1856 5816 1983 5879 post
2015 5810 2236 5868 missam
2276 5814 2644 5876 dividebatur.

604 5898 872 5957 Prmon.
906 5894 1022 5956 Gn.
1062 5894 1231 5958 CLV.

3073 5913 3150 5977 22
