4026 6274
535 384 642 447 £83

1371 378 1756 440 SYMEONIS
1797 367 2429 437 TllESSALONlCEN
2443 366 2559 426 SIS
2596 363 2954 426 ARCHIEP.

3718 352 3818 416 684

530 501 633 557 bit.
664 497 833 571 Igitur
886 505 1138 553 cantores
1167 495 1348 551 statim
1406 496 1644 550 similem
1693 503 1918 548 cantum
1967 492 2101 560 adji.

2215 490 2462 559 θέμενον,
2511 484 2611 555 τὴν
2648 484 2846 565 άῖδιον,
2883 478 2979 534 καὶ
3024 477 3196 540 ὅντως
3239 471 3587 528 τετελεκότα
3627 470 3816 539 φιλανε

531 593 726 646 ciunt:
760 588 1120 644 «Benedictus
1153 603 1237 655 es,
1259 587 1505 652 Domine,
1536 587 1670 641 doce
1700 601 1787 640 me
1829 585 2096 655 justitica-

530 683 707 737 tiones
746 690 922 735 tuas.»
966 679 1026 733 Et
1057 680 1259 734 deinde
1313 679 1613 733 recitantur
1667 676 1861 747 psalmi
1894 677 1963 730 ab
1990 675 2099 730 isto

531 771 857 843 incipientes
890 790 903 826 :
934 771 1083 825 Beati
1117 771 1476 830 immaculati.
1509 770 1600 838 qui
1643 769 1698 822 in
1741 777 1853 824 tres
1893 767 2089 821 statio-

530 880 625 919 nes
647 863 966 918 dividuntur
999 864 1053 917 in
1077 862 1291 929 signum
1331 863 1675 931 gloriamque
1705 861 1871 915 simul
1915 859 2101 914 Trini-

530 958 679 1011 tatis.
726 955 789 1008 lli
846 970 976 1009 vero
1015 956 1208 1024 psalmi
1269 953 1572 1008 Salvatoris
1626 953 2097 1008 conversationem

531 1046 914 1117 prieseribunt,
970 1054 1397 1112 sanctorumque
1445 1044 1613 1098 vitam
1651 1043 1872 1112 in-qua
1914 1043 2100 1096 omnis

530 1142 613 1192 vir
638 1139 929 1207 religiosus
959 1138 1142 1191 vivere
1173 1138 1353 1191 debet.
1404 1138 1471 1188 At
1503 1137 1557 1191 in
1590 1135 1836 1206 qualibet
1865 1135 2103 1191 statione

531 1232 707 1285 oratio
738 1230 795 1282 [it
830 1229 899 1283 ah
930 1228 1186 1282 omnibus
1213 1227 1615 1289 sacerdotibus,
1649 1235 1703 1281 et
1738 1242 1934 1281 rursus
1966 1226 2103 1281 inci-

526 1322 760 1391 piuntur
786 1320 1003 1389 psalmi,
1048 1318 1195 1373 dicto
1234 1319 1447 1373 alleluia
1481 1319 1534 1372 in
1570 1318 1799 1388 singulis
1823 1319 2100 1377 versibus,

533 1410 675 1487 quod
702 1426 828 1464 cum
862 1409 1130 1478 significet
1163 1408 1316 1463 Venit
1356 1409 1632 1474 Dominus,
1661 1410 1961 1465 secundum
1985 1410 2106 1477 ejus

531 1502 823 1553 adventum
859 1500 1099 1552 ostendit
1143 1498 1196 1551 in
1252 1511 1363 1566 quo
1418 1511 1689 1566 apparens
1759 1511 1859 1550 nos
1913 1511 2106 1549 onines

534 1591 885 1647 resuscitabit
924 1598 1191 1644 mortuos.
1243 1587 1347 1641 Sed
1401 1599 1455 1641 et
1489 1594 1541 1641 In
1592 1588 1695 1641 alia
1738 1588 1974 1641 statione
2017 1587 2104 1639 di-

531 1686 671 1736 citur
706 1699 721 1738 :
756 1682 864 1734 alia
905 1682 1145 1750 requiem
1181 1696 1340 1734 servo
1367 1691 1512 1734 tuo»
1554 1679 1691 1733 Elin
1720 1680 1825 1732 alia
1858 1699 1869 1732 :
1912 1678 2106 1731 «Mise-

530 1790 651 1829 rere
682 1777 809 1835 mei,
839 1775 1034 1838 Deus,»
1068 1781 1322 1841 tanquam
1348 1786 1408 1824 ex
1429 1783 1663 1839 persona
1685 1771 1959 1841 jacentis;
1991 1784 2109 1838 quia

2210 579 2456 651 θρωπίαν
2497 579 2594 647 τὴν
2632 563 2907 642 τιμωρίαν
2940 586 2953 601 ’
2987 571 3079 623 καὶ
3113 566 3315 637 μᾶλλον
3355 566 3442 618 ὅτι
3495 563 3815 632 σαρκωθεὶς

2219 664 2397 734 οὗτος,
2423 668 2517 720 καὶ
2548 663 2837 720 ἀποθανὼν
2867 661 3010 731 ὑπὲρ
3033 657 3388 729 ἡμῶν,ἠμᾶς
3421 652 3720 722 ἀνέστησέ
3759 669 3813 702 τε

2210 763 2305 817 καὶ
2333 762 2507 814 ἔσωσε
2526 774 2541 790 ο
2569 756 2664 810 καὶ
2687 756 2849 809 πάλιν
2874 753 3144 820 ἐξεγερεῖ,
3174 750 3273 803 καὶ
3301 747 3377 811 ὡς
3403 746 3815 815 φιλάνθρωπος

2213 854 2399 909 σώσει.
2434 852 2607 913 Εὐθὺς
2635 848 2728 903 οὐν
2760 847 2854 899 καὶ
2885 847 2935 898 οἱ
2966 845 3267 914 ψάλλοντες
3291 841 3390 910 τὴν
3415 837 3641 908 ὁμοίαν
3672 835 3814 906 ᾠδὴ-ι

2212 946 2585 1016 ἐπιφέρουσιν,
2617 961 2636 994 ι
2676 939 2984 1008 Εὐλογητὸς
3015 932 3094 995 εἷ.
3126 935 3335 1005 Κύριε·
3371 928 3611 996 δίδαξόν
3658 946 3729 997 με
3751 943 3818 979 τα

2209 1038 2561 1107 δικαιώματά
2615 1050 2735 1087 σου.
2795 1051 2814 1085 ι
2879 1030 2990 1085 Καὶ
3031 1030 3081 1082 οί
3129 1026 3353 1094 Ψαλμοὶ
3407 1023 3513 1076 τοῦ
3575 1021 3814 1091 ἀμώμου

2163 1162 2167 1166 ι
2211 1129 2413 1199 ἐφεξῆς
2443 1128 2829 1195 ἐπιλέγονται·
2872 1123 2969 1177 καὶ
3003 1125 3084 1185 εἰς
3123 1121 3343 1180 στάσεις
3366 1116 3530 1170 οὗτοι
3568 1115 3816 1179 γίνονται

2211 1222 2388 1290 τρεῖς,
2446 1220 2524 1277 είς
2584 1215 2754 1271 τύπον
2781 1215 2900 1284 ἅμα
2956 1216 3051 1267 καὶ
3078 1210 3237 1277 δόξαν
3290 1210 3389 1278 τῆς
3441 1204 3721 1275 Τριάδος.
3754 1202 3814 1255 Οί

2210 1312 2438 1387 Ψαλμοὶ
2459 1311 2518 1364 δὲ
2550 1304 2698 1363 οὗτοι
2735 1309 2847 1377 τήν.
2866 1322 2925 1359 τε
2966 1304 3250 1357 πολιτείαν
3279 1294 3699 1387 προγράφουῦι
3722 1290 3814 1345 τοῦ

2216 1383 2492 1474 Σωτῆρος,
2532 1401 2629 1454 καὶ
2660 1401 2759 1469 τὴν
2793 1400 2900 1451 τῶν
2948 1397 3121 1464 ἁγίων
3164 1393 3334 1462 ζωὴν,
3383 1392 3444 1442 ὲν
3562 1389 3663 1440 καὶ
3715 1386 3817 1449 πᾶς

2214 1497 2422 1565 ὀφείλει
2448 1495 2610 1564 ζῆσαι
2657 1493 2768 1545 τῶν
2803 1489 3064 1542 εὐσεϐῶν.
3108 1487 3196 1539 Ἐν
3250 1485 3460 1551 ἑκάστῃ
3512 1481 3576 1533 δὲ
3629 1478 3815 1531 στάσει

2218 1588 2497 1659 προσευχὴ
2540 1585 2692 1654 παρὰ
2725 1582 2947 1635 πάντων
2980 1579 3095 1651 τῶν
3154 1576 3348 1646 ἱερέων
3392 1574 3667 1640 γίνεται’
3722 1569 3813 1623 καὶ

2220 1684 2381 1735 πάλιν
2422 1681 2686 1749 ἄρχονται
2718 1677 2766 1729 οἱ
2796 1673 3045 1742 Ψαλμοὶ,
3080 1675 3139 1722 ὲν
3182 1670 3401 1736 ἑκάστῳ
3440 1666 3628 1735 στίχῳ
3664 1664 3814 1729 λεγο-

2223 1774 2384 1841 μένου
2413 1769 2505 1823 τοῢ
2570 1766 2910 1836 Ἀλληλούῖα.
2945 1764 3010 1815 Ὃ
3039 1762 3100 1814 τὸ
3152 1762 3433 1828 Ἔρχεται
3461 1757 3750 1825 σημαῖνον
3777 1755 3809 1805 ὁ

533 1879 617 1922 cst
641 1868 868 1920 omnino
907 1866 1124 1934 propria
1160 1872 1215 1917 et
1258 1864 1505 1931 perutilis
1533 1861 1726 1915 oratio.
1760 1859 1957 1915 Preces
1987 1875 2112 1913 vero

2226 1866 2467 1930 Κύριος,
2512 1860 2610 1931 τὴν
2657 1858 2963 1928 παρουσίαν
3001 1853 3167 1908 αὐτοῦ
3197 1854 3348 1924 δηλοῖ
3375 1850 3483 1922 τὴν
3514 1850 3809 1918 δευτέραν,

536 1960 880 2013 sacerdotum
918 1956 997 2009 sic
1032 1956 1206 2010 ﬁunt:
1245 1956 1538 2014 Diacnnns,
1588 1962 1804 2020 sumpto
1833 1953 2109 2006 thurihulo

537 2055 804 2117 tnui-eque
856 2047 1135 2116 imposito,
1164 2054 1217 2100 et
1249 2043 1626 2099 benedictione
1653 2060 1681 2095 a
1713 2044 1996 2098 sacerdote
2020 2058 2111 2095 ac-

534 2152 711 2211 cepta,
755 2153 862 2195 stat
901 2141 955 2194 in
993 2139 1172 2194 medio
1211 2138 1277 2192 ad
1336 2147 1498 2206 caput
1542 2137 1788 2203 iacentis,
1826 2144 1881 2189 et
1944 2151 2113 2201 super

536 2250 735 2302 mrpus
795 2234 1425 2299 incensans,tanquam
1495 2244 1593 2298 pro
1664 2244 1732 2283 eo
1789 2230 2111 2297 deprecans,

492 2337 511 2349 '
537 2332 753 2396 lieoque
796 2327 1084 2381 incensum
1133 2322 1412 2387 oﬁerens,
1467 2337 1601 2375 voee
1630 2321 1741 2375 alta
1792 2320 1967 2374 dicit:
2005 2320 2106 2374 «Et

537 2435 681 2474 nunc
720 2432 938 2488 quoque
990 2417 1279 2471 Dominum
1315 2429 1556 2476 oremus,
1596 2434 1612 2463 ι
1669 2427 1772 2467 nos
1812 2413 2013 2467 docens
2047 2426 2110 2465 ex

535 2522 707 2568 morte
736 2527 858 2581 quae
892 2498 1205 2579 supe‘rt'enit
1264 2523 1388 2562 eum
1458 2507 1566 2561 Deo
1624 2505 1968 2560 reconciliari
2021 2505 2115 2558 de-

536 2609 681 2669 bere,
727 2603 988 2672 quoniam
1041 2616 1142 2655 nos
1175 2613 1395 2668 quoque
1448 2600 1776 2659 moriemur,
1818 2606 1986 2665 utque
2024 2611 2112 2649 re-

535 2695 811 2752 conciliati
853 2708 951 2763 pro
1001 2693 1216 2762 jacente
1280 2693 1663 2759 deprecemur,
1697 2690 1770 2742 ita
1805 2696 1862 2741 ut
1927 2687 2114 2756 aliquo

538 2792 695 2851 modo
726 2805 822 2859 per
855 2788 1160 2841 orationem
1208 2784 1256 2839 ei
1292 2784 1554 2851 prodesse
1606 2781 1901 2850 possimus,
1947 2787 2115 2845 utque

540 2894 639 2947 pax
667 2878 736 2931 sit
754 2878 801 2930 ei
827 2892 949 2931 cum
981 2876 1070 2929 Dei
1099 2874 1295 2945 gratia.
1317 2872 1518 2926 Deinde
1554 2888 1650 2940 pro
1683 2872 1871 2940 requie
1910 2871 2109 2925 animae

537 2969 803 3035 defuncti,
839 2982 1048 3021 necnon
1114 2977 1172 3019 ut
1199 2964 1546 3020 dimittantur
1583 2963 1630 3018 ei
1671 2968 1857 3016 omnia
1886 2970 2111 3031 peccata

535 3064 653 3130 ejus
684 3060 1063 3128 Demiuusque
1097 3058 1336 3112 animam
1363 3059 1481 3127 ejus
1512 3056 1742 3110 colloret
1775 3056 1830 3109 in
1866 3055 2110 3123 requiem

528 3158 826 3224 justorum.
857 3151 921 3206 Et
942 3167 1134 3206 omnes
1157 3166 1263 3205 una
1285 3166 1418 3205 voce
1441 3150 1789 3204 utilissimam
1809 3149 2113 3202 Orationem

2223 1958 2279 2007 ὲν
2381 1954 2574 2021 φανεὶς
2606 1951 2970 2018 ὲξαναστήσει
3005 1948 3217 2010 πάντας
3243 1947 3393 2015 ἡμᾶς
3430 1944 3807 2011 τεθνηκότας.

2230 2045 2393 2100 Ἀλλὰ
2449 2044 2543 2098 καὶ
2573 2045 2633 2098 ὲν
2664 2047 2732 2113 τῇ
2763 2043 2897 2112 ἄλλῃ
2927 2041 3113 2095 στάσει
3147 2041 3231 2109 τὸ,
3264 2058 3284 2092 ι
3331 2038 3693 2092 Ἀνάπαυσον
3721 2035 3806 2085 τὸν

2219 2137 2404 2191 δοῦλόν
2453 2153 2570 2199 σου,
2614 2154 2633 2187 ι
2690 2135 2932 2204 λέγεται.
2982 2133 3092 2187 Καὶ
3126 2135 3193 2203 τῇ
3227 2133 3410 2203 ἑτέρᾳ,
3463 2150 3487 2182 α
3558 2129 3809 2196 Ἐλέησόν

2224 2243 2313 2297 με,
2368 2225 2564 2296 Κύριε,
2605 2244 2623 2278 ι
2662 2224 2739 2288 ὡς
2775 2224 2884 2278 άπὸ
2936 2223 3236 2292 προσώπου
3292 2221 3390 2275 τοῦ
3443 2221 3804 2290 κειμένου,ή

2219 2321 2530 2389 οίκειοτάτη
2590 2320 2688 2372 καὶ
2742 2318 3030 2388 ὲπωφελὴς
3087 2319 3391 2388 προσευχὴ.
3463 2317 3543 2370 Ἦ
3598 2316 3656 2369 δὲ
3702 2314 3806 2368 τῶν

2222 2413 2416 2480 ἱερέων
2455 2411 2589 2482 εὐχὴ
2637 2412 2850 2480 γίνεται
2889 2411 3031 2465 οὕτω
3055 2426 3070 2444 ο
3105 2410 3377 2473 Λαϐόντος
3406 2409 3676 2463 διακόνου
3716 2408 3803 2461 θυ-

2220 2503 2531 2573 μιατήριον,
2565 2502 2659 2556 καὶ
2689 2502 2943 2572 θυμίαμα
2967 2501 3327 2572 ἐμϐαλόντος,
3358 2500 3457 2553 καὶ
3492 2500 3659 2570 παρὰ
3706 2498 3798 2552 τοῦ

2220 2596 2409 2663 ἱερέως
2438 2593 2694 2662 εὐλογίαν
2721 2592 3001 2656 λαϐόντος,
3026 2593 3167 2660 πρὸς
3194 2594 3261 2661 τῇ
3291 2592 3509 2662 κεφαλῇ
3548 2592 3649 2645 τοῦ
3695 2607 3800 2643 κει-

2220 2687 2383 2756 μένου
2436 2687 2577 2739 κατὰ
2632 2684 2695 2738 τὸ
2744 2684 2909 2754 μέσον
2941 2685 3185 2739 -ἴσταται
3221 2677 3397 2745 οὗτος.
3434 2686 3556 2738 Καὶ
3595 2683 3801 2753 θυμιῶν

2217 2781 2496 2836 ὲπάνωθεν
2526 2779 2620 2833 τοῦ
2661 2779 2940 2850 λειψάνου,
2994 2780 3071 2844 ὡς
3112 2779 3253 2849 ὑπὲρ
3299 2780 3467 2833 αὐτοῦ
3500 2777 3801 2850 προσευχό-

2221 2887 2400 2938 μενος,
2436 2871 2531 2922 καὶ
2563 2869 2641 2939 τῷ
2689 2869 2811 2940 Θεῷ
2839 2871 3170 2941 προσφέρων
3202 2870 3479 2940 θυμίαμα,
3535 2871 3798 2939 ὲκφώνως

2217 2960 2403 3030 φησιν,
2443 2979 2461 3012 ι
2501 2961 2622 3012 Ἔτι
2651 2962 2749 3014 καὶ
2776 2961 2857 3013 ἔτι
2892 2963 2949 3013 ἐν
2987 2962 3184 3033 είρήνῃ
3216 2961 3311 3015 τοῦ
3350 2963 3568 3030 Κυρίου
3599 2959 3797 3030 δεηθῶ-

2220 3070 2320 3121 μεν
2348 3068 2361 3083 ·
2424 3071 2442 3102 ι
2474 3051 2570 3128 διὰ
2590 3053 2683 3104 τοῦ
2711 3052 3011 3121 προϐάντος
3042 3053 3274 3107 θανάτου
3304 3054 3404 3122 τὴν
3431 3055 3790 3121 καταλλαγὴν

2215 3144 2574 3209 ἐκδιδάσκων,
2625 3144 2701 3207 ὡς
2741 3144 2836 3197 καὶ
2889 3145 3051 3215 ἡμεῖς
3103 3143 3499 3214 τεθνηξόμεθα,
3553 3144 3652 3198 καὶ
3710 3143 3791 3195 ἵνα

533 3252 773 3303 clamant
803 3262 816 3299 :
856 3245 1086 3315 «Kyrie,
1119 3245 1387 3299 eleison.»
1416 3242 1689 3297 Diaeonus
1722 3250 1902 3295 autem
1926 3254 2117 3293 omnes

2218 3236 2604 3304 διηλλαγμένοι
2640 3235 2784 3305 ὑπὲρ
2834 3235 2929 3290 τοῦ
2959 3238 3218 3304 κειμένου
3251 3237 3571 3306 εὐχώμεθα,
3604 3238 3698 3291 καὶ
3724 3236 3796 3297 ὡς

535 3341 784 3391 hortatur
815 3346 872 3388 ut
900 3351 928 3388 a
962 3334 1182 3388 Christo
1216 3335 1358 3387 dona
1411 3333 1804 3387 misericordiae
1867 3330 1984 3399 ejus
2026 3330 2112 3399 ja-

534 3428 676 3481 centi
712 3424 1081 3492 expostulent,
1104 3421 1353 3476 videlicet
1381 3436 1604 3490 regnum
1646 3421 1909 3476 caelorum
1935 3428 1991 3474 et
2021 3435 2109 3474 re-

536 3518 854 3574 missionem
886 3522 1254 3580 peccatorum.
1278 3513 1545 3567 Sacerdos
1569 3529 1699 3568 vero
1727 3514 1904 3582 primo
1929 3528 2109 3568 secre-

537 3622 646 3663 tam
684 3606 985 3660 orationem
1054 3621 1179 3659 cum
1240 3603 1439 3673 pietate
1494 3606 1601 3658 Deo
1637 3603 1897 3670 oﬂ‘ereus,
1945 3602 2112 3659 Deum

536 3699 824 3770 spirituum
857 3713 984 3752 eum
1019 3697 1548 3767 appellans,scilicet
1579 3698 1892 3767 angelorum
1921 3705 1975 3749 et
1999 3695 2115 3748 aui-

2219 3328 2283 3381 ἂν
2343 3330 2488 3380 κατά
2542 3346 2593 3381 τι
2647 3329 2810 3381 αὐτὸν
2857 3330 2925 3398 τῇ
2957 3328 3091 3398 εὐχῇ
3143 3329 3547 3400 ὠφελήσωμεν,
3578 3328 3672 3383 καὶ
3710 3327 3791 3380 ἵνα

2215 3420 2404 3490 είρήνη
2435 3420 2583 3488 αὐτῷ
2622 3420 2848 3488 γένηται
2881 3420 3021 3489 μετὰ
3044 3420 3139 3472 τοῦ
3168 3420 3304 3473 Θεοῦ
3329 3422 3790 3490 καταλλαγέντος.

2220 3512 2452 3565 Ἔπειτα
2498 3512 2638 3583 ὑπὲρ
2672 3515 2775 3582 τῆς
2824 3511 3192 3576 ἀναπαύσεως
3236 3512 3461 3583 εὔχεται
3493 3514 3595 3582 τῆς
3620 3513 3792 3583 ψυχῆς

2215 3601 2312 3654 τοῦ
2371 3603 2809 3673 κεκοιμημένον,
2868 3605 2967 3657 καὶ
3015 3604 3158 3674 ὑπὲρ
3215 3604 3310 3658 τοῦ
3372 3605 3787 3678 συγχωρηθῆναι

2217 3693 2368 3760 αὐτῷ
2394 3694 2575 3748 πάντα
2605 3695 2674 3748 τά
2715 3695 3195 3776 πλημμελήματα,
3241 3698 3339 3750 καὶ
3382 3698 3536 3761 ὅπως
3587 3697 3784 3766 Κύριος

536 3806 771 3853 marum,
826 3790 1006 3844 carnis
1040 3791 1215 3842 ouinis
1242 3804 1438 3857 nempe
1474 3789 1767 3842 hominum
1821 3801 2118 3856 corporeo-

2216 3786 2353 3857 τάξῃ
2378 3786 2479 3857 τὴν
2507 3787 2686 3857 ψυχὴν
2731 3786 2900 3840 αὐτοῦ
2932 3788 3014 3849 είς
3048 3787 3144 3857 τὴν
3191 3788 3504 3843 ἀνάπαυσιν
3559 3790 3667 3844 τῶν
3716 3788 3788 3839 δι-

539 3898 681 3946 ruin,
715 3882 806 3950 qui
858 3889 1030 3935 morte
1059 3890 1286 3934 mortem
1322 3879 1612 3945 destruxit,
1652 3891 1707 3934 et
1763 3895 1859 3946 per
1893 3892 2112 3934 crucem

537 3972 808 4027 diabolum
847 3971 1208 4035 conculcavit,
1247 3986 1461 4025 necnon
1515 3984 1611 4039 per
1642 3970 2115 4024 mortificationem

535 4065 701 4116 vitam
731 4061 1025 4130 impertivit
1061 4061 1286 4125 mundo,
1322 4071 1578 4127 precatur
1620 4073 1678 4115 ut
1713 4061 1957 4131 requiem
2020 4064 2115 4115 do—

539 4163 623 4206 net
658 4154 856 4207 anima:
905 4153 1240 4207 deluncti-in
1276 4154 1397 4205 loco
1437 4153 1665 4221 quietis,
1706 4158 1848 4207 unde
1905 4154 2117 4224 aufugit

538 4260 630 4297 seu
660 4243 846 4312 procul
904 4242 1255 4297 abestomnis
1294 4242 1516 4321 tristitia
1547 4260 1608 4298 ac
1637 4244 1891 4312 gemitus,
1923 4258 2116 4312 pecca-

539 4348 763 4405 tumque
809 4351 972 4389 omne
1002 4336 1103 4404 ipsi
1137 4337 1375 4391 dimittat
1406 4338 1664 4403 actionis,
1696 4340 1848 4392 verbi
1881 4346 1933 4391 et
1964 4338 2113 4407 cogi-

538 4426 1050 4493 tationis,quoniam
1116 4441 1275 4480 nemo
1335 4435 1417 4480 est
1463 4442 1493 4478 a
1549 4441 1771 4492 peccato
1830 4428 2109 4489 immunis,

540 4517 651 4572 nisi
680 4516 765 4571 ille
810 4517 958 4570 solus
999 4518 1092 4586 qui
1129 4520 1336 4585 absque
1389 4526 1613 4585 peccato
1645 4517 1967 4570 incarnatus
2000 4526 2111 4577 est,

536 4620 589 4664 et
628 4608 888 4679 quoniam
928 4608 1046 4677 ipse
1071 4608 1376 4677 estjustus,
1419 4616 1473 4661 et
1504 4622 1687 4661 sermo
1725 4608 1844 4676 ejus
1887 4610 2114 4671 veritas,

2217 3879 2410 3931 καίων.
2451 3878 2564 3932 Καὶ
2605 3877 2770 3949 266
2795 3862 3097 3948 ὁμοφώνως
3144 3879 3351 3943 πάντες
3387 3882 3488 3952 τὴν
3519 3883 3789 3948 ἀνυσιμω-

2219 3969 2389 4040 τάτην
2419 3968 2607 4038 εὐχὴν,
2632 3970 2714 4034 τὸ,
2759 3987 2778 4020 ι
2812 3970 3011 4040 Κύριε,
3041 3970 3289 4040 ἐλέησον,
3323 3992 3342 4023 ι
3377 3973 3746 4043 άνακράξουσι
3768 3983 3782 3999 ·

2218 4061 2315 4112 καὶ
2364 4060 2575 4121 πάντας
2621 4061 2954 4131 αἰτήσασθαι
2982 4064 3248 4130 παραινεί
3274 4064 3423 4132 παρὰ
3453 4062 3693 4133 Χριστοῦ
3717 4060 3785 4126 τῷ

2218 4153 2455 4222 κειμένῳ
2482 4155 2549 4205 τὰ
2574 4151 2699 4221 ἑλέη
2727 4152 2920 4217 αὐτοῦ,
2947 4153 3047 4222 τὴν
3075 4153 3356 4222 βασιλείαν
3384 4155 3496 4208 τῶν
3523 4152 3779 4226 οὐρανῶν,

2217 4250 2312 4298 καὶ
2356 4245 2552 4311 ἄφεσιν
2585 4244 2694 4297 τῶν
2734 4245 3177 4316 ἁμαρτημάτων.
3238 4244 3300 4298 'O
3355 4246 3413 4299 δὲ
3446 4248 3628 4316 ίερεύς
3659 4242 3783 4313 πρό·

2216 4353 2375 4407 τερον
2405 4338 2506 4405 τὴν
2541 4336 2707 4405 εὐχὴν
2761 4336 3048 4405 μυστικῶς
3087 4337 3167 4407 τῷ
3199 4335 3321 4406 Θεῷ
3356 4339 3479 4408 μετ’
3510 4337 3781 4396 εὐλαϐείας

2217 4427 2552 4494 ἀνενεγκὼν,
2586 4429 2684 4480 καὶ
2716 4426 2850 4480 Θεὸν
2893 4427 3003 4480 τῶν
3044 4431 3378 4499 πνευμάτων
3404 4432 3569 4485 αὐτὸν
3600 4431 3782 4493 είπὼν,

2217 4522 2339 4587 ἦτοι
2365 4518 2474 4572 τῶν
2505 4521 2755 4588 ἀγγέλων
2803 4524 2896 4576 καὶ
2932 4524 3043 4576 τῶν
3066 4524 3277 4595 ψυχῶν,
3308 4527 3407 4578 καὶ
3439 4528 3620 4597 πάσης
3664 4539 3784 4591 σαρ-

2222 4612 2336 4676 κὸς,
2360 4612 2478 4681 ἦτοι
2500 4612 2609 4666 τῶν
2632 4615 2966 4683 ὲνσωμάτων
2993 4614 3321 4684 ἀνθρώπων,
3348 4616 3544 4671 τὸνδιὰ
3561 4615 3780 4671 θανάτου

536 4703 665 4771 quia
690 4712 744 4756 ct
771 4702 886 4768 ipse
922 4701 1145 4761 veritas,
1182 4702 1407 4770 ipseque
1444 4699 1580 4753 dixit
1614 4716 1628 4753 :
1668 4719 1686 4751 ι
1734 4698 1845 4769 Ego
1880 4713 1999 4752 sum
2033 4715 2118 4753 re-

2218 4702 2310 4754 τὸν
2352 4704 2583 4757 θάνατον
2638 4707 3088 4777 καταργήσαντα,
3124 4708 3223 4761 καὶ
3267 4708 3357 4761 διὰ
3410 4710 3650 4780 σταυροῦ
3694 4707 3779 4759 τὸν

538 4796 804 4848 surreetio
826 4804 874 4847 et
906 4794 1067 4845 vita.»
1098 4792 1253 4857 Quod
1266 4807 1400 4861 ergo
1423 4792 1667 4845 clamans
1698 4791 1956 4845 sacerdos
1977 4806 2116 4858 quo-

537 4900 641 4952 que
668 4884 799 4936 dicit
830 4886 893 4935 ad
923 4881 1093 4935 Deum
1127 4898 1141 4939 :
1171 4883 1472 4947 «Quoniam
1502 4889 1561 4934 tu
1585 4895 1646 4936 es
1680 4881 2007 4936 resurrectio
2038 4897 2056 4950 ;
2087 4900 2105 4932 ι

537 4988 817 5042 speramus
848 4972 996 5027 enim
1026 4974 1168 5042 quod
1202 4985 1453 5026 mortuus
1482 4974 1621 5025 vivet
1674 4979 1730 5025 et
1778 4984 2028 5045 resurget
2055 4984 2111 5026 et

538 5064 775 5134 requiem
815 5063 1058 5118 inveniet
1106 5062 1422 5117 Dominum.
1478 5060 1591 5117 lloc
1648 5061 1814 5133 igitur
1851 5065 1908 5119 ilt
1940 5066 2113 5121 tribus

537 5157 866 5211 stationibus
908 5155 1126 5225 psalmi,
1175 5154 1323 5208 Beati
1371 5154 1727 5210 immaculati.
1760 5156 1934 5222 Quem
1992 5165 2113 5225 post

538 5251 804 5319 psalmum
854 5248 1108 5303 versiculi
1141 5247 1399 5301 dicuntur
1427 5262 1523 5317 pro
1554 5248 1858 5301 dormiente
1906 5246 2115 5302 sollieic

537 5356 645 5395 iam
670 5338 1103 5410 deprecationem
1134 5339 1201 5392 ad
1242 5338 1405 5392 Deum
1457 5338 1860 5406 exprimentes;
1912 5337 2111 5392 deinde

536 5439 687 5487 tot-us
743 5446 807 5484 ex
850 5431 1153 5501 apostolica
1185 5429 1420 5500 epismla
1468 5440 1758 5499 excerptus
1786 5429 1854 5483 de
1892 5444 1988 5498 Spe
2022 5444 2111 5482 re-

534 5526 911 5580 :urreetionis.
954 5522 1076 5578 Ideo
1109 5541 1214 5578 non
1268 5528 1493 5589 mortui,
1528 5525 1620 5577 sed
1656 5522 1991 5577 dormientes
2025 5530 2111 5573 ut-

537 5624 661 5681 pote
723 5615 1084 5671 resuscilandi
1149 5616 1217 5671 ab
1274 5615 1522 5683 apOStolo
1579 5617 1837 5669 dicuntur
1895 5611 2104 5665 lideles.

533 5707 723 5786 Postea
760 5708 1016 5771 Alleluia,
1055 5719 1314 5777 tanquam
1352 5708 1567 5777 signum
1617 5706 1883 5760 adventus
1916 5703 2007 5757 Dei
2056 5712 2110 5758 et

534 5798 846 5866 ιιτωὼυίιιὶο
886 5802 1189 5869 praesentia:
1238 5796 1444 5852 Christi
1494 5804 1809 5865 nostraeque
1832 5811 1927 5865 per
1978 5811 2103 5851 eum

2217 4793 2461 4848 διάϐολον
2496 4799 2991 4867 καταπατήσαντα,
3022 4799 3119 4853 καὶ
3157 4800 3246 4853 διὰ
3275 4802 3599 4871 νεκρώσεως
3647 4797 3780 4865 ζωὴν

2216 4888 2605 4955 χορηγήσαντα
2662 4888 2739 4951 τῷ
2785 4890 3001 4958 κόσμῳ,
3051 4890 3372 4945 ἀναπαῦσαι
3427 4892 3645 4962 εΰχεται
3694 4889 3779 4941 καί

2215 4976 2316 5046 τὴν
2343 4978 2439 5031 τοῦ
2485 4981 2848 5051 κοιμηθέντος
2878 4984 3059 5054 ψυχὴν
3089 4986 3149 5036 ἐν
3181 4986 3334 5055 τόπῳ
3375 4988 3634 5054 ἀνέσεως,
3666 4983 3777 5037 ὅθεν

2216 5068 2450 5139 ἀπέδρα,
2479 5071 2598 5138 ἦτοι
2634 5071 2874 5143 μακράν,
2924 5076 3077 5127 πᾶσα
3107 5074 3251 5145 λύπη
3294 5078 3389 5129 καὶ
3448 5074 3773 5146 στεναγμός’

2218 5161 2316 5212 καὶ
2353 5163 2462 5214 πᾶν
2499 5162 2815 5233 ἁμάρτημα
2852 5165 3024 5234 αὐτῷ,
3056 5168 3415 5237 συγχωρῆσαι
3444 5168 3694 5239 πράξεώς
3721 5178 3775 5214 τε

2215 5253 2310 5302 καὶ
2343 5251 2503 5319 λόγου
2540 5257 2636 5306 καὶ
2667 5253 2931 5322 διανοίας,
2964 5257 3088 5309 ἐπεὶ
3134 5259 3316 5322 οὐδεὶς
3367 5262 3770 5330 ἀναμάρτητος.

2216 5342 2263 5391 εί
2299 5341 2373 5410 μὴ
2405 5343 2564 5410 μόνος
2588 5344 2751 5407 αὐτὸς
2792 5346 2821 5397 ό
2864 5346 3269 5417 ἀναμαρτήτως
3331 5349 3771 5421 ἑνανθρωπήσας⁸

2217 5433 2310 5485 καὶ
2341 5434 2427 5485 ὅτι
2464 5433 2674 5496 δίκαιος
2709 5436 2871 5501 αὐτός
2898 5453 2911 5468 ·
2957 5441 3051 5491 καὶ
3081 5442 3109 5493 ό
3142 5439 3301 5507 λόγος
3327 5440 3497 5494 αὐτοῦ
3535 5441 3769 5510 ἀλήθεια.

2212 5523 2295 5576 ὅτι
2340 5526 2433 5576 καὶ
2455 5524 2689 5596 ἀλήθεια
2721 5528 2885 5590 αὐτός
2909 5545 2920 5558 -
2956 5529 3053 5582 καὶ
3097 5531 3257 5593 αὐτὸς
3289 5532 3535 5603 ετρηκεν,
3574 5550 3592 5584 ι
3638 5526 3764 5595 Ἐγώ

2213 5616 2330 5682 εἶμι
2365 5617 2399 5686 ἢ
2432 5618 2734 5680 ἀνάστασις
2758 5619 2856 5672 καὶ
2885 5621 2916 5690 ἡ
2950 5622 3086 5688 ζωή.
3127 5640 3146 5674 ι
3185 5620 3359 5677 Τοῦτο
3394 5623 3490 5677 οὖν
3522 5618 3768 5693 ἐκφωνῶν

2212 5707 2304 5758 καὶ
2330 5708 2358 5758 ὁ
2405 5708 2608 5775 ίερεύς,
2658 5713 2790 5778 φησὶ
2826 5711 2961 5779 πρὸς
3004 5712 3097 5764 τὸν
3123 5712 3278 5779 Θεὸν,
3328 5732 3347 5764 ι
3393 5714 3515 5767 Ὅτι
3548 5716 3611 5767 σύ
3662 5705 3763 5778 εἴη

2210 5798 2526 5863 ἀνάστασις·
2589 5819 2609 5852 ι
2636 5801 2959 5872 ⁵ἐλπίζομεν
3005 5803 3138 5873 γὰρ,
3184 5804 3268 5858 ὅτι
3319 5806 3412 5860 καὶ
3457 5809 3486 5859 ό
3527 5805 3763 5869 κείμενος
