4068 6280
281 392 386 457 685

1427 395 1523 453 DE
1565 394 1860 454 ORDINE
1901 398 2401 464 SEl’ULTUR’E.

3447 400 3550 464 686

282 519 508 588 ζήσεται
543 517 635 570 καὶ
672 517 1058 584 ἀναστήσεται,
1121 533 1216 568 και
1267 515 1574 569 ἀνάπαυσιν
1619 516 1847 582 εὑρήσει

1971 519 2380 573 'esurrectionis
2425 533 2454 572 a
2502 520 2753 583 mortuis,
2778 527 2831 574 et
2891 517 3103 572 sumtus
3165 525 3386 589 propter
3427 534 3550 588 gra-

282 615 372 664 τὸν
408 608 836 685 Κύριον..Τοῦτο
885 603 978 660 οὖν
1013 607 1225 675 γίνεται
1275 606 1371 659 καὶ
1425 608 1484 657 ἐν
1527 609 1650 668 ταῖς
1705 608 1883 682 τρισὶ.

228 732 230 735 -
286 699 512 751 στάσεσι
545 698 652 749 τῶν
690 700 786 751 τοῦ
839 697 1074 766 ἀμώμου
1108 697 1378 764 Ψαλμῶν.
1440 697 1550 750 Καὶ
1579 699 1859 767 τροπάρια

284 790 339 844 δὲ
370 791 592 856 λέγεται
625 791 764 860 μετά
786 791 878 844 τὸν
921 791 1158 860 ἄμωμον
1194 789 1336 858 ὑπὲρ
1370 788 1462 841 τοῦ
1497 789 1860 859 κοιμηθέντος

1975 605 2104 658 tiam
2166 605 2256 658 Dei
2322 610 2536 670 corpori
2606 609 2927 663 dormientis
2987 616 3177 678 utpote
3231 608 3408 663 ﬁdelis
3455 623 3580 661 su-~

1971 699 2403 765 pervenientem,
2439 710 2496 755 et
2540 702 2889 774 Evangelium
2925 718 2953 757 a
3004 705 3289 759 sacerdote
3322 700 3326 706 ’
3356 701 3557 756 dicitur
3577 719 3584 742 '-

1976 791 2151 857 ipsam
2211 792 2514 860 praadicens
2568 795 2716 848 velut
2743 812 2839 864 per
2874 797 3128 866 angelum
3165 795 3258 851 Dei
3303 789 3555 849 resti‘rre-

284 876 697 950 ἀναγκαιότατα
721 883 962 952 δεήσεως
987 882 1123 950 πρὸς
1147 882 1238 933 τὸν
1279 880 1444 933 Θεὸν·
1488 876 1610 933 εἶτα
1641 882 1738 934 καὶ
1766 880 1859 934 τοῦ

1971 882 2210 936 ctionem
2245 894 2515 940 nostram.
2554 884 2618 940 Et
2647 887 2828 942 statim
2863 899 2985 956 post
3018 891 3131 942 haec
3179 903 3316 942 nova
3341 887 3554 951 oratio,

284 974 583 1026 ἀποστόλου
619 975 896 1043 περικοπὴ
929 975 1058 1042 περὶ
1091 975 1190 1042 τῆς
1234 972 1450 1034 ἐλπίδος
1494 976 1594 1042 τῆς
1624 973 1863 1051 ἀναστά-

1971 985 2021 1029 et
2055 985 2173 1044 post
2204 976 2511 1030 orationem
2548 979 2786 1050 hymnus
2818 979 3184 1036 salutationis.
3326 991 3328 993 ’

287 1082 450 1128 σεως·
484 1067 564 1120 διὸ
590 1067 687 1120 καὶ
714 1068 815 1152 οὐκ
851 1063 1242 1134 ἀποθανόντες,
1287 1067 1426 1120 ἀλλὰ
1453 1069 1857 1137 κεκοιμημένοι
1897 1069 1975 1132 ὡς
2014 1071 2450 1140 ἑγερθησόμενοι
2512 1071 2617 1125 ὑπὸ
2659 1073 2753 1126 τοῦ
2806 1074 3135 1128 Ἀποστόλου
3199 1070 3556 1141 ὀνομάζονται
3587 1079 3592 1082 ’

285 1164 335 1216 οἱ
361 1163 576 1216 more!"
607 1163 734 1216 sim
777 1167 836 1216 τὸ
882 1155 1214 1234 ἀλληλούῖα,’
1261 1167 1336 1227 ὡς
1409 1165 1712 1236 ἐπιδημίας
1767 1166 1906 1218 Θεοῦ
1944 1169 2200 1236 σημεῖον,
2252 1168 2349 1221 καὶ
2382 1168 2460 1230 ὡς
2518 1170 2783 1240 κήρυγμα
2817 1175 2916 1240 τῆς
2955 1171 3258 1242 παρουσίας
3290 1165 3553 1236 Χριστοῦ.

234 1316 241 1323 λ
287 1255 381 1309 καὶ
409 1257 507 1325 τῆς
542 1256 608 1310 δι’
631 1255 796 1310 αὐτοῦ
818 1258 882 1310 ἐκ
913 1257 1125 1327 νεκρῶν
1157 1257 1317 1328 ἡμῶν
1345 1257 1720 1322 ἀναστάσεως,
1755 1261 1848 1311 καὶ
1888 1257 2164 1327 θυμίαμα,
2201 1259 2289 1313 διὰ
2323 1260 2435 1330 τήν
2465 1262 2842 1334 ἐπερχομένην
2873 1264 2969 1316 καὶ
2998 1265 3055 1316 ἐν
3112 1264 3224 1325 τοῖς
3281 1261 3558 1330 λειψάνοις

283 1357 378 1410 τοῦ
403 1361 758 1428 κοιμηθέντος
789 1361 864 1424 ὡς
900 1350 1092 1413 πιστοῦ
1136 1364 1300 1432 χάριν
1328 1365 1424 1416 τοῦ
1460 1363 1629 1416 Θεοῦ’
1673 1367 1766 1417 καὶ
1801 1369 1860 1419 τὸ
1895 1368 2236 1436 Εὑαγγέλιον
2265 1367 2420 1435 παρὰ
2451 1367 2670 1432 ἱερέως,
2697 1363 2871 1431 αὐτὴν
2895 1360 2971 1422 ὡς
3003 1359 3070 1412 δι’
3131 1355 3365 1425 ἀγγέλου
3417 1352 3555 1406 Θεοῦ

288 1455 588 1519 προφαῖνον
623 1453 781 1524 ήμῶν
828 1446 929 1523 τήν
962 1444 1284 1510 ἀνάστασιν.
1341 1455 1451 1509 Καὶ
1501 1456 1664 1520 εὐθὺς
1714 1458 1856 1527 μετά
1929 1461 2092 1513 τοῦτο
2149 1460 2316 1514 πάλιν
2373 1461 2540 1530 εὐχή·
2613 1457 2709 1511 καὶ
2767 1454 2887 1525 μετ’
2941 1451 3110 1521 αὐτὴν
3159 1451 3186 1503 ὁ
3241 1447 3408 1518 ὕμνος
3458 1443 3555 1500 τοῦ

286 1545 599 1616 ἀσπασμοῦ.
686 1597 692 1607 ,

847 1639 1098 1694 ΚΕΦΔΛ.
1144 1639 1307 1697 ΤΞΖ’.

398 1756 461 1811 Τί
488 1753 770 1825 σημαίνει
801 1757 834 1808 ό
858 1754 957 1808 ἐπὶ
987 1753 1112 1821 τοῖς
1142 1756 1380 1825 νεκροῖς
1400 1757 1751 1826 ἀσπασμός.

354 1916 466 1967 Καὶ
499 1916 527 1967 ὁ
569 1913 936 1976 ἑπιτελεύτιος
970 1913 1303 1981 ἀσπασμός.
1341 1909 1510 1978 Οὗτος
1542 1916 1598 1968 δὲ
1637 1915 1734 1968 καὶ
1767 1914 1855 1968 διὰ

2460 1633 2688 1692 CAPUT
2728 1630 3064 1689 CCCLXV".

1977 1757 2121 1824 Quid
2151 1757 2357 1810 denotet
2393 1755 2624 1836 hymnus
2649 1744 3010 1836 salutet-iouis,
3041 1748 3130 1816 qui
3177 1761 3332 1815 super
3361 1747 3550 1812 defusa
3577 1819 3579 1822 γ

2551 1825 2652 1876 ctis
2685 1832 2957 1875 cantatur.
3105 1841 3109 1845 η
3364 1838 3371 1844 -
3420 1847 3424 1852 ι
3583 1825 3588 1830 ”

2046 1920 2289 1987 Denique
2329 1918 2568 1988 hymnus
2609 1911 2959 1970 salutationis
3003 1911 3096 1978 qui
3135 1917 3389 1964 cantatur
3430 1924 3556 1977 pm-

284 2009 384 2076 τὴν
422 2007 723 2074 μετάϐασιν
763 2008 854 2059 καὶ
881 2007 975 2059 τὸν
1009 2007 1119 2058 ἀπὸ
1143 2008 1242 2073 τῆς
1277 2007 1426 2074 ζωῆς
1461 2007 1666 2076 ταύτης
1690 2025 1857 2078 χωρι-

1971 2024 2088 2082 pter
2140 2027 2329 2066 eorum
2376 2026 2444 2065 ex
2503 2011 2605 2064 hac
2655 2009 2761 2062 vita
2797 2007 3180 2076 migrationem
3206 2011 3261 2056 et
3288 2000 3582 2054 amandar

285 2095 446 2164 σμόν·
496 2097 591 2149 καὶ
638 2095 714 2157 ὡς
760 2095 1016 2147 κοινωνία
1051 2095 1144 2147 καὶ
1183 2094 1386 2157 ἓνωσίς
1435 2096 1610 2155 ἐστιν.
1650 2093 1732 2146 ὅτι
1767 2094 1859 2145 καὶ

286 2187 610 2256 θνήσκοντες
657 2185 906 2254 ἀλλήλων
964 2185 1022 2237 οὐ
1076 2183 1452 2254 χωριζόμεθα.
1509 2184 1718 2244 Πάντες
1753 2185 1861 2252 γὰρ

284 2276 383 2344 τὴν
413 2276 586 2344 αὐτὴν
619 2275 922 2343 ὁδεύσομεν
961 2275 1149 2344 τρίϐον
1189 2275 1285 2326 καὶ
1317 2273 1433 2341 ἅμα
1463 2273 1858 2341 ταχθησόμεθα

285 2364 449 2432 εἶναι,
487 2370 582 2422 καὶ
623 2370 684 2422 οὐ
741 2368 1206 2438 χωρισθησόμεθά
1265 2384 1418 2419 ποτε.
1477 2365 1700 2434 Χριστῷ
1751 2365 1861 2433 γὰρ

287 2461 584 2530 ζησόμεθα,
637 2461 735 2512 καὶ
783 2459 1006 2530 Χριστῷ
1038 2457 1136 2511 νῦν
1186 2458 1480 2526 ἐνούμεθα,
1533 2458 1668 2528 πρὸς
1701 2459 1862 2511 αὐτὸν

289 2553 685 2620 πορευόμενοι·
729 2554 826 2605 καὶ
878 2549 1072 2619 αὓριον
1125 2550 1366 2620 ἐσόμεθα
1407 2551 1528 2618 μετ’
1588 2545 1861 2618 ἀλλήλων,

288 2642 385 2694 καὶ
436 2641 544 2694 τῶν
606 2642 830 2706 ζώντων
887 2641 1047 2711 ήμῶν
1105 2641 1606 2710 κοιμηθησομένων
1673 2639 1862 2709 ὥσπερ

287 2737 510 2787 αὐτῶν⁴
561 2738 654 2789 καὶ
691 2737 788 2804 τῆς
817 2735 1170 2796 ἀναστάσεως
1221 2735 1278 2788 δὲ
1311 2734 1614 2804 γενομένης
1655 2735 1720 2803 τῇ
1751 2750 1865 2785 κοι-

287 2825 453 2896 νωνίᾳ
495 2825 595 2895 τῆς
649 2826 816 2896 ὀρθῆς
859 2829 1117 2890 πίστεως,
1148 2826 1283 2894 ὁμοῦ
1335 2827 1578 2886 ἀπαντες
1606 2827 1653 2877 οἱ
1682 2823 1863 2876 πιστοὶ

288 2919 384 2972 σὺν
413 2918 636 2989 Χριστῷ
665 2918 926 2987 ἐσόμεθα.
956 2918 1064 2971 Τοῦ
1101 2917 1400 2982 ἀσπασμοῦ
1433 2916 1527 2970 οῦν
1575 2916 1853 2968 τελεσθέν-

283 3028 396 3076 τος,
444 3013 538 3064 καὶ
565 3013 602 3080 ή
629 3010 1012 3079 προειρημένη
1039 3011 1251 3078 γίνεται
1283 3009 1450 3060 πάλιν
1479 3009 1575 3062 ἐπὶ
1611 3008 1689 3074 τῷ
1717 3006 1864 3057 τέλει

283 3101 441 3171 εὐχή,
471 3100 548 3162 ὼς
577 3101 816 3172 σφραγὶς
866 3100 1099 3155 τελοῦσα
1136 3101 1247 3154 τῶν
1279 3099 1469 3168 ’ὕμνων
1490 3116 1506 3132 ο
1563 3100 1660 3151 καὶ
1688 3098 1749 3151 οὔ
1764 3115 1864 3161 τως

285 3196 319 3263 ή
351 3195 619 3257 ἀπόλυσις
1242 3221 1245 3224 -

852 3287 1104 3341 ΚΕΦΑΛ.
1157 3287 1328 3340 ΤΞΗ’.

1968 2108 2198 2171 tionem,
2243 2119 2459 2159 necnon
2487 2101 2745 2172 quoniam
2778 2099 2932 2154 adest
2963 2095 3281 2152 communio
3325 2105 3381 2148 et
3415 2093 3550 2164 adn-

1965 2201 2159 2259 natio,
2193 2206 2466 2267 quatenus
2532 2193 2736 2247 mortui
2793 2205 3138 2260 nequaquam
3195 2189 3262 2244 ab
3319 2186 3551 2240 invicem

1966 2287 2375 2356 separabimur;
2421 2299 2613 2337 omnes
2649 2282 2793 2336 enim
2824 2282 3074 2335 eamdem
3109 2289 3354 2333 teremus
3401 2275 3542 2326 viam

1965 2390 2015 2432 et
2040 2379 2091 2431 in
2115 2379 2307 2431 eodem
2335 2378 2455 2429 loco
2491 2373 2909 2436 collocabimur,
2947 2385 3126 2440 neque
3162 2367 3550 2437 scparahintnr

1965 2486 2227 2540 unquam,
2275 2483 2402 2522 nam
2459 2465 2682 2522 Christo
2735 2465 3005 2528 vivemus,
3041 2472 3094 2516 et
3131 2477 3278 2515 nunc
3331 2458 3554 2513 Christo

1965 2563 2300 2623 adunamur,
2340 2562 2406 2613 ad
2444 2573 2569 2612 eum
2605 2555 3038 2626 progredientes.
3070 2563 3124 2608 et
3155 2569 3276 2608 cras
3306 2552 3394 2605 alii
3426 2567 3552 2606 cum

1967 2655 2090 2709 aliis
2139 2652 2300 2708 simul
2334 2651 2566 2714 erimus,
2625 2648 2785 2702 nobis
2842 2649 2933 2716 qui
2982 2647 3225 2700 vivimus
3251 2644 3552 2703 defunctis,

1965 2742 2423 2816 quemadmodum
2484 2753 2539 2796 et
2580 2741 2657 2796 illi
2691 2739 2933 2796 defuncti
2991 2746 3140 2801 sunt,
3179 2737 3430 2806 factaque
3465 2750 3551 2788 re-

1966 2838 2325 2901 surrectione,
2377 2835 2769 2890 communione
2819 2847 2963 2888 verre
3001 2831 3146 2897 ﬁdei,
3195 2829 3440 2884 universi
3475 2828 3552 2882 si-

1969 2929 2078 2982 mul
2112 2928 2298 2982 tideles
2323 2942 2448 2981 cum
2511 2927 2729 2982 Christo
2779 2926 3010 2980 erimus.
3054 2923 3233 2978 Finito
3265 2921 3436 2992 igitur
3459 2935 3553 2975 sa-

1969 3020 2254 3074 lutationis
2313 3022 2534 3089 hymno,
2568 3017 2819 3088 praedicta
2853 3029 3072 3070 rursum
3116 3013 3314 3069 dicitur
3343 3012 3398 3065 in
3442 3009 3549 3064 ﬁne

1967 3113 2146 3166 oratio
2179 3126 2299 3181 quae
2351 3117 2434 3165 est
2481 3101 2626 3164 velut
2673 3109 3000 3181 hymnorum
3071 3106 3334 3176 sigillum,
3368 3114 3423 3157 ct
3473 3102 3556 3158 sic

1970 3202 2296 3256 absolvitur.
2861 3213 2863 3216 ‘

2578 3292 2928 3350 CCCLXVIII

296 3404 359 3458 Τί
391 3403 574 3470 δηλοῖ
599 3405 687 3469 τὸ,
713 3423 732 3456 ι
755 3404 976 3460 Αίωνία
1001 3405 1038 3470 ἡ
1064 3403 1295 3473 μνήμη,
1319 3423 1336 3453 ι
1361 3403 1661 3473 ᾀδόμενον
1689 3401 1863 3456 ὔστε-

1971 3409 2111 3474 Quid
2144 3410 2405 3475 signiﬁcet
2461 3411 2600 3477 quod
2645 3419 2826 3478 postea
2861 3408 3096 3470 canitur,
3132 3424 3152 3457 ι
3179 3402 3412 3460 λΕεεπ-ηα
3451 3399 3590 3459 ηιε-’

1014 3492 1150 3543 ρον.

357 3565 516 3620 Μετά
545 3567 600 3620 δὲ
633 3567 731 3637 τὴν
756 3566 1022 3619 ἀπόλυσιν
1050 3568 1084 3635 ἠ
1106 3566 1444 3635 ἀνακήρυξις
1478 3566 1572 3618 τοῦ
1597 3582 1894 3634 κεκοιμης,

288 3659 480 3728 μένου,
532 3659 616 3722 τὸ,
655 3677 673 3708 ι
725 3660 932 3711 Δίωνία
988 3660 1022 3727 ή
1063 3658 1282 3727 μνήμη.
1337 3676 1355 3708 r
1414 3658 1524 3710 Kal
1579 3659 1690 3727 γὰρ
1733 3657 1866 3726 περὶ

282 3753 514 3814 τούτων,
545 3751 641 3804 τοῦ
674 3750 970 3820 ἀσπασμοῦ
1001 3767 1145 3820 φημι
1185 3751 1281 3802 καὶ
1308 3749 1408 3818 τῆς
1443 3749 1859 3818 ἀνακηρύξεως,

281 3846 328 3896 ὁ·
354 3844 500 3913 ἱερός
530 3860 665 3912 φησι
697 3843 998 3906 Διονύσιος,
1032 3845 1162 3914 περὶ
1204 3842 1300 3896 τοῦ
1327 3842 1626 3909 ἀσπασμοῦ
1659 3844 1862 3910 λέγων,

284 3935 368 3988 ὅτι
419 3935 572 4003 δηλοί
605 3936 704 4004 τὴν
750 3937 889 4004 μετὰ
948 3936 1058 3987 τῶν
1102 3934 1454 3989 ἀπελθόντων
1504 3934 1701 3987 ἕνωσιν
1752 3935 1902 3986 τῶν

287 4025 510 4089 ζώντων
540 4027 700 4096 ἡμῶν
728 4029 784 4079 ὲν
809 4024 1054 4096 Χριστῷ.
1079 4027 1217 4098 Περὶ
1242 4027 1298 4080 δὲ
1322 4027 1422 4095 τῆς
1445 4025 1860 4097 ἀνακηρύξεως,

286 4119 371 4172 ὅτι
393 4120 779 4188 συνετάγησαν
822 4121 938 4182 τοῖς
980 4119 1175 4191 ἁγίοις,
1213 4121 1431 4188 καὶτῆς
1461 4119 1692 4171 ἐκείνων
1721 4117 1864 4181 ἄξιοι

285 4211 658 4282 κληρονομίας
712 4211 872 4277 εἰσὶν,
924 4211 999 4274 ὡς
1046 4209 1282 4279 καὶτῆς
1336 4210 1601 4272 πίστεως’
1653 4209 1746 4261 καὶ
1778 4227 1868 4261 πι-

286 4303 618 4372 στευόμενον
657 4300 823 4354 τοῦτο
857 4303 992 4371 ήμῖν
1023 4301 1120 4354 καὶ
1143 4289 1444 4372 ᾀδόμενον,
1488 4300 1622 4352 ἀλλὰ
1667 4301 1760 4351 καὶ
1791 4297 1866 4360 ὡς

286 4395 543 4457 ανάθεσίς
594 4397 711 4447 ἐστι
751 4394 890 4462 πρὸς
939 4394 1074 4446 Θεὸν
1129 4393 1225 4446 τοῦ
1282 4393 1722 4462 κεκοιμημένον,
1765 4394 1860 4445 καὶ

283 4487 469 4553 δέησις
500 4486 640 4554 ὑπὲρ
670 4485 831 4539 αὐτοῦ
866 4485 998 4556 παρ’
1043 4486 1224 4557 ἡμῶν.
1305 4485 1369 4538 Ἡ
1415 4487 1547 4554 εὐχὴ
1595 4486 1652 4538 δὲ
1681 4484 1866 4538 τελευ-

283 4578 458 4640 ταῖον,
479 4576 554 4639 ὡς
584 4577 756 4644 δῶρόν
787 4579 906 4630 ἐστι
939 4579 1038 4630 καὶ
1070 4577 1376 4640 τελείωσις,
1410 4579 1508 4629 καὶ
1531 4577 1610 4638 είς
1639 4575 1738 4646 τὴν
1772 4575 1862 4628 τοῦ

285 4667 424 4720 Θεοῦ
444 4668 748 4721 ἀπόλαυσιν
767 4669 1250 4738 παραπέμπουσα,
1275 4669 1368 4721 καὶ
1388 4670 1465 4730 ὡς
1488 4667 1865 4736 παραδιδοῦσα

285 4759 380 4812 τοῦ
401 4760 729 4823 ἀπελθόντος
746 4760 927 4830 ψυχὴν
948 4761 1045 4812 καὶ
1074 4759 1234 4829 σῶμα
1256 4759 1332 4830 τῷ
1354 4759 1494 4828 Θεῷ.
1519 4760 1610 4812 Διδ
1630 4761 1721 4812 καὶ
1738 4759 1865 4828 ἄχρι

285 4850 382 4903 τοῦ
418 4852 596 4921 τάφου
630 4854 728 4904 σὺν
762 4852 841 4920 τῷ
872 4851 1116 4921 λειψάνῳ
1158 4851 1618 4920 παραγινόμεθα·
1653 4850 1748 4902 καὶ
1776 4851 1869 4901 τὸν

285 4943 584 5011 Τρισάγιον
604 4944 903 5012 ψάλλομεν,
938 4945 1019 5006 είς
1049 4944 1150 5013 τὴν
1183 4945 1278 5011 τῆς
1311 4943 1868 5012 Τριάδοςδοξολογὶαν

287 5036 381 5088 τοῦ
400 5038 559 5107 μόνου
579 5037 715 5091 Θεοῦ
735 5037 921 5108 ἡμῶν.
943 5036 1054 5090 Καὶ⁸
1088 5036 1350 5090 κατατίθε
1362 5027 1462 5104 μεν
1482 5035 1560 5104 τῷ
1625 5036 1784 5104 τάφῳ
1807 5035 1869 5087 τὸ

289 5129 566 5195 λείψανον,
594 5132 690 5182 καὶ
719 5134 784 5200 τῇ
832 5132 903 5200 γῇ
954 5128 1365 5198 παραδιδόαμεν
1394 5129 1484 5179 διὰ
1513 5127 1623 5179 τῶν
1661 5126 1861 5195 εὐχῶν,

291 5218 798 5290 267πληροῦντες
823 5222 883 5273 τὸ
911 5220 1056 5274 θεῖον
1078 5220 1426 5290 πρόσταγμα,
1443 5220 1525 5286 τὸ,
1547 5238 1565 5271 ι
1593 5219 1669 5288 Γῆ
1693 5215 1764 5280 εἷ,
1781 5218 1876 5271 καὶ

290 5312 370 5372 εἰς
401 5310 504 5379 γῆν
534 5310 808 5382 ἀπελεύσῃ
849 5328 864 5344 ο
903 5331 922 5362 ι
967 5313 1060 5365 καὶ
1085 5313 1185 5379 τὴν
1207 5312 1502 5364 ἀνάστασιν
1525 5311 1580 5364 δὲ
1609 5307 1875 5379 κηρύττο-

295 5418 418 5470 μεν,
445 5403 845 5470 σφραγίςοντες
879 5402 940 5456 τδ
961 5402 1218 5471 λεῖψανον
1250 5403 1338 5456 διὰ
1372 5403 1466 5455 τοῦ
1503 5402 1740 5473 σταυροῦ
1777 5417 1792 5433 ⁸
1835 5402 1868 5472 ἢ

288 5493 470 5547 ἔλαιον
502 5493 664 5569 αὐτῷ.
710 5497 994 5564 ἐκχέοντες
1031 5495 1396 5563 σταυροειδῶς
1432 5497 1496 5548 ἐκ
1544 5495 1642 5562 τῆς
1690 5512 1871 5562 comta.

287 5585 496 5654 γωγοῦ,
525 5585 557 5656 ἢ
597 5587 781 5638 σκεύει
804 5590 910 5640 τινί
941 5590 1041 5659 τὴν
1090 5590 1192 5657 γῆν
1239 5589 1617 5646 ἐπιϐάλλοντες
1643 5605 1660 5621 ·
1710 5589 1794 5640 ὅτι
1822 5589 1870 5640 εἰ

286 5676 385 5726 καὶ
414 5676 598 5744 Θνητοὶ
645 5679 1014 5748 γεγενήμεθα,
1071 5679 1188 5732 ἀλλ’
1245 5681 1396 5749 ὅμως
1451 5676 1871 5748 ἀναστησόμεθα

286 5766 378 5820 διά
397 5764 491 5818 τοῦ
530 5767 668 5838 ὑπὲρ
706 5769 864 5839 ἡμῶν
884 5772 1260 5842 σαρκωθέντος
1291 5788 1350 5824 τε
1380 5771 1476 5824 καὶ
1505 5770 1870 5833 ἀποθανόντος

293 5865 479 5927 σαρκὶ,
517 5863 613 5914 καὶ
674 5865 1030 5928 ἀναστάντος,
1088 5866 1184 5919 καὶ
1229 5866 1332 5932 τὴν
1389 5863 1684 5917 ἀνάστασιν
1735 5865 1896 5932 ήμίνῖ

2625 3497 2822 3532 morta.
2857 3498 2875 3529 ι

2038 3573 2205 3627 Porro
2239 3584 2361 3640 post
2395 3573 2800 3627 absolutionem
2823 3574 2880 3625 tit
2903 3571 2973 3626 de
3004 3572 3314 3626 dormiente
3343 3571 3558 3624 denun-

1966 3666 2122 3719 tiatio
2154 3683 2168 3719 :
2210 3664 2468 3718 uEterna
2513 3665 2803 3719 memoria".
2832 3681 2853 3714 ι
2878 3664 2955 3718 De
2979 3665 3202 3732 quibus,
3234 3679 3432 3734 nempe
3489 3665 3559 3719 de

1967 3760 2168 3828 hymno
2202 3756 2550 3810 salutationis
2580 3765 2641 3809 ac
2695 3754 3137 3813 denuntiatione.
3172 3763 3400 3809 sanctus
3439 3755 3558 3808 ιιίς-

1966 3851 2140 3904 seruit
2195 3847 2515 3916 Dionysius,
2549 3845 2739 3900 dicens
2804 3843 2873 3897 de
2927 3843 3280 3898 salutationis
3332 3845 3556 3913 hymno,

1965 3943 2224 4012 Quoniam
2270 3939 2511 3995 ostendit
2556 3953 2656 3993 nos
2702 3940 2948 3992 viventes
2983 3936 3034 3989 in
3061 3935 3278 3991 Christo
3326 3935 3558 3990 adunari

1965 4050 2090 4088 cum
2122 4032 2419 4088 defunctis.
2447 4040 2505 4086 et
2533 4030 2601 4084 de
2650 4028 3094 4092 denuntiatione,
3131 4027 3392 4097 quoniam
3429 4043 3558 4082 eum

1967 4117 2174 4177 sanctis
2231 4119 2487 4174 collocati
2536 4129 2663 4174 sunt
2700 4126 2756 4173 et
2809 4131 2999 4171 eorum
3055 4113 3374 4169 haereditate
3409 4113 3561 4182 digni

1967 4226 2096 4272 sunt
2127 4214 2272 4269 sicut
2313 4223 2368 4268 et
2393 4213 2497 4267 ﬁde
2525 4211 2768 4272 fuerunt.
2808 4225 3018 4266 necnon
3053 4222 3150 4262 nos
3179 4207 3231 4261 id
3259 4205 3479 4260 credere
3503 4213 3559 4260 et

1967 4317 2211 4368 cantare,
2267 4303 2450 4359 sedet
2483 4303 2992 4358 nus-dormientem
3028 4300 3093 4354 ad
3128 4300 3294 4353 Deum
3358 4297 3560 4367 produ-

1966 4413 2092 4481 cer‘e
2157 4406 2320 4464 atque
2379 4409 2479 4466 pro
2533 4409 2598 4449 eo
2629 4394 2937 4465 deprecari.
2994 4392 3239 4460 Denique
3272 4391 3332 4444 tit
3376 4390 3558 4443 oratio

1967 4480 2118 4545 velut
2175 4502 2380 4542 munus
2431 4495 2488 4540 et
2549 4485 2900 4540 consecratio
2937 4485 2991 4537 in
3027 4481 3436 4550 possessionem
3461 4480 3560 4534 Dei

1969 4581 2258 4644 inducens,
2286 4578 2511 4647 Deoque
2538 4578 2779 4632 animam
2819 4585 2874 4630 et
2905 4589 3106 4644 corpus
3127 4572 3374 4627 defuncti
3407 4584 3562 4624 com-

1971 4673 2262 4727 mendans.
2312 4669 2664 4740 Quapropter
2710 4681 2886 4736 usque
2915 4667 2980 4718 ad
3027 4664 3299 4718 tumulum
3353 4676 3558 4730 corpus

1979 4763 2330 4824 comitamur,
2363 4773 2418 4815 et
2450 4758 2743 4828 Trisagion
2791 4757 3076 4825 psallimus
3112 4754 3166 4809 in
3203 4751 3560 4823 gloriﬁcatio-

1973 4870 2094 4908 nem
2131 4852 2416 4907 Trinitatis
2444 4853 2607 4905 unius
2641 4849 2734 4904 Dei
2772 4850 2968 4904 nostri.
3027 4846 3092 4902 Et
3121 4847 3332 4902 tumulo
3357 4860 3560 4914 corpus

1975 4945 2311 5012 imponimus
2370 4943 2513 5012 quod
2550 4951 2712 4996 terrae
2739 4939 3141 4996 committimus
3186 4938 3582 5008 deprecaado,

1976 5036 2223 5089 divinum
2257 5034 2607 5104 adimplendo
2653 5033 2975 5087 mandatum
3007 5049 3021 5086 :
3056 5051 3073 5083 ι
3118 5031 3286 5086 Terra
3322 5045 3382 5085 es
3414 5040 3469 5084 et
3503 5031 3561 5084 in

1979 5141 2176 5182 terram
2204 5127 2493 5180 reverteris
2514 5143 2528 5190 ;
2547 5143 2565 5172 ι
2603 5133 2657 5179 et
2687 5124 3140 5179 resurrectionem
3171 5123 3558 5192 praedicamus,

1980 5221 2262 5289 signantes
2315 5233 2518 5288 corpus
2583 5231 2676 5286 per
2730 5231 2976 5280 crucem,
3033 5225 3128 5269 aut
3179 5217 3361 5270 oleum
3395 5229 3563 5283 super

1979 5329 2102 5366 eum
2165 5313 2217 5364 iu
2281 5314 2514 5365 formam
2567 5310 2750 5363 crucis
2787 5309 3126 5363 etl'undentes
3177 5323 3246 5360 ex
3310 5307 3562 5376 lampade

1977 5404 2188 5468 altaris,
2251 5402 2334 5457 vel
2372 5402 2559 5472 aliquo
2592 5401 2957 5455 instrumento
2985 5408 3186 5453 terram
3224 5396 3559 5467 iujicientes.

1977 5500 2105 5569 quia
2156 5499 2258 5553 etsi
2315 5496 2570 5551 mortales
2621 5495 2816 5556 simus,
2850 5506 3204 5560 resurgemus
3241 5501 3423 5546 tamen
3464 5507 3561 5560 per

1979 5607 2104 5647 eum
2142 5592 2233 5660 qui
2264 5604 2364 5659 pro
2418 5589 2578 5644 nobis
2624 5588 2942 5640 incarnatus
2995 5599 3273 5654 carneque
3303 5590 3560 5638 mortuus

1982 5684 2314 5746 resurrexit,
2361 5689 2416 5738 et
2459 5679 2924 5736 resurrectionem
2986 5673 3218 5748 largitus
3249 5686 3337 5733 est
3373 5676 3560 5742 nobis,

1978 5792 2190 5832 necnon
2217 5777 2347 5846 quia
2397 5776 2485 5828 hic
2532 5773 2623 5844 qui
2665 5771 2927 5842 sepelitur
2958 5777 3229 5841 resurget,
3293 5767 3562 5838 quemad-

1981 5866 2200 5922 modum
2236 5865 2486 5921 Salvator
2519 5872 2706 5920 noster
2739 5860 3062 5919 resurrexit.
3108 5861 3234 5918 Ideo
3265 5868 3561 5932 postquam
