4068 6280
576 342 675 404 [δῖ

1431 347 1817 410 SYMEONIS
1845 348 2591 411 'IIIESSALONICENSIS
2632 348 2983 416 ARCIIIEP.

3712 355 3794 416 683

574 465 630 520 in
668 466 877 523 tumulo
923 468 1180 524 conditus
1227 477 1332 531 cst,
1381 466 1561 523 oleum
1621 484 1786 538 supra
1829 468 1882 523 in
1928 467 2150 526 modum

2261 472 2690 541 χορηγήσαντος.
2729 471 2838 524 Καὶ
2862 472 2945 525 ὅτι
2970 470 3125 534 οὗτος
3153 472 3182 525 6
3212 469 3543 540 θαπτόμενος
3600 469 3794 539 ἀναστή-

574 558 758 614 crucis
791 560 1119 623 infunditur,
1143 570 1305 630 prout
1340 562 1688 615 tradiderunt
1716 560 1970 630 apostoli,
2007 559 2150 628 quod

570 651 790 718 scripsit
826 650 1142 722 Dionysius,
1182 669 1278 709 seu
1332 654 1516 723 potius
1539 654 1666 707 dum
1706 653 1990 722 sepelitur,
2022 660 2150 705 tunc

569 741 733 795 etiam
793 754 1009 812 oportet
1042 755 1319 799 mortuum
1363 746 1575 814 inungi.
1608 743 1741 799 Nam
1796 745 1941 798 sicut
1970 745 2021 797 in
2049 744 2150 798 ba-

572 835 769 899 ptismo
803 837 1035 891 veniunt
1075 854 1216 907 aqua
1258 848 1310 892 et
1363 839 1568 901 oleum,
1618 838 1673 893 in
1706 852 1895 889 eorum
1929 836 2147 905 signum

572 925 657 978 his
690 931 784 994 qui
821 928 1054 983 ﬁdeliter
1079 930 1278 999 pieque
1306 931 1563 984 vixerunt
1590 929 1678 982 illa
1705 928 1952 982 adhiberi
1989 942 2152 995 opor.

570 1026 666 1070 let.
724 1017 1071 1088 Quapropter
1132 1036 1270 1090 aqua
1321 1023 1504 1074 crucis
1550 1022 1706 1090 signo
1736 1034 1857 1074 cum
1919 1020 2147 1087 spongia

568 1121 773 1173 corpus
809 1119 1109 1178 aspergunt
1162 1111 1212 1163 in
1262 1109 1464 1169 fronte.
1499 1109 1783 1183 inoculis,
1819 1108 1873 1162 in
1919 1123 2038 1170 ore,
2093 1107 2146 1160 in

565 1206 804 1264 pectore,
843 1202 894 1251 in
928 1201 1163 1270 genibus
1215 1213 1267 1254 et
1321 1200 1375 1255 in
1413 1200 1688 1264 manibus,
1740 1209 1901 1269 atque
1938 1206 2152 1267 ungunt

562 1287 706 1341 oleo.
731 1289 866 1342 Nam
897 1290 1079 1344 oleum
1135 1308 1338 1362 agones
1372 1292 1664 1363 signiﬁcat,
1691 1302 1744 1345 et
1773 1292 2029 1361 quoniam
2058 1293 2152 1343 dc-

565 1380 790 1435 fuucttts
864 1392 1013 1438 recte
1082 1385 1280 1453 pieque
1360 1395 1580 1439 certans
1658 1385 2149 1438 sanctificationem

562 1472 825 1537 obtinuit,
887 1475 1074 1529 divino
1113 1477 1274 1530 etiam
1331 1476 1650 1544 dignabitur
1676 1477 1798 1530 oleo
1839 1474 2149 1544 splendida-

561 1579 668 1629 que
698 1566 865 1618 divini
894 1566 1117 1620 luminis
1144 1568 1508 1636 juruuditate.

560 1656 670 1708 Καὶ
696 1658 780 1709 ὅτι
810 1658 837 1709 6
863 1660 1169 1728 κοιμηθεὶς,
1202 1661 1386 1721 καλῶς
1454 1659 1547 1712 καὶ
1596 1660 1838 1722 εὐσεϐῶς
1902 1659 2350 1728 ἀγωνισάμενος,

2266 579 2442 626 σεται,
2474 561 2550 625 ὡς
2582 563 2679 616 καὶ
2707 563 2943 633 ὁΣωτὴρ
2975 564 3132 633 ἡμῶν
3158 562 3436 631 ἐξανέστη.
3466 560 3556 614 Διὸ
3578 561 3663 614 καὶ
3684 564 3794 632 μετὰ

2260 653 2321 705 τὸ
2346 653 2566 723 τεθῆναι
2596 653 2671 721 τῷ
2702 654 2880 724 τάφῳ,
2911 656 3092 708 ἔλαιον
3115 655 3303 707 ἐπάνω
3336 653 3523 707 τούτου
3553 668 3798 720 σταυροει-

2260 744 2367 805 δὼς
2401 744 2678 814 ἐκχέεται,
2708 746 2784 808 ὡς
2822 745 3274 813 παραδεδώκασιν
3326 745 3374 796 oi
3410 744 3699 805 ἀπόστολοι,
3723 745 3795 797 καὶ

2256 836 2284 887 6
2312 836 2590 899 Διονύσιος
2622 837 2784 890 τοῦτο
2812 840 3018 908 γράφει
3053 856 3068 870 ·
3100 838 3300 907 μᾶλλον
3329 836 3387 890 δὲ
3416 838 3510 888 καὶ
3531 837 3586 890 έν
3634 837 3702 907 τῷ
3733 837 3798 888 ὲν-

2257 928 2648 996 ταφιάζεσθαι,
2677 930 3000 996 ἀλείφεσθαι
3048 930 3138 983 τὸν
3165 929 3358 1000 νεκρὸν
3425 930 3553 999 χρή.
3586 929 3669 990 Ὠς
3712 930 3796 995 γὰρ

2255 1020 2316 1071 ὲν
2350 1008 2428 1090 τῷ
2468 1020 2813 1091 βαπτίσματι
2842 1023 2988 1093 ὕδωρ
3015 1024 3114 1076 καὶ
3158 1022 3336 1075 ἔλαιόν
3364 1021 3530 1085 ἐστιν,
3565 1021 3637 1082 είς
3659 1020 3798 1072 τύπον

2255 1115 2481 1165 ἐκείνων
2505 1116 2617 1177 τοίς
2679 1114 2890 1177 πιστῶς
2926 1113 3163 1182 βιώσασι
3223 1116 3321 1166 καὶ
3379 1111 3612 1174 εὐτεϐὦς
3658 1111 3799 1163 ταῦτα

2259 1202 2564 1269 ἐπάγεσθαι
2597 1204 2726 1273 χρή,
2774 1203 2873 1256 Διὰ
2899 1201 3060 1256 τοῦτο
3111 1201 3205 1256 οὖν
3234 1198 3346 1255 ’καὶ
3409 1200 3562 1255 ὕδατι
3611 1203 3798 1268 σπόγγῳ

2256 1295 2646 1365 άποσμήχουσι
2682 1294 2919 1365 σταυροῦ
2952 1296 3109 1365 τύπῳ
3167 1294 3236 1348 τὰ
3285 1293 3533 1364 λείψανα,
3581 1295 3710 1347 κατά
3752 1311 3797 1344 τε

2254 1388 2316 1437 τὸ
2342 1386 2613 1454 μέτωπον,
2647 1385 2718 1438 τὰ
2745 1386 2989 1455 ὄμματα,
3015 1387 3078 1439 τὸ
3107 1385 3282 1449 στόμα
3313 1401 3372 1437 τε
3405 1386 3500 1436 καὶ
3530 1382 3587 1435 τὸ
3616 1381 3795 1449 στῆθος.

2254 1474 2339 1527 ἔτι
2369 1492 2427 1526 τε
2453 1476 2520 1527 τά
2541 1476 2743 1543 γόνατα
2782 1476 2878 1529 καὶ
2907 1476 3006 1539 τὰς
3032 1477 3242 1545 χεῖρας,
3273 1476 3367 1527 καὶ
3395 1473 3560 1542 ἐλαίῳ
3582 1470 3798 1538 ἀλείφου-

2254 1586 2329 1621 σι.
2371 1568 2443 1622 Τὸ
2468 1569 2578 1638 γὰρ
2625 1567 2804 1621 ἔλαιον
2852 1566 2963 1621 τῶν
3025 1566 3255 1635 ἀγώνων
3302 1565 3420 1617 ἐστὶ
3476 1561 3794 1633 σημαντικόν.

2426 1659 2797 1725 τετελείωται,
2866 1662 2962 1714 καὶ
3027 1658 3122 1711 τοῦ
3178 1657 3323 1711 θείου
3372 1655 3556 1718 ἐλέους
3602 1654 3799 1722 ἀξιωθή·

560 1754 734 1818 σεται,
772 1755 868 1805 καὶ
904 1756 1004 1823 τῆς
1035 1754 1297 1825 λαμπρᾶς
1333 1757 1652 1826 ἱλαρότητος
1711 1758 1805 1811 τοῦ
1850 1759 1997 1811 θείου
2038 1757 2234 1826 φωτός.

1056 1873 1282 1930 CAPUT
1325 1874 1646 1931 CCCLXIX.

561 1959 739 2027 Quare
763 1978 857 2027 pro
880 1964 1129 2028 defuncto
1156 1976 1361 2047 tantum
1392 1969 1667 2022 duodecim
1697 1970 1834 2038 ﬁant
1864 1969 2139 2038 supplica-

1257 2049 1443 2093 ιιοηεε.

637 2125 700 2179 Ει
737 2137 874 2191 tum,
913 2128 1113 2199 injecta
1147 2138 1311 2189 terra.
1343 2132 1567 2187 additur
1589 2133 1770 2186 oratio
1797 2133 1952 2202 quasi
1978 2136 2137 2187 terra:

562 2220 896 2274 commissus
941 2222 1148 2291 gratias
1183 2234 1388 2293 ageret,
1422 2235 1476 2279 et
1500 2236 1759 2295 tanquam
1795 2225 2035 2295 sigillum
2084 2234 2141 2280 et

554 2311 993 2366 consummatio.
1044 2314 1112 2367 Et
1165 2313 1463 2369 duodecies
1515 2315 1767 2371 omnibus
1819 2315 1986 2370 Deum
2043 2330 2140 2383 pro

555 2400 819 2455 defuncto
871 2404 1251 2469 adorantibns,
1300 2416 1358 2460 ut
1418 2408 1687 2475 prepitius
1742 2408 1813 2462 sit
1863 2407 1986 2461 vita:
2020 2405 2140 2476 ejus

555 2508 679 2562 quze
708 2493 997 2548 duodecim
1046 2495 1198 2550 horis
1243 2508 1458 2550 censtat
1496 2498 1547 2550 in
1597 2498 1684 2552 die
1716 2508 1772 2552 et
1828 2498 2049 2554 totidem
2084 2494 2160 2552 in'

555 2596 739 2647 nocte.
769 2587 1038 2641 recedunt
1062 2587 1262 2655 singuli
1294 2588 1435 2657 apud
1461 2604 1519 2643 se
1546 2589 1754 2644 similia
1787 2592 2138 2656 meditantes,

554 2679 600 2731 si
627 2688 808 2733 tamen
841 2678 941 2733 ista
973 2679 1082 2733 sint
1125 2694 1272 2734 curae
1304 2680 1579 2748 aliquibus
1613 2699 1627 2743 ;
1663 2682 1885 2750 insuper
1914 2697 2139 2751 vespere

555 2779 611 2824 et
641 2786 800 2826 mane
849 2787 956 2825 non
1009 2783 1228 2827 cessant
1279 2788 1376 2840 pro
1411 2773 1670 2827 defuncto
1719 2789 1899 2827 orare.
1937 2774 2138 2830 Deinde

558 2866 815 2920 mundata
870 2865 1197 2934 adimplent,
1233 2866 1285 2920 in
1337 2867 1530 2934 primis
1561 2865 1852 2920 offerentes
1885 2882 1981 2936 per
2016 2869 2134 2921 sin-

555 2960 714 3028 gulos
750 2957 869 3012 dies
919 2959 1263 3011 incruentum
1299 2958 1649 3024 sacriﬁcium,
1681 2973 1790 3028 quo
1847 2959 1983 3013 nihil
2017 2960 2138 3013 dor-

554 3050 741 3103 mienti
772 3051 877 3104 erit
927 3050 1116 3105 utilius
1149 3051 1396 3120 nihilque
1441 3056 1656 3105 tantam’
1676 3051 1913 3105 laetitiam
1941 3060 1994 3104 et
2020 3052 2142 3105 illu-

555 3142 909 3195 minationem
946 3143 1239 3210 impertiet,
1277 3158 1487 3196 necnon
1537 3158 1661 3196 cum
1714 3141 1822 3196 Deo
1854 3145 2137 3207 unionem,

553 3236 674 3299 ipso
722 3248 820 3302 pro
851 3234 1013 3289 nobis
1056 3234 1572 3311 inulilibus_eﬂ'uso
1617 3235 1829 3288 Domini
1867 3238 2136 3305 sanguine

551 3335 605 3376 et
640 3324 919 3381 immolato
949 3341 1185 3394 corpore
1211 3328 1418 3380 divino.
1459 3326 1616 3393 Quod
1652 3328 1981 3382 sacriﬁcium
2014 3338 2128 3383 tum

2815 1877 3067 1934 ΚΕΦΔΛ.
3097 1879 3263 1934 ΤΞΘ’.

2245 1970 2408 2023 Arati
2430 1968 2585 2037 ὑπὲρ
2606 1969 2713 2025 τοῦ
2731 1973 3169 2096 κεκοισιὲᾜὲένου
3180 1974 3340 2041 μόνα
3355 1970 3798 2041 προσκυνήματσ

3035 2058 3165 2096 sua.

3035 2058 3165 2096 εκα.

2317 2130 2430 2183 Καὶ
2457 2130 2581 2183 τότε
2644 2130 2746 2199 τῆς
2808 2131 2915 2198 γῆς
2968 2131 3430 2201 ὲπιόαλλομένης,
3479 2133 3517 2204 ἡ
3585 2132 3704 2202 εὐχὴ
3736 2131 3796 2194 ὡς

2245 2220 2645 2289 παραδοθέντος
2679 2226 2747 2292 τῇ
2777 2224 2846 2290 γῇ
2873 2223 3296 2293 εὐχαριστήριος
3328 2227 3425 2276 καὶ
3455 2225 3535 2285 ὡς
3593 2222 3795 2293 σφραγὶς

2244 2314 2338 2365 καὶ
2369 2314 2650 2379 τελείωσις
2704 2315 3040 2384 ὲπιλέγεται.
3088 2317 3203 2369 Καὶ
3256 2316 3558 2382 δωδεκάκις
3610 2317 3796 2369 πάντων

2243 2407 2321 2476 τῷ
2370 2407 2492 2478 Θεῷ
2550 2408 2691 2478 ὑπὲρ
2745 2407 2840 2462 τοῦ
2894 2409 3323 2480 τελευτήσαντος
3374 2409 3795 2479 προσκυνούντων

2243 2500 2324 2562 είς
2357 2499 2636 2565 ὲξιλέωσιν
2664 2501 2763 2569 τῆς
2791 2500 2958 2555 αὑτοῦ
2980 2546 2984 2550 Α
3009 2500 3181 2570 ζωῆς.
3209 2502 3333 2572 ἡτις
3357 2501 3701 2572 δωδεκάωρος
3741 2501 3793 2569 τῇ

2243 2590 2450 2660 ἡμέρᾳ,
2491 2590 2589 2643 καὶ
2625 2590 2983 2661 δωδεκάωρός
3016 2591 3136 2645 ἐστι
3164 2593 3229 2663 τῇ
3260 2592 3440 2656 νυκτὶ,
3491 2593 3795 2660 ἀπέρχονται

2244 2682 2475 2744 ἕκαστος
2511 2682 2640 2751 περὶ
2671 2682 2868 2736 ἑαυτοῦ
2902 2684 2972 2737 τὰ
3000 2684 3163 2753 ὅμοια
3197 2683 3559 2753 μελετῶντες,
3595 2681 3700 2747 εἴγε
3721 2677 3796 2732 καὶ

2242 2773 2332 2827 διὰ
2354 2772 2634 2843 φροντίδος
2664 2773 2774 2826 τισὶ
2803 2774 3030 2844 γένηται
3083 2773 3243 2827 τοῦτο
3272 2789 3288 2804 ’
3342 2774 3466 2827 καθ’
3499 2775 3727 2842 ἑσπέραν
3746 2783 3796 2821 τε

2242 2865 2338 2918 καὶ
2374 2863 2522 2934 πρωῒ
2545 2865 2606 2918 οὐ
2632 2864 2897 2918 παύονται
2928 2866 3039 2918 τῶν
3067 2864 3209 2936 ὑπὲρ
3253 2864 3349 2918 τοῦ
3399 2864 3795 2932 τελευτήσαντος

2242 2957 2587 3026 προσευχῶν.
2656 2954 2790 3010 Εἶτα
2854 2958 2950 3010 καὶ
3008 2957 3078 3010 τὰ
3140 2957 3517 3027 νενομισμένα
3574 2953 3794 3007 ποιοῦσι·

2242 3051 2673 3120 προηγουμένως
2692 3048 2791 3120 τὴν
2817 3050 2941 3103 καθ’
2995 3050 3210 3120 ἡμέραν
3239 3050 3583 3118 ἀναίμακτον
3611 3047 3796 3107 Θυσίαν,

2238 3135 2307 3211 ἦς
2345 3141 2499 3193 οὐδὲν
2546 3140 2625 3210 τῷ
2682 3142 2998 3210 κοιμηθέντι
3046 3142 3508 3212 λυσιτελέστερον,
3556 3141 3660 3194 οὐδ’
3691 3138 3800 3193 ἄλλο

2244 3232 2366 3285 κατ’
2406 3230 2541 3285 αὐτὸ
2567 3231 2912 3303 εὐφροσύνης
2953 3235 3047 3286 καὶ
3084 3232 3368 3301 φωτισμοῦ
3403 3234 3501 3286 καὶ
3533 3231 3663 3286 Θεοῦ
3685 3229 3798 3283 ἐνώ-

2244 3340 2384 3385 σεως
2405 3323 2600 3389 αίτιον,
2632 3324 2796 3377 αὑτοῦ
2823 3324 2914 3377 τοῦ
2953 3325 3192 3393 αἵματος
3220 3322 3316 3377 τοῦ
3371 3324 3652 3394 Κυριακοῦ
3679 3323 3799 3388 ὑπὲρ

553 3416 857 3470 secundum
923 3433 1141 3471 carnem
1205 3420 1496 3488 propinqui
1566 3431 1790 3489 tumque
1830 3424 2128 3479 secundum

2241 3415 2398 3483 ἡμῶν
2428 3414 2539 3468 τῶν
2570 3415 2804 3483 ἀχρείων
2836 3417 3189 3486 ἐκχεομένου,
3237 3417 3334 3469 καὶ
3365 3416 3461 3469 τοῦ
3524 3416 3667 3470 θείου
3711 3414 3799 3465 σὼ-

558 3509 812 3577 spiritum
846 3509 1128 3577 conjuncti
1162 3517 1215 3562 ct
1243 3524 1311 3563 eo
1341 3512 1515 3580 magis
1571 3514 1871 3567 secundum
1905 3530 2128 3569 carnem

552 3601 896 3669 perapinquos
924 3610 1173 3656 amantes
1203 3617 1311 3669 quo
1350 3602 1597 3659 inlimius
1627 3604 1932 3661 secundum
1959 3608 2128 3675 spiri-

552 3703 665 3747 tum
701 3693 1128 3762 conjunguntur,
1151 3693 1415 3750 continuo
1446 3703 1500 3749 et
1524 3696 1754 3765 singulis
1773 3698 1965 3752 diebus
1996 3698 2133 3753 olfe-

548 3798 680 3843 runt
708 3802 802 3855 per
829 3802 1034 3841 annum
1093 3787 1367 3857 integrum,
1419 3796 1701 3858 totamque
1749 3791 1913 3845 vitam
1948 3807 2127 3857 suam,

546 3891 602 3934 et
637 3890 843 3949 quanto
890 3880 1097 3947 pluries
1125 3879 1363 3936 oderunt
1392 3896 1458 3936 eo
1492 3883 1664 3949 magis
1694 3892 1925 3951 prosunt
1952 3883 2125 3948 maio-

546 3987 774 4043 remque
829 3973 1138 4043 percipiunt
1201 3975 1516 4028 utilitatem.
1576 3973 1710 4029 Nam
1786 3975 1919 4044 quid
1980 3976 2127 4031 aliud

547 4063 882 4120 fructuosius
925 4080 1089 4134 quam
1140 4064 1421 4119 Christum
1453 4077 1552 4135 pro
1607 4066 1765 4121 nobis
1796 4066 2070 4121 immolari
2107 4068 2130 4122 ?

545 4158 647 4211 Alii
684 4169 815 4211 vero
849 4166 1114 4228 quantum
1144 4166 1373 4227 possunt
1400 4167 1455 4212 et
1489 4155 1825 4212 voluntatem
1866 4157 2065 4214 habent
2107 4198 2123 4222 ,

546 4249 637 4305 alii
678 4260 859 4303 autem
895 4250 963 4304 ad
996 4251 1280 4304 minimum
1330 4265 1425 4317 per
1454 4249 1815 4320 quadraninta
1846 4251 1961 4306 dies
1993 4252 2125 4307 illud

488 4354 509 4419 ’λέ
544 4339 791 4409 quotidie
819 4340 1093 4395 ‘oﬂ‘erunt.

498 4430 508 4447 λ
1054 4453 1284 4511 CAPUT
1316 4454 1610 4509 cccmx.

547 4547 699 4613 Quod
733 4546 997 4614 defunctis
1038 4547 1168 4599 utile
1204 4548 1272 4599 sit
1302 4547 1563 4612 imprimis
1594 4546 1987 4600 sanctissimum
2018 4562 2124 4601 εω-

1103 4633 1186 4670 ua:
1220 4618 1565 4683 sacri/icium.

615 4709 750 4765 Illud
781 4723 962 4765 autem
997 4711 1054 4764 ﬁt
1082 4710 1342 4779 quoniam
1373 4725 1514 4766 unus
1554 4725 1586 4765 e
1620 4710 1826 4767 sanctis
1844 4708 2123 4778 Patribus,

546 4802 841 4872 Gregorius
873 4803 1081 4857 scilicet
1110 4801 1524 4871 Romanus,qni
1561 4811 1615 4857 et
1645 4802 1922 4874 dialogum
1954 4804 2128 4873 scrip-

549 4895 643 4956 sit,
677 4900 899 4947 fratrem
935 4893 1222 4961 quemdam
1252 4907 1280 4944 a
1331 4892 1505 4961 pmnis
1537 4894 1700 4948 solvit
1754 4910 1849 4963 per
1878 4894 2118 4965 quadra-

549 4984 698 5051 ginta
728 4982 847 5036 dies
895 4998 992 5052 pro
1028 4998 1092 5038 co
1135 4982 1394 5039 oﬁ‘erens.
1431 4984 1600 5040 Porro
1654 4985 1981 5041 sacriﬁcium
2018 4986 2123 5041 hoc

550 5090 715 5143 quam
753 5076 990 5130 maxime
1044 5074 1347 5143 proﬁcuum
1382 5091 1504 5131 esse
1549 5091 1758 5131 necnon
1811 5093 1840 5132 a
1888 5078 2123 5132 vinculis

547 5168 744 5222 mortis
775 5167 1011 5232 solvere,
1058 5169 1246 5221 multis
1297 5183 1419 5237 quae
1470 5169 1820 5235 contigerunt
1865 5169 2038 5239 signis
2068 5177 2123 5224 et

545 5262 753 5331 scripto
783 5261 1035 5315 mandata
1083 5270 1231 5321 sunt.
1265 5261 1615 5315 manifestum
1647 5260 1874 5316 faciunt.

1041 5375 1270 5432 CAPUT
1308 5375 1625 5433 CCCLXXI.

549 5468 625 5523 De
670 5470 934 5524 oblatione
984 5470 1292 5540 colyburum
1344 5484 1409 5522 ea:
1457 5469 1697 5538 frugibus
1743 5468 2124 5540 fructibusque,

897 5557 1015 5610 qua:
1047 5542 1179 5594 solet
1221 5556 1316 5608 pro
1346 5540 1594 5607 defuncto
1625 5542 1763 5608 ﬁeri.

622 5630 717 5686 Die
748 5648 877 5687 vero
916 5634 1096 5697 tertia,
1128 5631 1368 5688 triduum
1414 5633 1641 5699 implent
1674 5631 1785 5687 Deo
1834 5631 2124 5688 oderentes

551 5738 775 5777 munera
807 5740 869 5777 ex
897 5724 1171 5778 frumento
1195 5721 1425 5791 aliisque
1474 5723 1639 5777 variis
1689 5723 1978 5778 fructibus.
2016 5723 2120 5780 Sed

552 5829 723 5883 quare
772 5815 1030 5872 fructus?
1066 5813 1340 5881 Quoniam
1371 5814 1536 5870 horno
1571 5831 1760 5873 semen
1790 5828 1877 5873 est.
1925 5828 1979 5872 et
2006 5827 2124 5874 tan-

2240 3526 2411 3578 ματος
2471 3508 2754 3579 θυομένου.
2814 3509 2924 3561 Καὶ
2990 3509 3195 3578 ταύτην
3251 3510 3351 3579 τὴν
3407 3509 3603 3563 θυσίαν
3649 3507 3700 3562 οἴ
3748 3522 3796 3558 τε

2236 3601 2384 3654 κατὰ
2406 3600 2625 3669 πνεῦμα
2669 3600 2949 3669 ένούμενςι
3001 3602 3092 3653 καὶ
3150 3598 3313 3652 πλέον
3382 3597 3664 3670 φιλοῦντες
3705 3597 3798 3651 τῶν

2238 3694 2360 3747 καθ’
2414 3688 2554 3761 αἷμα
2600 3692 2675 3755 ὼς
2722 3693 2989 3763 ἡνωμένοι
3052 3691 3131 3762 τῷ
3184 3692 3506 3761 πνεύματι,
3562 3689 3797 3761 διηνεκῶς

2235 3787 2333 3839 καὶ
2359 3785 2484 3839 καθ’
2512 3786 2729 3855 ἡμέραν
2757 3786 3184 3856 προσφέρουσιν,
3225 3785 3345 3839 ὅλον
3380 3802 3441 3838 τε
3500 3785 3596 3838 τὸν
3640 3786 3798 3837 ἐνιαυ-

2234 3877 2352 3941 τὸν,
2384 3879 2482 3930 καὶ
2510 3879 2692 3932 πᾶσαν
2731 3878 2911 3932 αὐτῶν
2958 3878 3058 3949 τὴν
3115 3878 3285 3948 ζωὴν,
3337 3880 3430 3931 καὶ
3479 3877 3607 3931 ὅσον
3658 3872 3796 3928 πλέον

2233 3968 2664 4037 προσφέρουσιν,
2715 3967 2988 4038 ὠφελοῦσι
3034 3969 3130 4023 καλ⁹
3177 3968 3542 4037 ὠφελοῦνται.
3601 3965 3666 4019 Τί
3706 3964 3798 4032 γὰρ

2232 4060 2364 4115 ἄλλο
2387 4060 2836 4131 ὲπωφελέστερον
2865 4061 2960 4115 τοῦ
2995 4060 3224 4115 θύεσθαι
3268 4061 3362 4113 τὸν
3401 4059 3642 4130 Χριστὸν
3678 4056 3796 4123 ὑπὲρ

2231 4151 2426 4222 ἡμῶνς
2457 4153 2507 4206 oi
2558 4151 2614 4205 δὲ
2677 4152 2802 4207 καθ’
2849 4153 2974 4206 ὅσον
3025 4151 3272 4223 ίσχύουσί
3309 4168 3369 4204 τε
3418 4151 3514 4206 καὶ
3562 4146 3798 4221 προαιρέ-

2235 4258 2375 4306 σεως
2410 4242 2628 4313 ἔχουσιν
2661 4256 2680 4278 ⁶
2711 4246 2761 4297 oi
2786 4244 2845 4298 δὲ
2868 4244 3000 4315 ἄχρι
3058 4244 3417 4314 τούλάχιστον
3457 4242 3556 4296 καὶ
3596 4239 3798 4313 ἡμερῶν

2174 4352 2175 4355 ‘
2234 4336 2647 4407 τεσσαράκοντα
2678 4336 3021 4407 προσάγουσι
3071 4334 3195 4389 καθ’
3226 4336 3461 4406 ἡμέραν.

2815 4451 3074 4507 ΚΕΦΑΛ.
3106 4452 3227 4507 TO'.

2233 4544 2438 4610 Ὅπως
2470 4542 2594 4609 τοῖς
2624 4544 3082 4613 κεκοιμημένοις
3098 4542 3423 4614 ἐπωφελὴς
3444 4543 3601 4611 ὑπὲρ
3620 4542 3799 4596 ,πάντα

2731 4617 2771 4681 ἢ
2799 4615 3081 4683 ἱερωτάτη
3111 4618 3318 4670 θυσία.

2319 4706 2474 4760 Ἐπεὶ
2511 4706 2605 4761 καί
2661 4724 2743 4771 τις
2792 4707 2900 4763 τῶν
2940 4708 3114 4776 ἁγίων
3178 4708 3458 4777 Πατέρων,
3517 4708 3798 4782 Γρηγόριος

2162 4764 2207 4821 D
2235 4798 2294 4853 δὲ
2311 4792 2471 4864 οὗτος
2497 4802 2526 4853 6
2562 4764 2803 4871 'Ptbil‘il§,
2849 4801 2878 4853 6
2921 4764 3017 4855 xui.
3049 4800 3139 4854 τὸν
3195 4764 3457 4869 διάλογον,
3500 4764 3796 4870 ἐκθέμενοςι

2233 4892 2464 4961 ἀδελφόν
2490 4909 2613 4947 τινα
2634 4894 2825 4947 λέλυκε
2851 4893 2954 4963 τῆς
2982 4892 3281 4957 κολάσεως,
3317 4895 3374 4947 έν
3405 4896 3798 4964 τεσσαράκοντα

2232 4986 2563 5055 προσφέρων
2596 4986 2834 5056 ἡμέραις
2890 4986 3031 5055 ὑπὲρ
3066 4985 3255 5040 αὑτοῦ.
3288 4985 3413 5039 Ὅτι
3446 4986 3505 5038 δὲ
3568 4988 3602 5054 ἡ
3654 4982 3799 5037 θυσία

2230 5076 2371 5145 αὕτη
2390 5075 2810 5146 λυσιτελεστάτη
2843 5076 3082 5140 πολλοῖς,
3114 5077 3209 5129 καὶ
3238 5075 3454 5147 δεσμῶν
3481 5076 3687 5130 λύουσα
3710 5071 3799 5125 καὶ

2241 5164 2497 5233 θανάτου,
2524 5166 2685 5235 δῆλον
2708 5167 2773 5219 ὲκ
2837 5165 3050 5221 πολλῶν
3074 5166 3401 5238 προσάντων
3452 5167 3697 5238 σημείων
3721 5162 3801 5216 καὶ

2233 5255 2600 5324 άναγράπτων
2627 5256 2816 5311 ὅντων.

2798 5370 3052 5427 ΚΕΦΑΛ.
3086 5372 3251 5427 TOA'.

2230 5468 2371 5534 Περὶ
2400 5466 2520 5521 τῶν
2537 5463 3025 5589 προσαγομένιιᾶν,
3035 5466 3193 5590 ἕπὲρ
3218 5465 3340 5521 τῶν
3365 5462 3801 5532 κεκοιμημένων

2879 5553 2949 5590 κο
2995 5555 3030 5590 υ
3072 5554 3178 5589 ων.

2879 5553 3178 5591 κοκυοων.

2304 5628 2383 5701 Τῇ
2410 5631 2644 5704 τρίτῃδὲ
2690 5632 2876 5703 ἡμέρᾳ
2898 5635 2990 5686 καὶ
3019 5631 3088 5685 τὰ
3143 5630 3306 5700 τρίτα
3358 5627 3696 5683 έπιτελοῦσιν
3743 5622 3802 5672 ἐκ

2236 5722 2574 5794 σπερμάτων
2617 5724 2767 5777 σίτου
2790 5726 2886 5778 καὶ
2910 5724 3144 5794 καρπῶν
3177 5723 3451 5791 διαφόρων
3475 5718 3671 5780 ἄλλων,
3731 5712 3803 5778 τῷ

2231 5817 2353 5889 θεῷ
2384 5817 2870 5891 προσκομίζρντες.
2905 5816 2971 5870 Τί
3002 5817 3057 5872 δὲ
3090 5817 3141 5883 οἱ
3174 5815 3412 5885 καρποί;
3449 5814 3570 5868 Ὅτι
3591 5809 3685 5862 καὶ
3720 5808 3806 5861 ἄν·
