4026 6274
284 356 387 421 689

1445 365 1541 425 DE
1570 365 1671 426 Oll
1686 368 1865 429 DINE
1906 369 2407 436 SEPULTURJE.

3444 384 3559 446 690

282 468 503 535 θρωπος
538 469 769 540 σπέρμα
794 472 891 527 καὶ
911 473 988 536 ὡς
1023 476 1237 545 καρπὸς
1269 476 1333 529 ὲκ
1381 476 1482 545 τῆς
1518 479 1641 545 γῆς,
1676 478 1772 531 καὶ
1795 479 1870 542 ὡς

1980 498 2144 551 quam
2205 487 2420 544 fructus
2484 498 2663 555 terrm,
2701 489 2801 544 vel.
2844 498 3102 561 tanquam
3167 506 3396 561 granum
3446 494 3561 549 fru-

285 562 433 625 σϊτος
463 562 941 632 καταϐαλλόμενος
1002 569 1081 630 εἰς
1109 568 1210 638 τὴν
1273 568 1394 638 γῆν,
1438 571 1576 623 Θεοῦ
1637 571 1869 640 δυνάμει

282 653 448 706 πάλιν
479 655 909 725 ἐξαναστήσεται
938 674 953 688 ·
992 659 1087 713 καλ⁸
1150 657 1263 715 οἷον
1313 663 1622 732 βλαστήσεις
1684 666 1741 716 ὲν
1790 662 1868 733 τῷ

284 745 560 818 μέλλοντι,
593 746 670 813 τῷ
736 747 956 821 Χριστῷ
1002 752 1204 814 τέλειος
1251 755 1344 806 καὶ
1400 753 1507 817 ζῶν
1556 756 1871 825 προσαχθῆ-

283 851 455 890 σεται.
488 837 656 907 268
695 837 924 911 Ὠςγὰρ
951 843 978 894 ὁ
1008 841 1199 913 παρὼν
1223 844 1436 911 καρπὸς
1475 844 1738 897 θάπτεται
1771 845 1869 913 μὲν

283 925 342 983 ὲν
367 928 433 994 τῇ
469 931 562 997 γῇ,
599 929 886 996 βλαστάνει
926 932 984 985 δὲ
1033 936 1171 1002 μετὰ
1201 934 1396 997 ταῦτα,
1454 936 1546 988 καὶ
1599 935 1869 1004 πολύχουν

284 1020 607 1090 τελεσφορεῖ
659 1023 752 1076 τδν
802 1027 1039 1093 καρπὸν,
1077 1026 1221 1080 οὕτω
1285 1028 1381 1080 καὶ
1442 1028 1749 1098 ἄνθρωπος,
1792 1027 1869 1098 τῷ

285 1116 503 1186 θανάτῳ
546 1120 611 1188 τῇ
672 1120 743 1187 γῇ
792 1119 1089 1187 διδόμενος,
1124 1123 1492 1192 ἀναστήσεται
1546 1121 1726 1185 αὖθις.
1758 1123 1869 1175 Καὶ

198 1238 203 1243 ~
284 1207 498 1271 Παῦλος
544 1207 706 1262 τοῦτό
762 1227 919 1278 φησι,
943 1212 1032 1266 διὰ
1063 1213 1525 1281 παραδειγμάτων
1558 1214 1663 1265 τῶν
1700 1229 1869 1279 σπερ-

286 1303 475 1368 μάτων
506 1303 674 1373 δήλην
740 1304 966 1374 θέμενος
1019 1307 1119 1375 τὴν
1176 1308 1499 1362 ἀνάστασιν.
1557 1307 1714 1369 Τινὲς
1769 1304 1870 1374 μὲν

285 1394 377 1447 οὖν
435 1412 621 1462 φασιν,
678 1397 753 1461 ὡς
784 1398 872 1451 διὰ
919 1401 981 1452 τὸ
1014 1400 1200 1468 θαῦμα
1231 1399 1326 1453 τοῦ
1385 1400 1701 1454 καλλινίκου
1731 1398 1870 1469 μάρο

284 1501 451 1550 τυρος
484 1486 763 1557 Θεοδώρου
812 1488 975 1542 τοῦτο
1018 1489 1283 1559 τελοῦμεν
1336 1491 1399 1546 τὸ
1454 1492 1563 1544 τῶν
1613 1489 1870 1559 καρπῶν.

285 1576 402 1627 Οὐκ
424 1576 540 1629 ἐστι
570 1577 628 1628 δὲ
683 1579 844 1647 μόνον
877 1580 966 1632 διὰ
1008 1581 1189 1647 τοῦτο,
1242 1580 1365 1634 ἐπεὶ
1399 1579 1683 1633 καὶτοῦτο
1724 1580 1871 1633 θεῖον

288 1669 383 1719 καὶ
437 1668 588 1734 παρὰ
637 1669 730 1721 τοῦ
792 1671 953 1736 Θεοῦ,
1016 1673 1156 1725 ἀλλὰ
1205 1673 1292 1726 διὰ
1356 1674 1458 1741 τὴν
1506 1672 1603 1726 τοῦ
1657 1674 1871 1727 Παύλου

290 1762 497 1826 μᾶ)ιῖον
550 1764 861 1833 φωνὴν,ὼς
915 1766 1336 1835 είρήκαμεν.τὰ
1389 1766 1682 1835 σπέρματα
1734 1781 1871 1835 παρ-

285 1826 600 1917 εικάζοντσς
638 1826 753 1919 τόῖς
814 1826 1136 1927 ἡμετέροις·
1169 1861 1408 1928 σώμασι,
1465 1826 1874 1926 καταϐαλλομό-
1911 1826 1949 1881 Β

288 1964 402 2008 νοις
452 1965 509 2000 τε
535 1951 631 2001 καὶ
679 1949 1094 2018 ὲγειρομένοις,
1149 1954 1500 2020 τιμιωτέροις
1567 1949 1718 2005 οὖσιν
1776 1955 1877 2005 αὐ-

287 2043 417 2093 ττιν.
457 2040 547 2090 Διὸ
587 2042 681 2092 καὶ
726 2042 787 2094 οὐ
845 2042 1006 2111 μόνον
1066 2045 1234 2104 σῖτον,
1296 2044 1433 2095 ἀλλὰ
1488 2044 1582 2098 καὶ
1650 2044 1874 2121 πλεῖστα

289 2135 401 2186 τῶν
431 2130 606 2185 ἄλλων
653 2134 990 2201 σπερμάτων
1059 2133 1435 2202 προσάγομεν,
1473 2136 1565 2187 καὶ
1612 2129 1755 2186 οἶνον
1812 2136 1876 2186 ὲκ

180 2262 204 2274 ο
292 2230 387 2281 τοῦ
429 2229 739 2295 γενήματος
788 2228 889 2296 τῆς
943 2229 1193 2296 ἀμπέλου
1226 2245 1243 2261 ⁸
1273 2228 1356 2280 ὄτι
1392 2229 1484 2280 καὶ
1524 2227 1684 2280 τοῦτο
1715 2226 1875 2294 ξύλου

294 2322 528 2389 impne;
567 2324 664 2374 κοιλ⁵
692 2322 774 2385 είς
819 2320 919 2390 τὴν
964 2320 1061 2375 τοῦ
1121 2319 1360 2390 Χριστοῦ
1407 2320 1545 2388 μετὰ
1577 2320 1669 2373 τοῦ
1726 2320 1877 2372 σίτου

294 2416 516 2485 ἑξελέγη
541 2416 757 2469 θυσίαν.
810 2415 922 2470 Καὶ
961 2417 1079 2474 ταῖς
1132 2417 1243 2467 τῶν
1300 2414 1474 2482 ἁγίων
1521 2414 1579 2467 δὲ
1632 2414 1877 2481 μνήμαις

292 2508 461 2561 ταῦτο
500 2507 907 2577 προσφέρομεν,
960 2508 1044 2560 ὅτι
1116 2508 1210 2561 καὶ
1260 2508 1417 2561 αὐτοὶ
1462 2507 1673 2577 καρπὸς
1723 2507 1879 2573 ἅγιος

296 2601 394 2654 κλὶ
455 2599 887 2667 παραδεδομένοι
941 2602 1009 2669 τῇ
1068 2601 1139 2668 γῇ
1183 2603 1296 2659 τοῖς
1359 2598 1527 2661 θείοις
1576 2597 1874 2667 λειψάνοις,

296 2694 394 2748 καὶ
436 2696 493 2745 ἐν
546 2692 769 2760 Χριστῷ
824 2692 1245 2759 ἀναστήσονται.
1288 2692 1614 2758 Ἐξαιρέτως
1679 2690 1753 2763 δὲ⁸
1783 2696 1879 2747 καὶ

300 2789 462 2840 πλέον
506 2791 617 2840 τῶν
671 2786 848 2840 ἄλλων
913 2787 1200 2855 σπορίμων
1251 2787 1279 2839 δ
1341 2787 1509 2849 σῖτος,
1562 2786 1645 2838 δτι
1694 2786 1786 2837 καὶ
1850 2783 1881 2834 ὁ

299 2883 490 2951 Σωτὴρ
521 2883 580 2933 τὸ
634 2879 832 2932 ἑαυτοῦ
878 2879 1145 2944 πανάγιω
1207 2877 1366 2944 σῶμα
1424 2878 1559 2945 σίτῳ
1606 2874 1879 2944 παρείκαο

298 2990 413 3027 σεν.
464 2973 587 3025 Ἐὰν
616 2974 725 3040 γὰρ
794 2972 868 3041 μὴ
900 2974 928 3024 ό
959 2972 1160 3032 κόκκος
1210 2970 1305 3023 τοῦ
1354 2970 1528 3033 σίτου,
1590 2976 1746 3037 φησι.
1779 2985 1878 3019 πε-

297 3068 406 3118 σὼν
428 3069 508 3129 εἰς
532 3067 631 3136 τὴν
661 3065 790 3134 γῆν,
822 3065 1090 3136 ἀποθάνῃ,
1144 3064 1307 3126 αὐτὸς
1341 3064 1503 3133 μόνος
1556 3065 1732 3132 μένει.
1782 3062 1878 3115 Ἐκ

1981 582 2149 633 menti
2211 582 2263 635 iu
2334 594 2534 638 terram
2585 584 2869 654 injectum,
2929 583 3022 640 Dei
3073 588 3313 653 potentia
3361 588 3559 641 iterum

1976 681 2250 736 resurget,
2283 684 2337 729 et
2365 681 2698 744 germinans,
2731 688 2789 731 ut
2815 678 2886 732 ita
2920 679 3122 741 dicam,
3156 680 3208 733 in
3243 682 3352 735 vita
3375 683 3556 735 futura

1978 761 2202 817 Christo
2234 763 2509 832 perfectus
2542 782 2607 821 ac
2639 768 2827 820 vivens
2868 768 3153 824 offeretur.
3188 770 3327 824 Nam
3363 787 3559 839 quem-

1980 855 2276 910 admodum
2310 872 2497 911 semen
2531 861 2583 912 iu
2611 867 2751 914 terra
2780 860 3062 930 sepelitur;
3087 862 3355 932 germinat
3379 873 3559 917 autent

1920 1015 1926 1021 η
1976 956 2169 1016 postea
2223 959 2276 1004 et
2326 950 2558 1005 multum
2623 951 2860 1006 fructum
2917 954 3095 1017 affert,
3148 955 3221 1009 ita
3276 965 3327 1009 et
3400 956 3563 1009 humo

1975 1051 2153 1096 morte
2186 1043 2345 1097 datus
2378 1050 2557 1108 terrae,
2594 1058 2809 1099 rursum
2848 1056 3115 1114 resurget.
3173 1046 3328 1113 Quod
3362 1046 3562 1103 Paulus

1975 1134 2144 1198 dixit,
2223 1138 2473 1206 exemplo
2548 1139 2818 1193 seminum
2914 1141 3261 1197 manifestam
3358 1143 3562 1198 faciens

1977 1227 2463 1281 resurrectionem.
2520 1225 2797 1293 ,Nonuulli
2858 1231 3076 1298 quidem
3144 1244 3404 1288 asserunt
3460 1251 3562 1288 nos

1978 1316 2120 1372 hanc
2150 1316 2426 1373 fructuum
2465 1320 2794 1376 oblationem
2827 1322 3005 1376 facere
3057 1335 3277 1394 propter
3326 1327 3566 1381 miracu-

1979 1408 2092 1462 lum
2133 1410 2355 1478 gloriosi
2397 1414 2654 1485 martyris
2683 1414 2956 1471 Theodori
2987 1433 3002 1483 ;
3039 1419 3133 1472 scd
3159 1432 3263 1471 nou
3285 1427 3370 1471 est
3400 1434 3565 1488 prop-

1981 1510 2068 1557 ter
2111 1503 2250 1559 istud
2281 1515 2516 1569 tantum,
2547 1507 2653 1561 etsi
2686 1507 2790 1562 hoc
2829 1510 2991 1563 etiam
3042 1510 3289 1565 divinum
3327 1512 3398 1566 sit
3449 1522 3503 1566 et
3532 1528 3559 1565 a

1982 1593 2093 1652 Deo
2138 1598 2476 1666 institutum,
2517 1601 2609 1656 sed
2648 1604 2869 1672 potius,
2925 1612 2984 1657 ut
3029 1605 3293 1671 diximus,
3344 1618 3564 1676 propter

1981 1690 2206 1745 verbum
2251 1693 2402 1748 Pauli
2453 1697 2545 1762 qui
2598 1697 2808 1751 semina
2860 1700 3203 1765 comparavit
3236 1701 3562 1768 corporibus

1983 1782 2188 1837 nostris
2214 1798 2336 1852 quae
2354 1784 2563 1852 sepulta
2590 1788 2986 1841 resuscilautur
3019 1789 3177 1858 longe
3208 1790 3344 1856 ipsis
3380 1791 3555 1843 homo-

1983 1873 2261 1928 rabiliura.
2292 1873 2640 1946 Quapropter
2684 1891 2791 1930 non
2824 1878 3173 1932 solummodo
3199 1878 3561 1942 frumentum.

1983 1968 2076 2021 sed
2109 1976 2163 2020 et
2194 1969 2345 2034 plura
2399 1969 2505 2023 alia
2540 1972 2753 2026 semina
2804 1969 3085 2027 oderimus
3140 1972 3443 2039 vinumque
3494 1989 3558 2026 ex

1981 2057 2254 2123 genimiue
2300 2058 2450 2125 vitis,
2486 2060 2746 2128 quoniam
2797 2062 2901 2117 huc
2943 2076 3162 2130 quoque
3211 2060 3426 2117 fructus
3479 2074 3566 2117 est

1982 2149 2135 2217 ligni,
2168 2159 2222 2204 et
2254 2166 2376 2204 cum
2408 2150 2685 2207 frumento
2737 2153 2791 2206 in
2838 2154 3182 2208 sacrificium
3208 2152 3412 2208 Christi
3465 2154 3567 2209 fuit

1979 2242 2239 2297 electum.
2275 2242 2401 2297 Haec
2455 2259 2589 2298 vero
2628 2244 2794 2300 etiam
2827 2245 2881 2299 in
2942 2247 3566 2301 commemorationibus

1980 2349 2298 2395 sanctorum
2332 2340 2635 2404 oderimus,
2666 2343 2923 2411 quoniam
2958 2343 3059 2413 ipsi
3098 2359 3318 2415 quoque
3350 2343 3567 2399 fructus

1981 2439 2208 2483 sanctus
2244 2439 2402 2484 terra:
2442 2433 2645 2500 pariter
2704 2435 2910 2490 sanctis
2962 2435 3210 2504 reliquiis
3271 2437 3556 2490 commissi

1984 2522 2036 2574 in
2090 2522 2312 2577 Christo
2363 2535 2669 2592 resurgeut.
2726 2525 2832 2580 Sed
2886 2527 3189 2596 prmsertim
3241 2538 3296 2582 et
3353 2530 3407 2582 in
3453 2545 3570 2583 ma-

1975 2614 2081 2684 juri
2123 2616 2245 2671 aliis
2315 2618 2615 2672 seminibus
2680 2620 2875 2688 copia,
2916 2619 3150 2675 oll‘ertur
3202 2621 3563 2686 frumentum,

1981 2711 2240 2777 quoniam
2311 2709 2562 2764 Salvator
2623 2725 2829 2779 corpus
2899 2726 3061 2765 suum
3153 2712 3566 2768 sanctissimum

1980 2801 2256 2858 frumento
2287 2804 2627 2874 comparavit
2659 2806 2846 2859 dicens
2879 2821 2895 2859 :
2955 2822 2972 2856 ι
3004 2803 3118 2861 Nisi
3172 2822 3402 2877 granum
3456 2805 3568 2859 fru-

1940 2900 2150 2957 ,menti
2220 2900 2424 2952 cadens
2482 2901 2533 2953 iu
2603 2910 2749 2953 terra
2807 2909 3087 2953 mortuum
3143 2900 3329 2965 fuerit,
3389 2901 3565 2968 ipsum

1981 2994 2155 3047 solum
2195 3001 2400 3054 manet,
2424 3011 2441 3043 ι
2477 3008 2586 3061 quo
2621 3007 2775 3048 suam
2813 2994 3035 3048 exltihet
3061 2997 3520 3049 resurrectionem
3550 3013 3563 3056 ;

1989 3102 2009 3135 ι
2035 3083 2080 3138 si
2116 3099 2246 3139 vero
2284 3093 2557 3138 mortuum
2588 3083 2771 3150 fuerit,
2794 3086 3020 3139 tuultnm
3060 3085 3296 3139 fructum
3327 3087 3508 3141 ull‘ert.
3542 3106 3560 3138 ι

290 3162 487 3215 τούτου
512 3159 570 3212 δὲ
594 3160 836 3230 παριστᾷ
863 3158 961 3212 καὶ⁵
1014 3158 1114 3229 τὴν
1158 3155 1326 3211 αὐτοῦ
1381 3155 1622 3228 ἔγερσιν.
1660 3155 1785 3208 Ἐὰν
1821 3154 1877 3208 δὲ

1989 3161 2174 3233 Viden’
2205 3194 2373 3248 quare
2405 3181 2741 3235 frumentum
2774 3181 3173 3248 proponimus?
3212 3180 3444 3249 Insuper
3490 3198 3556 3235 ex

293 3253 567 3323 ἀποθάνῃ,
593 3252 762 3305 πολὺν
810 3252 1028 3320 καρπὸν
1075 3252 1256 3320 φέρει.
1302 3249 1469 3320 Ὁρᾷς
1533 3249 1676 3301 διατί
1733 3249 1879 3302 σῖτον

291 3350 683 3419 προτίθεμεν;
730 3347 894 3401 ’Δλλὰ
930 3348 1026 3401 καὶ
1060 3347 1124 3399 ἐκ
1173 3346 1321 3399 σίτου
1383 3347 1489 3409 πᾶς
1533 3343 1741 3415 ἀληθὴς
1784 3345 1882 3414 ἄρ·

286 3461 409 3504 τος,
443 3441 537 3494 Διὸ
564 3444 658 3494 καὶ
717 3438 954 3509 Χριστὸς
1010 3441 1040 3492 ό
1090 3438 1345 3509 ἀληθινὸς
1407 3439 1502 3491 καὶ
1566 3439 1677 3501 ζῶν
1716 3437 1878 3507 ἄρτος

285 3532 379 3595 εἷς
414 3549 427 3564 '
460 3534 518 3595 δς
546 3534 639 3585 καὶ
678 3531 841 3599 ἄρτον
880 3532 980 3600 τῆς
1031 3529 1173 3597 ζωῆς
1235 3530 1433 3583 ἑαυτὸν
1478 3528 1837 3597 κατωνόμασε
1861 3542 1876 3556 ·

283 3624 366 3678 δι’
398 3625 487 3695 ἣν,
521 3624 596 3686 ὡς
627 3618 804 3691 οἶμαι,
833 3621 1013 3675 αἰτίαν
1062 3623 1154 3675 καὶ
1215 3621 1453 3691 ἐξαρχῆς
1507 3622 1640 3689 ἡμῖν
1705 3615 1879 3689 τροᾴὴ

283 3721 414 3780 τοῖς
458 3716 771 3787 ἀνθρώποις
802 3717 830 3768 ό
888 3718 1037 3777 σῖτος
1083 3714 1344 3768 δέδοται·
1385 3714 1479 3767 καὶ
1536 3714 1618 3767 ἔτι
1678 3713 1880 3783 μᾶλλον

283 3811 389 3865 διὰ
419 3811 479 3861 τὸ
508 3810 566 3861 ὲν
587 3810 737 3879 ἄρτῳ
768 3809 848 3880 τῷ
901 3811 966 3862 ὲκ
1013 3806 1110 3860 τοῦ
1173 3808 1324 3861 σίτου
1379 3806 1596 3876 μέλλειν
1659 3808 1880 3878 δοθῆναι

283 3902 548 3972 τίνεσθαι
574 3905 642 3956 τὰ
688 3907 987 3972 μυστήρια.
1029 3904 1202 3972 Τρίτα
1244 3902 1300 3956 δὲ
1347 3901 1725 3955 ἐπιτελοῦνται
1782 3901 1880 3953 καὶ

282 4005 517 4065 εννατα,
548 4001 645 4053 καὶ
676 4000 742 4052 τὰ
770 4001 955 4064 λοιπὰ,
987 4000 1284 4069 ἐξαιρέτως
1318 3998 1418 4067 μὲν
1443 3998 1532 4052 διὰ
1575 3999 1676 4068 τὴν
1714 3997 1882 4067 Τριά-

281 4101 383 4159 δσι,
416 4098 495 4149 ὅτι
523 4095 651 4166 παρ’
678 4093 850 4163 αὐτῆς
876 4095 1012 4163 ἡμῖν
1040 4094 1101 4144 τὸ
1123 4089 1264 4145 εἶναι
1299 4093 1391 4145 καὶ
1418 4091 1451 4161 ἡ
1482 4089 1618 4160 ζωὴ,
1650 4091 1744 4143 καὶ
1782 4089 1878 4142 τοῦ

280 4190 534 4244 θανάτου
566 4188 957 4255 συμφερόντως
986 4186 1122 4254 ἡμῖν
1141 4183 1482 4245 ἐπελθόντος,
1515 4182 1724 4251 αὗθιςή
1751 4183 1881 4233 ἀνα-

280 4283 535 4348 ζὼωσις.
560 4281 695 4334 Φασὶ
722 4281 778 4335 δέ
808 4297 972 4341 τινες,
1005 4280 1098 4331 καὶ
1134 4278 1221 4330 διὰ
1256 4277 1355 4348 τὴν
1405 4278 1623 4344 γένεσιν
1654 4275 1747 4329 τοῦ
1787 4276 1880 4326 ἀν-

281 4378 520 4443 θρώπου
546 4393 559 4407 ·
592 4375 677 4428 ὅτι
709 4373 1147 4440 καταϐληθέντος
1179 4370 1273 4424 τοῦ
1344 4369 1662 4437 σπέρματος
1706 4371 1766 4419 ἐν
1812 4370 1875 4437 τῇ

1990 3266 2264 3321 frumento
2294 3267 2475 3321 omnis
2519 3283 2683 3322 verus
2737 3268 2915 3336 panis,
2965 3267 3090 3322 ideo
3122 3268 3379 3325 Christus
3415 3270 3567 3325 solus

1983 3368 2066 3411 cst
2099 3374 2260 3413 verus
2312 3358 2578 3429 vivusque
2632 3361 2789 3429 panis
2821 3361 2914 3429 qui
2990 3360 3155 3414 etiam
3206 3363 3562 3431 semetipsum

1987 3466 2179 3520 panem
2211 3451 2332 3504 vitat
2373 3452 2798 3520 cognominavit,
2832 3452 3115 3522 quoniam,
3147 3464 3206 3508 ut
3236 3469 3455 3521 censeo,
3498 3456 3568 3509 ab

1986 3543 2142 3595 initio
2181 3545 2337 3597 nobis
2376 3543 2691 3599 hominibus
2730 3544 3063 3599 frumentum
3100 3547 3154 3601 in
3188 3561 3370 3601 escam
3398 3549 3565 3602 datus

1984 3646 2089 3697 est,
2122 3636 2201 3689 vel
2240 3637 2417 3704 potius
2461 3637 2589 3701 quia
2642 3636 2697 3689 in
2727 3651 2867 3704 pane
2914 3653 2977 3692 ex
3012 3638 3197 3697 tritico
3226 3641 3563 3695 conficienda

1982 3738 2137 3781 erant
2171 3728 2453 3798 mysteria.
2482 3727 2667 3781 Tertia
2698 3738 2880 3784 autem
2924 3731 3012 3784 die
3050 3745 3116 3784 ac
3152 3738 3295 3786 nona'
3320 3742 3371 3786 et
3405 3744 3565 3788 caete-
3614 3768 3635 3776 -

1988 3815 2060 3869 ris
2092 3817 2414 3869 memoriam
2465 3815 2706 3871 defuncti
2739 3816 2976 3872 facimus
3006 3819 3304 3886 praesertim
3341 3821 3560 3888 quidem

1986 3916 2208 3975 propter
2262 3906 2611 3969 Trinitatem,
2671 3910 2936 3977 quoniam
3001 3909 3070 3961 ah
3121 3910 3238 3978 ipsa
3290 3910 3448 3966 nobis
3482 3919 3566 3964 est

1983 4012 2105 4050 esse
2162 4006 2214 4050 ct
2261 3997 2446 4053 vivere
2494 3998 2579 4052 vel
2631 3999 2819 4063 etiam,
2859 4007 3036 4053 morte
3066 4000 3227 4054 nobis
3267 4000 3320 4053 in
3358 4004 3559 4055 bonum

1984 4089 2424 4157 superveniente,
2460 4090 2813 4146 reviviscere.
2853 4090 3049 4144 Dicunt
3078 4106 3208 4145 vero
3258 4091 3424 4160 aliqui
3459 4093 3563 4147 hoc

1982 4181 2146 4233 etiam
2183 4181 2294 4234 fieri
2325 4191 2550 4250 propter
2582 4183 2922 4237 nativitatem
2959 4184 3222 4249 hominis,
3273 4185 3559 4253 quoniam,

1984 4273 2193 4327 semine
2228 4276 2280 4327 in
2330 4283 2547 4328 uterum
2606 4274 2878 4339 immisso,
2926 4274 3198 4329 formatur
3242 4275 3427 4330 infans
3474 4276 3563 4329 die

1986 4367 2165 4426 tertia,
2200 4379 2340 4418 noua
2369 4366 2762 4434 compingitur,
2792 4376 2844 4420 et
2862 4367 3284 4436 quadragesima
3320 4368 3569 4443 viviﬂca;

290 4472 507 4541 μήτρᾳ,
540 4465 841 4535 μορφοῦται
876 4465 937 4518 τὸ
968 4463 1169 4533 βρέφος
1200 4465 1259 4516 ὲν
1300 4464 1365 4533 τῇ
1426 4462 1585 4545 τρίτῃ
1628 4476 1639 4490 ·
1682 4463 1747 4531 τῇ
1793 4463 1877 4513 ὲν-

1987 4469 2077 4510 tur
2116 4472 2184 4512 ac
2230 4458 2529 4527 perficitur.
2583 4456 2768 4513 Putari
2822 4468 3003 4514 autem
3060 4467 3239 4529 potest
3295 4459 3559 4515 infantem

284 4567 435 4634 νάτῃ
459 4562 515 4614 δὲ
563 4561 861 4631 πήγνυται,
912 4558 1005 4611 καὶ
1051 4559 1117 4627 τῇ
1178 4557 1588 4625 τεσσαρακοστῇ
1641 4554 1874 4616 ζωοῦται

288 4658 390 4710 καὶ
422 4654 738 4707 τελειοῦται.
773 4652 930 4703 Ἔστι
958 4650 1001 4700 δ’
1036 4650 1255 4712 ἐννοεῖν,
1289 4649 1372 4701 ὃτι
1421 4651 1519 4703 καὶ
1572 4647 1651 4717 τῷ
1706 4647 1878 4717 τρίτῳ

290 4751 433 4819 μηνὶ
494 4748 732 4815 σκιρτᾷ·
764 4745 856 4797 καὶ
908 4742 985 4812 τῷ
1033 4743 1179 4812 ἕκτῳ
1227 4742 1432 4794 τέλειόν
1480 4743 1597 4794 ἐστι
1656 4743 1878 4810 βρέφος,

286 4845 388 4896 καὶ
421 4841 501 4910 τῷ
529 4841 732 4908 ὲννοὶτῳ
762 4837 1029 4890 τίκτεται.
1058 4835 1169 4889 Kal.
1222 4830 1335 4886 ἐπ’
1361 4836 1632 4900 ἰνιαύσια,
1692 4835 1773 4887 ὅτι
1819 4834 1880 4888 τδ

288 4932 484 5002 τεχθὲν
516 4934 572 4981 ὲν
602 4929 680 4999 τῷ
708 4929 877 4999 τρίτῳ
912 4929 1040 4996 μηνὶ
1077 4926 1418 4994 αἰσθάνεται,
1472 4930 1568 4981 καὶ
1625 4929 1748 4983 κατ’
1774 4929 1881 4981 όλί-

285 5044 394 5094 γον
454 5024 701 5089 αὔξεται,
762 5023 1078 5084 ἀλλοιώσεις
1138 5021 1426 5091 δεχόμενος
1488 5010 1775 5089 ἄνθρωπος
1822 5024 1881 5075 ὲν

287 5116 514 5185 ἑκάστῳ
539 5116 650 5167 ἔτει
698 5115 791 5167 καὶ
833 5113 974 5166 ἑτῶν
1020 5113 1218 5181 τριάδι.
1275 5112 1370 5165 καὶ
1434 5112 1636 5180 μᾶλλον
1684 5115 1742 5164 ἐν
1803 5111 1880 5181 τῷ

282 5204 679 5275 ἄρχεσθαιτὴν
711 5203 903 5272 τρίτην
937 5202 1154 5272 τριάδα,
1204 5202 1326 5271 ἥτις
1374 5201 1587 5270 ἐστινὴ
1648 5202 1876 5271 ὲίὶδόμη,

274 5299 381 5351 ⁸διὲι
407 5296 467 5348 τὸ
499 5295 753 5348 σύνθετον
784 5290 926 5346 εἶναι
959 5292 1050 5345 τὸν
1079 5292 1394 5361 ἄνθρωπον,
1444 5295 1538 5345 καὶ
1594 5293 1670 5361 μὴ
1722 5293 1878 5345 δόνα-

284 5392 421 5443 σθαι
470 5389 752 5458 περαίνειν
802 5386 860 5439 τὸ
902 5388 1118 5454 τριττὸν
1167 5387 1267 5453 τῆς
1327 5385 1562 5455 τριάδος,
1622 5386 1758 5455 ὅπερ
1810 5386 1880 5439 τὰ

282 5482 448 5535 ἐννέα
473 5480 640 5542 ἐστὶν,
675 5481 731 5531 ὲν
752 5474 833 5541 οἷς
872 5480 899 5529 ό
939 5477 1174 5546 ἀριθμὸς
1204 5478 1317 5531 τῶν
1338 5480 1547 5544 τάξεων
1602 5482 1711 5532 τῶν
1782 5481 1880 5548 ἀγ·

281 5554 535 5642 γελικῶν
562 5587 579 5604 ⁸
609 5572 685 5633 ὡς
718 5571 998 5636 ἀσώματοι
1043 5570 1150 5639 γὰρ
1195 5563 1341 5622 οὗτοι
1384 5573 1478 5623 καὶ
1528 5572 1648 5633 νόες
1690 5574 1874 5642 μόνον,

280 5660 675 5728 ὲντελέστερον
701 5657 874 5727 τούτῳ
894 5657 958 5728 δὴ
981 5659 1077 5710 καὶ
1110 5658 1188 5729 τῷ
1223 5658 1445 5730 ἀριθμῷ
1501 5661 1711 5714 ἑαυτῶν
1743 5662 1878 5714 ἀθα-

281 5754 469 5815 vita);
501 5752 725 5817 ζῶντες,
763 5750 1058 5804 ὲκτυττοῦσι
1093 5750 1190 5821 τὴν
1238 5751 1400 5818 ἁγίαν
1447 5752 1651 5823 Τριάδα
1676 5770 1690 5785 ο
1726 5756 1877 5821 τρεῖς

279 5848 506 5916 τριάἷες
542 5846 651 5917 γὰρ
678 5847 744 5903 τὰ
765 5844 919 5900 ἐννέα
949 5860 963 5877 ·
995 5844 1112 5898 ἀλλ’
1162 5845 1319 5916 ἡμῶν
1375 5845 1450 5911 ὡς
1488 5847 1759 5901 συνθέτων
1788 5848 1875 5901 ἐϐ-

1986 4565 2174 4604 menso
2196 4550 2357 4604 tertio
2378 4551 2675 4616 exsultare,
2697 4561 2852 4606 sexto
2876 4551 3170 4619 perfectum
3187 4562 3397 4616 esse,et
3419 4567 3564 4605 nouo

1988 4644 2269 4712 parturiri.
2306 4645 2502 4714 Agitur
2548 4647 2713 4700 etiam
2773 4646 3236 4713 anniversarium,
3300 4648 3560 4716 quoniam

1987 4735 2168 4790 infans
2201 4746 2359 4791 natus
2387 4750 2578 4790 mense
2607 4736 2769 4790 tertio
2814 4737 3000 4801 sentit,
3040 4747 3097 4791 et
3133 4739 3394 4807 paulatim
3446 4756 3563 4794 ere-

1985 4834 2088 4885 scit
2155 4832 2487 4887 mutationes
2552 4833 2832 4901 accipiens
2892 4835 3058 4887 homo
3112 4836 3344 4904 singulis
3400 4839 3562 4893 annis

1985 4924 2326 4993 singulisque
2381 4939 2652 4979 annorum
2718 4927 3081 4995 ternionibus,
3152 4940 3206 4982 et
3258 4933 3559 4997 prmsertim

1983 5021 2112 5072 dum
2149 5019 2340 5088 incipit
2374 5020 2567 5074 tertius
2596 5019 2777 5074 ternio
2802 5020 2891 5088 qui
2920 5029 3007 5074 est
3057 5021 3325 5092 septimus
3358 5036 3557 5085 atauus,

1983 5109 2243 5181 quoniam
2282 5114 2446 5165 homo
2492 5122 2624 5165 tunc
2662 5111 2950 5180 perfectus
2977 5121 3061 5166 est
3112 5127 3289 5181 neque
3335 5111 3559 5165 tertium

1985 5206 2286 5259 tc-rnioucm
2346 5217 2619 5258 annorum
2682 5201 3035 5272 praetergredi
3102 5210 3280 5271 potest
3332 5218 3395 5256 ex
3451 5219 3560 5271 quo

1984 5294 2176 5351 novem
2211 5297 2339 5351 anni
2371 5305 2627 5351 constant
2663 5298 2715 5351 in
2749 5296 2952 5366 quibus
3003 5295 3372 5365 angelicorum
3404 5297 3557 5350 ordi-

1982 5405 2112 5441 num
2170 5388 2448 5442 invenitur
2491 5396 2755 5441 numerus
2799 5403 2814 5450 ;
2851 5386 2907 5439 hi
2963 5387 3109 5438 enim
3182 5396 3377 5439 natura
3436 5401 3558 5451 sua,

1980 5496 2147 5546 quum
2173 5481 2284 5535 sint
2311 5480 2619 5550 incorporei
2649 5486 2705 5533 et
2725 5476 3018 5548 spiritales,
3053 5485 3261 5530 tantum
3289 5488 3341 5530 et
3363 5479 3556 5547 exqui-

1980 5575 2142 5628 sitius
2208 5589 2437 5627 numero
2505 5587 2633 5640 suo,
2695 5571 3061 5625 immortalem
3144 5571 3310 5623 vitavu
3373 5569 3555 5639 adrle

1980 5678 2228 5722 sanctam
2286 5665 2612 5720 Trinitatem
2692 5671 3104 5733 reprzesentant.
3172 5662 3383 5732 Quippe
3444 5671 3556 5718 tres

1979 5760 2180 5814 triades
2230 5775 2421 5813 novem
2481 5758 2724 5823 faciunt;
2782 5756 2942 5811 nobis
3013 5772 3145 5811 vero
3201 5772 3299 5828 per
3348 5767 3553 5828 Septem

1980 5866 2153 5905 anuus
2187 5852 2291 5905 \ita
2327 5850 2626 5921 perﬁcitur,
2659 5859 2712 5904 et
2753 5850 3006 5906 similiter
3051 5850 3430 5917 mutatlones;
3474 5860 3555 5903 at-
