4026 6274
267 373 375 439 693

1435 383 1532 443 DE
1568 354 1858 451 OBDlNE
1897 383 2412 446 seruantia.

3435 370 3559 438 69f
3580 418 3593 425 -

268 490 586 562 τελουμένη,
622 492 806 556 καθὼς
851 487 1031 559 οὗτος
1060 495 1337 551 ἐκέλευσε.
1371 496 1618 553 Γίνονται
1670 499 1852 553 τοίνυν

1980 509 2011 555 :t
2068 501 2425 565 celebratum,
2489 508 2649 569 prout
2709 498 2827 567 ipse
2890 494 3190 550 mandavit.
3228 493 3314 547 Fit
3374 490 3553 563 igitur.

271 584 330 636 αἱ
362 582 574 653 μνῆμαι
605 587 663 638 ἐν
694 587 806 649 τοῖς
837 586 1261 657 προειρημένοις
1309 591 1544 655 καιροῖς,
1571 589 1648 653 ὡς
1695 591 1851 661 είρὴ-

273 691 475 744 καμεν,
505 676 737 740 διά”τάς
771 681 1279 748 προγεγραμμένοις
1324 680 1505 744 αἰτίας
1536 698 1552 713 ο
1583 685 1678 734 καὶ
1721 683 1852 734 πολ-

272 766 387 829 λοῖς
435 768 546 819 τῶν
593 767 766 837 ἀγίων
807 765 1113 840 ἐδείχθητε
1144 775 1238 826 καὶ
1270 773 1635 844 ἀπεκαλύφθη
1670 777 1703 844 ἡ
1743 775 1853 828 ἀπὸ

272 861 477 913 τούτων
501 863 829 935 ἐγγινομένη
847 869 957 929 τοῖς
989 867 1322 923 ἀπελθοῦσιν
1352 870 1618 938 ὠφέλεια.
1640 871 1731 923 Διὸ
1757 870 1856 925 καὶ

271 953 474 1015 ταύτας
501 956 599 1018 τὰς
631 959 853 1026 μνήμας
881 959 987 1028 χρὴ
1024 961 1270 1024 ἅπαντας
1304 961 1545 1014 ἐκτελεῖν
1579 962 1676 1016 καὶ
1716 963 1857 1030 μετά

275 1046 512 1113 σπουδῆς
563 1047 719 1114 ὅσης,
754 1051 850 1101 καὶ
911 1051 1148 1118 μάλιστα
1204 1053 1274 1105 τὰ
1327 1053 1430 1120 τῆς
1485 1055 1858 1123 φρικτοτάτης

274 1137 469 1199 θυσίας
504 1153 519 1169 ’
554 1140 635 1192 ὅτι
664 1143 758 1193 καὶ
788 1142 879 1194 διὰ
908 1144 1066 1196 τοῦτο
1092 1144 1299 1198 δέδοται
1324 1161 1340 1178 ο
1377 1147 1500 1200 ἐπεὶ
1531 1147 1619 1200 διά
1660 1164 1718 1200 τε
1747 1146 1858 1200 τῶν

272 1231 614 1293 τελουμένων
671 1235 909 1302 δεήσεων
970 1236 1063 1290 καὶ
1113 1238 1325 1305 εὐχῶν,
1382 1237 1479 1291 καὶ
1534 1239 1643 1291 τῶν
1698 1238 1860 1310 ἱερῶν

275 1323 504 1387 θυσιῶν,
533 1326 624 1381 καὶ
654 1328 763 1378 τῶν
799 1329 881 1392 είς
919 1329 1045 1390 τοὺς
1071 1332 1312 1400 πένητας
1347 1332 1628 1397 εὐποιιῶν,
1669 1334 1731 1384 οὐ
1764 1332 1861 1399 μό-

274 1433 368 1467 νον
396 1418 510 1477 τοῖς
541 1417 887 1488 ἡμαρτηκόσι
919 1421 1016 1473 καὶ
1062 1424 1118 1474 ὲν
1151 1423 1413 1493 μετανοίᾳ
1447 1423 1731 1488 ἐξελθοῦσι
1763 1423 1859 1476 τοῦ

279 1499 535 1568 σώματος
596 1502 792 1571 ἄφεσίς
842 1523 902 1559 τε
960 1508 1057 1561 καὶ
1118 1509 1304 1573 ἄνεσις
1357 1511 1582 1575 δίδοται,
1635 1513 1863 1581 καὶτῆς

276 1591 551 1660 τιμωρίας
577 1595 894 1666 ἀπαλλαγὴ,
925 1598 1064 1650 ἀλλά
1094 1601 1188 1654 καὶ
1217 1603 1332 1663 τοῖς
1366 1601 1596 1665 δικαίως
1630 1605 1862 1672 ζήσασι,

280 1683 377 1734 καὶ
401 1684 555 1746 τέλος
580 1687 786 1753 ἀγαθὸν
818 1690 914 1741 καὶ
945 1688 1191 1757 θεοφιλὲς
1227 1693 1628 1759 ἀποδεδωκόσι,
1658 1697 1864 1765 μείζων

280 1779 314 1844 ἡ
347 1777 618 1847 κάθαρσις
667 1782 762 1832 καὶ
817 1781 1080 1845 ἀνάϐασις
1130 1787 1471 1854 χορηγεῐται,
1512 1786 1587 1849 ὡς
1641 1788 1737 1840 καὶ
1786 1787 1866 1858 τῷ

281 1869 710 1940 Χρυσορῤήμονι
741 1873 889 1925 δοκεῖ
921 1875 979 1926 ἐν
1022 1878 1090 1946 τῇ
1135 1876 1404 1948 ἑρμηνείᾳ
1441 1877 1551 1932 τῶν
1579 1881 1860 1951 Πράξεων,

283 1963 380 2015 καὶ
408 1963 442 2031 ἡ
476 1963 617 2030 πρὸς
644 1964 776 2019 Θεὸν
822 1967 1062 2035 ὲγγύτης
1120 1972 1217 2024 καὶ
1272 1971 1578 2043 παρρησία,
1621 1972 1716 2024 καὶ
1770 1972 1864 2023 τοῦ

284 2059 568 2126 φωτισμοῦ
617 2060 975 2130 λαμπροτέρα
1025 2064 1056 2132 ἡ
1102 2064 1163 2116 ἐκ
1225 2063 1360 2117 Θεοῦ
1410 2064 1720 2132 μετάδοσις.
1761 2065 1867 2117 Καὶ

283 2152 393 2212 πᾶς
426 2150 567 2203 ἔστω
592 2151 877 2218 γινώσκων
909 2155 1123 2219 πιστὸς,
1150 2158 1227 2218 ὡς
1270 2157 1319 2209 εί
1352 2158 1498 2224 φιλεί
1531 2156 1623 2209 τὸν
1664 2160 1867 2210 οἰκεῖον

285 2243 542 2296 ἐντεῦθεν
575 2244 903 2311 ἀπελθόντα,
938 2246 1010 2299 τὰ
1042 2247 1254 2314 μεγάλα
1296 2247 1405 2301 τῶν
1442 2245 1676 2316 ’ἀγαθῶν
1713 2246 1866 2316 αὐτῷ

285 2339 558 2409 προξενεῖ,
592 2341 918 2411 προσφέρων
944 2341 1083 2411 ὑπὲρ
1111 2342 1277 2394 αὑτοῦ
1310 2359 1324 2374 ·
1355 2343 1450 2395 καὶ
1484 2342 1688 2411 πολλῆς
1719 2341 1867 2411 αὐτῷ

284 2434 385 2503 τῆς
415 2434 759 2503 εὐφροσύνης
784 2436 995 2502 γίνεται
1033 2436 1317 2504 πρόξενος,
1350 2435 1443 2490 καὶ
1467 2438 1664 2506 πένησι
1694 2437 1870 2504 παρὲο

238 2544 418 2596 .χων,
473 2528 570 2579 καὶ
632 2528 1015 2597 αἰχμαλώτους
1079 2527 1474 2596 λυτρούμενος,
1535 2530 1632 2581 καὶ
1695 2516 1871 2583 τᾶλλα

287 2618 480 2682 ποιῶν,
515 2614 597 2680 οἷς
640 2617 773 2681 Θεὸς
826 2618 1194 2687 θεραπεύεται
1222 2635 1238 2650 ο
1272 2620 1567 2688 ἐξαιρέτως
1599 2621 1678 2673 ’δὲ
1729 2621 1874 2690 ὑπὲρ

289 2708 459 2763 αὐτοῦ
489 2709 588 2772 τὰς
616 2709 992 2779 ἀναιμάκτους
1015 2711 1266 2764 σπεύδων
1288 2712 1623 2766 ἐκτελεῖσθαι
1657 2712 1870 2775 θυσίας.

304 2800 366 2852 Ἢ
424 2801 534 2868 γάρ
580 2801 673 2852 ἐπὶ
726 2802 789 2870 τῇ
834 2804 1037 2871 φρικτῇ
1092 2800 1255 2873 θυσίᾳ
1308 2803 1487 2873 μερὶς,
1548 2804 1642 2857 καὶ
1691 2806 1724 2873 ἡ
1782 2804 1874 2857 ὲπὶ

289 2893 469 2963 ταύτῃ
516 2891 612 2945 τοῦ
654 2892 980 2956 ἀπελθόντος
1020 2894 1352 2962 ἀνάμνησις,
1396 2895 1473 2962 τῷ
1515 2895 1635 2965 Θεῷ
1685 2896 1874 2948 τοῦτον

291 2988 424 3045 ἑνοῖ,
452 2985 548 3037 καὶ
594 2986 843 3054 ἀοράτως
877 2987 1130 3056 μετέχειν
1162 2986 1330 3039 αὑτοῦ
1367 2988 1600 3058 παρέχει
1629 2991 1726 3042 καὶ
1757 3006 1873 3042 κοι-

288 3080 500 3133 νωνεῖν.
534 3078 703 3132 Ὅθεν
751 3080 813 3131 ὲκ
851 3077 1043 3132 τούτου
1099 3079 1471 3146 ὠφελούμενοι
1519 3083 1588 3134 τὰ
1634 3082 1872 3149 μεγαλα,

288 3171 352 3224 ού
412 3171 576 3239 μόνον
633 3169 1079 3241 παρακαλοῦνται
1131 3174 1225 3224 καὶ
1284 3172 1550 3237 σώζονται
1602 3175 1657 3226 οἵ
1700 3193 1758 3227 τε
1817 3177 1874 3227 ἐν

1955 594 2242 656 memoria,
2303 601 2359 645 ut
2413 593 2683 654 diximus,
2747 590 2800 643 in
2867 589 3146 659 praedictis
3198 572 3552 655 temporibus

1957 695 2178 753 propter
2231 700 2326 743 eas
2380 700 2519 754 quas
2595 686 2889 740 retulimus
2941 696 3163 748 causas,
3222 678 3545 745 sanctisque

1956 775 2143 829 multis
2195 784 2564 829 monstratum
2619 786 2704 831 est
2736 784 2790 829 et
2836 773 3136 828 revelatum
3197 777 3408 839 quanta
3473 766 3547 821 sit

1956 882 2021 922 ex
2056 867 2139 921 his
2177 866 2384 922 utilitas
2409 867 2708 922 defunctis.
2740 866 3037 935 Pmpterea
3080 864 3180 917 has
3206 874 3547 919 commemo-

1959 964 2202 1015 rationes
2230 974 2457 1013 necesse
2489 969 2574 1014 est
2615 961 2684 1013 ab
2716 961 2978 1013 omnibus
3009 956 3215 1025 peragi,
3247 964 3300 1008 et
3328 967 3546 1007 summa

1958 1054 2121 1108 etiam
2151 1050 2524 1117 contentione,
2548 1059 2603 1106 et
2628 1051 2902 1119 praecipue
2931 1049 3169 1102 maxime
3199 1044 3547 1099 tremendum

1961 1143 2316 1208 sacriﬁcium,
2369 1143 2514 1210 quod
2570 1144 2715 1198 hanc
2777 1143 2848 1196 ob
2902 1142 3077 1211 ipsam
3131 1154 3241 1193 rem
3292 1137 3545 1192 traditum

1960 1248 2066 1294 est.
2100 1236 2237 1292 Cum
2284 1253 2376 1301 per
2414 1239 2510 1290 has
2564 1251 2776 1305 preces.
2831 1240 2885 1289 et
2922 1233 3223 1295 orationes,
3286 1238 3342 1284 et
3393 1242 3552 1284 sacra

1962 1330 2261 1393 sacriﬁcia,
2293 1342 2347 1383 et
2374 1344 2498 1398 erga
2537 1343 2805 1398 pauperes
2842 1327 2981 1380 bona
3013 1339 3202 1394 opera,
3232 1337 3339 1377 non
3373 1320 3551 1376 solum

1966 1426 2052 1480 his
2111 1425 2206 1494 qui
2264 1423 2611 1493 deliquerunt
2658 1428 2715 1473 et
2767 1433 2892 1473 cum
2951 1414 3271 1486 ptenitentia
3351 1410 3556 1482 egressi

1965 1525 2094 1571 sunt
2123 1530 2154 1569 e
2184 1529 2431 1584 corpore,
2485 1512 2744 1566 remissio
2779 1518 2833 1564 et
2889 1507 3155 1563 relaxatio
3204 1502 3553 1563 conceditur,
3608 1570 3628 1584 Δ.

1966 1617 2020 1661 et
2043 1581 2335 1675 poenarum
2366 1588 2641 1667 liberatio,
2674 1602 2769 1656 sed
2818 1609 2873 1655 et
2907 1599 3015 1654 illis
3067 1597 3163 1668 qui
3206 1596 3353 1668 juste
3399 1594 3556 1648 vixe-

1972 1709 2121 1760 runt,
2161 1709 2216 1752 et
2244 1697 2354 1751 ﬁne
2386 1699 2556 1760 bono,
2587 1702 2641 1748 et
2675 1693 2782 1748 Deo
2812 1690 3141 1761 complacito
3171 1690 3338 1745 vitam
3368 1683 3559 1741 termi-
3610 1678 3615 1682 ’

1971 1801 2193 1852 narunt,
2244 1789 2421 1857 major
2466 1788 2740 1857 purgatio,
2781 1795 2835 1840 et
2885 1782 3205 1840 sublimatio
3260 1784 3445 1846 datur,
3499 1786 3561 1834 ut

1968 1880 2361 1951 Clirysostomo
2397 1878 2612 1933 videtur
2650 1877 2704 1931 in
2742 1876 3086 1943 expositione
3107 1875 3164 1928 in
3184 1872 3319 1928 Acta
3344 1880 3559 1940 aposto-

1974 1973 2174 2037 lorum,
2206 1982 2261 2027 et
2294 1972 2358 2025 ad
2393 1970 2563 2029 Deum
2597 1968 3021 2039 approximatio,
3061 1976 3116 2023 et
3141 1966 3282 2036 apud
3302 1962 3556 2019 eumdem

1973 2067 2220 2127 libertas,
2247 2072 2301 2116 et
2329 2061 2746 2117 illuminationis
2786 2076 2852 2115 ex
2879 2075 2946 2116 eo
2976 2059 3348 2130 suppeditatio
3377 2057 3559 2125 splen-

1970 2156 2172 2210 didior.
2240 2152 2465 2209 Noverit
2535 2154 2711 2208 lidelis
2792 2153 2998 2217 omnis,
3056 2151 3105 2206 si
3160 2148 3352 2218 diligat
3425 2160 3557 2217 pro-

1971 2249 2236 2320 pinquum
2295 2250 2398 2304 hac
2431 2249 2543 2304 vita
2575 2245 2922 2320 demotum,
2956 2259 3150 2314 magna
3206 2241 3258 2297 ei
3296 2237 3562 2311 praastaré

1973 2342 2137 2403 bona,
2182 2342 2229 2395 si
2276 2356 2376 2410 pro
2422 2356 2486 2396 eo
2535 2340 2750 2402 offerat,
2801 2336 3097 2406 magnique
3151 2336 3337 2405 gaudii
3380 2334 3560 2388 eidem

1975 2453 2098 2491 esse
2134 2448 2437 2497 auctorem,
2475 2433 2520 2488 si
2556 2432 2890 2499 pauperibus
2946 2431 3324 2498 eleemosynas
3375 2427 3560 2489 faciat,

1976 2530 2225 2598 captivos
2285 2526 2537 2588 redimat,
2594 2524 2810 2593 aliaque
2884 2506 3054 2576 faciat
3107 2521 3312 2590 quibus
3361 2519 3563 2573 colitur

1981 2621 2143 2687 Deus,
2173 2630 2229 2676 et
2263 2619 2567 2689 praesertim
2619 2618 2664 2671 si
2722 2616 2940 2670 studeat
2992 2615 3282 2669 incruenta
3338 2628 3436 2681 pro
3492 2626 3562 2668 eo

1981 2714 2164 2784 ιιι-ι·εεί
2198 2711 2494 2767 sacriﬁcia.
2548 2707 2685 2763 Nam
2723 2706 3097 2762 in-tremendo
3130 2705 3404 2761 sacriﬁcio
3432 2719 3562 2773 par-

1978 2808 2166 2869 ticula,
2198 2816 2251 2859 et
2280 2820 2447 2873 super
2481 2817 2601 2856 eam
2631 2801 2804 2864 illius,
2833 2799 2928 2869 qui
2962 2798 3197 2854 decessit
3228 2811 3571 2852 commemm

1981 2903 2137 2965 ratio,
2192 2900 2344 2955 illum
2396 2896 2504 2950 Deo
2561 2895 2702 2961 unit,
2762 2895 2968 2964 Deique
3027 2891 3387 2947 invisibiliter
3450 2890 3565 2945 ﬁeri

1979 2996 2323 3063 participem,
2376 3000 2431 3045 et
2487 3005 2610 3043 cum
2643 3004 2708 3043 eo
2766 2987 3178 3042 communicare
3224 2985 3375 3041 facit.
3430 2982 3568 3038 llinc

1980 3089 2274 3141 maximam
2353 3083 2646 3136 utilitatem
2719 3080 3027 3145 consecuti,
3082 3079 3440 3133 consolantur
3514 3090 3571 3131 et

1981 3183 2288 3241 salvantur.
2322 3178 2417 3248 qui
2462 3179 2514 3230 in
2550 3175 2772 3230 Christo
2808 3175 3165 3229 decesserunt
3215 3188 3341 3227 cum
3388 3171 3566 3240 poeni-

286 3261 515 3331 Χριστῷ
550 3262 915 3331 μεταστάντες
945 3265 1004 3316 ἐν
1036 3264 1299 3334 μετανοίᾳ.
1334 3265 1576 3333 ἀδελφοὶ,
1614 3265 1747 3318 ἀλλά
1779 3266 1872 3319 καὶ

1983 3275 2150 3327 tentia
2188 3270 2408 3323 fratres.
2448 3267 2555 3322 Sed
2588 3277 2643 3320 et
2687 3282 2859 3320 sacrae
2891 3265 3205 3334 divinthue
3251 3273 3567 3319 sanctorum

285 3356 347 3408 αἱ
381 3354 491 3406 τῶν
523 3354 695 3421 ἁγίων
730 3355 873 3422 ἱεραὶ
905 3357 1000 3408 καὶ
1036 3356 1180 3409 θείαι
1206 3354 1380 3426 ψυχαὶ
1414 3357 1535 3411 λίαν
1570 3360 1629 3410 ἐν
1661 3359 1874 3421 τούτοις

283 3445 700 3514 εὐςραίνονται,
729 3448 888 3515 χάριν
919 3446 1099 3498 αὐτῶν
1131 3448 1463 3515 γινομένοις,
1497 3449 1588 3502 καὶ
1620 3451 1677 3503 ἐν
1709 3450 1876 3517 ἀγαλ-

280 3539 472 3592 λιάσει
509 3538 795 3607 σκιρτῶσι,
840 3539 1066 3608 Χριστῷ
1110 3539 1395 3609 ἐνούμενοί
1438 3560 1496 3595 τε
1535 3540 1629 3596 καὶ
1681 3561 1876 3595 κοινω-

279 3631 513 3695 νθῢντες
566 3632 656 3685 διὰ
705 3631 808 3699 τῆς
842 3631 1148 3701 ιερωτάτης
1188 3632 1380 3698 θυσίας
1408 3634 1616 3705 ταύτης
1657 3638 1750 3687 καὶ
1778 3652 1875 3688 κα-

278 3728 308 3780 θ
334 3727 606 3797 αρώτερον
639 3724 734 3777 καὶ
771 3724 1174 3797 λαμπρότερον,
1214 3727 1309 3781 καὶ¹
1352 3728 1461 3781 τῶν
1495 3728 1664 3782 αὐτοῦ
1718 3732 1877 3797 μετὲ-

281 3835 483 3888 χοντες
506 3814 878 3886 γνησιώτερον
899 3817 1282 3886 χαρισμάτων,
1316 3818 1459 3887 ὑπὲρ
1481 3819 1638 3888 ἡμῶν
1662 3818 1880 3871 ἱκετεύ-

284 3902 449 3964 ουσιν
475 3926 488 3938 ·
530 3910 611 3961 ὅτι
640 3911 733 3963 καὶ
760 3910 850 3963 διὰ
873 3909 1032 3961 τοῦτο
1063 3910 1159 3979 τὴν
1193 3909 1385 3964 θυσίαν
1411 3912 1617 3980 ταύτην
1647 3912 1879 3981 Χριστὸς

287 4003 567 4073 ἐνήργησέ
597 4019 656 4055 τε
690 4005 783 4056 καὶ
830 4003 1239 4073 παραδέδωκεν,
1276 4005 1356 4066 εἰς
1382 4004 1658 4073 ἀγιασμὸν
1697 4006 1876 4059 ἀπάν-

286 4111 404 4148 των
434 4098 527 4147 καὶ
559 4095 861 4163 φωτισμὸν,
898 4094 993 4147 καϊ
1040 4094 1130 4148 ἵνα
1159 4094 1280 4162 μετ’
1314 4093 1482 4146 αὑτοῦ
1529 4092 1588 4144 ἓν
1619 4087 1777 4159 ὦσιν,
1805 4094 1881 4155 ὡς

288 4184 523 4253 ηὔξατο.
560 4185 652 4238 Διὸ
680 4187 775 4238 καὶ
815 4186 924 4238 τῶν
967 4185 1334 4255 μεμνημένων
1371 4184 1536 4253 270
1566 4184 1750 4238 αὐτῶν
1786 4184 1883 4236 καὶ

290 4278 396 4337 τὰς
451 4277 753 4343 ἱερωτάτοις
783 4275 1178 4328 ἐπιτελούντων
1229 4276 1308 4338 είς
1363 4276 1530 4345 τιμὴν
1576 4274 1759 4327 αὐτῶν
1788 4279 1884 4329 καὶ

293 4368 522 4439 μνήμην
559 4366 774 4433 θυσίας,
803 4368 1068 4436 διηνεκῶς
1104 4367 1503 4436 ῦπερεύίονται
1533 4382 1548 4397 ’
1600 4366 1692 4419 καὶ
1725 4370 1883 4435 μεσί-

290 4478 387 4514 ται
436 4459 643 4513 τούτων
693 4464 788 4513 καὶ
836 4460 1102 4530 πρέσϐεις
1142 4460 1387 4528 γίνονται
1414 4475 1430 4490 ο
1463 4460 1558 4512 καὶ
1610 4459 1744 4528 πρὸς
1781 4459 1881 4528 τὴν

292 4555 493 4622 ὁμοίαν
548 4554 837 4607 κοινωνίαν
892 4553 1235 4617 ἐξαιτοῦνται
1296 4555 1390 4606 καὶ
1445 4552 1645 4615 αὐτοῦς
1702 4553 1883 4605 ἐλθεῖν

300 4647 392 4711 τοῦ
447 4646 707 4717 Χριστοῦ.
743 4647 910 4701 Ὅθεν
972 4648 1067 4700 καὶ
1112 4647 1223 4700 τῶν
1255 4646 1500 4714 ἀδελφῶν
1549 4646 1711 4716 ἡμῶν
1770 4646 1882 4698 τῶν

295 4743 644 4796 ἀπελθόντων
705 4740 1128 4810 μνημονευτέον,
1182 4739 1269 4792 ἴνα
1321 4740 1417 4792 καὶ
1471 4740 1633 4809 ἡμῶν
1698 4738 1880 4807 ἕτεροι

299 4834 723 4906 μνημονεύσωσι
749 4850 764 4865 ·
797 4833 894 4886 καὶ
929 4833 1072 4902 ὑπὲρ
1103 4833 1212 4886 τῶν
1260 4833 1434 4901 ἁγίων
1484 4834 1884 4903 προσενεκτέον

298 4933 402 5000 ὅση
431 4929 681 4997 δύναμις,
719 4928 808 4982 ἵνα
843 4927 1233 4997 εὐφραίνοντες
1285 4925 1511 4987 τούτους
1544 4925 1601 4977 ὲν
1634 4922 1882 4994 Χριστῷ,

299 5025 400 5104 καὶ
458 5025 686 5093 μεσίτας
740 5020 1207 5091 εὐφραινομένους
1247 5020 1386 5091 πρὸς
1438 5020 1603 5073 αὐτὸν
1645 5020 1881 5089 ἔχωμεν,

301 5117 400 5169 καὶ
439 5117 745 5185 σωθείημεν
777 5114 851 5168 δι’
882 5113 1082 5168 αὐτῶν.

378 5296 696 5364 Κληρικός.
739 5296 875 5349 Ἰδοὺ
932 5296 1062 5366 περὶ
1108 5295 1328 5349 πάντων
1389 5294 1523 5364 ημῖν
1580 5292 1884 5362 ἐδήλωσας,

305 5389 606 5457 ἀγιὼτατε,
644 5388 739 5440 καὶ
777 5386 1026 5452 ἐδίδαξας
1067 5386 1338 5457 ἀκριϐῶς,
1372 5388 1464 5438 καὶ
1512 5386 1581 5439 τὰ
1612 5388 1752 5454 περ“’ἒ
1790 5384 1885 5435 τοῦ

303 5478 492 5538 τέλους
526 5475 686 5546 ἡμῶν
730 5474 1023 5544 ἐξέθηκας,
1062 5476 1157 5528 καὶ
1201 5476 1302 5528 ὅσα
1330 5478 1463 5546 ἡμῖν
1504 5475 1759 5544 λυσιτελῆ
1792 5474 1889 5526 καὶ

306 5571 556 5638 σωτήρια
582 5567 813 5633 ἔδειξας,
839 5569 935 5621 καὶ
974 5568 1037 5619 τὸ
1078 5569 1176 5636 τῆς
1208 5569 1448 5631 πίστεως
1478 5567 1639 5638 ὀρθὸν
1673 5566 1888 5636 διετρά-

305 5677 508 5723 νωσας.
545 5660 611 5714 Τί
646 5658 740 5715 οὖν
772 5661 1233 5730 ἀνταποδὼσομέν
1279 5678 1361 5713 σοι
1409 5660 1571 5714 ἕνεκα
1608 5662 1707 5729 τῆς
1749 5661 1891 5730 ἁγά-

304 5768 453 5820 mis;
485 5754 666 5826 Χάριν
707 5754 869 5824 μόνον
905 5753 1281 5824 ὁμολογοῦμεν
1313 5754 1390 5823 τῷ
1423 5755 1483 5807 ἐν
1509 5754 1703 5823 Τριάδι
1742 5756 1891 5822 μόνῳ

303 5844 444 5915 Θεῷ,
473 5847 550 5920 τῷ
575 5850 669 5904 καὶ
700 5849 849 5920 ἡμᾶς
878 5847 980 5918 μὲν
1011 5847 1149 5919 πρὸς
1180 5847 1239 5901 τι
1268 5847 1548 5919 ἐρωτῆσαι
1579 5848 1703 5917 κινή
1718 5864 1886 5913 σαντι,

1980 3366 2177 3419 αιιίιιιερ
2204 3364 2502 3415 maximum
2531 3361 2584 3413 in
2620 3358 2842 3412 modum
2876 3358 3104 3426 iis,quaz
3127 3372 3225 3427 pro
3252 3357 3384 3426 ipsis
3406 3356 3567 3421 lluut,

1978 3459 2340 3520 delectantur,
2378 3462 2433 3508 et
2473 3466 2597 3506 cum
2629 3451 2832 3522 gaudio
2859 3451 3159 3518 exsultant,
3192 3449 3412 3504 Christo
3448 3463 3570 3503 sese

1980 3551 2254 3609 unieutes,
2307 3556 2360 3600 et
2413 3546 2887 3600 communicantes
2960 3557 3057 3611 per
3118 3542 3564 3598 sacratissimum

1986 3645 2091 3698 hoc
2146 3641 2478 3712 sacriﬁcium
2538 3622 2731 3707 purius
2785 3651 2850 3689 ac
2904 3633 3272 3703 splendidius,
3328 3643 3381 3687 et
3422 3633 3572 3686 illius

1987 3747 2215 3785 munera
2256 3729 2560 3799 perfectius
2597 3726 3010 3796 participantes,
3063 3739 3162 3792 pro
3193 3722 3352 3778 nobis
3384 3739 3572 3792 preces

1983 3822 2242 3877 fundunt.
2299 3820 2452 3886 Quod
2505 3817 2576 3871 ob
2625 3833 2747 3872 eam
2801 3832 3024 3871 causam
3078 3816 3411 3870 sacriﬁcium
3469 3816 3574 3868 hoc

1982 3916 2238 3969 Christus
2266 3921 2525 3981 operatus
2555 3918 2660 3975 est,
2708 3918 2764 3963 et
2811 3907 3040 3962 tradidit
3076 3910 3127 3960 in
3171 3908 3570 3981 sanctiﬁcatio;

1984 4024 2108 4065 nem
2148 4007 2415 4071 omnium,
2451 4012 2507 4059 et
2556 4002 3052 4065 illuminationem,
3115 4009 3170 4053 et
3220 4009 3279 4053 ut
3329 4013 3452 4055 cum
3507 4016 3575 4053 eo

1985 4117 2156 4155 utinm
2191 4107 2398 4162 essent,
2451 4096 2916 4165 quemadmodum
2971 4102 3223 4161 precatus
3276 4102 3377 4145 est.
3429 4091 3577 4157 Qua-

1984 4204 2207 4264 propter
2247 4206 2347 4258 pro
2398 4189 2466 4242 iis
2512 4187 2605 4256 qui
2626 4200 2823 4264 eorum
2876 4184 3252 4245 recordamur,
3282 4193 3335 4237 et
3390 4198 3579 4238 saero-

1986 4292 2177 4339 sancta
2217 4280 2511 4343 sacriﬁcia,
2534 4290 2588 4334 ct
2620 4260 2943 4332 memoriam
2976 4276 3030 4330 in
3068 4290 3256 4329 eorum
3309 4275 3572 4329 honorem

1985 4372 2277 4449 peragunt,
2316 4373 2579 4428 continuo
2621 4371 2957 4443 supplicant,
3004 4379 3063 4423 et
3095 4367 3429 4423 mediatores
3481 4382 3577 4421 eoo

1988 4487 2110 4527 rum
2151 4479 2205 4524 et
2233 4477 2482 4523 oratores
2515 4466 2674 4531 fiunt,
2717 4475 2794 4529 et,
2839 4471 2899 4517 ut
2946 4463 3013 4516 ad
3048 4461 3283 4517 similem
3322 4475 3576 4514 commu-

1990 4565 2215 4620 nionem
2261 4561 2468 4616 Christi
2506 4558 2730 4615 iusimul
2761 4567 2814 4612 et
2864 4556 2971 4626 ipsi
3019 4556 3265 4620 veniant,
3319 4562 3583 4609 exorant.

1991 4657 2173 4723 Quare
2202 4663 2259 4709 et
2294 4653 2524 4708 fratrum
2573 4661 2892 4705 nostrorum
2937 4656 3284 4703 mortuorum
3335 4660 3581 4701 comme-

1995 4747 2230 4802 tnoratio
2253 4744 2577 4799 inculcanda
2600 4751 2707 4807 est,
2741 4750 2802 4794 ut
2829 4749 2885 4795 et
2914 4748 3159 4795 nostrum
3201 4738 3290 4791 alii
3336 4752 3580 4792 commc-

1997 4839 2360 4895 morationem
2393 4835 2618 4898 faciant,
2645 4844 2702 4888 et
2728 4831 3007 4889 offerenda
3043 4841 3174 4887 sunt
3224 4845 3323 4900 pro
3375 4830 3582 4921 sanctis

1996 4930 2267 4987 sacriﬁcia
2300 4944 2396 4998 pro
2427 4942 2593 4996 posse
2632 4934 2844 4989 nostro,
2880 4939 2939 4980 ut
2996 4941 3090 4980 eos
3143 4925 3497 4979 consolantes
3523 4923 3583 4975 in
3624 4970 3625 4973 η

1997 5022 2239 5084 Christo,
2294 5029 2348 5074 et
2391 5019 2719 5074 mediatores
2761 5018 3060 5087 gaudentes
3095 5018 3239 5086 apud
3287 5018 3442 5071 illutn
3488 5015 3584 5071 ha-

2000 5120 2245 5177 beamus,
2282 5122 2336 5167 et
2378 5127 2474 5181 per
2504 5126 2600 5166 cos
2627 5111 2861 5165 salutem
2899 5125 3324 5178 consequamur.

2070 5294 2327 5350 Clericus.
2362 5293 2503 5348 Ecce
2553 5292 2736 5346 omnia
2798 5292 2955 5347 nobis
2992 5290 3374 5354 manifestasti,
3415 5303 3586 5340 sane--

2002 5392 2226 5453 tissime,
2286 5400 2340 5444 et
2387 5399 2643 5442 accurate
2702 5386 2963 5445 docuisti.
3021 5394 3077 5437 et
3130 5399 3253 5453 qua:
3303 5384 3370 5435 ad
3422 5381 3583 5434 tiuetn

2002 5498 2252 5543 nostrum
2286 5486 2521 5541 attinent
2556 5483 2881 5550 estposuisti,
2910 5490 2965 5536 et
3015 5495 3380 5551 quaecumque
3431 5478 3588 5533 nuliFs

2004 5579 2156 5633 utilia
2192 5587 2321 5633 sunt
2350 5591 2412 5630 ac
2443 5576 2702 5629 salutaria
2755 5574 3069 5636 ostendisti,
3127 5571 3383 5641 fideique-
3406 5561 3589 5637 expla-

2007 5672 2149 5724 uasti
2186 5669 2595 5723 rcctitudincm.
2630 5666 2769 5732 Quid
2816 5681 2947 5734 ergo
2983 5666 3354 5720 rctrihurmus
3395 5664 3488 5717 tibi
3519 5664 3588 5717 oh

2003 5771 2150 5812 tuam
2186 5758 2508 5813 charitatem
2545 5758 2568 5811 ?
2601 5755 2821 5811 Gratias
2852 5764 3065 5810 tantutn
3126 5755 3342 5826 agimus
3374 5754 3478 5810 soli
3531 5754 3587 5807 in

2004 5850 2271 5906 Triuitate
2332 5849 2440 5905 Deo
2492 5848 2584 5918 qui
2640 5863 2739 5905 nos
2794 5849 3013 5919 quidem
3071 5848 3136 5903 ad
3194 5842 3587 5903 sciscitandum
