4068 6280
517 310 628 376 695

1353 294 1733 359 SYMEONIS
1758 293 2519 356 TllESSALONlCENSIS
2559 294 2923 357 ARCHIEP.

3688 287 3783 350 696

512 422 704 484 movit,
739 420 833 474 tibi
872 432 999 472 vero
1029 413 1258 482 largitus
1289 418 1392 472 est.
1423 422 1730 463 sermonem
1780 423 1877 477 pro
1927 407 2089 461 nobis
2122 455 2125 465 ,

2213 409 2290 460 tati.
2342 409 2427 461 col.
2486 409 2542 463 δὲ
2601 405 2981 478 παρεσχηκότι
3025 403 3194 472 ’λόγον
3250 402 3402 472 ὕπὲρ
3456 399 3648 470 ἡμῶν,
3700 400 3787 453 καὶ

514 514 607 585 qui
641 515 798 582 pln‘ra
831 525 894 565 ac
919 505 1377 577 interrogavimus
1410 500 1593 556 dixisti
1627 516 1691 555 ac
1720 501 1958 555 docuisti
1994 518 2008 564 ;
2038 512 2092 556 et

514 619 725 661 merces
772 603 844 656 sit
899 600 995 653 tibi
1030 600 1098 651 ab
1150 610 1215 650 eo
1263 608 1461 664 magna
1501 607 1584 658 ac,
1652 601 1840 660 utpote
1890 606 1918 644 a
1958 590 2091 653 Deo,

514 695 819 763 multiplex.

590 783 861 848 Pontifex.
918 779 1134 836 Gratias
1184 779 1419 850 agimus,
1475 777 1696 839 fratres.
1751 785 1802 830 et
1836 778 2091 848 ’gloriam

514 874 794 929 reddintus
827 872 970 926 Patri
1004 883 1056 925 et
1089 872 1227 925 Filio
1260 879 1314 925 et
1342 869 1571 939 Spiritui
1604 879 1817 931 sancto,
1855 869 1943 921 nni
1983 869 2093 924 Deo

464 964 470 971 ”
513 974 704 1018 nostro
731 962 785 1016 in
824 962 1112 1026 Trinitate,
1145 960 1238 1029 qui
1290 959 1440 1014 dedit
1468 958 1694 1012 verbum
1723 959 1779 1013 in
1812 960 2096 1028 apertione

516 1054 651 1119 Oris,
702 1053 754 1107 in
790 1069 897 1121 quo
929 1066 1029 1105 nos
1064 1057 1348 1118 sperantes
1378 1048 1444 1101 de
1479 1047 1563 1101 his
1587 1049 1707 1101 ausi
1752 1061 1942 1102 sumus
1976 1047 2094 1101 dis-

518 1157 700 1195 serere
748 1156 870 1210 quae
919 1154 1085 1208 super
1117 1153 1217 1191 nos
1272 1146 1419 1201 sunt,
1454 1151 1622 1205 quum
1655 1136 1837 1190 divina
1895 1139 2006 1192 sint
2041 1146 2098 1191 et

726 1232 736 1242 .
832 1229 871 1245 ..
995 1229 1005 1240 .
1052 1228 1162 1245 ..η
1219 1225 1309 1245 ,με
1352 1225 1544 1245 Δημώ
1588 1232 1658 1245 η,
1697 1238 1919 1245 unus

518 1232 795 1284 sublimia.
831 1229 945 1282 Hoc
995 1228 1163 1297 igitur
1219 1225 1312 1280 Dei
1346 1225 1549 1279 donum
1582 1232 1664 1280 est
1697 1238 1920 1295 propter
1973 1242 2092 1292 vos,

519 1340 626 1377 non
662 1335 881 1391 propter
913 1336 1020 1385 me,
1052 1321 1097 1374 si
1132 1326 1310 1371 tamen
1340 1316 1496 1370 utilia
1536 1316 1918 1369 tantummodo
1947 1315 2097 1370 dixe-

519 1418 715 1470 rimus.
748 1414 868 1468 Non
901 1415 1043 1468 enim
1079 1426 1305 1481 prorsus
1344 1419 1570 1464 autumo
1600 1423 1763 1476 quum
1805 1407 2095 1461 veritatem

409 1561 413 1565 .
518 1508 681 1561 velim
718 1508 919 1568 dicere,
947 1504 1100 1559 utilia
1132 1510 1186 1559 et
1213 1500 1524 1556 necessaria
1555 1500 1819 1569 vobisque
1850 1498 2098 1554 fructuo-

520 1615 577 1655 sa
605 1600 831 1661 dixisse,
877 1612 1044 1667 quum
1079 1595 1400 1650 tenuitatem
1450 1602 1505 1648 et
1551 1591 1980 1647 imbecillitatem
2035 1604 2100 1644 ac

519 1693 881 1761 ignorantiam
936 1688 1136 1757 ingenii
1207 1687 1311 1740 mei
1368 1703 1434 1739 ex
1497 1693 1651 1753 parte
1702 1684 1972 1747 noverim,
2032 1698 2099 1736 ne

520 1784 694 1838 dicam
732 1798 818 1834 me
855 1789 1025 1834 totum
1063 1795 1172 1847 prae
1228 1776 1474 1832 tenebris
1533 1776 1788 1846 caligare.
1854 1773 1909 1827 Si
1971 1773 2098 1843 quis

430 1852 437 1861 .
525 1876 591 1926 ίαν
612 1882 662 1927 te
690 1871 889 1925 dixerit
923 1889 935 1925 :
1000 1869 1182 1935 Quare
1239 1867 1408 1937 igitur
1447 1869 1562 1921 haec
1601 1865 1819 1920 tentasti
1852 1864 1876 1918 ἲ
1914 1864 2099 1919 citari-

524 1975 685 2018 tatcnt
722 1966 774 2017 iu
805 1978 1026 2017 causam
1072 1960 1428 2027 prattendam,
1460 1958 1720 2028 quoniam
1759 1956 1959 2024 saepius
2015 1971 2100 2010 me

526 2061 998 2126 interrogaverunt
1046 2054 1265 2116 fratres,
1299 2061 1352 2107 et
1392 2052 1650 2120 quoniam
1684 2067 1790 2105 non
1830 2065 1971 2116 mea,
2003 2048 2101 2104 sed

524 2165 589 2202 cx
620 2148 904 2216 Scriptura
944 2160 1101 2200 sacra
1135 2144 1450 2213 sanctisque
1479 2143 1682 2198 nostris
1741 2142 1907 2197 verba
1942 2142 2101 2195 colli-

524 2255 675 2309 gens,
718 2253 817 2309 pro
853 2238 1108 2292 facultate
1142 2235 1361 2304 scripsi,
1392 2245 1448 2290 et
1476 2235 1761 2304 sequentia
1804 2249 1869 2288 ex
1902 2233 2104 2291 divinis

525 2347 713 2387 eorum
739 2329 987 2384 consiliis
1007 2326 1367 2395 intuliJgitur
1387 2325 1432 2380 si
1456 2326 1585 2395 quid
1611 2325 1860 2379 utilitatis
1881 2334 1935 2378 et
1957 2339 2103 2380 com-

526 2424 670 2478 modi
714 2421 1024 2476 inveniatur
1059 2421 1112 2472 in
1160 2418 1344 2482 dictis,
1405 2417 1517 2471 Deo
1565 2417 1791 2486 gratias,
1846 2416 1949 2472 ltoc
2004 2431 2104 2471 no-

526 2528 700 2571 strum
731 2531 835 2569 non
869 2523 974 2581 est,
1002 2512 1095 2567 sed
1137 2528 1205 2569 ex
1239 2511 1441 2567 divinis
1472 2508 1772 2579 Scriptnris
1799 2522 1851 2563 et
1882 2520 2103 2565 sancto-

526 2624 646 2662 rum
687 2610 930 2678 scriptis,
990 2616 1213 2677 propter
1250 2620 1344 2661 vos
1373 2605 1468 2675 qui
1513 2617 1657 2674 smpe
1686 2604 1904 2658 diverso
1946 2603 2107 2658 modo

527 2718 630 2760 nos
688 2700 1151 2772 intermgavistis,
1202 2713 1266 2753 ac
1333 2706 1554 2767 propter
1631 2696 1768 2752 alios
1837 2697 2106 2766 quosdam

529 2797 726 2850 fratres
774 2796 866 2865 qni
922 2795 989 2848 ad
1039 2795 1143 2847 hoc
1198 2792 1366 2846 variis
1421 2789 1758 2857 temporibus
1813 2799 2111 2857 coegerunt

530 2904 652 2942 nos.
704 2885 770 2940 Et
808 2900 1020 2939 merces
1069 2882 1241 2953 magis
1291 2884 1398 2935 erit
1448 2881 1604 2934 vobis
1642 2880 1733 2948 qui
1788 2882 2110 2935 occasiones

529 2982 756 3037 dedistis
784 2988 1057 3046 tenuitque
1085 2991 1147 3031 ac
1172 2986 1448 3031 terrenum
1486 2983 1541 3030 et
1580 2974 1789 3028 humile
1825 2972 2108 3043 ingenium

2126 1740 2174 1799 B

2199 498 2369 551 πλείω
2420 492 2494 553 ὧν
2526 498 2892 568 ἡρωτήσαμεν
2944 495 3191 565 εἰρηκότι
3243 494 3343 546 καὶ
3400 489 3784 555 ἐκδιδάξαντι’

2198 593 2291 644 καὶ
2315 594 2341 644 ό
2369 592 2560 661 μισθὸς
2589 591 2674 660 εἴη
2712 608 2797 645 σοι
2829 591 2960 660 παρ’
2987 588 3150 642 αὑτοῦ
3185 587 3380 651 πολὺς,
3399 587 3502 639 καὶ
3532 584 3609 644 ὡς
3642 580 3787 652 παρὰ

2197 684 2333 737 Θεοῦ
2371 684 2740 759 πολλαπλοῦς.
2920 750 2923 751 ν

2281 777 2633 845 Ἀρχιερεύς.
2687 773 3157 847 Εὐχαριστοῦμεν,
3193 772 3449 841 ἀδελφοὶ,
3480 769 3581 825 καὶ
3633 767 3784 832 δόξαν

2197 867 2553 936 προσάγομεν
2593 866 2670 935 τῷ
2720 866 2895 934 Πατρὶ
2955 864 3048 917 καὶ
3100 863 3180 930 τῷ
3244 861 3361 931 Υἰῴ
3394 864 3496 914 καὶ
3546 859 3626 928 τῷ
3652 858 3786 927 ἁγίῳ

2200 957 2500 1027 Πνεύματι,
2530 957 2610 1027 τῷ
2644 958 2790 1028 μόνῳ
2818 955 2937 1025 Θεῷ
2964 954 3122 1025 ἡμῶν
3148 956 3206 1007 ἐν
3240 952 3466 1023 Τριάδι,
3488 950 3572 1021 τῷ
3595 951 3785 1004 διδόντι

2198 1052 2356 1118 λόγον
2386 1054 2443 1105 ἐν
2472 1050 2675 1116 ἀνοίξει
2720 1050 2816 1104 τοῦ
2851 1051 3140 1118 στόματος,
3180 1047 3265 1116 ἐφ’
3292 1041 3338 1115 ᾧ
3393 1047 3465 1116 δὴ
3512 1046 3610 1099 καὶ
3633 1046 3787 1115 ἡμεῖς

2199 1145 2517 1211 ἠλπικότες,
2560 1144 2620 1197 τδ
2666 1144 2794 1214 ’περλ⁵
2840 1145 3048 1196 τούτων
3101 1142 3277 1194 εἰπεῖν
3330 1137 3786 1205 τετολμήκαμεν,

2201 1236 2343 1306 ὑπὲρ
2371 1237 2516 1307 ἡμᾶς
2550 1237 2722 1291 ὄντων
2768 1236 2844 1300 ὡς
2872 1235 3034 1288 θείων
3074 1235 3169 1288 καὶ
3207 1231 3460 1302 ὑψηλῶν.
3491 1228 3666 1282 Τοῦτο
3699 1223 3788 1281 οὖν

2199 1329 2337 1382 Θεοῦ
2383 1329 2555 1400 δῶρον
2582 1346 2595 1360 ·
2636 1333 2729 1382 καὶ
2777 1328 2844 1381 δι’
2876 1328 3043 1397 ὑμᾶς,
3078 1328 3173 1380 καὶ
3203 1328 3265 1378 οὐ
3290 1323 3361 1380 δι’
3390 1323 3518 1393 ἐμὲ,
3556 1321 3672 1387 εἴγε
3702 1325 3789 1389 μό-

2200 1439 2292 1476 νον
2336 1423 2431 1478 καί
2483 1441 2535 1478 τι
2579 1424 2688 1477 τῶν
2745 1421 3041 1493 ὠφελίμων
3105 1420 3459 1489 εἰρήκαμεν’
3518 1415 3641 1468 οὐδὲ
3686 1413 3785 1482 γὰρ

2201 1516 2338 1579 ὅλως
2389 1515 2764 1585 vota.ijan
2808 1514 2904 1568 καὶ
2936 1513 3081 1567 θέλω
3134 1512 3316 1565 λαλεῖν
3365 1509 3474 1579 τὴν
3508 1506 3781 1574 ἀλήθειαν.

2201 1609 2483 1679 εἰρηκέναι
2510 1626 2562 1662 τι
2586 1608 2696 1661 τῶν
2725 1608 3016 1678 χρησίμων
3044 1606 3137 1658 καὶ
3163 1602 3509 1669 ἀναγκαίων,
3533 1600 3629 1654 καὶ
3658 1596 3784 1666 πρὸς

2203 1703 2475 1771 ὠφέλειαν
2536 1701 2965 1755 συντεινόντωνο
3023 1697 3148 1753 ἐπεὶ
3202 1698 3265 1752 τὸ
3318 1695 3550 1754 εὐτελές
3600 1709 3660 1745 τι
3697 1689 3787 1744 καὶ

2204 1796 2434 1868 ἀδρανὲς
2483 1795 2583 1865 τῆς
2608 1795 2757 1864 ἐμῆς
2809 1794 3051 1854 διανοίας
3098 1792 3192 1846 καὶ
3219 1787 3443 1856 ἀμαθὲς
3479 1788 3546 1841 ἐκ
3593 1785 3782 1853 μέρους

2202 1883 2343 1949 οἰδα,
2379 1888 2428 1940 εἰ
2477 1887 2574 1941 καὶ
2626 1886 2700 1955 μὴ
2739 1886 2940 1946 τελέως
2972 1882 3320 1950 ἐσκότισμαι.
3360 1881 3424 1932 Εἰ
3459 1879 3519 1932 δέ
3546 1894 3631 1939 τις
3655 1877 3781 1943 ἐρεῖ,

2205 1981 2316 2035 Καὶ
2369 1981 2514 2044 τίνος
2571 1982 2733 2049 χάριν
2782 1978 2956 2032 ταῦτα
3016 1975 3202 2043 ἐξέθου
3247 1974 3484 2032 λοιπόν;
3534 1970 3634 2024 Διά
3690 1967 3782 2037 τὴν

2203 2073 2449 2141 ἀγάπην,
2484 2072 2923 2145 ἁπολῡγήσομαι,
2994 2071 3052 2121 ἐν
3112 2068 3191 2139 τῷ
3245 2066 3475 2143 ἐρωτᾷν
3538 2061 3786 2119 πολλάκις

2204 2166 2331 2230 τοὺς
2376 2165 2681 2233 ἀδελφούς·
2717 2164 2813 2225 καὶ
2858 2162 2941 2215 ὅτι
2986 2161 3088 2214 οὐκ
3134 2161 3267 2227 ἐμὰ,
3308 2158 3457 2212 ἀλλὰ
3494 2157 3562 2209 τὰ
3604 2157 3666 2208 ἐκ
3696 2152 3783 2219 τῆς

2207 2259 2369 2326 ἁγίας
2397 2256 2623 2325 Γραφῆς
2653 2256 2748 2309 καὶ
2775 2254 2885 2309 τῶν
2910 2255 3084 2321 ἁγίων
3115 2250 3275 2322 ἡμῶν
3308 2248 3623 2316 συλλέγων,
3655 2243 3784 2297 κατὰ

2206 2349 2438 2419 δύναμιν
2467 2347 2706 2420 ἔγραψα,
2743 2351 2840 2401 καὶ
2874 2349 2941 2401 τὰ
2972 2346 3220 2415 ἑπόμενα
3263 2344 3378 2397 τῶν
3427 2340 3591 2395 θείων
3619 2335 3785 2392 αὐτῶν

2209 2439 2450 2494 ἐννοιῶν.
2483 2437 2548 2493 Εἰ
2582 2440 2681 2510 μὲν
2707 2434 2802 2492 οὖν
2828 2457 2880 2493 τι
2915 2439 3189 2509 χρήσιμον
3217 2436 3249 2505 ἢ
3278 2434 3571 2501 ἐπωφελές
3601 2434 3656 2486 ἐν
3683 2431 3785 2491 τοῖς

2209 2534 2543 2603 εἰρημένοις,
2584 2530 2662 2601 τῷ
2708 2531 2829 2598 Θεῷ
2886 2531 3066 2600 χάρις,
3108 2532 3204 2583 καὶ
3238 2531 3336 2599 οὐχ
3399 2529 3567 2601 ήμῶν
3615 2525 3783 2588 τοῦτο,

2211 2625 2349 2678 ἀλλὰ
2372 2624 2480 2676 τῶν
2510 2623 2672 2677 θείων
2698 2622 2933 2693 Γραφῶν
2960 2622 3054 2675 καὶ
3082 2622 3187 2675 τῶν
3211 2622 3415 2689 ἁγίων,
3440 2622 3536 2675 καὶ
3561 2618 3628 2672 δι’
3652 2618 3783 2687 ὑμᾶς

2210 2716 2336 2779 τοὺς
2394 2714 2651 2777 πολλάκις
2697 2714 2973 2785 διαφόρως
3023 2715 3391 2782 ἠρωτηκότας
3421 2752 3437 2776 ,
3505 2710 3601 2765 καί
3645 2722 3785 2767 τινας

2213 2810 2407 2872 ἄλλους
2441 2809 2549 2862 τῶν
2579 2808 2848 2876 ἀδελφῶν,
2869 2810 2947 2868 εἰς
2972 2806 3132 2880 τοῦτο
3162 2806 3304 2860 κατὰ
3330 2806 3534 2875 καιρὸν
3561 2800 3784 2870 ἀναγκά-

2216 2916 2416 2963 σαντας
2439 2917 2454 2932 ο
2492 2901 2586 2952 καὶ
2634 2902 2662 2955 ὁ
2704 2900 2900 2969 μισθὸς
2932 2899 3089 2952 ἔσται
3122 2900 3325 2968 μᾶλλον
3376 2900 3515 2968 ὑμῖν
3553 2900 3664 2959 τοῖς
3695 2893 3785 2955 τὰς

2215 2994 2473 3064 ἀφορμὰς
2495 2993 2781 3058 δεδωκόσι,
2809 2994 2904 3046 καὶ
2934 2992 3028 3045 τδν
3058 2992 3455 3046 εὐτελέστατον
3482 2992 3610 3046 νοῦν
3643 2989 3785 3061 ήμῶν

531 3085 779 3133 nostrum
830 3072 1140 3127 humilitate
1203 3078 1381 3123 vestra
1437 3082 1501 3121 ac
1564 3067 1998 3137 interrogatione
2054 3064 2109 3118 in

2218 3090 2311 3140 καὶ
2340 3087 2515 3158 γεώδη
2557 3088 2653 3141 καὶ
2702 3087 2958 3141 ταπεινὸν
2999 3090 3066 3158 τῇ
3115 3088 3457 3142 ταπεινώσει
3507 3087 3661 3155 ὑμῶν
3700 3083 3784 3137 καὶ

531 3169 824 3227 dilectione
852 3175 909 3220 et
964 3165 1136 3234 gratia
1203 3163 1293 3216 Dei
1355 3161 1408 3214 in
1473 3159 1745 3215 Trinitate
1794 3159 2111 3227 aperuisds.

530 3262 686 3321 Adsit
711 3261 801 3330 qui
839 3263 951 3314 haec
999 3256 1157 3310 vobis
1192 3256 1471 3309 fruetnosa
1522 3253 1688 3305 faciat
1739 3250 2115 3318 fratribus-que

533 3352 789 3405 omnibus
866 3350 1105 3417 prolicua
1171 3348 1224 3400 in
1289 3347 1520 3414 gloriam
1576 3341 1694 3408 ejus
1774 3343 2116 3410 salutemque

538 3452 778 3501 nostram
841 3439 1088 3508 ejusdem
1140 3438 1430 3491 clementia
1490 3444 1546 3490 et
1610 3435 1967 3504 benignitate,
2027 3436 2113 3490 cni

536 3532 874 3588 conﬁdentes
909 3546 997 3585 res
1030 3545 1193 3599 supra
1236 3531 1382 3585 vires
1412 3538 1630 3583 nostras
1674 3529 1883 3598 positas
1936 3520 2116 3583 atten-

536 3639 654 3679 tare
683 3625 802 3679 ausi
830 3639 1045 3688 sumus,
1072 3633 1126 3676 et
1164 3623 1322 3689 cujus
1351 3622 1643 3676 dilectione
1675 3623 1777 3677 ista
1812 3636 1911 3691 pro
1949 3622 2116 3677 lacul-

537 3729 646 3776 tate
674 3715 1068 3786 disposuimus.
1104 3715 1169 3769 Et
1203 3725 1313 3768 Slﬂl
1343 3715 1447 3767 ista
1477 3713 1555 3767 illi
1585 3714 1638 3766 in
1668 3712 1895 3781 gloriam
1929 3714 2117 3769 nobis-

504 3808 643 3879 que
698 3809 993 3867 lnnnilibus
1025 3808 1078 3862 in
1132 3809 1387 3870 salutem,
1425 3807 1553 3875 quia
1591 3806 1707 3863 haec
1757 3821 1976 3875 quoque
2016 3807 2117 3860 ob-

536 3904 760 3956 tulinms
821 3900 915 3954 ttni
969 3900 1025 3953 ia
1081 3899 1349 3953 Trinitate
1418 3901 1574 3963 Deo,
1649 3888 2139 3956 intercedentibus

535 4010 754 4064 semper
801 3994 1010 4063 virgine
1062 4005 1117 4046 et
1169 3993 1521 4047 sanctissima
1574 3992 1966 4061 gloriosissima
2021 3993 2115 4047 Dei

535 4086 836 4161 Genittice,
902 4086 1221 4152 sanctisque
1268 4087 1476 4154 angelis
1520 4101 1549 4137 a
1596 4084 1706 4140 Deo
1765 4086 2113 4151 illuminatis,

535 4181 710 4235 beatis
766 4180 932 4233 etiam
1025 4179 1287 4246 aposwlis
1385 4178 1569 4234 divina
1648 4180 2114 4248 praedicantibus,

536 4274 909 4328 sanctissimis
965 4268 1195 4326 Deiferis
1229 4271 1608 4337 pontiﬁcibus,
1668 4272 1924 4342 gloriosis
1973 4287 2119 4326 mar-

538 4371 774 4441 tyribus,
806 4366 1012 4422 sanctis
1037 4377 1094 4422 et
1121 4367 1287 4437 iustis
1339 4366 1704 4436 omnibusque
1760 4369 1971 4424 sanctis
1997 4367 2116 4437 ejus

2221 3180 2489 3248 ἐρωτήσει
2544 3182 2602 3232 ἐν
2654 3180 2846 3250 ἀγάπῃ
2875 3180 2970 3234 τοῦ
3000 3183 3057 3233 ἐν
3092 3181 3287 3250 Τριὰδι
3318 3182 3462 3236 Θεοῦ
3493 3182 3587 3235 καὶ
3616 3178 3785 3249 χάριτι

2219 3272 2568 3337 διανοίξασιν.
2594 3274 2688 3335 Ὃς
2712 3273 2807 3325 καὶ
2836 3275 2920 3343 εἴη
2949 3272 3200 3341 χρήσιμα
3232 3273 3407 3326 ποιῶν
3438 3274 3574 3341 ὑμῖν
3601 3270 3782 3332 ταῦτα,

2219 3366 2315 3417 καὶ
2361 3369 2474 3427 τοῖς
2532 3365 2785 3435 ἀδελφοῖς
2839 3364 3047 3419 ἅπασιν
3082 3365 3338 3433 ἐπωφελῆ
3392 3368 3464 3419 τὰ
3512 3365 3782 3433 εἰρημένα,

2220 3460 2314 3509 καὶ
2360 3460 2439 3518 εἰς
2492 3457 2654 3523 δόξαν
2685 3457 2851 3510 αὑτοῦ
2888 3457 2982 3511 καὶ
3030 3457 3310 3529 σωτηρίαν
3339 3460 3370 3527 ή
3383 3460 3504 3528 μῶν
3538 3459 3601 3527 τῇ
3634 3451 3781 3507 αὐτοῦ

2221 3549 2606 3619 φιλανθρωπίᾳ
2649 3550 2746 3602 καὶ
2791 3549 3115 3619 ἀγαθότητι,
3143 3543 3188 3618 ᾧ
3232 3553 3329 3604 καὶ
3371 3550 3778 3620 τεθαρρηκότες,

2221 3644 2332 3704 τοῖς
2374 3641 2514 3707 ὑπὲρ
2558 3643 2705 3710 ἡμᾶς
2761 3641 3089 3712 ἐγχειρῆσαι
3142 3643 3657 3714 κατετολμήσαμεν,
3697 3640 3781 3692 καὶ

2221 3735 2278 3784 ἐν
2307 3732 2498 3802 ἀγάπῃ
2532 3732 2723 3786 τούτου
2761 3733 2827 3785 τὰ
2853 3735 2995 3787 κατὰ
3021 3733 3255 3804 δύναμιν
3292 3735 3655 3807 ἐξεθήκαμεν.
3685 3733 3780 3787 Καὶ

2221 3828 2462 3891 γένοιντο
2519 3827 2600 3887 εἰς
2657 3824 2817 3890 δόξαν
2873 3826 3042 3880 αὐτοῦ
3100 3827 3302 3896 ταῦτα,
3332 3831 3430 3883 καί
3483 3830 3638 3898 ἡμῶν
3685 3826 3782 3877 τῶν

2219 3915 2495 3969 ταπεινῶν
2528 3916 2807 3983 σωτηρίαν
2837 3931 2851 3946 ·
2889 3916 2971 3968 ὅτι
3012 3917 3107 3969 καὶ
3134 3915 3311 3969 ταῦτα
3345 3918 3498 3987 αὐτῷ
3530 3914 3780 3981 ἀνεθήκα-

2224 4024 2324 4077 μεν
2370 4007 2448 4077 τῷ
2497 4009 2644 4077 μόνῳ
2678 4009 2736 4060 ἐν
2761 4007 2957 4079 Τριάδι
2987 4008 3107 4079 Θεῷ
3140 4025 3154 4039 ⁸
3200 4008 3525 4079 πρεσϐείαις
3557 4007 3650 4074 τῆς
3682 4006 3781 4057 ἀει-

2223 4099 2498 4169 παρθένου
2527 4100 2622 4152 καὶ
2658 4100 2936 4166 παναγίας
2967 4100 3328 4169 ὑπερενδόξου
3364 4102 3648 4165 Θεοτόκου,
3683 4096 3779 4149 τῶν

2222 4194 2534 4262 θεολήπτων
2584 4195 2681 4247 καὶ
2713 4193 2886 4262 ἁγίων
2926 4194 3198 4262 ἀγγέλων,
3227 4195 3340 4248 τῶν
3377 4195 3654 4266 θεηγόρων
3699 4188 3781 4241 καὶ

2225 4288 2514 4357 μακαρίων
2549 4287 2887 4353 ἀποστόλων,
2922 4289 3032 4341 τῶν
3071 4288 3351 4360 θεοφόρων
3381 4293 3480 4346 καὶ
3526 4288 3779 4354 πανιέρων

2225 4380 2520 4449 ἰεραρχῶν,
2552 4379 2659 4432 τῶν
2707 4380 3035 4435 καλλινίκων
3069 4383 3366 4453 μαρτύρων
3412 4401 3493 4449 τε,
3524 4383 3681 4435 ὁσίων
3729 4392 3779 4433 τε

538 4480 568 4519 a
606 4461 809 4515 saeculo
870 4470 925 4513 et
983 4473 1155 4524 usque
1208 4459 1274 4517 ad
1328 4460 1858 4514 consummationem
1906 4461 2116 4515 saeculi.

2226 4474 2323 4524 καὶ
2371 4473 2619 4538 δικαίων,
2653 4475 2750 4527 καὶ
2804 4474 3025 4528 πάντων
3058 4474 3167 4530 τῶν
3199 4476 3296 4531 ἀπ’
3336 4478 3536 4541 αἰῶνος
3567 4476 3655 4528 καὶ
3688 4472 3777 4532 ἕως

539 4556 809 4621 Quoniam
856 4568 980 4607 eum
1028 4553 1181 4606 decet
1223 4553 1409 4607 omnis
1438 4551 1636 4621 gloria,
1692 4553 2119 4623 magnitudoque

539 4663 592 4700 et
655 4647 1080 4717 magniﬁcentia,
1125 4647 1342 4699 Patrem
1396 4656 1451 4699 et
1494 4643 1692 4699 Filium
1753 4657 2120 4717 sanctumque

543 4741 830 4807 Spiritum,
868 4740 1048 4791 solum
1096 4739 1151 4791 in
1186 4736 1457 4815 Trinitate
1507 4737 1702 4800 Deum.
1760 4756 1924 4793 unam
1966 4753 2122 4797 natu-

545 4846 662 4887 ram
690 4838 1124 4898 potestatemque
1167 4840 1224 4883 et
1250 4829 1510 4885 virtutem
1544 4832 1598 4885 in
1632 4833 1810 4887 tribus
1867 4833 2116 4888 indivisis

544 4921 962 4990 inconl'usisque
1014 4922 1290 4990 personis,
1344 4922 1493 4977 omni
1557 4931 1825 4992 tempore,
1867 4942 2013 4981 nunc
2066 4937 2122 4981 et

545 5028 760 5083 semper
781 5024 834 5068 et
872 5014 928 5073 in
958 5013 1155 5070 saecula
1192 5016 1542 5077 saeculorum.
1565 5017 1759 5083 Amen.

2230 4566 2540 4628 συντελείας
2571 4567 2772 4630 αἰῶνος
2813 4568 2989 4636 ἁγίων
3019 4569 3226 4627 δούλων
3275 4573 3465 4629 αὑτοῦ.
3501 4574 3621 4625 Ὅτι
3646 4564 3778 4632 αὐτῷ

2229 4659 2430 4726 πρέπει
2483 4660 2629 4710 πᾶσα
2658 4659 2805 4723 δόξα,
2841 4661 3204 4732 μεγαλωσύνη
3236 4681 3295 4717 τε
3339 4667 3432 4719 καὶ
3459 4659 3776 4733 μεγαλοπρέ-

2232 4767 2383 4813 πεια,
2408 4750 2485 4819 τῷ
2543 4752 2742 4820 Πατρί,
2781 4754 2878 4805 καὶ
2921 4754 2998 4823 τῷ
3047 4754 3185 4825 Υῐῴ.
3224 4757 3427 4828 καὶτῷ
3461 4756 3599 4825 ἁγίῳ
3631 4749 3777 4805 [ivsti-

2236 4861 2384 4910 ματι,
2424 4844 2503 4913 τῷ
2535 4845 2680 4912 μόνῳ
2738 4847 2795 4899 ἐν
2824 4846 3016 4916 Τριάδι
3061 4848 3203 4919 Θεῷ,
3234 4852 3300 4920 τῇ
3355 4852 3457 4921 μιᾷ
3506 4848 3661 4917 φύσει
3696 4841 3776 4895 καὶ

2233 4936 2453 5006 ἐξουσίᾳ
2501 4939 2591 4989 καὶ
2646 4938 2898 5009 δυνάμει,
2959 4943 3018 4994 ἐν
3074 4945 3256 5013 τρισὶν
3325 4943 3644 5013 ἁδιαιρέτοις
3695 4932 3777 4984 καὶ

2236 5027 2565 5097 ἀσυγχύτοις
2611 5034 2728 5093 ταῖς
2776 5032 3132 5097 ὑποστάσεσι,
3163 5038 3393 5088 πάντοτε
3426 5036 3517 5088 νῦν
3547 5034 3635 5084 καὶ
3677 5030 3731 5079 ἁε
3757 5058 3771 5081 .

2236 5116 2330 5171 καὶ
2359 5119 2435 5178 εἰς
2473 5119 2599 5182 τοὺς
2634 5120 2838 5184 αἰῶνας
2867 5122 2975 5176 τῶν
3014 5123 3245 5180 αἰώνων.
3294 5127 3484 5196 Ἀμήν,
