4068 6280
330 414 431 480 701

1340 407 1754 470 EXPOSITIO
1787 408 1886 469 DE
1917 405 2191 467 DIVINO
2230 401 2556 465 TEMPLO.

3487 398 3591 464 702

321 531 447 584 ὀλου
508 527 652 597 ἡμᾶς
713 523 994 595 ἀμυήτους
1043 523 1255 595 ἀφῆκεν
1284 519 1425 579 εἶναι
1461 524 1728 593 περὶτῶν
1763 520 1890 575 ἰδιωε

2014 518 2158 589 piam
2184 532 2306 586 quae
2335 518 2401 570 ab
2433 515 2678 571 Ecclesia
2709 512 3132 584 promulgantur
3155 520 3208 567 et
3257 509 3586 567 efﬁciuntur.

317 620 348 672 6
373 619 526 680 Θεὸς,
575 616 691 670 ἀλλ’
717 617 843 670 ὅσον
881 617 1108 671 δυνατὸν
1136 616 1358 682 εἰδέναι,
1393 615 1504 669 ’καὶ
1533 615 1764 668 καθόσον
1801 612 1900 682 ξη-

315 713 432 765 τεῖν
462 709 762 777 εὑρίσκειν,
797 711 893 764 καὶ
923 711 981 763 ὲν
1013 711 1265 780 περινοίᾳ
1316 707 1562 775 γίνεσθαι
1611 708 1719 759 τῶν
1753 707 1899 759 ὲκεί-

318 820 434 865 νου,
498 802 772 873 παρέσχεν
828 804 960 872 ἡμῖν
1009 802 1287 872 ἀφορμὰς,
1336 800 1460 853 ἐπεὶ
1506 801 1601 852 καὶ
1651 799 1718 852 δι’
1750 802 1899 869 ἡμᾶς

315 893 491 946 ταῦτα
543 894 884 963 πέπρακται.
925 893 1171 946 Καθόσον
1199 889 1292 946 οὖν
1321 895 1415 946 καὶ
1444 894 1602 960 ἡμεῖς
1628 892 1900 961 ἠδυνήθη-

321 1001 422 1052 μεν
481 985 708 1051 γνῶναι,
760 984 854 1036 καὶ
902 985 1136 1036 καθόσον
1187 985 1321 1052 ἡμῖν
1360 984 1538 1051 ἐδόθη,
1596 983 1898 1052 ἐλαχίστοις

316 1092 380 1143 γε
411 1073 530 1128 οὖσι
568 1075 662 1128 καὶ
684 1077 986 1136 ταπεινοῖς,
1019 1075 1149 1143 περὶ
1177 1092 1252 1127 ων
1274 1076 1614 1143 ἠρωτήσατε,
1643 1075 1898 1140 νομίσαν-

317 1184 409 1230 τες
438 1168 584 1236 ἡμᾶς
609 1162 750 1218 εἷναί
777 1183 852 1231 τι,
888 1165 1120 1234 λέγομεν
1147 1167 1204 1217 ὲν
1238 1167 1451 1236 ἀγάπῃ,
1482 1169 1546 1219 ὲκ
1577 1165 1685 1216 τῶν
1722 1165 1899 1216 Πατέ-

320 1275 428 1327 ρων
459 1262 527 1312 τὰ
551 1258 723 1312 πλείω
754 1259 1129 1324 συλλέξαντες.
1157 1258 1290 1311 Οὐδὲ
1317 1260 1428 1327 γὰρ
1455 1258 1564 1312 τῶν
1596 1258 1898 1326 παραδεδο-

322 1343 499 1420 μὲνων
551 1351 871 1419 καινότερον
920 1349 1048 1402 ἄλλο
1085 1351 1215 1419 παρ’
1249 1351 1399 1419 ἡμῖν,
1443 1350 1550 1402 οὐδ’
1579 1349 1614 1403 ἃ
1656 1352 1898 1419 παρελά-

319 1442 488 1511 ϐομεν
531 1441 937 1511 ὴλλοιώσαμεν·
965 1443 1352 1511 τετηρήκαμεν
1381 1442 1457 1507 δὲ,
1483 1442 1558 1504 ὡς
1593 1447 1684 1494 καὶ
1712 1443 1773 1494 τὸ
1795 1441 1898 1512 τῆς

318 1535 555 1595 πίστεως
582 1534 877 1602 Σύμϐολον,
908 1535 1029 1588 ὃθεν
1052 1536 1128 1596 ὡς
1151 1552 1226 1585 πα
1236 1538 1282 1602 ρ’
1320 1536 1486 1589 αὑτοῦ
1515 1541 1608 1587 τοῦ
1645 1536 1897 1604 Σωτῆρος

318 1624 416 1676 καὶ
446 1623 554 1676 τῶν
587 1625 901 1678 ἀποστόλων
933 1625 1090 1696 ἐδόθη
1145 1632 1237 1678 και
1265 1627 1374 1677 τῶν
1427 1628 1707 1695 ΙΙατέρων,
1753 1625 1896 1679 οὕτω

316 1715 414 1785 τὴν
447 1717 757 1784 ἱερουργίαν
804 1716 1101 1785 τελοῦμεν·
1139 1720 1229 1770 καὶ
1281 1719 1353 1778 ὡς
1408 1719 1506 1786 μὲν
1533 1720 1560 1769 ὁ
1590 1719 1791 1785 Κύριος
1823 1720 1896 1770 ἱε-

318 1808 594 1876 ρούργησε
648 1806 788 1873 μετὰ.
843 1805 953 1857 τῶν
1013 1807 1274 1876 μαθητῶν
1321 1806 1420 1870 ὢν,
1459 1808 1554 1860 καὶ
1608 1809 1701 1860 τὸν
1732 1809 1894 1877 ἄρτον

318 1899 525 1960 κλάσας
594 1898 689 1950 καὶ
747 1899 932 1962 αὐτοῖς
1005 1900 1288 1968 μεταδοὺς,
1357 1905 1449 1951 καὶ
1501 1901 1562 1951 τὺ
1635 1902 1896 1970 ποτήριον

315 1989 536 2056 ὁμοίως,
572 1990 665 2039 καὶ
703 1989 736 2058 ή
782 1987 1083 2056 Ἐκκλησία
1116 1991 1281 2053 ποιεῖ,
1318 1991 1412 2041 τοῦ
1446 1989 1701 2058 ἱεράρχου
1757 1991 1894 2058 μετὰ

314 2082 425 2134 τῶν
481 2081 673 2150 ἱερέων
720 2080 1152 2150 ἱερουργοῦντος,
1202 2084 1296 2132 καὶ
1330 2083 1463 2132 πᾶσι
1499 2081 1894 2148 μεταδιδόντος,

312 2173 346 2242 ἢ
384 2175 478 2224 καὶ
511 2174 700 2240 ἱερέως
735 2173 875 2239 μετὰ
898 2174 1119 2225 λοιπῶν.
1161 2174 1331 2224 Τοῦτο
1356 2173 1411 2225 δὲ
1432 2175 1536 2237 ,καὶ
1561 2176 1588 2224 6
1622 2175 1728 2224 τῶν
1758 2177 1895 2226 ἀπο-

317 2265 520 2318 στόλων
553 2267 819 2332 μαρτυρεῑ
849 2264 1093 2334 διάδοχος
1141 2269 1168 2318 6
1229 2267 1369 2334 ἱερός
1413 2285 1556 2334 φημι
1587 2267 1886 2327 Διονύσιός,

313 2357 457 2410 οὕτω
487 2357 751 2410 διδάσκων
788 2359 1118 2426 ἱερουργεῖν,
1155 2358 1226 2418 ὡς
1258 2361 1439 2428 ἡμεῖς.
1484 2359 1594 2409 Καὶ
1625 2360 1670 2408 οἱ
1701 2357 1896 2424 θεηγό-

316 2468 400 2520 por.
428 2451 507 2514 δὲ,
535 2452 818 2514 Βασίλειος
853 2452 950 2504 καὶ
990 2451 1404 2519 Χρυσόστομος,
1439 2451 1538 2518 την
1563 2451 1661 2519 τῆς
1689 2466 1896 2518 μυστα-

314 2545 525 2610 γωγίας
554 2544 892 2612 πλατύτερον
945 2544 1227 2610 ὲκθέμενοι
1275 2541 1453 2605 τάξιν,
1484 2543 1627 2595 οὕτω
1663 2542 1900 2606 παραδε·

316 2636 553 2690 δώκασιν
584 2640 848 2705 ἐνεργεῖν,
884 2636 959 2697 ὼς
1001 2637 1032 2702 ἠ
1087 2634 1208 2687 καθ’
1261 2636 1412 2702 ἡμᾶς
1450 2635 1766 2699 Ἐκκλησία,
1803 2634 1900 2686 καὶ

317 2727 692 2796 μαρτυροῦσιν
736 2726 918 2780 αὐτῶν
971 2728 1026 2777 αἱ
1063 2727 1142 2784 εἰς
1180 2728 1279 2793 τὴν
1345 2725 1660 2794 ἱερουργίαν
1710 2726 1892 2794 εὐχαὶ,

312 2821 412 2883 τὴν
446 2819 672 2886 πρώτην
701 2835 760 2871 τε
791 2820 886 2870 καὶ
915 2818 1179 2887 δευτέραν
1209 2819 1414 2869 εἴσοδον
1450 2818 1890 2885 ὲκδιδόισκουσαι,

311 2910 407 2964 καὶ
435 2909 504 2962 τὰ
537 2910 698 2962 λοιπὰ
731 2911 829 2979 τῆς
863 2912 1014 2978 ἱερᾶς
1041 2909 1284 2976 τελετῆς.

2006 605 2395 660 Verumtamen
2437 621 2544 660 non
2578 605 2804 660 omnino
2869 603 3037 658 rudes
3060 618 3122 658 ac
3151 603 3376 673 ignaros
3408 615 3588 656 rerum

2006 698 2071 752 ad
2107 714 2163 751 se
2190 697 2583 766 pertinentium
2619 696 2761 751 Deus
2795 712 2897 751 nos
2933 696 3172 766 reliquit,
3195 697 3288 750 sed
3317 705 3587 765 quantum

2004 790 2070 842 de
2095 789 2162 842 iis
2194 788 2353 850 scire,
2381 790 2727 857 investigare,
2759 799 2810 842 et
2833 788 3104 852 invenire,
3128 786 3239 840 imo
3263 795 3316 841 et
3345 799 3594 853 compre—

2005 884 2243 937 hendere
2275 900 2562 952 possumus
2589 891 2797 936 tantam
2823 882 2981 936 nobis
3004 881 3350 934 occasionem
3383 878 3594 948 przesli-

2004 976 2069 1028 tit
2097 993 2110 1028 :
2139 975 2585 1045 quandoquidem
2616 989 2783 1030 causa
2812 983 2998 1030 nostra
3030 989 3094 1028 ea
3126 973 3309 1025 omnia
3334 973 3591 1026 instituta

2002 1079 2152 1123 sunt.
2187 1067 2463 1134 Quantum
2494 1068 2662 1138 igitur
2695 1069 2853 1123 nobis
2893 1067 3133 1123 minimis
3176 1063 3592 1134 abjectissimis-

2001 1175 2108 1224 que
2134 1174 2465 1214 concessum
2497 1171 2604 1226 est,
2637 1159 2706 1214 de
2745 1160 2812 1214 iis
2878 1175 3003 1228 quae
3051 1174 3152 1213 nos
3211 1172 3336 1212 esse
3383 1155 3589 1225 aliquid

2000 1261 2262 1322 putantes
2297 1253 2702 1320 interrogastis,
2753 1251 2808 1304 iu
2863 1251 3135 1304 cbaritalc
3197 1250 3588 1313 disseruimus,

2003 1347 2269 1414 pluraque
2307 1361 2370 1398 ex
2401 1345 2489 1398 his
2525 1359 2554 1399 a
2589 1345 2797 1400 sanctis
2832 1344 3085 1399 l’atribns
3109 1345 3467 1413 collegimus;
3499 1360 3590 1398 ne.-

2000 1452 2107 1504 que
2141 1437 2288 1490 enim
2318 1448 2516 1505 praeter
2531 1451 2594 1491 ea
2623 1452 2742 1505 qua:
2767 1437 2964 1490 tradita
2991 1447 3119 1490 sunt
3147 1451 3347 1488 novum
3381 1435 3587 1503 aliquid

2001 1527 2406 1592 adinvenimus,
2437 1543 2616 1596 neque
2647 1542 2706 1580 ea
2732 1542 2850 1595 quae
2878 1529 2945 1580 ab
2983 1526 3106 1580 aliis
3141 1526 3454 1590 accepimus
3481 1525 3587 1578 ulla
3622 1518 3670 1564 εῖτ

2000 1619 2212 1674 ratione
2245 1620 2684 1682 innuutavimus,
2717 1621 2826 1672 imo
2871 1618 3016 1673 sicut
3075 1620 3199 1673 lidei
3263 1619 3575 1689 Symbolutr

2000 1711 2210 1779 integra
2247 1711 2562 1780 intactaque
2591 1712 2955 1764 servavimus.
2993 1709 3146 1766 Unde
3176 1712 3316 1765 sicut
3348 1712 3418 1765 ab
3467 1713 3587 1778 ipso

2002 1801 2287 1856 Salvatore
2326 1803 2578 1857 instituta
2614 1796 2717 1866 est,
2745 1814 2798 1857 et
2825 1805 2893 1857 ab
2923 1805 3214 1870 apostolis,
3249 1814 3302 1859 et
3332 1821 3360 1859 a
3414 1804 3588 1859 Patri-

1927 1874 1973 1933 Β
2007 1895 2108 1948 bus
2175 1895 2392 1958 tradita,
2435 1895 2508 1948 ita
2566 1905 2618 1949 et
2669 1895 2891 1950 missam
2943 1896 3285 1952 celebramus
3317 1916 3330 1951 :
3363 1908 3416 1951 et
3446 1900 3592 1951 sicut

2011 1986 2230 2055 quidem
2273 1985 2560 2050 Dominus,
2590 2001 2715 2041 cum
2770 1987 3056 2056 discipulis
3109 1990 3288 2045 adhuc
3340 2007 3592 2046 counno-

2016 2093 2147 2132 rans
2170 2079 2536 2145 consecravit,
2558 2089 2609 2134 et
2637 2095 2828 2148 patrem
2864 2079 3251 2150 frcgit,eisque
3287 2082 3588 2149 disu-ibu'it,

2011 2184 2065 2227 et
2097 2174 2322 2226 calicem
2345 2173 2616 2233 similiter,
2639 2175 2708 2224 ita
2737 2184 2789 2225 et
2811 2189 2954 2226 nunc
2978 2173 3216 2229 Ecclesia
3243 2179 3587 2247 exsequitur,

2006 2267 2264 2337 pontiﬁce?
2311 2281 2433 2319 cum
2503 2267 2882 2319 sacerdotibus
2947 2280 3308 2322 consecrante
3371 2280 3424 2323 et
3474 2286 3591 2324 om‘

2013 2359 2176 2410 nibus
2219 2357 2602 2418 dislribuente,
2624 2356 2705 2408 vel
2750 2367 2898 2410 certe
2916 2358 3200 2412 sacerdote
3220 2374 3342 2412 cum
3363 2361 3586 2429 collegis

2009 2451 2342 2504 celebrante.
2377 2449 2493 2504 Hoc
2551 2467 2680 2504 vero
2717 2458 2768 2503 et
2804 2452 3173 2518 apostolorum
3195 2468 3482 2508 successor
3513 2465 3588 2507 te-

2005 2552 2206 2602 statur.
2231 2559 2409 2607 sacer,
2436 2543 2676 2610 inquam,
2699 2542 2991 2612 Dionysius
3004 2545 3130 2597 dum
3147 2548 3225 2599 sic
3248 2547 3586 2612 sacriﬁcare,

2004 2636 2220 2687 sieutet
2249 2651 2348 2686 nos
2373 2635 2563 2687 edocet
2597 2650 2609 2684 :
2644 2642 2699 2686 et
2748 2633 3057 2687 divinarum
3115 2651 3296 2689 rerum
3356 2646 3582 2689 enarra-

2008 2739 2154 2782 tores
2183 2728 2418 2783 Basilius
2444 2737 2499 2781 et
2524 2726 2949 2796 Clirysostomus
2978 2729 3226 2782 ordinem
3264 2731 3444 2784 inissa:
3469 2741 3586 2786 tan-

2004 2821 2074 2874 tis
2102 2821 2378 2889 mysteriis
2404 2821 2621 2888 repletae
2659 2821 2750 2874 ubi
2783 2829 3086 2888 exponunt,
3117 2823 3198 2875 sic
3253 2838 3371 2876 eam
3421 2828 3585 2894 perli-

2004 2926 2131 2964 cere
2165 2913 2643 2975 commendarunt,
2678 2911 2824 2966 sicut
2853 2920 2906 2965 et
2941 2923 3128 2966 nostra
3159 2911 3401 2968 Ecclesia
3431 2931 3586 2969 exse—

310 3007 497 3073 quitur
529 3005 734 3075 gidque
785 3007 1062 3060 orationes
1137 3019 1328 3057 eorum
1406 3005 1461 3058 in
1539 3005 1702 3058 missa
1761 3020 1883 3074 quae
1925 3004 2159 3073 primum
2211 3016 2266 3061 et
2295 3008 2596 3060 secundum
2661 3005 2972 3076 ingressum
3023 3008 3376 3079 reliquaSque
3427 3027 3572 3066 sacr.

303 3099 554 3171 Vntysterii
588 3110 770 3168 partes
802 3098 1057 3162 edocent,
1089 3090 1397 3152 clarissime
1429 3107 1892 3154 tonimonstrant.

395 3213 508 3267 Καὶ
530 3212 623 3265 τὸν
649 3211 796 3281 ἱερὸν
824 3211 881 3263 δὲ
906 3212 1033 3263 ναὸν
1081 3210 1142 3263 οὐ
1179 3210 1337 3274 βατδν
1368 3212 1480 3273 τοῖς
1505 3211 1641 3262 πᾶσι
1673 3210 1890 3279 παραδι·

2079 3213 2146 3266 Et
2178 3218 2426 3263 sanctum
2469 3209 2682 3277 quidem
2719 3209 2982 3278 templum
3019 3224 3123 3263 non
3157 3212 3415 3267 omnibus
3460 3229 3588 3283 per-

309 3305 492 3359 δόασιν
540 3306 589 3357 οἱ
614 3303 1007 3373 Πατέρες,ἀλλ’
1033 3302 1183 3367 ἀξιον
1207 3302 1516 3367 εὐλαϐείας,
1541 3304 1632 3356 καὶ
1659 3304 1894 3371 μάλιστα

312 3395 378 3466 δὴ
405 3397 466 3449 τὸ
488 3395 713 3464 φρικτὸν
739 3394 1147 3461 θυσιαστήριον.
1178 3394 1288 3446 Καὶ
1308 3394 1484 3461 δῆλον,
1507 3393 1585 3455 ὡς
1621 3393 1726 3457 ἔξω
1768 3394 1893 3460 βάλ-

312 3485 464 3538 λουσι
491 3485 615 3544 τοὺς
644 3485 1112 3554 κατηχουμὲνους.
1163 3483 1272 3536 Καὶ
1301 3484 1329 3534 6
1377 3484 1522 3550 ἱερὸς
1561 3483 1618 3534 δὲ
1661 3482 1895 3552 Ἀμϐρό-

308 3594 424 3650 σιος
478 3577 694 3630 καὶτοῦ
740 3575 872 3629 ναοῦ
926 3577 1022 3628 καὶ
1057 3573 1152 3626 τοῦ
1203 3574 1592 3642 θυσιαστηρίου
1646 3574 1890 3641 ὲξώθησε

305 3671 398 3722 τὸν
420 3668 702 3720 θεοδόσιον
729 3667 955 3736 βασιλέα
982 3683 995 3698 ο
1022 3667 1115 3718 καὶ
1139 3668 1167 3718 6
1195 3667 1252 3717 ἐν
1293 3665 1468 3732 ἁγίοις
1499 3663 1555 3716 δὲ,
1588 3665 1890 3733 Γρηγόριος

305 3763 334 3814 ὁ
361 3760 618 3825 Διάλογος
641 3795 656 3822 ,
693 3757 753 3809 οὐ
786 3759 948 3824 μόνον
979 3755 1047 3808 δι’
1077 3755 1315 3824 ὲνζύμου
1349 3756 1515 3824 ἄρτου
1549 3755 1647 3826 τὴν
1699 3757 1892 3809 θυσίαν

306 3849 718 3920 προσφέρεσθαι
763 3851 1052 3919 μαρτυρεῖ,
1095 3850 1233 3902 ἀλλὰ
1287 3849 1380 3901 καὶ
1417 3849 1485 3902 δι’
1528 3849 1713 3912 αἰδοῦς
1763 3853 1890 3912 τοὺς

307 3945 488 4013 ἱεροὺς
521 3945 644 4012 ἄγει
673 3945 856 4008 ναοὺς,
874 3945 1008 4013 μηδὲ
1038 3943 1266 4011 λείψανα
1296 3945 1476 4011 ἀφιεὶς
1510 3945 1605 3996 τοῦ
1631 3944 1888 4014 τυχόντος

305 4035 366 4088 ὲν
391 4025 570 4097 αὐτοῖς
595 4035 1062 4089 καταθάπτεσθαι.
1105 4036 1268 4089 Ἀλλὰ
1298 4037 1393 4088 καὶ
1418 4037 1444 4088 6
1483 4035 1657 4104 μέγας
1683 4036 1887 4087 Ἰσίδω-

313 4144 402 4195 ρος
431 4129 460 4180 6
489 4129 553 4179 ἐκ
579 4127 671 4179 τοῦ
710 4127 1007 4195 Πηλουσίου
1031 4165 1048 4193 ,
1078 4128 1305 4196 ἀρχαῖος
1354 4124 1429 4178 ὢν
1458 4126 1568 4178 τῶν
1600 4127 1881 4195 Ματέρων,

304 4221 362 4272 ἐν
397 4219 620 4280 πολλαῖς
665 4219 830 4271 αὐτοῦ
862 4219 968 4269 τῶν
1016 4219 1319 4271 ἐπιστολῶν
1382 4219 1511 4284 περὶ
1539 4217 1637 4283 τῆς
1678 4217 1883 4278 τάξεως

303 4311 405 4379 τῆς
434 4308 558 4362 καθ’
594 4309 738 4377 ἡμᾶς
765 4309 1109 4377 λειτουργίας
1152 4309 1492 4376 σαφέστερον
1549 4307 1883 4359 ἐκδιδάσκων

304 4408 575 4474 φαίνεται.
603 4403 710 4456 Καὶ
735 4405 762 4454 6
791 4405 862 4456 τὰ
889 4403 1009 4455 θεῖα
1036 4404 1092 4454 δὲ
1127 4405 1290 4469 σοφὸς
1311 4402 1563 4469 Μάξιμος
1594 4401 1739 4453 ἆπαν
1791 4402 1884 4450 ἐκ·

1997 3307 2144 3359 vium
2175 3306 2430 3364 esse,sed
2465 3305 2768 3358 reverentia
2799 3302 3048 3372 dignum,
3081 3307 3422 3360 tremendum
3460 3325 3588 3365 vero

1998 3397 2236 3451 maxime
2267 3396 2460 3462 altare,
2491 3411 2613 3451 esse
2644 3397 2934 3449 voluerunt
2964 3396 3066 3451 SS.
3102 3396 3206 3450 PP.
3238 3402 3393 3463 Quod
3414 3401 3584 3471 liqui-

1997 3491 2067 3544 do
2100 3499 2337 3554 constat,
2361 3505 2483 3544 cum
2535 3506 2601 3545 ex
2671 3505 2738 3542 eo
2797 3494 3226 3546 catechumenos
3276 3496 3579 3555 emittunt:

1995 3594 2148 3633 Sacer
2177 3595 2306 3633 vero
2337 3580 2687 3644 Ambrosius,
2715 3597 2782 3634 ex
2816 3583 3020 3650 templo
3055 3594 3108 3637 et
3139 3585 3296 3638 altari
3328 3587 3582 3645 Theodo-

1994 3672 2136 3724 sium
2168 3669 2552 3738 imperatorem
2587 3672 2784 3740 ejecit;
2819 3686 3054 3728 sanctus
3087 3687 3266 3731 autem
3288 3679 3584 3751 Gregorius

1995 3771 2186 3814 auctor
2217 3761 2304 3814 ille
2336 3761 2706 3830 Dialogorum,
2736 3780 2844 3817 non
2879 3769 3041 3823 modo
3075 3785 3198 3823 eum
3259 3773 3583 3830 fermemam

1993 3867 2131 3920 pane
2163 3851 2498 3906 sacriﬁcium
2529 3854 2712 3907 offerri
2745 3867 2994 3922 testatur,
3030 3877 3217 3915 verum
3250 3876 3303 3917 et
3329 3868 3380 3918 iu
3419 3883 3586 3925 vene-

1995 3947 2206 3998 ratione
2238 3961 2430 4015 magna
2455 3962 2644 4002 sacras
2670 3950 2832 4003 habet
2861 3953 3026 4014 aedes,
3068 3969 3170 4007 nec
3207 3952 3582 4029 cujuscunque

1992 4039 2256 4092 ca-iavera
2290 4039 2342 4091 in
2373 4041 2440 4093 iis
2473 4041 2694 4110 sepeliri
2729 4043 2997 4109 permittit
3027 4063 3040 4098 :
3067 4047 3320 4102 similiter
3378 4063 3432 4106 et
3478 4051 3579 4106 lsi-

1993 4132 2157 4184 dorus
2189 4132 2462 4186 Pelusiota
2496 4135 2638 4188 inter
2685 4135 2943 4204 antiquos
2998 4136 3190 4193 Patres
3242 4141 3438 4196 merito
3494 4159 3583 4198 re-

1989 4229 2256 4290 censitos,
2290 4229 2348 4280 in
2380 4228 2653 4297 plerisque
2681 4244 2907 4284 suarum
2926 4229 3374 4298 Epistolarumdc
3397 4235 3576 4291 misse

1989 4322 2128 4374 serie
2155 4329 2317 4389 prout
2349 4323 2493 4389 apud
2524 4338 2623 4376 nos
2651 4323 2980 4389 celebratur,
3011 4325 3244 4381 lucidius
3269 4331 3578 4385 edisset-ere

1989 4414 2205 4467 Videtur
2235 4433 2246 4466 :
2279 4423 2332 4468 et
2362 4416 2428 4468 de
2461 4414 2665 4470 divinis
2721 4416 2972 4470 eruditus
3029 4416 3303 4472 Maximus
3366 4422 3575 4475 nullum

301 4496 484 4564 τίθησι
514 4495 574 4547 τὸ
617 4495 914 4563 μυστήριον
965 4495 1061 4562 τῆς
1096 4494 1245 4561 ἱερᾶς
1275 4493 1641 4560 λειτουργίας,
1677 4492 1816 4557 ὅπερ
1845 4492 1876 4560 ἡ

1997 4510 2306 4578 mysterium
2329 4523 2499 4562 sacra:
2527 4515 2726 4573 missae,
2766 4525 2933 4578 quam.
2952 4512 3194 4567 Ecclesia
3223 4515 3494 4569 catholica
3519 4515 3576 4568 in

307 4589 431 4642 καθ’
469 4589 617 4656 ἡμᾶς
649 4586 949 4656 Ἐκκλησία
976 4584 1277 4653 διενεργεῖ,
1337 4584 1433 4636 καὶ
1480 4583 1589 4634 τῶν
1633 4585 1691 4634 ὲν
1742 4584 1882 4654 αὐτῇ

231 4735 238 4746 ,
307 4682 609 4750 γινομένων
639 4683 762 4739 τοὺς
788 4678 981 4744 λόγους
1009 4675 1398 4746 ὲφερμηνεύει.
1436 4675 1528 4738 Ἐξ
1563 4669 1637 4728 ὧν
1675 4673 1741 4744 δὴ
1789 4677 1884 4726 καὶ

283 4775 466 4843 ,ἡμεῖς
495 4772 570 4834 ὡς
614 4770 874 4838 Πατὲρων
906 4770 1322 4837 ἐρανισάμενοι,
1345 4771 1440 4820 καὶ
1463 4764 1516 4818 εί
1540 4767 1593 4818 τί
1621 4781 1728 4834 περ
1757 4765 1885 4818 ἄλλο

300 4866 452 4934 παρᾶ
479 4863 588 4915 τῶν
617 4862 720 4930 πρὸ
767 4859 926 4927 ἡμῶν
957 4853 1242 4928 ἔγνωμεν,
1293 4859 1578 4928 γράφομεν
1629 4857 1781 4929 ὑμῖν,
1815 4861 1880 4928 τῇ

295 4957 390 5010 τοῦ
435 4955 573 5008 Θεοῦ
610 4955 988 5024 θαρρήσαντες
1035 4954 1242 5022 χάριτι.
1286 4951 1398 5005 Καὶ
1429 4952 1494 5023 δὴ
1529 4951 1748 5022 πρῶτον
1783 4953 1884 5020 μὲν

297 5050 424 5117 περὶ
448 5047 537 5101 τοῦ
579 5047 728 5099 θείου
791 5045 972 5114 φαμὲν
998 5044 1169 5096 οἴκου.
1209 5044 1365 5096 Ἐπεὶ
1405 5047 1512 5113 γὰρ
1543 5043 1778 5114 ὄργανον
1807 5045 1881 5095 ἱε-

297 5143 558 5209 ρουργίας
590 5138 716 5196 ναός
747 5153 806 5188 τε
834 5140 928 5188 καὶ
961 5136 1166 5205 ἱερεὺς,
1199 5138 1226 5188 6
1259 5136 1361 5205 μὲν
1413 5133 1735 5204 ἱερουργῶν,
1764 5133 1792 5185 6
1818 5135 1876 5188 δὲ

292 5232 356 5284 τὸ
385 5231 770 5298 θυσιαστήριον
793 5227 951 5296 ἔχων,
987 5231 1082 5278 καὶ
1139 5230 1267 5296 περὶ
1317 5227 1648 5294 ἀμφοτέρων
1701 5240 1875 5294 προσ-

293 5321 426 5394 ἧκόν
452 5325 601 5375 ἐστιν
656 5323 852 5373 εἰπεῖν.

674 5546 744 5613 γ’.
780 5547 845 5600 Τί
879 5547 1050 5599 ἐστιν
1089 5549 1121 5600 ὀ
1154 5547 1309 5610 θεῖος
1350 5546 1518 5609 ναός.

373 5668 433 5720 '0
465 5664 590 5726 ναὸς
613 5664 816 5728 τοίνυν,
845 5666 894 5716 εί
923 5664 1018 5716 καὶ
1048 5665 1105 5728 ὲξ
1139 5661 1279 5714 ὑλῶν
1310 5657 1670 5728 συγκείμενός
1702 5660 1873 5722 ἐστιν,

286 5761 402 5817 ἀλλ’
427 5754 521 5811 οὖν
548 5755 916 5824 ὑπερκόσμιον
944 5754 1057 5823 ἔχει
1093 5754 1254 5823 χάριν
1276 5769 1288 5782 ·
1323 5753 1556 5804 τελεῖται
1585 5752 1870 5822 γὰρ

289 5854 418 5926 παρ’
434 5852 731 5925 ἀρχιερέως
749 5851 934 5919 εὐχαῖς
960 5851 1273 5918 μυστικαῖς,
1292 5848 1382 5900 καὶ
1402 5847 1529 5915 θείῳ
1551 5847 1762 5915 χρίεται
1788 5847 1886 5914 μύ-

1996 4615 2095 4652 usu
2132 4600 2294 4653 habet
2313 4608 2367 4653 et
2399 4599 2661 4666 celebrat,
2697 4617 2806 4655 non
2825 4605 3130 4672 expositum
3151 4605 3430 4676 relinquit,
3463 4623 3580 4662 om-

1993 4689 2255 4756 niumque
2289 4706 2411 4758 qua:
2442 4694 2496 4744 in
2524 4707 2587 4746 ea
2621 4696 2755 4747 tiunt
2785 4696 3027 4751 rationes
3059 4697 3114 4749 in
3143 4698 3382 4752 medium
3405 4699 3580 4754 addu-

1991 4782 2065 4834 cit
2095 4795 2147 4834 et
2175 4783 2592 4853 interpretatur.
2622 4786 2700 4840 Ex
2735 4787 2822 4842 his
2853 4797 2908 4842 et
2933 4804 2996 4842 ex
3028 4790 3153 4845 aliis
3176 4790 3438 4850 Patribus
3489 4794 3575 4848 di-
3622 4781 3627 4807 θ

1991 4876 2160 4927 eenda
2213 4867 2587 4945 decerpentes,
2613 4878 2983 4949 quodcunque
3015 4883 3086 4936 ab
3133 4888 3577 4944 antecessoribus

1993 4969 2196 5022 noStris
2221 4969 2536 5036 indicimus,
2562 4971 2743 5024 divi'na
2769 4972 2961 5027 conﬁsi
2996 4976 3171 5042 gratia
3194 4977 3345 5031 vobis
3364 4981 3575 5032 emeri-

1989 5063 2185 5114 bimus.
2221 5063 2462 5116 Primum
2489 5064 2656 5134 igitur
2686 5065 2754 5120 de
2780 5067 2959 5119 divina
2993 5069 3158 5121 domo
3185 5070 3416 5135 agimus.
3441 5069 3572 5124 Nam

1984 5166 2110 5204 eum
2171 5153 2430 5219 templum
2474 5166 2526 5208 ct
2581 5156 2838 5208 sacerdos
2891 5155 3253 5211 instrumenta
3330 5159 3440 5211 sint
3489 5175 3577 5212 sa-

1985 5243 2190 5295 rrdicio
2219 5245 2610 5311 deservientia,
2640 5247 2731 5301 ille
2782 5247 3002 5314 quidem
3070 5263 3422 5312 consecratis,
3471 5251 3574 5303 hoc

1987 5349 2135 5397 \cro,
2187 5337 2358 5389 altare
2403 5341 2468 5390 ad
2529 5339 2580 5391 id
2621 5339 2928 5404 exhibens,
2979 5340 3043 5391 de
3090 5351 3322 5408 utroque
3391 5341 3573 5397 dicere

1984 5445 2407 5483 tonsentaneum
2434 5441 2539 5485 est.

2343 5547 2395 5599 5.
2427 5547 2556 5610 Qua:
2599 5551 2739 5601 sacri
2796 5549 2974 5618 templi
3036 5551 3196 5604 ratio.

2057 5663 2343 5732 Templum
2383 5677 2510 5729 ergo
2546 5662 2798 5731 quamvis
2833 5677 2897 5715 ex
2930 5662 3307 5718 materialibus
3351 5679 3573 5736 compa-

1985 5768 2130 5810 ctum
2165 5758 2256 5820 sit,
2294 5755 2511 5809 sublimi
2561 5767 2740 5809 tamen
2796 5757 2969 5825 gratia
3038 5755 3321 5825 praeditum
3373 5765 3458 5811 est
3495 5773 3511 5825 ;
3545 5773 3574 5810 ιι

1999 5849 2257 5920 pontiﬁce
2313 5848 2454 5902 enim
2493 5846 2743 5918 mysticis
2783 5846 3192 5917 precationibus
3256 5846 3572 5914 dedicatur,
