4068 6280
304 368 409 433 709

1329 370 1746 430 EXPOSITIO
1792 368 1886 429 DE
1931 370 2203 429 DIVINO
2244 370 2576 434 TEMPLD.

3408 342 3429 375 ⁴
3458 363 3566 429 710

306 478 446 547 πρὸς
475 479 682 541 σκότος.
716 479 776 532 Εἰ
808 477 865 532 δέ
901 495 983 541 τις
1017 477 1379 547 ὲπιστραφείη
1443 477 1579 545 προς
1628 476 1689 528 τὸ
1746 475 1882 544 φῶς,

1998 475 2097 528 [ide
2131 478 2485 542 sentientem,
2559 476 2711 532 nefas
2765 487 2869 533 cst.
2914 475 3067 531 Nulla
3126 474 3270 531 cnim
3331 476 3569 532 societas

304 570 430 624 τότε
458 571 674 635 δεκτέος
694 573 807 633 τοῖς
842 572 937 623 τοῦ
968 572 1164 639 φωτός.
1201 556 1320 625 Kal.
1345 573 1518 623 ταῦτα
1552 570 1650 638 μὲν
1676 573 1704 622 ό
1739 570 1883 630 θεῖος

306 677 372 714 τυ
387 665 472 714 ποῖ
505 664 652 725 ναὸς,
685 664 733 715 εἰ
764 663 858 715 καὶ
885 663 968 715 ἔτι
1000 664 1173 716 πλείω
1197 665 1402 717 τούτων
1434 665 1549 715 ἐστι
1586 665 1730 715 νοεῖν
1774 665 1887 724 τοῖς

311 754 461 823 παρὰ
483 753 617 806 Θεοῦ
654 755 881 822 θεωρεῖν
912 758 1172 827 ἐσχηκότι
1227 757 1479 825 δύναμιν.
1524 756 1583 809 '0
1609 757 1667 810 δέ
1714 773 1777 823 γε
1810 757 1888 807 la-

314 845 439 913 ρεὺς
469 847 897 913 προηγουμένως
944 847 1045 910 μὲν
1080 849 1228 916 παρὰ
1271 851 1335 918 τῇ
1370 847 1489 917 θείᾳ
1533 847 1724 916 Γραφῇ
1786 847 1889 914 ἆγ-

310 935 470 1001 γελος
505 936 714 1006 Κυρίου
757 939 1200 1010 παντοκράτορος
1231 940 1470 1005 λέγεται,
1507 940 1600 993 καὶ
1660 940 1736 1002 ὡς
1779 941 1889 992 τῶν

314 1030 473 1081 θείων
516 1029 922 1098 ὲξαγγελτικὸς,
979 1022 1074 1085 καὶ
1132 1034 1207 1093 ὡς
1264 1033 1371 1087 τῶν
1427 1034 1751 1101 θελημάτων
1792 1033 1888 1086 τοῦ

312 1118 449 1171 Θεοῦ
477 1121 790 1190 πληρωτὴς.
854 1123 1016 1176 Ἀλλὰ
1070 1126 1165 1178 καὶ
1206 1123 1297 1177 τὸν
1362 1125 1571 1195 Ἰησοῦν
1610 1123 1888 1186 εἰκονίζεν

317 1210 417 1282 τὴν
443 1214 550 1280 γὰρ
578 1213 744 1268 αὑτοῦ
773 1218 840 1286 τῇ
886 1217 1190 1288 χειροτονίᾳ
1227 1219 1497 1289 κέκτηται
1532 1217 1781 1287 δύναμιν.

672 1477 776 1532 κθ’.
812 1479 951 1532 Τίνα
976 1480 1161 1534 τυποῖ
1185 1483 1218 1534 ό
1240 1484 1571 1551 ἀρχιερεύς.

388 1567 499 1621 Καὶ
531 1569 637 1636 πρό
662 1584 725 1635 γε
753 1569 945 1627 τούτου
982 1571 1185 1638 μᾶλλον
1213 1574 1242 1626 δ
1278 1575 1564 1647 ίεράρχης,
1599 1578 1657 1640 ὃς
1683 1580 1776 1633 καὶ
1802 1581 1894 1634 ἐπὶ

321 1660 421 1728 τῆς
446 1660 719 1731 καθέδρας
751 1664 1022 1732 καθῆσθαι
1050 1667 1326 1736 γράφεται
1354 1666 1450 1721 τοῦ
1491 1667 1754 1740 Χριστοῦ,
1799 1674 1896 1726 καὶ

260 1776 278 1787 ~
320 1749 418 1820 τὴν
443 1751 693 1816 ἐξουσίαν
718 1755 885 1809 αὐτοῦ
916 1757 1161 1811 πλουτῶν
1182 1759 1317 1828 ἔχει.
1344 1759 1562 1830 δεσμεῖν
1608 1764 1701 1816 καὶ
1746 1765 1894 1817 λύειν

320 1845 387 1912 τῇ
420 1843 514 1896 τοῦ
544 1844 682 1899 Θεοῦ
734 1847 1033 1916 δυνάμενος
1085 1851 1290 1920 χάριτι.
1366 1851 1428 1905 Ὀ
1470 1854 1579 1924 γὰρ
1634 1857 1894 1927 ίεράρχης

320 1935 420 2002 τῆς
454 1935 565 1989 τῶν
613 1939 931 1993 ἀποστόλων
969 1942 1231 2012 τυγχάνει
1273 1943 1543 2015 διαδοχῆς.
1575 1946 1738 2001 Ὅθεν
1798 1949 1895 2000 καὶ

319 2025 396 2088 ὡς
418 2025 509 2079 τὸν
534 2028 767 2096 Χριστὸν
785 2031 1086 2100 είκονίζων,
1126 2036 1185 2086 ὲν
1210 2035 1288 2105 τῷ
1316 2035 1534 2106 μέλλειν
1562 2038 1891 2109 ἱερουργεῖν,

319 2116 388 2169 τὰ
430 2109 549 2187 ἱερὰ
575 2120 966 2191 περιϐάλλεται
989 2123 1195 2193 ἄμφια,
1232 2129 1513 2195 σημασίαν
1539 2129 1729 2198 ἔχοντα
1761 2129 1898 2181 πάν-

320 2224 392 2260 τα
414 2209 510 2261 καὶ
556 2209 786 2280 θεωρίαν
833 2218 1239 2287 πνευματικήν.
1299 2220 1434 2287 Περὶ
1478 2215 1554 2274 ὧν
1598 2222 1694 2274 καὶ
1756 2221 1896 2274 κατὰ

320 2301 552 2371 δύναμιν
580 2304 832 2373 λέγομεν.
870 2308 1084 2378 Μικρὸν
1112 2309 1170 2363 δὲ
1209 2312 1419 2366 ἄνωθεν
1453 2314 1839 2384 θεωρήσωμεν.

324 2508 387 2562 λ’.
423 2513 586 2577 Τίνες
605 2513 665 2566 αἱ
690 2512 892 2578 τάξεις
915 2513 1129 2640 “Erg
1156 2516 1236 2582 τῷ
1265 2516 1495 2586 βήματι
1520 2534 1897 2587 χειροτονου-

999 2604 1036 2640 ιι
1112 2603 1213 2640 ων.

995 2603 1213 2655 μενων.

401 2676 524 2728 Τῶν
548 2679 606 2730 ὲν
632 2679 708 2748 τῷ
730 2681 952 2751 ’βήματι
984 2691 1479 2758 χειροτονουμένων
1511 2690 1591 2753 είς
1618 2694 1766 2759 τρεῖς
1800 2694 1897 2747 τάς

324 2768 439 2833 ξεις
495 2770 906 2842 διαιρουμένων,
962 2777 1289 2840 ἐπισκόπου,
1350 2783 1723 2854 πρεσϐυτέρου
1803 2788 1899 2838 καὶ

323 2860 597 2925 διακόνου,
619 2866 830 2918 καὶτοῦ
874 2867 974 2936 μὲν
1012 2871 1343 2936 φωτιστικοῦ
1388 2872 1705 2943 λεγομένου,
1730 2877 1897 2944 δηλα-

325 2951 391 3019 δὴ
424 2952 516 3005 τοῦ
545 2956 868 3026 ἀρχιερέως,
895 2960 999 3012 καὶ
1017 2962 1367 3028 μεταδοτικοῦ
1414 2966 1524 3018 τῶν
1573 2967 1732 3022 θείων
1787 2969 1897 3039 φώ-

328 3062 459 3099 των.
493 3047 701 3113 Πάντες
728 3051 837 3120 γὰρ
866 3053 1206 3122 λαμϐάνουσι
1237 3058 1305 3109 δι’
1344 3057 1531 3125 αὑτοῦ,
1562 3066 1897 3131 χειροτονίας

1994 569 2130 623 lucis
2165 570 2231 623 ad
2266 571 2539 625 tenebras.
2602 568 2657 625 Si
2694 570 2820 639 quis
2864 579 3044 626 autem
3085 569 3153 624 ad
3200 570 3376 624 lucem
3436 586 3571 624 con-

1993 678 2189 718 versus
2263 664 2468 727 fuerit,
2518 672 2632 718 tum
2668 664 2754 719 his
2803 664 2903 734 qui
2952 665 3095 720 lucis
3126 672 3276 729 sunt,
3310 673 3573 733 acceptus

1990 757 2115 810 erit.
2138 755 2203 809 Et
2227 756 2341 809 hazc.
2365 758 2586 824 quidem
2607 758 2856 811 divinum
2888 758 3146 827 templum
3173 768 3232 812 ut
3259 758 3312 811 in
3334 759 3565 826 quadam

1990 849 2160 914 etligie
2213 850 2369 903 nobis
2435 850 2698 916 exhibet;
2757 850 2970 924 tametsi
3036 850 3190 917 plura
3254 851 3378 905 licet
3443 851 3573 904 hinc

1992 939 2098 995 illis
2130 940 2456 1009 intelligere,
2490 943 2581 1007 qui
2617 942 3002 997 considerandi
3037 941 3347 997 facultatem
3404 941 3577 1010 majo-

1992 1045 2104 1083 rem
2156 1046 2185 1084 a
2230 1024 2345 1085 Deo
2403 1042 2751 1101 acceperunt.
2780 1033 3050 1088 Sacerdos
3088 1032 3361 1102 praecipue
3392 1031 3446 1085 in
3479 1046 3574 1085 sa-

1991 1122 2103 1177 cris
2130 1123 2328 1177 litteris
2348 1125 2575 1193 angelus
2596 1124 2807 1177 Domini
2828 1125 3221 1194 omnipotentis
3244 1123 3571 1194 appellatur,

1992 1226 2052 1269 ut
2093 1216 2185 1285 qui
2213 1217 2392 1269 divina
2425 1226 2689 1284 pmcepta
2713 1217 3001 1272 annuntiet
3029 1225 3083 1270 et
3104 1216 3346 1271 divinam
3375 1216 3575 1270 volun-

1991 1316 2155 1363 tatem
2180 1308 2421 1375 impleat.
2441 1307 2581 1372 Quin
2600 1317 2652 1362 et
2670 1307 2857 1364 Jesum
2885 1314 3261 1376 repraesentat;
3285 1308 3403 1376 eius
3422 1308 3567 1362 enim

1994 1407 2317 1471 potestatem
2366 1415 2464 1469 per
2492 1401 2959 1455 consecrationem
2996 1407 3081 1453 est
3110 1398 3365 1468 adeptus.

2201 1493 2291 1548 29.
2326 1493 2459 1558 Quis
2514 1495 2885 1564 prwﬁguretur
2946 1494 3011 1548 ab
3065 1496 3325 1563 episcopo.

2067 1582 2129 1635 Et
2176 1584 2408 1652 amplius
2459 1600 2568 1652 pra:
2622 1584 2907 1638 sacerdote
2968 1584 3235 1653 pontifex.
3289 1586 3378 1650 qui
3432 1591 3483 1637 et
3520 1583 3574 1636 in

1996 1675 2252 1729 cathedra
2330 1674 2534 1730 Christi
2605 1675 2800 1731 sedere
2867 1675 3089 1745 dicitur,
3152 1684 3208 1730 et
3288 1675 3575 1745 potestatis

1927 1808 1969 1865 Β
1995 1766 2116 1835 ejus
2145 1767 2359 1834 copiam
2409 1767 2638 1832 obtinet,
2670 1776 2729 1821 ut
2787 1766 2883 1821 Dei
2940 1768 3115 1837 gratia
3180 1767 3349 1836 ligare
3377 1777 3430 1822 et
3463 1768 3575 1820 sul-

1999 1873 2125 1913 vere
2177 1860 2369 1927 possit.
2397 1857 2646 1913 Pontifex
2707 1859 2853 1914 enim
2911 1859 3287 1929 apostolorum
3316 1868 3401 1915 est
3449 1874 3574 1913 suc—

1997 1967 2200 2007 cessor.
2242 1950 2399 2007 Unde
2454 1951 2617 2005 etiam
2669 1960 2929 2022 tanquam
2979 1950 3181 2007 Christi
3239 1953 3419 2022 imago
3459 1966 3573 2005 rem

1997 2045 2239 2100 divinam
2295 2044 2541 2098 facturus
2605 2060 2762 2101 sacra
2822 2047 3150 2101 vestimenta
3197 2044 3397 2109 induit,
3455 2058 3578 2113 quae

1997 2137 2180 2191 omnia
2236 2135 2688 2204 signiﬁcationem
2732 2137 3347 2206 considerationemque
3405 2135 3578 2204 spiri-

1999 2230 2198 2284 tualem
2292 2230 2768 2299 complectuntur:
2828 2229 2898 2285 de
2968 2230 3172 2299 quibus
3249 2245 3349 2301 pro
3427 2227 3575 2282 virili

1998 2331 2189 2376 nostra
2279 2321 2547 2377 dicemus.
2627 2321 2800 2377 Paulo
2886 2331 3069 2377 autem
3147 2322 3400 2391 superius
3487 2335 3579 2375 res

1999 2412 2178 2468 omnis
2230 2427 2261 2467 a
2292 2413 2454 2468 nobis
2493 2414 2955 2483 contemplatione
3010 2415 3339 2470 resumenda
3400 2420 3507 2467 est.

2000 2526 2090 2581 50.
2118 2525 2354 2592 Quinam
2382 2527 2487 2580 sint
2518 2528 2726 2649 ordia?
2756 2529 2849 2596 qui
2882 2530 2937 2582 in
2968 2528 3171 2583 bemate
3196 2528 3302 2582 sive
3332 2526 3574 2581 sacrario

2606 2613 2667 2649 or
2708 2599 2945 2649 inamur.

2606 2599 2945 2652 ordinantur.

2073 2689 2391 2745 Distributis
2424 2689 2478 2743 in
2522 2696 2635 2743 tres
2666 2687 2875 2744 classes
2924 2689 2993 2743 iis
3039 2689 3131 2758 qui
3205 2688 3347 2742 intra
3384 2699 3573 2740 sacra-

1978 2766 2140 2840 'rinm
2198 2783 2548 2847 ordinantur,
2580 2783 2857 2853 episcopo,
2901 2782 3211 2846 sacerdote,
3237 2790 3291 2835 et
3325 2781 3576 2843 diacono,

1998 2874 2194 2927 borum
2272 2875 2563 2942 episcopus
2637 2873 2839 2927 dicitur
2913 2870 3334 2932 illuminativus,
3389 2878 3579 2936 utpote

2000 2966 2091 3035 qui
2161 2954 2505 3031 impertiendi
2560 2966 2784 3019 luminis
2834 2964 3163 3019 auctoritate
3223 2963 3408 3031 pollet.
3443 2960 3577 3016 Om-

2001 3072 2097 3111 nes
2126 3058 2269 3112 enim
2311 3072 2409 3123 per
2450 3073 2575 3112 eum
2614 3057 2893 3126 accipiunt
2926 3056 3136 3110 ordinis
3177 3054 3578 3119 characterem,

331 3137 434 3208 μὲν
460 3141 552 3194 καὶ
584 3145 886 3211 σφραγῖδας
913 3147 1080 3215 ἱερεῖς
1107 3165 1167 3200 τε
1225 3152 1317 3204 καὶ
1373 3152 1596 3223 κλῆρος,
1638 3155 1896 3226 καθιερώ-

2007 3152 2123 3206 sive
2155 3150 2492 3215 sacerdotes,
2524 3151 2641 3205 sive
2706 3150 2918 3212 clerici,
2963 3149 3031 3203 ab
3086 3163 3152 3204 eo
3204 3146 3580 3202 dedicationes

328 3246 445 3292 σεις
475 3248 532 3284 τε
568 3235 704 3301 ναοὶ,
726 3236 1012 3306 βάπτισμα
1030 3239 1087 3291 δὲ
1112 3242 1207 3294 καὶ
1234 3241 1430 3310 ἄφεσιν
1461 3246 1554 3297 καὶ
1584 3246 1881 3315 ἅγιασμδν,

2011 3244 2339 3313 templorum
2383 3242 2537 3301 lium.
2575 3258 2641 3297 ex
2673 3259 2736 3297 co
2787 3242 3119 3312 baptismus,
3183 3238 3575 3302 sanctiﬁcatio,

329 3324 647 3393 μυστηρίων
692 3344 750 3378 τε
786 3333 1087 3384 ¹κοινωνίαν
1123 3333 1172 3384 οἱ
1203 3332 1401 3399 λαῖκολ,
1436 3334 1472 3390 ἃ
1499 3338 1678 3393 πάντα
1724 3338 1800 3401 ὡς
1842 3343 1896 3393 ἐκ

2009 3346 2354 3405 peccatorum
2408 3334 2687 3397 remissio,
2723 3342 3191 3388 sacramentorum
3232 3330 3582 3402 participatio

257 3466 261 3470 ,
331 3415 514 3483 πηγῆς
544 3417 723 3484 φωτὸς
750 3418 850 3490 τῆς
881 3421 1249 3494 ὲπισκοπικῆς
1303 3426 1413 3478 εἰσι
1444 3428 1689 3497 χάριτος.

748 3619 851 3676 λα’.
882 3624 945 3677 Τι
982 3624 1050 3679 τὸ
1071 3630 1442 3687 τελεστικόν.

401 3860 505 3915 Τοῦ
569 3866 944 3937 πρεσϐυτέρου
985 3867 1041 3921 δὲ
1095 3870 1393 3941 λεγομένου
1448 3875 1780 3940 τελεστικοῦ,
1824 3878 1901 3942 ὠς

328 3953 491 4024 χάριν
519 3954 733 4025 ἔχοντος
765 3958 930 4027 μόνον
961 3963 1281 4035 τελεστικὴν
1311 3966 1391 4028 ei;
1440 3968 1540 4030 τὰς
1565 3968 1808 4034 τελετὰς,
1836 3970 1899 4023 οὐ

332 4043 439 4112 μὴν
468 4046 851 4121 μεταδοτικήν.
880 4052 1140 4117 Βαπτίζει
1180 4055 1290 4124 γὰρ
1345 4058 1439 4110 καὶ
1488 4059 1784 4129 ἱερουργεί,
1837 4061 1897 4113 οὐ

323 4137 548 4192 δύναται
568 4138 625 4192 δὲ
662 4147 1015 4220 χειροτονεῖν,
1045 4147 1155 4200 οὐδ’
1210 4148 1370 4201 ἄλλον
1414 4152 1660 4220 ἐνεργεῖν
1720 4151 1894 4220 ἱερέα,

327 4227 361 4297 ἢ
392 4226 502 4282 τῶν
529 4230 644 4285 ὅσοι
673 4230 878 4299 τάξεως
917 4237 1237 4308 μετέχουσιν
1296 4239 1469 4310 ἱερᾶς.

747 4526 846 4595 λβ’.
891 4525 959 4580 Τί
977 4527 1043 4581 τὸ
1070 4531 1502 4597 λειτουργικόν.

400 4612 506 4669 Τοῦ
537 4615 787 4671 διακόνου
814 4617 873 4671 δὲ
904 4618 1278 4689 λειτουργικοῦ
1310 4621 1626 4691 λεγομένου,
1650 4623 1725 4689 ὡς
1757 4626 1902 4696 ὑπη-

329 4712 487 4775 ρέτου
540 4709 696 4775 τάξιν
746 4712 1050 4782 ἐπέχοντος,
1101 4715 1194 4783 καὶ
1260 4716 1334 4784 μὴ
1396 4715 1696 4787 δυναμένου
1737 4722 1904 4790 χωρὶς

328 4802 522 4871 ἱερέως
555 4820 605 4854 τι
631 4802 915 4870 πράττειν,
953 4804 981 4856 ὃ
1025 4805 1088 4876 δὴ
1147 4806 1249 4875 τῆς
1309 4808 1546 4878 ἐσχάτης
1601 4810 1902 4883 ἀγγελικῆς

322 4896 443 4947 ἐστι
469 4895 698 4960 τάξεως.
734 4895 966 4959 ἕκαστος
988 4897 1170 4950 αὐτῶν
1199 4901 1262 4952 ἐκ
1294 4901 1405 4952 τῶν
1467 4902 1635 4969 τριῶν
1694 4903 1902 4957 τούτων

319 4987 555 5051 τάξεων,
611 4988 893 5057 ἀναλόγως
948 4991 1012 5059 τῇ
1067 4989 1242 5057 τάξει,
1302 4993 1639 5062 περιτίθεται
1685 4997 1780 5049 καὶ
1836 4996 1905 5050 τὰ

320 5080 524 5150 ἄμφια.
564 5081 674 5133 Καὶ
701 5081 867 5152 276
895 5081 1138 5147 διάκονος
1168 5083 1294 5160 μὲν,
1328 5086 1429 5138 ὅσα
1461 5084 1561 5153 τὴν
1605 5086 1903 5159 ἀγγελικὴν

318 5176 488 5227 τυποῖ
519 5173 708 5238 τάξιν⁹
747 5174 1123 5246 πρεσϐύτερος
1154 5176 1209 5227 δὲ
1236 5177 1329 5229 καὶ
1366 5177 1543 5229 ταῦτα
1584 5177 1705 5246 μὲν,
1757 5180 1904 5231 ὲπει-

318 5262 496 5333 δήπερ
521 5264 614 5316 καὶ
640 5264 699 5316 τὸ
722 5263 815 5317 τοῦ
849 5265 1099 5317 διακόνου
1136 5267 1387 5335 χάρισμα
1420 5267 1686 5338 πρότερον
1719 5268 1902 5333 ἔλαϐε,

319 5359 418 5408 καὶ
446 5356 513 5407 τὰ
542 5355 641 5420 τῆς
662 5343 984 5424 τελὲστικῆς
1017 5356 1075 5409 δὲ
1115 5357 1359 5425 χάριτος,
1394 5360 1461 5427 ἢν
1508 5358 1569 5410 τὸ
1602 5361 1904 5429 έπιτραχήο

317 5448 435 5500 λιον
464 5448 707 5514 φανεροί.
749 5447 807 5498 '0
855 5446 1118 5517 ἱεράρχης
1150 5446 1231 5510 δὲ,
1291 5446 1384 5498 καὶ
1449 5446 1643 5509 ταῦτα,
1691 5448 1784 5500 καὶ
1824 5447 1903 5500 ἔτι

318 5536 382 5588 τὸ
408 5533 739 5603 ὡμοςρόριον,
770 5534 798 5587 δ
828 5536 1130 5607 παρίστησι
1184 5539 1604 5606 σεσαρκωμένον
1659 5537 1752 5590 τὸν
1806 5537 1902 5590 τοῦ

320 5628 461 5682 Θεοῦ
500 5626 647 5680 Υίόν.
680 5628 772 5680 Διὸ
810 5629 902 5681 καὶ
951 5628 1051 5698 τὴν
1085 5629 1282 5698 στολὴν
1321 5628 1421 5699 τὴν
1465 5630 1616 5699 ἱερὰν
1646 5630 1903 5700 ἐνδυόμε-

318 5737 439 5787 νος,
477 5718 745 5789 πρότερον
778 5719 839 5773 τὸ
873 5723 1153 5792 στιχάριον
1204 5722 1617 5795 περιϐάλλεται.

2009 3431 2061 3481 in
2119 3427 2285 3481 laicos
2342 3441 2533 3479 omnes
2604 3432 2864 3493 tanquam
2944 3440 2975 3481 a
3035 3424 3203 3479 fontis
3267 3421 3476 3477 lumine
3547 3437 3579 3477 a

2005 3521 2180 3591 gratia
2218 3520 2513 3590 episcopali
2545 3518 2787 3589 proﬂuit.

2005 3634 2093 3688 5|.
2122 3634 2260 3698 Quid
2279 3637 2343 3686 sit
2381 3651 2567 3687 munus
2595 3634 2885 3703 presbyteri
2911 3633 3151 3694 telestici,
3188 3633 3280 3703 qui
3311 3630 3582 3703 baptizare

2072 3716 2118 3757 et
2147 3703 2547 3757 Eucltaristiam
2596 3701 2915 3758 consecrare
2955 3712 3150 3771 potest,
3172 3701 3264 3756 sed
3329 3701 3581 3757 ordinare

2075 3790 2179 3827 non
2207 3780 2399 3842 potest.

2076 3884 2370 3954 Presbyter
2416 3890 2596 3936 autem
2651 3880 2853 3936 dicitur
2909 3879 3233 3946 initiativus,
3265 3889 3453 3949 utpote
3492 3879 3580 3949 qui

2004 3976 2178 4031 solum
2215 3976 2347 4029 alios
2392 3973 2639 4028 initiandi
2702 3973 2932 4039 gratiam
2972 3971 3138 4026 habet
3173 3972 3226 4025 in
3259 3971 3436 4026 sacris
3467 3986 3585 4039 my-

2003 4069 2190 4125 steriis
2247 4082 2410 4122 :non
2475 4075 2657 4120 tamen
2738 4067 2878 4121 hanc
2956 4064 3283 4120 initiativam
3348 4060 3583 4134 gratiam

2000 4162 2124 4216 aliis
2204 4157 2577 4213 communicat
2610 4167 2663 4212 et
2720 4158 3055 4227 impertitur.
3127 4155 3380 4225 Baptizat
3437 4156 3582 4209 enim

1999 4264 2053 4307 et
2098 4261 2457 4317 consecrat;
2519 4266 2627 4305 non
2687 4259 2865 4305 tamen
2924 4258 3102 4319 potest
3182 4250 3320 4304 alios
3368 4247 3587 4302 initiare

2000 4342 2315 4402 ordinibus.
2393 4356 2499 4396 nec
2578 4342 2746 4397 alium
2822 4356 3010 4398 creare
3065 4342 3427 4404 sacerdotem,
3490 4346 3587 4395 aut

1998 4436 2385 4506 quemcunque
2443 4433 2607 4489 alium
2639 4434 2731 4505 qui
2757 4433 2968 4488 ordinis
3006 4434 3150 4488 sacri
3182 4431 3254 4488 sit
3284 4432 3581 4501 particeps.

2183 4526 2272 4582 '59.
2308 4524 2449 4592 Quid
2482 4526 2783 4597 liturgicum
2813 4541 3004 4579 munus
3048 4524 3102 4578 in
3144 4524 3389 4579 diacono.
3420 4578 3423 4581 _

2076 4617 2356 4673 Diacouus
2408 4628 2593 4674 autem
2642 4618 3081 4673 ministratorius
3141 4616 3365 4679 dicitur,
3398 4624 3459 4670 ut
3492 4614 3586 4684 qui

2006 4711 2244 4765 ministri
2295 4711 2472 4765 locum
2513 4720 2713 4773 teneat,
2743 4717 2797 4764 et
2832 4710 2968 4763 citra
3030 4707 3370 4763 sacerdotem
3407 4705 3588 4761 facere

2011 4802 2148 4886 nam
2193 4804 2402 4872 possit:
2452 4802 2598 4872 quod
2629 4810 2777 4857 certe
2807 4807 2895 4855 est
2946 4798 3122 4854 ultimi
3169 4797 3381 4854 ordinis
3414 4813 3585 4868 ange-

2009 4891 2119 4945 lici.
2186 4891 2432 4959 Quisque
2484 4892 2679 4944 horum
2734 4890 2899 4944 trium
2948 4891 3202 4944 ordinum
3266 4905 3362 4960 pro
3420 4890 3587 4945 ratio‘

2005 4996 2075 5036 ne
2125 4982 2209 5037 sui
2269 4990 2446 5038 status
2498 4991 2681 5037 vestes
2754 4980 2953 5035 induit.
3028 4982 3298 5036 Diaconus
3362 4980 3584 5051 quidem

2005 5088 2128 5142 quae
2163 5074 2470 5144 angelicum
2506 5075 2755 5128 ordinem
2832 5071 3095 5129 referunt.
3148 5072 3440 5143 Presbyter
3472 5073 3587 5127 haec

2005 5165 2194 5218 eadem
2243 5163 2427 5229 habet,
2456 5164 2903 5232 quandoquidem
2958 5164 3232 5219 charisma
3301 5163 3418 5217 sive
3465 5176 3589 5230 gra-

2006 5256 2137 5310 tiam
2197 5256 2349 5324 prius
2412 5256 2660 5323 accepit;
2721 5262 2776 5309 et
2851 5254 3047 5310 deinde
3116 5252 3445 5308 initiativam
3502 5252 3585 5307 vel

2005 5347 2456 5404 sanctiﬁcativatn
2533 5346 2765 5417 adeptus
2799 5355 2905 5414 est,
2951 5362 3114 5416 quam
3165 5345 3385 5416 quidem
3462 5345 3587 5414 ejus

2005 5443 2143 5498 stola
2193 5441 2423 5496 indicat.
2502 5441 2757 5497 Pontifex
2849 5450 3030 5523 autem
3083 5444 3303 5508 haec,ct
3359 5442 3589 5512 insuper

2006 5533 2111 5588 alia
2170 5542 2509 5596 ornamenta,
2572 5533 2822 5587 videlicet
2852 5534 3103 5605 pallium,
3150 5533 3403 5601 assumit,
3440 5535 3585 5604 quod

2006 5623 2346 5678 incarnatum
2430 5623 2521 5677 Dei
2594 5620 2793 5677 Filium
2882 5623 3345 5682 considerationis
3423 5625 3585 5681 oculo

2010 5716 2254 5771 exhibet.
2287 5715 2470 5770 Sacris
2496 5729 2626 5786 ergo
2673 5716 2920 5773 vestibus
2963 5717 3092 5773 dum
3133 5716 3400 5785 induitur,
3431 5718 3587 5791 prius

2006 5809 2192 5863 tunica
2240 5807 2513 5864 amicitur.
