4068 6280
565 352 674 418 723

1430 355 1818 422 SYMEONIS
1843 352 2619 419 THESSALONICENSIS
2660 357 3023 420 ARCHIEP.

3733 351 3843 416 ’124

569 475 747 537 dotes,
817 472 1191 542 apostolorum
1269 472 1523 543 ﬁguram,
1601 483 1656 529 et
1733 472 2156 528 similitudinem
2189 504 2200 532 λ

2276 473 2357 526 ιιαὶ
2389 474 2575 543 ἱερεῖς,
2609 475 2988 543 μιμουμένους
3015 470 3142 533 τοὺς
3161 469 3515 534 ἀποστόλους,
3546 484 3569 522 s
3598 467 3846 540 Εἰρήνην

565 574 848 634 gerentes,
879 573 933 618 et
960 578 1148 635 pacem
1180 567 1440 620 omnibus
1466 574 1743 634 precatur,
1810 563 1957 631 quod
1994 563 2154 616 unio-

566 656 656 711 nis
718 656 1134 724 concordiaeque
1197 657 1508 726 symbolum
1569 667 1674 710 est.
1708 655 1960 710 Christus
2009 653 2156 708 enim

568 755 655 802 est
686 765 704 798 ι
735 748 824 817 qui
857 748 1018 802 solvit
1072 749 1395 804 inimicitias
1451 749 1504 802 in
1543 763 1708 816 carne
1759 762 1880 811 sua,
1911 754 1966 800 et
2029 746 2158 800 fecit

571 849 805 907 utraque
837 855 1026 904 unum,
1056 856 1177 910 quae
1202 841 1255 894 in
1293 842 1434 896 caelo
1464 850 1517 896 et
1544 855 1666 909 qua
1694 840 1749 894 in
1777 840 1939 894 terris
1973 847 2152 903 sunt,»

571 930 752 1000 inquit
780 931 983 987 Paulus
1009 932 1054 985 ⁵.

569 1045 662 1100 θι.
714 1044 894 1110 Quare
963 1049 1132 1115 primo
1199 1047 1352 1101 lectio
1429 1061 1496 1101 ex
1561 1047 1802 1114 apostolo
1874 1045 2154 1110 recitetur,

1057 1119 1249 1172 deinde
1300 1117 1676 1186 Evangelium.

645 1207 854 1264 Deinde
881 1209 950 1263 ad
979 1211 1354 1279 apostolorum
1393 1209 1710 1266 missionem
1736 1209 1804 1263 ad
1859 1217 2074 1280 gentes,
2108 1211 2162 1264 iu

2259 562 2463 633 ἅπασι,
2499 583 2518 614 ι
2555 564 2726 631 λέγει.
2759 565 2874 618 Καὶ
2899 562 3058 616 τοῦτο
3120 562 3277 630 δηλοῖ
3307 561 3467 632 281
3499 560 3594 629 τὴν
3625 560 3845 615 ἕνωσιν.

2259 655 2495 726 Χριστὸς
2522 658 2630 726 γάρ
2658 659 2807 710 ἐστιν
2846 675 2866 708 ι
2900 657 2928 709 ὁ
2953 655 3123 718 λύσας
3151 655 3251 726 τὴν
3277 654 3476 725 ἔχθραν
3505 655 3565 706 έν
3586 656 3650 724 τῇ
3683 655 3850 722 σαρκὶ

2261 748 2454 811 αὑτοῦ,
2494 749 2589 801 καὶ
2616 750 2850 816 ποιήσας
2875 750 2946 801 τὰ
2974 749 3262 816 ἀμφότερα
3290 747 3369 812 ἓν,
3401 747 3469 800 τὰ
3500 746 3558 798 ὲν
3607 745 3847 816 οὐρανῷ,

2261 842 2396 911 φησι
2433 842 2662 909 Παῦλος,
2697 843 2790 897 καὶ
2823 844 2889 897 τὰ
2926 844 3015 896 ἐπὶ
3056 844 3180 913 γῆς.
3226 861 3245 893 ι

2263 1047 2358 1112 ξδ’.
2414 1047 2578 1100 Διατί
2618 1045 2853 1116 πρῶτον
2913 1046 3387 1114 ἀναγινώσκεται
3420 1048 3453 1100 ό
3479 1046 3855 1112 ἀπόστολος,

2730 1115 2860 1170 εἶτα
2891 1121 2956 1170 τὸ
2990 1118 3387 1186 Εὐαγγέλιον.

2341 1212 2472 1265 Ειτα
2503 1209 2614 1262 τῶν
2646 1208 3029 1262 ἁποστολικῶν
3061 1211 3092 1278 ὴ
3132 1210 3446 1276 ἀνάγνωσις
3471 1209 3673 1276 λόγων,
3706 1207 3734 1260 ὃ
3761 1207 3855 1276 6r,-

577 1303 898 1356 memoriam
933 1303 1096 1358 nobis
1153 1299 1529 1372 redigondam,
1583 1300 1889 1370 apostolica
1955 1303 2163 1372 scripta

2276 1303 2349 1354 λοῖ
2400 1301 2502 1371 τὴν
2553 1301 2664 1354 τῶν
2711 1299 3032 1354 ἀποστόλων
3085 1300 3166 1362 είς
3221 1300 3289 1352 τὰ
3343 1299 3474 1368 ἔθνη
3518 1300 3855 1369 ἀποστολήν.

577 1393 908 1448 recitantur.

578 1483 669 1540 65.
730 1484 1086 1548 Quamobrem
1133 1486 1453 1539 durantibus
1501 1486 1808 1553 apostolicis
1861 1486 2167 1539 lectionibus

647 1555 869 1675 aedeant
957 1558 1186 1626 episcopi
1271 1568 1320 1610 et
1395 1557 1731 1620 sacerdotes,
1817 1573 1922 1610 non
1991 1564 2168 1612 autem

688 1641 882 1675 tacom.

688 1641 882 1678 ιαεοηι.

645 1715 852 1772 Sedent
879 1717 1099 1774 interim
1129 1719 1417 1788 pontifices
1455 1726 1510 1773 et
1568 1718 1887 1773 sacerdOtes
1933 1719 2062 1774 dum
2097 1719 2171 1773 le-

2270 1487 2363 1554 ξεν.
2401 1486 2565 1539 Atat!
2587 1484 3169 1554 ἀναγινωσκομένων
3223 1484 3343 1538 τῶν
3387 1485 3855 1546 ἁποστολικῶν,

2343 1557 2637 1680 ἵιίᾴηνται
2670 1555 2965 1626 ἀρχιερεῖς
3018 1573 3083 1610 τε
3134 1556 3231 1610 καί
3270 1557 3470 1625 ἱερεῖς,
3527 1558 3600 1609 οὐ
3643 1555 3776 1624 μὴν
3803 1561 3858 1612 cl

2387 1644 2636 1681 ιακονοι.

2347 1721 2630 1792 Κάθηνται
2665 1723 2721 1777 δὲ
2757 1725 3036 1795 ἀρχιερεῖς
3063 1741 3122 1776 τε
3154 1721 3251 1775 καὶ
3278 1723 3448 1790 ἱερεῖς
3485 1724 3859 1788 ἀναγινωσκο-

578 1817 782 1878 guntur
815 1808 931 1875 illa,
957 1825 1063 1864 non
1089 1818 1271 1864 tamen
1305 1809 1523 1864 diaconi
1582 1829 1596 1864 :
1639 1809 1769 1880 quia
1821 1816 1877 1865 et
1909 1811 2171 1880 apostoli-

2281 1812 2458 1881 μένων
2500 1814 2734 1878 τούτων,
2779 1815 2922 1884 πλὴν
2953 1814 3217 1868 διακόνων
3245 1853 3260 1878 ,
3316 1813 3401 1868 ὅτι
3455 1815 3553 1866 καὶ
3586 1830 3733 1866 ουτοι
3758 1812 3860 1882 τὴν

577 1916 700 1957 cam
743 1903 974 1973 gratiam
1001 1913 1057 1958 ut
1085 1914 1137 1958 et
1161 1904 1238 1958 illi
1273 1903 1624 1973 Evangelium
1655 1902 1961 1971 publicent,
1999 1903 2164 1975 adep-

582 2006 658 2064 ptl
685 2007 836 2050 sunt.

579 2090 668 2145 66.
730 2090 910 2159 Quare
974 2101 1094 2146 ante
1148 2091 1452 2216 Evaxglellii'
1499 2092 1776 2148 lectionem
1839 2093 2159 2146 concinatur

1214 2182 1233 2214 ι
1345 2179 1504 2216 cura.
1547 2181 1565 2214 ι

1214 2182 1233 2214 1
1256 2179 1504 2216 Alleluia.
1547 2181 1565 2214 Ι

649 2254 793 2308 Ante
819 2254 1168 2322 Evangelium
1201 2263 1408 2316 autem,
1451 2253 1710 2308 «Alleluia
1753 2272 1772 2305 ι
1805 2255 2039 2324 hymnus
2073 2255 2168 2308 de-

580 2353 856 2409 cantatur,
887 2344 1103 2398 laudem
1137 2343 1253 2409 Dei,
1290 2344 1600 2413 divinaeque
1633 2345 1824 2410 gratia:
1853 2345 2168 2411 adventum,

578 2451 702 2504 qua:
727 2435 1004 2504 Evangelii
1040 2437 1203 2492 lectio
1243 2445 1348 2500 est,
1387 2437 1546 2491 nobis
1579 2439 1850 2492 insinuat.

650 2527 739 2582 67.
774 2528 913 2594 Quid
972 2545 1063 2598 per
1095 2530 1373 2584 lectionem
1423 2528 1694 2598 Evangelii
1746 2531 2094 2601 signiﬁcetur.

649 2621 772 2690 Ipsa
804 2637 967 2690 porro
999 2623 1120 2692 ejus
1175 2622 1450 2687 recitatio,
1505 2623 1860 2693 Evangeliqu
1920 2635 2038 2694 post
2087 2639 2174 2678 as-

580 2711 895 2766 censionem
933 2713 1147 2766 Domini
1179 2730 1274 2781 per
1305 2714 1624 2769 universum
1655 2716 1920 2769 mundum
1949 2731 1980 2768 a
2005 2715 2170 2770 disci-

582 2805 725 2873 polis
745 2805 1131 2858 annuntiatum
1159 2814 1363 2860 iuonet.
1401 2805 1672 2870 Quocirca
1720 2814 1775 2860 ct
1839 2807 1994 2876 prius
2032 2823 2170 2876 apo-

584 2895 709 2948 stoli
745 2896 972 2964 epistola
997 2934 1013 2959 ,
1056 2905 1112 2950 et
1135 2895 1334 2950 deinde
1402 2896 1752 2966 Evangeliun:
1790 2897 2005 2966 legitur.
2036 2899 2173 2964 Quia

581 2987 822 3057 primum
859 2987 1080 3056 quidem
1119 2989 1464 3043 corroborati
1500 2998 1630 3044 sunt
1680 2989 1958 3058 discipuli,
2020 3000 2171 3060 post-

585 3081 805 3134 modum
835 3083 1023 3134 orhem
1056 3081 1216 3151 longe
1245 3081 1460 3152 lateque
1500 3082 1865 3152 pervadentes
1921 3081 2171 3152 Evange-

586 3172 724 3224 lium
757 3171 1220 3227 disseminarunt.

635 3263 724 3318 68.
767 3264 946 3330 Quare
984 3277 1108 3319 ante
1141 3265 1422 3337 Evangelii
1455 3266 1733 3321 lectionem
1762 3268 1860 3336 ﬁat
1885 3269 2125 3337 sul/itus.

654 3358 798 3410 Ante
833 3355 1186 3426 Evangelium
1238 3359 1534 3428 thymiama
1565 3360 1753 3424 datur,
1816 3371 2040 3430 propter
2077 3362 2174 3416 da-

588 3455 695 3500 tam
717 3448 784 3500 ah
813 3461 880 3501 co
907 3447 1148 3519 Spiritus
1180 3448 1414 3517 gratiam
1450 3448 1548 3503 toti
1583 3451 1813 3506 mundo.

587 3652 676 3708 0'9.
712 3651 890 3718 Quare
936 3668 1054 3706 cum
1108 3653 1299 3724 legitur
1325 3653 1704 3728 ΔΕυιιηθείὶιιηι,
1756 3658 2030 3728 episcopus
2073 3659 2176 3712 ltu-

1164 3725 1361 3778 merale
1388 3725 1641 3794 deponat.

663 3816 801 3875 Dum
830 3816 1180 3886 Evangelium
1216 3818 1435 3885 legitur,
1479 3819 1720 3888 pontifex
1757 3819 1982 3888 pallium
2009 3819 2176 3888 depo-

590 3915 690 3976 nit,
729 3911 1050 3965 servitutem
1074 3925 1227 3965 suam
1264 3925 1392 3978 erga
1423 3909 1714 3966 Dominum
1767 3917 2174 3966 deluonstraus.

589 4001 862 4066 Quoniam
894 4001 1038 4055 enim
1072 4003 1166 4056 ille
1197 4017 1295 4071 per
1355 4001 1706 4070 Evangelium
1764 4001 1912 4070 loqui
1975 4018 2178 4070 ceguo-

586 4095 785 4160 scitur,
819 4103 874 4148 et
907 4104 1167 4162 tanquam
1206 4108 1448 4163 praesens
1479 4103 1583 4157 est,
1616 4095 1734 4162 ipse
1781 4103 1911 4147 tunc
1957 4096 2178 4165 symho-

525 4182 531 4186 ’
591 4193 704 4239 tum
729 4185 1130 4240 incarnationis
1161 4187 1280 4252 ejus
1325 4195 1543 4256 gestare
1573 4200 1682 4240 non
1738 4187 1925 4252 audet,
1970 4187 2066 4242 sed
2106 4189 2173 4241 ab

591 4276 840 4336 humeris
870 4277 1143 4331 sublatum
1174 4277 1410 4331 diacono
1443 4277 1631 4330 tradit.

2277 1904 2652 1976 ἀποστολικὴν
2680 1907 2841 1980 χάριν
2875 1908 3080 1979 έχουσι.

2281 2079 2390 2146 ξςν.
2429 2083 2589 2136 Διατί
2613 2085 2727 2152 πρὸ
2750 2083 2857 2140 τοῦ
2877 2087 3252 2157 Εὑαγγελίου
3269 2089 3335 2143 τὸ
3369 2107 3388 2140 ι
3416 2089 3797 2157 Ἀλληλούῖα.
3833 2107 3852 2141 ι

2348 2243 2460 2313 Πρὸ
2502 2243 2597 2298 τοῦ
2635 2245 2968 2314 Εὑαγγελίου
3005 2248 3062 2301 δὲ
3109 2248 3168 2302 τὸ
3203 2247 3558 2318 ιἈλληλούῖα
3589 2267 3608 2300 ι
3651 2247 3818 2318 ὕμνος
3841 2262 3856 2277 ⁸

2274 2333 2304 2387 ὃ
2331 2334 2394 2404 δὴ
2425 2332 2575 2390 αἶνον
2610 2336 2746 2391 Θεοῦ
2775 2340 2866 2392 καὶ
2902 2339 3200 2409 ἐπιδημίαν
3238 2341 3391 2408 δηλοῖ
3419 2339 3572 2403 θείας
3612 2340 3856 2412 χάριτος,

2275 2429 2398 2497 ἥτις
2425 2430 2578 2483 ἐστὶν
2607 2432 2639 2499 ὴ
2673 2430 2767 2483 τοῦ
2805 2432 3142 2500 Εὐαγγελίου
3175 2433 3512 2501 ἀνάγνωσις.

2275 2521 2374 2587 EC’.
2419 2524 2482 2576 Tl
2521 2527 2804 2593 σημαίνει
2832 2527 2871 2593 ἡ
2927 2525 3034 2580 τοῦ
3083 2527 3456 2595 Eiram-8.11012
3491 2526 3854 2596 ἀνάγνωσις.

2344 2614 2494 2685 Αὕτη
2526 2616 2586 2669 δὲ
2615 2619 2647 2686 ἡ
2693 2618 3002 2686 ἀνάγνωσις
3079 2619 3140 2670 τὸ
3185 2621 3243 2670 ὲν
3285 2619 3392 2688 ὅλῳ
3424 2617 3502 2687 τῷ
3531 2617 3726 2686 κόσμῳ
3759 2615 3858 2669 τοῦ

2276 2707 2611 2776 Εὑαγγελίου
2667 2708 2934 2779 κήρυγμα
2997 2710 3210 2778 φαίνει,
3249 2711 3389 2780 μετᾶ
3441 2709 3542 2780 τὴν
3587 2709 3861 2778 ἀνάληψιν

2275 2799 2370 2854 τοῦ
2405 2803 2610 2872 Κυρίου
2658 2803 2762 2854 ὑπὸ
2813 2804 2922 2856 τῶν
2977 2802 3237 2872 μαθητῶν
3295 2803 3462 2856 αὐτοῦ
3493 2803 3741 2871 γεγονός.
3766 2801 3862 2854 Διὸ

2277 2898 2371 2947 καὶ
2402 2895 2620 2965 πρῶτον
2663 2896 2762 2966 μὲν
2795 2898 2822 2948 ὁ
2850 2895 3172 2960 ἀπόστολος,
3212 2896 3405 2948 ἔπειτα
3432 2895 3488 2948 δὲ
3519 2896 3579 2948 τὸ
3616 2897 3863 2963 Εὐαγγέ-

2275 2989 2389 3041 λιον
2449 2989 2808 3057 κηρύσσεται.
2864 2989 2988 3042 ὀτι
3038 2989 3255 3060 πρῶτον
3327 2990 3426 3058 μὲν
3488 2991 3866 3060 ένισχυθὲντες

2276 3082 2725 3152 ὲξαπεστάλησαν
2771 3084 2820 3136 ol
2861 3081 3138 3152 μαθηταί·
3203 3080 3322 3138 εἷτα
3379 3083 3477 3153 τὴν
3533 3084 3870 3155 οἰκουμένην

2199 3161 2244 3220 C
2279 3174 2732 3242 περιδραμόντες,
2780 3173 2840 3227 τὸ
2890 3175 3226 3241 Εὑαγγέλιον
3273 3176 3578 3247 ἐκήρυξαν.

2387 3268 2483 3336 ξη’.
2526 3270 2688 3322 Διατί
2722 3271 2836 3337 πρὸ
2884 3269 2990 3323 τοῦ
3039 3269 3415 3338 Εὐαγγελίου
3469 3273 3758 3341 θυμίαμα.

2349 3362 2463 3433 Πρὸ
2511 3362 2567 3415 δὲ
2611 3362 2706 3416 τοῦ
2741 3361 3079 3430 Εὑαγγελίου
3141 3363 3417 3434 θυμίαμα,
3467 3365 3556 3417 διὰ
3592 3367 3694 3434 τὴν
3725 3365 3872 3421 δεδο-

2281 3453 2450 3522 μένην
2480 3453 2586 3504 ἀπὸ
2607 3453 2702 3505 τοῦ
2744 3452 3088 3522 Εὐαγγελίου
3117 3453 3282 3524 χάριν
3319 3455 3413 3508 τοῦ
3457 3455 3776 3526 Πνεῦματος
3809 3459 3872 3513 έν

2277 3543 2376 3615 ὅλῃ
2407 3546 2472 3613 τῇ
2503 3545 2655 3598 οίκου
2667 3544 2826 3614 μένῃ.

2281 3657 2376 3722 ξεν.
2407 3658 2569 3732 Διαζί
2609 3658 2720 3712 τοῦ
2753 3663 3145 3732 ,Εὐατγελίου
3191 3657 3761 3732 ἀναγινωσκομένων
3783 3705 3800 3730 .
3837 3669 3873 3722 ό

2502 3728 2813 3797 ἀρχιερεὺς
2842 3728 3129 3786 ἐκϐάλλει
3173 3734 3238 3785 τὸ
3271 3728 3631 3802 ὼιιορόριον.

2363 3820 2900 3894 ’Δναγινωσκομένου
2945 3825 3000 3878 δὲ
3043 3825 3138 3879 τοῦ
3179 3826 3515 3894 Εὑαγγελίου
3544 3829 3870 3886 ἀποτίθεται

2278 3911 2341 3963 τὸ
2379 3912 2690 3982 ὠμοφόριον
2746 3917 2773 3968 ό
2836 3917 3173 3987 ἀρχιερεὺς,
3219 3919 3319 3989 τὴν
3381 3922 3572 3974 ἑαυτοῦ
3619 3922 3870 3978 δουλείαν

2279 4006 2588 4068 ἐπιδεικνὺς
2639 4007 2718 4077 τῷ
2759 4009 2971 4079 Κυρίῳ.
3013 4011 3167 4063 Ἐπεὶ
3219 4013 3329 4080 γὰρ
3380 4013 3586 4076 ἐκεῖνος
3637 4015 3727 4067 διὰ
3768 4016 3866 4070 τοῦ

2282 4095 2618 4163 Εὐαγγελξου
2667 4098 2868 4166 ὁρᾶται
2924 4100 3323 4171 φθεγγόμενος,
3378 4106 3471 4156 καὶ
3530 4105 3606 4168 ὠς
3669 4108 3868 4177 παρών

2279 4189 2419 4249 ἐστι,
2476 4188 2601 4239 τότε
2649 4188 2748 4256 τὴν
2802 4189 2988 4243 εἰκόνα
3044 4195 3144 4261 τῆς
3194 4191 3525 4261 σαρκώσεως
3569 4194 3759 4262 αὑτοῦ,
3807 4199 3868 4251 τὸ

2280 4278 2595 4349 ὼμοφόριον
2645 4281 2808 4348 λέγω,
2845 4283 2904 4336 οὐ
2933 4283 3472 4353 τολμᾷὲνδεδῦσθαι,
3525 4287 3642 4342 ἀλλ’
3669 4289 3867 4356 ἐξελὼν

2279 4369 2389 4421 τῶν
2429 4369 2615 4439 ὤμων,
2658 4372 2879 4426 δίδωσιν
2924 4376 3058 4428 αὐτὸ
3102 4376 3359 4448 διακόνῳ.

594 4476 683 4532 70.
737 4475 916 4540 Quare
964 4476 1220 4565 diagonus
1276 4473 1546 4526 Ituntcrale
1606 4475 1978 4542 complicatum
2036 4475 2175 4542 [erat

2285 4490 2346 4536 o'.
2392 4485 2552 4565 ᾼιατί
2590 4487 2622 4537 ὀ
2649 4485 2945 4565 ¹διάκονος
2990 4488 3325 4565 διπλώσας,
3380 4493 3545 4565 φέρει
3595 4493 3672 4565 τῇ
3719 4502 3868 4564 χειρὶ

665 4563 870 4669 manu,d
877 4557 926 4600 et
949 4546 1207 4614 triplicem
1229 4560 1437 4597 cereum
1465 4553 1638 4598 teneat
1668 4555 1828 4614 atque
1851 4556 2181 4614 anteaancta

665 4633 834 4669 mace
874 4628 952 4669 at.

664 4634 766 4684 pra
777 4628 952 4670 cedat.

666 4709 939 4767 Diaconos
989 4708 1120 4764 illud
1161 4702 1354 4763 dextra
1397 4707 1795 4780 complicatum
1853 4717 2023 4772 tenet,
2084 4709 2190 4779 ipsi

597 4803 840 4871 pontifici
906 4812 1118 4865 astans,
1161 4811 1216 4855 et
1262 4815 1421 4855 saera
1461 4800 1605 4854 dona
1662 4800 1999 4870 praecedens.
2052 4801 2185 4855 ltem

601 4893 894 4962 tricipitem
919 4907 1138 4946 cereum
1169 4907 1331 4947 manu
1362 4892 1611 4961 pontifex
1651 4892 1855 4953 defert,
1897 4906 1995 4961 per
2037 4893 2184 4962 quod

601 4985 957 5054 intelligimus
977 4981 1163 5038 Jesum
1187 4995 1542 5054 conspectum
1581 4985 1646 5038 iri
1683 4985 1738 5039 in
1799 4987 1968 5040 futuri
1994 4987 2184 5040 saeculi

601 5074 1085 5144 contemplatione,
1109 5073 1204 5142 qui
1249 5089 1348 5141 pro
1412 5074 1570 5127 nobis
1620 5074 1943 5133 incarnatus
1972 5082 2028 5128 et
2065 5077 2184 5128 vul-

601 5176 826 5221 neratus
859 5176 991 5230 est;
1031 5173 1085 5218 ct
1135 5180 1258 5218 cum
1309 5181 1452 5219 unus
1497 5165 1564 5218 de
1619 5163 1889 5218 Triuitate
1941 5165 2032 5231 sit,
2083 5182 2185 5220 nos

599 5259 902 5313 divinitatis
937 5271 1050 5312 suac
1079 5255 1470 5327 splendoribus
1495 5255 1794 5309 illuminat.

599 5436 689 5490 Ἠ.
738 5435 881 5502 Quid
951 5436 1207 5506 signiﬁcet
1258 5433 1398 5503 quod
1452 5433 1726 5501 episcopus
1779 5433 1842 5506 de
1887 5428 2170 5506 subselliis

671 5501 1102 5560 sacerdotalilius'
1155 5501 1444 5569 descendit,
1500 5509 1719 5556 et'cunt
1771 5501 1967 5570 triplici
2029 5517 2177 5554 cerea

673 5589 750 5630 ter
783 5579 1115 5646 signacalum
1149 5593 1320 5629 crucis
1364 5574 1519 5643 facit.

675 5663 1022 5728 Descendens
1059 5675 1277 5732 tandem
1311 5673 1379 5727 de
1399 5671 1663 5756 cathedra
1697 5669 1968 5739 pontifex,
2012 5670 2176 5726 bene-

675 5854 693 5882 δ
731 5851 927 5926 liphes.
959 5867 1020 5924 ιι,
1064 5855 1149 5906 Vs.

2361 4557 2430 4631 τι)
2454 4553 2812 4632 ὼμρεξόριον,
2841 4559 2938 4609 καὶ
2959 4559 3028 4632 τό
3057 4553 3363 4629 τρικήρίόν
3380 4553 3467 4616 ⁷δέ
3486 4553 3867 4632 κατέξείξκαὶ

2359 4626 2478 4675 τῶν
2523 4626 2706 4692 ἁγίων
2729 4626 3188 4695 προπορεύεται.

2364 4717 2460 4778 Ὃς
2512 4721 2608 4768 καὶ
2662 4719 2890 4788 κατέχει
2941 4720 3100 4774 τοῦτο
3139 4721 3417 4787 διπλώσας
3451 4729 3519 4799 τῇ
3571 4727 3746 4799 δεξιᾷ,
3777 4728 3871 4782 τοῦ

2285 4808 2587 4880 ἀρχιερέως
2629 4812 2728 4878 μὲν
2764 4812 2995 4881 πλησίον
3045 4814 3362 4884 ἱστάμενος,
3409 4793 3518 4871 x211"
3558 4818 3670 4874 τῶν
3697 4793 3874 4889 ’ἱερῶν

2280 4899 2338 4952 δὲ
2387 4899 2577 4970 δώρων
2609 4903 3110 4972 προπορευόμενος,
3145 4905 3204 4968 ὃς
3230 4907 3294 4977 δὴ
3347 4911 3444 4961 καὶ
3477 4911 3540 4963 τὸ
3585 4914 3875 4982 τρικήριον

2285 4993 2351 5061 τῇ
2385 4996 2532 5062 χειρὶ
2575 4995 2814 5065 κατέχει.
2861 4997 3128 5065 Σημαίνει
3153 4997 3211 5051 δὲ
3241 4999 3422 5064 τοῦτο,
3451 5002 3528 5066 ὡς
3553 5004 3613 5056 ἐν
3637 5005 3716 5074 τῷ
3745 5007 3874 5074 μέλ-

2277 5081 2430 5135 λοντι
2489 5082 2697 5153 Θεωρία
2761 5086 2929 5138 πᾶσιν
2966 5086 3120 5140 ἔσται
3173 5088 3202 5140 ὁ
3245 5089 3478 5160 Ἰησοῦς,
3513 5094 3872 5164 σεσαρκωμέ-

2285 5191 2374 5236 νος
2408 5174 2503 5226 καὶ
2547 5177 2892 5244 τετρωμένος
2941 5177 3082 5247 ὑπὲρ
3131 5181 3312 5249 ἡμῶν,
3372 5185 3467 5236 καὶ
3520 5178 3603 5247 εἷς
3659 5184 3738 5238 ὢν
3776 5186 3876 5252 τῆς

2287 5261 2518 5334 Τριάδος
2552 5267 2930 5338 καταλάμπων
2970 5272 3118 5341 ἡμᾶς
3162 5275 3283 5336 ταῖς
3336 5275 3537 5343 αὐγαῖς
3596 5277 3699 5347 τῆς
3761 5277 3875 5332 θεό-

2285 5373 2474 5426 τητος.

2289 5458 2388 5506 οα’.
2420 5450 2482 5527 Τί
2509 5451 2694 5527 δηλοῖ
2721 5456 2784 5507 τὸ
2815 5457 3129 5511 κατελθεῖν
3157 5456 3228 5511 ἐκ
3255 5457 3363 5511 τοῦ
3386 5461 3735 5527 συνθρόνου
3767 5460 3873 5514 τὸν

2421 5522 2718 5590 ἀρχιερέα,
2761 5527 2859 5578 καὶ
2912 5528 3193 5596 τρικηρίῳ
3223 5522 3559 5598 σφραγίσαὶ
3588 5532 3737 5598 τρίς.

2361 5672 2771 5750 Κατερχόμενος
2804 5681 2858 5734 δὲ
2884 5683 2913 5734 ὁ
2948 5683 3245 5754 ἀρχιερεὺς
3292 5685 3394 5754 τῆς
3437 5683 3734 5755 καθέδρας,
3764 5679 3870 5754 τὴν
