4026 6274
558 329 635 339 -ο---
661 332 697 341 ..ι

214 383 333 452 ’7⁵25

1254 384 1671 450 EXPOSITIO
1715 386 1816 449 DE
1847 386 2144 454 .DlVINO.
2174 384 2507 450 TEMPLO.

3385 381 3492 444 726

217 511 293 562 ἐκ
335 506 429 562 τοῦ
463 502 691 575 οὖρανοῦ
727 506 852 575 περὶ
882 503 1028 574 ἡμᾶς
1061 503 1213 575 δηλοῖ
1246 504 1341 559 τοῦ
1372 505 1628 576 Σωτῆρος
1659 505 1797 574 πρό·

1917 504 2206 560 iictionem
2233 502 2540 560 Salvatoris
2572 499 2849 558 ctelestem
2879 498 3036 555 nobis
3083 498 3352 569 impertit,
3399 497 3494 567 qui

213 600 504 654 ἠιανκαὶ
563 598 916 669 κηδεμονίαν,
976 599 1061 652 ὅτι
1113 597 1210 651 καὶ
1250 597 1514 662 ἀνελθὼν,
1563 599 1721 668 ἡμῶν
1750 598 1812 650 οὐ

214 693 586 764 κεχώρισται.
631 693 721 745 Διὸ
751 693 847 746 καὶ
887 693 947 745 ὲν
967 694 1034 762 τῇ
1066 691 1207 761 ὑπὲρ
1238 689 1347 744 τῶν
1382 689 1651 760 βασιλέων
1677 691 1811 759 εὐχῇ

216 785 550 856 σφραγίζων
598 785 738 852 μετὰ
784 784 844 838 τὸ
886 783 1223 852 Εὐαγγέλιον
1274 781 1354 850 τῷ
1413 779 1687 851 τρικηρίῳ
1720 780 1814 832 τὸν

211 878 378 938 λαὸν,
411 878 471 929 τὸ
517 877 784 944 συστῆναι
837 876 938 945 τὴν
993 874 1194 942 εὐσεὸἦ
1261 872 1542 942 βασιλείαν
1597 872 1686 925 διὰ
1714 871 1813 939 τῆς

210 969 393 1021 αὑτοῦ
447 969 752 1038 ἱερωσύνης
806 966 1035 1020 καὶτοῦ
1105 965 1438 1034 Εὑαγγελίου
1488 963 1808 1016 ἔνδείκνυσι.

211 1064 336 1114 Καὶ
369 1063 571 1124 ταύτας
623 1061 843 1129 εὔχεται
909 1061 1093 1130 μένειν
1144 1060 1234 1113 διὰ
1288 1059 1390 1126 τῆς
1445 1056 1677 1127 χάριτος
1713 1054 1813 1120 τῆς

210 1152 481 1221 Τριάδος.
530 1153 684 1206 Ἐπεὶ
737 1152 831 1204 καὶ
885 1152 1007 1221 μεθ’
1036 1152 1197 1221 ἡμῶν
1241 1146 1384 1202 εἶναι
1414 1147 1578 1209 αὐτδς
1634 1147 1813 1213 ἐπηγ-

209 1243 469 1308 γείλατο.
515 1244 676 1295 Ἀλλὰ
701 1244 797 1295 καὶ
832 1243 894 1295 τὸ
925 1241 1236 1311 καταϐῆναι
1270 1242 1336 1310 τῇ
1379 1239 1548 1292 αὑτοῦ
1579 1237 1809 1304 δευτέρᾳ

209 1337 506 1404 παρουσίᾳ
535 1335 695 1387 πάλιν
723 1335 884 1387 αὐτὸν
921 1335 1056 1404 πρὸς
1081 1335 1230 1401 ἡμᾶς
1284 1332 1444 1385 τοῦτο
1508 1329 1804 1399 μαρτυρεῖ.

1918 597 2044 650 licet
2072 599 2192 650 loco
2239 607 2522 667 separatus
2561 613 2588 648 a
2614 592 2810 660 nobis,
2846 601 3088 649 remotus
3127 607 3238 646 non
3297 601 3401 654 est,
3443 597 3499 644 et

1921 702 2017 754 pro
2079 688 2502 756 imperatoribus
2553 687 2722 741 Deum
2780 687 2928 741 clare
2981 700 3206 755 rogans,
3264 699 3330 740 ac
3375 695 3499 754 pom

1921 779 2276 837 Evangelium
2329 780 2556 848 tricipiti
2593 795 2753 834 cereo
2802 780 3064 848 populum
3097 778 3343 846 signans,
3400 792 3499 846 per

1923 869 2278 938 Evangelium
2311 871 2802 940 piumimperium,
2842 879 2896 922 et
2956 867 3323 923 sacerdotium
3369 882 3501 920 cott—

1924 960 2174 1014 stitutum
2205 961 2466 1027 ostendit,
2497 972 2660 1027 atque
2692 970 2750 1013 ut
2779 963 2850 1013 ita
2884 976 2981 1028 per
2998 960 3229 1028 gratiam
3261 955 3500 1010 Trinita-

1920 1054 1992 1105 tis
2023 1061 2397 1121 permaneant,
2426 1062 2705 1121 precatur.
2736 1051 3018 1122 Siquidem
3057 1051 3171 1120 ipse
3227 1051 3500 1104 assisten-

1892 1144 2050 1224 .tiam
2089 1145 2248 1200 nobis
2273 1159 2429 1200 suam
2463 1145 2739 1216 promisit,
2766 1146 2880 1198 imo
2918 1130 3029 1213 per.
3055 1141 3359 1199 secundum
3405 1143 3500 1194 ad-

1917 1246 2137 1290 ventum
2193 1237 2448 1293 afﬁrmat.
2507 1238 2678 1308 Magis
2702 1253 2833 1293 vero
2867 1253 3169 1294 sacrorum.
3205 1250 3501 1290 munerum

1921 1327 2249 1384 distributio.
2270 1331 2514 1400 pontifici
2539 1341 2600 1387 et
2627 1331 2833 1386 sanctis
2874 1329 3051 1387 factaa

214 1429 289 1481 Ὃ
321 1429 421 1481 καὶ
452 1427 832 1496 φανερώτερον
858 1428 1102 1498 παριστᾷ
1151 1429 1184 1498 ἡ
1231 1426 1342 1478 τῶν
1394 1424 1569 1491 ἁγίων
1597 1421 1790 1490 δώρων
1834 1417 2048 1485 ἔνδοξος
2084 1423 2316 1488 είσοδος.
2370 1425 2660 1480 Δείκνυται
2713 1427 2820 1496 γὰρ
2872 1424 3036 1478 τοῦτο
3107 1426 3205 1480 καὶ
3249 1422 3339 1476 διὰ
3407 1420 3501 1474 τοῦ

206 1521 553 1590 ἀρχιερέως,
588 1521 684 1573 καὶ
713 1520 806 1574 διὰ
832 1523 930 1592 τῆς
957 1518 1067 1576 τῶν
1107 1523 1279 1587 ἁγίων
1338 1522 1572 1575 εἰσόδου.

206 1635 315 1708 οβ’.
362 1636 426 1690 Τί
454 1637 522 1690 τὸ
549 1637 910 1704 προσελθεῖν
957 1635 1037 1701 τῷ
1097 1635 1531 1708 θυσιαστηρίῳ,
1583 1631 1680 1686 καί
1713 1629 1811 1685 εὕ-

654 1713 868 1776 χεσοαι
926 1707 1035 1760 τὸν
1076 1706 1382 1775 ἀρχιερέα.

290 1799 395 1870 τῷ
451 1793 829 1868 θυδιαστηρίῳ
856 1798 917 1850 δὲ
960 1797 1300 1868 προσελθὼν,
1332 1796 1427 1849 τοῦ
1455 1795 1618 1864 ἔργου
1647 1793 1815 1861 ἆρχε-

204 1911 310 1947 ται
386 1893 497 1944 τῶν
555 1890 752 1960 εὐχῶν,
793 1891 1011 1950 δεικνὺς
1067 1889 1257 1942 ἑαυτὸν
1304 1887 1585 1957 ὑπηρέτην
1650 1881 1814 1954 282

208 1986 314 2038 τοῦ
360 1967 687 2054 μυστηρίου.

209 2084 320 2146 ογ’.
388 2077 452 2130 Τί
509 2077 575 2129 τὸ
628 2076 775 2139 τοὺς
829 2071 1324 2142 κατηχουμένους
1380 2067 1808 2123 ἐκϐάλλεσθαι.

289 2169 713 2240 Κατηχούμενοι
759 2169 815 2221 δὲ
870 2167 1031 2230 εὐθὺς
1085 2162 1440 2225 ἀπολύονται,
1477 2161 1573 2214 καὶ
1612 2161 1663 2212 ot
1714 2175 1808 2212 πιο

212 2262 344 2315 στοὶ
399 2263 582 2331 μένειν
614 2241 1111 2329 παρακελεύονται.
1165 2255 1320 2309 Ἐπεὶ
1364 2255 1392 2307 ὸ
1423 2253 1618 2322 καιρὸς
1650 2245 1806 2313 οὗτος

210 2353 312 2406 τὸν
377 2354 474 2420 τῆς
525 2351 842 2414 συντελείας
877 2349 1030 2418 δηλοῖ
1075 2347 1298 2417 καιρόν.
1341 2364 1367 2397 ι
1398 2344 1555 2407 Μετὰ
1604 2341 1807 2412 γὰρτὸ

212 2443 600 2514 κηρυχθῆναι,
627 2441 791 2512 φησὶ,
817 2440 878 2493 τὸ
898 2439 1234 2506 Εὖαγγέλιον
1265 2439 1322 2490 tv
1383 2436 1490 2505 δλῳ
1551 2434 1630 2505 τῷ
1687 2433 1816 2487 κόσα

215 2553 336 2605 μῳ,
393 2535 514 2586 τότε
560 2533 682 2602 ἥξει
733 2534 795 2585 τδ
865 2531 1040 2594 τέλος.
1103 2529 1260 2583 Ἐπεὶ
1302 2527 1346 2580 δ’
1397 2529 1458 2579 ὲν
1515 2525 1596 2596 τῷ
1668 2527 1814 2578 τέλει

210 2623 559 2685 ἀποστελεῖ,
616 2620 776 2689 φησι,
838 2618 967 2681 τοὺς
998 2617 1264 2686 ἀγγέλους
1326 2614 1518 2679 αὐτοῦ,
1563 2615 1658 2669 καὶ
1701 2613 1814 2667 δια-

211 2713 530 2785 χωρίσουσι
562 2714 690 2774 τοὺς
741 2711 1014 2780 πονηροὺς
1058 2710 1168 2763 ἀπὸ
1210 2708 1318 2762 τῶν
1352 2707 1599 2771 δικαίων,
1640 2723 1658 2757 ι
1686 2703 1817 2759 τοῦ·

208 2824 277 2859 το
335 2805 437 2857 καὶ
485 2806 518 2873 ή
576 2803 872 2874 Ἐκκλησία
940 2804 1120 2865 ποιεῖ,
1179 2801 1277 2854 καὶ
1334 2800 1449 2872 βοᾷ,
1485 2799 1586 2870 μὲν
1657 2797 1814 2869 ἐξέρε-

211 2897 422 2966 χεσθαι
449 2896 579 2958 τοὺς
631 2895 1100 2965 κατηχουμένους,
1165 2893 1346 2963 μένειν
1374 2892 1431 2946 δὲ
1457 2893 1652 2962 μόνους
1684 2892 1812 2953 τοὺς

211 2987 476 3050 πιστούς.
515 2986 681 3042 Ὅθεν
742 2989 841 3040 καὶ
901 2987 1044 3039 νοεῖν
1104 2984 1322 3052 ἔξεστιν
1353 3023 1368 3048 ,
1409 2984 1615 3053 ὁπόσην
1667 2982 1811 3052 ἔχειν

208 3081 532 3149 ὀφείλουσιν
563 3081 614 3133 οἱ
647 3079 828 3133 πιστοὶ
860 3077 1136 3150 προσοχὴν
1187 3075 1318 3146 περὶ
1349 3075 1444 3128 τοῦ
1499 3076 1575 3145 μὴ
1609 3091 1806 3127 κοινω-

209 3175 333 3227 νεῖν
364 3173 478 3235 τοῖς
509 3171 934 3239 ὰκοινωνὴτοις,
965 3170 1065 3223 καὶ
1111 3165 1348 3237 μάλιστα
1396 3166 1506 3218 τῶν
1550 3165 1728 3219 ἄλλων
1759 3165 1807 3216 ot

214 3264 415 3333 ἱερεῖς.
470 3263 533 3314 Εἰ
589 3262 699 3331 γὰρ
749 3260 825 3331 μὴ
867 3258 1184 3330 προσευχῆς
1241 3261 1574 3329 κοινωνῆσαι
1624 3258 1804 3327 θέμις,

213 3355 410 3426 πολλῷ
449 3353 650 3425 μᾶλλον
683 3352 897 3416 θυσίας.

211 3471 310 3526 ιδ’.
343 3468 485 3538 Πῶς
515 3468 614 3523 δεῖ
634 3466 760 3535 τοῖς
811 3468 1025 3536 δώροις
1059 3469 1161 3522 καί
1197 3468 1350 3536 ὑπὲρ
1390 3467 1572 3521 τίνων
1619 3482 1808 3536 προσ-

781 3538 986 3608 φέρειν
1010 3539 1283 3610 μερίδας.

286 3631 355 3686 Οἳ
395 3631 494 3686 καὶ
529 3631 638 3685 τῶν
672 3631 957 3701 προδήλως
998 3629 1424 3703 ἁμαρτανόντων
1469 3630 1678 3684 πιστῶν
1708 3615 1808 3696 τὰς

208 3725 568 3795 προσφορὰς,
599 3724 768 3778 ἕνεκα
801 3723 1017 3790 θυσίας,
1046 3724 1148 3778 οὐκ
1177 3723 1509 3793 ὀφείλουσιν.
1535 3723 1610 3787 ὡς
1648 3723 1805 3794 ἔτυχε

202 3815 498 3888 δέχεσθαι,
557 3815 697 3870 ἀλλὰ
731 3816 997 3887 πρότερον
1053 3815 1154 3886 τὴν
1203 3817 1494 3884 μετάνοιαν
1532 3817 1803 3887 ὲκζητεῖν.

201 3906 496 3961 Κοινωνία
559 3907 670 3974 γὰρ
725 3903 942 3976 γίνεται
998 3909 1064 3975 τῇ
1123 3908 1570 3978 προσφερομένῃ.
1598 3908 1802 3977 μερίδι,

206 4001 304 4055 καὶ
362 4004 427 4054 οὐ
481 4000 590 4072 χρὴ
635 4000 761 4064 τοὺς
806 4000 1038 4065 ἀναξίως
1063 3999 1286 4070 Εχοντας
1339 4002 1438 4072 τῆς
1468 4002 1660 4065 θυσίας
1691 4019 1808 4057 κοι-

209 4096 428 4147 νωνεῖν.
463 4087 601 4146 Οῑδα
623 4091 682 4144 δὲ
725 4091 808 4145 ὅτι
839 4092 936 4142 καὶ
970 4090 1206 4143 ἐνταῦθα
1240 4091 1607 4160 φιλονεικοῦσι
1636 4109 1805 4157 τινες,

210 4183 332 4248 πῶς
372 4183 615 4253 λέγομεν
663 4181 987 4256 ἐξέρχεσθαι
1038 4181 1170 4244 τοὺς
1224 4184 1695 4254 κατηχουμένους,
1729 4184 1806 4254 μὴ

205 4273 381 4326 όντων
416 4273 902 4344 κατηχουμένων;
943 4271 1033 4336 Ὠς
1080 4267 1174 4326 οὖν
1223 4273 1320 4325 καὶ
1363 4273 1422 4324 tv
1478 4274 1589 4335 τοῖς
1624 4272 1808 4337 ἄλλοις

209 4365 561 4431 πλανῶνται,
599 4363 677 4435 μὴ
728 4364 933 4428 ειδότες
963 4363 1070 4428 τὰς,
1098 4364 1136 4416 Γ
1143 4363 1322 4435 ραφὰς
1349 4400 1366 4426 ,
1408 4364 1549 4435 μήτε
1589 4365 1660 4418 τὰ
1703 4366 1806 4436 τῆς

221 4454 563 4527 Ἐκκλησίας
597 4455 916 4525 μυστήρια,
972 4456 1068 4508 καὶ
1115 4443 1391 4526 ἐντούτῳ
1421 4455 1645 4525 ὁμοίως.
1692 4456 1805 4508 Ἀεὶ

209 4547 322 4617 γὰρ
357 4549 415 4600 tv
443 4549 519 4616 τῇ
568 4546 869 4618 Ἐκκλησία
915 4546 1024 4600 είσὶ
1055 4547 1483 4618 κατηχούμενοι,
1527 4548 1622 4601 καὶ
1654 4550 1806 4619 πρῶ-

1846 2011 1900 2071 Β

1949 1623 2038 1678 72.
2075 1624 2216 1690 Quid
2247 1627 2386 1698 quod
2418 1629 2556 1682 idem
2589 1628 2793 1684 accedit
2820 1628 2890 1682 ad
2931 1628 3104 1683 altare
3131 1636 3181 1682 et
3203 1637 3468 1695 precatur.

1994 1783 2098 1839 Ubl
2160 1783 2226 1838 ad
2299 1798 2450 1852 aram
2519 1786 2722 1854 prodiit
2783 1787 3160 1856 prccationum
3216 1803 3358 1855 opus
3423 1787 3506 1839 in-

1923 1877 2080 1946 cipit,
2103 1891 2271 1948 seque
2299 1877 2542 1948 mysterii
2585 1877 2898 1946 ministrum
2921 1879 3284 1935 demonstrat.

2028 2079 2116 2133 75.
2152 2078 2294 2145 Quid
2324 2080 2463 2150 quod
2501 2079 2865 2135 caret-immani
2926 2080 3096 2135 emisse
3125 2079 3407 2149 iubentur.

1985 2169 2379 2226 Catechumeni
2399 2185 2526 2227 vero
2556 2171 2708 2226 illico
2731 2171 3111 2236 dimittuntur,
3135 2174 3349 2241 solique
3374 2174 3506 2230 fide-

1915 2261 1994 2316 les
2023 2277 2246 2316 manere
2290 2261 2558 2330 iubentur
2589 2278 2604 2317 :
2634 2263 2897 2333 quoniam
2935 2271 3150 2332 tempus
3204 2264 3309 2318 hoc
3367 2279 3505 2319 con-

1915 2354 2544 2422 summationistempus
2568 2364 2950 2424 repraesentat.
2980 2355 3071 2409 Ait
3094 2358 3240 2410 enim
3265 2375 3278 2411 :
3319 2345 3508 2412 cPost-

1915 2459 2079 2515 quam
2157 2445 2515 2516 praedicatum
2601 2446 2768 2501 fuerit
2841 2446 3197 2528 Eyangelium
3268 2451 3321 2503 in
3387 2458 3504 2505 toto

1915 2537 2140 2600 mundo,
2199 2545 2326 2591 tunc
2386 2537 2567 2593 veniet
2623 2540 3055 2593 consummatio.
3114 2540 3255 2595 Cum
3291 2541 3345 2596 in
3397 2543 3504 2597 line

1916 2628 2132 2684 miserit
2161 2629 2385 2700 angelos
2407 2643 2592 2696 suos,i
2624 2630 2802 2700 inquit
2830 2631 2874 2696 ‘,
2909 2638 2992 2685 ret
3014 2636 3356 2703 separavcrit
3382 2651 3499 2689 ma-

1914 2721 1998 2776 los
2021 2720 2088 2777 de
2121 2724 2302 2777 medio
2325 2723 2662 2791 justorum,»
2693 2722 2808 2778 Hoc
2841 2734 2896 2778 et
2930 2723 3170 2781 Ecclesia
3207 2729 3339 2798 agit,
3371 2733 3497 2783 (ltili!

1912 2813 2160 2868 clamans
2187 2815 2618 2870 catechumenos
2646 2817 2821 2880 exire,
2854 2815 3044 2871 lldclcs
3070 2826 3284 2872 tantum
3319 2835 3495 2876 rema-

1913 2921 2050 2962 nere
2077 2909 2343 2978 praecipit.
2371 2906 2528 2963 Unde
2560 2909 2727 2963 etiam
2747 2910 3082 2979 perspicere
3145 2911 3275 2966 licet
3325 2927 3502 2983 quan-

1912 3008 2026 3054 tum
2057 3001 2244 3056 ﬁdeles
2299 3003 2404 3058 sibi
2438 3017 2633 3058 cavere
2685 3003 2920 3058 debeant
2971 3021 3039 3059 ne
3084 3010 3498 3065 communico-nt

1912 3109 2038 3148 cum
2067 3093 2136 3149 iis
2183 3095 2509 3164 quibuscum
2566 3096 2716 3150 nulla
2759 3105 2939 3166 potest
2987 3112 3114 3154 esse
3145 3105 3497 3157 communio.

1909 3200 1975 3241 ac
2055 3187 2358 3272 praesertim
2431 3188 2770 3245 sacerdotes.
2843 3189 2898 3243 Si
2983 3192 3163 3255 enim?
3196 3194 3349 3249 nefas
3417 3205 3502 3251 est

1911 3276 2311 3342 communicari
2373 3277 2428 3331 iu
2480 3277 2762 3346 precibus,
2818 3289 3027 3350 quanto
3080 3283 3253 3352 magis
3285 3286 3500 3339 sacrifi-

1836 3340 1880 3398 δ
1913 3340 2029 3421 cio!

1913 3482 1998 3538 74.
2031 3481 2303 3549 Quomodo
2336 3493 2587 3561 oporteat
2611 3487 2754 3542 d‘ana
2783 3496 2956 3558 et‘pro
2978 3489 3164 3559 quibus
3202 3491 3498 3561 particula:

2335 3561 2400 3610 de
2451 3558 2622 3612 hostia
2661 3575 2818 3613 sacra
2871 3558 3072 3630 o/ferre.

1983 3647 2086 3713 Qui
2109 3649 2276 3702 etiam
2308 3648 2488 3720 palam
2510 3651 2861 3719 peccantium
2883 3652 3124 3708 fidelium
3157 3653 3494 3720 oblationes,

1911 3748 2191 3810 utcunque
2228 3755 2321 3794 cas
2371 3743 2691 3810 praesentari
2725 3746 3041 3812 contigerit,
3067 3755 3288 3816 propter
3321 3752 3496 3804 sacri-

1912 3827 2095 3882 ﬁcium
2129 3844 2236 3882 non
2280 3828 2484 3884 debent
2537 3838 2746 3887 temere
2796 3834 3117 3900 admittere,
3166 3837 3260 3890 sed
3324 3843 3500 3906 pumi-

1911 3919 2136 3973 tentiam
2165 3920 2318 3988 prius
2347 3922 2650 3989 requirere.
2693 3920 2770 3976 Ex
2799 3923 2985 3979 oblata
3033 3926 3179 3980 enim
3227 3930 3494 3996 particula
3545 3923 3552 3934 ’

1913 4009 1971 4063 fit
2002 4013 2338 4079 communio,
2370 4022 2426 4067 et
2476 4015 2752 4069 sacrificio
2784 4016 3034 4086 indignos
3064 4031 3130 4071 eo
3157 4018 3496 4088 participare

1911 4101 2087 4159 nefas.
2117 4104 2245 4158 Scio
2286 4103 2538 4174 equidem
2563 4107 2827 4175 quosdam
2849 4107 2914 4161 de
2943 4107 3046 4161 deo
3076 4107 3359 4164 nobiscum
3391 4112 3498 4166 dis~

1911 4201 2132 4262 ceptare
2160 4195 2316 4264 quod
2341 4197 2406 4250 de
2432 4197 2846 4253 catechumenis
2875 4198 3176 4268 loquimur,
3207 4203 3307 4270 qui
3337 4218 3496 4256 reve-

1909 4298 1970 4338 ra
1995 4283 2137 4339 baud
2168 4284 2460 4340 exsistunt.
2490 4287 2561 4339 At
2593 4295 2800 4352 errant,
2852 4285 3166 4358 Scriptor-as
3192 4299 3247 4344 et
3307 4290 3498 4346 Eccle-

1910 4378 2006 4434 siae
2026 4379 2286 4448 mysteria
2303 4379 2647 4447 ignorantes;
2675 4393 2894 4448 semper
2911 4381 3058 4435 enim
3081 4381 3324 4438 Ecclesia
3347 4392 3497 4439 cate-

1911 4473 2214 4529 cliumenos
2237 4473 2424 4540 habet,
2495 4483 2551 4528 et
2601 4475 2901 4543 pmsertim
2960 4474 3200 4528 infantes
3253 4475 3493 4530 fidelium

1911 4565 2314 4634 imbaptizatos,
2341 4564 2432 4635 qui
2466 4573 2589 4635 post
2617 4567 2796 4635 ipsum
2823 4575 3038 4636 partum
3071 4581 3260 4621 sacras
3302 4583 3431 4636 prec
3453 4585 3495 4622 -s

207 4656 303 4692 τον
337 4643 438 4710 μὲν
503 4641 588 4716 τὰ,
619 4641 729 4693 τῶν
778 4640 988 4694 πιστῶν
1021 4640 1335 4695 ἁϐάπτιστα
1384 4643 1566 4696 πάντα
1601 4641 1801 4712 βρέφη,

1917 4662 2178 4730 recipiunt
2207 4669 2262 4714 et
2288 4667 2408 4730 post
2437 4659 2598 4714 ﬁdem
2624 4668 2903 4728 acceptam
2928 4668 2982 4713 et
3028 4658 3359 4727 baptismum
3397 4663 3494 4716 ad~

213 4729 372 4784 ἅτινα
426 4731 719 4802 τεχθέντα,
754 4731 916 4795 εὐθὺς
961 4731 1128 4801 εὐχὰς
1154 4731 1422 4802 δεχόμενα
1447 4733 1621 4802 ἱερὰς,
1649 4733 1805 4790 οὔπω
1837 4794 1840 4796 ν

216 4829 384 4882 πιστὰ
433 4825 826 4897 γεγενημένα,
902 4825 1037 4895 μηδὲ
1072 4824 1257 4878 τέλεια
1311 4825 1389 4895 τῷ
1441 4815 1804 4895 βαπτίσματι,

217 4921 624 4992 κατηχούμενοί
655 4922 786 4987 εἰσι.
821 4917 1017 4972 Τοίνυν
1051 4919 1190 4988 ὑπὲρ
1217 4918 1398 4972 αὐτῶν
1453 4921 1548 4974 καὶ
1576 4909 1807 4973 πάντοτε

218 5015 316 5081 μὲν
349 5013 650 5084 εὐχόμεθα,
707 5014 801 5067 καὶ
853 5014 920 5069 tv.
953 5015 1020 5083 τῇ
1070 5013 1203 5082 ἁγίᾳ.
1250 5011 1307 5064 δὲ
1371 5011 1803 5084 Τεσσαρακοστῇ

218 5104 358 5173 ὑπὲρ
403 5109 511 5158 τῶν
560 5107 698 5175 πρὸς
743 5106 805 5158 τὺ
851 5107 1008 5172 ἅγιον
1040 5107 1299 5173 φώτισμα
1325 5103 1800 5174 εὐτρεπιζομένων

219 5195 382 5264 εὐχὰς
411 5199 506 5248 καὶ
547 5197 796 5264 αἰτήσεις
831 5195 1158 5264 ποιούμεθα.
1207 5194 1476 5264 Δεύτερον
1505 5197 1582 5258 δὲ,
1621 5212 1798 5268 κατησ-

178 5288 519 5355 ,χουμένους
553 5286 749 5356 ἔχομεν
809 5288 934 5348 τοὺς
991 5286 1082 5338 ὑπ’
1126 5285 1343 5338 ἀσεϐῶν
1394 5287 1797 5356 κρατηθέντας,

219 5377 313 5429 καὶ
350 5378 449 5446 τὴν
506 5379 604 5448 μὲν
657 5379 842 5431 πίστιν
896 5379 1235 5448 κατέχοντας
1284 5380 1349 5435 ἐν,
1377 5382 1596 5451 καρδίᾳ,
1641 5380 1798 5451 μελε-

219 5468 426 5531 τῶντας
459 5471 515 5523 δὲ
564 5472 875 5540 ἀποστῆναι
903 5473 1014 5524 τῶν
1048 5471 1287 5536 ἀσεϐῶν,
1324 5475 1419 5527 καὶ
1451 5479 1518 5544 τῇ
1565 5475 1798 5546 Ἐκκλη-

221 5562 312 5630 ait;
359 5564 725 5631 προσελθεῖν·
789 5567 882 5621 καὶ
933 5563 1018 5618 ἐτι
1057 5567 1185 5627 τοὺς
1242 5567 1643 5636 προσελθόντας
1675 5571 1798 5639 μὲν,

221 5649 300 5702 ἔτι
333 5655 775 5724 κατηχουμένους
824 5655 904 5720 δὲ,
933 5658 1027 5709 καὶ
1059 5660 1225 5727 μήπω
1261 5659 1679 5728 τετελεσμένους
1722 5661 1802 5730 τῷ

223 5742 351 5812 θείῳ
387 5745 562 5815 μύρῳ.
595 5744 794 5817 Τρίτον
826 5747 884 5800 δὲ
927 5749 1369 5820 κατηχουμένους
1405 5751 1604 5823 ἔχομεν
1676 5755 1802 5818 τοὺς

291 5863 314 5894 ⁸
344 5852 532 5918 Matth.
562 5879 710 5932 xxxv,
748 5865 836 5920 14.

1911 4754 2282 4808 ministratum
2305 4753 2832 4806 catecliumenorum
2858 4765 3088 4806 numero
3111 4766 3494 4808 accensentur.

1907 4844 2014 4899 Pro
2047 4844 2200 4900 hisce
2228 4843 2395 4914 igitur
2429 4844 2891 4913 quadragesimali
2927 4844 3172 4914 tempore
3201 4853 3256 4898 et
3301 4843 3498 4901 Pente-

1907 4944 2087 4991 costes
2110 4934 2252 4991 festo
2275 4950 2467 5006 preces
2504 4935 2759 4993 facimus.
2799 4934 3082 5004 Secundo,
3111 4939 3493 4995 catechumeni

1906 5037 2035 5084 sunt
2065 5029 2157 5097 qui
2193 5029 2262 5082 ab
2292 5029 2524 5098 impuris
2557 5031 2861 5083 retinentur
2888 5048 2903 5096 ;
2937 5030 3006 5085 ab
3030 5031 3098 5086 iis
3124 5041 3302 5087 autem
3345 5049 3497 5088 rece-

1905 5119 2036 5172 dere
2064 5128 2119 5173 et
2169 5117 2423 5174 Ecclesiae
2481 5119 2640 5173 fidem
2691 5121 2943 5189 amplecti
2968 5121 3222 5175 nituntur
3265 5137 3282 5182 ;
3331 5139 3496 5189 porro

1907 5209 1945 5263 ii
1979 5209 2070 5278 qui
2100 5207 2169 5264 ad
2205 5210 2503 5266 Ecclesium
2562 5212 2836 5265 aecessuri
2889 5214 3128 5265 nondum
3174 5228 3331 5267 sacro
3391 5231 3493 5267 uno

1907 5301 2337 5370 guento-Iimbuti-
2368 5310 2518 5356 sunt.
2552 5301 2739 5355 Tertio
2797 5312 2929 5355 sunt
2965 5302 3369 5370 catechumeui,
3395 5305 3487 5373 qui

1908 5391 2186 5446 homicidii
2237 5400 2334 5446 aut
2367 5393 2507 5447 alius
2537 5393 2718 5462 gravis
2743 5401 3078 5446 accusantur
3126 5392 3400 5463 criminis,
3439 5406 3495 5449 et

1907 5482 2109 5552 quibus
2143 5481 2209 5535 ad
2250 5496 2408 5536 sacra
2439 5481 2696 5551 mysteria
2743 5480 3004 5534 accedere
3037 5495 3145 5534 non
3202 5482 3354 5545 licet,
3393 5486 3488 5539 sed

1908 5573 2248 5630 audientium
2267 5582 2494 5627 numero
2516 5581 2724 5628 tantum
2744 5571 2994 5641 inscripti
3018 5582 3143 5628 sunt
3169 5575 3495 5631 benevolcn-

1912 5666 1986 5720 tia
2010 5664 2256 5722 Patrum.
2279 5663 2440 5720 Prius
2462 5665 2606 5720 enim
2625 5673 2678 5719 et
2697 5651 2868 5732 iiiipsi
2892 5666 3350 5720 excommunicati
3378 5667 3493 5726 fue-

1913 5766 2055 5813 rant.
