4026 6274
351 395 456 462 729

1339 385 1748 449 EXPOSITIO
1816 381 1915 444 DE
1957 379 2224 444 DIVINO
2274 375 2611 439 TEMPLO.

3477 371 3615 433 ’7ῗο

351 510 596 576 δ,καίως,
623 506 681 560 τὸ
717 506 838 575 μὲν,
864 502 961 567 τὰς
989 501 1151 574 εὐχὰς
1203 502 1384 556 αὐτῶν
1410 502 1804 572 ἐξαιτούμενοι,
1830 499 1925 552 καὶ

2043 504 2164 550 aunt
2194 493 2382 548 ﬁdeles
2402 505 2596 547 omnes
2624 479 2749 544 ante
2778 487 3111 551 sacerdotes,
3131 501 3194 542 ac
3214 486 3337 556 jure
3369 487 3615 558 quidem,

358 601 668 673 μνησθῆναι
699 597 907 651 τούτων
941 599 1001 650 ὲν
1056 597 1123 666 τῇ
1158 595 1440 666 ἱερουργίᾳ
1470 595 1739 661 δεόμενοι,
1769 593 1829 644 τὸ
1856 590 1935 655 δὲ,

353 693 626 762 τιμῶντες
655 691 722 742 τὰ
756 689 878 742 θεῖα
923 687 1094 758 δῶρα.
1129 685 1190 739 Εί
1235 687 1344 756 γὰρ
1379 685 1474 737 καὶ
1511 687 1678 754 μήπω
1724 683 1937 752 ἱερουρ-

357 784 526 854 men.
552 782 665 834 ἀλλ’
692 783 750 835 ὲν
779 783 847 852 τῇ
878 780 1136 851 προθέσει
1190 778 1528 846 ἀνετέθησαν
1563 765 1641 845 ’ξῴ
1677 775 1816 844 Θεῷ,
1843 773 1937 828 καὶ

352 880 380 929 ὀ
423 877 606 946 ἱερεὺς
655 875 836 926 ἐκεῖσε
885 872 1054 942 εὐχὴν
1087 871 1344 940 ἀνέφερε,
1399 871 1495 922 καὶ
1540 868 1936 940 προσδέξασθαι

352 966 530 1021 ταῦτα
559 961 716 1020 εἶπεν
749 967 842 1018 ἐπὶ
874 966 934 1018 τὸ
981 966 1096 1020 ἄνω
1145 964 1537 1034 θυσιαστήριον
1569 977 1582 992 ⁸
1616 963 1665 1014 εί
1697 959 1792 1015 οὖν
1841 965 1937 1014 καὶ

357 1062 528 1132 μήπω
561 1058 950 1126 τετελεσμένα,
993 1056 1131 1112 ἀλλὰ
1173 1059 1312 1128 πρὸς
1347 1056 1406 1108 τὸ
1437 1054 1759 1122 τελεσθῆναι
1786 1053 1936 1122 ἡτοι-

359 1149 616 1220 μασμένσ.
651 1149 780 1214 εἰσὶ,
812 1149 909 1202 καὶ
951 1148 1214 1216 ἀνάθημα
1246 1145 1364 1215 Θεῷ
1408 1146 1501 1198 καὶ
1535 1145 1807 1198 ἀντίτυπα
1838 1143 1932 1196 τοῦ

355 1241 690 1294 Δεσποτικοῦ
735 1240 988 1310 σώματός
1020 1257 1080 1293 τε
1118 1240 1214 1293 καὶ
1246 1241 1499 1308 αἵματος.
1551 1241 1613 1291 Οἱ
1657 1238 1800 1292 κατὰ
1843 1236 1933 1290 τὸν

358 1336 497 1387 Κὰῖν
527 1329 622 1386 οὖν
665 1332 1112 1401 διαφθονούμενοι
1156 1331 1234 1395 τῷ
1266 1331 1436 1384 Ἀὀελ
1479 1332 1608 1400 ἡμῖν
1651 1329 1932 1393 ἀλαζόνες,

358 1426 452 1477 καὶ
483 1425 850 1494 ὑπερηφάνως
887 1425 1024 1476 κατὰ.
1067 1423 1176 1476 τῶν
1220 1424 1393 1491 ἁγίων
1426 1422 1716 1491 φερόμενοι
1745 1426 1936 1491 ἐντρα-

358 1517 640 1586 πήτωσαν,
685 1514 1161 1585 βλασφημοῦντες,
1206 1517 1300 1568 καὶ
1342 1515 1403 1566 τὸ
1456 1515 1562 1566 ἀπὸ
1595 1512 1730 1566 Θεοῦ
1766 1514 1936 1566 κατά-

358 1624 534 1676 κριμα
568 1606 991 1676 φοϐηθήτωσαν.
1020 1607 1095 1658 Οὐ
1115 1605 1226 1674 γὰρ
1248 1604 1536 1656 είδωλολατ
1548 1603 1748 1674 ροῦμεν
1773 1605 1935 1673 ἡμεῖς

357 1701 468 1761 τοῖς
497 1699 661 1760 θείοις
686 1698 878 1767 δώροις
909 1696 1388 1765 προσπίπτοντεςμ
1413 1697 1618 1764 ἄπαγε’
1638 1692 1788 1750 ’ἀλλὰ
1822 1699 1935 1758 τοῖς

357 1790 796 1858 ἀνατεθειμένοις
829 1789 904 1858 τῷ
931 1788 1052 1859 Θεῷ
1093 1788 1158 1842 δι’
1193 1789 1368 1858 εὐχῶν
1400 1786 1617 1858 δώροις,
1643 1788 1736 1841 καὶ
1767 1788 1935 1858 μήπω

2041 587 2240 656 partim
2279 586 2524 654 ipsorum
2563 597 2771 652 preces,
2839 590 2895 636 et
2961 580 3044 635 sui
3085 580 3140 634 in
3192 580 3357 635 missa
3410 595 3617 634 memo-

2041 679 2178 731 riam
2221 676 2546 746 e0gitautes,
2612 673 2807 742 partim
2843 672 3025 728 divina
3067 672 3208 727 dona
3261 682 3608 727 venerantes.

2041 764 2364 832 Quanquam
2386 765 2531 817 enim
2563 765 2866 818 sacrilicata
2901 761 3145 816 nondum
3178 774 3331 829 sunt,
3367 763 3420 816 in
3447 763 3611 817 altari

2050 866 2229 911 tamen
2265 856 2653 924 propositionis
2691 855 2800 909 Deo
2839 855 3020 910 dicata
3073 855 3248 918 fuere,
3277 866 3330 910 et
3360 855 3618 910 sacerdos

2041 946 2153 1001 illic
2181 962 2246 1002 ea
2286 947 2395 1001 Deo
2434 947 2631 1000 obtulit
2656 958 2710 1001 et
2759 947 2814 1000 in
2857 948 3094 1002 sublime
3128 947 3302 1002 altare
3339 948 3613 1017 deportari

2040 1039 2423 1109 acceptariqne
2464 1048 2724 1108 precatus
2751 1048 2856 1094 est.
2896 1038 3162 1106 Quamvis
3215 1041 3384 1108 igitur
3422 1056 3644 1118 conse-'

2039 1131 2284 1186 oratione
2312 1117 2555 1186 nondum
2596 1131 2975 1186 consummata
3009 1133 3137 1198 siut,
3173 1148 3363 1186 verum
3397 1142 3458 1187 ut
3485 1147 3619 1187 con-

2044 1235 2326 1281 secrentur
2365 1224 2630 1294 disposita
2675 1224 2826 1278 fuere
2871 1233 2928 1278 et
2989 1225 3100 1280 Deo
3134 1227 3338 1292 dicata,
3397 1234 3453 1280 et
3509 1226 3620 1297 typi

2045 1316 2316 1371 Dominici
2354 1317 2602 1386 corporis
2637 1327 2684 1369 et
2721 1316 3006 1386 Sanguinis
3033 1328 3185 1371 sunt.
3212 1317 3316 1382 Qui
3366 1321 3534 1386 igitur
3563 1329 3624 1374 ut

2041 1409 2174 1462 Cain
2207 1409 2368 1462 nobis
2409 1418 2466 1463 ut
2498 1409 2652 1462 Abeli
2684 1409 2931 1462 invident
2972 1420 3026 1464 et
3063 1421 3251 1463 contra
3287 1422 3508 1466 sanctos
3546 1411 3628 1466 in-

2037 1502 2334 1566 vehuntur,
2370 1503 2567 1557 abeant
2602 1505 2654 1556 in
2686 1503 2880 1564 malam
2912 1507 3126 1556 crucem
3151 1511 3205 1556 et.
3241 1501 3329 1554 Dei
3354 1501 3620 1569 judicium

2041 1604 2310 1647 metuant.
2341 1593 2458 1650 Non
2501 1595 2645 1649 enim
2674 1609 2774 1648 nos
2824 1602 2950 1648 ante
2979 1593 3160 1648 divina
3205 1594 3348 1648 dona
3396 1601 3453 1646 ut
3481 1595 3621 1648 idola

2039 1669 2475 1753 prosternimur;
2547 1686 2726 1739 absit!
2800 1686 2894 1739 sed
2955 1685 3113 1740 donis
3151 1703 3272 1756 quae
3332 1686 3441 1741 Deo
3494 1703 3620 1740 cum

2039 1777 2292 1844 precibus
2310 1778 2634 1842 oﬂ'eruntur,
2666 1779 2797 1832 licet
2826 1779 3069 1833 nondum
3112 1781 3452 1833 Sanctili'cata
3485 1781 3620 1844 sint,

357 1880 790 1950 τετελεσμένοις,
816 1881 914 1949 τὴν
946 1881 1113 1950 τιμὴν
1152 1881 1527 1950 ἀπονέμομεν,
1561 1881 1634 1942 ὡς
1668 1880 1935 1949 ἡγιασμέ-

2043 1868 2303 1921 honorem
2357 1870 2648 1923 tribuimus
2702 1880 2762 1922 ut
2820 1869 3224 1924 sanetiﬁCandis
3261 1886 3355 1940 per
3405 1886 3620 1940 preces,

361 1991 475 2036 νοις
508 1977 573 2042 τῇ
609 1975 972 2043 προσαγωγῇ,
994 1973 1492 2042 ὼςάφιερωμένοις
1515 1971 1606 2025 διὰ
1636 1971 1930 2024 θειοτάτων

357 2065 556 2134 εὐχῶν,
591 2063 666 2126 ὡς
699 2063 1016 2126 ἀντιτύποις
1049 2059 1168 2118 οὖσι
1202 2063 1295 2116 τοῦ
1344 2064 1597 2133 σώματος
1643 2061 1740 2116 τοῦ
1790 2063 1928 2130 Χρι-

360 2155 484 2207 στοῦ
513 2158 609 2208 καὶ
645 2155 900 2225 αἵματος.
934 2155 1001 2209 Οἱ
1045 2157 1102 2209 δὲ
1135 2155 1384 2222 λέγοντες
1417 2155 1592 2208 ταῦτα
1622 2154 1811 2207 λοιπὸν
1864 2154 1932 2205 τὰ

358 2249 753 2320 προσαγόμενα
785 2250 918 2319 παρ’
960 2249 1163 2314 αὐτῶν,
1201 2250 1278 2311 ὡς
1325 2250 1518 2302 εἴδωλα
1550 2247 1656 2317 πρὸ
1695 2248 1792 2316 τῆς
1822 2248 1934 2300 Κυ-

360 2342 556 2410 ριακῆς
602 2342 786 2411 φωνῆς
835 2344 973 2410 μετά
1017 2343 1115 2401 τὰς
1169 2341 1337 2403 ἄλλας
1371 2343 1536 2410 εὐχὰς
1583 2342 1790 2412 έχουσι.
1827 2340 1936 2392 Καὶ

359 2433 521 2486 ποίαν
551 2432 766 2498 ἕξουσιν
799 2433 936 2496 ὅλως
991 2434 1294 2499 ἀπολογίαν
1335 2434 1384 2484 οί
1429 2435 1498 2487 τὰ
1540 2431 1937 2500 ἀνατεθειμένα

359 2528 417 2577 ἐν
443 2527 510 2594 τῇ
539 2525 797 2592 προθέσει
829 2525 980 2594 δῶρα
1013 2525 1090 2593 τῷ
1121 2526 1240 2593 Θεῷ
1290 2526 1484 2596 εἴδωλα
1517 2527 1642 2594 (φεῦ
1670 2528 1708 2594 ι)
1738 2524 1939 2594 ὀνομά-

361 2615 568 2678 ζοντες,
600 2607 696 2667 καὶ
722 2615 830 2666 τῶν
856 2613 1134 2667 δυσσεεῶν
1167 2613 1556 2684 Εἰκονομάχων
1581 2614 1824 2682 χείρονες
1853 2606 1912 2666 οὗ
1934 2642 1939 2648 -

361 2723 478 2772 τοι;
504 2705 629 2759 Ὀτι
671 2707 724 2757 αί
763 2707 860 2774 μὲν
893 2705 1036 2757 θεῖαι
1066 2707 1271 2762 εἰκόνες
1300 2705 1455 2773 ἅγιαι
1488 2707 1585 2773 μὲν
1611 2705 1685 2767 ὡς
1719 2704 1940 2774 μορφώ-

367 2814 513 2867 ματα
541 2800 653 2850 τῶν
683 2797 976 2864 ἀληθινῶν,
1003 2799 1073 2860 τὰ
1104 2798 1254 2869 δῶρα
1286 2798 1342 2850 δὲ
1370 2797 1766 2866 ἁνατεθειμένα
1795 2795 1934 2868 Θεῷ,

364 2893 459 2942 καὶ
489 2890 568 2953 είς
597 2891 655 2941 τὸ
686 2891 942 2957 γενέσθαι
973 2891 1132 2959 σῶμα
1168 2891 1263 2942 καὶ
1292 2884 1432 2959 αἷμα
1458 2887 1694 2958 Χριστοῦ
1730 2904 1939 2957 προσκ-

362 2985 589 3051 γόμενα.
618 2981 681 3034 Εἰ
709 2978 803 3035 οὖν
830 2985 950 3046 ταῖς
985 2983 1156 3052 ἱεραῖς
1181 2982 1353 3034 εἰκόσι
1379 2982 1550 3051 τιμὴν
1577 2983 1672 3034 κοιλ⁵
1703 2979 1943 3049 προσκύσ

361 3091 520 3144 νησιν
570 3074 870 3140 ἀπονέμειν
929 3075 1244 3140 ὀφείλομεν,
1278 3073 1456 3143 πολλῷ
1508 3072 1710 3140 μᾶλλον
1759 3070 1943 3132 αὐτοῖς

359 3167 472 3224 τοῖς
505 3161 720 3233 δώροις,
745 3165 1070 3226 ἀντιτύποις
1096 3163 1268 3226 οὖσιν,
1304 3162 1376 3224 ὡς
1407 3165 1436 3214 ὁ
1473 3162 1645 3230 μέγας
1675 3161 1809 3229 φησὶ
1836 3159 1943 3212 Βα-

363 3255 582 3318 σίλειος,
608 3259 706 3311 καὶ
734 3259 870 3325 προς
901 3259 962 3310 τὸ
990 3256 1248 3325 γενέσθαι
1308 3254 1748 3324 προσαγομένοις
1779 3252 1938 3320 σῶμα

363 3349 457 3400 καὶ
506 3343 645 3418 αἷμα
699 3349 962 3417 Χριστοῦ.
1011 3351 1122 3402 Καὶ
1149 3349 1236 3403 διὰ
1273 3348 1344 3402 τὰ
1379 3348 1499 3399 θεῖα
1533 3347 1588 3399 δὲ
1627 3344 1796 3414 σκεύη
1832 3345 1939 3414 χρὴ

2035 1969 2094 2013 ttt
2147 1961 2289 2032 typis
2343 1963 2593 2031 corporis
2665 1977 2729 2016 ac
2800 1962 3087 2032 sanguinis
3148 1963 3440 2018 Domiuiei.
3512 1962 3624 2028 Qui

2037 2067 2165 2106 vero
2234 2053 2426 2106 dicunt
2465 2053 2774 2108 oblationes
2815 2055 3056 2123 ipsorum
3099 2054 3246 2108 sicut
3285 2053 3426 2108 idola
3492 2063 3621 2110 ante

2035 2157 2223 2198 vocent
2247 2143 2466 2198 Domini
2505 2155 2625 2214 past
2658 2154 2882 2199 caeteras
2919 2159 3108 2214 preces
3139 2147 3361 2200 habent.
3391 2145 3619 2209 Qualem

2037 2250 2201 2302 porro
2259 2237 2476 2289 veniam
2526 2244 2803 2315 merentur
2861 2238 2952 2306 qui
2981 2238 3284 2292 oblationes
3320 2238 3426 2292 Deo
3451 2238 3624 2293 factas

2039 2330 2178 2388 idola
2198 2329 2338 2384 eheu
2365 2331 2376 2384 !
2408 2325 2692 2385 nominant
2719 2340 2770 2385 et.
2801 2331 2986 2400 impiis
3013 2329 3387 2386 lconomachis
3411 2331 3624 2402 pejores

2039 2421 2209 2474 sunt?
2253 2420 2458 2474 Divina:
2490 2421 2634 2475 enim
2677 2423 2946 2491 imagines
3001 2439 3173 2478 sacra:
3217 2423 3435 2492 quidem
3493 2431 3625 2477 sunt

2041 2520 2100 2564 ut
2133 2511 2321 2564 forma:
2374 2513 2658 2576 veritatis;
2692 2515 2822 2566 item
2853 2514 2993 2566 dona
3023 2515 3134 2568 Deo
3185 2517 3368 2568 oblata
3430 2524 3620 2583 utpote

2043 2608 2094 2660 iu
2151 2621 2352 2675 corpus
2415 2615 2470 2660 et
2529 2609 2851 2674 sanguinem
2922 2606 3125 2662 Christi
3175 2608 3622 2662 transntntauda.

2043 2701 2100 2756 Si
2154 2717 2282 2772 ergo
2353 2703 2526 2757 sacris
2596 2702 2928 2770 imaginibus
2990 2703 3254 2757 horrerent
3311 2703 3621 2757 veneratio-

2043 2808 2276 2864 nemque
2311 2795 2629 2860 tribuimus,
2686 2805 2894 2863 quanto
2923 2795 3097 2865 magis
3143 2796 3257 2865 ipsa
3285 2798 3448 2862 dona,
3481 2813 3623 2865 quae,

2047 2897 2110 2939 ut
2145 2903 2375 2955 magnus
2406 2887 2640 2942 Basilius
2671 2889 2824 2953 dicit,
2861 2892 3102 2960 antitypa
3153 2900 3280 2945 sunt
3327 2899 3380 2944 ct
3413 2893 3620 2954 oblata,

2045 2990 2106 3033 ut
2151 2978 2356 3034 Christi
2411 2996 2610 3049 corpus
2651 2990 2704 3034 et
2745 2983 2971 3049 sanguis
3034 2984 3182 3037 ﬁant.
3224 2983 3364 3049 Quin
3405 2995 3457 3038 et
3499 3000 3624 3053 pro-

2045 3081 2171 3138 pter
2228 3071 2346 3140 ipsa
2405 3087 2560 3126 sacra
2629 3088 2756 3126 vasa
2814 3069 3195 3130 sacerdotibus
3236 3078 3624 3143 pl'OCidCllxilllll

2011 3170 2150 3226 -est,
2183 3163 2309 3217 lit-et
2377 3173 2433 3218 et
2475 3165 2724 3233 quaedam
2783 3183 2850 3220 ex
2896 3168 2977 3222 eis
3026 3182 3196 3221 vat-ua
3234 3170 3379 3233 sint;
3441 3172 3626 3226 Omnia

2050 3255 2194 3307 enim
2249 3269 2470 3325 propter
2523 3258 2708 3312 divina
2779 3259 2918 3314 dona
2982 3263 3036 3314 in
3090 3260 3227 3332 ipsis
3281 3275 3626 3331 consecrata,

2051 3349 2544 3404 sanctiticationcnt
2573 3351 2926 3420 participant.

364 3443 694 3497 ὑποπίπτειν
719 3448 831 3509 τοῖς
866 3444 1125 3515 ἱερεῦσιν,
1150 3448 1197 3499 εἰ
1231 3447 1323 3498 καὶ
1355 3443 1414 3508 ἐξ
1443 3444 1636 3498 αὐτῶνΔ
1655 3444 1788 3498 κενᾶ
1816 3461 1938 3497 τινα
2083 3445 2392 3518 Ἀγιασμοῦ
2421 3449 2530 3520 γὰρ
2565 3451 2746 3505 πάντα
2772 3452 3016 3523 μετέχει,
3039 3453 3150 3508 τῶν
3217 3453 3376 3506 θείων
3437 3452 3628 3524 δώρων

363 3542 422 3590 ἐν
453 3541 636 3602 αὐτοῖς
663 3541 707 3610 ίε
715 3556 809 3611 ρον
818 3559 950 3610 ργου
959 3543 1160 3612 μένων.

362 3658 461 3714 οθ’.
488 3658 649 3713 Διατί
689 3660 786 3713 καί
819 3661 946 3737 ιερὰ
976 3663 1137 3737 fuerit
1189 3665 1386 3737 quam
1437 3665 1505 3716 ὲν
1530 3663 1605 3732 τῇ
1633 3663 1849 3730 εἰσόδῳ
1890 3666 1939 3717 οὶ

2048 3665 2136 3722 79.
2193 3665 2370 3730 Quare
2397 3668 2695 3722 sacerdotes
2729 3671 2784 3722 in
2807 3671 3048 3737 ingressu
3077 3671 3236 3724 etiam
3262 3686 3429 3724 vacua
3453 3685 3623 3722 'sacra

852 3731 1028 3800 ἱερεῖς
1066 3731 1456 3802 κατέχουσιν.

437 3848 546 3900 Καὶ
598 3847 758 3899 τοῦτο
806 3845 862 3898 δὲ
902 3847 961 3898 οὐ
1012 3847 1347 3915 Θαυμαστὸν,
1375 3849 1424 3900 εί
1448 3847 1582 3901 κενά
1613 3848 1737 3900 τινά
1770 3849 1939 3899 ἐστιν.

365 3941 460 4004 Εἰς
492 3939 661 4009 τιμὴν
691 3940 801 4007 γὰρ
852 3937 961 3990 τῶν
1013 3937 1171 3990 θείων
1221 3939 1408 4008 δώρων
1461 3940 1636 3993 ταῦτα
1666 3942 1734 3992 τὰ
1772 3937 1942 4008 σκεύη

368 4028 797 4098 κατέχουσι,κα“ι
827 4024 913 4078 ἵνα
947 4025 1001 4077 οἴ
1031 4025 1078 4077 θ’
1130 4025 1388 4094 ὁρῶντες,
1431 4027 1482 4077 οἵ
1514 4043 1572 4079 τε
1605 4023 1942 4092 ἐγγίζοντες,

369 4120 702 4188 ἀγιάζωνται
729 4118 953 4180 πάντες.

370 4265 442 4314 π’.
475 4255 638 4312 Atat!
669 4255 1047 4309 καλύπτεται
1076 4252 1148 4306 τὰ
1191 4251 1318 4307 θεῖα
1364 4251 1523 4320 δῶρα
1575 4251 1644 4302 ἐν
1691 4247 1764 4317 τῇ
1803 4247 1944 4317 ἁγίᾳ

1007 4323 1282 4392 τραπέζῃ.

451 4438 840 4507 Ἐπιτιθέμενα
867 4435 924 4488 δὲ
958 4435 1030 4487 τὰ
1062 4435 1180 4487 θεῖα
1229 4433 1377 4502 δῶρα
1417 4435 1484 4502 τῇ
1523 4432 1644 4502 ἱερᾷ
1674 4430 1943 4504 τραπέζῃ,

367 4531 728 4595 καλύπτεται,
759 4531 842 4582 ὅτι
867 4529 929 4582 οὐ
957 4531 1068 4592 τοῖς
1098 4531 1266 4581 πᾶσιν
1297 4528 1354 4593 ἐξ
1384 4527 1559 4598 ἀρχῆς
1588 4524 1752 4596 284
1776 4526 1948 4591 ἐγνω-

370 4625 566 4696 σμένος
595 4626 622 4677 ό
665 4623 872 4695 Ἰησοῦς
899 4661 914 4686 ,
963 4625 1061 4675 κοιλ⁸
1112 4622 1194 4674 ὅτι
1244 4619 1628 4690 σωματωθεὶς,
1660 4619 1767 4670 οὐδ’
1806 4616 1948 4669 οὕτω

365 4718 460 4770 τοῦ
507 4716 742 4786 κρυφίου
790 4715 893 4784 τῆς
947 4714 1110 4767 αὑτοῦ
1143 4713 1394 4781 θεότητος
1429 4713 1526 4764 καὶ
1555 4711 1654 4778 τῆς
1686 4711 1947 4779 προνοίας

366 4807 560 4876 ἐξέστη
587 4824 602 4839 ο
627 4805 741 4860 ἀλλ’
764 4805 1147 4873 ἁκατάληπτός
1182 4806 1298 4856 ἐστι
1328 4804 1421 4857 καὶ
1449 4803 1681 4871 ἄπειρος
1711 4803 1820 4861 ἀεὶ.
1853 4801 1948 4854 καὶ

367 4899 620 4951 τοσοῦτον
656 4899 818 4968 μόνον
873 4896 1229 4964 γινώσκεται,
1287 4896 1412 4949 ὅσον
1462 4895 1622 4956 αὐτὸς
1660 4892 1948 4946 ἀποκαλύ-

368 5005 514 5044 πτει.

367 5104 482 5163 ira}.
506 5106 671 5164 Διατί
706 5107 739 5161 ὁ
762 5103 1079 5176 ἀρχιερεὺς
1107 5103 1303 5185 εὐχὴν
1332 5101 1492 5172 παρὰ
1512 5100 1760 5154 πάντων
1782 5099 1942 5165 ἐξαιο

1055 5193 1260 5230 τειται.

443 5291 622 5362 Εὐχὴν
648 5293 706 5345 δὲ
743 5293 896 5363 παρὰ
928 5291 1147 5345 πάντων
1192 5291 1426 5342 αἰτεῖται
1485 5287 1783 5348 ὑποκλίνας
1817 5287 1941 5338 ἑαυ-

373 5383 462 5439 τὸν
493 5385 521 5436 ὁ
556 5386 869 5455 ἀρχιερεὺς,
915 5383 1302 5452 ἐπιγινώσκων
1371 5382 1467 5433 καὶ
1513 5379 1677 5441 αὐτὸς
1727 5379 1944 5440 ἑαυτὸν,

371 5475 468 5527 καὶ
503 5477 648 5544 πρὸς
667 5477 729 5528 τὸ
758 5475 921 5544 ἔργον
953 5473 1196 5544 φρίττων
1218 5472 1315 5524 καὶ
1339 5469 1823 5538 ὑποστελλόμενος,
1853 5467 1947 5519 καὶ

371 5566 432 5618 τὸ
469 5569 831 5620 ἀποστολικὶν
861 5565 1088 5636 πληρῶν
1119 5564 1201 5627 τὸ,
1240 5561 1751 5631 «Ἐξομολογεῖσθαι
1780 5558 1947 5625 ἀλλή-

371 5658 482 5721 λοις
511 5659 580 5710 τὰ
615 5659 1094 5728 παραπτώματα,›
1129 5658 1243 5722 καὶ,
1274 5674 1293 5707 ι
1321 5653 1497 5723 ’Υπὲρ
1525 5652 1769 5720 ἀλλήλων
1795 5648 1947 5719 εὔχε-

373 5750 498 5822 σθαι
521 5763 592 5823 ’,ι
625 5751 746 5802 οὐδὲ
773 5753 881 5820 γὰρ
907 5750 1069 5812 αὐτὸς
1094 5748 1273 5818 ἑαυτῷ
1306 5748 1519 5818 θαῤῥεῖ,
1548 5746 1830 5815 ἄνθρωπος
1856 5759 1940 5794 τε-

368 5835 478 5893 λῶν
507 5841 598 5917 καὶ
627 5840 811 5902 αὐτός.

2619 3754 2746 3792 vasa
2809 3749 3040 3793 teneant.

2118 3846 2227 3902 Nec
2262 3849 2461 3903 mirum
2501 3849 2544 3903 si
2583 3849 2832 3918 quaedam
2880 3852 3063 3905 inania
3130 3851 3262 3906 sint.
3323 3852 3380 3906 In
3445 3853 3624 3907 hono-

2047 3954 2159 3992 rem
2193 3941 2394 4008 quippe
2426 3955 2710 3994 sacrorum
2737 3941 3009 3996 donorum
3052 3942 3164 3997 lucc
3187 3954 3429 4013 portant,
3458 3955 3623 4015 atque

2047 4041 2106 4085 ut
2138 4044 2249 4086 tum
2279 4033 2526 4088 videntes
2557 4049 2643 4098 ea,
2702 4045 2816 4089 tum
2870 4037 3376 4107 appropinquantes
3414 4042 3623 4096 sancti-

2048 4125 2286 4178 ﬁccntur
2319 4140 2532 4182 omnes.

2049 4257 2138 4314 80.
2172 4257 2524 4324 Quamobrem
2553 4259 2730 4313 divina
2763 4260 2906 4314 dona
2961 4263 3015 4315 in
3060 4280 3215 4317 sacra
3262 4281 3441 4318 mensa
3484 4267 3627 4319 oble-

2741 4340 2960 4402 g'anmr.

2119 4449 2376 4519 Imposita
2409 4456 2589 4503 autem
2619 4449 2776 4504 altari
2821 4466 2976 4505 sacra
3022 4449 3167 4505 dona
3200 4453 3620 4522 cooperiuutur,

2049 4541 2178 4611 quia
2209 4555 2316 4594 non
2343 4541 2598 4597 omnibus
2629 4541 2698 4597 ab
2740 4543 2896 4596 initio
2953 4545 3205 4612 cognitus
3263 4543 3363 4597 fuit
3420 4543 3625 4612 Jesus;

2049 4644 2103 4688 et
2155 4633 2280 4689 licet.
2335 4650 2532 4704 corpus
2568 4636 2980 4704 assumpsisset,
3039 4652 3143 4688 non
3183 4647 3362 4688 tamen
3396 4637 3464 4689 ab
3493 4637 3621 4691 abs-

2051 4727 2271 4780 cundita
2307 4742 2406 4780 sua
2459 4726 2743 4782 divinitate
2793 4742 2857 4780 ac
2919 4727 3260 4795 providentia
3329 4727 3623 4796 discessit;

2051 4818 2146 4872 sed
2178 4817 2664 4883 incomprehensus
2692 4827 2746 4872 et
2786 4818 3034 4872 infinitus
3081 4828 3162 4872 est
3194 4834 3432 4887 semper,
3494 4829 3620 4874 tan-

2052 4911 2570 4978 tumqneduntaxnt
2596 4911 2975 4980 cognoscitur,
3036 4920 3303 4982 quantum
3362 4913 3482 4982 ipse
3541 4928 3627 4968 te-

1983 4993 2024 5047 D
2056 5002 2216 5054 velat.

2050 5115 2139 5170 81.
2172 5114 2345 5180 Quare
2378 5131 2550 5184 preces
2600 5115 2667 5170 ab
2722 5116 2964 5172 omnibus
3028 5129 3275 5186 exposcat
3329 5121 3623 5190 episcoyus.

2122 5287 2320 5342 Preces
2357 5299 2536 5343 autem
2595 5306 2769 5360 prono
2823 5293 3001 5362 capite
3056 5293 3191 5359 petit
3247 5294 3316 5346 ab
3365 5295 3622 5347 omnibus

2049 5378 2320 5447 pontilex,
2374 5394 2684 5448 agnoscens
2738 5390 2792 5434 et
2851 5382 2966 5449 ipse
3031 5383 3406 5451 semetipsum,
3462 5392 3514 5436 et
3551 5385 3621 5439 ad

2049 5485 2188 5538 opus
2217 5469 2359 5522 istud
2393 5480 2632 5524 tremens
2687 5486 2750 5524 ac
2801 5486 3031 5538 pavens,
3071 5472 3313 5541 illudque
3367 5475 3626 5540 apostoli-

2050 5578 2174 5616 cum
2201 5562 2297 5630 im;
2319 5561 2455 5625 lens,
2493 5580 2510 5612 ι
2548 5571 2607 5614 ut
2638 5561 3000 5616 confiteantur
3025 5563 3343 5618 alterutrum
3375 5576 3622 5633 peccata,

2052 5666 2190 5712 etut
2218 5672 2440 5711 oremus
2476 5672 2572 5725 pro
2605 5657 2862 5710 invicem.
2905 5675 2924 5707 ι
2970 5653 3089 5708 Non
3123 5658 3268 5709 enim
3302 5653 3419 5709 ﬁdit
3470 5655 3574 5711 sibi
3605 5695 3622 5722 ,

2050 5763 2174 5802 cum
2217 5747 2334 5817 ipse
2374 5763 2591 5819 quoque
2626 5751 2791 5804 homo
2826 5759 3161 5803 numeretur.
