4026 6274
469 327 597 450 ποί
1284 379 1672 442 SYMEONIS
1709 375 2473 441 THESSALONICENSIS
2511 349 2870 442 ARCHIEP:
3595 375 3711 440 732

467 499 702 565 δέραια
731 499 955 558 denotet,
978 496 1115 564 quod
1165 506 1280 563 post
1339 499 1630 566 ingressum
1663 510 1814 548 cruce
1865 495 2031 565 signet

2161 491 2249 562 ιβ’.
2279 492 2347 546 Τί
2365 493 2441 562 δη
2455 491 2551 546 λοῖ
2570 493 2638 545 τὸ
2668 491 3004 566 σφραγίσᾳι
3025 491 3185 566 μετὰΔ
3214 487 3330 558 τὴν
3359 486 3608 543 εἴσοδον
3628 489 3716 554 τῷ

777 561 1025 636 populum
1049 561 1172 620 cunt
1207 583 1354 621 cerea
1397 561 1613 636 lriplici.
1916 561 1931 565 ⁷

2184 561 2191 562 ί
2432 561 2437 562 ⁷
2586 563 2875 644 ντρικηρίῳ
2919 561 3026 614 τὸν
3069 563 3246 614 λαόν.
3302 589 3304 591 >

527 684 734 752 Signat
772 695 903 734 vero
958 679 1216 749 populum
1257 687 1572 746 postquam,
1604 678 1746 732 votis
1775 676 2036 732 sacerdo-

2209 678 2510 754 Σφραγίζει
2544 677 2599 730 δὲ
2633 677 2727 730 τὸν
2775 676 2925 738 λαὸν,
2977 675 3113 744 μετά
3146 675 3206 726 τὸ
3236 673 3423 728 λαϐεῖν
3467 675 3568 744 τὴν
3603 674 3716 728 ἀπδ

469 783 583 828 tum
615 773 951 840 imploratis.
991 771 1083 823 illa
1124 771 1516 838 impetraverit.
1575 768 1838 822 Precatur
1889 767 2035 822 enim

2161 771 2244 823 πῶν
2271 770 2462 840 ἱερέων
2487 768 2675 836 εὐχὴν,
2703 765 2994 836 εὐχόμενος
3021 765 3120 834 μὲν
3141 765 3238 818 καὶ
3263 765 3404 836 ὑπὲρ
3430 767 3524 818 τοῦ
3553 765 3715 830 λαοῦ,

471 880 571 935 pro
601 865 800 932 popqu
830 871 881 916 et
909 863 1022 931 ipse
1044 863 1288 916 omnium
1324 876 1513 930 preces
1543 859 1800 913 admittit.
1831 857 2038 923 Quaru-

2161 864 2299 916 ιὶονεὶ
2331 862 2388 914 δὲ
2418 863 2510 913 καὶ
2543 860 2705 922 αὐτὸς
2755 858 2908 932 ποιρά
2943 859 3162 911 πάντων
3206 859 3370 928 εὐχὴν
3393 856 3721 928 ἐξαιτούμε-

470 958 656 1010 obrem
692 971 819 1022 non,
853 955 1108 1008 «Domine
1137 955 1449 1018 miserere,’
1486 958 1720 1022 populus
1737 953 1888 1014 dicit,
1919 950 2035 1012 sed.

477 1067 496 1099 ι
527 1048 606 1101 Ad
635 1048 832 1100 multos
858 1061 1050 1110 annos,
1079 1047 1365 1109 Domine”
1389 1046 1544 1114 quasi
1569 1058 1765 1112 rogans
1794 1051 1849 1094 ut
1874 1042 2042 1095 felici-

403 1121 413 1129 .
472 1149 552 1191 ter
585 1138 838 1206 procedat
866 1139 919 1189 in
954 1136 1246 1202 sacriﬁcio,
1282 1146 1334 1190 et
1367 1138 1420 1188 itt
1455 1150 1518 1188 ea
1582 1133 1861 1188 iunctione
1909 1142 2041 1186 asta-

473 1240 578 1284 tent
611 1229 826 1298 longius
853 1229 1132 1282 extendat.

471 1334 558 1388 83.
597 1335 770 1398 Quare
799 1350 968 1388 sacra:
1009 1335 1147 1455 furcis
1199 1345 1316 1404 post
1373 1336 1545 1388 crucis
1596 1336 1925 1406 signaculum
1957 1351 2043 1389 oc-

1092 1422 1118 1455 ε
1141 1415 1393 1455 udamur.

1092 1415 1393 1459 cludantur.

545 1494 796 1564 Ingresso
827 1509 911 1556 eo,
942 1495 1128 1562 janute
1171 1496 1536 1561 clauduntur,
1572 1495 1718 1564 quod
1779 1494 2042 1565 mysteria

471 1587 539 1639 ab
573 1585 826 1638 omnibus
858 1585 1027 1638 videri
1060 1599 1166 1638 non
1202 1586 1416 1649 deccat,
1483 1601 1668 1639 vetum
1711 1585 1780 1640 ab
1835 1586 1903 1639 iis
1954 1599 2046 1639 so-

473 1678 580 1728 lum
613 1676 704 1745 qui
769 1677 1081 1730 sacerdotio
1135 1686 1263 1730 sunt
1318 1677 1536 1730 initiati.
1589 1677 1853 1730 Praeterea
1905 1689 2043 1744 quo-

473 1768 640 1819 modo
672 1767 810 1819 inter
839 1768 1060 1836 angelos
1107 1775 1188 1819 est
1221 1766 1378 1831 ordo,
1447 1766 1607 1835 primi
1663 1766 1808 1844 enim
1861 1766 2044 1819 divina

472 1858 716 1910 claritate
755 1858 873 1910 sine
921 1856 1094 1909 medio
1153 1856 1454 1922 fruuntur;
1505 1858 1730 1911 secundi
1779 1871 1876 1925 per
1936 1860 2045 1926 pri-

473 1963 614 2010 mos,
649 1959 701 2001 ct
732 1947 992 2016 postremi
1039 1962 1136 2016 per
1191 1948 1399 2003 medios
1438 1952 1520 2020 (ut
1551 1950 1760 2003 caelesti
1794 1949 2048 2015 prmditns

474 2039 744 2105 sapientia
769 2039 926 2091 docet
965 2037 1297 2106 Dionysius),
1333 2039 1414 2092 sic
1441 2039 1567 2092 item
1599 2041 1651 2091 in
1682 2037 1928 2094 Ecclesia
1968 2048 2050 2094 est

477 2130 679 2182 videre.
733 2126 981 2204 Pontifex
1043 2128 1188 2180 enim
1243 2128 1362 2180 sine
1436 2129 1612 2182 medio
1687 2130 1753 2184 ad
1811 2131 2048 2184 divinam

477 2234 720 2272 mensam
776 2219 1028 2272 accedit:
1102 2220 1416 2274 sacerdotes
1443 2229 1627 2274 autem
1659 2230 1715 2275 et
1765 2235 2047 2275 sacrorum

478 2310 736 2374 ministri,
769 2326 862 2378 per
900 2311 1102 2377 ipsum.
1137 2309 1238 2365 Per
1270 2313 1584 2367 sacerdotes
1626 2312 1822 2367 deinde
1852 2322 1908 2366 et
1951 2314 2052 2366 mi-

482 2403 687 2456 nistros
762 2404 814 2454 in
877 2403 1169 2456 tremendae
1203 2405 1600 2460 communionis
1659 2420 2053 2476 sacrorumque

480 2495 804 2564 hymnorum
836 2479 1150 2547 societatem
1183 2485 1418 2564 pepulus
1452 2496 1620 2551 venit.

478 2607 567 2661 84.
593 2605 767 2671 Quare
796 2617 1037 2661 sanctum
1062 2608 1313 2661 recitetur
1350 2607 1684 2678 Symbolum,
1720 2619 1771 2664 et
1813 2612 2054 2666 osculum

672 2746 677 2752 _
1086 2679 1442 2746 impertiatur.

550 2768 679 2824 Post
711 2771 936 2838 primam
964 2785 1090 2825 vero
1118 2785 1334 2839 precem
1383 2785 1544 2826 sacro
1594 2772 1853 2844 Symbolo
1883 2775 2052 2839 dicto,

488 2862 545 2915 ﬁt
577 2863 856 2926 salutatio,
884 2861 1141 2929 quoniam
1174 2877 1271 2930 per
1304 2862 1576 2916 sinceram
1609 2861 1896 2919 Trinitatis
1926 2881 2056 2919 con-

487 2956 877 3018 lessionem,et
911 2968 1077 3005 unum
1127 2952 1195 3005 de
1229 2949 1500 3007 Trinitate
1553 2954 1921 3019 incarnatum,
1976 2958 2058 3010 in-

486 3058 690 3096 ternos
721 3042 856 3094 uniti
888 3055 1100 3105 sumus,
1137 3039 1364 3110 ipsaque
1389 3039 1665 3096 confessio
1690 3058 1814 3095 cum
1847 3043 2054 3109 angelis

2140 968 2250 1013 νος.
2284 951 2373 1002 Διὸ
2403 952 2495 1003 καὶ
2525 951 2586 1002 οὐ
2616 950 2698 1014 τὸ,
2735 968 2755 1000 ‹
2775 950 2948 1019 Κύριε
2984 949 3229 1017 ἐλέησον,
3263 968 3282 1000 ι
3321 950 3483 1018 φησιν
3511 951 3539 1000 ὁ
3563 948 3717 1014 λαδς,

2141 1043 2257 1098 ἀλλ’
2307 1061 2326 1092 ο
2366 1043 2458 1106 Et;
2510 1042 2683 1096 πολλὰ
2735 1041 2852 1111 ἐτη,
2897 1043 3170 1104 Δέσποτα,
3211 1063 3229 1092 ι
3274 1042 3559 1111 ιύχὸμενοὶ
3597 1059 3721 1104 πως

2141 1138 2470 1205 εὐοδωθῆναι
2497 1137 2686 1190 τοῦτον
2717 1139 2774 1190 ἐν
2826 1139 2893 1208 τῇ
2945 1136 3252 1207 ἱερουργίᾳ,
3302 1138 3398 1189 καὶ
3442 1136 3722 1206 διαμένειν

2144 1228 2492 1298 ἱερατεύοντα
2526 1229 2619 1280 ἐπὶ
2654 1227 2812 1280 πολύ.

2143 1347 2256 1410 πγι.
2285 1342 2448 1394 Atat!
2480 1340 2784 1394 κλείονται
2806 1338 2958 1464 λῦετὰ
2998 1338 3062 1390 τὸ
3090 1337 3426 1408 σφραγίσαι
3469 1336 3540 1390 τὰ
3571 1337 3725 1408 ἅγια

2879 1425 3032 1464 υοια.

2879 1425 3032 1478 υρια.

2218 1502 2567 1564 Εἱσελθὸντος
2589 1502 2645 1554 δὲ
2669 1502 2942 1555 κλείονται
2969 1504 3023 1554 αἱ
3055 1500 3241 1571 θύραι,
3270 1500 3350 1552 ὅτι
3379 1500 3440 1552 οὗ
3469 1501 3580 1562 τοῖς
3607 1501 3707 1552 πᾶ·

2148 1615 2233 1650 σιν
2282 1596 2512 1666 ὁρᾶσθαι
2562 1594 2711 1657 ἀξιον
2757 1593 2826 1646 τὰ
2877 1592 3179 1662 μυστήρια,
3221 1591 3358 1643 ἀλλὰ
3397 1591 3576 1659 μόνοις
3608 1594 3725 1653 τοῖς

2147 1691 2248 1758 τῆς
2284 1669 2589 1758 ἱερωσύνης
2622 1687 2887 1756 ἐνεργοῖς.
2925 1684 3087 1736 Ἀλλὰ
3116 1683 3212 1736 καὶ
3237 1684 3312 1745 ὡς
3340 1682 3498 1748 τάξις
3525 1685 3580 1734 ὲν
3612 1685 3724 1744 τοῖς

2149 1781 2426 1849 ἀγγέλοις,
2472 1779 2567 1832 καὶ
2617 1778 2727 1845 γὰρ
2780 1778 3004 1845 ἀμέσως
3059 1778 3238 1828 ἐκεῖσε
3273 1777 3324 1827 οἱ
3360 1774 3569 1844 πρῶτοι
3622 1774 3724 1841 μὲν

2151 1875 2244 1927 τοῦ
2307 1874 2454 1926 θείου
2511 1872 2796 1942 μετέχουσι
2835 1870 3032 1935 φωτὸς,
3059 1870 3109 1921 οἱ
3139 1868 3384 1937 δεύτεροι
3413 1866 3468 1918 δὲ
3499 1867 3586 1918 διὰ
3615 1866 3724 1916 τῶν

2147 1964 2403 2032 πρώτων,
2428 1962 2525 2014 καὶ
2551 1963 2601 2014 οἱ
2622 1960 2923 2013 τελευταῖοι
2946 1959 3034 2011 διὰ
3057 1958 3166 2028 τῶν
3190 1959 3391 2027 μέσων,
3416 1956 3492 2018 ὡς
3512 1957 3538 2007 ὸ
3565 1957 3728 2022 σοφδς

2149 2057 2216 2106 τὰ
2249 2054 2366 2106 θεῖα
2401 2052 2536 2120 φησὶ
2571 2052 2868 2114 Διονύσιος,
2901 2049 3045 2103 οὕτω
3091 2050 3185 2103 καὶ
3215 2051 3273 2101 ἐν
3321 2050 3388 2118 τῇ
3429 2046 3726 2116 Ἐκκλησία

2149 2145 2299 2198 ἔστιν
2332 2145 2481 2200 ἱδεὶν.
2533 2142 2594 2195 Ὀ
2637 2143 2736 2212 μὲν
2777 2142 2885 2211 γάρ
2939 2143 3203 2210 ἱεράρχης
3257 2138 3478 2208 ἀμέσως
3506 2139 3573 2208 τῇ
3610 2139 3732 2208 ἱερᾷ

2151 2237 2508 2312 προσεγγίζει
2537 2235 2814 2305 τραπέζῃ,
2857 2236 2907 2286 οἱ
2941 2235 2998 2286 δέ
3053 2250 3116 2300 γε
3166 2233 3331 2301 ἱερεῖς
3361 2234 3458 2284 καὶ
3488 2232 3732 2300 λειτουρ-

2153 2329 2240 2397 γοὶ
2271 2328 2341 2380 δι’
2385 2325 2578 2380 αὐτοῦ.
2629 2327 2728 2380 Διά
2773 2326 2832 2378 δὲ
2881 2325 2990 2377 τῶν
3026 2324 3217 2392 ἱερέων
3271 2323 3367 2376 καὶ
3392 2321 3733 2389 λειτουργῶν

2151 2417 2251 2485 τῆς
2282 2416 2517 2484 φρικτῆς
2553 2412 2840 2487 κοινωνίας
2894 2414 2988 2466 καὶ
3016 2414 3123 2466 τῶν
3161 2413 3322 2480 ἱερῶν
3351 2411 3536 2482 ὕμνων
3563 2412 3612 2463 οἱ
3637 2411 3732 2462 τοῦ

2152 2507 2280 2562 λαοῦ
2313 2509 2626 2577 μετέχουσι.

2153 2621 2259 2677 πδ’.
2285 2621 2446 2674 Δίατί
2471 2621 2534 2674 τὸ
2572 2621 2734 2688 ἱερὸν
2755 2617 2991 2687 λέγεται
3024 2618 3336 2684 Σύμϐολον
3353 2616 3453 2670 καὶ
3478 2618 3512 2671 ό
3536 2617 3735 2671 ἀσπα-

2723 2689 2880 2758 σμὸς
2935 2690 3185 2757 γίνεται.

2227 2785 2384 2840 Μετά
2406 2784 2460 2836 δὲ
2499 2784 2597 2854 τὴν
2628 2781 2852 2852 πρώτην
2885 2780 3076 2849 εὐχὴν,
3116 2779 3210 2831 τοῦ
3258 2777 3405 2849 ἱεροῦ
3437 2777 3734 2845 λεγομένου

2155 2873 2458 2939 Συμϐόλου,
2495 2873 2523 2922 ὁ
2554 2870 2846 2937 ἀσπασμὸς
2893 2869 3126 2936 γίνεται,
3153 2868 3234 2920 ὅτι
3287 2867 3376 2920 διὰ
3419 2867 3517 2936 τῆς
3567 2865 3735 2934 ὀρθῆς

2158 2964 2295 3034 πρὸς
2327 2963 2426 3033 τὴν
2455 2961 2658 3033 Τριὰδα
2693 2961 2988 3028 ὁμολογίας
3020 2961 3114 3012 καὶ
3165 2958 3256 3012 τδν
3304 2959 3400 3011 ἕνα
3435 2958 3536 3027 τῆς
3567 2958 3738 3026 Τριά-

2157 3055 2242 3116 δος
2288 3053 2712 3122 σεσαρκωμένον
2749 3054 2882 3122 ἡμῖν
2906 3052 2940 3120 ἡ
2967 3051 3162 3112 ἒιωσις
3197 3050 3414 3118 γέγονε.
3448 3049 3560 3101 Καὶ
3591 3046 3735 3117 αὕτη

489 3151 587 3188 nos
614 3135 968 3187 consociavit.
1009 3133 1070 3185 Et
1099 3135 1226 3202 quia
1257 3133 1481 3202 diligere
1503 3134 1764 3188 debemus
1795 3135 2053 3198 invicem,

2161 3148 2194 3214 ἡ
2229 3146 2490 3212 ὁμολογία
2515 3147 2548 3215 ὴ
2579 3147 2691 3207 τοῖς
2727 3145 2982 3212 ἀγγέλοις
3008 3143 3154 3211 ἡμᾶς
3210 3141 3481 3205 ὲνὼσασα,
3515 3143 3608 3193 καὶ
3651 3141 3739 3192 ὅτι

487 3228 707 3294 quando
748 3237 800 3282 et
835 3226 1084 3281 (Sinistus
1136 3241 1228 3294 per
1255 3227 1574 3280 charitatem
1611 3243 1727 3296 pro
1785 3228 2058 3281 sacrilieio

488 3321 704 3373 oblatus
765 3329 886 3372 est:
937 3329 990 3372 et
1045 3319 1579 3371 communicaturum
1617 3319 1692 3370 illi
1747 3321 1826 3370 ira
1863 3334 2059 3372 vacan-

491 3421 597 3462 tem
633 3425 752 3465 esse
783 3417 1016 3476 oportet.
1052 3407 1118 3460 Et
1171 3410 1296 3476 quia
1359 3409 1412 3460 in
1470 3407 1654 3479 futura
1687 3410 1809 3474 _vita
1868 3425 2060 3464 omnes

494 3501 678 3564 amici,
710 3501 891 3554 nullus
923 3500 995 3552 ibi
1031 3499 1288 3552 inimicus
1339 3498 1446 3565 erit
1475 3514 1489 3551 :
1544 3500 1733 3568 procul
1766 3501 1906 3553 enim
1955 3504 2060 3556 ini-

470 3593 617 3651 ,ntici
644 3591 768 3642 inde
805 3589 1113 3657 e,icientur.

493 3701 581 3757 85.
612 3701 789 3767 Quare
811 3702 998 3775 dicina
1020 3701 1396 3775 donaobtecla
1425 3711 1676 3756 maneant
1714 3707 1877 3759 donec
1902 3703 2062 3775 Sym-

914 3773 1091 3826 bolum
1128 3773 1422 3825 absolutum
1452 3774 1637 3840 fuerit.

562 3867 789 3920 Sacrum
821 3880 946 3920 vero
967 3869 1145 3918 velum
1177 3881 1341 3934 super
1362 3866 1520 3920 donis
1548 3867 1720 3922 donec
1743 3867 2059 3938 Symbolum

495 3958 830 4027 compleatur
870 3967 1052 4011 tenent
1078 3998 1093 4024 ,
1145 3958 1402 4026 quoniam
1436 3959 1619 4011 omnia
1653 3960 1722 4013 de
1765 3958 1895 4013 Jesu
1924 3977 2058 4028 pure
2100 3955 2105 3959 ”

491 4051 738 4103 conliteri
771 4058 1026 4118 Oportet:
1061 4064 1125 4103 ac
1160 4049 1235 4102 ita
1264 4049 1484 4102 demum
1518 4049 1636 4104 sine
1690 4051 2062 4120 integumento

496 4144 669 4208 ipsum
699 4143 896 4194 intueri
953 4142 1230 4194 convenit.
1263 4140 1394 4194 Post
1433 4141 1546 4194 haec
1585 4139 1830 4209 pont.t‘ex
1892 4145 2063 4197 sacri-

500 4239 666 4287 licans
699 4233 856 4288 altari
891 4244 1048 4299 astat,
1081 4243 1134 4287 et
1183 4233 1363 4286 divina
1395 4233 1625 4289 laudans
1679 4250 1845 4304 opera
1889 4245 2055 4306 atque

500 4343 595 4397 pro
628 4328 883 4382 otuuibus
945 4327 1148 4394 gratias
1193 4340 1361 4394 agens
1415 4327 1483 4380 ad
1540 4326 1899 4395 arehangelos
1959 4344 2056 4398 ag-

496 4430 771 4489 gregatur.

498 4536 586 4588 δϋ.
613 4533 887 4599 Quomodo
922 4531 1192 4603 Trisagius
1218 4532 1440 4602 hymnus
1473 4539 1615 4587 intra
1655 4544 1705 4588 et
1734 4546 1886 4590 extra
1917 4552 2065 4591 oema

1111 4604 1376 4657 deCaulelu
1389 4621 1434 4657 r.

575 4697 918 4752 Victorialem
971 4713 1096 4752 cum
1153 4697 1222 4751 iis
1275 4697 1536 4766 hytnnutn
1573 4699 1860 4764 acclautat,
1907 4699 2068 4753 San-

502 4805 636 4856 ctus,
660 4803 898 4856 sanctus,
932 4801 1172 4857 sanctus,
1205 4805 1364 4859 quem
1418 4792 1580 4844 etiam
1628 4794 1862 4861 populus
1904 4777 2066 4847 cantu

503 4894 555 4936 ct
579 4885 814 4936 clamore
867 4884 1090 4950 excipit,
1131 4883 1483 4951 ostenditque
1533 4884 1584 4936 in
1641 4885 1825 4938 futuro
1871 4893 2071 4940 sreculo

503 4975 766 5043 aequalem
831 4988 931 5026 nos
974 4974 1187 5026 laudem
1237 4989 1358 5025 cum
1405 4974 1610 5042 angelis
1664 4978 2066 5041 persolttturos,

504 5083 558 5123 ct
590 5068 843 5121 unionem
871 5080 992 5117 cum
1049 5061 1158 5117 illis
1199 5065 1507 5117 habituros.
1571 5064 1776 5119 Deinde
1827 5069 2071 5136 pontifex

508 5165 726 5216 laudato
761 5159 1073 5212 divinorum
1095 5171 1330 5225 poperum
1364 5157 1609 5210 omnium
1648 5163 1908 5227 maximo,
1942 5160 2070 5215 Uni-

507 5254 669 5324 geuiti
746 5251 1161 5316 incarnatione,
1239 5262 1572 5317 rursumque
1653 5253 2074 5319 praeclarissimo

509 5361 671 5416 opere
701 5345 1129 5414 dispensationis
1159 5341 1303 5412 ejus.
1333 5352 1507 5396 morte
1530 5343 1739 5398 scilicet
1777 5362 1872 5414 pro
1916 5347 2076 5402 nobis

507 5438 768 5507 appetita,
800 5439 866 5491 ad
901 5437 1187 5491 recoleuda
1217 5436 1473 5506 mysteria
1509 5438 1877 5506 progreditur,
1914 5452 1966 5494 et
2009 5443 2075 5494 ad

507 5541 693 5586 sancta
727 5529 910 5591 verba,
953 5542 1073 5596 quae
1126 5525 1378 5581 Salvator
1419 5527 1534 5596 ipse
1570 5529 1889 5585 saeriiicaus
1947 5546 2076 5600 pro-

507 5624 652 5688 tulit,
673 5621 817 5676 clare
842 5621 1164 5690 pronuntiat
1189 5637 1204 5674 :
1231 5639 1249 5671 ι
1275 5621 1538 5691 Accipite,
1561 5625 1850 5688 (-mnedite,
1873 5624 1976 5678 hoc
1996 5634 2080 5679 est

507 5725 709 5778 corpus
736 5726 917 5763 meum
946 5728 959 5775 ;
988 5730 1006 5762 ›
1030 5721 1084 5766 et
1116 5729 1130 5766 :
1157 5730 1176 5764 ι
1207 5711 1379 5767 Bibitc
1413 5730 1475 5767 ex
1505 5715 1608 5767 ltoc
1631 5729 1841 5779 omnes,
1880 5715 1965 5768 hic
1997 5727 2079 5769 est

508 5800 652 5854 enim
684 5803 908 5872 sanguis
947 5818 1121 5870 meus,
1157 5823 1174 5856 ι
1201 5813 1306 5860 etc.
1342 5805 1689 5861 Posttuodum
1715 5806 1904 5876 gratiis
1937 5809 2074 5862 actis

2159 3239 2382 3308 ἀγαπᾷν
2431 3237 2701 3306 ἀλλήλους
2750 3238 2879 3306 χρὴ,
2907 3237 2990 3288 ὅτι
3025 3235 3119 3288 καὶ
3154 3236 3390 3303 Χριστὸς
3415 3235 3484 3287 δι’
3513 3235 3740 3301 ἀγάπην

2165 3329 2496 3398 ἱερουργήθη
2527 3343 2542 3358 ο
2579 3328 2673 3380 καὶ
2698 3327 2791 3379 τὸν
2836 3327 3104 3394 μέλλοντα
3154 3327 3434 3380 κοινωνεῖν
3462 3325 3650 3393 αὑτοῦ,
3675 3325 3739 3378 οὗ

2165 3420 2305 3490 μετά
2352 3420 2570 3489 μήνιδος
2621 3418 2702 3471 δεῖ
2739 3418 3138 3488 παρίστασθαι.
3170 3419 3284 3472 Καὶ⁵
3332 3417 3416 3469 ὅτι
3445 3417 3648 3478 πάντες
3679 3417 3739 3468 ὲν

2161 3513 2238 3582 τῷ
2272 3512 2519 3581 μέλλοντι
2554 3511 2718 3580 φίλοι,
2750 3510 2846 3563 καὶ
2872 3509 3048 3572 οὐδεὶς
3070 3509 3251 3560 ἐκεῖσε
3284 3506 3498 3579 ἐχθρός.
3529 3506 3594 3558 Οἱ
3624 3508 3738 3576 γὰρ

2161 3606 2346 3676 ἐχθροὶ
2377 3607 2566 3677 πόρρω
2596 3605 2909 3675 βέϐληνται.
3587 3631 3591 3635 «

2164 3727 2267 3775 πε’.
2305 3721 2469 3774 Διατί
2488 3720 2665 3788 μέχρι
2699 3719 2808 3773 τοῦ
2836 3718 3200 3786 τελεσθῆναι
3228 3717 3295 3772 τὸ
3325 3717 3639 3787 Σίνμϐολον
3668 3715 3744 3769 τὰ

2518 3790 2645 3843 θεῖα
2672 3790 2829 3856 δῶρα
2858 3791 3386 3858 περικαλύπτεται.

2234 3877 2513 3946 Κρατοῦσι
2561 3879 2619 3930 δὲ
2667 3880 2730 3931 τὸ
2782 3879 2926 3948 ἱερὸν
2959 3879 3224 3948 κάλυμμα
3253 3879 3344 3930 ἐπὶ
3375 3878 3486 3931 τῶν
3524 3878 3736 3948 δώρων,

2163 3971 2268 4034 ἓως
2294 3973 2357 4024 ἂν
2379 3973 2438 4024 τὸ
2466 3969 2608 4040 ἱερὸν
2631 3971 2964 4041 ἐκπληρωθῇ
2992 3971 3292 4041 Σύμϐολον,
3321 3973 3404 4025 ὅτι
3429 3972 3534 4043 χρὴ
3559 3972 3740 4026 πάντα

2164 4067 2230 4118 τὰ
2262 4049 2510 4136 περὶτοῦ
2556 4065 2729 4134 Ἰησοῦ
2775 4066 3032 4135 καθαρῶς
3074 4065 3503 4136 ἀνομολογῆσαι,
3525 4069 3619 4120 καὶ
3644 4066 3732 4120 οὖα

2164 4173 2271 4219 τως
2317 4156 2778 4226 ἁπερικαλύπτως
2827 4157 2956 4210 ἱδεῖν
2989 4157 3173 4212 αὐτόν.
3229 4159 3384 4211 Μετὰ
3432 4158 3606 4210 ταῦτα
3641 4162 3742 4228 μὲν

2165 4245 2260 4302 οὖν
2292 4251 2319 4301 ὁ
2354 4250 2617 4318 ἱεραρχης
2665 4248 2971 4318 ἱερουργῶν
3013 4249 3367 4317 παρίσταται,
3401 4249 3500 4301 καὶ
3527 4251 3596 4302 τὰ
3621 4251 3740 4303 θεῖα

2166 4341 2419 4410 ἀνυμνῶν
2451 4341 2609 4410 ἔργα,
2653 4341 2748 4393 καὶ
2792 4341 2931 4409 ὑπὲρ
2960 4342 3175 4395 πάντων
3207 4342 3571 4411 εὐχαριστῶν,
3605 4346 3742 4413 μετά

2169 4433 2279 4486 τῶν
2314 4435 2382 4504 ἀρ
2387 4433 2672 4502 χαγγέλων
2701 4433 2938 4488 ἑνοῦται.
3612 4449 3616 4452 ’

2172 4554 2292 4612 σις’.
2327 4546 2457 4622 Πῶς
2489 4551 2521 4601 ό
2561 4547 2874 4622 Τρισάγιος
2918 4549 3111 4622 ﬁlia-oc
3165 4549 3369 4616 ᾅδεται
3415 4549 3646 4605 ἕσωθέν
3680 4567 3744 4604 το

2775 4621 2871 4671 καὶ
2907 4619 3151 4683 ἔξωθεν.
3709 4647 3713 4654 ι

2243 4710 2352 4762 Καὶ
2384 4709 2474 4762 τὸν
2522 4710 2788 4762 ἐπινίκιον
2843 4711 3141 4782 ἀνακράζει
3184 4713 3280 4765 σὺν
3328 4716 3517 4778 αὐτοῖς
3554 4716 3742 4786 ὕμνον,

2171 4799 2254 4866 τὸ,
2294 4800 2538 4866 «Ἄγιος,
2583 4801 2760 4866 ἅγιος,
2797 4802 2972 4868 ἅγιος.
3005 4820 3026 4852 ι
3084 4801 3256 4855 Τοῦτο
3309 4806 3402 4858 καὶ
3433 4807 3462 4858 ὁ
3496 4805 3624 4869 λαὸς
3655 4808 3748 4858 ὲκ-

2177 4892 2293 4961 βοᾷ,
2327 4891 2540 4954 δεικνὺς
2571 4891 2669 4961 τὴν
2705 4895 2760 4944 ὲν
2796 4892 2872 4962 τῷ
2906 4894 3154 4961 μέλλοντι
3192 4897 3315 4962 ἴσην
3351 4898 3558 4950 αῖνεσιν
3588 4899 3744 4968 ἡμῶν

2178 4983 2314 5053 μετά
2344 4985 2449 5036 τῶν
2480 4984 2747 5050 ἀγγέλων,
2775 4987 2867 5038 καὶ
2891 4988 2988 5056 τὴν
3019 4987 3137 5055 μετ’
3163 4988 3341 5041 αὐτῶν
3369 4988 3587 5046 ἕνωσιν.
3611 4987 3742 5044 Εἶτα

2175 5076 2234 5126 τὸ
2267 5076 2520 5144 μέγιστον
2551 5076 2769 5128 πάντων
2798 5076 2908 5128 τῶν
2935 5077 3113 5143 ἔργων
3140 5076 3236 5130 τοῦ
3263 5078 3746 5150 Θεοῦ-ἁνυμνήσας

2175 5171 2202 5220 ὁ
2230 5168 2509 5236 ἱεράρχης,
2534 5167 2630 5234 τὴν
2679 5166 2771 5218 τοῦ
2817 5168 3156 5235 Μονογενοῦς
3186 5171 3620 5241 ἐνανθρώπησιν,
3654 5175 3746 5226 καὶ

2175 5261 2236 5312 τὸ
2271 5261 2527 5328 μέγιστον
2559 5257 2722 5312 πάλιν
2753 5259 2915 5326 ἔργον
2943 5259 3041 5327 τῆς
3091 5261 3406 5331 οἰκονομίας
3437 5264 3625 5328 αὑτοῦ,
3655 5265 3746 5316 τὸν

2179 5349 2321 5420 ὑπὲρ
2356 5348 2513 5418 ἡμῶν
2545 5348 2795 5413 θάνατον,
2817 5351 3026 5418 εἱςγτὴν
3059 5351 3365 5420 ἀνάμνησιν
3393 5354 3502 5406 τῶν
3535 5370 3747 5422 μυστη·

2181 5441 2311 5512 ρίων
2348 5441 2535 5510 χωρεῖ.
2570 5440 2679 5492 Καὶ
2705 5441 2831 5504 τοὺς
2866 5443 3049 5510 ἱεροὺς
3085 5443 3385 5510 ἀνακρ⁸άςει
3409 5445 3624 5513 λόγους,
3654 5443 3747 5508 οὓς

2181 5530 2333 5586 εἶπεν
2367 5535 2528 5595 αὐτὸς
2574 5534 2878 5603 ἱερουργῶν
2908 5535 2936 5591 ὁ
2971 5535 3184 5605 Σωτὴρ,
3209 5553 3228 5586 ι
3259 5537 3492 5601 Λάϐετε,
3520 5537 3744 5604 φάγετε,

2181 5623 2336 5676 τοῦτό
2376 5625 2493 5675 ἐστι
2540 5627 2600 5675 τὸ
2637 5625 2796 5689 σῶμα
2835 5641 2938 5694 μου
2971 5642 2986 5657 ο
3024 5643 3042 5674 ι
3093 5630 3205 5691 καὶ,
3246 5646 3264 5678 ι
3309 5629 3462 5680 Πίετε
3494 5627 3553 5691 ἐξ
3583 5626 3750 5680 αὑτοῦ

2183 5715 2405 5778 πάντες,
2436 5714 2594 5767 τοῦτὸ
2639 5718 2754 5768 ἐστι
2805 5717 2863 5768 τὸ
2910 5714 3049 5787 αἷμά
3085 5735 3212 5786 μου,
3246 5738 3264 5769 ι
3298 5722 3392 5772 καὶ
3422 5720 3490 5772 τά
3524 5718 3750 5788 ἐφεξῆς.

2187 5809 2418 5861 Ἔπειτα
2449 5808 2589 5877 ὑπὲρ
2625 5807 2845 5862 πάντων
2875 5809 3298 5882 εὐχαριστήσας,
3322 5813 3415 5866 καὶ
3445 5813 3586 5881 ὑπὲρ
3612 5810 3751 5876 πάντ
