4068 6280
422 421 530 484 733

1406 427 1826 489 EXPOSITIO
1873 427 1970 487 DE
2014 424 2283 489 DIVINO
2314 425 2640 499 TEMPLO.

3570 420 3677 485 ’134

421 552 533 587 των
571 536 639 588 τὰ
671 535 816 605 δῶρα
873 539 1264 608 προσαγαγὼν,
1295 541 1394 610 τὴν
1441 544 1592 595 θείαν
1644 543 1988 596 ἐπικαλεῖται
2020 581 2026 595 ι

2136 556 2192 591 ro
2233 541 2510 604 omnibus,
2543 539 2814 609 donisque
2840 537 3004 593 etiam
3035 535 3236 592 oblatis
3269 551 3366 606 pro
3387 537 3668 602 omnibus,

434 631 514 689 είς
543 628 732 680 ἑαυτὸν
758 629 850 682 καὶ
876 630 942 682 τὰ
967 631 1306 702 προκείμενα
1330 633 1479 704 δῶρα
1511 637 1677 706 χάριν
1705 637 1800 689 τοῦ
1836 637 2004 690 Ilvati-

431 735 597 788 ματος
626 737 642 754 ο
663 720 733 772 δι’
754 715 822 790 ἦς
849 722 942 775 καὶ
964 723 1134 776 ταῦτα
1159 724 1454 790 τετελεκὼς
1481 728 1741 796 σφραγῖδι
1767 728 2001 798 σταυροῦ

346 827 358 847 -
432 810 528 862 καὶ
553 811 718 882 285
739 813 1031 882 ἐπικλήσει
1053 815 1145 867 τοῦ
1166 816 1505 885 Πνεύματος,
1531 822 1624 872 τὸν
1647 820 1825 882 ζῶντα
1843 822 2006 884 εὐθὺς

432 899 620 968 βλέπει
645 904 1006 974 προκείμενον
1040 908 1273 975 Ἰησοῦν,
1292 909 1385 960 καὶ
1403 909 1598 964 τοῦτον
1615 912 1776 965 αὐτὸν
1793 913 2007 982 ἀληθῶς

435 995 569 1047 ὅντα
594 994 884 1065 τδνοᾶρτον
923 998 1019 1050 καὶ
1053 998 1114 1050 τὸ
1147 1001 1428 1069 ποτήριον.
1479 1001 1656 1055 Αὑτοῦ
1683 1004 1792 1074 γὰρ
1821 1005 1952 1057 αὐτὸ
1980 983 2015 1059 ὀί

431 1086 593 1149 ἄρτος
627 1087 687 1140 τὸ
719 1089 899 1156 σῶμα,
935 1091 1029 1143 καὶ
1079 1091 1244 1144 αὑτοῦ
1277 1093 1408 1145 αὐτὸ
1442 1095 1500 1145 τὸ
1547 1096 1604 1146 ἐν
1633 1094 1710 1164 τῷ
1759 1097 2009 1166 ποτηρίῳ

431 1172 574 1247 αἷμα
604 1181 698 1233 καὶ
721 1181 784 1232 τὸ
809 1185 1162 1252 παγκόσμιον
1187 1184 1354 1254 θῦμα,
1378 1186 1471 1238 καὶ
1497 1186 1558 1238 τὸ
1588 1187 1767 1240 κοινὸν
1793 1188 2010 1258 ἱλαστή-

436 1288 572 1339 ριον,
603 1273 698 1326 καὶ
719 1275 751 1345 ἡ
773 1272 922 1338 ζῶσα
941 1277 1144 1347 τρυφὴ,
1163 1278 1257 1330 καὶ
1283 1279 1314 1347 ἡ
1336 1279 1642 1349 ἀπέραντος
1671 1282 2006 1350 εὐφροσύνη,

433 1364 587 1432 καὶὴ
629 1365 877 1434 βασιλεία
907 1367 1015 1420 τῶν
1061 1369 1334 1439 οὐρανῶν,
1381 1373 1474 1424 καὶ
1509 1375 1569 1426 τὸ
1625 1373 1786 1443 μόνον
1839 1375 2010 1438 ὄντως

430 1457 661 1524 ἀγαθὸν,
695 1459 983 1528 πρόκειται
1017 1463 1130 1524 τοῖς
1160 1463 1328 1515 πᾶσιν
1383 1465 1440 1516 ἐν
1493 1467 1559 1534 τῇ
1592 1465 1710 1536 θείᾳ
1737 1468 2007 1537 τραπέζῃ.

431 1550 524 1602 Διδ
552 1549 645 1602 καὶ
677 1551 816 1619 ὑπὲρ
852 1553 1070 1606 πάντων
1105 1556 1133 1607 ὀ
1168 1555 1430 1625 ίεράρχης
1486 1556 1832 1627 θαρρούντως
1860 1558 2012 1628 εὔχε-

432 1659 548 1694 ται.
579 1643 789 1713 Θαρῤεί
819 1645 951 1712 γὰρ,
993 1644 1086 1697 τὸν
1138 1647 1523 1718 φιλάνθρωπον
1558 1650 1653 1702 καὶ
1687 1650 2010 1714 ἀνεξίκακον

432 1733 684 1801 καθορῶν
717 1737 1082 1803 προκείμενον
1134 1739 1456 1808 τεθυμένον,
1493 1741 1587 1794 καὶ
1635 1743 1885 1811 ἀνυμνεῖ,
1917 1745 2012 1796 καὶ

433 1822 577 1892 ὑπὲρ
639 1824 894 1877 ἁπάντων
945 1826 1266 1892 ὲξαιτεῖται,
1323 1833 1419 1883 καὶ
1502 1832 1610 1887 τῶν
1662 1833 2010 1887 ἀπελθόντων

433 1913 604 1981 ἁγίων
644 1915 944 1985 μέμνηταις

441 2203 547 2269 πξ.
567 2208 748 2291 ,Διατξ
778 2207 884 2289 καί
913 2196 1032 2291 τῶν
1055 2179 1367 2291 artem:ng
1397 2213 1512 2280 τῆς
1544 2215 1848 2291 ,παγᾳγίας
1874 2218 2015 2270 Θεο-

512 2277 694 2332 τόδιου
715 2277 785 2332 ἐν
809 2278 884 2348 τῇ
908 2277 1210 2351 ἱερουργίᾳ
1231 2285 1264 2336 d
1291 2277 1606 2351 ἀρχιερεὺς
1624 2277 1939 2355 μέμνηται.

528 2458 858 2528 Ἐξαιρέτως
904 2459 962 2512 δὲ
1011 2461 1111 2531 τῆς
1145 2461 1337 2516 τοῦτον
1372 2463 1724 2533 παρθενικῶς
1753 2466 2018 2534 τεκούσης

445 2550 784 2620 Θεομήτορος
815 2551 986 2622 κόρης
1009 2593 1024 2617 ,
1085 2554 1383 2622 μαρτυρῶν
1412 2557 1517 2607 κάν
1561 2555 1867 2624 τούτῳ,·ώς
1907 2559 2020 2620 τοῖς

446 2642 622 2709 ἁγίοις
654 2642 964 2711 ἠνώθημεν,
1021 2645 1116 2696 καὶ
1165 2644 1253 2696 διὰ
1289 2643 1382 2696 τοῦ
1413 2645 1655 2714 θύματος
1687 2648 1877 2701 τούτου
1908 2667 2020 2702 κοι-

450 2734 610 2786 νωνοὶ
644 2733 868 2787 ἐκείνων
899 2737 1086 2806 ἐσμὲν,
1114 2738 1208 2790 καὶ
1237 2737 1317 2790 ὅτι
1353 2740 1670 2810 παρρησίαν
1705 2734 1850 2796 οὗτοι
1883 2742 2022 2812 πρὸς

448 2827 545 2878 τὸν
583 2826 846 2894 φιλοῦντα
871 2830 963 2880 καὶ
991 2829 1316 2900 φιλούμενον
1355 2829 1593 2901 ἔχοντες,
1632 2834 1874 2904 ἰσχύουσι
1929 2839 2023 2891 καὶ

444 2919 594 2989 ἡμᾶς
619 2920 772 2989 αὐτῷ
801 2922 1140 2988 καταλλάξαι
1171 2941 1231 2976 τε
1269 2925 1363 2977 καὶ
1389 2924 1616 2980 ἑνῶσαι.

449 3030 563 3097 κη’.
607 3034 975 3108 Ἀπάγτησςις
1016 3037 1169 3108 κατὰ
1208 3038 1330 3090 τῶν
1373 3039 1763 3108 ,βλασφήηως
1814 3043 2026 3108 λεγόν-

517 3119 656 3226 sorr,
685 3105 916 3227 gtbcr-ﬁ
947 3105 1102 3175 εὐχῇ
1139 3110 1506 3179 πιστεύομεν
1537 3105 1917 3166 τελειοῗσθαι
1954 3118 2025 3168 τὰ

555 3190 648 3226 sta
723 3190 866 3227 ωοα.

555 3190 648 3226 εια
685 3190 866 3241 οωρα.

454 3373 514 3424 ὲν
559 3375 623 3443 τῇ
680 3377 965 3445 ἐπικλήσει
1006 3379 1102 3432 τοῦ
1143 3380 1458 3448 Πνεύματος
1505 3385 1596 3437 καὶ
1641 3388 1706 3456 τῇ
1749 3388 2026 3444 τελειώσει

453 3461 566 3517 τῶν
611 3463 801 3533 δώρων
834 3460 943 3520 οἷον
975 3467 1381 3538 διαποροῦντες,
1435 3473 1636 3541 μᾶλλον
1667 3475 1722 3527 δὲ
1769 3478 2026 3533 ἀνθιστά-

458 3574 610 3628 μενοι
657 3561 773 3622 τοῖς
802 3560 1266 3629 παραδεδομένοις
1296 3561 1400 3615 ὑπό
1430 3581 1490 3617 τε
1519 3566 1612 3618 τοῦ
1644 3567 1797 3638 Σωτῆ
1810 3586 1899 3637 ρος
1935 3573 2028 3626 καὶ

458 3649 568 3704 τῶν
597 3651 911 3705 ἀποστόλων
940 3652 1127 3716 αὑτοῦ,
1162 3653 1241 3707 ἐτι
1270 3672 1329 3707 τε
1357 3659 1452 3710 καὶ
1477 3658 1587 3712 τῶν
1621 3660 1878 3731 διαδόχων
1907 3664 2029 3717 τού-

458 3759 566 3793 τὐν
624 3743 898 3811 θεοφόρων
946 3747 1236 3815 Πατέρων,
1291 3749 1698 3818 φιλονεικοῦσι,
1754 3753 2027 3820 λέγοντες,

463 3833 580 3897 πῶς
611 3835 710 3888 ούκ
743 3837 1066 3907 ἀρκούμεθα
1095 3842 1207 3902 τοῖς
1239 3844 1524 3910 κυριακοϊς
1566 3847 1752 3910 μόνοις
1791 3829 2030 3917 ῥήμασιν

460 3926 556 3978 ἐπὶ
586 3928 651 3996 τῇ
681 3927 960 3981 τελειώσει
990 3931 1100 3983 τῶν
1128 3931 1290 3985 Θείων
1319 3933 1508 4002 δώρων
1533 3975 1550 3998 ,
1603 3936 1738 3989 ἀλλὰ
1784 3941 1848 4008 τῇ
1899 3939 2029 4010 εὐχῇ

457 4017 771 4087 θαρροῦμεν
829 4019 1022 4091 ἡμῶν;
1104 4023 1265 4076 Οὗτοι
1319 4024 1414 4078 οῦν
1483 4028 1583 4098 τήν
1629 4046 1690 4080 τε
1744 4031 2031 4101 ἐπίκλησιν

463 4109 715 4163 ἁθετοῦσι
745 4113 1036 4182 τολμηρῶς
1067 4116 1163 4168 καὶ
1201 4115 1539 4186 βλασφήμως
1570 4117 1661 4172 τοῦ
1687 4120 1829 4172 θείου
1865 4121 2033 4175 Πνεύ-

463 4218 655 4270 ματος,
686 4202 781 4256 καὶ
808 4203 907 4274 τὴν
925 4203 1090 4258 αὐτοῦ
1120 4206 1485 4275 ἀπαρνοῦνται
1511 4208 1636 4278 (φεῦ
1659 4209 1696 4281 !)
1716 4207 1943 4280 δύναμίν
1972 4230 2031 4266 τε

459 4294 554 4348 καὶ
600 4296 904 4364 ἐνέργειαν,
950 4298 1018 4368 ἣν
1061 4300 1173 4363 τοῖς
1199 4301 1524 4365 ἀποστόλοις
1555 4302 1717 4363 αὐτὸς
1764 4306 1792 4357 ὁ
1841 4297 2032 4376 Σωτὴρ

459 4389 556 4439 καὶ
622 4389 986 4455 ἐπηγγείλατο
1037 4390 1245 4457 δοῦναι,
1295 4391 1389 4444 καὶ
1428 4393 1780 4463 ἐδωρήσατο,
1845 4395 1913 4448 δι’
1964 4391 2034 4466 ἧς

457 4478 556 4531 καὶ
589 4481 864 4551 ἱερουργοὶ
905 4481 1054 4534 οὗτοι
1098 4484 1192 4536 καὶ
1237 4485 1496 4553 ποιμένες
1537 4489 2030 4557 κεχειροτόνηνται,

456 4571 780 4636 ἐπελθόντος
845 4574 1030 4638 αὐτοῖς
1079 4574 1175 4628 τοῦ
1223 4577 1493 4644 παναγίου
1550 4578 1888 4648 ΙΙνεύματος,
1939 4583 2035 4634 καὶ

455 4664 582 4724 ταῖς
613 4663 869 4734 πυρίναις
899 4665 1176 4732 γλώσσαις
1197 4668 1298 4734 τὴν
1327 4668 1494 4721 αὐτοῦ
1523 4668 1819 4737 ὲνθεμένου
1851 4673 1907 4723 ὲν
1942 4671 2034 4724 αύ-

458 4759 574 4820 τοῖς
606 4759 860 4827 δύναμιν,
916 4761 986 4812 δι’
1017 4756 1079 4830 ἦς
1132 4762 1228 4814 καὶ
1273 4762 1373 4831 τὴν
1410 4763 1746 4833 ἱερουργίαν,
1799 4764 1892 4815 καὶ
1939 4765 2036 4826 τὰς

457 4850 798 4919 χειροτονίας
830 4851 918 4902 διὰ
959 4854 1059 4917 τῆς
1110 4851 1408 4916 ἐπιθέσεως
1445 4854 1552 4905 τῶν
1589 4853 1810 4922 χειρῶν,
1843 4855 1937 4907 καὶ
1969 4854 2037 4906 τὰ

461 4943 672 5009 ἰάματα
726 4945 820 4996 καὶ
867 4943 1149 5011 θαυμάσια
1188 4945 1490 5008 εξετέλουν.
1544 4947 1650 4999 Καὶ
1710 4947 1820 5016 γὰρ
1869 4947 1928 4998 οὐ
1977 4947 2038 4998 τὸ

457 5034 654 5098 ἁπλῶς
689 5036 886 5098 εἰπεῖν,
922 5037 1154 5106 Ποίησον
1191 5035 1282 5089 τὸν
1308 5037 1406 5107 μὲν
1436 5037 1601 5108 ἄρτον
1638 5039 1829 5092 τοῦτον
1858 5039 2038 5108 τίμιον

429 5126 629 5195 ,σῶμα
675 5126 766 5178 τοῦ
803 5127 1038 5196 Χριστοῦ
1078 5145 1193 5190 σου,
1232 5129 1325 5181 καὶ
1359 5129 1426 5181 τὰ
1457 5129 1646 5192 λοιπὰ,
1678 5131 1738 5182 τὸ
1779 5130 2037 5186 δύνασθαι

461 5217 582 5287 ἔχει
611 5217 767 5284 μόνον
809 5219 932 5271 καθ’
956 5219 1089 5272 αὑτό
1116 5235 1130 5250 ο
1169 5219 1306 5272 ἀλλὰ
1334 5220 1395 5272 τὸ
1422 5221 1561 5289 μετὰ
1595 5219 1687 5273 τοῦ
1723 5221 2039 5290 Πνεύματος

455 5309 557 5362 τὸν
607 5308 755 5378 ἱερέα
805 5312 999 5373 εἰπεῖν,
1052 5312 1298 5364 τουτέστι
1354 5312 1495 5380 μετὰ
1527 5311 1620 5364 τοῦ
1674 5314 2036 5382 χαρίσματος,

463 5403 608 5472 μετὰ
641 5403 736 5472 τῆς
769 5403 1052 5471 δυνάμεως
1081 5403 1284 5474 δηλαδὴ
1313 5404 1414 5472 τῆς
1452 5405 1776 5476 ἱερωσύνης.
1811 5407 1915 5458 Καὶ
1945 5406 2042 5475 δῆ-

460 5492 561 5544 λον
593 5493 656 5544 ὲκ
685 5492 876 5545 τούτου
901 5508 917 5526 ο
953 5495 1001 5545 εί
1034 5494 1137 5562 γὰρ
1183 5494 1445 5561 μυριάκις
1475 5491 1680 5546 εἴποιεν
1707 5493 1804 5556 τὰς
1839 5495 2041 5546 Δεσπο·

456 5584 625 5647 τικὰς
658 5587 840 5652 φωνὰς
865 5586 960 5638 καὶ
983 5587 1166 5639 πᾶσαν
1212 5585 1364 5638 θείαν
1393 5585 1702 5656 ἐπίκλησιν,
1746 5585 1858 5638 εἴτε
1886 5585 2041 5654 βασι-

456 5676 579 5737 λεῖς
611 5678 814 5738 πάντες
847 5677 880 5745 ἢ
931 5679 1199 5746 ἀσκηταὶ,
1253 5676 1364 5730 εἴτε
1413 5677 1613 5738 πάντες
1663 5677 1926 5742 εὐλαὸεῖς,
1963 5679 2039 5748 μὴ

461 5768 776 5838 ἱερωσύνην
814 5770 1046 5840 ἔχοντες,
1079 5775 1192 5825 εἴτε
1223 5770 1462 5832 ἅπαντες
1495 5769 1631 5839 ὁμοῦ
1664 5770 1714 5822 οἱ
1757 5772 1813 5822 ὲν
1846 5770 1942 5840 ὅλῃ
1971 5773 2039 5841 τῇ

457 5860 543 5935 τῇ
572 5862 774 5929 πιστοὶ,
815 5862 965 5916 οὐδὲν
997 5863 1156 5918 πλέον
1191 5863 1364 5929 ἔσται,
1405 5862 1480 5933 μὴ
1524 5859 1712 5930 ἱερέως
1746 5860 2036 5930 παρόιτος,

2109 631 2352 686 divinum
2409 633 2510 687 sibi
2551 631 2818 686 auxilium
2874 640 2928 686 et
2989 645 3154 698 super
3205 631 3345 683 dona
3407 631 3686 699 preposita

2111 724 2336 791 gratiam
2372 723 2610 793 Spiritus
2636 723 2910 792 implorat,
2944 737 3040 792 per
3089 737 3277 792 quam,
3311 729 3365 775 ct
3403 721 3487 777 his
3523 721 3683 790 signo

2111 817 2316 881 crucis,
2349 818 2804 886 invocationeque
2851 816 3089 886 Spiritus
3135 816 3499 873 consecratis.
3555 830 3685 869 con-

2111 907 2264 960 tinuo
2297 907 2567 961 viventem
2609 904 2796 961 Jesum
2826 917 2878 961 et.
2911 907 3063 960 hunc"
3105 906 3379 967 eumdem,
3413 907 3506 974 qui
3562 922 3687 959 VH‘G

2111 1010 2192 1054 est
2250 1003 2409 1070 panis
2463 1012 2515 1055 et
2575 1004 2875 1070 poculum,
2936 1013 3062 1056 ante
3116 1018 3174 1056 se
3234 1003 3468 1070 positum
3521 1001 3686 1055 videt.
3753 1028 3770 1038 -

2113 1091 2240 1160 Ejus
2267 1093 2409 1146 enim
2442 1093 2544 1146 hoc
2579 1095 2804 1146 verbum
2838 1103 2920 1147 est
2953 1111 2967 1148 :
3024 1095 3192 1148 Panis
3224 1105 3306 1148 est
3342 1109 3582 1161 corpus,
3625 1093 3691 1146 Et

2110 1184 2230 1251 ejus
2265 1185 2390 1238 item
2429 1185 2530 1239 hoc
2564 1206 2577 1237 :
2611 1186 2765 1258 Quod
2812 1187 2864 1238 in
2897 1186 3063 1238 calice
3110 1195 3215 1246 est,
3267 1186 3489 1253 sanguis
3549 1195 3629 1238 est
3669 1200 3684 1236 :

2112 1285 2166 1329 et
2192 1292 2291 1345 pro
2327 1277 2581 1331 universo
2633 1279 2835 1329 mundo
2861 1276 3068 1338 hostia,
3119 1291 3517 1343 communequ
3566 1293 3692 1344 pro-

2112 1369 2476 1438 pitiatorinm,
2542 1377 2595 1422 et
2631 1371 2765 1422 νίνιρ
2799 1369 3029 1431 delicize,
3066 1367 3384 1436 inlinitaqne
3413 1368 3616 1429 laetitia,
3638 1377 3692 1421 ct

2115 1448 2340 1528 reginnn
2403 1462 2663 1515 caelorum
2693 1501 2708 1524 ,
2753 1471 2806 1514 et
2849 1461 3021 1514 solum
3069 1477 3127 1513 re
3178 1475 3302 1513 vera
3357 1459 3581 1518 bonum,
3635 1459 3690 1512 in

2114 1566 2268 1606 sacra
2330 1568 2516 1606 mensa
2602 1553 2928 1606 mortalibus
2994 1552 3270 1606 universis
3343 1550 3692 1619 proponitur.

2114 1643 2378 1710 Quocirca
2407 1647 2570 1698 etiam
2608 1660 2703 1714 pro
2729 1645 2984 1699 oinnihus
3018 1643 3260 1714 pontifex
3294 1643 3522 1699 ﬁdenter
3561 1659 3691 1714 pre-

2113 1747 2290 1791 catur.
2320 1737 2740 1805 Concipitenim
2778 1737 3032 1790 liduciam
3069 1737 3370 1806 benignum
3396 1745 3449 1792 et
3476 1739 3691 1807 patien-

2116 1835 2225 1881 tem
2260 1841 2442 1880 coram
2469 1844 2528 1880 se
2554 1828 2790 1895 positum
2821 1843 2918 1897 pro
2953 1827 3230 1882 sacriﬁcio
3265 1827 3510 1883 intuens.
3557 1824 3694 1883 Lan-

2115 1923 2206 1976 dat
2238 1921 2359 1976 ideo
2388 1933 2444 1974 et
2477 1921 2722 1974 omnium
2773 1921 2993 1974 nomine
3050 1936 3175 1974 eum
3235 1921 3510 1983 obsecrat,
3567 1938 3694 1977 san-

2115 2024 2439 2082 ctorumque
2464 2014 2747 2067 hominum
2788 2013 2881 2084 qui
2923 2030 2987 2068 ex
3025 2012 3130 2068 hac
3191 2015 3301 2067 vita
3359 2013 3688 2082 migrarent,

2117 2107 2438 2162 memoriam
2470 2107 2621 2162 facit.

2118 2219 2206 2274 87.
2247 2219 2598 2285 Quamobrem
2648 2231 2951 2277 sanctorum
2980 2231 3029 2276 et
3076 2221 3425 2279 sanctissimae
3457 2221 3698 2287 Deipam’

2189 2291 2242 2342 in
2301 2307 2470 2363 sacrm
2539 2294 2714 2346 missa:
2763 2293 3116 2348 celebratione
3199 2295 3470 2363 episcopus
3529 2293 3697 2362 [αι-ἰαί

2193 2362 2531 2414 mentionem.

2191 2473 2331 2528 Ante
2402 2474 2536 2529 alios
2592 2473 2834 2544 Virginis
2895 2474 2986 2530 Dei
3058 2476 3270 2540 matris,
3328 2492 3448 2546 qnze
3519 2477 3696 2544 ipsum

2121 2564 2311 2619 clauso
2336 2576 2488 2618 utero
2526 2568 2737 2635 peperit.
2765 2584 2778 2620 :
2816 2575 3026 2621 testans
3057 2579 3108 2622 et
3139 2568 3191 2621 in
3231 2570 3356 2629 hoc,
3385 2567 3544 2621 nobis
3571 2584 3696 2621 cum

2123 2657 2328 2708 sanctis
2359 2659 2675 2711 societatem
2711 2658 3071 2722 ii-iterccdere,
3103 2668 3155 2714 et
3189 2675 3283 2727 per
3323 2660 3468 2714 istud
3526 2659 3699 2714 sacri-

2127 2747 2308 2801 licium
2347 2763 2444 2801 nos
2493 2749 2707 2801 illorum
2763 2760 3044 2804 consortes
3097 2765 3240 2811 esse.
3293 2750 3386 2818 qni
3445 2750 3697 2803 (iiut-iatn

2125 2839 2266 2907 apud
2326 2840 2636 2908 diligentem
2686 2847 2738 2893 et
2807 2840 3063 2894 dilectum
3122 2841 3384 2900 habeant,
3440 2855 3546 2907 qua
3597 2854 3698 2892 nos

2125 2930 2174 2984 ei
2210 2931 2558 2985 reconciliare
2602 2939 2651 2984 et
2720 2947 2884 2984 unum
2920 2945 3044 2984 enm
3090 2946 3155 2985 eo
3212 2930 3424 2984 cllicere
3473 2941 3699 3000 queant.

2127 3047 2215 3101 88.
2277 3045 2557 3113 Responsio
2617 3046 2866 3100 adversus
2896 3063 2985 3098 eos
3047 3048 3135 3113 qui
3191 3046 3490 3112 blaspheme
3543 3047 3700 3113 afﬁr-

2198 3126 2342 3168 mant
2399 3133 2492 3169 nos
2541 3119 2748 3170 credere
2821 3116 2958 3186 quod
3011 3117 3247 3185 precibus
3307 3115 3485 3170 divina
3560 3119 3698 3170 dona

2050 3211 2094 3270 ρ
2197 3186 2558 3255 perﬁciuntur.

534 3285 681 3337 Ἀλλ’
708 3288 943 3344 ἐνταῦθα
971 3291 1080 3343 τῶν
1141 3293 1214 3361 μὴ
1257 3291 1434 3361 ὀρθῶς
1485 3297 1824 3364 φρονούντων
1857 3303 2020 3368 τινὲς,
2072 3339 2076 3343 ›

2199 3299 2320 3355 Jam
2374 3317 2502 3354 vero
2551 3301 2728 3355 insani
2791 3301 3010 3369 quidam
3083 3301 3182 3356 viri
3235 3299 3476 3370 Spiritus
3520 3301 3701 3355 sancti

2131 3393 2464 3448 invocationi
2496 3402 2549 3446 et
2591 3393 2860 3446 donorum
2906 3392 3283 3447 distributioni
3321 3397 3705 3446 contraennti-s

2132 3485 2392 3538 dor-trime
2419 3500 2448 3538 a
2484 3484 2788 3544 Salvatore,
2824 3499 2922 3537 nec
2955 3499 3060 3536 non
3090 3484 3212 3551 ejus
3268 3482 3530 3550 apostolis
3596 3481 3700 3534 ho-

2134 3589 2363 3642 rumque
2429 3574 2844 3628 successoribus
2902 3573 3105 3627 divinis
3177 3572 3428 3626 Pati-ibus
3493 3571 3706 3624 tradita:

2135 3665 2398 3719 resistunt
2460 3665 2827 3733 inquirentes,
2881 3679 2980 3717 cur
3021 3664 3074 3716 in
3110 3663 3378 3717 donorum
3443 3663 3705 3717 distribu-

2135 3758 2284 3810 tione
2317 3771 2422 3810 non
2458 3755 2828 3810 declaratione
2869 3754 3155 3807 Dominica
3211 3757 3456 3809 contenti
3508 3759 3706 3814 simus.

2135 3847 2231 3902 sed
2261 3847 2326 3899 ad
2356 3860 2543 3912 preces
2570 3860 2946 3900 recnrramus.
2982 3843 3047 3898 lli
3098 3846 3287 3914 utique
3323 3846 3612 3900 temerario
3641 3861 3707 3900 ac

2134 3940 2564 4010 blasphemando
2601 3936 2837 4007 Spiritus
2889 3937 3060 3991 sancti
3123 3937 3522 3990 invocationem
3577 3940 3708 3992 abo-

2137 4031 2269 4093 lent,
2333 4031 2707 4101 ejusdemque,
2749 4029 2936 4083 chen!
3002 4028 3257 4082 virtutem
3300 4036 3463 4098 atque
3504 4043 3706 4097 coope-

2139 4124 2403 4177 rationem
2434 4130 2723 4192 respuunt,
2778 4137 2938 4190 quam
2984 4121 3238 4174 Salvator
3289 4122 3405 4190 ipse
3443 4121 3708 4189 apostolis

2140 4227 2199 4266 se
2263 4213 2790 4266 communicaturum
2851 4226 2973 4266 esse
3036 4211 3330 4279 promisit,
3403 4226 3467 4266 ac
3519 4228 3706 4266 revera

2138 4301 2566 4357 communicavit
2596 4319 2610 4368 ;
2645 4317 2739 4372 per
2775 4317 2934 4372 quam
2967 4303 3130 4356 etiam
3165 4294 3482 4357 sacerdotes
3508 4317 3572 4356 ac
3607 4317 3706 4371 pa-
3737 4329 3750 4339 κ

2137 4404 2316 4448 stores
2352 4393 2528 4447 nostri
2583 4391 2862 4462 eliguntur
2928 4390 3132 4459 Spiritu
3174 4399 3367 4446 saneto
3401 4391 3451 4444 in
3509 4391 3708 4460 linguis

2139 4485 2324 4557 ignitis
2351 4501 2511 4554 super
2535 4500 2633 4540 eos
2673 4484 3071 4548 descendente;
3109 4499 3202 4552 per
3247 4497 3406 4551 quam
3447 4481 3708 4552 deinceps

2139 4579 2451 4633 sacerdotes
2503 4577 2658 4630 electi
2706 4591 2964 4629 manuum
2999 4575 3368 4644 impoaitione,
3421 4589 3704 4643 perquam

2140 4669 2454 4723 sanationes
2506 4668 2847 4722 miraculosze
2913 4674 3143 4735 peractae
3199 4675 3346 4721 sunt.
3383 4663 3500 4719 Non
3559 4666 3704 4720 enim

2141 4760 2339 4813 locutio
2376 4759 2604 4828 simplex
2637 4777 2651 4812 :
2687 4757 2794 4812 Fac
2844 4773 3035 4825 panem
3091 4757 3234 4811 hunc
3269 4772 3468 4827 carpas
3513 4759 3710 4828 pretio-

2139 4867 2260 4908 sum
2293 4849 2493 4903 Christi
2539 4849 2637 4912 tui,
2678 4861 2781 4903 etc.
2841 4851 2934 4918 per
2971 4865 3028 4903 se
3087 4847 3326 4904 sullicit:
3363 4851 3454 4905 sed
3498 4857 3712 4920 oportet

2142 4951 2202 4997 ut
2233 4941 2488 4995 sacerdos
2525 4940 2600 5004 id,
2656 4941 2954 4995 auxiliante
3007 4941 3238 5012 Spiritu,
3301 4941 3355 4995 id
3418 4951 3523 5006 est,
3584 4955 3708 4993 cum

2142 5034 2314 5102 gratia
2392 5032 2698 5086 sacerdotio
2773 5033 3074 5088 inhaerente
3139 5035 3522 5104 proloqnatur.
3607 5031 3713 5086 Fac

2141 5125 2284 5180 enim
2320 5136 2377 5180 ut
2403 5142 2595 5180 omnes
2623 5143 2776 5197 reges
2806 5135 2897 5180 aut
2927 5143 3116 5182 omnes
3165 5127 3344 5182 ﬁdeles
3381 5141 3476 5194 per
3534 5133 3708 5178 totum

2141 5219 2324 5272 orbem
2359 5227 2625 5272 tetrarum
2655 5217 2820 5272 verba
2877 5217 3177 5272 Salvatoris
3236 5215 3434 5269 millies
3494 5215 3712 5283 procla-

2143 5319 2334 5374 ment;
2378 5309 2423 5362 si
2474 5309 2780 5363 sacerdotio
2836 5308 3075 5364 investiti
3130 5322 3234 5360 non
3277 5315 3425 5370 sunt,
3480 5304 3556 5358 nil
3591 5318 3714 5372 pro-

2145 5398 2350 5462 licium,
2381 5413 2482 5452 nec
2512 5398 2679 5451 ullum
2708 5397 3146 5452 consecrationis
3198 5394 3451 5450 eliectum
3515 5394 3716 5448 habent

2142 5491 2210 5544 ab
2241 5490 2322 5544 'iis
2354 5490 2435 5544 sie
2477 5489 2679 5552 oblata,
2742 5505 2843 5544 nec
2893 5504 3093 5556 corpus
3132 5496 3184 5542 et
3246 5488 3469 5557 sanguis
3511 5486 3712 5541 Christi

2147 5581 2714 5636 transsubstantiatur.
2775 5581 2890 5635 Non
2943 5580 3109 5650 igitur
3169 5579 3332 5632 homo
3359 5578 3583 5646 aliquis,
3613 5577 3714 5636 sed

2145 5673 2284 5728 Deus
2327 5685 2410 5727 est
2468 5675 2560 5742 qui
2621 5688 2715 5741 per
2750 5673 3088 5728 sacerdotem
3152 5679 3432 5741 operatur,
3481 5669 3714 5740 Spiritus

2145 5766 2317 5821 sancti
2351 5765 2520 5837 gratia
2562 5764 2993 5832 interveniente;
3031 5764 3105 5818 ita
3147 5773 3205 5817 ut
3234 5763 3501 5833 quidquid
3535 5775 3717 5818 sacer-

2147 5857 2248 5913 dos
2274 5857 2488 5926 dixerit,
2519 5857 2719 5914 virtutc
2744 5856 3097 5916 sacerdotalis
3130 5855 3412 5929 dignitatis
3441 5861 3715 5926 operetur.
