4026 6274
498 355 612 420 τ35

1347 365 1730 427 SYMEONIS
1751 364 2496 428 TIIESSALONICENSIS
2535 361 2890 424 ARCHIEP.

3643 355 3751 422 736

491 475 616 528 lia-c
641 477 818 525 autem
861 472 1036 528 virtus
1069 473 1162 528 Dei
1223 484 1304 529 est
1344 494 1441 532 nec
1470 495 1498 532 ιι
1543 493 1877 550 quocunque
1911 479 2051 533 ﬁdeli

2172 481 2254 533 mi.
2283 478 2536 549 οὐδαμῶς
2574 476 2985 550 ίερουργημένα
3031 475 3190 529 ἔσται
3236 475 3304 529 τὰ
3342 474 3474 544 παρ’
3512 475 3750 528 ἐκείνων

493 563 822 632 possidetur,
857 565 948 617 sed
982 563 1133 617 solus
1165 564 1217 619 in
1250 567 1514 634 dignitate
1547 569 1869 624 sacerdotali
1925 583 2057 622 con-

492 657 736 714 stitutus.
776 655 935 722 cuius
977 657 1139 710 etiam
1177 674 1369 728 preces
1410 661 1586 728 gratia
1612 662 1796 715 divina
1825 662 2059 715 interce-

491 748 651 800 dente
692 745 943 802 eﬁ'cctum
1003 739 1224 803 habt-rit.
1265 749 1419 816 Quod
1453 755 1542 820 qui
1581 768 1688 806 non
1722 751 1916 815 credit,
1966 759 2060 804 aut

490 840 582 901 qui
617 840 881 908 baptisma
911 850 964 894 et
997 841 1230 896 chrisma
1261 854 1313 896 et
1347 844 1593 898 ordinem
1657 843 2056 898 sacerdotalem

491 936 585 980 aut
637 929 1014 983 remissionem
1061 941 1401 999 peccatorum
1449 943 1540 986 aut
1579 934 1824 987 habitum
1875 945 2062 987 mona-

491 1021 701 1073 chaletn
741 1023 973 1090 accepit,
1007 1031 1059 1076 ct
1089 1039 1254 1091 super
1301 1040 1462 1093 quem
1519 1025 1752 1078 initiatio
1814 1040 1918 1076 non
1979 1029 2063 1076 est

490 1115 883 1178 pronuntiata.
950 1115 996 1168 is
1067 1115 1269 1168 infideli
1343 1116 1542 1169 similis
1604 1126 1658 1168 et
1733 1114 2062 1168 litereditatis

489 1204 814 1258 Christianae
841 1221 1035 1274 expers
1071 1215 1156 1260 est
1194 1207 1511 1261 habendus.
1561 1206 1755 1260 Omnia
1789 1206 2060 1274 siquidem

493 1297 594 1346 ista
629 1311 721 1364 per
755 1311 945 1363 preces
975 1313 1002 1349 a
1057 1297 1441 1351 sacerdotibus
1483 1297 1631 1352 fusas
1684 1296 2059 1367 perﬁciuntur.

493 1387 676 1456 Itaque
715 1391 758 1442 si
821 1391 1184 1458 baptizamus,
1241 1392 1544 1445 secundum
1601 1391 2066 1443 doctrinanntra-

494 1480 662 1531 ditam
702 1479 753 1532 in
789 1481 1008 1534 nomine
1065 1480 1240 1533 Patris
1274 1491 1327 1535 et
1375 1481 1490 1533 Filii
1520 1490 1573 1534 et
1617 1480 1851 1548 Spiritus
1889 1478 2061 1532 sancti

503 1571 863 1639 baptizamtts,
911 1571 1296 1640 baptizandum
1364 1571 1464 1626 sub
1517 1570 1800 1625 Trinitatis
1845 1570 2066 1623 invoca-

491 1663 636 1717 tione
669 1663 962 1719 initiautes.
997 1662 1100 1718 Sed
1134 1664 1220 1717 illa
1255 1665 1368 1719 sola
1400 1664 1742 1718 invocatione
1763 1678 1922 1732 quam
1949 1661 2067 1714 Sal-

495 1765 652 1806 vator
683 1755 894 1816 docuit,
939 1769 1044 1807 non
1086 1756 1350 1817 contenti,
1395 1754 1576 1808 crucis
1625 1755 1779 1824 signo
1806 1762 1859 1806 et
1891 1752 2066 1806 insuf—

2159 573 2517 644 προτεθέντα,
2568 572 2687 626 οὐδὲ
2730 571 2890 640 σῶμα
2937 570 3030 624 καὶ
3076 565 3216 635 αἷμα
3262 567 3499 635 Χριστοῦ
3534 585 3553 601 ·
3603 567 3747 622 ὥστε

2160 667 2260 719 οὐκ
2290 666 2603 736 ἄνθρωπος,
2642 664 2778 716 ἀλλὰ
2827 663 2963 727 Θεός
3003 663 3155 716 ἐστιν
3197 664 3226 716 6
3270 661 3360 715 διὰ
3407 659 3502 714 τοῦ
3553 661 3750 728 ἱερέως

2163 757 2425 828 ἐνεργῶν,
2461 756 2893 823 ἐπικαλουμένου
2923 754 3022 825 τὴν
3053 753 3213 823 χάριν
3259 750 3353 804 τοῦ
3401 749 3745 818 Ιῐνεύματος,

2163 849 2260 904 καὶ
2287 851 2425 920 ὅπερ
2458 849 2524 902 ἂν
2569 849 2697 918 εῐπῃ
2725 847 2753 899 6
2784 847 2987 915 ἱερεὺς,
3025 843 3247 912 ἐνεργόν
3277 845 3396 896 ἐστι
3432 845 3498 913 τῇ
3537 841 3641 908 τῆς
3669 842 3747 893 ic-

2168 938 2418 1008 ρωσύνης
2467 937 2718 1002 δυνάμει.
2765 935 2914 1004 Αὕτη
2952 935 3009 987 δέ
3059 933 3196 987 Θεοῦ
3247 933 3363 986 ἐστι
3393 931 3654 996 δύναμις,
3682 931 3750 998 ἢν

2163 1027 2224 1079 οὐ
2273 1027 2380 1088 πᾶς
2409 1025 2674 1090 κέκτηται
2707 1023 2920 1088 πιστὸς,
2957 1021 3071 1075 ἀλλ’
3099 1023 3128 1074 6
3156 1021 3252 1090 τὴν
3279 1019 3622 1090 χειροτονίαν
3655 1017 3747 1070 τοῦ

2167 1119 2355 1188 ἱερέως
2389 1117 2548 1186 μόνος
2583 1116 2896 1183 δεξάμενος,
2949 1115 3044 1166 καὶ⁵
3089 1115 3241 1166 πᾶσα
3274 1111 3408 1181 εὐχὴ
3455 1111 3628 1164 αὐτοῦ
3658 1128 3748 1162 τε·

2163 1206 2433 1269 λειοποιὺς
2490 1206 2613 1277 θείᾳ
2662 1205 2871 1276 χάριτι.
2926 1205 3035 1258 Καὶ
3067 1205 3095 1257 6
3129 1204 3205 1273 μὴ
3257 1201 3419 1256 τοῦτο
3469 1201 3748 1254 πιστεύων

2165 1296 2286 1349 οὐδέ
2318 1297 2607 1365 δεχόμενος
2643 1295 2767 1349 οὔτε
2799 1295 3081 1364 βάπτισμα
3108 1295 3232 1364 ἄρα,
3264 1294 3386 1346 οὐτε
3428 1293 3625 1364 μύρων
3659 1309 3747 1343 τε-

2165 1385 2343 1456 λετὴν,
2367 1386 2488 1439 οὔτε
2509 1389 2839 1458 χειροτονίαν
2865 1387 3154 1456 ἱερατικῶν
3178 1385 3406 1450 τάξεων,
3441 1383 3568 1437 οὔτε
3592 1383 3746 1438 λύσιν

2167 1480 2550 1550 ἐγκλημάτων,
2603 1478 2728 1533 οὐτε
2788 1479 2895 1548 μὴν
2951 1480 3234 1548 σχήματος
3295 1475 3537 1546 μοναχοῦ
3593 1476 3744 1545 ἱερὰν

2167 1573 2332 1641 εὐχὴν
2370 1571 2761 1640 παραδέχεται,
2798 1572 2892 1624 καὶ
2942 1571 3173 1624 ἀπίστου
3213 1563 3370 1630 οὗτος
3407 1569 3602 1636 ἐγγὺς,
3653 1569 3744 1619 καὶ

2171 1663 2366 1718 ἑαυτὸν
2398 1663 2494 1730 τῆς
2549 1664 2746 1732 μοίρας
2778 1663 2966 1730 ἐξάγει
3011 1662 3119 1715 τῶν
3163 1660 3532 1731 Χριστιανῶν.
3567 1661 3743 1713 Πάντα

2170 1758 2277 1828 γὰρ
2311 1756 2484 1809 ταῦτα
2509 1755 2574 1808 δι’
2618 1755 2796 1822 εὐχῶν
2843 1755 3082 1807 τελεῖται
3128 1753 3234 1806 τῶν
3265 1750 3583 1820 ίερατικῶν.
3617 1750 3739 1802 Ὠσο

493 1844 734 1906 natione,
763 1846 1049 1912 praeceptis
1098 1859 1160 1899 ac
1209 1846 1480 1898 mandatis
1511 1845 1734 1910 additis,
1783 1845 1885 1898 olei
1935 1860 2056 1898 cono

2172 1867 2270 1919 περ
2295 1849 2388 1902 οὖν
2421 1847 2776 1918 βαπτίζοντες
2828 1847 2972 1900 καθὰ
3023 1843 3432 1914 παρελάϐομεν,
3463 1844 3545 1904 εἰς
3577 1841 3741 1910 ὄνομα

495 1937 696 1989 sccrati
725 1937 1023 1990 chrismate
1051 1946 1104 1990 et
1136 1946 1340 1990 sauctze
1386 1935 1673 1991 Trinitatis
1725 1937 2066 1991 invocatione

497 2043 692 2083 recens
751 2028 1086 2097 baptizatum
1153 2029 1522 2097 puriﬁcamus,
1553 2040 1609 2082 et
1649 2043 1842 2098 aquam
1889 2029 2065 2097 bapti-

495 2122 720 2176 smalem
756 2123 912 2190 signo
941 2121 1126 2174 erucis
1173 2132 1227 2176 et
1261 2121 1500 2187 Spiritus
1525 2122 1700 2174 sancti
1763 2121 2070 2175 sanctiﬁca-

496 2229 619 2268 mus
653 2225 706 2268 et
735 2225 1014 2283 unguento
1057 2213 1300 2285 adhibito
1331 2228 1490 2266 sacro
1519 2228 1706 2282 preces
1735 2213 2062 2280 pronuntia-

496 2319 618 2358 tuus
699 2303 877 2356 crucis
941 2303 1098 2372 signo
1175 2302 1473 2372 signantes.
1547 2302 1678 2356 Post
1741 2302 2066 2372 baptismum

495 2391 690 2446 deinde
723 2392 1054 2460 baptizatum
1080 2401 1132 2446 et
1163 2392 1280 2444 oleo
1321 2397 1512 2445 sancto
1543 2401 1762 2444 unctum
1816 2391 2069 2460 precibus

493 2483 668 2538 sacris
701 2483 1075 2547 fortiﬁcamus,
1135 2481 1618 2558 Theopitaniorum
1687 2489 1871 2534 autem
1930 2479 2068 2534 festo

497 2591 669 2644 aquas
697 2587 1048 2630 consecratas
1093 2577 1346 2644 precibus
1399 2575 1580 2628 denuo
1631 2573 2066 2636 sanctiﬁcamus,

503 2679 558 2720 ut
611 2673 757 2720 et‘ca
787 2681 908 2732 quae
965 2665 1207 2733 qumidie
1258 2673 1696 2730 consecrantur;
1755 2662 2069 2718 sacerdotes

496 2760 640 2812 enim
695 2757 1118 2825 Spiritusaueto
1171 2755 1542 2810 intercedente
1600 2755 1856 2808 virtutem
1911 2768 2066 2807 suam

497 2852 773 2919 haptizato
831 2848 1342 2912 communicarunt;
1387 2863 1484 2902 nos
1523 2856 1701 2901 autem
1756 2846 2065 2914 pontiﬁcem

497 2943 724 2995 electum
762 2948 854 2993 aut
909 2939 1246 2993 sacerdotem
1301 2953 1398 3007 per
1445 2939 2068 3008 precesvecclesiasticas

499 3046 555 3087 et
601 3033 703 3088 sub
766 3032 1004 3102 Spiritus
1060 3033 1234 3087 sancti
1295 3034 1642 3085 invocatione
1703 3029 2064 3093 admittimus,

497 3127 623 3196 quia
661 3142 688 3179 a
734 3125 934 3194 linguis
987 3126 1169 3193 ignitis
1201 3141 1324 3194 quae
1371 3127 1422 3179 in
1470 3126 1743 3195 apostolos
1770 3124 2068 3180 descende-

2170 1941 2500 2011 βαπτίζομεν
2533 1940 2743 2006 Πατρὺς
2771 1940 2865 1992 καὶ
2898 1938 3026 1991 Υἱοῦ
3076 1939 3171 1990 καὶ
3215 1936 3375 2002 ἁγίου
3399 1934 3742 2003 Πνεύματος,

2165 2035 2232 2103 τῇ
2259 2034 2544 2100 ἐπικλήσει
2568 2031 2666 2098 τῆς
2688 2030 2916 2100 Τριάδος
2943 2029 3035 2082 τὸν
3063 2027 3459 2098 βαπτιζόμενον
3482 2025 3747 2079 τελειοῦν·

2165 2140 2277 2184 τες,
2308 2123 2486 2175 καίτοι
2513 2139 2576 2190 γε
2602 2121 2721 2175 οὐδέ
2759 2121 2930 2192 ταύτῃ
2964 2123 3029 2190 τῇ
3063 2121 3353 2188 ἐπικλήσει
3385 2119 3522 2190 μόνῃ
3551 2117 3752 2189 ἀρκού-

2170 2214 2331 2285 μεθα,
2363 2215 2430 2284 ἢν
2459 2213 2776 2282 παρέδωκεν
2799 2214 2826 2264 6
2844 2213 3056 2280 Σωτὴρ,
3077 2211 3214 2265 ἀλλὰ
3237 2213 3504 2282 πρότερον
3529 2211 3638 2280 μὲν
3659 2210 3747 2264 καὶ

2170 2306 2444 2374 σφραγῖδι,
2465 2307 2558 2358 καὶ
2593 2306 2971 2374 ἐμφυσήματι,
3000 2304 3165 2375 286
3188 2305 3282 2357 καὶ
3301 2305 3634 2371 ἁποταγαῐς,
3659 2301 3747 2355 καὶ

2171 2402 2459 2465 συνταγαῖς
2500 2399 2595 2452 καὶ
2636 2399 2845 2468 εὐχαῖς,
2879 2398 2974 2450 καὶ
3017 2398 3196 2467 χρίσει
3231 2397 3410 2450 ἐλαίου
3440 2395 3743 2464 άγιαζομέο

2172 2509 2263 2543 νου
2295 2490 2572 2558 σφραγῖδι,
2614 2490 2709 2542 καὶ
2739 2490 3119 2558 ὲμφυσήματι,
3179 2489 3273 2541 καὶ
3323 2487 3624 2551 ἐπικλήσει
3655 2486 3748 2554 τῆς

2167 2583 2330 2648 ἁγίας
2376 2581 2644 2648 Τριάδυς,
2683 2581 2776 2633 τὸν
2826 2579 3226 2648 βαπτιζόμενον
3277 2577 3744 2649 προκαθαίρομεν,

2169 2675 2263 2728 καὶ
2294 2676 2354 2727 τὸ
2389 2673 2533 2742 ὕδωρ
2563 2673 2656 2727 τοῦ
2686 2673 3065 2742 βαπτίσματος
3101 2673 3366 2742 σφραγῖδι
3398 2674 3490 2726 καὶ
3519 2672 3748 2738 ἐπικλή-

2171 2784 2251 2819 σει
2283 2767 2600 2834 Πνεύματος
2641 2765 2799 2830 ἁγίου
2834 2763 3269 2834 καθαγιάζομεν,
3315 2765 3412 2818 καὶ
3464 2764 3524 2816 τὸ
3577 2763 3745 2832 μύρον

2167 2857 2224 2909 δὲ
2253 2858 2312 2909 τὸ
2343 2857 2487 2924 ἱερὸν
2517 2857 2719 2926 ὁμοίως
2743 2857 2930 2925 εὐχαῖς
2955 2854 3400 2925 τελειοποιοῦμεν
3429 2858 3746 2923 ἀρχιερατι-

2169 2949 2317 3008 καῖς,
2348 2946 2442 2998 καὶ
2471 2945 2730 3016 σφραγῖδι
2759 2945 2856 2997 τοῦ
2887 2944 3148 3012 σταυροῦ,
3178 2945 3270 2996 καὶ
3296 2945 3434 3014 μετὰ
3462 2946 3522 2997 τὸ
3555 2944 3743 3014 βάπτι-

2173 3055 2285 3105 σμα
2314 3037 2404 3090 τὸν
2429 3037 2798 3108 βαπτισθέντα
2829 3037 2923 3089 καὶ
2950 3037 3243 3106 χρισθέντα
3268 3037 3345 3106 τῷ
3376 3036 3537 3107 μύρῳ
3561 3037 3744 3106 εὐχαῖς

2172 3132 2484 3200 τελειούμεν
2517 3133 2712 3199 ἱεραῖς,
2757 3132 2852 3182 καὶ
2899 3133 3011 3192 τοῖς
3061 3129 3378 3196 Θεοφανίοις
3409 3129 3476 3180 τὰ
3522 3127 3744 3196 ἁγιαζὸ-

496 3221 646 3275 rtmt,
683 3229 779 3282 per
813 3214 1054 3282 Spiritus
1089 3215 1262 3269 sancti
1297 3215 1526 3283 gratiam
1552 3226 1602 3269 et
1635 3213 2063 3267 muniﬁcentiam

2176 3237 2310 3289 μενα
2342 3198 2514 3273 ὐδατα
2564 3198 2752 3288 εὐχαῖς
2778 3217 3106 3286 άγιάζομεν,
3138 3217 3235 3270 καὶ
3265 3217 3351 3270 ἔτι
3371 3218 3441 3270 τὰ
3467 3218 3594 3270 καθ’
3624 3216 3745 3269 ἑκά-

499 3309 754 3360 virtutem
780 3317 1126 3360 emanantem
1162 3314 1510 3374 receperunt.
1545 3306 1635 3359 Sic
1657 3315 1712 3360 et
1751 3320 1853 3359 nos
1910 3303 2068 3374 panis

497 3409 551 3451 et
597 3399 782 3452 caliv-is
837 3399 890 3450 in
957 3413 1161 3467 corpus
1217 3405 1270 3451 et
1338 3397 1660 3464 sanguinem
1715 3397 1921 3452 Christi
1974 3411 2070 3466 per

501 3503 692 3557 preces
734 3487 1036 3542 sacerdotis
1087 3485 1626 3555 transﬁgurationcm
1679 3487 1838 3556 plane
1889 3487 2070 3539 credi-

502 3596 646 3646 mus,
713 3595 1034 3650 persuasum
1087 3581 1344 3633 habentes
1421 3579 1600 3634 crucis
1658 3579 1812 3646 signo
1852 3586 1903 3631 et
1941 3575 2070 3644 Spi-

506 3673 642 3726 ritus
708 3671 882 3726 saucti
943 3671 1286 3725 invocatione
1338 3677 1391 3723 et
1450 3668 1633 3724 verbis
1694 3668 1924 3730 Domini,
1962 3667 2070 3722 Ac—

499 3764 682 3829 cipite,
722 3764 886 3826 edito,
941 3769 994 3816 et
1032 3761 1198 3816 bibite
1247 3777 1312 3815 ex
1376 3777 1440 3816 eo
1475 3776 1665 3815 onmes
1697 3771 1752 3816 et
1809 3759 1970 3814 iacite
2000 3757 2069 3812 ad

505 3872 680 3909 meam
714 3854 1584 3923 commemorationem“apostolis
1611 3866 1663 3906 et
1699 3867 1885 3906 eorum
1939 3865 2068 3904 suc-

498 3949 812 4003 cessuribus
868 3947 1180 4001 facultatem
1246 3961 1343 4015 per
1384 3961 1572 4014 preces
1618 3943 1877 4012 Operandi
1923 3957 2072 3996 com-

500 4040 722 4093 missam
775 4038 963 4092 fuiSSe.
1010 4038 1220 4092 Idcirco
1279 4037 1344 4090 ad
1397 4037 1610 4090 Patrem
1663 4049 1964 4090 conversus
2018 4042 2071 4089 et

501 4132 936 4184 incarnationem
986 4130 1202 4200 hymnis
1242 4131 1530 4184 celebrans
1575 4127 1860 4190 sacerdos,
1897 4130 2072 4196 primo

499 4223 663 4275 verba
693 4220 896 4275 Chriin
943 4221 1124 4275 divina
1177 4221 1286 4275 alta
1349 4236 1478 4274 voce
1519 4220 1734 4289 repetit,
1778 4217 1921 4288 quod
1970 4231 2072 4272 suo

503 4314 678 4382 ip~ins
710 4313 932 4367 nomine
989 4320 1042 4364 et
1103 4321 1355 4366 nostrum
1415 4314 1658 4366 omnium
1729 4326 1886 4367 sacra
1943 4309 2074 4364 facit

501 4407 801 4462 secundum
879 4406 1215 4458 mandatum.
1301 4404 1379 4457 Tu
1434 4415 1656 4469 autem,
1736 4419 2069 4474 quaesumus,

2175 3328 2305 3381 στην
2337 3311 2696 3380 ἁγιαζόμενοι,
2727 3311 2836 3363 τῶν
2868 3312 3060 3380 ἱερέων
3073 3311 3178 3386 ’τὴν
3213 3312 3367 3381 ίσχύν
3389 3310 3742 3378 κεκτημένων

2170 3406 2280 3458 ἀπὸ
2333 3406 2428 3459 τοῦ
2478 3405 2872 3476 βαπτισθέντος
2928 3409 2986 3460 ἐν
3039 3406 3217 3472 ὕδατι,
3275 3408 3366 3460 ὅτε
3423 3406 3485 3458 τὸ
3519 3404 3742 3472 Πνεῦμα

2171 3496 2427 3562 κατῆλθε,
2465 3497 2695 3550 καὶτὸν
2732 3497 3180 3566 χειροτονηθέντα
3213 3497 3477 3568 ἀρχιερέα
3508 3495 3540 3565 ἢ
3595 3495 3739 3564 ίερέα

2170 3588 2436 3659 δεχόμεθα
2489 3588 2598 3642 ἀπὸ
2654 3588 2763 3640 τῶν
2809 3589 3098 3656 ίερατικῶν
3145 3589 3320 3658 εὐχῶν
3369 3590 3464 3641 καὶ
3510 3589 3614 3657 τῆς
3650 3585 3748 3640 τού

2173 3678 2490 3749 Πνεύματος
2519 3681 2884 3748 ἐπικλήσεως,
2912 3681 3058 3751 ἅπερ
3085 3681 3374 3734 πλουτοῦσι
3396 3679 3494 3751 τὴν
3514 3679 3743 3748 δύναμιν

2171 3770 2280 3824 ἀπὸ
2307 3771 2404 3838 τῆς
2435 3771 2491 3822 ἐν
2513 3771 2640 3824 είδει
2669 3772 2911 3840 πυρίνων
2940 3772 3223 3841 γλωσσῶν,
3244 3771 3318 3836 ὼς
3338 3773 3663 3841 εἰρήκαμεν,
3689 3772 3744 3822 ἐν

2173 3865 2286 3926 τοῖς
2317 3861 2637 3926 ἀποστόλοις
2672 3862 2940 3932 ἐλθούσης
2985 3863 3082 3916 τοῦ
3138 3864 3498 3934 Παρακλήτου
3539 3863 3743 3932 δωρεᾶς

2172 3975 2232 4010 τε
2265 3957 2360 4010 καὶ
2392 3957 2641 4027 χάριτος,
2674 3955 2818 4009 οὓτω
2851 3957 2945 4010 καὶ
2971 3957 3032 4010 τὸ
3061 3956 3315 4023 γενέσθαι
3345 3957 3438 4010 τὸν
3462 3957 3627 4026 ἄρτον
3655 3955 3746 4008 καὶ

2172 4049 2234 4101 τὸ
2269 4050 2535 4119 ποτήριον
2567 4047 2728 4116 σῶμα
2754 4051 2848 4102 καὶ
2871 4044 3012 4118 αἷμα
3039 4049 3298 4118 Χριστοῦ,
3324 4049 3432 4102 άπὸ
3466 4050 3573 4100 τῶν
3598 4049 3745 4118 [ερα-

2173 4141 2340 4194 τικῶν
2396 4138 2728 4208 πιστεύομεν
2777 4141 2966 4209 σαφῶς
3023 4139 3368 4207 ἐνεργεῖσθαι
3411 4139 3610 4210 εὐχῶν,
3656 4139 3744 4192 καὶ

2133 4257 2140 4262 π
2175 4229 2509 4285 τελειοῦσθαι
2550 4231 2614 4300 τῇ
2666 4230 2761 4284 τοῦ
2811 4230 3048 4301 σταυροῦ
3087 4231 3368 4299 σφραγῖδι,
3406 4231 3500 4284 καὶ
3525 4233 3592 4301 τῇ
3629 4231 3743 4282 ἐπι-

2177 4323 2366 4392 κλήσει
2397 4322 2490 4376 τού
2527 4323 2680 4390 ἁγίου
2703 4324 3046 4392 Πνεύματος,
3072 4323 3179 4376 τῶν
3208 4323 3504 4393 Κυριακῶν
3531 4321 3742 4390 φωνῶν,

2177 4412 2258 4477 τὸ,
2292 4413 2520 4477 Λάϐετε,
2547 4413 2776 4480 φάγετε,
2799 4413 2892 4466 καὶ
2923 4413 3077 4465 πίετε
3103 4412 3161 4478 ἐξ
3200 4412 3363 4466 αὐτοῦ
3389 4414 3608 4475 πάντες,
3638 4430 3744 4474 και,

503 4499 765 4570 Spiritum
795 4508 946 4553 tuum
977 4508 1030 4553 et
1049 4498 1188 4552 dona
1222 4508 1310 4552 tua
1337 4497 1389 4550 iu
1422 4513 1518 4551 nos
1545 4498 1780 4560 cﬂuude,
1815 4507 1867 4552 et
1896 4497 2073 4550 haecce

2179 4504 2350 4556 Τοῦτο
2399 4494 2606 4558 ποιεῖτε
2654 4505 2734 4567 είς
2763 4506 2864 4574 τὴν
2917 4505 3057 4574 ἐμὴν
3107 4504 3436 4572 ἀνάμνησιν,
3469 4507 3581 4567 τοῖς
3621 4505 3750 4556 ἀπο·

504 4593 557 4644 ἱιι
603 4607 803 4660 eorpus
856 4601 910 4643 et
963 4591 1282 4659 sanguinem
1328 4589 1554 4654 Christi,
1617 4599 1674 4642 ut
1712 4589 1830 4654 ipse
1878 4589 2072 4649 voluit,

503 4696 556 4737 et
599 4684 805 4752 Spiritu
840 4694 1032 4737 sancto
1059 4683 1328 4737 mediante
1351 4682 1706 4736 transfortna.
1742 4679 2076 4736 llaecdiceus

450 4777 466 4788 ί
504 4777 760 4829 sacerdos
795 4775 974 4828 crucis
1012 4777 1166 4843 signo
1198 4787 1278 4828 ter
1313 4774 1460 4828 facto
1510 4790 1713 4844 corpus
1762 4782 1818 4826 et
1851 4756 2078 4842 sangui-

505 4882 627 4920 nem
661 4871 862 4919 factum
919 4882 1043 4920 esse
1089 4868 1263 4919 credit
1305 4881 1496 4930 panem
1539 4876 1591 4920 et
1635 4868 1881 4920 calicem.
1919 4864 2078 4920 Nuuc

504 4968 685 5012 autem
759 4958 1012 5012 Christus
1080 4959 1151 5012 sit
1204 4974 1534 5012 consecratis
1591 4969 1644 5013 et
1701 4967 2074 5020 consecratus.

502 5051 738 5107 oﬁerens
755 5061 806 5105 et
836 5050 1071 5111 oblatus,
1095 5050 1360 5103 exhibens
1379 5058 1541 5117 atque
1567 5049 1838 5102 exhibitus
1857 5051 2074 5105 sit-utin

507 5160 704 5212 magno
744 5143 968 5212 legimus
1012 5142 1278 5195 Adventu.
1338 5139 1407 5193 Ut
1448 5152 1629 5193 autem
1693 5142 1893 5196 clarius
1962 5141 2078 5195 hmc

506 5239 990 5296 demonstremus;
1039 5234 1298 5288 sacerdos
1340 5233 1482 5286 dona
1531 5248 1637 5285 non
1691 5232 1867 5286 crucis
1925 5233 2082 5302 signo

510 5330 690 5400 signat
748 5330 875 5380 dum
943 5325 1112 5391 dicit,
1169 5325 1434 5391 Accipite,
1490 5325 1654 5386 edite,
1695 5325 1857 5378 btbzte
1898 5339 1962 5377 ex
2017 5338 2082 5377 eo

507 5437 722 5476 mones.
751 5420 831 5474 Ad
867 5419 1078 5473 Patrem
1131 5419 1276 5472 enim
1313 5419 1446 5471 istas
1514 5432 1672 5470 voces
1704 5416 1911 5482 dirigit;
1963 5431 2084 5484 qua}

507 5518 671 5576 dona.
709 5522 846 5567 teste
880 5513 1107 5576 Basilio,
1157 5512 1400 5580 antitypa
1436 5520 1746 5570 evaserunt,
1783 5509 1871 5562 ubi
1901 5523 2082 5562 sacer-

508 5608 608 5660 dos
639 5617 759 5675 post
797 5607 943 5660 dona
978 5607 1157 5658 oblata
1215 5604 1390 5659 dixit:
1443 5602 1558 5656 Tua
1595 5619 1660 5657 ex
1707 5601 1814 5654 tuis
1862 5609 1915 5653 et
1961 5598 2082 5680 Spi-

511 5711 600 5751 tus
652 5701 825 5752 scutcti
899 5699 1129 5768 gratiam
1215 5697 1510 5758 invocavit,
1579 5710 1740 5763 quam
1797 5693 2084 5746 advenisse

511 5791 684 5847 credit
713 5799 834 5858 post
889 5805 1098 5857 preces.
1182 5788 1320 5843 Tum
1372 5789 1517 5842 dona
1568 5785 1749 5841 crucis
1791 5787 1948 5858 signo
2000 5787 2078 5841 si-

2182 4596 2391 4658 στόλοις
2421 4597 2518 4648 καὶ
2566 4598 2678 4658 τοῖς
2709 4597 2806 4666 τῆς
2836 4596 3059 4665 χάριτος
3091 4596 3272 4650 αὐτῶν
3315 4596 3578 4664 διαδόχοις
3608 4592 3747 4657 ἆκαξ

2177 4685 2338 4739 τοῦτο
2367 4687 2792 4757 παρασχουσῶν,
2841 4687 3102 4740 δύνασθαι
3130 4687 3219 4740 διὰ
3253 4687 3361 4740 τῶν
3395 4687 3576 4757 εὐχῶν
3606 4689 3752 4755 ἐνερ-

2180 4781 2318 4844 γεῖν.
2367 4777 2456 4830 Διὸ
2493 4780 2586 4832 καὶ
2631 4781 2768 4848 πρὸς
2805 4779 2898 4830 τὸν
2933 4781 3151 4848 Πατέρα
3184 4779 3629 4848 ἐκδιηγούμενος,
3663 4778 3746 4830 καὶ

2179 4868 2436 4937 ἀνυμνῶν
2461 4870 2531 4922 τὰ
2563 4870 2662 4940 τῆς
2709 4870 3020 4944 οἰκονομίας
3073 4870 3102 4922 6
3159 4870 3360 4938 ἱερεὺς,
3404 4869 3622 4940 πρῶτον
3656 4883 3746 4936 μεν

2181 4963 2279 5024 τὰς
2309 4960 2402 5013 τοῦ
2455 4960 2692 5030 Χριστοῦ
2749 4962 2898 5022 θείας
2951 4961 3254 5032 ἁνακράζει
3291 4961 3499 5028 φωνὰς,
3549 4961 3644 5013 καὶ
3673 4959 3746 5012 ὅτι

2183 5057 2342 5108 τοῦτο
2380 5055 2542 5118 αὐτὸς
2583 5055 2890 5124 παρέδωκε,
2926 5056 3021 5108 καὶ
3070 5055 3152 5107 ὅτι
3183 5054 3283 5106 Διὰ
3331 5053 3492 5107 τοῦτο
3522 5052 3746 5123 προσφέ-

2189 5148 2354 5218 ρομέν
2387 5165 2470 5201 σοι
2516 5147 2689 5201 ταῦτα
2736 5147 2876 5217 ὑπὲρ
2921 5147 3201 5210 ἁπάντων,
3254 5150 3396 5201 κατὰ
3447 5148 3546 5218 τὴν
3591 5141 3745 5200 αὐτοῦ

2187 5240 2426 5310 ἐντολὴν,
2489 5240 2675 5294 λοιπὸν
2727 5239 2964 5308 δεόμεθά
2994 5256 3109 5302 σου,
3157 5239 3222 5292 σύ
3269 5239 3330 5292 τὸ
3391 5239 3617 5308 Πνεῦμά
3659 5252 3745 5290 σου

2186 5332 2570 5397 ὲξαπόστειλον
2607 5333 2688 5394 είς
2722 5333 2823 5400 ἐμὲ
2869 5349 2928 5384 τε
2974 5332 3064 5384 καὶ
3101 5333 3168 5383 τὰ
3205 5333 3545 5401 προκείμενα
3589 5331 3742 5396 δῶρα.

2185 5427 2296 5479 Καὶ
2321 5425 2543 5494 ποίησον
2573 5424 2746 5476 ταῦτα
2775 5423 2936 5488 σῶμα
2971 5424 3067 5476 καὶ
3112 5418 3250 5493 αἷμα
3281 5423 3470 5488 αὐτοῦ,
3502 5423 3579 5485 ὡς
3618 5420 3744 5473 ἐκεῖο

2187 5528 2277 5574 νος
2311 5512 2436 5580 ἔφη,
2469 5511 2787 5580 μεταϐαλὼν
2809 5511 2884 5581 τῷ
2917 5512 3058 5582 ἁγίῳ
3089 5529 3182 5564 σου
3219 5511 3520 5580 Πνεύματι.
3561 5509 3669 5564 Καὶ
3695 5509 3745 5560 ἐν

2187 5604 2264 5672 τῷ
2293 5604 2493 5671 λέγειν,
2531 5601 2848 5674 σφραγίζει.
2881 5603 2984 5656 Καὶ
3016 5605 3136 5672 τρὶς
3172 5605 3502 5672 σφραγίσας,
3539 5600 3668 5655 αὐτὸ
3689 5597 3744 5650 τὸ

2189 5697 2346 5762 σῶμα
2381 5697 2472 5749 καὶ
2514 5692 2663 5764 αἷμα.
2713 5695 2959 5748 πιστεύει
3019 5691 3161 5747 εἶναι
3189 5698 3217 5748 ὀ
3246 5695 3421 5765 ίερεύς
3467 5695 3559 5746 τὸν
3593 5694 3744 5762 ἄρτον

2189 5790 2276 5841 καλ
2320 5789 2377 5842 τὸ
2404 5789 2686 5858 ποτήριον,
2726 5788 2848 5839 ἐπεὶ
2877 5788 2969 5842 καὶ
3000 5789 3160 5852 αὐτός
3191 5791 3306 5842 ἐστι
3342 5786 3571 5856 Χριστὸς
3597 5787 3627 5838 6
3661 5781 3745 5838 διὰ
