4068 6280
1345 272 1374 311 ο

383 404 487 467 ’137

1377 410 1804 473 EXi‘OSiTIO
1846 410 1943 470 DE
1993 410 2264 472 DIVINO
2306 413 2629 475 TEVIPLO.

3537 416 3642 478 738

384 521 478 577 τοῦ
531 519 722 589 ἱερέως
754 522 995 592 ἐνεργῶν
1026 524 1146 595 ἅμα
1184 523 1261 594 τῷ
1299 525 1474 596 [iath
1515 525 1611 579 καὶ
1658 523 1737 593 τῷ
1784 522 1960 599 Πνεύτ

2073 534 2193 589 gnat
2222 534 2274 579 ct
2318 541 2550 598 surgens
2591 529 2734 583 dona
2797 529 2978 582 divina
3022 537 3309 584 consecrat
3364 531 3641 588 dicendo:

387 629 540 683 ματι,
571 606 665 665 παὶ
683 611 848 676 αὐτός
876 615 1025 666 ἐστιν
1055 615 1085 668 6
1113 615 1442 686 προσφέρων
1462 616 1555 668 καὶ
1578 615 1962 684 προσφερόμε-

390 722 505 772 νος,
535 704 630 758 καὶ
666 704 971 776 ἱερουργῶν
1022 707 1118 760 καὶ
1150 707 1623 778 ἱερουργούμενος,
1656 709 1755 762 καὶ
1799 725 1967 778 προσ-

381 793 694 864 δεχόμενος,
723 795 822 848 καὶ
865 795 1252 865 διαδιδὸμενος,
1290 797 1366 862 ὡς
1398 799 1491 852 καὶ
1521 801 1579 850 ὲν
1611 800 1676 869 τῇ
1729 799 1829 866 τῆς
1867 814 1965 866 με-

384 887 559 957 γάλης
587 889 795 942 εἰσόδου
836 887 996 942 τοῦτο
1040 888 1275 959 λέγομεν
1325 892 1597 963 ἱερωτάτῃ
1650 891 1808 960 εὐχῇ.
1858 890 1968 943 Καὶ

386 980 475 1034 ῐνα
510 981 847 1052 σαφέστερον
892 983 1053 1036 τοῦτο
1086 983 1602 1053 παραδηλώσωμεν,
1635 983 1760 1036 οὐδὲ
1793 998 1969 1050 σφρα-

383 1073 526 1143 γίζει
547 1076 614 1126 τὰ
638 1073 786 1142 δῶρα
808 1077 836 1127 6
860 1075 1061 1144 ἱερεὺς,
1088 1078 1146 1128 ὲν
1164 1076 1243 1143 τῷ
1262 1076 1462 1141 λέγειν,
1487 1076 1719 1139 Λάϐετε,
1743 1075 1965 1142 φάγετε,

385 1168 482 1219 καὶ
535 1165 688 1220 πίετε
746 1167 805 1231 ἐξ
856 1168 1023 1220 αὐτοῦ
1064 1169 1263 1231 πάντες
1344 1168 1707 1237 διηγούμενος
1754 1167 1863 1236 γὰρ
1892 1165 1968 1228 ὡς

385 1257 617 1327 ἔφημεν,
656 1256 858 1320 ταύτας
891 1257 1041 1325 λέγει
1074 1259 1213 1328 πρὸς
1243 1260 1335 1312 τὸν
1371 1240 1591 1328 Πατέρα
1624 1258 1724 1322 τὰς
1761 1259 1912 1326 φωνὰ
1927 1274 1962 1323 τ,

386 1349 511 1402 ἐπεὶ
561 1348 656 1403 καὶ
712 1350 851 1418 μετὰ
890 1348 1099 1413 ταύτας
1151 1346 1419 1404 ἀντίτυπα
1466 1350 1535 1405 τὰ
1604 1349 1754 1419 δῶρα
1802 1349 1967 1418 φησὶν

387 1441 418 1494 6
455 1442 630 1511 μέγας
666 1441 973 1506 Βασίλειος.
1019 1442 1184 1496 Ἀλλὰ
1234 1442 1372 1513 μετὰ
1412 1442 1473 1496 τὸ
1501 1444 1875 1512 προσαγαγεῖν
1901 1443 1968 1495 τὰ

384 1534 556 1605 δῶρα,
589 1536 683 1588 καὶ
712 1536 912 1601 εἰπεῖν,
946 1536 1028 1589 Τὰ
1067 1536 1135 1588 σά
1165 1537 1228 1590 ὲκ
1271 1535 1383 1589 τῶν
1423 1535 1553 1599 σῶν,
1589 1535 1686 1589 καὶ
1715 1534 1970 1588 ἐπικαλέ-

388 1627 589 1680 σασθαι
612 1629 712 1699 τὴν
733 1629 898 1699 χάριν
920 1627 1016 1682 τοῦ
1046 1629 1385 1698 ἱῙνεύματος,
1430 1630 1555 1682 τότε
1585 1628 1696 1698 γὰρ
1720 1630 1969 1681 πιστεύει

388 1722 648 1792 παρεῖναι
681 1721 887 1791 ταύτην
918 1722 1005 1776 διὰ
1032 1722 1132 1789 τῆς
1167 1722 1453 1793 ἱερατικῆς
1500 1723 1691 1793 εὐχῆς,
1733 1700 1969 1785 ἀναστὰς

2072 613 2179 669 Fac
2227 632 2416 680 pauent
2469 620 2617 674 buuc
2674 626 2880 689 corpus
2934 618 3137 675 Christi
3189 622 3509 690 pretiosum.
3537 620 3641 677 Ubi

2067 707 2267 762 deinde
2302 724 2494 777 panem
2526 721 2580 764 et
2631 710 2683 764 in
2715 711 2885 766 calice
2948 712 3251 782 pretiosum
3296 724 3449 767 tuum
3502 730 3632 769 san-

2069 799 2289 868 guinem
2326 801 2525 855 iterum
2563 802 2869 872 iterumque
2895 803 3278 873 sanctiﬁcavit,
3302 815 3351 859 et
3377 805 3640 874 Spiritum

2069 886 2321 944 sanctum
2356 891 2649 959 invocavit,
2685 892 2853 950 Amen
2887 894 3096 964 adjicit,
3135 898 3453 968 mysterium
3511 911 3645 951 con-

2069 980 2360 1044 ﬁrmando.
2409 990 2464 1037 et
2508 982 2736 1039 ﬁrmiter
2792 987 3117 1053 pronuntiat
3172 987 3319 1056 quod
3352 1002 3554 1058 corpus
3587 993 3644 1041 et

2071 1074 2303 1143 sanguis
2334 1074 2540 1128 Christi
2581 1085 2778 1145 praesto
2813 1091 2939 1135 sunt
2969 1096 3063 1151 per
3093 1080 3266 1146 ipsius
3295 1095 3359 1135 ac
3379 1079 3559 1135 Patris
3591 1086 3645 1132 ct

2071 1165 2310 1234 Spiritus
2340 1167 2514 1221 sancti
2548 1170 2961 1236 operationem;
3001 1172 3244 1241 nihilque
3274 1173 3498 1227 humani
3555 1172 3644 1225 iu-

2071 1258 2323 1322 terccdit,
2356 1263 2537 1315 omnia
2583 1270 2766 1317 autem
2811 1262 2995 1316 divina
3035 1265 3208 1334 gratia
3245 1274 3462 1334 peracta
3495 1273 3641 1320 sunt.

2068 1348 2283 1405 Idcirco
2338 1366 2556 1421 quoque
2608 1352 2847 1410 oii‘ercns
2909 1355 3169 1411 sacerdos
3214 1365 3464 1420 sanctus,
3517 1371 3645 1411 san-

2068 1452 2327 1512 ctumque
2377 1444 2546 1500 altare
2576 1445 2630 1499 in
2675 1462 2787 1513 quo
2818 1448 3156 1502 sacrificium
3186 1448 3488 1518 perﬁcitur,
3526 1449 3646 1504 sine

2069 1537 2268 1599 quibus
2317 1535 2529 1592 duobus
2588 1553 2750 1593 sacra
2804 1538 2949 1592 nulla
3021 1539 3176 1593 nunt.
3253 1538 3420 1609 igitur
3465 1540 3647 1595 missa)
3752 1568 3753 1573 η

2070 1625 2483 1681 fundamentum
2532 1628 2743 1683 Domini
2774 1632 2935 1684 verba
2970 1641 3093 1684 sunt
3127 1632 3179 1684 in
3226 1646 3381 1685 caena
3432 1630 3644 1699 prolata

2072 1727 2126 1775 et
2157 1736 2254 1788 per
2283 1736 2472 1789 preces
2507 1722 2810 1775 sacerdotis
2868 1702 3380 1792 operantia.‘l)uare
3408 1737 3645 1790 operans

387 1813 683 1882 σφραγίζει
712 1813 780 1866 τὰ
810 1812 928 1867 θεῖα
957 1814 1125 1883 δῶρα,
1166 1815 1264 1867 καὶ
1307 1814 1542 1887 εἱρηκὼς
1580 1816 1694 1881 καῖ,
1730 1815 1967 1884 Ποίητον

2073 1814 2324 1868 sacerdos
2358 1827 2467 1865 non
2499 1823 2558 1867 ut
2600 1814 2785 1878 homo,
2845 1814 2939 1869 sed
2988 1824 3046 1869 ut
3093 1815 3345 1870 Christus
3409 1818 3462 1868 in
3518 1813 3645 1883 Spi-

385 1905 480 1959 τδν
510 1905 612 1974 μὶν
660 1906 828 1977 άρτον
883 1905 1077 1961 τοῦτον
1124 1907 1305 1976 τίμιον
1351 1906 1510 1975 σῶμα
1561 1907 1656 1961 τοῦ
1725 1905 1963 1976 Χριστοῦ

2073 1903 2179 1958 ritu
2208 1914 2403 1958 sancto
2439 1905 2699 1972 operattir
2738 1921 2831 1974 per
2861 1906 3259 1962 sacerdotalem
3292 1906 3644 1976 dignitatem.

387 2013 483 2050 σου
519 2013 533 2029 ⁸
567 1997 664 2051 καὶ
698 1998 1009 2067 σφραγίσας
1037 1998 1130 2052 τὸν
1157 2000 1344 2067 ἄρτον,
1381 1999 1468 2052 Τὸ
1518 1998 1575 2052 δὲ
1609 2001 1668 2052 ἐν
1695 1999 1771 2069 τῷ
1798 2008 1964 2070 ποτη-

387 2088 490 2159 ρίῳ
515 2088 699 2157 τίμιον
734 2082 874 2157 αἷμα
902 2089 995 2143 τοῦ
1028 2088 1266 2160 Χριστοῦ
1301 2106 1419 2152 σου,
1460 2089 1554 2143 καὶ
1590 2091 1651 2143 τ’)
1702 2091 1965 2160 ποτήριον

388 2180 724 2248 σφραγίσας,
754 2181 940 2249 τρίτον
965 2181 1020 2234 δὲ
1062 2182 1156 2255 gul.
1184 2181 1474 2252 ἀμφότερα
1510 2181 1840 2251 σφραγίσας,
1868 2181 1965 2235 καὶ

384 2270 646 2338 ἀνειπὼν,
702 2271 1040 2327 Μετασαλὼν
1087 2273 1165 2343 τῷ
1216 2273 1497 2344 ῐΙνεύματί
1554 2291 1648 2327 σου
1690 2271 1767 2342 τῷ
1798 2274 1963 2344 ἁγίῳ,

384 2363 448 2416 τὸ
482 2364 655 2435 ’Δμὴν
681 2365 944 2432 ἐπιλέγει,
973 2365 1212 2437 βεϐαιῶν
1257 2367 1318 2420 τὸ
1350 2368 1671 2435 μυστήριον,
1703 2366 1797 2419 καὶ
1826 2366 1964 2437 θαρ-

391 2453 628 2527 ρούντως
653 2456 951 2526 ὁμολογῶν,
985 2456 1061 2520 ὡς
1096 2457 1256 2525 σῶμα
1287 2458 1380 2511 καὶ
1429 2450 1568 2524 αἷμα
1614 2455 1685 2509 sit
1735 2455 1964 2525 προκεί-

393 2549 533 2617 μενά
584 2550 694 2617 εἱσι
724 2548 820 2601 τοῦ
850 2548 1115 2617 Χριστοῦ,
1150 2550 1216 2618 τῇ
1256 2546 1422 2601 αὐτοῦ
1467 2547 1700 2617 δυνάμει
1731 2548 1826 2601 καὶ
1868 2544 1963 2600 τοῦ

393 2639 601 2705 Πατρδς
630 2640 725 2693 καὶ
767 2639 860 2694 τοῦ
912 2640 1252 2711 Πνεῦματος,
1307 2641 1403 2693 καὶ⁵
1431 2640 1589 2693 οὐδὲν
1627 2637 1966 2706 ἀνθρώπινον

393 2734 590 2791 ἐκεῖσε,
641 2731 779 2785 ἀλλὰ
830 2732 1009 2786 πάντα
1059 2732 1182 2803 θείᾳ
1228 2733 1443 2801 γίνεται
1491 2733 1698 2802 χάριτι.
1747 2731 1840 2783 Διὸ
1874 2732 1966 2783 καὶ

393 2825 417 2876 6
449 2823 742 2893 προσάγων
786 2825 1327 2896 κεχειροτονημένος,
1362 2823 1456 2878 καὶ
1483 2824 1544 2877 τὸ
1576 2823 1965 2892 θυσιαστήριον

393 2917 476 2993 ξφ⁹
505 2910 550 2985 ᾧ
579 2917 647 2971 τὰ
677 2915 845 2985 δῶρα,
879 2918 1238 2987 ἡγιασμένον,
1277 2916 1372 2970 καὶ
1402 2916 1572 2986 χωρὶς
1616 2913 1847 2977 τούτων,
1873 2930 1964 2967 τε·

392 3011 563 3063 λεὶται
587 3009 768 3087 οὐδέν,
802 3008 1068 3078 Θεμέλιος
1104 3009 1208 3078 μὲν
1239 3008 1335 3063 οὖν
1362 3010 1479 3062 ἐστι
1519 3010 1618 3078 τῆς
1652 3006 1964 3078 ἱερουργίας

396 3102 456 3155 τά
483 3101 581 3155 τοῦ
608 3102 838 3172 κυρίου,
873 3101 948 3163 ὡς
992 3102 1225 3169 ἔφημεν,
1262 3101 1480 3171 ῥήματα
1510 3100 1568 3164 ἐξ
1590 3099 1788 3170 ἀρχῆς,
1818 3099 1967 3166 ἑνερέ

2064 1994 2132 2050 Et
2187 1997 2329 2052 sicut
2376 1996 2520 2052 Deus
2573 1997 2742 2052 semei
2794 1997 2969 2055 dixit:

3057 1996 3338 2057 Germinet
3388 2007 3558 2059 terra,
3593 2007 3650 2052 et

2065 2103 2212 2146 terra
2269 2089 2566 2145 secundum
2626 2090 2865 2143 divinam
2924 2089 3264 2144 voluntatem
3326 2089 3648 2159 germinare

2068 2183 2211 2237 haud
2243 2183 2445 2237 desinit
2473 2198 2489 2247 ;
2527 2194 2579 2236 et
2609 2180 2731 2235 Fiat
2757 2182 2871 2244 lux,
2897 2190 2952 2236 et
2983 2183 3075 2236 lux
3109 2197 3326 2250 semper
3366 2182 3535 2245 lucet,
3566 2184 3650 2237 sic

2068 2274 2198 2329 illud
2223 2291 2240 2328 :
2270 2272 2382 2328 Hoc
2407 2273 2568 2329 facile
2590 2274 2644 2326 in
2676 2288 2845 2331 meam
2875 2274 3482 2338 commemorationem,
3507 2289 3651 2330 sem-

2074 2382 2172 2437 per
2198 2367 2252 2420 in
2308 2366 2607 2420 sacerdotis
2643 2380 2739 2419 ore
2775 2365 2940 2435 viget.
2981 2367 3119 2422 iiinc
3161 2367 3331 2421 illud:
3384 2367 3494 2422 Fac
3550 2381 3650 2437 pa.

2067 2475 2190 2514 nem
2225 2459 2371 2512 hunc
2402 2472 2602 2527 corpus
2665 2456 2893 2524 Cbristi,
2946 2459 3002 2512 in
3057 2467 3386 2529 perpetuum
3433 2457 3488 2513 in
3553 2472 3649 2513 ore

2067 2551 2370 2607 sacerdotis
2427 2563 2709 2620 Operatur,
2760 2561 2813 2605 et
2888 2552 3017 2606 inde
3061 2567 3260 2621 corpus
3310 2562 3368 2607 et
3422 2552 3649 2621 sanguis

2071 2644 2285 2715 Domini
2317 2634 2673 2700 consecratus
2711 2645 2917 2698 veritas
2939 2653 2993 2699 et
3017 2660 3125 2699 non
3181 2657 3341 2716 typus
3367 2653 3472 2710 est,
3506 2645 3650 2699 sicut

2069 2739 2184 2808 ipse
2214 2739 2305 2808 qui
2336 2753 2433 2808 per
2472 2739 2815 2792 sacerdotem
2839 2746 3100 2805 operatur
3130 2739 3522 2803 pronuntiavit.
3555 2738 3650 2794 Sic

2067 2829 2236 2897 igitur
2267 2828 2384 2898 ipse
2411 2829 2722 2897 exemplum
2761 2827 2908 2881 dedit
2968 2828 3243 2896 quomodo
3295 2828 3521 2881 missam
3550 2841 3649 2894 per

2066 2936 2259 2992 preces
2298 2919 2574 2975 celebrare
2611 2920 2931 2975 debeamus.
2979 2919 3206 2988 Accepit
3257 2919 3403 2973 enim
3426 2931 3646 2988 panem.

2067 3022 2122 3070 et
2187 3015 2389 3070 ctelum
2446 3013 2758 3083 suspiciens
2805 3023 2882 3074 et,
2953 3019 3012 3064 ut
3082 3012 3349 3079 scriptum
3424 3009 3647 3080 legitur,

2069 3108 2264 3177 gratiis
2311 3107 2424 3163 Deo
2455 3107 2616 3165 actis.
2651 3105 2813 3173 fregit
2851 3112 2905 3158 et
2932 3104 3081 3158 dedit
3137 3103 3458 3173 discipulis:
3491 3103 3651 3159 Acci-

394 3194 479 3259 γεῖ
507 3191 565 3244 δὲ
600 3191 691 3245 διὰ
714 3190 824 3243 τῶν
844 3191 941 3243 τοῦ
979 3189 1172 3260 ἱερέως
1210 3188 1408 3260 εὐχῶν.
1438 3190 1602 3242 Ὥστε
1626 3189 1726 3242 οὐκ
1749 3188 1966 3257 ἄνθρω-

2073 3200 2201 3269 pite.
2243 3197 2453 3261 dicens,
2494 3205 2548 3250 et
2593 3194 2776 3259 edite;
2824 3202 2897 3256 et,
2931 3190 3106 3246 Bibite
3158 3206 3222 3255 ex
3270 3205 3368 3254 eo,
3425 3198 3480 3244 et
3525 3202 3650 3258 quae

395 3284 494 3345 πός
529 3284 678 3335 ἔστιν
706 3283 735 3335 6
764 3282 1026 3351 ἔνεργῶν,
1079 3281 1215 3334 καθὸ
1241 3281 1530 3353 ἄνθρωπος
1561 3283 1589 3334 6
1619 3282 1817 3351 ἱερεὺς,
1851 3278 1966 3332 ἀλλ’

396 3378 422 3428 6
457 3373 693 3445 Χριστὸς
723 3375 783 3427 ὲν
832 3374 974 3444 ἁγίῳ
1024 3372 1327 3443 Πνεύματι,
1378 3373 1468 3426 διὰ
1522 3373 1621 3441 τῆς
1668 3352 1985 3443 ἱερωσύνηςί

399 3468 502 3522 τῶν
539 3467 747 3538 ἱερέων.
801 3469 909 3520 Καὶ
947 3465 1135 3539 ὥσπερ
1185 3465 1331 3533 ἅπαξ
1371 3464 1476 3534 ἔφη
1524 3466 1677 3531 Θεὸς,
1728 3466 1970 3533 Βλαστη-

396 3561 603 3630 σάτωή
632 3559 728 3631 γῆ,
763 3560 861 3614 καὶ
890 3559 1113 3629 ἐνεργόν
1143 3560 1260 3611 ἐστι
1285 3558 1345 3612 τὸ
1379 3559 1531 3626 ῥῆμα
1575 3557 1670 3610 καὶ
1704 3557 1791 3610 ἀεὶ
1813 3556 1966 3623 ἳβλα-

394 3652 580 3705 στάνει
610 3651 643 3720 ἡ
668 3650 762 3720 γῆ,
789 3651 907 3711 καὶ,
962 3647 1253 3718 Γενηθήτω
1294 3647 1428 3717 φῶς,
1467 3647 1558 3699 καὶ
1583 3644 1671 3699 ἀεὶ
1703 3645 1884 3712 φαίνει
1908 3642 1970 3697 τὸ

395 3745 532 3812 φῶς,
586 3742 763 3803 οὕτω,
796 3742 968 3796 Τοῦτο
1016 3743 1244 3805 ποιεῖτε,
1296 3739 1492 3807 εἰπὼν,
1557 3740 1639 3801 είς
1673 3739 1773 3806 τὴν
1829 3735 1969 3806 ἐμὴν

395 3837 726 3905 ἀνάμνησιν,
753 3834 839 3887 ἀεὶ
864 3834 1082 3904 ἐνεργεῖ
1101 3831 1191 3886 διὰ
1221 3832 1336 3886 τῶν
1361 3831 1552 3902 ἱερέων
1586 3828 1757 3883 αὐτοῦ
1781 3829 1840 3883 τὸ
1872 3829 1970 3899 ρἧ

396 3947 490 3999 μα.
511 3928 604 3980 Διδ
632 3926 725 3980 atati.
744 3926 825 3989 τὸ,
853 3923 1083 3991 Ποίησον
1104 3924 1208 3987 ,τὸν
1235 3921 1401 3993 ἄρτον
1418 3919 1604 3975 τοῦτον
1625 3918 1790 3989 287
1809 3918 1970 3986 σῶμα

394 4017 658 4091 Χριστοῦ,
692 4018 917 4088 ἐνεργὸν
938 4016 1029 4070 διὰ
1057 4015 1165 4068 τῶν
1202 4016 1394 4080 ἱερέων
1428 4013 1565 4077 ὲστὶ,
1591 4015 1683 4065 καὶ
1706 4012 1793 4064 διὰ
1812 4010 1972 4064 τοῦτο

394 4113 605 4184 μᾶλλον
636 4109 863 4181 ἀλήθεια
900 4110 993 4162 καὶ
1025 4109 1088 4161 οὐ
1119 4108 1311 4169 τύπος,
1350 4104 1512 4174 σῶμα
1540 4104 1637 4158 καὶ
1671 4098 1809 4172 αἷμα
1834 4104 1970 4172 Χρι-

389 4206 524 4262 στοῦ
553 4206 622 4261 τὰ
654 4201 1089 4274 ἱερουργούμενά
1138 4202 1300 4266 εἰσιν,
1354 4199 1438 4253 ὅτι
1485 4198 1650 4261 αὐτός
1697 4196 1971 4261 ἐστιν,ὠς

388 4300 747 4372 προείρηται,
777 4298 805 4350 6
846 4296 933 4350 διὰ
973 4295 1082 4348 τῶν
1122 4293 1316 4363 ἱερέων
1350 4291 1617 4362 ἐνεργῶν.
1654 4291 1764 4344 Καὶ
1810 4289 1972 4343 τοῦτο

385 4393 564 4455 οὕτως
600 4389 763 4452 αὐτὸς
803 4386 1089 4457 παρέδωκε
1134 4384 1406 4452 γίνεσθαι,
1440 4384 1502 4436 τὸ
1531 4382 1619 4436 διὰ
1651 4381 1760 4435 τῶν
1793 4382 1971 4452 εὐχῶν

383 4484 722 4553 ἱερουργεῖν.
776 4480 977 4534 Ἐλαϐε
1024 4479 1135 4551 γὰρ
1184 4478 1275 4532 τδν
1322 4477 1524 4548 ἄρτον,
1580 4477 1676 4529 καὶ
1751 4477 1831 4538 εἰς
1879 4477 1972 4530 τὸν

2076 3300 2402 3360 sequuntur,
2429 3296 2591 3358 alque
2644 3288 2718 3341 ita
2765 3286 2907 3352 ipse,
2934 3285 3024 3354 qui
3065 3284 3318 3354 precibus
3367 3297 3503 3351 opus
3536 3284 3649 3337 ndn

2074 3384 2259 3446 habet,
2293 3391 2482 3452 utpote
2513 3378 2654 3434 Dens
2681 3376 3057 3446 omnipotens,
3094 3390 3191 3444 per
3248 3388 3439 3443 preces
3489 3386 3649 3427 sacra

2077 3474 2341 3538 instituit,
2390 3472 2781 3527 demonstrans
2818 3470 2963 3538 quod
2991 3482 3096 3520 una
3130 3466 3307 3519 virtus
3355 3472 3438 3518 est
3467 3460 3653 3515 Triui-

2074 3570 2204 3637 tatis
2237 3577 2291 3624 et
2319 3568 2462 3638 quod
2494 3567 2611 3635 ipse
2652 3565 2704 3619 in
2756 3578 2912 3620 sacra
2956 3560 3279 3631 Operatiooe
3340 3560 3552 3615 Patrem
3594 3563 3651 3608 et

2076 3663 2339 3734 Spiritum
2369 3666 2618 3715 sanctum
2642 3663 3024 3726 cooperatores
3049 3656 3234 3716 habet,
3281 3649 3425 3721 quod
3484 3649 3653 3704 etiam

2080 3756 2134 3808 in
2171 3753 2355 3807 divina
2387 3749 2766 3804 incarnatione
2800 3746 3073 3816 apparuit.
3120 3745 3240 3813 ipse
3303 3743 3449 3797 enim
3498 3740 3651 3794 solus

2078 3848 2407 3909 Unigenitus
2435 3853 2520 3900 est
2560 3843 2916 3898 incarnatus:
2943 3836 3037 3891 sed
3064 3837 3223 3891 Pater
3250 3847 3466 3904 quoque
3497 3844 3654 3885 com-

2077 3939 2325 4010 probavit
2372 3944 2429 3990 et
2464 3933 2703 4004 Spiritus
2750 3938 2975 3984 sanctus
2999 3936 3321 3993 cooperatus
3347 3931 3464 3983 .est,
3508 3922 3654 3977 sicut

2077 4034 2239 4087 etiam
2269 4027 2588 4098 archangeli
2637 4024 2898 4080 allocutio
2947 4021 3011 4076 ad
3056 4019 3336 4087 Virginem
3389 4014 3651 4071 ostendit.

2083 4116 2198 4173 Una
2241 4118 2385 4172 enim
2419 4127 2505 4169 est
2535 4113 2828 4168 Trinitatis
2860 4111 3059 4172 virtus,
3093 4119 3149 4164 et
3184 4107 3356 4161 Filius
3392 4107 3651 4163 incarna-

2080 4220 2169 4265 tus
2201 4207 2335 4263 nihil
2374 4206 2506 4262 fecit
2554 4206 2675 4260 sine
2708 4203 3112 4274 approbatione
3171 4201 3347 4256 Patris
3391 4207 3488 4253 aut
3533 4198 3655 4253 sine
3756 4232 3761 4237 -

2077 4300 2465 4370 cooperatione
2498 4297 2741 4368 Spiritus
2786 4296 2987 4351 sancti.
3009 4294 3180 4365 Igitur
3208 4294 3300 4363 qui
3333 4305 3520 4363 preces
3564 4305 3656 4344 sa-

2077 4394 2315 4450 cerdotis
2360 4391 2415 4445 in
2468 4389 2838 4446 celebratione
2899 4388 3284 4458 mysteriorum
3319 4384 3552 4454 respuit,
3605 4383 3653 4436 is

2078 4483 2255 4561 nullas
2283 4496 2513 4552 prorsus
2541 4493 2739 4551 preces
2767 4479 2819 4533 in
2846 4492 2905 4533 se
2953 4476 3199 4532 eﬂicaces
3241 4474 3551 4544 experituri;
3606 4473 3653 4527 is

382 4576 624 4646 οὐρανὸν
654 4571 936 4642 ἀνέϐλεψε,
993 4568 1138 4624 καθὰ
1168 4570 1501 4638 γέγραπται,
1539 4568 1631 4622 καὶ
1682 4567 1761 4636 τῷ
1790 4566 1968 4636 Πατρὶ

2075 4589 2182 4630 non
2212 4583 2298 4629 cst
2349 4571 2715 4634 Christianus,
2769 4571 2967 4640 quippe
3011 4569 3127 4639 qui,
3172 4567 3362 4636 utjatn
3389 4565 3652 4628 diximus.

381 4664 822 4736 εὐχαριστήσας,
877 4662 1074 4716 ἔκλασε
1127 4663 1223 4716 καὶ
1275 4662 1445 4715 ἔδωκε
1496 4661 1611 4722 τοῖς
1660 4659 1971 4730 μαθηταῖς,

381 4761 590 4827 λέγων,
614 4755 847 4821 Λάϐετε,
877 4755 1102 4826 φάγετε,
1133 4755 1248 4818 καὶ,
1275 4754 1438 4806 Πίετε
1470 4750 1531 4817 ἐξ
1555 4750 1744 4814 αὐτοῦ,
1786 4751 1881 4803 καὶ
1905 4747 1973 4802 τὰ

380 4852 557 4906 λοιπὰ
591 4848 817 4918 ὁμοίως,
854 4847 997 4901 ὥστε
1032 4848 1125 4899 καὶ
1160 4845 1325 4908 αὐτὸς
1358 4845 1515 4898 αὐτά
1536 4843 1624 4896 διὰ
1657 4842 1765 4896 τῶν
1797 4841 1975 4911 εὐχῶν

378 4942 754 5013 ιερούργησεν
782 4939 845 4994 οὐ
867 4936 1060 5009 χρείαν
1095 4935 1236 5008 ἔχων
1274 4936 1474 5008 εὐχῶν,
1511 4934 1642 4997 Θεὸς
1674 4932 1749 4988 ὣν
1777 4950 1976 4988 παντο-

378 5039 656 5107 δύναμος,
691 5035 811 5090 ἀλλ’
841 5035 906 5088 ὲκ
954 5031 1148 5087 τούτου
1193 5032 1429 5094 δεικνὺς,
1462 5032 1545 5085 ὅτι
1601 5030 1699 5099 μία
1744 5029 1976 5099 δύναμις

381 5131 490 5198 τῆς
524 5128 776 5198 Ῥριὰδος,
807 5127 902 5181 καὶ
934 5126 991 5179 ὲν
1017 5124 1098 5195 τῷ
1145 5124 1310 5178 αὐτὸν
1350 5123 1698 5198 αὐτουργεῖν,
1751 5122 1848 5174 καὶ
1882 5122 1974 5177 τὸν

377 5196 618 5293 Πατέρα
675 5217 1104 5273 συνευδοκοῦντα
1162 5216 1303 5286 ἔχει,
1357 5196 1453 5269 aiat
1509 5216 1569 5268 τὸ
1629 5213 1853 5283 Πνεῦμα
1912 5213 1974 5265 τὸ

256 5306 265 5321 “
372 5316 552 5378 anno»
580 5309 864 5380 συνεργὸν,
901 5307 1049 5362 καθὰ
1091 5307 1185 5361 καὶ
1214 5307 1274 5359 ἐν
1302 5309 1370 5377 τῇ
1399 5304 1567 5361 αὐτοῦ
1597 5305 1718 5376 θείᾳ
1749 5303 1971 5372 σαρκώο

371 5421 480 5461 σει
507 5402 749 5470 γέγονεν.
789 5400 966 5463 Αὐτὸς
1002 5400 1103 5470 μὲν
1143 5400 1254 5469 γὰρ
1302 5395 1373 5470 ἦν
1407 5398 1567 5469 μόνος
1600 5398 1630 5451 6
1656 5397 1975 5467 Μονογενὴς

369 5488 731 5565 σαρκωθεὶς,
769 5492 905 5546 ἀλλὰ
978 5494 1077 5547 καὶ
1130 5493 1159 5546 6
1215 5491 1407 5560 Πατὴρ
1455 5489 1738 5558 εὐδόκησε,
1780 5491 1875 5543 καὶ
1910 5487 1972 5542 τὸ

369 5587 623 5658 Πνεῦμα
655 5586 712 5641 δὲ
732 5582 1108 5658 τῇλσαρκώσει
1141 5583 1509 5654 συνήργησεν,
1533 5580 1609 5646 ὡς
1642 5581 1739 5635 καὶ
1770 5582 1804 5653 ὴ
1834 5581 1974 5648 πρὸς

371 5684 491 5751 ςὴν
513 5679 789 5750 Παρθένον
823 5679 1069 5734 διδάσκει
1113 5676 1210 5731 τοῦ
1242 5676 1587 5747 ἀρχαγγέλου
1624 5674 1801 5743 φωνὴ,
1845 5675 1972 5727 ἐπεὶ

364 5774 491 5831 καὶ
519 5771 619 5843 μία
639 5772 696 5843 ,ἡ
739 5771 840 5840 τῆς
868 5769 1100 5841 Τριάδος
1127 5769 1365 5840 δύναμις
1399 5769 1494 5822 καὶ
1541 5769 1817 5836 ἐνέργεια,
1871 5768 1970 5820 καὶ

359 5864 546 5927 οὐδὲν
568 5865 706 5931 ὅπερ
730 5865 760 5919 ὁ
787 5863 917 5930 Υἱὸς
956 5862 1261 5933 σαρκωθεὶς
1304 5862 1683 5927 ικτετέλεκεν,
1712 5862 1794 5925 εἱς
1819 5860 1848 5914 ὃ
1887 5861 1963 5932 μὴ

2078 4681 2179 4721 nec
2208 4664 2566 4733 baptismum,
2606 4677 2706 4717 nec
2758 4662 3026 4724 chrisma,
3069 4673 3172 4715 nec
3242 4657 3648 4729 paenitentiam.

2075 4772 2254 4826 neque
2274 4757 2451 4810 oleum
2479 4768 2718 4818 sacrum,
2751 4766 2850 4806 nec
2872 4758 3220 4822 peccatorum
3249 4748 3659 4816 remissionem;

2076 4858 2171 4903 aut
2208 4845 2585 4901 sacerdotium
2619 4844 2885 4911 divinum,
2921 4853 3015 4900 aut
3058 4843 3220 4897 vitam
3272 4840 3652 4903 monasticam,

2075 4948 2171 4994 aut
2232 4936 2498 5007 templum
2547 4944 2821 4996 sanctum,
2889 4943 2984 4988 aut
3032 4933 3251 5004 nuptias
3288 4945 3500 4996 sacras,
3558 4942 3655 4984 aut

2076 5043 2461 5098 quamcunque
2517 5025 3015 5082 sanctiﬁcationcm
3066 5024 3120 5078 in
3182 5039 3241 5079 se
3298 5030 3497 5093 portat.
3563 5019 3653 5073 lba

2074 5121 2216 5174 cnim
2247 5119 2430 5173 omnia
2474 5132 2570 5186 per
2596 5132 2792 5187 preces
2819 5117 3104 5188 liturgicas
3143 5114 3394 5171 cllectum
3429 5112 3651 5167 habent.

2079 5213 2247 5284 igitur
2274 5211 2365 5274 qui
2406 5211 2531 5266 talis
2569 5219 2678 5274 est,
2727 5209 2907 5264 nuiias
2938 5223 3039 5264 nec
3081 5216 3206 5265 ante
3242 5220 3340 5259 nec
3370 5212 3493 5273 post
3525 5203 3655 5256 mis-

2073 5323 2187 5361 sam
2217 5304 2386 5370 dicat,
2442 5303 2676 5374 Spiritus
2720 5302 2897 5357 sancti
2955 5300 3186 5368 gratiam
3233 5310 3513 5366 nunquam
3569 5295 3653 5350 in-

2075 5409 2248 5464 vocet,
2290 5398 2495 5454 nullam
2555 5412 2680 5453 cum
2714 5396 2937 5454 Christo
2996 5392 3442 5449 communionem
3479 5391 3640 5446 ineat.

2085 5506 2184 5548 nec
2218 5492 2271 5547 in
2305 5491 2578 5559 baptismo
2609 5503 2710 5545 nec
2769 5489 2822 5542 in
2879 5488 3094 5544 caeteris
3134 5485 3492 5540 sacramentis
3529 5482 3656 5553 Spi-

2076 5586 2217 5640 ritus
2263 5583 2437 5639 sancti
2465 5583 2684 5637 invocet
2746 5580 3002 5650 gratiam.
3042 5578 3342 5647 Nunquam
3398 5575 3656 5633 Ecclesiae

2077 5677 2339 5750 mysteria
2369 5677 2682 5747 participet,
2708 5690 2777 5729 ne
2801 5675 2874 5731 sit
2929 5672 3299 5729 Christianus.
3357 5670 3415 5727 Si
3450 5681 3648 5727 -autem

2074 5770 2449 5825 Christianum
2482 5785 2542 5826 se
2587 5769 2742 5833 dicit,
2780 5769 2825 5826 si
2852 5768 3155 5825 sacerdotis
3177 5782 3362 5837 preces
3391 5767 3654 5829 atitttiiiii,

2075 5870 2130 5917 et
2163 5874 2327 5917 voces
2385 5860 2647 5931 mysticas
2699 5859 2931 5929 accipiat
2979 5857 3045 5915 ad
3095 5857 3315 5912 Patrem
3365 5856 3564 5913 emisti;
3594 5867 3654 5911 et
