4068 6280
505 399 610 463 739

1355 408 1738 470 SYMEI’)NIS
1779 409 2075 468 TlIESSA
2090 409 2557 473 LONICENSIS
2601 414 2801 474 ARCH
2815 412 2959 476 IEP.

3638 412 3734 475 7m

497 518 604 573 sub
666 515 906 587 Spiritus
969 519 1142 574 sancti
1227 520 1566 577 invocatione
1616 523 1881 592 prolatas,
1930 523 2073 574 sicut

2175 527 2264 576 καὶ
2296 523 2588 591 εὐδόκησεν
2637 526 2663 576 6
2717 524 2923 594 Πατὴρ,
2957 522 2989 592 ἢ
3024 522 3086 574 τὸ
3123 519 3345 591 Πνιῦμα
3376 521 3438 575 τδ
3473 522 3630 590 ᾶγιον
3672 526 3736 592 μὴ

496 609 760 666 Dominus
791 613 1147 682 praescripsit.
1183 613 1294 668 Dco
1356 617 1558 684 gratias
1607 615 1860 680 dicendo,
1921 615 2068 670 inter

496 699 877 767 mysteriorum
949 702 1391 758 celebrationem.
1486 704 1542 758 Id
1613 706 1757 759 enim
1833 706 2065 773 apostoli

494 805 709 858 quoque
737 790 916 846 facere
967 794 1065 847 visi
1120 804 1267 857 sunt,
1314 796 1520 861 gratias
1587 807 1808 863 agentes
1855 805 1906 850 et
1965 811 2063 864 pa-

496 898 617 937 nem
654 883 987 953 frangentes,
1024 887 1167 939 sicut
1192 886 1381 940 Patres
1418 887 1656 942 Basilius
1703 895 1757 940 et
1816 888 2060 958 Chryso-

494 985 705 1029 stomus
760 977 1121 1030 tradiderunt.
1163 977 1265 1042 Qui
1308 987 1490 1031 autem
1545 979 1832 1040 resistunt.
1879 994 1908 1032 a
1967 994 2064 1032 sua

495 1068 734 1134 ipsorum
759 1067 970 1138 Iiturgia
1003 1069 1429 1136 reprehendendi
1456 1077 1638 1132 erunt,
1666 1069 1791 1137 quia
1821 1069 1990 1138 elipsi
2011 1072 2064 1124 iu

497 1173 700 1226 corpus
727 1158 931 1213 Christi
965 1160 1284 1227 sanguinem
1311 1161 1688 1214 transformari
1749 1162 1960 1224 dicunt,
2011 1171 2065 1216 ct

491 1251 634 1304 dona
702 1251 1046 1314 benedicunt,
1090 1261 1144 1305 et
1198 1266 1297 1306 suo
1352 1267 1502 1306 more
1565 1261 1754 1306 contra
1823 1253 2062 1307 divinam

493 1345 845 1398 traditionem
882 1345 1180 1407 insumant,
1209 1362 1314 1400 non
1364 1348 1606 1406 contenti
1663 1349 1796 1403 solis
1845 1347 2061 1401 Domini

492 1421 785 1488 νει-ωε.Ἠὶ
840 1450 933 1502 per
975 1452 1072 1490 nos
1107 1452 1242 1490 nova
1291 1439 1640 1492 introducant
1711 1439 1912 1494 licebit.
1955 1438 2063 1494 Nos

491 1541 671 1581 antem
702 1528 1023 1583 trailitiOnes
1054 1540 1301 1596 receptas
1329 1533 1716 1595 observantes,
1746 1533 1890 1586 sicut
1941 1532 2061 1587 Sal-

495 1631 645 1672 vator
671 1619 785 1688 ipse
837 1622 1232 1691 perAaposiolos
1254 1621 1550 1691 Pntrcsque
1577 1623 1826 1685 tradidit,
1858 1633 2061 1678 sanctae

491 1712 892 1764 communionis
913 1681 1178 1781 mysteria
1233 1717 1335 1766 sub
1373 1704 1607 1782 Spiritus
1661 1717 1838 1770 sancti
1876 1700 2058 1770 Iinvo-

490 1805 706 1856 catione
740 1812 791 1855 ct
824 1819 918 1870 per
954 1805 1116 1858 verba
1150 1804 1359 1859 Domini
1389 1815 1444 1860 et
1491 1807 1837 1860 sacerdotum
1867 1823 2058 1876 preccs

491 1897 732 1963 prolatas
781 1911 1125 1965 peragamus,
1182 1908 1234 1952 et
1279 1899 1358 1952 sic
1401 1898 1582 1952 omnia
1635 1900 1819 1952 divina
1873 1916 2056 1955 sacra-

491 1998 702 2050 menta,
736 1988 1021 2042 sacerdote
1066 1989 1278 2043 Numen
1311 1991 1653 2056 implorante,
1693 1991 2054 2058 celebremus,

488 2086 543 2129 et
589 2062 782 2130 crucis
837 2077 994 2140 signo
1033 2079 1257 2147 signati,
1302 2080 1484 2132 omnia
1513 2080 1578 2133 ad
1609 2091 1857 2135 sanctum
1893 2081 2050 2136 finem

490 2169 807 2235 perductum
884 2169 950 2222 iri
1024 2171 1321 2225 secundum
1401 2172 1730 2226 voluntatem
1812 2174 2050 2229 divinam

489 2249 800 2314 credamus.
828 2261 956 2316 Haac
984 2260 1272 2317 hactenus.

2173 615 2544 684 συνήργησεν.
2576 614 2789 670 Οὐκοῦν
2824 617 2852 667 6
2885 614 2983 676 τὰς
3021 613 3306 682 ἱερατικὰς
3338 615 3506 683 εὐχὰς
3535 616 3734 669 ἀθετῶν

2170 706 2264 759 ἐπὶ
2328 709 2394 776 τῇ
2446 706 2725 759 τελειώσει
2773 707 2881 758 τῶν
2937 706 3252 776 μυστηρίων
3302 695 3410 758 οὐδ’
3443 706 3609 775 ἄλλην
3651 709 3732 759 ἐπὶ

2167 799 2279 850 τῶν
2305 799 2468 868 ἱερῶν
2521 799 2754 852 ἁπασῶν
2787 798 3021 852 τελετῶν
3050 798 3366 864 τελεστικὴν
3406 799 3570 868 εὐχὴν
3597 799 3733 870 δέχε-

2167 907 2278 955 ται,
2313 891 2405 942 καὶ
2434 890 2494 942 οὐ
2529 889 2855 960 Χριστιανὸς
2892 887 3072 951 οὗτος,
3107 888 3232 940 ἐπεὶ
3270 888 3393 940 οὔτε
3432 889 3726 958 βάπτισμα,

2165 981 2241 1043 ὡς
2297 982 2736 1050 προειρήκαμεν,
2792 980 2918 1033 οὔτε
2973 981 3208 1050 χρίσμα,
3246 980 3370 1033 οὔτε
3426 981 3728 1048 μετάκοιαν,

2165 1071 2277 1126 οὒτ’
2327 1072 2506 1126 ἔλαιον
2538 1072 2715 1139 ἆγιον,
2761 1071 2872 1124 οὐθ’
2924 1071 3213 1139 ἁμαρτιῶν
3266 1072 3484 1138 ἄφεσιν,
3519 1071 3550 1140 ἢ
3588 1071 3732 1124 θείαν

2169 1161 2492 1231 ἱερωσύνην,
2549 1163 2581 1232 ἦ
2622 1162 2910 1230 μοναδικὸν
2959 1162 3165 1232 σχῆμα,
3218 1161 3250 1230 ἢ
3309 1163 3432 1214 ναὸν
3469 1163 3657 1228 ἅγιον,
3698 1162 3728 1232 ἢ

2164 1254 2345 1322 τίμιον
2383 1254 2582 1322 γάμον,
2613 1254 2644 1323 ἢ
2691 1253 2814 1306 τινὰ
2850 1254 2987 1315 ὅλως
3035 1253 3309 1320 ἀγιασμὺν
3344 1253 3728 1323 παραδέχεται.

2165 1345 2352 1398 Ταῦτα
2398 1347 2504 1416 γὰρ
2563 1347 2740 1400 πάντα
2769 1345 2858 1398 διὰ
2887 1345 2996 1397 τῶν
3031 1345 3328 1413 ίερατικῶν
3374 1345 3548 1414 εὐχῶν
3587 1346 3734 1413 ὲνερ-

2163 1441 2364 1506 γεῖται.
2399 1440 2471 1491 Ἢ
2501 1439 2685 1491 τοίνυν
2720 1437 2966 1507 μηδόλως
2993 1437 3159 1508 εὐχὴν
3186 1438 3245 1490 ὲν
3273 1440 3339 1508 τῇ
3382 1438 3667 1509 ἱερουργίᾳ
3699 1439 3728 1508 ἦ

2165 1527 2478 1598 προλεγέτω
2523 1527 2916 1596 ἥὲπιλεγέτω,
2965 1529 3062 1580 καὶ
3110 1528 3199 1580 διὰ
3251 1527 3408 1580 τοῦτο
3468 1529 3604 1598 μηδὲ
3639 1529 3730 1598 τὴν

2161 1622 2321 1690 χάριν
2369 1619 2735 1674 ἐπικαλείσθω
2794 1621 2889 1672 τοῦ
2957 1620 3313 1689 Πνεύματος,
3358 1621 3432 1683 ὡς
3480 1621 3548 1673 ἂν
3601 1622 3730 1689 μηδὲ

2161 1701 2444 1767 κοινωνίαν
2491 1714 2590 1784 ἔχῃ
2636 1714 2898 1784 Χριστοῦ,
2939 1715 3142 1783 ὁμοίως
3181 1733 3240 1768 τε
3279 1715 3500 1786 μήτ’-ὲν
3533 1715 3613 1784 τῷ
3644 1716 3732 1785 βαι

2162 1794 2430 1873 πτίσματι
2483 1805 2515 1874 ἢ
2553 1807 2671 1867 ταῖς
2704 1805 2893 1867 ἄλλαις
2925 1805 3174 1869 τελεταῖς
3210 1803 3585 1858 ὲπικαλείσθω
3638 1805 3730 1874 τὴν

2161 1897 2325 1967 χάριν
2357 1895 2453 1948 τοῦ
2503 1895 2842 1965 Πνεῦματος,
2879 1897 2967 1949 ἴνα
3021 1896 3284 1966 μηδαμῶς
3331 1896 3426 1966 ἔχῃ
3465 1897 3566 1965 τῆς
3610 1896 3732 1950 Ἑκ-

2163 1989 2394 2059 κλησίας
2447 1989 2784 2059 μυστήριον,
2845 1988 2968 2057 μηδ’
2999 1989 3136 2052 ὅλως
3183 1990 3270 2055 εῐη
3309 1989 3655 2059 Χριστιανὸς,
3697 1989 3727 2058 ἢ

2160 2080 2487 2150 Χριστιανὸς
2543 2081 2720 2148 λέγων
2776 2075 2941 2143 εἶναι,
2993 2081 3087 2133 καὶ
3130 2080 3422 2149 δεχόμενος
3478 2081 3578 2142 τὰς
3625 2080 3729 2132 τῶν

2160 2175 2348 2244 ἱερέων
2378 2173 2582 2242 εὐχὰς,
2637 2173 2862 2234 καὶτὰς
2914 2172 3236 2234 τελεστικὰς
3288 2172 3497 2234 ταύτας
3546 2171 3732 2239 φωνὰς

2157 2267 2414 2336 δεχέσθω,
2447 2266 2583 2334 πρὸς
2621 2265 2712 2317 τὸν
2744 2265 2960 2334 Πατέρα
2985 2281 3043 2316 τε
3069 2263 3252 2327 οὔσας,
3285 2266 3381 2317 καὶ
3405 2267 3470 2333 τῇ
3497 2263 3730 2333 ἐπικλή-

489 2367 572 2403 σει
602 2351 893 2421 γινομὲνας
933 2351 1028 2406 τοῦ
1068 2353 1213 2407 θείου
1264 2355 1603 2425 Πνεῦματος,
1639 2357 1714 2420 ὡς
1747 2357 2129 2427 παραδέδωκεν
2193 2360 2221 2410 6
2276 2357 2467 2426 Σωτὴρ
2521 2355 2658 2425 πρὸς
2710 2357 2803 2409 τὸν
2876 2355 3095 2424 Πατέρα
3165 2354 3596 2424 εὐχαριστήσας,
3647 2356 3722 2418 ὡς

483 2444 738 2514 εἴρηται,
797 2447 854 2497 ὲν
906 2446 982 2516 τῷ
1036 2449 1104 2500 τὰ
1141 2449 1416 2524 μυστήρια
1467 2452 1732 2518 ἐνεργεῖν.
1769 2452 1834 2502 Ὃ
1875 2451 1966 2504 καὶ
2031 2453 2078 2503 oi
2157 2451 2446 2504 ἀπόστολοι
2509 2447 2793 2511 ποιοῦντες
2853 2447 3203 2510 ἐδείκνυντο,
3277 2445 3730 2516 εὐχαριστοῦντες

485 2539 601 2606 ἅμα
633 2539 726 2591 καὶ
759 2539 993 2603 κλῶντες
1027 2543 1118 2595 τὸν
1144 2543 1330 2611 ἄρτον,
1361 2550 1455 2596 καὶ
1491 2547 1538 2596 οἱ
1569 2545 1807 2614 Πατέρες
1874 2543 2292 2615 παραδεδώκασι
2366 2542 2643 2604 Βασίλειος
2714 2542 2807 2592 καὶ
2856 2539 3260 2609 Χρυοόστομος.
3326 2541 3387 2592 Οἱ
3466 2539 3730 2592 avesavi-

486 2649 638 2700 μενοι
687 2635 743 2687 δὲ
788 2637 880 2688 καὶ
927 2637 1033 2689 ἀπὸ
1086 2638 1187 2705 τῆς
1219 2638 1369 2705 σφῶν
1405 2638 1747 2706 λειτουργίας
1780 2637 2270 2708 ὲξελεγχέσθωσαν.
2313 2636 2580 2706 Εὐχονται
2659 2633 2768 2702 γὰρ
2851 2632 2950 2684 καὶ
2998 2631 3174 2694 αὐτοὶ,

3261 2631 3328 2683 τὰ
3377 2631 3724 2700 προκείμενα

483 2733 646 2802 σῶμα
675 2736 930 2802 γενέσθαι
983 2739 1077 2789 καὶ
1125 2733 1264 2804 αἷμα
1299 2737 1392 2791 τοῦ
1433 2737 1698 2807 Χριστοῦ,
1747 2738 1843 2790 καὶ
1891 2737 2172 2804 εὐλογοῦσι
2210 2737 2278 2789 τὰ
2306 2735 2479 2804 δῶρα,
2521 2733 2616 2785 καὶ
2656 2729 2942 2800 ἐμφυσῶσι
3013 2730 3164 2799 παρὰ
3230 2729 3329 2798 τὴν
3403 2727 3557 2781 Θείαν
3631 2745 3736 2781 πα-

487 2826 730 2892 ράδοσιν,
780 2830 880 2882 οὐκ
933 2831 1265 2901 ἀρκούμενοι
1322 2836 1444 2895 ταῖς
1492 2832 1588 2886 τοῦ
1671 2834 1876 2903 Κυρίου
1928 2833 2088 2900 μόνον
2165 2832 2390 2898 φωναῖς.
2434 2827 2573 2882 Ἀλλ’
2625 2819 2770 2879 οῦτοι
2832 2825 2929 2892 μὲν
2981 2825 3156 2877 πάντα
3204 2822 3732 2892 καινοτομείτωσαν.

496 2920 692 2990 Ἡμεῖς
729 2926 786 2978 δὲ
820 2929 1115 3000 τηροῦντες
1140 2930 1239 2991 τὰς
1283 2929 1605 2998 παραδόσεις
1642 2929 1710 2992 ἃς
1747 2928 2153 3000 παρελάϐομεν,
2183 2929 2256 2990 ὡς
2279 2929 2306 2979 6
2329 2926 2520 2993 Σωτὴρ
2548 2923 2616 2975 δι’
2655 2920 2850 2974 ἑαυτοῦ
2877 2919 2971 2972 καὶ
3040 2919 3147 2972 τῶν
3210 2918 3525 2970 ἀποστόλων
3595 2935 3740 2986 παρ-

482 3017 652 3071 έδωκε
706 3020 801 3072 καὶ
849 2997 1126 3090 Πατέρων,
1167 3023 1236 3075 τά
1269 3039 1325 3074 τε
1367 3024 1643 3093 μυστήρια
1691 3025 1789 3092 τῆς
1830 3023 2067 3094 φρικτῆς
2103 3020 2412 3087 ὲκτελῶμεν
2442 3014 2742 3079 κοινωνίας,
2785 3015 2850 3082 τῇ
2899 3013 3188 3080 ἐπικλήσει
3219 3011 3314 3064 τοῦ
3353 3011 3498 3065 θείου
3562 3011 3739 3064 Πνεύ-

484 3127 677 3178 ματος,
713 3109 803 3164 διά
832 3127 891 3162 τε
920 3112 1028 3164 τῶν
1058 3113 1152 3166 τοῦ
1201 3113 1406 3182 Κυρίου
1461 3115 1746 3183 ῥημάτων,
1798 3116 1893 3167 καὶ
1939 3113 2051 3166 τῶν
2092 3109 2385 3180 ίερατικῶν
2412 3106 2606 3175 εὐχῶν,
2639 3103 2733 3157 καὶ
2771 3104 2952 3164 πάσας
2995 3102 3094 3162 τὰς
3139 3103 3288 3165 θείας
3355 3102 3610 3166 τελετὰς,
3671 3105 3744 3171 τῇ

481 3207 761 3273 προσευχῇ
796 3204 890 3258 τοῦ
919 3205 1108 3275 ἱερέως
1136 3207 1192 3258 ἐν
1228 3205 1348 3274 Θείᾳ
1378 3206 1686 3275 ἐπικλήσει,
1721 3207 1814 3260 καὶ
1849 3209 1916 3276 τῇ
1951 3205 2046 3258 τοῦ
2083 3201 2316 3273 σταυροῦ
2349 3201 2630 3269 σφραγῖδι,
2663 3197 2764 3266 τὴν
2830 3195 3113 3250 τελείωσιν
3188 3194 3533 3264 πιστεύωμεν
3585 3196 3744 3264 δέχε-

482 3297 609 3349 σθαι
639 3298 776 3350 κατὰ
805 3299 905 3368 τὴν
937 3299 1086 3352 θείαν
1122 3301 1440 3368 παράδοσιν.
1486 3302 1646 3354 Ἀλλὰ
1676 3302 1736 3355 τὸ
1768 3302 1898 3370 περὶ
1923 3300 2114 3360 τούτου
2141 3298 2241 3368 μὲν
2269 3297 2526 3366 ἀρκείτω.

551 3409 641 3464 89.
673 3408 813 3474 Quid
850 3411 1024 3464 oratio
1081 3411 1356 3465 Dominica
1402 3413 1588 3467 doceat
1619 3413 1980 3484 ostandalque.

552 3564 796 3620 Tandem
850 3567 942 3622 ubi
981 3569 1189 3638 rogavit
1221 3579 1279 3624 ut
1322 3585 1430 3625 uno
1474 3587 1569 3626 ore
1616 3581 1672 3626 et
1715 3588 1824 3627 uno
1871 3573 2055 3628 animo

480 3655 648 3710 Deum
689 3658 1085 3724 collaudemus,
1141 3673 1196 3716 et
1228 3663 1655 3719 miscricordiam
1722 3681 1898 3736 magni
1961 3665 2052 3720 Dei

476 3748 600 3803 Jesu
632 3748 835 3805 Christi
881 3767 1045 3821 super
1119 3768 1217 3810 nos
1267 3758 1588 3811 invocavit:
1641 3757 1852 3812 coalein
1905 3755 2051 3810 Patri

475 3857 578 3896 nos
618 3844 960 3912 adoptandos
993 3845 1178 3907 offert,
1229 3858 1395 3903 orans
1449 3849 1527 3903 uti
1585 3865 1681 3917 per
1742 3849 2050 3903 naturalem

473 3933 594 4002 ejus
623 3934 819 3989 Filium
850 3953 877 3989 a
903 3947 1125 4007 peccato
1164 3941 1401 4009 purgati,
1464 3941 1762 3995 secundum
1815 3941 2048 4010 gratiam

475 4026 571 4080 filii
609 4027 866 4091 evadere,
931 4041 984 4084 et
1013 4032 1105 4100 qui
1137 4031 1300 4085 Pater
1330 4043 1411 4086 est
1439 4032 1696 4095 cmlestis,
1730 4049 1854 4088 eum
1887 4034 2048 4104 digne

473 4132 670 4173 vocare
701 4118 917 4176 Patrem
971 4125 1268 4190 possimus.
1309 4122 1421 4177 Hoc
1459 4133 1637 4177 autem
1692 4125 1909 4192 signum
1967 4135 2050 4179 est

474 4213 670 4267 futura:
703 4216 1009 4270 concordia:
1046 4218 1097 4270 in
1138 4217 1322 4271 futuro
1344 4218 1544 4271 szeculo
1575 4225 1630 4270 et
1673 4217 1894 4272 uuionis
1919 4233 2044 4272 cum

474 4303 586 4358 Deo
621 4306 670 4358 in
703 4303 908 4373 Spiritu
961 4319 1173 4372 sancto,
1238 4325 1334 4378 per
1395 4309 1734 4380 unigenitum
1784 4310 1903 4380 ejus
1962 4310 2052 4363 Fi-

473 4397 626 4452 lium.
664 4396 815 4452 Unde
864 4401 1104 4468 pontifex
1161 4417 1347 4471 pacem
1403 4411 1698 4470 precatus,
1751 4412 1805 4457 et
1861 4403 2051 4471 gratiis

471 4493 631 4557 artis,
668 4502 721 4546 et
751 4492 880 4548 Jesu
908 4495 1181 4559 invocato,
1217 4494 1293 4546 uti
1353 4509 1411 4548 se
1437 4503 1756 4548 sanctorum
1824 4495 2052 4564 partici-

473 4599 593 4652 pcm
623 4583 808 4648 faciat,
845 4594 899 4641 et
927 4577 1237 4641 mereantur
1285 4587 1448 4641 etiam
1485 4589 1669 4641 cmteri
1721 4604 1816 4658 per
1865 4589 2047 4658 ipsum

473 4675 767 4744 participes
797 4677 936 4739 ﬂeri,
966 4691 1252 4748 postquam
1285 4679 1454 4734 sacris
1477 4678 1769 4744 absolutis,
1805 4679 1870 4733 ad
1902 4695 2046 4736 com-

476 4767 788 4820 munionem
827 4770 1063 4822 devenit.

471 4965 564 5024 90.
612 4965 788 5032 Quare
813 4968 1090 5036 episcopus
1139 4972 1404 5026 humerali
1461 4974 1652 5025 iterum
1686 4990 1796 5027 sese
1831 4973 2043 5029 induat.

540 5127 771 5183 Pallium
815 5129 1011 5184 iterum
1065 5131 1319 5196 assumit,
1368 5131 1660 5187 declarans
1717 5133 1818 5187 hac
1865 5149 1944 5195 re,
1987 5148 2045 5187 se
2112 5153 2115 5155 ί

470 5222 623 5291 prius
652 5222 962 5277 ministrum
1004 5223 1196 5287 fuisse,
1238 5235 1292 5277 et
1343 5225 1754 5280 sanctissimum
1794 5225 1924 5279 illud
1955 5241 2044 5279 or-

474 5325 788 5370 namentum
823 5317 876 5369 in
901 5331 960 5372 se
991 5331 1280 5386 capessere
1328 5317 1583 5372 veritum.
1637 5316 1910 5382 Quoniam
1944 5333 2046 5371 au-

472 5417 578 5460 tem
621 5410 860 5477 perfecto
889 5425 1072 5478 opere,
1130 5418 1184 5464 et
1217 5409 1280 5464 ad
1331 5410 1652 5464 elevandum
1715 5425 1927 5478 panem,
1965 5419 2049 5462 at-

471 5512 577 5564 que
640 5501 693 5554 in
765 5508 946 5568 partes
1013 5503 1388 5564 dividendum,
1471 5511 1525 5555 et
1598 5502 1663 5554 ad
1722 5502 2046 5566 capiendum

471 5590 705 5659 aliisque
731 5593 1170 5647 distribuendum
1204 5593 1438 5654 accedit,
1473 5607 1698 5647 necesse
1746 5602 1830 5645 est
1893 5590 2046 5644 illum

472 5685 652 5733 omnia
681 5682 964 5742 dignitatis
1011 5701 1123 5739 sua:
1174 5701 1328 5739 sacra
1365 5685 1609 5753 syinhola
1668 5683 1917 5736 induere.
1984 5681 2051 5736 Et

474 5786 599 5822 eum
636 5774 906 5838 pontificis
933 5776 1263 5843 pra-cip'wm
1297 5777 1672 5829 indumentum
1709 5777 1774 5828 sit
1802 5775 2044 5844 pallium,

478 5857 608 5912 iliud
648 5864 953 5918 necessario
1008 5865 1264 5930 assumit,
1298 5874 1352 5921 et
1384 5881 1506 5919 cum
1562 5882 1629 5922 co
1664 5866 2046 5923 divinissiino-

2079 3394 2124 3456 ο
2157 3409 2265 3464 πθν.
2307 3410 2366 3462 Τί
2390 3409 2428 3476 ἡ
2456 3405 2768 3476 προσευχὴ
2789 3406 2875 3471 τὸ,
2893 3477 2904 3487 _
2925 3404 3168 3487 «Andr-sp
3187 3398 3415 3474 ’ἡμῶνμ
3453 3402 3751 3460 διδάσκει

2720 3494 2783 3530 τε
2808 3477 2909 3529 καὶ
2941 3476 3136 3543 δηλοῖ.

2230 3572 2398 3636 Τέλος
2429 3570 2486 3624 δὲ
2511 3572 2537 3623 6
2570 3569 2854 3640 ίεράρχης,
2889 3567 3120 3634 στόματι
3160 3567 3240 3619 ἑνὶ
3273 3567 3370 3619 καὶ
3404 3567 3502 3636 μιᾷ
3534 3568 3745 3639 καρδίᾳ

2159 3664 2606 3734 προσευξάμενος
2657 3663 2827 3714 αἰνεῖν
2856 3662 2946 3712 τὸν
2983 3657 3115 3711 Θεὸν
3158 3658 3326 3727 ἡμᾶς,
3379 3657 3472 3709 καὶ
3505 3658 3582 3711 τὰ
3616 3659 3752 3726 ὲλέη

2156 3759 2252 3814 τοῦ
2294 3759 2536 3829 μεγάλου
2567 3755 2704 3808 Θεοῦ
2731 3753 2891 3822 ἡμῶν
2926 3750 3100 3821 Ἰησοῦ
3134 3747 3372 3818 Χριστοῦ
3405 3751 3758 3803 ἐπικαλεσά-

2160 3868 2344 3921 μενος,
2398 3850 2538 3918 πρὸς
2569 3847 2668 3919 τὴν
2706 3845 2981 3898 υἱοθεσίαν
3030 3845 3176 3913 ἡμᾶς
3205 3843 3298 3896 τοῦ
3331 3844 3757 3913 ὐπερουρανίου

2154 3944 2367 4014 ﬂat-pb;
2401 3942 2615 4008 ἀνάγει,
2650 3939 2942 4008 εὐχόμενος
2971 3936 3056 3988 διὰ
3091 3933 3186 3988 τοῦ
3226 3935 3369 3988 κατὰ
3401 3935 3579 4004 φύσιν
3614 3936 3759 3988 Υῐοῦ

2155 4033 2611 4104 κεκαθαρμένους
2639 4031 2784 4084 κατὰ
2805 4030 2964 4099 χάριν
2992 4027 3142 4089 υἱοὺς
3167 4027 3444 4093 γενέσθαι,
3473 4029 3584 4081 καὶ
3619 4030 3766 4080 επα-

2156 4125 2286 4191 ξίως
2317 4123 2546 4176 καλέσαι
2582 4121 2740 4188 ἡμῶν
2779 4118 2998 4187 Πατέρα
3043 4117 3135 4168 τὸν
3169 4117 3521 4181 ἐπουράνιον.
3573 4117 3767 4171 Τοῦτο

2154 4213 2209 4266 δὲ
2239 4212 2390 4281 δηλοῖ
2423 4210 2520 4280 τὴν
2557 4212 2616 4262 ἐν
2650 4210 2727 4276 τῷ
2781 4207 3029 4274 μέλλοντι
3057 4207 3464 4274 ὁμοφροσύνην,
3518 4208 3632 4261 καὶ
3663 4209 3773 4278 τὴν

2155 4306 2292 4375 πρὸς
2319 4305 2408 4356 τὸν
2436 4303 2569 4355 Θεὸν
2595 4303 2681 4354 διὰ
2705 4300 2799 4355 τοῦ
2830 4299 3169 4368 Μονογενοῦς
3197 4301 3256 4352 ἐν
3281 4300 3420 4367 ἁγίῳ
3453 4300 3770 4371 ιΙνεύματι

2153 4393 2370 4452 ἕνωσιν.
2411 4398 2580 4452 ’Όθεν
2616 4397 2712 4449 καὶ
2740 4395 2966 4465 εἰρήνην
2991 4395 3018 4445 6
3045 4393 3306 4462 ίεράρχης
3331 4393 3544 4457 ἐπευξά
3558 4413 3771 4462 μενος,

2153 4491 2250 4542 καὶ
2277 4489 2684 4559 εὐχαριστήσας
2719 4487 2814 4539 καὶ
2859 4486 2948 4539 τὸν
2991 4485 3200 4554 Ἰησοῦν
3241 4484 3770 4557 ἐπικαλεσάμενος,

2152 4579 2292 4632 ὥστε
2331 4578 2650 4648 μεταδοῦναι
2681 4575 2843 4630 αὐτὸν
2877 4576 3038 4645 αὐτῷ
3071 4576 3182 4630 τῶν
3218 4576 3410 4642 ἁγίων,
3443 4579 3552 4631 καὶ
3586 4597 3776 4632 κατα-

2155 4671 2413 4741 ξιωθῆναι
2431 4671 2598 4740 288
2613 4671 2681 4722 δι’
2703 4671 2870 4724 αὐτοῦ
2893 4670 2988 4721 καὶ
3023 4669 3148 4731 τούς
3167 4668 3389 4730 λοιποὺς
3416 4675 3772 4742 μετασχεῖν,

2154 4764 2278 4815 ἐπεὶ
2327 4763 2424 4828 τὴν
2458 4760 2772 4829 ἱερουργίαν
2802 4759 3073 4822 τετέλεκε,
3109 4760 3204 4811 καὶ
3251 4759 3384 4829 πρὸς
3411 4761 3517 4829 τὴν
3555 4780 3778 4816 κοινωο

2159 4851 2276 4906 νίαν
2307 4850 2546 4919 ἔρχεται.

2154 4969 2223 5032 ιη’.
2257 4963 2418 5017 Atad
2457 4962 2646 5016 πάλιν
2677 4964 2740 5016 τὸ
2783 4963 3122 5032 ὠμοφόριον
3151 4967 3186 5019 ό
3218 4964 3545 5033 ἀρχιερεὺς
3597 4968 3779 5023 ἐνδι-

2789 5035 3096 5088 δύσκετιιι.

2225 5128 2509 5195 Λαμϐἁνει
2541 5127 2705 5191 πάλιν
2730 5127 2789 5178 τὸ
2827 5128 3161 5197 ὠμοφόριον,
3187 5127 3420 5188 δεικνὺς,
3466 5128 3571 5182 ὅτι
3608 5132 3782 5202 πρῶ.

2149 5235 2242 5271 τον
2293 5219 2395 5288 μὲν
2442 5217 2795 5287 ἐξυπηρετῶν
2844 5213 2931 5286 ἦν,
2966 5219 3075 5270 ακαὶ
3120 5217 3535 5285 εὐλαϐούμενος
3594 5218 3679 5291 ἦν
3718 5223 3784 5274 τὸ

2152 5311 2296 5380 ἱερὸν
2335 5312 2512 5363 ἐκεῖνο
2543 5310 2748 5379 ἔνδυμα
2781 5308 3117 5372 ἐνδεδῦσοαι,
3153 5310 3276 5360 ἐπεὶ
3305 5307 3350 5361 δ’
3385 5310 3689 5384 ἐτελέσθη
3715 5316 3787 5366 τὸ

2151 5402 2332 5471 ἔργον,
2396 5402 2492 5455 καὶ
2543 5401 2827 5471 ἀνυψῶσαι
2877 5401 2968 5454 τὸν
3021 5402 3188 5471 ἄρτον
3239 5401 3335 5453 καὶ
3384 5401 3643 5470 μελίσαι
3698 5409 3788 5469 εἰς

2155 5493 2316 5561 μέρη,
2351 5491 2445 5544 καὶ
2479 5493 2807 5561 μεταλαϐεῖν
2828 5495 2920 5545 καὶ
2949 5491 3270 5560 μεταδοῦναι
3299 5493 3566 5561 ἔρχεται,
3601 5500 3791 5566 χρεία.

2155 5593 2222 5640 τὰ
2250 5588 2350 5656 τῆς
2379 5587 2534 5653 ἀξίας
2564 5588 2740 5640 πάντα
2771 5588 2894 5657 ἱερὰ
2926 5585 3172 5655 σύμϐολα
3201 5583 3562 5641 ὲνδεδῦσθειι.
3608 5591 3794 5644 Ἐπεὶ

2155 5681 2213 5733 δὲ
2235 5680 2327 5732 τοῦ
2354 5681 2610 5750 ἱερὰρχου
2645 5679 2925 5748 ἐξαίρετον
2955 5680 3016 5731 τὸ
3040 5677 3348 5747 ὠμοφόριον
3379 5675 3648 5747 ἔνδυμα,
3685 5684 3796 5736 καὶ

2154 5772 2315 5827 τοῦτο
2370 5775 2527 5843 χρεία
2590 5775 2797 5840 λαϐεῖν,
2847 5775 2941 5826 καὶ
2977 5771 3075 5824 σὺν
3114 5769 3262 5836 αὐτῷ
3294 5770 3403 5821 τῶν
3435 5768 3803 5830 θειοτάτων

2163 5867 2509 5937 μεταλαϐεῖν.
2555 5867 2948 5937 Ἐνῖυσάμενος
2974 5866 3150 5919 τοίνυν
3177 5862 3268 5916 καὶ
3312 5860 3647 5931 ἁνυψὼσας
3695 5873 3800 5922 τὴν
