4026 6274
265 409 376 499 7n

1257 394 1671 462 EXPOSiTIO
1717 394 1819 453 DE
1855 391 2124 454 DiVlNO
2163 392 2494 454 TEMPLO.

3409 384 3513 446 74⁵2

265 493 447 590 ἄρτον,
476 518 595 584 καὶ,
631 514 741 570 «Τὰ
763 514 927 584 Ἀγια
949 513 1059 575 τοῖς
1084 511 1260 580 ἁγίοις
1296 530 1313 562 ι
1348 509 1605 574 ἀνειπὼν,
1635 508 1841 586 ἐκεῖνος
1871 512 1886 565 Δ

1998 520 2062 557 im
2099 520 2157 559 se
2193 504 2514 574 participem
2553 499 2754 558 reddit.
2791 499 3022 553 lndutus
3070 493 3234 562 igitur
3272 501 3326 547 et
3356 492 3411 546 in
3445 493 3522 543 al-

270 583 368 683 μὲν
403 583 537 680 πρὸς
579 583 680 677 τὴν
726 606 878 660 θείαν
939 606 1153 674 εκείνην
1204 604 1300 674 τῆς
1353 602 1506 668 ἱερᾶς
1558 583 1843 668 τραπέζης

1998 611 2060 648 im
2083 597 2302 650 sublato
2350 611 2512 666 pane,
2549 595 2807 662 dictoque
2844 609 2858 646 :
2913 589 3112 644 Sancta
3151 585 3372 648 sanctis,
3430 583 3521 637 ille

269 705 448 769 ζῶσαν
477 701 684 771 τροφὴν
731 700 920 766 ἁγίους
948 697 1191 759 ἅπαντας
1214 694 1391 761 καλεῖ,
1431 711 1451 745 ‹
1481 692 1563 745 Τὰ
1593 689 1782 760 "Ay-.1,
1819 707 1838 740 ι

268 795 464 861 λέγων,
509 810 526 843 ι
554 791 665 853 τοῖς
701 790 896 858 ἁγίοις.
935 805 954 839 ι

305 980 712 1052 ιια’.,Τίιδη.ιοῖ
744 980 839 1052 τὸ,
881 977 985 1052 Εἷς
1010 976 1218 1052 ἅγιος,
1241 969 1325 1041 εἷς
1361 974 1597 1043 Κύριος,
1630 972 1726 1028 καὶ
1758 974 1816 1028 τί

814 1045 1086 1102 διδάσκει
1114 1045 1312 1100 τοῦτο.

358 1142 417 1196 ’0
443 1141 498 1193 δὲ
534 1141 664 1202 λαὸς
701 1118 1014 1208 ’ὁμοφώνως
1063 1133 1276 1204 κράζει,
1337 1152 1355 1185 ι
1397 1127 1494 1196 Εἷς
1538 1133 1716 1199 ἅγιος,
1771 1127 1853 1192 εἷς

278 1232 482 1301 ’Κύριος
525 1227 737 1300 Ἰησοῦς
785 1226 1042 1297 Χριστὸς,
1079 1226 1158 1286 εἰς
1203 1223 1358 1286 δόξαν
1389 1221 1525 1275 Θεοῦ
1555 1223 1788 1292 Πατρός.
1832 1240 1851 1273 ι

281 1323 452 1378 Τοῦτο
482 1324 540 1376 δὲ
579 1321 793 1384 Παῦλος
821 1321 954 1392 φησὶ
999 1317 1443 1388 κηρυχθήσεσθαι
1479 1317 1537 1368 ὲν
1583 1317 1649 1385 τῇ
1679 1315 1861 1368 τελευ-

281 1419 412 1487 ταίᾳ
468 1416 671 1487 ἡμέρᾳ,
722 1416 811 1467 ὅτε
869 1431 888 1464 ι
946 1410 1154 1480 κάμψει
1201 1411 1311 1464 πᾶν
1361 1409 1491 1478 γόνυ
1539 1408 1617 1478 τῷ
1659 1407 1856 1478 Ἰησοῦ,

285 1510 435 1562 πᾶσα
463 1508 519 1561 δὲ
553 1506 776 1574 γλῶσσα
827 1501 1287 1571 ἐξομολογήσεται
1313 1540 1329 1564 ,
1378 1501 1460 1554 ὃτι
1497 1498 1702 1570 Κύριος
1759 1498 1863 1560 Ἰη‹

289 1602 415 1664 σοῦς
449 1598 686 1668 Χριστὸς
754 1599 833 1662 είς
863 1595 1018 1660 δόξαν
1051 1594 1186 1647 Θεοῦ
1225 1593 1458 1662 Πατρός.
1496 1610 1515 1644 ι
1560 1593 1655 1645 Ἐκ
1675 1590 1862 1644 τούτου

285 1693 465 1744 τοίνυν
495 1689 648 1760 κοινὴ
679 1689 898 1743 πάντων
953 1687 1146 1749 ἓνωσις
1197 1685 1306 1738 τῶν
1358 1683 1569 1736 πιστῶν
1604 1684 1867 1753 ἁνομολο·

289 1786 489 1849 γεῖται,
519 1782 614 1833 καὶ
636 1782 670 1850 ἡ
701 1779 994 1848 συμφωνία
1023 1781 1177 1848 παρὰ
1208 1773 1426 1832 πάντων
1457 1777 1559 1845 τῆς
1591 1774 1868 1845 ἀνακηρύ-

287 1874 426 1936 ξεως
454 1871 547 1924 τοῦ
581 1870 958 1940 σαρκωθέντος
986 1868 1116 1920 Υἱοῦ
1138 1867 1232 1920 τοῦ
1266 1865 1421 1930 Θεοῦ,
1452 1866 1511 1930 ὃς
1541 1865 1633 1920 ἐπὶ
1660 1868 1868 1927 πάντας

291 1961 644 2034 βασιλεύσει,
707 1961 803 2014 καὶ
853 1958 955 2029 τῆς
1016 1959 1294 2029 βασιλείας
1350 1957 1516 2011 αὐτοῦ
1564 1958 1665 2010 οὐκ
1717 1955 1870 2009 ἔσται

291 2057 466 2120 τέλος,
511 2055 588 2118 ὠς
637 2053 974 2124 γέγραπται.
1017 2051 1182 2105 Ἀλλὰ
1212 2051 1306 2104 καὶ
1355 2051 1493 2121 πρὸς
1536 2051 1639 2121 τὴν
1688 2052 1874 2120 φωνὴν

304 2170 323 2203 ι
350 2151 433 2204 Τὰ
463 2149 632 2217 ’Ἅγια
670 2149 783 2209 τοῖς
807 2147 1006 2215 ἁγίοις,
1041 2164 1060 2198 ι
1101 2145 1180 2212 τὸ,
1219 2163 1238 2196 ι
1267 2140 1359 2207 Εἷς
1389 2144 1564 2213 ἅγιος,
1601 2163 1620 2195 ι
1656 2146 1710 2196 ὲν
1741 2143 1873 2196 ἀπο-

297 2241 480 2311 κρίσει
525 2239 838 2309 λεγόμενον,
881 2235 1099 2305 πρῶτον
1137 2236 1235 2306 μὲν
1287 2236 1385 2304 τὴν
1423 2231 1876 2302 αύτοαγιωσύνην

299 2330 658 2398 καταγγέλλει
688 2328 780 2382 τοῦ
801 2328 960 2392 Θεοῦ,
993 2329 1090 2380 καὶ
1135 2329 1217 2379 ὅτι
1249 2325 1380 2396 παρ’
1405 2325 1570 2378 αὑτοῦ
1602 2326 1737 2379 πᾶσι
1765 2328 1878 2383 τοῖς

294 2423 681 2493 ἁγιαζομένοις
709 2423 858 2474 ἐστὶν
893 2424 921 2474 ὁ
954 2419 1249 2489 ἁγιασμός.
1273 2419 1383 2471 Καὶ
1410 2416 1795 2478 ταπεινώσεως
1820 2416 1878 2467 δὲ

301 2517 488 2584 ἐπέχει
517 2515 672 2582 λόγον
695 2528 710 2543 ο
754 2513 853 2576 Τίς
897 2510 1008 2581 γὰρ
1042 2510 1216 2574 ἔσται,
1242 2507 1398 2576 φησὶ,
1428 2507 1668 2575 καθαρὸς
1697 2506 1876 2575 ἡμῶν,

301 2607 336 2674 ἢ
369 2606 449 2667 τίς
485 2605 676 2671 ἁγιοςς
724 2597 817 2665 Εἷς
855 2603 1016 2671 μόνος
1051 2601 1230 2668 ἆγιος,
1266 2592 1348 2662 είς
1377 2597 1636 2666 Χριστὸς,
1684 2597 1742 2660 ὃς
1794 2613 1882 2666 φι-

301 2695 642 2766 λανθρώπως
673 2695 819 2764 ἡμᾶς
852 2693 1095 2760 ἁγιάσει.
1214 2698 1217 2699 ⁷

364 2809 474 2878 ιιβο.
517 2808 579 2863 Τί
611 2809 676 2862 τὸ
706 2804 1030 2876 ἀνυψῶσαι
1057 2805 1167 2859 τὸν
1190 2804 1354 2862 θεῖον
1389 2805 1572 2875 ἄρτον
1613 2803 1814 2872 δηλοῖ.

381 2965 454 3017 Τὸ
483 2963 540 3016 δὲ
569 2963 854 3033 ἁνυψῶσαι
909 2961 1000 3015 τὸν
1047 2962 1213 3031 ἄρτον
1258 2960 1358 3032 τὴν
1400 2960 1495 3014 ἐπὶ
1519 2958 1611 3013 τοῦ
1645 2958 1882 3030 σταυροῦ

306 3055 460 3124 δηλοῖ
481 3054 694 3123 ὕψωσιν
721 3052 817 3106 τοῦ
859 3053 1054 3124 Ἰησοῦ.
1083 3053 1177 3106 Διδ
1207 3054 1306 3107 καὶ
1351 3052 1412 3106 τδ
1454 3054 1714 3124 ποτήριον
1743 3052 1880 3123 πρό-

1948 687 2166 758 quidem
2219 688 2286 742 ad
2328 703 2544 742 sacrum
2607 699 2778 742 sacrae
2825 698 3027 737 mensa:
3078 689 3132 734 et
3197 680 3376 731 vivum
3419 677 3524 728 ali-

1949 787 2194 834 mentum
2227 790 2446 836 sanctos
2478 792 2670 833 omnes
2706 784 2887 842 vocat,
2921 773 3049 827 dum
3083 771 3215 825 dicit
3243 787 3257 823 :
3316 768 3522 823 Sancta

1953 873 2176 925 sanctis.

1953 985 2043 1040 9i.
2065 982 2204 1047 Quid
2235 981 2493 1052 signiﬁcet
2529 981 2670 1035 Unus
2694 990 2940 1052 sanctus,
2990 994 3125 1033 unus
3164 977 3442 1040 Dominus,
3478 984 3528 1030 et

2406 1052 2534 1120 quid
2562 1066 2653 1116 per
2683 1050 2779 1102 hoc
2811 1053 3082 1108 doceatur.

2029 1145 2267 1214 Pupulus
2301 1143 2539 1197 vicissim
2588 1155 2832 1194 consona
2890 1155 3020 1193 voce
3049 1140 3248 1192 clamat
3287 1159 3300 1194 :
3332 1159 3350 1191 ι
3381 1137 3533 1193 Unus

1959 1244 2208 1299 sanctus,
2229 1250 2374 1288 unus
2403 1233 2560 1287 Jesns
2600 1231 2854 1285 Christus
2895 1231 2947 1282 in
2973 1231 3144 1298 gloria
3169 1231 3258 1284 Dei
3278 1230 3478 1285 Patris.
3511 1248 3530 1280 ι

1960 1323 2027 1378 Et
2062 1327 2161 1379 hoc
2195 1325 2441 1394 quidem,
2503 1332 2560 1377 ut
2608 1321 2810 1376 Paulus
2844 1321 2997 1386 dicit,
3063 1321 3445 1390 prtedicabitur
3481 1321 3539 1372 in

1963 1417 2156 1472 ultima
2201 1417 2309 1482 die,
2352 1413 2571 1484 quando
2605 1412 2734 1467 Jcsu
2781 1431 2799 1463 ι
2830 1412 3078 1467 ﬂectetur
3103 1427 3265 1466 omne
3290 1427 3455 1481 genu,
3485 1418 3541 1463 et

1963 1509 2143 1564 omnis
2176 1508 2361 1576 lingua
2405 1505 2780 1572 conﬁtebitur,
2807 1506 3068 1574 quoniam
3100 1505 3363 1559 Dominus
3382 1502 3542 1557 Jesus

1965 1611 2048 1656 est
2077 1601 2131 1654 in
2162 1599 2333 1670 gloria
2369 1598 2462 1652 Dei
2511 1597 2691 1651 Patris
2724 1597 2762 1650 ⁷.
2801 1615 2818 1646 ι
2847 1597 2922 1649 Ex
2967 1597 3068 1650 hoc
3105 1596 3269 1666 igitur
3302 1609 3548 1648 commu-

1968 1693 2055 1748 nis
2087 1692 2216 1746 unio
2245 1690 2482 1745 ﬁdelium
2524 1701 2844 1743 cunctorum
2913 1689 3246 1756 publicatur,
3291 1696 3344 1740 et
3411 1701 3545 1740 con-

1971 1798 2169 1839 sensus
2204 1782 2273 1836 ab
2309 1781 2566 1834 omnibus
2599 1781 2665 1833 de
2695 1779 3085 1848 prwdicatione
3146 1779 3419 1832 incarnati
3453 1777 3546 1830 Dei

1977 1875 2096 1929 Filii
2129 1874 2456 1930 exhibetur:
2497 1874 2589 1942 qui
2627 1873 2876 1942 regnabit
2910 1886 3077 1942 super
3107 1887 3323 1936 omnes,
3372 1880 3427 1944 et
3461 1885 3551 1922 re-

1975 1965 2066 2036 gni
2097 1965 2214 2035 ejus
2238 1979 2346 2019 non
2377 1965 2481 2019 erit
2510 1963 2658 2028 ﬁnis,
2691 1972 2750 2016 ut
2775 1963 3037 2033 scriptum
3070 1971 3175 2017 est.
3207 1961 3348 2027 Quin
3382 1961 3546 2016 etiam

1976 2057 2041 2110 ad
2061 2057 2288 2119 'vocem,
2328 2072 2346 2106 ι
2385 2053 2585 2109 Sancta
2639 2055 2866 2117 sanctis,
2909 2073 2928 2105 ι
2964 2055 3109 2124 quod
3155 2053 3554 2122 respondetur,

1987 2166 2004 2200 i
2037 2145 2188 2202 Unus
2213 2155 2459 2212 sanctus,
2483 2165 2499 2197 ι
2523 2148 2753 2216 primum
2776 2147 2994 2214 quidem
3021 2147 3194 2217 ipsam
3228 2145 3319 2200 Dei
3344 2145 3554 2198 sancti-

1979 2247 2144 2294 tatem
2181 2253 2287 2306 qua
2318 2253 2384 2292 ex
2438 2249 2613 2308 semet
2649 2248 2872 2292 sanctus
2905 2246 3012 2301 est,
3060 2236 3209 2292 etab
3257 2251 3322 2290 eo
3363 2236 3546 2289 omni-

1981 2331 2081 2384 bus
2109 2329 2466 2386 sanctiiicatis
2496 2332 2790 2385 sanctitate
2819 2317 3093 2399 proﬂuere
3130 2331 3452 2392 annuntiat,
3505 2336 3562 2380 ct

1982 2420 2308 2472 humilitatis
2352 2433 2574 2474 causam
2626 2420 3060 2489 complectitur:
3109 2419 3271 2488 quasi
3320 2417 3560 2480 dicatur,

1983 2511 2116 2577 Quis
2149 2521 2398 2564 nostrqu
2432 2511 2690 2578 mundus,
2723 2519 2814 2566 aut
2840 2511 2964 2580 quis
2997 2521 3224 2566 sanctus
3249 2510 3376 2564 est?
3411 2508 3564 2564 Unus

1983 2603 2133 2658 solus
2193 2612 2418 2656 sanctus
2469 2600 2633 2656 Jesus
2694 2601 2970 2667 Christus,
3026 2602 3118 2671 qui
3173 2601 3409 2670 benigne
3460 2615 3563 2653 nos

1985 2688 2372 2746 sanctiﬁcabit.

1986 2804 2076 2861 92.
2119 2803 2262 2868 Quid
2311 2776 2518 2858 denotet
2570 2805 2708 2926 quati:
2743 2803 2825 2926 (in!
2869 2803 3093 2858 sublime
3149 2803 3356 2856 divinus
3414 2803 3568 2870 panis

2625 2891 2655 2926 a
2711 2892 2738 2926 ο
2786 2891 2915 2926 iur.

2625 2891 2915 2928 attommr.

2059 2966 2224 3020 Panis
2258 2979 2385 3019 vero
2415 2963 2646 3019 elevatio
2709 2963 2837 3020 Jesu
2881 2966 2936 3019 in
2988 2979 3152 3020 cruce
3202 2964 3563 3019 elevationem

1997 3061 2281 3124 declarat;
2342 3056 2463 3110 idco
2519 3067 2573 3109 et
2623 3057 2796 3111 oculis
2848 3057 2988 3111 calix
3038 3057 3334 3124 obiicitur,
3385 3058 3479 3127 qui
3541 3071 3574 3111 e

310 3163 490 3200 κειται
513 3147 645 3198 αὐτὸ
667 3145 728 3198 τὸ
754 3145 864 3204 ἀπὸ
887 3146 986 3215 τῆς
1015 3146 1178 3213 ἁγίας
1203 3143 1368 3198 αὐτοῦ
1415 3143 1615 3215 ῥεῦσαν
1643 3146 1885 3214 πλευρᾶς

1999 3165 2158 3206 sacro
2189 3151 2310 3215 ejus
2343 3147 2508 3200 latere
2536 3147 2858 3217 Sanguinem
2895 3147 3059 3200 simul
3107 3154 3162 3200 ct
3206 3159 3406 3216 aquam
3445 3160 3575 3216 pro.

313 3241 480 3308 φέρον
515 3235 656 3306 αίμα
678 3239 774 3292 καὶ
798 3238 994 3308 ὓδωρ.-

315 3357 428 3422 ιιγο.
468 3355 630 3407 Δεατι
671 3355 759 3419 είς
784 3353 1053 3422 τέσσαρα
1091 3352 1314 3423 μελίζει
1355 3353 1462 3406 τὸν
1502 3352 1664 3406 θεῖον
1685 3352 1891 3422 ἄρτον.

601 3425 700 3477 καὶ
727 3424 1132 3492 σταυροειδῶς
1169 3425 1358 3478 αὐτὸν
1383 3426 1606 3491 τίθησι.
1787 3435 1792 3439 ‘

394 3620 500 3675 Τὸν
530 3621 628 3692 μὲν
657 3619 749 3673 οὖν
773 3619 938 3691 ἄρτον
961 3621 1041 3683 εἰς
1079 3619 1317 3692 τέσσαρα
1368 3620 1584 3690 διαιρεῖ,
1614 3621 1706 3672 καὶ
1731 3638 1896 3674 σταυ-

317 3714 544 3782 ροειδώς
595 3711 768 3766 ταῦτα
821 3713 1045 3781 τίθησι,
1106 3715 1208 3765 κᾶν
1257 3713 1431 3781 τούτῳ
1479 3715 1899 3783 ἐσταυρωμένον

321 3807 512 3876 βλέπει
542 3806 632 3858 τὸν
679 3805 904 3876 Ἰησοῦν.
959 3805 1093 3858 Οὐδὲ
1138 3807 1246 3876 γάρ
1297 3805 1432 3875 ἄλλη
1483 3823 1569 3867 τις
1602 3805 1743 3858 οὓτω
1773 3805 1902 3858 θαυ-

325 3897 509 3967 μαστὴ
537 3897 763 3968 θεωρία,
792 3896 868 3960 ὡς
895 3897 955 3950 τὸ
985 3899 1075 3949 τὸν
1105 3897 1310 3967 ὑψηλὸν
1341 3899 1472 3951 Θεὸν
1495 3897 1640 3951 οὕτω
1673 3901 1901 3969 θεωρεῖν

325 3989 466 4058 ὑπὲρ
513 3988 672 4057 ἡμῶν
704 3988 979 4042 ταπεινόν.
1018 3989 1128 4058 Τὴν
1180 3989 1294 4044 ἄνω
1341 3991 1401 4043 δὲ
1457 3991 1654 4060 μερίδα
1700 3991 1901 4054 λαϐὼν,

327 4079 651 4150 σταυροειὸἧ
677 4080 847 4131 τύπον
885 4079 1064 4144 δείξας
1096 4083 1172 4150 τῷ
1218 4081 1369 4151 ἄρτῳ
1429 4083 1683 4152 ἐμϐάλλει
1716 4081 1905 4135 τοῦτον

324 4179 405 4248 τῷ
437 4177 706 4248 ποτηρίῳ,
761 4177 990 4242 καὶτῶν
1029 4176 1346 4248 μυστηρίων
1383 4181 1618 4232 ποιεῖται
1653 4177 1750 4248 τὴν
1775 4177 1908 4231 ἕνω-

328 4287 435 4324 σιν.

299 4453 302 4455 Α
402 4385 502 4455 κδ’.
539 4387 701 4442 Διατί
752 4385 855 4440 καί
886 4385 1014 4447 ζέον
1057 4386 1176 4507 ἓοῒς
1213 4383 1574 4454 μυστηρίοις
1611 4386 1840 4455 εἰσάγει

1017 4467 1055 4507 υ
1096 4475 1195 4507 ωο.

1017 4473 1087 4509 vo
1096 4475 1195 4526 ωρ.

408 4546 537 4601 Εἶτα
569 4550 664 4603 καὶ
697 4550 819 4614 ζέον
854 4549 997 4618 ὕδωρ
1028 4551 1211 4619 ἐγχέει
1249 4548 1326 4620 τῷ
1357 4549 1624 4619 ποτηρίῳ.
1661 4549 1832 4603 Τοῦτο
1855 4550 1913 4603 δὲ

337 4641 505 4704 ποιεῖ,
577 4638 873 4708 μαρτυρῶν
905 4639 984 4707 ὅτι
1019 4638 1115 4690 καὶ
1149 4638 1342 4708 νεκρὸν
1368 4637 1588 4706 γεγονὸς
1619 4637 1678 4688 τὸ
1712 4639 1918 4706 Κύριαι

340 4736 434 4786 κὸν
486 4733 669 4803 σῶμα,
725 4734 822 4802 τῆς
865 4733 1016 4796 θείας
1067 4733 1247 4802 ψυχῆς
1308 4731 1474 4785 αὑτοῦ
1529 4732 1917 4802 χωρισθείσης,

343 4825 607 4889 ζωοποιὺν
651 4821 806 4889 αὖθις
838 4825 1022 4896 ἔμενε,
1056 4827 1154 4895 τῆς
1188 4825 1441 4895 θεότητος
1487 4825 1587 4894 μὲν
1627 4824 1688 4875 ού
1716 4824 1921 4894 διαιρε·

345 4919 533 4984 θείσης
557 4916 726 4987 αὐτῷ,
761 4917 854 4969 καὶ
896 4917 1005 4987 τῷν
1039 4917 1335 4986 ἐνεργειῶν
1366 4914 1423 4968 δὲ
1469 4914 1563 4966 τοῦ
1598 4912 1920 4985 Πνεύματος

347 5007 575 5060 ἁπασῶν
615 5009 691 5077 μὴ
736 5005 1138 5077 χωρισθεισῶν.
1199 5005 1356 5059 Ἐπεὶ
1406 5004 1499 5058 οῦν
1547 5007 1644 5058 καὶ
1688 5006 1747 5056 τὸ
1799 5004 1922 5070 ζέον

347 5098 492 5170 ὕδωρ
525 5099 760 5170 ζωτικὴν
809 5099 888 5170 τῷ
935 5100 1125 5169 θερμῷ
1161 5098 1461 5169 παρέχεται
1511 5098 1771 5167 ἔμφασιν,
1808 5101 1921 5150 εἰσ-

347 5191 540 5258 άγεται
572 5191 694 5243 τότε
725 5193 784 5244 ὲν
808 5192 882 5261 τῷ
911 5190 1089 5261 καιρῷ
1123 5190 1221 5259 τῆς
1257 5190 1630 5260 μεταλήψεως,
1661 5189 1734 5252 ὡς
1768 5188 1834 5242 ἂν
1858 5190 1926 5242 τὰ

1940 4500 1992 4560 D

1995 3241 2254 3295 ﬂuentem
2298 3238 2566 3291 continet.

1995 3383 2086 3440 9'5.
2128 3381 2305 3444 Quare
2376 3377 2429 3428 in
2496 3385 2724 3444 quatuor
2792 3386 2970 3444 partes
3032 3375 3242 3429 dividat
3302 3374 3576 3442 episcopus

2069 3468 2283 3505 sacrum
2303 3462 2513 3515 panem,
2539 3457 2588 3498 et
2624 3451 2700 3501 ila
2732 3447 2855 3502 illas
2873 3455 3036 3516 ponat
3067 3455 3122 3498 ut
3155 3446 3383 3514 formam
3409 3445 3582 3498 crucis
3688 3463 3702 3472 ‘

2070 3529 2322 3586 relerant.

2073 3639 2300 3708 Panem,
2330 3639 2494 3692 etiam
2549 3638 2601 3690 in
2638 3643 2877 3706 quatuor
2931 3644 3122 3703 partes
3173 3632 3392 3698 dividit,
3433 3640 3488 3686 ct
3529 3631 3584 3684 in

2004 3732 2224 3786 modum
2256 3731 2438 3783 crucis
2481 3730 2783 3796 componit,
2821 3734 2875 3780 et
2926 3727 2980 3778 in
3013 3739 3081 3779 eo
3113 3724 3442 3778 cruciﬁxum
3491 3720 3584 3775 Je-

2005 3836 2126 3876 sum
2181 3818 2620 3886 contemplatur:
2689 3831 2791 3871 nec
2845 3817 2992 3871 enim
3064 3815 3356 3870 sublimior
3409 3822 3590 3884 potest

2008 3925 2133 3967 esse
2164 3908 2560 3979 contemplatio
2599 3921 2763 3976 quam
2819 3907 2960 3975 ejus,
2994 3906 3090 3974 qui
3146 3919 3269 3958 cum
3307 3903 3382 3957 sit
3432 3903 3582 3958 Deus

2008 4003 2257 4060 excelsus
2295 4015 2394 4071 pro
2428 4000 2588 4056 nobis
2620 3999 2842 4054 humilis
2874 3997 3055 4052 factus
3085 4005 3190 4052 est.
3225 3995 3582 4065 Superiorem

2010 4103 2193 4148 autem
2230 4092 2562 4161 portionem,
2591 4105 2716 4144 cum
2749 4104 2836 4154 ea,
2871 4087 3048 4143 forma
3087 4087 3273 4142 crucis
3301 4100 3589 4156 expressa.

2011 4185 2068 4241 in
2137 4182 2362 4238 calicem
2417 4181 2701 4248 immittit,
2757 4183 3265 4254 mysteriorumque
3329 4179 3588 4234 unionem

2014 4276 2168 4333 facit.

2015 4387 2104 4443 94.
2149 4387 2325 4454 Quare
2363 4401 2556 4456 aquam
2581 4387 2873 4469 ferventem
2915 4387 3157 4456 a/fundat
3192 4386 3459 4456 mysteriis
3490 4385 3597 4440 sive

2543 4474 2660 4511 uno
2705 4468 3027 4512 εοηδεεναιο.

2094 4551 2226 4606 Post
2260 4549 2560 4604 ferventem
2598 4564 2793 4618 aquam
2829 4551 2881 4602 in
2918 4551 3145 4604 calicem
3201 4548 3400 4618 injicit,
3437 4550 3585 4619 quod

2022 4645 2158 4700 facit
2194 4653 2447 4710 testatus,
2512 4643 2675 4697 etiam
2740 4651 3016 4696 mortuum
3083 4643 3301 4696 Domini
3367 4658 3593 4712 corpus.

2023 4738 2321 4806 divinaque
2350 4735 2534 4788 anima
2559 4734 2628 4788 ab
2659 4749 2726 4788 eo
2769 4743 3044 4802 separata,
3075 4733 3436 4790 nihilominus
3465 4734 3599 4789 vivi-

2026 4831 2190 4885 ﬁcum
2251 4827 2544 4890 mansisse,
2606 4823 2898 4881 divinitate
2954 4825 3213 4880 nimirum
3265 4826 3601 4896 oyerationi-

2024 4922 2238 4990 busque
2287 4917 2529 4988 Spiritus
2567 4918 2839 4974 universis
2874 4917 2943 4972 ab
2977 4933 3046 4973 eo
3077 4919 3396 4988 neutiquam
3426 4917 3603 4972 divul-

2027 5015 2129 5070 sis.
2161 5013 2228 5067 Et.
2261 5011 2388 5081 quia
2451 5024 2590 5078 aqua
2639 5009 2816 5064 calida
2864 5009 3081 5064 vitalem
3129 5011 3368 5078 speciem
3404 5007 3475 5062 ob
3505 5022 3602 5062 ca-

2029 5107 2200 5164 lorem
2233 5105 2460 5176 praebet,
2491 5114 2738 5173 tempore
2789 5103 3198 5158 communionis
3256 5101 3551 5156 adhibetur
3583 5115 3598 5168 ;

2032 5210 2093 5254 ut
2122 5198 2291 5253 labris
2320 5196 2557 5251 admotis
2587 5203 2642 5250 et
2698 5195 2957 5264 sanguini
3001 5195 3502 5254 communicantes,
3534 5193 3605 5244 ita

347 5284 502 5352 χείλη
531 5284 611 5353 τῷ
647 5283 893 5354 ποτηρίῳ
928 5285 1338 5354 προσψαύοντες
1388 5286 1485 5336 καὶ
1538 5283 1886 5336 κοινωνοῦντε

2035 5289 2357 5354 aﬂiciainur,
2401 5290 2557 5358 quasi
2595 5301 2626 5342 e
2661 5287 2877 5340 viviﬁco
2937 5287 3030 5341 illo
3066 5286 3234 5339 latere
3283 5285 3609 5341 libaremus.

348 5374 442 5427 τοῦ
473 5376 725 5445 αἵματος,
756 5375 830 5438 ὡς
862 5377 969 5427 ἀπὸ
995 5377 1094 5446 τῆς
1122 5376 1388 5440 ζωοποιοῦ
1431 5377 1674 5446 πλευρᾶς
1705 5377 1922 5445 ἐκείνης

350 5468 602 5529 πίνοντες
639 5468 1029 5538 διατιθώμεθα,
1076 5472 1173 5539 τῆς
1208 5469 1461 5538 θεότητος
1507 5471 1582 5540 μὴ
1627 5469 1923 5540 διαιρεθεί·

349 5572 475 5628 σης,
509 5560 852 5630 ἐκτυπούσης
875 5562 1033 5613 τοῦτο
1055 5561 1156 5629 τῆς
1187 5563 1497 5630 εἰσαγωγῆς
1522 5565 1615 5614 καὶ
1642 5561 1897 5633 προσψαύ

349 5639 492 5712 σελως
525 5649 619 5703 τοῦ
656 5651 884 5721 θερμοῦ.
911 5651 1028 5726 Πῦρ
1055 5653 1162 5725 γὰρ
1193 5654 1220 5707 ὁ
1252 5653 1382 5718 Θεὸς
1405 5651 1562 5724 ἡμῶν
1593 5653 1926 5722 γέγραπται.

427 5841 446 5871 ⁷
474 5838 708 5910 Philipp.
756 5853 815 5906 ιι,
851 5837 942 5896 ‘ll.

2034 5381 2288 5440 lNondum
2341 5380 2486 5435 enim
2533 5379 2798 5433 divinitas
2841 5379 3035 5433 avulsa
3075 5386 3184 5440 est,
3223 5375 3369 5445 quod
3400 5389 3496 5444 per
3524 5374 3609 5427 in-

2038 5471 2443 5526 troductionem
2479 5479 2533 5523 et
2557 5467 2761 5522 caloris
2785 5477 3100 5522 contactum
3149 5469 3436 5536 ﬁguratur.
3466 5464 3613 5517 Αιγυ-

2041 5575 2237 5618 runtur
2265 5562 2430 5633 hujus
2496 5562 2576 5616 rei
2632 5560 2898 5624 rationes,
2958 5574 2988 5612 a
3023 5562 3256 5615 suminis
3313 5557 3449 5613 viris
3496 5557 3614 5610 alia:

2041 5671 2298 5728 quoque;
2332 5669 2522 5712 verum
2564 5653 2670 5710 ista
2712 5658 2904 5707 nostra
2948 5649 3324 5709 consideratio
3353 5646 3613 5704 sufﬁciat.
