4026 6274
299 368 404 430 745

1277 361 1689 425 EXPOSITIO
1713 362 1811 422 DE
1847 361 2119 424 DIVINO
2157 363 2484 426 TEMPLO.

3431 361 3535 425 ’746

297 481 453 553 ήμῶν
485 478 576 533 καὶ
602 475 1016 548 ίερουργηθέντι
1044 475 1139 527 καὶ
1163 474 1446 544 τεθυμένῳ
1475 476 1568 528 καὶ
1583 473 1660 542 τῷ
1689 474 1862 545 Πατρὶ

1984 491 2062 530 rer
2103 475 2479 531 adorationem
2539 484 2593 531 et
2643 478 3084 532 communionem
3141 488 3535 550 aspectumque

296 570 809 642 προσενηνεγμένῳ,
867 567 963 619 καὶ
1010 566 1100 618 διὰ
1135 567 1233 634 τῆς
1284 566 1711 635 προσκυνήσεως
1769 566 1866 618 καὶ

295 660 653 732 εὐχαριστίας
683 658 781 710 καὶ
828 656 1006 725 ὅψεως
1063 654 1482 721 καθαγιασθῶσι
1533 654 1633 722 μὲν
1660 653 1866 717 ὑλικῶς

295 755 347 806 oi.
378 749 562 804 πιστοὶ
591 791 607 816 ,
641 748 851 818 τύχωσι
903 747 961 814 δὲ
1010 745 1240 815 ἱλασμοῦ
1274 745 1411 796 οἵτε
1442 744 1864 812 παριστάμενοι,

295 842 353 896 οἳ
376 859 435 894 τε
466 840 611 893 κατὰ
636 839 795 905 λόγον
822 834 1258 905 ἀποδημοῦντες,
1295 834 1390 886 καὶ
1423 834 1472 886 oi
1497 835 1558 886 ὲν
1587 835 1751 886 παντὶ
1790 832 1868 902 τῷ

294 935 489 1000 κόσμῳ
520 932 726 994 πιστοὶ,
765 929 868 982 ’καὶ
900 928 982 981 ἐτι
1018 928 1066 980 oi
1107 924 1595 996 προτελειωθέντες
1625 923 1868 987 εὐσεϐῶς

295 1023 713 1088 καταξιωθῶσιν
775 1021 1033 1082 ἀνέσεως.
1067 1019 1158 1071 Διὸ
1213 1017 1308 1070 καὶ
1342 1016 1480 1084 ὑπὲρ
1533 1015 1730 1069 ἑαυτοῦ
1760 1015 1870 1076 πᾶς

299 1115 495 1174 πιστὸς
517 1113 782 1182 εὐχέσθω,
813 1112 904 1165 καὶ
931 1111 1042 1163 τῶν
1067 1109 1238 1163 αὐτοῦ
1269 1108 1394 1162 τότε
1430 1107 1649 1171 ζώντων
1683 1123 1744 1158 τε
1774 1107 1870 1160 καὶ

291 1205 628 1268 τεθνεώτων,
653 1202 906 1272 καθορῶν
947 1199 1276 1269 διαλλακτὴν
1323 1199 1488 1251 αὐτὸν
1513 1197 1870 1265 δεικνύμενον

291 1297 391 1349 τὸν
446 1296 752 1365 Δεσπότην,
807 1293 903 1347 καὶ
989 1292 1132 1360 ὑπὲρ
1183 1291 1437 1344 ἁπάντων
1506 1287 1873 1358 γεγενημένον

292 1385 494 1440 θυσίαν
556 1388 653 1440 καὶ
713 1386 1048 1454 ἱλαστήριον.
1098 1382 1207 1435 Καὶ
1248 1381 1346 1433 σὺν
1376 1381 1526 1452 φόϐῳ
1575 1379 1874 1434 παντὶκαὶ

290 1479 476 1547 πόθῳ,
509 1478 620 1530 τῶν
672 1476 832 1529 θείων
861 1475 1226 1543 δεικνυμενων
1272 1471 1484 1541 δώρων,
1517 1471 1625 1532 πᾶς
1679 1468 1874 1529 πιστὸς

287 1567 736 1638 ἀ-περικαλύπτῳ
765 1569 832 1637 τῇ
850 1565 1063 1635 κεφαλῇ
1093 1564 1230 1634 πρὸς
1254 1563 1323 1615 τὰ
1347 1562 1468 1615 θεῖα
1486 1561 1635 1630 δῶρα
1661 1560 1870 1629 ὁράτω,

291 1661 398 1714 καὶ
436 1660 552 1728 μετ’
586 1659 874 1721 εὐλαϐείας
911 1657 1009 1710 καὶ
1058 1657 1265 1725 τρόμου
1319 1652 1721 1724 προσκυνείτω,
1779 1651 1876 1703 καὶ

297 1752 694 1824 προσευχέσθω
725 1753 866 1820 ὑπέρ
899 1766 960 1804 τε
1010 1747 1207 1802 ἑαυτοῦ
1261 1747 1356 1800 καὶ
1383 1744 1492 1799 τῶν
1549 1743 1739 1809 αὐτοῦ,
1771 1741 1872 1795 καὶ

1968 567 2130 637 plane
2179 568 2559 637 purifieentur,
2609 578 2666 624 et
2750 577 2812 623 ut
2885 570 3232 637 assistentes,
3297 579 3352 626 et
3438 587 3542 642 pro

1969 664 2213 726 tempore
2240 661 2496 712 absentes
2526 667 2580 712 et
2639 673 2734 729 per
2782 673 2999 713 omnem
3043 647 3314 714 terrarum
3342 662 3531 714 orbem

1969 745 2151 799 diffusi
2208 747 2603 803 misericordiae
2671 758 2951 816 compotes
3023 749 3180 812 fiant,
3239 759 3294 802 et
3346 751 3536 818 utqui

1970 839 2075 892 rite
2101 839 2390 906 praeparati
2443 847 2592 903 sunt,
2662 839 3062 909 indulgentiam
3122 841 3541 895 nanciscanwr.

1971 928 2364 995 Quare‘omnis
2419 929 2594 983 ﬁdelis
2639 945 2738 998 pro
2777 945 2836 985 se
2871 941 2926 985 et
2959 944 3058 998 pro
3108 929 3250 984 vivis
3299 944 3363 983 ac
3397 945 3542 982 mor-

1972 1019 2082 1072 tuis
2132 1031 2328 1087 preces
2373 1017 2559 1084 faciat,
2603 1017 2897 1074 Dominum
2959 1021 3030 1073 ob
3093 1020 3283 1073 oculos
3337 1033 3546 1088 ponens

1973 1107 2068 1176 qui
2100 1123 2210 1177 prae
2237 1108 2493 1162 omnibus
2533 1109 2860 1164 sacrificium
2928 1119 3011 1165 est
3065 1109 3244 1165 factus
3272 1118 3327 1164 et
3364 1110 3547 1179 propi-
3635 1099 3640 1110 ’

1973 1200 2291 1266 tiatorium;
2353 1209 2408 1253 et
2471 1201 2730 1270 quilibet,
2794 1203 2923 1255 dum
2958 1203 3098 1256 dona
3151 1204 3338 1257 divina
3393 1219 3550 1256 mon-

1974 1299 2240 1354 stnntur,
2273 1306 2399 1344 cum
2431 1302 2576 1346 metu
2637 1307 2701 1347 ac
2731 1292 3026 1357 desiderio,
3081 1293 3297 1348 detecto
3331 1296 3541 1362 capite,

1975 1382 2219 1437 coelestia
2253 1383 2394 1436 dona
2430 1383 2608 1438 oculis
2655 1384 2872 1447 lustret,
2929 1391 2986 1438 et
3033 1397 3170 1448 cum
3213 1392 3454 1437 tremore
3494 1394 3549 1437 et

1977 1482 2251 1529 commoto
2289 1475 2475 1530 animo
2509 1490 2684 1544 genua
2719 1476 2902 1530 ﬂectat
2939 1478 3112 1533 donec
3156 1477 3414 1532 sacerdos
3461 1477 3549 1530 illa

1977 1567 2192 1621 auferat
2237 1582 2304 1622 ex
2355 1569 2732 1622 tabernaculo.
2786 1568 2958 1624 Nemo
3011 1580 3195 1626 autem
3233 1571 3386 1641 gravi
3449 1571 3542 1622 illo

1978 1659 2241 1729 temporis
2288 1669 2568 1714 momento
2624 1661 2873 1716 indolens
2923 1672 3076 1726 esto;
3111 1662 3363 1716 Christus
3399 1663 3547 1716 enim

1981 1750 2096 1818 ipse
2131 1759 2371 1819 prasens
2421 1761 2524 1813 est,
2568 1761 2621 1805 et
2664 1752 2717 1805 in
2767 1753 2939 1808 calice
2987 1753 3398 1808 sanctissimum
3432 1755 3555 1821 ejus

300 1847 525 1900 πάντων
555 1844 786 1911 πιστῶν,
813 1843 888 1906 ὡς
915 1843 1243 1913 εἰρήκαμεν,
1277 1839 1381 1903 ἕως
1401 1842 1428 1893 ὁ
1478 1839 1657 1909 ίερεὺς
1684 1835 1880 1905 θυμιά-

1985 1855 2184 1909 corpus
2235 1851 2289 1894 et
2351 1843 2576 1909 sanguis
2635 1852 2908 1919 prostant.
2963 1844 3342 1914 Quodcunque
3404 1847 3551 1898 enim

302 1956 407 2002 σας
435 1938 714 2008 ἀπενέγκῃ
763 1936 942 1988 ταῦτα
979 1936 1038 1986 ὲν
1087 1936 1154 2004 τῇ
1197 1932 1483 2004 προθέσει.
1530 1929 1638 1982 Καὶ
1683 1929 1876 1998 μηδεὶς

301 2031 448 2085 κατὰ
471 2029 561 2083 τὸν
615 2027 846 2097 φρικτὸν
875 2026 1087 2079 ἐκεῖνον
1120 2025 1312 2092 καιρὸν
1364 2022 1662 2092 ἀμελείτω.
1703 2019 1874 2082 Αὐτὸς

302 2125 412 2192 γάρ
447 2125 594 2175 ἑστιν
624 2119 1056 2191 ὲμφανιζὸμενος
1086 2119 1114 2171 ὁ
1144 2117 1404 2187 Χριστὸς,
1435 2115 1530 2168 καὶ
1588 2116 1644 2165 ὲν
1673 2113 1752 2180 τῷ
1779 2127 1878 2164 πο-

302 2215 479 2284 τηρίῳ
500 2213 633 2267 αὐτὸ
666 2212 727 2264 τὸ
751 2213 1017 2277 πανάγιον
1043 2207 1208 2262 αὐτοῦ
1235 2207 1396 2275 σῶμα
1445 2204 1539 2258 καὶ
1571 2204 1631 2256 τὸ
1662 2203 1877 2255 θειότα·

303 2324 398 2360 τον
433 2302 597 2375 αἷμα.
645 2304 758 2358 Καὶ
790 2304 928 2372 ὅπερ
964 2301 1031 2355 ἄν
1062 2317 1146 2366 τις
1192 2301 1315 2352 τότε
1351 2298 1568 2362 εύξαιτο
1601 2298 1738 2366 μετὰ
1787 2294 1879 2346 πί-

1982 1940 2094 1983 tum
2124 1931 2321 2000 aliquis
2353 1933 2568 2001 petierit
2611 1935 2666 1988 in
2721 1944 2909 1989 sancto
2965 1936 3084 2005 ejus
3132 1937 3374 2000 nomine,
3407 1934 3553 1988 acci-

1982 2022 2115 2089 piet,
2151 2025 2297 2078 sicut
2326 2024 2578 2079 Salvator
2601 2026 2717 2096 ipse
2761 2029 3150 2096 pronuntiavit.
3180 2027 3329 2081 Hanc
3357 2027 3555 2081 adora-

1983 2110 2183 2164 tionem
2222 2126 2347 2164 cum
2382 2113 2579 2166 timore
2646 2115 2701 2167 in
2765 2116 3016 2184 ingressu
3068 2115 3551 2183 praesanctificato-

1984 2216 2103 2254 rum
2152 2203 2378 2272 exsequi
2418 2203 2702 2271 debemus,
2755 2221 2943 2260 verum
2994 2205 3278 2263 Christum
3325 2209 3553 2262 creden-

1987 2301 2072 2348 tes
2104 2309 2228 2348 eum
2261 2311 2423 2364 quem
2463 2299 2723 2352 sacerdos
2755 2299 2808 2351 in
2839 2301 3015 2369 capite
3040 2301 3201 2370 gerit.

307 2419 500 2466 στεως,
537 2402 761 2469 εὑρήσει
798 2400 857 2450 ὲν
883 2399 961 2466 τῷ
991 2397 1133 2466 ἁγίῳ
1182 2395 1346 2448 αὑτοῦ
1378 2395 1629 2463 ὀνόματι,
1671 2389 1854 2451 καθώς
1895 2405 2000 2459 περ
2059 2385 2212 2443 εἶπεν
2247 2392 2455 2464 αὑτός.
2497 2393 2717 2462 Ταύτην
2757 2397 2859 2466 τὴν
2925 2399 3063 2466 μετὰ
3115 2397 3280 2466 φόϐου
3325 2396 3563 2468 προσκύ..

306 2510 462 2563 νησιν
491 2492 585 2546 καὶ
640 2491 742 2559 τὴν
789 2487 1103 2556 προσευχὴν
1153 2487 1250 2539 καὶ
1297 2486 1360 2564 ᾖν
1427 2487 1495 2553 τῇ
1556 2481 1747 2550 εἰσόδῳ
1777 2479 1884 2532 τῶν
1925 2481 2389 2550 προηγιασμένων
2415 2485 2590 2537 τελεῖν
2610 2485 2926 2553 ὀφείλομεν,
2963 2486 3039 2549 ὡς
3067 2489 3230 2541 αὐτὸν
3272 2489 3436 2559 290
3463 2489 3556 2542 τὸν

308 2585 545 2655 Χριστὸν
578 2581 814 2651 ὁρῶντες
846 2578 941 2630 ἐπὶ
965 2578 1064 2646 τῆς
1113 2575 1358 2644 κεφαλῆς
1386 2573 1478 2627 τού
1514 2574 1707 2641 ίερέως
1738 2569 2134 2640 κρατούμενον.

312 2702 384 2768 ρ’.
435 2700 496 2752 Τί
519 2697 800 2767 σημαίνει
829 2691 1138 2768 τὸλθυμιᾷν
1159 2694 1440 2768 ὕστερον.
1464 2689 1552 2768 τὰΔ
1573 2687 1884 2768 μυστήρια

463 2769 563 2821 καί
587 2759 683 2833 Eo,
720 2785 739 2819 ι
764 2759 1128 2835 ’Υψώθήτιίό
1168 2759 1334 2828 Θεὸς,
1373 2780 1391 2812 ι
1415 2759 1738 2827 ἐπιλέγειν.

385 2863 496 2913 Καὶ
547 2859 686 2912 οὕτω
742 2859 842 2928 τὴν
875 2856 969 2910 τοῦ
1009 2855 1144 2909 Θεοῦ
1204 2852 1574 2924 κληρονομίαν
1653 2857 1748 2902 καὶ
1791 2848 1884 2901 τὸν

309 2950 628 3022 περιούσιον
663 2949 791 3002 λαὸν
841 2948 1218 3016 ἐπευξάμενος
1271 2948 1298 2998 ὁ
1345 2943 1658 3015 ἀρχιερεὺς,
1692 2942 1883 2996 ἄπεισι

311 3042 526 3112 θυμιῶν
557 3043 624 3094 τά
661 3040 833 3108 δῶρα,
873 3041 1172 3106 ἐπιλέγων,
1212 3039 1314 3089 ὅσα
1349 3036 1449 3105 τὴν
1483 3032 1752 3103 ἀνάληψιν
1785 3031 1880 3085 τοῦ

311 3137 566 3205 Σωτῆρος
599 3134 773 3204 δηλοῖ,
799 3132 896 3184 καὶ
921 3133 1020 3201 τὴν
1063 3130 1205 3200 μετὰ
1229 3129 1435 3197 ταύτην
1466 3129 1623 3193 δόξαν
1647 3125 1744 3179 τοῦ
1784 3143 1882 3195 κη-

317 3231 594 3298 ρύγματος
626 3225 791 3279 αὑτοῦ
821 3227 879 3276 ἐν
912 3225 1063 3294 πάσῃ
1113 3224 1181 3293 τῇ
1216 3222 1416 3286 κτίσει,
1443 3219 1608 3272 οἱονεὶ
1636 3217 1881 3286 διαλεγόο

316 3275 913 3387 Ἧέώτῆρι,
940 3275 1063 3366 καί.
1098 3275 1295 3380 λέγων,
1332 3275 1437 3376 ὅτί,
1477 3311 1551 3364 Σὺ
1606 3275 1881 3379 κατῆλθες
1914 3275 1960 3334 c

313 3409 510 3478 μέχρις
538 3407 717 3476 ήμῶν,
755 3407 849 3458 καὶ⁵
875 3405 998 3458 καθ’
1036 3405 1184 3474 ἡμᾶς
1225 3403 1438 3472 ὤφθης,
1483 3405 1578 3455 καὶ
1613 3404 1695 3465 είς
1722 3405 1888 3471 οὐρα-

311 3501 438 3561 νοὺς
469 3497 828 3568 ἀνελήλυθας,
867 3497 964 3549 καὶ
998 3495 1353 3565 ἀναληφθεὶς,
1382 3495 1450 3564 τῇ
1486 3494 1613 3565 δόξῃ
1644 3497 1742 3562 τῆς
1787 3498 1884 3562 σῆς

311 3589 600 3660 δυνάμεως
633 3591 1006 3657 πεπλήρωκας
1051 3589 1232 3641 πᾶσαν
1260 3587 1359 3656 τὴν
1413 3587 1542 3654 γῆν,
1584 3588 1651 3639 δι’
1699 3582 1766 3658 ἦς
1796 3587 1888 3638 καὶ

311 3685 473 3752 ἡμεῖς
509 3679 925 3750 ἱερουργοῦντες
970 3696 1067 3730 σου
1101 3679 1172 3733 τὰ
1232 3679 1536 3748 μυστήρια,
1568 3678 1662 3730 καὶ
1723 3679 1886 3747 μετέ-

310 3772 481 3844 χομεν
508 3787 624 3830 σου.
650 3772 745 3821 καὶ
775 3767 895 3838 μεθ’
923 3768 1083 3837 ήμῶν
1114 3767 1380 3838 διηνεκῶς
1405 3769 1604 3838 ἔχομέν
1636 3785 1718 3820 σε.
1767 3767 1887 3820 Ἐπὶ

308 3859 546 3922 τούτοις,
581 3859 690 3910 τῶν
722 3857 884 3927 ἱερῶν
921 3857 1110 3926 δώρων
1161 3860 1220 3910 ὲν
1278 3861 1347 3928 τῇ
1383 3858 1645 3928 προθέσει
1693 3859 1890 3910 ἀπενε-

310 3950 582 4019 χθέντων,
626 3949 874 4001 διακόνου
911 3951 1010 4016 μὲν
1039 3950 1131 4002 τὸν
1168 3949 1350 4003 δίσκον
1377 3953 1469 4003 ἐπὶ
1495 3951 1597 4020 τῆς
1624 3950 1886 4018 κεφαλῆς,

311 4042 510 4111 ἱερέων
535 4041 591 4093 δὲ
612 4041 727 4102 ταῖς
753 4040 910 4109 χερσὶ
946 4041 1014 4092 τὰ
1039 4041 1275 4110 ποτήρια
1334 4042 1693 4110 κατεχόντων,
1725 4041 1888 4097 αὐτὸς

310 4133 745 4204 εὐχαριστήσας,
783 4131 878 4183 καὶ⁵
911 4132 1010 4192 τάς
1041 4133 1233 4200 χεῖρας
1263 4131 1582 4199 νιψάμενος,
1621 4129 1788 4193 ἔξεισι
1828 4129 1892 4181 τὸ

312 4225 660 4294 καλούμενον
693 4222 986 4294 άντίδωρον
1011 4223 1312 4286 ἀντιδιδοὺς
1348 4224 1426 4292 τῷ
1452 4221 1589 4290 λαῷ.

311 4333 423 4404 pa’.
464 4333 524 4388 Τί
578 4332 712 4386 ἐστι
753 4331 820 4386 τὸ
867 4332 1250 4404 καλούμενον
1303 4332 1655 4401 ἁντίδωρον,
1703 4332 1801 4386 καί
1844 4333 1883 4399 ἡ

890 4403 1104 4456 τούτου
1136 4402 1329 4466 δόσις.

388 4576 550 4631 Ἐπεὶ
579 4578 687 4646 γὰρ
713 4576 805 4628 τὸν
837 4573 1098 4646 Χριστὸν,
1135 4576 1212 4638 ὡς
1250 4575 1502 4642 εἴπομεν,
1527 4575 1556 4627 ὁ
1589 4577 1884 4647 ἀρχιερεὺς

307 4667 592 4731 εἰκονίζει,
627 4667 877 4722 αὑτὸνδὲ
931 4669 1025 4721 καὶ
1087 4667 1416 4737 ἱερούργησε
1473 4669 1567 4719 καὶ
1617 4670 1876 4736 μετέσχε,

310 4761 410 4812 καὶ
441 4763 553 4823 τοῖς
593 4761 916 4829 ίερωμένοις
976 4760 1317 4836 μετέδωκεν,
1339 4758 1614 4827 ὸγιασμοῦ
1639 4759 1695 4811 δὲ
1721 4760 1883 4828 χρεία

315 4856 617 4922 μετασχεῖν
641 4853 736 4904 καὶ
771 4853 863 4904 τὸν
891 4854 1044 4917 λαὸν,
1081 4855 1206 4916 ὅσος
1249 4854 1348 4922 μὲν
1381 4852 1490 4905 ἀπὸ
1514 4853 1622 4904 τῶν
1655 4868 1886 4921 προσευ-

313 4947 430 5016 χῶν
459 4948 487 4998 ὁ
513 4947 786 5014 ἁγιασμὸς
820 4945 915 4998 καὶ
966 4945 1067 5014 τῆς
1103 4946 1343 5015 φρικτῆς
1386 4944 1724 5015 ἱερουργίας,
1761 4960 1888 5012 νοη-

315 5042 425 5104 τῶς
453 5044 567 5104 τοῖς
602 5042 817 5101 πιστοῖς
861 5041 1144 5109 μετεδόοη.
1191 5041 1344 5092 Ἐπεὶ
1375 5040 1430 5092 δὲ
1462 5041 1557 5091 καὶ
1603 5037 1674 5090 δι’
1700 5041 1892 5116 αίσθη-

798 5136 957 5203 σῶμα
1007 5134 1418 5203 περικειμένοις
1482 5134 1572 5185 τὴν
1605 5133 1884 5202 ἁγιασμόν

321 5225 432 5278 ἔδει
483 5228 691 5290 λαϐεῖν,
721 5227 811 5281 διὰ
856 5227 951 5280 τοῦ
999 5227 1300 5296 ἀντιδώρου
1349 5228 1586 5294 γίνεται.
1625 5229 1799 5281 Τοῦτο
1832 5227 1891 5280 δὲ

322 5315 658 5386 ήγιασμὲνος
687 5318 838 5370 ἐστὶν
878 5317 1043 5387 ἄρτος
1096 5318 1154 5370 ὲν
1205 5319 1273 5388 τῇ
1329 5317 1590 5388 προθέσει
1636 5335 1894 5386 προσενε-

325 5412 498 5481 χθεὶς,
523 5410 583 5474 ἐξ
615 5405 678 5464 οὗ
700 5413 759 5462 τὸ
793 5393 1122 5479 μεσαίτατον
1147 5409 1436 5479 ὲκὸληθὲν,
1471 5410 1568 5462 καὶ
1599 5412 1890 5481 ίερουργη-

327 5503 485 5570 θῆναι
514 5501 903 5572 προσενεχθέν.
931 5501 1099 5579 Οὗτος
1125 5500 1375 5571 ὕστερον,
1408 5501 1484 5564 ὡς
1511 5501 1608 5554 καὶ
1631 5504 1697 5572 τῇ
1725 5501 1896 5572 λόγχῃ

328 5595 704 5660 σφραγισθεὶς,
740 5595 836 5648 καὶ
869 5595 988 5647 θεῖα
1021 5593 1316 5663 δεξάμενος
1349 5595 1595 5664 ῥήματα,
1629 5595 1750 5649 ἀντὶ
1784 5595 1893 5647 τῶν

329 5681 516 5752 δώρων
550 5685 655 5739 τῶν
716 5687 962 5756 φρικτῶν
1010 5688 1216 5759 δηλαδή
1274 5688 1616 5758 μυστηρίων,
1665 5687 1774 5749 τοῖς
1815 5687 1893 5756 μὴ

332 5775 662 5847 μετασχοῦσι
695 5778 902 5831 τούτων
934 5779 1260 5848 παρέχεται.
1297 5777 1454 5833 οὕτω
1509 5779 1766 5848 ποιήσας,
1795 5777 1889 5831 καὶ

602 5872 872 5937 Ρηιιοι..
920 5875 1036 5938 GR.
1081 5873 1246 5938 CLV.

322 5135 430 5186 τῶν
460 5152 628 5187 τινων
677 5136 750 5196 ὡς

1990 2689 2114 2743 100.
2150 2689 2290 2756 Quid
2319 2692 2572 2769 signiﬁcet
2609 2694 2899 2769 quod_post
2937 2698 3184 2769 mysteria
3227 2699 3287 2765 ﬁt
3326 2698 3560 2769 sufﬁtus,

2303 2761 2667 2832 additurque:
2698 2783 2716 2815 ι
2751 2761 3010 2817 Exultaré
3042 2761 3235 2820 DeusJ

2057 2853 2238 2922 Atque
2269 2853 2343 2907 ita
2370 2868 2536 2924 super
2567 2855 2884 2912 haereditate
2933 2858 3026 2915 Dei
3077 2868 3131 2915 et
3181 2861 3408 2929 copioso
3437 2862 3559 2930 ejus

1988 2944 2188 3012 populo
2219 2946 2474 3000 oratione
2509 2947 2650 3011 fusa,
2688 2949 2802 3004 abit
2853 2953 3096 3020 pontifex
3122 2954 3284 3006 donis
3320 2954 3557 3009 sumtum

1987 3035 2257 3090 adhibens
2282 3045 2337 3089 et
2368 3038 2659 3105 adjiciens,
2702 3057 2825 3109 qua:
2872 3043 3258 3099 Ascensionem
3318 3045 3558 3110 Domini,

1991 3132 2046 3179 et
2101 3125 2154 3179 in
2211 3136 2490 3195 posterum
2556 3131 2786 3198 gloriam
2861 3135 3272 3202 praedicationis
3327 3139 3381 3190 in
3447 3125 3560 3190 toto

1991 3219 2198 3273 mundo
2254 3221 2601 3289 significant;
2657 3225 2827 3279 veluti
2898 3228 2980 3281 sic
3039 3227 3371 3284 Salvatorem
3431 3233 3564 3284 allo-

1990 3325 2164 3378 quens
2195 3327 2209 3363 :
2245 3310 2324 3365 Tu
2360 3326 2534 3381 usque
2567 3313 2635 3367 ad
2679 3331 2781 3369 nos
2833 3316 3168 3373 descendisti
3211 3330 3264 3374 et
3294 3321 3434 3374 inter
3465 3338 3566 3376 nos

1990 3401 2143 3455 visus
2176 3417 2255 3465 es,
2309 3411 2364 3457 et
2417 3404 2469 3456 in
2518 3406 2718 3459 caelum
2771 3410 3102 3472 ascendisti,
3156 3419 3208 3464 te
3257 3422 3564 3482 assumpto,

1990 3494 2163 3561 gloria
2196 3495 2414 3548 virtutis
2445 3503 2549 3549 tuae
2610 3511 2831 3551 omnem
2889 3508 3094 3553 terram
3143 3501 3412 3570 implevit,
3465 3519 3563 3573 per

1990 3597 2152 3651 quam
2185 3593 2239 3638 et
2279 3600 2377 3640 nos
2412 3587 2791 3643 sacrificantes
2836 3599 2929 3643 tua
2969 3593 3250 3662 mysteria,
3293 3603 3347 3649 ct
3398 3598 3566 3664 parti-

1991 3674 2237 3739 cipamus
2269 3684 2341 3740 te,
2385 3686 2439 3730 et
2477 3679 2723 3746 quotidie
2759 3695 2823 3732 ac
2875 3693 3148 3750 perpetuo
3191 3685 3455 3740 habemus
3489 3698 3560 3740 te.

1989 3762 2119 3818 Post
2148 3765 2284 3828 haec,
2315 3767 2492 3820 sacris
2528 3767 2688 3824 donis
2731 3769 2801 3823 ad
2853 3773 3142 3837 ‘prothesin
3173 3776 3394 3841 delatis,
3439 3779 3558 3830 dia-

1989 3869 2130 3909 cono
2161 3857 2382 3924 quidem
2415 3859 2628 3912 discum
2687 3861 2741 3913 in
2793 3864 2990 3930 capite,
3044 3866 3427 3923 sarerdotihus
3459 3884 3561 3922 au-

1990 3952 2096 3998 tem
2127 3947 2378 4022 manibus
2411 3949 2611 4005 calices
2637 3953 2972 4017 tenentibus,
3007 3956 3121 4024 ipse
3169 3958 3361 4027 gratiis
3395 3963 3556 4023 actis,

1989 4047 2043 4091 et
2075 4041 2326 4095 manibus
2353 4041 2496 4107 latis,
2523 4047 2825 4114 egreditur,
2855 4063 3163 4118 panemque
3212 4050 3558 4106 benedictum

1991 4129 2192 4196 pepulo
2220 4130 2528 4189 distribuit.

1992 4343 2115 4424 10L.
2152 4344 2302 4424 Quid
2337 4347 2406 4424 sit
2462 4350 2615 4424 punis
2664 4342 2988 4419 benedictus,
3027 4366 3074 4410 et
3116 4357 3252 4424 quod
3308 4359 3396 4411 ille
3455 4361 3564 4414 vice

2063 4414 2421 4495 Eucharistia:
2453 4414 2640 4500 .Vdatur
2689 4423 2785 4500 iis,
2816 4425 2906 4492 qui
2947 4414 3015 4476 a'd
3067 4414 3276 4480 sacram
3327 4445 3564 4482 commu-

2060 4494 2265 4538 nionem
2296 4495 2422 4539 sunt
2447 4494 2720 4555 imparati.

1911 4607 1964 4668 ι)
2060 4596 2330 4661 Quoniam
2354 4598 2499 4652 enim
2533 4601 2779 4668 pontifex
2803 4601 3108 4671 Christum,
3142 4615 3202 4661 ut
3251 4609 3564 4674 docuimus,

1989 4687 2267 4754 exprimit,
2294 4688 2470 4756 ipsum
2515 4699 2568 4742 et
2613 4693 2960 4758 sacrificavit,
3007 4705 3060 4750 et
3104 4699 3466 4768 participavit,
3509 4717 3561 4755 et

1996 4779 2129 4833 viris
2152 4779 2324 4834 sacris
2384 4779 2614 4835 initiatis
2673 4783 3008 4852 impertivit;
3066 4791 3557 4848 sanctificationem

1992 4871 2156 4924 etiam
2189 4872 2519 4940 participare
2549 4887 2688 4942 Opus
2717 4883 2803 4928 est
2854 4879 3136 4946 populum,
3189 4895 3391 4951 quanta
3440 4889 3563 4954 qni-

1997 4960 2117 5014 dem
2149 4974 2178 5012 a
2208 4962 2464 5029 precibus
2505 4972 2559 5016 et
2605 4979 2635 5017 a
2663 4968 2948 5021 tremendo
3011 4972 3304 5040 sacrificio,
3350 4975 3560 5030 intelle-

1998 5051 2163 5105 ctuali
2210 5054 2370 5106 modo
2399 5056 2760 5111 sanctificatio
2799 5073 2827 5110 a
2862 5058 3118 5117 fidelibus
3169 5071 3564 5121 communicari

1999 5153 2195 5213 potest.
2225 5145 2290 5199 Et
2319 5148 2581 5215 quoniam
2615 5150 2970 5206 sensibilibns
3016 5155 3345 5224 quibusdam
3378 5161 3560 5222 rebus,

2001 5239 2061 5284 ut
2089 5247 2320 5301 corpore
2379 5244 2554 5291 tectos
2602 5239 3096 5297 sanctificationem
3159 5259 3258 5299 nos
3323 5248 3570 5317 recipere

2000 5322 2322 5390 oportebat;
2375 5324 2426 5377 id
2478 5325 2716 5382 maxime
2755 5343 2896 5398 pane
2942 5332 3229 5388 benedicto
3255 5345 3567 5403 praestatur.

2001 5411 2097 5466 Ille
2139 5423 2318 5468 autem
2363 5423 2450 5470 est
2508 5417 2668 5484 panis
2718 5422 3118 5488 sanctifiratus,
3173 5439 3342 5494 super
3379 5430 3568 5494 quoin

1998 5506 2389 5574 propositionis
2457 5521 2645 5562 mensa
2700 5526 2889 5580 preces
2927 5511 3075 5569 fusa:
3136 5523 3289 5579 sunt,
3348 5531 3416 5570 ex
3463 5533 3573 5587 quo

1998 5597 2175 5652 media
2233 5611 2362 5667 pars
2439 5608 2679 5663 exsecta,
2743 5603 3004 5672 precibus
3079 5617 3403 5662 consecrata
3464 5618 3568 5661 est.

1997 5689 2093 5744 Hic
2124 5702 2309 5762 postea
2338 5703 2397 5748 ut
2427 5693 2666 5750 lanceofa
2709 5697 2976 5767 signatus,
3032 5709 3086 5754 et
3141 5701 3342 5756 divinis
3388 5702 3570 5755 verbis

1994 5791 2159 5850 super
2195 5798 2256 5838 se
2293 5781 2476 5850 factis,
2526 5785 2647 5840 loco
2703 5787 3108 5843 tremendorum
3143 5790 3410 5847 donorum
3457 5791 3571 5860 (sa-

3185 5888 3262 5944 Ἧι
