4026 6274
3041 168 3077 198 Ο

464 302 573 365 ἿΠ
1291 298 1677 361 SYMEONIS
1701 296 2155 359 τηΕεςΑιοΝ
2168 298 2466 360 [CENSIS
2500 297 2703 357 ARCH
2716 299 2864 360 [EP.
3612 285 3742 352 ’148

470 420 880 470 cramentorum
947 410 1224 477 videlicet)
1293 409 1362 465 iis
1422 410 1516 479 qui
1575 424 1683 464 non
1737 407 2078 466 communi-.

2183 412 2407 479 ὐλογίαν
2436 412 2811 479 ἐπευξάμενος
2843 408 2923 478 τῷ
2971 403 3087 478 λαῷ
3119 408 3150 460 ό
3198 400 3531 477 ἀρχιερεὺς,
3565 399 3738 465 τέλος

468 512 667 558 carunt
740 502 1110 558 distribuitur.
1183 499 1341 567 Quod
1422 499 1667 569 pontifex
1725 500 1817 555 ubi
1892 499 2044 565 fecit,

470 602 525 647 et
562 592 766 664 populo
820 595 958 647 bene
1017 599 1275 662 precatus
1330 597 1433 657 est,
1496 588 1682 645 missae
1732 590 1899 645 finem
1940 587 2047 644 im-

470 685 642 751 ponit.

541 775 621 830 Ac
655 790 755 832 nos
788 775 1010 847 quidem
1058 777 1245 831 missae
1287 773 1676 831 sacratissima
1730 784 1933 826 arcana
1963 768 2047 824 fu-

474 864 593 920 sius
623 865 921 932 explanare
950 864 1271 919 volebamus
1299 880 1315 931 ;
1358 863 1459 919 sed
1484 876 1609 916 cum
1651 859 1707 915 id
1736 859 2052 928 intelligen-

412 949 433 1020 ξ
480 957 569 1010 tiae
600 964 803 1011 nostrae
836 956 1073 1011 tenuitas
1106 955 1420 1025 prohibeat,
1444 962 1500 1008 et
1550 951 1751 1006 summi
1785 965 1853 1005 ac
1877 949 2050 1005 divini

427 1033 434 1041 ’
478 1047 704 1116 quidam
741 1047 839 1101 viri
897 1063 996 1117 pro
1039 1046 1330 1104 excellenti
1381 1045 1697 1116 cognitione
1731 1058 1830 1098 sua
1872 1043 1940 1098 de
1964 1042 2053 1098 bis

478 1138 940 1208 conscripserint,
988 1152 1054 1193 eo
1100 1153 1197 1193 vos
1251 1138 1554 1199 mittentes,
1602 1134 2051 1191 conticescimus.

482 1228 618 1296 Quae
649 1244 781 1284 vero
805 1229 1117 1293 attulimus,
1149 1243 1259 1299 non
1316 1242 1383 1282 ea
1442 1227 1543 1296 ipsi
1600 1226 2053 1297 excegitavimus,

480 1322 575 1376 sed
603 1336 668 1375 ex
700 1318 957 1375 Patribus
997 1328 1051 1373 et
1102 1319 1322 1388 pietatis
1380 1318 1700 1374 doctoribus
1745 1317 2054 1385 praecipuis,

481 1413 576 1483 qui
610 1411 678 1465 de
706 1412 791 1466 his
822 1410 1077 1467 sublimia
1134 1411 1502 1481 scripserunt,
1555 1410 1905 1468 occasionem
1942 1408 2057 1463 dis-

480 1503 698 1559 serendi
729 1505 1045 1561 habuimus.
1086 1505 1218 1559 Erat
1269 1504 1324 1560 in
1359 1505 1544 1559 animo
1582 1514 1639 1559 et
1670 1518 1735 1559 ea
1767 1517 1891 1572 qua:
1924 1503 2058 1557 fiunt

481 1596 536 1648 in
580 1596 820 1663 prothesi
877 1597 1215 1664 enucleare;
1249 1610 1440 1652 verum
1472 1596 1602 1664 quia
1657 1596 1725 1650 de
1782 1594 1867 1650 bis
1901 1595 2059 1651 simi-

480 1686 609 1741 liter
653 1686 816 1743 iidem
855 1688 1290 1758 explicaverunt,
1327 1703 1428 1743 nos
1459 1687 1625 1742 verba
1684 1688 1865 1743 facere
1920 1686 2055 1741 nihil

479 1789 563 1832 est
594 1793 821 1835 necesse
853 1797 866 1832 :
898 1794 1073 1847 pauca
1133 1787 1315 1836 tamen
1351 1778 1597 1849 quaedam
1651 1793 1774 1848 qua:
1829 1777 1896 1832 ad
1928 1792 2058 1847 pro-

481 1870 666 1924 thesin
721 1877 976 1939 spectant
1029 1870 1379 1940 subjicimus.
1436 1867 1763 1927 Secundum
1805 1867 2061 1924 traditio-

483 1975 607 2015 nem
678 1960 915 2029 primum
984 1960 1201 2030 quidem
1272 1959 1534 2016 sacerdos
1604 1973 1799 2028 panem
1878 1957 2059 2026 olfert,

483 2048 685 2104 deinde
723 2049 1039 2105 mistionem
1064 2059 1121 2106 et
1150 2051 1411 2105 unionem
1438 2048 1630 2106 calicis
1652 2047 1926 2119 adjungit.

486 2189 614 2246 102.
649 2191 822 2257 Quam
852 2190 1113 2244 rationem
1163 2191 1386 2245 habeant
1444 2187 1722 2255 particula:
1778 2187 1842 2241 de
1906 2203 2064 2242 sacra

557 2263 731 2315 hostia
774 2262 827 2315 in
854 2261 1102 2315 honorem
1129 2277 1323 2331 sacra:_
1349 2259 1577 2331 Virginis
1608 2268 1657 2312 ef
1718 2273 1816 2327 pro
1860 2260 2064 2331 sanctis

559 2331 841 2385 ricentibus
887 2347 949 2383 ac
1001 2331 1226 2386 mortuis
1271 2327 1463 2387 oblatae
1505 2330 1637 2394 Deo,
1692 2337 1742 2382 et
1780 2327 1908 2398 quid
1957 2327 2064 2383 illa:

559 2403 856 2472 conferant.

561 2513 886 2597 Posttetiam
929 2514 1229 2584 particulas
1271 2512 1432 2572 offert
1481 2514 1616 2580 Deo,
1648 2514 1810 2569 aliam
1844 2514 2063 2585 quidem

498 2606 557 2660 in
592 2606 854 2661 honorem
910 2605 1100 2662 Matris
1151 2605 1392 2673 Domini,
1450 2606 1718 2676 quasdam
1785 2620 1917 2660 vero
1965 2619 2067 2676 pro

483 2697 704 2753 sanctis
732 2705 788 2753 et
822 2697 1063 2767 reliquas
1087 2711 1188 2767 pro
1209 2698 1350 2755 vivis
1389 2706 1446 2753 et
1474 2696 1751 2753 defunctis
1790 2696 2065 2753 fidelibus.

491 2789 771 2856 Quaeritur
801 2790 1006 2860 itaque,
1031 2806 1195 2860 quam
1223 2790 1333 2846 vim
1374 2789 1610 2845 habeant
1640 2791 1759 2846 ista:
1787 2789 2070 2860 particulae

492 2893 550 2936 et
595 2888 778 2936 utrum
840 2884 896 2936 in
946 2896 1153 2952 corpus
1211 2880 1429 2938 Domini
1494 2890 1967 2950 transmutentur;
2016 2890 2071 2938 et

494 2973 625 3041 quid
674 2973 741 3029 iis
770 2973 1058 3030 conferant
1109 2988 1209 3044 pro
1260 2974 1463 3042 quibus
1519 2973 1847 3031 offeruntur.
1879 2972 2072 3031 Sermo

2149 504 2429 574 ἐπιτίθησι
2460 506 2528 577 τῇ
2562 503 2684 575 ίερᾷ
2723 502 2945 574 τελετῇ.

2234 775 2431 841 Ἦμείς
2484 771 2583 841 μὲν
2613 769 2707 824 οὖν
2734 769 2831 824 καὶ
2891 762 3333 833 διεξοδικώτερον
3385 761 3749 830 ἐϐουλόμεθα

2152 868 2222 933 τὰ
2251 866 2355 934 τῆς
2398 864 2705 935 ίερωτάτης
2755 859 2983 928 τελετῆς
3030 856 3392 928 ἑρμηνεῦσαι.
3468 854 3616 907 Ἀλλ’
3646 857 3751 906 ὅτι

2153 962 2250 1015 καὶ
2303 958 2542 1029 ἀδρανὴς
2590 953 2752 1027 ἡμῶν
2782 956 2811 1007 ὁ
2849 951 2998 1017 νοῦς,
3032 950 3127 1003 καὶ
3155 947 3265 1002 τῶν
3299 946 3577 1016 μεγίστων
3636 945 3753 998 καὶ

2155 1053 2317 1108 θείων
2355 1051 2565 1120 ἀνδρῶν
2592 1051 2740 1112 τινες
2782 1047 2949 1113 ἀξίως
2979 1044 3159 1100 αὐτῶν
3205 1041 3304 1110 τῆς
3338 1041 3553 1112 ὑψηλῆς
3593 1040 3753 1109 γνὼ-

2157 1163 2296 1209 σεως
2325 1143 2758 1213 συνεγράψαντο,
2790 1140 2973 1193 ἐκεῖσε
3028 1135 3504 1208 παραπέμποντες
3555 1133 3748 1201 ὑμᾶς,

2156 1237 2403 1305 σιγῶμεν
2432 1238 2614 1306 ἡμεῖς.
2660 1233 2822 1288 Ἀλλὰ
2844 1231 2938 1286 καὶ
2967 1232 3179 1300 ὅσαπερ
3208 1228 3462 1293 εἴπομεν,
3493 1225 3596 1278 οὐκ
3634 1223 3751 1289 ἀφ’

2159 1330 2368 1386 ἑαυτῶν
2401 1331 2653 1397 εἴπομεν,
2699 1328 2837 1382 ἀλλὰ
2896 1323 3156 1395 ἀφορμὰς
3204 1320 3419 1392 ἔχοντες
3470 1319 3536 1371 ἐκ
3559 1317 3747 1371 Πατέ-

2162 1439 2297 1494 ρων,
2323 1421 2420 1476 καὶ
2452 1420 2562 1474 τῶν
2603 1419 2706 1486 τ’ἠς
2758 1415 3044 1476 εὐσεϐείας
3080 1413 3317 1482 μάλιστα
3365 1408 3745 1472 διδασκάλων,

2158 1512 2209 1567 οἳ
2240 1512 2369 1580 περὶ
2400 1510 2608 1564 τούτων
2646 1507 3043 1577 ὑψηλοφρόνως
3084 1501 3353 1567 ἐδίδαξαν.
3400 1496 3746 1566 Ἑμέλλομεν

2161 1605 2253 1658 καὶ
2283 1605 2412 1674 περὶ
2446 1602 2561 1656 τῶν
2585 1603 2643 1654 ἐν
2680 1603 2744 1671 τῇ
2778 1598 3039 1667 προθέσει
3069 1593 3348 1648 διαλαϐεῖν
3371 1609 3384 1621 ·
3415 1591 3530 1644 ἁλλ¹¹
3548 1589 3749 1658 ἐπειδὴ

2162 1698 2259 1749 καὶ
2298 1694 2426 1765 περὶ
2459 1691 2654 1747 τούτου
2689 1692 2923 1752 ἐκείνοις
2961 1687 3332 1759 ἡρμήνευται,
3367 1682 3429 1734 οὐ
3456 1680 3624 1758 χρεία
3650 1677 3751 1731 λέ-

2162 1803 2282 1855 γειν
2306 1788 2479 1857 ἡμᾶς.
2504 1784 2720 1853 Μικρόν
2748 1799 2804 1836 τι
2853 1780 3014 1852 μόνον
3042 1777 3176 1847 περὶ
3200 1775 3327 1829 τῶν
3349 1774 3409 1827 έν
3438 1774 3506 1842 τῇ
3538 1769 3747 1840 προθέ-

2164 1895 2246 1932 σει
2264 1878 2574 1948 ὑπομνῆσαι
2590 1875 2708 1931 δέον
2723 1873 3006 1946 ᾠήθημεν,
3019 1870 3102 1925 ὅτι
3121 1868 3265 1924 κατᾶ
3282 1865 3381 1936 τὴν
3400 1882 3466 1918 πε
3476 1864 3529 1931 pi
3543 1860 3746 1915 τούτου

2170 1970 2472 2038 παράδοσιν
2500 1969 2806 2039 προσφέρει
2838 1957 2965 2037 ’μὲν
3004 1963 3225 2034 πρῶτον
3256 1961 3350 2014 τὸν
3377 1957 3544 2028 ἄρτον
3585 1955 3616 2007 ό
3664 1954 3751 2006 is-

2165 2064 2316 2135 ρεὺς,
2343 2062 2535 2117 ἔπειτα
2557 2061 2616 2115 δὲ
2639 2060 2739 2131 τὴν
2771 2059 2969 2114 ἕνωσιν
2994 2055 3089 2112 τοῦ
3123 2053 3390 2124 ποτηρίου
3422 2049 3685 2103 ποιεῖται.

2168 2200 2271 2275 ρβ’.
2310 2201 2454 2259 Τίνα
2471 2200 2666 2275 ’.ζόγον
2709 2199 2966 2275 ξχουσ-ιν
2995 2265 3008 2275 _
3028 2197 3091 2275 αἱ
3141 2191 3598 2275 προσαγόμεναι
3642 2201 3751 2257 με-

2417 2264 2603 2340 ρίδετςνι
2636 2264 2925 2323 καίπατὰ
2951 2265 3008 2320 τί
3035 2264 3460 2319 λυσιτελοῦσι.

2239 2532 2374 2591 Εἶτα
2401 2534 2496 2587 καὶ
2521 2532 2748 2603 μερῗδας
2779 2529 3086 2600 προσφέρει
3118 2526 3193 2597 τῷ
3220 2525 3366 2595 Θεῷ,
3399 2524 3498 2593 τὴν
3538 2523 3642 2591 μὲν
3665 2522 3749 2584 είς

2170 2627 2342 2698 τιμὴν
2373 2626 2473 2695 τῆς
2508 2624 2604 2678 τοῦ
2634 2623 2846 2692 Κυρίου
2877 2619 3125 2690 Μητρὸς,
3157 2617 3258 2680 τὰς
3279 2617 3336 2671 δὲ
3364 2614 3567 2676 λοιπάς
3599 2614 3751 2681 ὑπὲρ

2170 2720 2280 2774 τῶν
2314 2718 2511 2785 ἁγίων,
2549 2716 2647 2770 καὶ
2680 2713 2877 2783 ἑτέρας
2904 2712 3045 2782 ὑπέρ
3085 2728 3145 2763 τε
3188 2707 3410 2774 ζώντων
3445 2707 3542 2760 καὶ
3572 2722 3751 2759 κεκοι-

2176 2811 2438 2881 μημένων
2469 2807 2698 2862 πιστῶν.
2726 2805 2980 2876 Ζητεῐται
3012 2803 3215 2864 τοίνυν,
3256 2800 3380 2855 τίνα
3417 2800 3478 2853 αἱ
3532 2796 3754 2867 μερῖδες

2174 2902 2355 2971 έχουσι
2411 2898 2667 2968 δύναμιν,
2723 2895 2822 2951 καὶ
2874 2896 2924 2949 εί
2962 2895 3042 2958 εἰς
3089 2891 3250 2963 σῶμα
3314 2888 3752 2961 μεταϐάλλονται

2177 2991 2536 3055 Δεσποτικδν,
2570 2993 2667 3045 καὶ
2696 2990 2821 3045 τίνα
2852 2985 3154 3058 συνεργίαν
3204 2982 3420 3037 τελοῦσι
3448 2984 3565 3044 τοῖς
3608 2980 3753 3048 ὑπὲρ

495 3065 717 3134 quidem
745 3079 773 3119 a
804 3065 1060 3122 Patribus
1110 3067 1179 3122 ad
1229 3081 1330 3122 nos
1372 3082 1552 3137 usque
1591 3067 1868 3141 pervenit,
1904 3066 2074 3138 parti-

2183 3076 2254 3136 ῶν
2288 3080 2683 3152 προσάγονται.
2709 3078 2868 3131 Ἔστι
2892 3075 3073 3130 τοίνυν
3098 3074 3279 3143 λόγος,
3298 3072 3451 3141 παρὰ
3485 3069 3750 3136 ῐῐατέρων

496 3159 650 3214 cuias
672 3157 891 3215 oblatas
945 3158 1238 3215 utilitatem
1303 3160 1528 3216 multam
1574 3161 1852 3225 conferre,
1891 3158 2072 3215 locum

499 3250 648 3303 enim
679 3258 870 3306 tenent
918 3265 1285 3321 personarum
1324 3264 1514 3306 earum
1559 3265 1659 3320 pro
1693 3250 1898 3318 quibus
1938 3249 2077 3305 offe-

501 3352 734 3410 runtur;
797 3343 1244 3413 sacrificiumque
1298 3343 1571 3412 quoddam
1628 3348 1714 3397 est
1779 3356 1878 3412 pro
1944 3341 2078 3412 ipsis

491 3435 613 3489 :Deo
646 3434 913 3497 oblatum,
957 3435 1101 3489 sicut
1138 3446 1193 3489 et
1242 3436 1503 3490 sacerdos
1536 3433 1687 3489 inter
1736 3434 2078 3490 oderendum

490 3525 685 3594 inquit
733 3544 748 3581 :
806 3543 827 3578 ι
885 3525 1134 3596 Suscipe.
1173 3526 1430 3593 Domine,
1465 3528 1796 3583 sacrificium
1847 3527 2013 3582 istud.
2052 3543 2073 3579 ι

476 3618 645 3683 ιριιω
669 3616 836 3686 igitur
862 3632 970 3687 pro
1009 3620 1217 3674 sanctis
1248 3616 1579 3680 oﬁ‘eruntur,
1629 3618 1695 3674 ad
1731 3619 1959 3689 gloriam
1986 3633 2083 3672 eoo

504 3724 628 3762 rum
651 3716 707 3763 ct
752 3709 1047 3778 honorem,
1089 3710 1155 3765 ad
1191 3719 1546 3781 augmentum
1585 3710 1891 3781 dignitatis,
1921 3718 1976 3764 et
2013 3708 2081 3764 ad

504 3800 674 3855 divini
703 3800 931 3857 luminis
982 3803 1355 3873 receptionem
1402 3802 1914 3872 majorem-valent.
1949 3799 2083 3869 Quae

506 3900 691 3948 autem
721 3909 821 3964 pro
849 3893 1107 3951 fidelibus
1138 3908 1290 3964 sunt,
1332 3910 1432 3965 pro
1462 3893 1699 3949 mortuis
1729 3893 1975 3963 quidem,
2014 3891 2083 3947 ad

506 3994 859 4057 peccatorum
913 3987 1300 4044 remissionem
1353 3995 1408 4042 et
1457 3986 1659 4041 divina:
1708 3985 1903 4055 gratia;
1954 3999 2088 4039 cono

504 4078 845 4147 juuctiooem
880 4088 1138 4148 prosunt.
1170 4078 1304 4145 Qua
1372 4092 1504 4133 vero
1557 4091 1656 4147 pro
1681 4076 1841 4143 vivis,
1876 4077 1922 4131 si
1957 4090 2085 4131 cum

508 4171 832 4242 paenitentia
877 4171 1016 4227 bene
1061 4170 1228 4225 vitam
1276 4169 1742 4238 dispensaverint,
1789 4168 1858 4223 ad
1895 4182 2088 4238 pmua-

454 4331 461 4339 _
509 4277 630 4315 rum
662 4260 932 4325 levamen,
979 4259 1047 4316 ad
1093 4268 1442 4332 peccatorum
1491 4259 1979 4326 condonationem,
2014 4257 2087 4313 ad

509 4353 636 4408 vitae
677 4361 895 4409 aeternae
929 4366 1081 4421 Spem
1126 4352 1463 4408 conducunt.
1495 4349 1630 4405 Nam
1669 4359 1725 4406 et
1755 4350 1965 4406 sanctis
2006 4351 2089 4404 in-

510 4455 858 4501 crementum
892 4444 1080 4516 gloriae
1124 4444 1402 4499 sacrificio
1452 4442 1548 4498 illo
1592 4441 1809 4497 accedit
1834 4450 1889 4496 et
1917 4439 2091 4496 fideli-
2118 4430 2167 4488 ι)

513 4541 638 4604 bus,
657 4548 715 4594 ut
738 4538 945 4594 dictum
974 4546 1082 4603 est,
1113 4535 1312 4593 divina:
1351 4533 1745 4591 misericordia:
1774 4530 2090 4588 distributio

514 4632 865 4701 impenditur.
1644 4699 1647 4701 ί

517 4748 642 4804 105.
697 4726 1063 4802 ευωυ-αωωί
1107 4756 1349 4815 oportere
1414 4745 1688 4798 attendere
1732 4755 1827 4811 pro
1865 4751 2096 4811 quonam

902 4818 1219 4885 particulam
1267 4831 1476 4870 sacram
1506 4815 1720 4883 oﬂ'erat.

593 4908 697 4961 Sed
730 4919 996 4977 quantum
1025 4918 1110 4963 est
1143 4909 1279 4963 utile
1332 4908 1435 4961 hoc
1480 4921 1643 4976 opus,
1679 4906 1725 4960 si
1768 4918 1867 4973 pro
1917 4902 2099 4974 dignis

521 5002 969 5065 administretur,
1005 5009 1112 5054 tam
1140 4999 1513 5070 periculosum
1565 5005 1621 5051 et
1662 4995 2013 5060 damnosum,
2053 4985 2099 5047 si

523 5113 625 5169 pro
661 5096 747 5151 his
779 5095 869 5165 qui
922 5100 1192 5164 quantum
1246 5094 1302 5146 in
1351 5089 1575 5169 homine
1617 5096 1722 5150 est,
1754 5086 1951 5156 dignos
1980 5100 2104 5141 sese

525 5167 631 5248 non
676 5196 957 5261 prastaut.
1018 5182 1295 5240 Particula
1352 5167 1498 5236 enim
1552 5176 1843 5248 cujusdam
1881 5176 2105 5231 nomine

525 5294 715 5341 sancto
747 5280 872 5354 pani
922 5277 1198 5348 adiacens,
1233 5270 1456 5344 quando
1504 5277 1857 5324 consecratur
1885 5275 1942 5321 et
1978 5280 2106 5320 cor-

486 5368 494 5375 ’
526 5393 628 5450 pus
649 5376 857 5435 Christi
908 5374 989 5437 fit,
1024 5369 1291 5426 continuo
1322 5360 1777 5421 sanctificationis
1799 5366 1853 5413 et
1897 5358 2013 5427 ipsa
2049 5356 2107 5411 fit

530 5449 825 5540 particeps,
862 5464 917 5521 in
953 5463 1350 5519 calicemnrero
1382 5455 1548 5511 missa
1576 5452 1832 5521 sanguini
1874 5449 2062 5503 uuitur
2089 5463 2106 5515 ;

530 5574 702 5631 quare
749 5568 803 5614 et
849 5555 1049 5612 anima:
1084 5567 1182 5621 pro
1214 5563 1324 5621 qua
1359 5547 1545 5604 oblata
1575 5555 1663 5601 est
1711 5544 1945 5616 gratiam
1974 5556 2110 5597 con-

538 5654 663 5711 fert,
688 5658 743 5702 et
769 5659 901 5701 tunc
927 5642 1290 5713 iutelligibilis
1314 5639 1376 5695 fit
1407 5653 1531 5695 cum
1563 5638 1672 5692 Deo
1708 5636 2026 5707 coniunctio
2056 5644 2112 5689 ct

538 5740 873 5800 communio.
936 5739 1003 5795 Et
1054 5738 1101 5795 si
1158 5734 1379 5807 quidem
1438 5732 1622 5788 anima
1650 5731 1742 5786 illa
1796 5745 1828 5787 e
1883 5743 2111 5785 numero

2177 3176 2259 3239 είς
2293 3174 2438 3244 ἡμᾶς
2463 3172 2635 3243 ἥκων,
2664 3173 2742 3235 ὥς
2773 3172 2828 3224 αί
2852 3166 3270 3240 προσαγόμεναι
3304 3163 3521 3233 μερίδες
3549 3158 3754 3227 πολλὴν

2179 3266 2396 3320 ποιοῦσι
2432 3263 2533 3334 τὴν
2586 3261 2956 3316 λυσιτέλειαν⁹
2991 3259 3117 3313 ἀντὶ
3151 3256 3260 3329 γὰρ
3296 3254 3408 3309 τῶν
3439 3249 3754 3323 προσώπων

2180 3357 2320 3410 είσὶν
2366 3355 2509 3426 ὑπὲρ
2541 3348 2616 3409 ὧν
2656 3353 3053 3423 προσάγονται,
3091 3350 3189 3404 καὶ
3217 3345 3379 3401 θυσία
3405 3346 3556 3400 ἐστὶν
3610 3340 3754 3416 ὑπὲρ

2180 3448 2360 3502 αὐτῶν
2393 3446 2816 3516 προσφερομένη
2834 3442 2973 3514 Θεῷ,
3003 3442 3147 3497 καθὰ
3174 3440 3313 3493 καὶὸ
3347 3437 3527 3508 ἱερεὺς
3579 3433 3755 3494 οὕτως

2181 3541 2240 3593 ὲν
2276 3539 2356 3609 τῷ
2390 3533 2696 3608 προσάγειν
2742 3535 2904 3605 φησὶ,
2965 3553 2984 3587 ι
3034 3530 3359 3605 Πρόσδεξαι,
3422 3526 3619 3596 Κύριε.
3655 3524 3754 3593 τὴν

2183 3630 2380 3685 θυσίαν
2410 3629 2638 3698 ταύτην.
2678 3647 2697 3681 ι
2730 3628 2851 3682 Είσὶ
2871 3625 3053 3680 τοίνυν
3075 3624 3132 3677 αί
3170 3622 3270 3692 μὲν
3292 3616 3433 3685 ὑπὲρ
3454 3617 3563 3670 τῶν
3583 3613 3755 3682 ἁγίων

2183 3724 2599 3795 προσαγόμεναι
2639 3723 2721 3786 είς
2774 3721 2934 3786 δόξαν
2974 3717 3161 3773 αὐτῶν
3190 3717 3289 3771 καὶ
3310 3712 3478 3783 τιμὴν
3512 3711 3609 3765 καὶ
3631 3709 3758 3763 ἁνὰ-

2185 3816 2350 3871 ϐασιν
2384 3818 2487 3886 τῆς
2512 3814 2671 3881 ἀξίας
2698 3814 2793 3867 καὶ
2817 3812 2912 3867 τοῦ
2943 3796 3092 3866 θείου
3124 3804 3411 3877 φωτισμοῦ
3442 3800 3757 3874 παραδοχὴν

2190 3906 2452 3977 μείζοναο
2493 3904 2643 3960 αἰδὲ
2695 3902 2839 3971 ὑπὲρ
2892 3901 3000 3955 τῶν
3055 3897 3289 3962 πιστῶν,
3337 3890 3755 3962 κεκοιμημένων

2190 4000 2311 4069 μὲν,
2378 3997 2458 4059 είς
2493 3995 2766 4067 λύτρωσιν
2801 3991 3108 4062 ἁμαρτιῶν,
3166 3989 3264 4042 καὶ⁵
3323 3984 3477 4045 θείας
3537 3981 3753 4051 χάριτος

2185 4090 2401 4155 ἕνωσιν,
2423 4088 2641 4155 ζώντων
2671 4086 2752 4151 δὲ,
2777 4087 2828 4140 εί
2851 4070 3296 4154 μετανοίᾳ’μόνον
3327 4075 3428 4146 τὴν
3457 4074 3604 4142 ζωὴν
3624 4070 3757 4135 ἐξοιο

2190 4184 2498 4253 κονομοϊεν,
2526 4181 2604 4243 είς
2639 4177 2830 4232 δεινῶν
2859 4172 3207 4241 ἀπαλλαγὴν,
3234 4171 3313 4232 είς
3345 4164 3758 4253 ἁμαρτημάτων

2189 4272 2409 4341 ἄφεσιν.
2454 4269 2612 4340 291
2649 4268 2729 4331 είς
2782 4265 2930 4335 ζωῆς
2976 4263 3200 4317 αἰωνίου
3240 4258 3459 4313 ἐλπίδα.
3502 4254 3614 4308 Καὶ
3650 4252 3759 4312 τοῖς

2196 4361 2378 4431 ἁγίοις
2412 4362 2524 4430 γὰρ
2561 4358 2827 4425 ἀνάϐασις
2878 4355 3088 4424 γίνεται
3124 4352 3210 4405 διὰ
3240 4349 3340 4416 τῆς
3369 4346 3525 4409 θείας
3549 4345 3759 4414 ἱερουρ-

2192 4455 2344 4524 γίας,
2373 4452 2613 4514 καὶτοῖς
2651 4449 2890 4511 πιστοῖς,
2945 4443 3024 4509 ώς
3071 4442 3311 4515 εἴρηται,
3377 4436 3526 4491 θείου
3584 4432 3757 4495 ἐλέους

2191 4547 2516 4619 χορηγείται
2551 4541 2854 4613 μετάδοσις.

2210 4756 2312 4824 ργ’.
2356 4748 2483 4801 Ὅτι
2541 4742 2639 4798 δεῖ
2668 4739 2996 4824 ςτροσέχρέν
3051 4730 3360 4824 τὸνῌίξρξα
3404 4724 3560 4794 ὑπὲρ
3606 4722 3762 4787 τίνος

2623 4800 2738 4880 th}
2778 4800 2995 4880 μερίδα
3040 4800 3351 4873 προσάγει.

2282 4905 2427 4960 Ἀλλ’
2461 4904 2587 4958 ὅσον
2621 4902 2682 4954 τὸ
2729 4879 2893 4969 ἔργον
2947 4891 3254 4961 ὲπωφελὲς,
3285 4888 3577 4957 γινόμενον
3628 4879 3763 4969 ὑπὲρ

2199 5000 2310 5053 τῶν
2336 4996 2503 5062 ἀξίως
2540 4968 2992 5063 προσφερόντων,
3015 4979 3274 5045 τοσοῦτον
3307 4975 3656 5030 ἐπικίνδυνον
3678 4968 3764 5063 καὶ

2206 5058 2503 5148 ἐπιϐλαϐές
2531 5058 2673 5153 ὑπὲρ
2848 5078 2923 5149 μὴ
2950 5075 3154 5136 ἱκανῶς
3186 5071 3424 5140 ἑχόντων
3448 5065 3524 5129 ὡς
3553 5058 3763 5153 δυνατόν

2205 5176 2521 5248 ἀνθρώποις
2553 5148 2861 5242 γινόμενον.
2911 5166 2978 5221 Ἤ
3014 5164 3172 5236 μερὶς
3203 5163 3314 5231 γὰρ
3365 5160 3399 5227 ἠ
3442 5154 3584 5248 ὑπέρ
3622 5148 3765 5248 ﬁ:wa

2209 5239 2605 5340 προσαχθεῖσα,
2636 5239 2803 5332 ἐγγὺς
2839 5258 2935 5313 τοῦ
2971 5257 3119 5311 θείου
3139 5255 3313 5325 ἄρτου
3337 5247 3590 5340 κειμένη,
3620 5244 3676 5295 έν
3696 5239 3765 5340 at?

2207 5330 2869 5428 ensivov‘ispoupyneﬁvat
2901 5351 2998 5404 xui.
3048 5347 3210 5416 σῶμα
3241 5330 3762 5415 γενέσθαιΧριστοῦ,

2209 5453 2370 5516 εὐθὺς
2414 5427 2692 5518 ἁγιασμοῦ
2730 5444 2827 5500 xui.
2860 5441 3002 5510 αὕτη
3053 5439 3296 5510 μετέχει.
3348 5427 3764 5518 Είσκομισθεῐσα

2210 5544 2266 5597 δὲ
2298 5513 2393 5596 καὶ
2554 5513 2798 5607 ποτηρίῳ
2843 5531 3060 5586 ἑνοῦται
3102 5528 3179 5598 τῷ
3208 5525 3426 5594 αἵματι.
3468 5519 3554 5572 Διὸ
3588 5514 3678 5609 καὶ
3706 5513 3764 5583 τῇ
3828 5567 3836 5575 ,

2211 5635 2380 5706 ψυχῇ,
2423 5607 2564 5699 ὑπὲρ
2594 5622 2657 5682 οὗ
2691 5622 3006 5696 προσήχθη,
3057 5617 3426 5706 παραπέμπει
3460 5609 3557 5706 τεὴ-ν
3592 5607 3762 5706 χάριν.

2216 5695 2546 5784 Ῠίνεταιοῦν
2599 5716 2862 5773 κοινωνία
2901 5710 3090 5782 νοητὴ,
3140 5710 3237 5763 καὶ
3267 5707 3315 5759 ei
3351 5703 3450 5776 μὲν
3476 5699 3580 5754 τῶν
3612 5695 3764 5750 εὐλα-
