4068 6280
436 309 545 376 ’149

1435 311 1848 374 EXPOSITIO
1881 312 1979 375 DE
2021 314 2298 378 DlVINO
2336 317 2492 377 TEM
2508 317 2661 378 PLO.

3585 314 3694 376 ’150

439 437 595 500 ϐτίας
655 431 1144 503 μεταποιουμένων
1178 431 1352 497 ἐστὶν,
1388 432 1422 503 ἢ
1453 433 1561 488 τῶν
1605 432 2014 506 ἡμαρτηκότων

2138 432 2380 487 ιίθιοῑοηι
2420 431 2721 488 colentium
2773 437 2878 491 est,
2940 437 3036 482 aut
3063 440 3250 482 earum
3277 440 3398 494 quae
3431 441 3695 497 peccave-

445 529 566 596 μὲν,
611 525 1090 596 μετανενοηκότων
1125 523 1203 587 δὲ,
1254 524 1524 593 ἀοράτως,
1557 524 1634 587 ὡς
1665 523 1901 594 ἔφημεν,
1946 525 2014 594 τῇ

441 618 587 688 ψυχῇ
619 616 719 687 τὴν
770 615 1062 670 κοινωνίαν
1110 617 1207 670 τοῦ
1265 617 1586 686 Πνεύματος
1643 619 1672 670 ὁ
1723 616 2016 686 ἄνθρωπος

440 709 675 778 δέχεται.
713 708 982 771 Πολλάκις
1008 709 1065 762 δέ
1105 725 1171 777 γε
1228 710 1322 762 καὶ
1363 709 1688 786 σωματικὴν
1744 707 2016 776 εὑρίσκει,

443 800 518 864 ὡς
547 801 824 869 ἐμάθομεν
843 801 968 872 τὴν,
1010 801 1300 870 ὠφέλειαν.
1331 801 1395 854 Ei
1426 801 1484 854 δέ
1510 819 1594 865 τις
1621 802 1720 871 τὴν
1739 801 2020 870 ἁμαρτίαν

444 892 742 961 διενεργῶν
769 895 880 962 εῐη,
913 896 1010 948 καὶ
1039 894 1246 962 ταύτης
1272 895 1443 965 μηδὲν
1472 895 1867 964 ἀφιστάμενος,
1899 895 2022 948 ἀνευ

448 985 740 1054 πιτηδείως
768 986 905 1054 ἔχων
942 986 1079 1053 πρὸς
1105 987 1206 1057 τὴν
1239 987 1548 1051 κοινωνίαν,
1588 989 1668 1042 εἰς
1699 989 2022 1057 κατάκριμα

447 1075 624 1144 ἐαυτῷ
655 1075 808 1129 ἔσται
833 1076 927 1130 καὶ
951 1079 982 1147 ἡ
1007 1078 1146 1148 ὑπὲρ
1167 1079 1330 1132 αὐτοῦ
1355 1079 1707 1134 θυσία.Ὄθεν
1730 1080 1824 1132 καὶ
1859 1097 2028 1149 προσ-

457 1168 646 1218 εκτέον
680 1169 817 1232 ἐστὶ,
881 1172 956 1238 μὴ
986 1169 1285 1238 λαμϐάνειν
1332 1171 1422 1223 τὸν
1455 1171 1608 1242 ἱερέα
1642 1171 1794 1241 παρὰ
1824 1172 2026 1234 παντὸς

454 1258 546 1310 τοῦ
581 1259 916 1329 βουλομένου
950 1264 1298 1332 προσφορὰν,
1345 1264 1480 1332 μηδὲ
1522 1263 1861 1335 προσφέρειν
1885 1262 2028 1332 ὑπὲρ

455 1349 740 1413 τοιούτων,
771 1352 821 1404 οἳ
852 1353 951 1422 τὴν
985 1354 1268 1425 ἁμαρτίαν
1299 1355 1496 1424 ἀνέδην
1526 1356 1894 1423 διενεργοῦσι,
1950 1355 2025 1424 μή

458 1456 590 1493 ποτε
618 1443 712 1495 καὶ
739 1443 896 1504 αὐτὸς
923 1445 1108 1507 αὐτοῖς
1144 1447 1588 1515 συγκατακριθῇ.
1632 1445 1730 1498 Ἐκ
1758 1445 1946 1499 τούτου
1973 1445 2028 1496 δὲ

459 1531 553 1583 καὶ
578 1534 880 1602 πειρασμοὶ
915 1536 1011 1587 καὶ
1038 1535 1248 1605 θλίψεις
1283 1538 1651 1608 παρέπονται.
1691 1555 1709 1587 ι
1744 1538 1844 1589 Διά
1869 1535 2030 1588 τοῦτο

459 1623 624 1693 γὰρ,›
667 1627 862 1695 φησιν,
905 1643 922 1676 ι
949 1629 1004 1679 ἐν
1037 1629 1170 1697 ἡμῖν
1198 1627 1383 1680 πολλοὶ
1417 1627 1666 1689 ἀσθενεῖς
1719 1627 1814 1679 καὶ
1856 1624 2032 1696 ᾰρτιω-

463 1731 580 1768 στοι
610 1715 706 1768 καὶ
729 1718 1034 1788 κοιμῶνται
1061 1719 1257 1773 ἱκανοί.
1296 1739 1315 1772 ι

531 1809 654 1878 Χρὴ
682 1810 737 1863 δὲ
770 1811 862 1863 mi.
899 1812 989 1864 τὸν
1041 1813 1192 1881 ἱερέα
1223 1814 1280 1864 ἐν
1312 1815 1427 1876 τοῖς
1457 1812 1600 1865 οὕτω
1631 1811 1912 1880 μεγίστοις
1937 1807 2032 1862 τοῦ

461 1901 599 1955 Θεοῦ
630 1902 811 1973 ἔργοις
863 1904 1044 1975 ἐαυτῷ
1097 1907 1406 1975 προσέχειν,
1442 1905 1536 1958 καὶ
1581 1907 1776 1958 ἑαυτὸν
1814 1903 2039 1974 ἀνακρί-

462 2012 594 2058 νειν,
612 1995 685 2059 ὡς
702 1997 1036 2067 γέγραπται,
1057 2001 1421 2068 προσεκτικὸν
1439 2017 1498 2051 τε
1523 1993 1664 2050 εἷναι
1687 1999 1759 2061 ὡς
1781 1997 2036 2065 δύναμις.

464 2079 527 2134 Εἰ
555 2083 663 2152 γὰρ
688 2086 813 2154 περὶ
847 2087 955 2140 τῶν
987 2086 1164 2140 ἄλλων
1201 2086 1358 2150 οὗτος
1411 2086 1808 2155 ἀσφαλίζεσθαι
1844 2085 2037 2156 χρείαν

465 2171 598 2239 ἔχει,
639 2173 821 2244 πολλῷ
869 2177 1070 2243 μᾶλλον
1105 2178 1234 2248 περὶ
1273 2178 1468 2231 ἑαυτοῦ
1497 2194 1512 2209 ο
1545 2179 1638 2232 καὶ
1673 2181 1721 2232 εί
1775 2181 1803 2232 ὁ
1837 2178 2037 2231 ἐσθίων

465 2262 559 2315 καὶ
601 2263 771 2318 πίνων
821 2267 1076 2336 ἀναξίως,
1133 2270 1252 2338 ἦτοι
1307 2269 1583 2322 κοινωνῶν
1629 2270 1814 2339 μόνον,
1863 2272 2042 2339 κρῖμα

466 2355 648 2428 ἑαυτῷ
681 2357 852 2412 ἐσθίει
887 2361 984 2414 καὶ
1036 2360 1208 2428 πίνει,
1271 2361 1452 2431 πολλῷ
1503 2362 1705 2432 μᾶλλον
1740 2365 1768 2414 ὁ
1806 2362 2044 2428 ἀναξίως

468 2452 790 2521 ίερουργῶν.
845 2451 944 2504 Διὰ
991 2451 1150 2506 τοῦτο
1206 2452 1358 2524 πάσῃ
1397 2452 1625 2522 δυνάμει
1673 2454 2040 2523 προσέχωμεν

467 2541 680 2604 ἑαυτοῖς
737 2543 789 2594 οί
839 2543 1142 2612 ἱερατεύειν
1174 2543 1455 2612 λαχόντες,
1491 2546 1587 2597 καὶ
1635 2545 1801 2598 παντὶ
1853 2545 2045 2614 τρόπῳ

465 2633 841 2703 καθαρότητος
875 2633 1272 2702 ἐπιμελώμεθα
1329 2635 1426 2687 καὶ
1482 2636 1868 2704 ἀμνησικάκου
1916 2637 2045 2704 τρό-

467 2742 596 2780 που.
635 2727 981 2792 Ταπείνωσις
1023 2727 1080 2780 δὲ
1115 2726 1213 2779 καὶ
1268 2722 1455 2797 ἀγάπη
1515 2729 1675 2798 ἡμῶν
1722 2728 2043 2794 αύξανέσθω

472 2819 596 2879 ταῖς
626 2815 834 2894 ψυχαῖς.
854 2819 1051 2886 (ταῦτα
1088 2821 1198 2889 γὰρ
1223 2819 1291 2872 τὰ
1306 2818 1446 2889 ἔργα
1464 2818 1556 2872 τοῦ
1584 2821 2046 2890 ίερουργουμένου

471 2909 562 2976 ὑφ’
607 2911 810 2980 ἡμῶν),
848 2913 934 2965 ἵνα
965 2915 1060 2968 καὶ
1109 2909 1177 2966 ιν
1203 2913 1280 2983 τῷ
1321 2913 1418 2966 νῦν
1459 2915 1617 2966 αίῶνι
1670 2913 1836 2977 ἀξίως
1880 2913 2048 2966 αὐτοῦ

473 3002 818 3072 μετέχοντες,
873 3005 979 3058 κάν
1022 3004 1103 3074 τῷ
1138 3005 1388 3072 μέλλοντι
1422 3007 1521 3073 τῆς
1556 3005 1724 3058 αὐτοῦ
1774 3005 2047 3069 καταξιω-

2121 535 2270 588 runt,
2333 523 2718 594 paenitentiam
2776 529 2957 575 tamen
2997 527 3263 590 egerunt,
3309 518 3570 574 invisibili
3607 535 3695 573 ra-

2124 616 2292 678 tione,
2328 624 2386 669 ut
2415 614 2684 680 diximus,
2737 611 3182 667 communionem
3218 601 3460 680 Spiritus
3517 612 3699 665 susci‘

2124 707 2224 777 pit.
2261 705 2414 776 Sarpe
2439 714 2646 770 autem,
2686 712 2746 759 ut
2773 702 3118 774 experientia
3165 702 3542 771 probavimus,
3577 715 3700 755 cor-

2124 797 2368 868 poralcm
2404 811 2622 866 quoque
2647 795 2934 850 utilitatem
2963 793 3192 848 invenit.
3213 790 3364 858 Quod
3399 791 3441 844 si
3473 798 3695 859 peccata

2125 899 2440 960 perpetrare
2486 888 2685 943 solitus
2738 887 2810 941 sit
2861 885 2974 950 ille,
3044 898 3144 938 nec
3198 883 3368 936 abiis
3398 883 3699 944 abstineat,

2126 1001 2250 1040 cum
2300 985 2368 1040 ad
2399 985 2845 1040 communionem
2911 996 3019 1034 non
3081 981 3145 1033 sit
3201 979 3454 1041 idoneus,
3488 975 3701 1032 sacriﬁ-

2126 1082 2272 1134 cium
2301 1094 2401 1149 pro
2447 1093 2512 1133 eo
2571 1077 2812 1131 oblatum
2865 1074 2918 1127 in
2978 1071 3386 1126 damnationem
3417 1068 3492 1122 illi
3526 1068 3700 1122 cedet.

2133 1173 2286 1229 Unde
2324 1175 2627 1228 cavendum
2701 1166 2994 1230 sacerdoti,
3030 1182 3095 1219 nc
3146 1166 3214 1220 ab
3261 1179 3327 1219 eo
3371 1164 3704 1218 oblationem

2131 1267 2390 1335 accipiat,
2447 1252 2583 1318 neve
2637 1277 2739 1332 pro
2796 1260 2999 1314 talibus
3061 1257 3275 1320 offerat,
3344 1255 3440 1322 qui
3493 1254 3708 1323 abjccto

2131 1360 2280 1415 omni
2342 1357 2547 1427 pudore
2607 1365 2833 1426 peccata
2891 1350 3263 1412 committunt,
3297 1364 3364 1403 ne
3407 1348 3547 1402 forte
3578 1362 3706 1400 cum

2133 1451 2269 1520 ipsis
2303 1451 2614 1504 damnetur.
2650 1447 2726 1499 Ex
2782 1445 2886 1499 bne
2932 1449 3114 1497 autem
3176 1450 3232 1496 et
3299 1438 3631 1493 tentationes
3657 1445 3712 1492 et

2133 1541 2522 1596 tribulationcs
2552 1548 2860 1606 sequuntur
2897 1551 2912 1588 :
2945 1552 2963 1583 ι
3005 1524 3240 1597 idcirco,
3276 1530 3456 1599 inquit
3481 1527 3708 1589 Paulus,

2137 1636 2278 1690 inter
2310 1651 2406 1689 vos
2434 1634 2589 1690 multi
2631 1632 2834 1688 infirmi
2867 1640 2921 1685 et
2960 1628 3284 1696 imbecilles,
3345 1635 3400 1680 et
3433 1625 3711 1694 dormiunt

2137 1727 2295 1780 multi
2321 1728 2364 1780 9.
2396 1745 2414 1777 ι

2209 1818 2448 1873 Necesse
2501 1827 2587 1872 est
2635 1832 2800 1885 porro
2863 1825 2917 1870 et
2987 1815 3326 1870 sacerdotem
3371 1812 3425 1865 in
3457 1809 3713 1865 maximis

2143 1907 2298 1962 hisce
2334 1906 2596 1976 operibus
2629 1905 2732 1959 sibi
2788 1904 3072 1958 attendere
3105 1912 3160 1957 et
3187 1901 3494 1974 dijudicare
3523 1911 3720 1956 semet-

2143 1999 2348 2068 ipsum,
2386 2006 2445 2050 ut
2473 1996 2736 2065 scriptum
2763 2005 2866 2059 est,
2893 2003 2948 2050 et
2977 1995 3239 2049 adhibere
3272 1993 3584 2048 cantionem
3621 2007 3718 2063 pro

2141 2091 2373 2147 viribus.
2402 2089 2457 2144 Si
2486 2091 2630 2143 enim
2667 2088 2815 2158 circa
2839 2088 2980 2142 alios
3015 2102 3136 2142 esse
3169 2085 3454 2155 providum
3482 2093 3718 2155 oportet,

2144 2183 2317 2238 multo
2352 2182 2588 2251 amplius
2613 2181 2757 2236 circa
2789 2196 2867 2235 se.
2909 2181 2973 2234 Et
3003 2181 3047 2234 si
3078 2177 3418 2234 manducans
3447 2187 3502 2232 et
3526 2176 3722 2232 bibens

2146 2275 2390 2344 indigne,
2450 2275 2503 2328 id
2538 2281 2644 2339 est,
2703 2273 3125 2328 communicans
3168 2280 3402 2334 tantum,
3451 2269 3720 2338 judicium

2146 2368 2252 2423 sibi
2283 2366 2578 2422 manducat
2635 2374 2690 2420 et
2746 2365 2903 2428 bibit,
2945 2365 3116 2418 multo
3171 2363 3345 2431 magis
3376 2360 3469 2431 qui
3502 2359 3725 2430 indigne

2146 2459 2446 2516 sncrilicat.
2479 2457 2637 2524 Quod
2671 2471 2793 2511 cum
2829 2458 2902 2510 ita
2959 2456 3051 2522 sit,
3105 2464 3376 2524 quantum
3426 2465 3726 2523 possumus

2147 2555 2516 2616 attendamus,
2587 2551 2680 2620 qui
2734 2548 3033 2605 sacerdotii
3081 2556 3288 2624 sortem
3327 2543 3474 2600 nacti
3507 2557 3722 2604 sumus,

2147 2637 2380 2702 et’omni
2413 2643 2577 2698 modo
2631 2640 2890 2712 puritatis
2944 2647 3001 2694 et
3059 2636 3386 2703 injuriarum
3427 2634 3727 2691 oblivionis

2148 2747 2339 2788 curam
2372 2731 2690 2786 habeamus.
2735 2727 3031 2783 llumllitas
3065 2737 3120 2782 et
3154 2725 3399 2781 cbaritas
3423 2725 3478 2780 in
3515 2724 3729 2779 anima-

2147 2825 2252 2880 bus
2291 2824 2497 2878 nostris
2531 2829 2794 2892 augeatur
2844 2820 2988 2889 (haac
3039 2819 3200 2901 enim
3257 2825 3386 2874 sunt
3432 2818 3574 2872 facta
3607 2815 3729 2886 ejus

2148 2917 2241 2988 qui
2271 2931 2302 2970 a
2335 2915 2491 2970 nobis
2529 2912 2928 2982 consecratur),
2962 2920 3021 2970 ut
3060 2922 3113 2968 et
3154 2912 3209 2967 in
3241 2909 3493 2980 praesenti
3529 2906 3729 2963 smculo

2150 3010 2314 3079 digne
2343 3009 2520 3078 ipsum
2555 3007 2972 3076 participemus,
3022 3014 3078 3059 et
3117 3005 3172 3058 in
3219 3005 3403 3058 futuro
3437 3002 3556 3069 ejns
3587 3001 3731 3054 inef~

472 3091 657 3163 θῶμεν
691 3095 1078 3164 ἀνεκφράστου
1112 3097 1209 3150 καὶ
1258 3098 1480 3150 αἰωνίου
1514 3098 1824 3161 κοινωνίας,
1860 3099 2033 3168 χάριτι

2148 3101 2372 3156 labilem
2435 3109 2490 3154 et
2548 3108 2811 3154 aeternam
2870 3099 3314 3153 communionem
3365 3110 3724 3158 mercamur,

472 3183 569 3235 καὶ
601 3183 984 3258 φιλανθρωπίᾳ
1019 3186 1186 3240 αὑτοῦ
1221 3187 1317 3240 τοῦ
1347 3189 1587 3260 Χριστοῦ
1625 3188 1720 3241 τοῦ
1762 3189 1892 3242 Υίοῦ
1943 3189 2040 3244 τοῦ

476 3273 680 3336 ζῶντος
708 3274 844 3327 Θεοῦ
878 3290 894 3305 ο
921 3268 966 3342 ᾧ
1004 3277 1208 3346 πρέπει
1236 3278 1364 3342 δόξα
1392 3281 1489 3332 σὺν
1510 3279 1589 3348 τῷ
1624 3280 1848 3350 ἀνάρχῳ
1873 3279 2043 3334 αὐτοῦ

477 3365 676 3435 Πατρὶ,
711 3367 806 3420 καὶ
832 3367 909 3436 τῷ
933 3367 1075 3438 ἁγίῳ
1099 3369 1193 3421 καὶ
1216 3368 1468 3440 ζωοποιῷ
1499 3372 1802 3440 Πνεύματι,
1837 3371 1932 3427 νῦν
1954 3373 2046 3427 καὶ

478 3455 589 3524 ἀεὶ,
614 3460 706 3511 καὶ
738 3459 819 3522 τίς
845 3461 971 3522 τοὺς
1003 3459 1209 3526 αίῶνας
1237 3461 1352 3516 τῶκ
1384 3463 1618 3518 αἰώνων.
1665 3464 1864 3537 Ἀμήν.

548 3635 614 3691 ’l
641 3635 767 3698 Cor.
789 3653 864 3708 xi,
902 3639 994 3698 30.

2152 3194 2327 3266 gratia
2354 3201 2408 3248 et
2437 3193 2774 3263 benignitate
2797 3191 3043 3260 eiusdem
3076 3191 3283 3247 Christi
3315 3189 3436 3243 Filii
3474 3187 3568 3242 Dei
3595 3187 3728 3249 vivi,

2155 3301 2318 3356 quem
2355 3284 2510 3341 decet
2537 3285 2708 3356 gloria
2743 3299 2866 3339 cum
2906 3283 3154 3352 principii
3204 3289 3427 3350 experte
3463 3279 3587 3349 ejus
3626 3278 3732 3332 Pa-

2157 3386 2263 3444 tre,
2317 3387 2373 3431 ct
2436 3375 2789 3432 sanctissimo
2836 3383 2891 3430 et
2951 3373 3169 3428 viviﬁco
3221 3370 3464 3442 Spiritu,
3499 3384 3644 3426 nunc
3674 3377 3732 3429 et

2158 3483 2399 3542 semper,
2429 3477 2483 3524 et
2510 3468 2564 3523 in
2603 3468 2806 3525 saecula
2837 3466 3183 3522 smculorum.
3212 3466 3407 3523 Amen.
