4026 6274
318 250 442 370 751'

1137 287 1524 353 SYMEONIS
1553 277 2313 345 THESSALONICENSIS
2354 271 2710 333 ABCHIEP.

3455 255 3558 319 752

991 407 3537 465 W

341 455 1882 482 “mm——

828 874 1399 973 ΕΡΜΗΝΕΙΑ
1470 873 2144 965 ΣΥΝΟΠΤΙΚΗ
2203 865 2500 957 ΚΑΤΑ
2575 859 3080 954 ΔΥΝΑΜΙΝ

545 1093 655 1148 ΕΙΣ
705 1093 793 1147 ΤΟ
851 1089 988 1143 ΤΗΣ
1051 1061 1446 1142 ΟΡΘὸΔΟΞΟΥ
1509 1081 1629 1134 ΚΑΙ
1681 1048 2077 1132 ΑΜΩΧΞΠΤΟΥ
2141 1071 2340 1128 ΠΜΩΝ
2403 1066 2692 1124 ΠΙΣΤΕΩΣ
2747 1063 2880 1119 ΤΩΝ
2942 1059 3361 1119 ΧΡΙΣΤΙΑΝΩΝ

734 1264 1213 1382 ΘΕΙΟΝ
1342 1259 1620 1373 ΚΑΙ
1727 1254 2192 1372 ΙΕΡΟΝ
2311 1239 3192 1367 ΣΥΜΒΟΛΟΝ.

1219 1674 1850 1793 EJUSDEM
1900 1666 2702 1803 SUCCINCTA

1678 1910 1984 1965 QUANTUM
2018 1910 2222 1955 LICUIT

565 2081 1342 2177 EXPOSITIO
1419 2079 1901 2172 DIVINI
1993 2079 2160 2169 ET
2250 2072 2651 2167 SACRI
2735 2068 3367 2168 SYMBOLI

1301 2274 1550 2332 ΒΕΟΤᾸΞ
1585 2274 1672 2330 AC
1715 2271 2036 2330 SINCERAE
2089 2271 2269 2327 FIDE!
2306 2269 2633 2327 NOSTRAE.

1950 2461 2016 2473 —

423 2599 562 2654 Ante
592 2595 771 2650 omnia
803 2607 1024 2647 necesse
1063 2607 1127 2646 ac
1155 2591 1393 2646 salutare
1425 2597 1510 2646 est
1539 2596 1598 2643 ut
1622 2586 1910 2643 sanctissi—
1943 2591 1963 2649 ι

2087 2583 2247 2655 292
2281 2587 2415 2655 Περὶ
2445 2583 2537 2638 τοῦ
2579 2585 2874 2656 ίερωτάτου
2912 2582 3191 2653 Συμϐόλου
3231 2584 3328 2654 τῆς
3356 2583 3591 2654 ἀληθοῦς

357 2705 504 2744 mum
536 2687 602 2742 de
633 2703 756 2740 vera
789 2693 952 2754 atque
984 2683 1142 2737 unica
1175 2681 1612 2736 Christianorum
1643 2679 1750 2732 ﬁde
1779 2693 1924 2746 sym-

359 2784 542 2837 bolum
585 2781 654 2834 ad
693 2779 898 2848 apicem
932 2790 1142 2830 summa
1175 2788 1296 2830 cum
1335 2771 1615 2842 diligentia
1665 2769 1922 2825 observe-

359 2890 506 2936 mus,
542 2887 607 2925 ex
631 2855 736 2923 ima
771 2876 947 2921 mente
973 2865 1351 2933 prmdicemus,
1382 2870 1461 2928 et,
1492 2861 1580 2913 ubi
1609 2868 1823 2928 tempus
1861 2874 1926 2913 ac

363 2983 452 3021 res
501 2964 716 3033 iubent,
769 2960 1036 3025 rationem
1088 2956 1156 3010 de
1207 2969 1271 3009 eo
1312 2953 1628 3028 reddamus.
1674 2952 1746 3006 lis
1799 2966 1926 3005 vero

364 3057 667 3127 praesertim
699 3052 792 3123 qui
824 3050 1063 3106 scientiae
1089 3061 1150 3100 ac
1181 3045 1442 3101 doctrina!
1472 3043 1826 3115 profundiore
1851 3048 1930 3113 je-

365 3157 555 3202 cerunt
596 3145 946 3200 fundamenta
983 3141 1082 3193 ista
1114 3139 1413 3193 necessitas
1442 3136 1725 3201 incumbit,
1755 3135 1824 3188 ita
1871 3143 1932 3188 ut

367 3237 450 3290 vel
481 3243 651 3288 morte
681 3233 976 3300 obsignare
1012 3229 1169 3281 ﬁdem
1207 3225 1380 3294 parati
1411 3225 1538 3280 sint.
1572 3225 1651 3278 Ac
1694 3239 1795 3278 nos
1828 3222 1930 3292 ipsi

367 3331 482 3399 qni,
521 3325 718 3381 litteris
749 3335 801 3378 et
834 3323 1043 3377 artibus
1092 3320 1271 3373 minus
1316 3317 1519 3382 ornati,
1557 3315 1798 3370 inferiori
1841 3329 1931 3370 ec-

369 3418 687 3474 clesiasticae
744 3411 1067 3468 hierarcbia:
1113 3409 1292 3463 ordini
1344 3407 1690 3473 accensendi,
1748 3404 1928 3459 divina

369 3505 742 3564 misericordia
764 3502 828 3556 ad
847 3499 1256 3570 magisterium,
1277 3499 1383 3550 imo
1407 3499 1470 3550 ad
1497 3495 1936 3565 arcliiepiscopao

372 3611 486 3653 tum
504 3594 681 3651 vocati
707 3607 918 3655 sumus,
951 3604 1046 3660 per
1075 3588 1248 3642 zelum
1273 3589 1662 3656 plerorumque
1691 3586 1932 3640 discendi

373 3687 721 3760 cupidorum,
748 3697 852 3736 non
872 3682 1124 3736 obstante
1151 3677 1347 3731 infesta
1379 3678 1536 3732 turba
1561 3677 1848 3746 impiorum
1874 3695 1938 3732 ac

376 3778 794 3839 haereticorum,
847 3780 1093 3827 nostrum
1148 3783 1273 3824 esse
1323 3769 1687 3842 indicavimus
1721 3783 1782 3821 ea
1817 3781 1938 3836 quae

380 3880 564 3926 mente
595 3868 848 3929 colimus,
884 3878 948 3917 ac
995 3875 1128 3916 voce
1170 3861 1525 3928 praedicamus
1549 3860 1935 3927 docemusque,

2025 2680 2120 2732 καὶ
2142 2679 2308 2748 μόνης
2331 2678 2438 2732 τῶν
2453 2678 2792 2748 Χριστιανῶν
2823 2676 2980 2746 ἡμῶν
3004 2678 3260 2743 πίστεως,
3293 2679 3593 2745 ἀναγκαῖον

2031 2771 2128 2839 μὲν
2169 2772 2264 2822 καὶ
2313 2768 2675 2839 σωτηριῶδες.
2735 2771 2841 2838 πρό
2895 2787 3040 2832 τινος
3090 2770 3250 2824 ἄλλου
3298 2771 3407 2824 τῶν
3464 2770 3598 2839 παρ’

2028 2861 2180 2930 ἡμῖν,
2221 2860 2395 2912 πάντα
2423 2860 2614 2912 πιστὸν
2657 2860 2783 2929 ἄχρι
2823 2861 2914 2913 καὶ
2946 2861 3214 2930 συλλαϐῆς
3243 2863 3337 2915 καὶ
3367 2862 3594 2932 κεραίας

2029 2951 2208 3014 ἀσινὲς
2241 2954 2426 3021 τηρεῖν
2452 2951 2604 3015 αὐτὸ,
2637 2951 2915 3019 ὀλοψύχως
2948 2969 3007 3003 τε
3043 2949 3363 3023 κηρύσσειν,
3396 2958 3492 3005 καὶ
3519 2953 3596 3004 δι·

2029 3044 2172 3097 δόναι
2197 3044 2354 3107 λόγον
2394 3044 2534 3097 κατά
2583 3045 2796 3114 καιρὸν,
2828 3046 2902 3108 ὡς
2959 3045 3206 3114 δύναμις.
3249 3044 3374 3108 Τοῖς
3401 3047 3477 3102 ,δὲ
3531 3061 3597 3114 γε

2033 3136 2232 3202 γνῶσιν
2265 3136 2522 3204 ἐσχηκόσι
2574 3136 2816 3204 μείζονα,
2867 3137 2963 3189 καὶ
3015 3136 3391 3192 διδασκαλικὸν
3449 3138 3597 3207 εἰλη-

2035 3227 2191 3295 φόσιν
2217 3225 2454 3296 ἀξίωμα,
2487 3226 2644 3280 τοῦτο
2686 3227 2919 3295 μάλιστα
2945 3227 3121 3280 τελεῖν
3155 3227 3260 3296 πρὸ
3286 3227 3395 3280 τῶν
3424 3225 3601 3280 ἄλλων

2034 3315 2232 3384 χρεὼν,
2259 3316 2352 3369 καὶ
2381 3317 2478 3383 τὴν
2505 3315 2682 3385 ψυχὴν
2704 3315 3043 3382 προτιθέναι,
3069 3317 3117 3368 εί
3141 3316 3331 3370 τούτου
3365 3315 3600 3384 δεήσειε.

2035 3411 2144 3463 Καὶ
2172 3411 2328 3478 ἡμεῖς
2366 3409 2544 3461 τοίνυν
2572 3409 2773 3476 γνώσει
2805 3425 2862 3461 τε
2900 3409 2992 3461 καὶ
3045 3408 3282 3477 μαθήσει
3337 3409 3429 3460 καὶ
3487 3409 3601 3458 τῶν

2041 3501 2250 3569 μικρῶν
2277 3502 2375 3569 τῆς
2407 3499 2732 3569 Ἐκκλησίας
2756 3499 3037 3562 τελοῦντες
3072 3499 3367 3568 ἐλάχιστοι.
3409 3499 3598 3567 Ὅμως

2037 3592 2328 3660 ἠξιωμένοι
2379 3592 2486 3644 τῶν
2537 3593 2811 3660 μεγίστων
2839 3591 2936 3659 τῆς
2968 3589 3313 3659 Ἐκκλησίας,
3389 3592 3468 3652 είς
3522 3589 3601 3641 δι-

2037 3683 2330 3746 δασκαλίας
2389 3683 2539 3747 τάξιν
2596 3683 2886 3752 κληθέντες
2933 3686 3028 3736 καὶ
3064 3683 3473 3752 ἀρχιερωσύνης
3513 3699 3602 3750 φι-

2039 3772 2342 3843 λανθρώπῳ
2380 3774 2562 3843 χάριτι
2582 3773 2736 3834 Θεοῦ,
2771 3773 2856 3825 διὰ
2895 3790 2952 3826 τε
2976 3773 3099 3837 τοὺς
3132 3774 3449 3842 ὲγγίζοντας
3508 3775 3603 3828 καὶ

2043 3865 2232 3935 μαθεῖν
2272 3865 2644 3935 αίτουμένους,
2675 3866 2761 3920 διά
2795 3883 2853 3919 τε
2893 3866 3022 3930 τοὺς
3071 3867 3514 3937 ἐναντιουμένους
3568 3869 3603 3938 ἢ

372 3963 483 4030 jam
510 3959 702 4012 litteris
733 3969 948 4025 quoque
977 3952 1257 4018 mandare,
1279 3966 1400 4005 eum
1427 3952 1481 4004 in
1514 3950 1698 4016 ﬁnem,
1728 3958 1785 4004 ut
1806 3964 1944 4005 vera:

2045 3957 2391 4027 ἀσεϐεστάσῃ
2425 3955 2616 4027 γνώμῃ
2643 3956 2674 4028 ἢ
2702 3959 2949 4028 αἱρετικῇ
3004 3958 3150 4029 δόξῃ,
3194 3958 3401 4012 δίκαιον
3465 3956 3605 4012 εἶναι

378 4068 441 4107 ac
470 4052 716 4112 sincerae,
743 4060 866 4118 qua
892 4043 1034 4115 apud
1057 4057 1155 4096 nos
1171 4049 1274 4106 est,
1294 4042 1511 4111 pietatis
1528 4042 1701 4125 signa,
1729 4042 1942 4096 divinas

379 4143 685 4211 Scripturas
730 4134 1168 4205 interpretando,
1206 4133 1261 4187 in
1306 4133 1541 4187 medium
1575 4133 1940 4201 proferamus,

383 4232 618 4286 ﬁdelium
652 4228 906 4284 ﬁduciam
937 4223 1244 4289 fulcientes,
1284 4221 1578 4275 inﬁdelium
1617 4231 1795 4275 autem
1829 4223 1946 4276 ani-

382 4338 499 4377 mos
529 4326 936 4376 convertentes.
961 4315 1107 4368 Deus
1130 4323 1311 4367 autem
1330 4313 1488 4368 nobis
1511 4313 1601 4367 det
1634 4312 1944 4367 facultatem

380 4414 634 4468 Patribus
663 4425 763 4466 nos
787 4406 1090 4463 submissos
1119 4403 1419 4474 praebendi,
1444 4414 1498 4457 et
1528 4418 1646 4471 qua:
1668 4403 1829 4457 corde
1859 4417 1950 4470 ge-

384 4507 596 4572 rimus,
639 4503 823 4560 eadem
865 4513 970 4569 qua
1002 4498 1104 4567 ipsi
1153 4494 1468 4551 sinceritate
1537 4491 1947 4562 pronuntiandi.

387 4601 576 4671 Igitur,
608 4597 851 4653 solorum
875 4594 1097 4649 Patrum
1117 4589 1419 4645 doctrinam
1449 4602 1513 4641 ac
1538 4589 1833 4642 sententias
1849 4589 1948 4641 ob-

385 4699 668 4746 servantes
693 4688 934 4757 ipsorum
959 4679 1382 4744 confessionem,
1404 4678 1669 4742 divinum,
1704 4679 1948 4748 inquam,

2043 4048 2322 4118 ᾠήθημεν,
2351 4049 2379 4101 ὃ
2407 4049 2552 4120 ψυχῇ
2586 4050 2917 4118 πιστεύομεν
2943 4051 3038 4104 καὶ
3071 4052 3330 4120 φέρομεν,
3389 4051 3610 4122 γλώσσῃ

2044 4155 2102 4191 τε
2139 4140 2502 4210 κηρύττομεν,
2536 4142 2629 4193 καὶ
2659 4141 3007 4210 διδάσκομεν,
3039 4142 3130 4194 καὶ
3165 4141 3459 4212 γράμμασι
3511 4158 3611 4194 κα-

2047 4229 2433 4301 θομολογήσαι,
2468 4232 2563 4284 καὶ⁴
2597 4233 2672 4294 είς
2723 4231 3067 4302 παράστασιν
3127 4233 3228 4301 τῆς
3289 4233 3410 4286 καθ’
3463 4235 3612 4303 ἡμᾶς

2047 4319 2281 4388 ἀληθοῦς
2317 4322 2410 4372 καὶ
2437 4322 2602 4391 μόνης
2627 4321 2924 4388 εὐσεϐείας,
2955 4324 3018 4376 ὲκ
3070 4323 3180 4375 τῶν
3245 4322 3406 4377 θείων
3457 4325 3614 4380 τοῦτο

2047 4411 2435 4481 διερμηνεῢσαι
2458 4412 2690 4482 Γραφῶν
2723 4416 2798 4476 ὡς
2828 4414 3075 4486 δύναμις.
3117 4417 3207 4478 Ὠς
3231 4414 3297 4468 ἂν
3344 4418 3457 4478 τοῖς
3516 4418 3616 4486 μὲν

2049 4505 2280 4566 πιστοῖς,
2310 4503 2617 4572 εὐφροσύνη
2645 4504 2871 4572 γένηται
2901 4506 3103 4573 μᾶλλον
3137 4508 3233 4559 καὶ
3287 4509 3613 4576 στηριγμδς,

2049 4596 2159 4652 τοῖς
2210 4592 2255 4645 δ’
2287 4593 2535 4657 ἀπίστοις
2574 4595 2668 4647 καὶ
2725 4597 3072 4665 έτερύφροσιν
3125 4596 3346 4668 ἔλεγχός
3399 4615 3461 4651 τε
3517 4599 3616 4651 καὶ

1987 4755 1990 4759 ’
2051 4683 2271 4747 ὄνειδος.
2318 4685 2482 4755 Ἡμῖν
2547 4685 2593 4738 δ’
2631 4686 2919 4755 ἀποδοθείη
2975 4687 3092 4756 Θεῷ
3153 4688 3250 4758 ἦτε
3310 4689 3447 4759 πρὸς
3491 4689 3618 4752 τοὺς

392 4779 738 4852 symbolum,
765 4776 958 4846 pignus
990 4772 1114 4827 ﬁdei
1148 4771 1292 4841 quod
1324 4780 1783 4838 composuerunt,
1817 4770 1956 4824 inte-

2055 4775 2305 4846 Πατέρας
2339 4777 2608 4844 ὐποταγὴ,
2641 4779 2733 4829 καὶ
2795 4779 2854 4830 τὸ
2907 4778 3007 4849 τῆς
3039 4779 3327 4848 ὁμολογίας
3359 4781 3472 4835 ἴσον
3509 4781 3610 4833 αὑ-

386 4883 540 4940 grum
579 4879 884 4927 servemus,
935 4871 1118 4916 mente
1169 4868 1223 4916 et
1275 4873 1394 4924 ore,
1439 4859 1621 4914 verbis
1671 4869 1724 4913 et
1770 4859 1951 4922 factis,

387 4960 630 5032 quotidie
661 4958 714 5011 in
745 4970 902 5011 sacra
939 4953 1206 5008 concione
1231 4950 1598 5021 proferentes.
1630 4951 1950 5021 Symbolum

390 5062 570 5108 autem
602 5047 728 5105 ﬁdei
761 5045 892 5101 illud
927 5057 1063 5098 voco
1089 5042 1230 5110 quod
1264 5042 1442 5112 primo
1483 5041 1760 5097 Nicaeuum
1795 5057 1953 5099 conc.

391 5143 616 5204 trecenti
647 5137 947 5195 octodecim
967 5133 1156 5189 Patres
1181 5134 1282 5190 sub
1304 5133 1662 5189 Constantino
1693 5134 1782 5205 pio
1799 5134 1952 5205 imp.,

391 5233 516 5288 etin
549 5229 788 5287 secundo
812 5222 1233 5282 subTbeodosio
1269 5223 1356 5290 pio
1393 5224 1523 5292 imp.
1553 5230 1768 5278 centum
1794 5225 1954 5293 quin-

2053 4867 2166 4927 τοῖς
2194 4867 2493 4934 ἀκραιφνές
2529 4883 2587 4918 τε
2621 4865 2714 4918 καὶ¹
2745 4865 2982 4936 βέϐαιον.
3018 4869 3132 4920 Οὐκ
3170 4868 3229 4920 ὲν
3287 4868 3469 4933 ἄλλοις
3505 4869 3618 4938 οὖν,
3658 4871 3666 4878 ’

2057 4955 2174 5009 ἀλλ’
2209 4958 2265 5010 ὲν
2292 4958 2404 5020 τοῖς
2432 4957 2539 5010 τῶν
2563 4957 2822 5026 Πατέρων
2840 4959 3021 5012 αὐτῶν
3054 4959 3332 5030 ἱστάμενοι
3382 4962 3615 5032 ῥήμασι,

2056 5049 2156 5119 τὴν
2182 5049 2475 5118 ὁμολογίαν
2508 5049 2708 5115 αὐτῶν,
2735 5050 2796 5103 τὸ
2826 5051 2969 5120 ἱερὸν
2991 5049 3286 5121 Σύμϐολον,
3340 5052 3464 5122 ἦτοι
3526 5069 3621 5124 ση-

2062 5143 2214 5210 μεῖον
2244 5142 2342 5210 τῆς
2373 5141 2633 5206 πίστεως,
2659 5141 2796 5208 ὅπερ
2837 5141 3050 5195 ἐκθέσει
3085 5143 3264 5212 οἰκεία
3287 5145 3382 5196 καὶ
3439 5144 3616 5213 ῥήμα-

2065 5249 2147 5285 σιν
2173 5232 2356 5292 αὐτοῖς
2384 5229 2781 5299 συντεθήκασιν
2827 5222 2996 5295 οὗτοι,
3027 5233 3457 5303 ἀκαινοτόμητον
3487 5235 3618 5288 πάν-

348 5331 360 5342 "
393 5323 652 5394 quaginta
707 5320 896 5376 Patres
946 5316 1373 5388 pronuntiarunt
1422 5315 1834 5384 ﬁrmaruntqne.
1891 5317 1954 5369 Et

2059 5337 2129 5391 τῃ
2173 5321 2269 5373 καλ⁵
2300 5320 2462 5388 ἡμεῖς
2487 5318 2859 5388 συντηροῦμεν
2916 5320 3019 5372 καὶ
3061 5322 3432 5391 ὁμολογοῦμεν
3474 5324 3618 5394 ψυχῇ

394 5417 510 5471 haec
555 5415 774 5484 quidem
809 5425 966 5468 conc.
1002 5408 1132 5473 duo,
1161 5406 1403 5479 quinque
1427 5405 1781 5477 insequentes
1812 5421 1961 5462 mcu-

2058 5427 2116 5462 τε
2149 5411 2244 5462 καὶ¹
2275 5409 2419 5478 λόγῳ
2446 5409 2544 5462 καὶ
2571 5409 2914 5479 πράγμασιν,
2963 5413 3038 5476 ὡς
3066 5412 3192 5466 καθ’
3233 5414 3472 5484 ἑκάστην
3537 5415 3624 5467 ἐπ’

399 5508 625 5561 menicaa
685 5503 881 5575 synodi
943 5503 1018 5558 ita
1082 5508 1282 5555 secuta:
1343 5506 1468 5555 sunt
1535 5507 1596 5553 ut
1665 5498 1800 5554 nihil
1861 5512 1963 5553 nec

2061 5498 2390 5568 Ἐκκλησίας
2419 5500 2784 5569 κηρύττωμεν.
2820 5501 3097 5571 Σύμϐολον
3129 5503 3184 5556 δέ
3218 5521 3362 5574 φημι
3392 5506 3492 5574 τῆς
3527 5505 3623 5558 πί-

399 5595 757 5663 detraliendo,
789 5609 888 5651 nec
932 5592 1237 5662 adiiciendo
1279 5591 1755 5647 Christianismum
1804 5587 1963 5643 nobis

2063 5607 2254 5657 στεως,
2291 5591 2426 5661 ὅπερ
2455 5592 2488 5660 ἡ
2533 5592 2725 5664 πρώτη
2781 5594 2840 5646 ὲν
2871 5595 3078 5666 Νικαίᾳ
3133 5597 3242 5649 τῶν
3296 5597 3622 5668 τριακοσίων

402 5686 699 5754 integrum,
743 5686 934 5755 sicque
965 5683 1222 5740 Ecclesia:
1257 5682 1695 5744 fundamentum.
1747 5682 1960 5751 piormn

2063 5681 2194 5736 δέκα
2217 5684 2310 5735 καὶ
2338 5680 2480 5736 ὀκτὼ
2509 5684 2599 5739 ἐπὶ
2630 5685 3047 5740 Κωνσταντίνου
3081 5687 3176 5741 τοῦ
3219 5687 3476 5752 εὐσεϐοῦς
3523 5689 3620 5758 βα-
