4026 6274
409 416 518 478 753

1470 411 1884 473 EXPOSITIO
1910 412 2130 475 SACRI
2165 413 2523 478 SYMBOLI.

3547 421 3651 484 754

409 527 626 590 σιλέως,
667 524 762 578 καὶ
795 525 828 594 ἡ
880 523 1115 593 δευτέρα
1144 522 1238 577 ἐπὶ
1265 521 1549 575 Θεοδοσίου
1598 520 1690 573 τοῦ
1741 519 1977 590 φιλοχρί-

2089 522 2491 579 confessionem
2522 539 2772 596 veraeque
2806 541 2872 583 ac
2917 527 3237 584 orthodoxae
3278 529 3398 584 ﬁdei
3433 531 3649 601 signum

412 633 540 670 στου
569 615 832 688 βασιλέως
864 618 920 669 ἐν
945 616 1010 686 τῇ
1055 613 1414 683 βασιλευούσῃ
1461 613 1979 666 Κωνσταντινουπό-

407 709 490 762 λει
541 708 652 761 τῶν
682 708 878 762 ἐκατὺν
911 710 1250 776 πεντήκοντα
1309 705 1480 772 ἁγίων
1516 704 1776 774 [Ιατέρῶν
1829 702 1980 756 σύνο-

403 801 624 864 δοι,καὶ
667 799 1104 870 συνεγράψαντο,
1163 799 1256 852 καὶ
1300 794 1663 849 τελειώσασαι
1717 794 1981 848 ἐϐεϐαίω-

348 930 350 932 τ
407 906 528 944 σαν.
585 883 656 962 Ὦ
714 908 821 944 τινι
879 889 944 960 δὴ
994 889 1088 944 καὶ
1135 891 1189 942 al
1241 887 1360 959 μετ’
1400 887 1570 949 αὐτὰς
1597 885 1982 953 οἱκουμενικαὶ

403 981 547 1035 θεῖαι
575 980 739 1034 πέντε
769 981 978 1034 σύνοδοι
1009 978 1579 1050 κατακολουθήσασαι,
1619 976 1784 1046 μηδὲν
1812 991 1981 1045 προσ-

408 1071 588 1126 θεῖσαι
649 1073 772 1142 μηδ’
817 1070 1173 1142 ἀφελόμεναι,
1234 1067 1517 1139 ἀκραιφνῆ
1572 1067 1665 1121 τδν
1715 1067 1982 1137 Χριστια-

406 1164 600 1231 νισμὸν
642 1164 778 1233 ἡμίν
807 1163 1168 1232 τετηρήκασι,
1199 1159 1294 1215 καὶ
1322 1159 1482 1213 τοῦτο
1523 1159 1624 1228 τῆς
1653 1157 1982 1227 Ἐκκλησίας

408 1253 680 1324 θεμέλιος.
743 1256 856 1309 Καὶ
947 1247 1059 1306 τῶν
1130 1250 1505 1305 εὐσεϐούντων
1569 1249 1833 1318 ὁμολογία
1883 1247 1981 1316 τῆς

405 1344 637 1414 ἀληθοῦς
694 1363 755 1399 τε
810 1348 905 1401 καὶ
960 1345 1244 1416 ὸρθοδόξου
1300 1344 1540 1404 πίστεως
1598 1343 1848 1410 σημεῖον,
1887 1339 1980 1392 καὶ

407 1437 603 1508 στήλη,
633 1438 729 1492 καὶ
782 1439 909 1509 ὄρος
947 1438 1196 1505 ἀσφαλὴς
1254 1436 1349 1489 καὶ
1391 1433 1707 1496 ἀσάλευτος.
1763 1431 1982 1500 Ταύτην

406 1527 506 1596 τὴν
540 1527 834 1597 ὁμολογίαν
853 1529 882 1580 6
912 1527 1150 1598 ἀρχῆθεν
1180 1528 1440 1596 πολέμιος
1487 1525 1546 1590 ἐξ
1577 1525 1750 1594 ἀρχῆς
1809 1539 1979 1576 κατα-

410 1618 692 1686 πολεμῶν,
727 1617 803 1682 ῶς
843 1617 940 1671 καὶ
985 1618 1076 1670 τὸν
1124 1616 1413 1686 ἄνθρωπον
1451 1616 1621 1669 πάλαι
1678 1613 1783 1682 τῆς
1830 1612 1982 1673 θείας

405 1709 742 1764 ἐσπούδακεν
771 1708 974 1775 ἐξῶσαι
1021 1707 1239 1777 βουλῆς.
1277 1708 1384 1760 Καὶ
1416 1705 1514 1759 νῦν
1547 1704 1754 1767 ἀθέοις,
1783 1704 1983 1771 ἑτερο-

402 1800 577 1865 δόξοις
619 1818 679 1854 τε
741 1802 1016 1865 πλείστοις
1064 1801 1165 1871 τὴν
1214 1800 1356 1870 πρὸς
1404 1798 1579 1868 αὐτὴν
1644 1794 1982 1864 ἀναθέμενος

408 1895 611 1964 μάχην,
644 1896 845 1961 ἐξῶσαι
870 1895 1036 1948 πάλιν
1071 1869 1168 1961 τῆς
1194 1869 1455 1962 ἀψευδοῦς
1499 1887 1821 1942 ἐπισπεύδει
1885 1886 1978 1938 τὸν
2008 1869 2052 1926 Β

406 1981 696 2050 ἄνθρωπον
751 1982 1027 2051 γνώσεως.
1095 1981 1234 2034 Ἀλλ’
1294 1982 1428 2049 ἡμῖν
1505 1978 1813 2047 φυλακτέον
1875 1975 1976 2045 τὴν

404 2071 609 2126 πίστιν.
650 2074 714 2125 El
744 2075 851 2143 γάρ
887 2074 982 2128 καὶ
1017 2073 1314 2143 ἁμαρτίαις
1359 2071 1458 2124 οὐκ
1503 2069 1790 2122 ἀνεύθυνοι
1843 2069 1978 2122 πάν-

403 2177 532 2226 τως,
565 2162 704 2216 ἀλλά
726 2179 789 2231 γε
813 2165 880 2234 τῇ
909 2160 1171 2233 μετανοίᾳ
1202 2159 1297 2215 καὶ
1321 2159 1503 2214 πίστει
1537 2157 1675 2228 πρὸς
1715 2156 1777 2210 τὸ
1802 2156 1979 2224 σωθῆ-

406 2266 494 2303 ναι
519 2250 743 2322 θαρρεῖν
795 2252 1034 2314 ἅπαντες
1072 2251 1288 2322 ἔχομεν.
1351 2245 1752 2317 Ὀμολογητέον
1798 2245 1976 2299 τοίνυν

408 2341 507 2411 τὴν
537 2342 708 2413 καλὴν
731 2343 1047 2413 ὁμολογίαν,
1074 2344 1170 2395 καὶ
1221 2340 1588 2410 ἑρμηνευτέον
1633 2338 1733 2406 τὴν
1777 2337 1978 2405 γνῶσιν

401 2432 600 2502 ταύτης
622 2433 696 2496 ὡς
735 2435 980 2502 ἐφικτόν.
1017 2435 1090 2486 Σὺ
1125 2433 1180 2485 δὲ
1202 2432 1372 2500 Τριάς
1400 2431 1495 2483 καὶ
1537 2430 1702 2498 μονάς
1761 2431 1788 2481 6
1845 2427 1980 2490 Θεὸς

403 2522 583 2592 ἡμῶν,
615 2525 643 2576 ό
665 2525 822 2593 μόνος
847 2523 934 2577 ἀελ⁵
950 2522 1044 2587 ῶν,
1077 2522 1237 2593 293
1263 2524 1291 2574 6
1319 2519 1668 2589 προαιώνιος,
1698 2520 1726 2570 6
1745 2517 1980 2588 ύπερού-

2084 613 2428 684 reliquerint,
2463 616 2700 686 itemque
2725 619 3035 674 columnam
3061 635 3124 674 ac
3145 621 3436 674 terminum
3467 621 3654 677 incon-

2082 721 2302 760 cussum
2342 707 2674 763 deﬁnieriut.
2714 709 2863 763 Hanc
2896 709 3295 766 coulessionem
3321 726 3655 782 oppugnaris

2083 796 2130 850 is
2162 799 2255 866 qui
2284 812 2313 851 a
2343 800 2614 869 principio
2648 801 2904 855 inimicus
2936 803 3212 856 hominem
3237 805 3304 858 ad
3335 803 3656 858 inobedien—

2084 887 2212 940 tiam
2238 903 2363 958 erga
2391 889 2720 961 voluntatem
2753 891 2995 948 divinam
3017 894 3254 959 seduxit,
3274 910 3421 948 nunc
3435 911 3657 966 quoque

2083 976 2366 1032 haereticos
2387 980 2455 1034 ad
2477 981 2824 1038 rebellionem
2866 983 3070 1037 excitat
3092 995 3148 1038 ut
3167 985 3439 1039 hominem
3459 1001 3488 1038 a
3514 987 3653 1040 veri-

2083 1067 2232 1130 tatis,
2257 1067 2310 1121 in
2331 1083 2438 1137 qua
2475 1070 2608 1124 nihil
2640 1071 2787 1137 l‘alsi,
2809 1073 3119 1142 cOgnitione
3154 1085 3452 1130 semoveat.
3486 1075 3656 1129 Nobis

2083 1169 2263 1213 autem
2284 1169 2411 1214 ante
2433 1161 2612 1214 omnia
2648 1162 2780 1217 ﬁdes
2810 1169 2897 1218 est
2914 1165 3202 1220 servanda.
3221 1163 3485 1230 Quamvis
3502 1165 3654 1220 enim

2082 1264 2110 1302 a
2145 1249 2385 1318 peccatis
2421 1249 2645 1303 minime
2679 1251 2951 1306 immunes
2987 1254 3182 1318 simus,
3226 1269 3420 1309 omnes
3472 1266 3658 1310 tamen

2085 1352 2181 1407 per
2213 1338 2587 1404 paenitentiam
2639 1339 2797 1392 ﬁdem
2833 1340 3091 1395 amissam
3133 1356 3458 1411 recuperare
3511 1345 3657 1399 valc-

2083 1441 2227 1482 mus.
2252 1427 2619 1482 Conliteamur
2648 1429 2812 1498 igitur
2844 1439 3099 1484 sanctum
3142 1431 3471 1499 symbolum,
3504 1434 3656 1494 eius-

2084 1531 2190 1587 que
2217 1517 2582 1586 cognitionem
2613 1517 2814 1588 ublque
2851 1520 3154 1589 vulgcmus.
3179 1519 3259 1576 Tu
3288 1531 3490 1590 autem,
3515 1524 3654 1579 Deus

2083 1619 2272 1665 noster
2299 1609 2442 1666 trine
2483 1617 2538 1664 et
2583 1610 2768 1675 unice,
2830 1612 2923 1679 qui
2987 1613 3139 1668 solus
3180 1628 3239 1668 es
3280 1621 3408 1668 ante
3434 1615 3653 1679 saecula,

2083 1714 2247 1770 super
2281 1714 2497 1756 omnem
2529 1701 2912 1767 substantiam,
2949 1717 3166 1756 omnem
3201 1719 3467 1773 superans
3494 1706 3657 1760 intel-

2083 1791 2304 1852 lectum,
2334 1789 2496 1846 Pater
2525 1791 2730 1860 optime
2776 1800 2831 1846 et
2869 1807 3092 1846 causam
3122 1809 3232 1848 non
3287 1795 3519 1864 habens,
3553 1797 3654 1850 Fili

2083 1881 2362 1951 unigenite
2382 1891 2437 1938 et
2464 1880 2556 1938 Dei
2594 1881 2855 1947 Verbum,
2882 1891 2936 1938 et
2965 1885 3203 1954 Spiritus
3232 1898 3423 1942 sancte
3441 1903 3470 1942 e
3498 1888 3657 1943 l’atre

2085 1975 2410 2044 procedens,
2435 1976 2593 2030 unica
2623 1983 2883 2044 potestas,
2915 1977 3135 2030 unicum
3163 1980 3409 2032 omnium
3443 1981 3654 2049 princi-

2085 2069 2258 2137 pium,
2297 2081 2477 2121 rerum
2527 2082 2650 2136 quae
2697 2083 2804 2122 non
2857 2076 3013 2122 erant
3048 2069 3334 2136 Conditor,
3376 2079 3431 2125 et
3470 2071 3657 2126 omnia

2085 2159 2394 2222 continens,
2446 2165 2500 2212 et
2535 2159 2934 2214 rationabilium
2971 2159 3312 2217 illuminator
3357 2171 3522 2232 atque
3556 2164 3660 2218 do-

2083 2256 2224 2315 ctor,
2259 2248 2432 2318 dirige
2471 2262 2572 2304 nos
2608 2250 2704 2318 qui
2751 2248 2992 2303 divinam
3045 2251 3420 2321 expandamus
3455 2269 3552 2322 pro
3581 2254 3660 2307 vi-

2090 2339 2241 2394 ribus
2272 2340 2578 2404 scientiam,
2623 2341 2822 2395 virtute
2866 2343 3221 2413 bonitateque
3253 2354 3365 2398 tua.
3395 2345 3654 2399 Sanctiﬁ-

2089 2429 2197 2483 cati
2225 2443 2356 2496 ergo
2390 2440 2444 2482 et
2468 2427 2752 2484 Trinitatis
2787 2433 3131 2487 invocatione
3163 2433 3404 2504 signati,
3442 2433 3658 2490 confer

2088 2518 2261 2573 sionis
2297 2518 2615 2588 Symbolum
2661 2521 3004 2589 incipiamus.

405 2631 539 2681 σιος,
572 2615 600 2666 ό
625 2615 1029 2686 ἀκατάληπτος,
1060 2616 1242 2684 Πάτερ
1273 2613 1442 2682 ἀγαθέ
1466 2613 1560 2666 καὶ
1587 2610 1819 2678 ἀναίτιε,
1841 2611 1934 2664 Υίέ
1971 2613 2258 2681 μονογενὲς
2298 2613 2392 2665 καὶ
2417 2613 2558 2678 Λόγε
2584 2612 2738 2676 Θεοῦ,
2771 2614 2867 2666 καὶ
2897 2613 3119 2683 Πνεῦμα
3140 2614 3298 2682 ἅγιον
3346 2615 3410 2667 ἐκ
3443 2614 3658 2684 Πατρὸς

405 2712 825 2780 προερχόμενον,
854 2713 887 2782 ἡ
922 2712 1020 2781 μία
1049 2711 1296 2781 δύναμις,
1330 2711 1364 2779 ἡ
1401 2711 1498 2778 μία
1515 2708 1623 2761 τῶν
1646 2693 1781 2760 ὅλων
1807 2707 1971 2777 ἀρχὴ,
2004 2708 2037 2777 ἡ
2072 2707 2402 2776 δημιουργὸς
2433 2709 2496 2760 ἐκ
2531 2709 2604 2777 μὴ
2636 2708 2824 2769 ὄντων,
2859 2707 2951 2762 καὶ
2972 2710 3266 2778 συνεκτικὴ
3303 2711 3522 2764 πάντων
3561 2707 3661 2760 καὶ

403 2804 513 2857 τῶν
551 2801 785 2873 λογικῶν
812 2802 1113 2874 φωτιστικὴ
1141 2805 1235 2858 καὶ
1268 2797 1612 2864 διδάσκαλος,
1643 2802 1950 2872 χορήγησον
1998 2801 2130 2869 ἡμῖν
2169 2816 2263 2852 σου
2315 2799 2414 2870 τὴν
2453 2799 2603 2852 θείαν
2654 2800 2989 2870 διασαφῆσαι
3029 2802 3232 2868 γνῶσιν
3293 2804 3370 2865 ὡς
3423 2801 3659 2872 ἐγχωρεῖ

405 2897 652 2966 ἐνεργείᾳ
679 2897 745 2966 τῇ
771 2897 835 2967 σῇ
857 2896 949 2948 καὶ
973 2894 1324 2965 χρηστότητι.
1359 2893 1838 2958 Καθαγιασθὲντες
1866 2890 2060 2945 οὐκοῦν
2094 2892 2274 2961 ἡμεῖς,
2301 2897 2390 2943 καί
2418 2891 2845 2961 σφραγισθέντες
2873 2895 2940 2964 τῇ
2969 2893 3251 2964 ἐπικλήσει
3280 2896 3379 2965 τῆς
3402 2897 3654 2977 Τριάδυς,

405 2991 497 3042 καὶ
533 2986 625 3042 τοῦ
659 2987 934 3057 Συμϐόλου
973 2989 1072 3056 τῆς
1093 2987 1381 3055 ὁμολογίας
1405 2987 1575 3056 αὐτῆς
1614 2983 1942 3055 ἀρξώμεθα.

405 3077 672 3133 Πιστεύω
725 3077 813 3141 εἰς
865 3074 975 3128 ἕνα
1023 3073 1172 3128 Θεὸν
1215 3072 1446 3142 Πατέρα
1495 3074 1971 3141 παντοκράτορα.

2151 3067 2318 3122 Credo
2347 3070 2400 3122 in
2439 3086 2602 3123 unum
2635 3069 2800 3125 Deum
2829 3070 2990 3127 Putre
3038 3090 3087 3126 ιιι
3116 3076 3549 3143 omnipotentem.

487 3169 574 3233 Ὠς
613 3169 900 3239 θαυμαστὴ
939 3169 972 3238 ἡ
1011 3165 1118 3220 τῶν
1173 3166 1438 3236 Πατέρων
1492 3164 1766 3233 θεολογία.
1809 3163 1971 3216 Κατά

2140 3175 2185 3235 0
2222 3181 2358 3235 mira
2409 3181 2630 3236 Patrum
2684 3183 2975 3255 theologia.
3025 3187 3184 3255 cujus
3230 3191 3494 3244 adversus
3540 3205 3658 3244 om-

408 3263 622 3318 πάντων
650 3262 758 3332 γὰρ
781 3260 942 3322 εὐθὺς
969 3259 1080 3313 τῶν
1114 3257 1455 3312 ἀσεϐούντων
1490 3257 1711 3311 πλουτεῖ
1751 3256 1812 3308 τὸ
1839 3271 1974 3324 προ-

406 3351 606 3425 οίμιόν,
648 3353 710 3406 τὸ
739 3351 1011 3406 Πιστεύω
1043 3351 1142 3420 μὲν
1193 3348 1511 3420 προτεθεῖσα
1543 3347 1633 3402 διὰ
1665 3347 1726 3400 τὸ
1755 3347 1854 3417 τῆς
1884 3347 1972 3400 πί-

410 3461 580 3507 στεως
599 3444 871 3513 ἀσφαλές·
914 3445 1004 3509 εις
1034 3443 1145 3497 ἕνα
1182 3442 1238 3496 δὲ
1289 3441 1440 3496 Θεὸν
1486 3440 1720 3510 Πατέρα
1748 3457 1971 3494 παντο-

409 3536 686 3606 κράτορα,
709 3537 793 3598 om
823 3535 955 3597 Θεὸς
1003 3529 1106 3599 εἷς,
1140 3534 1236 3588 κοιλ⁸
1267 3527 1446 3598 οὗτος,
1479 3533 1688 3602 Πατὴρ,
1717 3531 1793 3596 ῶς
1817 3531 1970 3604 πηγὴ

407 3629 516 3682 τῶν
554 3626 613 3692 ἐξ
642 3624 830 3691 αὑτοῦ,
871 3624 1002 3678 Υίοῦ
1032 3641 1091 3678 τε
1127 3626 1224 3678 καὶ
1256 3624 1573 3693 Πνεύματος
1596 3639 1612 3656 ’
1647 3623 1740 3676 καὶ
1765 3624 1970 3676 Παντο-

407 3719 628 3787 κράτωρ
656 3715 830 3782 οὗτος,
873 3714 948 3776 ὡς
989 3715 1127 3784 μετά
1156 3711 1251 3767 τοῦ
1301 3713 1476 3781 Λόγου
1522 3713 1619 3766 καὶ
1660 3713 1971 3782 [Ινεύματος

406 3809 513 3862 τῶν
535 3809 669 3862 ὅλων
706 3807 1020 3876 κτισμάτων
1060 3805 1311 3876 ποιητής.
1347 3803 1506 3857 Ἐπεὶ
1548 3803 1657 3874 γάρ
1691 3805 1834 3855 κατά
1874 3801 1971 3872 τὴν

408 3899 684 3961 Μωῦσέως
744 3897 1090 3966 συγγραφὴν,
1146 3897 1268 3966 ἥτις
1318 3895 1658 3966 ἀληθεστάτη
1718 3893 1817 3963 μὲν
1876 3895 1972 3945 καὶ

407 3992 738 4062 ἀρχαιοτάτη
763 3991 933 4055 ἐστὶν,
965 3988 1183 4059 ἐπιδεὴς
1211 3989 1268 4040 δὲ
1299 3989 1456 4058 μόνον
1480 3989 1574 4040 τοῦ
1617 3988 1763 4039 θείου
1791 3987 1970 4054 Εὐαγ-

408 4083 611 4152 γελίου,
649 4080 884 4150 σκιώδης
920 4076 1054 4134 οὖσα
1093 4082 1190 4132 καὶ
1222 4080 1442 4148 ἀτελὴς,
1483 4075 1564 4142 εἷς
1603 4079 1734 4140 Θεὸς
1766 4078 1974 4130 ἐδιδάσ-

409 4191 533 4228 κετο
564 4175 746 4240 μόνον,
779 4174 807 4225 ὁ
839 4173 1026 4240 Πατὴρ
1051 4170 1289 4240 δηλονότι
1316 4185 1332 4202 ·
1361 4171 1389 4222 ό
1414 4169 1470 4222 δέ
1501 4185 1565 4234 γε
1598 4169 1768 4236 Λόγος
1794 4169 1887 4220 καὶ
1911 4168 1973 4221 τὸ

410 4265 635 4337 Πνεῦμα
670 4263 926 4335 ἀμυδρῶς
971 4259 1038 4333 ἦν
1084 4265 1142 4315 ἐν
1189 4262 1325 4332 αὐτῇ
1380 4260 1842 4331 μαρτυρούμεναο
1885 4261 1975 4313 ού-

411 4356 568 4426 ρανδς
597 4355 654 4409 δὲ
690 4355 790 4407 καὶ
835 4353 910 4422 γῆ
961 4353 1056 4406 καὶ
1092 4352 1158 4406 τά
1194 4353 1254 4404 ἐν
1296 4352 1480 4414 αὐτοῖς
1521 4351 1738 4404 ἅπαντα
1772 4351 1832 4414 ἐξ
1872 4352 1972 4404 οὐκ

407 4448 573 4502 ὄντων
595 4447 752 4517 Λόγῳ
779 4445 872 4498 καὶ
897 4444 1178 4512 Πνεύματι
1209 4443 1552 4512 πεποιημένα
1577 4443 1710 4498 Θεοῦ
1739 4439 1972 4514 ἐγέγρα-

2081 3285 2178 3327 nes
2210 3272 2412 3342 impios
2449 3275 2559 3328 cito
2588 3277 2842 3343 prmvalet
2865 3278 3216 3345 prommium.
3239 3279 3409 3334 Credo
3437 3283 3656 3350 quidem

2081 3364 2428 3433 praemittitur
2475 3365 2546 3419 ob
2591 3365 2712 3420 ﬁdei
2763 3369 3171 3423 certitudiuent.
3232 3369 3301 3425 In
3333 3387 3494 3425 unum
3525 3387 3658 3428 vero

2078 3453 2249 3508 Deum
2303 3454 2519 3511 Patrem
2570 3457 3006 3526 omnipotentem,
3056 3461 3183 3530 quia
3227 3462 3369 3518 Deus
3414 3479 3556 3519 unus
3603 3475 3657 3519 et

2079 3545 2194 3615 ipse
2221 3545 2409 3611 Pater,
2450 3556 2709 3617 tauquam
2739 3547 2864 3604 l‘ous
2903 3565 3095 3605 eorum
3134 3553 3226 3622 qui
3249 3568 3317 3608 ex
3351 3554 3469 3624 ipso
3503 3566 3652 3617 sunt,

2079 3637 2289 3692 scilicet
2336 3636 2456 3692 Filii
2500 3648 2554 3693 et
2611 3639 2872 3710 Spiritus.
2903 3641 2974 3695 Et
3013 3644 3387 3713 omnipotens,
3425 3647 3520 3715 qui
3559 3660 3656 3715 per

2082 3725 2319 3782 Verbum
2362 3738 2416 3782 et
2455 3727 2719 3798 Spiritum
2747 3733 2990 3786 omnium
3025 3742 3401 3790 creaturarum
3450 3744 3540 3792 est
3576 3737 3656 3792 ia-

2080 3825 2219 3869 ctor.
2254 3815 2535 3884 Siquidem
2562 3817 2866 3874 secundum
2900 3817 3099 3888 Moysis
3144 3821 3497 3889 scripturam,
3529 3837 3652 3890 qua:

2079 3906 2365 3962 verissima
2393 3905 2612 3975 quidem
2643 3915 2696 3961 et
2727 3909 3126 3973 vetustissima,
3161 3919 3373 3963 tantum
3407 3925 3535 3966 vero
3566 3912 3651 3966 di-

2079 4001 2208 4051 vino
2241 4005 2362 4066 eget
2398 3995 2719 4066 Evangelio,
2749 4012 2872 4067 qua:
2902 3999 3150 4054 umbram
3182 4001 3344 4056 habet
3371 4011 3426 4056 et
3456 4003 3654 4068 impcr—
3699 4073 3701 4076 γ

2081 4087 2398 4150 rectionem,
2445 4101 2588 4141 unus
2624 4085 2766 4142 Deus
2819 4086 3087 4141 duntaxat
3134 4089 3458 4156 docebatur,
3497 4092 3653 4147 Pater
3698 4086 3701 4089 ’

2080 4177 2325 4243 scilicet;
2359 4175 2597 4231 Verbum
2636 4185 2817 4232 autem
2853 4192 2916 4232 ac
2952 4176 3188 4248 Spiritus
3219 4181 3557 4238 subobscure
3597 4185 3652 4237 in

2081 4263 2350 4331 scriptura
2388 4262 2807 4331 indicebantur;
2833 4266 3031 4320 caelum
3054 4279 3184 4321 vero
3204 4277 3257 4322 et
3291 4275 3436 4323 terra
3460 4281 3654 4325 et‘om-

2080 4356 2170 4409 nia
2193 4369 2314 4424 quae
2343 4354 2397 4408 in
2419 4355 2502 4410 eis
2537 4364 2664 4410 sunt
2684 4370 2715 4411 e
2738 4371 2848 4411 non
2874 4358 3262 4415 exsistentibus
3291 4374 3390 4430 per
3413 4358 3648 4417 Verbum

2081 4456 2135 4502 et
2173 4445 2437 4515 Spiritum
2486 4444 2631 4500 facta
2670 4460 2702 4500 a
2751 4445 2862 4502 Deo
2911 4449 3325 4516 reputabuntur.
3353 4449 3645 4508 Hominum

410 4556 513 4591 πτο
536 4555 550 4570 ο
582 4539 759 4607 ἕτεροι
789 4536 846 4590 δὲ
875 4536 980 4589 τῶν
1007 4534 1308 4604 ἀνθρώπων
1341 4533 1819 4604 ἀποπλανηθέντες
1841 4535 1970 4588 πολ-ι

2081 4547 2254 4593 autem
2301 4545 2622 4592 ceterorum
2654 4539 2975 4594 aberrantes
3028 4542 3210 4607 multi,
3246 4542 3336 4596 alii
3387 4557 3493 4598 non
3526 4559 3648 4599 esse

408 4633 510 4696 λοὶ,
549 4631 598 4683 οἱ
628 4631 728 4698 μὲν
763 4628 838 4698 μὴ
868 4623 1008 4682 εῖναι
1037 4627 1170 4680 Θεὸν
1198 4628 1512 4696 εἰρήκασιν.
1552 4626 1780 4696 ἄφρονες
1804 4627 1974 4690 ὅντως

408 4721 580 4787 ὄντες,
616 4719 711 4773 καὶ
753 4720 892 4790 τύχῃ
931 4719 1026 4771 καὶ
1060 4718 1374 4788 εἱμαρμένῃ
1408 4717 1470 4769 τδ
1509 4719 1618 4770 πᾶν
1649 4718 1930 4786 ὑπέθηκαν
1956 4734 1972 4750 ⁸

408 4813 458 4864 οἱ
489 4813 545 4864 δὲ
594 4811 734 4864 θεῶν
761 4809 982 4879 πλῆθος,
1015 4811 1108 4862 καὶ⁴
1145 4809 1409 4878 δυνάμεις
1440 4807 1619 4860 αὐτῶν
1672 4809 1975 4879 ἐπενόησαν

411 4904 643 4967 ἑαυτοῖς,
675 4899 1118 4971 εἰδωλολατρείας
1149 4899 1350 4967 μανίαν
1371 4916 1430 4953 τε
1460 4903 1552 4952 καὶ
1587 4899 1847 4955 ἀσέϐειαν
1876 4917 1974 4953 συ-

414 4998 774 5065 νεστήσαντοο
811 4992 961 5048 ἄλλοι
991 4993 1048 5046 δὲ
1100 4992 1378 5060 γοητείαν,
1407 4995 1504 5045 καὶ
1543 4993 1789 5062 ἀστέρων
1821 4995 1976 5063 κινή-

413 5104 528 5150 σεις
558 5088 652 5139 καὶ
686 5089 901 5153 γένεσιν
931 5085 1356 5152 συνεσκέψαντο,
1380 5083 1590 5136 καὶτὸν
1625 5086 1826 5154 κόσμον
1853 5084 1975 5138 τοῦ·

411 5194 500 5229 τον
519 5177 686 5229 ἀΐδιον
715 5176 808 5229 καὶ
841 5175 1178 5229 ἀκατάλυτον
1206 5175 1534 5243 ὑπενόησαν,
1564 5177 1656 5227 καὶ
1683 5174 1976 5246 λατρευταὶ

409 5268 705 5337 δαιμονίων
738 5269 834 5320 καὶ
889 5268 989 5336 τῆς
1019 5267 1249 5330 κτίσεως
1287 5267 1405 5336 ἅμα
1439 5267 1726 5335 γεγόνασιν
1757 5283 1772 5298 ³
1815 5269 1847 5338 ἡ
1878 5270 1974 5320 τοῦ

411 5361 646 5430 Χριστοῦ
681 5360 980 5430 Ἐκκλησία
1011 5359 1174 5412 αὑτὸν
1203 5361 1294 5414 τὸν
1339 5360 1433 5413 τοῦ
1482 5360 1618 5413 Θεοῦ
1667 5362 1846 5428 λόγον,
1882 5362 1974 5414 τδν

416 5452 680 5522 μονογενῆ
709 5451 858 5513 Υίδν,
890 5453 988 5522 τὴν
1025 5453 1390 5506 ἐνυπόστατον
1441 5454 1537 5506 καὶ
1567 5452 1750 5516 ζῶσαν
1785 5454 1976 5522 σοφίαν

411 5543 726 5596 διδάσκαλον
759 5543 979 5612 ἔχουσα,
1031 5541 1384 5611 διορθουμένη
1435 5543 1498 5594 τὸ
1557 5544 1686 5609 πᾶν,
1735 5545 1828 5596 καὶ
1877 5543 1976 5612 τὴν

412 5636 676 5706 ἀλήθειαν
738 5633 1211 5705 ἐπιμαρτυροῦσα,
1262 5634 1624 5689 ἀποϐάλλεται
1684 5636 1785 5706 μέν
1835 5639 1975 5706 μετά

413 5727 505 5780 τοῦ
534 5727 697 5780 Δαϐὶδ
727 5728 855 5789 τοὺς
897 5726 972 5797 μὴ
998 5727 1396 5796 ὁμολογοῦντας
1426 5727 1516 5780 τὸν
1542 5727 1698 5781 Θεόν.
1738 5728 1989 5788 Ἐκεῖνος.

413 5823 522 5889 γάρ
557 5837 741 5892 φησιν,
781 5815 964 5874 Εἶπεν
1011 5818 1214 5888 ἄφρων
1270 5819 1338 5873 ἐν
1375 5817 1590 5886 καρδίᾳ
1633 5815 1821 5873 αὑτοῦ
1864 5820 1972 5870 οὐκ

2078 4630 2245 4685 Deum
2267 4629 2544 4692 dixerunt,
2577 4629 2900 4700 insipientes
2929 4631 3108 4696 valde,
3139 4640 3194 4687 et
3218 4631 3447 4689 fortuito
3473 4633 3652 4690 fatali-

2078 4733 2268 4792 terque
2318 4721 2500 4776 omnia
2535 4721 2753 4776 condita
2799 4723 3242 4791 contenderunt;
3288 4725 3379 4780 alii
3423 4727 3648 4782 deorum

2079 4814 2484 4868 multitudinem
2516 4822 2572 4868 et
2597 4828 2790 4869 eorum
2823 4814 3053 4870 virtutes
3076 4815 3180 4872 sibi
3209 4817 3502 4885 nxerunt,
3532 4818 3648 4873 ido-

2079 4906 2322 4960 lolatria:
2357 4905 2724 4976 insipientiam
2778 4913 2832 4961 et
2856 4907 3190 4976 impietatem
3224 4910 3648 4964 constituerunt.

2077 4997 2181 5052 Alii
2213 4996 2500 5067 geniorum
2540 4998 2745 5053 cultum
2777 5007 2830 5052 et
2863 5008 3131 5054 astrorum
3169 5011 3349 5057 motus
3388 5011 3442 5054 et
3469 5011 3650 5066 ortum

2077 5085 2566 5142 consideraverunt
2593 5122 2612 5152 ,
2659 5097 2714 5142 et
2747 5087 3010 5141 mundum
3047 5087 3214 5144 istum
3249 5099 3510 5144 mternum
3551 5104 3649 5144 net:

2082 5193 2324 5246 unquam
2377 5180 2772 5234 destruendum
2827 5187 3194 5249 putaverunt,
3243 5189 3296 5235 et
3345 5182 3647 5246 dmmonpm

2079 5270 2317 5324 cultores
2349 5279 2510 5339 atque
2541 5278 2924 5325 creaturarum
2955 5268 3083 5324 facti
3116 5277 3264 5324 sunt.
3304 5269 3510 5323 Christi
3545 5269 3649 5325 Ec-

2081 5364 2246 5417 clesia
2274 5361 2450 5430 ipsum
2475 5359 2569 5416 Dei
2605 5360 2862 5426 Verbum,
2885 5360 3106 5414 unicum
3141 5358 3358 5421 Filium,
3378 5359 3646 5420 viventem

2079 5461 2133 5507 et
2163 5467 2258 5522 per
2274 5467 2332 5508 se
2353 5451 2707 5508 exsislentem
2731 5450 3053 5520 sapientiam
3085 5449 3397 5517 magistrum
3419 5449 3646 5514 habens,

2083 5546 2240 5615 plene
2270 5554 2418 5600 recta
2454 5553 2506 5600 et
2540 5543 2754 5598 veritati
2786 5541 3164 5596 testimonium
3198 5539 3508 5609 perhibens,
3540 5555 3647 5591 una

2079 5652 2201 5691 cum
2228 5636 2430 5690 Davide
2450 5634 2666 5704 quidem
2697 5647 2792 5688 eos
2822 5633 3050 5699 abnegat
3075 5631 3166 5700 qui
3195 5644 3302 5683 non
3331 5643 3454 5683 esse
3479 5629 3646 5683 Deum

2079 5727 2269 5780 dicunt
2301 5740 2316 5779 :
2365 5724 2636 5778 exclamat
2677 5723 2819 5776 enim
2855 5722 2970 5791 ipse
3009 5739 3022 5775 :
3058 5738 3076 5771 ι
3111 5719 3253 5774 Dixit
3278 5719 3544 5787 insipiens
3591 5720 3645 5771 in

2081 5818 2242 5874 corde
2273 5829 2395 5880 suo,
2423 5814 2538 5870 Non
2562 5823 2646 5870 cst
2679 5815 2838 5870 Dcus.
2867 5832 2885 5865 ι
2925 5811 3186 5868 Similiter
3205 5822 3380 5867 autem
3408 5823 3529 5864 cum
3557 5822 3644 5867 eo-
