4026 6274
724 264 757 282 ο

403 344 514 409 ’1ὗὸ

1223 352 1608 420 SYMEONIS
1639 361 2090 424 THESSALON
2105 363 2406 424 [ΟΕΝὸιὸ
2437 363 2674 423 ARCHI
2688 359 2800 421 ΕΡ.

3541 350 3656 418 756

395 474 514 528 tlem
554 472 752 527 Davith
792 483 845 526 et
897 469 1065 526 Paulo
1101 472 1395 523 multorum
1451 481 1695 523 errorem
1741 466 1967 520 deorum

2088 466 2214 518 ἔστι
2240 465 2406 530 Θεός·
2425 465 2724 520 ἀπωθεῖται
2748 466 2804 521 δὲ
2827 467 2990 522 πάλιν
3021 469 3160 536 μετά
3183 470 3277 524 τοῦ
3300 471 3467 525 αὐτοῦ
3485 473 3658 524 Δαϐιδ

406 567 634 635 restruit.
675 583 693 616 ι
725 565 925 620 Omnes
957 564 1122 627 enim,
1159 561 1332 630 inquit
1355 561 1466 624 ille,
1501 560 1574 614 dii
1599 557 1838 628 gentium
1865 555 1972 634 dae-

401 660 655 721 tnoniap
689 665 742 711 et
766 655 1000 710 Paulus:
1036 673 1054 705 ‹
1083 655 1407 708 Servierunt
1439 652 1507 706 iis
1525 651 1616 720 qui
1647 657 1841 704 natura
1863 662 1971 701 non

402 761 529 805 sunt
561 749 658 810 dii.
691 757 738 802 et
779 748 1050 815 sapientes
1082 760 1206 799 cum
1227 753 1434 806 essent,
1470 742 1624 796 stulti
1665 739 1796 794 facti
1821 747 1970 799 sunt,

400 851 454 896 et
470 841 777 896 servierunt
799 845 1067 894 creaturae
1087 836 1266 905 potius
1293 850 1453 904 quam
1472 830 1738 887 Creatori.
1755 847 1773 880 ι
1805 826 1973 880 Perﬁ-

401 934 552 987 cicns
573 942 753 986 autem
789 930 935 999 quod
973 928 1074 998 legi
1101 927 1310 991 deerat,
1349 937 1449 980 nec
1480 922 1700 987 Filium,
1730 934 1829 973 nec
1855 918 1979 985 Spi-

393 1024 564 1076 fritum
592 1029 778 1090 aperte
802 1018 1041 1084 docenti,
1074 1018 1219 1072 clare
1250 1025 1304 1070 et
1329 1016 1415 1086 pie
1447 1015 1643 1068 clamat
1673 1027 1687 1065 :
1725 1007 1892 1064 Credo
1921 1010 1976 1061 in

401 1129 564 1166 unum
589 1111 755 1164 Deum
783 1110 1001 1164 Patrem
1033 1108 1447 1173 omnipotentem
1476 1117 1494 1155 :
1529 1101 1700 1157 Credo
1755 1098 1973 1168 quidem

401 1219 464 1256 ex
497 1219 564 1258 eo
601 1203 750 1272 quod
787 1201 955 1257 corde
987 1200 1043 1254 iu
1101 1200 1270 1252 Deum
1321 1194 1726 1251 confessionem
1758 1191 1976 1259 profite-

402 1299 514 1359 tur,
548 1294 701 1360 juxta
739 1293 967 1347 Paulum
997 1291 1305 1346 dicentem:
1371 1305 1390 1338 ι
1423 1285 1600 1340 Corde
1635 1283 1872 1337 creditur
1910 1279 1975 1332 ad

397 1387 688 1454 justitiam,
729 1399 824 1438 ore
859 1393 1036 1438 autem
1065 1379 1332 1437 confessio
1366 1377 1424 1432 fit
1459 1378 1523 1430 ad
1555 1377 1811 1432 salutem.
1856 1390 1873 1428 ι
1908 1372 1973 1428 In

402 1494 566 1530 unum
606 1491 736 1531 vero
772 1475 964 1536 Deum,
997 1475 1062 1527 ad
1095 1471 1630 1541 oppositionem'tum
1661 1480 1851 1520 eorum
1883 1464 1976 1534 qui

403 1571 572 1625 Deum
613 1578 833 1637 negant,
870 1575 981 1620 tum
1033 1565 1326 1634 impiorum
1355 1561 1448 1632 qui
1481 1560 1664 1630 plures
1710 1559 1980 1612 invocant

399 1661 550 1714 deos.
587 1658 792 1712 Deinde
822 1656 1040 1710 Patrem
1085 1653 1543 1721 omnipotentem:
1577 1646 1794 1701 Patrem
1855 1658 1981 1714 pro-

402 1756 521 1816 pter
551 1746 669 1814 ejus
701 1741 1284 1813 unigenitumVerbum
1321 1749 1374 1794 et
1403 1740 1472 1794 ab
1500 1752 1564 1792 eo
1596 1737 1977 1807 procedentem

2084 555 2178 609 καὶ
2244 555 2328 609 ..οῦ
2369 557 2604 624 Παύλου,
2662 559 2763 629 τὴν
2809 560 2920 615 τῶν
2970 561 3186 615 πολλῶν
3241 563 3382 617 θεῶν
3409 563 3658 635 πλάνην.

2083 647 2307 713 Πάντες
2336 647 2468 719 γὰρ,
2494 649 2656 718 φησὶν
2687 651 2715 703 6
2745 650 2924 716 αὐτὸς,
2951 653 3007 705 οι
3031 651 3154 706 θεοὶ
3180 651 3299 706 τῶν
3316 653 3510 709 ἐθνῶν
3527 655 3664 708 δαι-
3725 708 3728 710 γ

2080 739 2276 807 μόνια,
2309 741 2402 793 καὶ
2434 741 2462 792 6
2484 740 2712 806 Παῦλος,
2749 744 3161 812 Ἐλὰτρευσαν
3189 745 3316 812 τοῖς
3338 746 3426 814 μὴ
3474 748 3667 815 φύσει

2080 825 2224 884 οὖσι
2263 830 2440 896 θεοῖς,
2474 832 2575 887 καί
2634 836 2815 903 σοφοί
2867 836 3038 902 ὄντες
3065 837 3527 905 ἐμωράνθησαν,
3557 840 3666 893 καί.

2081 921 2458 989 ἐλάτρευσαν
2492 921 2567 990 τῇ
2596 924 2791 978 κτίσει
2832 925 2996 992 παρὰ
3032 927 3140 979 τὸν
3198 928 3526 981 κτίσαντα.
3559 928 3668 980 Τε-

2081 1011 2301 1065 λειοῦσα
2334 1013 2389 1065 δὲ
2421 1014 2516 1066 καὶ⁵
2542 1013 2640 1084 τὴν
2672 1017 2763 1068 τοῦ
2795 1017 2963 1084 νόμου
3005 1016 3266 1088 ἔλλειψιν,
3303 1018 3381 1088 μὴ
3409 1018 3502 1072 τὸν
3529 1019 3666 1072 Υἱὸν

2083 1103 2264 1156 καὶτὸ
2297 1104 2524 1174 Πνεῦμα
2556 1106 2744 1174 σαφῶς
2795 1107 3230 1172 ὲκδιδάσκοντος,
3265 1109 3535 1180 λαμπρῶς
3563 1110 3666 1162 καὶ

2083 1193 2320 1255 εὐσεϐῶς
2377 1196 2566 1268 ἐκϐοᾷ,
2626 1200 2893 1252 Πιστεύω
2921 1201 3009 1265 είς
3064 1199 3175 1254 ἕνα
3221 1201 3371 1255 Θέὸν
3425 1200 3665 1268 Πατέρα

2086 1284 2543 1354 παντοκράτορα
2565 1305 2578 1317 ·
2615 1286 2678 1340 τὸ
2721 1289 2823 1357 μὲν
2866 1290 3156 1353 Πιστεύω,
3200 1289 3289 1344 διὰ
3322 1289 3383 1343 τὸ
3423 1291 3488 1343 ἐκ
3521 1306 3664 1358 καρ-

2083 1373 2201 1438 δίας
2243 1377 2346 1445 τὴν
2381 1381 2461 1440 είς
2511 1379 2645 1432 Θεὸν
2702 1381 3003 1450 κηρύσσειν
3048 1382 3340 1452 ὁμολογίαν
3385 1383 3528 1436 κατά
3568 1383 3663 1433 τὸν

2084 1465 2297 1518 Παῦλον
2329 1469 2575 1536 λέγοντα,
2612 1471 2839 1539 Καρδίᾳ
2885 1472 3004 1541 μὲν
3059 1473 3408 1527 πιστεύεται
3447 1475 3538 1539 είς
3573 1473 3664 1526 δι-

2084 1561 2442 1626 καιοσύνην,
2494 1562 2750 1630 στόματι
2800 1561 2870 1614 δὲ
2911 1561 3288 1631 ὁμολογεῖται
3329 1564 3418 1628 εις
3460 1577 3661 1628 σωτη-

2080 1650 2222 1717 ρίαν
2251 1665 2265 1681 ⁶
2299 1650 2360 1703 τὸ
2388 1651 2444 1704 δὲ
2476 1653 2581 1717 Εἰς
2615 1651 2725 1705 ἕνα
2751 1652 2922 1715 Θεὸν,
2951 1653 3032 1714 είς
3062 1651 3375 1722 ἀνατροπὴν
3409 1651 3528 1722 ἅμα
3546 1653 3660 1706 τῶν

2087 1755 2143 1791 τε
2186 1741 2260 1810 μὴ
2306 1741 2442 1795 Θεὸν
2481 1741 2914 1810 ὁμολογούντων,
2957 1742 3051 1795 καὶ
3097 1742 3205 1795 τῶν
3239 1743 3470 1804 πολλοὺς
3500 1743 3658 1805 θεοὺς

401 1835 689 1904 Spiritum,
743 1848 864 1903 qua:
898 1831 1272 1886 conﬁtentium
1304 1829 1472 1894 Deum
1497 1824 1650 1880 multi
1687 1823 1977 1892 rejiciunt,

2088 1830 2353 1898 λεγόντων
2386 1832 2562 1886 ἀθέων
2588 1849 2602 1864 ο
2648 1831 2840 1885 ἔπειτα
2881 1832 3115 1900 Πατέρα
3159 1831 3654 1900 παντοκράτορα·

404 1940 602 1996 nempe
620 1924 771 1994 impii
793 1923 962 1978 Judaei
985 1931 1180 1978 etcum
1201 1921 1330 1991 ipsis
1347 1919 1435 1974 alii
1457 1919 1624 1972 Deum
1645 1928 1982 1984 consequen-

402 2027 484 2072 ter
498 2017 764 2085 complete
798 2025 1079 2083 negantes.
1103 2012 1158 2068 Si
1185 2012 1329 2066 enim
1357 2011 1562 2080 absque
1589 2006 1760 2062 Verbo
1780 2015 1835 2060 et
1857 2003 1982 2072 Spi-

402 2109 509 2162 ritu
536 2107 699 2172 Dcus,
731 2121 860 2176 ergo
886 2104 1240 2175 imperfectus
1269 2112 1356 2170 ;ct
1384 2101 1432 2157 si
1460 2097 1836 2169 imperfectus,
1868 2107 1977 2149 non

403 2213 586 2254 verus.
616 2199 790 2265 Atque
819 2196 900 2251 sic
931 2204 985 2250 et
1016 2195 1092 2257 hi,
1121 2205 1177 2248 ut
1205 2193 1466 2254 diximus,
1508 2191 1562 2244 in
1593 2203 1781 2244 verum
1809 2185 1978 2240 Deum

406 2306 515 2343 non
543 2289 833 2344 credentes
857 2286 1028 2341 athei.
1053 2284 1109 2340 Si
1145 2285 1289 2339 enim
1318 2284 1371 2337 in
1396 2279 1764 2336 rationalibus
1795 2277 1981 2342 nobis,

405 2382 615 2452 angelis
651 2375 705 2436 et
741 2379 1078 2441 hominibus,
1105 2376 1344 2432 Verbum
1369 2383 1452 2430 est
1477 2381 1532 2429 et
1558 2372 1824 2442 Spiritus,
1848 2385 1983 2439 quo-

352 2467 358 2471 Α
409 2471 570 2526 modo
603 2487 710 2526 non
746 2473 799 2524 in
839 2469 950 2524 Deo
981 2468 1360 2522 universorum
1393 2471 1448 2519 et
1477 2461 1776 2532 praesertim
1809 2459 1975 2513 ratio-

409 2565 614 2618 nalium
651 2563 743 2632 qui
771 2577 895 2616 eum
927 2570 1207 2630 utcunque
1225 2554 1604 2628 cognoscunt?
1630 2553 1764 2610 Vide
1795 2559 1978 2606 autem

410 2656 609 2710 mirum
636 2655 690 2709 in
715 2652 938 2707 modum
964 2661 1020 2705 et
1050 2650 1101 2706 id
1127 2648 1371 2720 profecto
1393 2643 1860 2702 contemnentium
1886 2640 1982 2694 Dei

409 2745 650 2800 Verbum
690 2753 745 2798 et
771 2743 1035 2813 Spiritum
1067 2741 1401 2810 impietatem
1455 2735 1762 2806 patefacere
1806 2749 1822 2788 :
1860 2740 1990 2802 pro-

417 2838 537 2901 prio
565 2839 738 2890 verbo
765 2851 830 2889 ex
857 2835 991 2904 ipsis
1036 2833 1220 2902 genito
1267 2830 1516 2884 nituntur
1567 2828 1659 2882 Dei
1708 2825 1867 2881 Verbi
1926 2823 1985 2879 in

412 2917 572 2981 Patre
599 2925 907 2979 viventisiet
927 2922 1242 2978 exsistentis
1265 2921 1549 2976 deStruerc
1575 2915 1730 2988 (proh
1753 2915 1792 2986 ι)
1819 2929 1984 2984 gene-

415 3021 682 3075 rationem
715 3024 844 3072 ante
873 3030 1036 3071 omne
1067 3012 1419 3085 principium;
1443 3019 1497 3065 et
1522 3013 1784 3080 plasmata
1807 3008 1985 3076 imago

414 3120 759 3182 prototypum
793 3123 953 3164 suum
988 3106 1438 3175 conditoremque
1486 3102 1724 3173 prodens
1765 3099 1849 3154 vel
1898 3099 1985 3170 in-

409 3208 546 3263 vita.
581 3219 683 3258 nec
711 3202 1043 3272 intelligens,
1087 3199 1353 3253 adversus
1389 3209 1513 3250 eum
1549 3194 1744 3247 insane
1789 3189 1984 3256 fertur,

413 3305 665 3350 creatura
723 3305 1053 3358 creatorem,
1091 3301 1148 3346 ct
1186 3289 1355 3344 Deum
1415 3287 1624 3341 factura
1662 3282 1984 3340 contemnit.

413 3386 544 3441 Etsi
587 3402 684 3455 per
710 3401 768 3441 se
811 3385 1161 3439 exsistentem
1212 3379 1448 3436 Verbum
1487 3385 1542 3432 et
1579 3375 1840 3446 Spiritum
1875 3388 1986 3428 non

415 3480 614 3533 habere
645 3478 778 3530 dicit
809 3476 1002 3539 Deum,
1026 3475 1168 3527 sicut
1194 3481 1247 3526 et
1275 3485 1397 3541 qua:
1423 3470 1638 3539 propria
1671 3475 1798 3522 sunt
1823 3464 1986 3521 habet

417 3573 604 3632 homo,
657 3562 737 3622 sic
785 3566 939 3620 valde
982 3565 1147 3634 impia
1197 3571 1321 3626 est,
1377 3559 1749 3615 testimonium
1799 3557 1984 3611 divina

412 3661 578 3716 dante
614 3657 920 3729 Scriptura,
960 3657 1104 3725 quod
1147 3658 1331 3710 vivens
1367 3653 1421 3706 in
1455 3652 1701 3721 oculoque
1733 3648 1984 3704 habitans

414 3757 484 3808 sit
515 3753 605 3808 Dei
628 3750 886 3815 Verbum,
922 3750 1197 3820 Sapientia
1223 3749 1363 3816 viva,
1388 3755 1442 3802 et
1472 3747 1524 3800 in
1555 3760 1614 3801 se
1641 3745 1756 3811 ipsa
1788 3740 1986 3796 intelli-

413 3847 610 3915 gentia:
637 3856 688 3900 et
722 3843 1031 3899 sanctitatis
1061 3841 1313 3912 spiritum
1341 3839 1570 3893 habens.
1599 3835 1664 3890 Et
1694 3836 1782 3890 hic
1811 3834 1984 3888 vivifi-

414 3953 545 3992 caus
567 3946 621 3992 et
650 3937 807 3991 vivax
831 3935 946 4003 ipse
973 3934 1064 3987 Dei
1097 3940 1480 3987 sacrosanctus
1510 3927 1764 3997 Spiritus.
1792 3923 1985 3992 lmpiat

411 4042 542 4097 ergo
565 4041 624 4081 sc
647 4027 762 4095 qui,
791 4026 1072 4079 atheorum
1101 4023 1337 4077 rationes
1355 4033 1576 4092 gerens,
1596 4016 1862 4071 viventem
1889 4010 1984 4066 Dei

421 4119 655 4174 Verbum
697 4117 929 4186 despicit
958 4123 1014 4171 et
1045 4113 1310 4182 Spiritum
1338 4150 1353 4176 ,
1385 4126 1492 4165 non
1544 4117 1804 4180 reputans
1837 4104 1982 4176 quod

413 4219 661 4266 creatura
687 4209 778 4280 qui
811 4218 914 4272 est,
937 4207 981 4261 si
1004 4207 1238 4276 quodam
1267 4203 1424 4260 modo
1446 4201 1756 4258 Conditoris
1787 4197 1988 4268 praebet

416 4302 751 4371 imaginem,
804 4299 1009 4368 pariter
1049 4305 1103 4350 et
1129 4296 1184 4350 id
1232 4301 1510 4363 utcunque
1554 4291 1608 4345 in
1659 4304 1719 4346 se
1766 4289 1984 4353 habeat,

416 4393 860 4456 adumbratione,
890 4405 1000 4444 non
1030 4388 1256 4443 veritate
1291 4385 1555 4454 locuples.
1590 4381 1800 4437 Etenim
1844 4395 1985 4434 sem-

2083 1921 2335 1989 Πατέρα,
2383 1922 2473 1976 διὰ
2524 1922 2617 1976 τὸν
2651 1925 2918 1994 μονογενῆ
2947 1923 3115 1977 αὑτοῦ
3161 1923 3352 1991 Λόγον,
3381 1924 3476 1976 καὶ
3504 1924 3566 1976 τὸ
3598 1923 3659 1990 ἐξ

2087 2011 2252 2066 αὑτοῦ
2285 2013 2530 2079 Πνεῦμα.
2556 2013 2624 2066 Ἀ
2654 2017 2749 2067 καὶ
2775 2014 2959 2067 πολλοὶ
2986 2014 3094 2066 τῶν
3121 2012 3532 2082 ὁμολογούντων
3565 2013 3661 2082 δῆ-

2087 2104 2181 2159 θεν
2211 2103 2344 2156 Θεὸν
2371 2103 2726 2174 ἠθετήκασιν,
2753 2105 2829 2168 ὡς
2862 2106 2914 2158 oi
2942 2104 3221 2168 δυσσεϐεῖς
3257 2104 3524 2168 Ἰουδαῖοι,
3558 2103 3659 2158 καὶ

2089 2195 2188 2248 σὺν
2210 2194 2396 2258 αὐτοῖς
2434 2195 2610 2260 ἄλλοι,
2644 2195 2796 2250 ἄθεοι
2825 2195 3108 2259 τελοῦντες
3147 2195 3241 2250 καὶ
3263 2194 3429 2249 οῦτοι.
3454 2195 3518 2248 Ei
3550 2196 3661 2264 γὰρ

2084 2286 2208 2354 δίχα
2227 2285 2390 2354 λόγου
2411 2287 2506 2339 καὶ
2536 2285 2849 2356 Πνεύματος
2871 2288 2898 2339 6
2925 2285 3078 2350 Θεὸς,
3101 2286 3296 2355 ἀτελὴς
3317 2288 3426 2355 ἄρα
3451 2301 3464 2315 ·
3487 2287 3586 2338 καὶ
3613 2287 3664 2338 εί

2087 2376 2304 2446 ἀτελὴς,
2330 2377 2430 2431 οὐκ
2465 2377 2678 2448 ἀληθής
2697 2394 2713 2427 °.
2743 2378 2837 2431 καὶ
2863 2377 3005 2431 οῦτω
3027 2378 3122 2430 καὶ
3149 2377 3304 2431 αὐτοὶ
3328 2376 3403 2438 ὡς
3433 2378 3664 2446 είρήκα-

2089 2486 2208 2538 μεν,
2243 2471 2322 2533 είς
2353 2469 2447 2524 τὸν
2499 2470 2668 2533 ὅντως
2695 2469 2829 2523 Θεὸν
2885 2469 2962 2540 μὴ
2997 2468 3348 2532 πιστεύοντες
3395 2468 3570 2523 ἄθεοι.
3601 2469 3662 2522 Ei

2085 2561 2194 2629 γὰρ
2223 2563 2282 2614 ὲν
2307 2561 2419 2624 τοῖς
2458 2561 2696 2630 λογικοῖς
2723 2562 2878 2631 ἡμῖν,
2913 2561 3167 2628 ἀγγέλοις
3195 2577 3254 2614 τε
3306 2558 3664 2628 statariide-

2088 2669 2234 2715 ποις,
2272 2652 2450 2719 Λόγος
2479 2653 2598 2706 ἐστὶ
2625 2654 2717 2706 καὶ
2750 2653 2994 2722 Πνεῦμα,
3033 2652 3152 2715 πῶς
3195 2651 3296 2705 οὐκ
3329 2652 3390 2705 ιν
3431 2649 3511 2721 τῷ
3541 2649 3665 2721 Θεῷ

2085 2743 2194 2794 τῶν
2225 2741 2385 2806 ὅλων,
2441 2743 2534 2794 καὶ
2561 2742 2670 2795 τῶν
2705 2740 2940 2809 λογικῶν
2975 2741 3234 2812 μάλιστα,
3263 2741 3374 2794 τῶν
3408 2741 3663 2794 ὁπωσοῦν

2087 2833 2557 2900 ὲπιγινωσκόντων
2605 2833 2806 2898 αύτόνς
2866 2833 3012 2902 Ὅρα
3073 2832 3131 2885 δὲ
3181 2831 3498 2900 παραδόξως
3567 2833 3664 2892 καὶ

2087 2921 2246 2977 τοῦτο
2271 2922 2686 2992 παραστατικὸν
2727 2922 2967 2992 μάλιστα
2985 2922 3086 2991 τῆς
3113 2921 3369 2984 ἀσεϐείας
3397 2920 3510 2974 τῶν
3535 2921 3664 2974 ἀθε-

2087 3014 2324 3068 τούντων
2354 3015 2447 3067 τὸν
2475 3015 2569 3068 τοῦ
2615 3014 2749 3068 Θεοῦ
2783 3014 2955 3082 Λόγον
2991 3013 3166 3068 καὶτὸ
3194 3013 3443 3083 Πνεῦμα.
3495 3013 3659 3082 Λόγῳ

2087 3107 2198 3178 γὰρ
2252 3107 2366 3179 ίδίῳ
2398 3108 2690 3177 πειρῶνται
2720 3105 2779 3173 ἐξ
2818 3107 3002 3159 αὐτῶν
3048 3107 3351 3176 τικτομένῳ
3405 3102 3504 3174 τὴν
3563 3103 3660 3156 τοῦ

2091 3199 2226 3253 Θεοῦ
2250 3199 2424 3268 Λόγου
2443 3198 2538 3252 τοῦ
2561 3198 2762 3262 ζῶντος
2792 3198 2888 3252 καὶ
2921 3198 3070 3260 ὄντος
3101 3197 3160 3250 ἐν
3183 3196 3262 3265 τῷ
3300 3195 3476 3267 Πατρὶ
3505 3196 3661 3249 ἀναι-

2094 3293 2207 3362 ρεῖν
2231 3289 2354 3361 (φεῦ
2372 3290 2410 3359 ε)
2436 3289 2772 3360 προάναρχον
2803 3289 3091 3359 γέννησενο
3135 3289 3229 3342 καὶ
3259 3288 3292 3358 ἡ
3323 3287 3658 3357 δημιουργη-

2091 3381 2243 3435 θεῖσα
2267 3380 2452 3446 εἰκὼν,
2478 3380 2538 3433 τὸ
2564 3380 2922 3450 πρωτότυπον
2945 3379 3140 3448 ἑαυτῆς
3167 3381 3258 3431 καὶ
3290 3379 3380 3432 τὸν
3398 3379 3462 3448 δη
3473 3395 3658 3448 μιουρ-

2090 3472 2186 3542 γὸν
2224 3471 2576 3544 μαρτυροῦσα
2605 3475 2700 3526 καὶ
2727 3472 2804 3542 μὴ
2835 3470 3050 3536 νοοῦσα,
3085 3471 3208 3522 κατ’
3236 3469 3404 3523 αὐτοῦ
3428 3471 3656 3539 φέρεται

2091 3563 2409 3628 ἀλογίστως.
2432 3561 2543 3616 Καὶ
2564 3563 2622 3614 τὸ
2651 3562 2878 3631 κτίσμα,
2895 3560 3238 3629 τὸνΚτίστην
3265 3558 3467 3623 ἀθετεῖ,
3483 3559 3659 3612 καὶτὸ

2093 3657 2304 3725 ποίημα
2323 3653 2414 3708 τὸν
2432 3653 2582 3707 Θεόν.
2609 3653 2772 3724 294
2803 3653 2862 3705 Εί
2884 3652 2940 3705 δὲ
2968 3654 3062 3706 καὶ
3091 3652 3168 3719 μὴ
3187 3650 3548 3710 ὲνυπόστατον
3565 3650 3656 3702 τὸν

2091 3747 2262 3816 Λόγον
2289 3746 2384 3799 καὶ
2421 3744 2482 3806 τὸ
2521 3743 2744 3813 Πνεῦμα
2771 3743 2920 3811 λέγει
2959 3742 3261 3810 κεκτῆσθαι
3293 3743 3384 3795 τὸν
3407 3741 3559 3802 Θεὸν,
3581 3741 3660 3803 ὡς

2093 3837 2280 3892 καὶτὰ
2304 3835 2500 3889 ἑαυτοῦ
2530 3834 2838 3904 ἄνθρωπος,
2873 3834 2968 3888 καὶ
2996 3833 3138 3886 οὕτω
3185 3832 3420 3902 μάλιστα
3469 3831 3661 3884 δυσσε-
3697 3857 3702 3862 ~

2093 3929 2200 3989 ϐεἰ,
2229 3928 2329 3996 τῆς
2379 3925 2530 3988 θείας
2565 3925 2947 3995 μαρτυρούσης
2979 3923 3222 3993 Γραφῆς,
3275 3924 3368 3976 τοῦ
3403 3920 3538 3975 Θεοῦ
3565 3921 3658 3973 τὸν

2092 4020 2264 4086 Λόγον
2318 4017 2498 4080 ζῶντα
2542 4017 2636 4069 καὶ
2677 4017 2736 4069 ὲν
2781 4015 2857 4083 τῷ
2901 4015 3117 4085 ούρανῷ
3167 4014 3509 4084 διαμένοντα,
3565 4013 3661 4065 καὶ

2091 4109 2280 4164 τοῦτον
2325 4109 2528 4176 Σοφίαν
2567 4107 2767 4172 ζῶσαν,
2803 4108 2898 4161 καὶ
2925 4107 2982 4158 ἐν
3031 4107 3169 4176 αὐτῇ
3219 4105 3444 4174 Πνεῦμα
3472 4105 3660 4174 νοερὸν

2093 4205 2188 4258 καὶ
2229 4203 2388 4271 ἅγιον
2435 4201 2666 4270 ἔχουσαν
2689 4217 2704 4233 ο
2739 4200 2833 4253 καὶ
2879 4198 3142 4261 ζωοποιὸν
3183 4197 3240 4251 δὲ
3268 4199 3364 4250 καὶ
3389 4197 3497 4261 ζῶν
3529 4196 3660 4248 αὐτὸ

2090 4301 2153 4353 τὸ
2190 4297 2285 4352 τοῦ
2335 4298 2470 4352 Θεοῦ
2517 4297 2783 4364 πανάγιον
2836 4295 3079 4364 Πνεῦμα.
3111 4293 3376 4346 Δυσσεϐετ
3422 4293 3598 4345 τοίνυν
3632 4291 3660 4342 ό

2092 4391 2300 4446 ἀθετῶν
2356 4391 2527 4444 ἀθέως
2557 4389 2647 4442 τὸν
2700 4387 2877 4451 ζῶντα
2931 4388 3102 4453 Λόγον
3155 4383 3248 4438 τοῦ
3301 4382 3437 4437 Θεοῦ
3479 4382 3662 4436 καὶτὸ

419 4501 514 4556 per
541 4485 760 4555 quidem
797 4484 1034 4538 existens
1065 4480 1204 4534 Deus
1231 4491 1447 4546 semper
1470 4475 1828 4529 exsistcntem
1855 4469 1988 4526 Ver-

2095 4483 2338 4549 Πνεῦμα,
2374 4479 2448 4550 μὴ
2483 4478 2636 4540 εἰδὼς
2661 4477 2743 4529 ὅτι
2799 4477 3005 4544 κτίσμα
3031 4473 3130 4536 ὢν,
3165 4474 3214 4526 εί
3241 4473 3336 4526 καὶ
3381 4470 3658 4538 είκονίζων

415 4581 544 4634 hum
569 4577 945 4646 Spiritumque
975 4578 1225 4626 sanctum
1249 4569 1512 4622 viventem
1542 4564 1722 4618 habet.
1747 4560 1987 4632 Angelus

413 4679 617 4733 autem,
639 4669 802 4723 homo
816 4666 1043 4730 etiam,e
1064 4677 1173 4717 non
1189 4661 1486 4716 exsistente
1504 4654 1773 4712 exsistens
1789 4651 1984 4716 factus,

415 4777 524 4816 non
556 4773 772 4828 semper
810 4757 912 4810 fuit
960 4763 1016 4810 et
1067 4752 1343 4808 mutabilis
1387 4758 1490 4810 cst,
1520 4759 1573 4804 et
1608 4745 1846 4802 Verbum
1876 4757 1990 4797 non-

413 4866 511 4922 per
543 4866 601 4905 se
629 4851 1002 4911 exsisteutem,
1057 4846 1150 4900 sed
1185 4845 1408 4899 omnino
1435 4842 1599 4895 alium
1638 4839 1820 4893 habet.
1855 4835 1989 4890 Pro-

412 4953 601 5014 pterea
647 4939 806 4993 Pater
840 4938 1002 4992 solus
1050 4949 1213 4991 verus
1261 4936 1420 5006 Deus,
1461 4940 1720 5000 tanquam
1771 4939 1988 4994 semper

415 5010 693 5087 exsistens
721 5026 901 5092 Pater,
930 5023 1092 5078 Pater
1123 5038 1230 5077 non
1258 5029 1503 5075 nostrum
1522 5019 1613 5087 qui
1648 5024 1833 5085 postea
1859 5010 1987 5066 facti

413 5138 610 5180 sumus
631 5164 648 5189 ,
680 5121 786 5176 erit
815 5114 1111 5188 aliquando
1140 5114 1318 5169 factus
1343 5110 1522 5165 Pater.
1549 5109 1606 5162 Si
1637 5107 1854 5177 quando
1885 5121 1985 5159 au-

413 5226 523 5273 tem
570 5226 754 5270 uoster
805 5212 1028 5274 dicitur,
1081 5205 1377 5262 secundum
1406 5202 1662 5273 gratiam,
1703 5199 1830 5270 quia
1878 5212 1983 5253 nos

413 5308 804 5373 comltdit,non
825 5303 1127 5358 secundum
1158 5308 1407 5352 naturam
1435 5311 1451 5363 ς
1475 5295 1519 5348 si
1549 5293 1691 5348 enim
1726 5291 1851 5356 hoc,
1884 5291 1986 5344 im-

415 5399 708 5471 perfectus.
740 5397 856 5452 Non
888 5409 952 5450 ex
984 5395 1100 5463 ipso
1129 5406 1230 5446 nos
1260 5383 1558 5444 secundum
1587 5391 1859 5448 naturam,
1890 5383 1986 5438 scd

416 5508 448 5545 e
476 5505 585 5544 non
611 5471 1001 5545 exsisteutibus
1034 5483 1162 5538 facti
1185 5494 1396 5536 sumus.
1416 5477 1544 5532 lude
1567 5491 1688 5530 cum
1717 5475 1986 5546 perfectus

421 5582 494 5634 sit
525 5580 689 5646 Deus,
725 5579 884 5633 Pater
917 5590 1133 5643 semper
1164 5581 1248 5629 est
1279 5587 1387 5626 una
1417 5585 1542 5625 cum
1568 5583 1634 5623 eo
1659 5577 1908 5622 naturam
1935 5575 1984 5620 et

419 5670 803 5727 cxsistentiam
835 5669 1040 5736 absque
1079 5664 1347 5734 principio
1369 5660 1690 5716 habentibus
1715 5658 1894 5712 Verbo
1935 5664 1982 5712 et

422 5760 733 5819 vivificante
792 5759 1020 5829 Spiritu.
1051 5755 1268 5826 Optime
1314 5751 1477 5823 igitur
1521 5751 1653 5808 dicit
1696 5748 1981 5803 Ecclesia:

2093 4577 2206 4629 ἐστὶ
2233 4575 2374 4628 κατά
2406 4590 2456 4626 τι
2513 4571 2601 4623 τὸν
2631 4571 2928 4634 κτίσαντα,
2964 4569 3110 4637 ὅμως
3151 4565 3248 4619 καὶ
3277 4563 3408 4618 αὐτὸ
3435 4564 3524 4616 ὅτι
3553 4577 3658 4630 περ

2091 4671 2150 4722 ὲν
2183 4666 2361 4737 ἑαυτῷ
2412 4664 2696 4733 κέκτηται,
2755 4658 3118 4730 σκιαγραφίᾳ,
3159 4657 3254 4711 καὶ
3285 4656 3386 4709 οὐκ
3427 4653 3659 4724 ἀληθείᾳ

2093 4758 2332 4813 πλουτεῖ.
2373 4756 2432 4808 ’0
2470 4754 2570 4824 μὲν
2599 4754 2707 4821 γὰρ
2742 4751 2874 4813 Θεὸς
2897 4751 2984 4804 ἀεὶ
3015 4749 3093 4803 ὢν
3123 4750 3260 4814 ἐστι,
3293 4749 3388 4800 καὶ
3418 4746 3506 4799 ἀεὶ
3527 4745 3660 4798 ὄντα

2091 4849 2181 4903 τὸν
2209 4850 2379 4916 Λόγον
2405 4847 2538 4917 ἔχει,
2574 4847 2666 4898 καὶ
2699 4845 2758 4897 τὸ
2789 4844 2899 4907 ζῶν
2924 4843 3147 4912 Πνεῦμα
3177 4841 3238 4894 τὸ
3269 4840 3425 4906 ἅγιον
3445 4853 3458 4868 ·
3488 4837 3659 4905 ἀγγε-

2093 4950 2180 5004 λος
2215 4940 2270 4994 δέ
2300 4958 2364 5008 γε
2411 4941 2508 4992 καὶ
2555 4938 2836 5005 ἄνθρωπος
2874 4937 2935 4988 ὲκ
2955 4933 3050 4986 τοῦ
3079 4935 3154 5002 μὴ
3193 4932 3344 4994 ὄντος
3377 4928 3455 4982 ὣν
3497 4943 3657 4994 γεγοο

2094 5025 2221 5092 νὼς,
2254 5028 2344 5079 καὶ
2401 5027 2499 5078 οὐκ
2545 5025 2632 5078 ἀεὶ
2666 5021 2756 5093 ἦν,
2805 5025 2899 5075 καὶ
2931 5020 3224 5082 ἀλλοιωτός
3253 5021 3393 5082 ἐστι,
3428 5018 3523 5070 καὶ
3569 5015 3658 5067 τὸν

2094 5117 2252 5184 λόγον
2279 5116 2379 5168 οὐκ
2412 5115 2798 5175 ἐνυπόστατον,
2833 5111 2946 5165 ἀλλ’
2983 5108 3366 5178 ἀλλοιούμενον
3399 5105 3530 5180 ἔχει.
3560 5101 3659 5154 Διά

2094 5206 2250 5260 τοῦτο
2285 5205 2471 5276 Πατὴρ
2505 5205 2661 5274 μόνος
2691 5205 2719 5257 6
2748 5202 2878 5264 Θεὸς
2909 5200 3136 5272 ἀληθὴς,
3181 5199 3257 5262 ὡς
3300 5197 3387 5250 ἀεὶ
3429 5195 3508 5249 ῶν
3550 5195 3659 5246 Πα-

2095 5301 2200 5369 τήρ
2224 5315 2239 5329 ο
2280 5299 2371 5352 καὶ
2403 5297 2592 5368 Πατὴρ
2615 5297 2712 5366 οὐχ
2738 5295 3002 5366 ἡμέτερος
3034 5293 3142 5346 τῶν
3175 5289 3406 5360 ὕστερον
3441 5285 3658 5354 γεγονό-

2095 5409 2222 5446 των.
2257 5393 2448 5444 Ἔσται
2503 5390 2614 5458 γάρ
2645 5404 2774 5440 ποτε
2826 5383 3066 5455 γεγονὼς
3098 5384 3306 5453 Πατήρ.
3373 5381 3435 5434 Ei
3479 5378 3536 5430 δὲ
3567 5375 3662 5430 καὶ

2097 5484 2286 5553 Πατὴρ
2326 5482 2488 5552 ἡμῶν
2525 5496 2653 5534 ποτε
2686 5480 2931 5547 λέγεται,
2973 5476 3116 5531 κατά
3167 5477 3327 5544 χάριν
3369 5469 3548 5532 τοῦτο,
3579 5470 3658 5521 ὅτι

2096 5575 2559 5645 δεδημιούργηκεν
2586 5574 2755 5642 ἡμᾶς,
2789 5571 2850 5624 οὐ
2876 5571 3016 5623 κατὰ
3044 5567 3223 5638 φύσιν.
3263 5567 3322 5618 Ei
3351 5563 3458 5633 γὰρ
3483 5561 3656 5623 τοῦτο,

2097 5666 2311 5734 ἀτελής.
2344 5666 2418 5717 Οὐ
2451 5666 2558 5734 γάρ
2589 5665 2644 5730 ἐξ
2671 5663 2834 5717 αὑτοῦ
2866 5663 3025 5731 ἡμεῖς
3056 5659 3201 5712 κατά
3242 5655 3424 5724 φύσιν,
3452 5652 3569 5706 ἀλλ’
3599 5653 3658 5702 ἐκ

2080 5728 2181 5826 .μὴ
2233 5728 2402 5812 ὁντυιν
2451 5728 2774 5827 γεγόναμεν.
2806 5728 2971 5809 Ὅθεν
3024 5750 3209 5820 ἐπειδὴ
3266 5745 3575 5806 παντέλειος
3630 5743 3658 5793 6
