4026 6274
284 323 390 384 757

1335 316 1743 382 EXPOSITIO
1775 316 1997 377 SACRI
2032 311 2382 377 SYMBOLI.

3410 303 3516 365 753

275 447 406 508 Θεὸς
458 444 648 512 Πατήρ
676 444 824 496 ἐστιν
849 439 937 494 ἀεὶ
963 436 1055 492 τοῦ
1088 435 1368 506 συμφυοῦς
1396 435 1544 505 αὐτῷ
1577 435 1671 487 καὶ
1701 434 1840 499 ζῶν-

1963 424 2134 480 Credo
2166 427 2219 479 :‘n
2243 439 2403 477 unum
2438 421 2602 476 Deum
2639 421 2872 476 Patrem.
2926 419 3340 487 Omnipotentem
3392 433 3520 470 vero

278 557 368 600 τος
397 537 729 604 συνανάρχου
763 533 938 600 Λόγου
966 532 1059 584 καὶ
1085 529 1178 582 τοῦ
1205 527 1468 591 ζωοποιοῦ
1501 526 1838 594 Πνεύματος.

278 629 474 690 Καλῶς
523 627 628 698 ἀρα
662 628 694 696 ἡ
733 624 1034 692 Ἐκκλησία
1083 623 1238 689 φησὶ,
1293 617 1575 672 Πιστεύω·
1618 619 1705 681 εις
1733 616 1845 669 ἕνα

279 722 428 774 Θεὸν
459 719 708 783 Πατέρα.
747 713 1203 780 Παντοκράτορα
1253 710 1330 776 δὲ,
1364 709 1452 763 διά
1481 709 1543 760 τδ
1566 708 1634 761 τὰ
1665 706 1844 760 πάντα

278 812 544 880 συνέχειν.
592 809 667 863 Οὖ
710 807 821 876 γὰρ
867 805 1002 875 τύχῃ
1033 803 1128 857 καὶ
1157 801 1390 871 γενέσει,
1437 799 1573 854 ἀλλά
1616 798 1845 870 προνοίᾳ

276 900 440 956 αὐτοῦ
471 901 650 952 πάντα
699 898 911 962 ἄγεται,
947 894 995 946 εί
1053 894 1146 946 καὶ
1181 891 1247 944 τὰ
1283 889 1385 960 μὲν
1407 888 1663 951 εὐδοκῶν,
1691 887 1760 941 τά
1786 886 1844 940 δὲ

269 990 582 1060 συγχωρῶν
629 987 892 1059 ἀρρήτοις
933 983 1245 1050 οἰκονομίας
1289 979 1532 1051 τρόποις,
1559 978 1749 1031 διοικεῖ
1784 992 1844 1029 τε

278 1080 376 1133 καὶ
423 1078 733 1147 προνοεῖται
769 1073 1180 1143 συμφερόντως.
1214 1071 1338 1123 Ἔτι
1386 1066 1845 1134 Παντοκράτορα

275 1169 448 1235 λέγει,
488 1169 568 1220 ὅτι
598 1167 774 1220 πάντα
818 1164 983 1218 αὐτοῦ
1017 1164 1112 1216 καὶ
1137 1162 1198 1226 ἐξ
1241 1161 1406 1215 αὐτοῦ
1434 1158 1846 1229 δημιουργικῶς

275 1257 354 1326 τῷ
384 1257 541 1326 Λόγῳ
570 1273 630 1309 τε
663 1257 756 1308 καὶ
806 1254 885 1324 τῷ
917 1253 1218 1321 Πνεύματι,
1247 1252 1322 1314 ὼς
1351 1253 1416 1304 ὲκ
1470 1251 1546 1320 μὴ
1577 1250 1746 1303 ὄντων
1778 1249 1847 1302 τά

277 1350 455 1403 πάντα
487 1347 867 1418 πεποιηκότος.
903 1346 1087 1400 Πάντα
1110 1345 1202 1398 οῦν
1223 1346 1526 1415 διακρατεῖ,
1555 1344 1644 1396 καὶ
1668 1343 1843 1405 καλῶς

276 1440 666 1511 διακυϐερνῶν,
694 1437 910 1506 συνέχει
935 1437 1007 1497 ὡς
1033 1436 1301 1506 βούλεται.
1328 1436 1420 1489 Διὸ
1455 1436 1542 1488 καὶ
1565 1435 1846 1503 ποιήματα

276 1533 472 1586 τούτου
505 1527 646 1588 εἶναι
669 1530 740 1584 τά
764 1527 943 1582 πάντα
973 1525 1034 1580 τὸ
1069 1527 1213 1598 ἱερόν
1256 1544 1390 1596 φησι
1428 1525 1727 1596 Σύμϐολον,
1761 1524 1844 1578 λέ·

277 1640 373 1690 γον
407 1622 572 1676 αὑτὸν

909 1774 959 1858 3'
997 1774 1121 1802 t'tw
1147 1774 1357 1799 νείκη-’ν
1403 1774 1458 1786 *ν
1481 1774 1582 1785 --νυ
1609 1774 1703 1784 *τσ-
1745 1774 1844 1782 --νπ
1873 1774 1919 1833 Β

949 1805 1196 1870 οράτων.

353 1896 427 1949 Τὸ
473 1895 572 1963 μὲν
610 1894 717 1949 ἀπὸ
759 1893 854 1946 τοῦ
899 1893 1178 1955 Μωῦσέως
1210 1892 1508 1962 λαμϐάνον,
1543 1891 1604 1943 τὸ
1631 1889 1690 1942 δὲ
1738 1888 1846 1942 ἀπὸ

279 1986 376 2041 τοῦ
411 1987 650 2040 Παύλου.
689 1984 950 2038 Ἐνταῦθα
984 1983 1039 2036 δὲ
1070 1985 1187 2052 ἅμα
1213 1984 1304 2036 xci.
1333 1984 1513 2036 πᾶσαν
1547 1981 1845 2035 ἀπωθεῖται

279 2076 470 2137 ἀθεῖας
495 2076 767 2131 ἐπίνοιαν.
786 2075 906 2128 Τῶν
938 2091 998 2128 τε
1028 2076 1138 2144 γὰρ
1166 2074 1336 2127 ἀΐδιον
1363 2071 1737 2141 ύπειληφότων
1752 2070 1845 2123 τὸν

279 2167 528 2235 οὐρανὸν,
554 2166 648 2220 καὶ
681 2166 788 2235 πρὸ
817 2165 1005 2220 τούτου
1034 2165 1132 2235 τὴν
1163 2163 1296 2234 ὕλην
1314 2163 1568 2233 ἄναρχον,
1588 2164 1679 2215 καὶ
1707 2161 1847 2223 ίδέας

279 2257 432 2319 τινὰς
463 2259 520 2309 ἐν
548 2257 668 2324 Θεῷ
692 2257 792 2326 τὴν
834 2257 1092 2309 ἀπόνοιαν
1133 2257 1424 2324 καταργεῖ,
1462 2253 1556 2306 καὶ
1593 2253 1700 2306 τῶν
1725 2252 1846 2304 Oeo-

281 2346 583 2400 ποιούντων
612 2346 669 2400 δὲ
704 2347 770 2399 τά
800 2345 976 2412 ἄστρα
1004 2346 1102 2415 τὴν
1146 2345 1376 2414 πλάνην,
1409 2345 1504 2396 καὶ
1534 2343 1614 2396 ἔτι
1643 2342 1752 2395 τῶν
1779 2342 1848 2394 τά

280 2439 413 2508 περὶ
437 2438 533 2506 τῆς
563 2437 688 2505 γῆς,
725 2438 818 2489 καὶ
847 2439 945 2507 τὴν
979 2439 1082 2504 γῆν
1104 2436 1292 2504 αὐτὴν,
1325 2439 1418 2489 καὶ
1446 2435 1514 2487 τὰ
1541 2434 1676 2487 ἀλλα
1705 2449 1850 2485 στοι-

281 2529 406 2596 χεῖα
465 2526 622 2588 θεοὺς
673 2525 1009 2595 νομιζόντων
1049 2524 1248 2588 ἀθέως,
1281 2524 1378 2576 καὶ
1418 2523 1545 2591 περὶ
1575 2522 1643 2576 τὰ
1687 2521 1851 2575 λοιπά

285 2618 561 2686 κτίσματα
606 2617 994 2686 πλανωμένων.
1031 2616 1206 2668 Μόνον
1239 2617 1347 2685 γὰρ
1387 2615 1494 2667 τῶν
1524 2615 1662 2667 ὅλων
1689 2629 1854 2684 ποιηι

281 2709 405 2778 τὴν,
432 2709 521 2761 τὸν
549 2708 681 2760 Θεόν
727 2724 892 2777 φησιν
922 2705 1174 2776 ούρανοῦ,
1227 2707 1321 2758 καὶ
1356 2705 1465 2758 τῶν
1505 2705 1564 2757 ὲν
1612 2703 1849 2775 οὐρανῷ,

284 2801 386 2868 γῆς
443 2799 536 2852 καὶ
565 2797 672 2852 τῶν
702 2799 758 2850 ὲν
794 2799 886 2867 γῇ,
922 2797 1135 2867 ὁρατῶν
1159 2814 1219 2850 τε
1273 2797 1510 2862 πάντων,
1549 2797 1710 2866 ἀέρος
1747 2813 1851 2866 (ΡΨ

287 2891 350 2958 μὶ
382 2891 474 2942 καὶ
505 2890 614 2942 τῶν
644 2891 702 2942 ἐν
733 2888 906 2958 αὐτῷ,
941 2887 1216 2957 θαλάσσης
1251 2905 1308 2940 τε
1341 2890 1434 2941 καὶ
1467 2887 1574 2940 τῶν
1599 2889 1657 2940 ὲν
1690 2887 1850 2954 αὐτῇ,

285 2980 457 3047 πυρὸς
490 2977 582 3030 καὶ
611 2977 720 3030 τῶν
747 2979 891 3030 κατά
923 2976 1086 3047 μέρος
1132 2977 1389 3029 ἁπάντων
1414 2993 1428 3009 ·
1458 2975 1598 3029 ἀλλά
1625 2977 1715 3028 καὶ
1741 2974 1853 3029 τῶν

282 3063 531 3133 ἀοράτων
579 3063 778 3130 αὐτῶν,
827 3064 1076 3131 ἀγγέλων
1129 3064 1224 3117 καὶ
1275 3064 1564 3134 δαιμόνων,
1614 3066 1708 3118 καὶ
1743 3065 1852 3117 τῶν

1957 529 2025 572 eo
2054 515 2198 586 quod
2229 516 2409 571 omnia
2438 514 2742 578 contineat;
2779 526 2899 581 quae
2925 526 3033 565 non
3062 511 3284 565 fortuito
3318 518 3369 562 et
3394 523 3521 575 pro-
3558 519 3566 526 '

1960 616 2080 676 pter
2114 607 2472 673 nativitatem,
2511 605 2606 661 sed
2659 603 2782 673 eius
2821 601 3166 657 Providentia
3222 610 3523 660 movemur,

1963 695 2092 749 licet
2125 695 2489 750 ineﬂabilibus
2514 695 2832 750 oeconomia:
2865 692 3168 746 rationibus
3199 692 3308 744 Itaac
3335 703 3526 757 appro-

1960 785 2073 851 bet,
2101 786 2190 840 illa
2220 787 2531 858 permittat;
2561 795 2866 856 opportune
2899 792 2955 839 et
2978 785 3242 853 gubernat
3269 791 3322 835 et
3346 780 3527 850 provi-

1959 876 2070 933 det.
2096 877 2287 932 Adbuc
2315 877 2754 942 Omnipotentem
2787 875 2948 939 dicit,
2977 875 3102 944 quia
3128 873 3312 928 omnia
3355 872 3528 940 ipsius

1961 973 2114 1032 sunt,
2143 975 2202 1020 et
2230 981 2294 1020 ex
2327 965 2444 1035 ipso
2476 965 2775 1020 conditoris
2803 965 3017 1019 actione
3061 980 3157 1034 per
3209 963 3442 1017 Verbum
3476 971 3530 1014 et

1963 1057 2222 1125 Spiritum
2251 1055 2472 1121 iactore,
2495 1063 2554 1110 ut
2570 1071 2601 1112 e
2621 1071 2728 1110 non
2748 1055 3131 1110 exsistentibus
3152 1061 3358 1108 starent
3380 1053 3536 1108 exsi—

1961 1149 2174 1202 stentia.
2207 1145 2402 1202 Omnia
2436 1163 2565 1216 ergo
2609 1147 2708 1200 sub
2741 1146 2966 1215 imperio
3003 1152 3186 1210 tenet,
3223 1154 3278 1197 et
3313 1144 3532 1213 optime

1959 1239 2291 1310 gubernans,
2323 1240 2569 1292 continet
2601 1246 2762 1308 prout
2790 1238 2938 1301 vult;
2975 1237 3097 1290 ideo
3125 1246 3178 1289 et
3202 1235 3322 1302 ejus
3356 1233 3532 1289 factu-

1961 1344 2076 1381 ram
2110 1342 2234 1381 esse
2263 1328 2445 1382 omnia
2478 1338 2727 1385 sanctum
2761 1329 2896 1384 dicit
2932 1327 3247 1399 Symbolum
3277 1363 3291 1390 ,
3330 1327 3528 1396 praedi-

1959 1434 2092 1479 cans
2119 1434 2241 1478 eum

1961 1721 2013 1778 Ε
2014 1729 2243 1777 actorem
2275 1719 2394 1775 caeli
2424 1727 2472 1774 et
2505 1715 2993 1786 terrarvisibilium
3025 1712 3258 1766 omnium
3293 1719 3341 1763 et
3387 1710 3521 1762 invi-

2611 1786 2863 1840 sibilium.

2034 1878 2168 1934 illud
2200 1892 2230 1932 e
2258 1877 2439 1947 Moyse
2472 1883 2686 1945 petens,
2717 1875 2821 1928 hoc
2851 1887 2881 1927 e
2903 1871 3088 1925 Paulo.
3127 1871 3184 1924 In
3223 1886 3331 1938 quo
3363 1869 3527 1924 simul

1963 1984 2016 2029 et
2054 1987 2268 2028 omnem
2299 1971 2590 2039 impietatis
2627 1968 2804 2037 rejicit
2841 1973 3078 2022 reatum.
3112 1965 3341 2018 istorum
3383 1962 3527 2016 enim

1962 2065 2053 2133 qui
2087 2073 2344 2117 :eternnm
2369 2061 2563 2116 cmlum
2600 2068 2788 2129 putant
2813 2069 2865 2114 et
2899 2066 3026 2111 ante
3056 2055 3186 2109 illud
3245 2055 3528 2108 materiam

1962 2151 2230 2221 principio
2260 2162 2556 2221 expertem,
2585 2160 2640 2205 et
2677 2151 2828 2204 ideas
2856 2149 3122 2216 quasdam
3155 2149 3206 2200 in
3242 2147 3349 2201 Deo
3387 2147 3528 2200 insa-

1962 2245 2106 2298 niam
2145 2243 2350 2313 abjieit,
2381 2253 2434 2298 et
2484 2259 2673 2298 eorum
2707 2243 2796 2312 qui
2840 2242 3065 2296 deorum
3112 2255 3338 2293 numero
3383 2249 3533 2293 astra

1958 2333 2242 2388 ascribunt
2289 2334 2708 2397 abcrrationem,
2741 2332 2917 2386 adhuc
2945 2338 2996 2383 et
3023 2330 3250 2383 istorum
3277 2330 3367 2398 qui
3400 2330 3534 2384 deos

1942 2424 2104 2496 quod
2153 2433 2240 2478 est
2284 2438 2454 2491 super
2504 2432 2722 2487 terram,
2753 2431 2956 2476 terram
2987 2423 3160 2490 ipsam
3193 2430 3247 2475 et
3279 2421 3382 2474 alia
3414 2421 3531 2475 cle-

1960 2525 2137 2569 menta
2171 2517 2455 2569 atlteorttm
2489 2529 2636 2567 more
2666 2514 3023 2577 arbitrantur,
3052 2524 3105 2566 et
3135 2515 3276 2569 circa
3311 2522 3532 2567 creatu-

1962 2621 2052 2660 ras
2079 2607 2316 2675 reliquas
2344 2617 2548 2661 errant.
2575 2604 2759 2660 Solum
2787 2606 2930 2659 enim
2959 2604 3336 2659 universorum
3365 2604 3533 2658 facto-

1963 2712 2074 2751 rem
2105 2697 2273 2751 Dettm
2304 2697 2457 2761 dicit,
2482 2695 2603 2751 εαξη
2637 2705 2690 2749 et
2719 2710 2909 2750 eorum
2943 2709 3065 2764 qua:
3097 2694 3149 2748 in
3184 2695 3342 2758 uelo,
3376 2704 3532 2747 terru-

1959 2796 2015 2844 et
2066 2805 2253 2843 eorum
2299 2803 2417 2857 qua:
2455 2788 2510 2850 in
2579 2797 2762 2851 terra;
2806 2797 2861 2841 et
2902 2786 3200 2839 visibilium
3247 2786 3489 2838 omnium
3516 2826 3532 2848 ,

1960 2894 2141 2934 aerem
2167 2878 2287 2933 dico
2317 2889 2370 2932 et
2396 2894 2518 2949 quae
2541 2878 2594 2932 in
2617 2893 2704 2941 eo,
2726 2893 2875 2933 mare
2904 2889 2954 2933 et
2980 2893 3098 2948 quae
3133 2877 3183 2930 in
3213 2892 3296 2938 eo.
3326 2877 3532 2946 ignem.

1959 2979 2015 3026 et
2045 2971 2224 3025 omnia
2254 2971 2409 3040 juxta
2440 2985 2632 3039 genus.
2663 2969 2768 3025 Sed
2802 2980 2854 3025 et
2880 2970 3256 3035 invisibilium,
3308 2971 3532 3037 angelo-

1965 3077 2110 3130 rum,
2142 3063 2447 3118 dmmonum
2482 3073 2536 3118 et
2568 3063 2771 3134 pariter
2809 3063 3168 3116 humanarum
3201 3062 3537 3123 animarum,

281 3151 636 3220 ἀνθρωπίνων
666 3152 746 3204 ἔτι
786 3152 994 3222 ψυχῶν.
1038 3151 1223 3206 Ταῦτα
1270 3155 1378 3223 γὰρ
1426 3155 1850 3224 προηγουμένως

1963 3152 2080 3209 haec
2131 3156 2273 3210 enim
2313 3151 2702 3234 principaliter
2739 3153 2896 3209 nobis
2931 3153 3143 3222 cognita
3199 3151 3487 3205 invisibilia
3514 3193 3526 3208 .

283 3245 605 3312 ἐγνωσμένα
639 3246 773 3314 ἡμῖν
811 3247 1043 3316 ἀόρατα,
1069 3246 1166 3299 καὶ
1202 3246 1406 3300 τούτων
1457 3246 1726 3317 κηρύσσει
1763 3246 1854 3317 δη-

285 3334 550 3403 μιουργὸν
578 3334 668 3388 τὸν
699 3335 831 3388 Θεόν
857 3352 871 3366 ·
903 3337 995 3388 καὶ
1027 3338 1103 3399 ὡς
1140 3337 1355 3406 ἀληθῶς
1381 3337 1472 3391 καὶ
1499 3338 1726 3401 δικαίως
1756 3337 1851 3408 δη-

287 3427 550 3495 μιουργὸν
596 3427 690 3479 καὶ
734 3427 843 3481 τῶν
879 3427 1126 3497 ἀοράτων
1163 3430 1255 3481 τὸν
1289 3429 1420 3482 Θεὸν
1450 3431 1848 3501 ἐπιμαρτυρεῖ·

282 3518 366 3568 ὅτι
393 3518 487 3570 κοιλ⁵
515 3517 652 3584 ἐστι,
697 3519 790 3570 καὶ
830 3519 981 3572 οὐδὲν
1006 3519 1114 3573 τῶν
1140 3521 1462 3588 γεγονότων,
1497 3520 1636 3591 πλὴν
1653 3520 1817 3574 αὑτοῦ
1836 3537 1850 3552 ·

284 3611 380 3662 καὶ
429 3609 509 3662 ἔτι
557 3611 834 3676 συνετίζον
883 3613 1051 3682 ἡμᾶς,
1114 3610 1203 3664 ἵνα
1262 3612 1336 3681 μὴ
1366 3613 1729 3682 πλανηθῶμεν
1778 3615 1852 3677 ῶς

285 3703 675 3774 προαιρετικὴν
705 3702 881 3774 ψυχὴν
902 3703 1133 3774 ἔχοντες,
1169 3705 1265 3756 καὶ
1298 3704 1435 3775 ὑπὲρ
1474 3707 1621 3774 ἡμᾶς
1648 3725 1698 3759 τι
1721 3723 1852 3774 φρο-

284 3793 561 3861 νήσωμεν,
587 3793 732 3846 καθά
761 3793 1067 3848 πεπόνθασι
1100 3795 1211 3848 τῶν
1241 3797 1518 3849 ἀσυνέτων
1571 3797 1780 3862 πολλοὶ,
1815 3795 1850 3866 ἢ

284 3883 581 3952 δαιμονίων
611 3886 957 3951 φαντασίαις,
1003 3885 1040 3956 ἢ
1074 3887 1308 3948 πλάναις
1345 3887 1506 3950 ἰδίαις
1541 3886 1635 3940 τοῦ
1682 3889 1852 3956 καθή-

287 3991 476 4037 κοντος
515 3975 990 4044 ἀποπλανηθέντες
1014 3989 1029 4004 ⁶
1062 3976 1220 4029 τοῦτο
1257 3977 1362 4046 γὰρ
1400 3978 1552 4046 φίλον
1590 3975 1702 4042 τοῖς
1741 3979 1852 4032 δαί-

288 4079 438 4133 μοσι,
491 4064 825 4133 πανούργοις
860 4064 1202 4131 φαντασίαις,
1255 4066 1528 4150 ὑποσηλᾷν
1573 4068 1666 4119 καὶ
1719 4068 1892 4119 ὑπο--

286 4152 529 4224 φθείρειν
554 4155 662 4207 τῶν
710 4155 1008 4222 ἀλογίστων
1045 4154 1272 4216 πολλούς
1294 4172 1310 4188 ν
1346 4157 1480 4208 ἀλλά
1523 4156 1619 4210 καὶ
1661 4158 1745 4209 ἵνα
1782 4160 1854 4228 μή

287 4261 418 4297 ποτε
443 4247 542 4308 τὰς
573 4245 871 4314 ἀγγελιγὰς
905 4251 998 4299 καὶ
1033 4248 1290 4316 ὑπεράνω
1329 4248 1584 4318 δυνάμεις
1607 4247 1680 4311 ὡς
1705 4249 1857 4310 θεοὺς

285 4335 662 4406 λογισώμεθα,
715 4337 874 4390 τεῦτο
923 4339 1164 4406 τίθησιν.
1202 4340 1260 4390 Ei
1313 4340 1420 4409 γὰρ
1446 4342 1541 4392 καὶ
1568 4341 1699 4410 περὶ
1726 4340 1857 4394 Θεὸν

288 4421 468 4494 αὗται,
504 4429 598 4482 καὶ
653 4429 1082 4499 πεπληρωμέναι
1139 4431 1318 4500 δόξης,
1363 4433 1457 4484 καὶ
1504 4430 1649 4485 θείου
1685 4434 1856 4486 πᾶσαι

288 4519 488 4588 φωτὸς,
519 4518 636 4573 ἀλλ’
674 4521 822 4589 ὅμως
849 4521 1123 4588 κτίσματα
1156 4525 1249 4576 καὶ
1281 4522 1476 4586 ἐνδεεῖς
1500 4523 1610 4576 τῶν
1647 4524 1854 4577 ὲκείοεν

288 4613 758 4682 ἀπαυγασμάτων,
791 4614 887 4666 καὶ
930 4613 1192 4666 λαϐοῦσαι
1243 4615 1369 4667 ὅσον
1420 4615 1729 4684 εἰλήφασιν,
1773 4614 1852 4667 ἔτι

287 4701 382 4754 καὶ
411 4701 601 4772 χρείαν
635 4700 817 4770 έχουσι
875 4702 1175 4770 μειζόνωνο
1208 4703 1302 4756 καὶ
1349 4703 1410 4755 τὸ
1459 4703 1666 4756 τέλειον
1706 4703 1855 4756 οὐδέ-

288 4811 417 4846 ποτε
445 4794 729 4864 λήψονται,
770 4795 845 4865 μὴ
876 4794 1154 4866 χωροῦσαι
1199 4795 1319 4848 ὅλον
1347 4796 1408 4848 τὺ
1441 4795 1534 4850 τοῦ
1565 4796 1851 4862 ἀκτίστου,

287 4887 520 4948 κτισταὶ,
553 4885 630 4949 ὡς
687 4885 922 4956 εἴρηται,
956 4885 1116 4942 οὖσαι
1153 4887 1381 4954 ἄπειρον
1402 4888 1545 4956 γὰρ,
1587 4887 1703 4941 ἀλλ’
1732 4889 1855 4941 ὅσον

287 4977 543 5031 δύνανται
574 4980 798 5048 χωρεῖν,
832 4976 1098 5042 ἐλλειπεῖς
1141 4978 1228 5031 ἀεὶ
1270 4975 1446 5033 οὖσαι.
1483 4979 1646 5042 Τέλος
1674 4978 1730 5030 δὲ
1759 4979 1854 5031 καὶ

288 5068 603 5132 παντέλειος
635 5068 796 5136 μόνος
833 5071 861 5122 ὁ
889 5070 1184 5140 τριαδικῶς
1227 5070 1567 5140 ὑμνούμενος
1595 5069 1726 5142 παρ’
1757 5070 1852 5125 αύ-

287 5159 397 5212 τῶν
426 5160 579 5221 Θεός.
607 5160 763 5212 Ἔστι
793 5160 850 5212 δὲ
885 5162 982 5212 καὶ
1010 5159 1150 5214 ἄλλα
1180 5150 1416 5214 πλεῖστα
1446 5161 1554 5214 τῶν
1583 5162 1854 5232 ἀοράτων,

286 5246 360 5303 ὧν
396 5253 488 5304 καὶ
517 5253 585 5304 τὰ
612 5252 853 5320 ὀνόματα
882 5253 940 5304 ὲν
982 5251 1059 5321 τῷ
1097 5253 1346 5322 μέλλοντι
1374 5253 1535 5306 αίῶνι
1576 5253 1854 5308 ἀποκαλύ-

290 5343 522 5396 πτεσθαι
553 5342 715 5412 295
743 5344 1167 5413 μεμαθήκαμεν.
1206 5345 1398 5414 Ὅμως
1414 5347 1471 5398 δὲ
1495 5346 1698 5399 τούτων
1722 5345 1856 5400 πάν-

287 5451 398 5486 των
425 5434 673 5502 ἀοράτων
687 5449 745 5486 τε
768 5433 883 5504 ἅμα
902 5436 997 5487 καὶ
1013 5435 1224 5503 ὁρατῶν
1253 5437 1475 5505 ποιητὴν
1508 5437 1854 5506 ἡἘκκλησία

288 5527 380 5577 τὸν
410 5523 543 5576 Θεὸν
579 5527 869 5594 μαρτυρεῖ,
901 5525 996 5578 τὸν
1027 5527 1244 5596 Πατέρα
1283 5527 1376 5580 τοῦ
1413 5527 1614 5591 ζῶντος
1657 5531 1852 5595 Λόγου,

289 5621 383 5671 τὸν
434 5617 751 5686 ἀγέννητον,
785 5615 876 5668 τὸν
939 5618 1202 5684 ἀναίτιον,
1237 5621 1328 5672 τὸν
1360 5620 1721 5691 προάναρχον,
1764 5622 1853 5673 τον

292 5708 677 5769 ἀτελεύτητον,
709 5705 799 5761 τὸν
848 5708 1087 5776 miti-ww,
1124 5710 1213 5764 τὸν
1254 5710 1592 5776 πανταίτιον,
1648 5712 1734 5765 τὸν
1769 5711 1856 5767 ἀεὶ

1884 4480 1935 4540 D

1962 3261 2194 3316 quorum
2245 3247 2588 3301 conditorem
2632 3247 2928 3315 proclamat
2971 3244 3162 3304 Deum,
3193 3249 3248 3296 et
3300 3255 3423 3294 vere
3468 3254 3534 3291 ac

1959 3338 2107 3407 juste
2139 3338 2300 3391 etiam
2330 3338 2682 3392 invisibilium
2707 3336 3047 3391 conditorem
3077 3333 3245 3386 Deum
3279 3338 3529 3389 testatur,

1962 3430 2053 3498 qui
2089 3437 2172 3484 est
2200 3437 2254 3483 et
2285 3429 2406 3484 sine
2437 3429 2556 3498 ipso
2586 3429 2718 3482 nihil
2757 3429 2957 3482 factum
2995 3434 3098 3480 est.
3131 3425 3191 3477 Et
3224 3423 3403 3476 adhuc
3436 3437 3534 3475 nos

1962 3520 2118 3574 docet
2147 3536 2214 3574 ne
2243 3521 2396 3589 quasi
2421 3533 2557 3575 vane
2588 3517 3008 3588 distinguentem
3043 3515 3285 3568 animum
3322 3513 3526 3566 haben-

1963 3619 2044 3664 tes
2068 3624 2312 3663 erremus
2339 3619 2391 3662 et
2420 3623 2583 3677 supra
2608 3607 2826 3662 modum
2861 3605 3289 3674 cogitationibus
3324 3602 3532 3657 nostris

1962 3699 2290 3753 extollamur
2331 3707 2490 3767 prout
2513 3697 2693 3753 aﬂ'ecti
2721 3705 2852 3751 stmt
2884 3696 3258 3764 imprudentes
3288 3695 3531 3764 plurimi,

1963 3799 2054 3844 aut
2081 3791 2384 3843 daemonum
2421 3787 2720 3858 phantasiis
2752 3796 2846 3840 aut
2878 3786 3115 3857 propriis
3153 3785 3534 3839 deliramentis

1963 3896 1993 3935 a
2023 3889 2170 3935 recto
2203 3879 2585 3944 deﬂectentes;
2614 3878 2918 3933 (laetuonum
2938 3876 3140 3946 quippe
3166 3891 3283 3929 mos
3306 3884 3390 3930 est
3412 3877 3536 3945 qui-

1966 3970 2200 4026 buslibet
2228 3971 2528 4039 pltantasiis
2558 3972 2738 4040 plures
2777 3968 3064 4038 subripere
3098 3977 3152 4022 et
3179 3983 3536 4036 corrumpere

1966 4061 2199 4130 ineptos.
2237 4060 2341 4116 Sed
2366 4063 2526 4116 etiam
2563 4077 2630 4116 ne
2654 4061 2793 4116 forte
2824 4061 3098 4130 angeiicas
3134 4068 3189 4114 et
3219 4061 3534 4128 superiores

1965 4161 2260 4218 potestates
2288 4153 2418 4207 deos
2443 4153 2787 4216 arbitremur,
2822 4153 2936 4206 hac
2970 4152 3130 4206 verba
3161 4151 3375 4206 edatur.
3405 4152 3538 4217 Quae

1966 4244 2009 4297 si
2043 4244 2185 4298 circa
2221 4249 2386 4297 Deum
2418 4245 2570 4313 ipsae,
2605 4245 2779 4314 gloria
2804 4243 3014 4299 refertae
3036 4256 3090 4298 et
3113 4244 3298 4299 divino
3328 4245 3536 4298 redun-

1969 4338 2157 4390 dantes
2193 4336 2412 4400 lumine,
2450 4337 2804 4392 nibilominus
2839 4346 3109 4393 creaturae
3151 4347 3204 4392 et
3244 4339 3540 4407 splendore

1967 4441 1994 4479 a
2027 4428 2135 4481 Deo
2172 4429 2472 4498 indigentes
2503 4444 2530 4482 a
2561 4445 2669 4500 quo
2695 4439 3030 4500 acceperunt
3081 4446 3203 4498 quae
3237 4430 3443 4483 habent
3487 4440 3538 4484 et

1967 4519 2270 4588 majoribus
2305 4520 2498 4575 borum
2527 4521 2704 4575 adhuc
2734 4536 2870 4590 opus
2895 4520 3120 4583 habent,
3145 4529 3199 4574 et
3227 4520 3536 4590 perfectum

1968 4628 2246 4682 nunquam
2298 4613 2603 4683 attingent,
2641 4612 2868 4667 increati
2907 4612 3297 4681 plenitudinem
3333 4626 3532 4680 capere

1969 4720 2074 4760 non
2103 4705 2364 4769 valentes,
2399 4712 2584 4774 utpote
2614 4712 2877 4760 creaturae
2907 4703 3050 4763 sicut
3079 4702 3284 4756 dictum
3309 4713 3412 4764 ρει,
3439 4701 3539 4752 im-

1969 4797 2228 4866 possibile
2258 4803 2341 4850 est
2367 4796 2510 4849 enim
2542 4813 2557 4861 ;
2624 4795 2718 4848 sed
2762 4793 3162 4864 quantumlibet
3193 4807 3389 4860 capere
3417 4805 3540 4860 pos-

1968 4888 2100 4953 sint,
2133 4902 2352 4956 semper
2386 4887 2464 4941 eis
2494 4887 2700 4955 aliquid
2735 4885 2910 4940 deest.
2952 4885 3233 4940 Perfectus
3275 4893 3458 4937 autem
3488 4893 3542 4937 et

1967 4980 2194 5034 omnino
2227 4977 2500 5048 perfectus
2523 4979 2670 5032 solus
2705 4986 2786 5031 ter
2817 4977 2884 5031 ab
2921 4977 3000 5031 eis
3028 4976 3334 5030 celebratus
3371 4975 3533 5027 Deus.

1967 5071 2108 5125 Sunt
2137 5079 2190 5125 et
2216 5071 2320 5126 alia
2352 5071 2704 5127 invisibilium
2739 5071 2997 5138 pleraque
3039 5083 3268 5136 quorum
3318 5067 3535 5120 nomina

1969 5165 2024 5218 in
2048 5173 2277 5219 venturo
2311 5166 2509 5218 saeculo
2538 5161 2762 5216 revelari
2790 5160 3114 5215 audivimus.
3145 5157 3406 5210 Similiter
3443 5157 3545 5208 lio-

1971 5272 2088 5312 rum
2132 5258 2376 5312 omnium
2415 5254 2764 5309 invisibilium
2797 5254 3000 5323 pariter
3026 5261 3080 5306 et
3123 5248 3418 5303 visibilium
3453 5247 3537 5299 fa-

1973 5357 2176 5402 ctorem
2213 5347 2450 5402 Ecclesia
2483 5335 2653 5400 Deum
2685 5354 2936 5404 testatur,
2983 5341 3217 5394 viventis
3248 5338 3406 5392 Verbi
3441 5339 3540 5390 Pa-

1971 5450 2108 5495 trem
2163 5440 2485 5508 iugenitum,
2516 5438 2720 5505 absque
2777 5449 2966 5497 causa,
3010 5431 3187 5491 initio,
3227 5429 3347 5493 iine,
3382 5437 3541 5480 teter-

1973 5549 2122 5593 num,
2159 5533 2401 5586 omnium
2434 5544 2676 5591 causam,
2707 5525 2798 5595 qui
2833 5538 3054 5592 semper
3083 5529 3185 5581 est,
3220 5521 3311 5589 qui
3348 5531 3541 5572 natura

1971 5623 2120 5682 solus
2152 5623 2348 5676 bonus.
2377 5622 2416 5675 E
2444 5619 2626 5688 seipso
2655 5628 2780 5669 ante
2806 5628 2968 5666 onme
2991 5610 3250 5665 saeculum
3281 5618 3333 5661 ct
3356 5608 3544 5660 ineﬂ‘a-

1975 5717 2178 5780 biiiter,
2210 5714 2328 5770 sine
2362 5713 2588 5770 materia
2621 5719 2978 5778 corporeque,
3023 5712 3077 5760 et
3110 5701 3317 5771 absque
3369 5699 3544 5753 ani-.ni
