4068 6280
479 265 591 325 759

1288 261 1678 326 SYMEONIS
1707 263 2463 327 THESSALONICENSIS
2499 262 2856 326 ARCHIEP.

3584 245 3692 313 760

473 381 845 437 commotione
901 380 1145 450 ejusdem
1204 387 1414 433 naturae
1463 375 1926 432 consubstantiale
1983 382 2075 436 et,

2159 373 2290 434 ἱντα,
2315 371 2404 421 τὸν
2434 369 2594 436 φύσει
2624 368 2786 438 μόνον
2813 363 3034 436 ἀγαθὸν,
3065 354 3155 420 τόν
3183 365 3242 432 ἑξ
3273 365 3438 420 αὐτοῦ
3464 384 3704 438 προαιω-

482 472 819 527 indivisibile
847 487 1003 527 suum
1046 478 1267 542 general
1299 480 1354 524 et
1379 468 1618 524 Verbum
1639 507 1657 533 ,
1701 466 2038 535 unigenitum

483 561 702 629 Filium,
722 564 902 618 lumen
930 578 1141 624 verum,
1171 563 1345 617 vivam
1379 561 1717 630 Sapientiam
1751 573 1846 628 per
1877 572 2042 627 quam

468 659 669 706 cuncta
701 652 754 705 in
786 663 978 708 saneto
1002 652 1128 708 fecit
1158 651 1381 722 Spiritu.
1407 651 1522 708 Hoc
1547 664 1676 708 vero
1697 647 1933 705 Verbum
1963 648 2042 704 sic

478 753 686 800 testans
715 745 782 802 de
808 744 916 801 Deo
955 747 1136 807 docet,

484 1055 554 1110 Et
581 1056 635 1109 in
673 1071 831 1109 unum
864 1054 1146 1110 Dominum
1197 1054 1379 1108 Jesum
1417 1053 1687 1107 Christum
1721 1053 1920 1106 Filium
1954 1050 2047 1103 Det

1086 1125 1444 1194 unigenitum.

554 1239 668 1293 Non
694 1255 723 1292 a
753 1238 934 1307 seipso
953 1236 1084 1290 illud
1104 1236 1260 1291 docet
1305 1233 1574 1298 Ecclesia,
1608 1235 1700 1288 sed
1739 1232 1904 1287 Paulo
1929 1249 2047 1285 ma-

484 1330 654 1398 gistro
678 1330 953 1400 gaudens:
980 1328 1136 1382 nobis
1180 1327 1321 1381 enim
1347 1369 1362 1392 ,
1394 1326 1500 1386 ait,
1538 1341 1678 1380 unus
1719 1325 1862 1379 Deus
1893 1324 2052 1378 Pater

485 1439 515 1474 ο
545 1436 654 1490 quo
682 1421 863 1474 omnia
892 1433 946 1473 et
982 1433 1128 1473 unus
1171 1418 1434 1472 Dominus
1465 1417 1624 1472 Jesus
1681 1416 1929 1470 Christus
1961 1430 2053 1483 per

490 1529 648 1582 quem
680 1512 885 1572 omnia,
911 1510 1212 1564 divinitatis
1238 1518 1291 1563 et
1319 1508 1545 1564 dominii
1593 1507 1649 1562 in
1687 1522 1855 1560 unum
1891 1505 2050 1560 redu-

486 1619 614 1658 cens
634 1618 854 1658 nomen.
876 1601 1008 1655 Nam
1029 1602 1202 1670 primo
1224 1601 1437 1669 quidem
1458 1601 1533 1655 ait
1562 1615 1576 1653 :
1613 1599 1780 1654 Credo
1807 1599 1860 1651 in
1888 1614 2051 1651 unum

487 1695 653 1748 Deum
689 1693 927 1757 Patrem,
948 1709 1054 1747 non
1089 1693 1315 1756 multos,
1346 1692 1437 1746 sed
1459 1707 1623 1745 unum
1654 1691 1839 1744 dicens
1861 1689 2048 1744 Deum.

485 1798 539 1840 ιιι
561 1788 704 1840 hunc
729 1787 965 1847 Patrem,
999 1781 1198 1851 cujus?
1232 1799 1339 1838 non
1376 1793 1751 1837 creaturarum
1781 1790 2050 1846 nostrum,

486 1887 542 1931 nt
571 1877 1004 1931 demonstratum
1039 1885 1143 1940 est,
1181 1890 1287 1928 non
1323 1874 1467 1928 enim
1498 1883 1688 1926 natura
1728 1889 1829 1928 nos
1867 1874 2049 1940 ezbeo,

487 1969 693 2022 factura
727 1968 820 2037 qui
849 1982 1057 2026 sumus.
1112 1967 1207 2021 sed
1237 1967 1454 2020 Patrem
1501 1965 1788 2031 luminum,
1826 1966 1965 2018 sicut
1995 1963 2052 2018 S.

488 2059 733 2113 .lacobus
757 2056 971 2120 scribit,
1004 2056 1126 2109 Filii
1158 2056 1364 2110 scilicet
1391 2065 1444 2110 et
1483 2055 1735 2122 Spiritus,
1767 2055 1910 2109 illius
1935 2055 2055 2108 sine

488 2164 730 2217 tempore
771 2150 840 2202 ab
870 2148 991 2218 ipso
1031 2147 1216 2215 geniti,
1249 2146 1411 2216 hujus
1440 2146 1806 2214 procedentis.
1843 2145 2051 2200 idcirco

484 2253 539 2296 ιιι
575 2243 741 2296 Deum
774 2242 964 2298 dicens
1011 2241 1226 2295 Patrem
1271 2248 1327 2295 et
1387 2240 1670 2294 Dominum
1708 2240 1884 2310 ipsum
1926 2255 2051 2294 cum

485 2334 768 2404 Scriptura
831 2340 1011 2386 vocat.
1056 2331 1122 2386 Et
1161 2329 1357 2384 Filium
1407 2344 1611 2386 vocans
1669 2331 1956 2386 Dominum
2005 2341 2060 2386 et

485 2427 653 2480 Deum
678 2424 856 2494 ipsum
890 2423 1030 2478 sicut
1061 2420 1342 2491 Scriptura
1373 2429 1622 2476 testatur.
1651 2420 1718 2476 Et
1749 2423 1889 2478 Deus
1935 2437 2057 2478 cum

485 2518 558 2571 sit
589 2516 756 2569 Pater
783 2522 948 2584 atque
970 2512 1233 2567 Dominus
1259 2521 1604 2582 creatorque,
1623 2522 1675 2566 et
1700 2511 1873 2567 Filius
1905 2513 2058 2567 simi-

488 2609 612 2662 liter
647 2617 702 2660 et
743 2604 983 2674 Spiritus
1035 2613 1290 2660 sanctus.
1339 2603 1406 2656 Et
1436 2617 1578 2658 unus
1608 2602 1750 2659 Dens
1784 2603 1945 2658 Pater
1977 2610 2060 2658 est

483 2697 807 2771 cusz'erbo
829 2706 884 2752 et
904 2695 1133 2766 Spiritu,
1153 2705 1207 2751 et
1230 2694 1470 2750 omnimn
1494 2695 1757 2750 Dominus
1797 2705 1854 2750 et
1880 2696 2061 2750 omnis

482 2791 775 2846 creationis
809 2791 1080 2845 conditor.
1118 2789 1274 2854 Quod
1299 2787 1466 2842 David
1491 2786 1792 2854 allirmans,
1831 2807 1850 2840 ι
1879 2786 2060 2842 Verbo

487 2883 723 2947 Domini,
775 2883 975 2949 inquit,
1008 2879 1132 2936 coeli
1171 2879 1373 2935 ﬁrmati
1425 2888 1574 2944 sunt,
1612 2887 1665 2934 et
1711 2880 1903 2950 spiritu
1948 2882 2060 2936 oris

484 2975 602 3038 ejus
645 2973 822 3027 omnis
855 2971 1028 3025 virtus
1064 2985 1278 3036 eorum,
1311 2989 1329 3023 ι
1395 2981 1449 3026 et
1493 2961 1827 3040 quaecunque
1855 2972 1957 3026 alia
1995 2972 2063 3028 de

2074 1735 2123 1794 B

2139 466 2268 525 νίως
2304 461 2398 514 καὶ
2419 461 2741 531 ἀρῤεύστως
2777 459 2872 512 καὶ
2907 457 3109 520 ἀΰλως,
3133 461 3227 513 καὶ
3249 459 3578 528 ἀσωμάτως,
3611 462 3706 513 καὶ

2139 552 2365 615 ἀπαθῶς
2409 550 2500 604 τὸν
2537 549 2758 620 συμφυῆ
2787 547 2884 600 καὶ
2927 547 3213 618 ὁμοούσιον
3255 549 3351 602 καὶ
3405 548 3709 619 ἀδιαίρετον

2141 643 2309 701 αὑτοῦ
2362 643 2699 712 γεννήσαντα
2761 639 2954 706 Λόγον,
2991 640 3082 692 τὸν
3145 637 3414 709 μονογενῆ
3465 638 3618 703 Υἱὸν,
3650 641 3709 692 τὸ

2143 739 2260 809 φῶς
2290 738 2351 791 τὸ
2373 735 2646 806 ἀληθινὸν,
2670 736 2769 804 τὴν
2799 733 2981 796 ζῶσαν
3011 733 3238 800 Σοφίαν,
3261 733 3326 785 δι’
3348 728 3413 803 ἦς
3443 733 3510 785 τὰ
3534 734 3712 787 πάντα

2142 835 2201 884 ὲν
2236 830 2376 900 ἁγιῳ
2431 829 2653 897 ἐποίησε
2706 825 3008 894 Πνεύματι.
3048 824 3251 878 Τοῦτον
3295 823 3352 877 δὲ
3391 825 3481 878 τὸν
3533 825 3713 894 Λόγον

2142 923 2314 983 οὕτως
2346 917 2800 990 ὲπιμαρτυροῦσα
2829 915 3072 982 θεολογεῖ
3095 953 3111 979 ,

2149 1061 2252 1113 Καὶ
2289 1059 2376 1122 εὶς
2428 1055 2536 1110 ἕνα
2586 1053 2805 1122 Κύριον
2848 1049 3095 1116 Ἰησοῦν
3121 1048 3384 1122 Χριστὸν
3409 1047 3518 1102 τὸν
3576 1048 3720 1102 Υιὸν

2430 1161 2436 1164 -
2531 1122 2636 1178 τοῦ
2667 1117 2816 1176 Θεοῦ
2845 1122 2954 1174 τὸν
2983 1117 3310 1188 μονογενῆ.

2217 1242 2330 1295 Οὐκ
2351 1239 2443 1306 ἀφ’
2475 1237 2672 1299 ἑαυτῆς
2725 1235 3008 1300 φάσκουσα
3057 1232 3232 1296 τοῦτο,
3270 1232 3361 1284 τὸν
3412 1231 3628 1284 Παῦλον
3660 1231 3719 1284 δὲ

2147 1330 2452 1384 πλουτοῦσα
2479 1326 2821 1380 διδάσκαλον.
2861 1323 3023 1392 Ἡμῖν
3074 1323 3205 1391 γὰρ,
3243 1321 3427 1388 φησὶν,
3476 1314 3558 1382 εἷς
3585 1321 3720 1383 Θεὸς

2149 1423 2178 1472 6
2211 1417 2415 1486 Πατὴρ,
2447 1415 2503 1479 ἐξ
2543 1409 2603 1468 οὗ
2637 1414 2706 1467 τὰ
2759 1412 2960 1474 πάντα,
2987 1411 3080 1463 καὶ
3136 1403 3216 1471 εἷς
3267 1409 3468 1476 Κύριος
3509 1407 3718 1478 Ἰησοῦς

2153 1509 2410 1578 Χριστὸς,
2445 1507 2512 1559 δι’
2542 1499 2604 1558 οὗ
2632 1505 2700 1558 τὰ
2735 1503 2913 1556 πάντα
2965 1500 3026 1553 τὸ
3077 1501 3177 1563 τῆς
3210 1499 3464 1569 θεότητος
3496 1499 3591 1550 καὶ
3625 1515 3722 1550 κυ-

2153 1607 2398 1676 ριότητος
2422 1602 2502 1662 εἰς
2531 1597 2589 1651 ἓν
2620 1597 2931 1664 συνάγουσα
2958 1593 3148 1660 ὄνομα.
3184 1591 3458 1659 Πρότερον
3484 1590 3584 1658 μὲν
3607 1591 3717 1658 γὰρ

2153 1699 2279 1767 ἔφη,
2313 1693 2580 1748 Πιστεύω
2611 1692 2699 1754 εὶς
2731 1689 2840 1743 ἕνα
2868 1684 3015 1741 Θεὸν
3055 1684 3288 1752 Πατέρα
3312 1701 3326 1716 ·
3361 1684 3422 1736 οὐ
3468 1683 3719 1745 πολλοὺς,

2152 1789 2267 1842 ἀλλ’
2295 1787 2388 1840 ἕνα
2424 1784 2660 1850 λέγουσα
2706 1778 2861 1843 Θεὸν,
2889 1777 2983 1829 καὶ
3022 1774 3210 1826 τοῦτον
3251 1773 3489 1842 Πατέρα,
3537 1773 3717 1838 τίνο;;

2152 1883 2214 1937 οὐ
2241 1880 2348 1934 τῶν
2374 1877 2692 1946 κτισμάτων
2727 1870 2899 1940 ἡμῶν,
2924 1868 2999 1932 ὡς
3026 1865 3318 1933 δεδήλωται
3347 1881 3360 1895 ·
3391 1865 3452 1917 οὐ
3484 1863 3594 1935 γὰρ
3619 1865 3724 1931 φύ-

2155 1988 2240 2026 σει
2265 1970 2422 2038 ἡμεῖς
2452 1968 2515 2019 ἐκ
2539 1963 2696 2027 Θεοῦ,
2716 1961 2998 2028 ποιήματα
3021 1956 3130 2024 γάρ
3157 1970 3171 1984 ⁸
3205 1951 3342 2006 ἀλλὰ
3365 1953 3580 2022 Πατέρα
3610 1954 3723 2006 τῶν

2155 2066 2369 2133 φώτων,
2397 2059 2472 2121 ὡς
2500 2059 2527 2109 6
2555 2053 2904 2123 Ἀδελφόθεος
2931 2050 3158 2120 γράφει,
3193 2046 3288 2099 τοῦ
3319 2047 3494 2112 Λόγου
3519 2043 3724 2114 δηλαδὴ

2155 2155 2252 2210 καὶ
2277 2152 2370 2206 τοῦ
2398 2149 2730 2218 Πνεῦματος,
2763 2145 2856 2197 τοῦ
2885 2143 2985 2212 μὲν
3016 2141 3258 2210 ἀχρόνως
3301 2138 3361 2202 ἐξ
3401 2137 3564 2190 αὐτοῦ
3595 2154 3724 2203 γεν-

2156 2246 2426 2316 νωμινου,
2475 2241 2569 2293 τοῦ
2615 2239 2672 2290 δὲ
2709 2232 3165 2304 ἐκπορευομένου.
3219 2230 3309 2283 Διὸ
3348 2229 3439 2281 καὶ
3482 2229 3614 2281 Θεὸν
3641 2228 3728 2280 λέ-

2154 2354 2328 2409 γουσα
2358 2336 2448 2387 τὸν
2475 2331 2711 2397 Πατέρα,
2744 2327 2844 2380 καὶ
2866 2324 3072 2394 Κύριον
3096 2321 3258 2376 αὑτὸν
3296 2320 3433 2389 μετὰ
3461 2318 3560 2388 τῆς
3586 2319 3727 2409 Γραέ-

2155 2407 2264 2499 (ρῆς
2295 2422 2586 2495 ὀνομάζει·
2618 2421 2714 2473 καὶ
2735 2417 2825 2469 τὸν
2858 2414 2984 2467 Υἱὺν
3014 2413 3070 2466 δὲ
3102 2409 3343 2465 καλοῦσα
3373 2407 3728 2499 Κύριον,-καὶ

2152 2497 2286 2574 Θεὸν
2315 2517 2494 2578 αὐτὸν,
2537 2513 2612 2574 ὡς
2636 2511 2677 2585 ,ἡ
2721 2506 2912 2578 Γραφὴ
2946 2503 3254 2574 μαρτυρεῖ·
3289 2501 3386 2553 καὶ
3432 2498 3562 2560 Θεὸς
3591 2497 3670 2550 ὣν
3701 2500 3729 2550 6

2153 2610 2344 2680 Πατὴρ
2380 2607 2474 2659 καὶ
2527 2603 2732 2668 Κύριος
2767 2599 2861 2652 καὶ
2917 2592 3272 2663 δημιουργὸς,
3308 2590 3417 2680 -καὶ
3445 2590 3473 2642 6
3514 2589 3637 2652 Υἱὸς
3669 2591 3728 2642 6-

2156 2677 2323 2772 μοξως
2349 2697 2442 2750 καὶ
2492 2695 2552 2746 τὸ
2582 2691 2807 2760 Πνεῦμα
2838 2687 2898 2740 τὸ
2930 2686 3117 2752 ἆγιονυ
3159 2683 3254 2736 καὶ
3280 2677 3363 2744 εἷς
3389 2681 3520 2742 Θεὸς
3550 2681 3577 2731 6
3611 2680 3730 2772 Παξ

2153 2770 2256 2860 τὴρ
2289 2787 2426 2859 μετὰ
2457 2783 2551 2838 τοῦ
2605 2782 2781 2848 Λόγου
2829 2777 2947 2830 ἐστὶ
2979 2777 3074 2829 καὶ
3094 2772 3190 2827 τοῦ
3233 2774 3372 2827 Πνεύ
3383 2787 3549 2841 ματος
3575 2787 3588 2800 ·
3629 2770 3729 2822 καὶ

2163 2886 2362 2954 Κύριος
2403 2879 2620 2933 πάντων
2667 2874 2842 2936 οὗτος,
2898 2870 2993 2924 καὶ
3029 2867 3360 2939 δημιουργὸς
3389 2865 3571 2934 πάσης
3606 2862 3729 2916 κτίο

2163 2992 2323 3036 σεως.
2355 2972 2466 3026 Καὶ
2496 2967 2656 3022 τοῦτο
2688 2963 2852 3018 Δαὸὶδ
2883 2959 3274 3030 ἐπιμαρτυρεῖ,
3308 2956 3392 3021 Τῷ
3419 2955 3580 3024 λόγῳ
3616 2957 3730 3008 Κυ-

411 3106 419 3116 ,
485 3064 624 3118 b‘ilio
657 3073 710 3117 et
733 3063 937 3133 Spiritu
964 3063 1148 3118 divina
1175 3062 1306 3118 dicit
1331 3063 1636 3132 Scriptura.
1663 3063 1768 3119 Sed
1800 3065 2061 3135 quemad-

2159 3070 2324 3141 ρίου,
2352 3065 2548 3132 λέγων,
2575 3062 2636 3133 gl
2676 3052 2925 3124 οὐρανοὶ
2964 3051 3439 3144 ἐστερεώθησαν,
3645 3043 3730 3109 τῷ

489 3156 713 3211 modum
747 3157 974 3226 impium
1006 3165 1166 3212 estet
1195 3158 1356 3211 atheo
1378 3157 1601 3225 dignum
1624 3156 1670 3211 si
1693 3158 1862 3212 Deum
1895 3172 2062 3229 negas

487 3265 629 3311 esse,
664 3249 780 3316 pari
813 3248 1022 3301 insania
1055 3247 1268 3301 laborat
1295 3248 1387 3316 qui
1423 3246 1592 3301 Deum
1626 3248 1845 3316 quidem
1885 3250 2063 3302 contio

489 3349 655 3400 tetut‘,
678 3348 956 3392 carentem
991 3348 1171 3390 tamen
1190 3336 1391 3399 Verbo,
1416 3337 1536 3390 viva
1568 3337 1740 3406 ipsius
1761 3337 2061 3407 Sapientia,

489 3433 723 3492 potentia
751 3444 844 3498 per
879 3444 936 3483 se
960 3433 1278 3494 exsistente,
1315 3443 1440 3482 vera
1465 3429 1717 3497 imagine,
1749 3430 2064 3485 charactere

489 3531 543 3573 υι
567 3520 885 3574 substantia:
919 3519 1240 3588 splendore;
1274 3527 1326 3572 et
1357 3519 1568 3574 viviﬁco
1600 3520 1826 3588 Spiritu,
1857 3521 2060 3574 sancti.

490 3616 687 3666 Iicante
715 3621 768 3666 et
796 3613 979 3666 omnia
1003 3611 1313 3666 viviticante
1334 3650 1348 3673 ,
1405 3627 1498 3679 per
1532 3626 1591 3666 se
1620 3613 1917 3666 exsistente
1944 3613 2062 3677 ejus

491 3703 963 3770 potentia.Natura
993 3701 1330 3757 l'ructilicaus
1358 3702 1614 3767 ellicacia,
1651 3712 1705 3756 ut
1742 3715 1966 3759 sanetus
1987 3705 2064 3758 ait

490 3797 754 3866 tlyrillus,
785 3797 904 3850 sine
936 3811 1167 3865 corpore
1200 3797 1253 3849 in
1281 3795 1391 3850 Deo
1413 3804 1520 3860 est,
1563 3795 1668 3865 ipsi
1699 3797 1909 3865 absque
1944 3813 2060 3848 ma-

494 3891 627 3943 tcria
657 3888 1007 3955 coexisteus;
1041 3895 1097 3942 et
1134 3887 1293 3942 divus
1337 3885 1634 3957 Dionysius
1659 3926 1674 3952 ,
1707 3903 1736 3940 a
1772 3887 1882 3942 Deo
1915 3889 2065 3958 genio

493 3992 607 4033 tum
656 3995 778 4035 esse
827 3979 960 4033 dicit
1010 3979 1066 4031 in
1110 3976 1271 4033 Patre
1301 3995 1314 4031 :
1343 3978 1439 4047 qui
1494 3979 1658 4046 igitur
1709 3980 2062 4046 contemptim

499 4073 644 4125 hunc
686 4070 754 4123 ab
803 4069 894 4123 illo
943 4077 1182 4136 separat,
1215 4067 1608 4138 perfectionem
1646 4069 1748 4137 ipsi
1798 4085 1908 4124 nou
1949 4070 2062 4124 dat.

493 4163 600 4218 Sed
646 4171 700 4218 et
742 4163 978 4226 creatio,
1013 4160 1330 4216 Creatorem
1391 4170 1552 4231 prout
1601 4170 1782 4232 potest
1822 4161 2063 4228 imitans,

495 4253 813 4322 proclamat,
853 4253 1079 4323 propius
1102 4253 1324 4322 quidem
1359 4262 1414 4308 et
1441 4254 1559 4309 sine
1594 4269 1824 4323 corpore
1854 4254 2066 4310 intelle-

495 4347 716 4408 ctualis,
755 4345 1031 4400 sensibilis
1071 4360 1200 4399 vero
1245 4346 1484 4399 crassius
1517 4354 1571 4399 et
1597 4346 1897 4400 secundum
1925 4345 2065 4400 divi-

2161 3135 2457 3227 Πνεύματι
2483 3152 2588 3216 τοῦ
2626 3149 2927 3216 στόματος
2977 3141 3164 3196 αὑτοῦ
3191 3138 3360 3194 πᾶσα
3407 3138 3445 3205 ἡ
3472 3135 3729 3204 δύναμις

2161 3226 2384 3313 αὐτῶῗν,
2423 3247 2517 3300 καὶ
2565 3245 2772 3308 ὅσαπερ
2826 3235 2962 3292 ἄλλα
3016 3229 3268 3300 περὶτοῦ
3303 3227 3431 3281 Υἱοῦ
3486 3231 3583 3280 καὶ
3633 3226 3732 3281 τοῦ

2162 3343 2480 3412 Πνεύματος
2511 3337 2544 3405 ἡ
2571 3333 2689 3388 θεία
2711 3331 2906 3400 φάσκει
2936 3321 3329 3396 Γραφή.’Λλλὰ
3355 3320 3472 3412 καὶ,
3497 3319 3568 3382 ὡς
3597 3319 3731 3370 ἀσε-

2161 3438 2254 3498 ϐές
2284 3411 2344 3487 τε
2370 3432 2461 3484 καὶ
2495 3427 2655 3481 ἄθεον
2677 3423 2734 3475 τὸ
2755 3423 2828 3491 μὴ
2849 3416 3178 3482 εἷναιλέγειν
3205 3412 3338 3465 Θεὸν
3367 3411 3464 3480 τῆς
3486 3411 3604 3477 ῐσης
3628 3424 3734 3477 μα⁸

2162 3529 2304 3591 νίας,
2337 3525 2432 3576 καὶ
2465 3521 2557 3572 τὸν
2585 3516 2717 3568 Θεὸν
2766 3512 2864 3580 μὲν
2893 3509 3052 3577 δῆθεν
3085 3504 3388 3570 ὁμολογεῖν,
3415 3501 3646 3569 ἄμοιρον
3678 3499 3736 3552 δὲ

2160 3615 2352 3670 τοῦτον
2382 3612 2573 3676 λόγου,
2611 3608 2710 3670 τῆς
2739 3602 2923 3670 ζώσης
2954 3596 3120 3652 αὑτοῦ
3163 3595 3385 3664 Σοφὶας,
3415 3595 3514 3659 τῆς
3535 3595 3733 3644 ὲνυττοα

2166 3706 2362 3760 οτάτου
2396 3697 2558 3755 αὐτοῦ
2587 3695 2891 3762 δυνάμεως,
2923 3689 3132 3749 εἰκόνος
3159 3703 3218 3739 τε
3251 3681 3486 3752 ἀληθοῦς
3512 3681 3605 3733 καὶ
3633 3698 3743 3750 χαι

2167 3796 2438 3869 ρακτῆρος
2496 3791 2590 3842 καὶ
2650 3785 3082 3850 ἀπαυγὰσματος
3143 3777 3259 3869 καὶ-
3303 3774 3396 3828 τοῦ
3463 3768 3738 3869 (mortem?

2165 3863 2502 3955 Πνεύματος,
2555 3880 2653 3947 τῆς
2707 3872 3034 3944 ἁγιαστικῆς
3095 3870 3191 3922 καὶ
3239 3864 3614 3932 ζωοποιούσης
3666 3863 3738 3914 τὰ

2167 3981 2346 4034 πάντα
2375 3972 2740 4029 ὲνυποστόιτου
2780 3965 2943 4022 αὑτοῦ
2992 3963 3296 4032 δυνάμεως.
3329 3959 3402 4012 Τδ
3434 3963 3543 4026 γὰρ
3573 3957 3739 4024 φύσει

2165 4068 2499 4141 καρπογόνον
2539 4063 2613 4126 ὡς
2658 4063 2685 4114 6
2731 4059 2873 4129 ἱερός
2904 4073 3039 4125 φησι
3086 4051 3376 4121 Κύριλλος,
3426 4048 3740 4141 demittitur,-

2166 4136 2312 4215 ἐστὶν
2360 4136 2426 4210 sv
2456 4155 2534 4227 τῷ
2563 4153 2703 4222 Θεῷ,
2759 4149 2907 4216 αὐτῷ
2958 4144 3302 4214 συνυπάρχον
3329 4141 3529 4202 ἀΰλως.
3567 4136 3677 4192 Καὶ
3710 4139 3740 4192 6

2168 4254 2310 4313 θεῖος
2364 4249 2420 4303 δὲ
2464 4245 2738 4304 Διονύσιος
2781 4240 2841 4292 τὸ
2871 4235 3121 4304 Θεογόνον
3152 4228 3293 4286 εἶναι
3337 4247 3503 4300 φησιν
3554 4231 3613 4281 ὲν
3662 4227 3742 4296 τῷ

2171 4341 2368 4409 Πατρε.
2406 4339 2463 4390 '0
2512 4336 2693 4388 τοίνυν
2741 4329 2932 4384 τούτου
2966 4326 3156 4380 τοῦτον
3198 4320 3515 4390 ἀποστερῶν
3555 4336 3742 4387 παρα-

501 4437 730 4502 sionem,
755 4434 1084 4490 ellluentiam
1117 4444 1170 4489 et
1197 4450 1416 4490 sensus.
1447 4436 1502 4490 Si
1529 4436 1692 4505 igitur
1718 4436 1782 4491 ad
1809 4435 1860 4490 id
1884 4437 2065 4490 omnia

2172 4433 2383 4502 φρόνως
2409 4429 2470 4481 οὐ
2488 4427 2547 4480 τὸ
2573 4424 2780 4478 τέλειον
2808 4419 2956 4487 αὐτῷ
2978 4417 3214 4471 δίδωσιν.
3234 4414 3394 4466 Ἀλλὰ
3414 4413 3507 4466 καὶ
3522 4416 3549 4478 ἡ
3559 4411 3749 4505 κτίσις

492 4528 748 4591 tendunt,
779 4529 844 4580 ad
867 4525 1306 4582 fructiﬁcandou
1345 4526 1564 4592 similia,
1597 4535 1652 4581 et
1680 4527 2068 4582 intellectualia

492 4620 713 4687 quidem
745 4619 1074 4688 sapientiam
1113 4617 1454 4688 spiritualius
1504 4618 1559 4672 in
1609 4621 1804 4689 seipsis
1839 4620 2066 4688 gignunt

492 4713 547 4764 in
579 4712 795 4766 vivente
835 4710 1054 4780 spiritu,
1087 4711 1364 4765 sensibilia
1397 4726 1525 4766 vero
1552 4721 1719 4781 prout
1748 4711 1952 4767 dictum
1984 4725 2066 4768 est

491 4801 843 4864 sensibiliter,
864 4816 893 4853 a
925 4800 1035 4856 Deo
1064 4816 1193 4857 vero
1224 4803 1404 4857 omnia
1433 4818 1448 4869 ;
1473 4804 1747 4872 quomodo
1773 4803 1857 4859 itis
1884 4806 2064 4859 minor

494 4893 584 4957 qui
618 4906 682 4944 ea
721 4893 964 4946 condidit
994 4893 1171 4946 Deus?
1201 4893 1382 4961 Itaque
1415 4909 1557 4948 unus
1580 4893 1742 4949 Pater
1771 4911 1936 4950 unum
1964 4894 2061 4950 Fi-

387 4987 390 4989 λ
497 4986 631 5036 tium
666 4983 1079 5051 inseparabilem
1107 4984 1268 5038 habet
1299 4983 1392 5051 qui
1418 4993 1468 5037 et
1493 5000 1556 5038 ex
1589 4986 1706 5054 ipso
1731 4986 2068 5056 unigenitus,

498 5077 672 5143 ipsius
702 5089 917 5143 semper
955 5073 1125 5128 Filius
1155 5074 1366 5143 absque
1413 5089 1643 5141 corpore
1686 5077 1925 5146 genitus.
1961 5076 2068 5130 lta-

499 5183 606 5234 que
637 5176 690 5222 et
722 5167 927 5234 Optime
947 5166 1080 5220 dicit
1113 5183 1128 5220 :

2170 4500 2261 4574 τόν
2297 4519 2534 4585 κτίστην
2568 4513 2642 4576 ὡς
2685 4511 2921 4580 ἐγχωρεῖ
2973 4504 3385 4575 ὲξομοιουμένη,
3431 4500 3742 4571 κηρύσσει·

2174 4609 2468 4680 ἐγγύτερον
2498 4603 2596 4675 μὲν
2619 4601 2716 4656 καὶ
2745 4601 3054 4669 ἁσωμάτως
3082 4596 3116 4665 ἡ
3138 4594 3326 4665 νοητὴ,
3355 4595 3387 4662 ἡ
3418 4591 3656 4662 αἰσθητὴ
3683 4589 3744 4644 δὲ

2172 4699 2500 4770 παχυτέρως
2543 4711 2603 4747 τε
2645 4693 2738 4746 xui.
2772 4691 2914 4744 κατὰ
2943 4688 3117 4758 τομὴν
3155 4686 3250 4740 καὶ
3285 4685 3473 4755 ρεῦσιν
3514 4683 3611 4735 καὶ
3650 4683 3745 4735 αἶα

2177 4797 2389 4863 σθησιν.
2422 4790 2482 4843 El
2513 4787 2606 4842 οῦν
2655 4785 2832 4838 πάντα
2862 4781 2996 4851 πρὸς
3031 4779 3191 4832 τοῦτο
3216 4778 3337 4848 ὁρᾷ,
3372 4778 3430 4829 τὸ
3455 4791 3742 4844 καρπογοο

2175 4889 2284 4943 νεῖν
2318 4885 2500 4954 ὃμοια,
2541 4878 2725 4932 καὶτὰ
2757 4875 2856 4943 μὲν
2885 4871 3078 4940 λογικὰ
3113 4870 3312 4940 μᾶλλον
3336 4868 3539 4937 νοητῶς
3563 4865 3740 4919 τίκτει

2173 4981 2272 5048 τὴν
2302 4972 2495 5041 σοφίαν
2525 4970 2581 5022 ὲν
2605 4967 2816 5027 ἑαυτοῖς
2851 4966 2910 5017 ἐν
2938 4962 3016 5031 τῷ
3044 4961 3205 5025 ζῶντι
3254 4957 3554 5025 Πνεύματι,
3584 4957 3654 5048 τὰ
3683 4957 3739 5048 δὲ
3767 4969 3780 4980 ·

2179 5047 2435 5137 αἰσθητὰ,
2466 5061 2656 5130 ὥσπερ
2695 5059 2932 5127 εἴρηται,
2964 5051 3260 5122 αἰσθητῶς,
3287 5050 3356 5101 τὰ
3384 5049 3562 5101 πάντα
3591 5047 3648 5100 δὲ
3677 5047 3743 5098 ὲκ

2177 5161 2314 5216 Θεοῦ
2334 5175 2346 5185 ’
2384 5155 2500 5218 πῶς
2519 5153 2754 5206 ἐλάττων
2783 5153 2986 5204 τούτων
3015 5149 3042 5198 ὁ
3076 5147 3268 5207 κτίσας
3289 5143 3428 5196 αὐτὰ
3453 5141 3619 5206 Θεός;
3645 5141 3747 5192 Διά

495 5269 655 5322 τοῦτο
693 5263 774 5329 εἷς
814 5264 888 5317 ὣν
919 5266 945 5317 ὁ
980 5262 1189 5330 Πατὴρ,
1230 5258 1326 5311 καὶ
1373 5256 1470 5309 ἕνα
1509 5252 1636 5308 Υἱὸν
1686 5272 1878 5308 τουτον
1914 5251 2222 5322 ἀχώριστον
2275 5252 2413 5321 ἔχει,
2480 5248 2540 5312 ὃς
2599 5247 2691 5301 καὶ
2753 5244 3049 5318 μονογενὴς
3099 5242 3159 5309 ἐξ
3219 5241 3406 5309 αὑτοῦ,
3475 5241 3570 5294 καὶ
3645 5239 3742 5294 ἀεὶ

495 5361 621 5425 Υἱὸς
653 5358 841 5422 αὑτοῦ,
895 5353 1206 5424 ἁσωμὰτως
1249 5347 1668 5418 γεγεννημένος.
1717 5347 1807 5398 Διὸ
1838 5346 1933 5398 καὶ
1969 5343 2153 5406 καλῶς
2188 5361 2367 5413 φησι·

502 5511 544 5562 Ε
553 5521 566 5562 ι
602 5511 652 5562 in
684 5521 849 5562 unum
884 5502 1163 5557 Dominum
1189 5498 1369 5554 Iesum
1393 5496 1656 5553 Christum
1713 5492 1917 5547 Filium
1969 5489 2075 5548 Dei

2176 5492 2282 5548 Kal
2313 5492 2399 5556 εις
2425 5487 2535 5544 ἕνα
2576 5484 2797 5562 Κρριρν
2827 5477 3087 5562 [Ιησοῦν
3127 5477 3386 5556 Χριστθὸν
3442 5477 3548 5530 τὸν
3608 5477 3748 5530 Υἱὸν

1083 5582 1086 5586 ’
1115 5570 1463 5639 unigenitum.

577 5689 742 5745 Paulo
783 5687 945 5744 altius
987 5683 1341 5758 repetendum
1385 5700 1399 5736 :
1438 5691 1573 5747 tum,
1637 5678 1692 5735 in
1744 5691 1916 5736 unum
1939 5674 2078 5732 dici-

2559 5545 2676 5609 τοῦ
2708 5551 2855 5606 Θεοῦ
2887 5552 2992 5602 τὸν
3017 5545 3345 5616 μονογενῆ.

2255 5667 2696 5740 Ἐπαναληπτέον
2725 5666 2780 5718 δὲ
2819 5663 2907 5718 τὸν
2941 5663 3097 5730 λόγον
3162 5658 3341 5744 πάλιν.
3394 5658 3467 5713 Τὸ
3498 5659 3597 5728 μὲν
3643 5655 3741 5714 οὖν
