4068 6280
375 307 476 370 761

1429 323 1852 384 EXPOSlTlO
1893 325 2118 385 S\CRI
2167 325 2521 388 smmu.

3513 330 3614 401 765

370 426 458 488 εις
503 423 612 476 ἕνα
640 423 832 488 εἰπεῖν,
873 423 952 476 ὅτι
984 423 1080 477 οὐκ
1110 424 1217 478 εἰσὶ
1250 425 1455 494 πολλοὶ,
1486 427 1602 482 ἀλλ’
1631 426 1710 491 εἷς
1736 430 1764 482 6
1809 430 1936 493 Υἱὸς

2045 437 2150 492 tur,
2189 431 2314 498 quia
2343 448 2449 486 non
2499 433 2651 487 multi
2687 435 2782 489 sed
2815 452 2948 491 unus
3000 437 3092 493 Dei
3155 441 3328 495 Filius
3356 452 3462 503 est,
3501 455 3610 493 tum

372 514 472 568 τοῦ
503 515 671 567 Θεοῦο
705 515 767 566 τὸ
818 513 876 567 δὲ
915 517 1154 582 Κύριον,
1210 520 1307 570 καὶ
1336 520 1419 572 ὅτι
1456 519 1660 591 Κύριος
1717 524 1937 575 πάντων

373 607 490 658 ἐστὶ
518 609 608 659 καὶ
641 607 727 658 διὰ
756 607 816 659 τὸ
855 609 1122 678 συμφυές.
1171 609 1326 664 Οὕτω
1375 614 1484 681 γὰρ
1531 613 1626 666 καὶ
1675 616 1702 667 6
1749 616 1940 685 Πατὴρ

371 698 698 766 ὀνομάζεται
747 699 971 768 Κύριος,
1000 703 1141 756 καθὰ
1173 704 1237 773 δὴ
1291 705 1384 758 καὶ
1414 705 1442 757 6
1477 707 1666 776 Πατὴρ
1699 707 1830 771 Θεὸς
1861 708 1938 760 ὢν

372 791 460 842 ἀεὶ
500 791 596 842 καὶ
625 789 984 860 καλούμενος,
1016 794 1108 846 καὶ
1138 795 1166 846 6
1200 794 1328 859 Υἱὸς
1367 795 1569 865 ὁμοίως
1601 799 1731 861 Θεὸς
1756 801 1940 854 καλεῖ-

371 880 461 932 ταί
496 896 554 932 τε
602 880 698 933 καὶ
749 880 890 936 ἔστι.
934 884 1046 936 Καὶ
1085 886 1238 958 Θεὸς·⁵
1263 883 1342 957 ἦν
1376 891 1408 940 ὀ
1430 872 1641 960 Λόγος,
1669 891 1730 943 τὸ
1765 893 1940 960 Εὐαγ-

371 970 551 1037 γέλιόν
584 989 738 1039 φησι.
806 975 911 1026 Καὶ
951 977 978 1027 6
1029 977 1387 1047 ἡγαπημένος
1435 983 1566 1052 περὶ
1619 982 1714 1036 τοῦ
1765 984 1930 1036 Υῑοῦ·

366 1059 557 1128 Οὗτός
591 1063 764 1117 ἐστιν
796 1068 829 1118 ὁ
861 1067 1151 1136 ἀληθινός
1188 1074 1364 1138 Θεός·
1397 1075 1497 1146 οὐχ
1538 1075 1613 1134 ὡς
1649 1077 1742 1128 δύο
1767 1077 1936 1128 ὄντων

372 1152 531 1217 θεῶν,
567 1153 747 1221 ἄπαγε
779 1154 792 1208 ι
827 1155 945 1207 ἀλλ’
984 1159 1060 1222 ὡς
1088 1160 1206 1223 ἑνὸς
1236 1163 1370 1215 Θεοῦ
1415 1165 1510 1217 τοῦ
1548 1166 1761 1236 Πατρὸς
1799 1169 1939 1235 μετὰ

370 1246 465 1300 τοῦ
491 1248 618 1301 Υἱοῦ
649 1266 714 1302 τε
741 1253 834 1303 καὶ
854 1253 993 1304 11νεύ
1004 1272 1193 1323 ματος,
1219 1257 1539 1329 ἀχωρίστως
1555 1263 1613 1315 ὲν
1645 1264 1792 1332 αὐτῷ
1819 1265 1942 1317 τού-

370 1356 476 1391 των
499 1338 691 1403 ὄντων,
711 1343 804 1394 καὶ
826 1345 926 1413 μιᾷ
942 1344 1171 1413 δυνάμει
1211 1349 1306 1401 καὶ
1329 1352 1581 1423 ἐνεργείᾳ
1603 1343 1941 1425 συνεχόντων

371 1431 431 1482 τὸ
459 1431 586 1495 πᾶν,
619 1431 695 1495 ὡς
723 1433 960 1504 εἴρηται.
995 1437 1205 1506 Ἰησοῦν
1234 1440 1470 1510 Χριστὸν
1507 1445 1564 1496 δέ
1596 1446 1764 1516 296
1806 1466 1941 1517 φησι

372 1519 463 1590 τὸν
495 1521 624 1574 Υἰὸν
644 1523 738 1576 τοῦ
769 1524 901 1577 Θεοῦ
929 1527 1018 1581 τὸν
1051 1533 1338 1598 μονογενῆ.
1363 1533 1449 1586 διὰ
1481 1535 1542 1588 τὸ
1589 1539 1940 1607 σαρκωθῆναι

373 1611 588 1679 ἀληθῶς
628 1617 692 1668 ὲκ
728 1617 1000 1687 Παρθένου
1042 1623 1132 1672 τὸν
1171 1624 1262 1675 τοῦ
1289 1624 1424 1680 Θεοῦ
1475 1630 1670 1696 Λόγον,
1703 1633 1796 1684 καὶ
1834 1633 1939 1702 ’1η-

2045 517 2346 584 Dominum,
2378 523 2503 591 qi-ia
2541 522 2806 580 Dominus
2859 529 3108 582 omnium
3168 538 3252 584 est
3301 539 3355 583 et
3411 539 3618 583 natura:

2038 613 2373 666 consortium
2416 614 2592 669 habet.
2627 616 2718 670 Sic
2775 627 2829 670 et
2869 617 3028 672 Pater
3066 631 3287 673 vocatur
3332 620 3615 686 Dominus,

2041 707 2300 766 tanquam
2335 703 2493 756 Pater
2519 704 2662 760 Deus
2692 722 2904 776 semper
2939 711 3213 766 exsistens
3268 721 3323 765 et
3364 725 3612 776 vocatus.

2039 796 2093 842 et
2129 787 2299 844 Filius
2333 793 2590 848 similiter
2627 798 2768 851 Deus
2809 806 3032 852 vocatur
3078 808 3126 853 et
3165 809 3283 854 est:
3343 801 3410 855 Et
3474 802 3613 855 Deus

2039 890 2153 933 erat
2190 879 2428 948 Verbum,
2463 887 2634 951 inquit
2657 889 3028 960 Evangelium.
3061 895 3128 947 Et
3159 895 3388 949 dilectus
3417 895 3485 949 de
3523 896 3617 949 Fi—

2043 970 2115 1022 lio
2143 971 2308 1026 dicit:
2353 973 2453 1025 llic
2498 986 2572 1028 est
2630 996 2777 1033 verus
2827 982 2988 1047 Deus,
3040 1000 3147 1038 non
3183 986 3334 1053 quasi
3365 987 3473 1040 duo
3504 989 3615 1041 sint

2047 1060 2158 1125 dii,
2199 1062 2376 1117 absit!
2412 1067 2505 1120 sed
2535 1069 2676 1134 quod
2710 1071 2780 1123 sit
2808 1088 2947 1126 unus
2976 1074 3115 1130 Deus
3145 1074 3303 1130 Pater
3323 1093 3441 1132 cum
3476 1078 3615 1132 Filio

2051 1163 2104 1207 et
2139 1154 2375 1223 Spiritu,
2413 1159 2851 1226 inseparabiliter
2876 1166 2928 1218 in
2946 1183 3008 1220 eo
3031 1168 3394 1224 existentibus
3427 1181 3482 1225 et
3508 1188 3614 1226 una

2042 1250 2307 1311 potestate
2339 1256 2395 1298 et
2415 1248 2652 1304 etlicacia
2688 1254 2892 1318 omnia,
2926 1263 2983 1305 ut
3021 1256 3226 1310 dictum
3261 1268 3347 1313 est
3383 1300 3397 1324 ,
3432 1261 3612 1313 conti-

2044 1339 2316 1392 nentibus.
2359 1339 2544 1394 Jesum
2577 1342 2860 1398 Christum
2898 1349 2971 1400 ait
3002 1348 3197 1403 Filium
3235 1351 3328 1404 Dei
3367 1354 3615 1422 unigeni-

2045 1437 2181 1488 tum,
2210 1431 2336 1496 quia
2372 1447 2495 1486 vere
2523 1449 2552 1486 e
2577 1434 2742 1489 Maria
2780 1436 2996 1508 Virgine
3029 1441 3364 1494 iucarnatnm
3405 1454 3489 1496 est
3522 1444 3614 1497 Dei

2045 1517 2302 1586 Vi-rbum,
2326 1531 2486 1592 atque
2518 1522 2676 1580 Jesus
2711 1537 2935 1582 vocatus
2971 1539 3074 1595 est,
3110 1541 3164 1585 et
3191 1531 3442 1586 Christus
3471 1535 3618 1588 cele-

2043 1607 2253 1666 bratus.
2319 1613 2566 1670 llominis
2621 1622 2766 1671 enim
2827 1633 3074 1674 naturam
3125 1624 3219 1691 qui
3279 1624 3606 1692 assumpsit,

373 1703 500 1756 σοῦν
532 1705 818 1776 κληθῆναι,
843 1709 936 1762 καὶ
978 1712 1214 1781 Χριστὸν
1245 1717 1711 1791 ἀνακηρυχθῆναι.
1755 1725 1937 1777 Ἐναν-

2046 1717 2168 1755 cum
2193 1718 2356 1757 carne
2389 1706 2660 1762 iudivisus
2703 1713 2922 1764 mansit.
2954 1711 3048 1766 Dei
3085 1729 3213 1783 ergo
3271 1715 3611 1779 unigenitum

373 1795 673 1866 θρωπήσας
700 1799 829 1868 γὰρ,
862 1803 1002 1864 μετὰ
1033 1806 1131 1874 τῆς
1163 1809 1365 1877 σαρκὸς
1406 1813 1708 1880 ἀδιαίρετος
1732 1815 1938 1885 ἔμεινε.

369 1887 475 1939 Τὸν
511 1888 639 1941 Υὶὸν
667 1885 759 1944 οῦν
786 1893 881 1946 τοῦ
911 1894 1045 1948 Θεοῦ
1070 1898 1161 1951 τὸν
1191 1905 1459 1972 μογογενῆ
1479 1906 1684 1976 Ἰησοῦν
1708 1911 1943 1980 Χριστὸν

369 1980 540 2047 λέγει,
571 1981 644 2044 ὡς
677 1982 768 2037 τὸν
795 1985 958 2040 αὐτὸν
986 1989 1117 2042 Θεὸν
1143 1991 1291 2059 ὄντα,
1337 1997 1432 2048 καὶ
1462 1997 1754 2070 ἄνθρωπον
1782 2020 1942 2072 γεγο-

370 2074 498 2125 νότα
529 2087 545 2102 ·
580 2077 848 2146 μονογενῆ
877 2079 956 2145 δὲ,
995 2081 1084 2134 διὰ
1117 2083 1178 2136 τὸ
1213 2085 1376 2154 μόνον
1420 2090 1482 2142 ἐκ
1517 2092 1680 2158 μόνου
1707 2095 1802 2147 τοῦ
1833 2098 1943 2148 Πα-

370 2163 497 2232 τρὸς
564 2164 752 2222 τοῦτον
791 2164 928 2224 εἶναι
959 2175 1254 2246 γεννητῶς.
1286 2179 1350 2233 Ὅ
1380 2181 1475 2234 καὶ
1506 2183 1943 2257 διερμηνεύουσα

369 2255 519 2324 λέγει
537 2270 552 2285 ⁸

445 2564 519 2617 Οὐ
555 2566 664 2636 γὰρ
686 2569 910 2625 ἄλλοθέν
931 2574 1098 2640 ἐστιν,
1137 2579 1253 2631 ἀλλ’
1283 2583 1346 2635 ὲκ
1373 2585 1465 2638 τοῦ
1501 2589 1732 2660 Πατρὸς,
1759 2597 1852 2648 καὶ
1877 2598 1938 2650 οὐ

373 2655 513 2708 κατὰ
548 2659 672 2719 τοὺς
702 2659 916 2726 ἀθέους,
952 2665 984 2735 ἢ
1013 2667 1074 2720 ἐκ
1111 2667 1250 2723 θεῶν
1285 2676 1558 2746 μητέρων,
1583 2655 1627 2748 ἢ-
1667 2655 1944 2750 γυναικῶν

373 2744 570 2812 ἀθέων,
607 2748 683 2812 ὡς
726 2753 898 2809 ταῦτα
931 2757 1185 2826 δαίμονες
1223 2766 1340 2828 τοῖς
1378 2744 1754 2842 πλανωμένοις
1808 2783 1939 2850 περ)⁸

375 2837 589 2940 ψεμδῶν
621 2860 782 2898 τινων
809 2847 1134 2922 προῦλεγον,
1167 2857 1246 2921 εἰς
1277 2860 1534 2932 ἀθέτησιν
1565 2837 1660 2921 ⁸τοῦ
1698 2837 1945 2942 Μονογε-

376 2928 523 2996 νοῦς,
560 2935 656 2984 καὶ
696 2938 793 3004 τῆς
828 2939 993 2993 αὐτοῦ
1049 2945 1360 3018 οἰκονομίας
1409 2928 1657 3025 ἀρνησιν,
1703 2961 1822 3016 ἀλλ’
1859 2928 1942 3020 ’ἐκ

536 3022 624 3076 ἀεὶ
675 3025 877 3092 ζῶντος
928 3035 1022 3087 καὶ
1083 3038 1247 3107 μόνου
1304 3019 1462 3098 Θεοῦ-
1504 3019 1720 3124 ῄατρὸς
1779 3058 1942 3126 μόνος

479 3129 528 3163 ς.

479 3129 528 3176 ς.

381 3246 499 3302 Τὸν
528 3248 597 3304 ἐκ
621 3252 728 3307 τοῦ
753 3257 980 3329 Πατρός
1004 3272 1368 3388 γὲἴέἓὲἱντα
1408 3277 1523 3346 πρὸ
1551 3281 1794 3340 πάντων
1823 3286 1944 3343 τῶν

1035 3351 1284 3394 αιωνων.

452 3434 528 3489 Οὐ
567 3437 675 3510 γὰρ
700 3440 1072 3519 ὑστερογενὴς
1091 3450 1184 3504 τοῦ
1221 3455 1451 3526 Πατρὸς,
1489 3460 1574 3516 ἵνα
1617 3468 1693 3534 μὴ
1725 3470 1820 3523 καὶ
1845 3473 1944 3527 οὐκ

381 3524 469 3629 div-
491 3547 628 3632 ποτε
665 3535 856 3607 Πατὴρ
906 3540 1177 3614 ὑπονοηθῇ
1209 3549 1236 3599 6
1267 3524 1475 3622 Πατὴρ,
1508 3524 1828 3632 natricem;
1856 3524 1944 3620 διόι

377 3617 555 3723 τοῦτο,
601 3621 633 3692 ἥ
668 3625 695 3676 6
727 3625 850 3689 Υἱὸς
903 3629 979 3702 μὴ
1020 3633 1139 3698 ὅλος
1184 3637 1260 3693 ὥν
1295 3617 1436 3695 ποτε*
1471 3646 1619 3709 Υἱὸς,
1651 3617 1843 3723 ἀτελὴς
1869 3617 1944 3710 ὢν

379 3711 476 3814 »ἐπὶ
530 3714 714 3782 αὐτὸς,
766 3719 885 3772 ἀλλ’
918 3722 992 3786 ὡς
1019 3725 1223 3792 τέλειος
1252 3732 1279 3783 ό
1311 3734 1500 3806 Πατήρ
1523 3753 1538 3769 ⁸
1581 3743 1679 3796 καὶ
1717 3711 1944 3814 vapida!

377 3798 466 3898 ὧν
495 3804 610 3856 ἐστι
643 3806 854 3898 ῌατὴρ,
881 3813 976 3866 καὶ
1001 3817 1027 3867 6
1062 3817 1188 3882 Υἱὸς
1219 3822 1420 3888 τέλειος
1447 3798 1535 3881 αεὶ
1559 3828 1634 3883 ὢν
1670 3798 1818 3898 Υίός.

377 3893 538 3946 τοῦτο
570 3897 674 3965 πρὸ
722 3900 826 3953 τῶν
875 3906 1124 3960 αἰώνων·
1160 3913 1321 3977 αὐτὸς
1372 3919 1480 3989 γὰρ
1513 3922 1762 3990 καὶτοὺς
1807 3930 1943 3982 αἰῶ-

377 4001 478 4046 ¹¹νας
536 3988 816 4060 ἐποίησεν.
855 3992 984 4048 Υιὸν
1024 3994 1118 4052 οὖν
1155 4002 1285 4060 ὄντα
1323 4025 1380 4060 τε
1438 3988 1532 4065 διαὶ
1585 3988 1941 4088 καλοῦμενον,

378 4075 466 4222 ἴνοα
533 4079 610 4151 μὴ
673 4083 812 4137 κατὰ
877 4087 1049 4155 πάθος
1104 4089 1188 4157 τις
1247 4098 1410 4155 αὑτὸν
1471 4104 1716 4183 ὑπολάϐῃ
1758 4075 1942 4171 ῖιςικτεζ

379 4185 412 4221 σ
448 4187 527 4222 αι.

379 4185 527 4237 cum,

942 4317 1070 4387 Φῶς
1095 4322 1163 4377 ἐκ
1189 4330 1386 4397 φωτός

1971 3129 2019 3194 C

2044 1793 2240 1847 Filium
2290 1794 2474 1849 Jesuni
2529 1797 2806 1852 Christum
2867 1802 3019 1867 dicit,
3076 1804 3284 1857 scilicet
3345 1805 3598 1858 eumdem

2048 1881 2216 1936 Deum
2246 1885 2596 1940 exsisteutem
2620 1901 2669 1940 et
2701 1890 2970 1945 hominem
2993 1891 3215 1948 factum.
3248 1892 3605 1963 Unigenituin

2043 1989 2172 2028 vero
2212 1975 2338 2043 quia
2361 1977 2511 2031 solus
2542 1993 2571 2031 ε
2597 1980 2716 2033 solo
2753 1981 2908 2036 Patre
2943 1997 3038 2052 per
3062 1984 3470 2053 generationem
3508 1993 3611 2052 est,

2047 2068 2188 2134 quod
2229 2069 2591 2137 interpretans
2627 2072 2791 2125 dicit:

2222 2390 2310 2445 Ea:
2337 2388 2497 2448 Patre
2547 2396 2786 2466 genitum
2840 2409 2961 2454 ante
3000 2405 3179 2458 omnia
3222 2408 3439 2464 amula.

2121 2547 2240 2602 Non
2275 2551 2421 2604 enim
2475 2553 2730 2618 aliunde,
2769 2557 2861 2612 sed
2892 2573 2922 2612 e
2952 2557 3157 2623 Patre;
3192 2577 3292 2618 nec
3315 2567 3617 2622 secundum

2051 2640 2240 2694 atheos
2280 2655 2342 2694 ex
2369 2641 2596 2708 deabus,
2618 2647 3056 2704 autmulieribus
3085 2666 3191 2705 non
3218 2653 3453 2720 deabus,
3476 2659 3618 2712 sicut

2049 2737 2297 2784 errantes
2324 2730 2590 2785 tlaaiiionia
2627 2734 2678 2786 in
2719 2735 2914 2789 fabulis
2945 2740 3270 2805 quibusdam
3297 2743 3424 2797 olim
3460 2747 3622 2801 doce-

2051 2818 2204 2881 bant,
2237 2817 2292 2873 in
2343 2830 2717 2891 contemptum
2750 2823 3022 2895 Unigeniti
3051 2829 3278 2899 ejusque
3302 2837 3618 2890 oeconomia:

2049 2911 2387 2979 negationem
2419 2927 2432 2963 :
2463 2913 2560 2967 sed
2606 2929 2819 2984 semper
2847 2917 3080 2975 viventis
3113 2921 3284 2976 solius
3315 2923 3409 2978 Dei
3443 2924 3619 2984 Patris

2048 3004 2197 3059 solus
2262 3003 2454 3060 Filius.

2257 3244 2343 3299 Ea:
2369 3243 2530 3300 Patre
2554 3249 2785 3317 genitum
2825 3260 2946 3305 ante
2976 3253 3149 3306 omnia
3176 3255 3400 3314 sa’cula.

2047 3431 2053 3440 -
2116 3399 2238 3456 Non
2271 3403 2559 3472 posteriori
2593 3417 2871 3460 momento
2896 3421 2926 3460 e
2954 3406 3117 3464 Patre
3135 3412 3374 3478 genitus,
3398 3429 3469 3469 ne
3523 3430 3614 3470 su-

2045 3491 2293 3560 spicaudi
2323 3493 2476 3548 locus
2505 3494 2647 3548 adsit
2669 3494 2815 3564 quod
2850 3497 3142 3568 aliquando
3167 3504 3326 3557 Pater
3365 3519 3472 3558 non
3503 3505 3620 3562 fue-

2061 3580 2130 3631 rit
2163 3577 2344 3644 Pater,
2382 3581 2506 3636 ideo
2543 3583 2915 3652 imperlecms,
2947 3595 3040 3641 aut
3079 3587 3253 3646 Filius
3314 3608 3423 3648 non
3472 3602 3620 3653 totus

2048 3686 2263 3740 semper
2291 3673 2453 3726 fuerit
2488 3664 3068 3746 Filius,imperl‘ectus
3106 3691 3161 3736 et
3194 3685 3342 3753 ipse;
3376 3687 3468 3741 sed
3505 3696 3625 3743 tan.

2046 3777 2210 3833 quam
2250 3763 2520 3831 perfectus
2543 3764 2722 3830 Pater,
2745 3766 2954 3821 scilicet
2987 3785 3202 3840 semper
3225 3777 3493 3832 exsistens
3523 3778 3627 3832 Pa-

2050 3863 2127 3908 ter
2176 3863 2278 3918 est,
2306 3863 2377 3918 ,et
2406 3853 2579 3910 Filius
2607 3858 2881 3926 perfectus
2907 3873 3120 3930 semper
3146 3863 3340 3922 Filius.
3371 3866 3624 3936 Propter-

2045 3961 2108 3999 ea
2173 3959 2300 4000 ante
2347 3948 2568 4013 saecula,
2605 3949 2807 4020 quippe
2833 3953 2922 4021 qui
2977 3956 3174 4008 swcnla
3215 3955 3363 4014 fecit.
3431 3960 3622 4014 Filium

2047 4037 2208 4107 igitur
2243 4037 2590 4094 exsistentem
2637 4049 2691 4094 et
2738 4053 3013 4110 vocatum,
3045 4060 3113 4099 ne
3155 4049 3454 4102 secundum
3500 4051 3625 4108 libi-

2044 4124 2226 4181 dinem
2259 4130 2506 4198 generari
2546 4132 2669 4200 quis
2727 4148 2852 4187 eum
2881 4135 3198 4203 arbitretur,

2540 4272 2757 4362 Lumen
2788 4310 2851 4364 de
2901 4312 3125 4382 lumine,

458 4421 524 4474 'H
564 4423 874 4530 Ἐκιξλησίοι
892 4433 1080 4530 Egnatii.
1113 4437 1176 4490 El
1213 4443 1321 4512 γὰρ
1351 4445 1412 4509 ἐξ
1443 4447 1592 4518 ἡλίου
1621 4453 1777 4518 ἀκτὶς
1799 4460 1940 4530 ἀχω-

2117 4414 2220 4485 Ait_
2251 4415 2528 4473 Ecclesia:
2566 4419 2607 4472 si
2634 4419 2778 4475 enim
2818 4439 2848 4476 e
2885 4423 3004 4479 sole
3061 4426 3247 4482 radius
3277 4427 3614 4500 inseparabi-

2047 4507 2166 4530 12...-
2195 4517 2239 4530 Α.
2297 4509 2407 4530 ,2-η-
2443 4509 2589 4530 ISLLI!
2619 4527 2657 4530 ,-
2728 4525 2757 4530 ,.
2795 4514 2816 4530 ιι
2855 4515 2864 4530 I
3106 4519 3118 4530 ο
3314 4528 3320 4530 Α

374 4510 577 4582 ρίστως
606 4514 702 4568 καὶ
731 4516 977 4585 ἀπαθῶς,
1011 4526 1108 4578 καὶ
1155 4510 1498 4605 ἀπαῦγασμα
1523 4541 1586 4593 ἐκ
1620 4510 1942 4614 mpera—litat

373 4606 439 4657 ὲκ
486 4605 580 4658 τοῦ
634 4609 904 4681 ἡμετέρου
938 4615 1029 4669 νοῦ
1079 4621 1106 4672 6
1157 4622 1460 4693 ἐνδιάθετος
1520 4605 1714 4700 λόγοςξ
1761 4605 1940 4710 τεο).λῷ

375 4695 579 4764 μᾶλλον
609 4699 636 4751 6
665 4700 756 4753 τοῦ
786 4703 879 4755 νοῦ
917 4707 1012 4759 καὶ
1066 4710 1158 4763 τοῦ
1189 4712 1342 4782 ἡλίου
1373 4718 1526 4788 Θεὸς,
1559 4695 1743 4790 όἾΘεὸς
1766 4695 1941 4797 Λόγος

372 4785 437 4836 ἐκ
485 4787 580 4840 τοῦ
612 4787 744 4841 Θεοῦ
777 4793 869 4845 καὶ
916 4795 1148 4867 Πατρὸς,
1203 4785 1525 4878 ἀδιαιρέτως
1562 4816 1656 4868 καὶ
1690 4785 1936 4885 dit-aetiis:

371 4878 462 5006 Διὸ
493 4877 679 5024 ἔοῦτον
719 4883 834 4950 φῶς
864 4885 927 4939 ἐκ
959 4890 1157 4958 φωτὸς,
1193 4895 1254 4948 τὸ
1282 4898 1427 4969 ἱερόν
1466 4920 1598 4975 φησι
1638 4877 1938 4980 Σύμϐολον,

371 4985 464 5022 κα.
523 4988 575 5024 τι

371 4985 464 5022 και
496 4985 575 5024 ετι

599 5084 749 5139 Θεὸν
782 5087 1076 5158 ἀληθινὸν
1101 5096 1171 5152 ἐκ
1211 5101 1360 5157 Θεοῦ
1392 5103 1710 5178 ἀληθινοῦ,

455 5195 545 5260 Ὠς
580 5199 638 5252 ἐν
662 5200 804 5293 ἀρχῇ
835 5202 966 5259 ὄντα
1008 5208 1101 5261 τὸν
1129 5211 1224 5264 τοῦ
1256 5214 1393 5269 Θεοῦ
1431 5218 1626 5288 Λόγον,
1670 5225 1765 5278 καὶ
1803 5226 1938 5293 πρὸς

371 5287 463 5339 τὸν
524 5288 656 5343 Θεὸν
697 5292 848 5356 ὄντα,
902 5300 998 5354 καὶ
1027 5300 1161 5354 Θεὸν
1213 5304 1362 5372 ὄντα,
1393 5309 1488 5362 καὶ
1518 5287 1577 5364 ἐν
1611 5314 1753 5386 ἀρχῇ
1810 5287 1939 5374 ὄντα

372 5382 506 5449 πρὸς
553 5383 646 5437 τὸν
680 5385 832 5452 Θεὸν,
863 5391 958 5442 καὶ
989 5391 1090 5462 τὴν
1113 5394 1286 5465 αὐτὴν
1318 5398 1528 5468 οὐσίαν,
1567 5382 1815 5471 δόξαν-τε
1848 5413 1940 5463 καὶ

370 5471 600 5543 δύναμιν
625 5481 962 5548 κεκτημένον
983 5485 1076 5538 τοῦ
1115 5486 1349 5557 Πατρὸς,
1377 5493 1472 5544 καὶ
1501 5495 1562 5546 οὐ
1597 5504 1936 5570 κεχωρισμὲ·

371 5581 461 5619 νον
484 5568 677 5635 αὑτοῦ,
716 5573 839 5626 οὐδὲ
879 5575 986 5646 ἰδίει
1045 5579 1390 5650 κινούμενον,
1421 5585 1537 5639 ἀλλ’
1565 5589 1624 5641 ὲν
1649 5591 1724 5660 τῷ
1751 5568 1939 5666 Πατρὶ

373 5657 523 5726 ὅντα,
559 5663 652 5715 καὶ
685 5665 772 5716 ἀεὶ
815 5665 970 5734 ὄντα,
1008 5675 1101 5725 καὶ
1135 5675 1234 5728 σὺν
1271 5677 1422 5746 αὑτῷ
1455 5681 1806 5753 ἐνεργοῦντα,
1841 5688 1939 5741 καὶ

377 5751 542 5820 μηδὲν
593 5755 686 5824 ἀφ’
716 5758 934 5829 ἑαυτοῦ,
969 5764 1328 5842 ἀλλ’,ὃσαπερ
1381 5769 1446 5828 ἂν
1477 5773 1651 5832 ἐθέλοι
1676 5751 1927 5852 enim

2017 4507 2166 4561 'liter
2190 4517 2244 4563 et
2294 4509 2412 4564 sine
2443 4509 2686 4575 libidine,
2712 4525 2765 4567 et
2793 4514 2970 4585 fulgor
3000 4531 3068 4571 ex
3104 4519 3247 4588 igne,
3273 4528 3328 4573 et
3350 4535 3382 4574 e
3433 4531 3614 4577 mente

2048 4607 2234 4653 nostra
2270 4602 2517 4656 naturale
2553 4603 2800 4668 verbum,
2829 4606 2999 4660 multo
3027 4609 3194 4678 magis
3220 4610 3419 4665 mentis
3440 4619 3495 4666 et
3524 4628 3617 4667 so—

2046 4688 2113 4742 lis
2138 4688 2299 4756 Deus,
2328 4691 2471 4748 Deus
2504 4691 2742 4748 Verbum
2773 4711 2803 4749 e
2842 4695 2952 4752 Deo
2977 4697 3136 4753 Patre
3183 4700 3622 4771 inseparabiliter

2047 4784 2324 4852 etabsque
2347 4784 2608 4840 libidine:
2638 4786 2758 4841 ideo
2790 4787 2942 4843 illum
2990 4801 3146 4847 vocat
3178 4792 3384 4850 Lumen
3441 4796 3508 4852 de
3539 4796 3623 4850 lu-

2047 4872 2197 4928 mine
2223 4885 2477 4931 sanctum
2534 4879 2867 4949 symbolum,
2904 4893 2959 4938 et
2991 4884 3219 4942 deinde:

2432 5098 2602 5154 Deum
2639 5117 2818 5158 verum
2848 5107 2912 5161 de
2943 5107 3048 5164 Deo
3078 5125 3220 5179 vero,

2114 5205 2391 5278 Tanquam
2423 5211 2475 5266 in
2504 5215 2771 5284 principio
2807 5221 3081 5276 exsistens
3113 5223 3208 5278 Dei
3267 5223 3532 5292 Verbum,
3567 5236 3622 5283 et

2045 5303 2186 5370 apud
2215 5299 2407 5367 Deum,
2430 5315 2483 5359 et
2515 5304 2686 5361 Deum
2718 5311 2994 5366 exsistens
3014 5323 3068 5366 et
3094 5313 3147 5367 in
3182 5316 3450 5386 principio
3478 5317 3622 5373 exsi-

2046 5402 2190 5448 stcns
2219 5397 2360 5460 apud
2410 5397 2603 5462 Deum,
2664 5403 2908 5456 eamdem
2945 5406 3274 5470 essentiam,
3301 5409 3529 5478 gloriam
3568 5419 3624 5466 et

2047 5495 2364 5556 potestatem
2388 5504 2549 5556 quam
2579 5490 2795 5545 Patrem
2826 5491 3052 5560 habens,
3080 5511 3177 5564 nec
3208 5499 3274 5551 ab
3311 5513 3377 5553 eo
3398 5515 3621 5570 separa-

2047 5588 2180 5645 tum,
2219 5596 2319 5636 nec
2336 5597 2584 5636 seorsum
2609 5584 2892 5652 agitatum,
2923 5588 3017 5641 sed
3054 5589 3107 5642 in
3135 5588 3294 5644 Patre
3325 5593 3621 5656 exsistens,

2047 5678 2096 5722 et
2131 5683 2345 5738 semper
2371 5679 2576 5725 etcum
2608 5672 2728 5742 ipso
2751 5687 3006 5743 operans,
3037 5689 3090 5732 et
3138 5679 3274 5734 nihil
3305 5683 3426 5736 sine
3453 5685 3573 5754 ipso
3599 5701 3614 5750 ;

2046 5760 2138 5817 sed
2179 5776 2517 5835 quaecunque
2550 5767 2661 5821 vult
2713 5765 2874 5821 Pater
2914 5766 3139 5840 faciens,
3192 5770 3461 5843 siquidem
3510 5787 3616 5829 una
