4026 6274
413 298 518 363 763

1216 279 1602 345 SYMEONIS
1643 275 1935 339 THESSA
1947 271 2410 335 LONICENSIS
2450 265 2812 330 ABCHIEP.

3569 255 3694 315 7114

409 410 670 466 Voluntas
707 412 762 458 et
794 401 970 455 Patris
1000 409 1051 454 et
1086 395 1230 461 Filii,
1253 394 1396 449 sicut
1427 390 1687 444 divinitas
1723 395 1778 440 et
1792 395 2016 457 puteum

2107 381 2399 452 πράττοντα
2421 394 2436 409 ·
2472 377 2594 430 ἐπεὶ
2652 378 2753 446 μέα
2788 373 3006 442 θέλησις
3042 369 3256 440 Πατρός
3279 385 3341 422 τε
3391 368 3483 420 καὶ
3519 364 3690 432 Υξοῦ,

405 502 481 554 tia
513 509 704 552 eorum
731 506 857 547 una.
885 487 1042 543 Unde
1075 496 1130 542 et

856 667 1122 729 Genitum,
1170 679 1270 716 non
1299 661 1524 730 factum.

477 761 631 828 Quod
657 774 766 814 non
805 765 868 811 ut
919 754 1125 811 creatio
1165 761 1408 805 creatum
1459 758 1564 812 est,
1596 747 1689 801 sed
1737 744 1981 815 genitura

2081 473 2159 535 ὡς
2207 473 2363 541 καὶὴ
2427 470 2619 539 θεότης
2676 467 2773 521 καὶ
2812 467 3046 535 δύναμις
3096 463 3306 516 τούτων
3353 461 3473 532 μία.
3511 462 3690 515 Ὅθεν

2084 567 2180 621 καὶ
2211 566 2295 632 τὸ,

2436 655 2838 723 Γεννηθέντα,
2882 654 2956 707 οὐ
2992 651 3339 719 ποιηθέντα.

2157 749 2296 804 Οὐδὲ
2329 749 2438 819 γὰρ
2495 749 2571 811 ὡς
2608 747 2840 819 ἢκτίσις
2872 744 3364 816 δεδημιούργηται.
3400 743 3684 813 Γεγέννηο
3705 767 3718 774 ι

408 856 650 926 ejusdem
693 861 901 906 natura:
930 846 1228 917 perfectum
1267 842 1544 906 Verbum;
1605 853 1704 892 nec
1763 844 1978 891 tantum

2107 862 2180 897 :at
2208 845 2266 897 δὲ
2293 843 2550 911 συμφυὴς
2573 841 2744 893 τελῶν
2773 839 2968 906 Λόγος.
2993 839 3104 892 Kal
3128 838 3188 890 οὗ
3228 837 3393 906 μόνον
3421 837 3521 889 οὐκ
3550 836 3686 889 ἔστι

407 964 515 1001 non
549 955 632 999 est
655 952 931 1003 creatura,
961 939 1055 994 sed
1088 937 1250 990 etiam
1292 934 1675 987 universorum
1712 945 1837 982 cum
1874 928 2004 983 Pa;

411 1050 493 1090 tre
519 1045 574 1092 et
601 1035 805 1102 Spiritu
844 1033 1017 1085 factor
1055 1037 1158 1081 est.
1215 1025 1489 1092 Scriptum
1531 1031 1615 1076 est
1653 1021 1821 1084 enim,
1884 1020 1988 1084 Qui

407 1129 582 1180 omnia
606 1126 775 1194 fecisti
806 1127 859 1176 in
927 1119 1087 1173 Verbo
1128 1127 1251 1181 tuo;
1281 1126 1330 1168 et
1381 1115 1492 1167 sine
1523 1113 1634 1180 ipso
1669 1112 1867 1180 factum
1911 1119 1988 1164 est

407 1219 537 1271 nihil
569 1219 705 1286 quod
755 1215 956 1282 factum
999 1220 1098 1264 est.
1156 1207 1219 1260 Et
1252 1207 1485 1260 Paulus:
1519 1203 1622 1257 Per
1651 1220 1808 1274 quem
1859 1204 1983 1271 fecit

409 1321 456 1362 et
521 1308 738 1361 sa’cula.
809 1304 932 1358 Mox
991 1302 1195 1364 adddit,
1251 1297 1775 1355 Consubstantialem
1813 1296 1989 1350 Patri.

409 1413 516 1466 qua
557 1398 712 1448 unica
763 1408 899 1448 voce
946 1390 1374 1458 emncmdejicit
1416 1403 1524 1440 non
1563 1397 1772 1439 tantum
1837 1387 1978 1451 Arii,

408 1490 502 1544 sed
534 1497 588 1542 et
616 1485 857 1540 omnium
898 1484 1325 1554 irreligiosorum
1369 1480 1759 1547 blaSphemiam
1797 1494 1862 1533 ac
1893 1479 1997 1532 im-

414 1583 690 1650 pietatem,
715 1576 857 1646 quod
884 1592 913 1630 e
941 1573 1243 1643 Scripturis
1273 1571 1564 1627 deductum
1630 1571 1844 1624 statuit.
1882 1568 1996 1622 Luc

415 1687 536 1726 men
574 1672 721 1724 enim
747 1667 925 1733 Pater,
957 1666 1136 1719 lumen
1165 1663 1335 1718 Filius
1370 1665 1684 1716 nominatur
1718 1672 1772 1716 et
1819 1661 2000 1729 splen-

2093 935 2328 1004 ποίημα,
2358 934 2494 987 ἀλλὰ
2529 936 2625 986 καὶ
2670 933 2781 986 τῶν
2811 933 2951 986 ὅλων
2990 931 3224 1002 ποιητὴς
3253 931 3351 984 σὺν
3385 929 3463 997 τῷ
3497 931 3690 1000 Πατρὶ

2092 1028 2186 1081 καὶ
2212 1029 2605 1098 τῷΠνεὺματι.
2642 1028 2697 1080 '0
2727 1027 2995 1094 ποιήσας
3029 1026 3162 1094 γὰρ,
3191 1025 3347 1094 φησὶ,
3384 1027 3454 1078 τὰ
3477 1025 3693 1077 πάντα

2092 1120 2162 1172 ἐν
2205 1121 2374 1188 Λόγῳ
2400 1135 2516 1173 σου
2542 1136 2556 1150 ·
2589 1118 2686 1172 καὶ
2719 1118 2898 1187 χωρὶς
2928 1117 3114 1170 αὑτοῦ
3139 1116 3378 1185 ἐγένετο
3402 1115 3545 1170 οὐδὲ
3586 1116 3690 1180 ἐν,

2094 1210 2125 1264 ὃ
2154 1212 2380 1280 γέγονε.
2417 1212 2530 1264 Kal
2559 1212 2588 1262 6
2632 1211 2864 1274 Παῦλος,
2912 1212 2998 1265 Δι’
3025 1206 3100 1264 οὗ
3129 1209 3228 1262 καί
3282 1209 3426 1275 τοὺς
3458 1208 3693 1276 αιῶνας

2093 1302 2406 1368 ἐποίησεν.
2442 1298 2578 1356 Εἶτα
2636 1305 2857 1371 ἐπάγει,
2899 1303 3264 1371 Ὀμοούσιον
3317 1301 3398 1368 τῷ
3452 1304 3644 1370 Harp!
3667 1317 3684 1332 '

2098 1395 2190 1447 καὶ
2220 1396 2283 1464 τῇ
2310 1396 2412 1465 μιᾷ
2445 1394 2619 1465 ταύτῃ
2651 1395 2809 1465 ῥήσει
2866 1396 3046 1448 πᾶσαν
3076 1393 3409 1448 καταϐάλλει
3429 1393 3490 1445 ού
3516 1394 3692 1461 μόνον

2111 1487 2346 1556 Ἀρείου,
2383 1487 2519 1540 ἀλλᾶ
2552 1486 2650 1540 καὶ
2694 1486 3106 1541 δυσσεὸούντων
3156 1486 3414 1540 ἁπάντων
3440 1485 3693 1554 βλασφη-

2105 1577 2236 1648 μίαν
2264 1595 2322 1630 τε
2355 1578 2450 1632 καὶ
2482 1578 2763 1632 ἀσέϐειαν.
2798 1578 2907 1631 Kal
2937 1578 3119 1646 τίθησι
3149 1576 3310 1630 τοῦτο
3340 1578 3589 1644 συνάγων
3616 1577 3692 1629 ὲκ

2103 1669 2212 1721 τῶν
2263 1669 2517 1739 Γραφῶν.
2551 1668 2671 1732 Φῶς
2726 1669 2838 1740 γὰρ
2892 1671 2920 1722 6
2971 1669 3185 1738 Πατὴρ,
3217 1669 3312 1722 καὶ
3354 1671 3470 1738 φῶς
3497 1671 3525 1722 6
3555 1668 3692 1730 Υίδς

412 1764 510 1817 dor
565 1762 769 1832 glorim,
801 1758 1083 1826 Filiusque
1105 1747 1417 1822 vetuslquae
1453 1753 1998 1808 consubstantialita-

2107 1760 2453 1829 ὀνομάζεται,
2506 1763 2601 1815 καὶ
2649 1761 2992 1829 ἀπαύγασμα
3041 1761 3143 1829 τῆς
3205 1760 3391 1830 δόξης,
3429 1761 3524 1812 καὶ
3555 1760 3689 1821 Υἱὸς

410 1860 518 1908 tem
538 1852 841 1906 stabiliunt.
871 1848 1115 1915 Namque
1143 1859 1250 1898 non
1296 1844 1399 1896 alia
1431 1843 1653 1896 luminis
1685 1851 1739 1897 et
1771 1841 1996 1896 luminis

410 1953 626 2009 natura,
673 1952 763 1996 aut
801 1939 1022 1994 luminis
1070 1935 1398 2008 Splendoris,
1434 1945 1524 1988 aut
1557 1932 1738 1988 Patris
1764 1942 1818 1988 et
1847 1933 1994 1988 Filii.

816 2143 1332 2201 Cansnbstantialem
1400 2141 1580 2196 Patri.

481 2263 541 2319 Si
562 2276 690 2330 ergo
711 2276 854 2316 unus
877 2259 1042 2324 Deus,
1067 2257 1227 2312 Pater
1243 2272 1371 2311 vero
1391 2259 1525 2326 ipse,
1548 2255 1992 2309 consubstantia-

415 2355 484 2412 lis
513 2370 645 2410 sane
660 2353 841 2415 Pater,
859 2361 913 2406 et
937 2351 1098 2404 unius
1115 2347 1262 2412 Filii,
1291 2347 1554 2417 unigenili
1580 2346 1812 2399 scilicet.
1837 2344 1994 2400 Unde

415 2447 612 2502 merito
641 2441 1133 2500 consubstantialis
1174 2440 1340 2494 Filius
1371 2449 1425 2491 et
1455 2453 1579 2492 vere
1603 2439 1764 2503 Deus,
1797 2451 1896 2490 nec
1925 2451 1992 2490 ex

414 2539 522 2593 alia
543 2536 873 2593 substantia.
900 2533 1187 2600 Quomodo
1217 2532 1362 2584 enim
1389 2528 1561 2582 Filius
1595 2530 1700 2582 erit
1721 2529 1764 2582 si
1795 2543 1860 2581 ex
1882 2527 1992 2580 alia

417 2630 719 2687 substantia
755 2635 850 2681 aut
890 2621 1378 2690 essentiaiAtque
1417 2621 1463 2674 si
1520 2619 1664 2673 Deus
1705 2616 1985 2686 perfectus

418 2721 597 2787 Pater,
639 2729 695 2774 et
743 2719 951 2787 absque
1007 2714 1234 2768 libidine
1262 2726 1292 2767 e
1319 2714 1498 2780 seipso
1530 2725 1822 2780 generans,
1882 2708 1989 2764 hoc

421 2812 656 2867 Verbum
687 2811 876 2882 gignit,
921 2811 1094 2863 vivam
1129 2805 1453 2874 sapientiam
1516 2819 1693 2865 suam,
1724 2805 1998 2871 quomodo

421 2919 530 2957 non
575 2897 1066 2956 consubstantialis
1118 2895 1294 2950 Filius
1324 2893 1567 2964 gignenti
1620 2891 1811 2946 Patri?
1864 2890 2000 2948 Vere

417 3010 550 3062 ergo
609 2990 1116 3054 consubstantialis,
1148 2997 1203 3043 et
1261 2988 1342 3042 sic
1397 2985 1588 3041 Patres
1658 2985 1874 3042 docent.
1930 2987 1995 3040 Et

420 3097 606 3158 postea
648 3085 929 3154 sequitur:

767 3195 873 3250 Per
902 3210 1049 3263 quem
1071 3191 1246 3246 omnia
1302 3193 1451 3261 facta
1497 3197 1642 3245 sunt.

495 3311 650 3364 Sicut
707 3323 902 3363 creans
972 3319 1026 3360 ct
1081 3307 1269 3358 vivens
1367 3302 1654 3357 Verbum:

421 3402 611 3455 eadem
670 3415 733 3455 ac
767 3400 944 3453 Patris
971 3408 1186 3460 natura,
1217 3408 1266 3450 et
1305 3411 1430 3449 vere
1463 3409 1678 3463 semper
1713 3395 1766 3448 in
1806 3393 1998 3458 Patre,

421 3507 518 3563 per
546 3491 722 3560 ipsum
744 3489 950 3542 omnia.
979 3487 1172 3542 Omnia
1197 3487 1366 3549 enim,
1385 3487 1462 3539 ait
1487 3485 1674 3549 David,
1700 3488 1756 3538 in
1788 3486 2001 3555 sapien-

422 3585 496 3635 tia
531 3582 720 3650 fecisti.
749 3578 816 3632 Et
846 3577 1235 3632 Parabolarum
1263 3579 1540 3646 scriptor:
1572 3575 1709 3630 Deus
1742 3579 2004 3640 sapientia

428 3673 668 3744 fundarit
700 3683 912 3727 terram.
945 3671 1007 3724 Et
1029 3672 1080 3724 in
1106 3670 1382 3740 Sapientia
1411 3670 1589 3724 adhuc
1618 3670 1874 3725 Salomon
1905 3671 2002 3736 ait,

429 3778 487 3821 ut
517 3776 674 3820 antea
709 3766 970 3834 scriptum
1001 3771 1084 3818 est
1106 3779 1120 3816 :
1142 3763 1246 3828 Qui
1279 3761 1449 3831 fecisti
1489 3764 1663 3816 omnia
1701 3762 1863 3816 Verbo
1891 3774 2000 3826 tuo,

423 3872 472 3914 et
503 3859 760 3928 sapientia
793 3865 884 3910 tua
923 3855 1241 3909 constituisti
1300 3855 1582 3908 hominem.
1613 3854 1677 3909 Et
1717 3854 2002 3922 Evangeli—

420 3950 739 4007 sta:0mnia
771 3951 1070 4019 perbipsum
1104 3950 1245 4018 facta
1281 3959 1419 4009 sunt,
1453 3948 1650 4016 inquit,
1679 3955 1726 3998 et
1747 3947 1861 3999 sine
1890 3947 2002 4015 ipso

421 4047 623 4114 factum
682 4053 758 4098 est
818 4043 952 4096 nihil
983 4045 1120 4110 quod
1169 4041 1367 4111 factum
1398 4025 1496 4094 est.
1531 4040 1598 4095 Et
1634 4039 1863 4093 Paulus:
1897 4037 2004 4091 Per

420 4153 571 4206 quem
625 4135 750 4204 fecit
809 4143 858 4187 et
889 4131 1107 4198 stecu'la,
1136 4142 1189 4188 et
1219 4133 1372 4201 plura
1403 4132 1504 4184 alia
1537 4131 1606 4185 de
1641 4147 1704 4187 eo
1762 4140 1890 4187 sunt
1946 4133 2000 4186 in

422 4229 604 4282 divina
638 4226 939 4294 Scriptura.
976 4223 1100 4278 Haec
1124 4240 1255 4293 ergo
1291 4228 1353 4280 de
1388 4223 1549 4280 Verbi
1582 4225 1726 4294 quod
1760 4235 1846 4279 cst
1875 4234 2002 4279 ante

422 4321 621 4375 sascula
640 4318 1011 4387 generatione,
1039 4332 1160 4385 quin
1194 4318 1389 4370 merito
1413 4318 1777 4384 pronuntians
1809 4317 2004 4371 Eccle-

419 4412 603 4475 sia,et
641 4409 708 4464 de
741 4407 861 4476 ejus
892 4409 1201 4462 oeconomia
1241 4409 1603 4476 humanaeque
1655 4417 1863 4460 natum
1910 4422 2000 4460 as-

424 4502 738 4571 sumptione
787 4502 903 4555 hth
955 4499 1167 4566 statuit.
1229 4497 1333 4552 Sed
1403 4499 1620 4569 pictatis
1650 4512 1838 4551 veram
1870 4496 2000 4550 vide

422 4596 728 4649 doctrinam
762 4604 815 4648 et
851 4593 1135 4647 scientiam
1167 4611 1180 4646 :
1216 4588 1379 4644 Verbi
1437 4593 1846 4658 generationem
1880 4589 2000 4659 qui-

425 4687 545 4740 dem
582 4697 706 4738 ante
733 4684 954 4750 stecula,
983 4685 1190 4752 absque
1216 4682 1458 4752 qualibet
1477 4697 1640 4735 causa
1661 4681 1994 4755 conﬁtetur:

425 4775 728 4829 secundum
757 4783 1007 4827 naturam
1041 4777 1186 4828 enim
1239 4789 1270 4828 e
1305 4772 1463 4828 Patre
1498 4773 1694 4838 Filius,
1747 4790 1846 4829 nec
1879 4792 2001 4845 pro-

427 4879 546 4937 pter
603 4882 926 4935 quemquam
955 4878 1282 4936 generatus;
1315 4869 1476 4922 ideo:
1506 4865 1571 4920 In
1593 4870 1849 4937 principio
1888 4879 2004 4924 erat

431 4959 674 5022 Verbum,
709 4955 973 5025 scriptum
1009 4967 1237 5023 est;ct:
1264 4960 1416 5021 Quod
1456 4969 1574 5012 erat
1604 4961 1669 5012 ab
1706 4962 1897 5027 initio;
1927 4972 2001 5025 et,

430 5049 532 5113 Qui
577 5057 690 5100 erat
745 5047 992 5117 splendor
1055 5048 1240 5117 gloria:
1291 5058 1340 5102 et
1377 5051 1651 5103 character
1687 5052 2000 5106 substantia:

426 5144 561 5211 ejus.
601 5143 798 5198 Verum
851 5141 916 5196 de
968 5141 1146 5198 Verbo
1204 5149 1457 5194 naturam
1497 5141 1788 5194 humanam
1845 5159 2008 5196 assu-

431 5245 648 5303 ntente,
682 5251 802 5291 cum
835 5235 1029 5290 ultimo
1061 5232 1267 5287 factum
1293 5241 1379 5286 est
1410 5231 1537 5284 illud
1574 5241 1626 5284 et
1664 5240 1878 5301 tempus
1913 5237 2009 5287 lna-

429 5330 568 5397 buit,
624 5329 942 5384 novissimis
990 5325 1329 5397 temporibus
1392 5324 1644 5379 ellectum
1699 5333 1750 5377 et
1785 5337 2007 5393 propter

431 5435 676 5477 nostram
715 5421 943 5478 salutem
967 5439 984 5488 ;
1014 5421 1119 5476 hoc
1145 5419 1392 5476 divinum
1421 5417 1583 5473 docet
1611 5416 1919 5488 symbolum
1953 5429 2006 5473 et

431 5513 567 5569 dicit
589 5530 606 5569 :

1722 3302 1770 3356 si
1849 3302 1992 3356 enim
2027 3300 2070 3360 ϐ

2111 1853 2388 1919 ἀληθινὸς,
2421 1854 2583 1908 ama
2611 1854 2676 1924 δὴ
2702 1853 2762 1906 τὸ
2804 1852 3094 1923 ὁμοούσιον
3139 1853 3405 1923 παριστᾷ.
3465 1851 3541 1904 Οὐ
3573 1851 3688 1922 γάρ

2111 1943 2245 2012 ἄλλη
2270 1943 2433 2008 φύσις
2460 1944 2636 2012 φωτὸς
2665 1945 2758 1997 καὶ
2788 1944 2990 2012 φωτὸς,
3031 1945 3064 2016 ἢ
3096 1943 3275 2013 φωτὸς
3317 1941 3693 2012 άπαυγάσμα-

2104 2051 2216 2100 τος,
2252 2035 2284 2104 ἢ
2324 2035 2538 2106 Πατρός
2572 2053 2632 2088 τε
2670 2038 2765 2090 καὶ
2789 2036 2944 2091 Υίοῦ.

2533 2153 2886 2221 Ὀιιοούσιον
2916 2151 2996 2218 τῷ
3041 2153 3255 2221 Πατρί.

2173 2267 2233 2318 El
2261 2262 2357 2319 οὖν
2381 2259 2463 2329 εἷς
2492 2267 2518 2318 6
2548 2265 2704 2328 Θεὸς,
2742 2263 2934 2334 Πατὴρ
2957 2263 3013 2315 δὲ
3046 2261 3230 2327 αὖτδς,
3249 2263 3542 2332 ὁμοουσίου
3577 2261 3692 2332 ἄρα

2102 2357 2291 2429 Πατὴρ
2339 2360 2432 2410 καὶ
2470 2358 2588 2420 ἑνὸς
2630 2357 2762 2409 Υἱοῡ
2791 2373 2805 2388 ·
2853 2357 3176 2425 μονογενοῦς
3206 2358 3336 2426 γάρ.
3363 2356 3526 2410 Ὀοεν
3555 2360 3690 2426 δμο-

2100 2451 2280 2513 ούσιος
2313 2450 2540 2514 δικαίως
2572 2452 2598 2504 6
2629 2451 2780 2513 Υἱὸς,
2813 2451 2908 2502 καὶ
2941 2449 3076 2512 Θεὸς
3103 2449 3340 2519 άληθῶς,
3379 2450 3474 2502 καὶ
3504 2451 3604 2503 οὐκ
3629 2451 3690 2515 ἐξ

2100 2541 2294 2610 ἑτέρας
2352 2543 2565 2604 οὐσίας.
2627 2541 2750 2604 Πῶς
2799 2542 2910 2611 γὰρ
2965 2541 3121 2594 ἔσται
3150 2542 3297 2608 Υίδς,
3333 2545 3380 2594 εί
3419 2541 3480 2605 ἐξ
3508 2541 3682 2610 ἄλλης

2103 2629 2458 2693 ὑποστάσεως
2504 2633 2537 2698 ἢ
2569 2631 2795 2697 οὐσίας;
2832 2632 2924 2685 καὶ
2966 2633 3015 2685 εί
3036 2630 3240 2696 τέλειος
3273 2633 3300 2684 6
3329 2631 3462 2694 Θεὸς
3495 2633 3688 2701 Πατὴρ

2102 2719 2200 2787 ὢν,
2255 2723 2355 2775 καὶ
2376 2722 2607 2787 ἀπαθῶς
2640 2722 2847 2788 γεννῶν
2875 2718 2933 2787 ἐξ
2965 2723 3155 2788 αὐτοῦ,
3192 2726 3355 2794 γεννᾷ
3387 2725 3444 2776 δὲ
3494 2723 3687 2776 τοῦτον

2103 2811 2196 2866 τὸν
2237 2815 2415 2883 Λόγον
2450 2815 2551 2884 τὴν
2583 2816 2764 2880 ζῶσαν
2789 2818 2988 2884 σοφίαν
3013 2807 3250 2869 ἑαυτοῦὀ
3281 2817 3399 2880 πῶς
3425 2819 3524 2886 οὐχ
3559 2817 3690 2886 ὁμο-

2105 2905 2288 2970 ούσιος
2337 2909 2366 2959 6
2401 2907 2529 2971 Υἱὸς
2576 2908 2654 2978 τῷ
2707 2910 3066 2980 γεγεννηκότι
3116 2909 3329 2978 Πατρί;
3365 2909 3688 2974 Ὀμοούσιος

2109 2995 2205 3052 οὖν
2240 2999 2477 3065 ἀληθῶς.
2532 3002 2644 3054 Kal
2676 3005 2724 3055 οἱ
2783 3004 3024 3073 Πατέρες
3051 3001 3196 3056 οὕτω
3252 2984 3406 3072 φασί.
3436 3003 3550 3054 Kal.
3605 3002 3688 3054 ἔτι

2108 3091 2421 3154 ἀκολούθως
2454 3109 2467 3123 ⁸

2391 3209 2555 3279 297
2589 3210 2670 3263 Δι’
2707 3206 2780 3267 οὗ
2806 3213 2879 3265 τὰ
2909 3212 3106 3267 πάντα
3139 3213 3397 3283 ἐγένετο.

2191 3322 2277 3384 Ὠς
2319 3323 2660 3394 δημιουργοῦ
2704 3325 2798 3378 καὶ
2827 3325 3029 3390 ζῶντος
3059 3326 3257 3392 Λόγου.
3293 3325 3354 3379 Εί
3396 3323 3506 3394 γάρ
3553 3341 3685 3392 συμ-

2108 3415 2249 3485 φυὴς
2279 3408 2433 3473 οὗτος
2461 3415 2536 3485 τῷ
2571 3417 2768 3485 Πατρὶ,
2803 3417 2897 3470 καὶ
2929 3418 3017 3470 ἀεὶ
3045 3419 3102 3470 ὲν
3136 3417 3214 3488 τῷ
3241 3420 3417 3490 Πατρὶ
3449 3419 3685 3488 ἀληθῶς

2106 3505 2172 3558 δι’
2203 3506 2367 3559 αὐτοῦ
2402 3509 2470 3560 τὰ
2506 3509 2702 3562 πάντα.
2739 3509 2942 3563 Πάντα
2985 3511 3113 3579 γὰρ,
3146 3514 3313 3579 φησὶν
3346 3514 3374 3564 6
3406 3512 3589 3574 Δασὶδ,
3616 3513 3686 3565 ἐν

2106 3598 2296 3663 σοφίᾳ
2338 3597 2659 3663 ἐποίησας.
2688 3599 2796 3651 Kal
2821 3599 2848 3650 6
2882 3601 3294 3669 Παροιμιαστὴς
3326 3601 3403 3665 δὲ,
3443 3601 3506 3654 '0
3541 3603 3684 3666 Θεὸς

2108 3687 2182 3756 τῇ
2225 3691 2411 3756 σοφίᾳ
2444 3691 2810 3758 ἑθεμελίωσε
2859 3691 2972 3758 τὴν
3007 3691 3141 3762 γῆν.
3175 3694 3283 3746 Kal
3327 3696 3385 3746 ἐν
3411 3698 3474 3764 τῇ
3517 3695 3686 3764 Σοφία

2107 3780 2354 3860 πάλιν.ὁ
2407 3780 2660 3849 Σολομῶν
2716 3799 2916 3851 φησιν,
2969 3784 3046 3848 ὼς
3099 3785 3551 3853 προγέγραπται’
3621 3786 3683 3838 '0

2105 3871 2370 3936 ποιήσας
2429 3871 2500 3925 τὰ
2551 3873 2748 3926 πάντα
2795 3874 2865 3927 ἐν
2889 3876 3056 3943 Λόγῳ
3085 3891 3220 3943 σου,
3258 3878 3351 3928 καὶ
3385 3876 3460 3944 τῇ
3500 3880 3683 3945 σοφίᾳ

2105 3979 2223 4016 σου
2251 3965 2720 4030 κατασκευάσας
2744 3966 2850 4019 τὸν
2878 3967 3215 4034 ἄνθρωπον.
3251 3971 3358 4022 Kal
3385 3973 3413 4023 6
3448 3972 3685 4037 Εὑαγγε-

2104 4054 2316 4124 λιστὴς,
2354 4055 2558 4108 Πάντα
2587 4055 2664 4108 δι’
2693 4059 2882 4111 αὑτοῦ
2911 4057 3170 4126 ἐγένετο,
3202 4061 3423 4129 φάσκει,
3450 4064 3546 4116 καί
3576 4081 3682 4131 χω-

2095 4145 2197 4214 ρὶς
2231 4147 2421 4201 αὐτοῦ
2455 4147 2695 4216 ἐγένετο
2735 4148 2879 4202 οὐδὲ
2918 4149 2988 4203 ἐν
3021 4151 3052 4204 6
3088 4151 3312 4220 γέγονε.
3343 4155 3455 4207 Καὶ
3485 4157 3513 4207 6
3546 4156 3686 4208 Παῦ-

2104 4236 2194 4299 λος
2215 4253 2230 4267 ο
2258 4239 2339 4290 Δι’
2371 4233 2442 4293 οὗ
2474 4238 2574 4291 καὶ
2604 4239 2746 4305 τοὺς
2769 4240 2988 4307 αἰῶνας
3017 4241 3289 4311 ἐποίησε.
3326 4245 3435 4297 Kal
3459 4244 3685 4298 πλεῖστα

2104 4329 2242 4404 ἄλλα
2267 4329 2457 4383 τούτου
2485 4347 2546 4398 γε
2576 4331 2738 4400 χάριν
2777 4333 2878 4400 τῆς
2905 4332 3052 4397 Θείας
3081 4333 3188 4386 εἰσὶ
3218 4335 3467 4406 Γραφῆς.
3498 4335 3680 4389 Ταῦτα

2111 4423 2208 4490 μὲν
2231 4421 2326 4474 οὖν
2361 4423 2490 4489 περὶ
2522 4422 2621 4490 τῆς
2646 4424 2976 4492 προαιωνίου
3005 4425 3098 4477 τοῦ
3129 4427 3305 4493 Λόγου
3335 4429 3642 4496 γεννήσεως
3666 4445 3680 4461 ο

2103 4512 2139 4566 ἃ
2185 4513 2281 4565 καὶ
2328 4512 2505 4582 ὀρθῶς
2555 4505 2882 4584 ἐκθεμένηή
2933 4513 3246 4584 Ἐκκλησία,
3301 4517 3396 4570 καὶ
3432 4517 3562 4586 περὶ
3589 4519 3685 4586 τῆς

2102 4607 2414 4676 οἰκονομίας
2441 4604 2604 4658 αὑτοῦ
2633 4607 2728 4660 καὶ
2753 4607 3228 4679 ὲνανθρωπὴσεως
3252 4608 3427 4663 ταῦτα
3451 4611 3680 4681 τίθησιν.

2120 4699 2263 4754 Ἀλλ’
2286 4702 2387 4770 ὅρα
2409 4699 2506 4770 τὴν
2529 4701 2626 4770 τῆς
2658 4700 2938 4762 εὐσεὸείας
2964 4700 3139 4770 ἀληθῆ
3173 4701 3471 4770 παράδοσίν
3504 4719 3563 4755 τε
3593 4703 3683 4754 καὶ

2109 4791 2332 4860 γνῶσιν.
2366 4791 2477 4862 Τὴν
2512 4791 2613 4860 μὲν
2664 4791 2771 4861 γὰρ
2801 4791 2894 4843 τοῦ
2927 4792 3101 4858 Λόγου
3138 4792 3466 4857 προαιώνιον
3499 4793 3685 4860 γέννη-

2112 4899 2198 4935 σιν
2243 4883 2369 4951 δίχα
2415 4883 2560 4944 τινὸς
2609 4883 2789 4944 αἰτίας
2831 4881 3102 4949 ὁμολογεῖ.
3133 4883 3289 4936 Κατὰ
3331 4883 3496 4949 φύσιν
3526 4884 3630 4951 γὰρ
3659 4884 3684 4936 6

2112 4973 2240 5035 Υἱὸς
2267 4975 2332 5025 ὲκ
2361 4971 2456 5024 τοῦ
2486 4975 2718 5042 lla-spec,
2748 4973 2841 5024 καὶ
2883 4973 2943 5024 οὐ
2980 4971 3138 5041 χάριν
3171 4973 3318 5034 τινδς
3351 4976 3684 5043 γεγεννημέ-

2112 5082 2222 5127 νος.
2250 5064 2339 5116 Διδ
2362 5063 2480 5128 καὶ,
2527 5063 2625 5116 Ἐν
2652 5062 2810 5132 ἀρχῇ
2835 5060 2914 5133 ἦν
2934 5066 2966 5117 ό
2987 5065 3198 5132 Λόγος,
3226 5063 3556 5134 γέγραπται.
3584 5065 3684 5117 Καὶ

2109 5157 2192 5219 τὸ,
2229 5156 2336 5223 Ὃς
2381 5151 2459 5226 ἦν
2486 5156 2790 5227 ἁπαρχῆς.
2826 5156 2935 5209 Kal
2964 5157 3045 5220 τὸ,
3073 5159 3170 5222 Ὃς
3213 5152 3294 5226 ἦν
3321 5157 3684 5226 ἀπαύγασμα

2110 5248 2220 5316 τῆς
2250 5249 2457 5316 δόξης,
2493 5249 2591 5302 καὶ
2633 5249 2942 5317 χαρακτὴρ
2997 5247 3108 5316 τῆς
3147 5246 3549 5313 ὑποστάσεως
3585 5251 3685 5300 αὺ-

2109 5343 2236 5396 τοῦ.
2283 5342 2408 5395 Ἐπὶ
2437 5342 2496 5394 δὲ
2526 5343 2590 5412 τῇ
2623 5340 2717 5393 τοῦ
2749 5342 2924 5406 Λόγου
2971 5341 3407 5412 ὲνανθρωπήσει,
3460 5341 3684 5409 ἐπεί-περ

2111 5434 2338 5505 ὓστερον
2392 5435 2532 5504 αὕτη
2582 5435 2797 5502 γέγονε,
2845 5437 2936 5488 καὶ
2977 5435 3168 5504 χρόνον
3198 5436 3377 5504 ἔσχεν,
3413 5434 3498 5486 ἐπ’
3527 5435 3684 5502 ἐσχά-

2109 5543 2220 5579 των
2265 5525 2376 5579 τῶν
2409 5525 2621 5579 αἰώνων
2672 5525 3002 5596 πραχοείσα,
3058 5527 3153 5579 καὶ
3204 5527 3386 5579 αἰτίαν
3433 5526 3532 5594 τὴν
3581 5541 3683 5578 σω-

2115 5618 2313 5688 τηρίαν
2338 5617 2522 5705 ἡμῶν,
2554 5617 2712 5672 τοῦτο
2747 5618 2920 5672 καὶτὸ
2953 5617 3094 5705 θεῖον
3120 5618 3360 5674 διδάσκει
3390 5615 3679 5687 Σύμϐολον,

2120 5727 2211 5764 και
2239 5724 2391 5780 φησισ
