4068 6280
268 342 375 406 765

1289 328 1705 395 EXPOSlTlO
1743 329 1966 389 SACRI
2007 329 2363 392 SYMBOLI.

3393 337 3498 399 766

271 455 384 508 Τὸν
409 450 484 504 δι’
519 446 670 515 ἡμᾶς
706 447 852 513 τοὺς
879 445 1252 512 ἀνθρώπους,
1277 445 1376 496 καὶ
1411 442 1507 496 διὰ
1531 441 1665 515 -τὴν
1695 440 1836 515 ἠμε-

1945 434 2042 502 Qui
2070 450 2282 508 propter
2307 456 2400 494 nos
2431 442 2665 515 homines
2687 451 2736 496 et
2770 453 2982 512 propter
3010 453 3244 498 nostram
3273 446 3499 504 salutem

335 511 885 586 τέρατι-σωτηρίαν,
943 511 1312 571 κατελθόντα
1358 515 1427 566 ἐκ
1481 511 1603 565 τῶν
1651 512 1830 579 οὐρα-

333 608 481 648 νων.

341 729 484 797 Ὅρα
513 727 811 797 μυστήριον
840 724 1170 793 θαυμαστὸν,
1199 721 1293 776 καὶ
1314 722 1375 775 οὐ
1406 717 1716 788 θαυμαστὸν
1741 711 1837 768 αὗ-

267 818 353 882 θις
384 819 472 872 διὰ
505 818 565 870 τὸ
594 817 694 884 τῆς
724 815 872 878 θείας
905 813 1184 882 δυνάμεως
1213 812 1458 880 ἄπειρον.
1489 808 1563 862 Τὸ
1596 808 1692 876 μὲν
1723 807 1833 875 γὰρ

268 909 523 972 τοσοῦτον
568 905 1089 975 συγκαταϐῆναιιτὸν
1118 905 1250 958 Θεὸν
1282 904 1475 970 Λόγον,
1507 902 1581 962 ὡς
1622 900 1834 971 ἀνθρω-

270 1002 413 1070 πίνῳ
445 1000 710 1068 ἑνωθῆναι
747 999 887 1066 μετὰ
915 997 1090 1066 ψυχῆς
1123 996 1428 1065 φυράματι,
1453 994 1711 1045 ἐπέκεινα
1742 990 1834 1042 νοῦ

206 1099 218 1114 ³
268 1093 473 1155 παντός
497 1107 511 1123 ⁸
540 1092 597 1145 τὸ
621 1090 665 1144 δ’
697 1090 858 1143 αὐτὸν
888 1088 1179 1156 δυνηθῆναι
1212 1087 1368 1139 τοῦτο
1393 1084 1739 1152 διενεργῆσαι
1772 1081 1833 1133 οὐ

271 1184 580 1256 θαυμαστὸν
629 1183 724 1238 καὶ
766 1183 1048 1247 ἀδύνατον,
1100 1178 1504 1245 παντοδύναμος
1550 1176 1694 1242 γάρ·
1745 1172 1836 1224 καὶ

217 1271 220 1274 ’
266 1278 365 1330 οὐκ
396 1276 652 1344 ὴλλοίωτο
697 1276 762 1344 τῇ
805 1273 1054 1342 Θεότητι,
1100 1270 1222 1322 οὑδὲ
1268 1286 1389 1321 τινα
1440 1267 1626 1318 σπῖλον
1678 1267 1836 1333 ἔσχεν

215 1383 220 1424 ἰ
267 1368 486 1429 ἑνωθεὶς
536 1366 615 1435 τῷ
659 1364 966 1433 ἀνθρώπῳο
1019 1361 1218 1431 μᾶλλον
1263 1360 1319 1410 δὲ
1368 1354 1435 1428 ἦν
1463 1355 1706 1423 ἁγιάζων
1745 1353 1835 1406 τὸν

215 1462 228 1528 ίῖ
267 1461 570 1529 ἄνθρωπον.
594 1457 907 1528 Ἀνθρωπος
939 1455 997 1506 δὲ
1029 1452 1105 1522 τῷ
1135 1451 1394 1521 ὁρωμένῳ
1421 1448 1595 1515 τούτῳ
1620 1447 1830 1514 κόσμῳ,

218 1531 232 1554 ’⁵
268 1553 328 1605 τὸ
355 1551 701 1620 τιμιώτατον,
732 1550 870 1613 ζῶον
906 1543 1360 1613 λογικὸνιψυχὴν
1389 1540 1584 1608 νοερὰν
1629 1554 1832 1602 κεκτη-

269 1643 450 1711 μένος,
477 1642 570 1694 καὶ
603 1639 727 1694 νοῦν
762 1639 860 1709 μὲν
891 1636 1024 1704 πρὸς
1056 1633 1404 1700 κατανόησιν,
1435 1630 1592 1699 λόγον
1617 1629 1672 1680 δὲ
1700 1627 1836 1692 πρὸς

265 1732 574 1802 δοξολογίαν
630 1731 770 1800 ἔχων
814 1729 974 1791 Θεοῦ,
1027 1723 1396 1793 ἀπεικόνισμά
1444 1740 1504 1775 τε
1554 1723 1646 1775 τοῦ
1688 1719 1833 1772 θείου

2427 513 2692 566 descendit
2731 517 2793 568 de
2843 514 3007 569 cretis.

2013 706 2143 762 Vide
2188 709 2433 765 mirabile
2489 714 2828 783 mysterium,
2863 731 2965 770 nec
3007 717 3072 771 de
3106 733 3250 773 novo
3301 721 3500 775 mirum

1936 807 2157 868 propter
2183 799 2378 853 divinae
2415 807 2669 870 potentia:
2726 807 3104 874 inexpertum:
3168 819 3282 863 tum
3351 812 3499 882 enim

1939 885 2077 940 adeo
2106 889 2478 945 exinanivisse
2509 908 2567 946 se
2595 893 2757 949 Deum
2800 896 3038 951 Verbum
3096 908 3156 952 ut
3211 900 3342 953 limo
3377 903 3502 954 uni-

1937 985 2051 1030 tum
2089 980 2161 1032 sit
2196 980 2436 1034 humano
2471 998 2594 1036 cum
2629 987 2829 1050 anima,
2859 991 3003 1056 quod
3033 999 3257 1057 supcrat
3281 1006 3500 1046 omnem

1938 1069 2314 1135 intellectum;
2371 1081 2485 1126 tum
2556 1090 2680 1127 eum
2752 1078 2804 1130 id
2860 1080 3038 1134 facere
3096 1085 3361 1150 potuissle,
3404 1098 3508 1138 nec

1939 1161 2135 1213 mirum
2170 1177 2268 1215 nec
2304 1163 2636 1231 impossibile
2670 1167 2716 1220 ei
2755 1172 2846 1234 qui
2879 1174 3066 1225 omnia
3104 1183 3300 1240 patest.
3337 1175 3447 1230 Nec
3472 1192 3503 1231 ε

1941 1250 2149 1304 Deitatc
2173 1261 2416 1307 mutatus
2443 1265 2525 1309 est
2558 1272 2656 1310 nec
2692 1259 2857 1312 ullam
2886 1264 3151 1316 maculam
3181 1267 3406 1321 admisit
3438 1283 3507 1322 ex

1938 1342 2191 1396 humanae
2226 1358 2438 1397 naturae
2485 1351 2886 1417 assumptione,
2931 1353 3038 1406 imo
3075 1356 3346 1410 imminem
3384 1375 3511 1412 san-

1929 1431 2236 1488 'cti[icabat.
2289 1433 2466 1488 Homo
2497 1453 2626 1490 vero
2653 1439 2775 1493 huic
2804 1443 3002 1495 visibili
3037 1444 3263 1508 mundo,
3303 1445 3512 1501 honore

1940 1528 2236 1590 maximus,
2311 1529 2510 1582 animal
2587 1533 2871 1598 rationale,
2945 1537 3123 1589 anima
3184 1539 3508 1608 intelligenti

1940 1614 2226 1680 praeditus,
2260 1629 2500 1672 mentem
2528 1621 2744 1688 quidem
2803 1624 2869 1677 ad
2899 1625 3206 1692 scientiam,
3239 1630 3508 1682 rationem

1939 1721 2074 1764 Vero
2103 1709 2171 1762 ad
2224 1710 2437 1765 laudem
2474 1713 2678 1767 habens
2713 1713 2832 1780 Dei,
2892 1717 3048 1786 cujus
3084 1721 3510 1787 pulchritudinis

266 1797 500 1885 κάλλους
524 1797 726 1874 τελῶν·
754 1819 824 1872 δι’
852 1817 911 1870 ὃν
941 1817 1037 1869 καὶ
1065 1816 1156 1868 τὸν
1181 1813 1387 1882 κόσμον
1417 1809 1697 1878 γεγονέναι
1731 1806 1831 1858 πᾶ⁸

1945 1802 2363 1860 similitudinem
2398 1818 2509 1872 prae
2539 1820 2598 1860 se
2626 1805 2748 1871 fert,
2776 1817 2998 1876 propter
3024 1826 3185 1876 quem
3222 1821 3274 1865 et
3319 1816 3508 1869 orbem

207 1927 210 1930 '
268 1913 354 1967 σίν
387 1916 534 1966 ἐστιν
569 1913 848 1983 ᾀδόμενον.
888 1910 951 1962 El
980 1907 1074 1960 οὖν
1106 1908 1164 1958 ἐν
1201 1904 1278 1974 τῷ
1306 1902 1522 1972 οὐρανῷ
1551 1901 1834 1953 κατοικεῖν

267 2005 484 2073 λέγεται
526 2003 617 2057 τὸν
661 2003 812 2065 Θεὸν,
857 2001 952 2054 καὶ
990 2001 1048 2052 ὲν
1081 1999 1195 2060 τοῖς
1233 1998 1398 2050 πᾶσιν
1441 1990 1602 2058 εἶναι,
1645 1994 1737 2044 καὶ
1769 1989 1838 2042 τὰ

268 2099 448 2150 πάντα
494 2096 756 2164 πληροῦν,
791 2093 843 2145 τί
881 2089 1210 2160 θαυμαστὸν,
1254 2089 1303 2140 εί
1351 2087 1447 2139 καὶ
1492 2083 1836 2153 ἀνθρώπινον

270 2187 409 2254 μετὰ
435 2185 614 2256 ψυχῆς
659 2182 991 2254 προσείληφε
1043 2181 1225 2250 σῶμα,
1257 2179 1350 2232 καὶ
1393 2177 1593 2230 ἐνοικεῖ
1626 2174 1836 2242 τούτῳ,

215 2340 218 2341 ν
266 2283 358 2335 καὶ
401 2279 716 2350 ἁχωρίστως
742 2279 872 2332 ίδιον
905 2277 1016 2348 ἔχει
1046 2277 1103 2328 ιν
1137 2274 1284 2343 αὐτῷ
1315 2274 1390 2345 μὴ
1422 2271 1838 2342 περιγραφόμε-

267 2390 398 2438 νος,
463 2371 536 2434 ῶς
588 2388 673 2433 τις
728 2371 830 2439 ἔφη
881 2368 987 2424 τῶν
1048 2367 1350 2436 θεηγόρων,
1382 2363 1477 2416 καὶ
1508 2362 1666 2415 τοῦτο
1714 2361 1838 2413 ναὸν

271 2466 524 2534 ἐποίησεν
555 2462 753 2530 ἑαυτῷ,
792 2461 888 2515 καὶ
934 2460 1241 2530 ἀδιαίρετον
1279 2457 1579 2526 σκήνωμα;
1619 2453 1682 2507 El
1730 2452 1838 2522 γὰρ

272 2556 330 2608 ὲν
355 2555 529 2622 ἁγίοις
556 2551 1002 2606 ὲπαναπαύεσθαι
1031 2549 1269 2618 λέγεται,
1290 2550 1403 2612 καὶ,
1430 2543 1756 2610 Ἐνοικήσω
1772 2544 1840 2596 ἐν

273 2646 478 2713 αὐτοῖς
505 2647 604 2700 καί
631 2642 1118 2714 ἐμπεριπατήσω,
1148 2642 1480 2711 γέγραπται,
1528 2636 1838 2706 ἀνθρώποις

274 2738 473 2803 ἁγίοις,
508 2737 683 2808 φθορᾷ
735 2737 837 2804 μὲν
873 2735 966 2787 καὶ
1014 2733 1256 2802 ἁμαρτίᾳ
1299 2732 1546 2792 συστᾶσι,
1581 2732 1739 2798 μόνον
1783 2728 1839 2780 δὲ

275 2828 597 2899 καθαρθεϊσι
640 2827 834 2899 μικρόν
871 2844 1018 2880 τισιν
1062 2827 1304 2894 ἀρεταῖς,
1357 2824 1452 2876 καὶ
1505 2819 1838 2889 σκηνώματα

274 2921 409 2974 Θεοῦ
440 2919 723 2988 ἀγαπητὰ,
759 2920 853 2972 καὶ
882 2917 1011 2985 ἅγια
1046 2918 1216 2983 ἁγίων
1243 2917 1311 2969 τὰ
1342 2913 1436 2966 τοῦ
1467 2913 1632 2982 νόμου
1659 2915 1845 2966 ἐκεῖνα

276 3012 632 3082 χειροποίητα
679 3011 773 3063 καὶ
821 3010 1004 3080 ἄψυχα
1041 3008 1313 3069 λέλεκται,
1358 3008 1455 3059 καὶ
1485 3008 1512 3058 6
1547 3005 1651 3057 ὑπὸ
1684 3006 1842 3056 Σολο-

280 3101 490 3170 μῶντος
519 3098 761 3161 κτισθεὶς
793 3098 945 3164 ἃγιος
973 3091 1138 3160 οἶκος,
1187 3096 1281 3147 καὶ
1315 3095 1439 3154 ναὸς
1484 3094 1560 3162 τῷ
1610 3092 1798 3160 Κυρίῳ
1825 3105 1839 3120 ⁸

1943 1894 2260 1949 universum
2325 1893 2526 1949 factum
2573 1911 2694 1951 esse
2761 1898 2829 1952 ab
2868 1898 3121 1954 omnibus
3179 1903 3525 1966 celebratum.

1942 1985 1998 2041 Si
2035 1987 2202 2055 igitur
2233 1986 2287 2040 iu
2348 1986 2504 2042 caelis
2538 1987 2787 2043 habitare
2815 1989 3018 2045 dicitur
3047 1992 3211 2060 Deus,
3243 1997 3296 2048 in
3323 1998 3508 2050 omniw

1941 2079 2043 2132 bus
2084 2094 2227 2144 esse,
2278 2089 2330 2134 et
2380 2090 2578 2135 cuncta
2641 2082 2960 2151 adimplere,
3017 2086 3150 2154 quid
3207 2089 3404 2142 mirum
3462 2090 3509 2144 si

1942 2171 2105 2227 etiam
2146 2173 2444 2227 humanum
2475 2189 2598 2245 cum
2629 2177 2811 2231 anima
2867 2192 3069 2247 corpus
3103 2184 3423 2250 assumpsit,
3452 2183 3509 2237 in

1942 2276 2118 2330 eoque
2153 2263 2398 2330 habitat,
2432 2275 2486 2318 et
2543 2267 2982 2335 inseparabiliter
3045 2274 3328 2341 preprium
3363 2284 3512 2330 tenet

1943 2355 1998 2408 in
2033 2369 2096 2408 eo
2122 2369 2232 2408 non
2262 2357 2756 2426 circumscriptus?
2787 2360 2931 2414 sicut
2965 2360 3058 2415 Dei
3092 2364 3340 2418 laudator
3379 2367 3510 2435 qui-

1945 2445 2069 2498 dam
2105 2447 2264 2510 dixit,
2292 2448 2434 2514 quod
2466 2452 2722 2518 templum
2754 2451 2882 2505 fecit
2922 2455 3027 2507 sibi
3062 2455 3513 2526 individuumque

1949 2537 2384 2599 tabernaculum,
2414 2539 2503 2606 qui
2542 2540 2596 2592 in
2654 2542 2860 2595 sanctis
2930 2547 3266 2600 mansionem
3334 2549 3514 2603 facere

1945 2626 2179 2680 dicitur:
2229 2626 2299 2679 Et
2332 2628 2634 2685 inhabitabo
2665 2632 2718 2684 in
2747 2635 2855 2687 illis
2892 2645 2939 2688 et
2977 2637 3273 2702 ambulabo,
3315 2641 3514 2695 scribi-

1945 2725 2066 2771 tur:
2089 2719 2395 2775 hominibus
2421 2726 2646 2787 sanctis,
2677 2729 3026 2794 corruptione
3056 2729 3272 2796 quidem
3301 2742 3355 2785 et
3382 2747 3515 2800 pec-

1945 2814 2068 2860 cato
2142 2808 2376 2876 refertis,
2443 2820 2649 2864 tantum
2702 2829 2830 2867 vero
2908 2817 3180 2885 aliquibus
3234 2822 3513 2889 paululum

1945 2895 2241 2952 virtutibus
2273 2901 2526 2968 expiatis.
2560 2902 2628 2956 Et
2693 2905 3042 2961 tabernacula
3082 2909 3175 2963 Dei
3230 2914 3511 2980 amabilia,

1945 2996 2000 3043 et
2029 3001 2343 3047 sanctorum
2390 3006 2603 3060 sancta,
2633 2999 2767 3068 legis
2813 3000 2904 3054 illa
2939 3002 3218 3057 hominum
3253 3022 3512 3062 tnanuum

1947 3092 2108 3145 opera
2139 3092 2191 3133 et
2222 3082 2518 3137 inanimata
2557 3087 2698 3140 dicta
2725 3096 2874 3152 sunt,
2912 3097 2965 3143 et
2995 3105 3024 3143 a
3060 3090 3350 3148 Salomone
3378 3110 3515 3148 eon-

278 3164 460 3259 πολλῷ
495 3189 696 3258 μᾶλλον
721 3189 782 3240 τὸ
806 3187 1083 3257 κυριακὸν
1111 3184 1292 3254 σῶμα,
1338 3186 1396 3237 ὲν
1430 3183 1578 3252 αὑτῷ
1624 3183 1840 3236 κτισθὲν

1949 3171 2060 3223 dita
2095 3168 2282 3226 saucia
2342 3175 2564 3240 domus,
2601 3188 2655 3232 et
2704 3181 2960 3248 templum
3034 3181 3300 3249 Domino;
3340 3188 3513 3244 multo

279 3281 376 3333 καὶ
425 3281 625 3332 συστὰν
672 3279 801 3348 θείῳ
833 3278 1106 3346 Πνεύματι
1134 3278 1302 3345 χωρὶς
1344 3275 1640 3345 ἁμαρτίας,
1686 3276 1714 3327 ὃ
1752 3276 1846 3327 καὶ

279 3371 484 3425 θεωθὲν
510 3373 574 3440 τῇ
610 3369 797 3422 ἐνώσει
829 3371 897 3422 τὰ
931 3370 1108 3422 πάντα
1139 3368 1461 3434 καθειγιάζει
1495 3368 1621 3430 ναὸς
1664 3367 1835 3420 τελῶν

279 3459 427 3530 αὐτῷ
454 3459 609 3524 ἅγιος
639 3458 732 3511 καὶ
762 3457 1006 3526 ἔμψυχος
1041 3455 1132 3508 καὶ
1163 3455 1487 3523 ἀχώριστος.
1531 3452 1693 3505 Ἀλλὰ
1736 3453 1843 3520 μὴν

276 3552 400 3606 οὐδὲ
452 3552 539 3605 διὰ
580 3551 642 3603 τὸ
693 3549 785 3603 τοῦ
816 3546 1045 3618 οὐρανοῦ
1080 3545 1307 3616 μέγεθος
1345 3544 1564 3612 λέγεται
1594 3543 1682 3595 τὸν
1713 3543 1843 3594 Θεὸν

277 3641 450 3694 οίκεϊν
474 3641 531 3692 ὲν
554 3638 631 3708 τῷ
660 3637 905 3706 οὐρανῷ·
937 3636 1095 3705 σῶμα
1123 3636 1231 3703 γὰρ
1283 3638 1311 3687 6
1355 3633 1583 3702 οὐρανός
1608 3648 1623 3665 ο
1658 3635 1685 3685 6
1711 3633 1844 3694 Θεὸς

275 3731 332 3783 δὲ
359 3729 669 3799 ἀσώματος.
697 3729 761 3782 Ei
787 3727 843 3780 δὲ
869 3727 964 3780 καὶ
989 3727 1130 3802 ῥπὲρ
1152 3725 1212 3777 τὸ
1242 3727 1347 3779 πᾶν
1376 3727 1403 3778 6
1429 3724 1581 3788 Θεὸς,
1618 3725 1710 3778 καὶ
1737 3727 1842 3791 πρὸ

279 3819 374 3872 τοῦ
406 3820 658 3888 γενέσθαι
702 3819 792 3871 τὸν
832 3819 1062 3886 οὐρανὸν
1102 3820 1196 3872 καὶ
1233 3817 1301 3868 τὰ
1343 3817 1448 3870 ὑπὸ
1477 3817 1566 3869 τὸν
1596 3817 1840 3884 οὐρανὸν,

279 3908 620 3976 προαιωνίως
652 3903 772 3978 ἧνὸ
804 3909 933 3966 Θεός
956 3923 971 3938 ο
1003 3907 1084 3969 τίς
1129 3910 1234 3977 ἄρα
1264 3907 1418 3974 λόγος
1447 3909 1558 3962 τοῖς
1602 3907 1839 3973 λέγουσι,

279 3996 402 4059 Πῶς
436 3998 462 4049 6
498 3995 626 4056 Θεὸς
670 3994 994 4065 ὲσαρκώθη;
1030 3996 1062 4064 ἢ
1090 3996 1204 4057 πῶς
1236 3998 1350 4049 ἐστι
1387 3997 1522 4064 μετὰ
1552 3995 1840 4062 σώματος;

281 4087 389 4139 Καὶ
419 4089 885 4156 σεσωματωμένος
920 4089 1028 4155 γὰρ
1054 4087 1257 4153 ὀφθεὶς,
1294 4088 1390 4156 τὴν
1432 4086 1623 4139 ἁῦ).ίαν
1649 4085 1840 4136 ἑαυτοῦ

282 4178 436 4243 φέρει
463 4195 476 4209 δ
505 4179 596 4229 καὶ
618 4177 695 4247 τῷ
724 4179 822 4247 μὲν
848 4177 1058 4247 σώματι
1081 4179 1140 4228 ὲν
1164 4180 1332 4244 τόπῳ,
1363 4180 1427 4245 τῇ
1456 4176 1670 4244 θεότητι
1700 4174 1756 4226 δὲ
1784 4174 1844 4225 τὸ

280 4271 390 4322 πᾶν
421 4270 656 4340 συνέχων
689 4270 821 4335 ἐστὶ,
852 4270 945 4323 καὶ
979 4271 1118 4354 ὑπὲρ
1150 4269 1210 4321 τὸ
1256 4271 1364 4322 πᾶν
1416 4267 1801 4354 εὑρισκόμενος
1824 4279 1837 4293 °

279 4361 373 4410 καὶ
398 4359 486 4412 διὰ
513 4357 606 4411 τοῦ
639 4360 900 4427 παναγίου
928 4357 985 4411 δὲ
1012 4353 1070 4412 οὗ
1101 4358 1433 4428 προσείληφε
1462 4353 1734 4427 σώματος,
1767 4356 1843 4416 ὼς

1949 3263 2120 3330 magis
2151 3263 2495 3322 Dominicum
2527 3285 2752 3340 corpus,
2787 3273 2844 3327 in
2873 3288 2937 3328 eo
2967 3285 3213 3330 creatum
3247 3288 3301 3333 et
3321 3280 3510 3335 divino

1950 3349 2164 3420 Spiritu
2198 3359 2540 3424 coagulatum
2603 3361 2811 3431 absque
2866 3375 3110 3432 peccato,
3139 3368 3281 3436 quod
3330 3385 3361 3422 a
3404 3369 3516 3425 Deo

1953 3443 2287 3501 adunatione
2345 3452 2529 3504 omnia
2568 3463 2877 3518 consecrat,
2911 3459 3170 3527 templum
3208 3462 3512 3528 perlectum

1946 3532 2049 3601 ipsi
2084 3533 2331 3591 'sauctum
2357 3550 2410 3594 et
2433 3545 2730 3598 animatum
2764 3558 2814 3600 et
2847 3547 3211 3604 individuum.
3248 3552 3352 3607 Sed
3377 3569 3513 3608 sane

1947 3643 2056 3682 non
2116 3641 2337 3698 propter
2403 3634 2526 3686 coeli
2563 3637 2989 3703 magnitudinem
3031 3642 3232 3695 dicitur
3268 3647 3408 3699 Deus
3459 3647 3513 3700 in

1947 3720 2087 3774 caelo
2112 3723 2381 3784 habitare,
2409 3725 2553 3791 quod
2595 3742 2796 3795 corpus
2837 3740 2942 3791 est,
2979 3730 3118 3786 Deus
3150 3732 3279 3788 Vero
3328 3736 3511 3790 incor-

1945 3825 2167 3878 poreus.
2204 3813 2257 3866 Si
2299 3822 2478 3867 autem
2509 3831 2672 3885 super
2715 3819 2899 3872 omnia
2929 3819 3096 3884 Dcus,
3133 3832 3189 3876 et
3219 3835 3346 3878 ante
3389 3829 3514 3883 coeli

1947 3913 2001 3956 et
2025 3905 2270 3959 omnium
2304 3921 2428 3974 qua:
2462 3908 2564 3961 sub
2594 3910 2733 3962 caelo
2761 3920 2887 3963 sunt
2929 3911 3514 3977 fabricationem,ante

1946 3998 2144 4050 saecula
2179 4007 2294 4051 erat
2321 3999 2485 4067 Deus,
2515 4002 2639 4069 quis
2667 4017 2846 4056 sermo
2875 4003 3206 4059 dicentium:
3230 4006 3516 4071 Quomodo

1947 4085 2260 4144 incarnatus
2284 4101 2366 4145 est
2385 4091 2544 4156 Deus,
2571 4102 2663 4148 aut
2684 4096 2956 4160 quomodo
2990 4111 3112 4151 cum
3138 4113 3369 4166 corpore
3391 4101 3515 4154 est?

1945 4177 2269 4235 lncarnatus
2322 4183 2465 4236 enim
2497 4185 2588 4252 qui
2647 4187 2796 4239 visus
2829 4196 2932 4250 est,
2996 4187 3513 4263 innuaterialitatem

1946 4283 2098 4323 suam
2123 4270 2313 4335 fert,et
2330 4288 2560 4343 corpore
2581 4275 2632 4328 in
2654 4276 2794 4342 loco,
2813 4277 3097 4331 divinitate
3123 4289 3305 4333 autem
3331 4283 3515 4336 omnia

1946 4361 2232 4416 continens
2255 4373 2338 4418 est
2368 4373 2422 4418 et
2441 4381 2607 4433 super
2628 4368 2807 4421 omnia
2854 4369 3144 4435 inventus;
3177 4382 3230 4425 et
3261 4388 3356 4441 per
3389 4389 3516 4428 san-

281 4449 387 4502 ἀπὸ
415 4450 616 4520 πηγῆς,
644 4453 760 4512 ταῖς
789 4452 889 4520 τῆς
919 4451 1168 4520 θεότητος
1214 4449 1378 4502 αὐτοῦ
1408 4449 1707 4518 ἐνεργείαις
1752 4448 1840 4500 καὶ

1948 4453 2254 4508 ctissimum
2312 4458 2455 4526 quod
2511 4461 2811 4529 assumpsit
2843 4477 3074 4529 corpus,
3108 4464 3252 4518 sicut
3280 4480 3308 4517 a
3341 4465 3512 4532 lonte,

279 4544 504 4611 δωρεαῖς
533 4545 592 4595 τὸ
614 4545 723 4596 πᾶν
744 4544 1002 4610 ἁγιάζει-⁹
1033 4545 1126 4596 καὶ
1148 4544 1314 4614 ὅνπερ
1339 4543 1531 4614 πρώην
1561 4543 1726 4611 298
1743 4543 1840 4594 οὐκ

1949 4542 2252 4600 divinitatis
2286 4563 2399 4602 sua:
2417 4547 2653 4604 elﬁcacia
2679 4551 2952 4618 donisque
2975 4555 3156 4606 omnia
3183 4555 3514 4622 sanctificat,

283 4633 466 4700 ἴσχυον
495 4634 626 4704 ὀρᾷν
652 4635 897 4701 ἄγγελοι,
928 4636 1046 4698 πῶς
1095 4636 1206 4705 γὰρ
1250 4635 1316 4687 ἂν
1354 4636 1540 4700 ἑώρων
1577 4635 1669 4686 τὸν
1709 4634 1840 4702 ὑπὲρ

1946 4646 2000 4690 et
2033 4652 2192 4700 quem
2220 4642 2610 4730 npdiustertius
2636 4643 2822 4698 videre
2869 4659 2976 4697 non
3025 4646 3278 4699 valebant
3310 4649 3513 4716 angeli,

281 4723 377 4792 τὴν
405 4724 566 4791 φύσιν
592 4725 771 4778 αὐτῶν
797 4741 813 4791 ;
860 4727 1046 4779 τοῦτον
1082 4726 1178 4780 νῦν
1203 4726 1370 4796 ὁρῶσι
1401 4726 1476 4796 τῷ
1504 4726 1631 4793 θείῳ
1664 4726 1840 4793 σώμα-

1949 4727 2245 4796 (quomodo
2259 4723 2408 4786 cnim
2437 4733 2591 4786 illum
2619 4736 2712 4802 qui
2740 4751 2907 4805 supra
2928 4751 3116 4791 eorum
3149 4747 3401 4794 naturam
3430 4749 3516 4794 est

279 4828 334 4862 τι
357 4827 372 4843 ο
407 4813 500 4866 καὶ
546 4813 821 4882 συγγενῶς
863 4814 1064 4884 μᾶλλον
1093 4817 1159 4884 τῇ
1188 4814 1336 4884 ἀΰλῳ
1383 4815 1476 4868 καὶ
1515 4814 1634 4885 θείᾳ
1656 4815 1840 4867 τούτου

1949 4821 2272 4892 vidissent?)
2325 4824 2490 4886 ,illum
2531 4842 2674 4880 nunc
2736 4827 2788 4880 in
2822 4829 3013 4884 divino
3061 4831 3248 4885 vident
3285 4847 3517 4903 corpore

283 4905 599 4960 κοινωνοῦσι
627 4906 793 4975 ψυχῇ,
823 4907 918 4959 καὶ
947 4906 1053 4958 τῶν
1079 4906 1314 4976 χαρίτων
1342 4907 1648 4976 μετέχουσι.
1678 4904 1840 4958 Τοῦτο

1948 4913 2236 4969 etamnius
2267 4915 2615 4971 immateriali
2653 4919 2963 4988 divinuzque
3001 4920 3148 4976 illius
3189 4927 3518 4978 consocian-

283 4996 340 5048 δὲ
370 4996 464 5048 καὶ
493 4998 607 5059 τοῖς
642 4996 949 5080 ἀνθρώποις
978 4998 1112 5068 ἡμῖν
1143 4996 1344 5066 συνέϐη
1368 5014 1381 5028 ·
1414 4997 1474 5049 ὃν
1505 4997 1614 5065 γὰρ
1652 4995 1840 5048 ἐπεθύε

1953 5016 2038 5061 tur
2069 5007 2287 5070 animae,
2317 4991 2370 5061 el
2395 5012 2696 5078 gratiarum
2740 5012 3038 5084 participes
3065 5013 3226 5070 fiunt.
3265 5016 3421 5082 Quod
3463 5027 3519 5072 et

287 5103 422 5153 μουν
448 5087 712 5156 πρότερον
744 5077 872 5140 ἰδεῖν
903 5089 1197 5158 προφῆται,
1223 5089 1315 5141 καὶ
1340 5087 1400 5141 οὗ
1429 5089 1528 5158 τὴν
1553 5088 1848 5158 ἐπιθυμίαν

282 5175 704 5230 ἀκατάπαυστον
737 5173 903 5246 εἶχον,
949 5179 1043 5229 καὶ
1089 5177 1245 5230 τοῦτο
1287 5178 1470 5248 δέησις
1523 5180 1703 5240 αὐτοῖς
1756 5178 1851 5230 καὶ

285 5265 651 5335 παράκλησις,
681 5267 740 5319 τὸ
770 5269 828 5320 ὲν
858 5268 1110 5338 ὀνείροις,
1139 5269 1172 5338 ἢ
1211 5270 1382 5322 είκόσι
1411 5272 1521 5322 τισὶ
1548 5270 1728 5332 ποσῶς
1752 5272 1852 5323 αὑ-

286 5358 381 5406 τὸν
411 5357 664 5412 κατιδεῖν.
697 5357 806 5411 Καὶ
833 5356 990 5412 τοῦτο
1015 5359 1071 5412 δὲ
1098 5359 1330 5429 Μωῦσῆς
1357 5361 1593 5414 δείκνυσι
1619 5378 1847 5431 προσευ-

287 5449 514 5517 χὸμενος
545 5450 640 5502 καὶ
669 5449 868 5519 ζητῶν,
901 5453 994 5506 καὶ
1034 5453 1316 5523 Ἰεζεκιὴλ,
1344 5456 1436 5506 καὶ
1479 5455 1728 5519 Ἡσαΐας,
1756 5456 1852 5509 καὶ

287 5538 504 5610 Δανιὴλ,
539 5541 724 5595 πολλοί
755 5561 811 5597 τε
874 5545 984 5598 τῶν
1049 5546 1346 5617 προφητῶν
1393 5547 1560 5612 ἄλλοι,
1605 5551 1751 5616 μέγα
1798 5566 1850 5600 τι

287 5630 599 5699 νομίζοντες
628 5631 788 5704 ἦσαν,
823 5636 882 5688 τὸ
912 5638 1178 5701 ὀπτασίας
1209 5641 1352 5700 τινὸς
1376 5639 1443 5692 δι’
1478 5641 1738 5710 ἀμυδρῶν
1768 5659 1852 5693 τι-

288 5735 394 5774 νων
421 5721 757 5791 αἰνιγμάτων
793 5730 1192 5800 καταξιωθῆναι
1223 5731 1382 5786 Θεοῦ.
1409 5731 1629 5800 Τοῦτον,
1657 5731 1701 5786 ὣ
1721 5737 1852 5788 πο).-

1951 5098 2265 5153 hominibus
2289 5101 2449 5155 nobis
2478 5105 2696 5170 evenit;
2729 5121 2891 5174 quem
2921 5108 3068 5162 enim
3133 5110 3284 5178 prius
3332 5111 3514 5166 videre

1951 5191 2282 5260 exaptabant
2326 5194 2599 5261 pmphetze
2621 5205 2675 5250 et
2697 5198 2970 5253 desiderio
2999 5200 3308 5254 incessante
3330 5217 3516 5270 perse-

1951 5282 2278 5349 quebantur,
2340 5287 2483 5353 quod
2514 5289 2760 5354 ipsorum
2801 5291 2977 5343 oratio
3039 5299 3093 5344 et
3140 5291 3434 5358 invocatio,
3460 5293 3514 5346 in

1952 5374 2159 5427 somnis
2199 5375 2282 5430 vel
2311 5376 2646 5447 imaginibus
2695 5381 3024 5448 quibusdam
3077 5382 3324 5450 quolibet
3358 5385 3517 5438 modo

1952 5462 2168 5528 videre;
2196 5466 2340 5533 quod
2377 5465 2588 5538 Moyses
2641 5471 2894 5524 noscitur
2932 5471 3248 5539 supplicans
3284 5481 3339 5526 et
3365 5490 3515 5542 qua:-

1954 5568 2119 5621 rens;
2183 5565 2238 5609 et
2291 5558 2569 5624 Ezechiel,
2610 5560 2801 5623 Isaias,
2859 5560 3043 5616 Daniel
3075 5563 3278 5630 aliique
3301 5563 3516 5632 plurimi

1954 5647 2234 5715 prophetae
2269 5665 2522 5720 magnum
2552 5653 2682 5721 quid
2713 5651 3119 5707 arbitrabantur
3148 5653 3355 5710 visione
3386 5672 3520 5726 qna-

1957 5735 2089 5793 libet
2126 5754 2221 5808 per
2245 5741 2481 5798 obscura
2537 5745 2781 5814 quaedam
2831 5745 3121 5815 aenigmata
3153 5744 3246 5803 Dei
3281 5746 3516 5819 dignari.
