4068 6280
552 302 652 368 767

1330 305 1639 368 SYMEON
1647 308 1721 370 IS
1757 311 2520 380 THESSALONICENSIS
2556 321 2704 381 ΑΒΕ
2717 320 2926 382 HIEP.

3700 331 3810 398 768

549 423 728 491 illum,
776 436 811 477 o
846 423 1142 476 maximam
1184 421 1652 495 philanthropiam
1703 434 1761 482 et
1812 428 2111 485 bonitatem

2224 429 2315 498 λῆς
2343 430 2445 499 τῆς
2475 430 2885 502 φιλανθρωπίας
2919 435 3012 488 καὶ
3039 435 3486 508 ὑπερϐαλλούσης
3522 438 3625 511 τῆς
3654 442 3805 512 ἀγα-

552 530 721 585 supra
752 515 1010 569 moduml
1066 516 1220 570 illum
1259 515 1545 572 nobiscum
1615 518 1816 574 habere
1845 521 2122 589 possimus

549 615 606 661 et
629 607 782 674 quasi
822 607 1042 675 fratrem
1079 608 1288 672 videre,
1319 609 1634 664 societatem
1663 625 1788 664 cum
1823 625 1888 666 eo
1911 611 2121 666 haben-

552 710 630 753 tes
657 716 672 764 ;
703 699 846 768 apud
880 714 980 754 nos
1008 698 1290 755 hominem
1317 701 1621 771 perfectum
1651 701 1877 768 factum,
1911 702 2121 772 perfec-

551 801 639 844 tus
664 791 757 859 qui
787 791 927 845 Deus
967 802 1234 858 remanet,
1255 793 1547 862 dignamur
1577 807 1907 863 cognoscere
1951 807 2114 863 quem

541 895 791 953 corpore
827 881 1092 947 videmus,
1119 883 1279 951 cujus
1315 891 1496 938 tamen
1525 884 1684 938 nobis
1708 883 2004 937 invisibilis
2037 883 2118 937 di-

487 970 491 976 ’
552 975 772 1027 vinitas.
800 973 924 1027 Haec
953 974 1259 1027 exinanitio
1288 974 1857 1043 prepteraliaquidem
1878 975 2122 1030 admira-

552 1065 679 1119 bilia
707 1075 762 1120 et
804 1066 1196 1134 propterid,ut
1222 1067 1547 1121 invisibilem
1567 1082 1664 1135 per
1679 1081 1897 1122 carnem
1937 1067 2123 1122 videa-

550 1173 706 1224 mus;
734 1157 1003 1226 siquidem
1048 1158 1216 1212 Deum
1240 1173 1397 1213 nemo
1423 1160 1553 1214 vidit
1583 1175 1815 1229 unquam
1835 1177 1848 1225 ;
1868 1175 1962 1230 per
1984 1160 2122 1214 divi-

548 1249 832 1302 nissimam
857 1259 1035 1303 tamen
1059 1259 1113 1303 et
1129 1250 1528 1304 sanctissimam
1555 1253 1982 1321 assumptionem
2011 1251 2120 1307 fra-

551 1349 663 1392 tres
709 1339 758 1393 ei
783 1354 1013 1405 sumus;
1049 1340 1231 1408 itaque
1255 1341 1430 1396 oculis
1465 1342 1669 1396 nostris
1696 1357 1823 1397 eum
1858 1341 2116 1409 vidimus,

549 1430 701 1484 utait
722 1431 953 1486 dilectus
976 1432 1279 1496 apostolus,
1307 1441 1357 1486 et
1378 1433 1849 1501 participationem
1878 1434 2117 1488 societa-

546 1527 768 1588 temque
799 1521 1070 1590 cumipso
1105 1522 1323 1590 quando
1341 1523 1588 1577 volumus
1643 1522 1936 1587 habemus,
1994 1538 2121 1579 vere

549 1625 672 1664 eum
703 1619 1022 1678 cernentes;
1058 1613 1149 1680 qui
1186 1613 1238 1666 in
1275 1613 1433 1668 terris
1465 1614 1616 1668 visus
1664 1622 1830 1668 estet
1859 1628 1983 1669 cum
2018 1615 2118 1669 lio-

546 1702 791 1756 minibus
814 1712 1174 1759 conversatus
1204 1713 1288 1758 est
1315 1720 1329 1769 ;
1359 1714 1412 1758 et
1440 1705 1494 1758 in
1527 1705 1810 1761 altissimis
1839 1706 2114 1760 sedentem

545 1802 670 1861 post
695 1793 837 1847 hanc
857 1795 1292 1863 assumptionem
1336 1787 1513 1850 oculis
1575 1797 1780 1851 nostris
1834 1789 2124 1851 iterum’a-

549 1887 762 1954 spicere
795 1900 1102 1953 speramus,
1131 1902 1298 1939 unum
1324 1901 1447 1940 cum
1486 1901 1549 1940 eo
1569 1901 1689 1942 esse
1713 1899 1766 1941 et
1801 1888 1985 1958 gloriae
2006 1890 2122 1958 ejus

547 1979 806 2032 secietate
837 1977 960 2038 frui.
987 1991 1082 2046 per
1099 1980 1220 2046 ejus
1251 1979 1886 2049 misericordiam,'prout
1906 1981 2120 2037 Patrem

549 2081 652 2135 pro
714 2066 870 2120 nobis
905 2069 1105 2120 oravit.
1161 2065 1299 2120 Illud
1354 2081 1482 2135 ergo
1513 2077 1762 2122 sanctum
1787 2069 2124 2126 conﬁrmans

549 2157 858 2228 syuibolum
891 2166 1017 2227 post
1069 2157 1232 2211 Verbi
1289 2168 1414 2212 ante
1469 2173 1631 2213 omne
1676 2159 2001 2228 principium
2035 2173 2128 2228 ge-

550 2252 912 2315 nerationem,
939 2261 993 2306 et
1034 2253 1088 2306 in
1122 2253 1436 2310 novissimis
1486 2254 1820 2324 temporibus
1866 2255 2124 2309 incarna-

551 2345 752 2399 tionem
780 2343 912 2399 dicit
932 2363 946 2400 :

953 2437 1058 2502 Qui
1087 2448 1299 2505 propter
1336 2453 1431 2491 nos
1449 2439 1709 2493 homines.

621 2525 732 2581 Nos
771 2527 916 2581 enim
943 2534 1228 2582 erecturus
1287 2530 1432 2581 venit
1488 2529 1692 2606 lapsos,
1732 2545 1837 2585 non
1881 2534 2122 2604 angelos,

553 2631 786 2686 quorum
838 2619 882 2672 si
923 2618 1147 2688 quidam
1219 2619 1555 2690 ceciderunt,
1616 2623 1934 2679 insanabilis
1991 2626 2126 2695 ipsis

551 2722 714 2763 casus
761 2722 857 2762 sua
885 2716 1082 2778 sponte
1105 2709 1419 2778 jacentibus
1451 2721 1502 2766 et
1537 2713 1674 2766 mala
1704 2716 1840 2768 velle
1863 2716 2129 2770 studenti-

551 2798 678 2863 bus,
720 2809 884 2868 atque
935 2801 1091 2856 nobis
1136 2801 1355 2855 malitia:
1410 2803 1850 2860 stimulatorihus
1897 2807 2124 2863 clTectis.

551 2887 744 2954 Διιποιί
779 2896 962 2942 autem
995 2903 1025 2942 e
1049 2889 1211 2943 Verbi
1244 2900 1464 2959 propter
1493 2907 1592 2948 nos
1623 2895 1927 2948 oeconomia
1950 2897 2124 2950 maxi-

555 2992 705 3036 mum
733 2990 788 3034 et
817 2981 921 3049 ipsi
954 2980 1389 3049 lucratibonum,
1414 2984 1480 3038 ad
1508 2998 1751 3039 amorem
1769 2985 1862 3040 Dei
1887 2996 1941 3042 et
1956 2992 2129 3045 socie-

2231 517 2490 590 θὸτητοςῐ
2531 521 2618 574 ἵνα
2648 523 2967 595 δυνηθῶμεν
3006 525 3152 596 ἔχειν
3185 527 3302 598 μεθ’
3327 530 3505 599 ἡμῶν,
3536 533 3633 584 καὶ
3669 548 3806 598 συγ-

2229 611 2404 677 γενῶς
2454 613 2586 681 όρᾷν
2638 613 2733 665 καὶ
2794 616 3080 680 κοινωνίας
3138 621 3419 689 μετέχειν,
3477 623 3601 676 καθ’
3652 621 3806 691 ἡμᾶς

2227 703 2522 768 γενόμενον
2556 701 2846 772 ἄνθρωπον
2887 706 3115 772 τέλειον,
3145 709 3374 778 μένοντα
3399 711 3604 766 τέλειον
3643 715 3803 780 Θεὸν,

2226 791 2540 862 ἠξιώθημεν
2569 793 2775 860 γνῶναι
2799 810 2814 826 ⁶
2852 795 2912 849 ὃν
2941 799 3036 850 καὶ
3061 798 3278 869 εἴδομεν
3316 800 3388 870 τῷ
3432 802 3671 871 σώματι,
3710 804 3804 858 καὶ

2230 883 2392 937 πάλιν
2429 883 2597 938 αὐτοῦ
2629 885 2944 956 ἀθεώρητος
2973 890 3105 958 ἡμῖν
3137 892 3170 961 ἠ
3210 890 3421 963 θεότης.
3452 894 3559 948 Καὶ
3605 895 3639 966 ἡ
3675 913 3805 964 συγ-

2227 975 2529 1039 κατάϐασις
2585 975 2746 1047 αὕτη,
2778 979 2874 1032 καὶ
2928 979 2996 1032 δι’
3029 981 3164 1036 ἄλλα
3200 983 3300 1052 μὲν
3347 985 3656 1055 θαυμαστὰ,
3707 989 3804 1042 καὶ

2232 1066 2323 1120 διὰ
2352 1066 2509 1120 τοῦτο
2536 1067 2614 1133 δὲ,
2648 1069 2734 1122 ἵνα
2766 1070 2857 1124 τὸν
2880 1073 3190 1144 ἀθεώρητον
3219 1076 3306 1130 διὰ
3340 1080 3537 1146 σαρκὸς
3561 1080 3766 1149 ἴδωμεν
3785 1096 3800 1112 ο

2225 1158 2349 1210 ἐπεὶ
2383 1157 2516 1212 Θεὸν
2548 1159 2722 1222 οὐδεὶς
2751 1161 2963 1232 ἑώρακε
2986 1165 3230 1221 πώποτε.
3262 1168 3360 1222 Διά
3389 1169 3447 1223 δὲ
3476 1170 3569 1223 τοῦ
3593 1171 3804 1226 θειοτά⁴

2226 1263 2323 1299 του
2360 1250 2456 1302 καὶ
2501 1247 2771 1318 παναγίου
2822 1255 3250 1324 προσλήμματος
3293 1260 3571 1328 συγγενῶς
3605 1261 3805 1331 ἔχομεν

2227 1336 2323 1391 νῦν
2373 1340 2509 1407 πρὸς
2563 1342 2750 1396 αὐτόν.
2807 1345 2898 1397 Διὸ
2950 1346 3044 1400 καὶ
3098 1349 3428 1419 ἑωράκαμεν
3475 1353 3636 1406 αὑτὸν
3686 1357 3804 1418 τοῖς

2225 1430 2524 1501 ὀφθαλμοῖς
2551 1436 2730 1506 ἡμῶν,
2758 1438 2834 1500 ὡς
2863 1441 2891 1491 ὁ
2925 1439 3114 1509 ὴγαπη
3124 1442 3284 1505 μένος
3311 1445 3477 1514 φησί·
3513 1447 3607 1498 καὶ
3641 1447 3807 1516 μετέ-

2225 1539 2345 1592 χειν
2371 1523 2538 1578 αὑτοῦ
2575 1528 2671 1580 καὶ
2702 1533 2984 1584 κοινωνεῖν
3012 1531 3232 1603 ἔχομεν,
3258 1537 3422 1589 ὁπότε
3454 1537 3801 1607 βουλοίμεθα.

2227 1613 2338 1666 Καὶ
2375 1614 2592 1684 ἀληθῶς
2621 1616 2837 1687 εἴδομεν
2867 1620 3029 1673 αὐτόν
3056 1636 3070 1652 ⁸
3104 1623 3196 1675 ἐπὶ
3225 1625 3322 1695 τῆς
3349 1627 3452 1694 γῆς
3480 1628 3588 1697 γὰρ
3618 1625 3802 1698 ὤφθη,

2225 1704 2320 1757 καὶ
2367 1707 2484 1768 τοῖς
2521 1706 2834 1776 ἀνθρώποις
2873 1715 3289 1787 συνανεστράφη
3315 1730 3332 1748 ο
3371 1719 3466 1770 καὶ
3497 1719 3807 1788 καθήμενον

2230 1795 2370 1860 μετά
2396 1795 2489 1850 τοῦ
2523 1799 2956 1869 προσλήμματος
2983 1804 3096 1858 ἄνω
3130 1807 3328 1876 αύτοψὶ
3358 1808 3522 1862 πάλιν
3553 1810 3682 1864 ιδεῖν
3715 1811 3805 1864 έλ-

2225 1885 2478 1956 πίζομεν,
2509 1889 2604 1942 καὶ
2633 1890 2692 1943 ἓν
2719 1887 2859 1947 εἶναι
2888 1897 3007 1963 μετ’
3037 1897 3224 1963 αὐτοῦ,
3265 1900 3359 1953 καὶ
3393 1905 3673 1955 κοινωνεῖν
3702 1903 3803 1973 τῆς

2226 1979 2385 2050 δόξης
2409 1981 2580 2051 αύτῷ,
2616 1983 2757 2037 ἐλέει
2782 1985 2971 2051 αὐτοῦ,
3009 1989 3083 2052 ὡς
3110 1992 3249 2061 πρὸς
3281 1993 3373 2046 τὸν
3407 1995 3627 2064 Πατέρα
3658 1996 3802 2065 ὑπὲρ

2227 2072 2387 2141 ημῶν
2417 2075 2786 2145 προσηύξατο.
2823 2077 2994 2132 Τοῦτο
3021 2079 3116 2134 οὖν
3142 2085 3236 2136 καὶ
3267 2084 3327 2136 τὸ
3361 2085 3502 2139 θεῖον
3528 2085 3804 2157 Σύμϐολον

2229 2164 2483 2234 βεϐαιοῦν
2516 2169 2656 2238 μετά
2692 2171 2794 2240 τὴν
2827 2173 3173 2244 προάναρχον
3201 2175 3295 2229 τοῦ
3319 2177 3492 2247 Λόγου
3526 2179 3800 2252 γέννησιν,

2229 2260 2323 2311 καὶ
2344 2259 2445 2328 τὴν
2476 2260 2565 2313 ἐπ’
2589 2261 2835 2331 ἐσχάτων
2868 2265 3170 2336 σάρκωσιν,
3195 2268 3346 2335 λέγει
3371 2284 3385 2298 ⁸

2511 2439 2628 2494 Τόν
2656 2441 2736 2494 δι’
2765 2442 2925 2512 ἡμᾶς
2961 2446 3106 2514 τοὺς
3144 2448 3519 2518 ἀνθρώπους.

2311 2531 2492 2600 Ἠμᾶς
2524 2533 2634 2605 γὰρ
2656 2529 2821 2604 ἦλθεν
2844 2538 3146 2607 ἀναστῆσαι
3180 2546 3559 2609 πεπτωκότας,
3589 2546 3649 2599 οὗ
3679 2548 3804 2610 τοὺς

2229 2616 2497 2685 ἀγγέλους
2519 2635 2535 2652 ο
2565 2623 2612 2673 εί
2639 2623 2746 2690 γὰρ
2776 2625 2869 2676 καὶ
2902 2627 3382 2695 παραπεπτὼκασι
3403 2633 3609 2687 τούτων
3637 2638 3800 2702 τινὲς,

2229 2706 2363 2762 ἀλλὰ
2392 2710 2452 2762 τὸ
2487 2711 2688 2782 πτῶμα
2729 2715 2942 2779 τούτοις
2985 2719 3134 2772 ἐστὶν
3181 2721 3580 2790 ἀθεράπευτον,
3617 2729 3803 2781 ἑκοντὶ

2229 2801 2523 2870 κειμένοις,
2557 2806 2652 2858 καὶ
2677 2805 3024 2862 ἐθελοκακεῖν
3053 2813 3362 2877 σπεύδουσι,
3387 2818 3480 2871 καὶ
3508 2818 3640 2888 ἡμῖν
3673 2837 3806 2890 προ-

2232 2893 2402 2956 ξένοις
2444 2895 2644 2959 κακίας
2682 2901 3014 2970 γινομένοις.
3062 2904 3317 2972 ’Ἄγγελοι
3360 2907 3416 2961 δὲ
3455 2909 3520 2962 ὲκ
3556 2911 3656 2980 μὲν
3705 2911 3804 2976 τῆς

2233 2984 2372 3055 ὑπὲρ
2423 2987 2582 3056 ἡμῶν
2629 2989 2941 3060 οἰκονομίας
2984 2991 3078 3047 τοῦ
3134 2995 3311 3064 Λόγου
3383 2999 3482 3070 τὴν
3539 3005 3804 3073 μεγίστην

554 3077 744 3136 tatem,
768 3071 1027 3140 majorem
1048 3074 1190 3128 nacti
1224 3074 1633 3140 exaltationem,
1655 3077 1721 3132 de
1743 3079 1918 3133 salute
1944 3091 2128 3136 nostra

2232 3073 2525 3143 ἐσχηκότες
2559 3076 2652 3129 καὶ
2693 3094 2838 3132 ουτοι
2871 3080 3163 3151 ὠφέλειαν,
3200 3086 3334 3156 πρὸς
3383 3089 3664 3158 ἀγάπησιν
3706 3071 3801 3145 τόδ

550 3162 820 3219 laetantur.
870 3164 1056 3234 itaque
1086 3167 1243 3222 nobis
1289 3168 1456 3223 etiam
1503 3171 1807 3224 servientes
1842 3172 2125 3239 festinant,

550 3262 609 3308 et
631 3254 890 3323 gaudent.
931 3259 1138 3314 Salvati
1163 3273 1291 3314 vero
1319 3261 1545 3316 omnino
1571 3271 1626 3318 et
1657 3262 1827 3317 erecti
1855 3277 1953 3318 nos
1995 3264 2125 3322 soli.

549 3345 674 3401 Ideo
697 3347 828 3402 dicit
869 3366 888 3406 :

902 3610 972 3664 Et
997 3623 1212 3681 propter
1231 3624 1470 3670 nostram
1516 3615 1768 3673 salutem.

620 3697 754 3753 Nam
787 3703 876 3772 qui
905 3705 1206 3780 perierunt,
1232 3724 1331 3762 nos
1349 3723 1561 3775 sumus,
1579 3719 1635 3766 et
1660 3711 1807 3766 salus
1833 3713 2011 3778 nonis,
2032 3727 2126 3768 ex-

551 3791 740 3860 pulsos
768 3803 820 3848 et
853 3805 1112 3850 euecatos
1138 3813 1330 3854 rursus
1352 3799 1418 3853 ad
1442 3800 1611 3855 Deum
1637 3803 1846 3868 reduci,
1873 3813 1928 3859 et
1956 3806 2120 3859 vitam

548 3884 603 3936 in
661 3883 819 3939 nobis
883 3884 1083 3942 habere
1116 3888 1310 3952 Deum,
1375 3899 1432 3945 et
1500 3909 1593 3962 per
1650 3894 1821 3962 ipsam
1873 3897 2122 3950 renovari

548 3989 648 4029 nos
678 3986 732 4030 et
758 3977 957 4044 vivere,
984 3994 1152 4048 quare
1181 3989 1236 4036 et
1262 3984 1510 4050 pervenit
1530 4000 1700 4054 usque
1730 3987 1796 4040 ad
1825 4002 1926 4042 nos
1959 3990 2065 4042 vita
2092 4003 2106 4054 ;

547 4067 692 4135 quod
723 4076 778 4122 et
807 4068 1051 4125 Ecclesia
1081 4071 1344 4140 celebrat,
1374 4073 1564 4130 dicens
1597 4094 1612 4131 :

1030 4249 1312 4306 Descendit
1347 4253 1411 4307 de
1449 4241 1645 4308 corlis.‘

615 4342 734 4398 Non
780 4344 1046 4411 localiter,
1067 4348 1159 4401 sed
1188 4348 1554 4403 exinanitione
1587 4367 1601 4403 :
1631 4365 1738 4404 non
1769 4349 1822 4404 in
1853 4351 1995 4417 loco,
2027 4354 2116 4409 cui

2229 3165 2366 3218 Θεοῦ
2431 3166 2528 3219 καὶ
2576 3166 2791 3235 ἕνωσιν,
2827 3170 3092 3228 ἀνάϐασιν
3144 3175 3369 3246 μείζονα
3395 3179 3694 3251 εὑρηκότες
3734 3184 3800 3251 τῇ

2226 3254 2388 3323 ἡμῶν
2441 3258 2686 3328 σωτηρία
2736 3259 3160 3329 εὐφραίνονται·
3209 3265 3292 3318 διὸ
3341 3267 3436 3320 καὶ
3491 3271 3612 3331 ταῖς
3661 3270 3800 3342 ὑπὲρ

2227 3344 2385 3414 ἡμῶν
2419 3347 2720 3413 διακονίαις
2743 3352 3039 3406 σπεύδουσι
3072 3371 3129 3408 τε
3161 3357 3256 3410 καὶ
3282 3359 3565 3428 χαίρουσιν
3592 3376 3609 3392 ο
3636 3362 3684 3414 οἱ
3714 3378 3802 3414 σε·

2231 3447 2506 3508 σωσμενοι
2557 3439 2615 3492 δὲ
2669 3439 2932 3506 όλοτελῶς
2989 3446 3084 3499 καὶ
3142 3448 3577 3520 ἀνεγηγερμένοι
3649 3452 3800 3522 μόνοι

2226 3528 2407 3598 ἡμεῖς.
2441 3530 2529 3583 Διὸ
2550 3532 2644 3585 καί
2678 3550 2850 3603 φησι·

2493 3624 2599 3680 Καὶ
2624 3624 2720 3679 διὰ
2744 3627 2860 3695 τὴν
2883 3631 3182 3700 ἠμετεραν
3205 3635 3530 3702 σωτηρίαν.

2295 3713 2359 3766 οι
2393 3713 2503 3784 γὰρ
2537 3715 2883 3783 ἀπολωλότες
2911 3723 3114 3792 ἡμεῖς»
3148 3725 3241 3777 καὶ
3269 3726 3510 3795 σωτηρία
3556 3727 3684 3798 ἡμῖν
3713 3729 3791 3794 τὸ,

2224 3803 2575 3871 ἀπωσθέντας
2625 3811 2721 3863 καὶ
2772 3815 3164 3884 νεκρωθέντας,
3202 3819 3580 3890 ἐπαναχθῆναι
3634 3821 3794 3875 πάλιν

2223 3893 2301 3964 τῷ
2329 3895 2467 3965 Θεῷ,
2509 3899 2602 3951 καὶ
2649 3901 2748 3971 τὴν
2800 3902 2946 3973 ζωὴν
2978 3911 3124 3976 σχεῖν
3159 3909 3219 3960 ἐν
3263 3910 3478 3973 ἑαυτοῖς
3510 3910 3601 3965 τὸν
3636 3912 3786 3977 Θεὸν,

2221 3987 2318 4038 καὶ
2363 3985 2626 4066 διἀύτῆς
2660 3993 3114 4066 ἀνακαινισθῆναι
3167 4001 3260 4053 καὶ
3316 4001 3514 4071 ζῆσαι*
3568 4003 3649 4056 διὸ
3699 4007 3791 4058 ira}.

2222 4078 2458 4148 κατῆλθε
2493 4083 2685 4153 μέχρις
2715 4085 2870 4156 ἡμῶν
2901 4089 2934 4158 ἡ
2963 4088 3099 4160 ζωή.
3132 4093 3196 4145 Ὃ
3234 4095 3328 4146 καὶ
3354 4093 3652 4166 Ἐκκλησία
3689 4114 3788 4167 κη-

2223 4167 2429 4237 ρύττει,
2454 4171 2689 4239 λέγουσα
2709 4191 2725 4206 ·

2535 4266 2913 4323 Κατελθόντα
2941 4270 3010 4324 ἐκ
3037 4273 3157 4327 τῶν
3183 4276 3474 4344 οὐρανῶν.

2291 4348 2368 4402 Ού
2412 4353 2672 4419 τοπικῶς,
2725 4364 3214 4427 συγκαταϐατικῶς
3247 4368 3302 4421 δέ
3325 4385 3337 4397 ·
3381 4369 3441 4422 ού
3475 4370 3582 4442 γάρ
3614 4371 3672 4424 ὲν
3700 4373 3784 4426 τό·

545 4451 656 4490 non
705 4439 1206 4505 corpus;0tnuium
1269 4448 1482 4494 creator
1533 4444 1711 4495 omnia
1761 4445 1950 4514 replet,
1982 4448 2124 4502 sicut

2225 4456 2310 4511 πῳ
2331 4483 2347 4508 ,
2379 4443 2501 4497 ἐπεὶ
2534 4447 2594 4498 ού
2629 4449 2808 4517 σῶμα,
2834 4455 2928 4505 καὶ
2960 4456 3066 4508 τῶν
3096 4457 3232 4510 ὅλων
3255 4458 3330 4513 ὢν
3376 4464 3625 4533 ποιητὴς,
3656 4464 3786 4516 πάν-

542 4529 800 4596 scriptum
831 4537 938 4583 est.
975 4517 1276 4583 Consilium
1304 4533 1516 4599 cepisse
1573 4533 1738 4602 igitur
1778 4549 1830 4590 et
1861 4539 2118 4608 voluisse,

544 4620 958 4676 descensionem
991 4621 1143 4688 dicit,
1163 4622 1258 4676 sed
1279 4622 1442 4678 etiam
1477 4625 1753 4682 humiliter
1770 4628 2038 4696 abjectum
2066 4642 2122 4687 et

545 4725 710 4763 carne
775 4710 1016 4766 hominis
1072 4711 1240 4766 tilium
1289 4712 1430 4780 ﬁeri,
1481 4714 1536 4769 in
1591 4715 2121 4788 mundoquelnimis

547 4807 760 4854 tenuem
791 4816 915 4856 esse
937 4811 992 4856 et
1037 4804 1092 4857 in
1119 4812 1382 4873 egestate.

1073 4983 1141 5039 Et
1167 4987 1478 5046 incarnatus
1495 5003 1591 5046 est.

625 5069 757 5128 Vere
791 5073 935 5128 enim
973 5083 1144 5131 totam
1190 5091 1434 5137 nostram
1492 5089 1788 5157 assumpsit
1838 5101 2111 5161 naturam,

544 5172 750 5218 tantum
781 5165 986 5237 absque
1014 5181 1252 5239 peccato,
1284 5174 1430 5231 sicut
1468 5187 1522 5232 et
1543 5179 1610 5232 ab
1644 5181 1800 5236 initio
1854 5184 2116 5240 innocen-

544 5265 648 5310 tem
683 5259 968 5327 plasmavit
995 5272 1049 5317 et
1083 5264 1216 5322 sine
1247 5267 1347 5321 viri
1399 5274 1692 5328 connubio.
1750 5275 1824 5330 ita
1878 5279 2020 5332 enim
2050 5280 2116 5333 de

543 5353 687 5400 terra
715 5351 783 5404 ab
810 5350 973 5408 initio
1008 5354 1178 5410 Adam
1205 5358 1518 5426 plasmavit.
1550 5362 1891 5419 lncarnatum
1951 5370 2114 5438 igitur

543 5435 698 5505 dicit,
729 5456 833 5494 non
865 5443 1206 5510 pliantastice
1266 5451 1464 5516 visum,
1497 5455 1641 5522 quod
1699 5457 1847 5526 impii
1893 5435 2112 5527 quidam

543 5540 820 5582 asserunt.
848 5528 905 5584 Si
939 5535 1084 5587 enim
1115 5537 1454 5604 phantastice
1481 5544 1652 5607 visus,
1680 5559 1817 5597 vana
1852 5554 1934 5600 cst
1971 5562 2115 5601 (Bco-

542 5617 735 5670 uomia:
767 5629 876 5674 tota
930 5625 1088 5691 ratio,
1122 5643 1221 5682 nec
1281 5632 1624 5695 animarum;
1668 5651 1771 5689 nec
1817 5652 2109 5707 corporum

541 5712 847 5763 nostrorqu
884 5716 1178 5781 reparatio,
1206 5717 1301 5772 sed
1333 5733 1432 5772 nec
1459 5720 1513 5773 in
1547 5718 1769 5792 Virgine
1809 5737 2108 5796 conceptus

2223 4547 2292 4621 τα
2323 4533 2544 4602 πληροῖ,
2577 4538 2721 4591 καθά
2751 4543 3058 4612 γέγραπται
3083 4564 3096 4579 ο
3128 4548 3187 4601 τὸ
3221 4549 3545 4621 βουληθῆναι
3578 4550 3672 4606 οὖν
3694 4555 3784 4607 καὶ

2224 4619 2447 4689 θελῆσαι
2472 4625 2620 4694 λέγει
2649 4632 2986 4687 κατάϐασινο
3021 4637 3155 4691 ἀλλά
3187 4619 3784 4713 καὶγτὸήταπεινωθῆναι

2221 4712 2493 4779 τοσοῦτον,
2537 4719 2627 4770 καὶ
2663 4721 2777 4773 υἱὸν
2827 4724 3113 4796 ἀνθρώπου
3154 4731 3406 4797 γενέσθαι
3453 4737 3637 4805 σαρκὶ,
3687 4712 3783 4805 έμ-

2223 4803 2602 4877 πολιτευθῆναί
2650 4827 2712 4864 τε
2770 4814 2847 4868 τῶ
2879 4816 3070 4887 κόσμῳ
3111 4824 3347 4892 μετρίως
3389 4803 3534 4892 ἄγαν
3564 4826 3660 4878 καὶ
3690 4803 3782 4879 πε-

2729 4995 2842 5049 Καὶ
2869 5002 3272 5066 σαρκωθέντα.

2303 5076 2542 5150 ’Λληθῶς
2588 5083 2698 5154 γὰρ
2724 5085 2823 5156 τὴν
2870 5087 2998 5159 ὅλην
3034 5093 3188 5159 ἡμῶν
3220 5094 3376 5148 ἔλαϐε
3407 5097 3587 5166 φύσιν,
3623 5097 3779 5168 μόνον

2217 5169 2495 5261 ἀμαρτίας
2550 5175 2742 5244 χωρὶς,
2801 5178 2878 5241 ὠς
2933 5184 3028 5235 καὶ
3077 5182 3136 5248 ἐξ
3177 5185 3356 5256 ἀρχῆς
3399 5191 3778 5261 ἀναμάρτητον

2216 5259 2419 5313 ἔπλασε
2453 5264 2546 5316 καὶ
2584 5267 2754 5334 χωρὶς
2784 5268 2976 5339 ἀνδρὸς
3022 5276 3315 5343 συναφείας
3337 5294 3350 5308 °
3399 5279 3518 5329 ἐπεὶ
3548 5280 3641 5330 καὶ
3674 5259 3778 5331 inab

2215 5351 2318 5420 γῆς
2350 5351 2524 5418 οὕτως
2556 5358 2798 5426 ἀρχῆθεν
2825 5360 3032 5415 ἔπλασε
3074 5365 3164 5418 τὸν
3191 5367 3381 5437 Ἀδάμ.
3419 5369 3777 5439 Σαρκωθέντα

2215 5443 2308 5496 οὖν
2348 5463 2528 5515 φησιν,
2566 5451 2627 5499 οὐ
2679 5453 2820 5505 κατά
2852 5458 3151 5520 φαντασίαν
3189 5458 3441 5527 ὀφθέντα.
3476 5461 3586 5513 Καὶ
3621 5460 3778 5513 τοῦτο

2213 5539 2333 5616 γὰρ,
2355 5538 2463 5591 τῶν
2487 5540 2832 5598 ἀσεϐούντων
2857 5547 3002 5611 τινές
3043 5565 3225 5616 φασιν.
3258 5551 3318 5602 ΕΞ
3366 5551 3473 5618 γὰρ
3509 5554 3780 5626 φαντασίᾳ

2213 5629 2392 5700 ὤφθη,
2422 5633 2481 5686 τὸ
2515 5637 2623 5688 πᾶν
2657 5639 2753 5704 τῆς
2797 5641 3109 5711 οἰκονομίας
3139 5646 3328 5698 κενόν·
3361 5647 3452 5698 καὶ
3496 5646 3618 5699 οὗτε
3662 5652 3781 5710 ταῖς

2213 5723 2431 5795 ψυχαῖς,
2461 5727 2582 5781 οὔτε
2617 5733 2726 5795 τοῖς
2749 5735 2994 5804 σώμασιν
3027 5738 3183 5808 ἡμῶν
3209 5740 3236 5808 ἡ
3262 5737 3586 5805 ἀνάπλασις,
3632 5741 3777 5794 Ἀλλ’
