4026 6274
169 351 286 412 ’1⁸ἶ9

1204 360 1621 423 EXPOSITIO
1671 364 1894 424 SACRI
1933 366 2292 429 SYMBOLI.

3332 369 3455 434 770

165 467 288 555 οὐδ’
318 467 375 519 ὲν
405 469 470 538 τῇ
505 466 768 538 Παρθένῳ
800 469 1108 542 συνελήφθη
1135 471 1302 543 299
1343 475 1431 540 ἂν,
1468 477 1501 548 ἢ
1545 477 1753 548 ἐτέχθη.

1874 486 1960 536 est
1986 487 2082 534 aut
2115 490 2300 546 natus,
2328 489 2423 537 aut
2448 455 2668 553 propter
2696 498 2798 540 nos
2822 497 3018 555 passus
3049 492 3150 549 est,
3181 492 3276 540 aut
3309 501 3456 541 mor—

165 554 208 626 ἢ
256 556 396 627 ὑπὲρ
446 558 605 627 ήμῶν
659 559 885 624 ἔπαθεν,
922 559 954 629 ἢ
987 559 1168 614 θανὼν
1209 563 1491 638 ἐξανέστη.
1527 569 1589 622 ΕΞ
1619 572 1759 622 κατὰ

169 647 485 714 φαντασίαν
512 649 872 719 σεσάρκωται,
907 655 1022 718 πῶς
1049 654 1116 711 ἂν
1150 659 1199 711 οί
1226 660 1318 712 τὸν
1353 660 1583 716 θάνατον
1611 663 1762 732 εἱλη-

173 739 345 806 φότες
366 741 530 811 ἡμεῖς
555 742 811 816 πρότεροι
850 749 916 819 τῇ
941 753 1216 822 παρακοῇ,
1252 751 1320 806 δι’
1347 751 1514 808 αὐτοῦ
1561 755 1760 826 ἀνεζὴ-

170 849 396 901 σαμεν;
449 833 590 888 Ἀλλ’
633 837 920 894 ἀπόλοιντο
968 843 1019 895 oi
1072 841 1218 898 οὕτω
1266 845 1615 916 φρονοῦντες.
1652 846 1760 902 Τοῦ

164 924 434 995 ἀπαρχῆς
488 927 597 999 γὰρ
643 925 850 1000 ⁷πατρὸς
897 933 992 987 τοῦ
1043 934 1272 1003 ψεύδους
1316 923 1596 1002 τελοῦντες
1629 939 1758 1005 υίοὶ,

167 1015 272 1068 καὶ
321 1017 390 1069 τὰ
414 1017 581 1088 ψευδῆ
615 1019 838 1090 ληροῦσι
879 1025 973 1079 καὶ
1003 1025 1172 1092 ὅντως
1205 1029 1280 1097 μὴ
1307 1028 1436 1082 ὅντα
1467 1030 1758 1099 φάσματα.

176 1104 247 1162 ⁸0
294 1107 391 1162 τοῦ
425 1109 562 1163 Θεοῦ
598 1111 657 1165 δὲ
699 1113 873 1181 Λόγος
912 1114 1140 1187 ἀλήθεια
1179 1117 1276 1182 ὢν,
1321 1119 1556 1193 ἀληθείᾳ
1581 1121 1759 1176 πάντα

163 1201 330 1254 ποιεῖ
350 1217 364 1231 ⁸
395 1201 489 1255 καὶ
526 1201 601 1266 ὡς
637 1206 700 1257 ὲκ
747 1205 824 1279 μὴ
857 1206 1024 1262 ὄντων
1047 1211 1276 1281 οὐρανὸν
1303 1213 1621 1284 πεποιηκὼς
1665 1214 1760 1268 καὶ

161 1291 300 1360 γῆν,
337 1292 566 1365 ἀληθείᾳ
593 1296 768 1352 ταῦτά
811 1300 944 1362 sict,
969 1301 1182 1356 καὶτὸν
1215 1303 1502 1374 ἄνθρωπον
1549 1307 1759 1371 πλάσας

157 1383 225 1448 ἐξ
257 1385 464 1455 ἀρχῆς.
494 1385 726 1459 ἀληθείᾳ
761 1390 856 1443 καὶ
909 1384 1063 1454 οὗτός
1107 1394 1276 1459 ἐστιν,
1305 1395 1452 1450 οὕτω
1494 1397 1590 1452 καὶ
1627 1399 1760 1453 ἀνα-

160 1476 436 1532 πλάττων
465 1479 629 1533 αὑτὸν
663 1482 894 1553 ἀληθείᾳ
931 1486 1027 1538 καὶ
1065 1486 1230 1550 αὐτὸς
1260 1488 1631 1559 σεσάρκωται,
1662 1493 1759 1547 xal

155 1570 290 1639 δίχα
331 1573 542 1643 σπορᾶς
571 1573 788 1643 ἀληθῶς
817 1577 1128 1650 συνελήφθη
1167 1581 1226 1633 ἐν
1250 1583 1316 1651 τῇ
1349 1583 1636 1655 Παρθένῳ,
1664 1585 1760 1638 καὶ

157 1661 368 1732 ἐτέχθη
423 1665 782 1736 παναληθῶς,
836 1670 1120 1741 μενούσης·
1167 1674 1374 1744 ταύτης
1441 1675 1756 1745 παρθένουο

156 1755 288 1808 ἐπεὶ
323 1755 421 1809 καὶ
463 1757 694 1828 ἀληθείᾳ
719 1761 989 1830 παρθένος
1030 1757 1122 1833 ἦν.
1151 1765 1260 1818 Καὶ
1298 1765 1441 1818 οὕτω
1470 1767 1636 1821 πάλιν
1677 1768 1757 1822 δι-

159 1848 386 1917 ἔμεινε,
436 1850 528 1903 καὶ
563 1854 978 1923 συνανεστράφη
1031 1856 1338 1924 ἀνθρώποις
1389 1857 1628 1928 ἀληθῶς,
1661 1878 1754 1914 κα.

156 1936 302 2001 Θεὸς
350 1937 428 1992 ὢν
481 1939 758 2009 ἀληθινὸς,
809 1943 903 1994 καὶ
956 1943 1242 2013 ἄνθρωπος
1291 1947 1449 2017 ὤφθη
1508 1949 1577 2002 δι’
1606 1950 1753 2019 ἡμᾶς

159 2027 432 2098 ἀληθινὸς
464 2029 523 2082 ὲν
558 2031 657 2100 μιᾷ
691 2031 1010 2096 ὑποστάσει,
1051 2035 1274 2100 διπλοῦς
1306 2041 1426 2100 ταῖς
1459 2037 1690 2107 φύσεσιν
1724 2041 1754 2093 6

159 2121 360 2184 αὐτὸς,
393 2121 624 2182 καὶτοῖς
653 2125 907 2190 φυσικοῖς
940 2125 1074 2180 πᾶσι
1118 2127 1216 2197 τῆς
1240 2145 1297 2183 τε
1343 2129 1600 2197 θεότητος
1659 2133 1756 2186 καὶ

159 2213 268 2283 τῆς
317 2212 742 2284 ἀνθρωπότητος
774 2215 1198 2287 γνωριζόμενος,
1242 2220 1447 2286 διπλῶς
1490 2239 1551 2276 τε
1586 2222 1756 2277 θέλων

161 2305 262 2358 καὶ
300 2306 568 2378 ἐνεργῶν,
599 2305 702 2361 ούκ
751 2307 1169 2377 ἐναντιούμενος
1219 2312 1417 2383 ἑαυτῷ,
1469 2313 1608 2368 ἀλλά
1641 2314 1754 2370 τῶν

159 2398 268 2464 τῆς
315 2397 741 2469 ἀνθρωπότητος
785 2402 952 2457 αὐτοῦ
999 2403 1461 2474 ὑποτασσομένων
1489 2405 1656 2459 αὑτοῦ
1687 2409 1754 2476 τῇ

163 2488 432 2558 θεότητι,
486 2492 611 2546 ὅθεν
661 2492 758 2546 καὶ
804 2495 946 2565 ὑπὲρ
1007 2495 1168 2566 ἡμῶν
1226 2496 1439 2566 ὅσαπερ
1491 2496 1756 2566 ἔπραξεν,

164 2581 396 2651 ἀληθῶς
425 2585 520 2636 καὶ
557 2588 920 2654 σωτηριωδῶς
959 2588 1188 2659 ἔπραξε.
1230 2590 1339 2643 Καὶ
1364 2589 1524 2644 τοῦτο
1555 2589 1758 2659 μᾶλλον

162 2673 268 2740 τῆς
313 2672 487 2726 αὐτοῦ
521 2674 937 2745 φιλανθρωπίας
969 2678 1030 2732 τὸ
1075 2679 1300 2747 δεῖγμα,
1334 2679 1430 2733 καὶ
1471 2681 1550 2743 εἰς
1597 2679 1756 2745 δόξαν

161 2762 322 2833 αὐτῷ
357 2763 534 2819 ταῦτα
592 2767 692 2837 τὴν
740 2769 1132 2840 ὑπερέχουσαν.
1181 2771 1244 2824 Ei
1281 2771 1394 2841 γὰρ
1439 2771 1489 2824 oi
1531 2772 1758 2842 οὐρανοὶ

158 2853 492 2924 διηγοῦνται
540 2856 700 2924 δόξαν
737 2859 875 2915 Θεοῦ
920 2863 997 2925 ὼς
1035 2863 1340 2934 ποιήματα,
1383 2865 1522 2935 πόση
1557 2881 1620 2933 γε
1647 2864 1756 2934 ἄρα

157 2947 298 3011 δόξα
325 2948 406 3017 τῷ
436 2948 555 3018 Θεῷ
588 2951 730 3021 ὑπὲρ
760 2951 862 3021 τῆς
888 2953 1164 3024 σωτηρίας
1193 2955 1288 3008 τοῦ
1323 2955 1642 3025 πλάσματος
1670 2973 1758 3009 σε·

1873 577 2000 624 tuus
2032 565 2358 628 resurrexit.
2398 573 2452 628 Si
2489 590 2584 644 per
2616 575 2957 643 phantasiam
2992 576 3310 631 incarnatus
3346 585 3451 640 est,

1865 661 2144 729 quomodo
2171 664 2261 730 qui
2295 669 2527 719 mortem
2561 667 2717 734 prius
2739 681 2806 721 ex
2842 666 3208 722 inobedientia
3234 677 3454 722 eontra-

1865 749 2070 815 ximus,
2117 765 2214 820 per
2263 767 2388 807 eum
2449 753 2891 810 reviviscemus.’
2939 753 3168 810 Pereant
3224 755 3318 824 qui
3372 755 3452 809 sic

1863 841 2180 908 opinantur,
2232 843 2435 911 quippe
2491 844 2587 913 qui
2623 845 2692 898 ab
2747 845 2907 900 initio
2959 845 3229 900 mendacii
3281 846 3452 914 patris

1863 932 2088 1002 perfecti
2120 933 2236 996 lilii,
2270 933 2405 989 falsa
2437 934 2674 990 delirant
2694 952 2937 1007 saneque
2965 939 3147 992 inania
3171 953 3452 993 commen-

1865 1035 1940 1107 ta:
1977 1024 2070 1080 Dei
2104 1024 2343 1082 Verbum
2377 1028 2582 1082 veritas
2614 1039 2720 1092 est,
2753 1029 2806 1084 in
2837 1031 3070 1086 veritate
3123 1031 3308 1086 omnia
3340 1031 3448 1100 agit

1861 1127 1914 1174 et
1943 1117 2397 1187 quemadmodum
2428 1132 2459 1172 e
2483 1133 2588 1172 non
2623 1120 3018 1176 exsistentibus
3065 1122 3266 1176 caelum
3326 1124 3454 1176 fecit

1863 1218 1918 1266 et
1941 1217 2168 1274 terram,
2208 1220 2264 1266 et
2293 1211 2348 1264 in
2379 1211 2613 1266 veritate
2640 1218 2792 1276 sunt,
2832 1219 2887 1266 et
2922 1213 3200 1268 hominem
3230 1215 3300 1269 ah
3347 1215 3452 1268 ini-

1862 1303 1940 1358 tio
1969 1302 2286 1372 plasmavit,
2321 1310 2374 1358 et
2406 1302 2459 1356 in
2494 1302 2725 1358 veritate
2759 1314 2882 1365 est:
2912 1303 2995 1358 sic
3050 1304 3449 1358 humanitatem

1861 1409 2020 1452 suam
2043 1394 2343 1464 plasmaus,
2373 1394 2427 1448 in
2466 1395 2694 1450 veritate
2752 1402 2809 1449 et
2867 1395 2987 1465 ipse
3019 1395 3341 1450 incarnatus
3367 1405 3452 1451 est

1859 1499 1914 1544 et
1939 1487 2146 1558 absque
2172 1485 2528 1555 corruptione
2547 1485 2760 1541 sincere
2794 1488 2846 1540 in
2878 1487 3096 1557 Virgine
3126 1497 3446 1556 conceptus,

1859 1594 2022 1650 quem
2048 1578 2267 1644 penitus
2309 1593 2437 1632 vere
2464 1577 2680 1648 peperit
2735 1592 2963 1632 manens
3005 1577 3160 1648 virgo
3189 1593 3310 1648 quae
3341 1578 3448 1632 rei-

1860 1686 1959 1742 psa
1990 1672 2144 1740 virgo
2171 1677 2310 1734 erat,
2361 1677 2417 1725 et
2465 1670 2546 1726 sic
2590 1669 2789 1724 iterum
2850 1671 3261 1738 perseveravit;
3315 1683 3440 1724 cum

1861 1763 2177 1818 hominibus
2206 1777 2334 1818 vere
2384 1770 2742 1818 conversatus
2797 1769 2884 1816 est
2923 1760 3066 1816 Deus
3130 1776 3295 1816 verus
3391 1771 3446 1816 et

1862 1857 2026 1911 homo
2049 1894 2065 1921 ,
2097 1856 2237 1925 apud
2278 1870 2378 1910 nos
2414 1854 2562 1910 visus
2581 1861 2667 1910 est
2699 1869 2861 1910 verus
2886 1855 2938 1908 in
2985 1855 3140 1909 unica
3169 1868 3404 1923 persona
3433 1869 3448 1919 ;

1854 1947 2034 2018 quoad
2067 1955 2294 2001 naturas
2325 1945 2523 2014 duplex
2547 1944 2712 2008 idem,
2742 1952 2796 1999 et
2841 1943 3146 1999 divinitatis
3172 1953 3228 1998 et
3256 1945 3452 1998 huma'

1857 2039 2052 2095 uitatis
2079 2037 2424 2093 naturalibus
2453 2036 2712 2091 omnibus
2767 2037 3041 2107 cognitus,
3096 2036 3296 2105 duplex
3358 2051 3453 2088 vo-

1856 2131 2067 2186 luntate
2088 2141 2145 2186 et
2189 2130 2532 2200 operatione,
2586 2144 2694 2182 non
2753 2144 2938 2184 secum
2996 2129 3116 2199 ipso
3173 2143 3448 2199 pugnans,

1861 2223 1952 2277 sed
1981 2221 2334 2276 humanitatis
2360 2219 2481 2284 eius
2518 2219 2737 2275 actibus
2763 2219 3035 2273 divinitati
3066 2219 3190 2288 ejus
3253 2219 3447 2288 subje-

1857 2314 1985 2378 ctis,
2030 2312 2176 2368 unde
2215 2326 2552 2382 quaecunque
2582 2321 2805 2381 propter
2835 2326 2936 2366 nos
2965 2310 3114 2377 fecit,
3155 2311 3370 2366 sincere
3396 2319 3452 2365 ιιι

1857 2404 2174 2462 salutariter
2198 2403 2330 2459 fecit
2366 2419 2383 2467 ;
2423 2404 2570 2471 quod
2605 2404 2940 2472 praecipuum
2962 2405 3081 2473 ejus
3103 2403 3450 2480 philanthro-

1859 2496 1964 2567 piae
2001 2501 2381 2567 argumentum
2409 2502 2466 2548 et
2498 2493 2566 2548 ad
2597 2493 2826 2564 gloriam
2884 2493 2988 2562 ipsi
3035 2495 3450 2564 supereminen-

1862 2565 1994 2642 tem.
2024 2585 2084 2641 Si
2116 2565 2264 2643 enim
2304 2583 2431 2640 caeli
2464 2591 2729 2638 enarrant
2763 2585 2994 2652 gloriam
3035 2584 3129 2638 Dei
3188 2593 3448 2653 tanquam

1861 2688 2155 2744 creaturae,
2181 2692 2304 2747 quae
2337 2677 2448 2730 Deo
2480 2690 2580 2745 pro
2616 2675 2900 2744 plasmatis
2949 2675 3130 2730 salute
3162 2676 3452 2730 incarnato

1863 2772 2076 2841 gloria,
2140 2779 2196 2824 et
2251 2782 2455 2838 corpus
2503 2767 2650 2838 quod
2707 2782 2808 2838 pro
2877 2769 3130 2823 homiue‘
3169 2776 3452 2838 pateretur

1862 2862 2009 2917 danti
2031 2861 2189 2930 cujus
2217 2861 2389 2916 livore
2426 2861 2602 2916 sanati
2631 2861 2829 2927 simus,
2890 2869 2951 2915 ut
3003 2861 3270 2931 scriptum
3325 2859 3452 2916 est?

1864 2954 2067 3009 Deinde
2081 2953 2216 3008 dicit
2238 2967 2253 3005 :

159 3044 602 3114 σωματωμένῳ,
637 3046 732 3098 καὶ
779 3046 1036 3102 δεδωκότι
1080 3049 1142 3103 τὸ
1187 3050 1348 3120 σῶμα
1389 3052 1584 3106 παθεῖν
1612 3051 1753 3120 ὑπὲρ
1771 3047 2100 3119 ἀνθρώπων,
2136 3047 2224 3101 ἵνα
2256 3044 2335 3116 τῷ
2370 3045 2601 3115 μώλωπι
2661 3042 2830 3098 αὐτοῦ
2884 3043 3148 3116 ίαθῶμεν,
3224 3045 3303 3109 ὡς
3359 3044 3453 3111 γέ-

158 3153 417 3206 γραπται
439 3153 455 3203 ;
495 3134 628 3192 Εἶτά
659 3157 793 3211 φησι
817 3157 832 3172 ’

159 3259 276 3314 Kal
298 3231 701 3327 σαρκωθέντα
722 3258 1165 3334 ἐκ-Πνεύματος
1190 3263 1365 3334 ἁγίου
1397 3265 1495 3318 καὶ
1523 3263 1750 3333 Μαρίας

1860 3258 1925 3312 Et
1957 3259 2264 3311 incarnatus
2295 3264 2372 3309 est
2395 3255 2456 3308 de
2490 3254 2693 3320 Spiritu
2709 3261 2891 3308 sancto
2917 3267 2981 3309 ea:
3002 3250 3176 3306 Maria
3207 3249 3449 3322 Virgine.

737 3329 848 3397 τῆς
875 3329 1211 3400 Παρθένου.

243 3418 308 3475 '0
336 3421 441 3490 μὲν
473 3421 583 3491 γὰρ
615 3422 808 3492 Πατὴρ
836 3423 1094 3492 εὐδόκησε
1123 3428 1216 3480 καὶ
1247 3427 1752 3498 συνεδημιούργησε

157 3514 235 3584 τῷ
265 3513 472 3568 ἑαυτοῦ
501 3514 658 3584 Λόγῳ
688 3515 748 3568 τὸ
779 3515 938 3585 σῶμα
957 3533 972 3550 ο
1002 3517 1062 3570 τὸ
1102 3517 1159 3570 δὲ
1190 3519 1414 3588 Πνεῦμα
1444 3519 1754 3590 συπιυποῦρ-

157 3620 323 3673 γησε.
355 3603 475 3658 Μία
505 3605 612 3673 γὰρ
631 3606 665 3674 ὴ
693 3605 944 3673 ἐνέργεια
971 3607 1066 3660 καὶ
1097 3611 1128 3678 ἠ
1163 3607 1394 3679 δύναμις
1421 3610 1529 3662 τῶν
1559 3609 1747 3680 τριῶν.

155 3695 335 3755 Μόνος
357 3693 414 3748 δὲ
439 3695 470 3744 6
501 3693 672 3762 Λόγος
703 3694 1073 3764 σεσάρκωται,
1098 3699 1202 3751 κατ
1215 3699 1314 3766 οὐχ
1343 3701 1370 3751 6
1409 3699 1598 3768 Πατὴρ
1632 3699 1664 3769 ἦ
1693 3699 1752 3751 τὺ

160 3783 410 3852 Πνεῦμα.
445 3784 622 3837 Τοῦτο
676 3787 757 3852 δὲ,
785 3786 861 3849 ὡς
905 3789 934 3839 6
976 3788 1152 3856 μέγας
1197 3791 1361 3858 φησὶν
1407 3791 1748 3856 ’Δθανάσιος,

157 3877 244 3929 ἵνα
293 3877 437 3948 μένῃ
495 3879 524 3930 6
549 3877 680 3940 Υίδς
708 3879 860 3944 Υίὸς,
894 3882 992 3934 καὶ
1033 3881 1106 3945 ὡς
1141 3882 1204 3934 ὲκ
1233 3881 1328 3934 τοῦ
1376 3883 1590 3959 Πατρδς
1623 3885 1752 3947 Υἱὸς

155 3966 388 4030 ἀπαθῶς
447 3970 596 4031 ἐστι,
634 3967 729 4020 καὶ
773 3968 898 4031 Υἱὸς
948 3969 1160 4038 ἀληθῶς
1215 3973 1280 4024 ὲκ
1321 3971 1418 4040 τῆς
1470 3972 1749 4043 Παρθένου

151 4058 438 4127 γεννηθεὶς
477 4055 660 4126 μείνῃ,
689 4056 817 4118 Υίὸς
855 4057 1124 4124 ἀληθινῶς
1163 4060 1256 4112 καὶ
1300 4058 1378 4112 ὢν
1425 4062 1520 4113 καὶ
1553 4061 1752 4114 καλού-

156 4167 336 4218 μενος.
366 4150 492 4221 Τῆς
521 4149 855 4220 σαρκώσεως
885 4151 1035 4204 αἴτια
1061 4151 1118 4204 δὲ
1148 4154 1214 4204 τὰ
1241 4152 1448 4221 αἵματα
1472 4154 1571 4224 τῆς
1604 4157 1754 4224 Παρ-

159 4237 339 4292 θένου.
381 4238 477 4300 Ὦς
519 4237 633 4308 γὰρ
661 4239 894 4307 ἠδύνατο
937 4238 1036 4309 μὲν
1070 4239 1307 4310 ὲεαρχῆς
1336 4243 1364 4295 6
1392 4243 1524 4304 Θεὸς
1567 4243 1662 4296 καὶ
1694 4243 1751 4308 ἐξ

156 4327 352 4400 ιτέρας
392 4331 532 4400 ὓλης
571 4330 971 4401 δημιουργήσαι
1020 4331 1112 4385 τὸν
1143 4331 1454 4401 ἄνθρωπον,
1492 4334 1594 4386 οὐκ
1621 4333 1750 4403 1106-

157 4421 290 4490 λησε
336 4422 417 4486 δὲ,
467 4421 570 4476 καὶ
625 4421 786 4476 τοῦτο
833 4422 1081 4487 δικαίως,
1113 4423 1201 4478 ἵνα
1248 4425 1322 4494 μὴ
1373 4424 1752 4495 ἀκοινωνήτως

160 4515 301 4585 πρὸς
334 4517 555 4584 ταύτην
579 4514 719 4584 ἔχων
746 4516 846 4585 τὴν
882 4516 1078 4583 κτίσιν,
1113 4517 1173 4569 ού
1210 4517 1434 4588 δύνηται
1482 4517 1686 4587 μένειν,
1717 4517 1749 4587 ἢ

158 4609 448 4662 κοινωνίαν
480 4609 634 4679 ἔχειν
657 4610 716 4660 ὲν
750 4609 888 4678 αὐτῇ
915 4625 929 4639 ·
964 4608 1107 4661 οὕτω
1135 4610 1197 4680 δὴ
1233 4613 1328 4662 καὶ
1368 4609 1467 4680 τὴν
1505 4611 1748 4663 ἀνάπλα-

163 4712 246 4748 σιν
277 4699 450 4752 ποιῶν
490 4697 597 4753 τοῦ
633 4697 953 4769 ἀνθρώπου,
991 4699 1088 4769 οὐχ
1117 4701 1308 4769 ἑτέραν
1337 4698 1472 4769 ὕλην
1512 4701 1746 4768 προσλα-

159 4785 345 4840 ϐέσθαι
367 4789 668 4858 ἠθέλησεν,
694 4787 784 4840 ἴνα
812 4789 886 4858 μὴ
913 4789 949 4858 η
977 4788 1374 4857 παραπεσοῦσα
1403 4788 1565 4856 φύσις
1589 4789 1748 4860 ἡμῶν

157 4862 490 4948 ἐναπομείνῂ
527 4878 610 4948 τῷ
641 4878 920 4947 πτώματι.
955 4880 1016 4932 Ei
1055 4880 1163 4949 γὰρ
1192 4882 1268 4949 μὴ
1297 4880 1407 4946 ἀπὸ
1439 4881 1552 4933 τῶν
1579 4882 1749 4951 αἱμά-

159 4983 268 5020 των
307 4970 407 5040 τῆς
439 4970 750 5042 Παρθένου,
781 4969 881 5039 τῆς
914 4971 976 5023 ἐκ
1000 4970 1096 5023 τοῦ
1125 4971 1302 5042 ’Δδάμ
1340 4973 1746 5042 καταγομένης,

163 5059 261 5127 τὴν
291 5061 472 5131 σάρκα
507 5059 878 5133 ἦνέίληφὼς,
915 5065 1030 5127 πῶς
1069 5065 1136 5118 ἂν
1179 5065 1240 5117 τὸ
1299 5065 1566 5132 συγγενὲς
1613 5067 1750 5136 πρὸς

167 5149 488 5220 ἀνθρώπους
536 5149 715 5222 εἷχενς
753 5153 786 5223 ἢ
834 5154 952 5218 πῶς
1001 5157 1093 5209 τὸν
1131 5155 1242 5210 ἀπὸ
1285 5155 1425 5210 Θεοῦ
1473 5157 1748 5225 ἀγιασμὸν

169 5236 584 5313 ὶλαμδάνομενς
613 5245 647 5314 ἢ
680 5246 796 5307 πῶς
831 5246 898 5300 ἂν
930 5248 1151 5320 ιζωώθη
1163 5266 1264 5318 μεν
1311 5250 1362 5302 οἱ
1405 5250 1749 5321 νενεκρωμέ-

169 5345 270 5395 vos,
303 5333 378 5404 μὴ
405 5335 506 5404 τῆς
541 5336 687 5405 ζωῆς
726 5337 988 5408 ἐλθούσης
1017 5341 1151 5409 ἡμῖν
1173 5356 1187 5406 ;
1213 5339 1326 5403 Διὸ,
1365 5339 1475 5394 Καὶ
1513 5353 1751 5408 σαρκω-

165 5420 362 5503 aena,
415 5428 605 5496 (metu,
646 5429 716 5482 ἐκ
759 5431 1106 5497 "reductae
1152 5433 1348 5499 ἁγίου.
1390 5431 1738 5503 Ἀῤῥεύστως

1776 4650 1826 4710 D

1933 3417 2094 3472 Pater
2119 3418 2324 3473 bonum
2360 3417 2615 3486 cogitans
2653 3417 2836 3471 Verbo
2873 3431 2973 3470 suo
2989 3431 3188 3487 corpus
3219 3417 3446 3478 creavit.

1855 3511 2096 3582 Spiritus
2124 3510 2375 3566 conditor
2409 3527 2513 3565 una
2551 3511 2672 3565 fuit.
2703 3509 2873 3565 Unica
2905 3513 3052 3566 enim
3075 3512 3241 3566 trium
3290 3528 3448 3566 ener-

1853 3603 1940 3672 gia
1971 3611 2025 3658 et
2052 3611 2316 3674 potestas,
2388 3605 2564 3659 solum
2595 3611 2777 3658 autem
2810 3603 3046 3659 Verbum
3098 3605 3444 3659 incarnatum

1853 3703 1938 3750 est
1958 3703 2013 3750 et
2039 3709 2146 3749 non
2179 3694 2362 3760 Pater,
2399 3709 2497 3748 nec
2522 3693 2782 3760 Spiritus,
2815 3695 2960 3749 sicut
2991 3696 3148 3750 docet
3207 3711 3446 3766 magnus

1851 3783 2212 3848 Athanasius,
2260 3793 2320 3838 ut
2348 3793 2566 3836 maneat
2593 3782 2762 3836 Filius
2792 3783 2982 3847 Filius,
3007 3792 3061 3839 et
3095 3785 3439 3854 quemadmo-

1853 3876 1983 3930 dum
2007 3891 2038 3930 e
2060 3874 2224 3930 Patre
2254 3876 2373 3929 sine
2405 3873 2634 3928 libidine
2684 3873 2858 3929 Filius
2888 3883 2972 3930 est
3005 3884 3060 3928 et
3119 3873 3287 3929 Filius
3318 3892 3444 3930 vere

1856 3983 1888 4022 e
1925 3965 2148 4037 Virgine
2171 3965 2389 4036 genitus
2424 3971 2661 4027 maneat,
2693 3962 2868 4018 Filius
2903 3979 3030 4018 vere
3095 3966 3185 4033 qui
3254 3965 3327 4018 sit
3389 3975 3442 4019 ct

1854 4068 2104 4114 vocetur.
2143 4056 2548 4111 lncarnationis
2591 4065 2770 4110 autem
2796 4070 2985 4121 causa,
3024 4055 3264 4122 Virginis
3318 4071 3436 4110 san-

1855 4147 1998 4218 guis.
2031 4146 2504 4213 Quemadmodum
2539 4147 2688 4201 enim
2727 4152 2943 4214 poterat
2964 4145 3032 4198 ab
3071 4144 3230 4198 initio
3297 4145 3441 4198 Deus

1855 4251 1921 4289 ex
1955 4236 2126 4290 altera
2162 4235 2390 4288 materia
2447 4235 2724 4289 hominem
2761 4249 2948 4289 creare
3001 4249 3102 4288 nec
3169 4233 3340 4288 voluit
3367 4234 3442 4304 (ot

1854 4326 2070 4390 merito,
2103 4341 2226 4380 cum
2257 4327 2348 4395 qui
2381 4340 2491 4379 nou
2523 4327 2771 4380 eamdem
2807 4339 2970 4395 quam
2998 4326 3144 4380 illam
3172 4325 3438 4380 facturam

1854 4419 2142 4472 materiam
2180 4431 2531 4472 communem
2559 4417 2808 4483 haberet,
2867 4416 3009 4472 l‘o’rte
3068 4431 3293 4473 manere
3347 4427 3443 4472 aut

1855 4523 1978 4563 cum
2015 4509 2132 4578 ipsa
2163 4507 2488 4564 societatem
2545 4510 2746 4564 habere
2796 4510 3072 4580 nequiret)
3103 4511 3182 4565 sic
3225 4525 3360 4566 sane
3387 4520 3442 4564 ct

1855 4603 2098 4657 hominis
2165 4604 2567 4672 reparationem
2623 4619 2792 4674 agens
2869 4603 3096 4657 alteram
3154 4619 3448 4659 assumere

1855 4692 2140 4746 materiam
2171 4693 2352 4748 uoluit
2376 4708 2442 4747 ne
2465 4694 2616 4762 lapsa
2675 4703 2869 4747 natura
2931 4702 3117 4750 nostra
3171 4695 3226 4748 iu
3284 4693 3446 4764 lapsu

1853 4795 2206 4838 remaneret:
2240 4785 2442 4853 quippe
2465 4784 2561 4854 qui
2593 4799 2700 4838 non
2729 4799 2760 4851 ς
2806 4785 3034 4855 virginis
3063 4784 3133 4839 de
3159 4785 3327 4840 Adam
3352 4801 3442 4840 or-

1853 4885 1920 4929 ta:
1941 4876 2208 4944 sanguine
2227 4890 2449 4930 carnem
2483 4876 2832 4945 sumpsisset,
2857 4877 3132 4946 quomodo
3155 4881 3441 4948 cognatio-

1852 4969 1942 5023 nis
1971 4956 2427 5022 communitatem
2458 4980 2584 5021 cum
2615 4967 2932 5023 hominibus
2981 4969 3279 5025 habuerit?
3329 4971 3440 5024 Aut

1857 5059 2137 5129 quomodo
2189 5074 2220 5113 ι
2276 5059 2387 5114 Deo
2423 5059 2948 5115 'sanctiﬂcatiouem
3031 5063 3436 5133 acceperimus.

1851 5153 1937 5207 vel
1978 5150 2177 5206 mortui
2201 5150 2615 5215 reviviscemus,
2666 5152 2733 5205 ad
2786 5168 2929 5222 quos
2985 5169 3094 5208 non
3151 5155 3438 5210 advenerit

1855 5246 2009 5301 vita?
2065 5243 2192 5300 ideo
2242 5245 2591 5298 incarnatum
2651 5243 2787 5300 dicit
2833 5247 2900 5301 de
2957 5245 3167 5316 Spiritu
3199 5256 3432 5311 sancto;

1858 5337 2207 5394 inell‘abiliter
2266 5344 2323 5390 et
2371 5337 2577 5405 absque
2628 5335 2856 5390 libidine
2907 5335 3070 5390 etiam
3133 5335 3430 5390 secundum

1848 5446 2070 5487 carnem
2096 5429 2275 5485 factus
2303 5437 2410 5492 est,
2436 5429 2612 5485 sancti
2643 5426 2882 5495 Spiritus
2912 5427 3254 5496 operatione.

164 5501 271 5585 γὰρ
321 5519 419 5572 καὶ.
462 5521 695 5587 ἀπαθῶς
740 5525 837 5576 καὶ
875 5525 1018 5578 κατά
1072 5525 1253 5594 σάρκα
1295 5501 1618 5598 γεγέννηται
1669 5527 1815 5581 θείου
1847 5527 2165 5598 Πνεῦματος
2203 5527 2515 5598 συνεργείᾳ.

516 5615 624 5666 Καὶ
653 5615 881 5683 Μαρίας
914 5614 1023 5684 τῆς
1056 5617 1387 5684 Παρθένου.

238 5697 357 5752 Ὅτι
404 5700 466 5766 ἐξ
521 5705 698 5776 αὐτῆς
747 5709 842 5762 καὶ⁵
889 5709 1230 5780 σεσάρκωται
1275 5711 1372 5764 καὶ
1415 5711 1740 5782 γεγέννηται

2352 5621 2436 5676 Ea:
2488 5619 2666 5674 Maria
2701 5609 2935 5690 Virgine.

1920 5713 2058 5780 Quia
2109 5731 2172 5770 ex
2202 5730 2265 5770 ea
2294 5729 2423 5770 vere
2473 5714 2788 5768 incarnatus
2819 5720 2880 5767 et
2919 5708 3096 5765 factus
3145 5720 3249 5772 εει,
3293 5707 3435 5762 sicut

159 5783 391 5860 ἀληθῶς,
422 5792 498 5859 ὡς
534 5795 772 5866 Ἡσαΐας
804 5801 897 5856 καὶ
933 5803 982 5856 oi
1040 5801 1219 5856 λοιποὶ
1269 5801 1378 5858 τῶν
1441 5801 1740 5872 προφητῶν

1860 5807 2216 5877 praedixerunt
2270 5805 2440 5863 Isaias
2472 5812 2525 5860 et
2564 5803 2760 5876 reliqui
2825 5803 3124 5875 prophetae.
3159 5799 3434 5860 Etsimilis
