4068 6280
609 354 709 418 ’ΠΙ

1389 358 1778 420 SYMEONIS
1811 356 2584 422 THESSALONICENSIS
2614 361 2982 426 ARCHIEP.

3763 352 3875 418 772

618 473 976 542 ejusdemque
1025 484 1232 527 natura:
1264 473 1573 540 nobiscum,
1596 488 1694 528 nec
1715 473 1952 528 alienum
1975 487 2188 528 assum-
2217 535 2220 544 Α

2310 475 2594 546 προῦλεγον
2617 493 2632 510 ο
2688 479 2784 530 καὶ
2820 479 3008 546 ὅμοιον
3050 473 3180 544 ἡμῖν
3222 471 3316 527 καὶ
3342 462 3606 543 όμοφυές,
3643 469 3742 525 καὶ
3774 471 3872 525 οὐκ

619 561 724 632 psit
757 576 975 630 corpus.

1099 652 1168 706 Et
1195 653 1348 705 homo
1395 653 1568 722 factus
1599 663 1696 708 est.

689 745 823 800 lllud
847 759 911 797 eo
942 744 1086 813 quod
1128 745 1366 812 perfecte
1390 745 1550 800 homo
1581 746 1754 802 lactus
1787 747 1878 810 sit.
1914 757 1968 802 et
1997 749 2050 803 in
2078 763 2195 802 ma-

567 853 578 864 ~
619 837 753 890 trice
772 837 990 905 quidem
1026 835 1311 891 confestim
1361 839 1637 907 perlectus
1689 839 1852 895 fretus
1876 850 2192 909 conceptus,

617 930 942 982 naturaliter
969 930 1205 982 nutritus
1241 926 1529 999 innisusque
1559 939 1641 984 est
1664 930 1882 984 editus:
1937 932 2033 1000 qui
2085 947 2193 986 non

615 1029 864 1072 naturam
896 1019 1144 1073 abolebat
1193 1021 1350 1088 cujus
1389 1009 1754 1075 conditionem
1787 1021 2045 1090 erigebat,
2087 1023 2197 1077 iic-

618 1120 676 1166 ut
718 1113 795 1165 ait
849 1126 1079 1180 magnus
1121 1111 1474 1172 Athanasius,
1520 1121 1676 1165 aetate
1719 1126 1992 1176 crescens,
2021 1113 2198 1166 nutri-

618 1212 727 1267 tus,
755 1203 1034 1255 dormiens
1061 1213 1111 1255 et
1135 1201 1288 1253 Matri
1315 1201 1730 1270 existimatoque
1759 1203 1896 1270 patri
1917 1204 2192 1257 subditus.

618 1297 672 1350 Si
699 1312 830 1364 ergo
854 1305 1020 1363 Supra
1051 1303 1300 1346 naturam
1334 1309 1453 1361 qua:
1476 1294 1650 1362 ipsius
1678 1303 1856 1359 erant,
1877 1297 1968 1349 sed
1990 1296 2194 1363 pariter

618 1397 881 1456 quantum
920 1387 1138 1446 licebat,
1171 1385 1554 1455 probatissima
1607 1386 1908 1440 secundum
1942 1396 2192 1440 naturam

623 1494 724 1532 ron
756 1479 1113 1532 aversabatur
1145 1485 1199 1530 et
1227 1475 1486 1545 perfectio
1516 1476 1568 1528 in
1599 1491 1663 1529 eo
1687 1485 1824 1542 erat,
1858 1485 1972 1530 tum
1993 1491 2192 1545 corpo-

622 1571 718 1632 ris,
767 1580 879 1621 tum
919 1570 1136 1629 animae,
1171 1567 1563 1635 intelligentem
1599 1567 1806 1621 habens
1864 1578 1918 1621 et
1954 1567 2198 1620 rationa-

621 1663 723 1714 lem
758 1663 925 1730 ipsius
959 1662 1228 1714 actionem
1257 1670 1312 1713 et
1339 1663 1694 1713 voluntatem.
1717 1659 1829 1714 Hoc
1857 1674 2008 1728 ergo,
2044 1660 2194 1713 homo

620 1753 792 1820 factus
830 1763 928 1815 est,
964 1753 1201 1806 ostendit
1236 1762 1426 1805 contra
1466 1751 1813 1820 blasphemos
1844 1751 2190 1821 dispositum,

2299 567 2584 636 ἀλλότριον
2611 567 2825 637 εἰλήφει
2851 567 3036 637 σῶμα.

2737 658 2843 712 Καὶ
2873 656 3448 726 ἐνανθρωπήσαντα.

2367 751 2536 805 Τοῦτο
2565 751 2654 804 διά
2696 752 2756 803 τὸ
2797 750 2999 804 τέλειον
3041 751 3205 804 αὐτὸν
3248 749 3539 817 ἄνθρωπον
3564 747 3867 817 γεγονέναι,

2296 845 2392 897 καὶ
2452 847 2512 897 ἐν
2569 846 2633 914 τῇ
2677 842 2860 913 μήτρᾳ
2904 843 3109 894 τέλειον
3145 841 3243 910 μὲν
3288 840 3448 914 εὐθῦς
3486 837 3868 909 ἀποδειχθῆναι

2300 933 2520 1002 βρέφος,
2545 909 2846 1003 τρὲερεάθᾲί
2873 931 2928 984 δὲ
2960 909 3223 998 φυσικώς,
3250 933 3346 984 καὶ
3369 909 3737 999 ἀποτεχθῆναι
3775 930 3868 996 νή-

2300 1043 2442 1079 πιον.
2471 1026 2544 1079 Οὐ
2571 1025 2679 1093 γὰρ
2712 1025 2900 1094 ἀνῄρει
2924 1024 3024 1093 τὴν
3054 1025 3236 1090 φύσιν,
3283 1021 3664 1092 ἐπηνωρθοῦτο
3702 1021 3761 1073 δὲ
3805 1021 3867 1073 τὰ

2297 1118 2490 1186 αὐτῆς,
2529 1116 2601 1180 ὡς
2630 1120 2657 1170 6
2690 1118 2864 1186 μέγας
2908 1116 3073 1184 φησὶν
3102 1115 3442 1180 ’Δθανάσιος,
3496 1112 3621 1168 καθ’
3653 1113 3868 1182 ἡλικίαν

2299 1209 2685 1275 αὐξανόμενος,
2714 1209 2808 1261 καὶ
2830 1209 3181 1277 τρεφόμενος,
3202 1207 3295 1260 καὶ
3332 1207 3650 1263 ὑπνώττων,
3677 1205 3773 1257 καὶ
3804 1208 3863 1274 τῇ

2301 1301 2520 1370 ἀληθῶς
2567 1301 2751 1368 Μητρὶ
2789 1301 2884 1353 καὶ
2917 1300 2994 1369 τῷ
3023 1299 3269 1354 δοκοῦντι
3310 1300 3482 1366 πατρὶ
3525 1297 3865 1350 καθυποτασ-

2303 1397 2547 1465 σόμενος.
2586 1393 2648 1448 Ei
2672 1390 2767 1447 οῦν
2801 1395 2896 1446 καλ⁵
2926 1394 3063 1463 ὑπὲρ
3101 1388 3263 1457 φύσιν
3290 1392 3355 1442 τὰ
3385 1389 3506 1442 κατ’
3539 1388 3726 1448 αὑτὸν,
3752 1387 3863 1439 ἀλλ’

2298 1489 2446 1556 ὅμως
2490 1487 2612 1539 ὅσον
2642 1485 2924 1554 ἐνεχώρει,
2958 1483 3028 1535 τὰ
3053 1483 3353 1550 ἀδιάϐλητα
3393 1481 3556 1550 300
3596 1479 3736 1530 κατά
3772 1477 3869 1544 φύς

2299 1597 2383 1632 σιν
2407 1579 2468 1632 οὐ
2501 1579 2800 1647 παρῃτεῖτο
2820 1594 2835 1608 ο
2867 1576 2962 1628 καὶ
3003 1575 3062 1627 τὸ
3087 1574 3289 1626 τέλειον
3313 1567 3381 1640 ἦν
3414 1572 3471 1622 ἐν
3501 1568 3646 1636 αὐτῷ
3679 1567 3772 1620 τοῦ
3812 1583 3867 1619 τε

2301 1670 2553 1739 σώματος
2581 1669 2680 1736 τῆς
2705 1685 2764 1720 τε
2791 1667 2992 1736 ψυχῆς,
3029 1667 3224 1733 νοερὰν
3273 1662 3444 1732 αὐτὴν
3480 1661 3621 1729 ἔχων
3661 1659 3758 1710 καὶ
3786 1657 3871 1711 λο-

2299 1761 2482 1828 γικὴν,
2505 1758 2848 1824 αὑτεξούσιόν
2887 1773 2948 1810 τε
2976 1758 3069 1810 καὶ
3097 1755 3408 1824 θελητικήν.
3445 1751 3616 1806 Τοῦτο
3655 1751 3749 1804 οῦν
3786 1751 3870 1816 τὸ,

619 1845 710 1914 qui
750 1858 855 1898 non
893 1844 1131 1897 animam
1189 1843 1476 1895 Dominum
1539 1842 1904 1910 assumpsisse
1964 1852 2190 1896 conten-

2310 1851 2862 1918 irardpwmiaarta,
2886 1849 3055 1918 δηλοῖ,
3093 1845 3236 1899 κατά
3261 1845 3368 1898 τῶν
3399 1844 3610 1913 βλασφή
3621 1861 3735 1909 μων
3787 1859 3875 1894 τεο

622 1937 777 1997 dunt,
812 1937 932 1989 loco
950 1936 1146 1988 anima:
1198 1934 1538 1986 divinitatem
1577 1932 1824 1986 suﬂicere
1852 1933 2195 2000 ineptientes,

623 2028 715 2095 qui
753 2035 804 2080 et
832 2026 1146 2079 irrationale
1190 2025 1514 2093 insipienter
1589 2024 2007 2092 suSpicabantur
2055 2025 2201 2078 illius

624 2119 1031 2172 sanctissimum
1062 2132 1282 2186 corpus,
1315 2131 1414 2170 nec
1439 2117 1636 2170 animae
1661 2131 1764 2170 usu
1783 2117 2001 2184 proprio
2016 2115 2202 2172 fruens

622 2224 727 2278 qua
791 2208 938 2262 Patri
1007 2208 1375 2273 subderetur;
1449 2209 1527 2262 sic
1576 2223 1681 2262 non
1752 2206 2049 2276 perlectum
2111 2209 2204 2260 ho-

629 2301 828 2354 minem
882 2300 1270 2368 assumpsisset
1320 2298 1555 2353 Verbum
1603 2298 1863 2368 Patrique
1914 2299 2204 2354 obtulisSet

627 2406 727 2460 pro
753 2390 1022 2459 completo
1061 2390 1212 2459 lapso
1244 2390 1482 2453 homine,
1513 2391 1606 2443 sed
1633 2389 2034 2458 imperfectum.
2084 2389 2202 2455 Quo

628 2481 1085 2550 imprimis,juxta
1118 2483 1316 2549 impios
1349 2481 1504 2543 istos,
1526 2484 1654 2534 iitut
1670 2482 2055 2549 pretiosissima
2075 2496 2201 2550 pars

628 2575 798 2630 nostri
828 2575 1117 2629 sanatione
1144 2582 1329 2628 careat
1361 2590 1373 2624 :
1398 2573 1442 2628 si
1470 2575 1613 2627 enim
1637 2573 1876 2628 hominis
1901 2574 2198 2642 pretiosius

625 2662 806 2717 anima
886 2663 1192 2732 intelligens
1247 2673 1301 2717 et
1363 2662 1685 2728 rationalis,
1748 2670 1803 2717 et
1867 2677 1962 2731 per
2029 2663 2199 2731 ipsam

631 2756 782 2824 prius
815 2755 1240 2811 inobedientiam
1277 2754 1626 2818 admisimus,
1685 2753 1785 2822 ipsi
1811 2755 1955 2807 enim
1981 2753 2205 2808 servivit

634 2859 858 2914 corpus,
916 2861 1015 2899 nec
1055 2845 1291 2898 animam
1317 2844 1640 2897 rationalem
1695 2857 1819 2896 cum
1855 2855 2084 2912 corpore
2117 2855 2206 2895 as-

631 2937 868 3004 sumpsit
918 2936 1256 2989 incarnatum
1328 2934 1588 3001 Verbum,
1655 2933 1945 2988 sanatione
2005 2933 2202 2986 iterum

631 3027 961 3098 indigemus,
989 3041 1088 3080 nec
1113 3026 1685 3096 iucorruptihilitatem
1723 3026 2056 3096 accepimus,
2105 3041 2204 3080 nec

630 3121 728 3174 toti
761 3119 1002 3175 renovati
1031 3135 1242 3184 sumus,
1279 3120 1411 3188 quin
1445 3119 1552 3174 imo
1603 3135 1703 3174 nec
1738 3134 1967 3190 corpore
1997 3120 2201 3174 sancti-

631 3214 770 3269 iieati
809 3227 1019 3278 sumus,
1040 3213 1086 3268 si
1119 3212 1435 3267 irrationale
1460 3213 1528 3268 de
1567 3213 1724 3268 nobis
1750 3228 1951 3282 corpus
1983 3227 2198 3268 assum-

632 3317 780 3376 ptum
829 3315 936 3361 est.
995 3305 1287 3375 Propterea
1353 3306 1594 3375 fugiendi
1648 3306 1869 3375 quidem
1921 3307 2014 3375 qui
2073 3305 2203 3359 talia

630 3398 882 3461 delirant,
914 3414 1012 3452 nos
1042 3412 1172 3452 vero
1203 3397 1660 3466 quemadmodum
1692 3398 1760 3451 ab
1780 3398 1937 3452 initio
1959 3397 2204 3466 duplices

634 3506 727 3557 per
764 3490 996 3543 Verbum
1051 3490 1298 3558 plasmati
1351 3505 1564 3572 sunms.
1591 3504 1792 3558 corpus
1847 3490 2008 3544 simul
2077 3505 2202 3544 cum

633 3582 815 3638 anima
843 3582 1194 3651 accipientes,
1225 3591 1280 3638 et
1305 3581 1840 3652 dupliciterrursum
1864 3582 2114 3652 plasmati
2137 3584 2205 3638 ab

635 3678 752 3746 ipso
777 3675 952 3730 Verbo
1011 3689 1224 3739 sumus,
1289 3674 1587 3744 perfectum
1630 3677 1792 3731 simul
1842 3689 1968 3732 cum
2025 3675 2206 3730 anima

632 3782 834 3838 corpus
859 3776 1174 3824 assumente
1194 3767 1249 3822 in
1281 3766 1555 3822 hominem
1584 3766 1968 3836 reparandum.

727 4030 1032 4100 Cruci/imus
1067 4031 1226 4085 etiam
1269 4045 1364 4098 pro
1395 4028 1542 4082 nobis
1573 4029 1666 4082 sub
1697 4028 1886 4083 Pontio
1917 4003 2116 4082 Ρὶίᾶιο.

710 4124 961 4193 Magnum
992 4122 1310 4193 mysterium
1339 4121 1404 4176 de
1430 4137 1538 4191 quo
1597 4121 1784 4176 multis
1818 4121 2208 4177 indissolubilis

633 4215 892 4286 quaestio,
917 4225 970 4270 et
1003 4213 1172 4284 magis
1189 4228 1349 4282 quam
1383 4212 1656 4282 quomoJo
1677 4212 1820 4266 Deus
1851 4228 1972 4266 cum
2004 4211 2094 4277 sit,
2130 4212 2212 4264 in-

637 4307 853 4362 carnari
890 4307 1232 4362 sustinuerit.
1266 4304 1366 4367 Sit,
1397 4302 1656 4366 fatentur,
1681 4303 2014 4358 adunatione
2045 4311 2209 4356 natu-

640 4413 756 4453 ram
786 4408 844 4453 ut
867 4398 1060 4452 dicitur
1092 4395 1461 4460 sanctificans,
1486 4405 1541 4450 et
1566 4395 1631 4448 ad
1657 4395 1774 4464 ejus
1813 4383 2209 4464 reparationem

638 4505 854 4546 omnem
883 4488 1240 4543 tecOnomiam
1314 4486 1567 4540 adhibeat
1596 4495 1758 4555 prout
1805 4496 1858 4540 et
1891 4486 2019 4540 fecit
2050 4503 2063 4539 :
2099 4485 2212 4540 ﬁeri

637 4598 671 4637 e
738 4582 962 4636 muliere
1011 4589 1066 4634 et
1108 4579 1406 4634 secundum
1461 4587 1673 4633 aetatem
1724 4593 1971 4633 crescere
2027 4578 2217 4633 debuit

641 4689 805 4742 egens
834 4681 888 4726 et
915 4671 1142 4742 pedibus
1179 4671 1432 4739 gradiens
1456 4714 1470 4737 ,
1513 4670 1882 4724 exinanitione
1907 4680 2215 4736 reparatum

645 4771 916 4820 inundans
938 4779 1036 4818 nec
1054 4763 1261 4818 habens
1278 4764 1368 4818 ubi
1395 4774 1555 4831 caput
1583 4762 1892 4829 reclinaret,
1914 4764 2213 4817 secundum

644 4857 1000 4926 Scripturas:
1034 4869 1154 4924 quae
1181 4855 1364 4908 omnia
1411 4854 1478 4909 ad
1533 4855 1886 4924 reparandam
1925 4861 2213 4920 naturam,

547 5004 552 5008 ,
644 4950 914 5020 siquidem
961 4948 1283 5003 mirabiliter
1314 4963 1408 5015 per
1459 4963 1521 5002 ea
1555 4963 1674 5016 qua:
1711 4951 1978 5018 stupenda
2006 4949 2134 5004 fecit
2161 4957 2216 5006 et

647 5053 931 5096 sermones
963 5054 1101 5108 quos
1130 5039 1372 5108 protulit,
1412 5040 1558 5094 illam
1594 5041 1789 5096 erexit.
1834 5040 1924 5096 Sic
1962 5056 2090 5096 vero
2117 5056 2215 5110 pa-

649 5132 711 5197 ti,
741 5132 807 5186 de
822 5131 925 5185 hoc
954 5130 1127 5200 magis
1153 5130 1508 5200 qumstionem
1529 5141 1766 5199 movent,
1787 5142 1840 5188 et
1863 5134 2046 5188 crucis
2067 5133 2219 5202 igno-

651 5221 895 5277 miniosa
949 5229 1151 5275 tantam
1214 5219 1520 5290 passionem
1551 5221 1696 5289 pati!
1765 5220 1906 5276 Sane
1931 5221 2025 5276 Dei
2082 5236 2219 5289 Opus

649 5316 809 5382 illud,
839 5313 980 5371 etde
1012 5328 1121 5384 quo
1150 5323 1375 5384 stupere
1405 5313 1542 5368 nihil
1582 5313 1802 5382 mirum,
1840 5315 1968 5384 quia
1997 5315 2218 5370 mirabi-

647 5409 717 5462 lin
744 5423 906 5477 opera
937 5405 1146 5461 Domini
1204 5413 1257 5460 et
1306 5404 1689 5462 inscrutahiles
1741 5407 1844 5461 viae
1896 5405 2038 5476 ejus.
2089 5405 2220 5460 Fide

649 5499 766 5554 haec
827 5499 1150 5569 accipimus,
1212 5512 1319 5552 non
1383 5497 1634 5552 humanae
1700 5499 1978 5568 sapientiae
2035 5497 2218 5552 verbis

648 5589 945 5659 gloriamur
977 5605 992 5656 ;
1031 5598 1088 5644 ut
1133 5603 1239 5643 non
1294 5597 1590 5644 evacuctur
1629 5605 1762 5642 crux
1798 5587 2025 5654 Christi,
2077 5587 2220 5642 sicut

650 5681 917 5750 scriptum
946 5691 1050 5737 est.
1081 5667 1186 5736 Sed
1212 5681 1415 5750 pariter
1439 5684 1690 5737 caelestes
1716 5679 1785 5736 de
1839 5681 1922 5736 his
1940 5695 2221 5736 sermones

647 5780 704 5824 et
732 5772 1000 5826 incarnati
1057 5770 1420 5854 cruciﬁxique
1452 5769 1546 5826 Dei
1584 5786 1752 5842 opera
1781 5773 2218 5842 supernaturalia

2307 1943 2574 2013 θειμένον,
2601 1944 2709 1996 τῶν
2737 1943 2810 2011 μὴ
2834 1940 3010 2010 ψυχὴν
3036 1937 3313 2007 εἰληφέναι
3342 1936 3606 2001 λεγόντων
3639 1932 3730 1986 τὸν
3763 1932 3876 1984 K6-

2307 2052 2445 2104 ριον,
2481 2034 2904 2104 φληναφούντων
2933 2032 2987 2085 δέ
3017 2032 3141 2084 ἀντὶ
3167 2030 3344 2099 ψυχῆς
3371 2029 3560 2096 ἀρκεῖν
3599 2024 3747 2094 αὐτῷ
3777 2025 3876 2094 τὴν

2306 2129 2535 2198 θεότητα
2556 2142 2569 2158 ·
2629 2129 2680 2181 οῖ
2730 2127 2824 2180 καὶ
2865 2125 3059 2192 ἄλογον
3087 2123 3345 2176 ὑπενόουν
3374 2120 3621 2188 ἀφρόνως
3651 2117 3711 2169 τὸ
3737 2132 3874 2168 παν-

2305 2220 2462 2286 ἀγιον
2494 2220 2682 2271 τούτου
2717 2218 2897 2286 σῶμα,
2929 2220 3024 2269 καὶ
3061 2213 3137 2284 μὴ
3163 2216 3229 2282 τῇ
3272 2211 3573 2281 τῆς,ψυχῆς
3617 2206 3874 2271 αὐτεξου-

2305 2309 2516 2378 σιότητι
2545 2309 2622 2378 τῷ
2651 2308 2823 2378 Πατρὶ
2862 2306 3048 2360 τοῦτον
3086 2300 3616 2363 καθυποτὰσσεσθαι,
3664 2299 3758 2350 καὶ
3786 2298 3875 2350 οὑ-

2302 2402 2360 2456 δὲ
2415 2403 2619 2454 τέλειον
2653 2401 2937 2468 ἄνθρωπον
2998 2397 3187 2450 λαϐεῖν
3231 2395 3322 2447 τὸν
3359 2393 3532 2460 Λόγον
3575 2391 3669 2443 καὶ
3699 2407 3872 2458 atpos-

2303 2495 2547 2559 ενεγκεῖν
2575 2489 2653 2561 τῷ
2682 2490 2876 2560 Πατρὶ,
2917 2488 3058 2557 ὑπὲρ
3114 2486 3319 2539 τελείου
3367 2481 3871 2551 παραπεπτωκότος

2304 2583 2616 2653 ἀνθρώπου,
2671 2582 2786 2634 ἀλλ’
2814 2580 3019 2648 ἀτελῆο
3077 2579 3216 2632 ὥστε
3286 2577 3486 2647 μᾶλλον
3538 2568 3679 2626 εἶναι
3735 2571 3873 2624 κατὰ

2303 2676 2431 2738 τοὺς
2462 2674 2794 2737 ἀσεϐοῦντας
2822 2674 3064 2736 ἐκείνους
3100 2673 3160 2724 τὸ
3188 2669 3517 2740 τιμιώτατον
3545 2666 3702 2736 ἡμῶν
3746 2665 3872 2718 ἀθε-

2306 2767 2594 2837 ράπευτον.
2629 2767 2692 2818 Ei
2731 2765 2839 2836 γὰρ
2894 2765 3180 2835 ἀνθρώπου
3237 2761 3562 2830 τιμιώτερον
3616 2761 3650 2828 ἡ
3701 2755 3871 2826 ψυχὴ.

2304 2859 2467 2929 νοερὰ
2501 2838 2735 2913 τελοῦσα
2775 2859 2869 2912 καὶ
2907 2856 3122 2926 λογικὴ,
3158 2855 3252 2908 καὶ
3299 2853 3367 2907 δι’
3396 2853 3566 2921 αὐτῆς
3612 2850 3874 2918 πρότερον

2304 2952 2406 3021 τὴν
2466 2951 2753 3021 παρακοήν
2799 2951 3203 3021 ἐνηργήσαμεν,
3253 2947 3424 3015 ταύτῃ
3474 2945 3582 3014 γὰρ
3620 2944 3680 2995 τδ
3717 2942 3877 3009 σῶμα

2309 3041 2814 3114 παρηκολούθησεν,
2849 3041 2909 3092 οὐ
2941 3039 3119 3108 ψυχὴν
3159 3038 3216 3090 δὲ
3248 3037 3438 3105 νοεράν
3473 3035 3610 3104 μετὰ
3650 3031 3744 3085 τοῦ
3775 3029 3879 3083 σώ-

2315 3151 2480 3204 ματος
2505 3135 2723 3204 εἴληφεν
2749 3134 2777 3185 6
2810 3132 2980 3198 Λόγος
3013 3127 3340 3199 σαρκωθεὶς.
3375 3125 3740 3194 ἀθεράπευτοι
3768 3124 3877 3175 ati-

2313 3227 2398 3280 λιν
2433 3227 2633 3294 ἡμεῖς’
2691 3224 2783 3276 καὶ
2836 3222 2897 3275 οὐ
2957 3221 3054 3292 τὴν
3090 3219 3394 3289 ἀφθαρσίαν
3436 3217 3718 3284 ἐλάϐομεν,
3767 3213 3879 3266 οὐδ’

2309 3310 2421 3364 ὅλοι
2469 3310 2957 3377 ἁνεκαινίσθημεν·
3015 3308 3216 3379 μᾶλλον
3266 3307 3322 3359 δὲ
3363 3306 3480 3358 οὐδέ
3535 3305 3612 3373 τῷ
3666 3304 3878 3372 σώματι

2310 3401 2676 3473 ἡγιάσθημεν,
2716 3401 2872 3469 εἴπερ
2906 3399 3102 3466 ἄλογον
3131 3399 3292 3466 σῶμα
3327 3396 3386 3460 ἐξ
3417 3395 3576 3466 ἡμῶν
3608 3394 3878 3463 προσελή-

2311 3494 2442 3562 φθη.
2475 3493 2571 3544 Διά
2621 3491 2784 3544 τοῦτο
2825 3490 3074 3560 φευκτέοι
3119 3489 3219 3558 μὲν
3264 3489 3312 3540 oi
3351 3486 3523 3540 ταῦτα
3561 3485 3877 3555 ληροῦντες,

2311 3586 2472 3655 ἡμεῖς
2502 3582 2558 3635 δέ
2591 3581 2778 3650 ὥσπερ
2826 3580 2885 3644 ἐξ
2911 3581 3086 3649 ἀρχῆς
3136 3577 3314 3632 διπλοῖ
3356 3578 3506 3646 παρά
3550 3575 3644 3628 τοῦ
3676 3576 3870 3642 ξΛόγου

2309 3674 2662 3742 ἐπλάσθημεν
2693 3672 2858 3741 σῶμα»
2887 3669 3024 3740 ὁμοῦ
3079 3669 3332 3730 λαϐόντες
3387 3667 3527 3736 μετά
3567 3664 3747 3734 ψυχῆς
3778 3664 3876 3716 καὶ

2309 3765 2508 3828 διπλῶς
2567 3762 2985 3831 ἀνεπλάσθημεν
3041 3758 3133 3813 ὑπ’
3185 3756 3352 3811 αὐτοῦ
3404 3755 3500 3810 τοῦ
3551 3755 3753 3822 Λόγου,
3787 3753 3878 3806 τέ-

2312 3857 2452 3910 λειον
2502 3856 2861 3918 ἀναλαϐόντος
2889 3855 2979 3907 τὸν
3014 3852 3300 3923 ἄνθρωπον
3347 3849 3505 3918 σῶμα
3554 3846 3688 3918 ὁμοῦ
3740 3848 3879 3916 μετά

2314 3948 2512 4020 ψυχῆς.

2311 4041 2822 4110 Σταυρωθέντατε
2844 4040 2994 4108 ὑπὲρ
3009 4037 3179 4108 ἡμῶν
3197 4039 3294 4093 ἐπὶ
3317 4038 3572 4092 Ποντίου
3597 4034 3872 4089 Πιλάτου.

2386 4135 2555 4188 Τοῦτο
2583 4135 2643 4187 τὸ
2681 4135 2826 4204 μέγα
2861 4133 3154 4203 μυστήριον
3179 4149 3191 4162 ·
3224 4133 3319 4184 καὶ
3343 4131 3510 4197 πολλὴ
3537 4131 3650 4186 τοῖς
3671 4127 3879 4187 πολλοῖς

2313 4227 2406 4278 ἐπὶ
2454 4225 2630 4293 τούτῳ
2667 4227 2702 4295 ἠ
2749 4224 2990 4293 ἀπορία’
3037 4223 3130 4275 καὶ
3164 4222 3346 4286 πλέον,
3386 4222 3418 4291 ἢ
3466 4221 3581 4282 πῶς
3623 4219 3754 4281 Θεὸς
3785 4218 3879 4278 ὢν.

2313 4317 2574 4387 ἠνέσχετο
2609 4315 2995 4386 σαρκωθῆναι;
3027 4312 3198 4368 Τοῦτο
3236 4314 3336 4382 μὲν
3367 4314 3476 4383 γάρ
3512 4328 3674 4380 φασιν
3707 4312 3790 4364 ἵνα
3817 4311 3879 4377 τῇ

2315 4411 2506 4462 ἐνώσει
2555 4409 2755 4478 ἁγιάσῃ
2804 4408 2905 4476 τὴν
2957 4407 3139 4476 φύσιν,
3185 4406 3259 4468 ὡς
3307 4404 3549 4472 λέγεται,
3594 4403 3690 4456 καὶ
3745 4401 3879 4467 πρὸς

2317 4499 2688 4571 ἐπανόρθωσιν
2722 4499 2891 4569 αὐτῆς
2917 4500 3094 4552 πάντα
3122 4515 3184 4566 γε
3211 4497 3628 4567 ἐξοικονομήσῃ,
3656 4495 3796 4547 καθὰ⁴
3818 4492 3878 4559 δὴ

2320 4591 2418 4644 καὶ
2445 4591 2724 4662 διέπραξε.
2749 4590 3078 4660 Τικτόμενος
3101 4592 3212 4658 γὰρ
3235 4585 3303 4659 ἦν
3334 4589 3439 4642 ὑπὸ
3475 4587 3756 4655 γυναικὸς.
3792 4583 3879 4636 καὶ

2317 4681 2443 4735 καθ’
2477 4682 2694 4751 ἡλικίαν
2735 4681 3051 4750 αὐξόμενος,
3094 4679 3388 4748 πτωχεύων
3423 4695 3483 4729 τε
3524 4676 3620 4730 καὶ
3653 4674 3880 4738 πεζοπο-

2323 4775 2454 4845 ρῶν,
2489 4774 2770 4844 καθαίρων
2819 4772 3148 4826 ταπεινώσει
3185 4777 3276 4824 τὸν
3319 4768 3652 4839 ἐπηρμένον,
3681 4768 3772 4820 καὶ
3809 4763 3880 4832 μὴ

2319 4865 2459 4934 ἔχων
2491 4865 2592 4918 ποῦ
2623 4865 2800 4918 κλῖναι
2825 4863 2923 4933 τὴν
2949 4861 3212 4931 κεφαλὴν,
3241 4861 3316 4923 ὡς
3343 4861 3670 4930 γέγραπται.
3703 4855 3882 4909 Ταῦτα

2319 4955 2376 5009 δὲ
2421 4956 2599 5009 πάντα
2648 4955 2736 5008 διὰ
2783 4954 2878 5008 τοῦ
2921 4952 3230 5008 ἀναπλάσαι
3263 4952 3360 5021 τὴν
3396 4953 3592 5020 φύσιν·
3636 4948 3758 5003 ἐπεὶ
3788 4948 3881 4998 καὶ

2323 5047 2642 5116 θαυμασίως
2672 5047 2843 5115 αὐτὴν
2879 5040 2962 5109 οἷς
2992 5045 3266 5114 ἐνήργησε
3296 5040 3635 5113 παραδόξως,
3667 5039 3761 5094 καὶ
3799 5037 3887 5090 λό-

2322 5156 2440 5206 γοις
2468 5134 2546 5201 οἷς
2572 5139 2792 5208 εἴρηκεν
2819 5137 3156 5205 ἐπηνώρθου.
3183 5136 3256 5188 Τὸ
3285 5134 3342 5186 δέ
3370 5121 3564 5186 παθεῖν
3586 5131 3748 5189 οὕτω.
3773 5130 3892 5181 δια-

2324 5229 2620 5300 ποροῦντες
2649 5229 2808 5281 πλέον
2834 5228 2962 5293 εἰσὶ,
2987 5228 3081 5280 καὶ
3110 5225 3300 5278 παθεῖν
3331 5222 3476 5276 οὕτω
3509 5223 3680 5281 πάθος
3709 5215 3767 5272 τὸ
3802 5219 3892 5270 διὰ

2326 5319 2564 5389 σταυροῦ
2587 5319 2970 5372 ἐπονείδιστον.
3016 5316 3155 5369 Ἀλλ’
3179 5316 3347 5376 ὅντως
3377 5312 3550 5366 ταῦτα
3575 5312 3715 5380 ἔργα
3729 5307 3889 5362 Θεοῦ.

2326 5413 2436 5468 Καὶ
2458 5412 2518 5464 τὸ
2549 5411 2828 5479 διαπορεῖν
2856 5409 2949 5461 ἐπὶ
2974 5408 3184 5470 τούτοις
3218 5406 3280 5460 οὐ
3307 5403 3621 5471 θαυμαστόν
3639 5417 3655 5434 ⁶
3687 5402 3768 5454 ὅτι
3796 5399 3894 5450 καὶ

2327 5501 2618 5574 θαυμαστὰ
2666 5501 2735 5554 τὰ
2789 5500 2926 5571 ἔργα
2965 5497 3335 5567 Κυρίου,’καὶ
3389 5493 3783 5562 ἀνεξιχνίαστοι
3840 5490 3895 5541 αἱ

2323 5592 2433 5644 ὁδοὶ
2469 5587 2661 5644 αὐτοῦ.
2693 5591 2805 5643 Καὶ
2837 5591 2999 5659 ἡμεῖς
3037 5587 3214 5640 πίστει
3248 5584 3419 5638 ταῦτα
3445 5582 3717 5652 δεχόμεθα.
3737 5599 3752 5612 ο
3791 5580 3898 5631 οὐκ

2325 5682 2675 5752 ἀνθρωπίνης
2731 5681 2788 5734 δὲ
2845 5679 3035 5749 σοφίας
3067 5678 3246 5745 λόγοις
3294 5673 3650 5746 καυχώμεθα,
3679 5672 3766 5725 ῖνα
3823 5669 3900 5737 μὴ

2327 5772 2538 5845 κενωθῇ
2588 5776 2616 5827 6
2662 5772 2895 5842 σταυρὸς
2951 5770 3044 5824 τοῦ
3085 5766 3350 5840 Χριστοῦ,
3381 5765 3524 5820 καθά
3558 5765 3897 5835 γέγραπται.
