4068 6280
378 329 406 380 7
416 327 484 390 73

1412 335 1511 396 EX
1524 335 1828 396 POSITlO
1870 334 2094 396 SACRI
2133 341 2281 402 SYM
2294 345 2493 406 BOLI.

3536 343 3646 422 7'4.

355 423 357 425 1
389 437 532 493 Ἀλλ’
561 438 709 506 ὅμως
735 439 842 492 εἰσὶ
875 441 969 494 καὶ
989 441 1139 510 λόγοι
1165 441 1369 497 τούτων
1391 446 1655 513 οὐράνιοι,
1689 447 1785 499 καὶ
1815 446 1945 513 πρά-

2062 450 2277 505 veritati
2307 451 2680 507 testimonium
2723 450 3033 521 perhibent,
3104 460 3159 505 et
3208 450 3378 505 Grzeci
3419 452 3640 520 quidem

379 531 494 617 ξεις
517 529 652 582 Θεοῦ
696 530 790 583 τοῦ
823 533 1202 601 σαρκωθέντος
1229 535 1756 608 καὶοσταυρωθὲντος
1787 540 1955 605 ὑπερ-

380 623 535 687 φυεῖς
581 621 679 690 τὴν
708 622 974 691 ἀλήθειαν
1007 626 1505 695 ὲπιμαρτυροῦσαι.
1552 629 1658 680 Καὶ
1688 629 1955 700 ’Έλληνες

383 715 483 781 μὲν
505 713 598 764 ἐπὶ
623 713 702 783 τῷ
738 715 956 786 σταυρῷ
984 717 1372 780 ἀσυνετοῦντες
1412 719 1666 785 γελῶσιν,
1706 723 1953 774 Ἰουδαῖοι

373 803 435 857 δὲ
473 803 880 874 βλασφημοῦσι,
906 807 1000 860 καὶ
1029 809 1140 861 τῶν
1160 807 1335 862 ἀθέων
1365 809 1517 864 ἄλλοι
1552 810 1759 865 πολλοί.
1810 811 1953 866 Ἀλλ’

377 896 830 966 αίσχυνθήτωσαν
888 900 938 952 οἱ
1006 900 1336 968 ἀνομοῦντες
1399 903 1689 972 διακενῆς·
1757 906 1814 957 ὲν
1873 905 1952 975 τῷ

380 989 601 1059 σταυρῷ
645 989 754 1058 γὰρ
776 991 1038 1060 Χριστοῦ,
1065 993 1161 1044 καὶ
1197 993 1275 1061 τῷ
1312 992 1543 1062 μώλωπι
1578 997 1672 1048 καὶ
1709 994 1948 1068 Θανάτῳ,

377 1077 438 1130 τὸ
465 1079 750 1146 μεγαλεῖον
778 1080 942 1134 αὐτοῦ
973 1083 1301 1151 φανεροῦται
1336 1085 1538 1152 μᾶλλον
1565 1088 1664 1154 τῆς
1683 1086 1867 1155 ἰσχύος
1892 1106 1950 1141 τε

381 1172 474 1224 καὶ
513 1170 785 1241 θεότητος.
819 1174 928 1228 Καὶ
957 1175 1060 1243 ὅρα
1105 1176 1160 1227 τί
1193 1177 1534 1246 σταυρωθεὶς
1576 1179 1947 1235 ἐκτετέλεκεν.

379 1265 456 1318 Οὐ
513 1267 614 1336 τὴν
664 1267 773 1321 τῶν
826 1268 1100 1322 ἀσυνέτων
1169 1270 1438 1340 Ἑλλήνων
1495 1270 1703 1341 πλάνην
1767 1275 1950 1326 πᾶσαν

381 1356 568 1420 ἐδίωξε
607 1357 686 1427 τῷ
713 1359 931 1430 σταυρῷ
955 1376 970 1426 ;
1003 1359 1077 1414 Οὐ
1104 1360 1202 1428 τὴν
1227 1362 1416 1415 ἀθεῒαν
1446 1363 1628 1416 πᾶσαν
1657 1363 1908 1432 ἀπήλασε
1931 1381 1946 1430 ;

377 1447 474 1510 Τίς
509 1447 606 1502 νῦν
635 1450 661 1501 6
686 1449 971 1504 πολυθεῒαν
995 1450 1168 1502 νοσῶν
1193 1467 1206 1514 ;
1237 1452 1333 1514 Ti;
1362 1452 1390 1503 6
1421 1452 1708 1517 κνωδάλοις
1732 1454 1829 1506 καὶ
1853 1453 1950 1523 θη-

379 1540 520 1608 ρίοις
564 1543 665 1611 τὴν
705 1541 860 1596 θείαν
904 1544 1194 1612 ἀπονέμων
1221 1545 1422 1613 τιμήν;
1454 1545 1528 1596 Οῦ
1561 1543 1661 1614 τὴν
1709 1545 1818 1598 τῶν
1845 1546 1949 1610 ἔξω

377 1634 559 1702 σοφῶν
593 1634 785 1704 σοφίαν
818 1636 1008 1705 μωρὰν
1061 1636 1378 1703 ἀπέδειξεν;
1432 1637 1492 1689 οὐ
1559 1628 1778 1705 σιγῆσαι
1820 1641 1948 1701 τοὺς

374 1725 575 1792 λήρους
606 1726 916 1795 φιλοσόφων
948 1727 1244 1798 εἰργάσατο
1263 1745 1278 1794 ;
1307 1729 1477 1791 ἁλιεῖς
1504 1728 1613 1796 γὰρ
1645 1729 1741 1782 τοῦ
1785 1746 1947 1789 σταυ-

379 1815 649 1882 ρωθέντος
688 1817 974 1870 ἀπόστολοι
1028 1818 1195 1871 αὐτὸν
1240 1819 1332 1872 τὸν
1377 1821 1762 1890 σταυρωθέντα
1814 1821 1947 1874 Θεὸν

373 1908 656 1977 ὁμολογεῖν
689 1911 894 1974 πάντας
931 1911 1176 1966 ἔπεισαν.
1211 1911 1322 1965 Ποῦ
1354 1913 1450 1964 νῦν
1494 1912 1808 1977 εἰδωλεϊονς
1845 1911 1947 1965 ποῦ

379 1999 598 2053 εἴδωλον
625 2000 854 2068 ὲναγέςς
888 2001 990 2054 ποῦ
1021 2006 1312 2070 μαντεῖονς
1360 2003 1464 2056 ποῦ
1523 2003 1682 2067 ζώων
1715 2006 1813 2057 καὶ
1858 2006 1947 2056 ἀν»

378 2091 613 2160 θρὼπων
640 2091 870 2160 σφαγαὶ,
895 2094 988 2146 καὶ
1026 2094 1237 2148 τελεταὶ
1285 2096 1556 2162 δαιμόνων
1606 2096 1947 2166 ἁκάθαρτοι’;

380 2181 482 2236 ποῦ
537 2199 618 2245 τις
674 2184 807 2256 άλλη
861 2183 954 2238 νῦν
1006 2188 1063 2240 ἂν
1089 2187 1280 2258 κόσμῳ
1309 2187 1404 2240 τοῦ
1433 2188 1679 2242 διαϐόλου
1718 2190 1814 2242 καὶ
1842 2192 1950 2242 τῶν

379 2275 588 2327 ἐκείνου
617 2275 842 2348 λατρεία
865 2294 880 2346 ;
913 2280 1101 2334 Πάντα
1124 2281 1295 2334 ταῦτα
1318 2281 1516 2343 ἐξεῖλεν
1539 2285 1566 2335 6
1591 2281 1946 2351 σταυρωθείς·

380 2369 475 2422 καὶ
508 2368 678 2433 τύπος
733 2372 895 2440 μόνος
952 2374 1186 2442 σταυροῦ
1243 2375 1430 2428 διώκει
1488 2377 1615 2438 τοὺς
1665 2377 1948 2444 δαίμονας,

376 2463 534 2524 θεοὺς
562 2465 828 2534 πρότερον
857 2465 1248 2536 νομιζομένους
1273 2469 1383 2530 τοῖς
1409 2467 1657 2535 Ἕλλησι.
1679 2470 1788 2523 Καὶ
1813 2471 1952 2535 μᾶλ-

375 2557 467 2610 λον
517 2558 574 2610 ὲν
608 2559 780 2626 τούτῳ
811 2559 1106 2628 θαυμαστὴ
1149 2561 1243 2613 τοῦ
1285 2562 1751 2633 σταυρωθέντοςή
1792 2563 1952 2617 δύνα-

379 2668 492 2720 μις,
524 2653 606 2706 ὅτι
631 2653 724 2705 καὶ
749 2652 890 2707 οὕτω
913 2654 1080 2722 πένης
1107 2654 1316 2723 ὀφθεὶς,
1374 2655 1470 2708 καὶ
1497 2655 1639 2708 οὕτω
1670 2657 1948 2726 πτωχείαν

378 2745 580 2812 σαρκὸς
607 2745 990 2814 ἐνδυσάμενος,
1025 2749 1118 2798 καὶ
1147 2745 1224 2814 τῷ
1261 2746 1451 2816 κόσμῳ
1490 2749 1714 2815 μέτριος
1759 2749 1952 2815 φανεὶς

373 2835 469 2888 καὶ
493 2839 727 2904 πτωχὸς,
759 2838 851 2890 καὶ
877 2838 1230 2905 κατακριθεὶς
1257 2839 1333 2900 ὡς
1363 2839 1459 2891 καὶ
1484 2839 1679 2893 παθεῖν
1707 2840 1949 2909 σταυρῷ,

375 2930 471 2979 καὶ
499 2927 814 2989 ἀποθανεῖν,
853 2930 944 2980 καὶ
973 2930 1115 2983 οὕτω
1146 2930 1296 2999 παρὰ
1323 2929 1435 2983 τῶν
1465 2930 1724 3001 μαθητῶν
1752 2933 1952 2984 ἐσταυ-

374 3023 618 3090 ρωμένος
642 3022 1068 3092 ὁμολογούμενος
1113 3025 1207 3076 καὶ
1251 3024 1601 3093 καλούμενος,
1633 3025 1793 3086 αὐτὸς
1839 3044 1953 3079 τοι·

2057 539 2123 592 de
2157 555 2322 596 cruce
2344 543 2668 611 insipientes
2706 543 2906 605 rident,
2935 542 3317 611 hlasphemant
3377 557 3508 597 vero
3538 541 3642 598 Ju-

2054 629 2179 695 daei,
2235 633 2627 702 atheornmque
2678 633 2767 685 alii
2802 632 3014 698 tumlti;
3049 633 3142 687 sed
3202 632 3530 688 erubescant
3584 634 3641 687 in

2053 736 2251 774 vatntm
2292 734 2598 791 peccantes.
2633 723 2837 778 Christi
2903 738 3089 787 cruce,
3124 723 3296 779 livore
3351 733 3406 777 et
3460 734 3640 778 morte

2053 815 2291 881 amplius
2321 826 2543 884 apparet
2576 817 2748 884 ipsius
2769 819 2984 872 virtutis
3013 827 3066 870 et
3091 817 3394 871 divinitatis
3423 818 3640 882 magni-

2057 906 2298 959 ﬁcentia.
2337 905 2402 959 Et
2430 907 2553 961 vide
2583 909 2712 976 quid
2756 910 2982 977 perfecit
3040 909 3386 964 cruciﬁxus:
3458 924 3641 962 nonne

2057 996 2435 1066 insipientium
2468 998 2781 1053 Graecorum
2817 1017 3032 1054 omnem
3057 1015 3220 1054 cruce
3257 1001 3460 1067 fugavit
3488 1014 3642 1053 erro-

2051 1103 2166 1141 rem
2191 1088 2213 1140 ?
2245 1104 2427 1143 nonne
2476 1091 2800 1144 atheismum
2822 1107 3036 1145 onmem
3059 1091 3304 1160 expulit?
3330 1090 3464 1155 Quis
3493 1105 3640 1144 nunc

2057 1181 2354 1232 multorum
2400 1183 2626 1236 deorum
2659 1183 2829 1236 cultui
2893 1183 3238 1237 inserviens?
3301 1181 3436 1247 Quis
3471 1183 3639 1235 maris

2051 1282 2108 1325 et
2139 1273 2414 1341 sylrarum
2484 1274 2676 1328 bestiis
2731 1273 2976 1326 divinum
3035 1273 3272 1327 oﬁ‘ercns
3328 1271 3642 1326 honorem?

2049 1361 2240 1416 Nonne
2329 1365 2629 1420 alienorum
2689 1364 3023 1432 sapientium
3083 1364 3330 1418 insanam
3394 1363 3635 1418 convicit

2054 1455 2379 1523 sapientiam
2407 1457 2430 1508 ?
2456 1455 2650 1510 Nonne
2678 1457 3128 1525 philosophorum
3185 1453 3419 1523 ineptias
3456 1463 3637 1507 tacere

2049 1547 2275 1616 coegit?
2328 1547 2633 1601 Piscatores
2707 1549 2951 1602 cruciﬁxi
3029 1548 3256 1616 apostoli
3309 1547 3633 1600 cruciﬁxum

2052 1637 2218 1692 Deum
2251 1639 2494 1692 confiteri
2541 1640 2797 1693 omnibus
2837 1647 3153 1694 suaserunt.
3202 1637 3302 1692 Ubi
3340 1655 3484 1692 nunc
3517 1640 3637 1692 ido-

2047 1732 2224 1787 lorum
2290 1733 2615 1802 templnm?
2693 1733 2782 1784 ubi
2843 1733 3042 1784 idolum
3110 1731 3499 1783 maledictum?
3543 1728 3634 1782 ubi

2051 1823 2332 1877 oraculum
2365 1823 2388 1874 ?
2423 1823 2509 1876 uhi
2575 1821 2888 1874 animalium
2926 1830 2979 1873 et
3010 1819 3297 1872 hominum
3363 1817 3633 1872 sacrilicia

2051 1924 2106 1969 et
2139 1915 2276 1969 ritus
2305 1914 2612 1968 dzemonum
2665 1913 2906 1981 impuri?
2942 1911 3030 1964 tibi
3064 1925 3208 1963 nunc
3238 1909 3291 1961 in
3325 1908 3454 1961 orbe
3481 1923 3634 1974 qum--

2052 2008 2134 2078 vis
2170 2007 2272 2060 alia
2305 2006 2503 2060 diaboli
2539 2014 2594 2059 et
2627 2005 2744 2073 ejus
2793 2018 3016 2072 cperunt
3082 2000 3373 2055 adoratio?
3422 1999 3630 2054 Cuncta

2055 2095 2457 2150 haec-destruxit
2506 2094 2802 2148 cruciﬁxus
2860 2102 2915 2146 et
2971 2091 3246 2146 dannones
3311 2089 3461 2158 fugat
3519 2088 3635 2143 sola

2055 2188 2238 2242 crucis
2272 2187 2441 2256 ﬁgura
2469 2201 2607 2256 quos
2636 2196 2794 2238 antea
2822 2186 2954 2238 deos
2996 2184 3272 2238 habebant
3317 2181 3491 2236 Crmci
3520 2199 3533 2233 :
3569 2182 3621 2234 in

2053 2293 2164 2347 quo
2191 2278 2538 2347 potissimum
2593 2277 2729 2328 mira
2785 2273 3032 2328 cruciﬁxi
3085 2273 3280 2350 virtus,
3349 2269 3494 2338 quod
3553 2269 3634 2324 sic

2053 2385 2262 2441 egenus
2309 2371 2482 2434 visus,
2518 2368 2701 2422 carnis
2735 2373 3056 2436 paupertate
3088 2364 3316 2417 vestitus
3343 2370 3398 2416 et
3432 2361 3634 2414 mundo

2055 2463 2340 2518 modestus
2382 2476 2655 2532 apparens
2706 2468 2760 2513 et
2818 2475 3023 2529 pauper
3075 2473 3140 2512 ae
3192 2461 3482 2511 damnatus
3537 2457 3633 2523 qui

2055 2570 2269 2610 erucem
2294 2561 2638 2619 mortemque
2686 2559 2990 2620 pateretur,
3017 2560 3182 2616 atque
3212 2549 3288 2602 sic
3316 2565 3347 2601 ιι
3387 2547 3637 2614 discipu-

2055 2646 2122 2699 lis
2147 2645 2438 2700 crucitixus
2498 2641 2848 2696 confessione
2889 2641 3255 2708 proclamatus
3283 2647 3338 2690 et
3378 2645 3628 2702 vocatus,

2057 2741 2171 2809 ipse
2207 2748 2416 2794 tantum
2474 2735 2648 2789 valeat
2681 2744 2736 2788 ut
2767 2733 2953 2786 orbem
2994 2731 3061 2785 ad
3128 2732 3368 2798 seipsum
3427 2731 3626 2792 trahat,

2056 2833 2174 2887 sine
2205 2831 2404 2901 gladio,
2434 2829 2597 2893 bello,
2630 2824 3093 2896 possessionibus,
3134 2822 3341 2877 divitiis
3398 2821 3631 2890 aliisque

2059 2923 2112 2977 in
2150 2923 2350 2992 quibus
2375 2935 2637 2990 prospere
2673 2916 2986 2971 hominibus
3034 2915 3299 2980 succedit,
3335 2928 3442 2966 non
3496 2928 3630 2968 suos

2057 3014 2356 3069 secundum
2390 3026 2606 3065 carnem
2632 3011 2685 3063 in
2719 3007 3064 3062 dilectionem
3089 3006 3369 3060 attrahens
3393 3015 3626 3074 tantum,

372 3111 510 3165 αῦτα
527 3112 684 3182 301
710 3113 901 3180 ἰσχύει.
936 3112 1076 3166 ὥστε
1097 3113 1187 3165 τὸν
1213 3115 1417 3180 κόσμον
1449 3117 1628 3169 ἕλκειν
1649 3118 1727 3178 είς
1754 3118 1945 3170 ἑαυτὸν

2061 3104 2152 3159 sed
2183 3110 2239 3157 et
2271 3101 2532 3155 mundum
2564 3100 2904 3153 universum.
2931 3097 3144 3166 Moyses
3175 3096 3394 3166 quidem
3436 3097 3624 3152 eodem

288 3273 294 3280 Ι
369 3200 492 3271 δίχα
513 3203 809 3271 μαχαίρας,
843 3204 966 3272 δίχα
998 3205 1493 3271 πολέμου,“ὲξουσία
1518 3209 1747 3278 ςχωρὶς,
1783 3209 1946 3261 πλού-

373 3305 491 3352 του,
520 3291 741 3343 καὶτῶν
762 3292 956 3355 ἄλλων,
981 3293 1038 3345 ὲν
1063 3289 1141 3355 οἷς
1172 3295 1526 3363 κατορθοῦσιν
1551 3297 1850 3364 ἄνθρωποι,
1881 3301 1942 3350 οὐ

372 3381 497 3442 τοὺς
525 3380 589 3434 ὲκ
607 3382 794 3448 γένους
821 3386 899 3444 εἰς
921 3384 1199 3453 ἀγάπησιν
1222 3385 1580 3454 ἐφελκόμενος
1601 3389 1782 3457 μόνον,
1811 3390 1946 3443 άλλά
1993 3459 1998 3462 _

375 3472 470 3526 καὶ
498 3473 588 3525 τὸν
625 3473 830 3542 κόσμον
857 3474 1092 3530 ἅπαντα.
1124 3478 1330 3545 Μωσῆς
1369 3479 1470 3545 μὲν
1495 3481 1604 3548 γὰρ
1640 3480 1768 3542 τοὺς
1799 3482 1943 3535 κατὰ

372 3565 530 3629 γένος
558 3564 726 3634 αὐτῷ,
762 3567 857 3620 καὶ
885 3567 1091 3620 τούτων
1124 3569 1288 3638 μέρος
1315 3568 1569 3637 ὠφέλησε
1610 3570 1783 3640 βραχύ
1805 3588 1821 3605 ο
1861 3574 1943 3625 ὅτι

372 3656 467 3707 καὶ
503 3653 790 3720 ἄνθρωπος
819 3655 1076 3723 Μωῦσῆς,
1106 3658 1199 3711 καὶ
1226 3656 1322 3709 τοῦ
1361 3656 1619 3728 Σωτῆρος
1642 3661 1725 3723 εἰς
1747 3660 1940 3728 τύπον,

371 3744 468 3798 καὶ
512 3746 540 3797 6
583 3744 758 3808 δοθεὶς
795 3745 946 3816 αὐτῷ
974 3747 1157 3815 νόμος,
1188 3745 1424 3817 σκιώδης
1463 3751 1558 3804 καὶ
1602 3752 1817 3823 ἀτελὴς,
1848 3759 1942 3809 καὶ

370 3835 497 3897 τοὺς
523 3834 631 3887 ἀπὺ
659 3834 858 3889 Ἰακὼϐ
884 3836 1092 3899 πάντας
1113 3838 1463 3906 οἰκονομῆσαι
1491 3837 1566 3908 μὴ
1592 3838 1840 3909 δυνηθείς
1865 3858 1879 3872 ·
1913 3844 1942 3894 6

368 3927 424 3978 δὲ
449 3927 706 3994 Χριστὸς,
760 3927 881 3990 Υἱὸς
914 3927 989 3980 ὢν
1015 3927 1150 3981 Θεοῦ
1195 3931 1290 3982 καὶ
1337 3928 1447 3983 τῶν
1494 3930 1632 3983 ὅλων
1673 3933 1829 3995 Θεὸς,
1873 3934 1941 3986 τὰ

367 4015 497 4085 ἔθνη
547 4016 746 4080 πάντα,
781 4017 874 4069 καὶ
905 4017 1061 4083 γένος
1086 4018 1254 4082 ἅπαν,
1293 4021 1386 4072 καὶ
1431 4021 1682 4087 γλῶσσαν
1720 4023 1938 4078 ἅπασαν

368 4110 462 4160 καὶ
492 4107 662 4176 φυλὴν
688 4107 1070 4177 προσηγάγετο
1090 4123 1105 4134 °
1137 4110 1230 4162 καὶ
1261 4109 1491 4172 ἕκαστος
1522 4112 1630 4162 duo
1654 4112 1748 4163 τοῦ
1771 4113 1936 4165 τόπου

368 4199 535 4254 αὑτοῦ
587 4200 673 4252 διὰ
703 4200 801 4267 τῆς
837 4199 1086 4268 γλώσσης
1122 4199 1287 4252 αὑτοῦ
1311 4199 1522 4262 δοξάζει
1553 4201 1642 4254 τὸν
1677 4201 1810 4254 Θεὸν
1845 4204 1938 4255 καὶ

370 4292 606 4360 Πατέρα,
661 4292 720 4344 δν
753 4292 852 4344 οὐκ
883 4290 998 4361 ᾔδει
1027 4291 1314 4358 πρότερον,
1337 4290 1426 4344 διά
1471 4290 1566 4344 τοῦ
1615 4293 1936 4360 μονογενοῦς

365 4383 542 4451 Λόγου
576 4380 671 4436 τοῦ
702 4383 865 4452 σαρκὶ
919 4381 1321 4451 σταυρωθέντος
1366 4381 1723 4450 καταμαθών.
1765 4384 1934 4437 Τοῦτο

2052 3208 2249 3262 genere
2282 3192 2416 3246 ortis
2445 3200 2499 3245 et
2525 3192 2719 3244 horum
2761 3189 2902 3256 parti
2961 3187 3175 3242 cuidam
3207 3203 3386 3257 operas
3436 3203 3625 3256 parum

2049 3286 2302 3347 contulit,
2331 3285 2530 3352 quippe
2575 3282 2666 3350 qui
2708 3283 2871 3340 homo
2933 3288 3050 3334 erat
3099 3290 3152 3334 et
3208 3281 3260 3333 in
3317 3280 3626 3336 Salvatoris

2051 3380 2242 3445 ﬁgura,
2276 3387 2327 3430 et
2362 3377 2446 3429 lex
2485 3374 2588 3444 ipsi
2613 3375 2736 3427 data
2768 3375 3014 3426 umbram
3044 3373 3248 3427 habens
3273 3382 3326 3426 et
3361 3373 3619 3441 imperfe-

2047 3470 2304 3528 ctionem,
2363 3465 2531 3520 Jacob
2572 3467 2709 3521 ﬁlios
2777 3467 2829 3518 in
2865 3465 3086 3518 domum
3139 3463 3232 3517 Dei
3282 3463 3625 3517 introducere

2051 3557 2336 3624 nequibat.
2370 3555 2625 3609 Christus
2651 3567 2778 3608 vero
2815 3553 2907 3607 Dei
2943 3555 3137 3614 Filius,
3187 3563 3623 3621 cuuctorumque

2047 3645 2193 3699 Deus
2224 3659 2442 3699 onmem
2473 3645 2732 3712 populum
2773 3653 2828 3697 et
2858 3642 3117 3696 familiam
3187 3653 3240 3695 et
3303 3642 3541 3709 linguam
3569 3649 3625 3693 et

2055 3737 2256 3791 tribum
2289 3735 2612 3797 introduxit,
2646 3741 2700 3788 et
2737 3735 3112 3800 unusquisque
3150 3733 3216 3786 de
3248 3733 3370 3786 loco
3396 3747 3497 3786 suo
3526 3745 3624 3798 per

2044 3827 2285 3896 linguam
2316 3840 2468 3880 suam
2499 3823 2667 3878 Deum
2696 3823 2966 3892 gloriﬁcat
2992 3821 3208 3878 Patrem
3243 3837 3404 3891 quem
3457 3829 3620 3876 antea

2044 3931 2150 3970 non
2180 3923 2429 3976 noverat,
2452 3914 2520 3968 ab
2543 3912 2823 3982 unigenito
2859 3911 3033 3966 Verbo
3073 3913 3126 3965 in
3165 3927 3330 3966 carne
3393 3913 3618 3965 cruciﬁ-

2042 4024 2110 4063 xo
2157 4009 2371 4063 doctus.
2427 4006 2562 4061 Illud
2611 4005 2755 4060 enim
2809 4013 3220 4059 sacrosanctum
3283 4019 3502 4072 corpus,
3531 4012 3620 4058 ut-

2042 4111 2165 4172 pote
2200 4102 2293 4155 Dei
2324 4099 2486 4154 Verbi
2508 4114 2708 4168 corpus
2755 4097 2803 4151 ei
2851 4098 3060 4151 unitum
3105 4097 3306 4165 absque
3349 4096 3617 4152 divisione

2040 4205 2093 4248 et
2115 4191 2464 4254 confusione,
2493 4200 2666 4244 totum
2699 4189 2941 4244 divinum
2978 4198 3032 4242 et
3054 4187 3229 4241 solum
3270 4187 3533 4242 innocens
3560 4197 3617 4241 et

2042 4293 2292 4340 sanctum
2324 4299 2420 4352 pro
2459 4282 2640 4336 Patris
2671 4280 2988 4335 adoratione
3020 4279 3303 4348 saluteque
3337 4288 3522 4340 nostra
3545 4282 3612 4334 ad

2042 4375 2381 4430 moriendum
2417 4388 2513 4441 per
2536 4385 2724 4425 manus
2755 4369 3034 4424 hominum
3067 4368 3406 4434 damnatum,
3441 4370 3616 4424 liben-

366 4476 474 4542 γὰρ
517 4473 578 4526 τὸ
619 4474 886 4542 πανάγιον
916 4474 1076 4542 σῶμα
1119 4474 1195 4536 ὡς
1229 4473 1321 4526 τοῦ
1349 4473 1485 4526 Θεοῦ
1526 4474 1700 4542 Λόγους
1753 4475 1932 4543 σῶμα,

2049 4477 2122 4522 ter
2150 4467 2218 4521 ab
2244 4465 2544 4535 accipiente
2571 4462 2751 4518 Verbo
2771 4461 2920 4516 Patri
2950 4459 3191 4515 oblatum
3216 4461 3441 4531 solaque
3467 4476 3598 4530 pura

365 4567 516 4637 αὐτῷ
551 4567 746 4621 ένωθὲν
772 4567 1091 4637 ἀδιαιρέτως
1116 4584 1174 4620 τε
1211 4566 1306 4620 καὶ
1338 4567 1619 4635 ἀφύρτως,
1651 4567 1793 4620 θεῖον
1817 4568 1938 4621 ὅλον

366 4659 460 4711 καὶ
490 4659 877 4728 ἀναμάρτητον
909 4658 1067 4727 μόνον
1098 4659 1192 4710 καὶ
1217 4659 1371 4724 ἆγιον
1401 4657 1481 4724 ὃν,
1516 4658 1657 4728 ὑπὲρ
1682 4657 1781 4726 τῆς
1805 4661 1938 4727 ὁμο-

363 4750 552 4818 λογίας
585 4750 680 4802 τοῦ
713 4749 947 4818 Πατρὸς,
981 4749 1074 4802 καὶ
1103 4749 1202 4816 τῆς
1244 4751 1401 4820 ἡμῶν
1448 4756 1724 4820 σωτηρίας
1764 4767 1937 4803 κατα-

363 4842 553 4914 κριθὶν
583 4842 675 4896 ὑπ’
702 4839 1006 4911 ἀνθρώπων
1038 4841 1354 4906 ἀποθανεῖν,
1385 4831 1648 4904 ἑκουσίως
1695 4841 1801 4894 ὑπὸ
1838 4841 1932 4895 τοῦ

362 4928 621 4986 λαϐόντος
675 4927 826 4998 αὑτῷ
881 4927 1058 4996 Λόγου
1091 4928 1168 4998 τῷ
1203 4929 1377 4997 Πατρὶ
1426 4931 1806 5001 προσηνέχθη*
1841 4931 1936 4985 καὶ⁵

364 5025 529 5072 υυσὶα
586 5020 721 5090 μόνη
778 5018 997 5088 καθαρά
1045 5020 1207 5072 τοῦτο
1245 5019 1384 5089 ὑπὲρ
1416 5020 1670 5074 ἀπάντων
1697 5023 1888 5090 γέγονε
1919 5037 1932 5053 °

363 5111 460 5163 καὶ
505 5108 674 5163 θέλων
724 5109 927 5163 ἔπαθεν
985 5111 1013 5163 6
1049 5111 1353 5181 Δεσπότης,
1389 5111 1496 5164 τῶν
1526 5113 1782 5182 πονηρῶν
1836 5113 1936 5182 μὲν

364 5200 830 5271 ἐπιδεικνυμένων
863 5200 933 5254 τά
967 5200 1198 5265 ἑαυτῶν,
1234 5202 1331 5254 καὶ
1373 5203 1474 5264 τάς
1503 5199 1693 5270 ὕϐρεις
1737 5203 1938 5270 ὲπιφε·

368 5294 572 5366 ρόντων
604 5297 700 5348 καὶ
753 5296 853 5358 τὰς
904 5294 1122 5365 πληγὰς
1150 5293 1364 5348 καὶτὸν
1401 5293 1652 5362 θάνατον,
1684 5295 1853 5350 αὐτοῦ
1880 5296 1936 5349 δὲ

364 5383 462 5438 τοῦ
499 5384 750 5455 Σωτῆρος
806 5387 879 5439 τὰ
940 5385 1107 5439 αὐτοῦ
1156 5385 1296 5454 ὑπὲρ
1353 5384 1512 5455 ἡμῶν
1563 5385 1934 5457 ἐνεργοῦντος.

367 5474 534 5528 Ὅθεν
561 5475 655 5528 ἐπὶ
689 5473 786 5529 τοῦ
832 5472 1067 5545 σταυροῦ
1099 5475 1393 5543 ἐκκέχυται
1425 5475 1524 5543 μὲν
1557 5475 1619 5527 τὸ
1657 5469 1797 5544 αἷμα
1833 5475 1934 5530 αὑ-

364 5563 484 5627 τοῦ,
519 5565 616 5636 τὴν
666 5566 722 5620 δὲ
766 5565 892 5635 γῆν,
925 5567 1015 5621 τὸν
1046 5566 1206 5637 ἀέρα,
1247 5565 1344 5619 καὶ
1372 5566 1553 5619 πᾶσαν
1607 5568 1706 5636 τὴν
1760 5567 1936 5622 κτίσιν

364 5657 618 5725 ἡγίασεν,
647 5659 722 5721 ὼς
752 5661 1020 5727 πανάγιον
1065 5653 1208 5727 αἷμα
1242 5657 1336 5711 τοῦ
1373 5657 1626 5726 σώματος
1675 5657 1767 5712 τοῦ
1802 5675 1937 5711 παν-

369 5751 534 5821 ταχοῦ
563 5752 718 5815 δντος
763 5751 958 5820 Λόγου.
992 5751 1169 5817 Εὐθὺς
1209 5747 1302 5807 οῦν
1339 5752 1657 5819 ἔκπλυθεὶς,

2041 4574 2139 4627 pro
2167 4559 2424 4612 omnibus
2455 4557 2629 4610 hostia
2656 4555 2854 4609 factum
2885 4561 2987 4608 est.
3057 4551 3119 4604 Et
3151 4562 3344 4621 Sponte
3417 4567 3615 4620 passus

2045 4661 2130 4708 est
2156 4653 2455 4716 Dominus;
2485 4650 2640 4704 malis
2661 4663 2780 4718 quae
2811 4647 3013 4718 ipsisin
3045 4647 3228 4700 animo
3261 4654 3616 4701 erantosten-

2036 4743 2312 4807 dentibus,
2349 4741 2594 4808 injurias,
2647 4739 2848 4808 plagas,
2877 4745 3103 4791 mortem
3164 4737 3609 4805 congerentibus,

2038 4833 2320 4888 Salvatore
2345 4847 2471 4886 vero
2493 4846 2613 4901 quae
2633 4831 2807 4899 ipsum
2829 4829 3094 4882 docebant
3114 4843 3210 4898 pro
3225 4828 3380 4883 nobis
3399 4838 3608 4900 agente.

2043 4925 2255 4980 Exinde
2278 4925 2332 4978 in
2359 4938 2521 4992 cruce
2553 4922 2706 4978 fusus
2733 4921 2954 4990 sanguis
3005 4920 3122 4988 ejus
3178 4931 3398 4988 terram,
3429 4936 3610 4976 aerem

2044 5024 2099 5071 et
2129 5026 2310 5070 creata
2343 5025 2537 5070 cuncta
2589 5013 2973 5077 sanctificavit,
3004 5020 3260 5082 tanquam
3324 5028 3605 5068 sacrosam

2042 5116 2165 5162 ctus
2192 5106 2440 5176 corporis
2467 5106 2669 5176 ubique
2691 5103 3010 5161 exsistentis
3040 5103 3203 5159 Verbi
3225 5105 3477 5175 sanguis;
3503 5113 3613 5159 sta-

2045 5200 2139 5254 tim
2167 5215 2296 5271 ergo
2317 5202 2536 5256 ablutus
2594 5201 2883 5254 innovatus
2928 5207 3013 5254 est
3073 5199 3260 5264 homo,
3292 5208 3346 5251 et
3374 5214 3404 5252 e
3443 5199 3613 5253 latere

2041 5307 2241 5360 aquam
2273 5307 2396 5346 cum
2421 5293 2688 5362 sanguine
2716 5290 3003 5346 effundens
3032 5289 3306 5351 Christus,
3345 5288 3432 5342 illa
3491 5284 3616 5358 qui;

2041 5385 2164 5438 dem
2195 5382 2540 5438 accedentem
2597 5390 2835 5451 reparat,
2896 5381 2999 5433 hoc
3051 5393 3180 5433 vero
3229 5380 3508 5447 viviﬁcat;
3555 5390 3610 5435 et

2043 5476 2224 5530 omnis
2310 5483 2452 5528 terra
2510 5482 2566 5527 et
2622 5471 2805 5541 lingua
2901 5483 3048 5522 nunc
3097 5467 3378 5522 Christum
3437 5471 3608 5522 conﬁ-

2042 5574 2204 5621 tetur.
2245 5564 2378 5618 Tam
2420 5564 2555 5617 mira
2585 5570 2862 5630 tantaque,
2910 5558 3002 5629 qni
3044 5559 3312 5612 mirabilia
3358 5560 3482 5616 facit
3511 5577 3612 5632 per

2041 5671 2258 5712 crucem
2287 5663 2545 5724 operatus
2570 5661 2676 5708 cst.

1743 5709 2219 5823 dwepopptbﬁqﬂti
2250 5709 2571 5820 ἄνθρωπος’
2628 5749 2723 5802 καὶ
2783 5747 2924 5819 ὕδωρ
2984 5709 3080 5802 σῦν
3133 5747 3324 5816 αἵματι
3410 5746 3610 5820 ῥεύσας
