4026 6274
513 344 619 404 Ἷ75

1286 343 1674 404 ΞῩΜΕΟἪΞ
1717 342 2008 428 'l‘HESSA
2022 295 2482 402 DONICENSIS
2527 342 2893 403 ARCHIEP.

3665 339 3775 400 776

510 456 748 525 Χριστὸς
785 457 850 510 ἐκ
867 455 1217 527 πλευρᾶς,τῷ
1244 457 1342 526 μὲν
1371 457 1525 509 ὕδατι
1554 455 1646 510 τὸν
1675 454 2113 525 προσερχόμενον
2143 453 2494 520 ἀναπλάττει,
2523 453 2780 518 ζωοποιεῖ
2794 455 2851 508 δὲ
2863 452 2947 524 τῷ
2960 453 3182 523 αἵματι·
3199 454 3296 509 καὶ
3315 453 3466 507 πᾶσα
3492 453 3642 524 ἡγῆ,
3671 452 3773 506 καὶ

507 546 730 619 γλῶσσα
773 549 924 601 πᾶσα
953 548 1050 600 νῦν
1075 545 1477 618 ἐξομολογεῖται
1504 547 1582 617 τῷ
1612 548 1827 618 Κυρίῳ.
1867 545 2108 600 Τοιαῦτα
2134 547 2164 600 6
2195 546 2368 600 ποιῶν
2391 547 2604 618 μεγάλα
2632 549 2725 600 καὶ
2748 545 3037 616 θαυμαστὰ
3080 545 3342 616 διέπραξε
3375 545 3452 616 τῷ
3485 544 3729 614 σταυρῷ.

1075 661 1145 714 Et
1183 676 1370 740 passus
1418 669 1514 716 est.

578 752 716 809 Vere
749 753 803 808 in
827 767 988 808 carne
1027 768 1218 820 passus
1249 765 1352 816 est,
1383 751 1734 821 impassibilis
1763 760 1819 804 ut
1843 749 2084 806 Verbum

508 861 818 911 remanens,
846 846 938 914 qui
1006 861 1134 899 vere
1164 859 1267 899 nec
1313 844 1669 912 phantastice.
1728 843 1873 897 sicut
1919 842 2086 910 impie

507 939 786 992 atfirmant
834 937 1074 1005 quidam,
1128 935 1423 988 cruciﬁxus
1471 941 1574 997 est,
1607 931 1903 1000 llagellatus
1944 931 2086 985 vibi-

506 1031 660 1084 cihus
700 1037 966 1081 contusus
994 1034 1098 1092 est,
1132 1026 1223 1095 qui
1255 1038 1443 1078 verum
1473 1037 1676 1092 corpus
1708 1023 1914 1087 habuit,
1953 1023 2087 1091 liga-

508 1134 596 1181 tas
635 1135 737 1190 est,
775 1127 828 1179 in
868 1140 1084 1180 crucem
1119 1124 1420 1178 ascendens
1473 1137 1636 1192 super
1689 1119 1860 1174 basim
1916 1116 2086 1176 stetit.

508 1216 760 1269 manibus
794 1215 1066 1282 expansis,
1099 1214 1298 1283 quibus
1336 1212 1526 1266 mediis
1571 1209 1718 1265 inﬁxi
1768 1215 1894 1262 sunt
1948 1204 2088 1262 clavi

511 1305 848 1376 pedibusque
868 1321 883 1371 ;
902 1304 1319 1358 amaritudinem
1341 1316 1461 1356 eum
1485 1310 1639 1356 aceto
1657 1299 1892 1371 gustavit
1907 1305 1959 1351 et
1990 1297 2089 1348 do-

511 1396 718 1451 lor-ibus
773 1411 1070 1465 oppressus
1121 1404 1228 1450 est.
1253 1395 1407 1447 Sicut
1440 1393 1587 1447 enim
1620 1393 1760 1447 Deus
1814 1389 2089 1460 perfectus

507 1495 562 1540 et
597 1486 761 1539 homo
817 1486 1093 1556 perfectus
1127 1485 1298 1550 visus,
1334 1485 1570 1538 humana
1597 1493 1789 1535 natura
1813 1479 2089 1552 passibilis

506 1588 646 1643 erat,
675 1581 766 1648 qui
823 1594 888 1632 co
941 1578 1174 1648 amplius
1204 1593 1394 1647 passus
1427 1587 1532 1641 est,
1571 1592 1680 1646 quo
1705 1577 1946 1629 omnium
1996 1586 2092 1625 no-

507 1679 684 1724 strum
718 1684 906 1738 poenas
925 1669 1111 1734 dabat,
1144 1678 1203 1723 ut
1227 1668 1320 1723 Dei
1345 1672 1555 1724 amicus
1587 1668 1718 1724 dixit
1743 1668 1982 1735 quidam.

1134 1846 1201 1901 Et
1229 1853 1488 1918 sepultus.

580 1939 778 1994 Passus
805 1947 859 1994 et
889 1949 1157 2005 mortuus,
1188 1942 1288 1995 etsi
1333 1955 1362 1993 a
1410 1939 1693 1993 divinitate
1731 1953 1838 1992 non
1869 1950 2090 2005 separa-

2114 675 2162 730 Δ

2752 661 2862 715 Kal
2911 662 3198 715 παθόντα.

2261 753 2469 806 Ἐπαοε
2507 752 2617 822 γάρ
2662 751 2877 819 ἀληθῶς
2905 755 2970 821 τῇ
3003 752 3190 820 σαρκὶ,
3221 751 3438 821 ἀπαθὴς
3473 751 3655 821 μένων
3685 755 3768 818 ὡς

2185 843 2358 911 Λόγος
2381 858 2396 873 ο
2438 843 2560 896 ἐπεὶ
2585 843 2683 896 καὶ
2711 841 2925 912 ἀληθῶς
2954 843 3049 895 καὶ
3077 843 3140 896 οὐ
3177 843 3472 913 φαντασίᾳ,
3505 844 3580 907 ὣς
3615 860 3765 908 τινες

2185 936 2496 1000 ἀσεϐοῦσιν,
2529 935 2868 1004 ἐσταύρωται
2893 951 2908 966 ο
2943 937 3036 987 καὶ
3086 935 3526 1005 φραγγελωθεὶς,
3567 953 3763 1006 μεμω-

2185 1029 2486 1081 λώπισται’
2521 1027 2680 1095 σῶμα
2710 1028 2819 1095 γὰρ
2853 1025 3065 1094 ἀληθῶς
3109 1021 3227 1095 εἶχε
3248 1041 3262 1056 ·
3301 1027 3396 1079 καὶ
3439 1027 3763 1094 δεσμευθεὶς

2187 1119 2398 1172 ἐδέδετο
2418 1133 2431 1147 '
2463 1120 2556 1172 καὶ
2587 1116 2796 1180 ἀναϐάς
2840 1117 2932 1170 ἐπὶ
2976 1117 3072 1170 τοῦ
3117 1117 3377 1186 σταυροῦ,
3405 1116 3534 1187 ἔστη
3557 1119 3664 1171 ἐπὶ
3694 1120 3765 1187 τῇ

2190 1209 2376 1278 βάσευ
2409 1208 2504 1260 καὶ
2531 1207 2815 1277 ἐξηπλώθη
2851 1207 2947 1269 τὰς
2976 1209 3166 1277 χεῖρας
3185 1219 3200 1235 °
3231 1207 3323 1258 καὶ
3354 1201 3474 1277 ἧλοι
3505 1207 3766 1276 διήλασαν

2189 1299 2356 1362 αὑτὰς
2403 1300 2586 1368 μέσον,
2640 1300 2734 1352 καὶ
2782 1299 2864 1352 ἐτι
2894 1298 3020 1361 τοὺς
3064 1299 3231 1361 πόδας
3275 1299 3440 1352 αὑτοῦ
3466 1314 3482 1329 ⁸
3519 1302 3614 1353 καὶ
3644 1303 3766 1352 ἐπι-

2189 1391 2398 1460 κράνθη
2438 1391 2774 1460 γευσάμενος
2819 1388 3012 1454 ὅξους’
3050 1391 3144 1441 καὶ
3183 1389 3470 1458 ὠδυνήθη·
3512 1389 3608 1442 καὶ
3651 1391 3764 1458 γὰρ

2189 1483 2262 1544 ὡς
2295 1483 2427 1543 Θεὸς
2456 1481 2684 1548 τέλειος,
2713 1481 2808 1535 καὶ⁹
2849 1481 3140 1550 ἄνθρωπος
3171 1480 3372 1541 τέλειος
3405 1481 3615 1548 ὀφθεὶς,
3650 1485 3766 1544 τοῖς

2188 1573 2529 1643 ἀδιαϐλήτοις
2592 1572 2977 1643 ἁνθρωπίνοις-
3019 1573 3280 1625 ὑπέκειτο
3307 1589 3323 1603 ·
3386 1573 3483 1625 καὶ
3554 1573 3765 1642 ἔπασχε

2193 1666 2394 1734 μᾶλλον
2423 1665 2586 1724 αὐτός
2622 1679 2676 1716 τι
2727 1664 2910 1729 πλέον,
2945 1663 3006 1715 τὸ
3037 1664 3260 1717 πάντων
3297 1663 3454 1735 ἡμῶν
3481 1664 3766 1728 ἀποδιδοὺς

2189 1758 2434 1828 ὄφλημα.
2464 1756 2539 1820 ὥς
2564 1757 2648 1822 τίς
2678 1773 2812 1826 φησι
2841 1755 2949 1809 τῶν
2986 1755 3271 1824 θεοφιλῶν.

2751 1847 2860 1902 Καὶ
2907 1849 3194 1917 ταφέντα.

2264 1940 2459 1996 [Ιαθὼν
2485 1939 2596 2010 γὰρ
2639 1940 2735 1992 καὶ
2777 1939 3084 2001 ἀποθανὼν,
3121 1942 3169 1992 εἰ
3201 1941 3292 1994 καὶ
3324 1943 3401 2013 μὴ
3431 1941 3766 2013 κεχώρισται

519 2038 634 2085 tum
675 2039 758 2086 cst
814 2033 1223 2087 sanctissimum
1256 2047 1478 2100 corpus,
1509 2047 1608 2084 nec
1638 2030 1814 2098 ipsius
1841 2029 2086 2097 deposita

2195 2038 2257 2105 τῇ
2309 2035 2526 2102 θεότητι
2565 2031 2658 2085 τοῦ
2693 2032 2959 2099 παναιτίου
3004 2031 3280 2102 σώματος,
3309 2033 3401 2085 καὶ
3434 2038 3534 2103 τῆς
3569 2036 3768 2087 τεθεω-

513 2125 714 2187 anima,
749 2124 842 2177 sed
869 2125 937 2176 ab
972 2138 1038 2178 ea
1069 2124 1318 2192 corporis
1341 2122 1442 2176 fuit
1475 2123 1668 2178 divisio
1699 2137 1715 2188 ;
1749 2120 1906 2191 cujus
1943 2135 2088 2174 mor-

515 2215 593 2266 tui
619 2216 761 2268 latus
810 2215 1152 2285 transtigitur
1171 2216 1422 2269 ctvitalia
1447 2216 1761 2270 scaturiunt
1784 2231 1799 2280 ;
1821 2214 2000 2266 anima
2018 2211 2084 2266 ad

513 2305 720 2361 inferos
770 2304 1055 2360 descendit
1115 2307 1320 2362 inferos
1378 2315 1621 2371 vastans,
1679 2313 1908 2359 mortem
1993 2302 2087 2358 de-

512 2399 1054 2463 struens,animabus
1078 2414 1199 2469 qua!
1229 2399 1300 2454 ibi
1330 2398 1555 2454 aderant
1585 2398 1894 2466 redemptor
1916 2409 2087 2464 appa-

513 2492 642 2554 ruit,
672 2489 1104 2559 Iinteisligatnm
1165 2505 1291 2544 cum
1347 2489 1563 2561 myrrha
1612 2489 1733 2560 eius
1780 2502 1978 2556 corpus
2033 2493 2089 2541 et

511 2579 786 2648 sepultum
848 2579 1253 2652 corruption-em
1314 2596 1422 2636 non
1495 2581 1774 2644 sustinuit,
1825 2589 2084 2650 tanquam

516 2671 653 2726 Deus
684 2674 935 2744 resurgit,
955 2675 1112 2729 tertia
1133 2674 1240 2740 die,
1271 2683 1334 2728 ut
1347 2674 1689 2745 praedixerat,
1722 2674 1936 2742 corpori
1967 2672 2088 2742 ejus

513 2765 664 2819 unita
696 2767 897 2820 anima.

1093 3037 1140 3093 E
1145 3051 1163 3093 ι
1202 3040 1507 3092 resurrexit.

585 3133 723 3190 Ecce
745 3133 988 3204 mysterii
1025 3147 1123 3202 pro
1148 3133 1302 3186 nobis
1333 3130 1457 3185 linis
1505 3128 1704 3193 omnis,
1736 3135 1941 3181 natura:
1994 3141 2090 3180 no.

513 3239 640 3282 stra:
681 3227 968 3296 reparatio,
999 3225 1323 3280 resurrectio
1369 3233 1424 3279 et
1480 3237 1602 3277 cum
1656 3221 1765 3274 Deo
1816 3220 2086 3283 societas;

513 3337 613 3374 nec
635 3322 776 3373 enim
809 3317 873 3371 ad
923 3318 1260 3371 moriendum
1314 3315 1542 3378 conditi,
1570 3326 1672 3367 nec
1697 3311 1764 3366 ad
1827 3311 2089 3364 deceden-

2197 2128 2366 2196 μένης
2394 2124 2576 2196 ψυχῆς
2607 2125 2798 2189 αὐτοῦ,
2838 2123 2973 2178 ἀλλά
3001 2128 3164 2209 γεκτῇ
3209 2124 3355 2196 ψυχῇ
3385 2125 3479 2178 τοῦ
3515 2125 3770 2194 σώματος

2193 2223 2490 2294 ἐχωρίσθη.
2528 2221 2638 2274 Καὶ
2693 2220 2835 2273 οὓτω
2877 2221 3208 2288 νενέκρωται
3261 2219 3363 2289 μὲν
3404 2220 3481 2288 τῷ
3529 2218 3767 2287 σώματι,

2193 2317 2288 2370 καὶ
2347 2314 2646 2384 πλήττεται
2692 2310 2792 2381 τὴν
2864 2311 3134 2381 πλευρὰν,
3170 2310 3266 2364 καὶ
3327 2309 3513 2380 βλύζει
3568 2311 3636 2364 τὰ
3669 2311 3769 2380 τῆς

2193 2405 2362 2474 ζωῆς,
2408 2405 2475 2475 τῇ
2533 2402 2681 2472 ψυχῇ
2731 2402 2790 2456 δέ
2823 2405 2907 2465 είς
2934 2403 3026 2455 τὸν
3075 2401 3208 2472 ᾅδην
3247 2403 3602 2474 κατέρχεται.
3654 2403 3768 2456 Καὶ

2193 2497 2476 2572 πορθήσας
2511 2496 2602 2550 τὸν
2632 2493 2788 2568 ᾅδην,
2829 2495 2924 2548 καὶ
2953 2495 3224 2562 ἀφανίσας
3271 2494 3364 2547 τὸν
3389 2494 3639 2557 θάνατον,
3674 2494 3770 2548 καὶ

2192 2591 2314 2652 ταῖς
2344 2589 2523 2643 ἐκεῖσε
2542 2587 2744 2658 ψυχαῖς
2771 2585 3113 2657 ἀποδειχθεὶς
3138 2584 3436 2656 λυτρωτὴξ,
3463 2588 3524 2638 τὸ
3554 2584 3771 2654 εἱληθέν
3827 2581 3839 2584 ”

2192 2681 2357 2739 αὐτοῦ
2403 2681 2586 2750 σῶμα,
2622 2680 2718 2734 καὶ
2765 2679 3118 2750 σμυρνισθέν,
3154 2680 3250 2733 καὶ
3298 2679 3492 2748 ταφέν,
3538 2678 3617 2750 μὴ
3653 2679 3769 2733 δια-

2196 2775 2401 2846 φθορὰν
2451 2774 2772 2843 ὑπομεῖναν,
2823 2771 2900 2835 ὠς
2954 2772 3089 2835 Θεὸς
3143 2772 3276 2825 αὐτὸ
3331 2772 3622 2842 ἐξεγείρει,
3669 2771 3771 2835 τῆς

2195 2867 2347 2930 θείας
2389 2865 2570 2936 ψυχῆς
2619 2863 2784 2918 αὐτοῦ
2834 2867 2902 2934 τῇ
2954 2866 3136 2935 τρίτῃ,
3183 2863 3260 2927 ὡς
3303 2863 3538 2934 προέφη,
3586 2863 3772 2937 ἡμέρα

2196 2959 2490 3029 ἐνωθείσης
2523 2956 2599 3027 τῷ
2631 2955 2868 3025 σώματι.

2718 3048 2830 3102 Kal
2874 3047 3223 3102 ἀναστάντα

2279 3138 2413 3194 ’ἰδοῦ
2444 3139 2540 3193 καὶ
2583 3141 2612 3192 ό
2648 3140 2848 3200 σκοπὸς
2875 3139 3020 3204 ἅπας
3070 3139 3162 3191 τοῦ
3195 3139 3319 3192 καθ’
3367 3138 3514 3209 ἡμᾶς
3561 3155 3774 3208 μυστη-

2197 3231 2340 3302 ρίου,
2373 3231 2408 3300 ή
2446 3230 2542 3298 τῆς
2582 3228 2737 3298 ἡμῶν
2768 3228 2984 3298 φύσεως
3033 3225 3352 3292 ἀναζὼωσίς
3393 3243 3453 3282 τε
3487 3228 3772 3297 καὶ-ἔγερ-

2199 3341 2304 3390 σις,
2339 3323 2437 3376 καὶ
2480 3322 2620 3390 μετὰ
2674 3321 2769 3374 τοῦ
2816 3320 2954 3373 Θεοῦ
2991 3321 3264 3374 κοινωνία.
3300 3320 3374 3374 Οὐ
3425 3320 3532 3390 γάρ
3579 3321 3661 3383 είς
3707 3319 3770 3373 τδ

514 3413 642 3462 dum
673 3412 724 3462 in
754 3409 982 3462 nibilutn
1020 3408 1268 3473 plasmati
1293 3421 1501 3469 sumus,
1532 3404 1626 3459 sed
1653 3403 1744 3472 qui
1772 3396 2121 3487 maneamus}

2195 3387 2444 3483 θνήσκειν
2482 3387 2840 3478 ἐκτίσθημεν,
2897 3410 3016 3463 οὐδὲ
3068 3412 3148 3472 εἰς
3171 3410 3231 3462 τὸ
3269 3411 3344 3479 μὴ
3385 3387 3523 3462 εἶναι
3565 3411 3770 3480 χωρεῖν

515 3513 567 3554 et
608 3502 801 3553 simus.
833 3500 958 3552 ldeo
991 3498 1250 3552 mortales
1276 3497 1448 3551 factos
1481 3509 1765 3550 assumens
1797 3495 2083 3547 immorta-

2195 3504 2560 3572 ἐπλάσθημεν,
2584 3501 2722 3556 ἀλλὰ
2748 3502 2930 3570 μένειν
2967 3503 3060 3554 καὶ
3090 3497 3252 3561 εἶναι.
3287 3501 3362 3564 ὼς
3391 3503 3485 3554 καὶ
3513 3503 3539 3554 ὁ
3570 3502 3768 3564 κτίσας

516 3592 584 3644 lis
613 3589 805 3650 erexit,
841 3597 894 3640 et
922 3587 1149 3641 mortale
1175 3601 1374 3655 corpus
1411 3586 1644 3640 induens
1675 3584 1958 3638 divinitate
1982 3598 2081 3638 sua

2195 3598 2335 3666 ἡμᾶς
2351 3595 2425 3648 ὥν
2442 3597 2591 3647 ἐστιν
2607 3595 2718 3653 ἀεὶ.
2734 3596 2781 3646 εἰ
2806 3593 2903 3646 καὶ
2924 3594 3086 3662 ἡμεῖς
3108 3593 3269 3662 302
3298 3593 3359 3645 ἐκ
3383 3593 3476 3645 τοῦ
3504 3593 3579 3660 μὴ
3613 3591 3771 3655 ὄντος

517 3697 546 3734 a
617 3689 790 3732 morte
855 3679 1094 3732 liberans
1181 3680 1401 3747 penitus
1493 3677 1824 3732 immortales
1882 3677 2079 3743 eﬂ‘ecit,

2195 3687 2512 3756 γεγόναμεν,
2545 3685 2640 3737 καὶ
2692 3684 2873 3752 μένειν
2919 3682 3248 3752 ἐτάχθημεν.
3280 3685 3370 3736 Διὸ
3417 3685 3642 3754 θνητοὺς
3680 3702 3776 3753 τε-

516 3786 564 3828 et
596 3789 704 3840 quo
747 3771 982 3827 Verbum
1034 3771 1374 3826 incarnatnm
1414 3786 1615 3840 corpus
1655 3771 1948 3839 reparavit,
1983 3786 2084 3824 nos

2195 3776 2444 3844 γονότας,
2498 3772 2784 3826 ἀναλαϐὼν
2832 3773 2862 3825 ό
2905 3772 3176 3836 ἀθάνατος
3224 3773 3617 3842 ἀνωρθὼσατο·
3673 3778 3772 3828 καὶ

521 3881 616 3936 per
650 3866 828 3935 ipsum
869 3863 1100 3933 reparati
1161 3878 1374 3928 sumus,
1411 3873 1465 3919 et
1526 3864 1742 3932 quando
1797 3879 1826 3918 e
1881 3865 2086 3918 mundo

2195 3868 2388 3936 θνητὸν
2435 3866 2615 3919 λαϐὼν
2647 3867 2827 3933 σῶμα,
2879 3866 2971 3918 καὶ
3013 3865 3428 3927 ἁπαθανατίσας
3475 3869 3541 3934 τῇ
3589 3867 3772 3934 οἰκεία

515 3972 746 4027 prorsus
799 3956 1063 4011 delebitnr
1118 3958 1366 4018 mortale,
1401 3956 1609 4012 scilicet
1659 3956 1956 4025 corruptio,
1987 3971 2086 4010 nos

2200 3959 2436 4028 θεότητι,
2469 3958 2620 4019 ὅλους
2671 3956 2972 4018 ἀθανάτους
3031 3955 3344 4025 εἰργάσατο.
3400 3958 3510 4010 Καὶ
3559 3956 3699 4025 ὅπερ
3740 3958 3770 4008 ό

517 4066 729 4118 quoque
764 4048 1004 4103 viventes
1033 4047 1195 4102 simul
1230 4062 1351 4101 cum
1375 4046 1590 4101 vivente
1617 4047 1836 4102 Christo
1858 4047 2084 4102 erimus.

2195 4049 2363 4114 Λόγος
2396 4047 2700 4116 σαρκωθεὶς
2741 4045 2936 4114 ἀνέστη
2961 4045 3038 4113 τῷ
3067 4045 3298 4112 σώματι,
3323 4046 3417 4098 καὶ
3466 4047 3623 4115 ἡμεῖς
3680 4047 3776 4098 ἁν-

459 4217 462 4222 _
518 4146 756 4213 έπτημεν
793 4142 859 4195 δι’
922 4141 1107 4196 αὑτοῦ.
1162 4143 1272 4197 Καὶ
1334 4143 1424 4196 ὅτε
1468 4143 1529 4197 τὸ
1572 4143 1764 4214 θνητὸν
1812 4143 1989 4214 πάντη
2036 4144 2102 4195 ἐκ
2163 4143 2257 4197 τοῦ
2311 4145 2518 4213 κόσμου
2579 4141 2992 4212 καταργηθείη,
3044 4143 3077 4209 ἡ
3119 4139 3296 4212 φθορὰ
3350 4141 3622 4212 δηλονότι,
3679 4126 3777 4196 κει.ὶ

518 4239 679 4304 ἡμεῖς
735 4235 1019 4304 ζήσαντες,
1098 4236 1214 4304 ἅμα
1266 4235 1364 4288 σὺν
1405 4234 1483 4304 τῷ
1531 4235 1694 4301 ζῶντι
1749 4237 1972 4308 Χριστῷ
2037 4236 2294 4306 ἐσόμεθα.

1164 4325 1338 4381 Tertia
1355 4329 1458 4385 die.

591 4417 649 4470 In
683 4415 886 4472 Christi
927 4420 1332 4473 resurrectione
1374 4419 1657 4476 Trinitatis
1703 4420 1956 4490 panditur
1985 4435 2098 4489 my-

2731 4322 2814 4391 Τῇ
2845 4324 3012 4391 τρίτῃ
3035 4323 3246 4392 ἡμέρᾳ.

2270 4417 2381 4470 Καὶ
2438 4417 2496 4470 ἐν
2546 4417 2612 4485 τῇ
2666 4415 2962 4470 ἀναστάσει
3008 4413 3244 4484 Χριστοῦ
3295 4415 3357 4469 τδ
3403 4417 3502 4486 τῆς
3550 4417 3778 4486 Τριάδος

523 4511 784 4565 Stcrium:
815 4509 1023 4564 dierum
1051 4511 1208 4564 trium
1225 4511 1343 4580 ejus
1375 4515 1723 4579 resurrectio,
1747 4523 1907 4582 prout
1957 4529 2096 4580 prae-

2199 4509 2527 4578 φανεροῦται
2565 4509 2880 4577 μυστήριον.
2905 4508 3215 4577 Τριήμερος
3244 4507 3354 4577 γὰρ
3388 4509 3557 4562 αὐτοῦ
3583 4512 3617 4581 ή
3652 4512 3781 4564 ἀνά.

524 4600 661 4653 dixit
699 4601 832 4669 ipse,
871 4609 924 4655 et
953 4601 1108 4656 factis
1165 4602 1432 4671 probavit,
1457 4606 1619 4658 tertia
1677 4604 1762 4657 die
1788 4619 2099 4672 resurgens,

2202 4619 2411 4664 στασις,
2442 4600 2517 4662 ὼς
2573 4601 2735 4663 αὐτὸς
2788 4599 3026 4669 προέφη,
3067 4601 3162 4653 καὶ
3208 4600 3410 4665 ἔδειξεν
3465 4602 3677 4671 ἔργοις,
3705 4607 3773 4672 τῇ

521 4707 789 4762 apparens
839 4702 894 4748 ct
943 4694 1182 4749 divinam
1215 4695 1375 4750 nobis
1409 4695 1687 4751 insumans
1717 4696 1965 4765 gratiam,
1999 4697 2100 4749 tria

2199 4693 2358 4764 τρίτῃ
2403 4693 2586 4762 ἡμέρᾳ
2625 4693 2863 4752 ἀναστὰς
2903 4693 2997 4744 καὶ
3047 4692 3430 4759 ἐμφανισθεὶς,
3473 4694 3569 4746 καὶ
3622 4694 3774 4747 θείαν

526 4783 668 4836 dona
695 4785 810 4838 lure
845 4798 1079 4838 maxima
1119 4785 1278 4839 nobis
1307 4787 1548 4841 tribuens
1577 4787 1629 4840 in
1662 4787 1834 4841 tertiae
1857 4787 1962 4840 diei
1991 4787 2099 4840 evi-

2203 4785 2337 4853 ήμῖν
2383 4784 2706 4853 ἐμφυσήσας
2757 4783 2936 4854 χάριν,
2989 4785 3083 4836 καὶ
3124 4783 3252 4852 τρία
3303 4783 3451 4854 δῶρα
3492 4785 3665 4839 ταῦτα
3709 4787 3780 4841 τὰ

524 4873 801 4941 gilatione,
842 4889 1124 4944 resurgere
1143 4887 1364 4944 pr0pter
1426 4892 1543 4939 nos,
1561 4891 1818 4947 apparere
1835 4885 1889 4932 et
1911 4892 2096 4947 pacem

2207 4879 2440 4947 μέγιστα
2472 4878 2606 4946 ἡμῖν
2655 4875 2956 4945 παρασχὼν
2984 4876 3042 4928 ἐν
3088 4878 3157 4945 τῇ
3201 4876 3486 4946 τριημέρῳ
3537 4879 3775 4946 ἐγέρσει,

526 4961 679 5026 dare,
708 4972 762 5015 et
796 4963 952 5016 nobis
980 4964 1216 5033 Spiritus
1238 4968 1465 5035 gratiam
1526 4967 1736 5023 aﬂerrc.
1770 4967 1908 5022 Vere
1938 4969 2100 5035 igitur

2201 4968 2262 5020 τὸ
2292 4969 2588 5036 ἀναστῆναι
2627 4966 2767 5036 ὑπὲρ
2809 4965 2988 5034 ἡμῶν,
3017 4966 3078 5019 τὸ
3110 4967 3516 5036 ἐμφανισθῆναι
3558 4969 3656 5021 καὶ
3677 4969 3778 5039 τὴν

529 5053 694 5106 trium
740 5055 946 5109 dierum
989 5057 1288 5112 Salvatoris
1335 5061 1664 5113 resurrectio
1709 5067 1762 5114 et
1821 5058 2100 5132 Trinitatis

2204 5060 2428 5128 εἰρήνην
2466 5059 2668 5125 δοῦναι,
2698 5061 2791 5113 καὶ
2828 5059 2891 5111 τὺ
2940 5062 3244 5129 παρασχεῖν
3299 5061 3430 5131 ἡμῖν
3464 5061 3564 5130 τὴν
3611 5062 3774 5130 χάριν

531 5144 746 5213 signum
780 5162 794 5200 :
831 5145 974 5199 sicnt
1004 5161 1101 5213 per
1135 5147 1456 5202 Trinitatem
1511 5148 1694 5202 omnia
1751 5147 1908 5204 nobis
1935 5148 2099 5211 bona,

527 5243 582 5290 et
637 5236 754 5306 ipsa
819 5235 1018 5292 Christi
1083 5237 1388 5293 incarnatio
1428 5248 1484 5294 et
1537 5240 1918 5308 resurrectio;
1973 5253 2099 5293 nam

528 5328 706 5384 solum
742 5345 872 5385 caro
902 5328 1105 5386 factum
1146 5341 1232 5388 est
1278 5331 1670 5400 Verbum,'sed
1723 5333 1919 5387 bonam
1969 5331 2108 5386 hanc

526 5421 858 5477 voluntatem
905 5423 1063 5480 Pater
1078 5425 1264 5480 habu't
1281 5435 1332 5481 et
1351 5441 1453 5480 una
1473 5433 1727 5494 operatus
1743 5433 1827 5479 est
1850 5423 2107 5492 Spiritus,

529 5523 581 5565 et
613 5513 666 5567 in
691 5517 914 5587 reliquis
935 5518 1208 5589 mysteriis
1235 5516 1371 5570 idem
1391 5517 1591 5579 evenit,
1620 5515 1776 5571 Patre
1793 5517 1988 5570 bonam
2011 5529 2110 5568 vo-

531 5610 815 5674 luntatem,
857 5611 1224 5678 operationem
1245 5609 1451 5662 uuilam
1490 5609 1724 5663 habente
1753 5605 1982 5676 Spiritu.
2005 5606 2109 5660 Sed

530 5701 656 5766 quia
686 5703 861 5756 trinus
887 5703 1098 5757 lucrum
1124 5701 1497 5767 habuitorbis,
1529 5700 1830 5770 spiritualis
1863 5700 1978 5753 sive
2003 5713 2104 5752 an-

535 5791 658 5860 geli,
684 5792 960 5848 sensibilis
985 5793 1101 5848 sive
1150 5792 1403 5858 visibilis,
1437 5800 1492 5848 et
1517 5807 1582 5848 ex
1626 5789 1898 5847 ambobus
1940 5789 2104 5845 homo

2200 5151 2296 5204 τοῦ
2341 5149 2680 5220 Πνεῦματος.
2723 5151 2968 5220 Ἀληθῶς
3003 5147 3096 5204 οὖν
3141 5152 3442 5222 τριήμερος
3467 5155 3500 5223 ή
3535 5153 3630 5206 τοῦ
3665 5152 3780 5204 Σω-

2202 5240 2367 5310 τῆρος
2407 5239 2724 5303 ἀνάστασις,
2752 5242 2847 5293 καὶ
2877 5240 2974 5310 τῆς
3012 5241 3243 5312 Τριάδος
3275 5244 3610 5311 σημαντικὴ.
3652 5241 3774 5296 ἐπεὶ

2205 5332 2299 5384 καὶ
2325 5331 2412 5385 διὰ
2434 5332 2532 5401 τῆς
2557 5331 2784 5402 Τριάδος
2809 5331 2880 5384 τὰ
2908 5332 3086 5385 πάντα
3124 5334 3256 5402 ἡμῖν
3289 5333 3489 5401 ἀγαθὰ,
3516 5333 3613 5386 καὶ
3642 5333 3780 5402 αὐτὴ

2207 5424 2242 5493 ή
2270 5423 2362 5476 τοῦ
2390 5422 2627 5494 Χριστοῦ
2652 5424 2930 5494 σάρκωσις
2956 5423 3050 5477 καὶ
3075 5423 3400 5488 ἀνάστασις.
3438 5423 3499 5477 Et
3534 5424 3645 5492 γὰρ
3674 5426 3768 5477 καὶ

2208 5517 2238 5569 ὁ
2288 5515 2461 5582 Λόγος
2515 5515 2649 5584 σὰρξ
2700 5515 2917 5582 ἐγένετο
2967 5516 3146 5583 μόνος,
3181 5516 3317 5569 ἀλλὰ
3367 5515 3464 5568 καὶ
3508 5517 3539 5567 ὁ
3586 5514 3773 5584 Πατὴρ

2210 5605 2502 5675 ηὐδόκησε,
2531 5605 2626 5658 καὶ
2663 5604 2725 5656 τὸ
2775 5603 2998 5672 Πνεῦμα
3036 5605 3365 5674 συνήργησε.
3399 5605 3508 5656 Καὶ
3566 5605 3626 5655 ἐν
3668 5605 3779 5663 τοῖς

2210 5701 2415 5762 λοιποῖς
2447 5699 2503 5751 δὲ
2540 5698 2862 5769 μυστηρίοις
2905 5697 3049 5749 οὕτω
3089 5697 3392 5760 συνέϐαινε,
3429 5696 3525 5747 τοῦ
3567 5695 3778 5762 Πατρδς

2211 5789 2580 5855 εὐδοκοῦντος,
2599 5789 2691 5842 καὶ
2715 5787 2810 5841 τοῦ
2841 5788 2884 5840 Π
2891 5787 2978 5841 vati
2989 5803 3152 5858 ματος
3182 5783 3591 5856 συνεργοῦντος.
3613 5779 3777 5834 una
