4026 6274
299 293 406 357 ’ΠἸ

1372 304 1794 370 EXPOSITIO
1833 311 2078 379 SACRI
2138 315 2489 381 SYMBOLI.

3473 329 3580 395 77s

301 413 506 470 καὶιὸτι
550 416 579 469 ὁ
624 416 839 485 τριττὺς
891 418 1150 491 ὠφελήθη
1199 422 1426 494 κόσμος,
1458 438 1486 480 ο
1534 428 1723 497 νοητὸς
1757 428 1870 499 ἦτοι

1984 430 2078 501 qui
2108 446 2202 500 per
2234 430 2541 489 Salvatoris
2571 437 3056 506 resurrectionem,
3082 440 3370 499 Trinitatis
3392 458 3580 513 perce-

298 507 349 560 οί
390 506 633 575 ἄγγελοι,
677 511 704 561 ὁ
743 510 1023 580 αἰσθητὸς,
1062 513 1129 567 τά
1169 515 1424 587 ὁρώμενα
1476 517 1700 591 δηλαδὴ,
1732 522 1870 576 καὶί

1981 526 2062 596 pit
2093 527 2403 589 scientiam,
2427 528 2553 583 ideo
2574 529 2737 584 trium
2767 532 2979 585 dierum
3002 534 3366 588 resurrectio:
3398 534 3579 591 ari-his

299 600 359 667 ἑξ
384 601 586 671 ἀμφοῖν
616 602 824 655 τούτων
863 605 891 656 ό
925 606 1235 676 ἄνθρωπος,
1268 609 1329 673 ὃς
1375 610 1470 663 καὶ
1497 610 1584 666 διά
1619 615 1721 681 τῆς
1753 615 1883 668 ἀνα-

301 694 541 755 στάσεως
573 692 669 747 τοῦ
720 695 973 767 Σωτῆρος
1013 700 1113 770 τὴν
1151 702 1354 768 γνῶσιν
1384 703 1545 758 ἔλαϐε
1583 706 1682 777 τῆς
1710 706 1885 775 Τριά-

1980 631 2110 687 ergo
2190 618 2725 689 incorruptibilitatis
2793 622 3095 678 Salvatoris
3171 625 3580 681 resurrectione

1980 710 2223 780 acceptis
2251 711 2416 767 homo
2450 712 2503 767 in
2567 715 2753 769 mundi
2802 715 3025 785 quidem
3080 717 3317 772 visibilis
3343 720 3447 774 line
3476 721 3579 774 im-

297 786 427 850 δοςσ
465 787 766 856 τριήμερος
824 791 857 859 ἡ
912 791 1231 856 ἀνάστασις.
1292 794 1649 865 Ἀρῤαϐῶνας
1699 796 1870 853 τοίνυν

1986 802 2315 868 mutabitur,
2336 811 2392 858 et
2427 804 3000 877 incorruptibilitatetn
3040 808 3422 865 lia-reditabit:
3460 810 3578 879 ipsa

295 879 397 946 τῆς
431 880 739 948 ἀφθαρσίας
766 881 1053 954 ἄνθρωπος
1074 886 1141 956 τῇ
1170 886 1468 941 ἀναστάσει
1499 887 1591 944 τοῦ
1621 890 1881 961 Σωτῆρος

296 970 500 1037 λαϐὼν,
559 974 617 1026 έν
659 975 729 1046 τιῖ
788 975 933 1030 τέλει
1000 979 1143 1047 μετά
1195 978 1290 1034 τοῦ
1342 981 1622 1052 ὁρωμένου
1667 984 1879 1055 κόσμου

1986 895 2133 949 enim
2152 904 2407 950 creatura
2439 895 2783 964 liberabitur,
2815 909 2873 952 ut
2894 898 3122 965 dicitur,
3153 917 3182 954 a
3207 903 3579 973 corruptionis

1989 989 2278 1053 servitute,
2310 988 2362 1043 in
2396 990 2706 1046 libertatem
2744 992 2929 1063 gloria.
2961 993 3199 1048 liliorum
3242 995 3360 1050 Dei.

291 1065 741 1134 ἀλλοιωθήσεται,
794 1071 888 1124 καὶ
931 1072 1029 1140 τήν
1080 1072 1395 1142 ἀφθαρσίαν
1443 1076 1872 1149 κληρονομήσει.
1916 1080 2026 1135 Καὶ
2096 1081 2239 1153 αὐτὴ
2295 1082 2406 1153 γὰρ
2455 1084 2490 1153 ή
2542 1085 2724 1149 κτίσις
2775 1086 3303 1156 ἐλευθερωθήσεται,
3382 1088 3572 1159 φησιν,

290 1164 401 1215 ἀπὸ
438 1163 536 1230 τῆς
584 1163 828 1229 δουλείας
872 1166 972 1235 τῆς
1027 1167 1237 1237 φθορᾶς
1287 1169 1368 1234 είς
1404 1171 1507 1240 τὴν
1552 1172 1868 1246 ἐλευθερίαν
1901 1176 2003 1246 τῆς
2036 1173 2195 1245 δόξης
2233 1175 2343 1232 τῶν
2370 1177 2576 1232 τέκνων
2603 1182 2696 1233 τοῦ
2723 1179 2917 1235 Θεοῦπ

397 1275 507 1328 Καὶ
538 1275 890 1332 ἀναστάντα
1061 1282 1229 1368 τρίτῃ
1259 1283 1450 1353 ἡμέρᾳ
1479 1286 1629 1340 κατὰ
1663 1286 1768 1352 τὰς

1000 1367 1217 1404 caesae.

994 1367 1217 1420 ραερας.

364 1436 507 1491 nam
533 1420 896 1508 κηρύττουσῖν
920 1443 969 1496 οί
1012 1444 1275 1514 Πατέρες,
1299 1446 1373 1509 ὡς
1401 1448 1503 1501 οὐκ
1535 1448 1631 1517 ἀφ’
1660 1448 1873 1503 ἑαυτῶν

282 1532 483 1595 ταῦτα,
522 1530 639 1585 ἀλλ’
672 1534 735 1585 ὲκ
778 1534 887 1586 τῶν
915 1535 1153 1605 Γραφῶν
1196 1536 1439 1606 λέγουσι,
1477 1541 1572 1593 καὶ
1605 1541 1688 1594 ὃτι
1733 1556 1875 1611 προ-

283 1624 461 1694 φῆται
523 1627 619 1680 καὶ
681 1625 970 1681 ἀπόστολοι
1032 1630 1240 1686 τούτων
1296 1633 1612 1703 μάρτυρες,
1662 1634 1711 1687 οι
1772 1633 1872 1702 μιν

284 1719 633 1785 πράγμασιν,
672 1719 723 1770 οι
757 1719 812 1771 δὲ
846 1719 1138 1790 γράμμασι
1179 1722 1249 1775 τὰ
1291 1726 1422 1794 περὶ
1456 1725 1555 1793 τῆς
1605 1724 1874 1785 ἐλεύσεως

2122 1284 2427 1342 Resurrea‘t't
2470 1293 2625 1344 tertia
2654 1292 2738 1346 die
2771 1294 3062 1349 secundum
3099 1295 3429 1351 Scr-iuturus.

2044 1441 2311 1501 Omnibus
2373 1446 2710 1512 proclamant
2780 1448 2995 1511 Patres.
3054 1445 3347 1521 tanquam‘
3372 1469 3481 1507 non
3540 1469 3573 1509 α

1981 1534 2201 1603 seipsis,
2233 1537 2327 1591 sed
2381 1554 2411 1589 e
2442 1535 2762 1606 Scripturis,
2802 1550 2856 1594 et
2902 1541 3133 1597 ιιιειίιυιε
3185 1543 3465 1612 prophetis
3518 1554 3575 1598 et

1994 1629 2278 1697 apostolis.
2331 1629 2401 1682 lii
2441 1629 2620 1694 lactis,
2646 1630 2865 1699 scriptis
2914 1633 3017 1698 illi,
3058 1649 3179 1701 qua:
3238 1635 3305 1689 de
3364 1634 3571 1691 Christi

1980 1721 2376 1788 redemptione,
2419 1721 2549 1784 vita,
2590 1731 2763 1777 morte
2795 1735 2847 1776 et
2902 1726 3307 1779 resurrectione
3357 1743 3578 1783 annun-

283 1810 385 1863 τοῦ
437 1810 677 1879 Χριστοῦ
721 1812 815 1866 καὶ
861 1811 1030 1880 ζωῆς,
1062 1815 1157 1869 καὶ
1204 1809 1297 1869 τοῦ
1345 1817 1581 1873 θανάτου
1629 1819 1723 1872 καὶ
1770 1816 1868 1883 τῆς
1905 1801 1945 1858 Β
1974 1814 2129 1869 tiant.

284 1905 640 1970 ἀναστάσεως
669 1906 1150 1975 καταγγείλαντες.

502 1996 615 2049 Καὶ
662 1997 1005 2057 ἀνελθόντα
1035 2001 1124 2065 είς
1161 2001 1307 2067 τοὺς
1341 2004 1661 2073 οὐρανούς.

361 2085 471 2139 Καὶ
503 2079 606 2141 ὦδε
644 2085 708 2139 τδ
745 2087 892 2156 μέγα
940 2088 1037 2143 καὶ
1084 2087 1417 2160 θαυμαστόν.
1464 2091 1528 2145 Ἦ
1568 2092 1734 2163 γητνη
1765 2090 1876 2159 γὰρ

283 2178 450 2249 φύσις
479 2181 562 2243 είς
593 2181 685 2235 τδν
712 2182 826 2237 ἄνω
860 2182 1074 2253 ἀνήχθη
1108 2182 1308 2254 χῶρον.
1349 2184 1412 2237 ’0
1451 2184 1561 2254 γὰρ
1591 2184 1873 2238 κατελθὼν

284 2275 428 2343 πρὸς
460 2275 611 2343 ἡμᾶς
642 2277 738 2329 καὶ
774 2276 835 2331 ἐν
861 2276 941 2348 τῷ
973 2278 1153 2348 Πατρὶ
1198 2277 1402 2346 μένων,
1434 2278 1598 2343 αὑτός
1632 2281 1750 2332 ἐστι
1779 2278 1874 2332 καὶ

281 2370 312 2422 ὁ
342 2367 571 2435 ἀναϐὰς,
600 2367 665 2424 τὸ
704 2369 806 2440 μὲν
849 2369 1071 2440 ὁραθεὶς
1121 2370 1255 2439 ἡμῖν
1295 2374 1359 2440 τῇ
1412 2371 1603 2439 σαρκὶ,
1634 2373 1729 2424 καὶ
1781 2373 1877 2425 επὶ

281 2461 386 2531 τῆς
412 2460 519 2528 γῆς
558 2461 1053 2529 συναναστραφεὶς,
1083 2461 1145 2516 τὸ
1192 2460 1251 2514 δὲ
1291 2460 1584 2529 ἀνυψὼσας
1629 2462 1769 2529 ὅπερ
1814 2460 1876 2526 ἐξ

284 2552 447 2624 ἡμῶν
480 2552 715 2622 εἰλήφει,
740 2553 838 2607 καὶ
869 2553 1127 2623 ὑπεράνω
1183 2555 1363 2619 πάσης
1394 2554 1570 2623 ἀρχῆς
1601 2555 1694 2606 καὶ
1718 2552 1879 2607 δυνά·

286 2659 441 2709 μεως
468 2642 721 2711 οὐρανίου
750 2642 996 2712 θέμενος.
1037 2644 1133 2696 καὶ
1165 2643 1524 2712 συνεδριάσας
1554 2641 1633 2711 τῷ
1676 2642 1873 2711 Πατρί.

283 2738 460 2805 Αρτδς
505 2738 616 2807 γὰρ
666 2737 955 2806 ὲγκόλπιος
988 2737 1065 2791 ὢν
1114 2737 1208 2791 τοῦ
1257 2737 1393 2791 Θεοῦ
1440 2738 1613 2805 Λόγος
1650 2737 1786 2791 αὐτό
1817 2754 1876 2790 τε

283 2829 682 2897 προσελάϐετο,
712 2828 808 2883 καὶ
848 2828 1031 2897 ἑαυτῷ
1084 2828 1270 2899 ἄκρως
1319 2830 1551 2894 ὲνὼσας,
1603 2830 1702 2898 τῆς
1746 2827 1877 2893 ίτης

284 2921 568 2986 μετέδωκε
623 2921 811 2989 τιμῆς,
843 2920 1149 2989 ἐπειδήπερ
1208 2920 1520 2989 ἀχώριστον
1572 2918 1746 2989 αύτῷ,
1780 2920 1875 2973 καὶ

279 3013 422 3086 (διον
447 3013 610 3066 αὐτοῦ
644 3011 1051 3082 κατειργάσατο
1092 3013 1278 3083 σῶμα,
1303 3014 1399 3067 καὶ
1428 3007 1511 3078 εἷς
1539 3015 1568 3067 ὁ
1613 3013 1777 3075 αὐτὸς
1805 3015 1873 3085 τῇ

2444 1993 2510 2049 Ει
2538 1996 2775 2051 ascendit
2810 1998 2864 2051 in
2913 1998 3087 2054 mlas.

2050 2084 2189 2142 Ecce
2226 2102 2481 2157 magnum
2514 2097 2570 2144 et
2616 2089 2859 2145 mirum:
2917 2093 3196 2147 terrestris
3255 2076 3451 2147 natura
3516 2092 3572 2147 in

1977 2178 2144 2230 altum
2178 2178 2413 2233 adducta
2445 2187 2531 2233 est
2556 2178 2775 2246 locum;
2813 2196 2938 2235 nam
2981 2183 3073 2255 qui
3105 2184 3173 2237 ad
3210 2198 3309 2239 nos
3336 2183 3575 2240 descen-

1976 2268 2056 2324 dit
2085 2271 2139 2324 in
2182 2269 2339 2326 Patre
2374 2269 2550 2326 adhuc
2581 2286 2839 2337 manens,
2873 2271 2991 2342 ipse
3038 2282 3117 2328 est
3160 2274 3252 2343 qui
3302 2275 3572 2338 ascendit,

1976 2372 2090 2417 tum
2127 2363 2181 2415 in
2211 2376 2376 2417 carne
2408 2362 2558 2418 visus
2584 2378 2612 2416 a
2646 2363 2806 2418 nobis
2835 2374 2889 2420 et
2911 2379 3076 2435 super
3109 2372 3312 2423 terram
3342 2383 3578 2424 conver-

1977 2465 2152 2517 satus,
2184 2461 2297 2507 tum
2335 2454 2555 2510 elevans
2576 2456 2721 2524 quod
2764 2456 2832 2512 de
2893 2458 3052 2513 nobis
3101 2470 3475 2531 assumpserat
3514 2470 3573 2516 et

1979 2556 2177 2614 supra
2209 2560 2423 2600 omnem
2488 2547 2855 2617 principatum
2919 2560 2981 2605 et.
3028 2559 3347 2620 potestatem
3402 2554 3572 2609 etule-

1978 2646 2118 2694 stem
2157 2653 2424 2708 reponens
2469 2649 2523 2695 et
2576 2655 2683 2695 una
2712 2656 2837 2696 cum
2878 2640 3037 2698 Patre
3079 2646 3266 2701 sedere
3321 2646 3572 2703 iaciens:

1982 2730 2167 2799 ipsum
2211 2731 2357 2785 cnim
2384 2732 2531 2801 quod
2565 2733 2618 2787 in
2660 2734 2785 2789 sinu
2820 2732 3000 2791 Patris
3030 2746 3114 2792 est
3175 2737 3411 2793 Verbum
3467 2738 3573 2793 hoc

1977 2824 2276 2893 assumpsit
2300 2825 2445 2894 quod
2470 2825 2575 2881 sibi
2637 2810 2797 2895 plene
2850 2828 3062 2883 unitum
3117 2829 3297 2885 eidem
3366 2827 3567 2885 honori

1978 2916 2230 2982 sociavit,
2259 2919 2773 2988 aseinseparabile,
2820 2937 2982 2978 suum
3039 2922 3143 2978 sibi
3186 2921 3315 2977 fecit
3367 2938 3572 2993 corpus

1980 3018 2033 3063 et
2068 3024 2235 3062 unum
2264 3023 2449 3064 secum
2480 3011 2534 3065 in
2585 3026 2844 3081 persona,
2895 3014 3025 3069 licet
3080 3016 3297 3070 naturis
3346 3014 3569 3086 duplex,

289 3105 616 3163 ὑποστάσει,
665 3104 714 3156 εί
772 3104 866 3157 καὶ
910 3104 1135 3167 διπλοῦς
1178 3106 1292 3170 τοῖς
1341 3105 1588 3175 φύσεσιν,
1619 3101 1701 3167 εἷς
1744 3106 1870 3170 Υίδς

1982 3116 2124 3155 unus
2155 3098 2333 3158 Filius
2375 3102 2714 3172 unigenitus.
2748 3121 2893 3161 unus
2919 3105 3174 3161 Christus
3209 3106 3469 3162 Dominus
3511 3107 3568 3161 in

278 3196 606 3264 μονογενὴς,
636 3190 717 3257 εἷς
747 3193 983 3263 Χριστὸς
1028 3194 1253 3264 Κύριος,
1281 3194 1340 3247 έν
1373 3195 1495 3248 δυσὶ
1535 3196 1734 3260 φύσεσι
1776 3197 1870 3250 καὶ

1980 3190 2195 3263 duabus
2249 3194 2466 3249 naturis
2515 3205 2569 3249 et
2628 3198 3043 3266 operationibus
3100 3197 3444 3253 naturalibus
3506 3207 3565 3251 et

273 3288 591 3357 ἐνεργείαις
617 3287 876 3354 φυσικαῖς
910 3288 1004 3339 καὶ
1036 3287 1292 3357 θελήσεσι
1332 3288 1758 3358 γνωριζόμενος.

420 3366 531 3432 Kal
560 3375 960 3445 καθεζόμενον
986 3378 1054 3432 ἐκ
1085 3378 1301 3443 δεξιῶν
1334 3379 1445 3434 τοῦ
1478 3380 1730 3447 Πατρός.

349 3474 430 3526 Οὐ
461 3473 570 3541 γὰρ
603 3470 935 3539 παρίσταται
984 3473 1105 3541 μετ’
1138 3472 1388 3541 ἀγγέλων
1431 3471 1779 3540 ινδεδυμένος
1809 3471 1870 3522 τὸ

272 3564 468 3633 σῶμα,
500 3563 622 3616 οὐδὲ
656 3563 966 3633 λιιτουργεῐ
1000 3562 1080 3633 τῷ
1119 3564 1294 3632 Πατρί
1314 3580 1330 3595 '
1367 3565 1868 3633 συμπροσκυνείται

266 3657 327 3710 δὲ
389 3655 616 3724 μᾶλλον,
659 3656 739 3718 ὼς
786 3655 916 3718 Υίὸς
960 3654 1055 3708 τοῦ
1105 3653 1243 3709 Θεοῦ
1292 3656 1389 3709 καὶ
1439 3654 1867 3724 σεσαρκωμὲνος

269 3750 421 3819 μετά
443 3746 656 3810 Πατρός
669 3764 727 3799 τε
745 3745 837 3800 καὶ
857 3746 1194 3815 Πνεύματος.
1213 3746 1324 3801 Καὶ
1340 3747 1401 3801 οὐ
1424 3745 1779 3814 προστίθεται
1796 3746 1878 3829 τῇ.

266 3841 481 3911 Τριάδι
516 3841 846 3909 τοπαράπαν
869 3839 1049 3892 οὐδέν’
1069 3838 1264 3908 ἐπειδὴ
1286 3839 1395 3894 ούδ⁶
1417 3838 1581 3900 ἀλλος
1605 3841 1633 3892 ὁ
1652 3854 1867 3907 σαρκω-

265 3933 417 3997 θεὶς,
460 3929 573 3984 ἀλλ’
613 3931 775 3992 αὐτὸς
810 3929 1049 3997 ὁ-Λόγος,
1075 3930 1103 3983 δ
1133 3931 1228 3983 καὶ
1250 3930 1357 3998 προ
1384 3928 1478 3983 τοῦ
1510 3930 1865 4001 σαρκωθῆναι

267 4026 465 4095 μένων
490 4022 549 4073 έν
580 4020 659 4089 τῷ
683 4020 883 4087 Πατρὶ,
931 4019 1027 4073 καὶ
1056 4020 1369 4090 σαρκωθεὶς
1399 4022 1577 4089 μένων
1607 4024 1638 4075 ὁ
1676 4021 1862 4079 αὐτός.

261 4140 379 4195 Καὶ
418 4137 614 4191 πάλιν
638 4136 973 4206 ἐρχόμενον
994 4135 1147 4202 μετὰ
1181 4135 1368 4203 δόξης
1400 4138 1597 4206 κρῖναι
1641 4136 1867 4203 ζῶντας

864 4204 964 4258 καί
996 4207 1274 4271 νεκρούς.

338 4304 486 4356 Ὅτε
523 4299 623 4368 μὲν
655 4298 765 4369 γὰρ
806 4300 870 4351 ὲκ
904 4298 1184 4367 Παρθένου
1234 4298 1544 4367 σαρκωθεὶς
1591 4296 1777 4369 ἦλθεν,
1805 4300 1866 4351 έν

258 4391 697 4464 ὑπερϐαλλούσῃ
746 4390 994 4462 πτωχείᾳ
1022 4388 1179 4462 ὤφθη
1225 4390 1321 4443 καὶ
1366 4389 1740 4460 ταπεινότητι,
1766 4389 1864 4443 καὶ

1971 3283 2348 3339 voluntatibus
2375 3286 2651 3354 cognitus.

2361 3375 2520 3432 Sedet
2569 3378 2639 3430 ad
2667 3379 2936 3433 dexteram
2971 3379 3176 3433 Patris.

2042 3466 2159 3522 Non
2190 3470 2335 3523 enim
2372 3485 2495 3525 cum
2548 3471 2761 3540 angelis
2820 3472 3180 3526 constituitur
3202 3471 3296 3542 qui
3333 3487 3565 3543 corpore

1970 3562 2202 3615 amictus
2252 3570 2355 3625 est,
2411 3576 2513 3617 nec
2575 3564 2907 3618 sacriﬁcium
2967 3564 3115 3619 Patri
3172 3562 3353 3620 olTert.
3414 3565 3560 3631 Quin

1970 3650 2134 3704 simul
2168 3650 2432 3704 adoratur
2457 3651 2602 3705 sicut
2656 3653 2750 3706 Dei
2798 3651 2970 3707 Filius
3039 3654 3379 3719 incarnatus,
3437 3669 3561 3709 cum

1972 3742 2131 3796 Patre
2156 3752 2210 3794 et
2250 3740 2456 3809 Spiritu
2493 3757 2507 3805 ;
2543 3756 2642 3796 nec
2666 3740 2919 3797 Trinitati
2953 3744 3197 3811 quolibet
3248 3745 3412 3797 modo
3470 3760 3566 3801 su-

1972 3834 2307 3903 peradditur,
2340 3833 2614 3903 siquidem
2667 3847 2775 3886 non
2827 3835 2966 3888 alius
3012 3843 3097 3889 est
3154 3835 3471 3890 incarnatus
3508 3847 3565 3890 et

1970 3924 2118 3979 aliud
2164 3924 2423 3991 Verbum,
2460 3924 2606 3992 quod
2643 3926 2961 3994 priusquam
2999 3940 3216 3980 carnem
3257 3938 3567 3983 assumeret

1968 4018 2025 4071 in
2053 4016 2212 4071 Patre
2243 4017 2521 4080 manebat,
2553 4016 2810 4071 manebat
2828 4025 2881 4071 et
2899 4018 3038 4073 idem
3060 4028 3343 4087 assumpta
3363 4033 3559 4075 carne.

1968 4126 2040 4181 Et
2074 4129 2265 4182 iterum
2296 4137 2545 4183 venturus
2598 4139 2677 4184 est
2733 4146 2850 4183 cum
2910 4131 3079 4201 gloria
3118 4131 3364 4200 judicare
3417 4135 3559 4188 vivos

2589 4210 2638 4252 et
2679 4211 2935 4254 mortuos.

2042 4287 2276 4354 Quando
2315 4303 2347 4343 e
2376 4287 2541 4343 Maria
2571 4291 2792 4360 quidem
2830 4294 2978 4348 venit
3022 4295 3361 4363 incarnatus,
3387 4297 3440 4351 in
3474 4297 3562 4350 ni-

1968 4381 2079 4436 mia
2106 4390 2425 4452 paupertate
2470 4384 2620 4438 visus
2651 4395 2734 4439 est
2764 4393 2821 4439 et
2876 4385 3203 4457 abjectione,
3241 4404 3343 4444 nec
3390 4392 3563 4444 Immi-

258 4486 325 4538 ού
410 4482 583 4553 μόνον
636 4479 970 4552 ἀνθρώποις,
1026 4480 1143 4534 ἀλλ’
1196 4480 1309 4534 οὐδ’
1370 4479 1630 4548 ἀγγέλοις
1686 4480 1863 4534 ἀπασι

1980 4474 2138 4530 nibus
2212 4483 2445 4539 tantum,
2480 4490 2582 4531 nec
2632 4476 2794 4531 ctiam
2831 4478 3039 4549 angelis
3072 4480 3328 4534 omnibus
3390 4498 3562 4554 agno-

256 4573 525 4646 γνωστδς
560 4567 667 4644 ἦν·
700 4571 796 4625 καὶ
853 4571 1013 4625 τοῦτο
1067 4571 1195 4642 ἀχρι
1245 4572 1338 4625 καὶ
1386 4570 1481 4624 τοῦ
1539 4571 1862 4626 ἀναϐαίνειν

256 4668 379 4722 ἀνω
399 4665 710 4717 τελέσαντα
728 4662 827 4735 τὴν
850 4662 1163 4733 οἰκονομίαν
1188 4663 1371 4716 αὐτόν’
1399 4666 1445 4717 οἱ
1467 4664 1580 4733 γὰρ
1604 4663 1863 4734 ὑπεράνω

264 4759 347 4831 μὴ
387 4755 762 4827 γινώσκοντες
791 4754 1053 4824 ἔφασκον,
1087 4774 1108 4808 t
1162 4757 1257 4819 Τίς
1286 4758 1433 4810 ἐστιν
1462 4749 1618 4819 οὗτος
1642 4758 1671 4811 ὁ
1705 4756 1861 4827 βασι-

262 4852 298 4905 λ
333 4851 401 4912 ὺς
432 4848 537 4917 τῆς
588 4847 784 4916 δόξης;
826 4865 845 4899 ι
883 4847 1013 4901 Ὅτε
1038 4847 1096 4900 δὲ
1129 4846 1357 4918 ὕστερον
1389 4848 1692 4915 ἐλεύσεται,
1726 4850 1865 4919 μετά

264 4942 438 5011 δόξης
462 4942 765 5009 φανήσεται
793 4939 1015 5009 πολλῆς,
1044 4939 1073 4992 ὁ
1095 4939 1259 5003 αὐτὸς
1289 4940 1386 5009 μὲν
1410 4940 1485 4993 ὢν
1515 4940 1867 5011 ἐνδεδυμένος

263 5035 375 5104 τὴν
412 5031 617 5101 σάρκα,
649 5029 794 5084 καθὰ
830 5030 899 5101 δὴ
930 5030 1021 5083 καὶ
1058 5029 1374 5101 ἀνελήλυθε,
1405 5032 1525 5094 ταῖς
1551 5030 1865 5103 ἀστραπαῖς

263 5125 329 5177 δὲ
366 5122 475 5190 τῆς
498 5120 774 5189 θεότητος
815 5120 1233 5189 ὑπεραυγάζων
1256 5122 1353 5191 τὴν
1383 5122 1583 5186 κτίσιν,
1613 5123 1865 5191 ἀγγέλων

265 5208 732 5284 παρισταμένων,
761 5212 1072 5281 ἀνθρώπων
1113 5215 1515 5284 ἀνισταμένων,
1543 5215 1706 5287 303
1743 5218 1862 5273 δαιο

267 5307 467 5376 μόνων
499 5304 965 5373 καταργουμένων
1010 5304 1107 5358 καὶ
1141 5306 1222 5368 είς
1251 5306 1311 5359 τὸ
1343 5306 1566 5361 αἰώνιον
1611 5307 1725 5379 πῦρ
1757 5325 1865 5362 πα-

269 5395 751 5470 ραπεμπομένων,
782 5393 998 5447 ἀσεϐῶν
1057 5393 1154 5448 καὶ
1206 5396 1548 5467 ἁμαρτωλῶν
1600 5398 1864 5466 διηνεκῶς

262 5488 785 5555 ητακρινομένων,
820 5490 914 5539 καὶ
955 5484 1194 5538 εὐσεϐῶν
1231 5488 1328 5541 καὶ
1373 5489 1601 5544 δικαίων
1627 5491 1864 5557 αίωνίως

266 5578 759 5647 στεφανουμένων.
791 5576 1025 5638 Δικαίως
1053 5570 1148 5630 οὖν
1187 5577 1330 5647 μετά
1357 5578 1517 5650 δόξης
1548 5583 1863 5636 ἐλεύσεται·

262 5674 356 5725 ὅτι
383 5664 593 5737 Κύριος
619 5667 719 5734 τῆς
746 5666 907 5736 δόξης
940 5663 1038 5731 ὢν,
1064 5666 1272 5729 πάντας
1304 5668 1444 5737 πρὸς
1485 5671 1545 5723 τὸ
1598 5671 1864 5749 δοξασθῆ-

264 5778 365 5818 vat
420 5760 577 5832 παρά
627 5760 725 5827 τῆς
766 5756 927 5825 δόξης
961 5756 1125 5810 αὐτοῦ
1169 5758 1263 5812 καὶ
1314 5762 1714 5834 ἐδημιούργησε
1770 5768 1863 5818 καὶ

614 5852 886 5914 ΡΑτιιοι.
928 5850 1044 5912 Gn.
1079 5850 1260 5917 CL-V.

1967 4566 2243 4633 scendus;
2274 4575 2331 4620 et
2373 4569 2455 4622 sic
2488 4573 2606 4622 erat
2643 4567 2819 4623 donec
2877 4566 3115 4638 perfecta
3137 4572 3445 4625 oeconomia
3506 4573 3561 4626 in

1965 4657 2136 4712 altum
2179 4659 2463 4726 ascendit;
2503 4673 2611 4714 non
2667 4668 3031 4730 agnoscentes
3089 4663 3234 4716 enim
3303 4663 3555 4718 dicebant

1966 4749 2218 4807 cmlltes:
2257 4750 2422 4818 tuuis
2466 4759 2553 4806 est
2574 4752 2676 4807 iste
2702 4767 2796 4808 rex
2821 4753 3009 4824 gloriae
3028 4754 3078 4808 ἲ»
3114 4755 3343 4821 Quando
3372 4767 3551 4810 autem

1970 4842 2172 4897 iterum
2206 4845 2406 4911 veniet,
2441 4843 2611 4899 multa
2642 4859 2769 4901 cum
2824 4846 2997 4917 gloria
3050 4849 3351 4918 apparebit,
3410 4850 3551 4905 idem

1969 4934 2475 5006 quidem,corpore
2507 4938 2762 5007 amictus,
2805 4940 3265 5012 quemadmodum
3287 4943 3555 5006 ascendit,

1975 5028 2283 5084 divinitatis
2335 5046 2464 5086 vero
2522 5030 2825 5103 fulgoribus
2874 5045 3159 5092 creaturas
3215 5038 3558 5098 illtlminnns,

1966 5119 2353 5177 assistentibus
2379 5122 2625 5191 angelis,
2671 5128 3079 5183 resurrectione
3133 5132 3405 5185 stantibus
3463 5134 3557 5184 Ιιο-

1968 5210 2227 5277 minibus,
2253 5212 2534 5269 debellatis
2557 5214 2900 5273 daemonibus
2932 5228 2988 5274 et
3035 5221 3091 5274 in
3121 5230 3385 5275 aeternum
3425 5225 3555 5278 mis.

1968 5304 2047 5360 sis
2084 5302 2288 5374 ignem,
2332 5304 2385 5358 in
2418 5314 2743 5375 perpetuum
2779 5307 3055 5365 damnatis
3112 5311 3293 5379 impiis
3334 5322 3388 5367 et
3432 5329 3559 5382 pec-

1967 5397 2268 5461 catoribus,
2328 5399 2657 5452 aeternaliter
2726 5414 2759 5456 e
2833 5411 3023 5456 contra
3093 5404 3375 5457 coronatis
3450 5405 3559 5473 piis

1962 5488 2255 5558 justisque.
2312 5488 2501 5544 Merito
2557 5490 2724 5559 igitur
2785 5506 2913 5546 cum
2974 5492 3147 5562 gloria
3217 5496 3399 5549 veniet
3460 5498 3558 5566 qui

1967 5582 2154 5651 gloriae
2236 5582 2499 5637 Dmniuus
2575 5598 2701 5637 cum
2762 5586 2871 5649 sit,
2926 5602 3123 5642 omnes
3186 5596 3246 5641 ut
3301 5588 3368 5642 ad
3437 5590 3557 5660 glo-

1968 5672 2104 5725 riam
2169 5674 2436 5727 esaltaret
2480 5687 2635 5728 suam
2695 5686 2750 5730 et
2808 5677 3018 5739 creavit
3069 5684 3126 5731 et
3179 5677 3410 5733 vocavit.
3482 5680 3557 5734 De

1969 5776 2166 5820 etetcro
2219 5768 2309 5836 qui
2370 5767 2598 5836 gloriam
2664 5767 2838 5837 ipsius
2895 5770 3211 5833 noluerunt,
3273 5787 3373 5826 nec
3424 5789 3548 5829 eum

3160 5865 3241 5923 25
