4068 6280
531 374 642 441 795

1371 377 1754 442 SYMEON-IS
1815 378 2106 438 TIIESSA
2121 380 2574 444 LONlCENSlS
2617 385 2973 446 ARCHIEP.

3682 386 3784 463 ’ἶλὸ

530 504 642 560 quo
672 490 848 563 magis
877 498 1019 558 patet
1052 490 1211 555 illud,
1248 490 1459 546 scilicet
1511 491 1554 544 si
1614 489 1807 560 purius
1860 490 2113 558 apparuit

2213 492 2304 546 τοῦ
2333 495 2585 564 Σωτῆρος
2613 494 2853 566 Χριστοῦ
2879 494 3126 565 μαθηται)⁸
3150 493 3312 549 τοῦτο
3338 493 3560 559 ἐλαϐον,
3588 453 3780 550 Emam?

535 583 907 654 apostolisqne
936 583 1123 636 datum
1166 591 1256 637 est
1279 592 1334 636 et
1359 598 1457 652 per
1476 596 1571 638 eos
1595 581 1966 639 credentibus.
1996 596 2101 634 non

528 684 712 730 tamen
765 675 929 744 hujus
987 674 1168 729 datam
1227 690 1350 730 esse
1404 689 1694 743 personam
1753 688 1768 727 :
1827 672 2102 743 quomodo

489 792 506 800 -
528 765 674 821 enim
701 767 842 835 quod
874 766 995 821 sine
1023 767 1272 834 partibus
1326 775 1410 820 est
1442 766 1629 820 multis
1695 765 1943 834 partibus
1972 780 2105 818 con-

526 855 718 920 Stabit,
749 867 802 911 et
829 857 974 925 quod
999 857 1119 912 sine
1142 857 1312 926 figura
1347 856 1709 924 materiaque,
1773 855 1827 908 in
1880 854 2106 906 materia

413 949 421 964 '
529 959 585 1005 et
608 950 778 1021 ﬁgura
812 950 961 1006 erit?
985 950 1088 1004 Sed
1160 951 1280 1005 data
1309 961 1436 1005 sunt
1461 950 1792 1027 charismata
1822 957 1876 1003 et
1907 946 2109 1001 Christi

529 1040 818 1110 discipulis
845 1040 1039 1094 latiora
1067 1055 1230 1109 quam
1249 1040 1554 1111 prophetis.
1586 1037 1705 1094 Non
1731 1038 1875 1094 enim
1907 1036 1974 1089 ad
2007 1050 2109 1088 na-

531 1133 734 1187 tionem
767 1146 953 1192 unam,
987 1131 1079 1186 sed
1111 1132 1176 1186 ad
1205 1147 1400 1186 omnes
1448 1131 1604 1186 missi
1638 1137 1792 1194 sunt,
1828 1137 1885 1182 et
1925 1124 2113 1181 conle-

527 1226 656 1280 stim
713 1226 992 1294 proprium
1020 1225 1150 1294 ipsis
1175 1223 1448 1277 charisma
1487 1239 1500 1275 :
1535 1219 1910 1290 Loquebantur
1937 1220 2109 1284 enim,

527 1318 730 1388 inquit,
770 1319 984 1387 linguis,
1016 1323 1084 1385 et]
1113 1315 1520 1385 prop/retribuat.
1575 1314 1759 1384 Itaque
1815 1330 1912 1380 per
1962 1314 2112 1384 ipsos

526 1409 735 1477 Spiritu
793 1407 1006 1462 amatos
1087 1416 1380 1462 renovatus
1456 1417 1539 1461 est
1621 1406 1793 1472 orbis,
1833 1421 2020 1460 verum
2055 1404 2110 1458 in

526 1500 796 1556 Trinitate
830 1500 999 1568 Deum
1026 1515 1352 1572 agnoscens,
1382 1509 1435 1555 et
1459 1499 1568 1554 Deo
1613 1499 1841 1554 adhaesit
1867 1497 2108 1567 Spiritus

522 1583 756 1664 gratiam
785 1591 1089 1660 accipiens.

2211 585 2461 648 θίσαντος
2514 587 2696 650 αὐτοῖς
2742 587 2835 640 τοῦ
2890 586 3203 656 ηνεύματος
3255 590 3311 639 ἐν
3365 586 3496 640 εῖδει
3548 587 3780 656 πυρίνων

2210 679 2474 749 γλωσσῶν
2499 698 2512 712 ο
2547 681 2575 733 ὃ
2603 682 2666 752 δὴ
2699 682 2902 750 μᾶλλον
2934 682 3084 752 δηλοῖ
3139 684 3222 736 ὅτι
3267 682 3316 734 εί
3348 681 3442 734 καὶ
3469 680 3776 751 καθαρώτε-

2214 789 2307 842 ρον
2336 773 2606 842 ἐπεφάνη,
2630 774 2723 824 καὶ
2753 772 2910 842 ἐδόθη
2941 775 3052 834 τοῖς
3086 772 3432 836 ἀποστόλοις,
3465 771 3564 823 καὶ
3595 770 3662 823 δι’
3686 773 3779 824 αὐ·-

2213 861 2322 913 τῶν
2367 865 2481 924 τοῖς
2532 863 2924 927 πιστεύσασιν,
2975 862 3212 931 ἀλλὀὐχ
3265 863 3563 924 ὑπόστασις
3613 861 3784 914 δέδοτο

2187 941 2444 1005 τούτου·
2504 953 2620 1016 πῶς
2670 954 2775 1024 γὰρ
2823 955 2883 1007 τὸ
2931 955 3137 1024 ἀμερὲς
3189 953 3541 1022 πολυμερές;
3590 953 3685 1006 καὶ
3729 953 3784 1004 τδ

2216 1045 2634 1113 ἀσχημάτιστον
2664 1047 2758 1098 καὶ
2796 1046 2960 1100 ἄῦλον
2983 1085 2998 1110 ,
3037 1044 3112 1108 ὡς
3149 1046 3204 1112 ἐν
3243 1045 3344 1114 ’ύλῃ
3381 1043 3474 1096 καὶ
3511 1044 3783 1112 σχήματις

2216 1132 2355 1186 ἀλλά
2388 1135 2454 1186 τὰ
2495 1134 2810 1203 χαρίσματα
2849 1133 3078 1187 δέδοται.
3119 1134 3232 1186 Καὶ
3268 1133 3552 1201 ἐξήπλωτο
3591 1129 3786 1200 μᾶλλον

2218 1218 2392 1278 ταῦτα
2434 1229 2492 1277 ἐν
2524 1228 2634 1286 τοῖς
2675 1223 2914 1296 Χριστοῦ
2956 1226 3226 1290 μαθηταῖς
3263 1223 3294 1294 ἦ
3332 1227 3389 1274 ἐν
3422 1225 3538 1284 τοῖς
3573 1223 3784 1290 προφή-

2215 1337 2358 1382 ταις.
2397 1319 2472 1373 υὺ
2512 1320 2620 1390 γὰρ
2655 1320 2732 1382 είς
2771 1318 2924 1383 ἔθνος
2957 1319 3015 1371 ἓν
3036 1359 3051 1383 ,
3085 1317 3200 1371 ἀλλ’
3229 1318 3309 1382 είς
3343 1317 3555 1379 πάντας
3591 1317 3787 1381 ἐξαπεο

2219 1409 2501 1462 στέλλοντα
2519 1425 2533 1438 ·
2565 1410 2660 1461 καὶ
2687 1409 2886 1462 οἰκεῖον
2915 1408 3078 1472 εὐθὺς
3100 1409 3160 1462 τὸ
3190 1409 3464 1478 χάρισμα.
3494 1389 3786 1460 Ἕλάλουν

2217 1497 2357 1570 γὰρ,
2393 1499 2562 1566 φησὶ,
2597 1497 3053 1567 γᾷὡσσαιςτκαὶ
3096 1499 3534 1568 προεφήτευον.
3568 1499 3661 1551 Διὸ
3699 1499 3786 1553 καὶ

2216 1585 2282 1638 δι’
2307 1586 2488 1639 αὐτῶν
2533 1589 2812 1657 Πνεύματι
2851 1589 3188 1656 κινουμένων
3229 1591 3262 1658 ἡ
3305 1589 3484 1648 κτίσις
3525 1587 3790 1642 ἀνεκαινί-

523 1685 621 1756 οθη
642 1697 670 1753 ,‘
692 1685 783 1739 τὸν
813 1685 980 1748 ὅντως
1013 1685 1314 1752 ἐπιγνοῦσα
1345 1683 1479 1737 Θεὸν
1512 1683 1602 1737 τὸν
1636 1685 1695 1736 ἐν
1726 1681 1919 1750 Τριάδι
1948 1699 1961 1711 ·
2000 1682 2097 1734 καὶ
2124 1679 2242 1748 Θεῷ
2271 1680 2481 1749 ήνώθη,
2515 1681 2614 1751 τὴν
2642 1681 2802 1750 χάριν
2832 1681 3072 1736 λαϐοῦσα
3100 1681 3194 1736 τοῦ
3229 1682 3563 1751 Πνεύματος.

855 1780 957 1844 Qui
999 1777 1204 1831 locutus
1240 1786 1316 1831 est
1346 1791 1437 1843 per
1463 1777 1765 1845 prophetas.

589 1868 730 1936 Quia
773 1867 981 1924 Christi
1015 1883 1296 1938 praecones
1328 1869 1413 1922 isti
1446 1879 1499 1921 et
1530 1867 1622 1921 Dei
1650 1865 1887 1935 Spiritu,
1921 1873 1980 1919 ut
2011 1863 2109 1918 di-

524 1974 670 2017 ctum
702 1969 806 2027 est,
832 1961 962 2026 acti,
998 1961 1286 2029 loquentes
1317 1959 1368 2012 in
1398 1973 1582 2020 unam,
1615 1965 1894 2020 sanctam,
1924 1955 2112 2009 catho-

525 2058 685 2116 licam
720 2063 774 2106 et
820 2052 1175 2122 apostolicam
1210 2049 1532 2105 Ecclesiam.
1585 2049 1638 2102 ln
1672 2063 1834 2101 unam
1866 2046 2130 2115 quidem,‘

525 2147 649 2213 quia
681 2144 822 2199 idem
854 2145 993 2213 legis
1022 2150 1075 2198 et
1103 2143 1290 2215 gratia:
1336 2143 1497 2206 Dens,
1532 2149 1596 2194 et
1637 2140 1764 2209 quia
1819 2153 1928 2192 una
1969 2138 2110 2191 facta

527 2245 612 2292 est
660 2235 974 2304 angelorum
1038 2245 1092 2288 ct
1151 2231 1434 2286 hominum
1489 2243 1654 2298 super
1695 2227 2108 2281 fundamentum

527 2326 898 2397 apostolorum
948 2333 1000 2379 et
1043 2322 1434 2393 pr0phetarum
1482 2319 1725 2384 fundata,
1756 2326 1808 2372 et
1851 2316 1943 2387 qui
2001 2331 2110 2370 una

529 2416 682 2481 titles,
707 2430 880 2470 unum
908 2414 1200 2484 baptisma,
1243 2422 1298 2466 et
1351 2427 1494 2466 unus
1537 2411 1811 2474 Christus,
1841 2410 1934 2478 qui
1988 2424 2107 2462 eam

527 2506 902 2575 congregavit.
967 2504 1131 2572 hujus
1164 2503 1302 2572 lapis
1363 2499 1640 2570 angularis
1687 2509 1740 2552 et
1786 2499 2110 2551 fundamen-

530 2597 968 2655 tum.‘Sanctam
1032 2610 1160 2650 vero
1213 2604 1473 2666 tanquam
1528 2609 1558 2647 a
1612 2593 1820 2661 Spiritu
1863 2591 2108 2646 sanctitl-

527 2703 702 2745 catam
743 2695 797 2745 et
821 2687 1041 2743 Christo
1090 2687 1297 2740 unitam
1353 2701 1449 2755 per
1510 2683 1840 2754 baptismum
1883 2680 2110 2736 etchri-

525 2796 667 2846 sma,
695 2780 1056 2836 sacerdOtium
1086 2790 1142 2833 et
1178 2779 1408 2831 aliorum
1446 2776 1831 2844 mysteriorum
1863 2787 2111 2826 commu-

528 2872 773 2935 nionem,
821 2872 1030 2942 absque
1083 2871 1294 2924 macula
1340 2877 1393 2922 et
1421 2865 1642 2921 Christo
1691 2865 2106 2935 desponsatam.

439 3027 448 3032 η
521 2965 892 3050 (lathoticaim
921 2976 1105 3016 autem
1189 2971 1447 3029 tanquam
1496 2973 1528 3014 e
1600 2958 1816 3030 populis
1889 2957 2119 3011 cunctis

521 3057 741 3110 Christo
766 3064 1172 3125 congregatam,
1224 3068 1353 3107 vera
1411 3051 1643 3107 scientia
1672 3051 1923 3116 ditatam,
1980 3061 2035 3104 et
2076 3067 2104 3102 a
2181 3055 2186 3060 ‘

523 3148 800 3218 prophetis
836 3147 1188 3202 fundamento
1224 3146 1398 3217 posita
1431 3159 1526 3214 per
1558 3146 1838 3214 apostolos
1862 3142 2103 3196 azdilica-
2132 3127 2178 3188 ϐ

523 3253 654 3307 tam,
681 3250 1005 3310 martyrum,
1045 3240 1360 3308 pontilicum
1387 3246 1441 3292 et
1490 3246 1798 3290 ascetarnm
1823 3226 2102 3288 laboribus

520 3344 575 3387 et
626 3334 894 3402 sanguine
939 3333 1247 3385 decoratam
1295 3340 1349 3384 et
1396 3327 1672 3400 initiatam
1703 3337 1759 3380 et
1808 3324 2102 3394 perfectam

521 3419 1205 3493 apparentem,'l'rinitatis
1253 3419 1538 3474 scientiam
1592 3433 1726 3486 pure
1785 3416 2098 3479 habentem,

515 3517 794 3570 Christum
827 3515 918 3581 qui
954 3512 1279 3580 praedicatus
1308 3519 1413 3576 est,
1440 3525 1607 3562 unum
1640 3525 1670 3562 e
1711 3507 1981 3561 Trinitate
2013 3495 2098 3559 in-

520 3613 806 3661 carnatum
836 3602 1032 3656 Filium
1069 3601 1161 3655 Dei
1189 3617 1312 3655 cum
1346 3600 1507 3655 Petro
1530 3595 1905 3654 conlitentem.
1953 3598 2102 3666 Apo-

521 3697 764 3753 stolicam
795 3711 922 3751 vero
953 3704 1207 3764 tanquam
1236 3693 1546 3761 specialiter
1579 3694 1647 3748 ab
1682 3692 1946 3760 apostolis
1987 3691 2098 3744 col-

521 3793 738 3856 lectam,
768 3788 1151 3859 compositam,
1173 3797 1228 3842 et
1248 3788 1541 3852 ﬁrmatam,
1562 3795 1684 3856 post
1701 3784 1976 3839 Christum
2004 3799 2096 3852 ap-

520 3881 830 3952 parentiqu
861 3877 995 3948 ipsis
1027 3876 1576 3948 hujuslundamentis
1605 3885 1657 3930 et
1690 3874 2092 3935 conditoribus.

518 3989 585 4030 ex
616 3974 762 4028 omni
799 3974 978 4042 lingua
1009 3982 1062 4027 et
1091 3972 1292 4042 populo
1323 3973 1706 4026 universorum
1757 3968 1987 4022 Domino
2043 3980 2097 4023 et

519 4081 716 4138 magno
737 4064 971 4127 Pastori,
1003 4078 1218 4133 gregem
1249 4060 1710 4131 congregantibus
1753 4060 2088 4128 conjunctim

517 4157 778 4226 apostolis
811 4159 1104 4221 omnibus;
1132 4166 1251 4210 meo
1272 4169 1400 4210 vera
1418 4153 1654 4208 Ecclesia
1681 4153 1733 4206 in
1754 4161 1865 4207 toto
1889 4153 2092 4208 mundo

514 4251 728 4320 piorum
767 4247 1139 4318 congregatio,
1161 4255 1216 4300 et
1246 4245 1534 4309 catholica,
1565 4244 1805 4320 Ecclesia
1829 4245 2093 4298 orthodo-

519 4358 710 4398 xorum
741 4341 902 4396 ﬁdem
959 4339 1332 4395 confitentium
1377 4348 1572 4402 coetus,
1621 4337 1743 4392 licet
1788 4339 2086 4392 secundum

2459 1775 2529 1828 Td
2571 1774 2864 1842 λαλῆσαν
2897 1773 2996 1827 διὰ
3031 1773 3149 1826 τῶν
3186 1772 3532 1841 προφητῶν.

2287 1867 2409 1920 Ὀτι
2441 1869 2682 1936 κήρυκες
2708 1868 2802 1920 καὶ
2830 1861 2975 1920 οὗτοι
3007 1866 3268 1935 Χριστοῦ,
3297 1867 3427 1936 θείῳ
3458 1864 3781 1936 κινούμενοι,

2211 1958 2284 2019 ὡς
2303 1961 2542 2028 εῐρηται,
2565 1959 2863 2028 Πνεύματι,
2884 1962 2977 2014 καὶ
3007 1959 3297 2022 λαλοῦντες
3327 1962 3404 2026 είς
3439 1959 3588 2027 μίαν,
3608 1961 3779 2024 ἁγίαν,

2210 2052 2504 2122 καθολικὴν
2554 2057 2648 2104 καὶ
2695 2052 3061 2121 ἀποστολικὴν
3106 2050 3465 2122 Ἐκκλησίαν.
3514 2051 3612 2114 Et;
3665 2051 3783 2121 μίαν

2213 2145 2333 2212 μὲν,
2363 2144 2443 2196 ὅτι
2472 2145 2501 2196 ό
2532 2145 2694 2206 αὐτὲις
2722 2143 2857 2207 Θεὸς
2884 2142 2980 2196 τοῦ
3009 2143 3175 2213 νόμον
3204 2160 3263 2194 τε
3295 2142 3390 2196 καὶ
3416 2143 3511 2212 τῆς
3545 2143 3783 2212 χάριτος,

2177 2305 2179 2308 γ
2213 2238 2306 2290 καὶ
2335 2238 2417 2291 ὅτι
2453 2237 2550 2306 μία
2579 2238 2803 2305 γέγονεν
2835 2237 3080 2305 ἀγγέλων
3113 2254 3172 2288 τε
3201 2239 3297 2290 καὶ
3326 2237 3422 2288 ἀνθ
3434 2235 3637 2306 ρώπων
3656 2275 3670 2298 ,
3699 2252 3784 2287 τε·

2212 2329 2590 2399 θεμελιωμὲνη
2635 2330 2730 2382 ἐπὶ
2770 2328 2850 2398 τῷ
2895 2328 3132 2398 θεμελίῳ
3178 2327 3285 2380 τῶν
3330 2327 3654 2381 ἀποστόλων
3698 2326 3786 2379 καὶ

2213 2422 2513 2491 προφητῶν
2535 2437 2548 2454 ·
2577 2425 2672 2474 καί
2697 2423 2780 2474 ὅτι
2809 2422 2908 2491 μία
2934 2421 3139 2485 πίστις,
3165 2419 3225 2472 ἓν
3253 2419 3562 2490 βάπτισμα,
3589 2421 3686 2472 καὶ
3711 2415 3786 2483 εἷς

2209 2516 2238 2568 ό
2267 2515 2504 2584 Χριστὸς
2532 2517 2562 2569 ό
2590 2513 2795 2584 ταύτην
2824 2513 3180 2582 συναγαγὼν,
3213 2513 3674 2581 ό“ἀκρογωνιαίος
3702 2513 3778 2565 λί-

2212 2607 2303 2670 θος
2333 2608 2498 2675 αὐτῆς
2518 2607 2622 2659 ’καὶ
2656 2605 2908 2674 θεμέλιος
2931 2622 2947 2638 ο
2981 2606 3145 2672 ἁγίαν
3173 2605 3231 2659 δέ
3255 2647 3270 2670 ,
3298 2604 3374 2667 ὡς
3401 2605 3480 2673 τῷ
3510 2605 3785 2669 Πνεύματι

2209 2697 2684 2767 καθηγιασμένην,
2729 2697 2824 2751 καὶ
2859 2696 2938 2767 τῷ
2981 2696 3202 2764 Χριστῷ
3249 2696 3560 2765 ἡνωμένην,
3602 2694 3694 2750 διά
3731 2711 3784 2746 τε

2211 2788 2592 2858 βαπτίσματος
2622 2789 2718 2842 καὶ
2745 2786 3054 2858 χρίσματος
3075 2826 3092 2852 ,
3125 2786 3425 2858 ἱερωσύνης
3457 2803 3515 2839 τε
3547 2787 3647 2838 καὶ
3676 2801 3784 2838 κοι-

2211 2880 2405 2944 νωνίας
2435 2880 2668 2933 καὶτῶν
2694 2879 2899 2933 λοιπῶν
2933 2881 3284 2950 μυστηρίων,
3316 2878 3548 2931 ἄσπιλον
3579 2871 3748 2930 οὖσαν
3768 2919 3780 2934 .

2210 2972 2307 3026 καὶ
2345 2971 2799 3041 νενυμφευμένην
2834 2971 3056 3040 Χριστῷ
3081 2987 3095 3003 ο
3140 2970 3436 3040 καθολικὴν
3469 2960 3563 3036 δὲ,
3599 2970 3680 3032 ὼς
3724 2971 3784 3022 ἐκ

2212 3067 2428 3119 πάντων
2455 3064 2561 3117 τῶν
2586 3063 2756 3116 ἐθνῶν
2782 3062 2857 3132 τῷ
2885 3062 3106 3133 Χριστῷ
3139 3063 3518 3132 συναχθεῖσαν,
3574 3068 3672 3115 καὶ
3696 3062 3785 3130 τὴν

2213 3157 2389 3225 ἀληθῆ
2421 3157 2627 3224 γνῶσιν
2659 3155 3045 3225 πλουτήσασαν
3066 3198 3081 3222 ,
3119 3157 3215 3210 καὶ
3248 3157 3312 3207 ἐκ
3344 3154 3455 3208 τῶν
3491 3153 3785 3225 προφητῶν

2216 3252 2316 3319 μὲν
2349 3247 2906 3317 προθεμελιωθεῖσαν,
2943 3249 3006 3300 ἐκ
3053 3247 3217 3317 310
3242 3247 3350 3300 τῶν
3383 3247 3702 3300 ἀποστόλων
3733 3247 3783 3299 δὲ

2212 3341 2698 3410 οἰκοδομηθεῖσαν,
2754 3339 3054 3410 μαρτύρων
3103 3356 3161 3392 τε
3219 3341 3312 3392 καὶ
3367 3339 3642 3408 ίεραρχῶν
3695 3338 3784 3392 καὶ

2211 3431 2468 3498 ἀσκητῶν
2497 3431 2676 3492 πόνοις
2704 3447 2762 3484 τε
2795 3433 2887 3483 καὶ
2918 3431 3116 3500 αἵμασι
3149 3431 3668 3500 κατακοσμηθείσαν
3693 3433 3780 3485 καὶ

2213 3521 2618 3593 στηριχθείσαν,
2653 3523 2747 3575 καὶ
2778 3522 2992 3577 τελείαν
3027 3524 3422 3589 ἀναφανεῖσαν,
3453 3521 3551 3592 τὴν
3580 3523 3780 3590 γνῶσιν

2211 3615 2310 3684 τῆς
2348 3613 2578 3682 Τριάδος
2620 3613 2877 3683 καθαρῶς
2920 3615 3242 3682 ἐσχηκυῖαν,
3277 3598 3368 3674 τδν
3407 3612 3780 3683 προκηρυττό-

2210 3721 2374 3776 μενον
2411 3704 2646 3774 Χριστὸν
2685 3703 2777 3757 τὸν
2814 3704 2912 3757 ενα
2950 3705 3050 3771 τῆς
3091 3704 3320 3774 Τριάδος
3361 3705 3781 3773 σεσαρκωμένον

2211 3797 2351 3867 μετά
2381 3794 2474 3849 τοῦ
2512 3795 2719 3866 Πέτρου
2759 3795 2887 3847 Υίὸν
2917 3795 3052 3848 Θεοῦ
3089 3794 3575 3863 καθομολογοῦσαν
3598 3811 3610 3824 ’
3651 3796 3781 3848 ἀπο.

2207 3888 2463 3958 στολικὴν
2506 3888 2586 3952 δὲ,
2631 3887 2706 3951 ὡς
2751 3886 3047 3956 ἐξαιρέτως
3091 3887 3221 3956 παρ’
3248 3888 3432 3940 αὐτῶν
3474 3887 3571 3939 καὶ
3614 3902 3776 3939 συνα·

2205 3979 2552 4049 θροισθεῐσαν
2594 3979 2695 4032 καὶ
2733 3980 3010 4033 συστᾶσαν
3055 3981 3147 4032 καὶ
3190 3978 3598 4048 στηριχθεῖσαν,
3642 3975 3778 4046 μετά
3859 4001 3864 4005 λ

2203 4072 2436 4142 Χριστὸν
2472 4071 2736 4140 θεμελίων
2769 4071 2950 4124 αὐτῶν
2983 4071 3151 4140 αὐτῆς
3185 4071 3280 4123 καὶ
3313 4071 3611 4138 οίκοδόμων
3653 4072 3778 4123 ἀνα-

2204 4164 2498 4233 φανέντων,
2528 4165 2592 4216 ἐκ
2621 4159 2810 4216 πασῶν
2837 4162 3099 4230 γλωσσῶν
3128 4163 3221 4214 καὶ
3253 4162 3471 4215 πάντων
3503 4162 3680 4215 ἐθνῶν
3706 4160 3776 4230 τῷ

2203 4258 2450 4326 Δεσπότῃ
2489 4258 2621 4328 τῶν,
2643 4256 2801 4320 ὅλων,
2850 4257 2943 4309 καὶ
2989 4255 3212 4325 μεγαλῳ
3246 4256 3496 4325 Ποιμὲνι,
3541 4256 3777 4321 ποίμνην

2155 4403 2160 4408 ,
2201 4348 2623 4416 συναγαγόντων
2650 4347 2763 4399 τῶν
2786 4347 3100 4401 ἀποστόλων
3132 4347 3351 4400 πάντων
3383 4345 3542 4416 ὁμοῦ,
3559 4346 3656 4399 διὸ
3684 4345 3778 4401 καὶ

439 4494 463 4513 ’
520 4435 701 4491 locum
720 4431 978 4489 Ecclesia:
1001 4431 1284 4485 catholicae
1304 4432 1551 4499 quaedam
1569 4430 1844 4493 dicantur,
1871 4439 2089 4496 propter

2206 4439 2408 4510 ἀληθὴς
2447 4440 2748 4506 Ἰίίκκλησία
2791 4440 2834 4509 ἡ,
2867 4441 2924 4491 ἐν
2967 4439 3073 4510 ὅλῳ
3115 4439 3194 4508 τῷ
3237 4439 3434 4508 κόσμῳ
3473 4439 3583 4490 τῶν
3623 4441 3777 4492 eooe-

517 4531 704 4581 datum
759 4525 867 4581 illis
915 4541 943 4578 a
995 4523 1252 4577 Patribus
1299 4523 1588 4584 honorem,
1642 4535 1763 4589 qua:
1807 4522 1907 4574 hoc
1951 4527 2098 4573 recte

2206 4533 2436 4584 δούντων
2463 4531 2811 4600 συνάθροισ-ις
2831 4547 2846 4560 ·
2874 4532 2968 4586 καὶ
2993 4531 3258 4602 καθολικὴ
3285 4530 3582 4599 Ἐκκλησία
3609 4531 3643 4599 ἡ
3671 4530 3774 4582 τῶν

518 4615 854 4681 incedentes,
883 4630 990 4669 non
1023 4613 1164 4668 male
1193 4613 1495 4682 cogitantes
1531 4609 1916 4679 possederunt,
1968 4625 2091 4664 cum

2206 4623 2494 4693 ὀρθοδὸξων
2517 4622 2922 4693 ὁμολογούντων
2945 4622 3044 4693 τὴν
3073 4624 3253 4676 πίστιν
3276 4623 3574 4691 ὁμήγυρις,
3600 4623 3650 4673 εί
3678 4623 3768 4672 καὶ

519 4709 635 4778 ipse
661 4705 930 4773 Salvator,
960 4704 1101 4760 Petri
1136 4718 1244 4758 non
1271 4703 1637 4772 negationem,
1659 4701 1753 4755 sed
1781 4701 2095 4755 confessio-

519 4815 643 4856 nem
675 4810 882 4870 petram
908 4798 1202 4863 vocaverit,
1229 4797 1440 4852 scilicet
1475 4815 1487 4851 :
1518 4793 1598 4848 Tu
1637 4811 1690 4848 es
1740 4793 1980 4849 Christus
2009 4791 2101 4846 Fi.

519 4892 623 4946 tius
663 4889 759 4942 Dei
788 4889 912 4953 vivi,
937 4900 992 4942 et
1021 4904 1186 4958 super
1206 4889 1347 4941 hanc
1393 4896 1603 4956 petram
1649 4884 1972 4940 aedificatum
2029 4885 2097 4938 iri

519 4996 676 5038 suam
707 4982 782 5035 ait
805 4980 1128 5036 Ecclesiam.
1158 4979 1392 5035 Proinde
1446 4979 1715 5034 catholica
1745 4979 1988 5034 Ecclesia
2043 4976 2098 5030 hi

519 5083 648 5129 sunt
677 5073 767 5145 qui
796 5080 940 5127 recte
971 5087 1095 5125 cum
1127 5069 1290 5126 Petro
1323 5079 1379 5124 et
1406 5070 1619 5124 caeteris
1658 5066 2098 5138 apostolisconll-

521 5175 701 5220 tentur
726 5162 1045 5234 (Ecclesiam
1075 5162 1228 5232 dicit)
1257 5173 1513 5231 tanquam
1563 5176 1594 5216 e
1638 5161 1850 5215 cunctis
1888 5161 2099 5230 populis

2199 4713 2342 4765 κατά
2373 4715 2536 4766 τόπον
2571 4714 2856 4783 ἐκκλησίαι
2892 4713 3178 4768 καθολικαί
3209 4729 3354 4777 τινες
3387 4717 3641 4784 λέγονται
3674 4715 3760 4768 διὰ

2199 4803 2296 4872 τὴν
2331 4803 2620 4872 δεδομένην
2656 4805 2847 4866 αὑταῖς
2893 4807 2958 4857 ἐκ
2991 4805 3100 4858 τῶν
3138 4803 3397 4875 Πα-τέρων
3432 4809 3624 4876 τιμήν.
3663 4806 3768 4859 Καὶ

2199 4895 2366 4950 αὐταὶ
2399 4895 2456 4946 δὲ
2491 4893 2652 4948 τοῦτο
2697 4893 3095 4966 ὀρθοτομοῦσαι
3133 4897 3466 4966 κέκτηνται,
3503 4897 3565 4950 οὐ
3611 4910 3768 4950 κακο-

2203 4984 2528 5055 φρονοῦσαιηο
2559 4985 2682 5037 ἐπεὶ
2713 4984 2813 5038 καὶ
2840 4984 3004 5048 αὐτὸς
3031 4987 3059 5038 ό
3087 4985 3277 5054 Σωτὴρ
3301 4985 3363 5036 οὐ
3393 4986 3493 5052 τὴν
3519 4985 3766 5056 ἄρνησιν,

2203 5075 2336 5126 ἀλλά
2360 5075 2458 5142 τὴν
2481 5070 2772 5141 ὁμολογίαν
2796 5073 2889 5126 τοῦ
2920 5075 3125 5141 Πέτρου
3150 5075 3356 5142 πέτραν
3379 5073 3654 5144 ὠνόμασε,
3682 5070 3763 5132 τὸ,

2185 5164 2284 5229 ,Σὺ
2312 5161 2366 5218 εἳ
2395 5168 2426 5218 ὁ
2456 5166 2710 5231 Χριστὸς
2740 5167 2772 5218 ό
2800 5167 2931 5231 Υἱὸς
2956 5166 3062 5220 τοῦ
3094 5166 3242 5220 Θεοῦ
3271 5165 3376 5219 τοῦ
3407 5165 3643 5232 ζῶντος,
3673 5161 3764 5215 καὶ

519 5261 872 5322 convocatam
900 5257 955 5306 et.
983 5265 1149 5321 super
1177 5251 1492 5319 angularem
1530 5248 1763 5319 lapidem
1814 5249 2094 5303 Christum

2206 5260 2290 5311 ἐπὶ
2322 5256 2494 5327 ταύτῃ
2525 5260 2592 5328 τῇ
2632 5258 2811 5328 πέτρα
2850 5257 3278 5328 οἰκοδομηθῆναι
3319 5259 3486 5312 αὐτοῦ
3528 5258 3631 5328 ἐφη
3665 5256 3763 5318 τὴν
3835 5311 3838 5314 .

518 5343 934 5408 consolidatam,
967 5341 1138 5398 semel
1164 5341 1266 5412 ipsi
1294 5341 1502 5397 unitam
1525 5351 1580 5396 et
1605 5343 1869 5411 integram
1887 5339 2006 5410 ejus
2031 5343 2094 5394 tt-

515 5439 636 5493 dem
657 5443 983 5492 servantem.

2211 5345 2560 5416 Ἐκκλησίαν.
2597 5347 2760 5400 Ὥστε
2811 5347 3073 5417 καθολικὴ
3122 5349 3424 5417 Ἐκκλησία
3473 5349 3524 5402 ot
3575 5346 3762 5418 ὁμολο-

2201 5434 2430 5502 γοῦντεςΔ
2472 5435 2633 5487 αὑτὸν
2680 5436 2818 5504 μετά
2864 5434 2958 5488 τοῦ
3007 5437 3216 5508 Πέτρου
3271 5441 3364 5492 καὶ
3409 5439 3519 5492 τῶν
3563 5434 3761 5490 λοιπῶν

517 5529 828 5583 ἀποστόλων
858 5529 1058 5600 ὀρθῶς.
1099 5527 1430 5600 Ἐκκλησίαν
1461 5527 1632 5596 λέγει,
1667 5529 1743 5591 ὡς
1773 5529 1837 5579 ἐκ
1868 5525 2090 5580 πάντων
2122 5526 2234 5580 τῶν
2268 5528 2439 5582 ἐθνῶν
2503 5529 2897 5600 συναχθεῖσαν,
2950 5533 3042 5585 καὶ
3081 5533 3156 5594 ὡς
3195 5535 3614 5604 συντεθειμένην
3669 5532 3760 5586 ἐπὶ

509 5625 594 5693 ’τῷ
625 5625 1011 5697 ἀκρογωνιαίῳ
1039 5625 1176 5697 λίθῳ
1205 5624 1453 5697 Χριστῷ,
1485 5627 1779 5697 ἡνωμένην
1808 5624 1954 5694 αὑτῷ
1987 5624 2264 5706 καθάπαξ,
2294 5627 2388 5678 καὶ
2413 5627 2573 5695 ἀσινῆ
2603 5628 2794 5680 τούτου
2822 5628 2923 5700 τὴν
2955 5629 3140 5682 πίστιν
3173 5629 3570 5698 φυλάττουσαν.

517 5715 779 5782 Conﬁteor
799 5732 962 5770 unum
985 5717 1248 5784 baptisma
1265 5719 1321 5772 in
1353 5719 1716 5772 remissionem
1728 5727 2085 5785 peccatorum.

585 5804 861 5861 Bonorum
911 5808 1250 5877 maximum;
1305 5826 1410 5865 non
1475 5811 1620 5863 enim
1655 5808 1844 5879 legalis
1880 5808 2090 5864 ablutio

521 5898 792 5968 quaedam,
827 5914 935 5955 non
998 5901 1202 5957 oblatio
1241 5902 1519 5960 sensibilis
1571 5910 1662 5957 aut
1696 5901 1912 5960 victima
1971 5917 2092 5972 qua:

2271 5716 2548 5786 Ομολογῶ
2577 5717 2646 5770 ἓν
2669 5719 2992 5789 ,βάπτισμα
3021 5723 3108 5786 εις
3137 5719 3358 5789 ἄφεσιν
3386 5718 3692 5789 ἁμαρτιῶν.

2266 5809 2377 5864 Καὶ
2411 5810 2566 5863 τοῦτο
2598 5811 2706 5862 τῶν
2738 5812 3085 5880 δωρημάτων
3118 5812 3179 5863 τὸ
3227 5811 3480 5879 μέγιστον
3509 5827 3521 5840 ·
3556 5812 3615 5861 οὐ
3652 5823 3758 5876 γαρ

2198 5902 2392 5972 νομικὴ
2441 5919 2520 5964 τις
2566 5901 2861 5968 ἕκπλυσις,
2899 5899 3017 5953 οὐδὲ
3061 5900 3286 5972 λατρεία
3329 5900 3559 5969 αἰσθητὴ
3594 5899 3624 5966 ἢ
3660 5895 3751 5948 Ου-
