4068 6280
452 354 562 422 799
1243 353 1623 414 SYMEONiS
1653 354 1942 414 TllESSA
1958 350 2415 412 LONICENSIS
2457 349 2818 413 ARCIIIEP.
3595 343 3699 407 890

449 469 663 524 vtribus
684 478 736 522 et
762 466 1136 522 misericordia
1155 479 1210 522 et
1235 473 1416 525 adhuc
1453 469 1710 540 precibus
1732 468 2026 529 continuis.

2137 469 2285 522 ἔστιν
2310 462 2403 521 οὖν
2429 468 2556 522 ἄλλο
2573 446 2868 538 ’βάπτισμα
2899 465 3038 536 μετὰ
3062 464 3240 526 τοῦτο,
3267 463 3374 518 οὐδ’
3401 461 3539 535 ἄλλη
3565 457 3700 534 atati

455 560 694 632 utillam
735 574 1112 628 assequamur.
1145 560 1242 615 Est
1273 562 1376 614 alia
1410 563 1659 616 remissio
1684 602 1700 626 ,
1733 561 1858 614 lidei
1895 574 2024 614 con-

2133 562 2294 632 χὰριν
2330 563 2559 630 ἄφεσις,
2597 561 2707 614 οὐδ’
2737 559 3096 628 ἁναγέννησις
3144 559 3178 629 ἢ
3222 558 3558 622 ἁνάπλασις,
3597 557 3700 612 οὐδ’

451 628 617 708 fessio
673 658 726 703 et
761 655 1078 721 martyrium
1111 668 1208 721 pro
1249 651 1508 716 Christo;
1551 668 1672 722 qua:
1721 652 1810 704 vix
1862 659 1916 703 et
1969 650 2026 702 in

2133 628 2510 724 ἀπολύτρωσις
2547 654 2710 724 ὁμοία
2743 653 2804 717 ἐξ
2837 653 3136 722 ἁμαρτίας.
3167 628 3236 703 ῨΕἱ
3268 651 3325 703 δὲ
3359 651 3454 702 καὶ
3486 649 3701 717 λέγεται

453 753 698 814 tempore
729 755 1040 816 opportuno
1079 743 1326 797 oilertur.
1378 744 1504 800 ideo
1566 759 1731 797 unum
1762 742 2026 808 baptisma

2134 743 2397 810 δευτέρα,
2434 744 2468 812 ή
2502 744 2600 812 τῆς
2642 744 2936 811 μετανοίας
2969 742 3122 808 ἐστὶ,
3155 741 3255 796 καὶ
3289 739 3380 796 διὰ
3413 740 3590 794 πόνων
3621 740 3702 794 ὅτι

449 841 504 891 in
563 840 920 898 remissionem
975 846 1331 903 peccatorum.

2135 833 2349 886 πολλῶν
2381 831 2520 901 αὕτη
2561 835 2770 900 γίνεται
2794 848 2810 863 ·
2844 831 3252 902 ὲξαγορεύσεως
3282 831 3392 901 γάρ
3422 829 3580 901 χρεία
3611 829 3705 882 καὶ

447 934 828 994 ταπεινώσεως
851 971 867 995 ,
898 931 1154 1002 δακρύων
1185 948 1243 984 τε
1283 932 1377 984 καὶ
1415 927 1715 998 συντριδῆς
1735 965 1752 992 ,
1785 927 2015 993 ἀγώνων
2053 941 2113 978 τε
2153 927 2296 978 κατὰ
2330 925 2558 994 δύναμιν
2591 926 2686 978 καὶ
2719 923 2936 990 ἐλέους,
2967 924 3062 978 καὶ
3094 923 3410 993 προσευχῶν
3439 923 3520 976 ἔτι
3553 937 3700 974 συνεο

448 1032 579 1100 χῶν,
610 1031 699 1082 ἴνα
727 1031 1074 1100 ὲπιτύχωμεν
1101 1021 1324 1097 ταύτης.
1355 1029 1511 1080 Ἐστι
1541 1027 1636 1078 καὶ
1659 1023 1794 1084 άλλη
1825 1021 2022 1089 ἄφεσις
2059 1022 2094 1090 ὴ
2123 1020 2227 1090 τῆς
2263 1020 2560 1090 ὁμολογίας
2591 1021 2688 1074 καὶ⁵
2721 1023 3032 1092 μαρτυρίας
3059 1019 3300 1089 Χριστοῦ
3326 1035 3343 1054 ο
3412 1020 3507 1076 καὶ
3565 1017 3704 1090 αῦτη

451 1123 604 1193 μόλις
648 1125 740 1174 καὶ
787 1123 928 1175 κατὰ
976 1121 1169 1190 καιρὸν
1211 1119 1532 1190 παρέχεται.
1578 1116 1679 1169 Διά
1719 1114 1880 1168 τοῦτο
1937 1111 2009 1166 ἐν
2037 1111 2358 1182 βάπτισμα
2386 1114 2472 1178 είς
2503 1113 2724 1180 ἄφεσιν
2750 1112 3073 1182 ἁμαρτιῶν.

677 1211 935 1278 Exspecto
965 1206 1400 1264 resurrectionem
1433 1218 1785 1262 mortuorum.

524 1306 690 1360 Multa
726 1306 794 1358 de
845 1306 949 1358 hoc
988 1304 1374 1373 plerorumque
1405 1302 1632 1371 quatstio
1659 1299 2029 1353 dubitantium

450 1399 958 1452 de"resurrect‘toue
979 1407 1087 1449 tum
1114 1396 1438 1460 inﬁdelium,
1468 1406 1579 1446 tum
1613 1392 1852 1447 ﬁdelium
1882 1389 2028 1458 quod

453 1489 718 1557 insipiens
751 1497 837 1542 est
887 1487 1193 1556 przesertim
1245 1483 1688 1541 indubitantibus
1737 1482 2024 1545 ﬁdelibus.

450 1583 632 1636 vet-his
693 1588 748 1633 et
815 1580 1076 1648 Operibus
1148 1588 1492 1632 mortuorum
1563 1575 2022 1630 resurrectionem

448 1674 680 1726 docente
709 1671 964 1733 Domino,
995 1673 1087 1739 qui
1119 1686 1149 1723 a
1180 1669 1407 1722 nzortuis
1442 1669 1763 1721 resurrexit.
1799 1664 2030 1733 Propter

451 1779 548 1815 nos
568 1763 711 1816 ettim
735 1761 1062 1821 resurrexit,
1094 1769 1153 1812 ttt
1183 1773 1571 1828 resurgamus:
1603 1759 1783 1824 itaque
1810 1755 2030 1808 dubita-

452 1867 539 1909 tor
594 1855 801 1908 Christi
857 1853 1317 1906 resurrectionem
1373 1850 1606 1918 spernit.
1645 1846 1786 1899 Vere
1843 1858 2024 1900 tamen

447 1948 704 2009 (.hristus
773 1944 1036 2007 surrexit,
1092 1942 1158 1996 de
1214 1956 1324 2010 quo
1386 1941 1758 1995 testimonium
1824 1939 2025 2007 pra-bet

447 2035 718 2090 seminata
771 2032 1160 2100 radicibusque
1210 2030 1386 2084 delixa
1423 2031 1474 2082 in
1513 2039 1626 2084 toto
1659 2034 1862 2082 mundo
1903 2028 2024 2095 ejus

452 2129 608 2181 Iides.
651 2127 716 2178 Et
745 2124 952 2180 Christi
990 2124 1194 2178 virtute
1257 2131 1546 2191 resurgent
1608 2123 1839 2184 mortui,
1875 2121 2025 2189 quod

451 2218 636 2272 terbis
666 2218 796 2272 olim
834 2215 991 2270 multi
1041 2215 1355 2270 resuscitati
1403 2214 1606 2267 mortui
1655 2212 1812 2266 'clare.
1844 2211 2024 2267 tcStati

449 2319 599 2373 sunt,
631 2314 920 2378 omnisque
960 2317 1213 2360 creatura
1240 2305 1372 2358 illud
1399 2315 1617 2358 enarrat
1649 2313 1760 2358 tum
1806 2303 2025 2358 luminis

453 2401 779 2472 refulgentia
817 2409 872 2451 et
925 2399 996 2461 vi,
1036 2407 1152 2450 tum
1190 2397 1432 2450 omnium
1475 2411 1656 2449 rerum
1692 2411 1789 2464 per
1844 2405 2026 2464 partes

453 2503 625 2556 motu,
662 2501 775 2545 tutu
809 2491 1092 2543 hominum
1125 2491 1552 2556 animaliumque
1577 2503 1720 2554 ortu.
1746 2489 2024 2540 fructuum

447 2586 844 2657 germinatione
893 2585 1276 2649 seminumque
1326 2583 1443 2634 solo
1483 2592 1816 2650 ingestorum
1863 2595 2025 2646 quant

453 2678 641 2730 docuit
685 2674 886 2729 Paulus
933 2673 1302 2742 corruptionis
1352 2674 1468 2726 [ore
1516 2673 1832 2744 terminum.
1870 2673 2030 2725 Mun-

447 2768 551 2823 dus
597 2769 743 2821 enim
782 2767 1087 2835 incorrupti
1139 2776 1385 2820 creatura
1419 2776 1474 2820 et
1505 2781 1726 2836 semper
1759 2766 2030 2819 exsistet]-

450 2863 519 2914 tis
553 2859 688 2913 illud
709 2873 892 2921 omne,
918 2867 972 2910 et
998 2858 1294 2926 aliquando
1332 2859 1574 2912 cessabit
1603 2858 1906 2924 corruptio.
1935 2856 2027 2910 Sic

453 2951 657 3006 Paulus
693 2949 1064 3003 testimonium
1101 2948 1297 3010 reddit.
1343 2958 1400 3002 et
1431 2951 1786 3003 renovabitur
1802 2948 2026 3018 quidem

451 3042 676 3106 rreatio,
711 3026 854 3095 sicut
886 3035 1148 3110 scriptum
1197 3041 1602 3109 esu-imprimis
1635 3057 1761 3094 vero
1785 3041 2028 3094 omnium

449 3133 885 3203 pretiosissimas
909 3134 1098 3197 homo,
1122 3132 1214 3200 qui
1235 3132 1382 3186 solus
1404 3133 1602 3202 dignus
1625 3133 1927 3188 mstimatus
1946 3141 2029 3185 est

456 3227 509 3278 in
543 3239 777 3294 corpore
811 3239 912 3278 suo
937 3224 1159 3292 organis
1190 3224 1455 3276 instructo
1481 3224 1763 3277 rationalis
1784 3224 2028 3300 vitaeque

2423 1205 2749 1272 Προσδώιῶ
2786 1203 3129 1260 ἀνάστασιν
3164 1203 3419 1272 νεκρῶν.

2203 1293 2381 1362 Πολλὴ
2419 1295 2552 1367 περὶ
2585 1298 2776 1349 τούτου
2810 1298 2923 1362 τοῖς
2961 1295 3180 1358 πολλοῖς
3217 1297 3252 1368 ἠ
3291 1296 3548 1366 ζήτησις,
3586 1296 3710 1350 ἀπί-

2131 1400 2274 1439 στων
2313 1401 2374 1437 τε
2419 1387 2512 1439 καὶ
2553 1386 2762 1440 πιστῶν
2807 1388 2939 1458 περὶ
2981 1371 3080 1457 τῆς
3123 1389 3475 1451 ἀναστάσεως
3521 1390 3705 1443 διαπο-

2131 1473 2432 1543 ρουμένων.
2469 1476 2535 1528 Ὃ
2563 1475 2629 1545 δὴ
2659 1476 2752 1529 καὶ
2781 1476 3069 1546 ἀλόγιστόν
3095 1477 3212 1530 ἐστι
3240 1479 3337 1532 καὶ
3367 1477 3578 1546 μᾶλλον
3599 1480 3706 1540 τοῖς

2127 1581 2192 1633 γε
2219 1564 2786 1635 διαποροῦσιπιστοτς
2808 1609 2824 1635 ,
2859 1568 2953 1622 τοῦ
2985 1569 3193 1640 Κυρίου
3227 1572 3319 1625 καὶ
3349 1571 3529 1640 λόγοις
3559 1573 3702 1628 διδά-

2129 1672 2351 1719 σκοντος
2384 1659 2486 1726 τὴν
2517 1659 2814 1712 ἀνάστασιν
2842 1663 2950 1714 τῶν
2983 1663 3228 1732 νεκρῶν,
3259 1668 3354 1718 καὶ
3381 1666 3566 1735 ἔργοις
3586 1709 3602 1734 ,
3633 1669 3704 1729 ὡς

2128 1747 2193 1800 ὲκ
2241 1747 2453 1817 νεκρῶν
2497 1751 2872 1814 ἀναστάντοςο
2919 1751 2989 1804 δι’
3015 1755 3164 1822 ἡμᾶς
3211 1754 3320 1824 γὰρ
3367 1757 3594 1827 ἀνέστη,
3644 1757 3708 1812 ἶν’

2127 1841 2288 1908 ἡμεῖς
2319 1841 2663 1912 ἀναστῶμεν.
2701 1843 2760 1898 Ὀ
2792 1841 2884 1899 οὖν
2909 1846 3338 1918 διαπορούμενος
3368 1851 3551 1907 ἀθετεῖ
3583 1853 3706 1922 Χρι-
3798 1863 3811 1873 ·

2129 1931 2262 1983 στοῦ
2292 1931 2392 1999 τὴν
2423 1934 2744 1988 ἀνάστασιν.
2786 1935 2930 1987 Ἀλλ’
2955 1937 3161 2008 ἀνέστη
3197 1939 3432 2009 Χριστὸς
3468 1942 3702 2010 ἀληθῶς.

2056 2003 2098 2058 Β
2127 2021 2240 2073 Kal
2259 2021 2416 2079 τοῦτο
2441 2028 2715 2095 μαρτυρεί
2735 2027 2770 2095 ἡ
2799 2032 3073 2095 σπαρεϊσα
3100 2003 3192 2082 καὶ
3220 2003 3510 2100 ῥιζωθείσα
3529 2003 3706 2098 πίστις

2127 2111 2293 2166 αὐτοῦ
2324 2114 2382 2166 ὲν
2407 2114 2513 2185 ὅλῳ
2535 2116 2614 2186 τῷ
2643 2119 2855 2188 κόσμῳ.
2884 2119 2992 2172 Kal
3018 2121 3066 2172 oi
3093 2125 3278 2190 νεκροὶ
3307 2124 3704 2192 ἀναστήσονται

2127 2202 2354 2272 δυνάμει
2389 2205 2627 2274 Χριστοῦ
2657 2223 2672 2240 ο
2707 2208 2783 2270 ὡς
2820 2210 2914 2261 καὶ
2945 2209 3128 2278 λόγοις
3157 2211 3316 2266 τοῦτο
3352 2214 3536 2266 πολλοὶ
3576 2216 3708 2285 πρό-

2126 2311 2284 2366 τερον
2325 2299 2662 2363 ἀναστάντες
2696 2301 2882 2370 νεκροὶ
2917 2303 3107 2370 σαφῶς
3143 2293 3570 2377 ἐμαρτύρησαν,
3612 2310 3714 2361 πάο

2129 2404 2231 2457 σης
2257 2389 2355 2459 τῆς
2386 2389 2618 2455 κτίσεως
2649 2394 2741 2445 καὶ
2770 2393 2927 2446 τοῦτο
2955 2387 3339 2467 κηρυττῖγὶσης
3366 2401 3476 2453 ἀπό
3499 2419 3555 2452 τε
3591 2402 3711 2455 ἀνα-

2127 2479 2388 2550 λάμψεως
2421 2483 2517 2534 καὶ
2547 2484 2827 2554 ἐνεργείας
2857 2485 2950 2538 τοῦ
2983 2488 3179 2553 φωτὸς,
3212 2491 3321 2542 ἀπό
3350 2509 3409 2543 τε
3440 2494 3536 2560 τῆς
3570 2499 3710 2547 κατὰ

2131 2575 2300 2643 μέρος
2327 2576 2545 2653 πάντων
2572 2577 2866 2647 κινήσεως,
2891 2580 3003 2632 ἀπό
3027 2597 3086 2634 τε
3113 2583 3380 2649 γενέσεως
3405 2585 3714 2655 ἀνθρώπων

2131 2665 2224 2716 καὶ
2254 2664 2432 2733 ζώων,
2462 2669 2528 2720 ἐκ
2556 2667 2774 2736 φύσεώς
2799 2687 2862 2723 τε
2895 2674 3148 2743 καρπῶν,
3177 2677 3270 2728 καὶ
3299 2677 3408 2730 τῶν
3441 2679 3712 2732 καταϐαλ-

2129 2759 2376 2830 λομένων
2421 2765 2778 2834 σπερμάτων,
2819 2767 2894 2831 ὡς
2938 2771 3032 2822 καὶ
3076 2769 3284 2832 Παῦλος
3329 2773 3574 2839 ἐδίδαξε·
3625 2778 3711 2828 κιὶ

2129 2853 2213 2906 ὅτι
2241 2853 2339 2923 τῆς
2369 2853 2572 2924 φθορᾶς
2602 2857 2756 2910 ἔσται
2780 2857 2931 2922 τέλος
2952 2876 2966 2891 ·
2997 2861 3028 2914 ὀ
3056 2860 3162 2928 γάρ
3195 2865 3396 2932 κόσμος
3423 2865 3708 2934 ἀφθάρτου

2130 2945 2361 3015 κτίσμα,
2389 2946 2487 3000 καὶ
2516 2946 2612 3000 τοῦ
2643 2949 2731 3002 ἀεὶ
2757 2947 2930 3013 ὄντος.
2961 2952 3081 3004 τόδε
3112 2953 3174 3006 τὸ
3205 2956 3314 3008 πᾶν
3339 2972 3353 2986 ·
3385 2959 3481 3008 καὶ
3509 2960 3710 3027 στήσε-

2130 3035 2222 3091 ταί
2249 3053 2380 3090 ποτε
2407 3039 2439 3104 ή
2467 3039 2666 3109 φθορά.
2697 3040 2808 3094 Kal
2831 3045 2993 3095 τοῦτο
3021 3044 3231 3110 Παῦλος
3259 3048 3706 3119 ἐπεμαρτύρησε.

2132 3129 2241 3212 Kal
2271 3129 2797 3202 ἀνακαινισθησεται
2829 3135 2930 3204 μὲν
2955 3136 2989 3206 ή
3017 3136 3216 3203 κτίσις,
3244 3139 3320 3200 ὡς
3351 3142 3670 3212 γέγραπται
3695 3160 3709 3172 ο

2131 3207 2213 3272 to
2242 3218 2576 3287 τιμιώτατον
2623 3221 2682 3276 δὲ
2737 3224 2942 3292 μᾶλλον
2993 3227 3254 3282 ἁπάντων
3303 3207 3633 3302 ἄνθρωπος,
3686 3236 3715 3287 6

450 3319 652 3371 anima:
687 3316 1052 3386 possidenda,
1093 3324 1148 3367 et
1185 3330 1309 3366 cum
1362 3330 1588 3382 corpore
1635 3317 1830 3369 anima:
1862 3330 2026 3383 Opere

2136 3309 2300 3378 σῶμα
2350 3312 2514 3380 μόνον
2557 3313 2852 3383 ὀργανικὸν
2895 3316 3120 3386 λογικῆς
3166 3321 3263 3373 καὶ
3304 3320 3487 3392 ζώσης
3528 3323 3710 3393 ψυχῆς

453 3402 688 3480 agendi;
721 3420 775 3463 et
830 3411 936 3462 hoc
981 3409 1279 3476 aliquando
1327 3409 1550 3476 recipiet
1582 3419 1640 3461 ut
1667 3409 1868 3462 animal
1900 3425 2025 3479 per-

451 3506 658 3556 fectum
693 3499 1006 3552 inveniatur
1047 3497 1464 3567 gloriﬁcandum
1499 3509 1593 3552 aut
1626 3501 2046 3570 castigandunt..

451 3594 595 3660 Quin
634 3600 690 3646 et
727 3602 947 3660 propter
997 3589 1198 3644 animal
1229 3589 1361 3644 illud
1393 3594 1671 3660 corruptio
1709 3593 1848 3648 facta
1895 3604 2024 3649 est:

447 3682 915 3754 quemadmodum
946 3681 1110 3751 igitur
1140 3697 1342 3736 novum
1371 3683 1595 3749 castum,
1627 3699 1765 3737 nova
1797 3693 1943 3740 terra
1971 3686 2026 3742 itt

449 3774 647 3828 tuelius
676 3773 1086 3840 immutahitnr,
1114 3785 1168 3827 et
1208 3773 1376 3826 homo
1414 3774 1689 3842 perfectus
1716 3792 1946 3846 corpore
1969 3787 2028 3832 et

357 3850 371 3864 ’
447 3863 626 3916 anima
660 3863 789 3925 erit,
825 3863 877 3914 in
918 3861 1113 3916 melius
1140 3861 1491 3930 immutatus;
1530 3865 2028 3936 ohtemporansque

448 3955 688 4009 Ecclesia
717 3954 980 4022 magistro
1011 3969 1111 4009 suo
1137 3951 1263 4008 Jesn
1297 3954 1538 4020 Christo,
1560 3957 1652 4024 qui
1683 3957 1821 4011 dixit
1845 3977 1861 4012 :
1889 3960 2027 4012 Deus

445 4062 550 4099 non
629 4058 704 4100 est
783 4056 1113 4099 mortuorum
1147 4082 1164 4110 ,
1221 4047 1312 4099 sed
1371 4049 1624 4111 vivorum,
1681 4059 2024 4105 mortuorum

446 4138 734 4190 annuntiat
776 4138 1228 4191 resurrectionem
1263 4137 1318 4190 itt
1367 4136 1624 4207 Symbolo
1651 4139 1838 4195 dicens
1867 4157 1884 4198 :
1921 4140 2027 4193 Ex-

445 4242 620 4299 specto
649 4227 1085 4282 resurrectionem
1114 4237 1468 4293 mortuorum,
1509 4229 1610 4283 hoc
1632 4241 1716 4284 est
1737 4247 2027 4298 corporum

452 4331 790 4386 nostrorum,
815 4337 923 4374 non
941 4320 1171 4375 aliorum
1195 4323 1487 4377 animabus
1505 4324 1710 4379 nostris
1728 4324 2026 4382 unitorunt.

449 4412 631 4483 Pergit
651 4432 665 4468 :

769 4673 838 4727 Et
867 4677 1025 4726 vitam
1049 4677 1252 4730 venturi
1271 4678 1472 4733 saeculi.
1507 4679 1694 4734 Amen.

523 4761 653 4827 Quae
681 4765 796 4818 sine
829 4766 1055 4821 decessu
1091 4769 1307 4838 lineque
1331 4771 1456 4835 erit,
1493 4783 1547 4826 et
1568 4777 2026 4842 quemadmodum

452 4854 560 4904 vita
593 4865 849 4922 perpetua
877 4891 893 4916 ,
942 4865 997 4908 et
1028 4873 1148 4911 sors
1187 4860 1483 4942 unicuique
1513 4863 1629 4917 sive
1667 4867 2028 4930 remissionis,

451 4947 567 5002 sive
583 4946 979 5016 castigationis,
1005 4942 1153 5004 nullo
1174 4952 1298 5013 line,
1320 4954 1467 5008 nullo
1486 4957 1719 5010 termino
1744 4959 2026 5027 praeﬁnita.

454 5038 560 5091 Sed
588 5053 652 5090 ex
678 5039 776 5091 hac
795 5048 948 5107 parte
973 5039 1263 5108 impiorum
1283 5046 1436 5098 multi
1461 5045 1511 5098 iu
1538 5046 1748 5116 scipsos
1769 5051 2028 5115 delirant,

453 5129 652 5184 futura:
684 5131 1053 5184 damnationis
1079 5134 1440 5190 aeternitatem
1485 5138 1704 5192 auferre
1727 5141 2026 5211 audentes;

453 5219 599 5288 quod
655 5222 850 5290 diaboli
918 5221 1114 5278 fraude
1171 5225 1430 5296 doloque
1472 5228 1606 5298 ipsis
1658 5233 1908 5297 accidit,
1971 5248 2030 5289 ut

451 5313 824 5382 castigationis
877 5314 1038 5369 liuent
1071 5327 1382 5386 sperantes.
1443 5321 1575 5375 nihil
1627 5325 1844 5380 malitiae
1879 5329 2023 5394 quod

456 5418 564 5456 non
619 5416 780 5473 agant
834 5407 1167 5476 relinquant.
1225 5411 1280 5464 Si
1316 5412 1460 5464 enim
1501 5429 1787 5481 pinnarum
1839 5421 2028 5472 termi-

457 5509 582 5559 nus,
611 5505 890 5562 pcccatum
927 5514 1088 5552 omne
1117 5500 1332 5553 tandem
1380 5503 1796 5565 remittendum,
1843 5517 1898 5560 et
1931 5508 2025 5575 qui

2058 4671 2106 4729 Ι)

2129 3400 2386 3468 ἀξιωθεὶς
2422 3407 2760 3475 κεκτῆσθαι,
2791 3408 2889 3460 καὶ
2918 3410 3017 3463 σὺν
3046 3411 3198 3480 αὑτῷ
3231 3415 3371 3482 μετά
3402 3415 3500 3485 τῆς
3529 3418 3712 3486 ψυχῆς

2129 3494 2376 3563 ἐνεργεῖν
2403 3511 2418 3525 ι
2457 3497 2552 3550 καὶ
2595 3499 2826 3568 λήψεται
2860 3502 2980 3554 τότε
3014 3503 3206 3567 τοῦτο,
3243 3506 3318 3568 ὡς
3365 3507 3433 3560 ἂν
3465 3507 3526 3560 τδ
3570 3509 3712 3574 ζῶον

2128 3584 2334 3640 τέλειον
2359 3589 2580 3660 εὑρεθῇ,
2609 3589 2642 3660 ἢ
2674 3590 3057 3662 δοξαζόμενον,
3083 3596 3118 3662 ἦ
3153 3597 3516 3666 κολαζόμενον
3537 3617 3552 3632 ·
3589 3603 3709 3653 ἐπεὶ

2129 3676 2228 3730 καὶ
2273 3679 2474 3746 μᾶλλον
2519 3679 2610 3732 διὰ
2653 3683 2714 3734 τὸ
2777 3683 2918 3747 ζῶον
2959 3686 3116 3739 τοῦτο
3159 3689 3192 3755 ή
3244 3689 3420 3757 φθορὰ
3466 3690 3712 3759 γέγονεν.

2130 3768 2340 3840 Ὠσπερ
2367 3765 2463 3823 οῦν
2490 3773 2676 3834 καινὸς
2703 3775 2730 3826 ό
2757 3775 3006 3844 οὐρανὸς,
3026 3779 3121 3832 καὶ
3144 3779 3303 3849 καινὴ
3336 3779 3487 3833 ἔσται
3515 3782 3595 3852 γῆ
3624 3785 3714 3833 ἐπὶ

2127 3859 2189 3912 τὺ
2227 3862 2478 3931 κρεῖττον
2520 3863 2922 3920 ἀλλοιωθέντα·
2961 3867 3110 3921 οὕτω
3151 3870 3248 3924 καὶ
3287 3869 3575 3942 ἄνθρωπος
3621 3875 3712 3927 τὲ-

2127 3951 2270 4015 λειος
2317 3949 2474 4006 ἔσται
2521 3953 2666 4022 μετά
2711 3955 2892 4026 ψυχῆς
2935 3973 2997 4010 τε
3043 3959 3139 4012 καὶ
3188 3959 3462 4030 σώματος,
3511 3963 3611 4015 ἐπὶ
3656 3963 3717 4015 τδ

2127 4033 2380 4113 κρεῖττον
2405 4043 2744 4110 ἀλλοιωθείς.
2775 4046 2886 4101 Kal
2915 4049 2946 4117 ὴ
2980 4049 3274 4122 Ἐκκλησία
3296 4051 3375 4120 τῷ
3403 4052 3713 4122 διδασκάὶῳ

2125 4134 2332 4205 ταύτης
2363 4137 2713 4209 ἑφεπομένη,
2745 4139 2805 4202 ὃς
2838 4141 2988 4193 έστιν
3019 4140 3233 4208 Ἰησοῦς
3263 4141 3525 4210 Χριστὸς,
3557 4146 3717 4215 είρη-

2128 4223 2268 4292 κότι,
2301 4225 2358 4279 '0
2411 4227 2562 4294 Θεὸς
2609 4230 2722 4283 οὐκ
2767 4228 2900 4282 ἐστι
2947 4229 3198 4300 νεκρῶν,
3243 4234 3407 4288 ἀλλὰ
3456 4235 3710 4304 ζώντων,

2127 4317 2425 4371 ἀνάστασιν
2456 4319 2720 4390 κηρύττει
2749 4320 2994 4390 νεκρῶν,
3031 4322 3263 4392 λέγουσα
3293 4324 3369 4395 τῷ
3400 4327 3672 4397 Συμϐόλῳ
3691 4343 3711 4360 '

2127 4409 2455 4477 Προσδοκῶ
2485 4412 2832 4467 ἀνάστασιν
2859 4415 3110 4484 νεκρῶν,
3141 4417 3388 4471 τουτέστι
3442 4420 3715 4490 σωμάτων

2125 4503 2236 4556 τῶν
2251 4505 2568 4574 ἡμετέρων,
2599 4509 2692 4560 καὶ
2721 4509 2819 4578 οὐχ
2849 4509 3074 4580 ἑτέρων,
3103 4511 3413 4567 ἑνωθέντων
3439 4515 3565 4570 τότε
3593 4516 3715 4580 ταῖς

2126 4595 2427 4665 ἡμετέραις
2457 4599 2676 4667 ψυχαῖς.
2713 4598 2944 4667 Ἐπάγει
2975 4601 3034 4655 δέ
3060 4615 3074 4630 ⁶

2265 4684 2380 4740 Καὶ
2411 4685 2565 4756 ζωὴν
2592 4689 2702 4745 τοῦ
2726 4693 3068 4760 μέλλοντος
3094 4695 3332 4762 αίῶνος.
3371 4699 3576 4767 Ἀμήν.

2203 4779 2364 4844 Ἤτις
2405 4783 2712 4852 ἀπέραντος
2744 4784 2896 4838 ἔσται
2935 4787 3029 4840 καὶ
3062 4789 3419 4860 ἀτελεύτητος
3442 4809 3456 4823 ·
3493 4795 3590 4845 καὶ
3630 4792 3707 4852 ῶς

2130 4871 2164 4942 η
2191 4870 2306 4938 ζωὴ
2334 4871 2612 4942 διηνεκὴς,
2638 4876 2734 4928 καὶ
2761 4877 2788 4929 ὀ
2815 4876 3017 4948 κλῆρος
3044 4863 3277 4952 ἓκάστῳ,
3307 4882 3416 4934 εἴτε
3447 4884 3708 4946 ἀνέσεως,

2128 4963 2240 5016 εἴτε
2291 4963 2586 5031 κολάσεως,
2634 4967 2940 5034 ἀπέραντος
2989 4970 3142 5024 ἔσται
3187 4973 3283 5026 καὶ
3328 4973 3706 5042 ἀτελεύτητος.

2141 5055 2302 5109 ’Δλλά
2330 5058 2422 5108 καὶ
2449 5051 2551 5109 ὦδε
2582 5058 2765 5110 πολλοὶ
2787 5059 2894 5112 τῶν
2920 5060 3324 5118 δυσσεόούντων
3354 5065 3476 5119 καθ’
3500 5067 3708 5119 ἑαυτῶν

2130 5146 2492 5216 φληναφῶσι,
2531 5148 2595 5201 τὸ
2627 5149 2938 5214 διαιωνίζον
2977 5155 3224 5224 ἀναιρεῖν
3265 5155 3567 5226 τολμῶντες
3605 5156 3709 5223 τῆς

2133 5239 2435 5311 μελλούσης
2479 5243 2775 5310 κολάσεως.
2820 5245 2992 5300 Τοῦτο
3030 5248 3088 5302 δὲ
3127 5249 3356 5317 γέγονεν
3394 5253 3574 5314 αὐτοῖς
3615 5251 3708 5316 ἐξ-

2129 5331 2314 5401 απάτῃ
2349 5336 2442 5386 καὶ
2473 5331 2610 5403 δόλῳ
2640 5335 2736 5387 τοῦ
2773 5337 3014 5408 πονηροῦ
3035 5378 3051 5403 ,
3084 5339 3159 5402 ὡς
3193 5342 3261 5393 ἂν
3293 5342 3444 5407 τέλος
3477 5343 3708 5414 προσδο-

2129 5424 2396 5492 κήσαντες
2443 5425 2607 5495 312
2653 5429 2950 5498 τιμωρίας,
2993 5431 3159 5500 μηδὲν
3201 5433 3483 5504 ἄπρακτον
3519 5433 3705 5489 ἀπολί-

2130 5529 2274 5567 πωσι
2319 5521 2608 5588 πονηρίας.
2655 5520 2718 5574 Εί
2760 5520 2869 5592 γάρ
2913 5523 3192 5586 κολάσεως
3232 5525 3422 5593 τέλος,
3467 5526 3707 5594 ἁμαρτία

457 5578 626 5634 Deum
665 5598 1002 5651 negaverunt
1055 5598 1106 5644 et
1133 5593 1280 5664 male
1328 5593 1401 5660 pii
1448 5607 1498 5646 et
1549 5601 1701 5666 nupii
1755 5617 1876 5652 cum
1921 5603 2026 5668 piis

2133 5609 2286 5661 πᾶσα
2327 5578 2685 5682 συγέωρητέα
2728 5578 2892 5681 «ini,
2937 5618 3032 5668 καὶ
3072 5618 3121 5668 oi
3165 5578 3298 5670 ὀεδν
3337 5578 3707 5688 ἀρνησάμενοι

458 5673 770 5742 sanctisque
801 5690 960 5732 erunt
986 5681 1282 5750 aliquando
1338 5689 1661 5756 glorilieati;
1698 5709 1862 5762 pot-ro
1898 5697 2022 5762 quis

2133 5705 2227 5756 καὶ
2256 5705 2582 5770 ἀσεϐοῦντες
2616 5710 2708 5761 καὶ
2739 5709 3018 5774 δυσσεὸείς
3050 5712 3264 5766 ἔσονται
3292 5713 3388 5768 σὺν
3418 5717 3528 5778 τοῖς
3554 5713 3611 5766 εὖ
3624 5731 3707 5765 σει

461 5763 632 5828 magis
677 5763 876 5833 impius
930 5776 1146 5827 sermo?
1195 5779 1250 5829 Si
1302 5779 1698 5851 castigationis,
1759 5797 1810 5840 ct
1869 5791 2022 5858 regni

2134 5795 2252 5849 ὅέσι
2286 5798 2379 5850 καὶ
2410 5763 2588 5868 ἁγίοις
2617 5801 2743 5856 ποτὲ
2767 5763 3279 5876 δοξαζόμενονιζιξαὶ
3419 5763 3706 5865 ἀσεϐέστε-
