4068 6280
419 340 522 407 801

1500 345 1911 408 EXPOSITIO
1953 345 2170 404 SAClll
2223 347 2575 408 SYMBOLI.

3480 399 3482 402 ,
3562 344 3666 406 802

421 473 515 527 ρος
544 457 736 514 τούτου
771 458 966 528 λόγος;
999 461 1047 514 εί
1079 460 1229 525 τέλος
1263 461 1562 527 κολάσεως,
1593 462 1688 514 καὶ
1719 462 1870 524 τέλος
1903 460 1996 532 βα-

2126 466 2367 519 ermiuus
2385 465 2410 517 ’ί
2428 473 2607 519 etnon
2626 474 2708 520 est
2735 463 2946 534 justitia
2969 462 3108 533 apud
3137 462 3344 517 Deum?
3362 459 3466 515 sui
3488 461 3670 530 justus

420 547 660 612 σιλείας,
692 551 787 604 καὶ
814 552 875 604 οὐ
907 553 1218 622 δικαιοσύνη
1250 556 1401 621 παρὰ
1428 553 1505 623 τῷ
1535 553 1677 624 Θεῷ.
1722 552 1881 607 Ἀλλὰ
1911 552 1993 605 δίη

418 655 575 701 καιος
614 641 644 692 ό
684 642 889 712 Κύριος
926 644 1024 697 καὶ
1064 643 1415 709 δικαιοσύνας
1452 647 1734 716 ἠγάπησε.
1777 645 1869 698 Διὸ
1903 644 1998 698 καὶ

418 729 644 792 δικαίως
672 722 1037 801 ἀποφαίνεται
1067 735 1242 803 λέγων
1271 737 1406 807 περὶ
1433 735 1543 789 τῶν
1571 736 1670 805 τῆς
1701 737 1997 806 ἀριστερᾶς

423 818 661 889 μερίδος,
713 820 812 887 ὡς,
861 823 1330 880 Ἀπελεύσονται
1372 821 1542 882 οὗτοι
1595 829 1684 894 εις
1735 827 1999 881 κόλασιν

420 907 682 976 αἰώνιον,
718 913 782 965 οὐ
826 914 1162 986 πρόσκαιρον
1187 932 1202 948 ⁸
1240 918 1374 986 περὶ
1412 918 1468 972 δὲ
1501 918 1610 973 τῶν
1641 920 1740 990 τῆς
1779 919 1998 986 δεξιᾶς,

422 1003 534 1059 Καὶ
583 1007 636 1058 οἱ
678 1005 900 1062 δίκαιοι
939 1011 1030 1074 εις
1079 1008 1237 1078 ζωὴν
1282 1011 1573 1076 αἰώνιον,
1614 1012 1678 1064 οὐ
1727 1010 2002 1079 λήγουσαν

421 1093 585 1158 ὅλως.
616 1096 728 1150 Καὶ
758 1099 922 1152 πάλιν
951 1101 1082 1168 περὶ
1106 1101 1218 1156 τῶν
1243 1102 1622 1172 ἁμαρτωλῶν,
1661 1103 1724 1156 '0
1753 1101 2004 1168 σκώληξ

423 1185 625 1240 αὐτῶν
648 1189 722 1243 οὺ
746 1190 1018 1258 τελευτᾷ,
1047 1193 1146 1247 καὶ
1175 1194 1242 1248 τὸ
1271 1194 1394 1262 πῦρ
1423 1196 1498 1249 οὐ
1525 1194 1870 1251 σϐέννυται.
1897 1195 2006 1249 Καὶ

426 1275 672 1341 δικαίως.
719 1280 987 1337 Ἐνταῦθα
1033 1285 1143 1356 γὰρ
1186 1287 1216 1340 ό
1263 1287 1365 1356 τῆς
1415 1287 1851 1356 ἐπιδιορθώσεως
1897 1286 2006 1341 τῶν

432 1367 816 1439 ὲπταισμένων
845 1375 1058 1441 καιρὸς,
1092 1381 1186 1430 καὶ
1214 1379 1242 1431 ό
1271 1379 1434 1441 τόπος
1463 1371 1587 1440 ὧδε,
1617 1380 1706 1433 ὅτε
1732 1379 1791 1432 τὸ
1817 1378 2009 1444 αὐτεξ-

427 1457 614 1510 ούσιον
643 1460 700 1514 ἐν
730 1463 882 1532 ἡμῖν.
902 1463 1051 1518 Τότε
1083 1466 1139 1520 δὲ
1171 1469 1364 1538 καιρὸς
1396 1467 1477 1530 εἷς
1497 1511 1514 1534 ,
1547 1471 1643 1524 καὶ
1673 1469 1864 1536 καιρὸς
1891 1468 2010 1523 διαο

431 1551 676 1616 στάσεως
696 1557 793 1610 καὶ
829 1558 1240 1626 ἀνταποδόσεως
1297 1564 1404 1617 τῶν
1435 1568 1560 1619 κατ’
1580 1566 1738 1630 ἀξίαν
1768 1559 1846 1620 ὧν
1877 1565 2010 1618 ἕκα-

433 1662 558 1710 οτος
589 1647 904 1718 ᾑρετίσατο.
942 1652 1107 1706 Ἀλλά
1141 1655 1334 1725 μηδεὶς
1363 1657 1763 1722 ἀπογινώσκων
1792 1657 2013 1721 ἑαυτοῦ,

434 1737 468 1807 ἢ
504 1739 947 1809 καθηδυνόμενος
984 1743 1320 1814 ἁμαρτίαις,
1357 1748 1390 1817 ἢ
1429 1749 1609 1824 πλάνῃ
1639 1750 1751 1803 τινὶ
1787 1749 2018 1820 κατεχό-

2103 556 2365 637 Dominus
2397 570 2452 611 et
2494 559 2738 625 justitias
2777 557 2990 612 dile\'it.
3051 554 3345 620 Propterci
3392 555 3541 624 juste
3603 554 3672 608 de
3726 567 3738 596 ’-

2102 648 2172 703 iis
2190 650 2282 714 qui
2311 650 2376 703 ad
2408 649 2684 703 sinistram
2707 656 2870 702 erunt
2887 647 3137 702 decernit
3153 647 3338 700 dicens
3361 646 3503 714 quod
3527 645 3673 698 ibunt

2103 741 2157 793 Iri
2184 741 2238 793 in
2267 741 2579 806 supplicium
2601 751 2876 806 a'ternum,
2906 755 3014 799 non
3047 739 3475 807 temporarium;
3511 737 3579 790 de
3611 738 3677 790 iis

2105 847 2236 886 vero
2281 835 2370 902 qui
2405 833 2470 886 ad
2505 833 2780 887 dexteram
2829 840 2993 888 erunt
3037 847 3052 885 :
3108 831 3177 884 Et
3221 831 3360 902 justi
3413 833 3466 884 in
3516 830 3679 883 vitam

2105 931 2356 978 a'ternam
2417 924 2565 978 nullo
2625 925 2786 978 modo
2857 929 3187 978 cessantem.
3245 921 3309 975 Et
3360 921 3558 976 iterum
3615 919 3682 973 de

2111 1015 2486 1084 peccatoribus
2516 1031 2531 1068 :
2585 1014 2781 1068 Vermia
2817 1032 2998 1068 eorum
3031 1030 3133 1068 non
3166 1014 3412 1078 moritur,
3445 1023 3495 1067 et
3547 1014 3684 1084 ignis

2110 1126 2216 1164 non
2260 1108 2652 1177 exstinguitur;
2690 1116 2743 1162 et
2773 1108 2986 1162 merito.
3043 1107 3175 1164 Nam
3221 1110 3496 1176 lapsorum
3536 1118 3686 1159 nunc

2110 1200 2470 1256 correctionis
2497 1208 2716 1268 tempus
2752 1206 2806 1253 et
2834 1198 3012 1265 locus,
3050 1199 3142 1253 ubi
3179 1198 3410 1253 liberum
3435 1205 3685 1251 nostrum
3783 1267 3786 1270 ξ

2115 1303 2199 1352 est
2232 1294 2542 1348 arbitrium.
2585 1291 2740 1346 Tunc
2781 1301 2966 1347 autem
3018 1290 3137 1347 dies
3186 1292 3372 1356 unica,
3404 1287 3693 1344 divisionis

2117 1387 2235 1441 dies
2263 1395 2319 1440 et
2368 1385 2753 1440 retributionis
2797 1384 2956 1453 juxta
3013 1384 3272 1438 meritum
3325 1390 3487 1450 prout
3533 1379 3693 1449 elegit

2117 1477 2372 1547 quisque.
2425 1475 2530 1531 Sed
2562 1491 2723 1533 nemo
2755 1476 2838 1532 sui
2891 1475 3285 1530 conscientiam
3323 1473 3534 1527 habens
3555 1510 3572 1535 ,
3601 1481 3697 1524 aut

2119 1568 2362 1636 peccatis
2396 1566 2632 1628 illectus,
2664 1576 2757 1620 aut
2782 1581 2972 1621 errore
3004 1565 3240 1637 quadam
3272 1563 3540 1625 irretitus.
3588 1560 3693 1615 sibi

2122 1658 2179 1712 in
2234 1657 2434 1712 talibus
2487 1657 2678 1711 illudut
2733 1677 2747 1713 :
2801 1667 3066 1712 aeternum
3125 1646 3235 1711 non
3303 1653 3698 1726 paenitentibus

2126 1749 2478 1819 supplicium,
2536 1750 2659 1803 ideo
2696 1751 3014 1818 pmnitentia
3059 1749 3126 1802 ad
3152 1757 3458 1804 extremum
3522 1759 3695 1814 usque

438 1845 599 1933 μενος
641 1831 968 1895 ἐξαπατάτω
1005 1836 1196 1891 ἑαυτὸν
1229 1841 1343 1903 τοῖς
1374 1814 1642 1904 τοιούτοις
1666 1857 1682 1872 ο
1715 1843 1748 1911 ἠ
1782 1840 1890 1933 γάρ
1923 1814 2016 1895 κό-

2126 1844 2416 1914 spiritum;
2461 1858 2565 1910 qua
2598 1843 2642 1895 si
2697 1814 2781 1896 ibi
2831 1858 2975 1912 opus
3019 1851 3140 1908 est,
3197 1841 3310 1895 illic
3350 1852 3696 1908 nequaquam

435 1919 595 1984 λασις
631 1926 747 1986 τοῖς
793 1924 870 1997 μὴ
917 1929 1276 1996 μετανοοῦσιν
1309 1933 1549 1996 αἰώνιος.
1587 1934 1685 1987 Διά
1716 1919 1879 1988 τοῦτο
1922 1936 2016 1988 καὶ

441 2011 722 2080 μετάνοια,
756 2017 851 2069 καὶ
879 2016 1020 2089 αὕτη
1053 2020 1314 2090 ἄχριτῆς
1343 2023 1585 2094 ἐσχάτης
1617 2025 1896 2093 ἀναπνοῆς
1918 2042 1932 2057 ο
1955 2027 2018 2078 εί

438 2105 547 2175 γὰρ
579 2107 754 2160 ἐκεῖσε
787 2112 947 2179 χρεία
978 2112 1182 2183 ταύτης
1217 2114 1464 2185 ὑπῆρχεν
1489 2155 1503 2180 ,
1534 2118 1638 2170 οὐκ
1668 2116 1734 2171 ἀν
1763 2119 1900 2181 ὅλως
1933 2120 2020 2170 ὲν-

438 2198 614 2252 ταῦθα
640 2200 869 2258 δέδοται.
897 2203 1060 2259 Ἀλλὰ
1088 2207 1182 2259 καὶ
1205 2207 1260 2260 τί
1286 2208 1604 2279 θαυμαστὸν
1629 2211 1695 2265 ἂν
1723 2212 1756 2281 ἠ
1785 2211 1879 2264 τοῦ
1909 2212 2022 2264 Σω-

440 2291 607 2362 τῆρος
637 2296 919 2367 οἰκονομία
951 2300 1271 2367 εἰργάσατο,
1299 2302 1350 2355 εί
1384 2303 1644 2370 μετάνοια
1672 2297 1740 2374 ἦν
1771 2303 1952 2356 ἐκεῖσε
1986 2303 2020 2374 ἦ

441 2384 596 2450 τέλος
622 2389 932 2460 κολάσεως;
959 2393 1122 2464 Ὁρᾷς
1148 2394 1259 2448 τῶν
1287 2395 1632 2449 ἀσεϐούντων
1659 2396 1758 2466 τὴν
1785 2393 2025 2466 ἀφροσύ-

444 2495 578 2548 νην;
617 2482 759 2534 Ἀλλ’
783 2485 907 2537 ἐπεὶ
937 2486 1032 2538 καὶ
1059 2486 1193 2549 Θεὸς
1223 2489 1281 2541 ὲν
1312 2487 1622 2556 ἀνθρώποις
1642 2529 1656 2548 ,
1689 2474 1785 2540 καὶ
1819 2489 2026 2558 μυστή-

445 2589 538 2642 ρια
581 2571 718 2627 Θεοῦ
760 2575 994 2642 δέδοται,
1038 2582 1134 2632 καὶ
1176 2580 1327 2648 λόγοι
1372 2584 1539 2651 μέχρι
1584 2580 1794 2645 παθῶν,
1837 2581 1932 2634 καὶ
1975 2581 2026 2633 οἱ

443 2665 744 2732 ἀγωνισταὶ
770 2669 966 2738 μέχρις
989 2671 1252 2740 αῖματος,
1283 2675 1378 2730 καὶ
1405 2675 1666 2744 μετάνοια
1685 2675 2025 2736 τελευταῖον,

445 2757 882 2827 ὁμολογήσωμεν
912 2759 942 2813 δ
980 2763 1133 2832 παρὰ
1167 2765 1262 2819 τοῦ
1304 2767 1557 2836 Σωτῆρος
1597 2767 1754 2838 ἡμῶν
1790 2766 1886 2819 καὶ
1920 2766 2030 2818 τῶν

445 2849 763 2904 ἀποστόλων
791 2853 928 2921 ἡμῖν
953 2855 1225 2927 παρεδόθη
1263 2859 1357 2913 καὶ
1383 2859 1494 2912 τῶν
1522 2858 1806 2926 Πατέρων,
1838 2861 2032 2925 Προσ-

2116 1936 2358 1990 dabitur.
2391 1933 2531 2000 Quid
2576 1932 2768 1986 mirum
2804 1933 3108 1987 Salvatoris
3141 1930 3445 1984 oeconomia
3478 1938 3699 1998 operata

2119 2029 2245 2089 erit,
2283 2027 2326 2079 si
2363 2027 2478 2080 illic
2500 2034 2648 2080 esset
2671 2025 2990 2094 ptenilentia
3015 2025 3097 2078 vel
3128 2021 3381 2093 supplicii
3410 2019 3704 2075 terminus?

2121 2119 2289 2174 Vides
2331 2119 2620 2181 imp'orum
2650 2117 3061 2182 insipientiam?
3097 2114 3207 2170 Sed
3256 2113 3699 2184 quandoquidem

2122 2211 2267 2266 Deus
2312 2211 2455 2278 apud
2493 2209 2738 2264 homines
2789 2218 2842 2262 et
2874 2208 2965 2262 Dei
3015 2208 3274 2278 mysteria
3311 2208 3436 2259 data
3468 2213 3614 2266 sunt,
3646 2214 3702 2256 et

2123 2317 2410 2358 sermones
2438 2315 2610 2370 usque
2661 2301 2726 2354 ad
2762 2301 3117 2368 passionem,
3159 2307 3213 2351 et
3270 2296 3488 2350 athletae
3531 2310 3706 2363 usque

2126 2396 2192 2449 ad
2245 2393 2567 2462 sanguinem
2617 2396 2671 2445 et
2708 2390 3029 2460 pmnitentia
3083 2387 3288 2452 finalis,
3344 2384 3708 2440 confiteantur

2126 2489 2272 2558 quod
2322 2486 2484 2541 nobis
2546 2500 2577 2539 a
2642 2486 2930 2538 Salvatore
2979 2490 3166 2534 nostro
3221 2491 3276 2535 et
3333 2477 3598 2546 apostolis
3654 2487 3709 2528 «ιι

2126 2579 2383 2634 Patribns
2440 2576 2698 2630 traditum
2765 2584 2871 2639 est,
2933 2572 3193 2640 Exspecto
3269 2569 3705 2623 resurrectione»:

2128 2682 2482 2736 mortuorum,
2511 2670 2776 2733 dicentes,
2826 2677 2873 2721 et
2905 2667 3063 2720 vitam
3093 2663 3296 2718 venturi
3325 2660 3530 2722 awculi,
3552 2671 3710 2712 :cter-
3806 2667 3813 2672 ·

2130 2781 2259 2821 nam
2289 2764 2564 2821 videlicet.
2615 2763 2681 2816 Et
2715 2762 2881 2812 Amen
2912 2759 3257 2826 subsequens
3291 2752 3710 2825 pronuntiantes

2135 2859 2303 2914 totius
2359 2871 2495 2911 sane
2554 2855 2732 2908 sancti
2801 2849 3046 2922 Symboli
3110 2846 3587 2903 continuationem
3657 2853 3713 2895 ιιι

448 2939 606 2994 δοκῶ
639 2941 986 2998 ἀνάστασιν
1013 2946 1265 3014 νεκρῶν,
1297 2949 1569 3016 λέγοντες,
1602 2949 1705 3004 καί
1738 2944 1895 3017 ζωὴν
1923 2947 2023 3004 τοῦ

2135 2951 2410 3022 sigillum,
2466 2947 2625 3017 quasi
2663 2945 2814 2998 clave
2860 2943 3092 3014 quadam
3141 2940 3224 2994 his
3273 2938 3368 3008 qui
3419 2935 3558 2995 foris.
3584 2944 3715 2990 sunt

448 3033 789 3102 μέλλοντος
822 3035 1063 3102 αἰῶνος,
1087 3036 1307 3092 αίώνιον
1339 3040 1565 3109 δηλαδή.
1601 3039 1712 3094 Καὶ
1745 3039 1806 3093 τὸ
1841 3038 2023 3108 ’Λμὴν

2137 3044 2278 3096 viam
2314 3040 2651 3103 claudentes,
2690 3038 2744 3092 iu
2780 3038 2989 3106 optimo
3031 3031 3422 3104 gazophylacio
3458 3027 3716 3082 Ecclesia!

453 3123 794 3186 ἑπειπόντες,
819 3125 847 3177 ὃ
873 3125 938 3192 δὴ
961 3127 1056 3180 τοῦ
1084 3127 1288 3191 παντὸς
1316 3129 1464 3199 ίεροῦ
1491 3129 1774 3199 Συμϐόλου
1801 3129 2023 3200 βεϐαιω-

2144 3133 2264 3190 fidei
2295 3134 2614 3187 thesaurum
2649 3142 2953 3187 servemus.
2987 3140 3054 3178 ne
3082 3125 3207 3193 quis
3230 3124 3298 3176 ab
3319 3136 3386 3174 eo
3415 3118 3714 3188 quidquam

452 3214 604 3266 τικόν
636 3215 754 3268 ἐστι
791 3217 888 3269 καὶ
922 3219 1182 3286 σφραγὶς,
1217 3215 1329 3272 οἷόν
1365 3237 1448 3284 τις
1483 3221 1629 3283 κλεὶς
1665 3221 2023 3276 ἀποκλείουσα

2139 3225 2350 3282 auferat
2372 3232 2467 3278 aut
2503 3221 2752 3290 spur-ium
2777 3219 2904 3287 quid
2958 3216 3313 3277 introducat;
3369 3207 3718 3268 diviunmid,

455 3306 584 3367 τοὺς
630 3304 854 3371 ἔξωθεν,
900 3310 995 3362 καὶ
1041 3309 1391 3377 φυλάττουσα
1441 3313 1519 3375 ὼς
1568 3314 1627 3364 ἐν
1673 3313 1887 3381 ταμείῳ
1930 3314 2023 3367 τινΊ

2140 3316 2548 3374 sanctissimum
2573 3313 2902 3379 omninoque
2929 3308 3229 3378 perfectum
3255 3303 3478 3376 pietatis
3522 3311 3722 3354 nostra:

459 3395 735 3468 καλλίστῳ
774 3397 876 3464 τῆς
909 3399 1241 3468 Ἐκκλησίας
1276 3403 1371 3455 τὸν
1409 3402 1510 3472 τῆς
1553 3402 1792 3467 πίστεως
1830 3405 2023 3474 θησαυ·

2142 3413 2382 3482 signum,
2425 3409 2645 3462 Patrum
2671 3403 3098 3464 confessionem,
3130 3414 3273 3455 vera:
3322 3398 3445 3452 fidei
3479 3397 3720 3464 regulam

463 3487 594 3558 ρδν,
631 3487 719 3542 ἵνα
761 3490 837 3562 μή
871 3490 956 3552 τίς
984 3509 1039 3544 τι
1072 3493 1137 3545 ἐκ
1168 3493 1360 3546 τούτου
1396 3494 1664 3565 ἀφέληται
1685 3537 1699 3562 ,
1734 3497 1768 3566 ἢ
1802 3497 1954 3550 νόθον
1986 3515 2016 3550 τ

2144 3511 2394 3559 amanter
2417 3501 2826 3567 amplectentes,
2851 3495 3156 3558 animabus,
3181 3493 3389 3561 lingua,
3415 3489 3574 3545 labiis
3595 3503 3720 3542 cum

460 3581 825 3653 ἐπεισαγάγῃ,
850 3583 982 3635 αὐτὸ
1005 3583 1068 3636 τὸ
1097 3583 1244 3638 θεῖον
1268 3586 1365 3638 καὶ
1391 3585 1690 3654 ίερὼτατον
1715 3590 1814 3642 καὶ
1836 3589 2023 3642 τέλειοπ

2147 3596 2347 3652 fiducia
2378 3594 2733 3656 confitentes,
2777 3591 3044 3658 integrum
3078 3588 3132 3641 in
3166 3587 3324 3642 nobis
3356 3586 3511 3654 ipsis,
3547 3582 3728 3636 invio-

460 3672 732 3728 πάντοθεν
763 3674 866 3743 τῆς
903 3675 1188 3739 εὐσεϐείας
1225 3675 1386 3746 ἡμῶν
1422 3681 1685 3748 σημεῖον,
1718 3679 1822 3751 τὴν
1852 3680 2023 3749 όμολο·

2149 3688 2322 3742 latum
2351 3723 2368 3749 ,
2431 3697 2781 3753 nequaquam
2851 3681 3216 3734 adulterutum
3254 3719 3270 3740 ,
3349 3677 3506 3746 quasi
3545 3691 3572 3727 a
3615 3674 3729 3727 Dm

454 3764 592 3832 yiav
622 3763 732 3817 τῶν
769 3766 1026 3838 Πατέρων
1047 3806 1063 3831 ,
1096 3769 1190 3821 τὸν
1223 3769 1352 3837 ὅρον
1383 3769 1483 3838 τῆς
1526 3769 1765 3840 ἀληθοῦς
1810 3772 2023 3826 πίστεως

2148 3779 2501 3838 albatorum,
2562 3774 2987 3844 glorificatorum
3063 3777 3117 3823 et
3185 3779 3431 3822 actorum
3503 3770 3726 3821 Patrum

464 3857 932 3926 ἔνστερνιζόμενοι
973 3861 1072 3914 καὶ
1111 3861 1486 3932 ἀσπαζόμενοι
1507 3902 1522 3926 ,
1559 3866 1682 3927 ταῖς
1714 3865 1922 3935 ψυχαῖς
1953 3883 2023 3920 κα

2154 3881 2373 3922 sacrum
2428 3862 2735 3932 depositura
2786 3874 2959 3929 usque
3009 3858 3075 3912 ad
3109 3857 3268 3911 linem
3307 3856 3730 3919 custodiamus;

465 3947 534 4017 τῇ
569 3945 788 4018 γλώττῃ
821 3948 919 4010 καὶ
950 3949 1155 4019 χείλεσι
1191 3953 1330 4020 μετά
1367 3955 1685 4025 παῤῥησίας
1719 3936 2022 4026 ὁμολογοῦν

2155 3968 2218 4015 ut
2261 3973 2356 4028 per
2405 3955 2865 4012 intercessionem
2902 3960 3220 4006 sanctorum
3265 3949 3360 4018 qui
3401 3949 3532 4002 illud
3563 3963 3734 4016 expo-

468 4055 584 4102 τες,
612 4038 777 4110 ἀσινῆ
803 4042 861 4094 ἐν
887 4043 1099 4108 ἑαυτοῖς
1126 4046 1224 4099 καὶ
1249 4047 1543 4117 ἀκίϐδηλον
1566 4050 1662 4104 καὶ
1690 4051 2023 4121 ἀπαράθραυ

2156 4053 2386 4106 suerunt
2434 4053 2920 4114 servaveruntque.
2981 4051 3035 4095 et
3085 4054 3273 4095 eorum
3319 4039 3412 4104 qui
3457 4047 3582 4092 ante
3612 4037 3734 4091 illas

473 4147 602 4228 στον
645 4131 966 4228 πάντη,ὡς
1009 4135 1359 4207 θεοφορήτων
1403 4141 1499 4193 καὶ
1547 4141 2023 4228 θεοδοξάστωνκα

2162 4143 2436 4205 vixerunt,
2472 4151 2504 4191 a
2532 4135 2732 4205 quibus
2770 4135 2873 4204 ipsi
2901 4133 3143 4205 Symboli
3185 4132 3467 4186 scientiam
3509 4143 3736 4194 accepe-

473 4225 806 4291 θεοκινήτων
840 4227 1105 4300 Πατέρων
1140 4229 1293 4299 ἱερὰν
1327 4235 1807 4304 παρακαταθήκην
1828 4275 1844 4300 ,
1891 4221 2023 4309 μεὶς

2159 4241 2311 4301 runt,
2343 4240 2400 4286 et
2414 4228 2660 4284 omnium
2679 4227 3210 4299 simul‘sanctorum;
3236 4235 3289 4278 et
3310 4240 3402 4292 per
3429 4221 3735 4275 cm'estinnt

472 4317 662 4380 τέλους
706 4319 1036 4390 φυλάξωμεν
1063 4337 1079 4354 ο
1129 4321 1215 4376 ἵνα
1244 4325 1365 4387 ταῖς
1409 4326 1730 4393 πρεσϐείαις
1761 4327 1871 4380 τῶν
1903 4329 2023 4382 ὲκθε

2161 4323 2479 4396 angelorum
2535 4333 2724 4390 preces
2781 4328 2946 4387 atque
3015 4314 3320 4374 Salvatoris
3347 4312 3518 4366 nostri
3558 4318 3612 4365 et
3640 4309 3737 4363 Dei

479 4410 660 4478 μένων
706 4409 838 4464 αὐτὸ
881 4412 980 4465 καὶ
1023 4412 1379 4481 φυλαξάντων
1425 4416 1618 4484 ἁγίων,
1658 4420 1756 4472 καὶ
1799 4417 1907 4472 τῶν
1950 4437 2023 4491 πρ

2162 4415 2290 4472 Jesu
2311 4411 2514 4470 Christi
2545 4423 2760 4479 semper
2791 4405 3020 4477 virginis
3073 4403 3263 4459 Matris
3298 4401 3471 4456 solius
3501 4399 3735 4453 sanctis-

478 4500 680 4568 αὐτῶν,
709 4502 776 4568 ἐξ
797 4496 872 4557 ὧν
899 4506 1001 4576 τὴν
1031 4505 1236 4574 γνῶσιν
1263 4502 1411 4562 οὗτοι
1442 4509 1538 4562 τοῦ
1571 4511 1854 4580 Συμϐόλου
1889 4514 2023 4586 παρέ

2126 4494 2138 4539 ⁵
2168 4508 2323 4563 simm
2351 4513 2407 4558 et
2437 4518 2563 4558 vere
2586 4500 2680 4558 Dei
2699 4499 3019 4561 Genitricis,
3047 4508 3304 4564 tauquam
3320 4507 3515 4561 purum
3537 4492 3738 4543 «Ιαιιιηιι

479 4591 677 4657 λειϐον,
717 4596 811 4648 καὶ
850 4597 1070 4650 πάντων
1100 4598 1240 4669 ὁμοῦ
1273 4600 1382 4653 τῶν
1415 4601 1624 4669 ἁγίων,
1657 4601 1766 4657 τῶν
1797 4620 1857 4657 τε
1898 4580 2023 4676 Lepti:

2169 4598 2459 4671 pulchram
2496 4596 2638 4650 hanc
2687 4590 2941 4646 Trinitati
2984 4589 3279 4642 offerentes
3319 4580 3742 4644 confessionem,

500 4687 729 4754 ,γγέλων
775 4687 971 4753 λιταῖς,
1021 4691 1118 4744 καὶ
1162 4692 1260 4760 τῆς
1311 4690 1407 4745 τοῦ
1458 4693 1716 4765 Σωτῆρος
1765 4695 1923 4766 ήμῶν
1968 4695 2062 4749 καὶ

477 4777 618 4832 θεοῦ
655 4779 832 4848 Ἰησοῦ
867 4782 1105 4852 Χριστοῦ
1138 4783 1504 4855 ἀειπαρθένου
1536 4785 1798 4857 Μητρὸς,
1831 4787 1932 4856 τῆς
1964 4787 2062 4858 μό-

477 4887 580 4937 νης
634 4872 910 4937 ῐιαναγίας
959 4872 1056 4924 καὶ
1101 4871 1318 4942 ἀληθῶς
1361 4874 1731 4946 Θεομήτορος,
1771 4875 1847 4940 ὡς
1889 4875 2063 4948 δῶρον

476 4959 729 5029 καθαρὸν
763 4960 862 5032 τὴν
895 4963 1067 5032 καλὴν
1096 4962 1302 5032 ταύτην
1333 4963 1630 5032 ὁμολογίαν
1667 4968 2067 5036 προσενεγκόνο

479 5065 581 5112 τες
605 5053 672 5122 τῇ
701 5052 918 5122 Τριάδι,
945 5053 1044 5123 τῆς
1069 5069 1130 5107 τε
1162 5053 1388 5108 αίωνίου
1421 5054 1884 5128 ὲλευθερωθῶμεν
1909 5058 2072 5113 κολά-

479 5156 654 5204 σεως,
682 5145 775 5197 καὶ
803 5145 900 5213 τῆς
931 5144 1347 5215 διαιωνιζούσης
1378 5147 1474 5198 σὺν
1500 5147 1724 5219 Χριστῷ
1751 5149 2072 5204 ἀπολαύσω-

2169 4698 2225 4745 et
2253 4682 2560 4743 ab'asterno
2587 4682 2886 4737 liberemur
2921 4675 3188 4745 supplicio
3215 4714 3229 4737 ,
3293 4683 3345 4726 et
3375 4682 3578 4725 aeterno
3616 4683 3740 4721 enm

2167 4777 2390 4832 Christo
2447 4771 2619 4844 ipsius
2646 4768 2848 4823 Christi
2916 4769 3162 4821 fruamur
3207 4780 3416 4845 regno_,
3471 4761 3639 4828 gloria
3693 4765 3749 4812 et

2171 4866 2440 4924 deliciosa
2483 4863 2854 4935 possessione,
2916 4867 3176 4929 perpetuo
3223 4857 3475 4911 eunnlem
3524 4853 3615 4906 Dei
3669 4851 3750 4902 vi-

2175 4959 2359 5018 ventis
2412 4957 2758 5028 unigenitum
2815 4952 3012 5008 Filiunt
3066 4952 3346 5008 Christum
3383 4949 3751 5018 gloriﬁcantes

2172 5067 2298 5108 cum
2331 5052 2452 5120 ejus
2486 5051 2668 5114 Patre,
2700 5047 2793 5116 qui
2825 5055 2908 5100 cst
2943 5054 3072 5099 ante
3117 5043 3335 5108 saecula,
3362 5049 3418 5094 et
3447 5035 3750 5094 sanctitatis

2174 5143 2436 5215 perfecta!
2457 5141 2684 5212 Spiritu.
2712 5141 2905 5194 Amen.

479 5247 598 5300 μεν
634 5230 782 5296 θείας
821 5232 988 5287 αὑτοῦ
1027 5233 1123 5288 τοῦ
1159 5233 1400 5304 Χριστοῦ
1441 5234 1728 5306 βασιλείας
1768 5241 1865 5292 καὶ
1907 5240 2065 5309 δόξης
2103 5237 2201 5291 καὶ
2223 5234 2616 5301 ἀπολαύσεως,
2644 5232 2882 5296 αῖωνίως
2909 5228 3075 5283 αὐτὸν
3092 5227 3183 5279 τὶν
3208 5219 3442 5296 Χριστὸν
3499 5221 3592 5273 τὸν
3657 5235 3753 5288 μο-

475 5327 687 5398 νογενῆ
716 5327 843 5385 Υίὸν
873 5327 967 5384 τοῦ
996 5329 1134 5383 Θεοῦ
1165 5329 1258 5384 τοῦ
1289 5327 1488 5394 ζῶντος
1515 5330 1850 5400 δοξάζοντες,
1886 5339 1980 5388 σὺν
2012 5333 2089 5404 τῷ
2129 5331 2444 5402 προαιωνίῳ
2471 5329 2639 5383 αὑτοῦ
2668 5330 2865 5398 Πατρὶ,
2893 5325 2990 5380 καὶ
3040 5321 3118 5393 τῷ
3150 5321 3404 5391 παναγίῳ
3446 5317 3756 5389 Πνεύματι.

496 5426 706 5499 Ἀμήν.
