4060 6282
243 492 356 552 817

1308 482 1721 550 EXPOSITIO
1754 487 1902 548 SYM
1918 487 2089 546 BOLI
2133 486 2448 548 ALTERA.

3396 479 3507 543 818

248 603 334 657 tlt'.
376 604 530 656 Κατά
576 603 891 674 Βοιόμίὶων
927 588 1274 659 κα“ι’πάντων
1310 605 1560 669 ἀσεϐῶν,
1596 605 1704 657 τῶν
1743 602 1817 674 μὴ

1929 601 2018 657 i9.
2051 602 2331 658 Adversus
2358 599 2669 672 Bogomilos
2710 605 2764 655 et
2793 613 2984 655 omnes
3018 597 3213 668 impios
3249 605 3510 668 negantes

336 695 642 763 Esxouixwv
674 699 732 748 τὺ
761 696 1046 766 βάπτισμα
1076 696 1108 766 ἢ
1141 697 1435 767 ἀδιάφορον
1463 695 1718 767 ἐχόντων.

291 781 595 852 Ὁμολογῶ
625 782 696 836 ἓν
717 784 1036 854 βάπτισμα
1065 788 1153 851 είς
1183 785 1406 852 ἄφεσιν
1435 783 1758 855 ἁμαρτιῶν.

313 875 587 929 Παύλου·
633 874 1007 946 Ὥμο).όγησας
1031 878 1130 947 τὴν
1150 877 1322 948 καλὴν
1345 876 1660 948 ὁμολογίαν.
1688 876 1817 944 Καὶ,

241 968 454 1037 Καρδίᾳ
491 971 590 1038 μὲν
626 968 1049 1034 πιστεύεταιείς
1082 971 1466 1040 δικαιοσύνην,
1502 970 1731 1040 στόματι
1765 970 1822 1023 δὲ

238 1060 588 1128 ὁμολογεῖται
617 1063 696 1122 είς
730 1062 1030 1131 σωτηρίαν.
1055 1058 1146 1122 Εἷς
1175 1061 1400 1131 Κύριος,
1424 1060 1520 1130 μία
1540 1061 1744 1124 πίστις,
1763 1058 1822 1112 ἓν

239 1152 551 1224 βάπτισμα.
581 1153 941 1219 Βατττίζοντες
961 1155 1158 1217 αὐτοὺς
1175 1157 1256 1218 είς
1276 1155 1472 1222 ἄφεσιν
1505 1153 1816 1222 ἁμαρτιῶν.

236 1277 306 1287 —-
336 1247 738 1315 Εὐαγγελίουο
763 1247 1128 1311 Βαπτίζοντες
1172 1248 1370 1309 αὐτοὺς
1423 1248 1501 1308 είς
1545 1246 1606 1299 τὸ
1647 1246 1820 1315 ὄνομα

235 1339 333 1392 τοῦ
371 1341 597 1407 [ἰατρὸς.
619 1340 715 1392 καὶ
741 1337 837 1392 τοῦ
857 1339 1012 1402 Υίοῦ,
1034 1339 1126 1392 καὶ
1153 1339 1248 1392 τοῦ
1286 1339 1442 1406 ἁγίου
1478 1337 1816 1415 Πνεῦματος.

237 1429 306 1484 κ’.
346 1432 503 1483 Κατὰ
539 1432 812 1502 Ἐλλήνων
841 1433 932 1486 καὶ
967 1431 1308 1504 Ὤριγένους,
1339 1431 1441 1500 τὴν
1468 1430 1578 1482 τῶν
1609 1430 1820 1502 νεκρῶν

306 1526 607 1576 ἀνάστασιν
647 1525 1022 1593 ἀθετούντων,
1059 1524 1135 1586 ὡς
1171 1523 1422 1577 ἐντεῦθεν
1463 1522 1555 1576 καὶ
1589 1521 1687 1593 τὴν
1725 1521 1820 1576 τοῦ

308 1617 561 1687 Σωτῆρος
589 1617 745 1686 ἡμῶν
778 1616 955 1686 Ἰησοῦ
988 1617 1252 1687 Χριστοῦ.

541 1702 866 1769 Προσδοκῶ
898 1703 1240 1757 ἀνάστασιν
1272 1703 1522 1774 νεκρῶν.

307 1794 592 1861 Πρὰξσων
617 1811 630 1826 ·
667 1795 803 1864 Περὶ
841 1795 1056 1859 ἐλπίδος
1088 1797 1183 1849 καὶ
1215 1797 1572 1862 ἀναστάσεως
1609 1799 1840 1868 νεκρῶν-

236 1887 349 1953 ὲγὼ
389 1887 670 1956 κρίνομαι.
700 1887 1064 1942 -Ἠσαΐουο
1099 1887 1521 1960 Ἀναστήσονται
1543 1890 1592 1943 oi
1610 1891 1816 1960 νεκροὶ,

233 1980 326 2030 καὶ
378 1977 774 2048 ἐγερθήσονται
792 1979 841 2030 oi
882 1980 942 2031 ἐν
969 1982 1079 2042 τοῖς
1102 1983 1416 2050 μνημείοις.
1447 2012 1512 2024 --
1531 1985 1778 2037 Παύλου
1802 1997 1819 2014 ⁸

245 2067 310 2119 Ἦ
349 2070 458 2138 γὰρ
492 2067 906 2138 ἀποκαραδοκία
940 2067 1039 2137 τῆς
1077 2068 1310 2131 κτίσεως
1341 2069 1443 2140 τὴν
1476 2070 1822 2139 ἀποκάλυψιν

233 2163 342 2212 τῶν
361 2161 494 2214 υίῶν
510 2159 603 2212 τοῦ
622 2159 755 2212 Θεοῦ
773 2160 1230 2231 ἀπεκδέχεται.-
1246 2164 1621 2233 Εὐαγτελίου
1644 2178 1658 2193 °
1689 2162 1821 2216 Ὀτε

233 2253 284 2304 οἱ
329 2253 516 2320 νεκροὶ
554 2250 882 2305 ἀκούσονται
921 2251 1022 2322 τῆς
1066 2255 1250 2325 φωνῆς
1295 2255 1389 2309 τοῦ
1436 2254 1593 2318 Θεοῦ,
1633 2255 1730 2307 καὶ¹
1771 2255 1834 2308 oi

236 2343 595 2410 ἀκούσαντες,
629 2343 910 2412 ζήσονται.

234 2434 405 2504 319
427 2433 532 2504 κβ’.
555 2434 709 2488 Κατὰ
725 2434 1030 2506 Ὠριγένους
1055 2436 1149 2488 καὶ
1170 2435 1348 2501 τοῦτο,
1367 2436 1654 2490 ἀλλοίωσιν
1668 2439 1725 2489 ἒν
1743 2437 1822 2508 τῷ

315 2526 565 2594 μέλλοντι
587 2526 904 2595 ληροῦντος,
936 2527 1033 2578 καὶ
1060 2527 1214 2590 τέλος
1242 2527 1514 2590 κολάσεως
1547 2529 1820 2594 λέγοντος.

348 2617 458 2670 Καὶ
492 2614 648 2682 ζωὴν
695 2616 804 2669 τοῦ
838 2615 1175 2683 μέλλοντος
1218 2615 1458 2684 αὶῶνος.
1507 2618 1712 2687 Ἀμήν.

314 2707 692 2776 Εὑαγγελίου
721 2722 736 2738 ⁸
785 2708 844 2762 '0
899 2709 1076 2777 μισῶν
1109 2711 1210 2780 τὴν
1239 2710 1419 2780 ψυχὴν
1448 2709 1614 2764 αὐτοῦ
1653 2712 1711 2764 ἐν
1743 2711 1822 2782 τῷ

237 2803 434 2871 κόσμῳ
483 2801 685 2871 τούτῳ,
720 2800 802 2863 είς
853 2800 1002 2870 ζωὴν
1065 2802 1283 2856 αἰώνιον
1343 2802 1568 2871 φυλάξει
1627 2801 1818 2872 αὐτήν.

235 2924 308 2938 .-.
328 2891 634 2959 Πράξεωνο
655 2890 881 2960 Διαλεγο
889 2893 1050 2962 μένου
1067 2893 1124 2946 δὲ
1145 2892 1311 2947 αὐτοῦ
1334 2895 1462 2964 περὶ
1477 2894 1822 2964 δικαιοσύνης

234 2989 333 3038 καὶ
388 2985 724 3054 ἐγκρατείας
772 2987 868 3037 καὶ
915 2985 1002 3038 τοῦ
1058 2987 1328 3055 κρίματος
1380 2986 1474 3039 τοῦ
1530 2986 1822 3056 μέλλοντος

236 3078 486 3145 ἔσεσθαι.
522 3105 593 3116 -
635 3076 897 3133 Ἡσαΐου·
938 3077 1124 3147 Πατὴρ
1156 3077 1250 3130 τοῦ
1291 3077 1572 3146 μέλλοντος
1601 3079 1822 3141 αἰῶνος.

235 3198 309 3208 -
333 3165 736 3233 Εὐαγγελὶου·
780 3163 924 3231 Ἐγὼ
950 3163 1052 3230 ζῶ,
1075 3167 1171 3220 καὶ
1197 3169 1223 3220 ό
1257 3166 1484 3237 τρώγων
1507 3185 1574 3238 με
1595 3169 1822 3239 ζήσεται

2134 695 2401 764 baptisma
2434 704 2529 748 aut
2561 694 2689 748 illud
2729 693 3042 762 iudicantes
3079 693 3293 748 inutile.

1926 781 2194 851 Conﬁteor
2217 801 2378 837 unum
2401 784 2664 854 baptisma
2683 786 2737 839 in
2764 786 3128 839 remissionem
3147 794 3507 852 peccatorum.

2000 875 2214 931 l’uuli’:
2245 876 2545 934 Confessus
2598 879 2797 934 bonam
2856 877 3260 934 confessionem
3283 879 3350 936 ⁸³.
3386 879 3453 934 Ει
3493 895 3509 933 :

1925 965 2103 1020 Corde
2151 966 2300 1021 enim
2339 967 2582 1022 creditur
2611 967 2677 1022 ad
2716 967 3006 1037 iustitiam,
3041 983 3137 1023 ore
3171 981 3350 1023 autem
3382 984 3514 1022 con-

1925 1055 2100 1112 fessio
2123 1056 2183 1112 tit
2212 1057 2278 1111 ad
2324 1059 2556 1112 salutem
2581 1059 2647 1112 “.
2707 1059 2864 1115 Unus
2893 1060 3179 1124 Dominus,
3211 1077 3318 1115 una
3353 1060 3509 1126 tides,
3551 1122 3554 1126 _

1925 1165 2094 1204 unum
2122 1149 2390 1221 baptisma
2427 1150 2493 1206 ³⁸.
2525 1149 2870 1221 Baptizantes
2903 1168 2998 1208 eos
3033 1154 3089 1207 iu
3129 1153 3512 1210 remissionem
3551 1139 3591 1153 ”

1925 1251 2273 1312 peccatorum
2307 1243 2372 1296 ³⁸.
2425 1273 2496 1284 -
2545 1245 2824 1314 Evangelii
2858 1259 2876 1299 :
2909 1246 3260 1314 Baptizantes
3309 1263 3405 1302 eos
3456 1249 3509 1302 in

1926 1334 2146 1387 nomine
2175 1332 2385 1398 Patris,
2410 1342 2464 1388 et
2499 1331 2647 1398 Filii,
2689 1341 2743 1388 et
2769 1333 3010 1403 Spiritus
3040 1335 3217 1390 sancti
3246 1337 3310 1389 ³⁷.

1922 1423 2013 1478 20.
2057 1423 2262 1479 Contra
2318 1424 2536 1480 Grmcos
2599 1433 2653 1479 et
2706 1426 2994 1496 Origenem
3049 1427 3508 1482 resurrectionem

1996 1525 2338 1573 mortuorum
2393 1517 2709 1587 rejicientes
2761 1526 2816 1573 et
2873 1528 3279 1589 consequenter
3334 1520 3510 1590 ipsam

2003 1610 2466 1665 resurrectionem
2518 1607 2824 1664 Salvatoris
2876 1610 3052 1664 nostri
3103 1608 3233 1666 Jesu
3279 1611 3507 1666 Christi.

2139 1700 2405 1774 Exspecto
2461 1704 2899 1757 resurrectionem
2943 1711 3296 1760 mortuorum.

1995 1793 2303 1848 Actorum:
2346 1792 2420 1848 De
2467 1806 2563 1863 spe
2607 1801 2661 1848 et
2717 1793 3140 1850 resurrectione.
3167 1803 3508 1850 mortuorum

1923 1898 2022 1954 ego
2072 1884 2385 1953 judicor".
2436 1914 2508 1925 —
2558 1883 3104 1955 Isaiw:Resurgent
3167 1887 3392 1951 mortui,
3455 1896 3512 1941 et

1926 1985 2153 2042 surgent
2182 1977 2277 2044 qui
2328 1975 2384 2030 in
2440 1976 2812 2032 monumentis
2847 1987 2997 2032 sunt.
3029 2006 3094 2017 -—
3134 1977 3294 2031 Pauli
3322 1996 3339 2032 :
3373 1978 3508 2032 Nam

1927 2069 2271 2140 exspectatio
2327 2078 2593 2124 creatura:
2661 2069 3050 2124 revelationem
3112 2069 3348 2123 liiiormn
3415 2068 3510 2124 Dei

1925 2167 2210 2230 exspectat
2236 2159 2301 2212 ³³.
2350 2187 2418 2198 -—
2472 2156 2750 2228 Evangelii
2790 2174 2810 2214 :
2842 2156 2980 2224 Quia
3039 2158 3240 2213 mortui
3289 2160 3512 2215 audient

1925 2265 2117 2307 vocem
2155 2249 2274 2305 Filii
2311 2250 2402 2306 Dei
2439 2259 2494 2307 et
2525 2252 2618 2321 qui
2653 2250 3260 2318 audierint,'vivent‘°.

1924 2435 2017 2492 21.
2042 2435 2325 2490 Adversus
2354 2431 2648 2502 Origenem
2685 2432 2909 2494 iterum.
2934 2431 3026 2502 qui
3055 2431 3214 2487 docet
3251 2424 3511 2488 mutatio-

1996 2543 2120 2582 nem
2144 2525 2262 2581 fore
2285 2526 2339 2579 in
2367 2525 2473 2578 vita
2505 2523 2707 2593 futura,
2729 2533 2782 2578 et
2806 2538 2997 2594 poenas
3019 2524 3179 2579 tinem
3207 2524 3507 2580 habituras.

2239 2617 2304 2671 Et
2337 2619 2498 2672 vitam
2535 2618 2742 2672 venturi
2775 2616 2979 2672 saeculi.
3021 2617 3212 2672 Amen.

1997 2708 2310 2780 Evangelii:
2340 2707 2444 2776 Qui
2469 2708 2582 2766 odit
2617 2707 2853 2762 ani-nam
2876 2723 3032 2762 suam
3063 2709 3117 2762 in
3150 2710 3252 2764 hoc
3283 2710 3506 2776 mundo,

1925 2801 1980 2856 in
2017 2802 2182 2856 vitam
2217 2811 2480 2856 aeternam
2529 2799 2769 2854 custodit
2811 2815 2933 2854 eam
2963 2799 3031 2854 “.
3079 2830 3150 2841 —
3203 2801 3451 2856 Actorum
3487 2817 3505 2854 :

1926 2892 2254 2964 Disptttante
2278 2899 2462 2966 autem
2499 2891 2590 2946 illo
2623 2890 2691 2947 de
2719 2891 2935 2960 iustitia
2977 2901 3031 2947 ct
3067 2893 3133 2946 de
3167 2893 3422 2948 castitate
3455 2904 3509 2948 ct

1924 2985 1994 3043 de
2040 2984 2251 3056 judicio
2301 2983 2490 3038 futuro
2516 2984 2585 3042 δ’.
2617 3013 2688 3025 -—
2716 2983 2878 3040 Isaiae
2910 2999 2928 3042 .'
2983 2983 3145 3039 Pater
3183 2985 3351 3040 futuri
3407 3001 3509 3039 sac-

1934 3078 2046 3133 culi
2080 3078 2149 3132 δ³.
2199 3105 2272 3116 -
2304 3075 2620 3146 Evangelii:
2648 3075 2762 3147 Ego
2805 3078 2954 3140 vivo,
2981 3086 3035 3132 et
3068 3077 3161 3146 qui
3215 3078 3508 3135 manducat

1927 3186 2015 3226 me
2065 3170 2208 3225 vivet
2260 3177 2486 3240 propter
2522 3185 2608 3225 me
2633 3168 2700 3224 “.
2735 3169 2799 3224 Et
2829 3187 2842 3222 :
2877 3170 2989 3240 Ego
3024 3186 3142 3226 sum
3175 3169 3507 3224 resurrectio

233 3257 300 3309 δι’
333 3257 458 3326 ἐμὲ.
483 3257 611 3324 Καὶ,
641 3255 786 3324 Ἐγώ
815 3259 933 3325 είμι
965 3259 998 3327 ἡ
1026 3260 1324 3322 ἀνάστασις
1343 3261 1436 3313 καὶ
1465 3263 1498 3331 ἡ
1526 3262 1662 3332 ζωή.
1693 3264 1822 3328 Ka“,

1931 3273 1985 3319 ct
2018 3262 2130 3316 vita
2157 3262 2226 3316 ⁸⁸.
2281 3260 2348 3314 Et
2385 3278 2399 3315 :
2461 3259 2623 3316 lhuut
2668 3263 2721 3316 hi
2765 3262 2819 3316 in
2857 3261 3185 3331 supplicium
3217 3271 3506 3325 mteruum,

233 3349 660 3404 ’Δπελεύσονται
689 3341 838 3402 οὗτοι
868 3353 948 3412 είς
982 3351 1203 3407 κόλασιν
1262 3353 1503 3420 αἰώνιον,
1545 3357 1594 3408 οἱ
1664 3355 1722 3408 δὲ
1745 3356 1825 3409 δί-

235 3457 380 3492 καιοι
405 3440 486 3504 εἰς
519 3437 666 3510 ζωὴν
702 3437 946 3496 αἰώνιον.
1003 3441 1203 3512 ’Δμή-ι.

1925 3357 2059 3428 iusti
2096 3364 2280 3411 autem
2335 3355 2388 3408 in
2436 3354 2602 3409 vitam
2651 3357 3002 3410 aeternam“.
3049 3359 3244 3409 Amen.

308 3624 352 3654 ³⁸
389 3624 406 3677 I
437 3625 586 3682 Tim.
636 3629 828 3695 ",12.
909 3629 954 3662 ⁸⁸
987 3627 1150 3682 Rom.
1195 3630 1341 3691 x,10.
1420 3629 1464 3661 ⁸³
1517 3626 1719 3696 Ephes.
1773 3645 1822 3682 tv

1925 3666 1940 3683 .
2014 3633 2059 3666 ³⁸
2114 3630 2247 3689 Luc.
2308 3647 2392 3696 ιιι,
2433 3633 2487 3687 5.
2567 3632 2614 3665 ³⁷
2658 3629 2854 3685 Matth.
2920 3630 3223 3694 xxvm,19.
3301 3623 3504 3696 "Act.

237 3711 394 3752 χχιιι.
432 3697 486 3749 6.
567 3700 612 3731 ³⁸
647 3699 803 3754 Rom.
830 3715 946 3760 νιιι.
978 3699 1065 3755 19.

237 3779 311 3830 τι,
368 3764 457 3819 58.
535 3767 749 3825 "Joan.
776 3785 854 3833 xi,
881 3770 971 3825 9.5.
1050 3770 1095 3803 "
1129 3770 1320 3827 Matth.
1352 3785 1478 3834 xxv,
1521 3768 1610 3824 46.

1142 3700 1188 3730 ’⁸ο
1218 3701 1377 3756 Joan.
1400 3714 1455 3760 ν,
1488 3698 1580 3770 25.
1661 3699 1704 3730 “
1727 3699 1902 3756 Joan.
1924 3713 2021 3770 xu,
2056 3702 2146 3759 25.
2226 3703 2272 3736 δ’
2301 3703 2424 3759 Act.
2449 3717 2598 3768 ιιιν,
2621 3701 2714 3756 25.
2789 3701 2836 3738 δ’
2860 3697 2967 3754 lsa.
3011 3715 3086 3764 Ix,
3119 3701 3151 3752 6
3185 3737 3200 3754 .

3281 3698 3327 3730 ιι
