4078 6288
450 446 554 511 831

1304 442 1677 523 srusours
1707 435 2450 502 THESSALONICENSIS
2480 416 2836 495 ARCHIEP.

3592 431 3704 492 832

444 569 497 612 (ι
527 560 592 612 ad
626 558 816 625 Deum,
846 569 972 615 tunc
1002 559 1104 615 etsi
1140 573 1536 629 cognoscamus
1559 572 1625 611 ex
1657 566 1809 626 parte
1840 556 2015 610 maxi-

2122 551 2218 604 xatl.
2252 550 2374 603 τότε
2408 549 2471 620 δὴ
2527 550 2764 616 γινώσκο
2797 563 2886 610 τες
2934 547 2998 600 ἐκ
3033 546 3232 616 μέρους
3279 544 3437 621 ἡμῶν
3468 546 3529 599 τὸ
3580 546 3706 598 λίαν

447 665 588 702 inani
620 662 856 702 nostram
889 648 1248 718 abjectionem
1278 656 1441 716 atque
1472 648 1794 701 tenuitatem
1821 685 1837 707 ,
1866 660 2016 713 quae-

443 745 564 794 dam
601 742 782 795 tamen
819 743 885 795 de
917 741 1078 796 rebus
1114 755 1278 809 super
1315 755 1412 794 nos
1443 738 1634 808 positis
1680 750 2017 808 cognoscere

442 830 731 900 gestimus,
765 845 901 901 quas
956 845 1022 884 ex
1068 829 1327 884 Patribus
1362 838 1703 892 mutuamur,
1750 833 1805 881 et
1848 826 1902 880 in
1938 825 2016 879 eis

446 919 777 973 sufficientes
807 935 929 975 esse
956 919 1202 982 nitimur,
1238 918 1369 972 nihil
1400 918 1596 972 harum
1645 918 2015 971 inscrutatnm

442 1012 861 1081 relinquentes;
896 1026 1136 1081 persaepe
1161 1010 1382 1080 quidem
1425 1009 1744 1078 interrogati
1775 1023 2015 1064 errorem

437 1105 857 1160 extimescimus
913 1123 924 1157 :
973 1118 1096 1157 cum
1149 1112 1327 1156 autem
1397 1098 1617 1170 peccata
1670 1111 1857 1156 nostra
1907 1103 2019 1157 sol-

436 1197 571 1251 liciti
611 1197 1011 1266 recogitamus,
1060 1195 1147 1248 illa
1191 1194 1418 1262 desuper
1470 1193 1626 1247 nobis
1667 1193 1871 1263 ignosci
1898 1208 2020 1262 pre-

434 1302 650 1351 camur,
687 1297 744 1340 ut
797 1302 902 1340 non
955 1280 1172 1339 incauta
1227 1294 1280 1338 et
1330 1285 1535 1338 incerta
1609 1283 1933 1353 loquamur;
1966 1292 2020 1337 et

437 1378 575 1432 idem
609 1379 823 1432 caeteris
883 1378 1180 1431 suademus
1208 1416 1224 1442 ,
1261 1376 1326 1430 de
1393 1376 1495 1429 hoc
1535 1387 1817 1446 prepterea
1853 1376 2021 1430 fusio-

438 1486 525 1524 res
565 1478 618 1523 et
665 1470 861 1524 multas
890 1469 1259 1522 allocutiones
1315 1467 1368 1520 in
1418 1464 1677 1522 Ecclesiis
1733 1467 2015 1521 habentes.

436 1561 720 1631 Disputare
752 1568 931 1616 autem
966 1570 1023 1614 et
1052 1559 1329 1628 inquirere
1375 1558 1441 1613 de
1497 1560 1649 1613 vanis
1697 1560 1879 1614 dubiis
1903 1575 2021 1613 cre-

434 1651 616 1704 dimus
673 1664 797 1705 esse
843 1650 999 1717 quasi
1054 1649 1280 1703 levioris
1320 1657 1375 1702 et
1420 1648 1626 1703 inutilis
1678 1640 1823 1704 cu'rae
1873 1651 2017 1707 circa

436 1746 674 1810 leporem
715 1758 896 1796 rerum
930 1740 1394 1807 domesticarum;
1438 1741 1483 1795 si
1531 1741 1656 1811 quis
1688 1752 1868 1797 autem
1901 1746 2016 1798 sol—

436 1835 620 1889 lit-itus
647 1835 719 1887 sit
747 1833 1020 1902 quomodo
1060 1829 1344 1901 passiones
1372 1831 1629 1899 depellat,
1680 1843 1735 1887 et
1762 1835 2012 1902 aliquam

434 1929 685 1995 acquirat
710 1925 997 1980 sanitatem
1032 1933 1086 1979 et
1112 1926 1176 1978 ad
1208 1924 1314 1978 hoc
1341 1923 1510 1979 Deum
1553 1925 1752 1979 habeat
1788 1926 2006 1980 miseri-

434 2018 655 2073 cordem
697 2027 744 2071 et
784 2016 1102 2086 propitium,
1136 2015 1242 2070 hoc
1273 2016 1413 2069 inter
1442 2016 1732 2071 utilissima
1763 2016 1895 2070 mihi
1929 2017 2014 2071 vi-

437 2109 621 2171 tietur,
657 2123 779 2160 cum
816 2117 999 2176 aptum
1039 2107 1107 2160 sit
1138 2106 1204 2161 ad
1231 2106 1485 2162 salutem.
1512 2106 1647 2161 Cum
1680 2123 1807 2161 vero
1846 2106 2012 2161 frater

436 2215 661 2268 necesse
695 2200 899 2252 habent
942 2199 1301 2269 interrogare,
1332 2198 1425 2267 qui
1464 2213 1562 2268 pro
1592 2214 1751 2268 posse
1782 2214 1884 2255 suo
1921 2215 2011 2254 re-

436 2293 690 2362 spondet,
736 2301 791 2346 et
839 2292 955 2358 ipse
985 2288 1237 2344 uieritum
1276 2292 1442 2346 habet
1475 2293 1765 2347 charitatis
1792 2301 1846 2347 et
1877 2295 2010 2349 obe-

434 2386 653 2440 dientiae
705 2386 979 2455 simulque
1022 2387 1246 2441 multam
1281 2387 1409 2442 inde
1458 2387 1621 2444 refert
1662 2389 1948 2444 utilitatem
1992 2406 2007 2445 :

438 2498 457 2527 ι
506 2477 696 2532 Frater
731 2478 874 2533 enim
913 2479 994 2548 (ut
1047 2480 1122 2531 ait
1176 2478 1484 2551 Scriptura)
1527 2481 1619 2550 qui
1658 2480 1948 2552 adiuvatur
1979 2497 2009 2536 a

432 2569 597 2624 fratre
622 2570 778 2636 quasi
805 2570 996 2624 civitas
1029 2570 1179 2625 llrma
1211 2573 1284 2625 ’.ι
1319 2571 1661 2643 Interrogare
1692 2575 1756 2627 de
1783 2575 2008 2631 veritate

429 2664 648 2730 sig-num
680 2669 761 2715 est
790 2662 912 2715 alue
934 2661 1295 2727 humilitatis;
1323 2665 1652 2733 respondere
1674 2675 1854 2721 autem
1885 2667 2005 2722 sine

424 2752 690 2821 jactantia
730 2753 943 2807 fructus
971 2764 1054 2809 est
1081 2755 1368 2809 charitatis
1396 2765 1448 2809 et
1471 2755 1796 2810 humilitatis
1828 2772 1842 2810 :
1877 2773 2006 2813 ecce

430 2845 596 2912 igitur
633 2847 882 2900 cedimus
924 2846 1174 2915 petitioni
1225 2855 1329 2900 tuae
1359 2862 1456 2916 pro
1490 2849 1633 2901 bono
1664 2858 1756 2903 tuo
1785 2865 2000 2920 scopo;

430 2943 654 3003 propter
682 2937 1059 2991 obedientiam
1095 2938 1419 2992 tenuitatem
1460 2948 1702 2995 nostram
1727 2941 2008 2997 oblivisci-

428 3040 571 3089 mnr,
608 3034 663 3079 et
697 3027 897 3094 quibus
942 3029 1411 3084 circumvenimur
1442 3032 1856 3101 oveupatioues,
1910 3052 2004 3089 ne-

434 3116 579 3183 gotia
611 3125 662 3168 et
695 3116 1043 3175 inﬁrmitates
1073 3136 1587 3191 parum-curamus.
1623 3123 1734 3178 lloc
1773 3127 1916 3179 cnim
1950 3126 2003 3180 in

2120 647 2378 698 ταπεινόν
2401 661 2460 697 τε
2493 643 2589 696 καὶ
2617 640 2925 713 χαμερπὲ·,
2955 640 3084 711 περὶ
3115 641 3213 710 μὲν
3239 639 3349 692 τῶν
3377 639 3517 706 ὑπὲρ
3546 639 3705 707 ἡμᾶς

2120 724 2307 791 ἒκεῖνσ.
2340 735 2649 804 σπεύδομεν
2701 734 2927 798 ἐννοεῖν,
2980 733 3192 800 ὅσαπερ
3246 729 3517 798 ἐλάϐομεν
3550 730 3704 797 παρὰ

2120 829 2231 881 τῶν
2284 828 2567 897 Πατέρων,
2599 825 2696 880 καὶ
2753 827 2811 877 ὲν
2848 824 3035 886 αὐτοῖς
3080 821 3367 892 ἀρκεῖσθαι
3401 821 3705 885 σπουδάξοὲ

2124 938 2225 990 μεν
2246 937 2269 951 ἠ
2297 921 2355 974 ού
2386 920 2495 989 γὰρ
2525 919 2750 978 ἐκείνοις
2776 934 2828 969 τι
2868 916 3140 983 ἀζήτητον
3169 913 3553 966 ὑπολέλειπται
3577 927 3591 940 ⁸
3632 911 3709 963 τὰ

2122 1012 2295 1065 πλείω
2357 1012 2413 1065 δὲ
2471 1006 2910 1081 παραιτούμεθα,
2963 1006 3055 1059 τὸν
3105 1004 3319 1059 ὄλισθον
3363 1003 3700 1065 δειλιῶντες.

2123 1103 2259 1170 Περὶ
2298 1101 2363 1153 δὲ
2394 1117 2458 1168 γε
2496 1100 2605 1153 τῶν
2641 1099 2931 1170 ἡμετέρων
2966 1096 3253 1168 ἁμαρτιῶν
3303 1096 3598 1167 μεριμνᾷν,
3629 1094 3707 1158 ιτις

2124 1180 2367 1260 ἀσφαλὲς
2423 1190 2774 1260 λογιζόμεθα,
2831 1189 2928 1243 καὶ
2973 1188 3247 1259 εύχόμεθα
3291 1189 3449 1239 τοῦτο
3495 1186 3705 1241 ἄνωθεν

2123 1284 2255 1350 ἡμῖν
2289 1280 2683 1350 βραϐευθῆναι,
2734 1281 2981 1341 καὶτοῖς
3035 1280 3245 1340 λοιποῖς
3290 1277 3699 1345 εἰσηγούμεθα·

2119 1364 2199 1425 διὸ
2228 1373 2295 1441 δὴ
2325 1372 2419 1426 καὶ
2442 1373 2533 1425 ἐπ’
2564 1372 2862 1442 ἐκκλησίας
2888 1373 3018 1435 τοὺς
3044 1371 3175 1442 περὶ
3194 1369 3387 1422 τούτου
3413 1370 3504 1421 ἐπὶ
3536 1369 3706 1422 πλέον

2122 1466 2428 1535 ποιούμεθα
2476 1465 2696 1533 λόγους.
2739 1467 2848 1519 Καὶ
2882 1465 2941 1516 τὸ
2984 1465 3083 1534 μὲν
3135 1463 3406 1528 θεολογεῖν
3453 1462 3547 1515 καὶ
3577 1462 3701 1513 δια-

2121 1561 2310 1629 πορεῖν
2360 1559 2693 1630 λεπτοτέρας
2734 1544 2881 1621 τινδς
2922 1562 3015 1610 καὶ
3066 1556 3378 1626 ἀμερίμνου
3412 1556 3499 1608 διὰ
3531 1555 3702 1607 καθα-

2124 1650 2326 1722 ρότητα
2374 1652 2500 1719 περὶ
2555 1650 2624 1703 τὰ
2669 1652 2845 1704 οίκεῖα
2905 1649 3138 1717 μελέτης
3180 1648 3512 1716 νομίζομενο
3545 1647 3604 1698 τὸ
3653 1644 3702 1699 δ’

2119 1742 2465 1812 ὲμμέριμνον
2495 1735 2633 1795 εἶναί
2661 1759 2782 1795 τινα
2810 1742 2957 1804 ὅπως
2988 1741 3097 1794 τῶν
3141 1741 3330 1793 παθῶν
3373 1738 3696 1808 καθαρθείη,

2123 1833 2217 1886 καὶ
2270 1832 2543 1894 ἀπαθείας
2592 1850 2645 1885 τι
2696 1833 2860 1903 μέρος
2894 1833 3183 1902 κτήσηται,
3239 1831 3458 1884 καὶιδιὰ
3505 1830 3698 1883 τούτου

2119 1925 2277 1978 ἵλεων
2301 1924 2452 1995 εὖροι
2482 1910 2643 1989 Θεὸν,
2669 1927 2778 1978 τῶν
2807 1925 3253 1992 ἀναγκαιοτάτων
3284 1925 3409 1992 ἐμοὶ
3432 1923 3698 1977 δοκεῖκαὶ

2117 2017 2255 2088 πρὸς
2305 2017 2585 2087 σωτηρίαν
2640 2018 2907 2086 ἀγόντων.
2952 2018 3107 2070 Ἐπεὶ
3145 2017 3195 2071 δ’
3239 2018 3538 2083 ἀναγκαῖον
3599 2016 3695 2068 καὶ

2116 2111 2280 2162 παντὶ
2313 2109 2388 2178 τῷ
2438 2110 2761 2178 ἀδελφικῶςν
2783 2110 3063 2181 ἐρωτῶντι
3109 2108 3252 2163 κατὰ
3287 2109 3516 2175 δύναμιν
3550 2108 3686 2160 ἀπ’)-

2113 2201 2425 2270 κρίψσθαι,
2478 2202 2596 2271 ἅμα
2654 2203 2754 2272 μὲν
2787 2203 2876 2256 διὰ
2923 2203 3023 2271 τὴν
3066 2204 3287 2272 ἀγάπην
3330 2219 3389 2254 τε
3424 2202 3518 2255 καὶ
3548 2201 3692 2255 ὑπα-

2113 2294 2267 2361 κοὴν,
2328 2294 2447 2364 ἃμα
2492 2294 2548 2347 δὲ
2604 2295 2703 2349 καὶ
2761 2294 2849 2349 διὰ
2906 2296 3004 2364 τὴν
3062 2296 3343 2365 ἑπομένην
3405 2295 3694 2363 ὠφέλειαν,

2122 2385 2410 2452 ι’Ᾱδελφδς
2440 2385 2549 2456 γὰρ
2585 2386 2679 2439 ύπ⁹
2702 2385 2935 2455 ἀδελφοῦ
2994 2386 3361 2456 βοηθούμενος
3406 2387 3481 2448 ὡς
3538 2387 3693 2449 πόλις

2113 2475 2320 2547 (φησὶν)
2340 2477 2534 2548 ὀχυρὰ,
2566 2496 2585 2530 ι
2619 2476 2712 2532 καὶ
2727 2478 2785 2530 τὸ
2799 2478 3063 2549 διερωτᾷν
3084 2479 3139 2532 δὲ
3164 2480 3222 2532 ὲν
3249 2478 3476 2549 ἀληθείᾳ
3498 2480 3697 2548 δεῖγμα

2116 2567 2216 2638 μὲν
2256 2567 2643 2632 ταπεινώσεως
2673 2569 2771 2639 τῆς
2819 2570 3132 2640 ἀνυψούσης
3167 2571 3307 2637 ἐστὶ,
3339 2572 3399 2624 τὸ
3438 2574 3696 2640 ἀκομπὲ-

2116 2675 2259 2722 στως
2291 2659 2346 2712 δὲ
2379 2660 2772 2731 ἀποκρίνεσθαι
2800 2656 2955 2720 αὖθις
2987 2662 3197 2729 καρπὸς
3227 2662 3446 2731 ἀγάπης
3475 2665 3569 2716 καὶ
3594 2681 3691 2717 τα-

2111 2745 2462 2810 πεινώσεωςε
2497 2748 2605 2802 ἰδοὺ
2655 2748 2798 2803 κατὰ
2827 2749 2925 2819 τὴν
2956 2750 3056 2821 σὴν
3086 2752 3302 2821 αἴτησιν
3342 2752 3565 2823 είκομὲν
3595 2771 3690 2807 σου

2111 2838 2190 2908 τῷ
2223 2838 2416 2908 ἀγαθῷ
2452 2839 2644 2908 σκοπῷ
2674 2840 2768 2893 καὶ
2801 2839 3157 2910 κελεύσματι,
3186 2844 3273 2898 διὰ
3295 2845 3391 2914 τὴν
3419 2845 3689 2917 ὑπακοὴν,

2113 2932 2207 2984 καὶ
2236 2934 2339 3000 τῆς
2364 2931 2647 2998 ἀσθενείας
2679 2934 2836 3003 ἡμῶν
2868 2934 3274 3005 ἐπιλαθόμενοι,
3308 2938 3403 2991 καὶ
3426 2939 3531 2992 τῶν
3567 2942 3689 2993 ἑπι-

2112 3017 2384 3088 κειμένων
2415 3023 2714 3092 φροντίδων
2736 3025 2832 3078 καὶ
2861 3025 3096 3095 θλίψεων
3122 3028 3685 3102 κατολιγωρήσαντες.

2113 3112 2286 3164 Τοῦτο
2320 3113 2376 3165 δὲ
2424 3113 2520 3179 καὶ
2555 3114 2615 3166 ὲν
2660 3114 2938 3178 πλείστοις
2992 3117 3206 3186 εἴδομεν
3259 3121 3366 3173 τῶν
3402 3122 3686 3194 Πατέρων,

433 3210 705 3279 p’erisqtte
738 3210 810 3264 Pa
826 3212 1001 3266 tribus
1030 3212 1280 3268 videmus
1325 3198 1482 3268 etab
1517 3214 1649 3283 ipsis
1698 3214 1876 3271 facere
1904 3217 2005 3272 do—

2112 3203 2207 3255 καὶ
2256 3206 2384 3274 παρ’
2438 3204 2620 3258 αὐτῶν
2664 3205 3048 3277 ἐδιδάχθημεν,
3103 3208 3394 3277 ἐξαιρέτως
3429 3212 3486 3266 δὲ
3537 3215 3688 3280 παρὰ

426 3315 639 3374 remur,
659 3304 956 3369 praesertim
978 3304 1030 3357 in
1050 3304 1316 3373 theologis
1338 3304 1522 3359 divino
1545 3305 1926 3374 Amphilochia
1954 3318 2007 3363 et

427 3370 555 3445 vT-re
602 3391 839 3445 maxime
887 3393 1112 3456 Basilio,
1145 3408 1285 3462 quos
1334 3393 1576 3448 vicissim
1613 3395 1800 3451 videre
1834 3405 2017 3463 estet

426 3481 755 3548 qua-stiones
797 3497 999 3550 ponere
1035 3493 1087 3537 et
1116 3483 1248 3538 dare
1278 3500 1541 3551 responsa
1578 3501 1592 3538 :
1629 3495 1860 3559 uterque
1903 3505 1999 3545 an-

427 3582 532 3623 tum
567 3574 857 3629 thesaurus
886 3573 1125 3644 Spiritus
1156 3577 1331 3630 sancti
1362 3593 1377 3629 :
1407 3593 1577 3648 quare
1621 3594 1688 3635 ex
1735 3581 2006 3639 alterutro

427 3663 663 3731 quisque
694 3673 997 3721 mutuatur.
1024 3667 1250 3721 Paulum
1283 3669 1571 3727 imitantur
1594 3674 1688 3742 qui
1716 3687 2006 3745 coaposto-

427 3756 494 3810 |:s
526 3755 798 3826 Evangelii
831 3756 1138 3813 doctrinam
1184 3762 1529 3830 suggerebat,
1577 3773 1632 3819 et
1680 3766 1827 3835 quod
1880 3767 1998 3837 ipse

428 3847 637 3901 \idcrat
682 3849 786 3904 hoc
829 3851 1161 3906 nitidissime
1211 3852 1408 3909 docere
1437 3856 1734 3923 nitebatur:g
1767 3858 2004 3914 Basilius

421 3941 701 4010 theologus
735 3942 851 4011 qui»
884 3944 1247 4013 respondebat
1291 3954 1417 4000 ante
1445 3946 1806 4015 profitebatur
1834 3956 1910 4009 se:
1938 3965 2003 4004 ex

392 4033 793 4101 .interrogante
842 4035 1105 4102 proﬁcere
1129 4077 1143 4102 ,
1177 4045 1230 4089 et
1264 4051 1387 4105 quae
1420 4038 1772 4106 responderet
1803 4056 1910 4095 non
1938 4056 2004 4096 ex

424 4124 628 4192 St-ipso,
675 4122 769 4176 sed
803 4140 864 4176 ex
909 4125 1354 4181 antecessoribus
1383 4126 1775 4198 desumpsisse.
1819 4138 1874 4185 et
1924 4145 2005 4185 re-

422 4230 620 4280 snt-usa
668 4202 981 4271 stabiliebat
1036 4201 1177 4273 sicut
1236 4218 1474 4273 stabilita
1552 4221 1620 4275 ab
1677 4221 1783 4277 illis
1822 4231 2000 4277 erant.

428 4307 677 4373 Ipsorum
719 4307 971 4377 precibus
1006 4323 1156 4365 nunc
1202 4300 1255 4362 et
1303 4325 1404 4367 nos
1444 4312 1634 4367 confisi
1679 4314 1732 4368 in
1768 4314 2007 4370 'Christo

426 4401 547 4461 tibi,
605 4401 698 4468 qui
745 4401 958 4456 doctior
990 4401 1146 4456 nobis
1175 4418 1255 4469 es,
1292 4403 1530 4459 fraterne
1561 4422 1684 4475 qua:
1715 4422 2002 4475 possumus

420 4490 655 4543 dicimus
694 4501 917 4559 propter
941 4491 1312 4547 obedientiam
1340 4502 1393 4547 et
1424 4495 1770 4551 charitatem.
1803 4499 1867 4553 Et
1894 4499 1995 4556 hoc

2108 3293 2218 3345 τῶν
2249 3294 2553 3366 θεηγόρων,
2597 3297 2951 3367 ’Δμφιλοχίου
3004 3298 3098 3352 τού
3133 3300 3278 3353 θείου
3341 3305 3436 3355 καὶ
3467 3302 3562 3355 τοῦ
3593 3321 3687 3373 με-

2108 3382 2296 3451 γίστου
2330 3386 2549 3458 ἀληθῶς
2594 3388 2903 3455 Βασιλείου,
2930 3386 3007 3446 ὧν
3033 3392 3061 3444 ό
3096 3392 3195 3461 μὲν
3232 3392 3299 3447 τὰ
3337 3394 3447 3448 τῶν
3476 3396 3686 3465 ὲρωτήυ

2111 3491 2269 3540 σεων,
2303 3478 2330 3530 ὀ
2352 3477 2409 3530 δὲ
2436 3475 2504 3531 τὰ
2552 3476 2662 3530 τῶν
2700 3480 3051 3552 ἀποκρίσεων
3093 3482 3350 3540 ἐποιεῖτο.
3399 3486 3593 3539 Καίτοι
3618 3504 3686 3555 γε

2107 3565 2277 3635 ἄμφω
2325 3567 2471 3622 οὗτοι
2528 3568 2847 3639 Πνεύματος
2905 3571 3063 3639 ἁγίου
3122 3573 3376 3643 δοχεῖα,,
3414 3575 3552 3630 ἀλλὰ
3621 3576 3687 3630 τὸ

2106 3659 2350 3728 ἀσφαλὲς
2379 3658 2437 3725 ἐξ
2474 3660 2739 3733 ἑκατέρου
2771 3662 3078 3732 ἐλάμϐανεν
3124 3664 3376 3734 ἕκαστος,
3410 3668 3687 3738 μιμούμε-

2106 3766 2188 3803 νοι
2218 3750 2311 3803 τὸν
2340 3750 2550 3804 Παῦλον
2589 3754 2638 3804 oi
2669 3752 2811 3807 κατὰ
2861 3754 3092 3823 Παῦλον,
3118 3760 3232 3820 τοῖς
3260 3761 3684 3823 συναποστόλοις

2107 3840 2177 3895 τὰ
2206 3840 2300 3893 τοῦ
2352 3842 2688 3911 Εὑαγγελίου
2734 3846 3104 3916 κοινούμενον.
3153 3849 3266 3902 Καὶ
3309 3852 3338 3904 ό
3385 3852 3485 3921 μὲν
3537 3852 3685 3922 ειπερ

2106 3928 2246 4001 ᾔδει,
2298 3931 2685 4002 καθαρώτερον
2739 3935 2925 4013 ἐζήτει
2974 3939 3166 4009 μαθεῖν
3190 3957 3204 3973 ·
3243 3940 3526 4008 Βασίλειος
3562 3946 3616 4000 δὲ
3647 3948 3678 3999 ό

2107 4020 2420 4094 θεοφάντωρ
2480 4024 2911 4098 ἀποκρινόμενος
2961 4026 3050 4099 ἦν,
3080 4033 3170 4085 καὶ
3219 4034 3372 4100 παρὰ
3415 4035 3513 4089 τοῦ
3543 4036 3678 4105 ἐρω-

2105 4113 2307 4178 τῶντος
2341 4114 2673 4185 ὠφελεῖσθαι
2711 4120 3122 4190 προοιμιάζετο.
3152 4122 3265 4177 Καὶ
3306 4124 3514 4196 ὅσαπερ
3543 4127 3680 4178 ἀπι-

2106 4203 2349 4275 κρίνατο,
2392 4208 2491 4260 οὐκ
2528 4207 2623 4276 ἀφ’
2656 4206 2876 4272 ἑαυτοῦ,
2927 4209 3046 4263 ἀλλ’
3074 4211 3181 4264 ἀπὸ
3210 4212 3321 4265 τῶν
3351 4217 3458 4286 πρὸ
3486 4213 3675 4279 αὑτοῦ,

2105 4293 2286 4356 καθὼς
2314 4294 2643 4364 παρέλαδεν,
2668 4299 2844 4366 ἔλεγε,
2866 4301 2961 4353 καὶ
2981 4300 3051 4355 τὰ
3077 4301 3209 4372 παρ’
3234 4304 3451 4369 ἑαυτοῖς
3470 4305 3674 4374 ὁμοίως

2105 4384 2334 4450 ἐκείνοις
2392 4387 2640 4452 tamen.
2696 4391 2832 4453 Ταῖς
2884 4392 3071 4463 εὐχαῖς
3128 4395 3304 4449 τοίνυν
3359 4396 3541 4450 αὐτῶν
3580 4399 3674 4452 καὶ

2105 4476 2267 4544 ἡμεῖς
2302 4477 2677 4549 θαρρήσαντες
2718 4483 2776 4535 ὲν
2804 4483 3055 4553 Χριστῷ,
3099 4488 3184 4539 σοι
3221 4487 3298 4559 τῷ
3344 4488 3507 4542 είδότι
3536 4490 3673 4561 ὑπὲρ

421 4581 628 4635 dederit
662 4548 925 4636 Dominus
947 4582 1040 4652 qui
1070 4590 1157 4639 est
1184 4581 1424 4640 Verbum
1458 4585 1664 4653 Patris,
1692 4587 1881 4644 vivens
1905 4604 1963 4645 sa
1981 4622 1996 4636 ρ

2112 4568 2255 4636 ἡμᾶς
2304 4569 2605 4640 ἀδελφικῶ;
2638 4574 2707 4627 τὰ
2751 4548 2892 4628 κατᾶ
2925 4548 3155 4648 δύναμιν
3198 4548 3430 4648 λέγομεν
3457 4581 3549 4635 διὰ

424 4671 656 4741 pienlia,
681 4674 774 4741 qui
807 4682 861 4726 ιιι
894 4674 1136 4747 omnium
1166 4674 1315 4730 novit
1358 4690 1657 4742 sermones,
1694 4679 1786 4748 qui
1811 4684 1993 4736 omnia

422 4767 587 4817 verbo
625 4756 725 4818 suo
758 4771 1020 4833 operatus
1059 4774 1144 4819 est
1187 4775 1243 4821 et
1289 4782 1463 4837 usque
1507 4769 1670 4824 modo
1712 4780 1993 4840 cperatur,

423 4857 562 4909 dans
596 4855 750 4910 nobis
788 4871 1095 4911 sermonem
1133 4862 1547 4916 convenientem
1572 4861 1639 4916 ad
1673 4864 1991 4919 solvendum

426 4960 550 5014 quae
576 4945 628 4997 in
671 4943 1066 5013 qumstiouibus
1098 4946 1182 5003 bis
1221 4948 1598 5005 includuntur.
1649 4950 1802 5008 Unde
1830 4962 1884 5008 et
1929 4955 1996 5009 ad

425 5039 656 5108 primam
689 5035 1045 5106 quaestionem
1081 5040 1494 5108 respondemus.

1024 5299 1349 5367 QUAESTlO
1387 5303 1430 5359 l.

424 5394 543 5460 Qua
576 5395 777 5448 ratione
802 5392 1019 5465 angelus
1048 5409 1187 5461 ηερε
1219 5393 1314 5447 sub
1347 5394 1570 5448 hominis
1600 5394 1774 5462 [arma
1816 5409 1988 5465 appa-

497 5473 627 5527 reat,
670 5473 719 5518 et
760 5463 1019 5533 quomodo
1058 5465 1263 5518 dwmon
1292 5466 1701 5533 transﬁguntur
1737 5467 1792 5518 in
1834 5463 1990 5533 unge-

495 5534 603 5586 lum
634 5536 780 5587 lucis.
826 5533 1099 5598 Quomodo
1132 5545 1363 5604 versetur
1408 5543 1635 5604 agatque
1673 5533 1764 5604 ille
1804 5549 1986 5604 expers

493 5608 728 5657 materia:
752 5612 799 5675 et
846 5606 1205 5675 incorporeus.
1230 5602 1321 5675 ,Ει
1365 5620 1487 5657 num
1528 5602 1703 5675 angeli
1739 5603 1835 5657 sub
1866 5603 1988 5657 aliis

495 5686 748 5738 apparere
780 5674 963 5739 [armis
992 5673 1197 5727 valeant
1218 5674 1244 5726 ?

499 5756 747 5812 Formam
787 5760 1003 5828 quidem
1035 5762 1226 5817 harum
1275 5763 1644 5834 angelicorum
1698 5762 1988 5834 apparitio-

492 5904 505 5930 ¹
542 5900 698 5954 l‘rov.
732 5916 878 5957 mn,
929 5898 1009 5953 l9.

2102 4659 2348 4728 ὑπακοὴ-ι
2398 4663 2490 4715 καὶ
2520 4663 2769 4734 ἀγάπην,
2799 4664 2908 4718 Καὶ
2954 4666 3065 4737 δῴη
3113 4669 3316 4736 Κύριος
3347 4671 3376 4723 δ
3407 4670 3505 4725 τοῦ
3533 4670 3671 4726 Θεοῦ

2102 4753 2313 4824 ηατρδς
2339 4753 2504 4825 324
2547 4754 2739 4821 Λόγος,
2765 4757 2799 4826 η
2842 4757 2993 4821 ζῶσα
3028 4758 3211 4827 σοφία,
3245 4761 3273 4813 ό
3317 4761 3410 4813 καὶ
3438 4761 3565 4824 τοὺς
3580 4762 3674 4814 »λό-

2100 4861 2229 4912 γους
2262 4847 2479 4900 πάντων
2512 4847 2688 4914 εἰδὼς,
2720 4847 2818 4901 καὶ
2849 4849 3028 4904 πάντα
3070 4852 3213 4905 κατὰ
3255 4850 3410 4920 λόγον
3438 4854 3671 4923 ποιήσας

2101 4955 2161 4990 τε
2206 4937 2298 4989 καὶ
2329 4938 2521 5002 ποιῶν,
2549 4939 2643 4992 καὶ
2672 4937 2829 5007 λόγον
2880 4942 3013 5011 ἡμῖν
3057 4943 3232 5007 διδοὺς
3275 4944 3551 5015 ἁρμοδίως
3598 4950 3674 5000 εί-

2107 5028 2336 5097 ρηκὲναι
2383 5030 2450 5082 τὰ
2484 5029 2622 5100 πρὸς
2673 5030 2771 5092 τὰς
2827 5031 3051 5095 πεύσεις
3087 5038 3449 5090 συντείνοντα.
3507 5037 3668 5093 Ὅθεν

2107 5118 2245 5184 πρὸς
2269 5116 2367 5187 τὴν
2400 5117 2623 5190 πρώτην
2647 5117 2917 5189 ἐρώτησιν
2946 5121 3204 5193 τοιαύτην
3234 5124 3535 5195 ποιούμεθα
3570 5127 3668 5198 τὴν

2102 5207 2420 5277 ἀπόκρισιν.

2665 5301 2994 5357 ΕΡΩΤΗΣΙΣ
3031 5305 3110 5362 Δ’.

2109 5393 2229 5469 Th}
2280 5394 2779 5469 τρόπῳ⁶ρᾳίνεζιιι
2812 5395 3127 5469 πολλάκις
3175 5399 3252 5464 ὡς
3303 5400 3667 5469 ἄνθρωποςό

2165 5463 2424 5537 ἄγγελος
2441 5480 2460 5528 ;
2489 5465 2597 5518 Καὶ
2633 5463 2760 5537 πῶς
2788 5468 2820 5519 ό
2845 5465 3074 5537 δαίμων
3099 5463 3667 5537 μετασχηματίζεται

2161 5532 2538 5605 εὶς-,ἄγγελον
2565 5534 2758 5602 φωτός
2772 5550 2791 5598 ;
2815 5535 2923 5588 Καὶ
2944 5532 3077 5600 ’πῶς
3100 5532 3520 5605 ὄμιλεῖἇῧλος
3548 5541 3667 5603 dir:

2168 5604 2273 5656 Καὶ
2297 5605 2355 5679 εί
2383 5603 2675 5679 δύνανται
2701 5606 2755 5658 al
2775 5605 3021 5673 ἄγγελοι·
3050 5603 3149 5659 καί
3176 5608 3256 5672 εἰς
3287 5603 3509 5677 ἐτέρας
3536 5610 3664 5679 φαί-

2166 5675 2377 5728 νεσθαι
2399 5674 2637 5743 μορφάς
2663 5690 2683 5738 ;

2170 5762 2273 5816 Τὸν
2323 5762 2525 5833 τρόπον
2569 5765 2669 5833 μὲν
2712 5762 2817 5816 vim
2872 5764 3129 5820 τοιούτων
3188 5766 3493 5834 ἀγγελικῶν
3531 5767 3659 5838 δρα-
