4078 6288
398 315 503 375 8‘33

1100 315 1500 376 IlESPONSA
1548 318 1650 376 AD
1719 317 2171 379 GABRIELEM
2216 319 2930 380 PENTAPOLITANUM.

3534 317 3641 381 834

401 442 559 489 σνων,
598 424 779 495 Πάτερ
811 425 904 476 καὶ
954 423 1166 492 casm,
1203 425 1335 486 Θεὸς
1381 426 1449 479 ἂν
1481 426 1647 496 εἰδείη
1687 428 1963 497 καθαρῶς,

2094 451 2228 498 runt,
2262 432 2425 488 Pater
2479 443 2532 488 et
2580 436 2766 497 frater.
2806 434 2955 488 solus
3006 434 3146 487 Deus
3183 431 3327 485 videt
3355 429 3634 493 distincte,

397 520 425 569 6
454 518 542 573 καὶ
578 518 757 570 πάντα
782 517 847 568 ἐκ
886 515 959 587 μὴ
985 517 1154 569 ὄντων
1182 517 1523 586 πεποιηκὼς,
1556 519 1646 571 καὶ
1678 517 1773 588 τὴν
1804 517 1967 584 φύσιν

396 606 628 658 ἑκάστου
664 606 770 656 τῶν
816 605 984 656 ὄντων
1031 604 1126 656 καὶ
1182 604 1308 665 τοὺς
1336 595 1541 671 λόγους
1584 605 1744 671 μόνος
1776 603 1964 666 εἰδῶς’

399 701 558 766 ἡμεῖς
603 699 661 752 δέ
709 697 860 766 παρὰ
908 697 1018 748 τῶν
1059 695 1232 761 ἁγίων
1280 668 1549 760 ὀπτασίας
1584 668 1692 767 -μέν
1720 697 1969 763 ἀγγέλων

401 790 677 860 ἐμάθομεν
696 806 710 820 ο
741 790 889 852 ὅπως
917 789 973 842 δὲ
1006 789 1243 857 γίνονται
1277 789 1376 841 οὐκ
1418 789 1720 856 ἐμάθομεν,
1750 791 1845 842 καὶ
1869 789 1969 840 οὐκ

401 883 687 953 ἀνθρώπου
739 884 900 953 μόνον
940 883 997 935 ἐν
1022 883 1173 949 εῖδει,
1208 882 1341 934 ἀλλὰ
1372 882 1466 935 καὶ
1520 882 1579 934 ἐν
1609 882 1797 944 ἄλλαις
1829 898 1973 949 γινο-

407 975 574 1041 μένας
610 974 796 1036 ἰδέαις.
840 975 951 1027 Kal
992 974 1101 1044 γὰρ
1132 972 1485 1044 τετράμορφα
1535 974 1634 1043 μὲν
1666 974 1734 1027 τὰ
1761 974 1971 1043 Χερου-

405 1063 509 1133 ϐὶμ
560 1063 661 1116 καὶ
711 1063 1075 1133 πολυόμματα
1124 1066 1219 1117 καὶ
1255 1065 1692 1135 τετραπτέρυγα,
1737 1067 1831 1117 καὶ
1883 1079 1972 1114 κε-

406 1154 581 1225 φαλάς
634 1155 907 1225 τέσσαρας
953 1155 1305 1225 κεκτημέναο
1360 1155 1595 1229 καὶ-την
1647 1155 1745 1224 μέν
1782 1154 1974 1222 ὁμοίαν

404 1247 584 1309 ἀετοῦ,
621 1249 720 1315 τὴν
785 1248 839 1300 δέ
870 1245 1011 1314 βοὸς,
1049 1249 1147 1314 τὴν
1179 1247 1232 1299 δὲ
1271 1248 1505 1309 λέοντος,
1553 1248 1651 1317 τὴν
1680 1246 1734 1298 δὲ
1766 1243 1975 1315 ἀνθρώ-

408 1356 547 1392 πουο
581 1342 674 1391 καὶ
698 1338 837 1407 ,περὶ
863 1340 1094 1391 ἑκάστου
1132 1339 1337 1392 τούτων
1377 1339 1583 1402 οἰκείας
1635 1337 1843 1398 ἐννοίας
1883 1339 1976 1390 καὶ

407 1431 697 1500 διαφόρως
748 1432 796 1483 οἱ
846 1431 992 1498 ἆγιοι
1059 1429 1289 1499 ἔφησαν.
1339 1432 1448 1484 Καὶ
1506 1432 1574 1482 τὰ
1621 1431 1869 1500 Σεραφὶμ
1919 1428 1977 1481 δὲ

410 1523 759 1591 ἐξαπτέρυγα
805 1518 958 1576 εἷπον
1015 1524 1063 1575 ol
1109 1521 1407 1593 προφῆται,
1443 1523 1535 1576 καὶ
1594 1522 1976 1593 θερμαίνοντα,

412 1617 507 1669 xal
563 1617 861 1685 πυρόεντα,
896 1616 991 1669 καὶ
1034 1615 1346 1684 καλούμενα
1398 1613 1570 1676 οὕτως
1612 1613 1856 1682 ἔμπυρα,
1906 1611 1981 1669 ὡς

412 1712 508 1763 καὶ
560 1709 628 1762 τὰ
678 1708 961 1780 Χερουϐὶμ
1016 1706 1272 1777 γνώσεως
1309 1706 1483 1777 χύσιν,
1540 1706 1635 1759 καὶ
1691 1704 1858 1766 πόδας
1906 1704 1981 1755 εί-

2072 543 2193 581 cum
2215 527 2331 593 ipse
2354 527 2533 582 omnia
2564 526 2631 580 de
2660 526 2828 579 nihilo
2859 525 3067 588 fecerit,
3100 523 3356 592 solusque
3389 532 3638 575 naturam

2069 629 2127 673 et
2174 634 2458 674 sermones
2488 619 2754 689 cujusque
2798 619 3008 672 entium
3044 615 3277 669 noverit.
3308 612 3419 668 Nos
3444 625 3576 665 vero
3606 625 3636 663 a

2075 709 2280 764 sanctis
2314 708 2628 779 angelorum
2665 707 3036 776 apparitiones
3067 704 3329 760 discimus
3357 716 3516 767 ,non
3545 715 3639 752 au-

2075 813 2182 859 tem
2214 804 2486 872 quomodo
2515 802 2676 867 fiant;
2708 816 2848 870 quas
2871 816 2977 854 non
3014 798 3067 852 in
3099 798 3211 851 sola
3240 795 3412 850 forma
3442 802 3497 848 et
3521 807 3640 861 spe-

2074 898 2159 951 cie
2184 895 2444 958 hominis,
2474 893 2568 949 sed
2594 893 2646 947 in
2668 894 2789 948 aliis
2812 907 3025 961 quoque
3050 888 3241 943 formis
3267 887 3380 940 fieri
3402 886 3632 939 scimus.

2079 990 2288 1043 Etenim
2321 985 2616 1041 Cherttbim
2639 971 2895 1039 dicuntur
2928 984 3127 1038 habere
3151 988 3385 1050 quatuor
3412 976 3639 1034 formas.

2079 1080 2262 1150 plut-es
2315 1078 2527 1139 oculos,
2579 1087 2813 1145 quatuor
2873 1075 2988 1130 alas
3035 1084 3089 1127 et
3132 1083 3369 1141 quatuor
3409 1069 3591 1150 capita
3624 1107 3639 1126 .

2077 1171 2271 1240 aquilae
2290 1169 2519 1231 scilicet,
2550 1165 2725 1229 bovis,
2765 1166 2938 1220 leunis
2961 1176 3013 1218 et
3039 1163 3300 1224 hominis,
3330 1171 3380 1215 et
3406 1145 3471 1212 in
3508 1175 3647 1212 una-

2078 1277 2292 1332 quaque
2342 1262 2534 1315 harum
2598 1257 2903 1328 specierum
2953 1256 3124 1309 sancti
3163 1255 3296 1323 ipsis
3339 1251 3645 1307 attribuunt

2081 1356 2328 1411 notiones
2368 1349 2615 1421 proprias
2644 1357 2699 1404 et
2729 1348 2998 1403 diversas.
3035 1346 3404 1415 Erprophetae
3450 1343 3642 1396 dicunt

2079 1444 2367 1511 Seraphim
2395 1457 2486 1497 sex
2520 1443 2637 1495 alas
2663 1453 2873 1508 gerere,
2903 1450 2950 1491 et
2987 1437 3168 1491 calore
3198 1436 3412 1496 ardere,
3455 1443 3509 1486 et
3540 1431 3646 1485 ful-

2081 1553 2213 1608 gure
2251 1535 2537 1605 prmcingi,
2592 1531 2733 1586 unde
2764 1541 2817 1584 et
2845 1530 3111 1600 (ettipyra)
3157 1527 3312 1596 quasi
3362 1527 3519 1593 ignea
3552 1539 3645 1576 vo-

2082 1638 2281 1682 cantur
2314 1644 2328 1679 :
2362 1635 2414 1679 et
2441 1624 2566 1693 quia
2600 1637 2696 1692 per
2717 1621 3008 1675 Cherubim
3036 1618 3274 1674 scientiae
3295 1614 3649 1669 adumbratnr

2086 1719 2326 1782 diﬂusio,
2363 1717 2468 1771 illis
2498 1715 2757 1770 discimus
2800 1711 2983 1780 aliingi
3022 1709 3182 1778 pedes
3209 1718 3261 1762 et
3313 1721 3529 1760 manus.
3588 1706 3651 1756 Et

411 1802 648 1865 κονίζειν
688 1802 781 1854 καὶ
818 1802 1008 1871 χεῖρας
1060 1798 1363 1868 ἐμάθομεν.
1417 1799 1525 1851 Kal
1566 1796 1798 1866 ἄγγελον
1831 1795 1887 1849 δέ
1917 1794 1976 1846 6v

2094 1810 2333 1881 angelum
2383 1809 2588 1863 scimus
2616 1820 2776 1875 quem
2811 1804 2942 1856 vidit
2967 1801 3129 1858 Jesus
3156 1801 3295 1853 lilius
3322 1798 3465 1852 Nave
3489 1795 3646 1866 quasi

413 1889 553 1945 εἶδεν
592 1891 801 1961 Ἰησοῦς
829 1894 857 1945 ό
901 1890 996 1945 τοῦ
1023 1892 1205 1960 Ναυῆ,
1256 1891 1422 1958 ἄνδρα
1462 1891 1808 1958 ἐσπασμένον
1841 1889 1978 1956 ῥομ-

413 1986 603 2054 φαίαν,
630 1987 722 2039 καὶ
742 1985 801 2038 ὂν
822 1981 929 2038 εἶδε
950 1985 1170 2055 Δανιὴλ,
1190 1984 1358 2053 ἄνδρα
1379 1982 1720 2052 ἐνδεδυμένον
1747 1981 1981 2051 ποδήρη,

414 2080 509 2133 καὶ
546 2081 593 2132 οἱ
621 2078 889 2148 ὀφθαλμοὶ
915 2077 1082 2132 αὐτοῦ
1119 2077 1201 2140 ,ὼς
1235 2077 1366 2147 (ρλὶξ
1406 2078 1575 2146 πυρός
1601 2092 1614 2106 ·
1648 2077 1743 2130 καὶ
1773 2077 1806 2144 ἠ
1830 2075 1982 2144 φωνὴ

416 2170 581 2222 αὐτοῦ
614 2169 687 2232 ὡς
735 2171 888 2239 φωνὴ
932 2168 1114 2239 ὄχλου.
1150 2167 1259 2221 Kal
1306 2168 1454 2222 ἄλλοι
1509 2166 1566 2221 δὲ
1592 2168 1649 2220 ἐν
1694 2165 1983 2233 ἀνθρώπου

422 2263 659 2331 σχήματι
708 2259 994 2330 ὤφθησαν.
1022 2261 1129 2313 Kal
1156 2261 1184 2312 6
1220 2258 1317 2326 μὲν
1350 2258 1612 2323 παλαίων,
1657 2257 1729 2319 ὡς
1758 2258 1786 2310 6
1824 2258 1882 2309 ἐν
1906 2255 1987 2327 τῷ

434 2352 650 2416 Ἰακὼϐ,
679 2356 708 2406 6
751 2353 806 2405 δὲ
838 2352 1053 2414 δεικνὺς
1102 2349 1250 2421 αὐτῷ
1298 2350 1574 2419 κλίμακα”
1619 2353 1648 2403 6
1699 2348 1757 2403 δὲ
1808 2346 1985 2400 λαλῶν

430 2448 680 2517 Ἀϐραὰμ
712 2447 801 2501 διὰ
845 2446 903 2499 1:6
953 2447 1030 2516 μὴ
1064 2447 1335 2515 σφαγῆναι
1377 2444 1469 2497 τὸν
1510 2444 1694 2498 Ἰσαάκ
1718 2457 1735 2476 ⁸
1781 2443 1809 2495 6
1839 2442 1896 2495 δὲ
1929 2442 1986 2495 ἐν

418 2542 485 2611 τῇ
530 2540 681 2609 βάτῳ
729 2538 947 2600 δεικνὺς
985 2535 1085 2607 τὴν
1116 2535 1352 2602 θεωρίαν
1385 2532 1462 2605 τῷ
1504 2535 1710 2603 Μιυῦσῇ
1733 2548 1748 2561 ⁸
1780 2534 1807 2585 6
1830 2531 1886 2584 δέ
1912 2531 1987 2600 τῷ

424 2634 672 2705 Ζαχαρία
701 2634 1023 2703 φαινόμενος
1044 2647 1058 2663 ο
1089 2632 1137 2684 οί
1162 2630 1220 2683 δὲ
1247 2630 1427 2692 ἄλλοις
1452 2629 1562 2680 τῶν
1593 2627 1890 2697 προφητῶν
1918 2641 1932 2655 ’
1962 2627 1989 2677 6

423 2728 479 2780 δὲ
512 2729 577 2797 τῇ
619 2724 882 2795 Παρθένῳ
907 2721 1390 2791 εὐαγγελιζόμενος
1412 2735 1430 2752 ο
1463 2719 1512 2772 ol
1545 2718 1601 2771 δὲ
1627 2720 1748 2778 ταῖς
1774 2714 1991 2781 γυναιξὶ

420 2820 519 2888 τὴν
551 2819 846 2872 ἀνάστασιν
874 2815 1123 2881 λέγοντες
1152 2828 1168 2843 ·
1203 2815 1231 2866 6
1258 2812 1313 2865 δὲ
1339 2811 1428 2864 τὸν
1455 2810 1663 2879 Πέτρον
1697 2809 1838 2862 λύων
1883 2808 1992 2859 τῶν

421 2910 634 2977 δεσμῶν
678 2908 892 2975 καὶτῆς
936 2906 1182 2975 εἱρκτῆς,
1212 2904 1306 2957 καὶ
1348 2903 1396 2954 ol
1450 2900 1550 2972 μὲν
1582 2899 1656 2963 ὼς
1690 2899 1891 2969 θρόνοι,
1943 2898 1991 2950 οἱ

427 3000 484 3052 δέ
514 3000 589 3061 ὡς
622 2998 825 3067 τροχοὶ,
860 2998 909 3050 ol
939 2996 995 3049 δὲ
1026 2995 1100 3057 ὡς
1126 2992 1257 3063 φλὸξ
1286 2991 1476 3061 πυρὸς,
1505 2992 1556 3044 οἱ
1585 2990 1643 3043 δὲ
1674 2991 1994 3059 κατέχοντες

435 3088 687 3158 ῥάϐδους,
744 3090 792 3140 οἱ
842 3086 899 3141 δέ
948 3085 1147 3148 λευκάς
1203 3083 1539 3153 ἐνδεδυμένοι
1596 3082 1849 3152 ἐσθῆτας,
1900 3079 1994 3132 καὶ

431 3181 619 3243 ἁπλῶς
649 3184 705 3233 ἐν
726 3178 1003 3247 διαφόροις
1033 3179 1150 3239 ταῖς
1184 3178 1420 3246 μορφαῖς
1455 3172 1739 3244 ὤφθησαν.
1762 3172 1827 3223 Τί
1862 3165 1990 3235 οὗν;

438 3273 597 3341 φύσις
624 3265 732 3342 ἄρα
774 3271 949 3322 ταῦτα
984 3269 1165 3329 αὐτοῖς
1194 3286 1210 3332 ;
1243 3265 1509 3335 Οὐδαμῶς
1534 3281 1549 3295 ο
1596 3262 1995 3333 ἀσχημάτιστοι

440 3365 549 3432 γὰρ
576 3363 669 3414 καὶ
700 3360 948 3421 άνείδεοι,
975 3358 1049 3420 ὡς
1073 3356 1419 3426 μανθάνομεν
1445 3355 1552 3410 ἀπὸ
1573 3357 1679 3410 τῶν
1706 3355 1963 3425 Πατέρων
1980 3371 1993 3386 ·

437 3450 559 3507 ἐπεὶ
590 3453 687 3506 καὶ
725 3450 1025 3518 ἀσώματοι.
1057 3450 1173 3502 Πᾶν
1207 3449 1263 3500 δὲ
1302 3446 1487 3517 νοερὸν
1526 3447 1784 3502 ἀνείδεον.
1815 3448 1926 3500 Kal
1970 3449 1997 3499 6

435 3547 710 3607 Διονύσιος
766 3541 893 3613 περὶ
941 3541 1132 3594 τούτου
1174 3541 1330 3609 φησι,
1374 3541 1469 3593 καὶ
1518 3539 1544 3591 ὁ
1582 3539 1998 3610 Χρυσορῤήμων

434 3636 492 3687 ἐν
525 3635 631 3694 τοῖς
669 3632 796 3701 περὶ
830 3633 937 3684 τῶν
984 3629 1236 3700 Σεραφίμ
1274 3647 1333 3682 τε
1381 3629 1473 3681 xal
1522 3628 1777 3698 ἀλλαχοῦ,
1828 3630 1917 3680 καὶ
1953 3631 1999 3681 οἱ

432 3725 543 3778 τῶν
604 3722 862 3789 Πατέρων
908 3721 1218 3789 λοιποεηΤί
1267 3721 1355 3775 δαί
1373 3737 1387 3786 ;
1435 3717 1545 3791 ἆρα
1599 3719 1771 3773 ταῦτα
1825 3722 2000 3773 πάντα

431 3816 600 3887 ψευδῆ
628 3832 643 3881 ;
682 3814 946 3884 Οὐδαμῶς
964 3831 979 3847 σ
1012 3813 1147 3867 ἀλλὰ
1173 3813 1331 3866 θείων
1355 3814 1491 3868 εἰσιν
1518 3812 1746 3876 εἰκόνες,
1769 3811 2001 3864 ἑκάστου

436 3908 546 3961 τῶν
574 3907 820 3974 ἀγγέλων
847 3906 906 3958 τὸ
936 3904 1093 3976 ἔργον
1122 3906 1215 3957 καὶ
1245 3906 1344 3974 τὴν
1366 3905 1598 3973 δύναμιν
1628 3902 2002 3973 ὐπεμφαίνου-

438 4016 553 4053 σαι.
585 3999 699 4052 Kal
724 3996 864 4050 κατὰ
901 3998 998 4067 μὲν
1028 3998 1087 4049 1:6
1115 3990 1276 4051 άῡλον
1305 3998 1399 4049 καὶ
1431 3994 1724 4062 ἀσώματον
1748 3997 2002 4064 ἀσχημά-

435 4108 608 4145 τιστοι
640 4087 887 4142 τελοῦσιν
917 4090 966 4141 ol
996 4087 1217 4156 ἄγγελοι
1245 4104 1259 4117 ⁸
1292 4087 1436 4141 κατὰ
1468 4087 1525 4141 δὲ
1564 4088 1662 4158 τὴν
1696 4086 2005 4155 ἀποστολὴν

435 4187 532 4237 καὶ
561 4183 621 4236 τὸ
679 4180 839 4252 ἔργον
890 4180 1247 4244 είκονίζοντες
1276 4180 1374 4249 τὴν
1423 4179 1630 4233 οἰκείαν
1665 4179 1805 4232 εἰσὶν
1856 4177 2003 4249 ἐνέρ-

434 4277 592 4348 γειάν
612 4294 670 4329 τε
702 4277 795 4329 καὶ
818 4272 1068 4344 δύναμιν,
1093 4273 1188 4326 καὶ
1215 4275 1328 4336 τοῖς
1358 4271 1667 4343 ἀνθρώποις
1692 4271 1765 4334 ὡς
1786 4270 2013 4340 ἐφικτὸν,

434 4369 742 4438 ἀνθρώποις
784 4364 1074 4435 ὁρώμενοι.
1104 4365 1181 4417 Οὐ
1236 4364 1449 4425 λέοντες
1488 4359 1582 4417 οὖν
1619 4364 1652 4433 ἢ
1703 4363 1916 4432 μόσχοι,
1969 4364 2001 4432 ἢ

2088 1903 2390 1967 hominem,
2430 1909 2642 1954 acutam
2683 1897 2973 1952 habentem
3001 1893 3328 1967 romphaeam
3355 1930 3370 1954 ,
3401 1900 3457 1944 et
3487 1905 3647 1958 quem

2085 1994 2218 2047 vidit
2266 1964 2451 2046 Daniel
2501 1990 2778 2044 hominem
2823 1987 3107 2048 vestitum.
3152 1995 3205 2041 et
3262 1964 3405 2038 oculi
3434 1981 3553 2053 ejus
3593 1992 3651 2033 ιιι

2086 2085 2300 2139 flamma
2348 2082 2513 2154 ignis,
2550 2091 2604 2134 et
2648 2096 2751 2136 vox
2786 2080 2906 2148 ejus
2942 2078 3087 2132 sicut
3117 2091 3218 2137 ’θοι
3253 2073 3644 2129 multitudinis.

2084 2177 2152 2233 Et
2183 2177 2274 2233 alii
2325 2176 2378 2230 in
2429 2173 2610 2243 specie
2654 2171 2894 2237 hominis
2931 2170 3034 2227 visi
3071 2178 3197 2225 sunt
3220 2185 3236 2236 ;
3293 2169 3368 2222 uti
3405 2168 3645 2227 luctans,

2084 2279 2136 2324 et
2209 2266 2378 2322 Iacob
2448 2265 2523 2318 illi
2588 2263 2883 2318 ostendens
2964 2260 3209 2324 scalam;
3278 2259 3369 2329 qui
3425 2257 3654 2325 loquens

2087 2363 2155 2417 ad
2222 2359 2495 2415 Abraham
2527 2396 2543 2422 ,
2596 2355 2766 2410 vetuit
2835 2369 2905 2408 ne
2959 2353 3266 2406 immolaret
3319 2348 3502 2413 lsaac;
3560 2346 3655 2414 qui

2088 2456 2142 2510 iu
2174 2454 2314 2509 rubo
2354 2449 2523 2519 Moysi
2554 2445 2946 2502 demonstravit
2981 2443 3234 2497 virtutem
3269 2449 3323 2496 et
3350 2439 3653 2508 iussionem

2089 2545 2184 2602 Dei
2213 2560 2232 2613 ;
2264 2543 2353 2612 qui
2386 2539 2660 2595 Zachariae
2693 2547 2747 2591 et
2775 2537 2896 2590 aliis
2940 2533 3221 2603 prophetis
3247 2541 3614 2601 apparuerunt
3640 2545 3656 2588 ;

2088 2641 2180 2709 qui
2215 2636 2418 2705 Virgini
2450 2634 2695 2688 nuntium
2737 2629 2919 2683 attulit
2947 2645 2962 2691 ς
2991 2629 3085 2697 qui
3118 2627 3439 2681 mulieribus
3475 2640 3658 2678 resur-

2091 2731 2388 2786 rectionem
2448 2723 2954 2785 annuntiavernnt;
3000 2719 3093 2788 qui
3149 2717 3366 2773 Petrum
3419 2716 3583 2772 solvit
3626 2730 3659 2769 e

2092 2836 2312 2875 carcere
2346 2818 2562 2872 vincula
2580 2828 2872 2882 ,rumpens;
2898 2820 2953 2867 et
2985 2811 3076 2880 qui
3107 2818 3234 2863 sunt
3267 2809 3408 2864 sicut
3448 2808 3654 2866 throni.

2097 2908 2241 2962 sicut
2277 2918 2496 2966 currus.
2550 2905 2694 2957 sicut
2738 2899 2953 2954 flainma
3018 2898 3196 2966 ignis;
3229 2905 3282 2951 et
3336 2899 3426 2965 qui
3477 2886 3662 2950 ferunt

2096 2994 2301 3061 virgas;
2338 2999 2390 3042 et
2447 2990 2537 3058 qui
2596 2988 2902 3042 vcstiuntur
2940 2987 3095 3042 stolis
3144 2986 3284 3040 albis
3329 2994 3384 3039 ct
3443 2987 3658 3039 tandem

2097 3083 2258 3139 variis
2309 3081 2365 3155 in
2407 3079 2592 3135 formis
2623 3087 3011 3149 apparuerunt.
3046 3078 3186 3144 Quid
3240 3077 3437 3148 igitur?
3483 3076 3661 3131 Num—

2098 3175 2226 3243 quid
2264 3173 2367 3228 hoc
2409 3160 2596 3227 co'rum
2651 3181 2733 3227 est
2781 3172 3008 3226 natura?
3046 3170 3285 3225 Minime.
3327 3172 3464 3229 Sunt
3512 3169 3657 3224 enim
3706 3208 3711 3213 .

2099 3270 2302 3338 absque
2338 3266 2505 3337 figura
2535 3273 2589 3322 et
2622 3267 2828 3335 absque
2859 3265 3042 3335 specie
3076 3265 3296 3331 visibili,
3328 3267 3465 3320 sicut
3498 3281 3526 3316 a
3556 3263 3654 3317 Pa-

2100 3361 2275 3416 tribns
2304 3358 2567 3414 discimus
2591 3401 2607 3425 ,
2659 3373 2784 3412 cum
2819 3357 2928 3411 sint
2955 3358 3162 3426 absque
3191 3371 3442 3424 corpore.
3474 3354 3664 3411 Omnis

2099 3451 2245 3507 enim
2279 3459 2529 3520 creatura
2569 3463 2703 3519 pure
2734 3448 3044 3519 intelligens
3097 3447 3387 3505 invisibilis
3429 3466 3449 3504 :
3493 3462 3546 3503 et
3596 3450 3665 3502 tle
3706 3436 3710 3441 “

2102 3544 2205 3599 hoc
2231 3543 2303 3598 ita
2333 3543 2535 3599 habent
2572 3541 2885 3612 Dionysius,
2915 3551 2971 3597 et
3013 3540 3442 3614 Chrysostomus
3470 3543 3524 3596 in
3547 3558 3664 3597 ser-

2107 3637 2358 3690 monibus
2387 3635 2455 3689 de
2482 3635 2792 3704 Seraphitn,
2821 3647 2875 3689 ct
2905 3635 3088 3689 caeteri
3118 3633 3363 3691 Patrum.
3396 3635 3532 3699 Quid
3567 3636 3664 3705 igi-

2105 3726 2230 3781 tur?
2259 3724 2395 3781 Num
2429 3726 2531 3779 ista
2561 3726 2722 3779 simul
2752 3725 2924 3781 falsa?
2948 3726 3188 3781 Minime.
3237 3728 3341 3783 Sed
3376 3737 3502 3782 sunt
3533 3728 3666 3781 ima-

2103 3818 2258 3888 gines
2281 3817 2586 3871 divinorum
2607 3823 2660 3869 et
2679 3816 2941 3887 cujusque
2967 3818 3279 3887 angelorum
3307 3819 3665 3873 ministerium

2103 3918 2157 3964 et
2192 3908 2447 3961 virtutem
2501 3905 2845 3962 subindicaut
2906 3921 2922 3960 :
2973 3918 3097 3962 cum
3143 3908 3288 3961 enim
3329 3908 3504 3976 angeli
3556 3910 3668 3965 sint

2104 3989 2493 4079 immateriales
2515 4006 2570 4055 et
2600 4000 2994 4070 incorporales,
3032 4005 3162 4054 sunt
3191 4014 3407 4068 quoque
3435 4000 3662 4054 οιιιιιὶιιυ

2104 4096 2308 4163 absque
2355 4092 2572 4164 ﬁgura;
2611 4091 2755 4163 quod
2789 4100 2972 4147 autem
3006 4092 3073 4147 ad
3113 4091 3426 4148 missionem
3457 4099 3510 4145 et
3539 4107 3666 4160 ope-

2106 4190 2368 4244 rationem
2403 4197 2612 4258 spectat
2659 4188 2873 4258 propria
2905 4188 3202 4258 unicuique
3245 4187 3480 4257 imagine
3509 4191 3665 4242 attri-

2105 4282 2291 4337 buitur
2313 4281 2531 4352 energia
2568 4289 2621 4335 et
2657 4280 2854 4344 virtus,
2886 4279 3195 4335 hominibus
3223 4289 3283 4333 ut
3311 4280 3665 4341 convenith

2106 4374 2316 4429 sibiles.
2347 4372 2462 4428 Non
2489 4388 2621 4439 ergo
2654 4373 2827 4427 leonis
2884 4388 3055 4442 neque
3089 4373 3253 4437 tauri,
3284 4387 3461 4440 neque
3488 4373 3664 4427 homi-

435 4460 738 4530 ἄνθρωποι,
773 4457 807 4527 ἢ
860 4456 1009 4511 ἀετοὶ
1044 4456 1203 4523 φύσει
1247 4455 1608 4523 τυγχάνουσιν
1643 4456 1691 4508 οἱ
1740 4454 1990 4522 ἄγγελοι⁴

2108 4467 2213 4532 uis,
2290 4479 2463 4535 neque
2504 4464 2699 4534 aquilae
2747 4472 3001 4519 naturam
3054 4465 3253 4519 habent
3305 4463 3518 4533 angeli,
3572 4465 3666 4518 sed

433 4552 576 4609 ἀλλὰ
605 4552 662 4603 τὸ
694 4551 794 4620 μὲν
825 4550 976 4620 δηλοῖ
1012 4548 1219 4603 τούτων
1247 4549 1308 4601 τὸ
1349 4548 1663 4618 ἐπηρμένον
1690 4549 1784 4600 καὶ
1818 4548 1990 4616 νοερδη

2110 4555 2241 4611 illud
2291 4571 2479 4611 eorum
2512 4564 2723 4610 natura:
2753 4556 3088 4610 demonstrat
3119 4555 3531 4618 sublimitatem.
3581 4559 3669 4609 in-

436 4646 536 4700 καὶ
562 4644 764 4713 κοῦφον
794 4644 888 4714 τῆς
922 4643 1158 4713 φύσεως,
1190 4642 1285 4694 καὶ
1314 4641 1374 4695 τὸ
1405 4641 1612 4701 ἀτενῶς
1642 4640 1835 4711 ἐνορᾷν
1870 4639 1990 4707 πρὸς

2113 4646 2460 4717 telligentiam
2493 4654 2547 4701 et
2576 4646 2962 4707 subtilitatem,
3004 4655 3057 4701 et
3101 4647 3558 4716 perseverantiam
3614 4647 3667 4701 in

432 4737 530 4791 τόν
559 4736 747 4803 νοητὸν
773 4736 922 4806 ἥλιον
948 4742 977 4768 ·’
1013 4735 1108 4788 καὶ
1137 4733 1295 4788 τοῦτο
1323 4734 1476 4804 δηλοῖ
1502 4736 1530 4786 6
1576 4732 1735 4796 ἀετός
1763 4751 1774 4764 ·
1822 4735 1882 4785 τὸ
1912 4733 1990 4785 ἀν-

2110 4737 2567 4805 contemplatione
2596 4735 2730 4791 solis
2763 4735 3144 4791 intellectualis
3183 4753 3197 4792 :
3228 4736 3372 4805 quod
3403 4736 3669 4807 s'gnilicat

438 4827 842 4898 ορωπόμορφον
866 4826 922 4879 δὲ
943 4826 1004 4878 τὸ
1033 4827 1158 4896 περὶ
1186 4827 1284 4894 τῆς
1309 4818 1669 4888 ἀναπλάσεως
1697 4824 1853 4894 ἡμῶν
1882 4842 1990 4877 συν·

2111 4829 2313 4897 aquila.
2362 4825 2560 4881 Forma
2593 4826 2789 4881 deinde
2837 4826 3072 4883 hominis
3115 4828 3341 4898 mystice
3374 4828 3551 4882 innuit
3579 4842 3674 4884 eos

436 4919 606 4991 εργδν
643 4916 1022 4970 ὐπαινίττεται
1052 4917 1236 4970 καὶτὸ
1281 4916 1382 4984 τῆς
1410 4932 1737 4985 σαρκωσεως
1777 4917 1868 4969 τοῦ
1907 4917 1990 4970 Λόι

2114 4934 2241 4983 rum
2288 4917 2340 4970 in
2390 4913 2778 4972 reformatione
2809 4924 3000 4971 nostra
3033 4918 3469 4986 cooperatiouem
3502 4928 3552 4972 et
3590 4920 3674 4972 in-

436 5027 563 5080 γου,
613 5008 796 5062 καὶτὸ
829 5008 965 5075 πρὸς
1013 5008 1110 5077 τὴν
1141 5007 1289 5061 θείαν
1339 5005 1525 5061 εἰκόνα
1561 5006 1812 5059 σπεύδειν
1860 5008 1990 5077 ἡμᾶ.

2113 5008 2482 5065 carnatiouem
2531 5005 2710 5071 Verbi,
2743 5014 2800 5062 et
2828 5009 3309 5078 promptitudinem
3339 5010 3405 5065 ad
3437 5010 3679 5065 redinte-
3703 5006 3711 5053 ἶ

436 5098 799 5168 ἐπανορθοῦν,
845 5099 941 5152 καὶ
969 5097 1028 5151 τὸ
1075 5099 1335 5168 ἐπιμελὲς
1366 5097 1547 5153 αὐτῶν
1592 5099 1687 5151 καὶ
1719 5100 2009 5153 σπουδαῖον

437 5190 582 5261 πρὶς
609 5190 669 5243 τὸ
695 5188 961 5254 σώζεσθαι
1001 5190 1092 5243 τδν
1119 5189 1405 5260 ἄνθρωπον
1427 5205 1443 5222 ο
1494 5188 1556 5242 τὺ
1585 5189 1680 5242 τοῦ
1724 5191 1924 5260 μόσχου
1953 5190 2011 5244 δὲ

440 5282 509 5335 τό
534 5298 592 5334 τε
623 5281 866 5334 δουλικὸν
897 5280 1032 5350 πρὸς
1061 5281 1151 5333 τὸν
1174 5281 1328 5345 Θεὸν,
1358 5281 1453 5333 xal
1483 5280 1545 5333 τὺ
1586 5281 1720 5351 πρὸς
1751 5282 2011 5352 ἐργασίαν

441 5371 751 5438 ἀκάματον,
785 5371 865 5424 ἐτι
911 5369 966 5424 δέ
1005 5372 1102 5425 καὶ
1134 5372 1196 5424 1:6
1227 5370 1472 5443 καθαρὸν
1519 5372 1652 5442 πρὸς
1683 5372 1782 5435 τὰς
1813 5373 2014 5435 άΰλους

438 5458 636 5521 θυσίας
662 5475 675 5489 ·
706 5459 767 5512 τὸ
803 5460 898 5512 τοῦ
932 5458 1145 5523 λέοντος
1177 5460 1235 5512 δέ
1265 5461 1324 5514 τὸ
1361 5460 1640 5530 βασιλικᾶν
1664 5480 1721 5515 τε
1752 5463 1844 5515 καὶ
1869 5462 2012 5515 θεῖον

440 5554 539 5602 καὶ
566 5549 730 5620 ζήλου
761 5551 970 5623 πλῆρες
1015 5554 1113 5608 καὶ
1141 5553 1323 5625 ὁρμῆς
1351 5554 1494 5607 κατὰ
1526 5552 1634 5605 τῶν
1675 5553 2015 5624 κινουμένων

436 5642 588 5695 κατὰ
613 5642 707 5697 τοῦ
737 5645 1045 5708 κτίσαντος.
1099 5646 1188 5700 Ἐν
1216 5646 1429 5710 τούτοις
1461 5646 1557 5699 καὶ
1588 5646 1644 5698 αἱ
1673 5644 1863 5714 ῥάϐδοι
1919 5647 2015 5700 καὶ

438 5733 505 5790 αῖ
557 5734 725 5800 ζῶναι
770 5736 832 5791 1:6
876 5738 1101 5811 ἁρχικδν
1149 5739 1354 5794 τούτων
1393 5737 1488 5794 xal
1543 5738 1761 5810 ἰσχυρὸν
1814 5736 2013 5810 σημαί-

2112 5098 2378 5170 grandum
2413 5114 2514 5155 nos
2545 5100 2846 5155 secundum
2888 5102 3174 5171 imaginem
3208 5101 3323 5168 Dei,
3354 5109 3409 5156 et
3439 5101 3676 5167 denique
3721 5153 3727 5169 ,

2112 5205 2301 5246 eorum
2328 5190 2756 5247 sollicitudinem
2784 5201 2839 5247 et
2870 5193 3044 5248 zelum
3073 5192 3139 5248 ad
3168 5194 3397 5248 salutem
3422 5189 3677 5247 hominis.
3715 5187 3729 5205 ”

2120 5279 2312 5334 Forma
2352 5282 2491 5335 tauri
2545 5281 2784 5337 ostendit
2808 5282 3227 5337 submissionem
3260 5281 3390 5347 Deo,
3420 5292 3681 5336 constan-
3738 5330 3741 5333 η

2123 5371 2253 5425 tiam
2285 5370 2674 5438 infatigabilem
2703 5373 2758 5426 in
2780 5373 3011 5441 agendo,
3030 5384 3085 5427 et
3116 5373 3339 5442 insuper
3358 5373 3678 5428 munditiem
3752 5380 3767 5391 ‘

2115 5464 2179 5516 ad
2200 5462 2465 5518 sacriﬁcia
2480 5478 2587 5516 non
2608 5446 2923 5517 materialia.
2941 5461 3132 5518 Forma
3147 5462 3380 5533 denique
3408 5463 3581 5519 leonis
3600 5480 3657 5519 re

2113 5567 2280 5624 gnum
2335 5552 2606 5622 signiﬁcat
2633 5559 2686 5608 et
2716 5551 3078 5618 divinitatem,
3100 5563 3152 5609 et
3171 5552 3558 5623 plenitudinem
3583 5556 3683 5611 zeli

2117 5654 2308 5703 contra
2363 5659 2460 5701 eos
2521 5644 2615 5714 qui
2661 5641 3044 5700 contradicunt
3093 5646 3339 5702 Creatori
3396 5647 3688 5703 vehemen-

2118 5737 2271 5795 tiam.
2298 5737 2363 5794 Et
2388 5737 2443 5794 in
2469 5735 2602 5809 ipsis
2628 5735 2792 5806 virgae
2819 5741 2875 5794 et
2924 5749 3074 5795 zonae
3101 5736 3390 5808 imperium
3418 5738 3607 5796 dicunt
3634 5748 3690 5798 et
