4078 6288
374 327 476 392 841

1055 337 1451 400 RESPONSA
1491 339 1592 400 AD
1655 340 2110 404 GABRlELEM
2182 344 2909 408 PENTAPOLITANUM.

3515 340 3622 406 81ιὲ

377 441 470 494 καὶ
516 443 544 494 6
587 439 854 504 διάϐολος,
887 440 948 495 o6
994 447 1132 497 κατὰ
1162 447 1255 498 τὸν
1289 449 1452 500 τόπον
1490 448 1584 501 καὶ
1621 449 1810 502 στάσιν
1843 450 1940 518 τὴν
1965 463 1981 516 Α

2086 469 2106 506 [ι
2164 456 2342 510 medio
2386 471 2574 511 eorum
2632 456 2930 521 secundum
2993 448 3096 506 Job
3145 451 3429 508 historiam
3474 459 3626 509 stetit

377 532 486 584 τῶν
532 523 953 598 ἀγγέλων.’ῐῐῶς
984 537 1092 607 γὰρ
1145 540 1172 590 6
1207 538 1272 592 ἐκ
1314 539 1408 590 τοῦ
1456 540 1704 609 οὐρανίου
1762 539 1940 610 χώρου

2089 547 2305 602 iabolus
2332 563 2440 602 non
2471 548 2524 602 in
2564 547 2684 601 loco
2716 555 2772 600 et
2801 545 2931 600 sede
2961 543 3302 615 angelorum.
3340 544 3627 610 Quomodo

377 623 598 691 πεσών;
626 625 699 688 ὡς
724 628 752 679 6
786 627 975 697 Σωτὴρ
1002 627 1138 698 ἔφη’
1178 648 1197 680 ι
1242 629 1539 700 Ἐθεώρουν
1570 633 1664 684 τὸν
1698 633 1944 686 Σατανᾶν

2086 638 2196 691 nim
2229 637 2320 694 ille
2369 653 2401 694 e
2440 638 2650 693 ctelesti
2687 637 2856 691 choro
2889 635 3132 692 cecidit?
3167 634 3310 690 sicut
3345 634 3482 690 dixit
3510 633 3630 688 Sal-

379 716 456 778 ὡς
500 717 782 788 ἀστραπὴν
823 722 887 772 ἐκ
915 721 1007 774 τοῦ
1041 722 1272 792 ούρανοῦ
1321 723 1578 777 πεσόντα.
1620 742 1638 776 ι
1718 724 1949 777 Ἐνδιαίο

2052 739 2208 784 vator
2245 747 2259 784 :
2290 747 2310 782 ‹
2348 730 2611 786 Videbam
2651 730 2911 787 Satanam
2953 729 3099 785 sicut
3149 727 3331 798 fulgur
3369 727 3437 783 de
3493 726 3631 782 caelo

381 825 534 875 τημα
567 808 677 881 γάρ
707 810 818 864 τῶν
849 813 1097 880 ἀγγέλων
1136 816 1163 866 6
1197 814 1446 883 οὐρανός.
1482 817 1592 868 Καὶ
1622 816 1732 884 γάρ
1770 819 1818 868 εἰ
1854 818 1948 869 καὶ

2086 821 2332 877 adentem
2367 840 2381 876 :
2422 841 2441 873 ι
2476 837 2600 877 nam
2632 823 2836 878 caelum
2876 820 3141 878 habitatio
3167 828 3252 876 est
3283 819 3629 890 angelorum.

382 900 645 969 ἀσώματά
686 905 794 955 εἰσι
836 904 1122 972 πνεύματα
1154 906 1202 958 οί
1239 904 1490 973 ἄγγελοι,
1514 907 1630 959 ἀλλ’
1673 908 1822 976 ὅμως
1848 924 1948 959 πε-

387 997 674 1064 ριγραπτοὶ
725 998 818 1049 καὶ
855 998 910 1050 ὲν
953 998 1123 1066 τόπῳ,
1161 999 1240 1060 ὠς
1273 1000 1368 1051 καὶ
1413 1001 1444 1052 6
1478 999 1749 1068 ἡμέτερος
1806 997 1948 1060 νοῦς.

384 1088 560 1141 Μόνον
599 1087 653 1139 δὲ
706 1087 768 1140 τὸ
805 1089 959 1144 Θεῖον
987 1088 1388 1158 άπεριόριστον.
1423 1089 1637 1142 Ἶστατο
1669 1086 1762 1141 οῦν
1795 1089 1824 1141 6
1857 1105 1955 1142 πο-

384 1180 548 1248 νηρὸς
584 1180 640 1232 ἐν
677 1181 826 1249 μέσῳ
869 1180 976 1232 τῶν
1015 1179 1285 1249 ἀγγέλων,
1319 1182 1380 1232 o6
1439 1180 1519 1248 τῷ
1556 1181 1708 1249 τόπῳ
1762 1181 1856 1233 καὶ
1887 1183 1954 1250 τῇ

389 1272 595 1334 στάσει,
631 1271 765 1324 ἀλλά
792 1274 859 1341 τῇ
897 1272 1128 1340 ὲπάρσει
1168 1274 1267 1340 τῆς
1293 1271 1612 1335 ἀλαζονείας
1638 1273 1827 1338 αὐτοῦ,
1864 1272 1960 1325 καὶ

385 1363 463 1432 τῷ
494 1364 749 1433 ὑψινεφεϊ
797 1381 857 1416 τε
906 1364 999 1417 καὶ
1049 1363 1284 1432 ἀντιθέῳ
1319 1362 1412 1415 τοῦ
1465 1365 1835 1432 φρονήματος,
1897 1362 1958 1414 o6

387 1454 498 1521 γὰρ
531 1453 843 1522 περαιτέρῳ
889 1453 984 1505 τοῦ
1035 1453 1198 1522 ἀέρος
1227 1452 1448 1506 δύναται
1490 1451 1700 1521 βαίνειν
1729 1452 1756 1504 6
1791 1467 1964 1504 κατα-

388 1545 600 1615 κριθεὶς
659 1545 859 1614 μᾶλλον
913 1545 1016 1599 61:6
1069 1544 1168 1612 τὴν
1218 1547 1321 1613 γῆν
1353 1545 1448 1598 καὶ
1489 1545 1580 1597 τὸν
1632 1543 1768 1614 ᾅδην
1824 1538 1964 1596 εἶναι

389 1638 496 1692 ἀεί.
526 1638 740 1692 Ἱστατο
766 1633 857 1690 οὖν
885 1636 1207 1706 κομπάζων,
1235 1635 1330 1689 καὶ
1360 1634 1501 1690 κατά
1536 1634 1670 1689 Θεοῦ
1698 1633 1792 1689 τοῦ
1811 1636 1970 1705 ποιή-

395 1747 598 1812 σοιντοςι
637 1730 818 1793 αὐτὸν,
854 1731 949 1783 καὶ
979 1728 1243 1783 ἀθάνατον
1290 1729 1752 1796 καταστήσαντος,
1783 1727 1964 1781 κινού-

399 1840 561 1891 μενος
610 1821 908 1886 δυσσεϐῶς,
943 1821 1036 1874 καὶ
1088 1822 1232 1874 κατά
1279 1819 1374 1874 τοῦ
1399 1820 1728 1891 θεράποντος
1795 1819 1957 1872 αὐτοῦ

2054 909 2271 964 Etenim
2304 911 2556 979 quamvis
2590 912 2764 981 angeli
2820 911 3044 981 spiritus
3090 911 3202 966 sint
3235 910 3630 979 incorporales.

2056 997 2150 1052 sed
2181 1006 2362 1052 tamen
2404 998 2827 1069 circumscripti,
2864 1009 2919 1055 et
2947 1001 3000 1054 in
3033 1000 3154 1055 loco
3178 1001 3369 1054 sedent
3404 998 3548 1052 sicut
3580 1006 3636 1053 et

2058 1086 2287 1154 spiritus
2326 1094 2513 1142 noster
2539 1105 2555 1140 :
2584 1105 2726 1145 unus
2763 1091 2910 1144 enim
2942 1088 3085 1145 Deus
3112 1099 3196 1144 cst
3219 1089 3489 1143 inﬁnitus.
3513 1087 3635 1142 Stc-

2060 1180 2124 1235 lit
2155 1180 2320 1249 igitur
2337 1179 2512 1234 Malus
2540 1181 2594 1236 in
2629 1181 2809 1237 medio
2834 1183 3178 1252 angelorum.
3202 1198 3308 1236 non
3333 1182 3509 1236 locum
3538 1196 3637 1234 oc-

2062 1287 2270 1341 cupans
2298 1281 2351 1327 et
2387 1275 2568 1327 sedem
2605 1273 2833 1335 habens.
2871 1274 2964 1329 sed
3008 1274 3060 1328 in
3095 1275 3329 1328 elatione
3354 1273 3638 1340 iactantiae

2064 1375 2118 1419 et
2165 1365 2436 1432 superbiae
2469 1379 2601 1431 suae,
2641 1373 2696 1418 et
2735 1365 2978 1434 cogitans
3013 1379 3072 1420 se
3111 1379 3233 1420 esse
3259 1381 3425 1433 super
3465 1366 3636 1418 uubes

2063 1460 2398 1528 etzequalem
2439 1460 2782 1528 similemque
2806 1459 2934 1514 Deo.
2974 1458 3081 1514 Sed
3107 1475 3213 1513 non
3238 1468 3415 1528 potest
3446 1474 3640 1514 ascen-

2066 1552 2197 1604 dere
2246 1552 2384 1605 ultra
2441 1566 2642 1614 aerem,
2679 1567 2773 1607 seu
2820 1553 3004 1620 potius
3047 1553 3338 1606 damnatur
3391 1553 3453 1607 ad
3491 1567 3638 1606 com—

2070 1643 2392 1697 morandum
2425 1658 2640 1712 semper
2689 1643 2791 1698 sub
2843 1651 2986 1698 terra
3038 1650 3092 1697 et
3125 1645 3177 1696 iu
3216 1642 3450 1696 inferno.
3479 1642 3643 1696 Stetit

2076 1733 2242 1801 igitur
2290 1731 2484 1800 plenus
2525 1733 2816 1802 iactantia,
2865 1740 2920 1788 et
2970 1733 3136 1801 impie
3168 1741 3346 1786 motus
3375 1731 3641 1786 adversus

2072 1822 2239 1878 Deum
2269 1823 2360 1891 q'ui
2395 1823 2523 1878 fecit
2559 1825 2712 1878 illum
2753 1833 2808 1877 et
2855 1823 3144 1879 conStituit
3179 1824 3562 1881 immortalem.
3591 1831 3646 1875 et

408 1913 549 1978 Ἰὼϐ,
580 1914 939 1983 ἐπαιρόμενος
995 1914 1291 1982 φθονερῶς,
1324 1915 1418 1967 καὶ
1455 1913 1554 1983 τὴν
1610 1913 1740 1983 περὶ
1799 1911 1965 1966 αὐτοῦ

2086 1922 2259 1969 :ontra
2291 1913 2390 1969 Job
2423 1930 2640 1970 servum
2683 1915 2775 1971 Dei
2811 1915 3079 1972 invidiose
3113 1915 3355 1969 inﬂatum
3389 1957 3404 1977 .
3445 1915 3642 1969 falsum

395 2007 491 2060 τοῦ
522 2005 656 2058 Θεοῦ
688 2005 994 2075 μαρτυρίαν
1020 2005 1264 2059 σπεύδων
1287 2005 1565 2070 ἀποδεῖξαι
1596 2005 1787 2076 ψευδῆ.
1821 2004 1970 2084 Α).λά

2086 2022 2192 2063 asse
2226 2008 2516 2063 ostendere
2543 2011 2729 2063 volens
2759 2009 2903 2078 quod
2939 2009 3005 2063 de
3042 2008 3134 2061 illo
3170 2009 3470 2075 protulerat
3504 2007 3647 2061 Deus

399 2100 490 2153 καὶ
519 2103 583 2169 τῇ
617 2099 737 2168 θεία
768 2098 988 2167 θελήσει
1018 2099 1227 2150 δέδοται
1267 2095 1418 2166 αὐτῷ
1448 2095 1603 2166 χώρα
1626 2095 1694 2148 τά
1726 2096 1826 2164 τῆς
1861 2112 1968 2164 μοι-

2086 2101 2470 2156 .estimonium.
2511 2099 2616 2154 Sed
2671 2111 2725 2154 et
2756 2102 3041 2154 voluntate
3091 2101 3187 2154 Dei
3237 2101 3423 2155 datum
3467 2111 3552 2154 est
3597 2100 3646 2152 ei

399 2191 519 2254 νίας
550 2192 791 2260 ἐνεργεῖν
824 2191 905 2254 εἰς
952 2189 1182 2269 δοκιμὴν
1215 2189 1310 2243 καὶ
1358 2190 1642 2260 προκοπὴν
1671 2189 1764 2241 τοῦ
1794 2205 1971 2258 μοικα-

2086 2194 2164 2248 liic
2205 2194 2482 2247 vesaniam
2523 2193 2812 2248 ostendere
2851 2193 2906 2247 in
2951 2195 3388 2263 experimentum
3428 2205 3482 2246 et
3531 2208 3652 2260 pro-

405 2287 522 2354 ρίου
565 2285 686 2338 Ἰὼϐ
720 2283 948 2347 ἐκείνου,
983 2284 1070 2338 ἵνα
1104 2284 1179 2353 μὴ
1207 2283 1383 2355 τολμᾷ
1419 2283 1599 2351 λέγειν
1649 2284 1677 2335 6
1713 2281 1970 2353 πονηρδς,

2086 2297 2286 2338 sessum
2321 2284 2491 2352 ipsius
2525 2283 2663 2336 beati
2695 2283 2796 2336 Job
2817 2323 2832 2347 ,
2867 2291 2919 2337 ut
2947 2283 3121 2338 malus
3147 2299 3252 2337 non
3277 2285 3445 2351 possit
3469 2282 3651 2337 dicere

403 2374 479 2438 ὡς
537 2375 597 2428 οὐ
644 2373 1026 2441 δεδοκίμασται
1077 2376 1105 2427 ὁ
1164 2374 1389 2436 δίκαιος,
1436 2372 1555 2425 οὐδὲ
1614 2371 1855 2441 ἀνεφάνη
1904 2372 1972 2441 τῇ

2086 2375 2204 2445 quia
2258 2389 2368 2428 non
2399 2382 2483 2429 est
2512 2385 2769 2443 expertus
2818 2373 3024 2443 justus.
3066 2384 3118 2428 et
3171 2375 3298 2443 quia
3357 2373 3654 2427 tentatione

406 2466 572 2538 πείρᾳ.
600 2465 808 2528 δίκαιος
857 2464 954 2520 ὢν.
996 2465 1054 2519 ’0
1085 2464 1192 2536 γὰρ
1228 2466 1405 2526 κοινὸς
1449 2465 1640 2535 ἐχθρὸς
1665 2465 1763 2517 ούκ
1799 2463 1973 2532 ἰσχύει

2086 2481 2187 2520 non
2249 2463 2596 2519 manifestata
2646 2473 2728 2520 cst
2789 2465 3002 2534 justitia
3058 2467 3199 2534 ejus.
3244 2466 3494 2533 lmpurus
3525 2479 3655 2533 ergo

406 2576 459 2610 τι
495 2557 647 2626 παρά
695 2555 919 2625 γνώμην
954 2555 1089 2608 Θεοῦ
1114 2555 1257 2609 κατά
1299 2555 1406 2608 τῶν
1439 2555 1753 2625 κτισμάτων
1784 2552 1975 2618 αὐτοῦ,

407 2651 456 2704 εί
487 2649 582 2701 καλ⁸
602 2649 670 2701 τά
705 2648 803 2718 μὲν
835 2648 943 2700 τῶν
961 2647 1349 2717 ἐπερχομένων
1376 2647 1568 2717 ἀφίησι
1598 2647 1730 2709 Θεὸς
1759 2647 1977 2715 εὐδοκία

407 2741 656 2812 γίνεσθαι
689 2744 802 2805 τοῖς
829 2741 1158 2811 ἀνθρώποις,
1192 2740 1260 2793 τά
1291 2741 1346 2794 δὲ
1377 2739 1758 2809 ἐγκαταλείψει
1796 2756 1978 2810 παρα-

409 2835 596 2904 χωρεῖ,
633 2832 705 2892 ὡς
738 2833 802 2884 ἐκ
856 2833 1035 2899 πάσης
1083 2829 1268 2900 σχεδὸν
1315 2830 1414 2898 τῆς
1461 2829 1686 2899 Γραφῆς
1731 2828 1978 2882 διδασκό-

415 2924 574 2993 μεθα.
623 2921 733 2975 Καὶ
769 2920 944 2976 ταῦτα
983 2920 1090 2992 ,μὲν
1135 2921 1193 2974 ἐν
1230 2919 1426 2992 βραχεῖ
1473 2919 1601 2990 περὶ
1645 2920 1744 2989 τῆς
1790 2919 1980 2989 τρίτης

412 3014 753 3084 ἐρωτήσεως.

975 3106 1304 3161 ΕΡΩΤΗΣΙΣ
1343 3103 1417 3158 Δ’.
2007 3131 2051 3189 C

417 3201 528 3266 Τὰς
556 3200 952 3268 ἐξερχομένας
979 3199 1180 3267 ψυχὰς
1209 3199 1461 3266 ἄγγελος
1487 3192 1574 3268 εἷς
1605 3192 1918 3268 λαμϐάνει,

482 3262 738 3336 πολλοί
765 3262 876 3324 Ἐπὶ
906 3262 956 3323 εί
986 3262 1166 3340 χωρὶς
1195 3262 1452 3340 ἀγγέλου
1479 3266 1844 3340 ἐξέρχονται.
1871 3262 1979 3340 Καὶ

481 3341 610 3406 πῶς
636 3332 1074 3409 λαμϐάνεταῖἡ
1100 3332 1486 3409 ψυχῆἄῠλος
1512 3332 1706 3409 060a;
1736 3333 1832 3409 zeal
1857 3332 1980 3409 ποῦ

486 3401 802 3478 πορεύεται
833 3427 851 3473 ;
883 3409 990 3462 Kal
1050 3401 1594 3478 éz’aeyamtwm
1626 3401 1985 3470 κατέχεσθαι

482 3476 621 3550 dies}
648 3482 756 3536 τοῦ
781 3479 1084 3535 πλουσίου
1107 3476 1228 3532 ὑπὸ
1256 3477 1479 3543 πυρός;

488 3577 625 3644 Περὶ
655 3573 711 3626 δέ
747 3590 808 3642 γε
866 3573 964 3640 τῆς
1004 3570 1292 3640 τετάρτης,
1327 3569 1409 3622 ὅτι
1465 3568 1513 3620 εί
1559 3559 1640 3629 εἷς
1688 3561 1982 3633 άγγελοςῆ

415 3669 602 3723 πολλοὶ
636 3665 1009 3736 λαμϐάνουσιν
1043 3661 1335 3732 ἀνθρώπου
1377 3659 1574 3729 ψυχὴν,
1617 3657 1709 3710 καὶ
1739 3655 1790 3707 εί
1817 3653 1984 3724 χωρὶς

417 3763 649 3830 ἀγγέλου
683 3759 778 3812 τοῦ
810 3758 1062 3824 σώματος
1109 3756 1207 3830 ούκ
1238 3753 1537 3822 ἐξέρχεται,
1569 3749 1665 3803 καὶ
1702 3747 1820 3810 πῶς
1849 3746 1988 3813 λαμ-

416 3828 637 3909 ϐάνεται
670 3851 759 3904 ὑπ’
791 3848 1045 3917 ἀγγέλου,
1069 3828 1188 3902 ἐπεὶ
1220 3847 1315 3898 καὶ
1344 3845 1511 3913 ἂμφω
1545 3840 1852 3912 πνεύματα,
1878 3839 1974 3893 καὶ

423 3946 528 3999 ποῦ
560 3944 877 4011 ἀπέρχεται,
901 3941 984 4003 εἰς
1011 3939 1101 3992 τὸν
1122 3937 1350 4009 οὐρανὸν
1383 3937 1415 4008 ἢ
1446 3937 1526 3998 είς
1549 3935 1649 4005 τὴν
1674 3935 1798 4003 γῆν,
1837 3933 1869 4002 ἦ
1904 3933 1985 3994 είς

417 4037 513 4088 τὸν
545 4034 700 4105 ᾅδην,
734 4031 828 4083 καὶ
861 4029 980 4092 πῶς
1009 4029 1066 4084 ἐν
1095 4027 1252 4095 φλογὶ
1295 4026 1584 4095 ἀσώματος
1626 4025 1784 4090 οὖσα,
1815 4023 1988 4079 ταῦτα

421 4128 565 4180 κατὰ
591 4123 822 4190 δύναμιν
855 4120 1105 4190 λέγομεν·
1141 4119 1262 4170 Ὀτι
1291 4117 1390 4186 μὲν
1419 4117 1510 4168 ὑπ’
1538 4117 1786 4182 ἀγγέλων
1815 4115 1988 4181 ἁγίων

420 4215 790 4286 λαμϐάνονται
821 4213 877 4266 ai
914 4210 1024 4263 τῶν
1053 4207 1276 4260 δικαίων
1329 4207 1518 4275 ψυχαὶ,
1555 4207 1610 4256 al
1654 4204 1708 4256 δὲ
1738 4204 1844 4257 τῶν
1878 4205 1990 4258 ἀδί-

414 4326 533 4362 κων
563 4305 665 4359 61:6
691 4304 982 4372 δαιμόνων,
1015 4299 1120 4353 ἀπὸ
1151 4297 1364 4352 πολλῶν
1398 4294 1648 4366 ἱστοριῶν
1671 4297 1762 4348 καὶ
1791 4313 1991 4365 πατρι-

421 4401 533 4453 κῶν
577 4398 750 4465 λόγων
794 4395 1040 4463 ἔγνωμεν
1065 4407 1079 4420 ·
1119 4389 1213 4442 καὶ
1251 4388 1312 4440 τὸ
1364 4386 1509 4457 ίερόν
1548 4403 1712 4456 φησιν
1745 4385 1990 4451 Εὐαγγέ-

2082 2558 2260 2612 hostis
2317 2555 2453 2610 nihil
2509 2564 2686 2624 potest
2741 2567 2931 2609 contra
2981 2565 3264 2610 creaturas
3317 2565 3512 2626 praeter
3565 2556 3655 2610 l‘ei

2082 2648 2368 2704 scientiam
2402 2665 2416 2701 :
2454 2658 2506 2702 et
2530 2648 2574 2701 si
2605 2662 2726 2716 qua:
2762 2647 3022 2701 eveniunt
3055 2647 3394 2706 hominibus.
3432 2647 3546 2702 haac
3579 2647 3657 2715 ip-

2085 2737 2162 2791 sis
2199 2735 2578 2792 benevolentia
2615 2736 2882 2805 permittit
2932 2736 3074 2792 Deus
3123 2735 3235 2792 ﬁeri
3260 2778 3274 2801 ,
3305 2749 3360 2792 et
3400 2737 3656 2792 omnibus

2083 2844 2208 2903 qlia:
2223 2829 2487 2899 permittit
2504 2830 2662 2882 utilia
2683 2829 2881 2894 reddit,
2901 2830 3045 2885 sicut
3066 2845 3130 2884 ex
3157 2831 3303 2884 omni
3323 2829 3434 2884 fere
3466 2830 3652 2897 Scrip-

2087 2931 2208 2976 tura
2246 2921 2535 2978 discimus.
2569 2921 2636 2976 Et
2660 2923 2776 2977 haec
2806 2922 3046 2978 breviter
3071 2922 3125 2976 in
3150 2924 3366 2978 tertiam
3401 2923 3657 2990 quaestit‘v

2084 3029 2207 3070 nem
2218 3052 2229 3068 .

2621 3104 2946 3173 QUASSTIO
3005 3105 3092 3161 IV.

2090 3196 2351 3267 Egressus
2376 3215 2406 3251 a
2433 3198 2742 3264 corporibus
2774 3199 2980 3250 animas
3011 3214 3131 3250 num
3157 3196 3352 3264 singuli
3387 3211 3454 3267 an
3483 3194 3658 3258 plures

2162 3267 2334 3337 angeli
2370 3270 2656 3336 excipiant.
2689 3276 2738 3320 et
2773 3283 2893 3319 num
2922 3268 3035 3320 sine
3082 3267 3268 3334 angelo
3297 3264 3657 3337 egrediantur.

2170 3336 2446 3400 Quomodo
2478 3338 2847 3407 possit__excipi
2884 3339 3062 3390 anima
3107 3352 3290 3402 expers
3329 3336 3664 3407 uiolet-iae,'et

2162 3423 2415 3474 quorsum
2442 3405 2614 3460 abeat.
2633 3405 2774 3459 Num
2811 3408 2978 3475 possit
3005 3407 3069 3461 ab
3105 3408 3222 3476 igne
3248 3406 3504 3460 contineri
3529 3405 3662 3456 sicut

2161 3479 2340 3530 anima
2370 3476 2560 3532 Divitis
2584 3478 2609 3531 ?

2161 3559 2241 3623 Δθ
2271 3577 2520 3639 quartam
2571 3580 2749 3626 autem
2800 3572 3158 3639 quaestionem
3192 3579 3373 3624 utrum
3405 3581 3547 3621 unus
3574 3574 3666 3619 aut

2095 3667 2280 3738 plures
2331 3663 2506 3732 angeli
2538 3663 3038 3719 auferantauimam
3072 3663 3342 3727 hominis;
3375 3669 3426 3715 et
3458 3675 3526 3714 an
3552 3661 3667 3712 sine

2095 3757 2285 3825 angelo
2313 3770 2419 3810 non
2455 3763 2611 3808 exeat
2639 3769 2669 3808 e
2697 3767 2923 3821 corpore
2947 3771 2962 3816 ;
2991 3753 3263 3820 quomodo
3294 3751 3570 3806 auferatur
3600 3750 3667 3804 ab

2095 3848 2288 3917 angelo
2327 3862 2449 3901 cum
2479 3847 2588 3901 sint
2634 3855 2863 3910 uterque
2894 3846 3155 3912 spiritus:
3187 3853 3240 3897 et
3271 3857 3378 3912 quo
3406 3843 3587 3901 abeat,
3612 3842 3668 3893 in

2097 3937 2298 3993 coelum
2324 3977 2340 4002 ,
2391 3945 2486 3990 aut
2517 3937 2569 3990 in
2605 3943 2828 3999 terram,
2879 3943 2975 3988 aut
3019 3936 3071 3988 in
3105 3933 3411 3996 infernum;
3444 3941 3498 3987 et
3525 3947 3665 3999 quo-

2095 4031 2258 4086 modo
2297 4030 2648 4085 comburatur
2689 4042 2810 4082 cum
2864 4042 2972 4080 nou
3023 4027 3219 4080 habeat
3258 4037 3459 4092 corpus
3499 4041 3514 4077 :
3551 4024 3669 4076 hzec

2095 4138 2195 4194 pro
2251 4137 2414 4192 posse
2467 4121 2713 4175 dicemus
2785 4135 2800 4173 :
2855 4118 2997 4188 quod
3055 4117 3250 4172 animae
3298 4117 3566 4184 iustorum
3637 4129 3668 4166 a

2097 4213 2304 4268 sanctis
2360 4211 2586 4281 angelis,
2623 4210 2911 4274 impiorum
2971 4225 3099 4264 vero
3145 4225 3175 4263 a
3233 4208 3516 4263 daemoniis
3571 4221 3669 4260 au-

2098 4305 2384 4367 ferantur,
2434 4313 2490 4358 et
2542 4304 2646 4357 hoc
2694 4303 2989 4358 multorum
3053 4302 3440 4357 historicorum
3489 4311 3536 4355 et
3570 4299 3670 4353 Pa-

2098 4404 2242 4449 trum
2307 4393 2655 4450 sermonibus
2725 4394 3150 4463 cognoscimus;
3221 4395 3474 4461 idemque
3530 4393 3674 4448 dixit

420 4491 536 4544 λιον
567 4463 696 4558 περὶ
725 4485 818 4540 τοῦ
855 4485 1085 4553 πένητος
1117 4479 1368 4549 Λαζάρου
1405 4477 1787 4541 ἀποθανόντος,
1829 4476 1981 4529 αὐτοι

2099 4485 2451 4556 Evangelium
2500 4484 2569 4540 de
2621 4500 2858 4557 paupere
2931 4484 3138 4540 Lazaro
3193 4494 3450 4548 mortuo.
3525 4463 3702 4557 quodI

421 4581 527 4634 61:6
585 4577 830 4648 ἀγγέλων
887 4574 1259 4650 ἀπενεχθῆναι
1329 4572 1408 4633 είς
1473 4569 1564 4623 τὸν
1623 4569 1824 4621 κόλπον
1896 4569 1988 4621 τοῦ

435 4673 712 4744 Ἁϐραάμ.
752 4667 1107 4741 Μαρτυροῦσι
1154 4666 1213 4720 δὲ
1263 4665 1358 4718 καὶ
1403 4665 1461 4716 ai
1513 4663 1871 4732 θεωρηθεῖσαι
1913 4661 1992 4730 τῷ

425 4766 557 4834 θείῳ
598 4761 868 4827 ’Δντωνίῳ
897 4760 1089 4830 ψυχαὶ,
1129 4759 1163 4828 ἦ
1194 4775 1252 4810 τε
1280 4756 1374 4810 τοῦ
1405 4756 1723 4826 Νητριώτου
1769 4755 1990 4824 Ἀμοῦν,

423 4856 517 4911 καὶ
547 4856 581 4924 ἡ
607 4851 700 4906 τοῦ
731 4851 969 4921 Θηϐαίου
1003 4850 1059 4903 δὲ
1092 4849 1328 4914 Παύλου,
1379 4847 1454 4910 ὡς
1483 4850 1512 4901 6
1561 4848 1734 4919 μέγας
1780 4848 1996 4917 ἐκτίθη-

426 4965 511 5001 σιν
555 4942 897 5004 Ἀθανάσιος,
929 4942 1024 4994 καὶ
1061 4940 1272 4992 πολλῶν
1299 4938 1356 4992 δὲ
1392 4938 1568 4990 ἄλλων
1607 4939 1781 5006 ἁγίων
1816 4956 1994 5008 μακα-

427 5033 909 5107 ριώταταιψυχαὶ,
941 5031 1002 5083 οὐ
1039 5033 1197 5098 μόνον
1229 5029 1332 5083 61:6
1362 5029 1610 5096 ἀγγέλων
1639 5030 1800 5082 θείων
1829 5047 1996 5098 προσ-

423 5128 855 5196 λαμϐανόμεναι,
879 5123 1044 5194 328
1073 5121 1210 5176 ἀλλὰ
1232 5121 1326 5174 καὶ
1349 5121 1454 5173 61:6
1483 5121 1673 5190 ψυχῶν
1708 5121 1880 5190 ἁγίων
1911 5122 1998 5175 δο-

428 5217 851 5290 ρυφορούμεναι,
877 5217 956 5278 εἰς
984 5213 1332 5284 παράκλησιν
1363 5213 1564 5278 αὐτῶν,
1591 5209 1769 5282 οῐμαι,
1790 5215 1886 5268 καὶ
1917 5231 1998 5266 τι·
2030 5242 2032 5244 τ

430 5309 558 5380 μὴν,
593 5307 1072 5375 ἀποστελλομένων
1112 5305 1318 5359 τούτων
1353 5304 1506 5374 παρὰ
1543 5305 1699 5358 Θεοῦ.
1741 5305 2000 5374 ’Λριθμὸν

427 5401 486 5454 δὲ
520 5399 620 5451 οὐκ
667 5397 912 5466 ἔγνωμεν
946 5396 1216 5464 ἀγγέλων.
1260 5397 1529 5460 Πολλάκις
1557 5396 1612 5450 δὲ
1653 5397 1748 5448 καὶ
1777 5396 1895 5457 ἕνα,
1924 5395 1999 5457 ώς

429 5489 707 5557 Εὐθύμιος
728 5491 756 5540 6
791 5488 962 5556 μέγας
994 5486 1221 5555 ἔϐλεψεν
1245 5487 1478 5556 ἄγγελον
1507 5488 1805 5556 κατέχοντα
1823 5489 2001 5554 τριαιο

430 5599 550 5648 ναν,
589 5580 904 5649 ἠκούσαμεν
955 5580 1011 5631 ἐν
1061 5579 1174 5638 τοῖς
1213 5577 1325 5631 τῶν
1368 5579 1634 5648 Πατέρων
1675 5577 1876 5644 λόγοις,
1907 5577 2003 5637 καλ

431 5672 525 5726 δύο
554 5673 611 5725 δὲ
659 5671 752 5724 καὶ
785 5670 1040 5732 πλείονας
1088 5671 1356 5737 ἀγγέλους
1397 5669 1864 5739 παραγεγονότας,
1908 5667 2004 5720 ἐπὶ

432 5767 512 5836 τῷ
565 5763 753 5818 λαϐεῖν
818 5763 1020 5831 ψυχήν.
1090 5757 1258 5826 οἶμαι
1339 5761 1397 5817 δὲ
1448 5761 1603 5817 τοῦτο
1661 5761 1827 5836 ⁸κατὰ
1899 5762 2002 5831 τὴν

784 5856 1044 5917 mmet.
1093 5857 1209 5924 Gn.
1254 5855 1426 5919 CLV.

2095 4579 2164 4632 ab
2217 4576 2423 4648 angelis
2477 4575 2724 4632 sublatus
2786 4577 2858 4632 sit
2908 4576 2960 4630 in
3017 4576 3195 4632 sinum
3245 4577 3496 4631 Abrabze.
3563 4579 3670 4632 Te-

2095 4677 2310 4726 stantur
2357 4669 2500 4724 enim
2567 4677 2816 4723 sanctum
2867 4668 3164 4722 Antonium
3235 4671 3667 4738 contemplatnm

2094 4777 2214 4816 esse
2248 4762 2459 4816 animas
2493 4767 2777 4822 exeuntes,
2818 4767 2876 4812 ut
2904 4761 3146 4813 narravit
3175 4775 3405 4830 magnus
3425 4761 3671 4814 Athana-

2097 4856 2211 4909 sius
2242 4855 2309 4908 de
2340 4853 2521 4906 anima
2550 4851 2701 4905 Pauli
2735 4851 2996 4918 Thebani,
3035 4861 3088 4906 et
3119 4855 3410 4908 multorum
3441 4855 3671 4910 aliorum

2099 4949 2446 5005 beatissimas
2497 4957 2809 5002 sanctorum
2871 4949 3097 5001 animas.
3156 4947 3342 5017 Neque
3399 4947 3572 5001 solum
3638 4963 3670 5002 a

2099 5040 2306 5095 sanctis
2335 5039 2543 5105 angelis
2564 5039 2756 5093 ablata:
2783 5047 2928 5106 sunt,
2956 5040 3048 5095 sed
3067 5048 3122 5094 et
3149 5040 3437 5096 custodita:
3459 5055 3486 5092 a
3519 5053 3699 5094 sane--

2098 5139 2170 5186 ts
2205 5130 2496 5184 animabus
2520 5144 2549 5182 a
2581 5129 2692 5184 Deo
2735 5128 2918 5184 missis
2945 5129 2998 5182 in
3029 5132 3422 5199 protectionem
3455 5127 3671 5196 quidem

2097 5232 2157 5276 et
2185 5221 2448 5275 honorem
2487 5221 2750 5288 ipsarum.
2783 5218 3080 5272 Numerum
3114 5227 3290 5272 autem
3321 5233 3426 5269 non
3467 5217 3675 5269 scimus

2101 5312 2416 5382 angelorum
2451 5311 2516 5364 ad
2563 5311 2666 5364 hoc
2704 5309 3104 5378 deputatorum.
3156 5306 3308 5376 Saepe
3345 5321 3508 5360 unum
3547 5305 3678 5374 legi-

2100 5419 2225 5458 mus
2256 5401 2310 5456 in
2343 5401 2689 5456 sermonibus
2715 5399 2935 5454 Patrum
2965 5417 2980 5464 ;
3016 5399 3149 5452 vidit
3173 5397 3495 5466 Euthymius
3528 5412 3676 5467 mag-
3761 5394 3764 5396 ⁷

2104 5510 2210 5550 nus
2242 5494 2641 5550 custodientem
2670 5491 2945 5546 Triaeuam
2987 5499 3040 5544 et
3068 5491 3208 5543 duos
3240 5489 3322 5542 vel
3357 5489 3537 5558 plures
3581 5504 3680 5542 an-

2114 5588 2268 5654 gelos
2305 5584 2622 5655 praepositos
2656 5581 2720 5636 ad
2753 5581 3152 5650 suscipiendam
3185 5580 3441 5646 animam,
3467 5587 3522 5632 et
3544 5579 3677 5633 illud

2103 5675 2243 5730 forte
2267 5682 2485 5743 propter
2509 5671 2826 5740 dignitatem
2853 5669 3155 5722 animarum
3180 5668 3674 5736 suscipiendarnm:

2105 5774 2161 5824 et
2187 5765 2396 5821 animas
2428 5764 2706 5836 justorum
2757 5777 2786 5815 a
2822 5759 3072 5831 pluribus
3105 5760 3312 5828 angelis
3345 5760 3548 5831 suscipi
3579 5775 3679 5831 pro

3118 5853 3191 5912 27
