4078 6288
513 332 617 403 843

1370 335 1756 398 SYMEONIS
1794 330 2546 398 THESSALONICENSIS
2584 339 2936 399 ARCHIEP.
3638 348 3725 413 344

514 471 704 523 parum
740 454 939 510 merito
986 453 1068 508 vel
1102 468 1130 506 a
1161 451 1516 521 paucioribus
1549 470 1562 507 :
1595 452 1809 506 animas
1842 442 2095 519 denique

2213 446 2357 514 ἰξίαν
2389 450 2637 520 γίνεσθαι
2672 446 2781 510 {GN
2834 454 3248 526 μεθισταμένων
3286 457 3487 527 ψυχῶν,
3522 461 3609 514 καὶ
3636 464 3724 516 τῶν

520 552 870 611 peccatorum
923 558 953 598 a
1016 541 1357 597 daemonibus
1416 542 1566 611 rapi;
1603 540 1699 596 sed
1748 550 1854 595 neu
1911 548 2094 593 tamen

520 646 718 707 praeter
761 637 1009 691 uetitiam
1042 633 1136 689 Dei
1189 642 1283 688 aut
1312 641 1500 687 contra
1546 632 1875 688 sententiam
1926 630 2043 699 ejus
2079 647 2093 683 :

521 743 629 780 non
668 727 811 780 enim
846 725 1055 794 absque
1086 725 1376 791 praesentia
1409 722 1588 792 angeli
1620 722 1816 776 animas
1844 728 2096 792 peccato-

524 834 644 872 rum
702 812 1030 887 separantur
1074 822 1397 884 a’eorpore,
1433 827 1504 869 ne
1547 813 1806 868 inimicus
1849 812 2099 881 regiones

524 911 825 964 circumeat
858 908 1113 978 nequiter
1175 917 1229 963 et
1268 907 1387 962 sine
1418 905 1585 960 modo
1614 905 1889 958 hominem
1931 901 2100 957 inter-

523 1002 733 1066 ficiens,
791 1012 843 1055 et
873 1000 1107 1068 denique
1137 1013 1205 1054 ne
1245 998 1505 1051 credatur
1535 996 1793 1050 dominus
1827 994 2017 1048 mortis
2045 1003 2099 1048 et

523 1090 648 1143 vita:
685 1090 723 1143 ¹.
779 1088 1055 1157 Accipitur
1122 1088 1191 1142 ab
1250 1085 1457 1157 angelis
1492 1084 1948 1139 immaterialibus
1984 1082 2100 1137 ani-

523 1194 633 1243 ma,
664 1179 1035 1233 immaterialis
1065 1186 1116 1233 et
1146 1178 1259 1246 ipsa
1308 1185 1723 1246 consequenter,
1786 1176 1896 1229 imo
1935 1184 2100 1229 natu-

523 1288 582 1326 ra
645 1288 765 1327 sua.
837 1272 1049 1326 [labent
1115 1273 1260 1326 enim
1350 1269 1812 1326 neceSsitudinem
1861 1269 2100 1338 aliquam

524 1378 645 1417 cum
682 1363 1136 1416 immaterialibus
1182 1362 1381 1432 angeli.
1445 1360 1653 1415 Animas
1702 1374 1835 1415 vero
1888 1359 2101 1427 prolici-

525 1462 771 1515 scuntur,
836 1461 895 1507 ut
950 1468 979 1507 a
1049 1454 1255 1507 sanctis
1316 1453 1633 1507 doctoribus
1695 1450 1974 1514 discimus,
2034 1449 2101 1503 ad

526 1543 645 1597 lora
702 1559 888 1597 carum
968 1545 1076 1599 vita
1158 1556 1211 1598 et
1283 1542 1695 1612 operationibus
1775 1541 1960 1608 digna,
2046 1547 2102 1593 Et

527 1637 608 1689 hae
648 1635 865 1703 quidem
923 1634 977 1688 in
1020 1636 1180 1701 cwlo,
1216 1649 1451 1704 quarum
1487 1632 1834 1688 conversatio
1860 1631 1913 1684 in
1943 1630 2104 1685 coells

525 1723 980 1791 orat.-Qua3dam
1048 1739 1179 1778 vero
1240 1726 1292 1778 in
1357 1724 1550 1779 uelum
1608 1737 1730 1776 cum
1779 1721 2102 1791 corporibus

529 1820 804 1873 translatae
831 1828 979 1880 sunt,
1025 1817 1170 1874 sicut.
1210 1814 1401 1869 eodem
1440 1823 1621 1869 mente
1670 1822 1868 1883 raptus
1898 1812 2103 1868 Paulus

526 1910 715 1971 docet,
758 1909 850 1977 qui
875 1917 1062 1977 postea
1117 1905 1346 1959 dissolvi
1403 1905 1656 1973 cupiebat
1701 1913 1765 1959 et
1817 1918 1938 1959 esse
1966 1916 2098 1957 cum

523 1998 742 2052 Christo
773 1999 792 2027 ³
816 2037 830 2060 ,
885 2004 938 2051 et
984 2005 1042 2049 ut
1075 1996 1164 2050 fiat
1191 1994 1322 2048 illud
1350 1993 1558 2049 Domini
1597 1994 1821 2048 verbum
1861 2004 1940 2048 ε’(
1978 1978 2099 2047 ὐὺὶ

524 2104 645 2143 sum
697 2101 797 2159 ego
846 2094 898 2141 et
947 2088 1047 2157 ipsi
1102 2101 1311 2140 meeum
1353 2085 1462 2140 sint
1497 2084 1539 2144 ’ς
1574 2103 1593 2136 ι
1639 2093 1692 2138 et
1746 2083 1823 2136 illi
1868 2092 1998 2137 sunt
2046 2083 2101 2136 in

528 2179 786 2249 paradiSo
818 2222 833 2244 ,
887 2176 1190 2233 secundum
1239 2174 1370 2230 illud
1404 2191 1419 2228 :
1451 2194 1470 2227 ι
1508 2173 1677 2229 llodie
1729 2187 1943 2228 mecum
1992 2172 2103 2228 eris

528 2275 583 2325 in
641 2273 893 2341 paradiso
933 2270 976 2323 ".
1015 2288 1035 2321 ι
1080 2268 1155 2323 lbi
1214 2268 1362 2321 enim
1421 2282 1543 2321 esse
1593 2266 1809 2320 animas
1855 2265 2103 2319 omnium

529 2365 620 2432 qui
665 2360 1198 2433 postpoenitentiam
1252 2360 1452 2413 mortui
1500 2366 1653 2422 sunt,
1706 2355 1852 2411 sicut
1885 2366 1940 2411 et
1985 2356 2105 2424 ejus

528 2456 767 2508 animam
840 2454 987 2506 cauti
1035 2449 1406 2522 sapientisque
1445 2449 1676 2503 latronis
1705 2486 1720 2511 ,
1770 2446 2102 2501 credendum

529 2557 633 2601 cst.
664 2547 728 2599 Et
755 2546 903 2615 juste
932 2544 1192 2615 quidem:
1234 2543 1324 2611 qui
1354 2542 1499 2596 enim
1537 2540 1816 2595 Christum
1856 2540 2104 2609 perfecte

527 2649 657 2695 sunt
675 2638 895 2703 imitati,
916 2638 1092 2707 ipsum
1113 2636 1499 2691 ascendentem
1518 2634 1572 2687 in
1595 2634 1792 2687 cmlum
1808 2642 2106 2703 sequentur.

527 2741 723 2786 etcum
761 2731 880 2800 ipso
913 2731 966 2783 in
988 2729 1127 2784 rmlo
1150 2736 1333 2783 erunt.
1367 2726 1425 2780 ln
1457 2725 1712 2794 paradiso
1733 2739 1949 2792 quoque
1977 2732 2105 2779 sunt

528 2838 668 2893 quos
703 2823 847 2877 sicut
898 2822 1163 2878 latronem
1212 2821 1578 2892 paenituerit;
1630 2833 1752 2873 nam
1800 2825 1853 2872 et
1904 2816 2102 2874 coelum

529 2923 583 2968 et
639 2913 951 2983 paradisum
989 2914 1202 2983 aperuit
1231 2912 1510 2968 Christus.
1562 2909 1628 2965 Et
1668 2910 1847 2964 anima
1876 2920 2105 2977 qumque

523 3004 680 3073 juxta
735 3004 899 3058 vitam
946 3019 1097 3057 suam
1137 3003 1361 3071 accipiet
1419 3018 1448 3057 a
1482 3003 1593 3056 Deo
1648 3001 2104 3065 consolationem,

2202 542 2427 596 δικαίων
2466 544 2563 607 τὰς
2608 545 2707 613 μὲν
2743 545 2848 599 ὑπὸ
2881 546 3094 600 πολλῶν
3144 550 3564 615 παρακαλεῖσθαι
3594 553 3645 606 ἐν
3669 557 3724 624 τῇ

2205 632 2371 704 ἐξόδῳ
2402 635 2544 689 κατὰ
2573 636 2672 706 τὴν
2715 636 2898 689 αὐτῶν
2939 638 3242 707 προκοπὴν,
3270 639 3363 701 τὰς
3389 641 3446 693 δέ
3478 641 3577 696 ὑπὸ
3599 643 3728 697 ἐλατ-

2202 724 2391 793 τόνων,
2434 726 2532 788 τὰς
2555 727 2663 781 τῶν
2703 726 3143 798 ἁμαρτησάντων
3173 729 3227 783 δὲ
3257 731 3416 786 πάλιν
3443 733 3541 786 ὐπὸ
3566 733 3728 804 δαιμό-

2202 834 2308 870 νων
2353 815 2718 887 ἁρπάζεσθαι,
2758 820 2894 882 τέως
2935 836 2999 888 γε
3057 828 3167 892 μὴν
3217 825 3277 877 οὐ
3331 826 3475 898 παρὰ
3535 828 3728 897 γνώμην

2203 908 2360 965 Θεοῦ.
2393 910 2501 965 Καὶ
2531 911 2643 980 γὰρ
2684 912 2806 964 οὐδὲ
2842 911 2951 966 τῶν
3003 914 3344 986 ἁμαρτωλῶν
3377 917 3432 970 αἱ
3465 918 3622 988 ψυχαὶ
3642 936 3730 989 χω-

2209 1005 2291 1074 ρὶς
2331 1002 2568 1073 ἀγγέλου
2610 1003 2962 1073 χωρίζονται,
2999 996 3086 1059 ἵνα
3146 1009 3219 1077 μὴ
3286 1008 3465 1078 χώραν
3504 1012 3530 1061 δ
3568 1012 3732 1081 ἐχθρὸς

2202 1095 2355 1163 εὖροι
2406 1095 2674 1148 θανατοῦν
2719 1096 2813 1149 τὸν
2855 1096 3168 1165 ἄνθρωπον,
3211 1100 3303 1152 καὶ
3358 1103 3504 1169 παρὰ
3546 1102 3729 1172 καιρὸν,

2205 1186 2302 1238 καὶ
2332 1186 2419 1239 ἵνα
2450 1186 2524 1256 μὴ
2558 1186 2844 1257 νομισθείη
2896 1189 3087 1258 κύριος
3117 1183 3260 1242 εἶναι
3284 1188 3376 1242 τοῦ
3416 1190 3629 1246 θανάτου
3655 1194 3732 1246 καὶ

2204 1280 2304 1345 τῆς
2350 1272 2515 1347 ζωῆς,
2570 1270 2930 1347 ⁴Λαμὸάνεται
2985 1280 3041 1332 δὲ
3094 1279 3189 1332 ὑπ’
3236 1269 3481 1348 ἀγγέλων
3511 1281 3669 1335 ἀθλων
3706 1284 3732 1352 ὴ

2205 1366 2350 1436 ψυχὴ
2375 1367 2536 1430 ἄῦλος
2558 1363 2714 1433 οῦσα,
2742 1367 3074 1431 ἁκολούθως,
3107 1371 3311 1438 μᾶλλον
3334 1370 3390 1423 δέ
3414 1370 3551 1423 κατὰ
3575 1371 3731 1439 φύσιν.

2207 1462 2492 1529 Συγγενῶς
2544 1463 2650 1532 γὰρ
2704 1463 2841 1532 πρὸς
2891 1463 2962 1515 τὰ
2995 1463 3133 1516 ἄῦλα
3182 1465 3231 1516 οἱ
3279 1464 3498 1532 ἄγγελοι
3531 1463 3731 1533 ἔχουσιν.

2207 1552 2274 1605 Αἰ
2298 1551 2470 1621 ψυχαὶ
2506 1551 2564 1621 δὲ
2611 1552 2961 1620 πορεύονται,
2999 1551 3076 1615 ὡς
3109 1552 3264 1622 παρὰ
3303 1554 3408 1606 τῶν
3447 1555 3604 1622 ἁγίων
3625 1571 3734 1623 μαν-

2208 1641 2464 1710 Θάνομεν,
2494 1628 2551 1694 ἐν
2594 1642 2781 1705 τόποις
2813 1641 2917 1712 τῆς
2956 1641 3101 1710 ζωῆς
3150 1643 3332 1722 αὐτῶν
3368 1644 3461 1696 καὶ
3498 1643 3734 1705 πολιτείας

2209 1729 2409 1793 ἀξίοις⁶
2442 1730 2536 1783 καὶ
2576 1729 2632 1783 al
2665 1732 2767 1800 μὲν
2799 1732 2859 1783 ὲν
2998 1726 3236 1801 οὐρανῷ.
3279 1726 3368 1797 αἷς
3407 1734 3496 1786 καὶ
3524 1734 3579 1786 τὸ
3606 1728 3733 1786 πολί-

2214 1836 2391 1891 τευμα
2446 1817 2514 1891 ἦν
2544 1822 2601 1874 ἐν
2661 1821 2930 1892 οὐρανοῖς.
2988 1822 3202 1886 Αἴτινες
3250 1816 3316 1895 δὴ
3348 1826 3439 1879 καὶ
3494 1827 3621 1896 μετὰ
3658 1824 3734 1878 τοῦ

2208 1913 2459 1982 σώματος
2484 1908 2642 1967 οὖσαι
2676 1912 2756 1975 είς
2787 1915 3055 1984 οὐρανοὺς
3082 1914 3483 1987 άνηνέχθησαν,
3517 1905 3685 1987 ὥσπερ
3711 1918 3736 1968 6

2206 2003 2417 2067 Παῦλος
2477 2005 2749 2072 άρπαγεὶς
2800 2006 2982 2059 ἐκεῖσε
3032 2005 3303 2073 διδάσκει,
3354 2009 3444 2060 καὶ¹
3480 2007 3733 2078 ’ἐπιθυμῶν

2204 2094 2468 2150 ἀναλῦσαι
2497 2098 2591 2150 καὶ
2640 2098 2747 2150 ’σὺν
2802 2088 3030 2168 ’Χριστῷ
3066 2094 3231 2167 εἶναι,
3269 2098 3364 2153 καὶ
3404 2097 3487 2154 ἵνα
3549 2100 3737 2171 γένηται

2205 2188 2290 2253 τὸ,
2316 2204 2340 2240 ἰ
2378 2189 2554 2242 Ὅπου
2594 2190 2710 2258 είμὶ
2754 2190 2888 2258 ἐγὼ,
2940 2191 3032 2243 καὶ
3065 2191 3216 2244 αὐτοὶ
3260 2174 3363 2245 Em
3400 2184 3513 2260 μετ’
3543 2190 3678 2261 ἐμοῦ,
3716 2207 3732 2241 ι

2204 2285 2343 2350 ὅπερ
2400 2282 2503 2350 ἔφη
2544 2285 2570 2336 ὁ
2610 2282 2838 2354 Κύριος.
2887 2283 2948 2336 Οἱ
2979 2283 3037 2336 δὲ
3086 2285 3142 2337 ἐν
3176 2282 3253 2353 τῷ
3301 2279 3601 2354 παραδείσῳ
3631 2283 3738 2343 εἰσὶ.

2207 2375 2346 2428 κατὰ
2411 2374 2492 2436 τὸ,
2533 2393 2550 2426 ι
2588 2375 2836 2444 Σήμερον
2869 2374 2986 2442 μετ’
3039 2375 3175 2444 ἐμοῦ
3230 2374 3334 2447 ἔσῃ
3389 2375 3445 2427 ἐν
3488 2368 3559 2446 τῷ
3592 2386 3742 2443 παρα·

2206 2464 2389 2535 δείσῳ.
2431 2484 2451 2517 ι
2490 2465 2657 2519 Ἔνθα
2685 2467 2780 2519 καὶ
2808 2466 3026 2519 πάντων
3056 2465 3164 2519 τῶν
3189 2465 3277 2520 διὰ
3316 2467 3590 2537 μετανοίας
3614 2467 3742 2532 ἐξερ-

2210 2561 2458 2624 χομένων
2497 2550 2638 2607 εἶναι
2693 2554 2792 2616 τάς
2834 2546 3014 2623 ψυχὰς
3048 2554 3394 2619 πιστευτέον,
3442 2555 3513 2617 ὡς
3548 2552 3633 2607 καὶ
3659 2550 3741 2619 τὴν

2207 2647 2302 2699 τοῦ
2324 2645 2669 2714 εὐγνώμονος
2695 2646 2905 2698 ἐκείνου
2930 2644 3129 2716 λῃστοῦ
3154 2645 3356 2715 ψυχήν.
3387 2645 3495 2698 Καὶ
3522 2643 3742 2706 δικαίως,

2206 2738 2259 2790 οἱ
2296 2736 2393 2805 μὲν
2428 2738 2484 2789 ἐν
2515 2736 2593 2807 τῷ
2631 2735 2848 2807 οὐρανῷ
2888 2735 2962 2799 ὡς
2992 2736 3085 2788 τὸν
3113 2730 3352 2804 Χριστὸν
3388 2735 3574 2796 ὸλικῶς
3598 2747 3745 2800 μιμη·

2209 2829 2459 2898 σάμενοι,
2510 2830 2590 2891 είς
2626 2829 2752 2889 τοὺς
2798 2829 3058 2899 οὐρανοὺς
3103 2827 3467 2898 mmmam:
3509 2826 3742 2885 συνεῖναι,

2208 2923 2256 2974 οί
2279 2920 2334 2972 δέ
2357 2923 2413 2972 ἐν
2448 2919 2525 2988 τῷ
2552 2920 2888 2989 παραδείσῳ,
2905 2919 2978 2983 ὡς
3001 2922 3028 2972 6
3050 2919 3282 2988 λῃστὴς,
3312 2919 3740 2987 μετανοήσαντες⁶

2210 3012 2303 3065 καὶ
2342 3012 2444 3079 γὰρ
2478 3013 2504 3063 6
2553 3008 2787 3080 Χριστὸς
2828 3011 2920 3062 καὶ
2959 3011 3049 3064 τὸν
3073 3010 3305 3078 οὐρανὸν
3353 3011 3446 3063 καὶ
3479 3008 3564 3061 τὸν
3593 3004 3743 3074 παράο

527 3107 722 3147 omnes
756 3094 903 3147 enim
967 3100 1097 3148 sunt
1132 3088 1485 3161 imperfecta:
1533 3106 1704 3161 usque
1757 3092 1882 3147 dum
1929 3091 2107 3145 veniat

2213 3102 2382 3155 δεισον
2405 3099 2634 3172 ἤνοιξεν.
2664 3100 2977 3168 ’Ᾱναλόγως
3004 3098 3060 3154 δέ
3099 3103 3163 3169 τῇ
3221 3100 3335 3171 ζωῇ
3389 3100 3580 3167 ἐκάστη
3612 3096 3743 3164 δέχε-

533 3187 822 3247 Dominus,
856 3185 997 3239 sicut
1018 3184 1280 3239 docemur
1304 3200 1318 3238 :
1343 3183 1405 3239 Ut
1425 3200 1531 3237 non
1556 3185 1675 3239 sine
1703 3184 1879 3246 nobis,
1908 3184 2103 3252 inquit,

531 3279 761 3346 perfecti
795 3278 926 3331 fiant
958 3278 1002 3343 ⁸;
1038 3286 1091 3332 et
1132 3287 1532 3346 consequenter
1579 3277 1670 3347 qui
1721 3277 2109 3345 perfectionem

533 3386 599 3423 cx
634 3370 736 3425 fide
766 3371 1098 3439 percipiunt,
1123 3385 1229 3423 non
1258 3379 1581 3435 receperunt
1605 3370 1909 3423 mercedem
1928 3384 2107 3423 suam.

534 3462 892 3516 Peccatorum
943 3477 1071 3514 vero
1108 3471 1273 3529 atque
1310 3462 1606 3514 infidelium
1653 3461 1868 3514 animas
1930 3461 1983 3514 in
2029 3462 2111 3513 in-

536 3555 688 3610 ferno
706 3568 827 3607 esse
844 3553 1174 3607 credendum
1196 3560 1300 3614 est.
1318 3553 1774 3622 quemadmodum
1794 3562 2109 3610 sanctorum

536 3648 590 3700 in
672 3645 835 3710 uelo,
897 3654 948 3698 ct
1001 3645 1053 3698 in
1108 3644 1227 3698 aliis
1273 3644 1411 3699 locis
1457 3644 1704 3700 obscuris
1746 3654 1799 3700 et
1841 3644 2110 3711 tristibus,

537 3739 776 3808 peccatis
828 3737 1141 3792 eet-tundent
1186 3746 1242 3792 et
1298 3736 1602 3793 infidelitati
1674 3738 2111 3807 correspondeno

536 3832 707 3892 tibus,
773 3830 1118 3886 daemonibus
1175 3830 1449 3895 obnoxiae,
1495 3844 1524 3883 a
1582 3829 1782 3897 quibus
1805 3830 1967 3885 veluti
2034 3841 2117 3901 ty-

535 3922 724 3974 rannis
807 3922 1136 3977 maeroribus
1206 3935 1271 3976 ac
1349 3921 1630 3976 laboribus
1703 3921 2110 3976 cruciabuutur.

533 4013 689 4070 Nune
721 4023 896 4068 autem
925 4028 1140 4084 poenam
1174 4028 1279 4066 non
1307 4012 1460 4066 luunt
1487 4011 1781 4082 perfectam
1816 4028 1939 4068 cum
1972 4028 2113 4067 non-

533 4105 662 4158 dum
732 4105 915 4159 adsint
979 4102 1301 4172 corporibus
1355 4102 1679 4171 quibuscum
1732 4112 2115 4174 peccaverunt,

534 4205 736 4250 etcum
774 4195 1012 4249 nondum
1044 4193 1112 4248 de
1139 4193 1280 4248 conlo
1318 4191 1674 4247 descenderit
1723 4192 1984 4250 Dominus
2020 4196 2117 4263 qui

532 4286 800 4355 indicabit
850 4301 1044 4340 omnes
1089 4293 1141 4338 ct
1195 4283 1387 4365 reddet
1446 4283 1746 4352 unicuique
1803 4284 2110 4338 secundum

2211 3213 2297 3248 ται
2331 3195 2423 3248 καὶ
2457 3196 2606 3267 παρὰ
2632 3193 2770 3248 Θεοῦ
2803 3195 2902 3262 τὴν
2940 3195 3312 3262 παράκλησιν,
3348 3196 3513 3248 πᾶσαι
3545 3191 3596 3243 δέ
3628 3191 3744 3241 εἰσιν

2211 3286 2442 3349 mm;
2497 3284 2601 3347 ἕως
2658 3284 2723 3339 ἂν
2774 3287 2802 3338 ὁ
2845 3284 3054 3354 Κύριος
3103 3282 3253 3353 ἔλθῃ,
3291 3280 3471 3344 καθὼς
3528 3274 3743 3343 διδασκὸ-

2215 3375 2386 3444 μεθαο
2427 3393 2445 3426 ι
2489 3375 2607 3428 Ἵνα
2643 3375 2719 3443 μὴ
2755 3375 2923 3444 χωρὶς
2950 3374 3132 3444 ἡμῶν,
3171 3375 3334 3443 φησὶ,
3364 3370 3691 3426 τελειωθῶσι.
3725 3381 3741 3415 ι

2212 3469 2324 3522 Καὶ
2375 3467 2521 3520 οὗτοι
2577 3467 2777 3528 πάντες
2827 3465 3207 3527 τελειωθέντες
3249 3464 3344 3517 διὰ
3393 3464 3490 3532 τῆς
3520 3460 3745 3518 πίστεως,

2212 3562 2310 3614 οὐκ
2340 3559 2664 3629 ἐκομίσαντο
2691 3558 2791 3626 τὴν
2820 3558 3172 3625 ἐπαγγελίαν.
3226 3557 3340 3619 Τάς
3376 3556 3480 3610 τῶν
3523 3554 3749 3623 ἀμαρτω-

2212 3652 2320 3706 λῶν
2352 3651 2407 3704 δὲ
2445 3652 2541 3705 καὶ
2576 3651 2822 3705 ἀπίστων
2869 3651 3051 3720 ψυχὰς
3099 3651 3194 3703 καὶ
3221 3651 3281 3702 ἐν
3315 3649 3393 3720 τῷ
3433 3648 3528 3719 ᾄδῃ
3558 3656 3748 3696 πιστευ·

2213 3746 2333 3799 τέον
2363 3741 2521 3807 εἶναι,
2554 3743 2633 3796 ὥσ
2646 3759 2750 3812 περ
2781 3742 2873 3794 καὶ
2904 3742 2962 3793 ἐν
2988 3740 3207 3810 οὐρανῷ
3235 3739 3344 3792 τῶν
3378 3738 3566 3805 ἁγίων,
3588 3733 3674 3785 καὶ
3701 3732 3749 3781 ἰν

2216 3838 2424 3907 ἐτέροις
2443 3836 2629 3896 τόποις
2653 3835 2917 3903 ἀφεγγέσι
2947 3836 3041 3886 καὶ
3066 3832 3211 3885 θλισε
3224 3835 3361 3901 ροϊς,
3388 3832 3481 3884 καὶ
3506 3825 3750 3892 ἀναλόγως

2213 3930 2332 3992 ταῖς
2363 3927 2658 3997 ἁμαρτίαις
2713 3927 2915 3990 αὐτῶν,
2944 3929 3036 3979 καὶ
3077 3927 3141 3995 τῇ
3173 3925 3425 3993 ἀπιστίᾳ,
3459 3922 3560 3977 ὐπὸ
3582 3914 3747 3986 δαιμόο

2215 4038 2322 4074 νων
2339 4018 2603 4090 ἄρχεσθαι
2633 4021 2725 4073 καὶ
2752 4018 3193 4088 τυραννουμένης
3236 4014 3527 4070 ὀδυνᾶσθαι
3548 4028 3560 4040 ·
3582 4009 3638 4062 οὗ
3663 4006 3752 4076 μὴν

2216 4112 2271 4165 δὲ
2301 4111 2486 4183 νῦντῇ
2516 4109 2698 4179 τελεία
2728 4108 2953 4161 κολάσει
2991 4103 3405 4175 παραδίδοσθαι.
3445 4102 3592 4155 Ἐπεὶ
3623 4094 3754 4148 οὔπω

2218 4205 2331 4264 τοῖς
2362 4201 2545 4255 αὐτῶν
2567 4198 2856 4269 ήνώθησαν
2888 4196 3127 4265 σώμασι,
3167 4192 3286 4264 μεθ’
3315 4188 3392 4248 ὧν
3423 4193 3516 4245 καὶ
3540 4188 3754 4257 ἐξήμαρ-

2219 4311 2308 4347 τον
2330 4310 2343 4324 ’
2374 4292 2483 4346 οὐδ’
2529 4295 2557 4346 ὁ
2588 4292 2791 4361 Κύριος
2826 4289 2905 4341 ἔτι
2936 4288 3097 4360 ἦλθεν
3138 4285 3196 4353 ἐξ
3234 4283 3488 4355 οὐρανοῦ,
3515 4283 3571 4345 δς
3604 4272 3754 4348 κρινεῐ

537 4394 704 4447 opera
727 4378 866 4447 ejus.
894 4378 997 4432 Sed
1024 4391 1198 4445 neque
1227 4382 1312 4430 est
1340 4376 1583 4444 quaxdam
1626 4376 1913 4444 castigatio
1936 4377 2109 4446 prima

2220 4381 2448 4448 πάντας,
2480 4381 2576 4435 καὶ
2620 4378 2892 4432 ἀποδώσει
2921 4376 3135 4445 ἑκάστῳ
3161 4375 3304 4430 κατὰ
3331 4375 3399 4428 τά
3433 4374 3568 4444 ἔργα
3592 4363 3751 4423 αὐτοῦ.

538 4471 594 4525 in
629 4486 792 4540 quam
820 4470 1150 4539 peccatriees
1179 4469 1374 4521 animae
1406 4467 1784 4534 ingrediantur
1826 4467 2109 4536 punienda:

2231 4473 2371 4527 Ἀλλ’
2422 4446 2543 4524 οὐδέ
2604 4488 2686 4534 τις
2732 4469 2849 4521 ἐστι
2913 4469 3132 4530 κόλασις
3183 4469 3451 4538 προτέρα,
3504 4466 3581 4525 είς
3615 4461 3676 4530 ἢν
3707 4455 3754 4509 αἱ

540 4563 695 4629 juxta
727 4561 986 4615 malitiam
1018 4573 1175 4613 suam
1209 4564 1263 4612 et
1306 4563 1494 4626 postea
1520 4555 1817 4609 liberanda:
1865 4557 1934 4611 ab
1966 4557 2116 4614 ulte-

540 4655 685 4709 riore
742 4669 922 4725 paena,
958 4656 1101 4707 sicut
1148 4650 1384 4721 pessime
1431 4649 1770 4703 blaterantur
1827 4648 2115 4717 quidam...

542 4744 678 4799 Cum
730 4745 876 4798 enim
924 4752 1146 4797 sanctus
1194 4741 1488 4810 Gregorius
1538 4737 1787 4807 Dialogus
1833 4739 1970 4794 dixit
1999 4741 2119 4795 ani-

548 4850 664 4891 mas
704 4837 758 4889 in
817 4836 937 4905 igne
995 4834 1256 4903 torqueri,
1302 4833 1403 4887 ltoc
1452 4833 1754 4887 secundum
1811 4833 2120 4902 intelligen-

548 4929 650 4981 tias
682 4926 854 4990 dixit;
887 4927 959 4978 ita
992 4935 1050 4979 ut
1075 4927 1271 4978 animae
1308 4926 1417 4979 sint
1447 4925 1604 4993 quasi
1636 4924 1865 4994 captivae
1903 4926 1956 4979 in
1981 4940 2113 4996 quo-

550 5017 674 5072 dam
708 5018 829 5072 loco
864 5024 1151 5085 postquam
1189 5024 1245 5070 et
1283 5016 1580 5071 secundum
1607 5016 1754 5088 quod
1784 5016 2043 5086 judicatae
2066 5024 2122 5072 et

471 5144 479 5163 ε
547 5112 821 5166 damnatae
859 5108 1081 5163 fuerunt
1109 5106 1429 5176 aﬂligendas
1461 5107 1516 5161 in
1542 5107 1665 5176 igne
1700 5122 1794 5177 per
1824 5109 2117 5164 conscio“.

550 5203 724 5270 tiam;
762 5203 832 5256 ita
865 5209 924 5255 ut
970 5201 1195 5268 insuper
1224 5199 1413 5267 gratia:
1450 5198 1544 5252 Dei
1599 5198 1754 5252 facta:
1797 5199 2116 5267 exheredes,

550 5294 889 5351 daemonibus
920 5291 1284 5360 subiiciantur
1309 5306 1324 5356 ;
1358 5289 1497 5344 sicut
1524 5297 1577 5343 et
1622 5289 1856 5359 loquitur
1884 5290 2121 5363 Chryso-

559 5396 794 5448 stomus,
827 5385 1110 5441 affirmans
1142 5384 1199 5438 in
1246 5381 1671 5438 Commentariis
1716 5381 1835 5437 suis
1883 5382 1939 5436 in
1986 5384 2117 5438 Acta

552 5480 928 5547 apostolorum
974 5476 1185 5531 animas
1216 5473 1542 5529 cruciandas
1591 5488 1688 5542 per
1723 5475 2114 5528 conscientiam

556 5580 610 5624 et
641 5584 736 5638 per
765 5569 1166 5638 separationmn
1196 5583 1223 5621 a
1251 5567 1360 5621 Deo
1388 5567 1530 5621 bane
1574 5565 1821 5619 ultimam
1861 5571 1913 5619 et
1958 5575 2119 5620 aeter-

639 5745 660 5774 ‘
694 5745 889 5815 Philip.
920 5761 957 5812 t,
985 5746 1076 5801 εδ.
1152 5750 1172 5780 ³
1207 5748 1364 5804 Joan.
1397 5763 1527 5814 μή,
1559 5746 1648 5800 ⁵24.
1727 5748 1747 5779 δ
1791 5745 1922 5801 Luc.
1955 5757 2113 5812 um,
2144 5742 2234 5799 45.

2217 4564 2539 4635 ἁμαρτωλαὶ
2574 4561 2749 4633 ψυχαὶ
2779 4560 3199 4629 ἐμδαλλόμεναι,
3234 4560 3330 4612 καὶ
3365 4560 3522 4627 δίκην
3542 4550 3756 4608 τιννῦσαι

2219 4656 2486 4722 ἀνάλογον
2515 4656 2581 4724 τῇ
2631 4654 2824 4722 κακίᾳ,
2885 4650 3297 4721 ἐλευθεροῦνται
3344 4650 3444 4719 τῆς
3496 4641 3754 4715 τιμωρίαις,

2219 4745 2296 4809 ὥς
2350 4761 2496 4807 τινες
2547 4742 2942 4813 φληναφοῦσιν.
2992 4742 3052 4795 Ei
3107 4740 3215 4810 γὰρ
3264 4738 3418 4793 καὶὸ
3479 4736 3614 4796 θεῖός
3645 4744 3756 4800 φησι

2222 4837 2525 4908 Γρηγόριος
2549 4838 2578 4888 6
2603 4836 2884 4901 Διάλογος,
2925 4833 3103 4901 ψυχὰς
3131 4834 3189 4884 ἐν
3218 4831 3379 4900 φλογὶ
3403 4824 3753 4901 τιμωρεῖσθαι,

2218 4928 2425 4998 νοητῶς
2464 4925 2624 4980 τοῦτό
2656 4942 2812 4995 φησι,
2850 4925 2943 4977 καὶ
2988 4923 3049 4975 τὸ
3094 4919 3233 4975 εῖναι
3273 4923 3345 4985 ὡς
3383 4922 3627 4989 δεσμίους
3675 4915 3756 4973 τὰς

2216 5020 2393 5091 Ψυχὰς
2415 5021 2475 5073 ὲν
2509 5018 2663 5086 τόπῳ
2704 5019 2812 5070 τινὶ
2853 5016 2927 5077 ὡς
2974 5013 3507 5083 καταδεδικασμένας
3538 5003 3757 5074 θλιϐομέ-

2211 5126 2334 5178 νας,
2366 5111 2459 5163 καὶ
2491 5108 2571 5178 τῷ
2598 5107 2731 5177 πυρὶ
2757 5105 2856 5175 τῆς
2891 5104 3246 5173 συνειδήσεως
3274 5101 3564 5172 φλέγεσθαι
3584 5115 3599 5133 ο
3639 5092 3756 5151 ἀλλὰ

2223 5203 2317 5257 καὶ
2348 5201 2410 5254 τὸ
2442 5201 2517 5272 μὴ
2548 5199 2709 5271 χάριν
2747 5197 2892 5267 ἔχειν
2917 5196 3076 5262 Θεοῦ,
3121 5198 3216 5250 καὶ
3249 5196 3351 5250 ὐπὸ
3373 5195 3635 5264 δαιμόνων
3655 5186 3756 5242 650-

2225 5293 2445 5359 νᾷσθαι,
2491 5293 2565 5354 ὡς
2599 5291 2692 5345 καὶ
2743 5290 2773 5342 6
2808 5289 3226 5359 Χρυσορῤήμων
3256 5287 3410 5342 τοῦτό
3436 5301 3597 5356 φησιν
3622 5282 3677 5333 ἐν
3701 5276 3754 5345 τῇ

2236 5382 2537 5455 Ἐρμηνεία
2564 5380 2672 5434 τῶν
2714 5379 2996 5450 Πράξεων,
3033 5378 3457 5448 τιμωρουμένας
3495 5374 3572 5444 τῷ
3604 5383 3758 5455 συνειέ

2224 5478 2358 5537 δὸτι,
2404 5476 2499 5528 καὶ
2537 5472 2613 5541 τῷ
2647 5472 2721 5541 μὴ
2774 5469 3212 5539 παρακαλεῖσθαι
3258 5467 3363 5523 ὑπὸ
3395 5463 3552 5528 Θεοῦ,
3585 5454 3754 5524 καὶτῷ

2227 5562 2626 5633 ἀπεκδέχεσθαι
2653 5559 2751 5630 τὴν
2777 5557 3093 5614 τελευταίαν
3128 5559 3344 5630 ἐκείνην
3372 5554 3586 5610 αἰώνιον
3618 5548 3753 5604 κόλα-

2309 5743 2330 5775 ⁸
2367 5744 2574 5798 incerta
2611 5741 2796 5797 lectio.
