4060 6282
365 383 472 446 845
1068 381 1461 443 RES“O.\'SA
1492 384 1597 442 AD‘
1629 381 1968 457 GABRIEL

2004 382 2083 441 ΞΜ
2128 381 2274 440 PEN
2292 381 2373 439 ΓΑ
2387 380 2853 444 POLI‘TAN‘UM.
3500 384 3607 449 856

364 516 472 555 σιν.
524 500 589 555 Ei
625 498 718 554 οὖν
758 498 849 553 καὶ
896 499 1137 570 μετρίως
1180 500 1327 560 τινες
1369 499 1549 552 αὐτῶν
1594 499 1967 569 ιξήμαρτονμ

2032 510 2156 551 nam
2191 511 2407 565 pmnam
2438 508 2839 567 exspectantes.
2861 498 2918 554 Si
2942 515 3071 556 vero
3102 502 3297 568 aliquis
3322 520 3387 558 ex
3410 503 3604 557 iisdem

364 593 459 643 καὶ
496 589 655 659 μόνον
699 591 957 662 μετανοίᾳ
994 591 1088 645 τοῦ
1145 591 1263 661 βίου
1290 590 1486 643 τούτου
1533 589 1778 659 ἐξῆλθον,
1842 591 1932 644 διὰ

2035 589 2313 643 moderate
2368 589 2680 661 deliquerit,
2731 601 2788 647 et
2847 593 3325 662 cumpmuitentia
3383 610 3449 647 ex
3506 598 3607 648 bac

363 681 462 750 τῆς
506 679 807 750 ἱερωτάτης
843 682 1029 744 θυσίας
1060 683 1153 735 καὶ
1182 682 1439 735 εὐποιιῶν
1484 683 1581 736 καὶ
1603 681 1804 734 λοιπῶν
1833 682 1932 734 ἀλ-

2036 678 2146 732 vita
2170 682 2484 745 excesserit,
2516 696 2614 752 per
2638 692 3049 739 sacrosanctum
3070 684 3399 740 sacriﬁcium
3431 698 3484 739 et
3508 685 3607 737 bo-

363 771 493 834 λων,
528 773 785 827 δύνανται
810 773 1121 843 ἐλευθερίας
1142 775 1328 842 τυχεῖν
1361 773 1466 843 πρὸ
1493 772 1587 828 τοῦ
1628 773 1804 826 ἐλθεῖν
1841 773 1933 824 τὸν

2036 784 2103 823 na
2127 785 2292 839 opera
2310 780 2366 826 et
2389 773 2499 827 alia
2534 768 2765 842 pOsSunt
2815 775 3122 830 libertatem
3158 777 3418 845 consequi
3463 784 3610 830 antc-

365 862 578 930 κριτήν.
616 861 727 914 Καὶ
766 861 923 916 τοῦτο
952 864 1212 934 δεχομένη
1247 867 1280 933 ἡ
1326 863 1644 935 Ἐκκλησία,
1672 864 1772 927 τὰς
1793 864 1934 932 ὑπὲρ

2036 878 2197 932 quam
2239 856 2727 932 judex‘adrenerit.
2748 866 2811 920 Et
2832 869 2932 923 hoc
2971 868 3207 935 probans
3242 868 3481 923 Ecclesia
3512 881 3611 936 pro

365 954 473 1009 τῶν
520 955 899 1027 ἀποιχομένων
942 958 1179 1011 ποιεῖται
1232 957 1543 1027 προσευχὰς
1580 959 1675 1023 καὶ
1706 955 1932 1019 θυσίας’

2037 957 2308 1010 defunctis
2359 972 2546 1024 preces
2584 966 2640 1012 et
2674 960 2944 1015 sacriﬁcia
2975 960 3285 1030 peragit.Et
3315 960 3417 1014 hoc
3458 959 3608 1011 multi

368 1047 464 1100 καὶ
498 1048 686 1101 πολλοὶ
730 1048 888 1101 τοῦτο
917 1049 1278 1118 μαρτυροῦσι,
1315 1049 1410 1102 καὶ
1462 1049 1511 1101 οί
1540 1049 1792 1117 λυόμενοι
1814 1048 1937 1102 δεσ-

2038 1054 2332 1111 testantur,
2364 1056 2417 1101 et
2450 1047 2594 1102 inter
2643 1063 2742 1104 eos
2784 1051 2876 1121 qui
2932 1059 3054 1121 post
3110 1059 3337 1105 mortem
3389 1048 3614 1104 solvun-

373 1139 479 1210 μοῦ
513 1142 651 1209 μετὰ
689 1140 923 1195 θάνατον
966 1141 1043 1206 ῶς
1085 1142 1362 1211 λυομένων
1396 1142 1490 1195 καὶ
1529 1141 1635 1195 τῶν
1665 1143 1938 1208 σωμάτων

2042 1148 2130 1192 tur
2152 1137 2512 1204 vinculo,non
2536 1140 2639 1193 alia
2665 1140 2875 1194 ratione
2904 1157 3013 1210 qua
3037 1143 3354 1197 eorumdem
3374 1155 3606 1209 corpora

368 1230 571 1285 αὐτῶν.
605 1231 705 1285 Διὰ
757 1232 917 1284 τοῦτο
959 1234 1052 1286 καὶ
1098 1233 1275 1302 φλόγα
1305 1233 1400 1287 τοῦ
1438 1232 1693 1286 πλουσίου
1727 1233 1938 1285 ἐκείνου

2041 1216 2413 1301 dissolvuntur
2434 1227 2500 1286 Et
2527 1233 2745 1303 perboe
2770 1232 2927 1287 facile
2974 1233 3274 1302 intelligere
3319 1246 3615 1300 possumus

366 1321 468 1391 τὴν
493 1323 594 1391 τῆς
637 1322 995 1391 συνειδήσεως
1028 1324 1298 1393 τιμωρίαν
1343 1326 1565 1393 νοητέον
1585 1364 1600 1387 ,
1650 1325 1747 1378 καὶ
1770 1323 1830 1380 τὸ
1863 1323 1940 1394 μὴ

2042 1330 2098 1376 et
2131 1322 2309 1390 ignem
2342 1336 2451 1393 quo
2480 1323 2818 1376 comburitur
2854 1321 3007 1377 dives
3032 1321 3160 1389 ille,
3210 1328 3264 1377 ct
3306 1320 3618 1375 cruciatum

373 1412 620 1483 μετέχειν
669 1412 912 1483 χάριτος.
968 1413 1043 1467 Τὸ
1101 1413 1373 1485 μακρόθεν
1421 1414 1478 1467 δὲ
1543 1415 1634 1468 τὸν
1690 1415 1942 1487 Ἀϐραὰμ

2044 1429 2140 1485 per
2158 1414 2572 1479 conscientiam,
2592 1423 2647 1468 et
2663 1415 3020 1484 privationem
3045 1413 3253 1482 gratiae.
3276 1412 3411 1467 Cum
3427 1412 3621 1467 deinde

368 1504 611 1574 καθορᾷν
640 1504 701 1556 τὸ
761 1506 973 1572 μακράν
1009 1501 1149 1557 εἶναι
1191 1505 1326 1575 Θεοῦ
1382 1507 1663 1576 σημαίνει,
1699 1508 1793 1563 καὶ
1838 1505 1942 1560 ὑπὸ

2045 1507 2205 1576 longe
2224 1516 2279 1560 et
2305 1505 2445 1560 infra
2477 1505 2668 1575 positas
2697 1505 2954 1561 dicuntur
2985 1521 3014 1560 ε
3057 1514 3352 1573 conspectu
3386 1504 3619 1558 Abrahae

369 1593 639 1660 δαιμόνων
669 1592 966 1647 θλίϐεσθαι.
1004 1595 1079 1645 Οὐ
1111 1595 1215 1664 μὴν
1252 1596 1310 1649 δὲ
1340 1597 1521 1649 τελεία
1554 1597 1721 1668 329
1747 1597 1842 1650 νῦν
1864 1596 1944 1650 δί-

2047 1600 2150 1654 boc
2181 1597 2359 1651 innuit
2407 1611 2503 1652 eas
2548 1597 2708 1668 longe
2744 1611 2868 1653 esse
2914 1613 2941 1650 a
2979 1596 3110 1659 Deo,
3143 1607 3199 1652 et
3236 1597 3479 1666 torqueri
3519 1597 3623 1649 sub

369 1685 523 1738 δοται
575 1685 817 1748 κόλασις.
869 1687 928 1739 Ei
962 1687 1018 1738 δὲ
1051 1686 1139 1740 διὰ
1188 1688 1249 1738 τὸ
1279 1687 1371 1740 τὸν
1403 1688 1607 1756 Κύριον
1659 1690 1942 1758 εἰρηκέναι

2050 1689 2339 1763 tyrannide
2367 1690 2674 1745 dmmonum
2716 1705 2731 1742 :
2786 1689 2880 1745 sed
2918 1699 3103 1745 tamen
3133 1703 3279 1744 nunc
3320 1705 3431 1743 non
3465 1688 3622 1756 plena

344 1778 429 1829 -ὲν
456 1777 650 1848 γεέννῃ
680 1771 821 1829 εἶναι
856 1778 949 1829 τὸν
979 1778 1254 1842 πλούσιον,
1286 1780 1602 1837 πιστευτέον
1635 1782 1693 1833 ὲν
1722 1780 1939 1832 κολάσει

2048 1785 2219 1838 luitur
2273 1798 2456 1852 pmna.
2508 1784 2637 1838 Inde
2681 1783 2906 1838 Domino
2953 1792 3190 1838 testante
3236 1783 3458 1838 divitem
3505 1796 3626 1835 esse

374 1865 518 1923 εἶναι
545 1870 729 1934 αὐτὸν,
764 1871 860 1922 καὶ
888 1869 976 1922 διὰ
1009 1870 1169 1922 τοῦτο
1196 1874 1316 1933 ταῖς
1342 1873 1448 1925 τῶν
1484 1873 1826 1942 ἁμαρτωλῶν
1855 1873 1945 1926 κό-
1974 1876 1977 1885 “

2275 1828 2456 1852 μμ.-.
2511 1828 2637 1838 ...η
2681 1828 2905 1838 --..-...-,
2955 1828 3190 1838 ---._.-.-
3239 1828 3458 1838 ...-.-,..-
3508 1828 3623 1835 --η

2052 1879 2105 1930 in
2138 1878 2405 1945 gebenna,
2434 1875 2769 1930 credendum
2818 1885 2903 1929 est
2942 1875 3120 1943 ipsum
3164 1890 3287 1930 esse
3342 1875 3393 1928 in
3443 1888 3623 1941 pinna.

374 1961 529 2024 λασίς
558 1961 673 2013 ἐστι
700 1959 922 2030 ψυχαῖς,
955 1960 1170 2026 αἰώνιος
1197 1962 1373 2026 ἔσται,
1401 1963 1660 2033 ἀρραϐὼν
1690 1967 1787 2032 τῆς
1815 1964 1945 2033 μελ-

2051 1974 2106 2021 et
2142 1972 2539 2034 consequenter
2583 1978 2801 2033 poenam
2824 1965 3029 2018 instare
3071 1963 3364 2019 animabus
3437 1975 3626 2030 pecca-

374 2053 571 2120 λούσης
600 2051 895 2113 κολάσεως.
946 2052 1090 2122 Πλὴν
1120 2055 1242 2106 ὅσον
1272 2054 1421 2117 ἔστιν
1459 2056 1668 2108 ἐννοεῖν
1705 2056 1812 2108 ἀπὸ
1838 2055 1946 2107 τῶν

2054 2068 2256 2121 torum,
2311 2058 2510 2111 futurae
2561 2070 2739 2126 pcena:
2787 2071 2909 2125 quas
2946 2057 3052 2113 erit
3099 2064 3325 2119 eterna,
3361 2053 3630 2109 arrhabo-

376 2144 550 2213 ἁγίων
579 2146 837 2214 Γραφῶν,
867 2147 989 2198 ἐπεὶ
1020 2147 1175 2199 οὔπω
1202 2148 1307 2199 ὑπὸ
1340 2150 1409 2200 τὰ
1432 2148 1606 2217 δεσμά
1632 2150 1730 2201 καὶ
1754 2148 1814 2201 τὸ
1840 2147 1949 2218 πῦρ

2054 2163 2199 2209 neuti.
2241 2147 2454 2203 Etenim
2505 2147 2608 2201 hoc
2655 2148 2876 2216 insuper
2916 2148 3299 2216 cognoscimus
3350 2160 3417 2199 ex
3472 2159 3628 2199 sacra

378 2238 439 2291 τὸ
469 2239 871 2309 ἡτοιμασμένον
898 2239 1045 2309 αὗτῷ
1086 2240 1115 2292 ό
1149 2222 1391 2303 διάϐολος
1432 2241 1531 2294 σὺν
1564 2243 1677 2300 τοῖς
1706 2240 1946 2310 δαίμοσι,

2054 2240 2337 2310 Scriptura
2359 2255 2483 2310 qua:
2517 2240 2677 2294 nobis
2709 2238 2890 2292 innuit
2911 2238 3188 2293 diaboium
3221 2237 3464 2292 nondum
3502 2249 3627 2289 cum

381 2331 500 2384 ἀλλ’
526 2332 605 2383 ἔτι
635 2331 733 2400 τὴν
761 2332 959 2384 κακίαν
995 2332 1278 2401 ἐνεργοῦσι
1310 2332 1387 2400 τῷ
1435 2334 1643 2401 κόσμῳ,
1678 2333 1771 2384 καὶ
1799 2314 1964 2384 οὕποῖ

2055 2331 2393 2389 daemonibus
2422 2345 2544 2386 esse
2595 2330 2647 2383 in
2681 2330 2912 2384 vinculis
2960 2336 3014 2382 et
3058 2329 3111 2383 in
3164 2329 3287 2397 igne
3331 2336 3632 2398 praeparato

372 2424 434 2476 δὲ
461 2424 493 2493 ἡ
520 2423 790 2492 ἀπόφασις
827 2425 920 2477 καὶ
951 2424 1065 2486 τοῖς
1093 2424 1439 2492 ἁμαρτωλοῖς
1455 2422 1646 2492 γέγονε
1676 2422 1760 2489 τδ,
1794 2441 1812 2473 ι
1842 2424 1950 2475 Πο-

2059 2423 2188 2493 ipsi,
2220 2423 2316 2478 scd
2365 2422 2543 2478 adhuc
2583 2419 2855 2488 inspirare
2904 2421 3167 2475 malitiam
3216 2422 3271 2475 in
3319 2420 3547 2483 mundo,
3579 2428 3634 2472 ct

382 2514 604 2586 ρεύεσθε
656 2516 751 2567 ἀπ’
796 2514 951 2583 ἐμοῦ,
985 2517 1034 2569 οί
1082 2514 1454 2586 κατηραμένοι
1514 2516 1595 2578 είς
1645 2514 1706 2566 τδ
1734 2512 1846 2581 πῦρ
1892 2513 1953 2566 τὸ

2059 2516 2300 2571 nondum
2351 2523 2794 2569 consummatam
2842 2527 2966 2569 esse
3015 2523 3360 2581 peccatorum
3415 2526 3635 2579 separa-

378 2607 616 2662 αἰώνιον·
641 2624 660 2658 ι
690 2607 751 2659 οὐ
776 2606 957 2679 τελείᾳ
975 2606 1193 2659 κολάσει
1225 2608 1280 2659 αί
1299 2606 1405 2659 τῶν
1422 2604 1761 2673 ἁμαρτωλῶν
1787 2603 1955 2674 ψυχαὶ

2061 2608 2267 2661 tionem
2302 2621 2403 2661 nec
2458 2606 2726 2674 prolatum
2771 2604 3016 2660 terribile
3066 2606 3167 2661 hoc
3199 2618 3215 2657 :
3251 2622 3272 2655 ι
3308 2604 3580 2658 Discedite
3603 2619 3634 2656 a

384 2697 786 2765 παραδίδονται,
824 2698 873 2750 εἰ
904 2698 994 2750 καὶ
1018 2700 1045 2751 ὁ
1078 2697 1339 2759 Πλούσιος
1378 2697 1594 2763 λέγεται
1640 2699 1701 2748 ἐν
1739 2698 1952 2768 γεέννῃ.

2060 2715 2169 2763 me,
2221 2699 2520 2762 maledicti,
2572 2698 2626 2752 in
2670 2699 2847 2765 ignem
2903 2706 3169 2751 aeternum
3224 2697 3264 2749 ⁸.
3301 2715 3318 2748 ι
3392 2695 3635 2751 Perfecta

382 2790 613 2852 ’Πάντως
642 2790 750 2860 γὰρ
778 2790 932 2844 ἔσται
962 2790 1060 2858 μὲν
1092 2792 1149 2842 ἐν
1181 2791 1426 2852 κολάσει,
1455 2791 1516 2843 οὐ
1540 2780 1722 2861 τελείᾳ
1748 2789 1826 2850 δὲ,
1858 2789 1956 2842 καὶ

2061 2806 2218 2861 pcena
2275 2806 2385 2846 non
2436 2790 2751 2845 afﬁciuntur
2789 2791 2986 2844 animae
3045 2797 3392 2858 peccatorum
3452 2807 3466 2841 :
3532 2784 3635 2844 etsi

382 2884 505 2935 οὐδὲ
531 2881 600 2935 δι’
622 2882 793 2954 αὐτὴν
834 2881 933 2951 τὴν
961 2883 1018 2935 ἐν
1055 2883 1212 2951 μέρει
1239 2881 1462 2936 κόλασιν
1503 2882 1956 2951 ἀπαλλαγήσεται

2060 2883 2204 2937 enim
2251 2883 2405 2938 dives
2446 2883 2665 2937 dicatur
2707 2897 2829 2938 esse
2875 2883 2927 2935 in
2968 2881 3242 2950 gebenna.
3275 2881 3501 2936 omnino
3533 2882 3640 2935 erit

386 2978 483 3046 τῆς
506 2975 739 3040 τελείας,
786 2975 861 3038 ὡς
885 2975 937 3026 οί
984 2974 1203 3027 Λατῖνοι
1232 2976 1360 3045 περὶ
1406 2973 1498 3027 τοῦ
1532 2973 1956 3044 Πουργατωρίον

2062 2976 2116 3030 in
2164 2990 2346 3044 ptena,
2378 2992 2488 3029 non
2541 2974 2781 3045 perfecta
2808 2974 3049 3044 quidem,
3078 2977 3173 3030 sed
3219 2989 3315 3044 per
3344 2974 3486 3028 hanc
3519 2985 3640 3040 qua:

388 3068 540 3133 φασξ.
562 3068 669 3121 Καὶ
685 3067 863 3135 δῆλον,
887 3065 963 3130 ὡς
982 3066 1073 3120 καὶ
1090 3066 1278 3136 χάσμα
1312 3060 1464 3120 εἶπεν
1491 3061 1632 3119 εἶναι
1653 3068 1680 3118 ό
1698 3064 1958 3134 Ἀϐραὲμ

2062 3078 2148 3124 est
2175 3082 2238 3121 ex
2268 3074 2418 3135 parte
2443 3081 2656 3135 poenam
2691 3065 2951 3121 aeternam
2978 3080 3084 3119 non
3119 3063 3361 3134 eEngiet,
3395 3063 3535 3118 sicut
3556 3060 3641 3115 di.-

388 3159 490 3212 ἀνά
525 3159 689 3228 μέσον
729 3159 834 3211 τῶν
877 3160 1217 3228 ἁμαρτωλῶν
1257 3158 1352 3211 καὶ
1385 3157 1631 3219 δικαίων,
1674 3157 1733 3209 τὸ
1764 3155 1991 3209 ἀδύνα-‹

2066 3170 2198 3215 cunt
2232 3159 2410 3213 Latini
2441 3158 2510 3213 de
2534 3158 2873 3228 purgatorio.
2923 3156 2990 3212 Et
3022 3168 3177 3212 certo
3221 3156 3476 3225 quidem;
3510 3168 3635 3210 cum

383 3264 476 3300 τον
500 3250 600 3313 τῆς
631 3249 879 3313 ένώσεως
913 3247 1216 3319 παριστῶν,
1247 3249 1343 3302 καὶ
1375 3249 1509 3319 μηδὲ
1537 3247 1795 3302 δύνασθαι
1826 3246 1956 3303 ὕπο·

2068 3253 2338 3307 Abraham
2378 3251 2526 3305 dicat
2553 3264 2675 3305 esse
2705 3249 2875 3304 chaos
2922 3263 3180 3317 magnum
3213 3241 3356 3303 infer
3387 3258 3641 3317 peccato.

388 3338 620 3410 στρέψαι
653 3340 734 3402 είς
781 3340 907 3399 τοὺς
938 3339 1148 3404 ζῶντας
1196 3341 1478 3409 μετανοεῖν
1504 3356 1518 3372 '
1566 3341 1649 3393 ὅτι
1683 3339 1784 3391 οὐκ
1812 3337 1959 3391 ἔστιν

2066 3361 2156 3402 res
2181 3355 2236 3402 et
2273 3344 2477 3414 iustos,
2505 3342 2650 3397 unde
2677 3350 2902 3412 apparet
2921 3357 3034 3396 non
3065 3357 3227 3411 posse
3241 3340 3361 3433 .sibi
3399 3355 3639 3410 praesen.

386 3434 444 3485 ἐν
467 3430 542 3502 τῷ
560 3433 662 3504 ᾄδῃ
691 3432 971 3502 μετάνοια,
999 3432 1118 3486 ἀλλ’
1142 3432 1330 3504 ὥσπερ
1355 3434 1451 3497 τὰς
1477 3431 1585 3485 τῶν
1608 3432 1781 3500 ἁγίων
1807 3429 1868 3489 οὗ
1881 3448 1961 3483 πω

2069 3446 2150 3494 tes
2176 3452 2297 3491 esse
2324 3440 2627 3505 proximos,
2656 3442 2712 3489 et
2742 3433 3012 3489 neminem
3056 3433 3185 3489 inde
3226 3429 3472 3486 remeare
3501 3430 3642 3485 inter

386 3506 601 3575 τελείαν
630 3524 730 3592 τὴν
761 3523 922 3593 χάριν
950 3523 1380 3592 ἀπολαμϐάνειν,
1414 3522 1556 3575 οὕτω
1592 3522 1683 3575 καὶ
1721 3522 1819 3582 τὰς
1849 3520 1960 3572 τῶν

2066 3526 2221 3577 vivos
2278 3523 2343 3575 ad
2413 3523 2788 3590 pwnitcntiam
2840 3519 3107 3591 agendum
3142 3518 3337 3589 ,‘quia
3406 3535 3516 3573 non
3562 3519 3644 3573 est

389 3615 728 3683 ἁμαρτωλῶν
782 3612 935 3683 οὔπω
980 3616 1251 3684 τιμωρίας
1301 3613 1394 3667 καὶ
1438 3613 1710 3675 κολάσεως
1766 3614 1961 3681 πεῖραν

2072 3615 2125 3670 in
2164 3614 2399 3669 infernis
2447 3614 2787 3681 ptenitentia,
2834 3613 2929 3667 sed
2977 3613 3123 3668 sicut
3153 3613 3442 3669 animabus
3467 3612 3641 3678 justo-

391 3708 669 3777 εὐρίσκειν
698 3706 915 3759 τελείαν
943 3705 1261 3774 δοξάζομεν,
1289 3704 1448 3776 ἄχρις
1480 3704 1544 3757 ἂν
1566 3705 1627 3757 τὸ
1655 3703 1806 3765 τέλος
1838 3702 1965 3755 ἐκά-

2070 3720 2192 3761 rum
2243 3720 2349 3759 non
2402 3704 2561 3758 datur
2616 3702 2728 3769 jam
2783 3719 2931 3759 nunc
2962 3705 3178 3772 plenam
3228 3706 3479 3772 act-.ipere
3527 3720 3648 3772 gra-

394 3815 503 3868 σεῳ
539 3799 786 3870 γένηται,
818 3794 1156 3867 τούΚυρίου
1191 3796 1457 3858 ἐλθόντος.
1501 3795 1637 3848 Ὑπὸ
1682 3794 1880 3866 δεσμὸν
1905 3792 1963 3847 δὲ

2073 3798 2200 3851 tiam
2231 3837 2245 3863 ,
2293 3796 2373 3850 sic
2410 3796 2647 3849 nondum
2698 3794 2856 3849 datur
2906 3795 3194 3850 animabus
3245 3804 3593 3865 peccatorum
3630 3837 3643 3861 ,

393 3888 545 3942 ἔσται
591 3889 686 3941 καὶ
729 3888 924 3957 ὀδύνην
973 3888 1032 3940 τὸ
1065 3887 1227 3941 eam
1282 3886 1508 3958 πνεῦμα
1542 3890 1601 3944 ἂν
1638 3891 1705 3958 τῇ
1765 3886 1964 3959 γεέννῃ

2071 3897 2258 3943 nostro
2295 3886 2519 3955 judicio.
2568 3884 2959 3955 suppliciorum
3010 3893 3067 3939 et
3111 3885 3489 3953 castigationis
3519 3900 3645 3955 per-

393 3980 539 4031 κατὰ
569 3978 727 4043 λόγον
754 3978 1121 4047 προσήκοντα.
1150 3977 1262 4032 Καὶ
1283 3977 1444 4030 τοῦτο
1477 3977 1824 4047 μανθάνομεν
1855 3973 1964 4035 ἀπὸ

2072 3983 2275 4040 fectum
2326 3982 2555 4051 adipisci
2637 3981 3114 4051 experimentum,
3167 3981 3472 4049 usquedum
3524 3981 3647 4037 ﬁnis

392 4072 503 4124 τῶν
538 4071 712 4138 ἁγίων
766 4070 1022 4141 Γραφῶν,
1058 4070 1198 4139 πλὴν
1245 4070 1341 4122 καὶ
1373 4069 1486 4123 ἀπὸ
1526 4069 1635 4121 τῶν
1662 4066 1965 4135 γινομένων

2075 4075 2368 4145 unicuique
2397 4075 2667 4141 adveniat,
2698 4073 3062 4129 descendente
3111 4072 3359 4127 Domino.
3418 4072 3476 4127 In
3522 4072 3647 4127 vin-

396 4167 455 4217 ἐν
487 4166 619 4234 ἡμῖν
647 4163 881 4219 ένταῦθα
910 4162 1117 4230 γνῶναι
1140 4161 1258 4215 ἔστι
1298 4160 1393 4214 καὶ
1425 4158 1792 4231 στοχάσασθαι
1836 4158 1967 4225 περὶ

2073 4168 2215 4222 culis
2257 4180 2388 4236 ergo
2449 4166 2554 4220 erit
2582 4175 2636 4222 et
2680 4166 2734 4219 in
2782 4165 2970 4220 dolore
3031 4165 3257 4234 spiritus
3314 4165 3649 4219 immateria-

394 4256 506 4309 τῶν
540 4255 846 4325 μελλόντων
885 4255 1132 4310 δυνατόν.
1164 4252 1433 4316 Πολλάκις
1475 4252 1586 4329 γάρ
1632 4251 1728 4307 καὶ
1760 4249 1835 4320 μὴ
1868 4248 1965 4320 βα-

2076 4260 2144 4314 lis
2190 4259 2243 4313 in
2294 4260 2543 4327 gehenna
2588 4256 2889 4313 secundum
2919 4257 3068 4326 quod
3107 4256 3269 4311 modo
3320 4255 3388 4309 de
3449 4256 3532 4310 bis
3568 4254 3652 4309 din-

398 4346 753 4416 σανιζομένου
785 4345 879 4400 τοῦ
919 4345 1192 4408 σώματος,
1216 4345 1251 4415 ή
1275 4344 1423 4415 ψυχὴ
1460 4344 1583 4399 καθ’
1618 4345 1821 4409 ἑαυτὴν
1844 4345 1967 4398 ὀδυ-

2074 4350 2540 4406 cebamus:illud
2591 4365 2623 4406 a
2669 4357 2859 4404 sancta
2912 4350 3197 4420 Scriptura
3246 4349 3534 4414 discimus,
3601 4359 3654 4404 et

398 4442 556 4493 νεῖται
588 4440 684 4494 καὶ
714 4438 976 4504 θλίὸεται,
1006 4438 1395 4508 περιστατικοῦ
1418 4455 1560 4500 τινος
1584 4437 1968 4507 ἐπενεχθέντος

2073 4443 2186 4512 jam
2222 4440 2291 4496 ab
2340 4442 2425 4498 bis
2473 4457 2594 4512 quae
2627 4443 2713 4498 hic
2746 4443 2906 4498 nobis
2955 4444 3278 4514 contingunt
3324 4457 3655 4513 cognoscere

396 4531 531 4599 αὐτῇ
556 4531 652 4584 καὶ
679 4529 832 4599 παρὰ
868 4529 966 4599 τὴν
989 4528 1218 4599 γνώμην
1262 4528 1454 4597 αὐτῆς,
1496 4528 1717 4596 ἀτιμέας
1748 4527 1970 4598 δηλαδὴ.

2078 4548 2375 4605 possumus
2424 4543 2480 4590 et
2535 4534 2808 4604 conjicere
2851 4550 2976 4605 quae
3040 4543 3230 4605 postea
3294 4533 3444 4589 ﬁent.
3501 4532 3655 4599 Saepe

398 4620 430 4689 ἢ
458 4621 808 4691 ἀποστροφῆς
859 4621 1230 4692 ἀνθρωπίνης,
1261 4623 1294 4693 ἢ
1344 4620 1533 4690 φόϐου,
1564 4622 1597 4692 ἢ
1627 4621 1912 4690 αἰσχύνης,
1936 4618 1970 4688 ἢ

2081 4627 2252 4689 enim,
2304 4624 2512 4695 sospite
2558 4640 2826 4694 corpore,
2878 4626 3059 4678 anima
3116 4626 3171 4680 in
3226 4624 3412 4693 seipsa
3467 4625 3655 4678 dolore

400 4710 589 4764 πιθὼν
631 4711 948 4775 ἐπιθέσεως,
994 4710 1028 4780 ἢ
1066 4711 1343 4782 λογισμῶν
1387 4713 1593 4783 ἑτέρων
1645 4713 1818 4778 αὐτὴν
1861 4711 1975 4764 θλι-

2086 4715 2324 4772 afﬁcitur
2355 4724 2408 4770 et
2460 4717 2785 4780 conteritur,
2837 4714 3138 4771 infortunio
3187 4716 3423 4786 quodam
3476 4716 3655 4784 ipsam

407 4805 609 4857 δόντων
638 4806 730 4857 καὶ
770 4803 1086 4867 πιεζόντων.
1128 4805 1282 4857 Ἐπεὶ
1306 4803 1364 4856 δὲ
1393 4807 1484 4859 καὶ
1521 4802 1733 4873 σώματι
1761 4804 1974 4870 δεσμεῖ-

2088 4809 2439 4878 pertinaciter
2509 4810 2813 4863 insectante
2876 4808 2929 4862 in
2988 4809 3264 4864 intellectu
3318 4825 3333 4863 :
3407 4807 3660 4862 videlicet

406 4912 496 4950 ται
533 4897 627 4950 νῦν
655 4900 687 4969 ἡ
740 4896 907 4969 ψυχὴ,
939 4897 1033 4950 καὶ
1081 4899 1138 4950 ἐν
1160 4897 1238 4966 τῷ
1264 4896 1508 4964 μέλλοντι
1553 4897 1867 4951 πιστεύεται
1894 4896 1982 4957 έν-

2091 4898 2334 4963 infamia,
2362 4911 2454 4953 aut
2483 4898 2785 4954 defectione
2810 4897 3095 4953 hominum
3118 4936 3134 4961 ,
3180 4907 3274 4952 aut
3319 4897 3537 4964 timore,
3568 4906 3661 4951 aut

402 4990 607 5059 ωθῆναι
664 4989 898 5060 σώματι,
929 4992 982 5042 τί
1017 4988 1329 5059 θαυμαστὸν
1382 4982 1433 5040 εί
1459 4987 1554 5040 καὶ
1593 4989 1728 5057 πυρὶ
1760 4986 1980 5048 κολάζε-

2088 4989 2431 5055 confusione,
2491 4999 2585 5044 aut
2634 4990 2853 5045 casibus
2917 4988 3299 5060 ingruentibus
3330 5029 3345 5053 ,
3408 4997 3503 5043 aut
3569 4988 3663 5041 de-

402 5096 509 5144 ται,
546 5081 641 5135 καὶ
681 5079 917 5149 μάλιστα
948 5079 1090 5142 τότε,
1139 5078 1227 5131 ὅτε
1284 5077 1463 5130 πάντα
1500 5074 1976 5144 ἀλλοιωθήσονται,

2093 5083 2255 5150 nique
2289 5081 2820 5137 considerationibus
2867 5083 3061 5139 alienis
3089 5097 3209 5152 quae
3260 5081 3435 5151 ipsam
3480 5079 3664 5135 ferunt

403 5173 500 5224 καὶ
558 5175 637 5233 εἰς
676 5177 737 5226 τὸ
791 5172 1066 5242 ἄφθαρτον
1123 5170 1598 5240 ἀμειιρθήσονταω
1650 5170 1744 5222 καὶ
1807 5168 1984 5221 ταῦτα

2091 5185 2145 5226 et
2194 5174 2653 5229 circumveniunt.
2698 5172 2855 5229 Nunc
2893 5182 3076 5229 autem
3117 5174 3356 5228 vinculis
3385 5173 3664 5227 detinetur

410 5263 686 5325 κολάσεως
745 5263 1154 5333 ἡτοιμασμένης
1214 5261 1292 5331 τῷ
1341 5260 1597 5331 διαϐόλῳ,
1634 5260 1691 5322 ὃς
1748 5260 1982 5329 ὑπάρχει

2091 5265 2339 5334 corporis
2378 5265 2579 5330 anima,
2609 5274 2666 5320 et
2687 5279 2808 5321 cum
2832 5264 2966 5318 illud
3009 5264 3345 5333 deposuerit,
3379 5262 3573 5316 iterum
3608 5262 3662 5315 in

407 5350 699 5420 ἀσώματος
734 5354 827 5405 καὶ
881 5354 1212 5423 λεπτοτέρας
1258 5351 1494 5421 φύσεως,
1564 5352 1769 5422 ἦπερὴ
1812 5350 1982 5420 ψυχή.

2091 5354 2275 5409 futuro
2306 5363 2492 5424 sperat
2528 5368 2832 5410 assumere.
2867 5353 3012 5420 Quid
3058 5369 3189 5423 ergo
3225 5354 3421 5406 mirum
3482 5351 3530 5407 si
3561 5365 3660 5421 per

412 5440 475 5493 El.
529 5439 623 5494 οὖν
659 5441 809 5512 αὐτῷ
873 5444 968 5495 καὶ
996 5444 1107 5504 τοῖς
1162 5442 1414 5509 ἀγγέλοις
1461 5441 1626 5494 αὑτοῦ
1660 5443 1984 5512 ἡτοίμασται

2091 5445 2272 5516 ignem
2305 5445 2588 5513 puniatur,
2616 5459 2686 5501 eo
2735 5452 2983 5514 tempore
2998 5437 3314 5513 praesertim
3347 5455 3458 5511 quo
3488 5453 3664 5496 muts-

412 5530 528 5604 πῦρ
556 5533 773 5587 αἰώνιον
801 5536 880 5596 εἰς
915 5533 1186 5604 τιμωρίαν
1220 5536 1312 5585 καὶ
1358 5535 1600 5598 κόλασιν,
1680 5535 1797 5598 πῶς
1862 5533 1985 5587 οὐδὲ

2089 5536 2294 5590 buntur
2354 5534 2535 5589 omnia
2587 5543 2649 5589 ut
2710 5535 2767 5589 in
2820 5535 3280 5605 incorruptionem
3332 5535 3666 5588 vertantur?

411 5626 531 5688 ταῖς
588 5625 788 5696 ψυχαῖς
817 5625 968 5682 ἔσται
996 5626 1173 5694 τοῦτο,
1214 5629 1332 5690 ταῖς
1362 5627 1750 5695 ὐποταγείσαις
1778 5626 1856 5697 τῷ
1887 5643 1989 5681 πο-

2085 5627 2324 5685 Omnino
2352 5641 2483 5700 ergo
2518 5643 2735 5699 pausam
2758 5629 3010 5699 luctquae
3052 5637 3247 5698 parata
3274 5627 3379 5684 fuit
3418 5625 3663 5694 diabolo,

488 5807 512 5839 ⁸
542 5803 736 5862 Matth.
785 5823 913 5871 xxv,
948 5806 1036 5861 il.
