4060 6282
328 412 438 476 849
464 372 467 373 ί

996 411 1387 475 BESPONSA
1457 409 1559 471 AD
1632 410 2082 475 GABRIELEM
2141 409 2865 475 PENTAPOLITANUM.

3471 409 3583 472 850

338 523 490 577 θείαν
519 521 717 591 γνῶσιν
760 520 1242 592 διαπορθμεύουσι.
1293 524 1406 580 Καὶ
1434 522 1713 593 ὁμιλοῦσιν
1743 522 1903 594 ἀλλή-

2020 524 2238 581 sicutet
2274 526 2380 597 ipsi
2448 525 2652 596 angeli,
2716 526 2808 594 qui
2872 520 3286 594 incorporaliter
3312 521 3416 579 sibi
3450 522 3591 577 invi—

328 613 442 677 λοις
473 613 673 683 νοερῶς
712 613 834 683 δίχα
865 613 1135 683 γλώττης,
1164 616 1260 668 καὶ
1286 616 1527 686 σχήματι
1561 614 1619 668 δὲ
1660 616 1755 668 καὶ
1780 615 1903 668 νεύ-

330 723 464 775 ματι
495 707 529 776 ἠ
562 704 709 777 ψυχὴ
739 706 831 759 τὸν
870 706 1038 774 αὐτῆς
1088 707 1422 776 ἀπαγγέλλει
1471 707 1649 776 λόγον.
1681 704 1906 780 Γλώττῃ

326 797 385 851 δὲ
417 798 511 852 καὶ
551 797 841 868 γράμματι
876 798 1252 869 παχυνόμενον
1291 799 1388 853 καὶ
1434 793 1547 852 οἷον
1596 800 1906 870 σαρκούμε-

329 903 439 951 νον,
483 888 597 950 τοίς
639 887 821 951 ἄλλοις
870 889 1045 943 ἆπασι
1098 890 1342 959 φανεροί.
1394 889 1494 953 Ὃς
1547 892 1640 945 καὶ
1674 893 1733 944 ἐν
1766 892 1905 961 αὐτῇ

328 977 494 1031 πάλιν
526 980 678 1049 μένει
707 982 801 1034 καὶ
849 979 909 1032 οὐ
949 980 1237 1035 διΐσταται.
1286 982 1398 1035 Καὶ
1446 980 1569 1046 ὅλος
1619 985 1679 1036 ἐν
1740 985 1909 1037 πᾶσιν

328 1068 449 1121 ἔστι
484 1072 597 1132 τοῖς
623 1070 918 1134 ἀκούσασι,
946 1072 1040 1123 καὶ⁵
1056 1071 1182 1135 ,ὅλος
1211 1072 1361 1124 ἐστὶν
1391 1074 1452 1126 ὲν
1495 1072 1658 1142 αὐτῇ.
1689 1074 1910 1148 Μάλλον

328 1159 424 1213 οῦν
480 1160 576 1212 τοῦ
622 1161 958 1232 προφορικοῦ
1014 1160 1042 1213 6
1108 1162 1415 1227 ἐνδιάθετος
1486 1164 1647 1233 λόγος
1714 1165 1908 1234 λόγος,

330 1250 571 1321 μάλιστα
597 1251 654 1305 δὲ
680 1253 708 1305 6
739 1252 901 1316 αὐτὸς
926 1251 1082 1318 οὗτός
1114 1255 1262 1307 ἐστιν
1286 1295 1302 1319 ,
1340 1257 1390 1308 εἰ
1419 1258 1513 1309 xal
1541 1259 1653 1321 τοῖς
1685 1257 1792 1322 ἔξω
1823 1275 1910 1313 σο-

330 1344 451 1412 φοῖς
480 1341 639 1407 ἄλλος
677 1343 779 1413 μὲν
804 1346 835 1398 6
867 1344 1172 1408 ἐνδιάθετος
1226 1345 1396 1412 δοκεῖ,
1429 1347 1488 1401 δν
1532 1349 1627 1402 καὶ
1667 1350 1909 1405 διάνοιαν

329 1431 601 1501 λέγουσιν,
633 1433 795 1498 ἄλλος
818 1434 874 1488 δὲ
902 1437 930 1487 6
959 1438 1313 1506 προφορικός.
1338 1439 1418 1509 Τῇ
1447 1440 1674 1512 ἀληθείᾳ
1695 1441 1804 1510 γάρ
1829 1438 1911 1504 εἷς

330 1526 471 1579 ἐστι.
499 1527 611 1580 Καὶ
637 1520 795 1590 οὗτος
824 1527 917 1581 τὸν
946 1529 1214 1599 μονογενῆ
1260 1530 1520 1594 είκονίζει
1572 1533 1768 1599 Λόγον.
1800 1533 1911 1586 Καὶ

332 1613 640 1696 ἐνδιάθετος
691 1614 792 1685 μὲν
827 1614 985 1685 λόγος
1024 1616 1202 1686 μένων
1232 1615 1385 1677 ὲντδς
1437 1618 1534 1672 καὶ
1580 1617 1797 1681 πολλοῖς
1833 1618 1910 1691 μὴ

332 1705 644 1777 νοούμενος.
686 1707 1066 1778 Παχυνόμενος
1098 1709 1179 1774 δὲ,
1216 1710 1311 1763 καὶ
1360 1710 1394 1781 ἢ
1425 1711 1536 1773 τοῖς
1574 1711 1833 1780 φθόγγοις
1873 1711 1906 1783 ἢ

332 1801 447 1861 τοῖς
474 1799 768 1870 γράμμασι
813 1801 1213 1872 φανερούμενος
1248 1802 1275 1855 6
1320 1803 1681 1873 προφορικὸς,
1715 1803 1911 1857 εἰκονί-

2024 632 2144 672 cem
2199 617 2581 673 transmittunt
2639 615 2882 671 notitiam
2939 612 3052 678 Dei,
3091 622 3256 684 atque
3278 613 3347 667 ad
3383 613 3592 667 atteru-

2023 716 2167 763 trum
2204 708 2630 763 contabulantur
2657 707 2866 776 absque
2897 703 3079 775 lingua
3118 713 3171 759 et
3205 703 3589 759 intellectuali-

2017 808 2119 855 ter.
2188 800 2269 855 Ita
2322 801 2501 855 anima
2539 799 2641 855 sibi
2703 797 2804 869 ipsi
2856 797 3027 866 ligura
3061 797 3292 865 quadam
3330 806 3385 851 et
3435 798 3592 868 signo

2019 904 2180 947 suum
2216 888 2466 944 enuntiat
2496 900 2845 945 sermonem:
2910 884 3109 940 deinde
3137 886 3320 953 lingua
3357 894 3450 941 aut
3499 886 3592 939 lit-

2018 991 2132 1037 tera
2169 991 2469 1037 concretus
2518 989 2573 1036 et
2601 996 2728 1037 vere
2784 983 3122 1046 incarnatus,
3185 979 3445 1035 omnibus
3470 978 3591 1053 aliis

2017 1082 2273 1143 apparet;
2307 1072 2476 1142 quiet
2507 1072 2562 1126 in
2599 1075 2714 1142 ipsa
2750 1074 2951 1128 iterum
2985 1079 3167 1129 manet
3211 1085 3313 1126 nec
3368 1070 3594 1125 omnino

2018 1173 2350 1234 separatur;
2383 1175 2439 1218 et
2470 1172 2616 1221 totus
2637 1175 2720 1219 est
2758 1165 2812 1218 in
2842 1164 3098 1220 omnibus
3153 1163 3501 1218 audientibus
3538 1171 3595 1215 et

2017 1264 2165 1310 totus
2203 1255 2368 1310 simul
2396 1263 2480 1311 est
2520 1256 2574 1309 in
2608 1255 2791 1309 anima
2841 1270 3192 1324 permanens.
3242 1255 3435 1311 Potius
3462 1268 3594 1324 ergo

2019 1344 2072 1399 in
2103 1352 2281 1398 mente
2311 1352 2610 1413 conceptus
2640 1359 2805 1415 quam
2836 1344 3076 1399 exterius
3109 1346 3355 1413 prolatus
3411 1358 3596 1398 sermo

2017 1444 2102 1491 est
2134 1450 2316 1493 sermo
2349 1452 2363 1491 :
2402 1435 2640 1490 maxime
2679 1435 2825 1491 enim
2863 1435 2929 1490 de
2988 1436 3081 1489 illo
3114 1435 3214 1488 hoc
3248 1435 3592 1504 praedicatur.

2019 1527 2280 1595 Quamvis
2317 1530 2521 1583 exteris
2551 1528 2889 1598 philosophis
2923 1529 3066 1583 alius
3102 1527 3354 1582 videatur
3412 1540 3596 1581 sermo

2017 1629 2322 1689 conceptus
2380 1620 2434 1675 in
2480 1628 2663 1675 mente
2710 1635 2869 1688 quem
2930 1618 3319 1689 cogitationem
3376 1624 3594 1678 vocant,

2018 1712 2160 1768 alius
2191 1728 2325 1767 vero.
2346 1712 2596 1767 exterius
2616 1724 2911 1780 expressus
2937 1726 2952 1773 ;
2981 1711 3036 1764 in
3063 1708 3292 1764 veritate
3318 1720 3460 1761 unus
3490 1715 3595 1769 est,

2018 1805 2357 1873 unigenitum
2380 1802 2619 1858 Verbum
2644 1808 3064 1872 repraesentans,
3086 1799 3324 1869 primum
3345 1800 3398 1851 in
3417 1805 3598 1853 mente

332 1891 442 1956 ζων
480 1892 573 1946 τοῦ
616 1892 789 1960 Λόγου
818 1893 918 1963 τὴν
963 1894 1401 1965 ἑνανθρώπησιν.
1435 1895 1707 1966 ’Υστερον
1750 1896 1860 1966 γὰρ
1886 1898 1914 1948 6

2020 1905 2314 1964 conceptus
2336 1903 2390 1949 et
2417 1893 2756 1949 latcnsintus
2779 1900 2832 1946 et
2853 1892 3106 1961 pluribus
3128 1890 3367 1959 ignOtus,
3405 1886 3599 1941 deinde

332 1986 465 2052 Θεὸς
490 1989 661 2056 Λόγος
696 1991 1002 2060 σαρκωθεὶς
1031 1992 1437 2061 πεφανέρωται.

2022 2001 2332 2060 concretus,
2371 2001 2423 2048 et
2452 2001 2564 2047 tum
2601 1993 2773 2054 sonis,
2812 2000 2924 2045 tum
2954 1990 3152 2043 litteris
3193 1982 3597 2041 manifestatum

332 2086 497 2157 §onat
554 2081 845 2146 cxterius,’
874 2090 930 2137 et
997 2076 1173 2153 pingit
1217 2081 1378 2139 Verbi
1438 2084 1493 2139 in
1551 2083 1802 2155 humanis
1875 2085 2038 2140 vitam
2078 2086 2224 2156 quod
2269 2085 2541 2155 posterius
2596 2083 2739 2139 Deus
2796 2082 3028 2137 Verbum
3094 2081 3148 2135 in
3203 2094 3371 2135 carne
3427 2062 3597 2149 appa-

336 2173 464 2229 ruit.

901 2270 1241 2326 ΕΡΩΤΗΣΙΣ
1278 2269 1352 2327 Z'.

336 2365 519 2422 Εἰσὶν
540 2366 714 2434 ἔτερα
742 2366 1105 2437 συστήματα
1136 2372 1206 2421 ἐν
1239 2365 1319 2433 τῷ
1366 2368 1604 2437 οὐρανῷ
1626 2369 1753 2424 ἅνω
1776 2370 1920 2426 ὑδά-

498 2453 617 2489 των
640 2437 800 2504 παρὰ
827 2435 907 2489 τὰ
931 2434 1088 2509 κάτω
1113 2452 1133 2501 ;
1161 2436 1263 2491 καί
1302 2434 1735 2504 πῶς’ῖστὰνται
1759 2456 1781 2506 ;

312 2652 316 2657 -
411 2615 500 2678 El;
567 2616 668 2687 τὴν
729 2615 965 2688 ἑϐδόμην
1015 2618 1072 2672 δὲ
1132 2619 1403 2690 ἐρώτησιν
1430 2621 1626 2676 ’ταῦτα
1663 2639 1678 2656 ’
1711 2624 1924 2681 ’Υδατα

336 2705 596 2778 ὑπεράνω
621 2707 731 2761 τῶν
763 2708 1012 2778 οὐρανῶν
1047 2710 1363 2764 πιστεύεται
1399 2706 1538 2765 εἶναι
1570 2717 1684 2777 τοῖς
1711 2715 1914 2782 ἁγίοις.

335 2797 449 2877 Καὶ
501 2800 626 2869 περὶ
683 2798 872 2853 τούτου
919 2802 1273 2872 φιλοσοφοῦσι
1325 2805 1646 2873 στέργοντες
1696 2807 1764 2860 τὰ
1813 2806 1913 2877 τῆς

337 2888 556 2958 Γραφῆς
583 2891 633 2944 οί
673 2893 811 2961 ἱεροὶ
845 2894 1087 2963 Πατέρες
1131 2894 1162 2964 ὴ
1175 2893 1292 2963 μῶν
1336 2894 1616 2960 Βασίλειος
1646 2900 1739 2951 καὶ
1770 2899 1918 2969 Χρυ-

340 2982 625 3051 σόστομος,
669 2978 751 3047 οἷς
804 2984 1035 3037 Erras-'30::
1086 2985 1227 3056 ὑπὲρ
1274 2988 1382 3040 πᾶν
1413 2987 1542 3042 ἄλλο
1597 2990 1919 3057 ἀναγκαῖον.

339 3073 498 3135 Τινὲς
532 3074 589 3127 δὲ
625 3075 721 3128 καὶ
744 3074 915 3130 ὕδατα
944 3077 1199 3145 ὑπεράνω
1226 3079 1334 3132 τῶν
1377 3079 1625 3153 οὐρανῶν
1684 3082 1785 3148 τὰς
1815 3084 1921 3154 άγ-

339 3165 567 3232 γελικὰς
606 3166 790 3222 νοοῦσι
843 3167 1123 3238 δυνάμεις,
1150 3168 1226 3235 ὡς
1262 3170 1540 3242 Πνεύματι
1586 3174 1919 3245 κινουμένας

337 3253 499 3323 ἁγίῳ,
527 3255 623 3309 καὶ
643 3257 718 3319 ὡς
741 3256 970 3327 πλήρεις
990 3259 1152 3327 ἁγίου
1168 3260 1503 3332 Πνεύματος,
1533 3264 1618 3319 ὅτι
1640 3264 1735 3318 καὶ
1766 3264 1912 3336 ὕδωρ

335 3343 400 3398 τὸ
425 3344 651 3417 Πνεῦμα
696 3345 941 3401 καλεῖται
988 3348 1049 3403 τὸ
1095 3349 1279 3418 ἅγιον.
1321 3351 1555 3407 Ἀπλοῦν
1598 3354 1700 3425 μὲν
1733 3355 1791 3411 ὃν
1824 3356 1921 3411 καὶ

2563 2266 2892 2335 ρωΕδΤίΟ
2945 2264 3057 2320 νυ.

2022 2360 2169 2418 Num
2216 2373 2408 2432 praeter
2452 2362 2735 2429 inferiores
2777 2377 2942 2431 aquas
2994 2360 3102 2414 sint
3153 2358 3263 2432 alia
3292 2365 3595 2432 systemeta

2088 2427 2352 2504 aquarum
2382 2427 2863 2499 supracwleatium.
2900 2441 2948 2484 et
2999 2430 3260 2499 quomodo
3285 2429 3392 2482 illa:
3420 2427 3600 2482 subsi-

2090 2514 2235 2557 stant
2252 2504 2278 2556 1’
2898 2518 2901 2527 ‘

2089 2614 2217 2669 Haec
2246 2613 2313 2668 ad
2336 2615 2621 2684 septimam
2650 2611 3007 2684 quaestionem
3037 2625 3053 2666 :
3084 2610 3388 2682 Opinautur
3421 2611 3599 2668 sancti

2028 2719 2204 2774 aquas
2244 2719 2368 2760 esse
2440 2709 2674 2775 desuper
2704 2704 2970 2758 caelorum
2997 2724 3009 2759 :
3037 2718 3147 2771 quo
3172 2703 3239 2758 de
3265 2712 3590 2774 argumento

2022 2793 2324 2860 Scripturae
2347 2811 2519 2851 sacrae
2548 2796 2858 2857 assentiunt
2911 2793 3257 2863 disputantes
3306 2808 3337 2848 e
3392 2792 3599 2849 sanctis

2022 2889 2230 2944 nostris
2260 2888 2513 2943 Patribus
2569 2887 2802 2943 Basilius
2849 2896 2902 2942 ct
2951 2886 3397 2956 Chrysostomus,
3461 2887 3586 2957 qui-

2021 2980 2124 3035 bus
2178 2979 2394 3033 videtur
2436 2994 2660 3034 necesse
2722 2993 2891 3048 aquas
2982 2993 3103 3032 esse
3179 2993 3341 3048 super
3415 2993 3579 3035 omne

2022 3070 2191 3125 aliud.
2232 3068 2466 3135 Quidam
2498 3084 2673 3139 aquas
2721 3086 2853 3140 quae
2884 3078 3014 3126 sunt
3059 3068 3294 3141 desuper
3332 3072 3597 3127 cteloruut

2027 3161 2302 3231 angelicas
2335 3169 2628 3217 autumant
2686 3176 2809 3217 esse
2875 3162 3125 3228 virtutes,
3184 3162 3366 3231 quiaa
3408 3174 3598 3218 sancto

2021 3251 2224 3324 Spiritu
2255 3261 2542 3309 moventur
2565 3263 2619 3308 et
2642 3254 2771 3324 quia
2802 3253 3007 3326 Spiritu
3038 3254 3226 3309 eodem
3253 3261 3381 3309 sunt
3400 3254 3597 3332 plenae,

2020 3358 2081 3402 et
2161 3345 2289 3417 quia
2360 3345 2588 3419 insuper
2660 3361 2799 3417 aqua
2888 3347 3091 3401 dicitur
3155 3346 3394 3416 Spiritus
3461 3363 3592 3403 san-

339 3434 402 3489 τδ
433 3435 564 3488 αὐτὸ
590 3436 686 3490 καὶ
718 3435 798 3502 ἓν,
821 3435 897 3500 ὥς
922 3454 1054 3510 φησι
1086 3440 1316 3508 Παῦλος,
1348 3443 1564 3514 ἑκάστῳ
1590 3443 1649 3498 δὲ
1677 3443 1915 3515 διαιροῦν

2026 3446 2171 3493 ctus.
2216 3437 2453 3506 Spiritus
2509 3438 2728 3507 quidem
2794 3432 3016 3494 sanctus
3059 3439 3286 3508 simplex
3321 3448 3376 3494 et
3430 3455 3594 3505 unus,

336 3529 405 3582 τὰ
433 3530 770 3601 χαρίσματα,
801 3531 877 3595 ὡς
923 3535 1018 3584 καὶ
1040 3533 1102 3585 τὸ
1129 3532 1274 3604 ὕδωρ
1307 3535 1553 3607 ὑπάρχον
1586 3534 1667 3605 ἓν,
1700 3538 1918 3608 ἑκάστῳ

337 3621 445 3673 τῶν
488 3622 697 3691 φυτῶν,
742 3625 835 3675 καὶ
874 3623 1081 3697 ἑκάστῃ
1135 3625 1246 3680 τῶν
1277 3625 1517 3696 βοτανῶν
1553 3628 1691 3683 ἰδίαν
1740 3630 1918 3699 κπαρέσ

340 3729 424 3781 χει
454 3715 595 3767 κατὰ
627 3716 728 3784 τὴν
755 3715 920 3784 φύσιν
960 3715 1061 3786 τὴν
1087 3716 1317 3790 δύναμιν
1342 3720 1434 3772 καὶ
1461 3719 1765 3790 ἐνέργειαν.
1807 3724 1918 3776 Καὶ

343 3822 405 3857 πε
416 3806 469 3874 pl
491 3805 678 3859 τούτου
697 3806 841 3860 οὕτω
865 3808 1043 3875 σοφῶς
1064 3810 1089 3861 6
1115 3788 1286 3878 μέγας
1309 3811 1440 3878 φησὶ
1461 3788 1736 3881 Μάξιμον
1761 3793 1921 3866 Ἔτε-

340 3914 423 3965 ροι
455 3897 511 3949 δὲ
538 3898 599 3949 τὸ
631 3898 719 3950 διὰ
760 3899 867 3951 τῶν
896 3901 1136 3967 νεφελῶν
1165 3900 1309 3972 ὕδωρ
1346 3903 1595 3971 λέγουσιν
1627 3920 1639 3934 ·
1671 3905 1794 3959 ἐπεὶ
1824 3906 1919 3960 καὶ

339 3988 368 4038 6
395 3986 503 4056 ἀὴρ
536 3988 764 4056 οὐρανὸς
805 3989 1129 4058 ὀνομάζεται
1180 3996 1329 4062 παρὰ
1358 3997 1424 4065 τῇ
1458 3995 1672 4065 Γραφῇ.
1706 3997 1785 4051 Τὰ
1824 4015 1921 4050 πε-

338 4079 491 4130 τεινά
539 4079 651 4148 γάρ
703 4095 836 4148 φησι
887 4079 982 4131 τοῦ
1037 4081 1291 4146 ούρανοῦ.
1339 4085 1528 4154 Ὅμως
1583 4085 1725 4158 ὕδωρ
1777 4083 1919 4142 εἶναι

339 4171 527 4223 ἐπάνω
558 4170 649 4223 τοῦ
705 4169 1121 4240 στερεὼματος,
1146 4173 1220 4237 ὡς
1261 4179 1647 4248 γεγραμμένον
1697 4196 1920 4233 πιστευ-

339 4261 482 4317 τέον.
507 4257 634 4315 Οἵδε
799 4260 828 4312 6
860 4263 1039 4316 πάντα
1069 4267 1385 4336 πεποιηκὼς
1406 4268 1513 4321 τίνι
1541 4269 1728 4341 τρόπῳ
1757 4270 1914 4325 τοῦτο

340 4352 520 4406 ἐκεῖσε
544 4354 781 4410 τέθεικε.

809 4598 972 4670 330
998 4598 1329 4653 ΕροΤιιΣιΣ
1363 4603 1440 4658 H’.

341 4712 503 4787 Διατζ
520 4715 1134 4787 Δπαραλίῳὄάνουσιν
1161 4717 1217 4768 ol
1252 4714 1425 4787 ,ἄθεοι
1476 4716 1776 4787 τοσαύτας
1798 4736 1915 4787 μυ-

403 4782 618 4857 ριάδας
646 4783 878 4857 πιστῶν
904 4800 968 4857 τε
990 4784 1089 4857 καὶ
1111 4786 1360 4857 νηπίων,
1393 4785 1492 4857 θεαὶ
1509 4787 1578 4838 ἐν
1602 4782 1915 4857 τονσούἱοις

2094 4797 2141 4840 et
2176 4782 2465 4855 infantium
2495 4797 2544 4840 et
2567 4797 2674 4841 tam
2703 4782 2901 4857 longo}

411 4852 537 4918 τοῖς
590 4855 835 4924 χρόνοις
859 4869 873 4886 ο
903 4854 975 4924 τὰ
996 4855 1197 4924 βρέφη
1237 4855 1305 4907 δὲ
1344 4852 1587 4923 μᾶλλον
1631 4852 1920 4920 ,ϐεϐαπτιέ

405 4924 626 4996 altera,
699 4923 1042 4996 xaljndér
1097 4926 1491 4996 γινῴσκοντα,
1540 4942 1655 4996 ουκ
1697 4927 1919 4996 ἔμελλε

409 4989 639 5063 τούτων
661 5009 752 5059 τις
783 4989 937 5047 sli-at
962 4996 1050 5060 εὶς
1075 4989 1393 5063 ἀποδοχὴν
1420 4992 1607 5060 Θεοῦ;
1632 4989 1916 5052 καῖόιατί
1978 5046 1983 5049 .

409 5061 673 5129 ἅπαντες
704 5063 1171 5132 παραδίδονταις

409 5175 552 5245 Πρὸς
579 5175 639 5230 δὲ
674 5175 775 5248 τὴν
804 5177 1001 5248 ὀγδόην
1026 5178 1297 5250 ἐρώτησιν
1325 5178 1583 5234 λεκτέον
1615 5181 1780 5237 Οὐδὲν
1812 5182 1914 5253 μὲν

338 5266 461 5335 δίχα
498 5266 598 5336 τῆς
625 5266 721 5320 τοῦ
764 5265 900 5320 Θεοῦ
934 5267 1215 5336 προνοίας,
1260 5269 1383 5322 οὐδὲ
1415 5271 1639 5339 γεγονός
1676 5288 1730 5326 τι
1764 5272 1916 5342 παρὰ

338 5354 439 5424 τὴν
464 5354 666 5421 γνῶσιν
717 5354 920 5409 αὐτοῦ’
966 5357 1030 5409 οὐ
1056 5358 1238 5412 πάντα
1266 5359 1324 5412 δὲ
1361 5360 1501 5414 κατὰ
1546 5359 1766 5431 θέλησιν
1820 5363 1918 5415 καὶ

340 5446 590 5500 εὐδοκίαν
615 5445 802 5499 αὐτοῦ.
840 5448 955 5501 Καὶ
998 5447 1160 5517 δῆλον
1190 5450 1300 5504 άπδ
1325 5451 1425 5520 τῆς
1463 5452 1559 5505 τοῦ
1606 5454 1780 5522 Ἀδάμ
1805 5471 1914 5507 πα-

345 5537 629 5610 ραὸάσεως
651 5554 668 5570 '
703 5537 821 5610 ᾔδει
851 5540 956 5609 γὰρ
986 5540 1158 5611 αὐτὴν
1186 5543 1502 5609 γεγονέναι·
1536 5543 1633 5596 καὶ
1660 5545 1719 5597 τὸ
1756 5544 1913 5610 ξύλον

340 5630 440 5698 τῆς
469 5629 727 5696 γνώσεως
765 5631 928 5694 αὐτὸς
970 5633 999 5686 6
1028 5633 1304 5700 φυτεύσας
1342 5629 1431 5704 ἦν,
1468 5634 1585 5688 ἀλλ’
1629 5636 1728 5706 οὐχ
1763 5636 1852 5688 ἵνα
1884 5639 1912 5691 6

352 5718 526 5788 Ἀδὰμ
562 5720 807 5792 παραϐῇ,
842 5722 959 5776 ἀλλ’
1003 5723 1115 5790 ἵνα,
1143 5725 1285 5777 κατὰ
1313 5726 1500 5796 καιρὸν
1531 5725 1698 5779 αὐτοῦ
1749 5743 1915 5797 μετα-

341 5812 545 5883 λαῦὼν,
571 5814 824 5889 ὠφεληθῇ
852 5815 1031 5885 πλέον,
1066 5816 1281 5886 πρῶτον
1312 5818 1505 5873 ἑαυτοῦ
1534 5819 1634 5888 τὴν
1661 5818 1910 5889 ὑπακοὴν

2025 3537 2086 3585 ιιι
2147 3529 2387 3599 loquitur
2441 3528 2668 3597 Paulus,
2725 3528 3062 3585 distribuens
3101 3530 3437 3599 charismata
3480 3531 3597 3588 sin-

2022 3621 2186 3692 gulis,
2244 3621 2391 3677 sicut
2424 3629 2479 3676 et
2518 3636 2657 3692 aqua
2709 3636 2829 3690 quae
2860 3637 2964 3676 ttna
2998 3621 3220 3692 quidem
3250 3631 3357 3687 est,
3391 3631 3442 3678 et
3482 3623 3599 3678 sin-

2021 3712 2164 3783 gulis
2189 3714 2445 3767 arborum
2475 3724 2530 3767 et
2562 3696 2849 3766 herbarum
2875 3715 3151 3781 prOpriam
3183 3714 3468 3768 distribuit
3501 3730 3590 3769 se-

2024 3806 2260 3859 cundum
2294 3814 2541 3859 naturam
2563 3804 2989 3873 uniuscujusque
3008 3803 3112 3856 vim
3135 3812 3188 3858 et
3211 3806 3485 3873 energiam
3511 3814 3598 3859 :et

2023 3895 2090 3950 de
2149 3895 2249 3949 hoc
2279 3895 2358 3949 sic
2411 3894 2652 3963 loquitur
2692 3895 2966 3963 sapienter
3004 3893 3270 3949 Maximus
3304 3910 3533 3964 magnus
3572 3915 3587 3949 :

2022 3986 2125 4037 Alii
2151 3984 2341 4039 dicunt
2379 3998 2573 4053 aquam
2599 3996 2719 4037 esse
2749 3998 2812 4037 ex
2834 3983 3089 4046 nubibus,
3122 3993 3322 4038 cumet
3353 3998 3448 4037 aer
3480 3998 3599 4039 cm-

2022 4076 2134 4128 lum
2159 4075 2465 4145 appellatur
2486 4089 2518 4129 a
2535 4073 2836 4145 Scriptura,
2862 4088 2982 4142 qua:
3001 4072 3223 4129 dicitde
3246 4074 3437 4129 avibus
3468 4076 3594 4146 quia

2022 4177 2150 4222 sunt
2214 4165 2454 4220 volatilia
2526 4167 2672 4222 cteli.
2728 4166 2991 4220 Similiter
3021 4174 3323 4221 etcrettere
3379 4176 3597 4236 oportet

2021 4273 2214 4327 aquam
2243 4275 2363 4314 esse
2388 4273 2553 4327 super
2581 4261 3007 4323 ﬁrmamentum,
3027 4261 3171 4314 sicut
3194 4259 3456 4328 scriptum
3486 4269 3592 4318 est.

2025 4351 2279 4420 Viditque
2342 4353 2432 4421 qui
2470 4352 2596 4409 fecit
2655 4351 2838 4408 omnia
2893 4366 2999 4422 qua
3048 4351 3233 4411 forma
3264 4366 3434 4424 aquas
3480 4352 3593 4414 illic

2019 4456 2167 4505 Stare
2207 4445 2356 4503 fecit.
2396 4486 2409 4492 -

2554 4601 2876 4669 ρυΑΞδΤΙΟ
2926 4602 3066 4659 VIII.

2020 4715 2200 4782 Quare
2231 4718 2374 4771 nthei
2421 4715 3009 4842 (Multammedani)£t
3047 4719 3316 4790 myriades
3352 4719 3595 4788 ﬁdelium

2094 4797 2141 4840 et
2176 4789 2465 4842 infantium
2495 4797 2544 4840 et
2567 4797 2674 4841 tam
2703 4790 2857 4842 lanae
2884 4789 2903 4842 ἰ
3029 4800 3277 4842 tempore.
3302 4805 3595 4842 nuerosaue

3029 4800 3278 4858 tempore,
3302 4805 3595 4861 puerosque

2098 4859 2669 4930 maximeubaptizalos
2699 4860 3011 4930 et‘omm'um
3034 4875 3216 4930 rerum
3242 4861 3456 4930 ignaros
3496 4859 3594 4915 ra-

2093 4932 2244 4993 piunt
2265 4926 2291 4978 ?
2316 4925 2459 4999 Nunt
2500 4926 2639 4983 Deus
2676 4927 2876 4983 nullius
2901 4944 2965 4982 ea:
2987 4929 3068 4982 his
3098 4925 3359 4985 rationem
3388 4930 3549 4985 habet
3571 4969 3589 4999 ,

2094 5006 2142 5050 et
2169 5012 2331 5068 quare
2363 4998 2590 5051 universi
2622 5000 2698 5052 sic
2729 4998 3063 5057 traduntur?

2091 5174 2449 5230 Adoctavam
2477 5176 2832 5246 quaestionem
2869 5175 3186 5237 dicendum.
3214 5177 3405 5248 Neque
3431 5177 3586 5235 enim

2022 5265 2140 5322 sine
2168 5266 2263 5324 Dei
2300 5267 2670 5339 przcscientia,
2707 5283 2882 5337 neque
2938 5277 3138 5340 praeter
3164 5270 3285 5340 ejus
3312 5271 3588 5341 cognitio-

2019 5372 2145 5412 nem
2178 5359 2477 5429 quidquam
2532 5362 2750 5418 evenit:
2811 5375 2983 5429 neque
3032 5364 3216 5416 omnia
3280 5363 3580 5420 secundum

2020 5449 2142 5519 ejus
2164 5450 2568 5520 hem-placitum
2604 5461 2660 5506 et
2684 5450 3138 5507 benevolentiam.
3174 5451 3330 5518 Quod
3363 5454 3587 5513 eviden-

2020 5546 2104 5593 ter
2153 5547 2368 5594 constat
2431 5554 2526 5608 per
2576 5538 2790 5608 culpam
2830 5539 2990 5591 Adam
3028 5538 3233 5594 sciebat
3261 5540 3403 5594 enim
3434 5540 3583 5595 illam

2021 5640 2384 5702 perpetratam
2417 5645 2571 5685 esse:
2622 5640 2676 5685 et
2717 5631 2920 5699 lignum
2957 5630 3200 5684 scientias
3245 5630 3587 5702 plantaverat

2021 5724 2161 5794 ipse.
2203 5738 2307 5778 non
2336 5721 2557 5794 quidem
2593 5734 2651 5777 ut
2679 5723 2850 5777 Adam
2885 5737 3009 5776 reus
3043 5722 3218 5791 ﬂeret,
3281 5725 3373 5779 sed
3399 5733 3455 5775 ut
3485 5740 3585 5792 op-

2020 5827 2254 5889 portune
2286 5826 2341 5873 et
2366 5817 2650 5874 commode
2681 5817 2745 5872 de
2771 5816 3043 5872 fructibus
3077 5816 3446 5883 eiussumeus
3467 5832 3584 5871 rna-
