4060 6282
524 375 628 440 851
1346 351 1730 431 smsoms
1779 363 2534 427 THESSALONICENSIS
2576 360 2928 425 meumr.
3708 358 3808 428 δέ

527 490 611 560 gis
643 488 956 559 proliceret,
1014 499 1167 541 suam
1204 482 1474 554 imprimis
1522 481 1897 538 obedientiam
1918 487 2104 533 osten-

2225 477 2607 547 .v6:z€dusvo;.
2641 476 2754 539 Καὶ
2786 474 2944 540 ξύλον
2973 473 3031 530 δὲ
3076 469 3145 544 ἦν
3175 473 3623 544 πεφυτευμένον
3652 476 3804 544 ζωῆς.

529 588 685 636 dens.
750 579 814 635 Et
865 580 1170 650 plantatum
1219 584 1338 631 erat
1394 576 1599 645 lignum
1646 573 1792 638 vitae,
1844 571 2004 639 cujus
2056 570 2101 626 si

2225 570 2283 633 ὓς
2306 570 2373 624 ἂν
2411 568 2729 639 μεταλαϐὼν
2753 571 2813 622 ὲν
2845 568 3023 638 καιρῷ
3052 567 3323 630 ἀθάνατος
3361 568 3538 639 μείνῃ
3573 582 3591 599 ο
3624 568 3687 621 ού
3711 569 3805 639 γὰρ

531 673 744 727 frui-tus
794 672 1150 725 ntanducaret
1184 724 1189 731 ,
1223 667 1567 737 tempestive,
1623 665 1958 720 immortalis
1986 677 2103 717 rma-

2225 665 2289 724 εἱς
2320 662 2499 731 μάτην
2524 663 2585 714 τὸ
2611 661 2770 727 ξύλον
2797 663 2897 731 τῆς
2931 659 3078 729 ζωῆς
3117 659 3504 729 πεφύτευται.
3526 658 3705 728 ,Ἐπεὶ
3729 659 3809 712 οὖν

506 771 725 818 τισι-εις
785 778 891 815 non
952 762 1099 816 enim
1163 761 1219 813 in
1260 774 1458 813 vanum
1510 766 1628 811 erat
1683 758 1986 826 plantarum
2042 754 2107 807 li—

2225 754 2432 822 ιογικὸν
2459 754 2552 808 τὸν
2588 754 2875 823 ἄνθρωπον
2907 752 3134 816 ἔπλασε,
3177 753 3285 805 πᾶν
3313 752 3379 804 δὲ
3434 749 3671 818 λογικὸν
3698 752 3809 803 αύτ-

482 872 698 926 ’ςῐιυιη
761 857 909 911 vitae.
968 854 1105 908 Cum
1162 864 1345 905 autem
1397 850 1592 905 iecerit
1661 848 1943 903 hominem
2012 860 2105 898 ra-

2225 848 2473 911 εξούσιον,
2490 846 2840 912 αὐτεξουσίου
2854 845 2912 899 δὲ
2928 845 2990 897 τὸ
3002 844 3268 898 κινεῖσθαι
3285 843 3648 913 θηλητικῶς,
3666 844 3737 904 ὡς
3752 843 3809 896 ἂν

528 948 871 1014 tionabilem,
916 947 1096 1001 omnis
1140 947 1233 1015 qui
1263 945 1531 998 rationem
1559 941 1723 996 habet
1754 950 1840 996 est
1870 940 2032 1003 liber,
2050 945 2108 990 et

2225 940 2244 1011 ἢ
2264 940 2565 1007 κατορθοῦν
2582 939 2872 1018 ἐπαινῆται
2892 938 3138 1000 δικαίως,
3161 937 3192 1007 ἢ
3218 936 3567 1007 ἁμαρτάνον
3589 934 3808 1008 κολάζη·

530 1041 626 1111 qui
656 1041 795 1094 liber
821 1049 907 1094 est
938 1047 1186 1093 movetur
1228 1038 1530 1095 voluntate,
1573 1035 1651 1089 ita
1684 1044 1766 1096 ut,
1799 1033 1848 1088 si
1885 1033 2023 1086 bene
2052 1039 2106 1086 et

2225 1049 2323 1098 rat,
2349 1033 2442 1085 καὶ
2474 1031 2676 1099 γνῶσις
2698 1030 2756 1083 δὲ
2797 1030 2876 1099 τῷ
2900 1029 3107 1101 λογικῷ
3136 1032 3227 1083 καὶ
3252 1030 3431 1098 σοφία
3456 1029 3698 1092 δέδοται,
3728 1034 3810 1086 καὶ

464 1122 470 1131 ’
533 1133 766 1188 feliciter
796 1134 1063 1203 gessisset
1088 1128 1230 1197 iuste
1258 1127 1656 1197 approbaretnr
1690 1130 2106 1184 remuneratus,

2225 1123 2565 1193 παραγγελία
2604 1120 2901 1192 ἐξαιρέτως
2949 1124 3046 1175 καὶ
3070 1122 3237 1190 νόμος
3265 1115 3417 1175 Θεοῦ
3471 1122 3622 1191 πρὸς
3660 1122 3718 1174 τὸ
3743 1122 3805 1190 μὴ

534 1226 581 1282 si
613 1241 740 1279 vero
761 1230 1069 1294 peccasset,
1100 1218 1405 1288 puniretur.
1425 1215 1718 1285 Propterea
1736 1215 1963 1282 insuper
1984 1212 2111 1265 dats

2225 1218 2444 1268 πεσεῖν·
2493 1216 2593 1268 οὐκ
2636 1214 2747 1285 ἄρα
2788 1214 2919 1276 Θεὸς
2970 1213 3145 1276 αἴτιος
3193 1215 3288 1267 τοῦ
3328 1217 3680 1283 περιπεσεῖν
3728 1215 3807 1265 τὸν

522 1316 666 1374 ‘sunt
697 1316 749 1371 ei
788 1330 913 1369 cum
949 1314 1161 1367 ratione
1214 1309 1570 1378 intelligentia
1616 1315 1670 1362 et
1729 1305 2022 1361 consilium
2056 1311 2112 1359 et

2226 1308 2422 1376 Ἀδὰμ,
2444 1307 2581 1360 ἀλλὰ
2602 1308 2699 1376 τῆς
2725 1307 3001 1375 ἀμελείαςν
3010 1306 3169 1360 τοῦτο
3198 1309 3295 1360 καὶ
3328 1306 3804 1374 καταφρονήσεως

538 1412 812 1483 pra’cipue
866 1405 1190 1463 interdictio
1222 1414 1278 1459 et
1331 1404 1417 1458 lex
1453 1402 1573 1466 Dei,
1605 1412 1663 1456 ut
1715 1414 1821 1455 non
1851 1398 2110 1453 caderet:

2225 1398 2309 1451 τοῦ
2348 1397 2545 1467 Ἀδάμ.
2578 1394 2642 1450 Ei
2672 1396 2728 1449 δὲ
2751 1398 2847 1450 καὶ
2872 1397 2905 1466 ἠ
2940 1397 3118 1468 πλάνη
3145 1395 3239 1449 τοῦ
3262 1394 3532 1466 πονηροῦ
3566 1395 3807 1465 πρόξενος

537 1504 765 1559 minime
802 1514 936 1571 ergo
966 1513 1132 1554 causa
1162 1505 1242 1551 est
1272 1494 1413 1549 Deus
1449 1491 1878 1563 lapsnsAdami,
1901 1489 1996 1545 sed
2032 1499 2114 1543 to-

2225 1490 2408 1543 τούτου
2461 1487 2705 1556 γέγονεν,
2758 1486 3120 1567 άπροσεξὶαςς
3151 1489 3253 1542 καὶ
3301 1486 3487 1541 τοῦτο
3534 1489 3632 1541 καὶ
3684 1489 3809 1556 ἀφυ-

538 1606 654 1651 tum
688 1589 1102 1648 attribuendnm
1131 1596 1219 1642 est
1258 1587 1434 1656 ipsius
1464 1584 1810 1656 negligentiae
1840 1592 1893 1638 et
1933 1582 2112 1651 legum

2225 1581 2417 1634 λάκτου
2450 1581 2548 1650 τῆς
2580 1581 2981 1648 προαιρέσεως.
3012 1578 3091 1632 Οὐ
3124 1579 3232 1648 γὰρ
3261 1578 3330 1632 ἂν
3382 1579 3555 1648 ἴσχυε
3592 1580 3804 1648 κτίσμα-

536 1685 898 1755 contemptui.
929 1683 995 1737 Et
1033 1682 1079 1737 si
1118 1680 1526 1750 quodammodo
1559 1677 1742 1733 illusio
1774 1685 1865 1730 aut
1900 1673 2113 1728 fallacia

2225 1688 2311 1736 τος
2352 1672 2567 1741 πονηρά
2618 1671 2904 1743 συμϐουλὴ
2950 1673 3094 1725 κατὰ
3145 1670 3245 1740 τῆς
3292 1669 3465 1732 θείας
3518 1666 3736 1740 βουλῆς,
3764 1668 3805 1721 εξ

537 1780 662 1837 Mali
695 1779 860 1847 huius
889 1774 1112 1832 occasio
1155 1774 1333 1842 potuit
1362 1783 1506 1838 esse,
1555 1771 1649 1825 sed
1682 1771 1866 1839 potius
1900 1768 2110 1821 incuria

2225 1766 2508 1836 γρηγορῶν
2536 1761 2655 1836 iub
2693 1764 2885 1833 Ἀδὰμ,
2915 1765 3014 1819 καὶ
3038 1765 3228 1818 ἑαυτὸν
3263 1763 3611 1833 φυλάσσων,
3636 1760 3802 1824 καθὼς

537 1882 593 1929 et
624 1870 989 1942 improvidum
1048 1867 1193 1920 male
1252 1880 1314 1919 ra
1328 1865 1407 1918 uti
1436 1862 1727 1918 consilium
1757 1879 1773 1928 ;
1812 1860 1942 1931 quid
1970 1859 2113 1914 enim

2225 1858 2445 1929 ἐτάχθη.
2489 1856 2635 1911 Ἀλλ’
2656 1856 2778 1910 οἱδέ
2802 1856 3055 1910 διάὸολον
3072 1858 3101 1909 ὁ
3132 1854 3267 1918 Θεὸς
3291 1856 3557 1921 ἔκτισεν,
3588 1851 3803 1920 ἄγγελον

540 1964 811 2030 potuisset
834 1970 1108 2015 creatura:
1144 1957 1289 2011 mala
1345 1957 1532 2013 suasio
1563 1965 1753 2008 contra
1785 1950 2114 2007 desiderium

2225 1955 2274 2006 δὲ
2328 1951 2555 2019 ἀγαθὸν,
2603 1942 2762 2013 οὗτος
2806 1949 2863 2002 δὲ
2919 1948 3167 2012 διάϐολος
3212 1950 3445 2017 γέγονε,
3497 1944 3802 2017 προαιρέσει

540 2056 660 2120 Dei,
687 2056 732 2110 si
756 2054 989 2123 vigilans
1018 2050 1215 2106 fuisset
1248 2050 1444 2111 Adam,
1474 2056 1531 2102 et
1557 2048 1611 2101 in
1659 2047 1899 2115 scipsum
1932 2053 2118 2099 custo-

541 2148 746 2204 diendo
769 2142 1141 2207 ﬁrmissimus,
1176 2150 1237 2196 ut
1270 2141 1577 2206 oportebat.
1608 2139 1711 2193 Sed
1734 2152 1907 2205 neque
1933 2136 2118 2189 diabo-

540 2242 652 2295 lum
686 2237 893 2293 creavit
920 2236 1082 2296 Deus,
1104 2233 1197 2303 qui
1241 2231 1961 2300 fecitangelumbonummt
2021 2226 2116 2280 ille

540 2330 793 2386 diabolus
833 2332 915 2383 est
950 2325 1197 2389 ell‘eetus,
1226 2325 1373 2378 ultro
1391 2337 1691 2378 conversus
1722 2321 1788 2375 ad
1823 2319 2110 2396 malitiam,

544 2434 598 2479 et
629 2421 909 2476 aliti-deus
941 2419 1144 2480 factus,
1183 2420 1283 2472 sed
1316 2417 1483 2471 simul
1529 2415 1781 2470 inﬁrmus
1816 2412 2110 2475 exsistens,

549 2518 610 2565 ut
637 2519 888 2563 creatura
922 2508 1102 2562 scions
1140 2505 1306 2560 Deum
1344 2521 1473 2561 esse
1502 2518 1801 2559 creatorem
1827 2520 1847 2569 ς
1873 2513 2114 2557 attamen

538 2600 683 2671 apud
700 2601 993 2665 Adamum,
1028 2599 1119 2654 Dei
1142 2613 1360 2668 quoque
1376 2609 1707 2663 creaturam,
1742 2597 1911 2651 Deum
1935 2595 2113 2666 ipsum

541 2692 917 2757 calumniavit,
983 2701 1044 2746 ut
1099 2690 1346 2746 invidum
1406 2704 1557 2744 cum.
1591 2689 1969 2752 introducens,
2024 2690 2117 2758 qui

540 2785 811 2839 Adamum
840 2784 997 2840 vellet
1046 2782 1114 2837 ab
1154 2797 1253 2838 esu
1305 2781 1582 2836 fructuum
1631 2783 1757 2851 ligni
1796 2782 2114 2851 praepedire,

543 2877 746 2932 timens
785 2891 876 2941 ne,
906 2874 951 2931 si
986 2872 1363 2939 niandncaret,
1385 2882 1444 2927 ut
1476 2873 1621 2928 Deus
1662 2875 1879 2928 iuturus
1912 2874 2070 2931 foret.
2139 2876 2376 2946 indeque
2405 2873 2572 2931 Satan
2605 2876 2804 2944 factus,

2222 2045 2360 2113 πρὸς
2401 2043 2503 2114 τὴν
2555 2042 2756 2097 κακίαν
2800 2043 3053 2111 τραπεὶς,
3090 2042 3188 2094 καὶ
3234 2041 3501 2100 ἀντίθεος
3554 2038 3800 2107 γεγονὼς,

2221 2138 2315 2191 καὶ
2344 2136 2573 2207 ἀσθενὴς
2609 2133 2686 2189 ὧν
2711 2153 2723 2165 ·
2776 2135 2983 2204 κτίεμα
3031 2135 3140 2204 γάρ
3180 2135 3276 2188 καὶ
3318 2135 3492 2189 τοῦτο
3540 2131 3697 2191 εἰδὼς
3722 2130 3800 2182 τὸν

2222 2231 2357 2284 Θεὸν
2384 2231 2476 2283 τὸν
2515 2231 2801 2292 κτίσαντα,
2833 2228 2999 2291 αὐτὸς
3037 2230 3098 2281 τὸ
3126 2229 3334 2298 κτίσμα
3358 2227 3465 2281 τοῦ
3506 2226 3649 2280 Θεοῦ
3682 2224 3799 2292 πρὸς

2220 2322 2407 2391 ἕτερον
2460 2321 2551 2375 τὸν
2613 2320 2814 2391 Ἀδὰμ,
2856 2320 2951 2376 τὸν
2996 2320 3129 2375 Θεὸν
3181 2321 3345 2373 αὐτὸν
3399 2319 3701 2383 διαϐαλὼν,
3734 2317 3795 2378 ὡς

2222 2415 2488 2487 φθονερὸν
2516 2414 2680 2469 αὑτὸν
2712 2416 2971 2483 εἰσάγων,
3006 2416 3101 2469 καὶ
3133 2415 3242 2467 ἀπὸ
3274 2414 3372 2467 τοῦ
3417 2413 3586 2479 ξύλου
3618 2412 3798 2480 φαγεῖν

2223 2508 2315 2561 τὸν
2357 2507 2531 2574 Ἀδὰμ
2564 2508 2863 2571 κωλύοντα,
2902 2508 3081 2560 εἰδότα
3109 2510 3185 2571 ὡς
3218 2511 3268 2561 εἰ
3305 2508 3558 2578 φάγεται
3592 2505 3687 2559 ἀπ’
3711 2507 3794 2557 αύ-

2223 2599 2319 2653 τοῦ
2374 2601 2451 2663 ὡς
2498 2598 2631 2663 Θεὸς
2678 2602 2992 2671 γενήσεται.
3043 2601 3135 2654 Διὸ
3177 2602 3356 2655 Σατᾶν
3409 2601 3679 2670 γεγονὼς,
3715 2597 3798 2650 καὶ

2217 2691 2536 2760 ὠνομάσθη,
2574 2690 2603 2744 ὃ
2650 2691 2799 2745 ἐστιν
2840 2695 3175 2763 ἀποστάτης.
3229 2692 3419 2748 Ταῦτα
3460 2692 3625 2747 ικανὰ
3671 2691 3790 2761 api;

2215 2783 2317 2854 τὴν
2348 2783 2504 2836 λύσιν
2536 2784 2738 2846 παντὸς
2774 2785 2864 2837 τοῦ
2897 2784 3234 2856 ζητήματος.

2881 2885 2936 2932 et
2988 2878 3286 2948 appellatus
3343 2888 3473 2934 est:
3532 2875 3675 2948 quod
3717 2878 3791 2929 est

542 2978 810 3042 apostata.
837 2968 902 3022 Et
935 2970 1049 3023 haec
1078 2967 1212 3022 satis
1243 2966 1309 3021 ad
1337 2965 1665 3021 solutionem
1713 2968 1880 3021 totius
1908 2969 2077 3058 hujus
2110 2969 2454 3039 quaestionis.

1098 3080 1424 3151 QUESTlU
1464 3082 1556 3139 Ix.

544 3201 691 3255 Num
723 3203 860 3256 Deus
892 3218 1053 3255 causa
1087 3200 1157 3254 sit
1191 3200 1628 3269 transgressionis
1656 3200 1848 3253 Adami
1870 3209 1920 3253 et
1945 3200 2120 3253 incre-

613 3272 862 3327 dulitatis
904 3273 1165 3340 gentium,
1195 3271 1475 3340 ‘siquidem
1506 3271 1659 3323 inriti
1700 3275 2011 3322 truduntur.
2046 3269 2119 3340 Ac

615 3343 660 3394 si
700 3359 803 3394 non
855 3337 924 3395 sit
970 3357 1132 3394 causa
1187 3337 1351 3402 Deus,
1394 3341 1654 3407 quomodo
1697 3341 1993 3407 puniantur
2030 3337 2119 3409 qui

618 3412 904 3464 traduntur
937 3411 1084 3462 inviti
1106 3410 1131 3461 Ρ

617 3522 697 3576 Ad
729 3536 928 3576 nonam
957 3520 1315 3590 quaestionem
1346 3521 1462 3575 btec
1484 3537 1498 3575 :
1519 3519 1700 3575 Primo
1730 3520 1946 3591 quidem
1987 3538 2121 3591 gen-

549 3625 632 3669 tes
678 3616 795 3668 istae
846 3626 957 3667 non
1013 3622 1143 3668 sunt
1190 3609 1366 3678 factm,
1421 3619 1480 3665 ut
1537 3612 1646 3666 sint
1690 3610 1975 3679 inﬁdeles,
2026 3613 2120 3668 sed

550 3706 787 3761 habeant
819 3704 978 3758 ﬁdem
1006 3719 1021 3757 :
1056 3711 1280 3773 propter
1310 3703 1413 3757 hoc
1441 3717 1472 3757 a
1503 3703 1770 3773 principio
1803 3706 1986 3758 omnia
2041 3703 2123 3758 fac

549 3804 636 3852 cta
672 3808 824 3860 sunt,
859 3795 996 3851 etin
1054 3794 1160 3850 (ine
1213 3811 1379 3865 super
1416 3796 1599 3849 omnia
1628 3796 1722 3851 Dei
1764 3794 1999 3851 Verbum
2035 3797 2122 3851 in-

548 3899 854 3949 carnatnm,
890 3885 1121 3958 ejusque
1151 3886 1408 3942 salutaris
1456 3885 1775 3958 praedicatio
1809 3889 1865 3943 in
1903 3902 2120 3944 onmem

547 3989 749 4036 terram
778 3978 971 4036 diﬂ‘usa
1001 3989 1107 4044 est,
1128 3988 1188 4034 ut
1219 3982 1405 4034 nullus
1439 3981 1663 4035 haberet
1684 3982 2114 4036 excuSationcm.

555 4095 573 4125 ι
613 4073 887 4142 Numquid
939 4075 1085 4126 enim
1140 4086 1247 4127 non
1309 4073 1640 4128 audierunt?
1688 4073 1825 4128 dixit
1874 4071 2123 4138 Paulus;

454 4176 463 4191 '
546 4178 600 4221 et
655 4165 874 4235 quidem
944 4165 1000 4219 in
1061 4178 1279 4219 onmem
1345 4172 1546 4219 terram
1601 4165 1769 4220 exivit
1817 4181 1982 4221 sonus
2028 4180 2123 4222 eo-

547 4272 671 4313 rum
707 4258 749 4312 '.
788 4275 808 4309 ›
864 4255 931 4310 Ει
984 4257 1207 4314 evidens
1257 4267 1343 4312 est
1367 4269 1505 4327 quor
1542 4271 1611 4312 ex
1649 4258 1904 4315 omnibus
1948 4261 2121 4329 genti-

544 4350 652 4405 bus
681 4348 1031 4405 crediderunt
1067 4360 1123 4404 et
1169 4357 1490 4405 manserunt
1533 4351 1845 4415 credentes,
1875 4360 1931 4406 et
1988 4367 2125 4422 quo-

545 4443 711 4497 modo
744 4442 833 4510 qui
863 4456 929 4496 ex
970 4442 1225 4511 gentibus
1252 4456 1361 4496 non
1403 4441 1758 4498 crediderunt
1777 4454 1997 4514 propter
2020 4446 2121 4500 hoc
2154 4434 2198 4490 Ι)

547 4534 893 4589 condemnati
926 4543 1075 4597 sunt,
1118 4548 1245 4588 cum
1281 4534 1588 4603 praesertim
1632 4536 1893 4606 mysteria
1919 4534 2014 4591 Dei
2066 4536 2121 4591 in

547 4625 730 4680 medio
763 4625 1003 4696 gentium
1063 4625 1463 4695 splenduerint,
1507 4636 1563 4680 et
1615 4625 1670 4679 in
1723 4624 1980 4696 gentibus
2013 4627 2127 4683 sint

550 4716 670 4774 loca
703 4717 756 4770 in
786 4717 986 4787 quibus
1010 4733 1242 4789 corpon
1300 4716 1562 4774 habitavit
1611 4728 1664 4773 et
1692 4718 1748 4773 in
1806 4718 2008 4789 quibus
2039 4719 2125 4777 in-

550 4818 810 4863 carnatus
843 4820 896 4864 et
928 4824 1122 4879 passus
1161 4819 1244 4866 est
1295 4811 1412 4880 ipse
1436 4811 1647 4867 volens.
1680 4809 1785 4867 Sed
1833 4812 1937 4882 ipsi
1993 4799 2120 4867 mali

550 4899 887 4953 unanimiter
925 4912 1125 4969 negant
1173 4900 1332 4957 Verbi
1368 4904 1533 4957 vitam
1567 4906 1711 4958 inter
1760 4904 2028 4969 homines,
2070 4912 2124 4959 et

550 4990 894 5061 passionem,
923 5000 978 5046 et
1025 4995 1523 5060 resurrectionem,
1556 5005 1610 5050 et
1668 4995 2037 5064 divinitatem,
2068 5005 2124 5051 et

551 5085 1005 5140 incarnationem.
1070 5083 1278 5141 Idcirco
1323 5101 1447 5140 cum
1518 5089 1854 5144 daemonibus
1905 5105 2122 5158 prunam

549 5179 729 5241 luunt,
760 5176 887 5247 quia
910 5188 1099 5231 eorum
1125 5187 1249 5231 sunt
1273 5179 1413 5233 servi
1441 5189 1496 5234 et
1526 5181 1822 5250 compiices
1850 5181 2087 5238 ministri
2110 5200 2124 5253 ;

550 5278 604 5323 et
652 5271 795 5323 sicut
844 5266 1098 5323 diabolus
1149 5268 1421 5326 boinicida
1480 5285 1641 5329 estet
1683 5278 1883 5331 'contra
1952 5276 2121 5331 Deum

549 5359 972 5428 blasphemator,
1000 5370 1051 5416 et
1095 5360 1173 5415 illi
1204 5362 1475 5420 similiter.
1510 5365 1649 5422 Deus
1674 5382 1893 5438 quoque
1920 5368 2125 5439 optime

551 5452 700 5506 novit
733 5454 1049 5506 munduma
1081 5452 1419 5513 daemonibus
1466 5468 1655 5513 contra
1715 5476 1815 5516 nos
1873 5463 2123 5529 moveri;

554 5538 650 5591 sed
690 5540 797 5594 illis
829 5545 1029 5610 spretis
1059 5552 1111 5596 et
1148 5549 1497 5611 quantumvis
1530 5560 1721 5604 contra
1751 5552 2124 5620 molientibus,

556 5627 686 5692 veri,
719 5628 941 5697 legitimi
975 5642 1028 5684 et
1060 5631 1297 5692 illustres
1322 5640 1463 5695 servi
1502 5640 1591 5696 Dei
1623 5654 1975 5713 gcncrantur,
1999 5662 2133 5716 quo-

629 5799 647 5831 ¹
684 5809 843 5863 Rom.
882 5826 937 5877 κ,
980 5809 1079 5893 18.¹

2788 3087 3077 3142 EI’QTHZ!
3085 3089 3124 3140 Σ
3159 3088 3237 3143 Θ’.

2222 3197 2373 3272 'Apa
2402 3205 2592 3271 αἷτιος
2622 3208 2655 3259 ὁ
2700 3208 2844 3272 Θεὸς
2882 3205 2992 3272 τῆς
3035 3205 3435 3274 παραϐάσεως
3467 3205 3579 3259 τοῦ
3624 3203 3787 3268 Ἀδὰμ

2294 3274 2393 3326 καὶ
2424 3276 2536 3339 τῆς
2564 3278 2852 3342 ἀπιστίας
2879 3272 2997 3329 τῶν
3036 3272 3251 3341 inter,
3279 3276 3495 3343 ἐπειδὴ
3550 3274 3782 3343 ἄκοντες

2293 3344 2763 3410 παραδίδονταω
2795 3349 2847 3399 ει
2876 3346 2946 3398 δὲ
2977 3350 3087 3401 οὐκ
3114 3348 3329 3412 αἴτιος,
3358 3345 3491 3412 πῶς
3526 3342 3783 3403 κολάζονσ

2293 3432 2389 3469 ται
2421 3412 2611 3483 οὗτοι,
2646 3416 3109 3486 παραδιδόμεν-οι
3141 3416 3395 3484 ἄκοντες
3422 3434 3443 3481 ;

2297 3530 2439 3599 Πρὸς
2462 3529 2518 3582 δὲ
2546 3530 2644 3601 τὴν
2674 3530 2903 3601 ἐννάτην
2931 3530 3131 3585 ταῦτα·
3171 3532 3397 3603 Πρῶτον
3431 3535 3537 3601 μὲν
3562 3528 3691 3585 αὐτὰ
3720 3529 3778 3579 τά

2225 3615 2375 3691 ἔθνη,
2404 3623 2500 3691 οὐχ
2533 3622 2620 3675 ἵνα
2653 3622 2857 3676 ἄπιστα
2905 3617 3007 3676 ὦσι
3045 3625 3391 3694 γεγένηνται,
3438 3625 3560 3681 ἀλλ’
3581 3627 3667 3679 ἴνα
3692 3614 3778 3675 ὦσι

2225 3714 2416 3778 πιστά,
2448 3712 2542 3766 καὶ
2568 3712 2655 3766 δά
2685 3713 2840 3767 τοῦτο
2858 3713 2925 3766 τὰ
2952 3714 3009 3782 ἐξ
3039 3716 3211 3787 ἀρχῆς
3240 3719 3418 3772 πάντα
3449 3720 3654 3788 γέγονε.
3682 3712 3777 3768 Καὶ

2223 3807 2379 3868 τέλος
2416 3808 2449 3874 ἡ
2499 3805 2592 3858 τοῦ
2624 3806 2756 3859 Θεοῦ
2790 3807 2968 3876 Λόγου
3018 3810 3158 3880 ὑπὲρ
3193 3811 3454 3866 ἁπάντων
3497 3808 3777 3876 οἰκονομία,

2225 3898 2322 3950 καὶ
2345 3898 2405 3950 τὸ
2438 3899 2707 3968 σωτήριον
2735 3901 2928 3954 τούτου
2958 3902 3215 3972 κήρυγμα
3245 3907 3327 3968 είς
3354 3906 3451 3977 τὴν
3474 3903 3772 3973 οἰκουμένην

2224 3988 2558 4058 ὲξήπλωται,
2577 3989 2666 4044 ἵνα
2699 3992 2773 4061 μή
2797 4010 2880 4055 τις
2907 3993 3207 4062 ἀπολογίαν
3230 3995 3350 4068 ἔχῃ.
3380 4017 3400 4051 ε
3435 3999 3524 4071 Μὴ
3551 3999 3655 4067 γὰρ
3689 3996 3774 4046 οὐκ

2224 4073 2502 4151 ἡκουσαν;
2553 4082 2688 4152 φησι
2744 4082 2978 4153 Παῦλος,
3023 4087 3218 4154 μενοῦν
3255 4106 3318 4157 γε
3371 4092 3452 4155 είς
3480 4095 3658 4146 πᾶσαν
3688 4086 3772 4156 τὴν

2223 4173 2327 4244 γῆν
2343 4173 2610 4245 ὲξῆλθαενὸ
2636 4176 2874 4246 φθόγγος
2890 4179 3088 4235 αὐτῶν.
3104 4201 3123 4235 ι
3158 4183 3268 4237 Καὶ
3292 4184 3454 4256 δῆλον
3474 4188 3548 4250 ὡς
3575 4190 3634 4239 ἐκ
3660 4182 3776 4236 πάν·

2223 4282 2331 4319 των
2359 4265 2470 4319 τῶν
2491 4266 2663 4320 ἐθνῶν
2686 4271 3108 4340 πεπιστεύκασι,
3141 4278 3235 4328 καὶ
3269 4277 3492 4345 μένουσι
3516 4279 3571 4331 δὲ
3590 4275 3769 4333 πιστοὶ.

2224 4354 2365 4411 ὥστε
2419 4357 2488 4412 τά
2537 4357 2743 4414 ἄπιστα
2786 4361 2915 4431 ἔθνη
2961 4363 3025 4417 ὲκ
3056 4346 3248 4419 τούτοὸ
3300 4371 3627 4439 κατάκριτα.
3683 4364 3773 4418 Καὶ

2227 4451 2432 4521 μᾶλλον
2457 4451 2540 4506 ὅτι
2569 4452 2636 4506 τὰ
2663 4453 2758 4505 τοῦ
2785 4453 2922 4508 Θεοῦ
2955 4458 3234 4527 μυστήρια
3287 4451 3608 4530 κηρύττεται
3633 4458 3770 4530 μέσον

2228 4544 2433 4610 αὐτῶν,
2485 4545 2584 4599 καὶ
2631 4545 2683 4597 οἱ
2718 4546 2874 4600 τόποι
2913 4550 2972 4600 ἐν
2998 4549 3208 4611 αὐτοῖς.
3237 4553 3297 4603 ἐν
3344 4548 3424 4617 οἷς
3480 4548 3771 4625 σωματικῶς

2228 4634 2617 4691 πεπολίτευται
2650 4636 2747 4690 καὶ
2788 4638 3057 4697 πέπονθεν
3099 4642 3362 4709 ἑκουσίως
3395 4649 3424 4700 ὁ
3470 4642 3765 4716 σαρκωθείς·

2226 4724 2391 4780 Αὐτοὶ
2419 4727 2475 4781 δὲ
2522 4729 2619 4782 καὶ
2644 4729 2704 4783 τὸ
2752 4730 3177 4803 ἐνανθρωπῆσαι
3226 4738 3318 4789 καὶ
3351 4738 3413 4791 τ’)
3463 4738 3647 4792 παθεῖν
3689 4732 3767 4787 καὶ

2228 4818 2527 4889 ἀναστῆναι
2567 4821 2661 4874 καὶ
2688 4821 2749 4874 τὸ
2777 4821 2911 4876 Θεὸν
2960 4820 3103 4880 εἶναι
3136 4829 3228 4880 καὶ
3276 4832 3634 4900 σαρκωθῆναι,
3659 4824 3764 4881 ἀθε-

2228 4910 2385 4964 τοῦσι
2427 4912 2683 4977 καθάπαξ
2705 4914 2754 4967 οἱ
2784 4912 3028 4969 δείλαιοι.
3062 4919 3153 4972 Διὸ
3182 4921 3275 4975 καὶ
3307 4926 3449 4992 μετά
3475 4924 3581 4977 τῶν
3600 4917 3764 4987 δαιμό-

2233 5021 2338 5058 νων
2370 4997 2518 5058 οὗτοί
2567 5021 2631 5073 γε
2676 5007 3127 5077 κολασθήσονται,
3164 5013 3245 5066 ὅτι
3276 5016 3371 5068 καὶ
3403 5017 3601 5070 τούτων
3645 5010 3759 5064 εἰσὶν

2233 5096 2504 5166 ὑπουργοί
2536 5114 2596 5150 τε
2644 5097 2739 5151 καὶ
2788 5102 3064 5170 συνεργοί.
3099 5105 3209 5158 Καὶ
3240 5105 3317 5170 ὡς
3358 5105 3765 5180 ἀνθρωποκτόνῦς

2232 5188 2441 5250 ἐκεῖνος
2486 5192 2579 5242 καὶ
2618 5189 2760 5243 κατὶ
2804 5191 2939 5244 Θεοῦ
2977 5192 3336 5266 βλασφημῶν,
3383 5202 3479 5254 καὶ
3504 5196 3652 5255 οὗτοι.
3675 5193 3761 5249 Καὶ

2230 5281 2293 5331 τὸ
2319 5279 2420 5348 μὲν
2446 5281 2719 5336 κινεῖσθαι
2749 5282 2906 5336 τοῦτο
2934 5286 3059 5339 καθ’
3090 5289 3249 5357 ἡμῶν
3270 5290 3376 5344 ὑπὸ
3395 5292 3503 5346 τῶν
3527 5289 3761 5359 δαιμόνων

2230 5372 2291 5424 τὸ
2324 5374 2498 5439 ἔθνος,
2531 5374 2818 5442 γινώσκων
2851 5380 3002 5431 ἐστὶν
3044 5381 3074 5431 ό
3110 5382 3262 5444 Θεὸς,
3290 5384 3350 5436 ού
3383 5385 3577 5438 κωλύει
3600 5384 3665 5444 δὲ,
3693 5377 3759 5429 ἵνα

2232 5465 2279 5517 οἱ
2310 5467 2522 5534 γνήσιοι
2581 5466 2771 5521 τούτου
2802 5468 2980 5523 δοῦλοι
3013 5477 3240 5544 φανεροὶ
3282 5476 3561 5542 γένωνται,
3605 5472 3683 5526 καὶ
3717 5466 3755 5516 ti

2230 5555 2663 5625 κατωρθωκότες
2684 5560 3054 5627 ἀνοιφανῶσιν,
3082 5563 3157 5628 ὡς
3184 5567 3277 5618 καὶ
3297 5568 3325 5618 ό
3351 5567 3517 5620 Ἀεελ
3544 5565 3630 5623 καὶ
3651 5557 3753 5629 Σὴθσ

2239 5648 2386 5719 μόνοι
2424 5652 2481 5702 ἐν
2510 5652 2573 5719 τῇ
2601 5653 2761 5723 γενεᾷ
2805 5655 2965 5710 Κάῖν.
3006 5658 3115 5710 Καὶ
3140 5658 3261 5711 Νῶε
3296 5659 3457 5727 μόνος
3500 5661 3594 5713 σὺν
3619 5655 3675 5725 τῇ
3698 5649 3753 5702 οι·
