4060 6282
345 418 450 484 853

1076 411 1469 476 RESPONSA
1510 412 1610 472 AD
1637 408 2090 471 GABRIELEM
2118 368 2849 473 PENTAi’OLITANUM.

3491 408 3595 470 854

345 536 461 607 κίᾳ,
489 536 544 587 ἐν
569 535 636 603 τῇ
674 532 838 602 γενεᾷ
870 530 1017 607 πάσῃ
1041 529 1231 595 αὑτοῦ,
1263 528 1385 599 ήτις
1419 527 1511 581 καὶ
1542 523 1919 593 κατακλυσμῷ

2039 538 2143 578 -nm
2180 535 2324 580 recta
2363 535 2417 581 et
2439 528 2526 597 pia
2570 526 2949 581 manifestatur
2972 526 3105 592 vita,
3136 533 3191 579 ut
3214 525 3431 581 fuerunt
3461 526 3595 596 Abel

347 604 757 695 ἐξωλόθρευται,
791 622 850 675 έν
957 621 1182 683 πάντως
1202 621 1367 691 γενεᾷ
1390 621 1455 689 τῇ
1495 616 1788 687 φθαρείσῃ,
1818 615 1915 668 καὶ

347 719 518 787 νήπια
558 716 839 786 μυριάδες,
879 715 1036 785 331
1091 715 1268 766 πάντα
1307 712 1403 765 καὶ
1430 711 1569 764 αὐτὰ
1617 707 1758 762 κατά
1791 707 1918 770 τοὺς

350 810 601 878 Πατέρας
639 808 899 879 μέλλοντα
928 808 1113 875 ζῆσαι.
1147 804 1259 859 Καὶ
1289 804 1365 865 ὡς
1405 801 1656 872 Ἀϐραὰμ
1692 788 1751 853 ὲν
1773 799 1919 852 Χαλ-

347 901 519 965 δαίοις
538 902 634 956 καὶ
665 901 814 972 πάσῃ
838 903 908 969 γῇ
937 899 1079 969 πλήν
1109 895 1445 967 Μελχισεδὲκ
1471 896 1562 948 καὶ
1586 895 1691 947 τῶν
1720 895 1919 965 ὁμοίων

348 997 520 1067 αὐτῷ,
554 996 714 1066 εἴπερ
760 997 858 1049 καὶ
890 994 1042 1048 ἄλλοι
1075 989 1197 1045 κατ’
1237 989 1434 1043 αὐτόν’
1472 987 1569 1040 καὶ
1602 987 1677 1048 ὡς
1706 986 1830 1039 Λὼτ
1861 986 1919 1037 ἑν

351 1088 626 1158 Σοδόμοις,
683 1089 780 1140 καὶ
821 1086 1019 1156 Ἰωσὴφ
1067 1086 1125 1137 ἐν
1186 1080 1471 1149 Αίγύπτῳ,
1528 1079 1622 1131 καὶ
1666 1077 1727 1129 τὸ
1768 1075 1919 1139 ἔθνος

346 1178 458 1231 τῶν
497 1177 767 1232 Ἰουδαίων
803 1176 963 1246 μόνον
1010 1177 1068 1226 ὲν
1099 1176 1192 1242 γῇ,
1219 1172 1314 1225 καὶ
1358 1170 1489 1224 αὐτὸ
1529 1170 1757 1223 πλεῖστα
1787 1166 1919 1220 πολ-

349 1269 510 1331 λάκις
558 1269 949 1337 σφαλλόμενον.
999 1267 1096 1329 Τίς
1121 1261 1218 1318 οὖν
1260 1266 1369 1333 ἀρα
1391 1265 1418 1316 ό
1462 1262 1630 1324 αἴτιος
1659 1262 1761 1330 τῆς
1793 1262 1920 1313 ἀσε-

354 1361 507 1424 ϐείας
529 1362 641 1423 τοῖς
666 1358 953 1422 ἀσεϐούσι;
992 1357 1159 1420 Θεός;
1203 1356 1375 1426 ’Υπὲρ
1405 1356 1585 1408 πᾶσαν
1608 1354 1767 1407 τοῦτο
1796 1352 1922 1406 ἀσέ-

294 1490 301 1493 -
349 1454 501 1507 ϐειαν
554 1454 608 1506 εῖ
636 1469 721 1516 τις
768 1453 885 1521 ἐρεῖ
912 1451 1007 1503 καὶ
1050 1448 1418 1518 βλασφημίαν.
1469 1446 1636 1517 Δῆλον
1692 1445 1802 1515 γάρ
1846 1445 1923 1508 ὡς

350 1546 569 1611 κολάζει
609 1547 735 1609 τοὺς
768 1543 1007 1606 ἀσεϐεῖς.
1042 1541 1198 1595 Διατί
1245 1537 1339 1595 οὖν
1367 1541 1502 1611 τιμᾷ
1535 1541 1631 1609 μὲν
1655 1538 1918 1603 δικαίους,

351 1641 447 1694 καὶ
495 1640 701 1692 τούτων
738 1637 983 1707 κήδεται,
1035 1634 1357 1704 τιμωρεῖται
1417 1632 1476 1686 δὲ
1521 1630 1920 1692 δυσσεϐοὖντας

354 1732 447 1782 καὶ
485 1729 890 1801 ἀποστρέφεται
919 1745 937 1794 ;
967 1728 1192 1788 Πάντως
1237 1727 1312 1787 ὠς
1358 1723 1486 1785 τοὺς
1536 1722 1780 1785 εὐσεϐεῖς
1825 1720 1924 1790 μὲν

352 1819 785 1889 ἀποδεχόμενος,
835 1820 961 1880 τοὺς
1022 1816 1237 1879 ἀσεϐεῖς
1284 1815 1343 1869 δὲ
1397 1813 1921 1884 ἀποστρεφόμενος,

353 1909 478 1962 ιπεὶ
509 1909 632 1963 οὐδὲ
667 1909 862 1979 ἀφίησί
905 1926 957 1961 τι
1005 1906 1113 1961 τῶν
1142 1907 1278 1976 πρὸς
1330 1905 1611 1976 σωτηρίαν
1664 1905 1740 1973 μὴ
1771 1904 1925 1973 ἐνερ-

353 2004 493 2071 γεῖν,
521 2000 662 2054 ὥστε
704 2001 1003 2069 ιπιγνῷναι
1053 1998 1217 2052 αὐτόν
1240 2016 1255 2031 ο
1318 1999 1413 2051 καὶ
1447 1998 1538 2050 τὸν
1584 1997 1787 2065 κόσμον
1818 1995 1924 2067 γὰρ

355 2091 427 2145 δι’
454 2093 602 2161 ἡμᾶς
630 2091 856 2161 ἐποίησέ
901 2108 961 2143 τε
997 2091 1094 2143 καὶ
1124 2089 1335 2150 διοικεῖ,
1369 2086 1464 2139 καὶ
1496 2086 1567 2139 τά
1598 2086 1695 2155 τῆς
1724 2085 1927 2154 ἀρετῆς

356 2180 576 2250 ἔμφυτα
613 2180 810 2248 ἔθηκεν
837 2181 896 2232 ὲν
923 2181 1076 2248 ήμῖν,
1105 2177 1202 2231 καὶ
1226 2176 1448 2239 δούλους
1480 2175 1800 2229 ἀπέστειλεν
1827 2175 1926 2227 ad.

358 2273 454 2326 τοῦ
491 2272 554 2325 τὸ
578 2271 745 2326 αὐτοῦ
777 2270 1150 2340 κηρύττοντας
1181 2270 1400 2338 θέλημα
1424 2283 1439 2299 ’
1472 2269 1566 2320 καὶ
1587 2267 1750 2335 νόμον
1772 2265 1928 2319 ἔθετο

356 2363 519 2427 θεῖον,
557 2365 651 2417 καὶ
697 2364 981 2433 προφήτας
1027 2361 1214 2428 ἔδειξε,
1244 2362 1336 2413 καὶ
1391 2358 1543 2419 τέλος
1593 2359 1755 2421 αὐτὸς
1797 2353 1928 2427 ἦλθε

352 2455 424 2509 δι’
453 2455 648 2509 ἑαυτοῦ
670 2471 686 2488 ⁸
722 2457 818 2509 καὶ
867 2444 1127 2524 μαθητῶν
1157 2452 1319 2523 χορὸν
1356 2450 1672 2518 -ὲξελέξατο,
1704 2450 1797 2502 καὶ
1850 2451 1932 2511 εἰς

359 2550 448 2603 τὸν
476 2551 678 2618 κόσμον
708 2548 1003 2619 κηρύσσειν
1041 2546 1335 2615 ἐξέπεμψε,
1373 2546 1467 2598 καὶ
1515 2542 1767 2612 θαύματα
1799 2558 1930 2594 κατ-

357 2646 675 2715 ειργάσατο,
719 2641 880 2697 ἆτινα
909 2641 973 2713 δὴ
1003 2643 1095 2695 καὶ
1125 2640 1288 2710 μέχρι
1320 2638 1418 2691 νῦν
1465 2637 1789 2705 ἐνεργεῖται.
1823 2634 1932 2686 Καὶ

360 2738 579 2809 πρῶτον
609 2737 707 2807 μὲν
738 2735 831 2788 τοῦ
857 2735 1119 2804 ὀνόματος
1149 2731 1315 2786 αὐτοῦ
1342 2749 1411 2801 κη
1421 2728 1747 2800 ρυττομένου
1770 2726 1935 2780 παντὶ

360 2831 438 2900 τῷ
469 2832 684 2900 κόσμῳ,
732 2828 925 2881 ἔπειτα
967 2827 1055 2879 διὰ
1101 2825 1205 2888 τῆς
1242 2822 1553 2892 Παρθενίας
1585 2819 1750 2874 αὐτοῦ
1778 2820 1931 2872 πολι·

352 2924 661 2995 ¹πειθομένης
701 2924 759 2975 ἐν
806 2923 877 2991 γῇ
904 2936 918 2952 ·
952 2915 1069 2972 εἶτα
1110 2917 1196 2971 διὰ
1224 2917 1321 2986 τῆς
1359 2916 1453 2969 τοῦ
1497 2914 1704 2984 κόσμου
1735 2913 1932 2981 φυγῆς,

368 3016 522 3087 παρά
554 3013 766 3067 πολλῶν
792 3013 920 3083 ἄχρι
945 3012 1039 3064 τοῦ
1063 3008 1158 3063 νῦν
1185 3009 1587 3079 πραττομένης,
1623 3008 1717 3060 καὶ
1743 3005 1822 3060 ἔτι
1850 3007 1937 3059 διὰ

367 3111 468 3179 τῆς
506 3105 843 3177 μονογαμίας
893 3104 986 3157 καὶ
1018 3102 1374 3172 σωφροσύνης
1400 3101 1509 3154 τῶν
1551 3100 1691 3154 κατὰ
1731 3101 1937 3169 κόσμον

1952 1873 2000 1932 Β

2019 625 2074 670 et
2107 614 2253 682 Sem,
2285 618 2386 672 soli
2417 618 2472 673 in
2503 620 2858 689 generatione
2873 618 3029 682 Cain,
3059 628 3113 674 et
3144 618 3258 675 Noe
3287 620 3438 674 solus
3465 634 3594 672 cum

2020 721 2117 762 sua
2145 705 2308 762 domo
2334 707 2390 763 in
2426 709 2576 764 omni
2613 710 2731 780 ejus
2763 710 3114 779 generatione
3143 714 3274 778 quae
3307 719 3362 764 et
3391 709 3598 764 diluvio

2021 811 2344 873 consumpta
2374 813 2503 859 est:
2540 816 2595 860 et
2644 805 2701 859 in
2729 804 2817 859 illa
2868 805 3091 860 omnino
3140 819 3395 875 corrupta
3440 820 3603 875 gene-

2022 894 2235 949 ratione
2265 903 2420 947 erant
2453 909 2672 964 quoque
2712 895 2968 960 infantes,
3024 906 3080 951 et
3122 895 3344 966 insuper
3376 910 3596 963 omnes,

2025 995 2083 1040 ut
2115 995 2303 1041 notant
2332 985 2541 1051 Patres,
2566 988 2660 1056 qui
2691 989 2854 1043 modo
2886 990 3191 1060 ingressuri
3239 999 3396 1042 erant
3428 989 3494 1042 ad
3521 990 3601 1042 vi-

2025 1086 2173 1145 tam;
2202 1091 2254 1133 et
2278 1080 2551 1133 Abraham
2578 1080 2631 1133 in
2655 1079 2924 1149 Chaldaeis
2949 1090 3002 1135 et
3037 1080 3088 1133 in
3120 1090 3228 1135 tota
3259 1091 3423 1144 terra,
3459 1094 3598 1147 prte-

2024 1179 2105 1224 ter
2152 1171 2569 1234 Melchisedech,
2623 1171 2696 1226 illi
2752 1173 2976 1239 similes,
3027 1172 3121 1227 alii
3173 1173 3317 1227 enim
3348 1173 3606 1225 dicuntur

2025 1262 2326 1318 secundum
2367 1263 2694 1333 exetuplum'
2714 1264 2834 1333 ejus
2867 1265 3102 1328 vixisse;
3158 1272 3213 1319 et
3247 1265 3392 1319 sicut
3414 1263 3514 1317 [.nt
3547 1264 3603 1317 in

2025 1353 2299 1420 Sodomis,
2337 1364 2392 1408 et
2421 1353 2616 1422 .losepli
2669 1356 2723 1408 in
2758 1354 3010 1426 Egypto,
3041 1364 3095 1410 et
3145 1356 3377 1425 populus
3442 1354 3607 1409 lsrael

2026 1448 2175 1504 solus
2205 1448 2348 1502 inter
2374 1448 2602 1517 populos
2630 1456 2789 1503 terra:
2847 1448 2940 1518 qui
2994 1457 3175 1503 tamen
3203 1455 3257 1503 et
3284 1448 3512 1503 multum
3546 1457 3602 1503 et

2022 1552 2166 1608 saepe
2189 1538 2439 1608 deliquit.
2466 1538 2601 1605 Quis
2620 1554 2749 1608 ergo
2769 1539 2950 1610 impiis
2973 1554 3138 1595 causa
3167 1550 3250 1595 est
3270 1539 3563 1611 impietatis
3586 1539 3611 1593 ἓ

2027 1628 2209 1686 Deus?
2236 1629 2352 1686 Hoc
2384 1631 2428 1685 si
2467 1631 2592 1700 quis
2632 1630 2853 1694 dixerit,
2890 1645 3055 1700 super
3085 1645 3306 1687 omnem
3363 1631 3612 1701 impieta-

2028 1731 2139 1777 tem
2181 1733 2233 1776 et
2274 1723 2691 1793 blasphemiam.
2735 1722 2966 1779 Evidcns
3018 1724 3163 1778 enim
3210 1732 3295 1779 est
3340 1734 3608 1793 quantum

2029 1816 2216 1886 puniat
2245 1816 2462 1886 impios.
2487 1814 2667 1883 Quare
2700 1830 2828 1886 ergo
2863 1817 3096 1871 honorat
3116 1817 3298 1886 justos
3325 1825 3379 1871 et
3406 1817 3474 1872 de
3502 1818 3612 1872 illis

2027 1920 2202 1975 curat,
2234 1909 2360 1963 dum
2385 1909 2614 1979 castigat
2648 1917 2703 1964 et
2749 1909 2897 1979 ejicit
2934 1910 3171 1978 impios?
3199 1908 3436 1966 Omnino
3463 1911 3613 1965 sicut

2026 2002 2145 2069 pios
2208 1998 2473 2070 gloriﬁcat
2524 2012 2577 2056 et
2646 2001 2841 2070 impios
2897 2000 3112 2070 clougat
3169 2019 3183 2055 :
3227 2015 3350 2055 cum
3391 2000 3613 2071 quidem

2030 2093 2163 2147 nihil
2206 2107 2315 2146 non
2373 2092 2566 2148 fecerit
2621 2103 2843 2163 propter
2892 2094 3121 2148 salutem
3156 2102 3403 2149 nostram
3454 2103 3508 2148 et
3555 2104 3615 2149 ut

2027 2192 2482 2255 cognosceretur;
2508 2194 2559 2240 et
2580 2184 3105 2254 orbemluniversum
3123 2186 3368 2240 condidit
3396 2198 3616 2256 propter

2028 2293 2129 2334 nos
2156 2287 2209 2333 et
2239 2278 2538 2347 gubernat;
2562 2288 2614 2333 et
2640 2278 2693 2332 in
2722 2276 2877 2334 nobis
2904 2279 3086 2348 posuit
3119 2279 3326 2334 semina
3358 2279 3615 2345 virtutis;

2030 2379 2085 2426 et
2131 2369 2285 2426 misit
2347 2386 2539 2426 servos
2589 2384 2720 2426 suos
2767 2372 2860 2440 qui
2918 2369 3074 2431 nobis
3123 2371 3450 2425 annuntient
3494 2370 3616 2440 ejus

2031 2454 2402 2525 voluntatem;
2439 2468 2492 2515 et
2531 2461 2705 2529 legem
2748 2460 2943 2515 statuit
2986 2461 3224 2517 divinam
3255 2477 3270 2527 ;
3296 2470 3349 2514 et
3378 2465 3617 2530 prophe-

2037 2563 2117 2607 tas
2152 2552 2332 2618 misit;
2366 2560 2419 2606 et
2447 2552 2685 2620 denique
2715 2553 2831 2622 ipse
2887 2553 3035 2606 venit
3070 2569 3085 2619 ;
3119 2562 3173 2607 et
3209 2552 3617 2621 discipulorum

2034 2646 2264 2701 chorum
2305 2645 2467 2716 elegit
2529 2659 2669 2714 quos
2704 2643 2853 2699 misit
2884 2645 2941 2699 in
2986 2644 3304 2701 universum
3344 2642 3616 2699 mundum

2037 2727 2453 2808 praedicatur-os;
2508 2744 2562 2791 et
2622 2736 2888 2791 miracula
2952 2733 3079 2791 fecit
3129 2751 3249 2805 qure
3305 2736 3523 2806 quidem
3565 2743 3624 2792 et

2035 2846 2211 2901 usque
2276 2844 2420 2885 nunc
2455 2838 2728 2899 operatur.
2797 2828 3038 2895 Quorum
3093 2826 3329 2898 primum
3393 2828 3496 2883 fuit
3567 2838 3626 2883 ut

2038 2924 2429 2995 prmdicaretur
2476 2938 2671 2978 nornen
2722 2922 2841 2992 ejus
2873 2924 2926 2976 in
2981 2930 3092 2977 toto
3130 2922 3263 2977 orbe
3306 2932 3620 2985 terrarum;

2036 3018 2230 3072 deinde
2267 3025 2323 3070 ut
2360 3030 2456 3085 per
2477 3016 2837 3085 virginitatem
2870 3016 2989 3083 ejus
3035 3016 3349 3070 alliceretur
3381 3023 3435 3071 et
3466 3017 3626 3085 quasi

2037 3108 2435 3178 gubernaretur
2475 3104 2871 3171 terra;deinde
2894 3114 2953 3160 ut
2987 3106 3225 3159 mundus
3267 3106 3624 3162 desereretur

363 3198 657 3269 όρθοδόξων
691 3194 899 3250 πιστῶν
958 3193 1150 3259 αὐτοῦ,
1185 3193 1375 3246 ἔπειτα
1422 3192 1511 3246 διὰ
1567 3179 1933 3261 τῆς’κακοπα‹

2059 3209 2112 3252 et
2140 3213 2167 3250 a
2194 3197 2378 3251 multis
2405 3197 2570 3251 etiam
2635 3212 2780 3252 nunc
2810 3195 3136 3266 deseratur;
3167 3208 3221 3252 et
3251 3207 3311 3252 ut
3339 3200 3627 3255 credentes

364 3291 516 3355 θείας
559 3290 663 3360 τῆς
705 3289 929 3360 σαρκὸς,
980 3289 1040 3340 ὲν
1087 3285 1299 3348 πολλοῖς
1340 3285 1450 3338 τῶν
1500 3284 1701 3337 δούλων
1765 3283 1933 3337 αὐτοῦ

362 3382 766 3454 ἐνεργουμένης
806 3378 1070 3441 ἑκουσίως
1104 3380 1169 3448 τῇ
1207 3377 1441 3445 ἀσκήσει
1474 3376 1568 3428 καὶ
1590 3376 1936 3445 ἀναχωρήσει

365 3476 477 3528 τῶν
498 3472 808 3543 κοσμικῶν,
833 3471 907 3534 ὡς
933 3471 1097 3533 αὐτὸς
1120 3466 1421 3532 διετάξατο,
1447 3467 1540 3519 καὶ
1564 3465 1653 3518 διὰ
1673 3465 1783 3519 τῶν
1804 3466 1938 3517 ἀπο-

366 3566 715 3636 θνησκόντων
747 3565 876 3635 ἀχρι
903 3560 999 3615 τοῦ
1042 3562 1136 3615 νῦν
1162 3560 1255 3615 καὶ
1281 3557 1634 3629 διωκομένων
1670 3557 1811 3625 ὑπὲρ
1835 3556 1936 3623 τῆς

365 3658 528 3713 αὐτοῦ
563 3657 870 3729 μαρτυρίας
898 3655 994 3709 καὶ
1041 3652 1134 3706 τοῦ
1168 3652 1309 3721 ὑπὲρ
1338 3650 1439 3719 τῆς
1482 3649 1716 3710 πίστεως
1749 3647 1933 3715 ζήλου.

370 3751 480 3805 Καὶ
519 3749 585 3802 δι’
621 3748 799 3803 αὐτῶν
825 3746 880 3799 δὲ
910 3746 1017 3798 τῶν
1048 3743 1210 3810 ίερῶν
1257 3742 1458 3803 τόπων,
1491 3741 1547 3792 ἐν
1576 3735 1660 3801 οἷς
1704 3740 1773 3792 τὰ
1798 3737 1939 3807 ὑπὲρ

366 3843 525 3913 ήμῶν
559 3842 855 3910 ἐνήργησε,
895 3838 957 3890 τὸ
987 3834 1304 3906 θαυμαστὸν
1342 3830 1665 3900 καθορᾶται,
1699 3830 1803 3883 ὑπὸ
1829 3829 1938 3881 τῶν

373 3932 839 4005 βλασφημούντων
862 3930 1022 3982 αὐτον
1046 3928 1225 3981 ἀθέων
1245 3925 1316 3978 τὰ
1344 3926 1523 3977 ἐκεῖσε
1552 3922 1831 3993 ἀρχόντων
1865 3921 1939 3991 μή

370 4016 806 4098 ἀφανιζομένων,
854 4022 1256 4090 συνισταμένων
1308 4019 1364 4071 δὲ
1414 4019 1616 4087 μᾶλλον
1668 4019 1839 4083 ἁγίων
1881 4019 1941 4067 ἐν

373 4120 557 4180 αὐτοῖς
582 4116 771 4180 οἴκων,
807 4114 900 4167 καὶ
923 4111 1002 4180 τῷ
1033 4111 1127 4163 τοῦ
1162 4109 1416 4180 Σωτῆρος
1442 4109 1666 4177 ὀνόματι
1695 4110 1939 4178 τιμωμέ-

370 4227 500 4274 νων,
534 4209 625 4261 καὶ
656 4205 847 4267 ἁπλῶς
871 4202 939 4257 δι’
968 4203 1171 4272 ἑτέρων
1199 4201 1590 4271 ἀναριθμήτων
1621 4199 1937 4269 θαυμάτων,

371 4306 481 4358 τῶν
513 4318 573 4354 τε
622 4302 680 4354 ὲν
708 4297 884 4366 ἁγίοις
912 4298 1080 4359 ναοῖς,
1114 4297 1172 4346 ὲν
1204 4294 1379 4362 ἁγίοις
1414 4291 1620 4358 ὕδασιν,
1668 4295 1726 4346 ἐν
1754 4293 1942 4360 ἁγίαις

367 4392 573 4445 εἰκόσιν
596 4430 609 4455 ,
654 4390 712 4441 έν
758 4388 925 4455 ἱεροῖς
954 4384 1228 4454 λειψάνοις
1260 4382 1691 4453 ἐνεργουμένων,
1734 4382 1828 4434 καὶ
1855 4381 1942 4434 διά

370 4480 466 4535 τοῦ
510 4481 694 4551 μένειν
750 4477 889 4530 αὐτὰ
933 4474 1104 4543 εὐώδη
1140 4473 1236 4528 καὶ
1283 4472 1464 4538 ἀσινῆ,
1499 4471 1581 4524 ἔτι
1627 4488 1685 4525 τε
1723 4472 1812 4525 διὰ
1846 4471 1941 4524 τοῦ

2046 3290 2099 3342 in
2141 3303 2264 3343 eum
2306 3288 2373 3341 de
2405 3287 2937 3344 mundo’didicerint
2965 3297 3019 3343 et
3046 3290 3472 3359 approbaverint
3507 3308 3625 3346 mo-

2048 3379 2355 3450 nogamiam
2391 3390 2444 3433 et
2485 3381 2818 3435 castitatem.
2878 3381 3085 3436 Deinde
3121 3389 3180 3436 ut
3208 3397 3485 3437 servorum
3509 3385 3630 3454 ejus

2049 3469 2302 3540 permulti
2360 3470 2599 3542 amplexi
2680 3462 2793 3527 sint
2843 3473 3319 3527 mortilicationem
3352 3474 3628 3532 heroicam

2045 3563 2227 3618 carnis
2288 3572 2487 3632 sponte
2549 3578 2646 3618 sua
2706 3580 2800 3633 per
2833 3565 3349 3633 contortiplalionem
3381 3575 3437 3624 et
3495 3584 3630 3627 ana«

2045 3655 2379 3710 choreticam
2420 3655 2760 3709 eversionem
2817 3671 2845 3709 a
2902 3658 3215 3721 mundanis,
3267 3658 3412 3713 sicut
3441 3675 3629 3715 exem-

2047 3747 2136 3817 plo
2171 3748 2292 3815 igne
2325 3747 2608 3811 docuerat,
2642 3755 2695 3799 et
2737 3756 2793 3801 ut
2858 3748 3014 3800 multi
3070 3759 3298 3804 mortem
3361 3753 3633 3807 subierint

2048 3849 2102 3893 et
2129 3838 2381 3893 exsilium
2417 3852 2588 3906 usque
2620 3854 2762 3903 nunc
2802 3839 2853 3891 in
2891 3842 3259 3895 testimonium
3281 3842 3400 3910 ejus
3431 3851 3486 3898 et
3516 3844 3633 3900 zelo

2050 3930 2172 3985 fidei
2205 3948 2218 3980 :
2252 3937 2306 3983 et
2337 3938 2394 3984 ut
2426 3929 2479 3983 in
2515 3930 2648 3987 locis
2690 3930 2897 3986 sanctis
2960 3930 3050 3985 ubi
3085 3939 3308 4002 propter
3341 3950 3440 3988 nos
3486 3935 3633 3987 labo-

2050 4022 2189 4077 ravit
2253 4030 2573 4092 perpetuum
2646 4022 3014 4090 conspiciatur
3086 4026 3412 4079 miraculum
3485 4027 3631 4095 quod

2051 4110 2405 4183 blasphemiis
2457 4112 2741 4167 atbeorum
2798 4128 2904 4166 non
2954 4114 3246 4169 obscurata
3289 4123 3344 4169 et
3401 4119 3631 4184 praecisa

2050 4206 2157 4259 sint
2195 4217 2317 4274 quae
2378 4203 2513 4259 inibi
2546 4205 2868 4274 principium
2906 4205 3214 4259 habuerunt
3238 4246 3252 4271 ,
3304 4207 3396 4262 scd
3454 4209 3634 4276 potius

2051 4297 2307 4355 stabilita:
2362 4298 2473 4352 sint
2506 4298 2560 4357 in
2611 4297 2715 4352 illis
2738 4305 3053 4352 sanctorum
3112 4301 3309 4353 domus
3343 4309 3398 4353 ct
3438 4315 3631 4354 eorum

2050 4389 2143 4460 qui
2176 4388 2476 4443 Salvatoris
2528 4402 2722 4442 nomen
2757 4380 3079 4458 glorificant.
3122 4386 3244 4443 Uno
3270 4388 3437 4442 verbo
3466 4389 3630 4443 innu-

2051 4496 2201 4537 mera
2234 4481 2338 4535 alia
2365 4490 2575 4550 patrata
2611 4488 2740 4534 sunt
2762 4479 3026 4534 miracula
3061 4480 3114 4532 in
3152 4482 3360 4534 sanctis
3386 4481 3630 4548 templis,

372 4573 670 4641 μυστηρίου
715 4572 815 4639 τῆς
863 4568 1087 4639 χάριτος
1122 4563 1218 4623 τοῦ
1248 4565 1398 4618 λύειν
1443 4581 1502 4618 τε
1560 4564 1654 4617 καὶ
1699 4565 1933 4635 δεσμεῖν,

2054 4575 2109 4633 in
2141 4574 2352 4629 sanctis
2402 4571 2583 4643 aquis,
2624 4573 2677 4625 in
2710 4571 2916 4627 sanctis
2947 4571 3300 4638 imaginibus,
3337 4571 3388 4625 in
3426 4572 3637 4629 sanctis

369 4665 465 4717 καὶ
512 4662 602 4715 διὰ
629 4661 724 4714 τοῦ
749 4661 932 4731 μένειν
967 4659 1305 4730 διωκομένην
1328 4657 1431 4729 τήν
1472 4657 1827 4727 Ἐκκλησίαν,
1851 4657 1933 4711 καί

2054 4665 2303 4735 reliquiis
2335 4679 2457 4734 quae
2498 4662 2797 4718 manebant
2853 4664 3013 4733 plene
3062 4665 3397 4734 incorrupta:
3421 4673 3475 4717 et
3504 4680 3635 4718 sua-

371 4754 535 4824 μέσον
566 4749 734 4807 οὖσαν
759 4751 868 4804 τῶν
898 4749 1071 4804 ἐθνῶν
1103 4742 1442 4820 μισόυμινην
1475 4747 1570 4801 καὶ
1608 4746 1945 4817 θλιϐομένην

369 4847 509 4900 κατά
537 4846 638 4917 τήν
672 4846 1072 4917 προαγόρευσιν
1104 4842 1215 4897 τῶν
1247 4842 1408 4895 θείων
1454 4840 1630 4908 λόγων
1659 4839 1848 4902 αὑτοῦ,
1878 4839 1947 4893 δι’

2050 4756 2339 4812 vissimum
2385 4753 2641 4809 eﬂlabant
2670 4754 2913 4808 odorem.
2968 4755 3032 4807 Et
3065 4754 3294 4823 insuper
3333 4755 3387 4809 in
3426 4768 3633 4827 mystc-

2054 4851 2137 4905 rio
2162 4849 2351 4921 gratiae
2398 4862 2521 4917 quae
2567 4847 2731 4903 solvit
2761 4855 2815 4902 et
2839 4846 3006 4919 ligat;
3050 4848 3201 4903 ineo
3254 4848 3396 4918 quod
3452 4857 3636 4904 manet

368 4931 444 4993 ὧν
466 4941 562 4993 καὶ
595 4939 696 5008 τήν
728 4935 1004 5007 βασιλείαν
1034 4934 1221 5000 αὐτοῦ,
1253 4933 1328 4996 ὡς
1361 4932 1486 5003 ἔφη,
1523 4933 1835 5002 ἐλπίζομεν.
1874 4930 1933 4984 Τί

2054 4939 2297 4995 Ecclesia
2320 4939 2625 5010 proscripta
2651 4949 2705 4995 et
2730 4939 2886 5009 quasi
2923 4938 3184 4996 exsulans
3213 4939 3271 4997 in
3304 4941 3481 4995 medio
3502 4957 3639 5011 gen-

374 5035 555 5103 μεῖζον
576 5032 635 5086 δέ
656 5048 741 5101 γε,
775 5032 856 5086 ὅτι
883 5031 979 5084 καὶ
998 5030 1167 5100 χωρὶς
1191 5029 1489 5099 μαχαίρας,
1517 5027 1686 5096 χωρίς
1699 5042 1758 5080 τε
1784 5042 1948 5095 στρα-

372 5126 684 5192 τευμάτων,
713 5125 809 5178 καὶ
833 5124 1003 5193 χωρὶς
1031 5123 1299 5193 βασιλέων
1327 5118 1776 5188 στρατευομένων
1804 5117 1947 5189 ὑπὲρ

374 5219 564 5280 αὑτοῦ,
596 5217 685 5270 ‘Bt’
714 5218 914 5272 ἀλιέων
949 5218 1046 5269 καὶ
1083 5215 1352 5285 πενήτων,
1402 5210 1769 5280 διωκομένων,
1809 5212 1949 5263 ἀπο-

371 5302 736 5374 θνησκόντων,
789 5304 1037 5368 ίδιωτῶν,
1072 5305 1477 5371 ἀγραμμάτων,
1512 5300 1942 5371 λοιδορουμένων

367 5394 465 5447 καὶ
493 5395 1023 5464 καταφρονουμένων
1076 5392 1143 5446 δι’
1196 5394 1381 5455 αὐτὸν,
1428 5392 1640 5457 πάντας
1699 5395 1943 5464 νικῆσαι,

372 5486 563 5541 καὶτὰ
591 5487 802 5555 μεγάλα
829 5485 1276 5556 κατωρθωκέναι.
1322 5485 1486 5541 ’Δλλά
1527 5487 1620 5541 καὶ
1652 5488 1713 5538 τὸ
1762 5488 1948 5556 μένειν

373 5580 545 5635 αὐτοῦ
570 5579 670 5649 τὴν
711 5579 1044 5648 Ἐκκλησίαν
1091 5580 1214 5649 δίχα
1245 5581 1515 5649 κοσμικῆς
1542 5579 1638 5633 νῦν
1676 5579 1947 5646 ἐξουσίας,

372 5674 714 5743 διωκομένην
747 5674 880 5744 παρ’
926 5672 1158 5744 ἐχθρῶν,
1192 5674 1329 5743 ὅπερ
1360 5673 1450 5725 καὶ
1493 5675 1603 5736 τοῖς
1637 5674 1852 5736 πολλοῖς
1880 5673 1948 5728 ἂν

373 5765 663 5838 νομισθείη
691 5767 967 5832 ἀσθένεια,
1003 5765 1233 5836 δύναμις
1262 5766 1426 5819 αὑτοῦ
1460 5765 1661 5835 μᾶλλον
1689 5767 1786 5819 καὶ
1817 5766 1951 5835 κρά-

372 5874 463 5921 τος
501 5857 649 5911 ἔσται
684 5857 889 5929 σαφῶς.
916 5856 1032 5911 Ἵνα
1060 5856 1135 5929 μὴ
1160 5856 1508 5927 καυχήσηται
1535 5855 1769 5926 (Παῦλός
1796 5857 1951 5927 φησι)

2058 5032 2191 5086 tium
2217 5046 2336 5101 qua:
2353 5044 2471 5084 eam
2494 5031 2727 5085 oderunt
2751 5039 2804 5086 et
2824 5031 3167 5099 conculcant,
3197 5040 3255 5085 ut
3302 5034 3640 5101 adimplean-

2056 5133 2144 5177 tur
2205 5138 2491 5180 sermones
2545 5123 2661 5194 ejus
2717 5123 2889 5178 divini
2940 5123 3141 5192 quibus
3190 5123 3352 5179 etiam
3416 5138 3640 5189 sperare

2046 5218 2301 5289 jubemur
2330 5232 2555 5288 regnum
2594 5216 2732 5285 ejus.
2777 5216 2918 5271 Illud
2983 5225 3163 5272 autem
3228 5215 3470 5269 maxime
3524 5223 3636 5268 stu-

2052 5310 2289 5381 pendum
2314 5310 2458 5378 quod
2482 5311 2688 5379 absque
2719 5309 3017 5369 machara.
3043 5309 3252 5376 absque
3279 5306 3639 5371 exercitibus,

2058 5412 2111 5456 et
2140 5401 2346 5470 absque
2379 5400 2603 5470 regibus
2642 5414 2742 5468 pro
2785 5399 2877 5454 illo
2929 5396 3303 5470 pugnantibus
3339 5411 3437 5465 per
3463 5393 3648 5463 pisce—-

2058 5502 2203 5548 tores
2239 5491 2493 5555 miseros,
2529 5488 2756 5558 ejectos,
2790 5488 3030 5554 occisos,
3082 5489 3424 5556 ignorantes,
3474 5484 3636 5549 ditia-

2060 5591 2238 5639 matos
2287 5591 2342 5638 et
2386 5589 2730 5649 contemples
2783 5588 3008 5650 propter
3058 5579 3258 5646 ipsum,
3293 5593 3482 5631 omnes
3517 5576 3641 5631 vin-

2058 5689 2181 5729 cere
2210 5682 2262 5728 et
2288 5687 2482 5744 magna
2516 5657 2755 5741 dirigere
2790 5670 2985 5742 potuit.
3022 5669 3153 5722 Dum
3188 5677 3370 5723 autem
3393 5667 3635 5722 Ecclesia

2058 5766 2176 5836 ejus
2209 5765 2355 5818 omni
2392 5771 2573 5818 manet
2616 5765 2890 5819 mundana
2920 5761 3237 5827 substantia,
3275 5769 3329 5816 et
3369 5766 3639 5830 potestate

2063 5857 2348 5924 destituta,
2408 5854 2753 5929 ab_inimicis
2817 5856 3031 5930 repulsa
3065 5866 3119 5914 et
3155 5856 3366 5928 ejecta;
3406 5852 3549 5924 quod
3608 5862 3640 5901 ιι
