4060 6282
539 388 643 450 855

1423 395 1810 458 SYMEONIS
1849 396 2596 460 THESSALONICENSIS
2627 397 2986 459 ARCHIEP.
3681 399 3768 455 διο

537 498 728 552 multis
759 498 1094 566 judicaretur
1135 504 1450 571 Inltrmitas,
1484 508 1606 578 ejus
1629 508 1811 577 potius
1841 507 1946 562 erit
1983 508 2091 563 vir-

2202 510 2343 561 πᾶσα
2373 508 2508 578 σάρξ
2538 509 2880 562 ὲνώπιον’τοῦ
2912 505 3103 561 Θεοῦ.»
3140 503 3246 559 Καὶ
3272 502 3447 558 πάλιν
3474 521 3487 534 ο
3533 521 3554 553 ι
3582 503 3644 555 Ἦ
3678 506 3767 567 γὰρ

536 594 626 642 tus
650 599 704 670 et
738 591 903 645 robur
936 593 1236 650 evidenter.
1277 613 1296 646 ι
1335 595 1405 651 Ut
1438 613 1546 652 non
1605 601 1960 670 gloriﬁcetur,
2027 601 2102 656 ait

537 669 774 747 Paulus,
812 686 988 741 omnis
1033 701 1164 742 caro
1216 690 1267 742 in
1304 700 1596 761 conspectu
1631 693 1722 747 Dei
1759 694 1800 748 ⁸.
1855 713 1872 746 ι
1917 696 1979 748 Ει
2009 695 2103 749 ite-

533 788 653 826 rum
687 791 699 826 :
734 793 751 825 ι
788 773 978 832 Virtus
1035 788 1212 834 autem
1273 797 1391 837 mea
1426 783 1480 837 in
1519 784 1836 841 inﬁrmitate
1894 788 2106 856 perﬁci-

536 875 624 917 tur
653 868 698 920 ν.
738 885 756 918 ι
807 866 871 921 Et
920 869 1064 923 sicut
1107 872 1259 940 prius
1308 889 1336 927 a
1370 876 1588 944 regibus
1641 877 1812 946 ejecta
1865 878 2101 934 Ecclesia

531 955 627 1011 Dei
685 973 980 1027 regnorum
1035 965 1312 1030 superavit
1375 968 1695 1035 potentiam,
1751 971 1827 1023 ita
1863 981 1920 1024 et
1952 987 2097 1028 nunc

530 1049 913 1118 perpii-tatem
972 1053 1178 1109 refecta
1238 1057 1404 1128 regali
1459 1061 1796 1127 inﬁrmitate,
1857 1063 2103 1119 Ecclesia

530 1138 718 1193 eadem
781 1141 976 1197 iterum
1037 1156 1220 1202 manet
1251 1149 1394 1202 inter
1419 1138 1635 1216 'gentes
1657 1161 1710 1204 et
1743 1151 1967 1218 ﬁrmiter
1993 1165 2102 1209 sta-

532 1231 758 1286 tuitur:
815 1237 1088 1302 pressuris
1136 1245 1190 1292 et
1253 1240 1605 1308 passionibus
1655 1246 2101 1300 antecedentibus

531 1323 789 1389 splendor
819 1331 937 1394 ejus
980 1329 1152 1398 magis
1179 1331 1393 1384 acuitur
1415 1341 1469 1386 et
1516 1336 1627 1387 haec
1650 1333 1850 1392 clarius
1875 1337 2098 1392 relucet.

538 1415 642 1468 Sed
699 1418 897 1487 aliquis
949 1419 1086 1474 forte
1128 1421 1312 1477 dicet:
1351 1422 1644 1479 Potentiori
1686 1427 2104 1494 permittebatur

533 1505 824 1563 humiliare
857 1511 1066 1580 piorum
1091 1527 1313 1582 regnum
1344 1525 1397 1569 et
1433 1518 1735 1572 virtutem?
1767 1519 1991 1577 Minime
2020 1538 2104 1577 re-

533 1597 666 1653 fero.
701 1599 986 1665 Quomodo
1024 1604 1209 1659 enim?
1269 1606 1408 1684 Deus
1459 1609 1634 1677 ipsum
1665 1611 1874 1678 dilexit,
1920 1614 2099 1682 ipsum

529 1691 713 1755 posuit
749 1701 802 1744 et
840 1694 1013 1758 auxit,
1044 1701 1098 1746 et
1140 1693 1387 1762 praedixit
1435 1697 1585 1751 illum
1631 1714 1752 1754 esse
1783 1703 2099 1755 mansurum

530 1798 702 1850 usque
733 1783 786 1837 in
827 1785 985 1838 ﬁnem
1016 1787 1366 1851 surculorum,
1392 1789 1544 1857 juxta
1579 1788 1834 1859 Paulum,
1861 1791 2049 1848 dicens
2082 1812 2096 1848 :

543 1875 691 1930 (Non
715 1879 894 1932 veniet
923 1880 1066 1934 ﬁlius
1086 1881 1411 1951 iniquitatis,
1433 1884 1534 1936 nisi
1565 1886 1826 1941 resistens
1846 1898 2084 1957 pereat.»

531 1966 625 2020 Pia
653 1979 802 2022 certe
829 1970 1073 2024 Romana
1111 1984 1376 2041 poteSIas,
1413 1983 1466 2029 et
1515 1984 1693 2032 tamen
1727 1993 1895 2046 prona
1935 1982 2103 2034 abivit

535 2060 589 2113 in
621 2062 975 2131 ignominiam
1007 2073 1059 2117 et
1093 2065 1450 2134 dejectionem
1489 2083 1583 2138 per
1614 2070 1841 2133 scelera,
1879 2082 1931 2124 et
1966 2088 2101 2126 con-

533 2154 826 2207 teamendo
885 2155 1068 2210 divina
1145 2169 1414 2228 praacepta
1471 2161 1614 2230 regis
1669 2164 1914 2216 omnium
1973 2163 2100 2220 Jcsu

529 2244 757 2298 Christi.
799 2245 1066 2316 Superbia
1100 2255 1152 2302 et
1188 2253 1612 2319 praesumptione
1646 2255 1895 2324 prolapsa
1926 2265 2012 2310 est
2047 2254 2100 2308 in

531 2337 876 2392 insolentiam
944 2349 998 2394 et
1055 2341 1521 2409 dissolutionem,
1586 2353 1641 2400 et
1699 2347 1753 2400 in
1810 2347 2102 2416 spurcitias

529 2432 774 2495 gentium
808 2441 860 2485 et
906 2432 958 2484 in
1020 2432 1252 2502 injustas
1298 2435 1564 2500 actiones,
1623 2452 1920 2506 pauperum
1959 2440 2100 2492 bona

530 2521 634 2574 sibi
669 2531 725 2574 ut
757 2523 975 2591 propria
1040 2524 1302 2593 rapiendo
1336 2525 1551 2592 ascivit,
1587 2535 1776 2581 contra
1800 2543 1894 2582 eos
1918 2529 2099 2596 pra-lia

529 2628 638 2666 non
675 2614 946 2670 dubitavit
980 2617 1334 2682 interscrere,
1367 2627 1423 2673 et
1455 2619 1714 2675 Ecclesiae
1745 2620 1885 2676 ﬁlios
1915 2633 2100 2676 osten-

527 2705 606 2756 tui
668 2706 855 2760 habuit
913 2725 926 2760 :
1004 2707 1106 2762 hoc
1169 2711 1338 2778 igitur
1405 2724 1659 2766 omnibus
1725 2711 1837 2767 fere
1894 2713 2102 2768 devotis

528 2796 725 2850 accidit
755 2799 1134 2868 conjuratione
1165 2801 1454 2870 daemonis,
1489 2814 1541 2858 et
1576 2806 1646 2859 ita
1697 2805 1897 2860 factum
1925 2815 2008 2862 est
2042 2815 2101 2862 ut

527 2876 730 2940 Paulus
781 2890 959 2944 innuit
1019 2891 1254 2948 dicens:
1297 2913 1314 2944 ι
1361 2893 1416 2948 In
1465 2897 1779 2952 novissimis
1834 2899 2098 2956 diebus...

528 2991 693 3032 erunt
761 2981 1010 3038 homines
1084 2985 1294 3054 seipsos
1353 2998 1702 3054 amantes,...
1766 2990 2097 3061 voluptatum

529 3078 822 3136 amatores,
955 3075 1380 3143 incontinentes,
1422 3098 1440 3131 ι
1483 3088 1613 3142 εις..
1667 3091 1719 3136 et
1768 3080 2005 3151 denique
2046 3085 2097 3138 in

2205 598 2432 668 δύναμίς
2453 615 2550 668 μου
2576 602 2633 652 ὲν
2655 600 2908 668 ἀσθενείᾳ
2921 597 3245 651 τελειοῦται.
3273 616 3293 648 ι
3318 596 3435 648 Καὶ
3460 595 3650 663 ὥσπερ
3671 595 3770 647 διω-

2205 689 2412 758 κομένη
2445 690 2576 758 πρὶν
2606 690 2710 743 ὑπὸ
2761 690 3023 758 βασιλέων
3056 691 3084 750 ἠ
3127 689 3432 757 Ἐκκλησία
3471 686 3639 740 αὐτοῦ
3689 690 3771 754 τὴν

2208 778 2488 847 βασιλείαν
2522 781 2721 850 μᾶλλον
2755 781 2921 851 ἑαυτῇ
2957 781 3375 853 καθυπέταξεν,
3403 777 3553 830 οῦτω
3576 779 3666 830 καὶ
3693 778 3769 829 νῦν

2205 873 2304 941 τῆς
2337 873 2597 938 εὐσεϐοῦς
2628 874 2904 944 βασιλείας
2933 875 3196 937 ἀσθενοῦς
3223 875 3556 944 γενομένης,
3592 875 3624 942 ἡ
3663 875 3768 927 Ἐκ-

2204 965 2404 1035 κλησία
2457 966 2617 1019 πάλιν
2654 969 2817 1037 μέσον
2863 967 2972 1020 τῶν
3013 967 3184 1021 ἐθνῶν
3218 968 3372 1037 μένει
3417 984 3482 1018 τε
3516 970 3610 1018 καὶ
3639 970 3769 1018 συνί-

2207 1073 2420 1120 σταται,
2468 1057 2758 1126 θλιϐομένη
2806 1059 2897 1112 καὶ
2933 1059 3239 1127 πάσχουσα,
3295 1057 3496 1119 καθὼς
3536 1060 3772 1126 προεῖπεν

2205 1148 2389 1210 αὐτὸς,
2454 1149 2834 1217 λαμπρύνεται
2893 1149 3111 1217 μᾶλλον.
3164 1150 3275 1202 Καὶ
3315 1149 3445 1216 ὲρεῖ
3490 1164 3577 1208 τις
3639 1148 3770 1212 ἴσως,

2205 1241 2410 1294 Λοιπὸν
2445 1243 2696 1310 κρεῖσσον
2723 1237 2790 1310 ἦν
2821 1242 2881 1294 τὸ
2910 1241 3313 1306 ταπεινωθῆναι
3345 1240 3454 1305 τὴν
3489 1240 3602 1292 τῶν
3634 1241 3769 1292 εὐσε-

2205 1331 2316 1384 ϐῶν
2371 1331 2648 1401 βασιλείαν
2675 1349 2690 1398 ;
2721 1333 2986 1402 Οὐδαμῶς
3007 1331 3264 1398 κεῖποιμι.
3307 1331 3439 1393 Πῶς
3489 1331 3635 1398 γάρ;
3669 1331 3772 1380 ἐπεὶ

2203 1423 2335 1486 Θεὸς
2365 1423 2570 1493 ταύτην
2621 1425 2899 1496 ἠγάπησε,
2952 1424 3047 1476 καὶ
3097 1424 3520 1492 συστησάμενος
3571 1421 3769 1490 ηὔξανε,

2204 1513 2298 1566 καὶ
2322 1512 2410 1566 διά
2445 1513 2656 1566 Παύλου
2691 1514 2851 1584 μέχρι
2880 1515 3069 1578 τέλους
3093 1516 3288 1577 αίῶνος
3321 1514 3522 1582 μένειν
3552 1512 3773 1579 προέφη-

2206 1623 2322 1671 σεν,
2356 1607 2458 1659 «οὐ
2495 1605 2570 1676 μὴ
2588 1607 2751 1672 ἔλθοι,
2770 1606 2963 1674 λέγων,
2986 1607 3014 1658 ὁ
3031 1606 3149 1669 υἱὸς
3180 1611 3278 1676 τῆς
3303 1609 3566 1675 ἀνομίας,
3586 1605 3634 1657 εί
3660 1604 3726 1673 μὴ
3751 1605 3773 1654 ὁ

2205 1698 2445 1767 κατέχων
2467 1699 2530 1751 ἐκ
2561 1699 2728 1766 μέσον
2747 1699 2990 1768 γένηται,
3007 1717 3024 1748 ι
3058 1696 3125 1750 Ἣ
3145 1697 3438 1765 Ῥωμαῖκὴ
3463 1695 3720 1764 βασιλεία,
3740 1695 3767 1762 ἡ

2207 1794 2434 1862 εὐσεϐὴς
2465 1793 2685 1865 δηλαδὴ,
2717 1795 2751 1864 ἠ
2773 1796 2868 1847 καὶ
2891 1794 3242 1864 συνεχωρήθη
3269 1791 3678 1859 ταπεινωθῆναι
3695 1790 3770 1842 διὰ

2205 1884 2302 1948 τάς
2331 1885 2630 1953 ἁμαρτίας,
2660 1887 2755 1938 καὶ
2779 1886 2838 1938 τὸ
2866 1885 2942 1955 μὴ
2973 1887 3258 1953 συντηρεῖν
3284 1885 3356 1938 τὰ
3391 1886 3492 1938 τοῦ
3527 1883 3767 1952 βασιλέως

2203 1978 2313 2031 τῶν
2334 1978 2471 2030 ὅλων
2505 1977 2679 2047 Ἰησοῦ
2707 1977 2941 2046 Χριστοῦ
2964 1979 3081 2031 θεῖα
3104 1978 3414 2047 θελήματα,
3440 1979 3767 2043 ὑπερηφανίᾳ

2204 2067 2258 2118 δὲ
2288 2067 2385 2118 καὶ
2411 2068 2586 2135 οἰήσει
2617 2069 2967 2131 καταπεσεῖν,
3001 2067 3095 2120 καὶ
3121 2069 3356 2137 τρυφαῖς
3379 2069 3482 2120 καὶ
3515 2065 3764 2126 ἀνέσεσιν,

2205 2159 2565 2228 ἁκαθαρσίαις
2592 2175 2650 2210 τε
2688 2159 2945 2224 ἐθνικαῖς,
2970 2163 3063 2212 καὶ
3099 2158 3302 2222 ἀδίκοις
3346 2159 3561 2226 ἔργοις,
3595 2157 3682 2208 καὶ
3705 2155 3763 2207 τὰ

2203 2252 2310 2302 τῶν
2327 2250 2487 2320 332
2511 2251 2758 2321 πενήτων
2778 2249 3139 2313 οίκειοῦσθαις
3161 2248 3236 2312 ὡς
3261 2250 3390 2313 ἴδια,
3424 2251 3524 2301 καὶ
3551 2249 3672 2300 κατ’
3688 2246 3768 2298 αὑ-

2205 2340 2312 2394 τῶν
2340 2343 2504 2410 ὁμόσε
2524 2343 2744 2411 χωρεῖν,
2776 2341 2868 2394 καὶ
2889 2340 2998 2392 τῶν
3021 2339 3120 2408 τῆς
3153 2340 3488 2410 Ἐκκλησίας
3520 2353 3767 2409 περιφρο·
3805 2339 3809 2343 ’

2205 2433 2336 2484 νεῖν.
2369 2428 2541 2482 Τοῦτο
2579 2429 2782 2482 οὖνκαὶ
2811 2430 2921 2490 τοῖς
2950 2429 3199 2483 εὐσεϐέσι
3231 2431 3422 2499 σχεδὸν
3451 2431 3625 2483 ἅπασι
3655 2431 3768 2493 γέγο

2205 2539 2293 2574 νεν
2322 2522 2563 2576 ὲπιθέσει
2590 2522 2681 2574 τοῦ
2710 2521 2949 2590 πονηροῦ
2973 2561 2988 2587 ,
3029 2522 3122 2574 καὶ
3155 2521 3298 2574 οὕτω
3341 2521 3576 2588 συνέϐη,
3609 2518 3769 2579 καθὼς

2204 2615 2232 2665 ὸ
2275 2610 2489 2675 Παῦλος
2533 2629 2665 2681 φησι
2717 2612 2894 2679 λέγων
2915 2629 2930 2643 ο
2966 2629 2984 2663 ι
3007 2611 3095 2664 Ἐν
3124 2614 3244 2674 ταῖς
3261 2613 3525 2682 ἐσχάταις
3557 2611 3768 2681 ἡμέραις

2204 2705 2418 2758 ἔσονται
2446 2705 2496 2757 οἱ
2518 2705 2795 2773 ἄνθρωποι
2827 2703 3098 2771 φίλαυτοι,
3126 2704 3424 2774 φιλήδονοι,
3447 2704 3720 2773 ἀκρατεῖς,
3744 2719 3762 2752 ι

2203 2801 2297 2852 καὶ
2317 2799 2382 2852 τὰ
2400 2798 2547 2868 ἑξῆς·
2577 2801 2673 2850 καὶ
2692 2798 2870 2862 τέλος,
2897 2816 2917 2850 ι
2933 2800 3210 2868 μόρφωσιν
3236 2796 3455 2867 ἔχοντες
3476 2799 3535 2850 εὖ
3545 2795 3763 2857 σεϐείας,

2203 2891 2269 2959 τὴ
2294 2891 2380 2944 νδὲ
2397 2892 2629 2960 δύναμιν
2650 2891 2821 2960 αὐτῆς
2841 2890 3191 2961 ἠρνημένοι.»
3223 2890 3298 2942 Οὐ
3324 2889 3488 2942 τοῦτο
3519 2889 3761 2959 σήμερον,

2205 2983 2402 3052 ἁδελφέ
2427 2999 2443 3050 ;
2473 2981 2569 3046 Τίς
2615 2983 2724 3036 τῶν
2755 2982 2962 3035 πιστῶν
2991 2983 3118 3051 ἄρτι
3148 2981 3224 3044 ὡς
3255 2979 3350 3033 τοῦ
3385 2979 3630 3049 Χριστοῦ
3657 2974 3764 3030 δοῦ-

2203 3076 2292 3139 λος
2322 3077 2543 3144 γνήςιος
2593 3074 2980 3140 πολιτεύεται;
3013 3073 3097 3136 τίς
3144 3074 3242 3142 τὴν
3284 3069 3677 3142 Χριστιανικὴν
3704 3067 3762 3136 ζῇ

531 3163 637 3215 ﬁne
674 3183 684 3216 :
715 3183 732 3214 ι
769 3163 1046 3224 llabentes
1070 3170 1288 3238 quidem
1313 3172 1552 3240 speciem
1580 3172 1816 3241 pietatis,
1840 3175 2094 3229 virtutem

2203 3168 2345 3238 ζωήν
2375 3185 2390 3234 ;
2424 3168 2503 3230 τίς
2531 3167 2599 3220 τά
2629 3168 2726 3236 τῆς
2759 3166 3184 3236 ἀρχιερωσύνης
3212 3163 3484 3234 ἄμεμπτα
3523 3160 3759 3228 συντηρεῑ

532 3268 708 3307 autem
765 3258 881 3327 ejus
928 3259 1255 3330 abnegantcs
1314 3263 1378 3315 ¹⁰.
1452 3263 1643 3318 Nonne
1696 3264 1799 3317 hoc
1847 3267 2098 3321 similiter

533 3345 717 3409 hodie,
781 3350 1148 3417 frater?Quis
1201 3355 1346 3409 inter
1399 3356 1686 3410 credentes
1746 3365 1805 3409 nt
1853 3373 2014 3414 verus
2045 3369 2099 3412 et

527 3437 806 3503 perfectus
859 3440 1060 3494 Christi
1118 3457 1310 3498 servus
1364 3446 1486 3498 vita:
1522 3455 1764 3501 tenorem
1824 3449 2099 3504 instituit?

529 3525 664 3591 Quis
712 3528 1084 3583 Christianam
1117 3533 1282 3586 vitam
1339 3535 1489 3604 agit?
1532 3537 1667 3601 Quis
1721 3540 2096 3608 pontiﬁcatum

530 3618 759 3686 adeptus
791 3621 1322 3688 irreprehensibilcm
1358 3641 1416 3681 se
1449 3628 1685 3684 custodit
1733 3632 2042 3699 pontiﬁcem
2074 3633 2097 3684 ?

534 3712 637 3769 Ubi
673 3715 908 3768 zelanles
942 3716 1220 3787 episcOpi?
1261 3717 1358 3774 Ubi
1393 3721 1618 3776 scientia
1653 3722 1973 3778 doctorum?
1999 3724 2096 3779 Ubi

531 3806 876 3859 immaculata
909 3807 1058 3860 vita?
1085 3808 1219 3874 Quis
1247 3811 1502 3867 sacerdos
1539 3815 1834 3869 sacerdotii
1871 3830 2096 3871 munera

529 3896 796 3952 inutiensa
824 3899 1039 3952 servat?
1073 3899 1207 3964 Quis
1233 3903 1533 3957 monachus
1564 3903 1946 3958 intemeratam
1977 3922 2089 3962 nio-

529 3989 688 4041 naehi
729 3990 1129 4058 professionem
1163 3992 1316 4060 agit?
1346 3991 1536 4046 Nonne
1567 4010 1757 4049 omnes
1789 3996 1946 4049 simul
1979 3998 2092 4051 inu-

526 4080 652 4134 tiles
721 4080 844 4134 l‘acti
901 4083 1136 4136 sumus?
1180 4081 1316 4149 Quis
1379 4083 1542 4154 igitur
1595 4087 1769 4155 pretio
1819 4090 2099 4156 perpendit

528 4171 824 4224 nativitatis
859 4173 1135 4240 gratiam?
1171 4173 1250 4227 Ad
1285 4176 1412 4242 quid
1441 4175 1642 4229 deinde
1667 4177 1935 4232 :ediﬁcata
1970 4188 2097 4233 sunt

527 4263 764 4332 templa?
793 4265 868 4318 Ad
903 4266 1030 4334 quid
1074 4267 1449 4320 monasteria?
1506 4267 1696 4323 Nonne
1728 4281 1785 4324 ut
1845 4273 1954 4326 sint
1985 4274 2099 4328 oili-

524 4358 660 4409 einze
687 4358 921 4410 salutis?
942 4356 1098 4412 Nunc
1125 4369 1331 4424 autem,
1362 4370 1419 4414 ιιι
1437 4361 1587 4414 dixit.
1608 4361 1881 4430 Christus,
1904 4366 2096 4421 domos

523 4445 616 4501 Dei
647 4446 878 4504 ferimus
935 4451 1226 4519 speluncas
1279 4453 1548 4507 latronum
1595 4466 1698 4509 :et
1755 4459 2008 4511 monachi
2039 4467 2094 4513 et

522 4539 836 4594 sacerdotes
892 4541 1208 4596 invadimus
1233 4553 1419 4597 sancta
1471 4547 1722 4614 :impure
1762 4558 1816 4601 et
1865 4550 2094 4604 arbitrio

523 4639 715 4683 nostro
748 4629 1024 4699 vivimus;
1062 4633 1382 4701 parentibus
1432 4641 1485 4688 et
1513 4635 1705 4689 amicis
1755 4647 1807 4691 et
1837 4639 2096 4707 proximis

525 4721 733 4775 nostris
771 4739 891 4790 qua:
924 4725 1013 4777 Dei
1045 4732 1176 4778 sunt
1215 4739 1501 4794 perperam
1542 4725 1822 4796 effuseque
1881 4729 2096 4796 impen-

524 4811 731 4879 (liuius,
760 4816 1050 4871 scelestius
1080 4817 1152 4871 ita
1186 4827 1475 4886 peccantes
1516 4836 1679 4888 quam
1717 4819 1962 4877 inﬁdeles
1999 4823 2094 4890 "qui

524 4903 846 4972 dispertiunt
878 4915 1090 4967 sancta,
1127 4923 1249 4962 cum
1277 4916 1334 4962 ut
1366 4908 1549 4964 fideles
1586 4909 1678 4963 Dei
1709 4925 1890 4964 rerum
1923 4911 2098 4966 admi-

524 4996 685 5049 nistri
721 4995 846 5049 facti
880 4996 1070 5050 simus.
1111 4995 1320 5053 Idcirco
1353 5000 1525 5054 multo
1556 5001 1737 5057 minus
1769 5006 1848 5056 ira
1888 5003 1978 5058 Dei
2010 5005 2095 5059 in-

523 5087 778 5143 cenditur
810 5088 860 5140 in
887 5095 1080 5158 gentes
1113 5105 1235 5158 qua:
1266 5090 1372 5146 ﬁde
1413 5102 1665 5150 carentes
1700 5107 1890 5150 sancta
1916 5098 2096 5168 despi-

523 5183 696 5246 ciunt,
729 5195 890 5249 quam
926 5181 980 5234 in
1018 5196 1118 5236 nos
1143 5181 1236 5251 qui
1289 5183 1447 5238 ﬁdem
1500 5185 1785 5242 habemus.
1817 5189 1936 5244 Non
1967 5205 2098 5260 ergo

522 5276 837 5330 sciscitetur
867 5276 993 5345 quis
1039 5278 1316 5344 quomodo
1373 5278 1442 5332 ab
1498 5278 1682 5348 impiis
1707 5283 2101 5338 contumeliose

525 5380 837 5424 tractentur
901 5385 988 5425 res
1044 5386 1213 5426 sacrae
1266 5379 1360 5426 aut
1390 5372 1666 5442 quomodo
1698 5376 1870 5428 sancti
1911 5375 2093 5430 ﬁdeles

522 5461 592 5514 ab
644 5462 956 5519 inﬁdelibus
1009 5465 1393 5534 exagitentur;
1451 5465 1546 5520 sed
1615 5467 1794 5535 potius
1866 5469 2094 5522 miretur

523 5551 798 5616 quomodo
833 5552 1013 5606 adhuc
1043 5554 1410 5609 subsistamus
1446 5558 1500 5610 in
1542 5567 1683 5610 terra
1741 5566 1944 5612 tantam
1998 5556 2100 5612 Dei.

525 5643 983 5712 contemptionem
1009 5645 1382 5700 ostendentes.
1427 5647 1608 5711 Quare
1640 5649 1782 5703 enim
1819 5647 2091 5716 imprimis

585 5815 606 5848 '
640 5816 658 5870 ι
697 5816 826 5874 Cor.
863 5834 902 5888 ι,
935 5817 1026 5873 29.
1077 5822 1213 5894 _’ll
1249 5822 1375 5879 Cor.
1414 5838 1511 5888 xu,
1545 5823 1599 5878 9.

2203 3263 2310 3314 τῶν
2341 3261 2644 3329 ἀρχιερέων
2675 3277 2689 3325 ;
2734 3259 2837 3311 ποῦ
2868 3260 2896 3310 ό
2929 3258 3090 3324 ζῆλος
3126 3256 3236 3309 τῶν
3280 3256 3632 3316 ὲπισκόπων;
3669 3248 3758 3302 πνῦ

2202 3353 2584 3421 ἡδιδασκαλία
2621 3351 2731 3402 τῶν
2785 3350 3165 3413 διδασκάλων;
3226 3347 3330 3400 ποῦ
3374 3349 3405 3417 ἡ
3459 3344 3754 3412 καθαρότης

2200 3446 2294 3497 τοῦ
2349 3443 2501 3512 βίου;
2551 3445 2635 3506 τίς
2688 3442 2865 3512 ἱερεὺς
2921 3443 2994 3493 τὰ
3037 3441 3136 3508 τῆς
3173 3438 3475 3507 ἱερωσύνης
3517 3436 3754 3506 φυλάττει

2202 3535 2455 3603 ἁλώϐητα
2486 3552 2500 3601 ;
2528 3535 2609 3598 τίς
2644 3535 2874 3604 μοναχὸς
2913 3535 2982 3587 τὰ
3012 3532 3108 3585 τοῦ
3143 3531 3424 3601 μοναχοῦ;
3466 3531 3530 3583 οὐ
3570 3527 3749 3585 πάντες

2201 3627 2336 3697 ὁμοῦ
2368 3627 2751 3696 ὴχρειώθημεν
2782 3641 2796 3691 ;
2825 3625 2908 3687 τίς
2961 3621 3056 3677 οὖν
3103 3624 3210 3692 ἄρα
3242 3621 3521 3690 θαυμάσοι
3556 3620 3657 3672 τῶν
3684 3633 3755 3682 γι.

2205 3720 2448 3788 νομένων
2478 3717 2578 3787 τὴν
2618 3717 2821 3787 χάριν;
2861 3715 3006 3769 διατί
3052 3715 3110 3769 δὲ
3153 3716 3492 3782 συνέστησαν
3535 3714 3585 3764 οἱ
3616 3708 3716 3761 ναοί
3739 3723 3756 3772 ;

2200 3812 2340 3866 διατι
2365 3813 2420 3863 αἱ
2458 3809 2612 3879 μοναί
2638 3826 2652 3874 ;
2691 3808 2790 3876 οὐχ
2838 3807 2925 3860 ἰνα
2951 3808 3292 3878 ἐργαστήρια
3323 3805 3598 3876 σωτηρίας
3627 3793 3758 3862 ibat;

2201 3903 2315 3956 Νῦν
2365 3901 2444 3964 δὲ,
2467 3901 2539 3964 ὡς
2572 3900 2674 3970 ἔφη
2722 3899 2978 3968 Χριστὸς,
3015 3898 3140 3962 τοὺς
3176 3899 3353 3962 θείους
3381 3898 3568 3960 οἴκους
3598 3890 3751 3949 αὑτοῦ

2203 3997 2445 4068 σπήλαια
2497 3994 2765 4065 ποιοῦμεν
2813 3991 3058 4063 λῃστῶν·
3108 3991 3429 4063 ἀρπάζομεν
3465 3991 3532 4043 τὰ
3565 3989 3676 4056 ἱερᾶ
3709 3985 3750 4036 οἱ

2207 4089 2432 4159 μοναχοί
2465 4105 2523 4140 τε
2559 4089 2656 4140 καὶ
2688 4085 2876 4156 ἱερεῖς,
2909 4082 3234 4153 ἀκαθάρτως
3267 4082 3474 4151 ζῶμεν,
3509 4076 3752 4150 ίὸιοῤῥύθ-

2205 4198 2342 4253 μωςο
2367 4181 2478 4234 τῶν
2507 4175 2826 4250 προσευχῶν
2861 4175 3191 4244 ἀμελοῦμεν,
3218 4175 3329 4232 τοῖς
3353 4171 3642 4267 συγγενέσι
3668 4165 3752 4267 καὶ

2201 4278 2313 4339 τοῖς
2364 4273 2711 4343 φιλουμένοις
2770 4269 2864 4322 καὶ
2923 4265 3342 4338 προσκειμένοις
3390 4267 3525 4334 ἡμῖν
3566 4262 3628 4316 τά
3667 4262 3749 4311 τοῦ

2200 4365 2336 4420 Θεοῦ
2378 4363 2629 4432 πονηρῶς
2667 4360 3038 4430 ἀναλίσκομεν
3060 4398 3080 4424 ,ν
3114 4359 3300 4410 πλεῖον
3358 4355 3747 4427 ἁμαρτάνοντες

2202 4459 2311 4511 τῶν
2342 4458 2588 4518 ἀπίστως
2623 4455 2924 4526 ῥιπτὸντων
2978 4451 3046 4506 τὰ
3089 4451 3226 4520 ἆγια
3247 4493 3263 4517 ,
3300 4450 3379 4514 ὡς
3408 4450 3593 4504 πιστοὶ
3617 4447 3752 4506 ὄντες

2201 4552 2332 4621 περὶ
2373 4551 2442 4603 τὰ
2482 4549 2600 4602 θεῖα
2631 4545 3110 4618 περιφερονητικῶς
3165 4542 3526 4612 διακείμενοι.
3559 4539 3644 4592 Διὸ
3672 4537 3750 4588 καὶ

2197 4649 2257 4700 οὐ
2309 4643 2564 4699 τοσοῦτον
2614 4641 2676 4693 τὸ
2725 4639 2880 4692 Θεῐον
2922 4637 3204 4708 ὀργίζεται
3256 4639 3408 4706 παρά
3456 4636 3563 4690 τῶν
3598 4628 3748 4687 ὲθνῶν

2199 4735 2676 4806 περιφρονούντων
2719 4732 2786 4784 τά
2825 4730 2978 4800 ἅγια,
3034 4729 3285 4782 ἀπίστων
3328 4727 3596 4796 ῦντων,ἢ
3635 4719 3746 4788 παρ’

2198 4826 2358 4898 ἡμῶν
2396 4825 2506 4878 τῶν
2543 4823 2774 4878 πιστῶν.
2806 4824 2898 4888 Μὴ
2930 4822 3262 4890 διαπορείτω
3308 4821 3489 4874 τοίνυν
3519 4837 3618 4885 τις,
3644 4813 3746 4875 πτυς

2199 4921 2291 4972 ὑπ’
2337 4916 2552 4974 ἀσεϐῶν
2578 4915 2647 4968 τὰ
2675 4916 2803 4983 ἆγια
2835 4913 3254 4983 καθυϐρίζεται,
3286 4913 3320 4984 ἢ
3351 4915 3469 4976 πῶς
3499 4915 3548 4966 οἱ
3578 4906 3743 4972 πιστοὶ

2197 5015 2486 5068 διώκονται
2537 5009 2669 5080 παρ’
2727 5009 2978 5062 ἀπίστων
3009 5020 3024 5036 ⁸
3072 5006 3210 5059 ἀλλὰ
3265 5005 3592 5075 θαυμαζέτω
3643 4999 3743 5059 πῶς

2197 5105 2335 5168 ὅλως
2365 5104 2602 5173 μένομεν
2642 5101 2734 5155 ἐπὶ
2759 5101 2886 5168 γῆς,
2917 5097 3171 5152 τοσοῦτον
3197 5099 3593 5169 περιφρονηταὶ
3619 5088 3740 5144 Θεοῦ

2198 5193 2555 5262 δεδειγμένοι.
2601 5191 2753 5244 Διατί
2803 5190 2860 5242 δὲ
2917 5188 3117 5258 μᾶλλον
3171 5190 3267 5242 καὶ
3317 5189 3386 5241 τὰ
3441 5185 3643 5241 παλαιά
3674 5183 3741 5241 εἰς

2202 5284 2481 5355 προνομὴν
2503 5281 2645 5336 οὕτω
2679 5281 2905 5344 δέδοται,
2937 5282 3004 5333 τὰ
3031 5279 3162 5333 ποτε
3204 5280 3336 5350 θείῳ
3371 5279 3596 5349 νεύματι
3621 5273 3742 5370 datio:

2206 5375 2344 5445 μένα
2381 5374 2459 5446 τῷ
2499 5372 2732 5441 Μωῦσῇ,
2772 5371 2832 5422 οὐ
2861 5369 2952 5423 διὰ
2975 5370 3036 5422 τὸ
3067 5371 3472 5440 περιφρονητάς
3505 5367 3594 5422 τοῦ
3624 5365 3740 5418 Θεοῦ

2202 5465 2458 5532 γενέσθαι
2486 5465 2608 5527 τοὺς
2651 5464 2800 5525 υἱοὺς
2841 5461 2937 5515 τοῦ
2975 5462 3194 5532 Ἰσραήλ
3221 5477 3235 5524 ;
3278 5462 3341 5514 Εἰ
3373 5460 3466 5514 οῦν
3491 5461 3557 5515 δι’
3583 5456 3739 5511 ἐκεῖνα

2202 5555 2451 5620 τοσοῦτος
2488 5556 2648 5624 ζῆλος
2687 5554 2846 5619 Θεοῦ,
2878 5555 2945 5606 δι’
2975 5553 3208 5621 ἀγγέλου
3254 5568 3312 5604 τε
3362 5551 3636 5622 δειχθέντα
3658 5544 3738 5601 καὶ

2201 5649 2290 5702 διὰ
2344 5648 2532 5703 δούλου
2581 5647 2825 5713 δοθέντα,
2863 5647 3015 5716 πόσῳ
3071 5661 3132 5713 γε
3190 5643 3392 5716 μᾶλλον
3423 5643 3572 5700 ἔσται
3601 5638 3736 5709 ζῆλος

1681 5824 1721 5856 ¹⁰
1756 5823 1798 5878 ll
1827 5826 1967 5882 Tim.
2005 5841 2090 5894 ιιι,
2126 5825 2236 5895 1-5,
2267 5827 2320 5889 5.
