4060 6282
283 339 388 399 93-7

1059 335 1450 401 RESPONSA
1492 335 1594 395 AD
1629 330 2083 394 GABRIELEM
2115 326 2809 395 PENTAPOLITANUM

3447 325 3554 390 εὗδ’

283 453 364 522 τῷ
399 452 539 519 Θεῷ,
575 451 662 506 διὰ
691 451 758 504 τά
790 451 1159 521 πεπραγμένα
1204 450 1357 519 παρά
1401 448 1496 502 τοῦ
1538 446 1855 516 μονογενοῦς

1970 454 2150 499 vetera
2205 443 2518 500 Judaeorum
2555 455 2748 501 sancta
2810 445 2863 499 in
2919 443 3288 514 direptionem
3347 442 3548 496 tradita

285 544 454 596 αὑτοῦ
513 544 694 610 λόγου.
755 543 863 596 Καὶ
918 542 1077 595 τοῦτο
1117 543 1389 611 μαρτυρεῖ
1421 537 1631 600 Παῦλος
1661 537 1862 604 λέγων,

297 632 602 702 Ἀθετήσας
656 652 740 698 τις
796 636 960 700 νόμον
1012 635 1293 696 Μωῦσέως
1323 633 1418 686 ἐπὶ
1464 633 1615 685 δυσὶν
1650 632 1683 702 ἢ
1717 631 1866 701 τρισὶ

286 725 562 792 μάρτυσιν
593 725 953 796 ἀποθνήσκει,
991 725 1143 795 πόσῳ
1169 726 1388 778 δοκεῖτε
1421 722 1667 792 μείζονος
1703 723 1866 787 ἀξιω-

288 816 517 886 θήσεται
551 817 826 886 τιμωρίας
851 861 866 884 ,
901 817 930 869 ὁ
963 818 1056 869 τὸν
1095 817 1224 869 Υἰδν
1250 815 1345 868 τοῦ
1377 815 1513 868 Θεοῦ
1546 815 1870 880 καταπατήο

287 923 390 970 σας
418 924 432 974 ;
466 909 561 962 καλ⁴
595 910 654 960 τὸ
685 903 826 978 αἷμα
853 911 956 977 τῆς
981 909 1248 979 διαθήκης
1281 907 1462 960 κοινὸν
1493 907 1865 976 ἡγησάμενος,

283 999 346 1049 ὲν
385 991 430 1064 ᾧ
464 998 724 1069 ἡγιάσθη,
762 1001 858 1052 καὶ
902 1001 1002 1068 τὴν
1051 1001 1217 1068 χάριν
1255 998 1351 1051 τοῦ
1394 999 1710 1067 Πνεῦματος
1746 999 1866 1048 ἐνυ-

284 1089 501 1161 ϐρίσας.
553 1091 647 1144 Διὸ
696 1092 746 1144 εἰ
801 1092 896 1146 καὶ
925 1091 1242 1160 θαυμαστόν
1294 1092 1355 1143 τὸ
1397 1089 1712 1160 λεγόμενον,
1751 1089 1866 1142 ἀλλ’

283 1180 439 1248 ὅμως
483 1181 683 1249 ἀληθὲς
709 1221 724 1241 .
777 1183 852 1245 ὡς
896 1181 1121 1236 ἔλαττον
1155 1183 1374 1253 ἡγεῖται
1411 1182 1542 1244 Θεὸς
1574 1181 1707 1250 παρ’
1735 1185 1864 1235 ἁσεο

286 1272 400 1325 ϐῶν
434 1273 799 1341 ἀτιμάζεσθαι
826 1277 892 1327 τά
927 1275 1116 1337 αὑτοῦ,
1153 1276 1184 1343 ἢ
1236 1275 1386 1343 παρὰ
1420 1275 1528 1325 τῶν
1561 1275 1864 1328 δοκούντων

284 1362 476 1417 αὐτοῦ.
530 1363 666 1416 Τίνα
726 1365 783 1417 δὲ
839 1367 935 1417 καὶ
979 1364 1274 1432 ἀπολογίαν
1320 1366 1535 1430 ἕξουσιν
1588 1367 1638 1419 οἱ
1699 1369 1864 1435 μέσον

282 1455 395 1507 τῶν
427 1454 594 1509 ἐθνῶν
631 1457 816 1508 πιστοὶ
869 1457 1237 1525 ἀσεϐοῦντεςς
1283 1461 1438 1511 ποῖον
1478 1459 1602 1528 ἄρτι
1651 1459 1857 1528 μαρτύ-

289 1563 405 1617 ριον
430 1563 446 1614 ;
493 1548 577 1611 τίς
630 1548 912 1616 διωγμός;
949 1551 1098 1602 ποῖαι
1151 1550 1448 1617 κολάσειςς
1495 1554 1552 1604 ὲν
1593 1549 1682 1615 αἷς
1733 1569 1864 1606 ποτε

297 1639 503 1703 μᾶλλον
543 1642 591 1692 οἱ
628 1640 774 1707 ἅγιοι
824 1642 1306 1710 ἐνευφραινόμενοι
1345 1639 1520 1712 ἦσαν;
1555 1646 1648 1695 καὶ
1691 1643 1863 1707 οῦτως

283 1729 722 1798 ἀποθνήσκοντες
785 1732 986 1800 μᾶλλον
1045 1733 1431 1800 ὲπληθύνοντο.
1485 1735 1550 1787 Τί
1590 1735 1860 1804 uiolae;

1969 553 2134 608 sunt;
2167 541 2284 595 hzec
2341 543 2577 596 maxime
2599 558 2718 612 qua:
2771 541 2900 595 olim
2938 539 3112 610 Moysi
3157 542 3282 592 data
3334 537 3553 591 fuerant

1971 646 2153 687 nonne
2179 634 2304 701 quia
2359 634 2453 687 iilii
2505 634 2672 688 Israel
2731 633 2898 687 Deum
2953 629 3451 698 contempserunt?
3491 629 3550 682 Si

1968 736 2106 790 ergo
2133 733 2356 790 propter
2385 723 2489 776 ista
2516 738 2637 793 quae
2671 722 2900 792 angelus
2925 722 3262 784 ostenderat,
3289 733 3410 788 quae
3437 731 3552 772 ser-

1968 826 2074 866 tus
2127 810 2382 875 dederat,
2419 821 2571 866 tanta
2605 813 2956 867 aeinulatione
3015 812 3157 865 Deus
3205 821 3384 863 motus
3441 817 3548 870 est,

1971 911 2185 972 quanto
2235 904 2409 972 magis
2443 903 2754 958 movebitur
2801 912 3025 973 propter
3065 918 3126 957 ea
3161 917 3282 971 quae
3325 903 3394 956 ah
3422 901 3550 954 uni-

1969 992 2151 1061 genito
2187 992 2361 1047 Verbo
2403 993 2523 1062 ejus
2557 995 2722 1047 allata
2775 1004 2905 1048 sunt
2957 1005 3052 1050 aut
3084 995 3248 1049 facta.
3299 994 3367 1049 Et
3414 993 3548 1047 illud

1971 1089 2200 1137 teStatur
2223 1082 2424 1138 Paulus
2449 1085 2668 1140 dicens:
2702 1105 2720 1136 ι
2751 1086 2967 1140 lrritam
3003 1088 3210 1142 faciens
3235 1087 3546 1157 quislegem

1968 1173 2241 1244 Moysis...
2261 1176 2477 1232 duobus
2496 1177 2578 1230 vel
2605 1179 2779 1232 tribus
2805 1179 3033 1233 testibus
3055 1180 3319 1247 moritur;
3343 1189 3550 1248 quanto

1970 1265 2144 1335 magis
2169 1267 2376 1334 putatis
2404 1266 2679 1322 deteri-ora
2705 1271 2902 1323 mereri
2939 1271 3206 1339 supplicia
3235 1273 3326 1341 qui
3349 1271 3547 1324 Filium

1970 1356 2062 1411 Dei
2103 1358 2532 1427 conculcaverit,
2578 1369 2634 1414 et
2671 1364 2994 1431 sanguinem
3028 1367 3335 1420 testamenti
3365 1365 3545 1434 pollu-

1967 1459 2081 1502 tum
2111 1450 2351 1515 duxerit,
2401 1452 2456 1506 in
2505 1468 2616 1523 quo
2649 1458 3024 1511 sanctilicatus
3071 1467 3174 1524 est,
3208 1468 3264 1512 et
3309 1457 3547 1527 Spiritus

1967 1543 2138 1610 gratia
2169 1546 2555 1600 contumeliam
2612 1546 2799 1602 fecerit
2835 1549 2857 1602 2
2889 1569 2907 1600 ι
2946 1550 3126 1615 Quare
3156 1551 3257 1604 hoc
3295 1551 3548 1620 quamvis

1967 1634 2275 1690 mirandum
2309 1639 2452 1707 quod
2483 1639 2718 1696 dicimus
2741 1643 2901 1697 simul
2929 1652 3166 1698 attamen
3199 1645 3545 1698 verissimum

1967 1725 2039 1779 ita
2099 1737 2158 1780 ut
2211 1729 2394 1784 minus
2444 1731 2652 1798 judieet
2697 1735 2836 1787 Deus
2884 1751 2971 1790 res
3035 1749 3164 1790 suas
3227 1737 3547 1790 inlionorari

284 1820 370 1872 ὅτι
405 1821 591 1884 δοῦλος
640 1823 916 1892 ﬁdlem;
951 1824 1033 1876 ὅτι
1076 1825 1202 1892 τέλη
1262 1829 1564 1893 παρέχειςς
1619 1828 1698 1878 ὅτι
1749 1827 1855 1878 τῶν

1961 1818 2030 1870 ab
2076 1819 2258 1887 impiis
2301 1837 2464 1890 quam
2512 1838 2542 1876 a
2587 1824 2934 1880 credentibus
3008 1827 3062 1881 in
3119 1829 3318 1897 ipsum.
3371 1831 3547 1896 Quam

285 1913 805 1980 περιφρονουμὲνων
837 1910 884 1966 εἴ
911 1932 925 1980 ;
963 1917 1068 1968 Kal
1097 1916 1148 1968 τί
1179 1917 1370 1982 tauro;
1403 1918 1674 1969 Ἕκαστον
1706 1918 1860 1978 ἔθνος

283 2005 376 2056 καὶ
393 2005 679 2065 ταπεινοὺς
705 2005 832 2074 ἔχει,
858 2008 947 2058 καὶ
968 2006 1188 2069 δούλους
1214 2008 1496 2075 κέκτηται.
1524 2008 1630 2060 Καὶ
1649 2007 1859 2077 ὑπηρὲ-

282 2111 382 2157 τας
413 2097 474 2147 ὲκ
505 2096 598 2148 τοῦ
649 2096 835 2160 αὑτοῦ,
872 2100 967 2150 καὶ
1001 2101 1028 2150 ό
1059 2098 1249 2168 μισθὸς
1298 2099 1480 2161 αὐτοῖς
1511 2101 1704 2152 τούτου
1736 2099 1850 2152 ἕντο

283 2203 357 2239 κα
415 2188 474 2241 Ei
511 2189 567 2240 δὲ
620 2190 684 2242 σὺ
724 2191 751 2242 ὁ
801 2189 992 2250 πιστὸς
1033 2191 1120 2242 διὰ
1175 2191 1411 2260 Χριστὸν
1465 2192 1650 2260 φέρεις
1701 2191 1859 2245 τοῦτο

285 2280 380 2332 καὶ
411 2281 592 2348 μόνον,
639 2281 737 2334 οὐκ
791 2281 1022 2351 ἄμισθον
1067 2281 1220 2335 ἔσται
1263 2299 1366 2336 σοι.
1403 2284 1509 2335 Καὶ
1545 2283 1668 2336 οὐδὲ
1701 2284 1860 2336 τοῦτο

283 2370 390 2424 κᾶν
422 2373 648 2440 φέρεις;
686 2373 780 2425 καὶ
837 2374 954 2434 πῶς
1005 2373 1187 2436 δοῦλος
1221 2373 1316 2446 ἔσῃ
1351 2374 1588 2444 Χριστοῦ
1621 2391 1638 2441 ;
1685 2375 1742 2436 ὃς
1770 2375 1860 2428 διὰ

285 2466 348 2517 σὲ
385 2465 563 2518 πάντα
597 2468 690 2518 καὶ
723 2464 953 2518 θάνατον
984 2465 1183 2534 ἤνεγκε
1213 2481 1230 2530 ς
1259 2466 1358 2518 Διά
1390 2466 1559 2518 ταῦτα
1583 2468 1682 2520 οὐκ
1714 2471 1859 2520 άπο-

283 2557 472 2625 λογίαν
503 2556 721 2622 ἕξουσιν
751 2557 802 2608 οι
837 2557 1023 2609 πιστοὶ
1069 2557 1419 2624 διωκόμενοι,
1466 2558 1511 2609 εἰ
1563 2556 1859 2609 ἀσεϐοῦσιν

283 2649 360 2712 ὣς
401 2667 556 2718 φασι,
593 2651 714 2704 κατ’
750 2649 1024 2718 ἀνάγκην.
1067 2649 1397 2702 ’Λποστάται
1431 2648 1540 2718 γάρ
1577 2652 1706 2704 εἱσι.
1749 2651 1857 2702 0'3-

284 2741 342 2795 δὲ
375 2741 425 2794 oi
454 2741 861 2812 λαμϐανόμενοι
894 2744 975 2796 ἔτι
1018 2743 1197 2812 νήπια
1217 2759 1230 2772 ·
1257 2743 1484 2812 ἔμελλον
1529 2742 1638 2812 γὰρ
1681 2744 1858 2812 ὅμοιοι

285 2835 400 2896 τοῖς
424 2836 697 2904 πατράσιν
729 2831 892 2891 εῖναι.
931 2836 1039 2888 Καὶ
1064 2835 1224 2904 δῆλον
1257 2835 1364 2888 ἀπὸ
1393 2835 1498 2888 τῶν
1526 2837 1604 2897 εἰς
1635 2836 1858 2906 ἡλικίαν

285 2925 574 2992 ἐλθόντων,
615 2927 697 2979 ὅτι
739 2925 940 2994 γνῶσιν
971 2927 1188 2996 ἔχοντες
1230 2928 1298 2980 τὰ
1338 2928 1436 2994 τῆς
1490 2927 1726 2989 πίστεως
1757 2929 1857 2981 οὐκ

285 3014 560 3084 ἐφύλαξαν
586 3057 600 3080 ,
659 3016 733 3080 ὡς
774 3016 875 3087 τῆς
907 3017 1108 3088 σαρκὸς
1143 3017 1294 3081 ὄντες
1326 3018 1457 3082 ὅλοι,
1491 3019 1586 3071 καὶ
1633 3019 1857 3089 μηδενὸς

1963 1911 2109 1962 enim
2133 1915 2544 1968 excusationem
2575 1916 2776 1970 habent
2801 1918 3081 1974 rrcdcntes
3110 1922 3274 1990 impie
3303 1923 3548 1979 viventes

1963 2000 2014 2052 in
2047 2003 2223 2057 medio
2253 2006 2538 2074 gentium?
2564 2008 2694 2076 quid
2741 2025 2940 2063 novum
2987 2016 3312 2081 proponitur
3346 2028 3548 2087 marty-

1963 2093 2146 2146 rium?
2192 2109 2312 2163 quae
2359 2100 2665 2165 persecutio
2711 2099 2916 2156 instat?
2960 2101 3091 2168 Qua:
3125 2122 3301 2176 poenae
3341 2123 3549 2179 pracpa-

1966 2181 2197 2236 rantur?
2229 2183 2286 2238 In
2315 2186 2394 2240 eis
2425 2201 2570 2256 stepe
2614 2191 2784 2258 magis
2830 2191 3135 2260 gaudebant
3168 2195 3362 2260 sancti,
3383 2206 3434 2250 et
3466 2197 3547 2250 sic

1963 2276 2259 2332 morientes
2337 2281 2511 2348 magis
2567 2282 2912 2351 multiplicati
2966 2296 3112 2338 sunt.
3168 2287 3309 2352 Quid
3371 2299 3548 2344 taum-

1964 2382 2090 2434 pere
2114 2369 2305 2422 doles?
2353 2373 2494 2438 quod
2527 2387 2721 2428 servus
2754 2377 3087 2432 constitutus
3123 2380 3221 2435 es?
3253 2383 3396 2451 quod
3447 2385 3544 2437 tri-

1962 2458 2091 2512 buta
2152 2461 2250 2515 tibi
2289 2464 2678 2530 imponuntur?
2719 2468 2864 2535 quod
2907 2469 3048 2522 inter
3107 2475 3543 2541 contemptibiles

1963 2549 2272 2606 inveniris?
2299 2551 2404 2607 Sed
2448 2554 2578 2623 quid
2626 2566 2707 2610 est
2759 2559 2904 2612 hoc?
2948 2559 3187 2631 Quaeque
3223 2581 3355 2635 gens
3411 2583 3541 2622 suos

1965 2641 2129 2694 habet
2155 2642 2390 2697 humiles
2412 2655 2466 2698 et
2492 2646 2742 2714 pusillos,
2772 2657 2826 2702 et
2858 2664 3052 2705 servus
3071 2655 3334 2720 possidet,
3373 2664 3426 2710 et
3460 2658 3542 2726 ip-

1962 2733 2038 2788 sis
2076 2743 2160 2790 est
2186 2733 2396 2791 fructus
2421 2739 2742 2794 obedientiae
2767 2756 2955 2798 causa.
2973 2744 3027 2798 Si
3054 2761 3184 2816 ergo
3206 2755 3282 2814 tu,
3303 2749 3394 2816 qui
3423 2766 3542 2806 crc-

1961 2827 2066 2890 dis,
2116 2838 2338 2896 propter
2359 2829 2640 2886 Christum
2671 2833 2796 2886 talia
2824 2836 3086 2902 sustines,
3132 2853 3242 2893 non
3264 2839 3376 2895 eris
3419 2843 3541 2898 sine

1962 2919 2216 2976 mercede
2247 2938 2259 2974 :
2297 2921 2388 2976 sed
2419 2923 2465 2978 si
2498 2939 2603 2978 non
2642 2926 2743 2980 hoc
2773 2928 2961 2981 saltem
2985 2930 3229 2997 patiaris,
3261 2937 3546 3002 quomodo

1960 3007 2160 3064 Christi
2210 3027 2404 3070 servus
2451 3029 2572 3070 esse
2623 3019 2828 3087 poteris
2871 3022 2964 3088 qui
3011 3033 3233 3091 propter
3279 3027 3540 3081 enimus-

284 3108 394 3161 τῶν
429 3108 518 3160 τοῦ
552 3107 689 3162 Θεοῦ
740 3108 896 3179 λόγον
929 3110 1063 3174 ὅλως
1102 3113 1433 3179 ποιούμενοι.
1472 3109 1658 3164 Ταῦτα
1700 3105 1855 3180 οἶμαι

1963 3116 2068 3170 que
2121 3101 2186 3156 ad
2234 3115 2465 3160 mortem
2511 3106 3100 3181 toleravit?Propterea
3121 3117 3540 3173 excusationem

284 3199 358 3264 ὡς
391 3200 584 3270 ἀληθῆ,
616 3203 712 3255 κα)⁸
755 3203 834 3255 ὅτι
884 3204 992 3256 τῶν
1039 3207 1506 3274 παραπιπτὸντων
1536 3205 1635 3275 οὐχ
1663 3206 1690 3258 ὁ
1721 3205 1854 3268 Θεὸς

286 3289 480 3357 αἴτιος,
519 3292 634 3345 ἀλλ’
670 3293 703 3362 ἠ
752 3294 994 3364 ῥᾳθυμία
1046 3299 1138 3348 καὶ
1171 3301 1230 3349 τὸ
1284 3296 1610 3366 φιληδονιῖν,
1641 3298 1733 3350 καὶ
1770 3314 1858 3365 φι-

287 3385 531 3450 λοζωεῖν.
556 3389 747 3456 Ὅμως
783 3390 1122 3460 θαρροῦντας
1148 3392 1294 3460 ἡμᾶς
1323 3395 1388 3461 τῇ
1422 3392 1518 3445 τοῦ
1548 3391 1683 3444 Θεοῦ
1701 3391 1863 3444 ἀπεί-⁸

290 3495 368 3548 ρῳ
408 3478 793 3550 φιλανθρωπίᾳ
814 3520 829 3544 ,
869 3480 975 3550 χρὴ
1005 3481 1208 3536 διδόναι
1242 3483 1434 3536 ἐλπίδα
1459 3486 1570 3546 τοῖς
1603 3483 1858 3550 ἐπιστρέ-

287 3586 469 3637 φουσι,
498 3571 589 3622 καὶ
613 3570 820 3633 πάντας
846 3570 1246 3639 δέχεσθαι’τοὺς
1268 3571 1518 3626 ὁπωσοῦν
1539 3571 1856 3642 μετανοοῦν-

287 3677 406 3722 τας,
441 3663 500 3715 οὐ
537 3660 642 3731 μὴν
672 3662 796 3724 τοὺς
826 3662 1072 3732 μηδόλως
1110 3663 1505 3733 μετανοοῦντας
1529 3681 1542 3693 ·
1577 3663 1851 3733 διακρίσει

288 3750 343 3804 δὲ
362 3752 595 3821 χρῆσθαι
627 3753 804 3824 ἀγαθῇ
823 3757 919 3807 καὶ
947 3755 1076 3822 περὶ
1105 3754 1214 3806 τῶν
1232 3755 1695 3827 ἐπιστρεφόντων,
1716 3755 1782 3826 ἢν
1803 3755 1856 3807 οἱ

283 3840 430 3904 ἆγιοι
475 3839 804 3903 διετάξαντο.
849 3843 958 3893 Καὶ
975 3843 1148 3906 ἄλλως
1368 3845 1465 3915 μὲν
1489 3844 1856 3916 ἐξοικονομεϊν

281 3932 561 4000 τοῦςδίχα
598 3932 847 4000 βασάνων
877 3934 975 3988 καὶ
1019 3934 1300 4004 διωγμοῦ,
1330 3937 1398 3990 δι’
1430 3939 1608 4008 ἔρωτα
1642 3937 1855 4004 χρημά-

279 4041 389 4078 των
419 4024 451 4092 ἢ
484 4022 643 4090 δόξαν
680 4022 713 4092 ἧ
746 4023 939 4092 ἡδονὴν
981 4025 1392 4094 γεγενημένους
1421 4025 1670 4095 νεκρούς·
1707 4022 1854 4075 οὕτω

279 4117 389 4186 γὰρ
441 4113 553 4182 ἐγὼ
637 4112 785 4168 καλῶ
861 4115 1002 4183 μετά
1083 4114 1176 4168 τοῦ
1251 4117 1616 4185 ὴγαπημένου
1651 4155 1666 4182 ,
1728 4115 1855 4178 τοὺς

278 4208 370 4262 τὸν
429 4207 562 4262 Θεὸν
622 4207 1026 4278 ἀθετήσαντας,
1072 4207 1148 4270 ὼς
1204 4208 1341 4278 πρὸς
1379 4207 1610 4261 θάνατον
1673 4207 1854 4278 ἀμαρ-

277 4298 575 4368 τήσαντας.
620 4298 855 4370 Ἑτέρως
900 4298 958 4351 δὲ
1009 4298 1176 4351 πάλιν
1206 4299 1333 4360 τοὺς
1382 4297 1608 4368 διωγμῷ
1636 4299 1733 4351 καὶ
1757 4298 1854 4368 βα-

281 4387 466 4452 σάνοις
500 4387 532 4460 ἢ
571 4387 824 4450 ἀπειλαῖς
869 4385 964 4439 καὶ
1007 4388 1296 4457 ὲπηρείαις
1324 4390 1466 4441 τισίν
1495 4403 1508 4417 ο
1548 4387 1752 4455 ἑτέρως
1805 4387 1851 4442 δ’

1961 3211 2072 3249 non
2106 3195 2383 3252 habebunt
2415 3199 2602 3255 fideles
2651 3203 2745 3270 qui
2784 3207 3167 3272 persecutione
3212 3218 3537 3277 premuntur

1960 3291 2003 3341 si
2028 3289 2190 3357 impie
2205 3300 2392 3359 agunt,
2412 3301 2472 3346 ut
2499 3291 2706 3354 dicunt,
2728 3297 3052 3351 necessitate
3070 3301 3375 3369 compulsi;
3404 3310 3536 3358 sunt

1959 3381 2103 3434 enim
2158 3396 2284 3436 vere
2336 3391 2622 3452 apostaue.
2654 3383 2764 3439 Nec
2810 3387 2966 3442 aliter
2999 3389 3294 3462 dicendum
3352 3391 3418 3447 de
3449 3395 3533 3448 his

1959 3474 2052 3542 qui
2079 3487 2110 3526 a
2143 3474 2370 3541 pueritia
2405 3477 2620 3530 abducti
2650 3485 2778 3532 sunt
2812 3497 2828 3534 :
2859 3480 3068 3535 similes
3094 3482 3239 3536 enim
3289 3485 3538 3552 patrihus

1960 3567 2075 3623 suis
2126 3566 2292 3622 futuri
2351 3580 2529 3625 erant.
2605 3572 2760 3638 Quod
2805 3574 2997 3628 saltem
3058 3577 3286 3633 evidens
3326 3589 3410 3633 est
3467 3581 3536 3634 de

1959 3657 2025 3710 iis
2053 3659 2144 3725 qui
2187 3659 2410 3728 jamjam
2471 3663 2864 3718 adoleverunt:
2912 3665 3327 3736 intelligentiam
3387 3671 3534 3726 enim

1958 3749 2249 3813 habentes.
2301 3751 2624 3808 documenta
2687 3755 2806 3809 fidei
2873 3758 3097 3812 minime
3151 3771 3534 3827 servaverunt,

1958 3843 2106 3897 carni
2141 3842 2556 3912 acquieverunt,
2601 3855 2656 3901 et
2692 3847 2828 3901 nihil
2873 3853 3100 3903 omnino
3128 3850 3195 3905 de
3229 3852 3319 3906 Dei
3358 3853 3537 3908 Verbo

1960 3941 2215 3986 curantes
2237 3945 2482 4002 egerunt.
2515 3935 2660 3998 lla'c,
2689 3938 2901 4008 judicio
2933 3955 3076 4002 meo,
3109 3943 3393 3998 verissima
3432 3960 3446 3998 :
3479 3954 3537 4000 et

1961 4022 2183 4075 omnino
2217 4022 2506 4078 dicendum
2560 4026 2726 4083 Deum
2783 4044 2895 4084 non
2935 4047 3057 4087 esse
3102 4033 3261 4088 alicui
3312 4049 3536 4089 causam

1962 4110 2168 4182 lapsus,
2201 4113 2294 4167 sed
2315 4115 2605 4184 ignaviam,
2637 4119 2975 4189 voluptatum
3013 4133 3066 4176 et
3111 4124 3234 4177 vitzc
3272 4139 3534 4180 amorem.

1961 4202 2378 4268 Verumtamen,
2415 4207 2573 4276 plene
2624 4209 2966 4267 conﬁdentes
2992 4212 3218 4269 inlinitte
3254 4211 3347 4270 Dei
3379 4216 3532 4272 boni-

1959 4298 2159 4360 tati,ut
2183 4308 2396 4366 oportet
2425 4299 2892 4370 resipiscentibus,
2920 4320 3069 4373 spem
3099 4307 3335 4362 excitare
3366 4308 3537 4364 debe-

1960 4404 2104 4454 mus,
2159 4405 2462 4459 omnesque
2515 4404 2835 4462 exspectare
2878 4406 2932 4450 et
2979 4399 3259 4468 suscipere
3312 4417 3537 4472 quoquo

279 4474 347 4534 αὖ
391 4481 520 4543 τοὺς
555 4480 726 4550 νήπια
767 4479 863 4534 καὶ
899 4480 1078 4550 βρὲορη
1105 4481 1481 4550 ἀρπαγέντας.
1523 4481 1614 4545 Ἐξ
1641 4473 1716 4533 ὧν
1750 4481 1846 4535 καὶ

1961 4479 2118 4533 modo
2167 4480 2521 4550 pmnitentes,
2563 4483 2657 4538 sed
2708 4499 2814 4540 non
2869 4500 2966 4541 eos
3015 4489 3116 4557 qui
3155 4492 3534 4559 pmnitentiam

277 4569 346 4623 τὰ
375 4569 678 4641 τεθνηκότα
710 4571 878 4640 μήπω
913 4573 991 4633 εἰς
1023 4570 1228 4639 γνῶσιν
1253 4571 1480 4626 ἐλθόντα
1509 4573 1676 4626 καλοῦ
1709 4573 1848 4637 ὅλως

277 4663 313 4732 ἢ
361 4663 644 4734 πονηροῦ,
694 4664 729 4734 ἢ
776 4663 1061 4734 βάπτισμα
1113 4664 1277 4735 μόνον
1327 4666 1511 4736 ἔσχον,
1557 4668 1849 4738 ιλιηθῆναι

279 4754 496 4826 θαρρῶν
525 4754 662 4825 ειμι.
703 4756 911 4818 Πάντες
945 4754 1004 4808 δὲ
1038 4754 1093 4808 οἶ
1125 4772 1185 4809 τε
1214 4758 1277 4809 ὲκ
1313 4757 1596 4826 προγόνων
1621 4757 1847 4812 ἄπιστοι

276 4847 710 4918 οὔτωμένοντες,
736 4847 876 4917 μετά
893 4849 1164 4918 δαιμόνων
1174 4849 1397 4914 δικαίως
1411 4850 1848 4921 κατακριθήσον-

275 4953 384 5003 ται,
417 4937 512 4991 καὶ
544 4937 596 4991 οἱ
633 4939 696 4990 ὲκ
722 4939 932 4992 πιστῶν
961 4938 1114 5004 ὄντες
1134 4978 1149 5005 ,
1182 4941 1276 4994 καὶ
1308 4939 1408 5010 τὴν
1439 4941 1622 4995 πίστιν
1659 4945 1848 5014 οῑφδήσ

274 5043 378 5080 τινι
404 5028 593 5099 τρόπῳ
628 5029 1101 5099 ἀπαρνησάμενοι,
1137 5031 1188 5082 ει
1211 5029 1447 5099 μένωσιν
1478 5031 1700 5085 ἄπιστοι
1719 5048 1734 5064 ο
1763 5034 1846 5086 ὅτι

275 5117 371 5170 οὐκ
421 5119 541 5171 ἐστι
591 5119 747 5188 λόγος
785 5121 966 5182 αὐτοῖς
992 5158 1008 5184 ,
1058 5119 1154 5173 τοῦ
1187 5119 1334 5173 θείου
1391 5124 1746 5192 κηρύγματος
1784 5123 1845 5176 ὲν

275 5211 352 5279 τῷ
391 5211 583 5279 κόσμῳ
615 5210 756 5280 ὑπὲρ
801 5211 894 5264 τὸν
941 5213 1096 5281 ἣλιον
1124 5205 1442 5282 λάμψαντός
1493 5229 1554 5266 τε
1584 5214 1679 5268 καὶ
1706 5215 1844 5286 λάμ-

275 5317 490 5362 ποντος,
546 5303 644 5352 καὶ
690 5301 790 5371 τῆς
845 5303 1214 5372 εὐαγγελικῆς
1251 5305 1348 5356 καὶ
1387 5303 1646 5373 οὐρανίου
1697 5304 1841 5373 ζωῆς

273 5391 411 5460 ὑπὲρ
460 5391 518 5442 τὸ
558 5389 672 5458 φῶς
714 5391 1154 5460 ἀστραπτιιύσης.
1212 5394 1319 5446 Καὶ
1345 5393 1516 5447 ταῦτα
1564 5393 1664 5464 μὲν
1707 5395 1836 5465 περὶ

271 5481 461 5534 τούτου
505 5481 579 5546 ὡς
625 5481 849 5535 δυνατὸν
895 5483 962 5535 δι’
992 5483 1209 5552 ὀλίγων.
1253 5485 1379 5547 Τοῖς
1425 5485 1602 5553 ἁγίοις
1634 5487 1690 5540 δὲ
1725 5488 1838 5540 Πα-

271 5575 462 5643 τράσιν
497 5573 653 5643 ἡμῶν
700 5573 1037 5644 πλατύτερον
1087 5575 1320 5646 εἴρηται.
1371 5576 1478 5630 Καὶ
1525 5579 1676 5631 πάσα
1711 5579 1840 5650 περὶ

270 5665 461 5720 τούτου
498 5665 712 5736 πλήρης
752 5665 884 5732 ἁγία
916 5666 1132 5738 ι’ραφή.

1959 4581 2250 4643 respuunt.
2275 4571 2461 4629 Refert
2491 4575 2635 4631 cnim
2662 4579 2864 4646 Optime
2895 4579 3206 4636 discernere
3234 4585 3376 4638 inter
3403 4600 3536 4640 con-

1959 4673 2193 4726 versos,
2257 4663 2556 4718 secundum
2611 4667 2860 4720 ordinem
2919 4685 2950 4722 ιι
3013 4671 3227 4728 sanetis
3285 4676 3534 4744 praescri-

1957 4760 2133 4818 ptum.
2166 4751 2376 4808 Etenim
2407 4754 2499 4824 qui
2535 4770 2599 4810 ea
2631 4755 2747 4826 lege
2785 4768 2952 4828 agunt
2989 4771 3048 4816 ut
3079 4756 3288 4833 fugiant
3319 4767 3539 4822 labores

1955 4851 2012 4896 et
2047 4845 2377 4901 teutationes
2421 4850 2863 4916 persecutionum
2901 4865 3122 4924 promer
3161 4871 3400 4912 amorem
3435 4858 3531 4913 bo-

1957 4948 2176 4997 norum,
2217 4936 2300 4991 vel
2343 4937 2547 5007 gloria,
2594 4940 2678 4994 vel
2712 4942 3056 5013 voluptatum
3090 4949 3251 5002 morti
3283 4963 3343 5004 se
3373 4951 3532 5005 addi-

1954 5036 2088 5080 cunt
2107 5028 2278 5093 ;.mihi
2297 5032 2441 5084 enim
2464 5047 2588 5087 cum
2615 5035 2886 5105 discipulo
2913 5038 3112 5095 dilecto
3136 5041 3219 5097 fas
3241 5052 3325 5098 est
3345 5044 3535 5100 dicere

1954 5131 2051 5172 eos
2084 5120 2176 5191 qui
2208 5136 2313 5175 nou
2351 5124 2680 5180 confitentur
2709 5125 2879 5183 Deum
2915 5145 3142 5199 peccare
3170 5133 3238 5186 ad
3269 5146 3524 5190 mortem.

1953 5208 2056 5276 Qui
2085 5226 2114 5265 e
2137 5224 2325 5267 contra
2355 5216 2496 5284 passi
2521 5227 2653 5272 sunt
2677 5222 3136 5289 persecutionem,
3161 5225 3398 5290 labores,
3429 5228 3526 5280 mi-

1953 5317 2052 5358 nas
2089 5313 2143 5359 et
2169 5308 2551 5374 contumelias,
2611 5310 2716 5366 alia
2757 5314 3006 5368 mercede
3055 5316 3527 5374 donabuntur.Ex

1952 5396 2134 5462 pueris
2151 5405 2204 5450 et
2221 5395 2509 5455 infantulis
2524 5402 2615 5467 qui
2638 5402 2802 5457 ablati
2822 5407 3080 5474 sunt,.qui
3103 5408 3301 5462 mortui
3328 5408 3529 5464 fuerint

1951 5498 2243 5559 antequam
2284 5491 2692 5562 intelligentiam
2741 5497 3052 5564 habuerint,
3088 5499 3216 5555 boni
3262 5502 3346 5558 vel
3397 5502 3524 5556 mali

1948 5582 2196 5646 omnino,
2229 5583 2390 5639 modo
2433 5584 2701 5657 baptisma
2739 5591 3066 5658 receperint,
3101 5591 3528 5648 misericorditer

1950 5677 2148 5744 pieque
2220 5692 2248 5731 a
2294 5677 2404 5733 Deo
2428 5679 2774 5750 recipiendos
2809 5681 3047 5758 confido.
3089 5685 3288 5740 Omnes
3340 5693 3528 5741 autem

274 5758 536 5834 inﬁdeles,
586 5758 700 5815 sive
764 5759 906 5814 avita
971 5760 1290 5818 inti-lclitate
1353 5770 1671 5831 teneantur,
1723 5779 1847 5820 cum
1891 5764 2398 5838 dacnnunihusjustc
2426 5771 3116 5842 cettdcutttabutttur;5ive
3151 5775 3338 5844 etiam,
3398 5777 3531 5832 olim
