4078 6288
357 348 457 412 8'31

1100 341 1494 404 RESPONSA
1538 340 1639 400 AD
1677 337 2130 400 GABRIELEM
2171 342 2908 413 PENTAPOLIT'ANUM.

3497 355 3601 417 862

350 469 459 520 καὶτ
481 462 590 516 τῶν
632 460 771 532 ὑπὲρ
800 461 897 530 τὴν
946 460 1103 524 ἀξίαν
1145 460 1310 513 αὐτοῦ
1353 461 1783 531 περιφρονητὴξ,
1823 460 1916 512 πό-

2030 469 2213 521 gerens
2239 473 2364 529 erga
2392 476 2476 516 res
2511 478 2617 517 non
2648 481 2801 528 suas,
2834 470 3042 533 quanto
3076 464 3245 534 magis
3269 467 3603 523 coodemua-

356 573 435 625 σῳ
663 569 725 617 γε
751 553 954 621 μᾶλλον
990 551 1450 623 κατακριθήσεται
1478 555 1505 605 6
1535 555 1592 604 ἐν
1621 555 1730 617 τοῖς
1759 551 1925 614 θείοις

351 650 447 700 καὶ
472 646 745 717 οὐρανίοις
791 645 1175 715 καταφρονῶν,
1207 646 1300 699 καὶ
1337 645 1574 713 μάλιστα
1599 647 1710 706 τοῖς
1758 644 1923 697 αὐτοῦ

266 792 271 797 ,
349 737 444 791 τοῦ
475 736 609 790 Θεοῦ
647 736 809 806 μόνου
839 738 1061 805 ἔργοιςς
1110 738 1218 790 Καὶ
1247 738 1295 789 εἰ
1326 739 1354 790 6
1384 736 1620 801 ἀναξίως
1652 738 1927 790 κοινωνῶν

358 832 518 902 μόνον
567 832 916 901 κατάκριτος,
958 834 985 884 6
1034 833 1129 883 καὶ
1174 828 1411 894 ἀναξίως
1464 830 1725 897 ἐνεργῶν,
1775 829 1926 895 πόσῳ

355 922 577 992 μᾶλλον.
609 923 719 975 Καὶ
760 922 932 977 ταῦτα
968 923 1066 992 μὲν
1108 924 1234 991 περὶ
1270 921 1378 973 τῶν
1410 920 1748 991 χειροτονίαν
1774 921 1928 986 δεξα-

357 1016 556 1085 μένων,
590 1015 786 1076 οἵτινες
846 1018 954 1069 εττε
1012 1016 1296 1085 πρότερον,
1331 1015 1441 1068 εἴτε
1476 1014 1701 1084 ὕστερον
1748 1015 1929 1085 ἦμαρ.

352 1127 465 1176 τον,
514 1110 722 1171 ἀνάξιοι
750 1110 972 1170 πάντες.
1002 1111 1112 1163 Καὶ
1158 1110 1274 1177 εῖγε
1312 1114 1641 1178 μετανοῆσαι
1688 1111 1783 1162 καὶ
1824 1126 1937 1161 σωκ

354 1202 511 1272 θῆναι
552 1201 701 1270 μέλει
743 1202 949 1263 αὐτοῖς,
985 1202 1384 1270 ἀποστήτωσαν
1422 1203 1670 1270 ἐνεργεῖν
1713 1199 1782 1253 τὰ
1829 1200 1928 1269 τῆς

356 1294 656 1365 ἱερωσύνης
706 1294 988 1361 ἁγιώτατοι
1037 1292 1194 1363 ἔργα,
1261 1294 1357 1346 καὶ
1415 1295 1475 1345 ἐν
1538 1293 1929 1364 ἐξομολογήσει

356 1390 452 1442 καὶ
480 1387 684 1451 πένθει,
710 1386 802 1439 τὸν
829 1385 962 1438 Θεὸν
991 1387 1204 1448 εαυτοίς
1238 1384 1622 1440 ίλεούσθωσαν.
1652 1385 1788 1438 υῦδὲ
1817 1388 1928 1457 γὰρ

356 1481 484 1536 ἄλλο
532 1497 585 1533 τι
632 1481 816 1541 αὐτοῖς
860 1479 940 1542 είς
980 1479 1290 1549 μετάνοιαν,
1317 1480 1368 1531 εἰ
1416 1481 1490 1551 μὴ
1537 1480 1757 1547 πρῶτον
1783 1480 1929 1533 παύ-

362 1591 558 1627 σωνται
608 1574 680 1627 τά
727 1574 826 1643 τῆς
883 1574 1185 1643 ἱερωσύνης
1232 1575 1499 1643 ἐνεργεῖν.
1558 1574 1621 1626 Ei
1672 1575 1730 1627 δέ
1783 1589 1930 1637 τινες

359 1668 751 1737 παραχωρήσει
785 1665 922 1719 Θεοῦ
950 1668 1086 1733 πρὸς
1127 1666 1288 1719 τοῦτο
1325 1665 1495 1737 ἧκασι
1526 1665 1756 1735 τόλμης,
1788 1665 1930 1719 ὥστε

359 1761 604 1823 ἀπίστως
653 1759 746 1812 καὶ
784 1758 1057 1822 δυσσεϐῶς
1104 1758 1353 1827 (ἀπιστία
1392 1757 1500 1826 γὰρ
1550 1752 1614 1809 τὸ
1660 1754 1927 1822 τοιοῦτον)

358 1852 529 1922 χωρὶς
581 1850 673 1905 τοῦ
733 1849 1032 1921 ἱερωσύνης
1084 1848 1415 1920 χειροτονίαν
1463 1847 1668 1913 λαϐεῖν,
1724 1846 1793 1899 τά
1829 1846 1929 1913 τῆς

361 1945 662 2014 ἱερωσύνης
694 1944 1012 2017 διενεργεῖν,
1042 1943 1141 1995 οὐκ
1170 1942 1286 1995 ἔστι
1320 1941 1476 2009 λόγος
1499 1943 1674 1994 εἰπεῖν
1704 1940 1771 1994 τά
1797 1940 1925 2009 περὶ

358 2040 454 2106 τῆς
495 2036 874 2106 κατακρίσεως
927 2032 1021 2087 τοῦ
1068 2034 1333 2089 τοιούτου.
1365 2034 1562 2103 Χεῖρον
1610 2032 1719 2103 γάρ
1767 2032 1927 2085 τοῦτο

355 2130 417 2183 τὸ
445 2130 603 2201 ἔργον
631 2131 725 2182 καὶ
754 2127 965 2182 ἀσεόὦν
991 2129 1190 2194 αὐτῶν,
1218 2127 1311 2180 καὶ
1342 2128 1503 2196 μόνον
1540 2126 1814 2196 δαιμόνων
1845 2127 1925 2188 είς

355 2223 588 2291 ἄγγελον
643 2221 819 2290 φωτὸς
880 2220 1537 2290 μετασχηματιζυμὲνων,
1592 2219 1668 2288 μὴ
1727 2219 1919 2276 ὄντων,

356 2314 453 2366 καὶ
481 2314 547 2366 τὰ
577 2311 671 2365 τοῦ
713 2311 848 2366 Θεοῦ
891 2311 1357 2380 ὑποκρινομένων,
1388 2310 1567 2362 ἀθέων
1596 2310 1787 2372 ὄντων,
1827 2307 1925 2359 καὶ

354 2404 639 2459 ἀντιθέων.
671 2406 733 2457 Οἱ
775 2403 1009 2457 τοιοῦτοι
1060 2404 1121 2456 οὐ
1177 2404 1337 2473 μόνον
1390 2396 1482 2455 οὖν
1525 2402 1790 2470 μεγίστην
1831 2399 1925 2450 καὶ

357 2499 596 2568 ἄρρητον
637 2500 1035 2568 ὑποστήσονται
1085 2499 1381 2566 τιμωρίαν,
1430 2496 1571 2549 κατά
1615 2495 1725 2547 τῶν
1764 2493 1926 2546 θείων

354 2590 500 2645 οὕτω
538 2590 603 2661 δὴ
651 2592 1163 2662 βλασφημήσαντες,
1194 2590 1256 2643 ού
1287 2591 1396 2659 γὰρ
1432 2589 1609 2658 φωναὶ
1663 2587 1804 2640 θεῖαι
1855 2585 1926 2639 τὰ

355 2679 487 2745 παρ’
512 2680 714 2743 αὐτῶν,
737 2679 858 2732 οὐδὲ
912 2678 1033 2733 θεῖα
1070 2680 1229 2750 ἔργα,
1263 2678 1560 2749 ἐπειδήπερ
1594 2678 1758 2748 χάριν
1805 2695 1920 2747 χει-

358 2773 601 2842 ροτονίας
623 2773 722 2826 οὐκ
747 2771 985 2841 ἔχουσιν,
1014 2772 1150 2825 ἀλλά
1176 2775 1270 2825 καὶ
1297 2771 1452 2841 δίκην
1486 2771 1729 2823 τίσουσιν
1757 2770 1925 2841 ἀλλην

353 2862 519 2916 ἕνεκα
566 2865 677 2917 τῶν
711 2866 803 2919 ὑπ’
852 2865 1031 2918 αὐτῶν
1077 2864 1529 2934 ἐξηπατημένων,
1565 2863 1660 2916 καὶ
1764 2862 1924 2931 δῆθεν

347 2958 782 3025 βαπτισθέντων,
835 2957 864 3029 ἢ
921 2957 1430 3028 χειροτονηθέντων.
1463 2950 1622 3011 Οὗτοι
1667 2955 1776 3025 γὰρ
1832 2955 1924 3007 καὶ

357 3051 757 3119 ἀχειροτόνητοι
815 3051 908 3104 καὶ
963 3048 1308 3103 ἁδάπτιστοι.
1363 3049 1530 3104 Οὐδὲν
1590 3049 1698 3119 γάρ
1758 3050 1787 3101 6
1846 3049 1922 3118 μὴ

2034 546 2183 603 bitur
2211 552 2728 620 quicontumcliose
2758 571 2847 611 res
2878 557 3094 611 divinas
3130 568 3182 611 et
3223 559 3474 613 crelestcs
3502 569 3611 613 tra-

2033 647 2164 704 ctat,
2190 644 2403 711 etquod
2425 645 2779 701 foedissimum
2799 658 2943 702 estet
2960 648 3454 718 improbisssimum
3478 666 3606 720 erga

2033 729 2151 796 ipsa
2206 746 2373 801 opera
2409 737 2509 790 soli
2544 738 2650 793 Deo
2686 754 2901 809 propria
2934 741 2956 794 2
2999 737 3063 793 Et
3112 741 3158 794 si
3193 745 3609 795 communicatis

2035 827 2250 877 tantum
2304 828 2520 896 indigne
2564 832 2985 895 condemnatur,
3049 832 3223 886 multo
3286 837 3458 903 magis
3514 835 3607 903 qui

2036 913 2259 984 indigne
2288 926 2508 974 tractat.
2549 920 2614 974 Et
2652 924 2766 979 haec
2818 924 2885 979 'de
2917 925 3023 980 illis
3058 925 3149 993 qui
3206 925 3607 978 ordinationem

2036 1019 2383 1075 receperunt,
2403 1010 2517 1066 sive
2539 1022 2666 1068 ante
2693 1029 2976 1086 susceptos
2993 1020 3213 1072 ordines
3237 1020 3605 1087 peccaverint,

2036 1098 2149 1152 sive
2183 1107 2324 1166 post,
2355 1116 2545 1157 omnes
2583 1105 2789 1174 indigni
2818 1127 2831 1172 ;
2857 1110 2902 1163 si
2930 1111 3090 1164 modo
3112 1110 3247 1179 ipsis
3275 1110 3607 1180 poenitentiae

2035 1197 2089 1244 et
2116 1193 2308 1249 salutis
2335 1209 2468 1249 cura
2498 1201 2874 1264 supervenerit
2909 1203 3164 1257 recedant
3215 1204 3283 1257 ab
3307 1206 3607 1257 exercendo

2044 1285 2396 1340 sanctissima
2449 1289 2745 1344 sacerdotii
2772 1305 2961 1361 opera,
2992 1302 3052 1347 et
3082 1296 3132 1348 in
3164 1295 3509 1350 confessione
3557 1307 3610 1349 et

2034 1369 2205 1434 luctu,
2224 1374 2392 1429 Deum
2410 1376 2511 1431 sibi
2533 1380 2823 1449 propitium
2846 1382 3091 1437 reddant.
3113 1381 3257 1439 Nam.
3280 1393 3403 1439 ante
3432 1388 3609 1454 poeni-

2034 1464 2258 1518 tentiam
2293 1467 2593 1523 ministerio
2622 1487 2783 1527 sacro
2813 1474 3112 1529 valedicere
3142 1475 3363 1533 debent.
3389 1476 3445 1532 Si
3483 1492 3611 1530 vero

2036 1557 2259 1627 quidam
2291 1561 2644 1628 permissione
2669 1564 2762 1621 Dei
2785 1581 2849 1621 eo
2879 1567 3164 1623 dementiae
3182 1578 3234 1623 et
3261 1571 3611 1640 impudentiae

2036 1649 2403 1716 pervenerint,
2457 1659 2535 1717 ut,
2592 1654 2749 1709 [idem
2804 1656 3136 1725 abnegantes
3186 1660 3332 1728 (ﬁdei
3393 1661 3611 1730 negatio

2038 1741 2271 1809 esthoc)
2304 1754 2358 1796 et
2396 1744 2734 1815 religionem,
2793 1751 3042 1818 privatim
3099 1752 3392 1806 sacerdotii
3452 1752 3605 1806 ordi-

2031 1847 2156 1887 nem
2190 1837 2509 1905 suscipiant,
2544 1849 2842 1893 etmuncra
2869 1854 3157 1897 exerceant
3210 1844 3392 1914 lingua
3418 1855 3470 1898 et
3505 1862 3608 1899 vox

2037 1926 2300 1983 deficiunt
2333 1929 2398 1984 ad
2426 1930 2715 1985 dicendum
2738 1944 2995 2002 quantam
3021 1938 3611 1993 mereanturcondem-

2037 2021 2338 2075 nationem.
2379 2024 2545 2092 Pejus
2591 2027 2733 2079 enim
2769 2027 2975 2082 faciunt
3001 2045 3162 2098 quam
3198 2031 3406 2099 ipsimet
3434 2032 3616 2101 impii;

2034 2119 2109 2175 et,
2147 2113 2291 2181 quod
2360 2116 2489 2169 solis
2549 2118 2821 2186 proprium
2862 2129 2946 2174 est
3000 2121 3358 2190 daemonibus,
3412 2124 3505 2192 qui
3552 2139 3611 2179 se

2031 2206 2425 2275 transilgurant
2486 2209 2537 2263 in
2589 2212 2811 2280 angelos
2870 2212 3114 2279 luminis,
3168 2230 3289 2270 cum
3325 2216 3431 2271 sint
3454 2225 3609 2271 tene-

2034 2297 2182 2351 brosi
2233 2300 2484 2369 spiritus,
2543 2301 2633 2356 isti
2683 2305 3230 2373 pseudo-sacerdotes
3285 2324 3449 2378 opera
3511 2290 3649 2362 Dei.

2037 2392 2297 2444 simulant
2339 2408 2458 2445 cum
2511 2408 2635 2449 vere
2684 2396 2829 2451 athei
2877 2400 2985 2453 sint
3029 2411 3081 2453 ct
3107 2398 3199 2454 Dei
3259 2400 3489 2455 inimici.
3541 2399 3603 2454 lii

2032 2491 2334 2537 autemnon
2361 2488 2519 2541 modo
2539 2502 2754 2556 poenam
2782 2489 2928 2542 luent
2947 2492 3235 2546 maximam
3260 2494 3611 2547 etinenarra-

2036 2572 2218 2639 bilem,
2256 2589 2352 2644 pro
2379 2577 2543 2630 tantis
2566 2579 2619 2631 in
2641 2581 2820 2632 divina
2850 2579 3198 2648 blasphemiis
3221 2597 3235 2647 ;
3261 2597 3369 2636 non
3404 2583 3605 2635 habent

2031 2664 2178 2719 enim
2207 2683 2390 2721 vorem
2422 2667 2535 2734 Dei,
2597 2685 2696 2723 nec
2756 2686 2915 2743 agere
2980 2685 3211 2742 possunt
3270 2672 3362 2728 Dei
3414 2689 3646 2746 Opera“

2041 2770 2164 2810 cum
2217 2773 2494 2822 nunquam
2564 2761 2856 2817 habuerint
2902 2765 3132 2833 gratiam
3170 2765 3429 2832 ordinis;
3509 2768 3613 2823 sed

2030 2847 2256 2919 insuper
2282 2847 2442 2903 aliam
2495 2850 2701 2906 dabunt
2788 2868 2998 2921 poenam
3048 2865 3272 2924 propter
3329 2870 3422 2909 eos
3465 2871 3603 2927 quos

2035 2942 2369 3011 deceperant
2406 2955 2462 2999 et.
2491 2960 2631 3013 quos
2662 2954 2810 2999 certe
2838 2954 2929 2999 aut
2965 2945 3360 3016 baptizaveriut
3386 2963 3479 3003 aut
3515 2965 3605 3002 or-

2034 3032 2360 3087 dinavcrint.
2398 3033 2491 3089 Isti
2534 3036 2751 3105 quidem
2774 3051 2870 3092 nec
2899 3039 3139 3093 ordinati
3166 3055 3264 3095 nec
3296 3042 3557 3111 baptizati
3584 3057 3601 3098 :

359 3142 498 3210 ἔχων
525 3143 732 3206 δίδωσι,
769 3143 862 3196 καὶ
904 3143 1056 3196 οὐδέν
1101 3160 1187 3204 τις
1230 3143 1496 3210 λαμϐάνει
1532 3142 1683 3210 παρὰ
1722 3141 1816 3194 τοῦ
1851 3142 1925 3211 μὴ

2033 3139 2193 3177 nemo
2227 3126 2371 3179 enim
2407 3127 2540 3182 dare
2568 3137 2745 3197 potest
2770 3131 2916 3199 quod
2948 3147 3055 3185 non
3090 3132 3290 3198 habet;
3340 3141 3396 3188 et
3443 3149 3613 3190 nemo

358 3236 593 3303 ἔχοντος,
624 3235 728 3288 κᾶν
766 3234 965 3308 νομίζῃ
1000 3235 1149 3304 ἔχειν
1181 3235 1364 3288 αὐτόν.
1388 3234 1554 3288 Ὅθεν
1585 3235 1679 3287 ait
1710 3235 1928 3303 ἀπατη-

359 3325 492 3388 θεὶς,
525 3327 618 3379 καὶ
650 3327 923 3379 πιστεύων
972 3321 1116 3380 εἶναι
1159 3326 1594 3396 βεϐαπτισμένος
1641 3324 1673 3396 ἦ
1724 3326 1927 3393 ἱερεὺς,

355 3416 457 3468 οὐκ
482 3416 618 3478 ἔστι,
668 3417 762 3469 καὶ
812 3417 910 3487 τῆς
960 3412 1236 3479 ἀπώλείας
1294 3416 1485 3468 τούτου
1546 3418 1574 3468 6
1635 3416 1927 3484 ἀπατήσας

356 3509 551 3571 αἴτιος.
580 3509 654 3560 Οὐ
710 3508 818 3578 γὰρ
874 3508 1159 3577 ἄνθρωπός
1213 3525 1267 3560 τι
1318 3507 1564 3572 δύναται,
1620 3507 1693 3576 μὴ
1745 3506 1927 3559 λαϐὼν

357 3601 510 3667 παρὰ
534 3599 629 3652 τοῦ
659 3600 814 3653 Θεοῦ.
841 3600 1022 3670 Χωρὶς
1056 3600 1191 3673 ἐμοῦ
1222 3601 1355 3672 γὰρ,
1385 3601 1570 3670 φησιν,
1604 3599 1664 3652 ού
1696 3600 1926 3652 δύνασθε
1971 3649 1982 3659 ,

358 3693 529 3743 π.ιεῖν
554 3692 727 3746 οὐδέν.

429 3783 565 3853 Περὶ
606 3783 664 3837 δέ
716 3798 780 3850 γε
823 3784 1193 3853 πνευματικοῦ
1243 3784 1735 3855 λειτουργήματος,
1760 3785 1928 3853 ἐγγὺς

354 3873 451 3926 τοῦ
510 3874 940 3941 ἀχειροτονήτως
995 3876 1345 3943 ἐνεργοῦντος
1394 3877 1474 3945 τῷ
1536 3872 1925 3946 ἁμαρτήματι,

355 3964 450 4017 καὶ
492 3960 519 4014 ὁ
564 3962 687 4031 δίχα
736 3966 1048 4032 προτροπῆς
1087 3966 1391 4033 ἀρχιερέως
1445 3967 1540 4018 καὶ
1590 3967 1928 4035 ἐντάλματος

355 4055 618 4125 ἐνεργῶν.
649 4055 769 4107 Ὅτι
796 4055 955 4107 τοῦτο
983 4056 1042 4107 τὸ
1086 4053 1236 4107 λύειν
1270 4072 1327 4107 τε
1360 4056 1455 4109 καὶ
1487 4056 1727 4124 δεσμεῖν,
1767 4060 1927 4126 μόνον

354 4151 463 4202 τῶν
519 4150 835 4201 ἐπισκόπων
897 4147 1036 4212 ἐστὶ,
1091 4148 1190 4200 καὶ
1243 4148 1493 4217 διάφοροι
1555 4148 1683 4217 περὶ
1730 4148 1925 4201 τούτου

356 4241 575 4303 κανόνες
632 4240 783 4309 φασί.
823 4240 931 4293 Καὶ
983 4238 1144 4307 δῆλον
1193 4239 1268 4300 ὡς
1314 4240 1408 4292 καὶ
1450 4239 1561 4303 τοῖς
1608 4241 1926 4303 ἀποστόλοις

306 4322 315 4327 ’
358 4335 537 4403 μόνοις
568 4332 725 4385 τοῦτο
757 4333 964 4387 δέδοται
995 4334 1145 4402 παρά
1174 4332 1417 4402 Χριστοῦ
1447 4332 1542 4386 τοῦ
1567 4332 1706 4386 Θεοῦ
1731 4335 1888 4403 ἡμῶν
1907 4347 1921 4365 ⁶

353 4426 461 4479 τῶν
508 4426 822 4479 ἀποστόλων
845 4424 904 4479 δὲ
952 4424 1188 4496 διάδοχοι
1239 4426 1297 4479 οῑ-
1333 4426 1646 4480 ἐπίσκοποι.
1680 4426 1845 4481 Ὀθεν
1874 4425 1923 4479 οῖ
1953 4457 2001 4513 υ

357 4518 724 4589 πρεσϐύτεροι
772 4517 849 4580 ὡς
894 4520 1003 4571 τῶν
1062 4518 1433 4588 ἐϐδομήκοντα
1486 4519 1586 4588 τὴν
1617 4517 1771 4582 τάξιν
1802 4521 1926 4574 ἐπέ-

353 4623 563 4679 χοντες,
591 4610 692 4663 οὐκ
718 4608 933 4679 ἐχουαιν
960 4609 1144 4663 ἄδειαν
1172 4610 1394 4680 Πνεῦμα
1425 4609 1648 4674 διδόναι,
1677 4612 1925 4666 τουτέστι

354 4698 539 4771 χάριν,
572 4703 671 4754 καὶ
711 4700 745 4770 ἢ
792 4702 1208 4771 χειροτονεῖννῆ
1260 4704 1431 4771 μύρον
1484 4703 1675 4768 ποιεῖν,
1709 4701 1925 4772 ἢλύσιν

352 4794 550 4847 διδόναι
600 4794 886 4863 ἁμαρτιῶν
919 4794 978 4847 ἐν
1029 4794 1329 4864 Πνεύματι,
1363 4797 1438 4860 ὡς
1478 4796 1598 4849 οὐδὲ
1649 4796 1921 4858 Φίλιππος

352 4882 462 4936 τῶν
496 4883 635 4936 ἔπτά
661 4883 889 4951 ἠδύνατο
934 4883 1126 4937 τοῦτο·
1160 4887 1404 4939 ὲπιθέσει
1453 4886 1510 4939 δὲ
1555 4887 1757 4958 χειρῶν
1815 4887 1921 4939 ἐδί-

352 4976 444 5029 δου
490 4974 650 5028 τοῦτο
700 4976 909 5046 Πέτρος
944 4978 1041 5031 καὶ
1082 4974 1361 5048 Ἰωάννης,
1399 4980 1493 5030 καὶ
1522 4981 1572 5031 ot
1611 4978 1789 5032 λοιποὶ
1820 4980 1920 5047 τῆς

351 5068 647 5131 δωδεκάδος
701 5069 1016 5136 ἀπόστολοι,
1046 5072 1143 5124 καὶ
1185 5071 1233 5124 oi
1287 5069 1492 5124 τούτων
1537 5070 1772 5140 διάδοχοι
1825 5070 1925 5137 τῆς

351 5160 681 5230 ἐπισκοπῆς.
710 5161 873 5214 Ὅθεν
912 5165 1010 5215 καὶ
1031 5160 1106 5216 ’ὲκ
1129 5164 1241 5216 τῶν
1266 5165 1642 5234 ἑϐδομήκοντα
1684 5164 1917 5226 πολλοὺς

352 5248 578 5320 ὕστερον
628 5249 774 5304 οὗτοι
813 5252 1152 5316 ἐπισκόπους
1196 5255 1636 5325 ἐχειροτόνησαν.
1691 5255 1782 5307 Διὸ
1825 5254 1927 5306 οὐκ

297 5377 305 5387 .
352 5343 534 5410 ἔχουσι
575 5344 640 5413 τῇ
675 5343 983 5413 χειροτονία
1021 5345 1081 5397 τὸ
1118 5345 1268 5399 λύειν
1305 5347 1401 5399 καὶ
1450 5348 1669 5416 δεσμεῖν
1699 5348 1746 5399 οἱ
1786 5363 1920 5415 πρε-

352 5434 627 5504 σεύτεροι,
659 5436 773 5487 ἀλλ’
799 5437 849 5489 οἱ
882 5437 1169 5491 ἐπίσκοποι
1204 5438 1372 5507 μόνοι.
1410 5441 1700 5508 Προτροπῇ
1737 5438 1920 5507 μέντοι

350 5526 459 5579 τῶν
514 5528 830 5580 ἐπισκόπων
875 5529 995 5599 ἦτοι
1044 5530 1338 5601 ἐντάλματι
1397 5530 1518 5584 κατ’
1551 5532 1815 5599 ἀνάγκην,
1846 5532 1922 5593 ὡς

351 5618 401 5669 οἱ
441 5618 663 5681 κανόνες
709 5622 860 5687 φασὶ,
894 5620 1145 5675 δύνανται
1197 5623 1356 5676 τοῦτο
1384 5625 1501 5695 ,καὶ
1553 5622 1917 5694 πρεσόύτεοοι

426 5805 467 5838 ¹¹
495 5804 650 5860 Joan.
685 5823 771 5874 xv,
798 5810 845 5862 ες.

2034 3217 2251 3285 aliquod
2304 3220 2444 3293 valet
2473 3223 2719 3292 accipere
2748 3236 2776 3276 a
2810 3238 2917 3278 non
2958 3226 3190 3280 habente.
3258 3227 3361 3281 etsi
3413 3229 3605 3283 credat

2034 3307 2186 3362 illum
2213 3310 2431 3366 habere.
2479 3313 2627 3368 Unde
2664 3325 2715 3370 et
2744 3316 3002 3385 deceptus
3021 3327 3124 3385 est,
3153 3328 3205 3372 et
3228 3321 3456 3376 credens
3484 3335 3612 3377 esse

2031 3401 2340 3471 baptizatus
2367 3407 2447 3457 vel
2483 3410 2737 3462 sacerdos
2772 3410 2994 3464 minime
3016 3421 3101 3465 est
3136 3431 3152 3465 :
3184 3419 3238 3466 et
3275 3413 3435 3481 hujus
3485 3414 3602 3468 rui-

2030 3509 2115 3549 na:
2154 3510 2318 3550 causa
2367 3508 2450 3551 est
2505 3499 2790 3568 impostor.
2826 3501 3002 3557 Homo
3035 3506 3176 3559 enim
3227 3504 3362 3559 nihil
3404 3517 3601 3576 potest,

2031 3601 2194 3654 quam
2219 3589 2363 3655 quod
2388 3605 2415 3641 a
2455 3591 2563 3644 Deo
2596 3596 2801 3659 accepit
2868 3593 3067 3650 facere.
3100 3613 3118 3648 ι
3152 3595 3284 3652 Sine
3322 3612 3409 3652 me
3464 3594 3601 3652 nihil

2032 3682 2265 3749 potestis
2285 3679 2462 3734 facere
2483 3681 2544 3744 “,
2577 3701 2596 3733 ι
2626 3683 2759 3737 dicit
2784 3686 3062 3741 Dominus.

2101 3771 2181 3823 Ad
2223 3771 2583 3825 ministerium
2640 3787 2852 3828 sacrum
2896 3778 3041 3844 quod
3080 3778 3294 3842 attinet,
3326 3779 3467 3834 i’em
3517 3790 3605 3835 est

2030 3861 2208 3930 quoad
2247 3870 2526 3931 peccatum
2567 3863 2634 3917 de
2653 3877 2720 3917 eo
2759 3864 2851 3933 qui
2883 3867 3156 3919 ministrat
3183 3870 3387 3937 absque
3455 3872 3604 3925 ordia

2029 3951 2253 4007 natione
2302 3961 2357 4017 et
2396 3953 2463 4007 de.
2499 3968 2564 4009 eo
2594 3955 2686 4024 qui
2725 3956 2834 4024 agit
2865 3956 2918 4010 in
2952 3959 3128 4010 sacris
3166 3959 3286 4013 sine
3321 3961 3600 4017 admonitu

2032 4043 2116 4096 vel
2156 4043 2403 4110 jussione
2459 4045 2859 4115 archiepiscopi
2895 4048 3064 4116 :quia
3095 4048 3306 4104 solvere
3339 4061 3392 4104 et
3432 4052 3601 4121 ligare

2029 4132 2203 4186 solum
2233 4136 2614 4204 episcoporum
2646 4146 2753 4202 est,
2785 4149 2845 4192 ut
2892 4140 3094 4195 diversi
3119 4141 3189 4195 de
3243 4142 3347 4198 hoc
3398 4144 3602 4198 habent

2026 4239 2286 4282 canones.
2326 4225 2389 4280 Et
2426 4227 2559 4281 illud
2593 4240 2801 4284 certum
2851 4231 2996 4300 quod
3020 4234 3151 4290 solis
3173 4236 3433 4301 apostolis
3461 4237 3603 4293 hanc

2027 4325 2348 4387 potestatem
2368 4319 2516 4374 dedit
2531 4320 2793 4379 Christus
2808 4323 2951 4381 Deus
2968 4336 3156 4381 noster
3182 4345 3197 4383 :
3223 4331 3599 4399 apostolorum

2029 4418 2211 4463 autem
2231 4424 2580 4469 successores
2607 4421 2736 4468 sunt
2753 4417 3016 4486 episcopi.
3047 4416 3201 4474 Unde
3216 4430 3271 4475 et
3293 4423 3596 4492 presbyteri

2030 4503 2125 4571 qui
2151 4503 2344 4557 horum
2387 4507 2728 4576 septuaginta
2773 4507 3171 4578 discipulorum
3204 4510 3382 4565 locum
3414 4520 3601 4567 tenent

1994 4611 2136 4655 .non
2163 4603 2394 4668 possunt
2433 4594 2697 4666 Spiritum
2742 4595 2894 4660 dare,
2915 4598 3120 4653 hoceSt
3154 4601 3601 4670 gratiam,neque

2029 4692 2307 4760 ordinare,
2333 4705 2510 4759 neque
2534 4690 2715 4745 oleum
2751 4705 3095 4755 consecrare,
3135 4706 3310 4761 neque
3368 4694 3600 4748 absolu-

2027 4785 2230 4840 tionem
2267 4792 2619 4854 peccatorum
2674 4782 2979 4839 concedere
3034 4784 3088 4838 in
3140 4784 3394 4852 Spiritu;
3452 4786 3598 4840 sicut

2026 4890 2127 4930 nec
2185 4875 2467 4945 Philippus
2505 4877 2681 4947 potuit
2710 4891 2852 4932 unus
2893 4891 2925 4931 θ
2958 4884 3166 4947 septem
3211 4877 3474 4945 diaconis,
3502 4881 3624 4951 sed;

2022 4969 2126 5023 hoc
2177 4969 2519 5024 donaverunt
2573 4969 2768 5025 Petrus
2842 4978 2897 5024 et
2957 4968 3197 5026 Joannes
3252 4972 3597 5041 impositious

2022 5074 2306 5124 manuum,
2364 5068 2420 5114 et
2471 5061 2653 5115 caeteri
2683 5060 2920 5130 apostoli
2958 5075 2990 5114 e
3021 5062 3251 5116 numero
3280 5061 3590 5124 duodecim,

2023 5160 2078 5206 et
2111 5166 2301 5206 eorum
2338 5166 2684 5207 successores
2713 5155 2766 5206 in
2788 5154 3129 5223 episcopatu.
3155 5152 3308 5210 Unde
3334 5165 3387 5207 et
3409 5153 3597 5221 plures

2023 5258 2054 5297 e
2089 5243 2433 5312 septuaginta
2468 5241 2578 5298 illis
2596 5244 2831 5314 apostoli
2865 5243 3591 5310 ordinaveruntepiscopos.

2022 5329 2203 5397 Quare
2233 5333 2284 5386 vi
2311 5333 2679 5388 ordinationis
2717 5334 3020 5404 presbyteri
3068 5349 3176 5387 non
3230 5341 3462 5402 possunt
3485 5333 3598 5387 sol-

2023 5440 2148 5480 vere
2179 5439 2232 5479 et
2256 5424 2446 5495 ligare,
2502 5438 2733 5494 possunt
2772 5437 2902 5480 vero
2935 5424 3174 5494 episcopi
3224 5424 3593 5479 solummodo.

2021 5521 2318 5576 Admonitu
2348 5530 2532 5577 autem
2583 5521 2965 5592 episcoporum
3024 5519 3107 5575 vel
3165 5521 3432 5591 jussioue,
3464 5534 3596 5576 cum

2023 5618 2328 5674 necessitas
2353 5616 2534 5681 fuerit,
2557 5615 2734 5691 sancti
2765 5629 3005 5693 canones
3032 5615 3215 5671 volunt
3250 5614 3601 5686 presbyteros
