4060 6282
607 313 713 377 863

1458 319 1846 382 SYMEONIS
1875 319 2628 388 THESSALONICENSIS
2667 327 3030 393 ARCHIEP.
3778 332 3853 397 8M

608 426 742 480 illud
797 440 1015 495 quoque
1047 429 1286 498 cperari.
1344 429 1448 485 Sed
1511 431 1824 501 huiusmodi
1893 432 2179 487 facultates

2285 438 2548 506 ἐνεργεῖν.
2583 439 2728 505 Πλὴν
2752 443 3028 510 ὀφείλουσι
3053 442 3167 503 τοῖς
3200 442 3560 504 ἐπισκόποις
3590 441 3854 500 ἀνατιθέναι

606 518 831 572 concedi
884 518 1086 573 debent
1148 522 1215 575 ab
1271 523 1567 595 episcopis,
1623 525 1827 592 quibus
1867 525 2187 593 plerumque

609 606 818 674 majora
853 618 1247 676 reservantur;
1278 612 1476 666 etenim
1534 614 1866 684 presbyteris
1903 630 2008 668 non
2061 616 2188 672 licet

607 694 661 746 in
685 695 1221 764 omnibusjudicare.
1249 700 1314 753 Et
1345 700 1594 771 inprimis
1612 704 1842 758 crimina
1863 706 2184 774 negationis,

607 796 660 839 et
700 788 998 856 homicidii,
1038 800 1094 845 et
1154 804 1373 860 peccata
1445 798 1809 861 sacerdotum,
1877 800 2001 851 item
2064 814 2187 868 per-

599 873 744 944 juria
775 887 824 931 et
874 880 975 933 alia
1012 883 1255 950 qutedam
1293 899 1398 938 non
1441 894 1671 954 possunt
1711 888 2026 954 absolvere,
2081 890 2186 945 nisi

608 967 710 1021 soli
754 969 1017 1040 episcopi.
1052 970 1108 1026 Si
1129 989 1256 1044 ergo
1282 977 1444 1044 etqui
1467 991 1664 1030 munus
1679 989 2006 1046 acceperunt
2031 993 2184 1033 com-

607 1059 830 1114 missum
845 1061 1123 1131 jussiones
1140 1080 1427 1136 capessere
1444 1067 1662 1131 debent,
1688 1084 1849 1137 quam
1872 1069 2181 1125 facultatem

604 1154 784 1205 omnia
811 1154 1055 1209 solvendi
1077 1157 1357 1212 habebunt
1376 1160 1468 1228 qui
1492 1161 1732 1214 muneris
1755 1171 1884 1216 sunt
1903 1165 2183 1232 expertes?

606 1239 673 1295 Et
709 1245 753 1298 si
791 1246 913 1314 quis
937 1257 1163 1303 sanctus
1192 1265 1298 1303 non
1324 1251 1415 1316 sit,
1435 1261 1640 1322 quanto
1662 1254 1833 1321 magis
1854 1254 1956 1308 hac
1976 1257 2183 1311 carebit

607 1333 909 1390 facultate?
969 1338 1148 1404 Quare
1217 1351 1272 1397 et
1330 1343 1420 1397 isti
1474 1345 1982 1400 condemnabuntur
2038 1348 2183 1402 sicut

605 1425 764 1478 etilli
797 1427 884 1494 qui
939 1443 1139 1486 munus
1193 1446 1301 1485 non
1353 1435 1587 1487 ordinati
1641 1448 1921 1490 exercent.
1976 1436 2033 1490 Si
2091 1439 2197 1492 cui'

606 1525 788 1570 autem
829 1530 1085 1574 occurrat
1117 1522 1167 1575 in
1197 1525 1530 1579 necessitate
1589 1527 1827 1581 nondum
1867 1543 1893 1579 a
1923 1545 2178 1598 suprema

524 1665 530 1670 ,
608 1609 934 1666 auctoritate
991 1612 1262 1668 licentiam
1319 1618 1596 1685 accepisse
1664 1633 1760 1688 pro
1827 1621 1974 1690 gravi
2048 1636 2177 1675 casu

608 1701 955 1770 aliquorum,
988 1705 1086 1760 hos
1129 1707 1314 1776 utique
1347 1710 1586 1763 remittet
1614 1711 1680 1764 ad
1714 1711 2048 1781 episcopum,
2085 1721 2180 1765 aut

609 1793 834 1848 habenti
893 1787 1205 1851 facultatem
1261 1813 1385 1852 cum
1448 1815 1676 1854 munere
1756 1817 1915 1856 sacro
1978 1784 2252 1858 litterisB

610 1887 983 1942 commissam.
1055 1885 1194 1942 Illud
1265 1906 1407 1960 sazpe
1473 1893 1724 1948 accidere
1787 1894 2034 1950 videmus
2094 1912 2179 1951 sa-

608 1977 884 2045 pientibus
934 1981 1217 2035 monachis
1247 1992 1300 2039 ct
1330 1983 1524 2040 cautis.
1565 1985 1626 2038 lli
1652 1996 1832 2040 autem
1861 2003 2045 2040 curam
2079 1988 2180 2042 ha-

606 2069 772 2124 beant
806 2087 1084 2142 nunquam
1114 2089 1207 2144 per
1256 2078 1468 2144 seipsos
1530 2077 1846 2132 absolvendi
1873 2090 1926 2133 et
1967 2081 2179 2149 seipsos

607 2177 886 2234 nunquam
919 2164 1104 2220 dicant
1133 2167 1470 2235 spirituales,
1497 2169 1624 2236 quia
1663 2169 1793 2223 illud
1814 2183 1920 2223 non
1955 2170 2177 2236 habent,

609 2255 702 2309 sed
748 2267 957 2310 tantum
988 2258 1288 2312 secundum
1311 2259 1696 2312 necessitatem
1715 2259 2016 2328 accipiunt.
2039 2261 2174 2315 Dum

607 2362 736 2400 vero
795 2363 854 2402 se
913 2365 1022 2404 non
1072 2363 1192 2405 esse
1257 2351 1568 2419 spirituales
1629 2352 1981 2418 confitentur,
2031 2354 2179 2408 omni

606 2454 711 2507 ope
737 2441 987 2496 nitantur
1009 2458 1316 2513 proponere
1345 2460 1463 2514 qua:
1490 2445 1784 2499 conferunt
1817 2446 1885 2499 ad
1921 2446 2173 2501 salutem.

606 2526 762 2588 Unde
823 2534 868 2588 si
901 2550 1069 2605 prope
1121 2537 1263 2592 adsit
1315 2553 1596 2594 sacrorum
1644 2540 1848 2592 rituum
1908 2540 2176 2602 minister,

604 2625 736 2681 illuc
771 2629 986 2682 mittant
1016 2630 1364 2698 pcenitentem
1391 2648 1404 2685 :
1435 2632 1478 2686 si
1515 2648 1644 2687 vero
1686 2648 1790 2687 non
1827 2645 2022 2703 praesto
2076 2637 2170 2698 sit,

608 2726 739 2772 tunc
771 2720 1052 2788 recipiant,
1086 2731 1140 2776 et
1171 2734 1369 2778 curent
1401 2735 1457 2777 ut
1489 2724 1745 2791 loquatur
1788 2725 1933 2781 Patri
1987 2743 2177 2783 eorum

609 2813 900 2879 spirituali.
946 2813 1049 2867 Sed
1091 2815 1168 2868 illi
1213 2831 1406 2872 omnes
1435 2832 1572 2886 quos
1599 2819 1910 2888 acceperint
1966 2824 2045 2875 vel
2089 2838 2180 2875 att-

605 2906 825 2970 dierint,
869 2919 1060 2962 curent
1083 2911 1360 2966 remittere
1399 2911 1466 2966 ad
1499 2927 1592 2966 eos
1623 2915 1716 2983 qui
1751 2929 1816 2970 ex
1869 2915 1976 2970 Deo
2006 2915 2178 2970 facul-

607 3009 771 3052 tatem
817 2999 1060 3055 solvendi
1091 3000 1309 3068 habeut,
1330 3011 1384 3057 et
1415 3005 1494 3059 sic
1526 3005 1796 3063 absolutio
1827 3009 1930 3063 erit
1959 3024 2173 3066 secura.

2289 536 2387 604 τὴν
2419 535 2687 600 ἐξουσίαν,
2711 537 2892 606 έχουσι
2923 538 2989 590 τὰ
3021 532 3190 590 πλείω
3214 538 3322 591 καὶ
3361 536 3611 606 μείζονα
3631 552 3645 567 ·
3672 537 3744 590 ὅτι
3769 539 3856 594 οὐδὲ

2287 627 2440 680 ἄδεια
2492 629 2883 699 πρεσϐυτέροις
2915 632 2995 692 είς
3045 630 3224 683 πάντα
3272 618 3856 699 διακρίνειν.”Εξαιρέ-

2291 740 2401 786 τως
2436 722 2492 774 δὲ
2521 725 2589 777 τὰ
2614 725 2713 794 τῆς
2739 726 3024 794 ἀρνήσεως
3065 726 3165 777 οὐκ
3201 725 3509 794 ἰσχύουσιν
3541 716 3690 777 οὗτοι
3727 721 3853 789 λύειν,

2287 813 2336 865 ει
2377 813 2450 882 μὴ
2485 814 2794 880 ἐπίσκοποι,
2828 815 2948 868 οὐδὲ
2983 815 3053 868 τὰ
3103 815 3196 868 τοῦ
3239 815 3451 882 φόνου,
3571 813 3682 866 τῶν
3713 815 3856 883 ἱερέων

2286 905 2354 958 τὰ
2397 905 2715 973 πταίσματα
2760 908 2856 960 καὶ
2899 909 3187 977 ἐπιορκίας
3235 909 3297 960 δὲ
3337 906 3448 959 καὶ
3482 905 3674 959 λοιπά.
3713 906 3767 958 Εἰ
3791 906 3856 960 οὖν

2288 997 2380 1049 καὶ
2425 997 2476 1049 οἱ
2515 997 2772 1059 λαὸὀντες
2817 996 2886 1049 τὰ
2933 997 3260 1066 ἐνταλτήρια
3308 996 3647 1065 ὀφείλουσιν
3672 998 3852 1066 ἐρωτᾷν,

2287 1089 2446 1141 ποίαν
2472 1088 2656 1142 ἄδειαν
2693 1089 2910 1154 ἕξουσιν
2945 1091 3080 1152 ὅλως
3128 1090 3304 1153 λύειν,
3343 1090 3400 1142 οἱ
3467 1089 3552 1157 μὴ
3611 1088 3852 1156 λαϐόντεςς

2285 1181 2347 1234 Εί
2397 1181 2455 1235 δέ
2513 1183 2611 1235 καὶ
2656 1182 2871 1250 ἀνίερὸς
2930 1198 3034 1244 τις,
3067 1181 3218 1247 πόσῳ
3262 1197 3332 1248 γε
3377 1178 3641 1247 μᾶλλονί
3676 1179 3759 1231 Διὸ
3794 1183 3855 1232 καὶ

2285 1264 2431 1325 οὗτοι
2479 1272 2574 1325 σὺν
2617 1274 2730 1336 τοῖς
2786 1274 3219 1342 ἁχειροτονήτως
3266 1269 3587 1338 ἐνεργοῦσι
3637 1288 3855 1340 κατακριο

2285 1364 2560 1432 Θήσονται.
2595 1365 2655 1417 Ei
2685 1365 2872 1434 μήπου
2900 1382 2981 1428 τις
3013 1366 3132 1419 κατ’
3157 1366 3424 1433 ἀνάγκην
3458 1365 3523 1415 ἐν
3581 1367 3854 1432 περιστάσει

2281 1456 2444 1510 τινῶν
2489 1456 2786 1524 λογισμοὺς
2831 1457 3051 1522 ἀξιώσει
3102 1457 3436 1524 δεξάμενος,
3479 1455 3855 1522 ἀναθήσειτού-

2282 1565 2403 1611 too;
2459 1547 2536 1612 τῷ
2587 1549 2956 1617 ἐπισκόπῳ,ἦ
3009 1549 3084 1613 τῷ
3127 1548 3304 1615 ἔχοντι
3343 1548 3446 1602 διὰ
3476 1547 3793 1615 γράμματος
3813 1549 3856 1600 τὸ

2279 1637 2679 1708 λειτούργημα.
2731 1641 2805 1692 Τὸ
2843 1639 3084 1692 τοιοῦτον
3129 1641 3239 1710 γὰρ
3295 1640 3542 1707 εἴδομεν
3593 1637 3851 1706 συμϐαῖνον

2281 1731 2375 1783 καὶ
2400 1732 2478 1795 εἰς
2504 1732 2787 1794 πλείστους
2809 1731 2916 1784 τῶν
2943 1730 3188 1785 εὐλαϐὦν
3213 1730 3510 1801 μοναχῶν.
3531 1730 3600 1784 Οἳ
3627 1733 3856 1799 προσοχὴν

2284 1824 2580 1892 ἐχέτωσαν,
2613 1824 2688 1895 μὴ
2721 1823 2812 1892 ἀφ’
2844 1825 3052 1877 ἑαυτῶν
3097 1824 3268 1890 λύειν,
3317 1825 3474 1893 μηδὲ
3530 1823 3715 1876 καλεῖν
3755 1824 3856 1874 ἐαυ-

2281 1919 2406 1977 τοὺς
2444 1915 2870 1984 πνευματικοὺς,
2902 1915 2984 1968 ὅτι
3014 1917 3124 1968 οῦδ*
3155 1917 3342 1986 ἔχουσι
3381 1915 3576 1978 τοῦτο,
3607 1915 3734 1968 ἀλλὰ
3757 1914 3850 1966 κατ’

2283 2006 2528 2075 ἀνάγκην
2569 2005 2872 2076 δεχόμενοι,
2901 2007 2994 2058 καὶ
3033 2007 3195 2060 τοῦτο
3226 2009 3646 2075 ὁμολογοῦντες
3684 2006 3847 2066 di;on

2280 2100 2388 2153 εἰσι
2445 2100 2826 2168 πνευματικοὶ,
2870 2101 2940 2152 τὰ
2997 2099 3134 2168 πρὸς
3193 2101 3490 2171 σωτηρίαν
3549 2099 3847 2153 συντείνοντι

2282 2191 2766 2262 προσφερέτωσαν.
2792 2193 2900 2245 Καὶ
2925 2194 2974 2245 εί
3013 2193 3112 2262 μὲν
3145 2193 3311 2260 ἐγγύς
3345 2195 3477 2244 ἐστι
3512 2190 3610 2244 τοῦ
3644 2192 3848 2258 λειτουρ-

2282 2285 2530 2354 γήματος
2552 2285 2850 2356 ὑπηρέτης,
2882 2287 3063 2338 ἐκεῖσε
3087 2285 3272 2338 τοῦτον
3614 2282 3841 2336 ἀποστελ.

2280 2374 2541 2430 λέτωσαν.
2598 2375 2661 2427 Εἰ
2715 2375 2772 2429 δὲ
2830 2377 2930 2428 οὐκ
2981 2374 3121 2439 ἔστι,
3179 2377 3302 2428 τότε
3333 2378 3441 2446 μὲν
3501 2377 3835 2446 δεχέσθωςαν,

2282 2465 2813 2536 παραγγελλέτωσαν
2849 2467 2908 2518 δὲ
2940 2466 3032 2519 καὶ
3065 2466 3240 2535 Παιτρὶ⁵
3272 2468 3458 2521 εἰπεῖν
3485 2465 3835 2535 πνευματικῷ.

2281 2561 2393 2614 Καὶ
2432 2561 2586 2614 αὐτοὶ
2630 2560 2688 2613 δὲ
2747 2559 2892 2630 ἆπερ
2935 2558 3182 2622 ἐδέξαντό
3217 2576 3277 2612 τε
3309 2562 3410 2615 καὶ
3465 2561 3731 2632 ἤκουσαν,
3760 2562 3844 2617 τοῖς

2280 2653 2463 2721 ἔχουσι
2501 2651 2731 2723 δύναμιν
2780 2653 2888 2706 ἀπὸ
2945 2652 3082 2704 θεοῦ
3136 2652 3282 2706 λύειν
3334 2652 3839 2720 ἀπαγγελλέτωσαν,

2280 2748 2376 2800 καὶ
2417 2742 2590 2807 οὕτως
2637 2745 2670 2814 ἡ
2701 2744 2855 2808 λύσις
2904 2745 3153 2814 ἀσφαλὴς
3181 2745 3358 2801 ἔσται.
3404 2747 3539 2800 Ὅτι
3569 2746 3626 2798 δὲ
3658 2745 3742 2798 καὶ
3769 2759 3840 2809 μο-

2283 2838 2462 2906 ναχοϊς
2497 2837 2572 2908 μὴ
2618 2837 2918 2907 ἱερωσύνην
2973 2838 3156 2908 έχουσι
3207 2841 3337 2910 παρ’
3373 2841 3685 2912 ἀρχιερέων
3715 2838 3838 2904 ἐδόθη

2279 2926 2350 2979 τὰ
2401 2927 2498 2995 τῆς
2557 2928 2848 2997 μετανοίας
2909 2929 3229 3000 διενεργεῖν,
3263 2933 3357 2985 καὶ
3411 2934 3674 3003 δέχεσθαι
3722 2931 3838 2997 λογι-

2285 3020 2474 3089 σμοὺς,
2502 3021 2766 3091 ηκουσται
2817 3022 2916 3092 μὲν
2951 3025 3044 3076 καὶ
3081 3025 3233 3094 ἡμῖν,
3265 3025 3386 3078 ἀλλ’
3418 3028 3526 3080 οὐκ
3574 3026 3837 3094 ἀναγκαῖον

606 3090 744 3154 Quia
789 3105 916 3145 vero
955 3093 1236 3147 monachis
1299 3094 1388 3163 qui
1452 3109 1560 3149 non
1593 3106 1719 3151 sunt
1760 3101 2074 3155 sacerdotes
2096 3116 2179 3154 ar-

2287 3110 2422 3174 ὅλως
2451 3090 2620 3176 δοκεῖ,
2651 3113 2771 3165 ἐπεὶ
2801 3090 2956 3182 χρεία
2986 3119 3061 3185 τῷ
3090 3090 3369 3190 δεχομένῳ
3413 3090 3733 3187 λογισμοὺξ,
3762 3115 3835 3168 καὶ

605 3181 938 3251 chiepiscopi
979 3184 1286 3238 concedunt
1315 3185 1610 3255 aliquando
1641 3190 1924 3258 cooperari
1961 3190 2027 3243 ad
2059 3205 2178 3261 poe-

606 3276 897 3340 nitentian,
919 3283 973 3328 et
1003 3277 1249 3346 accipere
1281 3277 1552 3344 licetttias,
1574 3281 1704 3334 illud
1751 3283 1910 3336 nobis
1958 3285 2180 3340 minime

608 3368 816 3422 videtur
843 3382 963 3421 esse
992 3368 1146 3421 valde
1185 3372 1552 3424 necessarium
1579 3413 1596 3438 ,
1627 3386 1752 3424 cum
1814 3383 2062 3439 oporteat
2117 3385 2176 3430 ut

605 3461 810 3513 habens
829 3476 857 3511 a
891 3459 1072 3512 radice
1101 3463 1194 3514 has
1212 3461 1480 3528 licentius,
1506 3465 1788 3518 benedirat
1811 3476 2064 3535 etpreces
2093 3483 2176 3524 re-

603 3553 754 3617 citet,
780 3561 833 3606 et
853 3551 1104 3605 admittat
1119 3553 1184 3606 ad
1201 3555 1668 3624 participationem
1688 3559 2066 3628 mysteriorum
2083 3577 2177 3618 eos

603 3647 697 3715 qui
725 3646 998 3715 postulant
1031 3664 1049 3711 ;Δ
1097 3662 1204 3701 uno
1233 3649 1396 3702 verbo
1437 3660 1494 3704 ut
1533 3651 1606 3705 sit
1636 3652 1916 3717 sacerdos,
1945 3653 2176 3710 offerens
2213 3640 2226 3652 ’

603 3747 657 3791 et
689 3738 1001 3795 mediatoris
1033 3750 1238 3809 partem
1272 3743 1478 3798 habens
1507 3757 1605 3812 pro
1644 3747 2033 3814 paenitentibus
2085 3748 2176 3802 de-

603 3832 839 3899 precari.
903 3831 960 3885 ln
1029 3833 1350 3887 necessitate
1421 3844 1600 3888 autem
1656 3853 1780 3891 cum
1830 3839 2170 3908 potissimum

603 3923 785 3977 nullus
814 3922 970 3979 adest
995 3932 1157 3993 aptus
1207 3940 1236 3978 a
1277 3926 1676 3994 sacerdotibus,
1713 3931 2033 3984 conceditur
2059 3947 2176 3987 mo-

601 4014 792 4070 nachis
847 4017 1186 4086 sapientibus
1268 4018 1498 4073 facultas
1553 4027 1607 4073 et
1667 4021 1886 4076 licentia
1936 4024 2002 4078 ad
2072 4027 2174 4080 hoc

600 4121 821 4172 munus,
849 4107 940 4162 sed
970 4123 1077 4161 non
1113 4108 1186 4161 ita
1219 4118 1277 4162 ut
1320 4110 1532 4164 solvant
1569 4126 1634 4165 ex
1695 4111 1913 4181 seipsis,
1967 4114 2061 4168 sed
2115 4124 2173 4169 ut

600 4213 699 4267 pro
735 4199 858 4253 loco
891 4201 1157 4254 ratiunem
1201 4201 1430 4255 reddant
1455 4202 1870 4274 archiepisc0po
1921 4206 2012 4276 qui
2061 4207 2174 4276 ipse

601 4308 764 4353 totam
795 4310 1018 4350 causam
1055 4296 1306 4350 instruet.
1355 4295 1461 4350 Sed
1510 4309 1564 4351 et
1598 4299 1883 4354 sacerdote
1909 4315 2048 4370 opus
2089 4310 2174 4357 est

598 4391 760 4455 huius
795 4389 1084 4444 ministerii
1113 4389 1360 4459 adjutore
1387 4398 1444 4443 ut
1466 4391 1534 4445 ab
1560 4407 1624 4444 eo
1639 4391 1783 4457 ﬁant
1811 4408 1933 4462 qua:
1979 4407 2170 4449 neces-

2280 3200 2543 3270 εὐλογεῖν,
2574 3204 2667 3256 καὶ
2699 3205 2864 3274 εὐχὴν
2911 3207 3210 3274 ἐπιλέγειν,
3242 3210 3334 3261 καὶ
3384 3211 3728 3281 μεταδιδόναι
3750 3205 3836 3256 τῶν

2282 3295 2599 3366 μυστηρίων
2629 3299 2739 3359 τοῖς
2785 3296 3068 3367 χρῄζουσι,
3105 3301 3200 3354 καὶ
3247 3302 3440 3366 ἁπλῶς
3494 3296 3635 3354 εῖναι
3689 3296 3828 3365 ἱερέα.

2277 3385 2417 3439 ὥστε
2457 3387 2791 3457 προσφέρειν
2837 3390 2927 3440 καὶ
2981 3389 3287 3457 μεσιτεύειν
3348 3393 3496 3460 ὑπὲρ
3554 3391 3660 3442 τῶν
3698 3402 3832 3456 μετα-

2277 3478 2542 3532 νοούντων
2569 3481 2660 3533 καὶ
2687 3479 2962 3548 εὔχεσθαι.
3004 3480 3138 3534 Κατ’
3174 3482 3420 3553 ἀνάγκην
3448 3483 3509 3536 δέ
3543 3499 3666 3534 ποτε
3698 3477 3822 3530 πλεί-

2279 3587 2411 3641 στην
2441 3572 2498 3624 ἐν
2530 3571 2605 3640 τῷ
2637 3571 2713 3642 μὴ
2742 3575 3002 3642 ,παρεῖναι
3034 3575 3217 3626 ἱκανόν
3250 3591 3371 3626 τινα
3397 3575 3511 3627 τῶν
3545 3570 3824 3643 ἱερωμένων

2277 3663 2412 3733 πρὸς
2461 3664 2634 3731 τοῦτο,
2700 3664 2798 3734 τὴν
2867 3666 3051 3719 ἄδειαν
3105 3665 3343 3719 δίδοσθαι
3407 3667 3556 3720 ὥστε
3611 3660 3823 3733 δέχεσθαι

2232 3825 2236 3830 Ι
2275 3755 2566 3824 λογισμοὺς
2613 3757 2706 3808 καὶ
2753 3759 3005 3826 μοναχοῖ;
3051 3757 3338 3811 εύλαὸέσι·
3376 3760 3522 3832 πλὴν
3559 3759 3653 3826 οὐχ
3698 3754 3814 3806 ὥστε

2275 3846 2422 3900 λύειν
2472 3846 2667 3910 αὐτοὺς
2714 3849 2808 3916 ἀφ’
2839 3849 3215 3913 ἐαυτῶν,ἁλλ’
3261 3851 3400 3904 ὥστε
3450 3851 3733 3919 ἀναφέρειν
3757 3843 3815 3912 τῷ

2275 3937 2418 3990 κατὰ
2441 3938 2606 3992 τόπον
2635 3939 2903 4009 ἀρχιερεῖ,
2934 3942 3028 3994 καὶ
3059 3948 3185 4011 παρ’
3224 3943 3390 3996 αὑτοῦ
3421 3945 3526 4014 τὴν
3575 3940 3814 4007 ἀπόφασιν

2273 4030 2542 4099 γίνεσθαι.
2581 4031 2744 4084 Ἀλλὰ
2767 4035 2860 4086 καὶ
2893 4035 3042 4102 ἱερέα
3067 4036 3172 4106 χρὴ
3203 4036 3390 4089 τοῦτον
3411 4037 3561 4107 ἔχειν
3582 4035 3668 4089 τοῦ
3686 4034 3816 4100 ἔργου

2275 4124 2558 4193 συνεργὸν,
2590 4125 2666 4187 ti);
2711 4123 2778 4178 ἂν
2829 4125 2896 4180 τὰ
2947 4127 3221 4192 ἀναγκαῖα
3276 4129 3346 4181 δι’
3401 4131 3569 4185 αὐτοῦ
3614 4126 3810 4196 γένοιτο,

2273 4211 2430 4281 εὐχαί
2480 4229 2538 4265 τε
2601 4216 3024 4285 συγχωρήσεως,
3057 4218 3153 4270 καὶ
3197 4221 3455 4272 κοινωνία
3491 4221 3599 4272 τῶν
3641 4229 3814 4285 μυστη-

2275 4303 2428 4373 ρίων,
2469 4304 2565 4357 καὶ
2617 4307 2906 4377 προσφορὰ
2954 4307 3096 4378 ὑπὲρ
3152 4307 3248 4360 τοῦ
3307 4311 3703 4379 μετανοοῦντος,
3733 4301 3809 4355 καὶ

2272 4395 2430 4464 ἅγιον
2471 4394 2652 4450 ἔλαιον
2705 4397 2842 4465 μετὰ
2899 4399 2992 4451 καὶ
3036 4399 3240 4453 λοιπῶν
3294 4403 3508 4472 ἱερέων,
3543 4401 3632 4455 καὶ
3663 4393 3813 4453 ἁπλῶς

597 4483 739 4538 saria
772 4492 901 4538 sunt
931 4497 1157 4550 :preces
1188 4496 1386 4551 nempe
1417 4482 1800 4547 absolutionis,
1826 4485 2170 4554 participatio

2279 4489 2492 4541 ἅπαντα
2521 4489 2588 4540 τὰ
2616 4489 3001 4558 νενομισμένα,
3025 4490 3184 4546 ἅτινα
3213 4492 3276 4563 δὴ
3321 4495 3353 4564 ὴ
3399 4495 3659 4564 ἱερωσύνη
3690 4491 3808 4552 ἐνερ-

596 4577 981 4646 mysteriorum
1018 4586 1074 4630 et
1105 4575 1286 4629 omnia
1319 4575 1465 4629 utilia
1499 4588 1628 4644 erga
1686 4577 2039 4645 ptenitentem
2069 4617 2084 4644 ,
2115 4586 2170 4633 et

595 4678 845 4723 sanctum
873 4672 1049 4724 oleum
1073 4685 1194 4722 cum
1227 4668 1440 4723 caeteris
1465 4667 1864 4732 sacerdotibus,
1899 4683 2008 4723 uno
2040 4685 2164 4724 ver-

594 4761 666 4816 bo
693 4762 875 4816 omnia
899 4763 1033 4817 alias
1058 4763 1390 4831 preserip'a,
1415 4776 1536 4831 quae
1561 4761 1783 4831 quidem
1802 4761 2164 4818 sacerdotium

595 4863 839 4922 praestat.
893 4853 1004 4922 Ego
1065 4869 1192 4908 vero
1258 4855 1310 4906 in
1365 4856 1452 4910 his
1507 4857 1743 4911 maxime
1784 4872 2021 4925 vereor;
2076 4860 2170 4916 sed

2277 4583 2384 4648 γεῑ.
2429 4578 2568 4650 Ἐγὼ
2591 4581 2646 4634 δὲ
2677 4583 2917 4652 καὶπερὶ
2949 4584 3139 4638 τούτου
3175 4587 3418 4649 εὐλαϐῶς
3461 4590 3588 4659 ἔχω,
3618 4583 3701 4636 καὶ
3733 4581 3808 4632 οὐκ

2278 4675 2578 4743 ἀναγκαῖον
2618 4674 2856 4745 ἡγοῦμαι
2897 4677 3145 4746 ἐνεργεῖν
3175 4696 3295 4732 τινα
3324 4679 3392 4733 τὰ
3432 4680 3530 4750 τῆς
3559 4669 3806 4747 μετανοίας

2277 4767 2437 4837 ἔργα,
2474 4768 2774 4840 ἱερωσύνην
2813 4769 2888 4840 μὴ
2937 4768 3148 4840 ἔχοντα.
3182 4772 3365 4826 Ταῦτα
3412 4773 3520 4843 γὰρ
3566 4772 3656 4840 τῆς
3684 4767 3806 4833 ἱερω-

2281 4861 2444 4932 σύνης
2470 4860 2598 4916 εἰσί.

594 4952 727 5008 mihi
771 4965 876 5004 non
926 4952 1136 5005 videtur
1170 4955 1536 5006 necessarium
1570 4968 1732 5022 opera
1783 4970 1904 5024 qua:
1931 4955 1996 5011 ad
2063 4958 2434 5028 paenitentiam
2476 4964 2723 5030 spectant
2755 4959 2826 5015 ab
2866 4959 2958 5016 illo
2993 4959 3115 5018 ﬁeri
3147 4961 3240 5033 qui
3275 4979 3378 5020 non
3429 4969 3500 5020 sit
3529 4957 3796 5020 sacerdos:

593 5047 710 5102 haec
745 5046 888 5102 enim
923 5046 1080 5116 plane
1112 5047 1177 5099 ad
1209 5049 1574 5100 sacerdotium
1606 5055 1876 5116 spectant.

1028 5203 1359 5274 QUA‘ZSTIO
1390 5207 1508 5263 XIV
1540 5219 1594 5266 et
1631 5210 1749 5275 XV,

591 5353 904 5407 Sacerdotes
931 5397 944 5417 ,
981 5352 1070 5421 qui
1113 5352 1358 5419 proxima
1409 5363 1556 5406 nocte
1599 5370 1715 5406 cum
1754 5356 2002 5408 uxoribus
2054 5358 2166 5410 suis

659 5425 1046 5477 concubuerunt
1078 5433 1255 5476 utrum
1289 5423 1508 5478 debeant
1564 5440 1772 5476 sacram
1817 5425 2031 5480 Crmmm
2078 5443 2164 5479 ce—

661 5497 865 5548 lebrare
920 5493 1114 5546 necne?
1164 5491 1309 5546 Num
1370 5498 1456 5548 die
1503 5511 1669 5548 sacra:

658 5575 726 5617 uc
739 5561 826 5632 fas
851 5565 914 5616 sit
940 5564 1318 5631 consuetudine
1339 5566 1418 5618 uti
1440 5566 1671 5619 mulieris
1693 5568 1718 5619 ?

1729 5493 1901 5550 Cretae
1939 5497 2169 5550 celebra-

572 5668 594 5678 ”
659 5677 984 5743 Qumstionis
1005 5677 1231 5734 decimae
1255 5689 1464 5749 quarta
1493 5687 1547 5734 et
1573 5679 1796 5734 decimae
1821 5682 2026 5750 quintae
2058 5696 2165 5736 una

585 5782 742 5822 mens
772 5778 856 5824 cst
886 5777 938 5822 et
968 5784 1109 5826 unus
1133 5784 1332 5828 sensus
1360 5788 1372 5826 :
1405 5770 1484 5825 Au
1516 5769 1678 5826 liceat
1706 5770 1972 5828 sacerdoti
2030 5786 2164 5828 cono

2717 5223 3052 5277 ΕΡΩΊῚΙΣΙΣ
3085 5223 3163 5278 1Δ⁰
3192 5225 3285 5278 καὶ
3325 5225 3422 5279 ΙΕ⁹.

2279 5357 2447 5422 Τινὲς
2477 5355 2653 5425 ἱερεῖς
2675 5359 2824 5426 μετὰ
2849 5357 2967 5412 τῶν
2992 5357 3298 5428 γυναικῶν
3330 5357 3534 5412 αὐτῶν
3567 5342 3798 5428 εὐρισκδς

2337 5410 2540 5500 peior:
2564 5410 2920 5500 dedicaui-tr
2973 5410 3392 5500 ιὲῥὸὺρτέἐῖνξῆ
3419 5410 3644 5500 ama:
3679 5410 3792 5500 κειεῆ

2343 5490 2458 5563 τὴν
2504 5490 2732 5621 ἠιῖἐραν
2775 5499 2886 5567 τῆς
2922 5490 3317 5572 detrachi—lar,"
3359 5490 3412 5553 ἐι
3473 5490 3568 5552 δεῖ
3605 5490 3794 5563 diu-1W

2343 5584 2551 5621 γυναικ
2610 5586 2626 5621 .'

2339 5584 2575 5637 γυναικί
2609 5586 2626 5634 ;

2335 5681 2446 5734 Καὶ
2479 5682 2512 5752 ἡ
2540 5685 3086 5756 τεσσαρακαιδεκάτη
3130 5685 3188 5739 δὲ
3239 5687 3329 5739 καὶ
3370 5672 3781 5738 πεντεκαιδεκάτη

2264 5771 2536 5844 ἐρώτησις
2558 5776 2658 5846 τὴν
2687 5763 2860 5849 αὐτὴν
2893 5777 3104 5835 ἔννοιαν
3135 5780 3501 5850 περιέχουσιν.
3535 5775 3595 5829 Ei
3631 5768 3698 5826 δεῖ
3727 5761 3786 5812 ιε·
