4060 6282
247 367 352 434 865

990 363 1388 427 RESPONSA
1434 363 1535 426 AD
1573 363 2035 428 GABRIELEM
2073 368 2802 440 PENTAPOLITANUM.

3400 379 3504 442 866

243 482 490 552 ρωμένον
518 480 719 551 γνῶναι
759 478 858 549 τὴν
893 478 1030 533 ίδίαν
1064 480 1320 547 γυναῖκα,
1352 493 1423 531 κα
1486 476 1609 530 κατ’
1645 476 1818 547 αὐτὴν

1955 497 2106 552 ugem
2140 498 2294 539 suam
2321 500 2671 556 cognoscere,
2708 499 2763 543 et
2789 486 3083 556 praesertim
3133 488 3221 544 die
3250 505 3359 557 quo
3413 507 3505 547 sa-

231 574 334 644 τήν
385 575 600 645 ἡμέραν
663 571 1105 643 ῖερουργῆσαι.ἦ
1163 572 1300 641 μετά
1352 570 1412 625 τὸ
1465 569 1818 640 ίερουργῆσαι

234 666 440 732 γνῶναι
466 666 661 735 αὐτήν.
693 664 771 718 Τὰ
792 665 1018 717 τοιαῦτα
1042 663 1153 734 γὰρ
1181 661 1500 733 ἀδιαφορίας
1525 663 1622 715 καὶ
1647 664 1821 732 ἄκρα-ο

237 758 360 820 σίας
393 757 529 827 ἔργα
562 755 718 812 εἰσίν.
763 755 822 809 Ὀ
846 757 901 810 δὲ
947 754 1347 823 ἀγωνιζόμενος
1379 754 1560 807 πάντα
1616 753 1815 822 ἐγκρα-

235 847 473 908 τεύεται,
504 849 532 900 6
558 846 770 910 Παῦλος
796 847 976 917 φησίν.
999 847 1061 899 El
1091 841 1186 899 οῦν
1210 847 1321 909 τοῖς
1353 844 1629 914 θεωρῆσαι
1650 846 1815 914 μόνον

233 936 558 1004 ἠξιωμένοις
588 936 986 1004 καωιξὸμενον
1010 936 1068 987 τὸ
1089 934 1216 1004 ὅρος
1249 935 1405 996 Σινᾶ,
1437 935 1533 987 καὶ
1562 934 1661 1002 τῆς
1705 952 1818 1002 φω·

238 1028 335 1092 νῆς
365 1027 668 1079 ἐπακοῦσαι
700 1026 796 1094 τῆς
832 1026 1149 1095 σάλπιγγος,
1184 1023 1532 1094 παραγγελία
1564 1023 1814 1091 γέγονεν,

239 1117 381 1171 ὥστε
433 1120 493 1171 έν
549 1121 727 1187 τρισὶν
780 1117 1014 1188 ἡμέραις
1071 1116 1146 1186 μὴ
1195 1116 1519 1184 προσελθεῖν
1572 1117 1816 1182 γυναικὶ,

233 1210 336 1271 καὶ
400 1209 429 1260 6
496 1208 787 1276 ἀρχιερεὺς
852 1206 1116 1276 ’Δόιάθαρ
1175 1206 1470 1277 ζητήσαντι
1523 1205 1602 1274 τῷ
1651 1206 1819 1260 Δαδὶδ

239 1300 368 1362 τοὺς
414 1300 511 1367 τῆς
555 1298 865 1367 προθέσεως
913 1298 1111 1366 άρτους
1162 1298 1379 1364 φαγεῖν,
1425 1296 1681 1367 ἠρώτησε
1740 1297 1816 1366 μή

243 1406 377 1442 ποτε
413 1390 661 1459 εἰσῆλθον
687 1393 765 1452 είς
804 1392 1042 1456 γυναῖκα
1067 1387 1211 1442 κατὰ
1242 1388 1341 1459 τὴν
1376 1388 1547 1441 νύκτα
1576 1388 1816 1457 ἐκείνην,

245 1483 343 1535 καὶ
384 1481 843 1549 ὁμολογησάντων
885 1480 960 1549 μὴ
1018 1478 1309 1544 εἰσελθεῖν,
1360 1479 1483 1533 τότε
1529 1479 1593 1548 δὴ
1625 1479 1822 1550 τεθάρ-

248 1557 418 1643 ῥηκεν
478 1572 660 1633 αὐτοῖς
734 1569 918 1624 δοῦναι
974 1571 1057 1633 είς
1112 1569 1317 1653 βριῇςιν
1379 1571 1506 1633 τοὺς
1556 1571 1821 1633 τυπικοῦς

1927 577 2040 631 cris
2073 575 2290 633 functus
2345 587 2431 634 est
2472 594 2591 634 eam
2641 582 2809 633 adire.
2846 580 2970 634 Hcce
3031 590 3160 635 sunt
3200 595 3363 651 opera
3424 584 3505 635 vel

1927 667 2301 723 indiﬂ'erentiae
2346 669 2423 723 vel
2466 669 2910 739 intemperantiae.
2945 670 3204 738 Quienim
3243 672 3294 725 in
3336 686 3510 742 agone

1926 758 2204 814 contendit
2234 760 2300 814 ab
2334 761 2584 817 omnibus
2631 775 2690 815 se
2729 762 2989 828 abstinet,
3014 750 3164 816 dicit
3199 761 3400 817 Paulus
3440 764 3506 817 η.
3570 824 3587 843 Φ

1928 850 1985 904 Si
2018 851 2180 916 igitur
2213 859 2270 905 ut
2299 852 2548 907 viderent
2572 853 2915 909 solummodo
2933 863 3167 908 montem
3192 853 3339 909 Sinai
3365 855 3511 908 fumo

1928 943 2266 1007 obvolutum,
2296 953 2349 996 et
2381 945 2633 998 audirent
2664 960 2859 999 sonum
2898 946 3142 999 buccina:
3172 946 3335 1014 digne
3374 960 3511 1013 prae-

1926 1034 2151 1102 parandi
2178 1046 2356 1094 erant.
2386 1043 2440 1087 et
2473 1035 2578 1088 illis
2610 1037 2983 1104 praescriptum
3040 1035 3215 1088 fuerat
3244 1051 3310 1089 ne
3334 1036 3509 1090 tribus

1931 1124 2123 1179 diebus
2181 1126 2678 1194 appropinquarent
2725 1126 2980 1180 uxoribus
3015 1125 3109 1157 ¹⁸·³
3143 1135 3236 1179 :et
3276 1125 3321 1179 si
3363 1139 3513 1177 sum-

1929 1232 2052 1271 mus
2082 1215 2323 1285 pontifex
2357 1215 2618 1271 Abiathar
2660 1217 2951 1286 postulanti
2981 1216 3143 1271 David
3181 1228 3238 1272 ut
3269 1216 3499 1270 mandu-

1929 1314 2079 1359 caret
2111 1320 2277 1374 panes
2313 1307 2719 1374 propositionis,
2768 1307 3048 1376 respondit
3094 1321 3343 1375 quaerens
3380 1322 3508 1359 num

1929 1390 2071 1445 forte
2107 1393 2435 1447 intraverint
2472 1394 2539 1447 ad
2572 1395 2831 1464 coniuges
2896 1395 3009 1464 ipsa
3045 1403 3202 1450 nocte
3228 1436 3243 1460 ,
3296 1406 3352 1450 et
3385 1411 3511 1449 cum

1929 1482 2359 1536 asseveraverint
2387 1497 2446 1536 se
2474 1498 2580 1536 non
2605 1482 2914 1549 intravisse,
2971 1493 3101 1539 tunc
3153 1499 3260 1553 non
3303 1484 3520 1537 dubita-

1930 1573 2006 1626 vit
2041 1572 2147 1627 illis
2177 1572 2391 1628 tradere
2420 1575 2830 1630 manducandth
2852 1591 3018 1644 panes
3047 1576 3172 1630 illos
3211 1578 3423 1644 typicos
3461 1572 3519 1622 δε

248 1664 494 1725 ἐκείνους
522 1664 721 1732 ἄρτους
746 1680 760 1695 ο
792 1661 875 1724 τίς
899 1660 1009 1732 ἄρα
1035 1661 1334 1731 τολμητίας
1356 1662 1612 1715 τοσοῦτον
1643 1662 1818 1726 ἔσται,

1955 1667 2058 1737 [uis
2094 1675 2259 1722 tantm
2290 1668 2394 1727 erit
2421 1667 2668 1723 audaciae
2692 1679 2753 1724 ut
2808 1670 2951 1724 inter
2997 1671 3324 1725 commercia
3382 1686 3520 1725 eon-

248 1756 393 1809 ὥστε
431 1755 569 1823 μετὰ
613 1755 710 1822 τὴν
744 1753 963 1819 ὁμιλίαν
1013 1753 1114 1821 τῆς
1150 1753 1405 1820 γυναικὸς
1458 1753 1822 1823 προσεγγίσαι

1955 1758 2147 1824 iugalia
2173 1760 2392 1814 accedat
2425 1747 2494 1815 ad
2542 1761 2714 1816 altare
2744 1761 2767 1814 ?
2817 1763 2903 1816 vel
2937 1762 2990 1816 iu
3047 1763 3162 1831 ipsa
3214 1775 3373 1818 nocte
3398 1780 3524 1833 qiue

185 1836 191 1842 ’
250 1848 333 1917 τῷ
366 1847 776 1917 θυσιαστηρίῳς
813 1846 845 1914 ἢ
872 1847 939 1914 τῇ
984 1845 1090 1913 πρὸ
1121 1844 1222 1914 τῆς
1245 1844 1435 1908 θυσίας
1466 1845 1658 1910 νυκτί;
1693 1846 1828 1897 ὃπου

1955 1851 2186 1905 ιιιιιοθάίι
2216 1852 2546 1906 sacriﬁcium
2572 1853 2597 1905 ‘l
2631 1852 2734 1906 Sed
2759 1852 2870 1920 jam
2899 1829 3080 1908 nonne
3127 1857 3370 1924 apprime
3404 1829 3529 1909 uto’

252 1959 320 2011 γε
354 1944 447 1995 καὶ
477 1938 775 2009 φαντασίας
806 1939 969 2006 μόνον
997 1935 1285 2005 συμὸάσης
1312 1938 1630 2004 νυκτερινῆς
1653 1934 1831 2003 χρεὼν

1955 1956 2128 1996 temur
2157 1942 2224 1995 ab
2253 1942 2371 2010 ipsa
2407 1942 2666 2012 religione
2707 1959 2775 1998 ne
2807 1945 2891 1999 vel
2931 1954 3231 2000 conventus
3272 1947 3529 2002 nocturni

254 2033 629 2096 εὐλασεῦτθαι,
661 2030 737 2093 ὡς
770 2029 1168 2098 ὲδιδάχθημεν;
1207 2029 1269 2079 Et
1314 2028 1424 2098 γὰρ
1468 2027 1564 2079 καὶ
1591 2027 1776 2095 τίμιος
1807 2027 1835 2079 ὁ

1955 2031 2324 2100 imagunculas
2373 2033 2776 2090 admittamus?
2813 2036 3025 2089 Etenim
3059 2036 3126 2098 si,
3152 2044 3210 2089 ut
3239 2036 3371 2091 dicit
3391 2035 3530 2090 Pau-

254 2127 458 2194 γάμος,
496 2125 525 2177 6
563 2121 772 2184 Παῦλὸς
815 2136 970 2189 φησι,
1001 2119 1094 2172 καὶ
1133 2119 1166 2188 ή
1199 2118 1352 2187 κοίτη
1400 2115 1686 2185 ἀμίαντος,
1715 2112 1832 2167 ἀλλ’

1955 2140 2047 2186 ius,
2086 2122 2415 2178 Honorabile
2457 2126 2792 2180 connuhium
2826 2136 2877 2179 et
2908 2126 3098 2182 thorus
3124 2126 3525 2191 immaculalns,

260 2217 482 2283 ἐπάγει,
516 2232 535 2266 ι
571 2214 810 2284 Πόρνους
844 2211 900 2265 δὲ
947 2214 1042 2265 καὶ
1075 2209 1298 2279 μοιχοὺς
1353 2210 1533 2278 κρινεῖ
1563 2210 1591 2261 6
1616 2206 1769 2269 Θεός.
1811 2224 1830 2258 ι

1955 2223 2129 2268 tamen
2160 2215 2311 2269 addit
2340 2235 2353 2270 :
2384 2235 2404 2268 ι
2432 2216 2999 2271 Fornicatoresautem
3018 2226 3072 2271 et
3095 2217 3533 2287 adnlterosjudi-

263 2309 431 2362 Ὠστε
456 2307 543 2360 διὰ
572 2305 633 2358 τὸ
657 2308 731 2376 μὴ
757 2301 1041 2374 πῑιρνεύειν
1084 2302 1117 2373 ἢ
1155 2300 1428 2372 μοιχεύειν
1459 2300 1619 2352 τοῦτό
1648 2316 1836 2370 φησιν,

1955 2304 2090 2360 Dabit
2117 2305 2302 2361 Deus“.
2332 2326 2350 2360 ι
2378 2306 2742 2373 Quamobrem
2767 2307 2932 2361 simul
2964 2307 3048 2361 his
3071 2307 3258 2362 verbis
3283 2308 3531 2362 iuuuitur

263 2401 388 2471 οὐχὶ
435 2399 493 2453 δὲ
548 2397 624 2469 μὴ
673 2397 880 2467 φθορὰν
925 2395 1087 2449 τοῦτο
1143 2393 1238 2448 καὶ
1298 2391 1642 2460 ἀκαθαρσίαν
1696 2389 1844 2457 λογί-

1955 2412 2060 2451 non
2097 2412 2220 2452 esse
2261 2399 2637 2453 fornicandum
2672 2413 2771 2453 nec
2796 2398 3230 2461 adulterandum,
3258 2409 3310 2453 ct
3332 2399 3528 2453 iterum

268 2498 480 2562 ζεσθαι.
512 2512 532 2545 ι
595 2493 683 2545 Ἐν
717 2492 968 2560 ἀνομίαις
1006 2491 1137 2558 γὰρ,
1168 2487 1332 2557 φησιν
1363 2486 1391 2538 6
1444 2484 1631 2549 Δαὸὶδ,
1685 2498 1843 2535 συνε-

1955 2503 2053 2540 non
2078 2488 2361 2558 cogitanda
2385 2503 2506 2542 esse
2526 2498 2774 2557 stuprum
2799 2498 2892 2542 aut
2911 2488 3213 2545 lasciviam.
3229 2488 3529 2543 Dicitenim

268 2586 627 2658 λήφθήν,καὶ
673 2587 732 2637 ἐν
778 2581 1077 2653 ἁμαρτίαις
1132 2579 1393 2645 ὲκίσσησέ
1449 2595 1516 2647 με
1571 2579 1604 2647 ή
1662 2578 1845 2646 μήτηρ

1955 2579 2114 2634 David
2139 2598 2202 2637 ει
2230 2578 2287 2633 In
2321 2578 2698 2648 iniquitatibus
2714 2591 3009 2648 conceptus
3036 2595 3180 2642 sum,
3199 2580 3323 2634 etin
3346 2576 3539 2647 pecca‘i

275 2690 403 2751 μου.
430 2699 448 2732 ι
478 2681 643 2734 ’Ὥστε
673 2677 816 2731 κατά
853 2674 1203 2744 συγχώρησιν
1228 2671 1376 2723 ἐστὶν
1397 2673 1425 2724 6
1454 2670 1655 2739 γάμος,
1687 2669 1845 2738 χάριν

1955 2673 2018 2725 tis
2049 2671 2299 2737 concepit
2325 2686 2410 2725 me
2438 2681 2610 2726 mater
2634 2687 2751 2726 mea
2772 2671 2815 2725 ³.
2841 2690 2859 2722 ι
2886 2670 3013 2726 [deo
3030 2672 3098 2724 de
3118 2672 3273 2727 venia
3298 2669 3532 2740 quadam

272 2776 370 2843 τῆς
402 2771 739 2833 παιδοποιΐας
769 2770 862 2822 καὶ
897 2769 1077 2835 μόνον,
1113 2766 1207 2818 καὶ
1236 2766 1334 2834 τῆς
1384 2763 1479 2816 τοῦ
1516 2764 1705 2830 γένους
1736 2761 1850 2813 δια-

274 2867 480 2935 δοχῆςο
538 2865 600 2917 οὑ
653 2864 759 2931 μὴν
819 2861 877 2913 δὲ
935 2858 1072 2912 Θεοῦ
1130 2857 1549 2928 προηγούμενον
1613 2854 1849 2922 θέλημα.

1962 2770 2048 2817 est
2067 2762 2421 2824 connubium,
2441 2762 2494 2815 in
2517 2763 2745 2831 gratiam
2771 2762 2946 2817 solum
2971 2762 3187 2830 generis
3209 2762 3464 2818 servandi
3483 2770 3539 2814 et

1953 2853 2312 2908 creandorum
2370 2853 2688 2915 liberorum,
2725 2867 2833 2907 non
2883 2866 3098 2907 veroex
3134 2853 3414 2906 voluntate
3444 2851 3536 2905 Dei

278 2955 453 3014 Τοῦτο
492 2955 549 3008 δὲ
594 2952 958 3022 ἐκλεξάμενος
992 2948 1200 3010 Παῦλος
1245 2948 1304 3000 τὸ
1338 2945 1523 3013 ἁγνῶς
1552 2942 1672 3013 ζῇν,
1699 2943 1845 3012 ὅμως

1955 2946 2333 3000 antecedente.
2392 2946 2607 3016 Eligens
2657 2945 2803 2999 enim
2869 2944 3071 3000 Paulus
3135 2955 3283 2998 caste
3316 2945 3537 3009 vivere,

279 3047 408 3109 τοὺς
454 3042 674 3105 λοιποὺς
712 3042 774 3095 οὺ
803 3039 1025 3101 κωλύει,
1057 3036 1320 3108 νομίμους
1369 3036 1517 3105 ἔχειν
1564 3036 1845 3103 γυναῖκας,

1959 3040 2093 3093 alios
2119 3053 2225 3094 non
2249 3039 2534 3108 prohibuit
2560 3037 2689 3109 quin
2722 3036 2990 3093 haberent
3020 3037 3292 3106 legitimas
3320 3051 3537 3098 uxores,

283 3142 373 3196 ῐνα
426 3139 500 3210 μὴ
540 3136 895 3208 πορνεύοντες
944 3130 1355 3202 ἁμαρτάνωσιν,
1412 3126 1609 3194 λέγων,
1643 3143 1662 3176 ι
1707 3125 1845 3178 Θέλιι

1967 3148 2031 3186 ne
2057 3132 2110 3183 in
2138 3130 2557 3185 fornicationem
2604 3129 2908 3184 incidentes
2944 3137 3258 3200 peccareut,
3306 3128 3538 3182 dicens:

285 3233 496 3293 πάντας
548 3225 691 3283 εἶναι
720 3227 796 3290 ὡς
846 3224 1021 3293 κάγὼ,
1054 3242 1073 3274 ι
1109 3224 1358 3275 τουτέστι
1393 3217 1742 3290 παρθενεύειν
1769 3218 1845 3270 καὶ

1972 3241 1990 3275 ι
2009 3221 2141 3278 Volo
2175 3237 2366 3277 omnes
2393 3237 2514 3277 esse
2537 3223 2671 3277 sicut
2704 3232 2872 3293 etcgo
2899 3222 3068 3284 sum,’
3093 3240 3112 3272 ι
3151 3220 3256 3275 hoc
3276 3230 3357 3275 est
3381 3219 3545 3285 virgi-

288 3325 609 3395 σωφρονεῖν.
637 3342 654 3375 ι
682 3303 782 3375 Διά
804 3319 979 3380 δὲτὰς
999 3316 1255 3387 πορνείας
1296 3316 1524 3377 ἕκαστος
1549 3312 1646 3382 τὴν
1672 3309 1845 3365 ἑαυτοὶ

1968 3329 2065 3369 nes
2091 3323 2146 3368 et
2189 3325 2385 3368 castos.
2435 3312 2538 3368 Sed
2575 3333 2591 3364 ι
2623 3324 2842 3383 propter
2890 3312 3325 3377 fornicationem,
3370 3310 3544 3376 addit,

285 3421 521 3489 γυναῖκα
541 3414 730 3487 ἐχέτω.
761 3433 780 3467 ι
817 3413 982 3483 Ὀρᾷς
1013 3408 1124 3464 οἷον
1140 3409 1201 3463 τὸ
1222 3408 1381 3479 ἔργον
1400 3406 1494 3461 τοῦ
1517 3407 1728 3460 Παύλου
1747 3420 1764 3470 ;
1788 3406 1845 3458 δτ

1986 3409 2331 3477 unusquique
2363 3422 2514 3461 suam
2545 3420 2769 3461 uxorem
2802 3407 3017 3461 haheat.
3041 3408 3067 3440 ο
3099 3426 3118 3458 ι
3156 3404 3389 3459 Videsne
3409 3421 3545 3475 qna-

290 3508 590 3579 ἀγιωσύνη.
624 3508 723 3561 Διά
770 3504 825 3558 δὲ
876 3505 937 3558 τὸ
995 3503 1071 3574 μὴ
1129 3499 1439 3572 πορνεύειν,
1492 3497 1845 3568 συγκαταϐαίι

1976 3500 2079 3554 lem
2149 3498 2554 3569 occupationem
2608 3498 2803 3552 habeat
2860 3498 3093 3553 Paulus!
3154 3496 3551 3552 Smctiliratio-

290 3620 400 3655 νων
443 3600 598 3670 φησί.
629 3601 734 3653 Καὶ
781 3597 944 3652 πάλιν
976 3594 1227 3656 εὐλαϐεῖς
1258 3594 1428 3646 ποιῶν
1476 3591 1602 3654 τοὺς
1645 3589 1845 3643 πιστοὺς

1977 3608 2120 3647 nem.
2155 3590 2226 3646 Ut
2256 3607 2358 3646 non
2395 3590 2791 3645 fornicarentur
2821 3605 2914 3658 per
2945 3589 3334 3659 indulgentiam
3362 3590 3551 3660 lnque-

291 3696 460 3761 λέγει,
498 3710 518 3744 ι
559 3691 632 3744 Τὸ
675 3689 859 3744 λοιπὸν
914 3691 942 3741 6
991 3688 1180 3755 καιρὸς
1230 3683 1660 3754 συνεσταλμένος
1693 3682 1845 3734 ἐστὶν

1980 3685 2164 3741 batur.
2208 3684 2314 3740 Sed
2358 3684 2571 3738 interim
2609 3685 2901 3752 prudentes
2926 3692 2979 3738 et
3008 3684 3124 3752 pius
3155 3686 3339 3738 volens
3371 3684 3550 3738 facere

295 3788 386 3840 ἵνα
418 3786 513 3839 καὶ
566 3787 615 3838 οῖ
656 3784 873 3854 ἔχοντες
922 3784 1184 3850 γυναῖκας
1233 3780 1309 3844 ὼς
1362 3779 1438 3850 μή
1481 3777 1698 3849 ἔχοντες
1742 3769 1845 3828 ὦσι

1980 3778 2267 3832 credentes
2286 3777 2396 3832 ait:
2426 3776 2743 3844 «Reliquum
2775 3785 2859 3831 est
2888 3784 2964 3838 ut,
2987 3784 3230 3844 tempore
3261 3775 3551 3830 abbrevia-

297 3881 393 3935 καὶ
413 3882 462 3933 oi
513 3876 785 3948 χρώμενοι
830 3875 908 3945 τῷ
972 3876 1188 3945 κόσμῳ,
1241 3872 1319 3936 ὡς
1375 3871 1454 3943 μὴ
1509 3869 1845 3939 καταχρὼμε

1978 3879 2070 3935 ιο,
2125 3868 2218 3939 qui
2273 3867 2474 3921 habent
2523 3880 2723 3921 uxores
2808 3878 3065 3935 tanquam
3126 3883 3230 3920 non
3290 3867 3551 3922 habentes

298 3988 402 4025 νοι.
429 3988 448 4021 ι
476 3968 871 4031 Φυλαξάτωσαν
917 3962 1010 4019 οῦν
1038 3968 1262 4027 ἑαυτοὺς
1289 3967 1337 4017 οἱ
1394 3962 1683 4033 ῖερωμένοι
1713 3960 1845 4031 33⁸]

1980 3962 2093 4018 sint
2116 4000 2128 4016 .
2157 4000 2172 4015 .
2196 3997 2241 4014 ..
2270 3970 2324 4015 et
2361 3959 2451 4029 qui
2486 3967 2712 4012 utuntur
2758 3956 2862 4011 hoc
2885 3958 3088 4012 mundo
3132 3966 3389 4027 tanquam
3439 3971 3550 4011 non

302 4065 362 4117 tv
391 4061 470 4131 τῷ
517 4059 738 4129 μέλλειν
784 4058 1108 4127 ἱερουργεῖν,
1160 4059 1253 4110 καὶ
1284 4056 1424 4125 μετά
1445 4056 1542 4126 τὴν
1564 4053 1843 4123 ἱερουργία

1982 4056 2253 4115 utantur“.
2295 4073 2315 4106 ι
2362 4053 2688 4109 Custodiam
2737 4066 2867 4122 ergo
2926 4051 3135 4119 seipsos
3187 4050 3554 4107 sacriticaturi

301 4146 623 4222 κατ’ὶαὺτὴν
675 4150 774 4221 τὴν
825 4149 1058 4220 ἡμέραν,
1110 4148 1186 4211 ὼς
1231 4147 1556 4218 ἡγιασμένοι
1603 4145 1756 4208 ὄντες
1810 4152 1845 4196 τλ

1981 4154 2239 4216 tanquam
2271 4154 2528 4215 perpetuo
2556 4144 2928 4200 desiderantes
2960 4142 3156 4199 oﬂ'erre
3182 4152 3236 4199 et
3278 4144 3435 4198 modo
3466 4159 3559 4198 ce-

303 4247 581 4317 κοινωνίᾳ,
613 4244 696 4297 ὅτι
727 4243 789 4296 οὐ
813 4242 916 4313 χρὴ
957 4240 1233 4295 κοινωνεῖν
1256 4237 1375 4306 Θεῷ
1430 4238 1525 4291 καλ⁵
1556 4236 1745 4306 σαρκί.
1770 4237 1845 4290 Ka

1994 4234 2256 4293 lebraturi
2289 4249 2305 4301 ;
2335 4243 2390 4289 et
2433 4234 2627 4288 deinde
2669 4244 2792 4303 post
2834 4233 3247 4289 celebrationem
3273 4248 3366 4302 per
3387 4242 3553 4290 totam

305 4341 354 4392 εἰ
387 4338 484 4407 μὲν
508 4335 569 4389 οὐ
600 4332 849 4406 βούλεται
885 4331 1189 4401 ἱερουργεῖν
1208 4327 1268 4380 οὐ
1295 4325 1562 4380 κωλύεται
1583 4340 1598 4355 ο
1634 4326 1682 4377 εί
1713 4322 1757 4377 δ’
1787 4317 1845 4376 οὗ

1985 4329 2126 4382 hanc
2188 4324 2332 4379 diem
2378 4323 2700 4378 sanctificati
2763 4324 3151 4378 communione
3182 4339 3200 4389 -;
3253 4338 3361 4378 non
3411 4326 3556 4379 enim

307 4430 604 4494 κωλύεται,
649 4429 733 4482 ὅτι
779 4427 957 4478 ἐκεῖνο
998 4423 1098 4494 μὶν
1139 4420 1343 4491 σαρκὸς
1387 4417 1665 4473 κοινωνία.
1729 4416 1845 4469 Ἐπε

1984 4428 2200 4491 oportet
2250 4418 2656 4475 communicare
2682 4417 2790 4473 Deo
2846 4424 2902 4494 et
2947 4422 3122 4473 carni.
3167 4419 3222 4473 Si
3279 4433 3406 4473 vero
3463 4434 3559 4473 no-

307 4524 549 4587 ισονται,
586 4492 772 4590 φησιν,
801 4518 848 4569 οἱ
877 4514 972 4568 δύο
1002 4492 1082 4577 εἰς
1111 4512 1292 4582 σάρκα
1318 4509 1469 4581 μίαν.
1506 4508 1567 4562 '0
1593 4507 1651 4561 δὲ
1684 4506 1845 4560 κολλιὶ

1955 4505 1961 4539 ’
1991 4512 2150 4567 luerit
2178 4510 2378 4565 oderre
2406 4523 2512 4564 non
2550 4492 2889 4578 prohibetur,
2921 4508 3064 4563 bene
3093 4520 3273 4565 autem
3300 4511 3559 4580 prohibe-

312 4629 473 4685 μενος
502 4611 581 4681 τῷ
610 4610 823 4679 Κυρίῳ,
856 4605 918 4660 ἓν
950 4603 1175 4673 Πνεῦμά
1206 4605 1344 4655 ἐστι.
1391 4599 1503 4653 Καὶ
1530 4599 1615 4662 τίς
1659 4596 1845 4667 συμφιὶ

1990 4615 2078 4659 ιυι·
2126 4604 2174 4658 si
2207 4603 2453 4658 voluerit.
2487 4600 2623 4656 Nam
2647 4602 2751 4655 hoc
2783 4609 2865 4655 est
2887 4601 3067 4656 carnis
3111 4602 3556 4668 communicatio,

311 4718 466 4771 νησις
493 4699 614 4770 Θεῷ
659 4698 753 4751 καὶ
782 4695 945 4766 σαρκί
978 4710 996 4761 ;
1023 4694 1114 4747 Διὸ
1163 4695 1258 4745 καὶ
1292 4688 1502 4752 Παῦλός
1531 4704 1664 4757 φησι
1696 4686 1845 4753 πάλοιι

1990 4695 2286 4750 seettudum
2313 4691 2484 4747 illud:
2516 4709 2536 4744 ι
2581 4691 2752 4746 Erunt
2794 4691 2904 4745 duo
2933 4692 2986 4745 in
3018 4706 3180 4746 carne
3203 4707 3335 4758 una,
3395 4711 3415 4744 ι
3444 4693 3551 4758 Qui

318 4814 338 4849 ι
368 4794 459 4863 Μὴ
485 4791 838 4858 ἀποστερεῖτε
869 4787 1149 4857 ἀλλήλους,
1174 4785 1223 4837 εί
1248 4784 1320 4854 μή
1346 4801 1398 4835 τι
1426 4783 1534 4853 ἄρα
1558 4785 1623 4834 ἐκ
1653 4781 1845 4851 συμφὼ

1991 4796 2170 4840 autem
2203 4784 2442 4839 adhaeret
2466 4783 2714 4846 Domino,
2743 4797 2884 4837 unus
2905 4780 3140 4848 Spiritus
3168 4796 3252 4838 est
3273 4783 3339 4836 ¹⁰.
3367 4801 3387 4835 ι
3424 4782 3555 4850 Qua

314 4903 427 4940 νου.
458 4885 668 4947 »Διατί;
696 4879 814 4932 Ἵνα
836 4876 1188 4947 συνέρχησθε,
1213 4876 1396 4943 φησιν,
1427 4875 1482 4926 ὲν
1503 4874 1623 4935 ταῖς
1647 4887 1845 4942 προσευ

1994 4879 2140 4932 enim
2175 4877 2463 4931 conventio
2496 4874 2606 4929 Deo
2644 4885 2701 4929 et
2732 4874 2922 4929 carni?
2954 4875 3135 4941 Quare
3178 4875 3373 4930 iter‘utn
3415 4876 3561 4932 Pau-

283 4990 289 4995 '
315 4981 458 5050 χαῖς.
489 4977 639 5046 Ἀμα
667 4972 759 5027 οὖν
799 4974 894 5026 καὶ
938 4970 1105 5040 ἄμφω
1131 4968 1394 5033 διδάσκει,
1422 4967 1515 5019 καὶ
1545 4967 1607 5019 τὸ
1631 4965 1706 5036 μὴ
1752 4965 1887 5018 ἀπο-

319 5071 531 5139 στερεῖν
568 5065 836 5135 ἀλλήλους
869 5063 956 5116 διὰ
981 5064 1080 5124 τὰς
1121 5057 1403 5128 πορνείας,
1444 5060 1538 5111 καὶ
1581 5055 1641 5110 τό
1687 5058 1890 5126 ὲγκραο

319 5159 574 5215 τεύεσοαι
608 5161 674 5212 ἐκ
714 5156 1006 5226 συμφώνου
1036 5153 1124 5207 διὰ
1161 5151 1259 5214 τὰς
1290 5151 1617 5220 προσευχὰς,
1658 5147 1890 5218 βεόαιῶν

320 5251 422 5306 καὶ
465 5244 620 5312 οὗτος
650 5249 710 5302 τὸ
758 5246 920 5317 ῥηθὲν
962 5245 1066 5298 ὑπὸ
1110 5242 1201 5298 τοῦ
1250 5242 1408 5307 Θεοῦ,
1462 5243 1519 5294 ὲν
1555 5240 1633 5310 τῷ
1675 5240 1891 5310 μέλλειν

321 5339 649 5410 ἀνέρχεσθαι
671 5338 867 5399 αὐτοὺς
890 5336 1024 5407 πρὸς
1055 5335 1115 5387 τὸ
1138 5335 1284 5404 ὅρος,
1314 5351 1333 5385 ι
1374 5333 1536 5402 Τρεῖς
1568 5331 1780 5402 ἡμέρας
1815 5330 1891 5400 μὴ

335 5431 673 5500 προσέλθητε
692 5427 931 5496 γυναικί.
962 5446 980 5478 ι
1012 5427 1073 5479 Et
1104 5421 1196 5478 οὖν
1218 5425 1402 5488 ἁπλῶς
1432 5425 1489 5476 ὲν
1512 5424 1588 5493 τῷ
1616 5423 1892 5493 θεωρῆσαι

335 5520 475 5577 Θεοῦ
505 5521 602 5591 τὴν
645 5515 826 5585 δόξαν,
870 5519 964 5571 καὶ
1017 5518 1076 5570 ὲν
1116 5513 1197 5585 τῷ
1248 5514 1649 5584 προσεύξασθαι
1696 5518 1897 5581 ἐγκρα-

1997 4969 2080 5024 lus
2111 4969 2243 5024 dicit
2278 4985 2341 5020 τι
2379 4965 2559 5022 Nolite
2584 4964 2839 5022 fraudare
2887 4968 3260 5032 invicem,nisi
3306 4968 3445 5024 forte
3496 4984 3564 5024 ex

1998 5074 2269 5114 consensu
2293 5058 2356 5112 “.
2383 5075 2402 5111 ι
2430 5057 2607 5124 Quare
2625 5058 2842 5114 tandem
2860 5058 2884 5113 ?
2902 5058 3340 5125 Utconveniatis,
3365 5060 3563 5130 inquit,

2000 5154 2068 5207 ad
2092 5153 2410 5206 orationem.
2441 5151 2558 5205 Duo
2591 5151 2753 5221 igitur
2778 5151 2940 5207 simul
2977 5152 3066 5208 hic
3104 5152 3260 5208 ducet
3288 5170 3303 5206 :
3356 5154 3565 5207 scilicet

2001 5256 2058 5298 ut
2092 5261 2191 5299 usu
2215 5243 2537 5298 defraudent
2583 5258 2643 5298 se
2691 5244 2920 5299 invicem
2968 5253 3189 5314 propter
3239 5244 3567 5299 fornicatio-

2002 5351 2143 5398 nem,
2173 5343 2227 5390 et
2265 5336 2492 5389 alterum
2526 5343 2583 5389 ut
2621 5335 2932 5391 abstineant
2987 5350 3051 5389 ex
3121 5350 3388 5390 consensu
3438 5350 3566 5405 pro-

2000 5438 2117 5498 pter
2145 5426 2445 5482 orationem
2480 5443 2494 5481 :
2523 5426 2850 5481 confirmans
2879 5425 2992 5496 ipse
3014 5426 3156 5495 quod
3182 5427 3321 5481 Deus
3352 5426 3567 5483 dixerat

2003 5520 2267 5575 lsraelitis
2294 5536 2417 5574 cum
2452 5519 2615 5574 modo
2640 5517 2914 5574 accessuri
2938 5526 3094 5573 erant
3125 5519 3192 5574 ad
3218 5530 3455 5574 montem
3487 5536 3500 5574 :
3535 5537 3557 5572 ι

408 5721 913 5793 ιιισοωιμεε,
984 5692 1734 5786 ""Exod.xnx.15.i6,i8.
1811 5724 1831 5753 ι

1955 5739 2030 5793 eg.
2066 5740 2180 5787 xxt,
2209 5722 2331 5793 6-6.
2406 5723 2426 5756 '
2454 5723 2620 5779 llebr.
2654 5737 2771 5788 xm,
2799 5723 2853 5779 4.
2930 5721 3098 5780 'Psal.
3130 5741 3184 5792 1.,
3216 5724 3268 5779 7.
3343 5726 3361 5758 '
3389 5720 3410 5777 l
3441 5723 3568 5782 Cor.

341 5810 443 5864 xu,
473 5794 529 5851 5.
628 5795 651 5828 ⁸
707 5793 846 5851 Ibid.
889 5791 944 5849 2.
1044 5793 1065 5826 ⁹
1105 5793 1242 5849 Ibid.
1268 5793 1359 5850 29.

1460 5793 1502 5825 ¹⁰
1528 5792 1549 5847 ι
1578 5794 1701 5849 Cor.
1729 5809 1803 5864 vt,
1843 5791 1931 5859 16,
1988 5791 2012 5847 ι
2028 5795 2077 5848 7.

2175 5796 2217 5827 ιι
2277 5792 2300 5846 ι
2352 5793 2483 5851 Cor.
2527 5809 2624 5863 vn,
2674 5794 2728 5852 5.
