4060 6282
230 360 339 426 869

958 328 1356 419 RESPONSA
1391 361 1490 420 AD
1530 361 1983 426 GABRlELEM
2024 360 2744 429 PEN’I‘APOLITANUM.

3393 365 3499 434 870

225 477 301 541 ὠς
334 474 721 547 ἐπιτραχήλιον
754 474 1191 543 περιϐαλλέσθω,
1230 475 1324 528 καὶ
1371 476 1673 546 ἐνεργεῖται
1723 476 1812 546 τὴς

1934 478 2014 535 vis
2038 481 2186 536 aliud
2211 497 2411 536 munus
2434 495 2675 543 sacrum,
2707 494 2816 533 non
2840 484 3022 532 autent
3050 481 3249 544 prmsto
3269 477 3340 530 sit
3360 476 3499 531 stola

221 568 457 639 τελετήν
484 586 499 603 ο
526 570 620 623 καὶ
652 567 789 638 μετὰ
815 567 1023 636 ταύτην
1049 567 1224 620 ἐκεῖνο
1258 567 1332 637 μὴ
1361 568 1434 631 ὡς
1462 568 1641 621 κοινὸν
1668 569 1820 637 ἡγεί,

225 660 365 723 σθω,
398 658 512 712 ἁλλ’
544 660 576 727 ἢ
605 660 684 721 εἰς
715 659 904 729 χρείαν
950 658 1124 728 ἐχέτω
1172 658 1325 727 ἱερὰν
1369 660 1418 711 εἰ
1469 658 1747 727 ἁρμόδιον,
1781 659 1815 729 ἢ

224 753 284 803 ἐν
314 751 429 823 ἰδίῳ
478 751 627 821 τόπῳ
680 749 1039 816 ἁποτιθέσθω,
1087 750 1231 804 ὥστε
1286 750 1361 819 μὴ
1416 750 1596 802 κοινὸν
1649 746 1812 802 εἶναι·

239 845 461 899 Ἐκεῖνα
488 843 545 897 δὲ
594 845 756 914 μόνον
801 846 969 916 χωρὶς
1011 844 1404 914 ἐπιτραχηλῖου
1435 845 1672 913 ἐνεργεῖ,
1715 845 1817 896 ὅσα

226 938 323 990 καὶ
354 940 413 990 ἐν
446 939 558 999 τοῖς
588 937 975 1006 μοναστηρίοις
1004 938 1118 997 τοῖς
1148 935 1358 1004 ἱερεῦσι
1387 937 1562 988 ποιεῖν
1588 933 1819 1001 σύνηθες

224 1029 284 1097 έν
330 1046 391 1082 τε
439 1028 519 1097 τῷ
571 1029 970 1098 μεσονυκτικῷ,
1013 1029 1133 1090 ταῖς
1165 1027 1356 1098 ὥραις,
1388 1028 1485 1080 καὶ
1529 1030 1639 1088 τοῖς
1679 1031 1817 1081 ἁπο-

221 1119 486 1183 δείπνοις.
1284 1130 1295 1139 ‘

1929 572 2185 626 sacerdos
2215 572 2498 625 benedicat
2524 570 2606 625 vel
2640 585 2855 630 zonam,
2888 569 2973 624 vel
3011 569 3246 635 aliquem
3281 567 3498 621 funicu-

1926 661 2062 725 lum,
2098 671 2191 716 aut
2223 679 2482 731 pannum,
2516 672 2571 717 et
2600 665 2655 717 in
2693 663 2912 716 modum
2945 660 3109 715 urarii
3141 667 3321 715 sumat
3341 664 3396 713 et
3422 659 3502 714 sic

1927 753 2221 821 adimplcat
2255 754 2660 808 caeremoniam.
2698 752 2981 821 Cumplcta
3021 759 3204 805 autem
3248 764 3306 802 re
3343 763 3498 803 sacra

1929 845 1980 898 id
2012 859 2122 913 quo
2163 860 2296 899 usus
2330 854 2415 899 est
2447 859 2551 899 non
2587 853 2646 899 ut
2670 845 2893 916 vulgare
2926 851 3125 902 teneat.
3155 841 3248 896 sed
3279 839 3334 893 in
3369 853 3502 893 usus

1926 949 2116 991 saeros
2166 936 2422 995 retineat.
2462 935 2507 989 si
2562 939 2954 991 convenienter
3004 932 3181 1002 possit
3233 928 3502 993 adhiberi,

1926 1035 1981 1080 et
2020 1026 2269 1080 Servatur
2298 1024 2352 1078 in
2390 1024 2651 1093 peculiari
2679 1025 2821 1086 loco,
2852 1022 2926 1076 ita
2960 1030 3017 1075 ut
3046 1031 3320 1087 nunquam
3346 1028 3502 1069 com-

1926 1117 2315 1171 muniterillud
2351 1116 2479 1185 quis
2515 1116 2730 1169 habeat.
2765 1113 2886 1167 llmc
2917 1110 3265 1168 solummodo
3294 1107 3504 1176 absque

223 1216 367 1271 stola
397 1214 759 1270 absolvuntur
788 1216 1118 1287 quaesolent
1151 1216 1333 1273 facere
1368 1216 1421 1271 in
1459 1214 1807 1269 monasteriis
1849 1212 2185 1278 sacerdotes,
2236 1220 2296 1265 ut
2325 1210 2502 1265 ollicia
2537 1210 2726 1264 mediae
2772 1208 2970 1271 noctis,
3008 1214 3063 1259 et
3109 1205 3365 1258 horarum
3444 1208 3502 1258 et

222 1308 595 1379 vespertinum
646 1311 908 1369 ofﬁcium.

775 1427 1116 1483 ΕΡΩΊΊΙΣΙΣ
1158 1427 1267 1483 IH’.

229 1538 293 1589 Τί
320 1536 386 1611 τὸ
410 1537 929 1611 ᾷγιστορούμεινον
953 1542 1023 1595 ἐν
1044 1541 1175 1605 ταῖς
1196 1538 1317 1595 τῶν
1339 1541 1533 1611 (ir/(ar.
1549 1541 1825 1610 ἀγγέλων

296 1608 490 1681 εἰκόσι
538 1609 884 1678 μανδύλιον
908 1627 921 1641 ·
952 1613 1048 1664 καὶ
1095 1612 1153 1666 τί
1181 1612 1250 1665 τὸ
1278 1608 1530 1681 gains/or
1560 1608 1658 1666 καὶ
1700 1613 1824 1678 τοῖς

298 1677 582 1751 ἀγγέλοις
604 1682 702 1733 καὶ
728 1680 859 1751 τοῖς
882 1683 1095 1751 ἁγίοις.
1118 1684 1229 1736 Καὶ
1263 1677 1321 1737 it
1347 1677 1415 1735 τὸ
1441 1677 1825 1750 νεφελοειδὲξ

295 1749 597 1801 κυκλικὸν
626 1749 837 1819 σχῆμα
866 1749 938 1805 ἐκ
962 1752 1103 1818 ,ταῖς
1126 1752 1247 1806 τῶν
1293 1749 1565 1824 ἀγγέλων
1601 1756 1777 1822 χερσί
1797 1771 1818 1818 ;

297 1856 373 1910 To
395 1858 855 1930 dveet‘opo-Jpsvov
907 1864 965 1916 ἐν
1006 1867 1129 1928 ταῖς
1180 1865 1290 1929 τῶν
1338 1866 1513 1933 ἁγίων
1568 1866 1814 1934 ἀγγέλων

223 1949 464 2017 εἰκόσιν,
496 1954 661 2005 οἱονεὶ
709 1956 835 2023 περὶ
884 1957 1011 2018 τοὺς
1059 1959 1364 2026 κροτάφους
1406 1959 1714 2027 μανδύὶιον,
1755 1960 1816 2011 τὸ

225 2040 470 2112 καθαρὴν
506 2043 689 2097 αὐτῶν
721 2046 1053 2115 ὑπεμφαίνει
1095 2050 1190 2101 τοῦ
1224 2050 1362 2114 νοὸς,
1394 2052 1517 2103 ἐπεὶ
1559 2053 1654 2105 καὶ
1684 2052 1814 2122 περὶ

224 2131 319 2185 τὸν
363 2132 507 2197 νοῦν,
562 2136 642 2189 ὅτι
698 2137 790 2191 καὶ
840 2138 960 2209 Θεῷ
995 2141 1369 2210 συνδεδεμένοι
1400 2144 1602 2212 νοερῶς
1642 2135 1811 2209 οῦτοι,

225 2222 324 2273 καὶ
356 2221 494 2293 πρὸς
527 2225 593 2277 τὰ
625 2224 730 2291 ἔξω
757 2228 885 2295 περὶ
918 2228 1018 2297 τὴν
1050 2230 1327 2301 ἡμετέραν
1367 2233 1650 2301 ἐκχέονται
1677 2233 1816 2301 ἁγα-

226 2311 447 2377 θοειδὼς
471 2314 703 2386 θεωρίαν
728 2318 823 2371 καὶ
844 2319 1115 2390 φυλακήν.
1143 2321 1263 2374 Ἔτι
1287 2323 1342 2374 δὲ
1367 2325 1460 2376 καὶ
1483 2323 1556 2387 ὡς
1582 2323 1814 2394 καθαροὶ

217 2402 379 2466 ὒντες
408 2405 499 2456 καὶ
530 2404 704 2468 ἁῦλοι,
755 2400 866 2460 οἷον
900 2408 1166 2476 στέφανον
1210 2410 1423 2463 ἑαυτῶν
1466 2411 1566 2478 τῆς
1611 2429 1816 2465 παντε-

226 2493 483 2558 λοῦςκαὶ
523 2497 780 2568 οὐρανίου
820 2500 1043 2568 ἁγνείας
1082 2504 1443 2572 περιφέρουσι
1490 2501 1670 2557 τοῦτο.
1703 2504 1814 2556 Καὶ

226 2583 417 2654 ὥσπερ
450 2586 736 2657 δεδεμένας
772 2589 828 2642 δὲ
860 2591 961 2653 τὰς
987 2591 1181 2662 τρίχας
1207 2593 1446 2661 ἔχουσιν,
1478 2593 1561 2646 ὅτι
1587 2595 1648 2646 οὐ
1682 2595 1813 2663 περὶ

226 2675 296 2727 τὰ
324 2677 545 2733 ποικίλα
564 2680 660 2732 καὶ
689 2683 922 2750 περιττὰ
949 2683 1250 2747 κινοῦνται,
1283 2687 1417 2739 ἀλλὰ
1450 2690 1577 2757 περὶ
1604 2688 1671 2740 τὰ
1695 2687 1814 2740 θεῖα

230 2768 391 2835 μόνον
418 2771 512 2823 καὶ
544 2773 839 2840 ἀναγκαῖα,
880 2777 976 2829 καὶ
1003 2777 1095 2831 τὸν
1138 2777 1263 2830 νοῦν
1292 2780 1503 2833 ἑαυτῶν
1533 2780 1646 2834 ἁνω
1689 2796 1814 2833 συν-

225 2862 523 2931 τεταμένον
562 2864 767 2936 έχουσι.
815 2870 923 2922 Καὶ
976 2869 1041 2923 τὰ
1096 2871 1381 2940 κυκλοειδῆ
1407 2870 1482 2924 ’δὲ
1518 2873 1745 2942 φεγγία,
1773 2874 1809 2928 ἃ

229 2955 324 3007 καὶ
361 2959 419 3009 ἐν
463 2959 581 3021 ταῖς
620 2959 729 3012 τῶν
782 2961 955 3029 ἁγίων
1008 2964 1204 3029 εἰκόσι,
1256 2966 1354 3035 τὴν
1402 2966 1495 3018 τοῦ
1536 2966 1672 3019 Θεοῦ
1717 2969 1810 3020 τοῦ

227 3048 468 3119 ἁνάρχου
500 3068 556 3102 τε
591 3053 687 3105 καὶ
718 3053 1082 3123 ἀτελευτήτου
1107 3058 1269 3126 χάριν
1302 3062 1394 3112 καὶ
1421 3058 1688 3129 ἕλλαμψιν
1721 3061 1811 3112 καὶ

2419 1416 2749 1486 QUAESTIO
2812 1414 3000 1469 XVI".

1924 1539 2071 1605 Quid
2108 1537 2373 1610 signiﬁcet
2394 1537 2547 1610 quod
2574 1536 2627 1588 in
2655 1549 2930 1610 sacrarunt
2949 1604 2959 1610 _
2980 1543 3282 1610 (iunctorum
3309 1524 3503 1596 imagi-

1995 1604 2495 1671 nibus—conspicitur
2523 1605 2762 1665 manlile,
2791 1614 2838 1656 et
2868 1604 2959 1672 qui
2985 1605 3189 1655 nimbus
3213 1604 3353 1672 circa
3408 1612 3505 1672 τιδι’

1995 1683 2234 1748 galerum
2287 1667 2690 1748 sanctorumque
2725 1667 2903 1741 capite
2924 1713 2938 1733 ,
2965 1683 3014 1748 et
3043 1668 3320 1748 circulari:
3346 1667 3507 1718 nubi-

1994 1743 2179 1820 formis
2213 1748 2388 1817 ﬁgura
2420 1747 2474 1798 in
2523 1743 2830 1823 angelorum
2861 1744 3149 1797 manibus?

1992 1868 2127 1931 Quae
2179 1863 2323 1918 circa
2358 1861 2637 1930 ftempora,
2698 1860 2752 1913 in
2808 1859 3140 1927 imaginibus
3186 1858 3502 1928 angelorum

1922 1959 2233 2027 depingitur
2262 1955 2457 2020 infula,
2477 1955 2824 2009 sanctitatem
2858 1953 3055 2007 mentis
3085 1967 3275 2006 eorum
3309 1952 3504 2006 adnut-

1920 2050 2068 2105 brat.
2102 2049 2210 2104 lll:e
2241 2050 2458 2118 quidem
2502 2056 2706 2102 sanctae
2747 2048 2945 2103 mentis
2989 2047 3099 2101 Deo
3146 2048 3506 2116 spiritualiter

1923 2144 2214 2205 uniuutur,
2257 2152 2312 2195 et
2341 2157 2447 2195 non
2489 2142 2555 2194 ad
2601 2149 2824 2195 externa
2862 2138 3115 2194 feruntur
3146 2141 3252 2195 nisi
3280 2140 3402 2208 quia
3441 2140 3498 2194 in

1922 2246 2168 2291 nostram
2198 2234 2504 2290 custodiam
2537 2241 2590 2287 et
2617 2231 2981 2286 eruditionem
3015 2232 3082 2284 de
3113 2232 3251 2285 cmlo
3288 2248 3346 2287 se
3376 2248 3505 2300 pro-

1923 2328 2157 2382 fundunt
2183 2340 2301 2379 eum
2328 2339 2541 2378 summa
2565 2322 2967 2379 benevolentia.
2995 2324 3173 2390 Atque
3221 2323 3456 2392 amplius
3484 2341 3499 2377 ε

1922 2429 1981 2473 ιιι
2012 2428 2141 2475 sunt
2189 2419 2310 2486 puri
2344 2423 2397 2471 et
2449 2416 2569 2471 sine
2617 2429 2865 2483 corpore,
2919 2414 3051 2468 vitta
3098 2413 3187 2468 illa
3230 2414 3505 2469 donantur

1921 2511 2078 2580 quasi
2103 2524 2330 2572 corona,
2372 2508 2426 2562 in
2462 2508 2677 2577 signum
2726 2516 2962 2572 aeternae,
2994 2505 3235 2559 caelestis
3265 2514 3320 2560 et
3367 2508 3503 2561 intc-

1921 2610 2147 2657 mcratae
2182 2615 2288 2668 qua
2332 2600 2504 2661 nitent
2543 2598 2891 2652 innocentiae.
2925 2595 3040 2650 Hac
3075 2598 3306 2662 denique
3332 2598 3504 2666 capil-

1922 2695 2004 2747 los
2039 2694 2241 2746 habent
2268 2688 2504 2745 nodatos
2533 2689 2658 2757 quia
2690 2687 2914 2741 minime
2937 2685 3004 2740 ad
3029 2686 3301 2740 instabilia
3331 2695 3384 2740 et
3410 2702 3504 2741 su-

1921 2783 2128 2856 perﬂua
2162 2789 2474 2847 moventur,
2503 2778 2597 2835 sed
2624 2787 2835 2833 tantum
2855 2777 2925 2833 ad
2953 2778 3135 2833 divina
3161 2789 3214 2833 et
3250 2779 3504 2844 perutilia

1921 2882 2190 2946 spectant,
2235 2883 2287 2927 et
2333 2881 2570 2925 mentem
2618 2869 2824 2940 jugitcr
2861 2884 3080 2923 sursum
3139 2870 3289 2923 omni
3330 2884 3503 2924 cona-

1922 2972 2064 3022 nime
2098 2965 2298 3022 lerunt.
2339 2964 2539 3018 Deinde
2571 2962 2625 3016 iu
2667 2962 2994 3031 imaginibus
3027 2971 3339 3017 sanctorum
3388 2963 3500 3016 cir-

1921 3056 2138 3112 culares
2171 3064 2470 3109 cernuntur
2502 3052 2670 3106 nimbi
2699 3054 2791 3119 qui
2822 3062 3218 3120 representant
3243 3053 3501 3123 gratiam,

225 3140 512 3208 ἐνέργειαν
545 3145 974 3215 ὑπεμφαίνουσι.
1022 3148 1158 3220 Παρ’
1190 3143 1259 3220 ἧς
1304 3152 1678 3222 imposne;
1710 3155 1806 3206 καὶ

1918 3146 2255 3216 splendorem
2283 3152 2337 3197 et
2369 3144 2665 3212 potentiam
2710 3140 2804 3196 Dei
2835 3158 2942 3197 non
2998 3143 3250 3198 habentis
3281 3145 3496 3199 initium

229 3235 613 3301 φωτισθέντες,
647 3237 883 3309 ἤρξαντο
906 3241 1005 3296 τοῦ
1037 3243 1270 3312 ἀγῶνος,
1297 3245 1392 3297 καὶ⁸
1418 3245 1600 3309 καλῶς
1624 3246 1812 3299 τοῦτον

227 3329 598 3394 τετελεκότες,
630 3331 716 3383 ἀεί
742 3334 849 3384 εἰσι
881 3336 1019 3402 μετὰ
1051 3335 1147 3389 τοῦ
1195 3336 1354 3401 Θεοῦ,
1392 3341 1485 3393 καὶ
1517 3338 1615 3408 τὴν
1645 3340 1810 3392 αὑτοῦ

229 3419 385 3473 θείαν
411 3423 569 3492 χάριν
609 3426 666 3477 ἐν
695 3426 911 3490 ἑαυτοῖς
943 3428 1208 3498 διηνεκῶς
1254 3431 1683 3501 έχουσινπἽΙτις
1715 3431 1810 3485 τοῦ

222 3514 363 3567 Θεοῦ
412 3511 570 3580 οῦσα,
620 3516 745 3571 οὔτε
789 3521 991 3592 ἀρχὴν,
1036 3521 1162 3576 οὔτε
1214 3525 1364 3586 τέλος
1411 3525 1546 3594 ἔχει.
1596 3527 1687 3579 Διὸ
1715 3527 1812 3580 καὶ

228 3612 542 3677 κυκλοειδές
583 3616 753 3681 ἐστιν,
792 3618 885 3671 ἐπὶ
928 3618 986 3671 δὲ
1031 3618 1125 3672 τοῦ
1175 3620 1431 3689 Σωτῆρος
1489 3625 1809 3691 τριφεγγὲς.

226 3701 313 3755 ὅτι
342 3697 421 3766 εἴς
470 3707 584 3758 ἐστι
613 3712 711 3777 τῆς
755 3707 1003 3778 Τριάδος,
1040 3712 1129 3763 καὶ
1161 3711 1219 3764 ἐν
1269 3712 1420 3781 αὐτῷ
1459 3714 1487 3765 ὅ
1520 3730 1580 3764 τε
1620 3715 1811 3782 Πατὴρ

226 3795 325 3847 καὶ
358 3798 418 3849 τὸ
450 3800 673 3869 Πνεῦμα
702 3801 765 3853 τδ
788 3801 967 3871 ἆγιον.
996 3804 1106 3859 Καὶ
1132 3807 1180 3860 oi
1215 3805 1317 3877 τὴν
1340 3808 1733 3878 ἀρχιερατικὴν
1755 3808 1812 3861 δὲ

225 3888 391 3957 χὰριν
424 3890 497 3952 ὡς
529 3895 867 3965 φωτιστικὴν
904 3896 1069 3950 οὖσαν
1100 3898 1377 3964 λαϐόντες,
1410 3901 1565 3953 τοῦτο
1600 3905 1813 3955 ἀνιστο-

233 3980 500 4049 ρούμενον
526 3986 793 4052 φέρουσυο
831 3988 930 4041 καὶ
974 3989 1215 4057 βασιλεῖς
1248 3993 1327 4051 δὲ.
1380 3991 1456 4056 ὡς
1496 3993 1556 4045 τδ
1600 3995 1813 4063 χρίσμα

227 4068 489 4134 λαϐόντες
512 4072 610 4141 τῆς
647 4071 954 4142 βασιλείας.
1000 4078 1109 4130 Καὶ
1150 4080 1212 4131 τὸ
1255 4081 1585 4148 νεφελοειδὲς
1619 4084 1675 4136 δέ
1715 4084 1810 4137 καὶ

152 4185 166 4193 ·
225 4161 486 4216 κυκλικὸν
529 4163 669 4235 ὅπερ
699 4167 757 4220 ἐν
798 4169 952 4237 χερσὶ
993 4169 1289 4237 κρατοῦσιν
1331 4173 1380 4225 οἱ
1421 4174 1668 4240 ἄγγελοι,
1722 4177 1810 4229 τὸν

226 4253 499 4320 ἁγιασμδν
526 4256 780 4324 σημαίνει
814 4258 909 4311 τοῦ
939 4259 1255 4329 Πνεῦματοε
1283 4279 1297 4293 ·
1330 4265 1420 4316 καί
1443 4265 1525 4318 ὄτι
1551 4267 1811 4335 ἄτρεπτοι

227 4343 486 4409 γεγόνασι
527 4348 593 4417 τῇ
643 4348 737 4400 τοῦ
772 4349 1027 4417 Σωτῆρος
1082 4352 1387 4424 οἰκονομίᾳ.
1440 4354 1526 4406 Ἐν
1574 4356 1727 4427 μέσῳ
1755 4357 1810 4411 δὲ

225 4431 319 4484 τοῦ
352 4433 575 4498 κύκλου,
618 4438 714 4491 καὶ
748 4438 808 4492 τὸ
836 4441 883 4493 Χ
913 4444 1177 4510 στοιχεῖον
1218 4445 1604 4513 γεγραμμένον
1635 4446 1811 4514 ὑπάρ-

1916 3252 2092 3307 nequc
2119 3236 2278 3290 linem
2309 3253 2322 3290 :
2361 3250 2389 3288 a
2425 3250 2534 3303 quo
2572 3234 2799 3287 mutuali
2855 3233 3230 3287 fortitudinem
3261 3244 3313 3287 et
3354 3235 3497 3287 irra-

1913 3329 2154 3384 diantem
2195 3327 2484 3397 fulgorem,
2514 3341 2748 3395 pugnam
2780 3326 3021 3381 inierunt
3044 3337 3097 3380 et
3128 3325 3353 3395 pulchre
3379 3340 3500 3392 per-

1917 3421 2160 3476 fecerunt
2214 3422 2285 3474 ita
2328 3427 2386 3474 ut
2434 3419 2665 3474 nuncin
2715 3427 3149 3490 teternumﬁum
3197 3420 3302 3473 Deo
3346 3419 3495 3487 sint;

1913 3520 1968 3566 et
2005 3512 2179 3580 gratia
2227 3510 2408 3565 divina
2444 3511 2497 3565 in
2542 3510 2739 3578 scipsis
2772 3509 3035 3564 continuo
3074 3512 3336 3578 gaudent,
3374 3526 3497 3581 qum

1913 3619 2021 3658 non
2068 3605 2231 3658 habet
2263 3603 2476 3656 initium
2512 3616 2688 3670 neque
2722 3601 2910 3667 linem,
2944 3611 2997 3656 et
3047 3603 3170 3657 ideo
3204 3602 3344 3657 bene
3390 3604 3499 3657 cir-

1914 3700 2038 3751 culo
2084 3696 2462 3759 adutnhratur,
2513 3694 2602 3748 cui
2641 3693 2695 3746 in
2744 3693 2915 3763 capiti
2952 3692 3254 3749 Salvatoris
3309 3694 3493 3748 radius

1917 3788 2224 3857 tripartitus
2267 3788 2524 3844 iusertur.
2564 3785 2692 3850 quia
2722 3799 2830 3836 una
2860 3793 2943 3837 est
2984 3798 3051 3838 ex
3096 3784 3271 3839 tribus
3311 3784 3494 3839 Trini-

1915 3881 2044 3933 tatis
2086 3876 2360 3947 personis,
2390 3884 2442 3928 et
2475 3874 2603 3941 quia
2634 3873 2686 3925 in
2721 3874 2839 3941 ipso
2867 3882 2997 3930 sunt
3024 3883 3079 3927 et
3105 3872 3264 3928 Pater
3285 3883 3338 3928 et
3370 3873 3492 3944 Spi-

1914 3972 2054 4024 ritus
2099 3976 2345 4023 sanctus.
2379 3964 2591 4034 'lllique
2639 3978 2667 4016 a
2723 3962 2832 4017 Deo
2877 3963 3206 4031 accipientes
3259 3965 3492 4031 gratiam

1914 4061 2293 4132 principalem,
2348 4066 2623 4129 quatenus
2670 4063 2754 4110 est
2807 4054 3143 4119 illutuinans,
3202 4053 3365 4123 hujus
3415 4058 3494 4110 si-

1915 4170 2078 4224 gnum
2118 4152 2302 4205 nimbo
2342 4151 2617 4219 depictum
2656 4149 2859 4201 ferunt.
2904 4146 3155 4216 Suntque
3202 4148 3358 4217 quasi
3400 4163 3489 4201 rc-

1915 4259 2008 4315 ges
2039 4243 2355 4297 unctionem
2399 4240 2551 4309 regni
2583 4239 2974 4305 suscipientes.
3006 4238 3224 4292 Circulo
3254 4238 3492 4308 denique

1915 4336 2128 4389 nebula:
2160 4349 2320 4401 quem
2359 4333 2413 4385 in
2447 4329 2704 4384 manibus
2732 4327 2914 4383 lerunt
2941 4328 3117 4399 angeli
3146 4331 3511 4383 consecratio-

1915 4435 1969 4481 et
1996 4424 2362 4481 sanctiﬁcatio
2405 4421 2643 4493 Spiritus
2671 4421 3039 4491 signiﬁcatur,
3073 4422 3125 4475 in
3158 4435 3265 4491 qua
3291 4424 3487 4476 contir-

226 4540 332 4592 χει,
369 4525 449 4578 δτι
479 4527 570 4580 τὸν
613 4529 848 4599 Χριστὸν
888 4530 1047 4584 τοῦτο
1086 4533 1255 4603 δηλοῖ.
1313 4511 1474 4589 Ἀλλὰ
1503 4537 1596 4589 καὶ
1624 4511 1805 4590 θεολο-

1918 4520 2042 4572 mati
2071 4528 2123 4573 et
2156 4516 2521 4572 immutabiles
2547 4516 2666 4570 lacti
2691 4523 2819 4571 sunt
2872 4516 3211 4584 providentia
3243 4517 3489 4571 Salvato-

224 4612 349 4682 γίας
386 4620 609 4686 σημεῖον
632 4618 791 4673 τοῦτο
828 4621 887 4673 τὸ
914 4622 1223 4686 κυκλοειδές
1255 4625 1422 4678 ἐστιν.
1471 4627 1530 4678 Et
1570 4627 1678 4697 γὰρ
1714 4629 1810 4681 καὶ

227 4704 571 4777 σεσὰρκωται
623 4708 866 4763 διδάσκει
892 4712 1176 4780 ,Χριστὸ;,
1217 4714 1333 4767 ἀλλ’
1380 4716 1454 4778 ὡς
1504 4717 1635 4779 Θεὸς
1675 4716 1803 4769 οὒτε

222 4793 394 4866 ἀρχὴν
427 4797 548 4851 οὕτε
579 4798 732 4862 τέλος
765 4801 878 4871 ἔχει
900 4818 916 4833 ο
959 4804 1053 4856 καὶ
1088 4804 1168 4856 ὅτι
1201 4805 1299 4874 τὴν
1333 4807 1660 4875 οἰκουμένην
1691 4806 1804 4875 ἔχει

221 4886 479 4956 Χριστὸς,
524 4888 620 4942 καὶ
647 4890 827 4944 πάντα
860 4892 953 4946 τὸν
992 4892 1196 4961 κόσμον
1226 4896 1282 4947 ὲν
1309 4898 1374 4964 τῇ
1411 4899 1574 4966 χειρὶ,
1606 4897 1681 4958 ὡς
1708 4897 1800 4949 καὶ

220 4977 250 5029 ὁ
277 4976 441 5029 Δα6“;δ
470 4979 623 5049 φησί.

1912 4611 2007 4662 ris.
2040 4609 2095 4661 In
2124 4608 2301 4661 mctliu
2322 4618 2499 4660 autem
2533 4606 2723 4667 circuli
2754 4606 2968 4659 videtur
2999 4606 3099 4659 hoc
3137 4607 3350 4672 signum
3400 4604 3484 4660 :X

1913 4700 2265 4768 inscriptum,
2315 4699 2444 4767 quia
2477 4697 2568 4751 illo
2611 4696 2860 4767 symbolo
2910 4695 3179 4750 indicatur
3214 4697 3489 4754 Christus.

1913 4792 2018 4847 δαί
2042 4795 2203 4848 etiam
2231 4792 2534 4861 theologia),
2568 4791 2656 4844 Dei
2683 4787 2925 4843 scientiae
2955 4788 3168 4859 signum
3199 4801 3282 4845 est
3306 4790 3482 4848 forma

1909 4890 2128 4956 circuli,
2161 4904 2324 4958 quam
2361 4886 2615 4942 Christus
2647 4902 2756 4941 non
2799 4887 2981 4943 docuit
3024 4887 3185 4941 simul
3222 4898 3277 4942 ut
3326 4890 3485 4945 homo

1914 4983 2093 5037 factus
2130 4996 2224 5050 per
2280 4978 2730 5042 incarnationem,
2769 4986 2823 5031 et
2859 4988 2915 5031 ut
2957 4975 3101 5032 Deus
3145 4979 3483 5039 uonhabens

225 5066 550 5136 principium
600 5086 778 5141 neque
814 5073 1008 5141 linem;
1054 5082 1108 5129 et
1150 5075 1386 5145 denique
1432 5076 1504 5131 ita
1556 5077 1804 5133 videmus
1868 5076 2149 5131 Christum
2201 5073 2405 5127 habere
2465 5074 2633 5127 totius
2678 5071 2864 5126 mundi
2955 5070 3480 5129 administrationem

220 5170 275 5219 et
300 5164 475 5232 ipsum
509 5168 769 5222 mundum
797 5168 852 5224 in
882 5170 1002 5239 ejus
1031 5188 1191 5226 manu
1215 5188 1357 5238 esse,
1392 5181 1449 5227 ut
1480 5175 1612 5230 dicit
1640 5177 1900 5248 propheta
1941 5170 2128 5226 David.

772 5285 1106 5339 ΕΡΩΤΗΣῙΣ
1143 5288 1243 5344 ἴθ’.

220 5393 385 5447 Atat!
414 5397 1206 5474 :tolvarqtiptorﬁm'dmor
1243 5406 1314 5458 οὐ
1345 5405 1641 5474 φοροῦσιν
1669 5408 1797 5461 ἐπί-

352 5477 605 5526 σκοποις
637 5469 738 5517 Καὶ
773 5468 824 5519 εὶ
853 5468 1235 5540 ειν-δύσονται,
1264 5476 1322 5527 τί
1343 5468 1682 5544 Βλιιόερόνς

291 5705 694 5775 Πολυσταύρον
727 5709 782 5762 δὲ
820 5712 880 5764 οὐ
915 5715 1169 5780 φοροῦσιν
1216 5718 1537 5789 ἐπίσκοποι,
1574 5724 1656 5777 ὃτι
1689 5725 1790 5794 τῆς

218 5797 558 5869 τελειοτέρας
585 5799 738 5854 τοῦτο
769 5803 976 5871 τάξεως
1011 5807 1104 5861 καὶ
1151 5809 1257 5865 τῶν
1286 5811 1612 5882 ἐγγιζόντων
1653 5817 1792 5887 μᾶλ-

2400 5285 2729 5353 QU/ESTIO
2806 5289 2950 5345 XIX.

1910 5398 2087 5465 Quare
2143 5399 2377 5469 episcopi
2422 5417 2526 5455 non
2577 5402 2873 5455 induantur
2907 5410 3027 5470 toga
3074 5400 3254 5455 multis
3291 5410 3476 5455 notam

1972 5470 2211 5541 crucibus
2248 5480 2353 5541 aut
2382 5487 2555 5526 sacco.
2591 5472 2780 5541 Atque,
2808 5472 2854 5526 si
2881 5473 2979 5526 hoc
3006 5473 3226 5541 faciant,
3258 5488 3381 5525 num
3410 5473 3478 5525 sit

1972 5538 2445 5607 reprehendendum
2465 5543 2490 5594 7

1964 5726 2367 5797 Polystattrium
2421 5741 2529 5781 non
2593 5726 2774 5782 lerunt
2831 5728 3103 5799 episcopi,
3155 5729 3281 5801 quia
3340 5728 3472 5783 illud

1903 5831 1985 5875 est
2039 5820 2261 5898 ordinis
2301 5819 2640 5891 perfectioris
2710 5822 3110 5892 indumentum,
3170 5836 3225 5880 et
3300 5825 3474 5892 magis
