4060 6282
576 308 681 375 8ῒὶ

1427 310 1814 371 SYMEONIS
1847 311 2604 374 THESSALONICENSiS
2645 311 2989 373 ARCHIEP’
3079 295 3089 307 ’

3736 315 3846 378 ετξ

575 421 834 475 idoneum
869 419 976 472 illis
1007 419 1097 487 qui
1151 420 1376 488 propius
1415 422 1683 475 accedunt
1713 424 1782 476 ad
1815 423 2134 493 dignitatem

2243 423 2333 476 λον
2367 428 2430 494 τῇ
2463 424 2592 494 ἀξία
2622 424 2698 492 τῷ
2729 423 2795 477 δι’
2832 425 2978 494 ἡμᾶς
3011 423 3403 492 σταυρωθέντι,
3436 423 3534 477 καὶ
3569 425 3636 476 τὸ
3669 426 3848 494 ἐπῃρ-

572 507 694 574 eius
719 507 808 573 qui
846 521 943 576 pro
971 507 1126 560 nobis
1161 508 1213 561 in
1265 524 1427 562 cruce
1483 525 1679 578 passus
1736 518 1860 568 est:
1905 520 1959 564 et
2006 511 2138 564 illud

569 599 889 652 excelsioris
915 609 997 653 est
1016 601 1244 655 ordinis.
1285 600 1339 654 Si
1400 601 1566 670 igitur
1593 603 1884 671 episcopis,
1924 604 2142 656 archie-

577 692 818 761 piscopis
851 700 903 745 ct
938 693 1262 759 patriarchis
1310 709 1416 746 una
1451 703 1535 747 est
1567 703 1809 762 potestas
1835 684 1916 749 ἐι
1971 696 2142 750 virtus

569 785 618 837 vi
669 783 1054 847 ordinationis,
1098 795 1146 836 at
1223 787 1436 840 diversa
1483 786 1820 857 singulorum
1865 799 1948 842 est
2003 790 2140 841 ratio

571 876 796 944 gradus,
825 885 879 930 et
911 875 1231 940 hierarchat,
1265 886 1317 930 et
1346 877 1512 941 sedis,
1543 887 1595 930 et
1618 894 1762 932 curae
1787 887 1841 933 et
1890 879 2135 943 honoris,

567 969 789 1022 sicntet
819 969 871 1021 in
923 970 1130 1036 angelis
1163 972 1454 1038 reperitur.
1501 973 1648 1026 Inter
1704 973 1802 1028 hos
1856 975 2139 1029 ministros

567 1061 846 1129 principes
878 1063 1157 1125 Ecclesiae,
1193 1071 1251 1116 ut
1281 1065 1521 1132 loquitur
1570 1075 1791 1119 sanctus
1821 1066 2135 1135 Dionysius,

569 1162 697 1206 sunt
729 1155 921 1208 ordine
957 1154 1141 1224 primi,
1177 1155 1339 1208 medii
1373 1165 1425 1210 et
1461 1156 1633 1210 ultimi
1672 1158 1762 1225 qui
1795 1159 2136 1228 singulorum

530 1252 536 1256 ’
571 1245 822 1298 ordinum
859 1261 1018 1298 unam
1055 1249 1195 1300 inter
1217 1262 1275 1300 se
1307 1248 1503 1302 habent
1528 1248 2136 1304 distinctionem.Primi

572 1339 790 1406 quidem
829 1348 955 1392 sunt
989 1339 1307 1407 patriarcbse
1335 1349 1390 1394 et
1419 1340 1748 1396 excelsiores
1778 1336 1931 1397 inter’
1957 1345 2134 1395 archi-

567 1429 873 1497 episcopos,
901 1432 993 1498 qni
1038 1430 1335 1484 induuntttr
1363 1432 1537 1485 saccis
1571 1431 1788 1501 publice
1836 1439 1890 1486 et
1951 1443 2137 1501 aperte

561 1515 838 1572 Christum
892 1534 1113 1588 passum
1144 1521 1444 1582 imitantes,
1476 1521 1568 1590 qui
1597 1536 1691 1589 pro
1723 1522 1881 1577 nobis
1908 1538 2132 1578 saccum

561 1626 657 1679 per
687 1611 980 1665 ludibrium
1009 1613 1204 1679 induit,
1235 1623 1290 1667 et
1339 1615 1536 1669 deinde
1568 1615 1624 1670 in
1686 1631 1848 1670 cruce
1904 1632 2133 1670 mortem

558 1702 746 1756 subiit.
773 1703 951 1767 Quare
974 1717 1166 1758 saccus
1196 1705 1384 1771 plenus
1417 1715 1500 1759 est
1530 1707 1806 1761 crucibus.
1828 1704 1986 1760 Medii
2011 1717 2135 1760 sunt

563 1793 966 1860 metropolitani
1041 1809 1252 1852 omnes.
1311 1797 1404 1864 qui
1453 1797 1782 1866 polystauria
1829 1808 2028 1868 gerunt
2080 1809 2134 1856 et

560 1885 806 1940 vestibus
837 1885 1206 1939 testimonium
1240 1887 1520 1941 Crucilixo
1545 1889 1794 1953 reddunt,
1823 1904 1928 1943 non
1954 1901 2133 1946 autem

559 1991 743 2030 sacco.
800 1973 981 2029 Ultimi
1039 1977 1271 2046 denique
1321 1987 1449 2032 sunt
1476 1979 1736 2048 episc0pi,
1778 1980 1868 2049 qu‘i
1925 1981 2132 2036 Christi

559 2071 867 2138 passionem
897 2071 949 2123 in
989 2085 1186 2140 genere
1213 2081 1421 2124 tantmn
1453 2087 1549 2140 per
1574 2087 1790 2126 crucem
1827 2073 2132 2138 toleratnm,

560 2160 826 2216 humerali
855 2162 1182 2228 signiﬁcant.
1243 2161 1684 2232 Uniuscujusque
1714 2174 1799 2218 est
1845 2174 1900 2216 ut
1954 2173 2136 2218 servet

560 2253 878 2306 indumenta
910 2253 1226 2322 praescripta
1262 2253 1514 2308 ordinis:
1571 2270 1695 2307 nam
1747 2253 2004 2322 superbia
2050 2263 2133 2308 cst

558 2345 736 2397 facere
763 2359 884 2412 quae
913 2359 1020 2399 non
1048 2347 1460 2416 permittuntur,
1520 2355 1576 2401 et
1637 2361 1923 2402 assumere
1983 2347 2130 2416 quod

557 2454 665 2492 non
694 2438 972 2508 competit.

1078 2633 1404 2701 QlMESTiO
1457 2635 1576 2690 XX.

554 2745 697 2822 Quid
748 2747 958 2822 denotet
992 2750 1163 2803 mitrw
1197 2753 1424 2822 gestatio
1450 2791 1462 2810 ,
1502 2761 1552 2806 et
1585 2753 1722 2807 unde
1764 2752 2032 2809 Romanus
2079 2769 2128 2811 et

611 2819 1015 2893 Alexandrinus
1055 2819 1251 2893 rnorem
1281 2821 1375 2873 illa
1405 2823 1588 2876 utendi
1638 2828 1927 2893 acceperint
1957 2844 1973 2891 ;
2003 2829 2127 2880 item

624 2905 788 2966 quare
819 2891 994 2966 (πίει-ἰ
1038 2891 1285 2966 Δεξρὶδεορὶ
1340 2907 1554 2946 sacrum
1604 2891 1828 2962 oﬂicium
1869 2909 2126 2966 peragant

623 2959 792 3026 capite
817 2959 1059 3011 detecto?

573 3051 576 3054 i
626 3075 841 3130 Mitram
863 3077 919 3131 in
943 3077 1122 3146 capite
1150 3074 1253 3130 fert
1284 3079 1516 3135 antistes
1546 3079 1808 3137 Romana;
1841 3083 2121 3148 Ecclesiae,
2151 3107 2196 3164 ε

550 3168 792 3222 omnium
829 3167 1187 3223 ecclesiarum
1252 3169 1532 3224 vinculum
1591 3171 1836 3237 unitatis,
1876 3173 2020 3228 sicut
2071 3183 2124 3227 et

553 3261 955 3317 Alexandrinus
988 3262 1260 3329 pontifex.
1291 3263 1426 3329 Quis
1451 3273 1636 3319 autem
1661 3265 1767 3319 illis
1799 3266 1852 3320 id
1900 3280 2126 3321 conces-

552 3350 709 3414 serit,
757 3366 862 3404 non
930 3353 1175 3406 invenire
1233 3361 1338 3417 est,
1365 3354 1472 3408 nisi
1530 3353 1744 3408 dicatur
1783 3355 2001 3410 mitram
2070 3357 2122 3410 in

551 3457 711 3495 usum
789 3443 1005 3495 venisse
1085 3453 1306 3511 prapter
1397 3445 1690 3513 quamdam
1763 3447 2122 3502 imitationem

553 3535 753 3590 summi
801 3534 1083 3600 pontificis
1117 3535 1313 3590 veteris
1371 3535 1527 3605 legis,
1577 3538 1848 3605 siquidem
1905 3548 1960 3593 et
2012 3541 2124 3607 ipse

555 3624 828 3692 quondam
891 3623 1067 3693 capite
1097 3624 1265 3690 gessit
1297 3623 1512 3680 tiaram.
1550 3624 1621 3680 Ut
1645 3615 1868 3696 quidam
1912 3629 2121 3694 dicunt,

555 3715 951 3784 illudaprimo
1006 3732 1130 3784 rege
1191 3717 1508 3771 Christiano
1567 3718 1692 3773 divo
1759 3719 2124 3776 Constantino

552 3823 875 3863 com-essum
937 3807 1037 3862 fuit
1099 3809 1258 3862 beato
1313 3825 1466 3879 papa:
1531 3809 1776 3865 Romano
1836 3812 2120 3877 Silvestre,

551 3901 694 3970 quod
752 3900 973 3970 quidem
1035 3899 1215 3955 Latini
1283 3902 1472 3956 dicunt
1540 3904 1801 3972 scriptum
1862 3904 2029 3960 fuisse
2067 3905 2122 3959 in

553 3995 700 4049 bulla
750 4009 938 4058 aurea,
986 4008 1150 4062 quam
1191 4009 1220 4046 a
1263 4009 1460 4063 magno
1490 3995 1851 4049 Constantino
1901 4006 2126 4051 conten-

551 4085 690 4137 dunt
715 4095 1016 4148 exaratam,
1055 4093 1113 4137 ut
1144 4093 1340 4138 sancto
1367 4084 1634 4139 Silvestro
1663 4084 1816 4138 Patri
1855 4086 2124 4155 spirituali

553 4187 774 4230 stemma
808 4175 964 4230 daret
995 4176 1171 4245 regni,
1212 4176 1279 4230 ad
1311 4177 1536 4246 gloriam
1597 4177 1900 4232 addendam
1947 4193 2126 4233 sacer-

549 4267 721 4320 dotio.
753 4265 1013 4336 Cyrillum
1070 4267 1499 4322 Alexandrinum
1553 4270 1653 4323 hoc
1707 4270 1903 4338 capitis
1967 4271 2126 4326 indu-

553 4369 799 4414 mentum
830 4359 1138 4414 obtinuisse
1175 4359 1356 4414 ferttnt
1389 4376 1416 4414 a
1448 4361 1680 4430 quadam
1715 4363 1945 4431 synodo,
1974 4365 2121 4432 quod

2247 515 2408 585 μένον
2438 517 2801 583 τῆςιτάξεως.
2854 516 2917 570 Ei
2961 510 3056 568 οὖν
3089 516 3183 567 καὶ
3220 517 3317 583 μία
3368 517 3705 575 ἐπισκόποις
3739 521 3845 585 άρ-

2244 609 2626 676 χίεπισκόποις
2647 625 2705 659 τε
2734 608 2824 660 καὶ
2849 610 3214 676 πατριάρχαις
3236 608 3268 676 ὴ
3290 607 3388 675 τῆς
3412 608 3845 678 ἀρχιερωσύνης

2243 698 2500 768 ἐνέργειά
2528 715 2587 750 τε
2622 699 2716 751 καὶ
2754 697 3002 768 δύναμις,
3035 698 3170 752 ἀλλὰ
3198 697 3292 751 καὶ
3321 698 3560 767 διαφορά
3592 701 3714 750 ἐστι
3741 699 3846 768 τῆς

2242 790 2449 854 τάξεώς
2475 807 2534 842 τε
2565 792 2658 843 καὶ
2684 789 2779 842 τοῦ
2813 790 3027 859 θρόνου,
3067 790 3147 844 ἔτι
3173 808 3230 843 τε
3259 792 3355 860 τῆς
3382 791 3558 862 ἀρχῆς
3603 793 3706 843 καὶ
3742 790 3842 842 τοῦ

2241 881 2407 948 ἔργου
2431 881 2522 932 καὶ
2546 883 2642 948 τῆς
2664 880 2923 948 προνοίας
2945 882 3038 932 καὶ
3062 881 3342 949 φροντίδος
3362 881 3462 946 τῆς
3487 880 3583 934 ὑπ’
3611 881 3836 944 αὐτοὺς,

2239 970 2314 1034 ὡς
2351 971 2445 1023 καὶ
2491 972 2547 1022 ἐν
2595 970 2848 1036 ἀγγέλοις
2901 971 3040 1024 ἔστί.
3077 971 3295 1040 Πρῶτοι
3327 973 3434 1038 γὰρ
3484 973 3582 1024 καὶ
3630 972 3692 1023 ἐν
3717 973 3838 1031 ταῖς

2241 1062 2486 1131 πρώταις
2538 1061 2720 1113 αὐτῶν
2768 1059 2989 1124 τάξεσιν
3023 1062 3181 1124 εἰσιν,
3231 1060 3306 1123 ὥς
3355 1077 3487 1128 φησι
3524 1059 3832 1121 Διονύσιος,

2240 1156 2334 1206 καὶ
2363 1154 2538 1222 μέσοι,
2567 1155 2662 1206 καὶ
2694 1153 3010 1213 τελευταῖοι,
3044 1153 3291 1220 καίτοιγε
3338 1154 3466 1221 μιᾶς
3497 1150 3675 1218 οὔσης
3707 1152 3832 1202 ἑκά-

2243 1261 2373 1313 στης
2403 1244 2626 1308 τάξεως.
2663 1243 2834 1297 Τοῦτο
2865 1241 2958 1295 οὖν
3000 1243 3094 1295 καὶ
3138 1245 3196 1295 ἐν
3240 1245 3305 1313 τῇ
3350 1241 3662 1312 Ἐκκλησία
3694 1243 3827 1304 ἐστὶ,

2239 1335 2308 1387 τὰ
2336 1335 2563 1404 οὐράνια
2598 1335 2937 1407 μιμουμένη,
2979 1331 3181 1403 μᾶλλον
3213 1334 3267 1386 δὲ
3303 1332 3378 1394 ὡς
3423 1335 3690 1403 ἡνωμὲνῃ
3721 1335 3829 1394 τοῖς

2237 1427 2532 1495 οὐρανίοις.
2585 1427 2692 1479 Καὶ
2741 1427 2950 1496 πρῶτοι
2982 1426 3080 1494 μὲν
3126 1427 3174 1477 οἱ
3227 1425 3592 1494 πατριάρχαι,
3641 1425 3738 1476 καὶ
3784 1426 3828 1474 οἱ

2237 1521 2345 1572 τῶν
2375 1519 2824 1589 άρχιεπισκόπων
2856 1520 3144 1588 ἐξαίρετοι,
3173 1518 3222 1570 οἳ
3258 1518 3352 1569 καὶ
3387 1517 3671 1569 ἐνδύονται
3697 1515 3828 1567 σάκ-

2239 1628 2388 1675 κους,
2433 1611 2726 1679 προφανῶς
2781 1611 3110 1679 μιμούμενοι
3147 1609 3479 1671 πεπονθότα,
3530 1607 3631 1659 τὸν
3686 1608 3824 1673 ὑπὲρ

2239 1700 2416 1773 ἡμῶν,
2477 1702 2683 1755 σάκκον
2718 1719 2776 1754 τε
2829 1702 3194 1770 ὲνὸυσάμενον
3242 1700 3546 1762 παικτικῶς
3600 1699 3698 1751 καὶ
3739 1697 3829 1748 διὰ

2243 1795 2474 1862 σταυροῦ
2527 1793 2758 1846 ῡάνατον
2805 1794 3116 1860 ἐνεγκόντα.
3153 1793 3242 1844 Διὸ
3274 1794 3366 1844 καὶ
3413 1793 3522 1853 πᾶς
3556 1791 3585 1842 ὁ
3623 1791 3830 1852 σάκκος

2239 1889 2457 1956 πλήρης
2505 1887 2778 1956 σταυρῶν.
2832 1887 3003 1940 Μέσοι
3036 1886 3091 1938 δὲ
3144 1884 3541 1955 μητροπολῖται
3597 1886 3826 1947 πάντες,

2236 1982 2284 2032 οἳ
2318 1981 2383 2032 τὰ
2439 1979 2814 2048 πολυσταύρια
2869 1978 3307 2044 ὲνδιδύσκονται,
3358 1975 3549 2029 τοῦτον
3617 1993 3827 2044 μαρτυ-

2239 2071 2458 2140 ροῦντες
2494 2071 2914 2142 ἐσταυρωμένον
2947 2073 3060 2132 τοῖς
3091 2069 3410 2137 φαινολίοις,
3450 2069 3548 2121 καὶ
3579 2069 3644 2121 οὐ
3685 2069 3827 2136 μετὰ

2236 2165 2464 2217 σάκκου.
2504 2163 2814 2216 Τελευταῖοι
2845 2163 2900 2214 δὲ
2924 2163 2972 2215 οἱ
3005 2162 3312 2223 ἐπίσκοποι,
3342 2161 3431 2213 διὰ
3477 2159 3570 2212 τοῦ
3605 2161 3823 2229 ὠμοφο-

2240 2257 2380 2324 ρίου,
2413 2257 2507 2309 καὶ
2545 2256 2705 2326 μόνον
2739 2255 2798 2306 τὸ
2837 2253 3007 2317 πάθος
3054 2252 3290 2324 Χριστοῦ
3335 2253 3394 2305 τὸ
3440 2253 3528 2305 διὰ
3579 2253 3822 2322 σταυροῦ

2239 2349 2622 2418 φανεροῦντες.
2647 2347 3084 2419 339Ἒκαστος
3113 2342 3206 2400 οὖν
3231 2346 3338 2416 χρὴ
3365 2348 3547 2415 τηρεῖν
3563 2346 3736 2398 αὐτοῦ
3756 2347 3822 2399 τά

2234 2444 2332 2512 τῆς
2363 2439 2588 2506 τάξεως.
2630 2441 3038 2510 ’Υπερηφαντας
3061 2440 3168 2509 γάρ
3197 2439 3258 2490 τὸ
3283 2439 3434 2501 παρὰ
3457 2439 3526 2491 τά
3560 2439 3821 2507 δεδομένα

2235 2536 2429 2600 ποιεῖν,
2463 2533 2558 2585 καὶ
2588 2532 2889 2601 λαμϐάνειν
2923 2532 3059 2600 ὅπερ
3099 2530 3197 2583 οὐκ
3228 2528 3454 2594 ἔξεστιν.

2794 2644 3133 2697 ΕΡΩΤΗΣΙΣ
3172 2644 3254 2697 K'.

2239 2760 2298 2812 Τί
2343 2758 2526 2822 δηλοῖ
2559 2758 2625 2810 τὸ
2649 2756 2866 2825 μίτραν
2885 2757 3112 2822 φορεῖν.
3153 2754 3259 2808 Καὶ
3286 2755 3472 2810 πόθεν
3511 2759 3546 2810 ό
3587 2757 3816 2825 Ῥώμης

2303 2829 2400 2882 καὶ
2432 2832 2464 2882 ό
2530 2827 2989 2894 Ἀλεξανδρείας
3038 2826 3263 2891 ταύτην
3298 2826 3520 2878 ἔλαϐον
3582 2829 3815 2894 φορεῖν.

2306 2901 2415 2952 Καὶ
2441 2897 2564 2962 πῶς
2597 2900 2649 2950 οἱ
2695 2893 2894 2950 λοιποὶ
2935 2893 3228 2964 ἀρχιερεῖς
3260 2896 3550 2960 άσκεπεῖς
3583 2893 3658 2965 τῇ
3719 2913 3814 2951 κε-

2301 2967 2469 3038 φαλῇ
2497 2965 2957 3034 λειτουργοῦσιν
2988 2979 3007 3028 ;

2312 3082 2370 3135 '0
2411 3080 2627 3151 Ῥώμης
2682 3078 2782 3148 τὴν
2819 3077 3018 3148 μίτραν
3051 3075 3143 3130 καὶ
3193 3079 3478 3148 ἡνωμένης
3534 3079 3636 3148 τῆς
3683 3079 3812 3135 Ἕκ.

2229 3174 2460 3244 κλησίας
2490 3171 2676 3241 οὔσης,
2703 3170 2795 3222 ἐπὶ
2830 3168 3070 3236 κεφαλῆς
3115 3168 3329 3238 ἔφερεν,
3374 3169 3450 3232 ὡς
3475 3171 3569 3223 καὶ
3598 3172 3626 3225 ὁ
3659 3172 3808 3225 Ἀλε-

2230 3268 2532 3337 ξανδρείας.
2586 3265 2681 3326 Τίς
2716 3263 2773 3316 δὲ
2814 3263 2842 3314 ὁ
2869 3262 2994 3322 δοὺς
3022 3259 3228 3325 ἄδειαν,
3267 3261 3366 3314 οὐκ
3421 3262 3565 3315 ἔστιν
3601 3263 3803 3328 εὑρεῖν,

2229 3363 2277 3412 εἱ
2307 3359 2382 3428 μὴ
2416 3357 2522 3412 ἀπό
2556 3373 2612 3424 γε
2647 3353 2740 3408 τοῦ
2797 3352 3028 3406 παλαιοῦ
3066 3353 3366 3424 ἀρχιερέως
3410 3353 3567 3406 τοῦτο
3597 3355 3802 3425 ἐλήφθη

2228 3451 2369 3503 κατά
2394 3467 2511 3502 τινα
2556 3448 2810 3516 μίμησιν,
2841 3447 2964 3498 ἐπεὶ
3007 3447 3260 3507 κάκεῖνος
3292 3445 3507 3514 κίδαριν
3537 3441 3684 3514 εἶχεν
3714 3447 3804 3498 ἐπὶ

2226 3545 2323 3612 τῆς
2356 3540 2617 3609 κεφαλῆς.
2647 3539 2802 3601 Τινὲς
2855 3537 2911 3590 δέ
2947 3553 3110 3604 φασιν
3160 3536 3234 3599 ὡς
3270 3536 3420 3606 παρὰ
3459 3538 3553 3589 τοῦ
3588 3535 3804 3605 πρώτου

2228 3634 2286 3685 ὲν
2318 3629 2598 3700 βασιλεῦσι
2645 3628 2970 3700 Χριστιανοῦ
3014 3627 3109 3680 τοῦ
3145 3627 3420 3680 θειοτάτου
3459 3627 3803 3680 Κωνσταντέ-

2228 3740 2318 3775 νου
2349 3721 2503 3775 τοῦτο
2529 3721 2683 3790 ἐδόθη
2714 3719 2789 3789 τῷ
2814 3721 3070 3790 μακαρίῳ
3106 3721 3270 3790 Πάπᾳ
3303 3719 3381 3788 τῷ
3429 3718 3646 3788 Ῥώμης
3675 3720 3799 3771 Σιλ-

2227 3815 2458 3883 ϐέστρῳ.
2496 3815 2606 3866 Καὶ
2653 3814 2710 3864 ὲν
2743 3812 2819 3881 τῷ
2843 3811 3229 3882 ’χρυσοϐοὑλλῳ
3258 3812 3313 3864 δὲ
3358 3810 3386 3862 ὃ
3413 3812 3633 3863 Λατῖνοι
3666 3827 3802 3879 προ-

2229 3906 2476 3974 φέρουσι,
2524 3904 2618 3958 τοῦ
2652 3905 2887 3975 μεγάλου
2919 3906 3170 3972 λέγοντες
3203 3900 3346 3956 εἶναι
3369 3904 3798 3966 Κωνσταντῐνοει,

2227 3993 2384 4048 τοῦτο
2415 3995 2746 4064 γέγραπται,
2799 3995 2873 4056 ὼς
2905 3994 2965 4046 τὸ
2991 3994 3209 4064 στέμμα
3239 3993 3338 4063 τῆς
3370 3992 3649 4062 βασιλείας
3698 4011 3803 4044 πα-

2233 4069 2376 4157 ρεῖχε
2410 4087 2488 4156 τῷ
2536 4086 2664 4156 θείῳ
2697 4085 3008 4156 Σιλϐἐστρῳ
3045 4089 3072 4138 ὁ
3102 4086 3513 4148 Κωνσταντῖνος
3541 4085 3618 4146 ὡς
3645 4103 3802 4136 πνευ-

2232 4181 2446 4250 ματικῷ
2482 4179 2678 4248 Πατρὶ,
2713 4180 2810 4246 τὴν
2865 4177 3169 4248 ἱερωσύνην
3208 4177 3404 4246 τιμῶν.
3473 4177 3630 4231 Ἐπεὶ
3659 4178 3716 4231 δὲ
3747 4178 3804 4229 οὗ

2229 4272 2554 4336 κατεδέξατο
2606 4271 2694 4323 διὰ
2723 4269 3052 4323 ταπείνωσιν
3109 4269 3451 4339 Σίλϐεστρος,
3486 4271 3578 4322 τὸν
3636 4271 3807 4337 λῶρον

2228 4366 2506 4434 ἠνάγκασε
2559 4363 2744 4416 λαϐεῖν
2798 4362 2887 4415 τὸν
2939 4361 3031 4413 ἐπὶ
3063 4361 3161 4429 τῆς
3213 4361 3498 4431 βασιλικῆς
3535 4362 3804 4430 κεφαλῆς,

554 4452 850 4520 postulavit
906 4461 1128 4522 propter
1191 4452 1582 4507 infirmitatem.
1612 4453 1716 4506 Alii
1746 4453 1936 4508 dicunt
1989 4455 2120 4509 illud

2236 4455 2498 4522 Κύριλλον
2531 4453 2587 4506 δὲ
2632 4453 2723 4505 τὸν
2774 4453 2950 4522 μέγαν
3005 4451 3108 4520 τῆς
3169 4450 3521 4521 ⁹Αλεξάνδρου
3568 4453 3678 4504 ἀπὸ
3708 4455 3806 4517 τῆς

559 4543 733 4597 eidem
768 4559 796 4596 a
827 4559 962 4614 papa
986 4558 1331 4606 concessum,
1390 4559 1511 4598 cum
1544 4545 1664 4614 ejus
1720 4545 1839 4600 loco
1891 4545 2128 4615 Cyrillus

555 4635 869 4703 praefuisset
933 4635 1105 4688 tertiae
1185 4617 1412 4703 synodo.
1469 4633 1576 4690 Nos
1643 4649 1772 4689 vero
1835 4636 2128 4689 certiorem

561 4725 865 4781 indicamus
899 4727 1140 4796 priorem
1181 4727 1530 4793 sententiam,
1563 4727 1691 4795 quia
1730 4727 2132 4781 vetustissimo-

559 4831 681 4869 rum
719 4817 922 4871 rituum
980 4819 1053 4873 ibi
1106 4817 1353 4872 videmus
1407 4817 1761 4872 imitationem
1815 4812 1992 4887 quoad
2045 4818 2134 4871 in-

562 4907 824 4962 dumenta
876 4911 1198 4976 sacerdotis,
1224 4921 1277 4966 et
1308 4911 1374 4964 iis
1397 4911 1484 4980 qui
1519 4927 1582 4966 ea
1624 4919 1911 4966 assumunt
1936 4925 2135 4964 munus

566 5001 775 5071 gratia}.
818 4999 884 5053 Et
917 5001 962 5056 si
997 5002 1088 5071 qui
1121 5002 1294 5055 nolint
1318 5005 1369 5058 in
1398 5004 1499 5058 hoc
1559 5003 1763 5059 habere
1812 5002 2130 5056 memoriam

564 5093 938 5161 antiquorum,
958 5094 1146 5147 saltem
1167 5093 1366 5148 ibidem
1390 5103 1690 5163 agnoscant
1710 5106 1894 5165 typum
1922 5095 2133 5164 spinea:

562 5199 781 5239 coronae
813 5194 868 5238 et
903 5183 1045 5238 sacri
1072 5183 1298 5239 sutlarii.
1342 5185 1494 5251 Quod
1520 5195 1700 5240 autent
1744 5200 1932 5241 omnes
1952 5184 2132 5238 caueri

565 5278 852 5348 pontifices
900 5280 1080 5348 capite
1127 5277 1405 5333 celebrent
1453 5279 1800 5349 discooperto
1868 5288 1922 5332 et
1979 5284 2137 5330 orent

566 5370 843 5435 similiter,
923 5371 1224 5425 secundum
1307 5369 1409 5424 hoc
1486 5373 1629 5439 quod
1688 5379 1850 5440 caput
1935 5369 2136 5422 habent

563 5460 866 5525 Christum,
907 5462 1049 5515 sit-ut
1095 5461 1334 5531 loquitur
1383 5461 1599 5516 divinus
1634 5460 1855 5516 Paulus.
1917 5457 1983 5512 Et
2032 5459 2135 5513 hoc

554 5517 741 5624 imagis
772 5564 1198 5610 consentaneum
1229 5553 1465 5609 sermoni
1509 5553 1712 5607 divino.

2239 4548 2458 4600 συνόδου
2509 4545 2715 4609 λαϐεῖν,
2768 4545 2828 4597 τὺ
2879 4544 3023 4614 ἔχειν
3071 4543 3164 4596 ἐπὶ
3217 4543 3462 4612 κεφαλῆς
3487 4543 3710 4611 ἔνδυμα,
3740 4543 3806 4595 δι’

2236 4637 2522 4689 ἀσθένειαν
2569 4633 2879 4704 ζητήσαντα
2932 4631 3108 4687 τοῦτο.
3135 4632 3353 4702 Ἕτεροι
3384 4632 3442 4685 δέ
3473 4649 3610 4700 φασι
3659 4632 3808 4700 παρὰ

2236 4728 2327 4780 τοῦ
2362 4728 2518 4779 πάπα
2549 4725 2750 4788 λαϐεῖν,
2803 4727 2894 4776 τὸν
2943 4726 3106 4777 τόπον
3137 4723 3303 4778 αὐτοῦ
3360 4724 3453 4776 ἐπὶ
3479 4725 3580 4791 τῆς
3624 4723 3808 4793 τρίτης

2238 4819 2455 4872 συνόδου
2494 4817 2706 4887 ἔχοντα.
2745 4817 2936 4886 Ἡμεῖς
2974 4816 3031 4868 δὲ
3068 4817 3492 4883 ἀναγκαιότερον
3524 4817 3806 4885 ἡγούμεθα

2234 4911 2294 4963 τὸ
2331 4909 2570 4980 πρῶτον,
2601 4910 2676 4970 ὼς
2715 4913 2857 4961 κατὰ
2895 4907 3127 4977 μίμησιν
3154 4907 3262 4960 τῶν
3298 4906 3546 4960 παλαιῶν
3580 4906 3808 4976 ὲνδυμάυ

2233 5020 2342 5055 των
2371 5002 2460 5054 τοῦ
2505 5001 2710 5070 ἱερέως,
2765 4999 3037 5052 καὶτοῦτο
3070 4997 3254 5050 λαϐεῖν
3277 5000 3403 5059 τοὺς
3434 5000 3532 5067 τῆς
3561 4999 3804 5067 χάριτος.

2237 5093 2300 5144 Εἰ
2328 5091 2495 5144 δὲκαὶ
2541 5090 2615 5159 μὴ
2649 5090 2790 5141 κατὰ
2825 5088 3057 5157 μίμησιν
3117 5088 3351 5151 ἐκείνου,
3383 5088 3474 5139 διὰ
3519 5088 3616 5139 τὸν
3641 5087 3805 5138 τύπον

2236 5183 2330 5236 τοῦ
2362 5183 2651 5236 ἀκανθίνου
2684 5181 2974 5248 στεφάνου,
3001 5180 3033 5250 ἢ
3066 5177 3161 5231 τοῦ
3214 5177 3356 5247 ἱεροῦ
3400 5177 3700 5246 σουδλρξου.
3745 5176 3803 5228 υἱ

2243 5274 2498 5337 ἀσκεπῶς
2527 5274 2582 5326 δὲ
2625 5274 3029 5342 ἱερουργοῦντες
3061 5270 3156 5324 καὶ
3207 5269 3632 5341 προσευχόμενοι
3671 5269 3802 5319 πάν-

2243 5386 2334 5429 τες
2362 5367 2512 5422 ἄλλοι
2560 5367 2855 5436 ἀρχιερεῖς,
2883 5364 2971 5416 διὰ
2993 5363 3052 5415 τὸ
3077 5365 3164 5415 τὸν
3202 5361 3433 5432 Χριστὸν
3465 5360 3608 5427 ἔχειν
3634 5374 3796 5424 κεφα-

2237 5461 2361 5530 λὴν,
2390 5460 2465 5522 ὡς
2496 5463 2524 5512 ό
2555 5457 2834 5518 θεσπέσιός
2869 5471 3000 5524 φησι
3035 5453 3259 5516 Παῦλος.
3293 5453 3357 5505 Ὃ
3385 5452 3449 5519 δὴ
3481 5450 3673 5520 μᾶλλον
3704 5448 3792 5500 καὶ

2244 5552 2383 5605 κατὰ
2411 5553 2567 5620 λόγον
2593 5553 2708 5604 ἐστὶ
2742 5551 3028 5619 Θειότερον.
