4060 6282
441 347 554 404 Βῖἷ)

1253 348 1656 429 SYMEUNIS
1700 345 2465 408 TllESSALONlCENSIS
2506 345 2862 407 ARCHIEP;

3595 347 3703 408 876

444 463 596 530 Myro
622 471 967 530 acceperunt.
1004 461 1058 518 Si
1089 461 1252 533 igitur
1295 480 1358 518 ex
1395 465 1526 535 ipsis
1585 465 1802 536 quidam
1859 465 2020 519 [idem
2055 506 2062 526 λ

2144 466 2203 515 )ὑ
2238 465 2345 534 μὴν
2376 463 2430 515 δὲ
2460 464 2558 533 τὴν
2589 463 2900 529 ἁγιωσύνην
2931 463 3050 516 οὐδὲ
3078 463 3172 534 τὴν
3195 465 3351 536 χάριν
3391 462 3486 518 τοῦ
3534 461 3705 516 Ilvati-

448 552 783 620 r.eg:iverint,
815 551 1016 606 habent
1051 553 1270 620 quidem
1322 570 1540 608 scrvare
1580 556 1819 624 aliquam
1873 553 2019 607 scin-

446 641 613 692 tillam
637 639 757 693 vita;
789 641 1226 703 inamissihilem,
1277 652 1332 697 et
1365 644 1661 713 aliquando
1704 649 2016 712 resurgcnt,

533 739 716 785 essent
756 731 1100 789 immortales
1128 751 1144 801 ;
1177 735 1268 789 sed
1303 751 1409 790 non
1449 736 1728 790 habebunt
1758 735 2019 791 sanctita-

447 830 553 872 tem
581 829 633 873 et
659 822 886 887 gratiam
921 823 1158 892 Spiritus
1184 827 1357 879 sancti
1393 843 1408 892 ;
1442 836 1497 881 et
1526 841 1650 879 cum
1684 825 2022 880 daemonibus

449 913 770 981 punientur.
810 913 966 968 Sicut
995 917 1138 970 enim
1185 933 1289 970 una
1345 926 1427 973 est
1459 918 1740 988 generatio
1783 918 2022 973 hominis

449 1007 750 1060 secundum
817 1023 1062 1073 carnem,
1127 1011 1199 1063 ita
1267 1026 1374 1065 una
1430 1026 1650 1081 quoque
1720 1012 2024 1067 secundum

436 1094 715 1164 Spiritum
750 1099 927 1154 datur.
966 1101 1120 1170 lmpii
1173 1103 1319 1157 enim
1375 1103 1702 1158 accedentes
1749 1104 1814 1157 ad
1861 1103 2021 1158 [idem

449 1175 500 1243 ct
527 1192 792 1258 baptisma
823 1194 1209 1261 suscipientes.
1235 1196 1380 1249 sicut
1402 1195 1644 1248 omnium
1673 1203 2023 1263 peccatorum

450 1281 708 1335 lotionem
744 1285 946 1337 habent
980 1284 1128 1338 dono
1165 1284 1258 1339 Dei
1291 1301 1356 1340 ex
1383 1300 1546 1340 sacro
1580 1281 1750 1355 fonte,
1781 1286 1826 1339 si
1867 1287 2028 1353 digne

451 1375 801 1442 contendant,
851 1376 1014 1430 etiam
1050 1377 1103 1430 in
1161 1378 1526 1432 sacerdotium
1573 1378 2020 1430 introducuntur.

453 1465 558 1531 Qui
595 1483 726 1522 vero
757 1468 1017 1523 labuntur
1049 1479 1170 1539 post
1200 1470 1491 1537 baptisma,
1522 1485 1648 1523 cum
1683 1470 1816 1524 illud
1857 1485 2027 1524 unum

455 1561 544 1623 sit,
581 1569 632 1613 et
669 1577 773 1614 una
803 1577 896 1629 per
931 1564 1162 1632 gratiam
1228 1562 1505 1625 remissio,
1537 1570 1592 1615 et
1653 1561 2028 1630 pmnitentiam

455 1660 635 1720 agant,
667 1652 999 1721 recipiuntur
1031 1651 1273 1720 quidem,
1303 1652 1398 1708 sed
1451 1653 1820 1708 sacerdotium
1870 1667 2030 1706 exer-

444 1758 600 1806 cere,
638 1751 731 1797 aut
758 1745 885 1818 ideo
907 1744 1152 1814 accipere
1179 1759 1288 1800 non
1314 1753 1559 1814 possunt.
1607 1743 1895 1814 Propterea
1941 1743 2029 1810 qui

2127 573 2292 626 ματος
2322 555 2557 618 ἕξουσιν,
2594 554 2728 606 ἀλλὰ
2763 555 2900 623 μετὰ
2937 557 3044 608 τῶν
3078 555 3398 609 ἀποστατῶν
3425 555 3702 622 δαιμόνων

2123 647 2644 717 κατακριθήσονται.
2680 645 2800 698 Ὀτι
2833 644 3022 715 ὥσπερ
3050 647 3146 716 μία
3183 647 3282 716 τῆς
3307 645 3530 715 σαρκὸς,
3560 643 3696 697 οὖτα

2123 739 2216 792 καὶ
2252 739 2352 808 μία
2381 740 2632 807 γέννησις
2665 741 2721 791 ὲν
2752 739 3030 807 Πνεύματε.
3050 740 3279 793 δέδοται.
3311 739 3402 791 Διὸ
3423 739 3472 791 οἱ
3497 738 3699 806 ταύτην

2128 829 2477 900 μολύναντες,
2504 830 2624 882 οὐδὲ
2656 833 2735 892 εἰς
2760 830 3058 900 ἱερωσύνην
3085 829 3471 892 ἐπανελθόντες
3502 827 3700 898 προσάρ-

2125 938 2333 989 γονται.
2379 922 2618 984 ’Λσεϐεῖς
2648 922 2703 974 δὲ
2751 921 3151 991 προσελθόντες
3172 924 3234 991 τῇ
3282 921 3490 986 πίστει,
3523 923 3616 972 καὶ
3645 919 3701 972 τί

2129 1011 2412 1080 βάπτισμα
2443 1013 2718 1074 λαϐόντες,
2750 1012 2824 1072 ὡς
2849 1013 3066 1066 πάντων
3093 1012 3508 1082 ἁμαρτημάτων
3538 1011 3705 1064 ἁπαλ-

2127 1104 2382 1170 λαγέντες
2413 1104 2622 1172 δωρεὰν
2677 1103 2755 1174 τῷ
2787 1104 2915 1174 Θείφ
2963 1103 3200 1174 λουτρῷ,
3243 1105 3294 1156 εί
3324 1103 3578 1174 ἁρμόδιοι
3606 1119 3710 1170 ipa.-

2130 1197 2292 1257 νεῖεν,
2332 1195 2425 1246 καὶ
2477 1196 2556 1256 είς
2609 1195 2912 1264 ἱερωσύνην
2945 1195 3218 1266 ἔρχονται.
3270 1196 3334 1249 οι
3366 1195 3423 1248 δὲ
3455 1195 3710 1256 πεσόντες

2133 1287 2270 1354 μετὰ
2290 1286 2351 1338 τὸ
2384 1285 2692 1354 βάπτισμα,
2729 1287 2850 1338 ἐπεὶ
2883 1287 2941 1339 ἒν
2991 1287 3171 1350 τοῦτο,
3215 1288 3310 1342 καὶ
3359 1288 3459 1356 μία
3499 1288 3533 1356 ἡ
3569 1285 3709 1339 κατὰ

2130 1379 2290 1446 χάριν
2321 1378 2536 1447 ἄφεσις,
2577 1379 2988 1446 μετανοοῦντες,
3023 1379 3268 1449 δέχονται
3319 1379 3444 1449 μὲν,
3483 1376 3711 1449 ίερωσύο

2130 1484 2230 1537 νην
2253 1467 2310 1521 δὲ
2338 1470 2607 1538 ἐνεργεῖν,
2642 1469 2675 1538 ἢ
2703 1469 2892 1522 λαϐεῖν
2933 1471 2995 1522 ού
3035 1469 3311 1524 δύνανται.
3363 1469 3464 1523 Διά
3495 1468 3654 1522 τοῦτο
3684 1469 3712 1520 δ

2132 1558 2512 1629 ἀρνησάμενος
2561 1561 2778 1624 δεκτὲος
2813 1560 2934 1630 μὲν,
2978 1561 3060 1614 ὅτι
3090 1560 3301 1615 δέδοται
3350 1563 3463 1624 τοῖς
3501 1561 3711 1630 ἀνθρώ·

2134 1666 2255 1712 ποις
2280 1650 2513 1704 ἐνταῦθα
2551 1652 2835 1718 μετάνοια,
2873 1651 2961 1705 διὰ
2986 1651 3046 1704 τὸ
3073 1652 3174 1722 τῆς
3203 1651 3409 1722 σαρκὸς
3438 1651 3710 1706 εὐόλισθόν

2133 1758 2191 1793 τε
2222 1741 2316 1794 καὶ
2337 1743 2584 1803 ἀσθενές.
2618 1742 2724 1794 Kal
2745 1743 2831 1795 διὰ
2854 1741 2964 1794 τῶν
2989 1743 3279 1813 ίερατικῶν
3312 1743 3488 1814 εὐχῶν
3518 1745 3710 1796 καταλ-

457 1835 617 1890 ﬁdem
671 1839 888 1905 negavit
941 1854 1061 1892 cum
1130 1839 1203 1894 sit
1259 1837 1632 1908 recipiendus,
1681 1839 1810 1908 quia
1873 1838 2033 1895 datur

2144 1833 2405 1902 λάσσομεν
2461 1831 2649 1886 τοῦτον
2710 1835 2773 1903 τῇ
2833 1835 3093 1905 μετανοίᾳ
3153 1834 3231 1902 τῷ
3291 1835 3431 1904 Θεῷ,
3501 1836 3596 1889 καὶ
3647 1836 3711 1904 ἢν

454 1928 774 1984 hominibus
804 1929 893 1984 hic
920 1930 1136 2000 dignam
1182 1945 1343 2000 agere
1397 1930 1771 2000 paenitentiam
1834 1943 2032 1984 secun-

2144 1926 2401 1995 ηχρείωσε
2435 1923 2586 1976 θείαν
2619 1926 2890 1994 σφραγῖδα
2917 1926 3013 1978 καὶ⁵
3040 1927 3132 1978 τὸν
3161 1927 3454 1995 ἀγιασμδν,
3484 1927 3564 1996 τῷ
3585 1927 3709 1997 θείῳ

459 2021 588 2073 dum
653 2021 837 2074 carnis
897 2022 1251 2092 fragilitatem
1311 2033 1368 2078 et
1437 2023 1837 2086 inﬁrmitatem,
1887 2021 2034 2075 hunc

2144 2017 2293 2085 μύρῳ
2324 2016 2485 2069 πάλιν
2517 2015 2878 2086 ἀνανεοῦμεν,
2919 2018 3012 2070 καὶ
3037 2020 3094 2070 ὲν
3125 2017 3274 2087 αὐτῷ
3308 2017 3709 2087 ὲγκαινίζομεν.

457 2111 813 2179 pmnitentem
853 2111 961 2167 Deo
998 2113 1418 2169 reconciliamus
1453 2129 1550 2184 per
1589 2128 1777 2184 preces
1821 2128 2031 2175 sacras,

2144 2108 2247 2160 Kal
2291 2107 2318 2157 ὁ
2372 2105 2539 2159 Δαϐὶδ
2598 2105 2760 2159 τοῦτο
2811 2108 3135 2179 ἁμαρτήσας
3189 2109 3392 2178 ᾐτεῖτο,
3433 2112 3526 2162 καὶ
3563 2110 3714 2163 ἔλαϐε

459 2211 514 2255 et
553 2212 611 2256 nt
638 2204 965 2272 _reviviscat
992 2204 1087 2258 Dei
1111 2203 1347 2275 sigillum
1398 2214 1449 2261 et
1485 2207 1850 2271 consecratio,
1879 2204 2031 2258 illum

2144 2200 2417 2269 μετανοίᾳ,
2443 2201 2535 2253 καὶ
2562 2198 2782 2270 Πνεῦμα
2805 2201 2981 2266 εύοὲς,
3002 2201 3198 2269 λέγων,
3228 2221 3247 2253 ι
3291 2201 3636 2271 Ἐγκαίνισον
3657 2204 3714 2257 ἒν

460 2291 824 2360 myrodivino
853 2306 1182 2347 renovamus
1213 2301 1268 2348 et
1319 2301 1489 2348 totum
1539 2294 1815 2348 sanctitati
1862 2294 2032 2349 devo-

2144 2292 2244 2353 τυῖς
2278 2291 2533 2360 ἐγκάτοις
2573 2309 2697 2360 μου,
2739 2311 2758 2342 ι
2794 2292 3088 2362 Βάπτισμα
3116 2293 3173 2347 δὲ
3229 2293 3330 2347 οὐκ
3377 2295 3716 2364 ἐπιφέρομεν

463 2397 678 2438 ventus.
711 2383 777 2437 Ει
803 2383 907 2438 hoc
936 2384 1102 2438 David
1142 2385 1195 2438 in
1249 2395 1475 2456 peccato
1529 2386 1716 2456 lapsus
1764 2387 1926 2444 enixe
1979 2394 2034 2442 et

2144 2383 2318 2449 πάλιν,
2352 2384 2434 2438 ὅτι
2460 2383 2518 2438 ἒν
2545 2385 2639 2438 καὶ
2677 2384 2775 2453 μία
2799 2386 2833 2454 ή
2867 2385 3012 2438 κατὰ
3037 2387 3198 2457 χάριν
3231 2385 3453 2456 ἄφεσις,
3481 2387 3516 2456 ἡ
3543 2386 3598 2439 δὲ
3621 2385 3720 2456 τῆς

460 2476 745 2532 humiliter
775 2479 1335 2547 postulavitdicens:
1373 2498 1391 2530 ι
1427 2480 1489 2534 Ει
1522 2481 1776 2550 spiritum
1822 2489 2030 2536 rectum

2144 2478 2430 2550 μετανοίας
2457 2476 2549 2532 διὰ
2569 2476 2847 2548 δακρύων.

461 2581 660 2632 iuuova
713 2575 766 2628 in
814 2575 1119 2633 visceribus
1171 2577 1307 2634 meis
1357 2577 1453 2630 ι’.»
1508 2577 1848 2646 Baptismum
1904 2590 2038 2648 ergo
2076 2591 2184 2631 non
2216 2577 2502 2638 iteramus.
2535 2575 2665 2644 quia
2701 2589 2869 2628 unum
2894 2582 3002 2640 est,
3067 2584 3118 2630 et
3190 2588 3298 2628 una
3339 2590 3435 2646 per
3491 2578 3720 2646 gratiam
3821 2638 3832 2645 ν

459 2669 714 2725 munissio
749 2689 762 2725 :
797 2681 848 2726 et
879 2669 997 2726 haec
1021 2687 1115 2741 per
1142 2672 1414 2743 lacrymas
1448 2673 1810 2741 pmnitentiae.

986 2791 1308 2858 QUIESTIO
1344 2793 1533 2849 XXIV.

465 2874 610 2930 Num
637 2895 752 2943 quw
776 2882 892 2950 quis
916 2881 1033 2951 jam
1064 2895 1142 2938 est
1167 2886 1464 2953 confessus,
1487 2887 1667 2941 eadem
1692 2887 1886 2942 iterum
1916 2903 2042 2940 con-

979 2954 1118 3021 ﬁteri
1156 2956 1280 3008 aliis
1314 2955 1499 3010 debeat
1528 2957 1552 3010 ?

473 3081 486 3126 γ
535 3043 590 3100 Si
625 3045 748 3114 quis
776 3057 996 3116 peccata
1052 3047 1342 3104 confessus
1372 3049 1540 3107 fuerit
1567 3051 1665 3106 uni
1721 3066 1752 3107 e
1786 3051 2041 3106 Patribus

465 3137 861 3206 spiritualibus,
887 3152 1076 3194 sacros
1106 3154 1412 3210 exsequens
1442 3157 1704 3208 canones,
1737 3151 1791 3198 et
1839 3143 1942 3197 rite
1972 3141 2040 3197 ad

464 3245 626 3297 opera
648 3230 980 3298 pmnitentiae
999 3246 1056 3286 se
1070 3232 1423 3298 disposuerit,
1440 3233 1663 3288 minime
1678 3234 1838 3288 debet
1852 3233 2039 3286 eadem

467 3319 665 3372 iterum
709 3318 960 3372 conﬁteri
1018 3319 1184 3385 aliis;
1219 3333 1339 3373 nam
1389 3321 1474 3375 bis
1527 3335 1723 3388 urgere
1775 3320 2039 3388 regulam,

467 3409 701 3474 priorem
743 3407 954 3461 irritam
991 3406 1140 3461 facit.
1167 3407 1222 3462 Si
1258 3423 1386 3462 vero
1418 3408 1559 3464 forte
1589 3411 1644 3464 in
1675 3409 1866 3464 eadem
1917 3425 2046 3478 pec-

467 3508 590 3553 cata
623 3499 873 3567 relapsus
899 3499 994 3564 sit,
1027 3509 1086 3553 ut
1120 3500 1358 3568 perfecte
1414 3501 1760 3567 conﬁteatur,
1817 3511 1873 3557 et
1918 3503 2046 3557 velit

469 3591 750 3644 declarare
774 3589 931 3658 quasi
962 3590 1175 3646 radices
1207 3599 1261 3645 et
1286 3607 1481 3648 causas
1515 3595 1815 3649 recentium
1851 3609 2046 3666 pecca-

470 3694 649 3735 torum
682 3692 738 3735 et
766 3683 1089 3750 posterioris
1136 3683 1346 3754 lapsus;
1370 3685 1553 3754 priora
1609 3686 1786 3755 aperit
1823 3696 2044 3756 peccata

471 3776 537 3826 all
570 3775 874 3842 augendum
897 3774 1281 3842 humilitatem,
1339 3778 1718 3833 contritionem
1751 3780 1938 3835 cordis
1995 3790 2048 3834 et

470 3875 837 3935 contemptum
871 3866 973 3927 sui,
999 3867 1197 3933 quibus
1225 3871 1397 3940 magis
1421 3872 1634 3940 proiicit
1674 3873 1976 3927 humilitas.

989 3982 1315 4048 QUIESTIO
1349 3983 1514 4041 XXV.

474 4072 555 4125 An
593 4074 673 4142 [as
703 4075 771 4127 sit
804 4083 1000 4128 sancta:
1030 4075 1466 4144 Quadragesimw
1499 4085 1730 4145 tempore
1778 4075 2053 4144 baptizare

928 4147 1006 4199 vel
1037 4146 1300 4200 celebrare
1337 4147 1596 4214 nuptias?

535 4231 718 4287 Etiam
749 4235 804 4288 in
835 4249 989 4289 saera
1013 4243 1067 4288 et
1101 4235 1338 4288 maxima
1364 4234 1792 4305 Quadragesima
1827 4251 2055 4291 necesse

470 4333 557 4378 est
587 4325 862 4392 baptizare
912 4341 1037 4380 cum
1076 4342 1102 4381 s
1153 4328 1240 4395 qui
1283 4329 1568 4390 accedunt,
1601 4326 1654 4380 in
1693 4345 1800 4396 quo
1849 4331 2054 4382 nullum

468 4431 595 4470 esse
645 4425 822 4484 potest
874 4417 1340 4486 impedimentum.
1394 4433 1570 4487 neque
1620 4429 1853 4488 tempus,
1882 4434 2057 4489 neque

478 4505 618 4568 dies,
658 4523 833 4576 neque
858 4509 1085 4577 quodvis
1115 4511 1260 4564 aliud
1288 4527 1302 4575 ;
1330 4519 1414 4565 est
1447 4512 1587 4562 enim
1628 4511 1730 4565 hoc
1759 4511 1960 4564 donum
1990 4508 2056 4564 ad

2688 2785 3025 2838 ΕΡΩΤΗΣΙΣ
3067 2786 3194 2838 ΚΔ’.

2150 2881 2338 2948 ’Ἀπερ
2364 2878 2452 2944 τίς
2482 2877 3008 2948 ἐξωμολογήσατο,
3044 2877 3272 2946 ὀφείλει
3303 2875 3494 2930 πάλιν
3517 2874 3726 2945 diago-

2438 2955 2449 2966 ’
2750 2951 2893 3017 ,κοτε
2899 2947 3097 3012 ἵσθαιις

2222 3041 2403 3110 "Amp
2441 3037 2893 3109 ὲξωμολογήσατό
2922 3056 3003 3101 τις
3030 3039 3275 3108 “aspici.
3313 3037 3728 3106 πνευματικοῖς,

2151 3135 2246 3186 καλ⁵
2281 3132 2476 3186 κανόνα
2515 3131 2752 3197 ἐδέξατο,
2790 3131 2886 3183 καὶ
2915 3129 3244 3201 ᾠκονομῆσὶη
3278 3127 3586 3191 κανονικῶς
3615 3128 3728 3187 τοῖς

2153 3226 2338 3296 ἔργοις
2383 3224 2482 3292 τῆς
2529 3223 2842 3293 μετανοίας,
2893 3223 2993 3276 οὐκ
3032 3222 3238 3291 ὀφείλει
3271 3221 3434 3276 πάλιν
3480 3219 3731 3290 ἐξομολο-

2145 3318 2360 3386 γεῖσθαι
2387 3317 2598 3370 ἄνωθεν
2640 3316 2872 3384 ἑτέροις,
2926 3316 3021 3368 καὶ
3048 3313 3251 3369 κανόνα
3276 3311 3577 3382 ἐπιζητεῖν,
3602 3311 3730 3364 d02-

2143 3425 2226 3462 τει
2245 3410 2351 3478 γὰρ
2371 3406 2464 3458 τὸν
2488 3402 2725 3475 πρῶτον,
2749 3405 2798 3456 εί
2825 3405 2896 3472 μή
2919 3421 3019 3457 που
3040 3405 3151 3466 τοῖς
3179 3404 3364 3464 αὐτοῖς
3385 3402 3732 3472 περιπέπτω-

2145 3517 2238 3554 κεν
2271 3501 2657 3570 ἁμαρτήμασι,
2688 3503 2783 3550 καὶ
2812 3495 3070 3566 καθαρῶς
3100 3495 3624 3565 ἐξομολογούμενος,
3647 3493 3724 3556 ὡς

2149 3592 2303 3662 ῥίζας
2328 3593 2484 3654 τινὰς
2537 3592 2628 3643 καὶ
2662 3590 2840 3652 αίτίας
2867 3589 2970 3660 τῆς
3001 3590 3278 3659 ἁμαρτίας
3300 3589 3402 3656 τῆς
3451 3588 3728 3654 δευτέρας,

2143 3685 2244 3740 καὶ
2273 3682 2342 3736 τὰ
2363 3685 2627 3752 πρότερον
2648 3681 2965 3749 ἐξαγορεύει
2991 3683 3079 3734 διὰ
3101 3683 3431 3736 ταπείνωσιν
3473 3680 3733 3750 ἁμαρτή-

2153 3791 2320 3843 ματα,
2359 3774 2390 3843 ἢ
2425 3776 2514 3826 καὶ
2543 3773 2730 3838 ἁπλῶς
2760 3773 2851 3826 διὰ
2879 3771 3169 3844 συντριϐὴν
3195 3773 3423 3843 καρδίας
3453 3773 3548 3825 καὶ
3581 3771 3732 3836 £500-

2151 3865 2397 3929 δένωσιν,
2428 3866 2502 3927 ὡς
2530 3865 2594 3918 ἄν
2617 3882 2669 3917 τι
2700 3864 2865 3917 πλέον
2903 3864 3140 3938 κερδάνῃ
3172 3868 3240 3936 τῇ
3269 3863 3625 3920 ταπεινώσει.

2679 3979 3018 4034 ΕΡΩΤΗΣΙΣ
3054 3980 3185 4034 KE'.

2157 4075 2223 4126 Ei
2251 4071 2366 4141 χρὴ
2413 4070 2726 4136 ,βαπτίζειν
2773 4072 2847 4136 τῆ
2875 4075 3013 4139 ἁγίᾳ
3031 4070 3536 4153 ⁸Τεσίγαριιλιοστῆ,
3562 4072 3602 4140 ἣ
3634 4072 3734 4141 γάρ

2748 4160 2868 4212 μον
2895 4159 3090 4196 ποιειν
3119 4159 3162 4206 ;,

2228 4237 2307 4306 Τῇ
2371 4236 2500 4306 ἁγίᾳ
2558 4237 2652 4287 καὶ
2718 4235 2930 4307 μεγάλῃ
2981 4235 3408 4303 Τεσσαρακοστῇ
3450 4233 3735 4303 βαπτίζειν

2157 4332 2375 4386 ἅπαντα
2417 4327 2853 4398 προσερχόμενον
2910 4327 3230 4394 ἀναγκαῖον.
3270 4325 3382 4379 Καὶ
3410 4325 3565 4378 οὐδὲν
3600 4325 3736 4392 πρὸς

2156 4422 2317 4475 τοῦτο
2347 4419 2596 4488 κώλυμα,
2650 4418 2714 4471 ού
2758 4417 2974 4489 καιρὸς,
3033 4417 3133 4485 οὐχ
3183 4416 3388 4487 ἡμέρα,
3423 4416 3579 4470 οὐδὲν
3627 4417 3736 4470 τῶν

2159 4512 2317 4574 ὅλων,
2353 4511 2478 4565 ἐπεὶ
2534 4510 2640 4562 τῶν
2691 4508 2827 4576 πρὸς
2873 4507 3148 4576 σωτηρίαν
3179 4506 3338 4560 τοῦτο
3393 4507 3453 4559 τὸ
3478 4506 3733 4576 δώρημα.

470 4596 728 4650 salutem.
755 4598 861 4652 Sed
892 4610 945 4652 et
990 4599 1032 4652 si
1071 4602 1192 4668 quis
1253 4600 1492 4654 ﬁdelium
1522 4601 1752 4654 voluerit
1782 4600 2059 4670 suscipere

2167 4605 2277 4658 Kal
2327 4602 2615 4672 μοναχικέιν
2667 4583 2955 4668 δὲ’σχῆμσ
3013 4597 3407 4668 περιϐαλέσθαι
3442 4597 3566 4651 τινὰ
3626 4597 3736 4650 τῶν

477 4689 880 4752 professionem
919 4693 1274 4746 rnonasticam
1302 4691 1530 4748 induere
1558 4701 1765 4747 vestem
1799 4692 2062 4748 monasti-

472 4797 619 4842 cant,
654 4783 858 4851 optime
893 4786 1227 4841 conveniens
1285 4795 1370 4841 est
1427 4796 1644 4854 tempus
1700 4785 2058 4854 pcenitcntias.

473 4868 740 4925 Similiter
773 4874 906 4926 nihil
933 4876 1157 4944 impedit
1192 4878 1323 4945 quin
1362 4887 1476 4928 tum
1505 4875 1704 4943 aliquis
1755 4875 1823 4929 ad
1877 4890 2059 4930 sacer-

477 4958 686 5016 dotium
723 4962 1010 5017 cvebatur.
1047 4965 1268 5018 Diaconi
1295 4965 1570 5020 ordinatio
1608 4965 1708 5020 fiet
1767 4967 1835 5020 iis
1883 4966 2056 5034 sacri-
2117 4970 2121 4973 ’

477 5051 606 5105 ﬁcio
633 5054 1226 5120 praesanctiﬁcatorum,
1265 5057 1564 5126 presbyteri
1595 5069 1774 5112 autem
1801 5060 1851 5110 in
1887 5059 2053 5112 missa

467 5144 768 5210 .cornpleta,
803 5145 933 5213 quia
961 5149 1245 5216 presbyter
1277 5158 1358 5202 est
1395 5151 1643 5204 minister
1674 5151 1919 5204 initiatus
1984 5151 2050 5205 ad

477 5235 682 5294 omnia,
715 5233 978 5289 diaconus
1011 5250 1138 5290 vero
1174 5237 1240 5291 ad
1262 5237 1507 5304 quaedam
1533 5238 1706 5293 oﬂicia
1769 5253 1944 5302 sacra,
1993 5247 2050 5294 ut

479 5334 534 5378 ct
563 5327 953 5382 subdiaconus.
1002 5327 1231 5397 Nuptias
1271 5346 1397 5385 vero
1436 5347 1544 5385 non
1605 5340 1823 5399 oportet
1879 5331 2057 5386 facere

473 5418 724 5484 omnino,
756 5422 882 5488 quia
907 5436 1042 5490 opus
1064 5423 1431 5478 carnaleillud
1451 5435 1552 5487 est,
1580 5423 1724 5492 quod
1747 5425 2055 5493 prolicit-ad

479 5512 737 5576 gaudium
795 5522 849 5566 et
891 5514 1178 5570 utilitatem
1240 5517 1440 5581 carnis,
1477 5529 1576 5571 nec
1623 5525 1804 5586 potest
1855 5516 2056 5583 aliquis

477 5617 606 5668 qtue
637 5605 821 5658 carnis
852 5615 982 5659 sunt
1014 5623 1206 5663 curare
1240 5616 1291 5662 et
1319 5609 1654 5678 pmnitentim
1688 5623 1902 5673 vacare,
1962 5619 2057 5662 aut

559 5777 601 5808 ”
623 5777 764 5832 Paul.
801 5795 853 5844 ι,
885 5783 970 5838 12..

2125 4697 2132 4701 ’
2168 4694 2510 4765 βουλομένων
2543 4691 2772 4754 πιστῶν,
2801 4684 2956 4752 οὗτος
2992 4689 3194 4760 μᾶλλον
3226 4690 3255 4740 ὁ
3286 4688 3478 4759 καιρὸς
3511 4688 3612 4758 τῆς
3645 4705 3739 4755 με-

2165 4781 2385 4844 τανοίας
2419 4780 2747 4848 ἐφαρμόσει.
2801 4779 2910 4831 Kal
2957 4779 3258 4848 ἱερωσύνην
3286 4778 3342 4832 δὲ
3388 4777 3573 4832 λαϐεῖν
3615 4795 3738 4830 τινα

2163 4873 2272 4924 τῶν
2292 4872 2478 4938 ἀξίων,
2506 4871 2659 4923 οὐδὲν
2685 4868 2744 4922 τὸ
2769 4868 2996 4922 κωλύον.
3027 4868 3404 4946 Καὶγδιακόνου
3431 4869 3531 4937 μὲν
3555 4884 3736 4937 χειροσ

2168 4964 2350 5015 τονίαν
2391 4964 2448 5014 ἐν
2469 4965 2529 5033 τῇ
2557 4961 2666 5013 τῶν
2697 4959 3155 5029 προηγιασμένων
3181 4960 3483 5031 ἱερουργίᾳ,
3502 4959 3738 5028 πρεσϐυ-

2159 5055 2316 5123 τέρου
2345 5053 2402 5105 δὲ
2445 5055 2502 5105 ὲν
2533 5052 2716 5121 τελείᾳ
2739 5052 3076 5120 λειτουργίᾳ,
3113 5051 3194 5102 ὅτι
3230 5050 3543 5113 τελεστικδς
3571 5051 3673 5120 μὲν
3707 5051 3737 5103 ὁ

2159 5143 2521 5212 πρεσϐύτερος
2549 5181 2563 5205 ,
2617 5142 2862 5204 διάκονος
2902 5141 2957 5194 δὲ
2990 5141 3146 5212 341
3188 5141 3583 5211 λειτουργικδς,
3613 5142 3732 5210 ἦτοι

2159 5235 2460 5305 ὑπηρέτης.
2489 5235 2672 5302 Γάμον
2698 5233 2753 5286 δὲ
2781 5235 2841 5286 οὐ
2876 5234 2983 5304 χρὴ
3016 5236 3190 5286 ποιεῖν
3230 5235 3388 5297 ὅλως,
3416 5235 3499 5287 ὅτι
3533 5233 3734 5302 σαρκὸς

2163 5328 2320 5380 τοῦτο
2350 5328 2408 5380 τὸ
2439 5327 2616 5397 ἔργον,
2651 5327 2741 5378 καὶ
2785 5326 3052 5396 σαρκικῆς
3083 5325 3425 5395 εὐφροσύνης
3453 5322 3731 5394 πρόξενον,

2165 5423 2257 5471 καὶ
2289 5420 2346 5472 ού
2372 5419 2595 5472 δύναταί
2626 5436 2708 5481 τις
2743 5419 2812 5470 τὰ
2840 5418 2938 5486 τῆς
2961 5415 3160 5486 σαρκὸς
3193 5416 3487 5486 μεριμνᾷν,
3520 5415 3611 5466 καὶ
3638 5430 3732 5483 με·
3815 5415 3821 5421 ’

2161 5515 2397 5574 τανοείν,
2450 5512 2569 5564 οὐδὲ
2599 5511 2899 5580 κοσμικους
2933 5509 3077 5578 ἔχειν
3124 5493 3441 5576 λογισμοὺς,
3474 5506 3565 5560 καὶ
3609 5521 3733 5556 πεν·

2152 5606 2439 5674 ,θεῖνὺττὲρ
2488 5606 2585 5674 τῆς
2615 5603 2811 5672 ψυχῆς.
2860 5602 2949 5653 Διὸ
3008 5601 3124 5653 οὐδὲ
3174 5599 3523 5667 συνάλλαγμα
3554 5596 3732 5666 γάμου
