4060 6282
421 394 525 457 883

1231 378 1614 443 SYMEONIS
1650 373 1938 437 massa
1952 370 2408 433 LONICENSIS
2437 349 2804 432 A‘ncntap.

3559 365 3676 428 εει

424 505 632 574 scapis,
665 502 759 559 sed
792 509 847 556 et
877 499 1101 556 cuilibet
1131 494 1354 553 clerico.
1387 493 1582 550 Omnis
1610 493 1792 561 itaque
1821 502 2005 544 sacer-
2032 507 2050 554 λ

2135 469 2489 569 ιγωνιζέσθω,
2524 487 2664 539 κατὰ
2691 484 2960 566 μοναχοῦς
2999 482 3121 555 ζῇν,
3151 465 3562 554 ᾓκαὶίμοναχῆς
3592 482 3685 550 γε-

425 596 527 650 dos
554 608 677 647 cum
724 584 874 646 tan'ta
907 589 1111 662 polleat
1145 587 1433 656 dignitate,
1487 591 1676 637 sancte
1710 579 1875 633 vitam
1927 577 2007 628 iu-

2117 579 2303 630 νέσθαι
2333 579 2476 631 κατὰ
2502 578 2693 647 καιρὸν
2720 577 3017 631 σπευδέτω.

426 689 640 754 stituat,
674 695 874 741 etcum
927 682 1208 739 monachis
1239 680 1533 736 sanctitate
1564 684 1760 738 certet,
1803 683 1857 730 et
1891 673 2006 743 ipse
2055 672 2213 743 quas:
2281 674 2588 730 monachus
2643 673 2760 727 ﬁeri
2819 673 2927 726 vita
2980 687 3079 726 sua
3127 685 3224 741 pro
3280 671 3686 739 opportunitate

429 790 659 853 satagat.

904 869 1226 939 ουΑεδτιο
1277 867 1493 923 XXXIV
1512 909 1524 922 .

559 969 815 1034 Quantam
851 973 1064 1032 peccata
1093 973 1160 1016 aa
1203 973 1420 1015 mortem
1447 962 1552 1014 sive
1597 959 1845 1012 mortalia
1876 960 1901 1009 ?

501 1063 734 1116 Peccata
791 1059 857 1112 ad
911 1065 1140 1111 mortem
1170 1055 1406 1124 (quidam
1448 1053 1640 1105 dicunt
1678 1066 1800 1104 esse
1843 1059 2002 1112 octo;

432 1157 560 1226 quia
590 1163 642 1208 et
665 1161 790 1207 octo
835 1162 963 1205 sunt
991 1149 1299 1220 passiones,
1352 1146 1744 1214 speciatimque
1776 1159 2004 1211 sequen-

433 1247 508 1299 tia
543 1253 792 1299 statuunt
827 1261 842 1296 :
880 1241 1228 1310 Negationem
1266 1236 1381 1300 Dei,
1417 1236 1794 1300 homicidium,
1827 1250 1999 1288 mere-

436 1336 682 1397 tricium.
709 1343 764 1389 et
806 1333 1006 1388 similia
1040 1329 1093 1384 id
1128 1343 1321 1398 genus,
1354 1327 1636 1381 avaritiam
1672 1335 1728 1378 et
1771 1325 1893 1393 ejus
1928 1328 2007 1380 si-

437 1428 608 1488 milia,
641 1425 966 1495 perjurium,
1013 1420 1381 1484 mendacium,
1414 1418 1725 1488 superbiam
1761 1427 1815 1471 et
1852 1432 2008 1471 arro~

436 1519 698 1584 gantiam.
722 1515 944 1568 Nullum
979 1523 1161 1567 autem
1195 1512 1386 1565 borum
1419 1511 1483 1564 ad
1515 1520 1746 1564 mortem
1769 1509 1873 1563 erit
1904 1507 2010 1578 illis

438 1607 532 1674 qui
563 1606 736 1659 amori
769 1606 859 1659 Dei
877 1614 930 1660 et
952 1604 1286 1674 paenitentiae
1310 1603 1550 1671 legitime
1571 1615 1693 1655 sese
1718 1600 1968 1654 dederint
1995 1615 2010 1664 ;

2587 875 2600 888 '
2658 861 2991 917 ΕΡΩΤΗΣΙΣ
3019 861 3140 916 ΛΔ’.

2322 955 2460 1007 Τίνα
2502 953 2574 1007 τὰ
2603 954 2751 1021 πρὸς
2775 953 3035 1007 θάνατον
3064 952 3487 1020 ἁμαρτήματας

2184 1044 2326 1114 Πρὸς
2352 1044 2580 1099 θάνατον
2615 1046 2988 1113 ἁμαρτήματα
3033 1026 3179 1095 όκτώ
3219 1059 3380 1108 φασιν
3427 1039 3568 1093 εἶναέ
3602 1057 3691 1090 τις

2113 1156 2222 1200 νες,
2277 1138 2402 1190 ἐπεὶ
2461 1141 2556 1190 καὶ
2594 1137 2739 1190 ὀκτὼ
2788 1138 2856 1190 τὰ
2898 1135 3082 1204 πάθηο
3117 1134 3408 1200 ἐξαιρέτως
3439 1133 3496 1184 δὲ
3551 1129 3690 1182 εἶναι

2111 1229 2307 1294 ταῦτα,
2330 1229 2570 1298 ’ἄρνησιν
2618 1228 2777 1292 Θεοῦ,
2831 1227 3010 1296 φόνον.
3059 1225 3320 1295 πορνείαν
3357 1229 3452 1278 καὶ
3484 1225 3551 1275 τὰ
3595 1228 3711 1274 σ’λφ

2115 1322 2279 1390 αὐτῇ,
2303 1321 2670 1389 φιλαργυρίαν
2695 1323 2787 1372 καὶ
2811 1320 2877 1372 τὰ
2901 1318 3094 1386 αὐτῆς,
3126 1317 3435 1382 ἐπιορκίαν,
3470 1315 3690 1382 ψεῦδος,

2118 1411 2526 1480 ὑπερηφανίαν,
2554 1413 2651 1462 καὶ
2682 1411 2876 1478 οἴησιν.
2911 1407 3081 1464 Οὐδὲν
3108 1409 3168 1461 δὲ
3195 1407 3402 1460 τούτων
3433 1408 3570 1476 πρὶς
3600 1406 3691 1456 Oci-

2117 1519 2275 1556 νατον
2303 1504 2682 1572 φιλανθρωπίᾳ
2717 1502 2850 1556 Θεοῦ
2895 1505 3006 1564 τοῖς
3056 1501 3382 1570 μετανοοῦσι
3432 1501 3687 1568 γνησίως,

2119 1601 2169 1648 εἰ
2205 1596 2280 1666 μὴ
2318 1598 2378 1649 τὸ
2410 1595 2600 1648 ἐαυτὸν
2631 1595 2959 1657 θανατῶσαι.
2983 1596 3076 1648 καὶ
3113 1595 3172 1646 τὸ
3218 1593 3530 1659 ἀπογνῶναι
3568 1595 3683 1644 ἐαυ-

437 1673 492 1751 et
523 1687 627 1750 nisi
661 1713 691 1750 e
738 1705 926 1750 contra
956 1673 1169 1764 seipsos
1201 1693 1361 1748 morti
1414 1692 1633 1747 tradant
1678 1691 1760 1743 vel
1806 1689 2002 1760 despe-
2043 1675 2050 1732 1

2135 1687 2236 1752 ποῦ,
2261 1687 2357 1740 καὶ
2387 1688 2448 1740 τὸ
2472 1687 2820 1756 ὑπερηφανίᾳ
2843 1689 2938 1740 καὶ
2969 1687 3144 1757 οἰήσει
3171 1686 3436 1756 ἐκστῆναι
3460 1685 3551 1738 τοῦ
3577 1685 3686 1745 νοῦ,

439 1789 634 1856 rando,
665 1789 744 1844 vel
775 1803 872 1842 cor
900 1787 1153 1856 superbia
1178 1797 1232 1840 et
1266 1785 1576 1853 arrogantia
1623 1783 1881 1849 inﬂando,
1927 1782 2012 1838 vel

438 1879 869 1949 blaspltentando
902 1887 1090 1932 contra
1135 1877 1324 1930 Deum.

927 1984 1255 2051 QUESTIO
1309 1983 1526 2038 XXXV.

445 2103 579 2160 Cum
611 2102 868 2170 principes
931 2100 1264 2155 sacerdotum
1295 2101 1399 2152 sint
1433 2098 1648 2163 perinde
1687 2101 2015 2166 patriarcha,

517 2173 852 2238 metropolita
903 2181 954 2224 et
978 2172 1270 2238 cpiscopus,
1293 2185 1533 2238 quanam
1560 2172 1694 2220 inter
1722 2170 1840 2223 itos
1871 2173 2018 2240 diffe-

517 2243 708 2306 rentia,
735 2250 785 2294 et
811 2242 1066 2310 quomodo
1095 2240 1234 2292 alius
1268 2241 1376 2292 alio
1406 2239 1474 2292 sit
1509 2242 1750 2308 superior
1786 2245 1810 2292 .'
1838 2301 1842 2304 _

517 2357 710 2412 Gratia
741 2367 793 2408 et
827 2364 1093 2424 potestate
1124 2353 1399 2423 pontiticia
1432 2353 1580 2407 nulla
1607 2353 1837 2407 interest
1865 2352 2020 2407 diﬁc-

448 2450 626 2504 rentia
666 2448 808 2503 inter
864 2447 1229 2518 patriarcbam
1267 2455 1321 2500 et
1377 2445 1819 2512 metrOpolitam,
1876 2445 2023 2498 inter

450 2536 854 2606 metropolitam
889 2549 943 2590 et
983 2536 1323 2605 episcOpum.
1361 2534 1563 2589 Eadem
1600 2537 1746 2588 enim
1791 2534 2024 2603 quisque

451 2631 648 2684 borum
683 2629 795 2696 agit
823 2635 878 2682 et
921 2635 1118 2697 potest.
1159 2625 1267 2681 Sed
1301 2626 1481 2695 quoad
1512 2626 1764 2682 ordinent
1797 2627 1941 2681 sedis
1971 2638 2026 2680 et

451 2719 831 2774 auctoritatem
877 2727 934 2774 et
987 2719 1254 2773 rationem
1313 2717 1674 2788 subjectionis
1725 2725 1780 2772 et
1834 2732 2023 2772 curant

452 2828 641 2868 eorum
687 2813 779 2882 qui
829 2813 932 2880 ipsi
975 2813 1391 2866 committuntur
1440 2810 1663 2880 regendi
1716 2812 2024 2881 patriarcha

454 2905 616 2959 Pater
644 2914 728 2959 est
758 2904 999 2958 omnium
1032 2914 1087 2958 et
1113 2911 1298 2974 caput,
1337 2903 1712 2974 metropolitas
1757 2913 1810 2958 ct
1845 2903 2028 2958 archi-

455 2995 744 3066 episc0pos
773 2994 1059 3060 ordinans,
1116 3005 1169 3049 et
1222 2993 1475 3063 judicans
1511 3009 1616 3049 una
1662 3009 1787 3050 cum
1842 3003 2027 3050 sancta

455 3088 686 3160 synodo,
726 3087 832 3158 ipsi
878 3087 1126 3142 omnium
1176 3086 1596 3143 commissorum
1647 3101 1780 3142 cura
1811 3095 1895 3142 est
1931 3087 2028 3140 ha-

461 3183 655 3236 benda.
703 3179 906 3236 Deinde
957 3181 1302 3249 metropolita
1351 3191 1506 3249 pater
1556 3188 1640 3234 est
1697 3194 1920 3249 quoque
1975 3186 2030 3232 et

456 3283 619 3343 caput
643 3288 867 3326 suorum
905 3275 1286 3340 episcoporum
1311 3281 1365 3324 et
1389 3271 1716 3324 clericorum
1745 3287 1882 3339 quos
1915 3284 2032 3322 om-

462 3379 558 3416 nes
593 3363 831 3426 ordinat,
855 3371 906 3414 et
935 3363 1103 3414 totius
1131 3376 1243 3414 suae
1281 3361 1572 3427 provincia:
1599 3369 1652 3414 et
1687 3359 1948 3414 Dominus
1977 3370 2034 3413 et

466 3461 840 3528 Dispensator,
879 3472 1041 3524 quam
1074 3471 1196 3508 cum
1243 3456 1389 3509 omni
1423 3455 1688 3523 scpientia
1721 3470 1908 3523 regere
1938 3456 2032 3510 de-

463 3555 570 3605 bct.
606 3549 908 3618 Episcopus
937 3545 1169 3612 denique
1202 3554 1256 3600 et
1285 3544 1447 3600 Pater
1481 3554 1534 3600 et
1569 3555 1734 3616 caput
1758 3556 1842 3603 est
1873 3549 2035 3602 cleri-

462 3653 651 3692 corum
697 3647 750 3692 et
784 3636 1045 3691 laicorum
1105 3636 1160 3690 in
1213 3635 1434 3705 regione
1487 3637 1590 3706 ipsi
1623 3639 1913 3692 commissa
1941 3639 2034 3694 de-

467 3733 732 3804 gentium.
760 3729 928 3800 lgitur
959 3731 1262 3785 secundum
1295 3745 1543 3785 normam
1569 3731 1801 3802 desuper
1827 3747 1857 3787 e
1894 3732 2036 3788 cmlo

467 3829 830 3879 coastitutam
871 3831 926 3879 et
952 3823 1190 3879 divinam
1223 3821 1588 3880 obedientiam
1625 3825 1917 3894 episcopus
1955 3835 2038 3880 est

467 3919 698 3974 inferior
734 3917 1144 3988 archiepiscopo
1174 3932 1300 3982 suo,
1327 3927 1382 3971 et
1411 3918 1513 3986 ipsi
1544 3917 1953 3982 subordinatur,
1985 3925 2040 3972 et

468 4013 538 4066 ab
568 4012 686 4081 ipso
718 4010 994 4080 judicatur
1055 4011 1200 4066 sicut
1252 4019 1306 4063 et
1360 4011 1618 4079 episc0po
1675 4009 2043 4079 subjiciuntur

469 4103 588 4174 ejus
636 4102 819 4158 clerici
865 4110 920 4156 et
957 4102 1101 4157 laici.
1160 4101 1500 4170 Metropolita
1536 4116 1661 4154 vero
1715 4102 2043 4171 patriarchae

471 4196 663 4249 subest
690 4204 744 4248 et
774 4194 985 4265 synodo
1014 4193 1108 4249 sed
1145 4209 1252 4247 non
1287 4193 1579 4262 subjicitur
1618 4194 1888 4264 episcopis
1933 4208 2046 4249 suae

473 4287 788 4355 provinciae.
833 4284 938 4339 Sed
983 4285 1293 4354 patriarcha
1332 4293 1486 4340 estne
1517 4286 1618 4339 sub
1663 4284 1853 4353 majori
1883 4298 2046 4355 syno-

2119 1782 2212 1834 καὶ
2245 1780 2390 1833 κατὰ
2415 1778 2551 1833 Θεοῦ
2587 1780 2957 1850 βλασφημεῖν.

2669 1984 3005 2037 ΕΡΩΤΒΣΙΣ
3041 1982 3165 2037 AE'.

2116 2099 2181 2153 El
2211 2096 2524 2166 ἀρχιερεὺς
2576 2099 2792 2164 ὁμοίως
2838 2097 3214 2166 πατριάρχης
3247 2098 3690 2166 [inmortalium

2191 2168 2381 2238 τες-καὶ
2415 2169 2771 2238 ἐπίσκοπος,
2802 2169 2925 2233 πῶς
2959 2169 3214 2238 διαφορὰ
3251 2170 3321 2222 ἐν
3341 2168 3574 2231 αὐτοῖς
3597 2168 3692 2218 καὶ

2192 2236 2317 2303 πῶς
2349 2238 2625 2308 ὑπερέχει
2656 2230 2882 2302 είςῖτοῦ
2902 2230 3109 2305 ἐτέρὸυ
3133 2230 3152 2302 ξ

2208 2352 2265 2402 Ὀ
2319 2351 2668 2422 πατριάρχης
2713 2352 3137 2422 μητροπολίτου,
3191 2352 3223 2420 ἢ
3289 2353 3690 2421 μητροπολίτης

2121 2441 2447 2504 ἐπισκόπου,
2483 2443 2626 2496 κατὰ
2649 2443 2819 2512 χάριν
2853 2444 2947 2495 καὶ
2982 2445 3267 2511 ἐνέργειαν
3295 2445 3394 2512 τῆς
3424 2445 3690 2513 ἀρχιερω-

2125 2529 2293 2598 σύνης
2321 2531 2580 2600 οὐδεμίαν
2602 2533 2718 2602 ἔχει
2739 2534 3027 2602 διαφοράν.
3059 2533 3140 2587 Τὰ
3166 2536 3307 2588 αὐτὰ
3351 2537 3460 2606 γὰρ
3485 2539 3699 2608 ἐνεργεῖ

2126 2621 2223 2675 καὶ
2249 2622 2473 2676 δύναται
2501 2623 2755 2685 ἕκαστος.
2788 2625 2944 2676 Κατὰ
2966 2624 3024 2685 δέ
3052 2624 3152 2695 τὴν
3180 2623 3346 2690 τάξιν
3364 2627 3460 2680 τοῦ
3505 2628 3695 2698 θρόνου

2126 2715 2223 2769 καὶ
2246 2715 2345 2784 τὴν
2377 2715 2553 2786 ἀρχὴν
2584 2716 2678 2770 καὶ
2709 2717 2801 2770 τὸν
2832 2717 2932 2784 τῆς
2964 2719 3243 2787 ὑποταγῆς
3267 2719 3447 2786 λόγον,
3482 2721 3578 2774 καὶ
3601 2721 3695 2791 τὴν

2126 2806 2207 2868 είς
2258 2807 2384 2870 τοὺς
2432 2806 2709 2874 ὑφάὑτὸν
2741 2807 3028 2871 τελοῦντας
3077 2808 3355 2878 πρόνοιαν,
3385 2812 3414 2863 ό
3444 2810 3544 2880 μὲν
3591 2827 3698 2864 πα-

2128 2899 2394 2970 τριάρχης
2423 2899 2614 2971 Πατήρ
2643 2901 2758 2956 ἐστι
2800 2902 3017 2956 πάντων
3061 2905 3155 2957 καὶ
3201 2903 3436 2973 κεφαλὴ,
3479 2905 3607 2967 τούς
3639 2923 3699 2958 τε

2055 3022 2099 3082 C
2135 2989 2535 3082 μητροπολίτας
2585 2993 2683 3045 καὶ
2728 2995 3193 3064 ἀρχιεπισκὸπους
3243 2996 3563 3066 χειροτονῶν
3609 2999 3702 3050 καὶ

2135 3081 2445 3151 ἀνακρίνων
2489 3082 2587 3135 σὺν
2616 3084 2684 3156 τῇ
2713 3085 2834 3156 ἱερᾷ
2864 3085 3084 3156 συνόδῳ,
3122 3090 3214 3141 καὶ
3242 3088 3458 3141 πάντων
3486 3089 3704 3158 φροντίο

2135 3173 2249 3240 ζειν
2283 3174 2513 3244 ὀφείλων
2552 3177 2660 3230 τῶν
2688 3178 2780 3231 ὑπ’
2809 3179 2988 3232 αὐτόν.
3028 3179 3088 3232 '0
3116 3178 3172 3231 δέ
3201 3197 3265 3248 γε
3293 3180 3702 3252 μητροπολίτης

2138 3269 2324 3337 Πατήρ
2357 3270 2474 3322 ἐστι
2508 3269 2671 3322 πάλιν
2702 3271 2796 3323 καὶ
2823 3270 3032 3341 κεφαλὴ
3057 3271 3166 3324 τῶν
3199 3271 3512 3326 ἐπισκόπων
3538 3274 3701 3328 αὑτοῦ

2138 3362 2233 3413 καῖ⁵
2259 3359 2367 3412 τῶν
2401 3351 2698 3430 κληρικῶν,
2736 3363 2984 3426 ἅπαντας
3025 3366 3367 3434 χειροτονῶν,
3401 3366 3494 3417 καὶ
3527 3369 3706 3434 πάσης

2137 3453 2239 3520 τῆς
2282 3453 2476 3507 ἑαυτοῦ
2505 3455 2777 3524 ἐπαρχίας
2809 3455 2993 3526 ἄρχων
3022 3473 3083 3509 τε
3123 3458 3216 3510 καὶ
3244 3457 3542 3527 διοικητὴς,
3572 3461 3705 3512 ταῦ-

2139 3562 2238 3609 την
2271 3545 2448 3608 καλῶς
2481 3546 2710 3614 ὀφείλων
2735 3548 3056 3618 οἰκονομεῖν.
3100 3550 3158 3602 '0
3189 3549 3246 3603 δέ
3279 3567 3340 3619 γε
3382 3552 3704 3615 ἐπίσκοπος.

2145 3636 2335 3706 Πατήρ
2375 3653 2434 3689 τε
2470 3639 2563 3690 καὶ
2591 3638 2800 3709 κεφαλὴ
2835 3641 2943 3693 τῶν
2985 3641 3264 3711 κληρικῶν
3296 3659 3356 3694 τε
3388 3645 3477 3696 καὶ
3505 3644 3709 3696 λαῐκῶν

2141 3728 2249 3780 τῶν
2273 3728 2377 3781 ὑπὸ
2405 3727 2505 3794 τὴν
2535 3730 2746 3798 ἐνορίαν
2771 3731 2956 3786 αὑτοῦ.
2984 3733 3091 3785 Καὶ
3123 3734 3418 3795 ἐπίσκοπος
3443 3736 3543 3804 μὲν
3571 3737 3712 3789 κατὰ

2143 3816 2241 3886 τὴν
2275 3818 2480 3871 ἄνωθεν
2517 3820 2766 3888 οὐράνιον
2799 3820 2953 3886 τάξιν
2983 3839 3041 3875 τε
3075 3827 3163 3875 καὶ
3191 3824 3458 3894 ὑπακοὴν,
3487 3828 3712 3880 ὑπόκει-

2144 3924 2234 3960 ται
2255 3909 2331 3977 τῷ
2358 3909 2772 3980 ἁρχιεπισκόπῳ
2800 3911 2986 3978 αὑτοῦ,
3020 3916 3113 3969 καὶ
3142 3916 3507 3970 ὑποτάσσεται
3541 3918 3710 3986 αὐτῷ,

2149 4001 2247 4054 καὶ
2273 4003 2516 4071 κρίνεται
2545 4002 2635 4054 ὑπ’
2659 4003 2846 4068 αὐτοῦ,
2865 4005 2940 4068 ὡς
2963 4007 3054 4058 καὶ
3083 4009 3186 4060 ὑπὸ
3209 4007 3302 4060 τοῦ
3338 4010 3636 4062 ἐπισκόπου
3661 4011 3712 4062 οί

2148 4095 2399 4163 κληρικοὶ
2449 4095 2614 4151 αὐτοῦ
2665 4116 2722 4151 τε
2773 4098 2866 4150 καὶ
2899 4097 3092 4152 λαῐκοί.
3131 4099 3187 4151 Ὀ
3227 4101 3628 4169 μητροπολίτης
3656 4100 3713 4154 δέ

2151 4185 2254 4238 ὑπὸ
2286 4185 2376 4238 τοῦ
2411 4189 2749 4261 πατριάρχου
2807 4189 2901 4242 καὶ
2952 4189 3051 4257 τῆς
3104 4191 3342 4254 συνόδου,
3382 4192 3442 4242 οὐ
3471 4191 3578 4261 μὴν
3609 4193 3713 4245 ὑπὸ

2151 4275 2257 4328 τῶν
2295 4279 2603 4330 ἐπισκόπων
2637 4279 2822 4333 αὐτοῦ.
2865 4279 2925 4330 '0
2979 4279 3322 4349 πατριάρχης
3370 4280 3426 4332 δέ
3470 4281 3574 4332 ὑπὸ
3619 4284 3716 4348 τῆς

473 4376 584 4430 do?
616 4375 780 4430 Certe
811 4375 1051 4445 quidem,
1085 4374 1203 4430 htec
1222 4374 1403 4428 onmia
1443 4382 1573 4428 sunt
1602 4373 1808 4443 optime
1840 4381 2042 4428 statuta

2149 4371 2391 4441 μεγάλης
2417 4372 2670 4438 συνόδους
2700 4374 2808 4427 Καὶ
2833 4374 3001 4437 ὅντως
3027 4374 3196 4427 ταῦτα
3223 4376 3364 4427 κατὰ
3394 4375 3545 4428 θείαν
3578 4377 3716 4428 εἰτὶν

473 4466 820 4521 ordinatione
873 4465 1184 4520 admirabili
1246 4474 1300 4518 ct
1354 4465 1566 4520 cmlesti
1629 4464 2044 4518 constitutione.

475 4555 866 4627 Unusquisque
891 4556 1052 4626 igitur
1073 4555 1300 4626 pulchre
1321 4555 1670 4610 constituitur
1689 4554 1791 4610 sub
1831 4552 2050 4621 regimi-

476 4664 548 4704 ne
576 4663 763 4704 eorum
787 4664 817 4702 a
847 4649 1046 4718 quibus
1062 4647 1258 4716 accipit
1290 4647 1712 4702 ordinationem.
1736 4646 1813 4699 Ea
1845 4645 2050 4700 solum-

477 4742 640 4796 modo
671 4757 794 4811 quae
828 4743 896 4796 ad
950 4742 1109 4796 ﬁdem
1165 4749 1448 4810 spectant,
1503 4748 1560 4793 ut
1613 4747 1740 4792 sunt
1794 4734 2050 4792 omnibus

479 4832 729 4886 ﬁdelibus
764 4833 1096 4897 communia,
1132 4832 1198 4885 ab
1227 4832 1482 4886 omnibus
1525 4841 1578 4885 et
1619 4829 1965 4899 patriarcbis,
1999 4837 2053 4884 ct

485 4925 913 4994 archiepiscopis
947 4934 999 4978 et
1033 4925 1307 4993 episc0pis
1339 4924 1704 4978 cormnuniter
1740 4923 2050 4992 approban-

485 5027 574 5070 tur
603 5026 654 5068 et
681 5023 1017 5077 statuuntur,
1047 5014 1266 5067 decreto
1292 5014 1434 5081 quod
1468 5029 1532 5067 ex
1564 5012 1737 5066 sacris
1759 5011 2053 5080 Scripturis

482 5106 818 5170 desumitur,
874 5117 927 5159 ct
991 5106 1073 5159 sic
1150 5105 1536 5159 convenienter
1595 5103 2050 5158 determinantur.

483 5201 728 5271 Quisque
763 5197 940 5270 igitur
990 5205 1205 5251 maneat
1250 5197 1304 5249 in
1351 5210 1450 5249 suo
1482 5195 1673 5249 ordine
1735 5195 1878 5250 sicut
1912 5203 1969 5249 et
1998 5195 2053 5250 in

484 5293 669 5347 futuro
697 5293 822 5357 erit,
848 5299 1080 5344 testante
1113 5290 1303 5354 Paulo,
1338 5287 1584 5357 apostolo
1616 5287 1982 5343 sanetissitno.

955 5401 1284 5468 QUIESTIO
1341 5400 1580 5457 XXXVI.

487 5517 629 5573 Num
663 5519 852 5571 bonum
877 5533 942 5570 ac
969 5515 1298 5586 probandum
1331 5516 1400 5568 sit
1432 5515 1570 5583 quod
1623 5516 1849 5582 episcopi
1881 5514 2056 5582 {acul-

558 5598 716 5640 tutem
745 5588 875 5640 dant
920 5588 1187 5639 monac/tis
1218 5587 1562 5654 confessiones
1593 5595 1925 5652 peccatorum
1960 5601 2058 5638 au-

557 5658 753 5720 diendi,
788 5667 945 5725 atque
981 5657 1033 5708 hi
1093 5656 1210 5708 licet
1239 5658 1533 5708 sacerdotes
1567 5671 1666 5706 non
1708 5655 1834 5718 sint,
1862 5655 2056 5720 promi-

561 5742 682 5778 scue
715 5728 1018 5779 benedicunt
1048 5737 1096 5777 et
1131 5728 1407 5778 remittunt
1437 5737 1648 5792 pereata
1670 5728 1696 5776 .’

566 5820 676 5886 Ego
731 5833 946 5888 Quoque
1009 5819 1222 5884 audivi,
1283 5822 1370 5888 qui
1448 5821 1597 5874 ﬁeret
1660 5828 1714 5871 ut
1775 5817 2053 5871 monarhis

2151 4460 2405 4528 εὐταξίαν
2435 4477 2494 4514 τε
2530 4462 2623 4514 καὶ
2654 4465 2988 4517 κατάστασιν
3023 4464 3119 4535 τὴν
3151 4466 3420 4533 οὐράνιον.
3451 4465 3720 4528 Ἕκαστος

2151 4550 2258 4621 γὰρ
2289 4553 2377 4620 ὑφ’
2402 4545 2476 4605 ὧν
2686 4558 3088 4624 χειροτονεῖται,
3111 4556 3482 4610 διευοετείται.
3519 4559 3596 4610 Τὰ
3624 4558 3720 4621 τῆς

2152 4644 2384 4708 πίστεως
2414 4644 2471 4698 δὲ
2504 4648 2638 4714 μόνα
2665 4646 2739 4708 ὡς
2771 4647 2926 4700 κοινὰ
2975 4649 3108 4700 misr.
3140 4651 3365 4712 πιστοῖς.
3406 4650 3556 4717 παρὰ
3585 4649 3720 4701 πάμ-

2154 4752 2262 4788 των
2301 4738 2654 4808 πατριαρχῶν
2684 4755 2745 4792 τε
2780 4742 2873 4792 καὶ⁵
2901 4741 3346 4810 ἁρχιεπισκόπων
3379 4743 3470 4796 καὶ
3502 4743 3719 4796 ἐπισκό-

2157 4847 2274 4882 πων
2315 4831 2506 4893 κοινῶς
2542 4831 2923 4900 δοκιμάζεται,
2957 4835 3052 4886 καὶ
3079 4835 3178 4902 τὴν
3213 4835 3488 4902 ἁπόῳασιν
3520 4836 3583 4887 ἐκ
3614 4835 3718 4886 τῶν

2156 4921 2314 4972 Θείων
2357 4922 2586 4991 Γραφῶν
2633 4923 2866 4992 δέχεται,
2897 4927 2990 4978 καὶ
3038 4927 3422 4994 προσηκόντως
3456 4928 3713 4994 ὁρίζεται.

2157 5013 2425 5077 Ἕκαστος
2457 5010 2550 5066 οῦν
2581 5017 2789 5078 μενέτω
2832 5019 2888 5069 ἐν
2923 5018 2996 5086 τῷ
3027 5019 3214 5085 οἰκείῳ
3241 5019 3499 5087 τάγματι,
3530 5019 3602 5078 ὡς
3631 5020 3721 5070 καὶ

2158 5107 2215 5158 ἐν
2272 5106 2348 5176 τῷ
2408 5108 2652 5176 μέλλοντι
2699 5108 2873 5174 ἔσται,
2926 5109 3068 5163 καθὰ
3116 5111 3326 5172 Παῦλος
3367 5113 3640 5180 μαρτυρεῖ
3688 5111 3715 5161 ὁ

2158 5196 2452 5263 θειότατος.

2697 5405 3030 5458 crurum
3063 5407 3195 5471 Λςν.

2172 5519 2388 5588 Ἀρκιει
2406 5517 2494 5582 εἷς
2526 5517 2735 5572 ἄδειαν
2763 5519 3005 5574 ὃίδουσι
3045 5519 3356 5588 [tor-(17.070
3396 5515 3722 5588 λογισμοὺς

2230 5587 2508 5653 δέχεσθαι
2531 5606 2543 5618 ⁸
2602 5588 2658 5640 Οἳ
2708 5589 2802 5640 καὶ
2842 5591 3017 5656 χωρὶς
3046 5585 3372 5656 isfrui-ti}ch
3402 5585 3722 5656 siijorqfqn

2233 5657 2330 5777 Ἓξ
2358 5658 2780 5724 συγχωροῦσιν
2825 5654 3178 5726 ἁδιὰριζίιως.
3210 5654 3347 5724 Ἄρα
3378 5654 3554 5708 τοῦτο

2237 5740 2251 5775 t
2329 5743 2380 5777 ’ἰ

2242 5819 2542 5896 Ἤκοντται
2602 5821 2789 5890 κάμοὶ,
2832 5807 2905 5884 ὡς
2940 5823 3189 5889 μοναχοῖς
3250 5818 3480 5882 ἰδιώταις
3532 5817 3719 5872 δίδοται

3583 5653 3721 5722 ἀγα-
