4078 6288
439 361 543 427 885

1163 352 1686 436 ΒΕεΡΟΝεΑἈι)
1723 374 2174 436 GABRIELEM
2207 341 2925 460 PENTAPOIJ'I‘ANUM,

3565 378 3669 439 835

437 483 567 582 παρ’
600 482 901 555 ἀρχιερέων
936 485 996 541 τὸ
1021 467 1313 562 λογισμοὺς
1341 492 1610 562 δέχεσθαι,
1644 492 1785 562 Ἐγὼ
1817 494 1872 547 δὲ
1903 497 1994 548 καὶ

2109 495 2282 549 idiotis
2319 513 2346 550 a
2400 497 2748 564 peritiﬁcibus
2786 497 3173 554 concederetur
3207 495 3395 550 audire
3429 497 3670 582 rationes

435 574 568 645 πρὶν
591 575 746 644 ἔφην,
783 577 876 632 καὶ
919 577 1014 634 νῦν
1053 580 1195 649 λέγω
1226 582 1455 652 γνώμην
1483 586 1643 654 ἐμὴν,
1689 587 1782 638 καὶ
1810 585 1996 656 θαρρῶ

435 665 544 718 τῶν
576 667 832 738 Πατέρων
862 665 1004 723 εἶναι
1031 686 1046 702 ·
1082 671 1157 734 ὡς
1183 673 1280 741 τῆς
1316 673 1615 742 ἱερωσύνης
1655 676 1809 729 τοῦτο
1838 679 1996 747 ἔργον

436 759 576 824 ἐστὶ,
605 761 696 812 καὶ
728 761 857 830 παρ’
881 761 1181 832 ἀρχιερέων
1225 765 1318 816 καὶ
1346 764 1535 833 ἱερέων
1574 768 1679 835 χρὴ
1714 769 1870 819 τοῦτο
1917 768 1996 820 δι-

437 849 798 918 ενεργεῖσοαι.
839 852 1101 922 Οὐδαμῶς
1140 853 1194 906 δὲ
1228 853 1384 907 τοῦτο
1409 857 1538 926 παρ’
1569 857 1811 921 ἰδιωτῶν,
1847 859 1892 910 εί
1924 859 1995 926 μή

438 954 542 990 που
567 939 780 1009 ἀνάγκη
807 957 891 1004 τις
932 941 1008 1011 μὴ
1027 941 1177 1006 ὄντος
1202 944 1390 1013 ίερὲως
1423 946 1676 1016 βιάσηται
1708 949 2003 1018 ἐνεργῆσαι

438 1031 533 1081 καὶ
594 1031 828 1101 μοναχὸν
876 1033 1080 1086 ἐνδόσει
1128 1035 1447 1104 ἀρχιερέως.
1485 1037 1684 1108 εὐλαϐῆ
1728 1039 1876 1102 δντα,
1911 1041 2004 1092 καὶ

438 1120 635 1189 νόμους
696 1123 874 1176 εἰδότα
929 1123 1087 1191 Θεοῦ,
1137 1127 1260 1188 τοὺς
1317 1127 1494 1195 ἱερούς
1551 1144 1696 1198 φημι
1751 1130 2000 1191 κανόνας.

441 1210 584 1280 Πλὴν
613 1208 754 1264 ὥστε
783 1213 942 1280 μόνον
973 1213 1227 1278 δέξασθαι
1252 1214 1565 1283 λογισμοὺς,
1598 1216 1683 1268 ῖια
1708 1215 2004 1286 ἀναγγείλῃ

439 1299 516 1369 σιῷ
548 1301 852 1372 ἐπισκόπῳ,
881 1304 914 1372 ἢ
948 1304 1033 1356 ἵνα
1075 1306 1324 1376 διακρίνῃ
1357 1308 1463 1359 τῶν
1494 1307 1827 1375 ψυχωφελῶν
1854 1308 2005 1375 τιτῷ

442 1389 720 1459 ζητοῦντι,
747 1393 808 1444 οὐ
843 1395 949 1462 μὴν
967 1393 1104 1446 ὥστε
1132 1397 1487 1466 συγχωρῆσαι
1528 1397 1624 1449 καὶ
1655 1397 1834 1451 λῦσαι.
1869 1399 1931 1450 El
1961 1398 2006 1449 δ’

443 1477 558 1542 οὖν,
582 1473 734 1542 οὗτος
760 1482 912 1534 ἔσται
941 1483 1033 1536 καὶ
1057 1484 1352 1552 ίερουργῶν
1378 1484 1676 1551 ἱερωσύνης
1699 1485 1886 1554 χωρὶς,
1913 1486 2008 1538 καὶ

446 1567 746 1634 βαπτίζων,
778 1573 873 1624 καὶ
912 1569 1168 1639 εὐλογῶν,
1202 1572 1293 1624 καὶ
1336 1573 1404 1624 τὰ
1446 1572 1610 1624 λοιπὰ
1645 1573 1834 1638 ποιῶν,
1871 1574 2006 1642 ὅπερ

441 1661 544 1727 τῆς
577 1661 903 1730 Ἐκκλησίας
926 1663 1225 1734 ἀλλότριον.

443 1757 600 1811 statis
655 1772 866 1828 expers,
927 1759 1230 1829 baptizans,
1285 1760 1634 1816 benedicens.
1685 1770 1739 1814 et
1789 1771 1983 1814 cat-tera

443 1863 627 1907 neum.
1428 1861 1436 1867 ’

983 1991 1314 2043 ΕΡΩὙΠΣΙΣ
1343 1993 1464 2044 ΛΖ’.

449 2109 546 2176 Τις
575 2110 612 2176 ἡ
640 2106 893 2174 διαφορὰ
919 2107 1254 2176 ἐπισκόπου
1294 2107 1330 2164 ἢ
1362 2106 1589 2172 Ιερέως;
1615 2107 1709 2159 καὶ
1745 2106 1901 2159 διατί
1939 2111 2010 2160 οὐ

512 2176 842 2308 χειροτονεῖ
867 2175 1078 2242 ἱερεὺς,
1106 2176 1232 2227 ἐπεὶ
1284 2177 1618 2245 λειτουργεῐ
1662 2178 1756 2229 καὶ
1791 2177 2009 2240 βαπτί-

545 2266 592 2302 ει
621 2264 639 2308 ;

545 2264 639 2310 si;

517 2362 759 2430 Διάφορα
787 2363 892 2413 είσι
922 2361 1015 2426 τοῦ
1051 2362 1363 2428 Ιινεύματος
1396 2361 1463 2411 τὰ
1491 2363 1822 2430 χαρίσματα,
1856 2363 1945 2413 καὶ
1969 2356 2010 2427 ᾧ

449 2456 547 2523 μὲν
575 2455 773 2508 δίδοται
799 2453 974 2514 τοῦτο,
999 2447 1042 2520 ᾧ
1068 2453 1122 2505 δὲ
1151 2455 1327 2505 έκεῖνο
1355 2453 1415 2504 τὸ
1447 2453 1715 2522 χάρισμα.
1746 2455 1928 2507 Πάντα
1956 2455 2011 2506 δὲ

443 2547 618 2600 ταῦτα
665 2549 877 2615 ἐνεργεῖ
923 2547 982 2598 τὸ
1029 2545 1087 2598 ἓν
1123 2548 1215 2598 καὶ
1259 2546 1321 2597 τὸ
1369 2545 1501 2598 αὐτὸ
1535 2546 1772 2614 Πνεῦμα,
1805 2546 1880 2600 ὡς
1925 2547 2014 2613 γέ-

444 2655 711 2708 γραπται.
760 2638 865 2689 Καὶ
891 2634 1114 2704 οὓς,μὲν
1141 2636 1292 2689 ἔθετο
1317 2639 1344 2690 ό
1375 2636 1504 2698 Θεὸς
1537 2639 1594 2689 ἐν
1623 2640 1690 2706 τῇ
1719 2637 2012 2704 Ἐκκλησία

443 2731 663 2802 πρῶτον
720 2731 1070 2792 ἀποστόλους,
1131 2731 1380 2800 δεύτερον
1439 2731 1746 2800 προφήτας,
1791 2731 1887 2783 καὶ
1945 2729 2014 2782 τὰ

443 2823 592 2892 ἑξῆς.
632 2823 796 2876 Ὅθεν
822 2824 850 2874 ὁ
880 2822 980 2891 μέν
1014 2822 1163 2874 ἐστιν
1203 2821 1591 2888 ἀναγινώσκων
1629 2821 1706 2888 τῷ
1736 2819 1868 2888 λαῷ,
1901 2821 1929 2872 ὁ
1956 2819 2013 2872 δὲ

445 2915 746 2983 ὑπηρέτης,
777 2915 806 2966 ὁ
837 2913 892 2966 δὲ
931 2913 1201 2976 διάκονος,
1235 2913 1292 2975 ὃς
1337 2914 1430 2966 καὶ
1459 2911 1832 2982 λειτουργικδς
1861 2912 2013 2980 παρὰ

445 3007 524 3076 τῷ
559 3007 685 3072 θείῳ
709 3006 955 3059 καλεῖται
985 3006 1267 3074 Διονυσίῳ.
1312 3005 1371 3057 '0
1394 3004 1452 3056 δὲ
1480 3003 1681 3073 ἱερεὺς,
1702 3003 1760 3066 ὃς
1795 3003 1891 3056 καὶ
1921 3019 2012 3055 τε·

444 3099 695 3160 λεστικδς
725 3097 964 3164 λέγεται,
1002 3095 1078 3160 ὡς
1128 3097 1292 3165 μέχρι
1324 3095 1511 3148 τούτου
1561 3095 1622 3148 τὸ
1668 3095 1762 3157 τὰς
1791 3093 2013 3158 τελετὰς

449 3189 691 3258 ἐνεργεῖν
725 3186 1044 3255 δυνάμενος,
1076 3185 1138 3237 ού
1185 3183 1524 3252 μεταδιδόναι
1553 3183 1607 3235 δὲ
1640 3184 1906 3252 χάρισμα.
1954 3180 2012 3234 '0

444 3277 504 3329 δέ
541 3280 688 3331 ἐστιν
721 3275 1005 3346 ἱεράρχης.
1040 3275 1114 3336 ὡς
1153 3277 1221 3327 τὰ
1252 3275 1372 3344 ἱερὰ
1398 3275 1491 3326 καὶ
1514 3273 1637 3327 θεῖα.
1666 3273 1840 3326 πάντα
1864 3275 2011 3341 ἐνερ-

445 3372 563 3437 γεῖν
587 3369 908 3438 δυνάμενος,
935 3370 1028 3420 καὶ
1061 3365 1412 3434 μεταδοτικὸς
1441 3365 1647 3418 τούτων
1673 3364 1768 3420 ὢν.
1803 3365 1891 3417 Διὸ
1918 3365 2010 3417 καὶ

445 3461 773 3530 φωτιστικδς
823 3459 1169 3528 ὀνομάζεται,
1219 3457 1293 3521 ὡς
1347 3459 1404 3510 ἐν
1450 3458 1628 3528 ἐαυτῷ
1677 3457 1776 3526 τὴν
1828 3457 2010 3528 πηγὴν

444 3553 584 3621 ἔχων
637 3553 747 3605 τῶν
793 3538 1156 3619 φωτισμάτιιῖν
1204 3550 1302 3615 τὴν
1329 3543 1676 3617 τελειοτάτην
1722 3549 1900 3618 χάριν,
1935 3549 2010 3610 ὠς

443 3646 537 3698 καὶ
565 3645 593 3696 ὁ
627 3643 814 3711 Σωτὴρ
838 3641 994 3695 τοῦτο
1021 3642 1148 3710 περί
1176 3657 1233 3692 τε
1271 3640 1464 3692 ἑαυτοῦ
1496 3640 1598 3709 ἔφη
1626 3643 1718 3692 καὶ
1745 3641 1870 3709 περὶ
1903 3639 2009 3692 τῶν

443 3734 610 3789 αὑτοῦ
646 3733 924 3804 μαθητῶν.
962 3734 1131 3794 Αὐτὸς
1165 3731 1266 3802 μὲν
1309 3732 1402 3784 καὶ
1431 3731 1760 3799 σωματικῶς
1792 3735 1850 3781 τὸ
1879 3732 2010 3798 πλή-

447 3841 608 3893 ρωμα
639 3823 786 3876 ἅπαν
817 3827 916 3891 τῆς
947 3824 1196 3892 θεότητος
1229 3823 1390 3892 ἔχων,
1431 3825 1479 3874 οἱ
1515 3821 1752 3891 μαθηταὶ
1784 3821 1838 3872 δὲ
1873 3821 2010 3873 κατὰ

447 3915 684 3982 μετοχὴν
711 3913 874 3965 αὑτοῦ
898 3915 965 3966 τὰ.
990 3913 1324 3982 χαρίσματα.
1353 3915 1444 3965 Διὸ
1467 3915 1560 3966 καὶ
1593 3913 1733 3979 Ἐγώ
1758 3916 2011 3980 εἰμι,φη-

445 4005 522 4063 at,
573 4003 632 4055 τὸ
683 4001 800 4070 φῶς
853 4003 948 4054 τοῦ
1003 4004 1236 4070 κόσμου.
1292 4005 1400 4054 Καὶ
1451 4005 1563 4064 τοῖς
1608 4003 1877 4070 μαθηταῖς
1929 4002 2009 4066 δὲ,

451 4114 471 4146 σ
510 4094 696 4165 Ὑμεῖς
717 4097 835 4148 ἐστι
864 4091 924 4144 τὸ
953 4092 1064 4159 φῶς
1085 4092 1179 4144 τοῦ
1205 4092 1436 4161 κόσμου.
1469 4110 1488 4144 ο
1522 4094 1598 4143 Δι’
1622 4093 1799 4144 αὐτῶν
1830 4092 2012 4144 τοίνυν

445 4187 540 4240 καὶ
591 4183 700 4237 τῶν
751 4181 1007 4250 διαδόχων
1051 4183 1228 4236 αὐτῶν
1275 4181 1381 4235 τῶν
1416 4182 1738 4250 ἀρχιερέων,
1777 4181 1809 4250 ἡ
1852 4180 2012 4248 χάρις

443 4278 520 4340 ὡς
554 4276 669 4346 φῶς
707 4279 818 4338 τοῖς
859 4278 993 4330 πᾶσι
1029 4274 1463 4346 μετοχετεύεται.
1498 4274 1562 4326 Οἱ
1595 4272 1652 4324 δὲ
1694 4273 1854 4343 ίερεῖς
1882 4272 2012 4324 ταύ-

443 4385 544 4437 την
577 4368 675 4439 τὴν
703 4369 864 4439 χάριν
917 4369 1016 4422 οὐκ
1057 4368 1298 4437 ἔχουσιν,
1326 4364 1464 4420 ἀλλὰ
1512 4365 1673 4432 μόνον
1706 4364 2010 4433 ἱερουργεῖν

448 4459 698 4529 ἰσχύουσι
733 4462 825 4513 καὶ
851 4459 1156 4529 βαπτίζειν.
1190 4457 1299 4512 Καὶ
1333 4456 1504 4510 ταῦτα
1549 4457 1606 4509 δὲ
1631 4457 1799 4526 χωρὶς
1829 4457 2010 4524 ἀρχιε-

2105 587 2431 650 animarum,
2469 588 2578 656 Ego
2608 588 2752 641 enim
2789 599 2942 641 antea
2980 587 3088 640 dixi
3124 595 3180 661 et
3221 602 3361 640 nunc
3393 588 3516 639 dico
3543 587 3670 654 quid

2106 677 2356 738 sentiam,
2390 687 2441 729 et
2473 678 2688 732 conlide
2711 680 2851 743 quod
2887 678 3026 731 idem
3047 678 3284 732 sentiant
3315 679 3523 731 Patres.
3561 677 3675 733 llec

2108 773 2280 819 totum
2310 783 2448 836 opus
2481 778 2565 823 est
2598 768 2892 823 sacerdotii
2927 769 3202 837 proprium
3243 768 3380 837 quod
3426 784 3454 822 a
3491 770 3672 837 penti-

2107 857 2297 912 ﬁcibus
2353 870 2447 914 aut
2502 860 2878 916 saecrdodbus
2937 870 3155 929 oportet
3224 865 3502 923 exerceri,
3565 878 3672 916 non

2109 956 2289 1002 autem
2345 950 2412 1005 ab
2460 952 2664 1007 idiotis.
2723 950 2781 1005 Si
2824 967 3062 1022 unquam
3125 952 3300 1023 aliqua
3355 940 3674 1015 neocssitas.

2107 1039 2394 1095 deficiente
2445 1043 2749 1110 sacerdote,
2783 1053 2940 1113 cogat
2981 1032 3306 1099 monachum
3349 1045 3413 1098 ad
3452 1045 3501 1096 id
3532 1060 3682 1098 exer-

2107 1131 2362 1192 cendum.
2398 1133 2468 1188 sit
2498 1133 2793 1200 discretus,
2825 1146 2878 1190 et
2913 1139 3170 1204 prudens,
3205 1150 3251 1191 et
3285 1139 3449 1207 prehe
3480 1153 3680 1208 gnarus

2110 1220 2285 1290 legum
2310 1220 2425 1287 Dei,
2472 1232 2779 1279 sanctorum
2804 1226 2927 1278 eice
2978 1241 3275 1281 canonum.
3307 1226 3410 1281 Sed
3450 1228 3516 1279 ita
3548 1228 3684 1280 talt-s

2111 1310 2352 1365 rationes
2400 1311 2502 1366 sibi
2555 1315 2865 1369 meminerit
2903 1313 3225 1371 commissas
3262 1327 3317 1370 ιιι
3369 1318 3490 1370 illas
3534 1318 3682 1371 dein-

2111 1416 2240 1471 ceps
2274 1401 2392 1471 ipse
2424 1403 2612 1457 credat
2662 1405 2939 1474 episcopo,
2985 1408 3067 1460 vel
3107 1415 3164 1460 ut
3198 1407 3439 1476 quautam
3492 1409 3686 1459 anima:

2108 1491 2394 1561 profutura
2452 1494 2807 1565 interroganti
2867 1505 3084 1565 praestet
3155 1499 3391 1552 discrcte
3455 1495 3680 1560 referre,

2111 1583 2334 1638 minime
2387 1599 2514 1639 vero
2550 1594 2609 1639 ut
2659 1588 2928 1642 condonet
2981 1597 3034 1641 et
3067 1589 3332 1645 absolvat.
3371 1589 3466 1642 Sin
3510 1589 3684 1651 aliter,

2110 1670 2204 1726 ille
2236 1674 2538 1728 sacerdotis
2567 1690 2765 1732 munus
2799 1677 3095 1738 exercebit.
3131 1679 3484 1732 sacerdotalis
3526 1685 3680 1746 pote-

2051 1777 2265 1833 agens:
2326 1770 2472 1837 quod
2524 1779 2606 1823 est
2658 1770 2849 1826 usibus
2898 1770 3174 1838 Ecclesia:
3241 1771 3473 1826 omnino
3507 1779 3686 1825 extra.

2589 1997 2913 2064 QU/ESTlO
2946 1997 3205 2051 XXXVII.

2116 2115 2374 2180 Quianam
2401 2114 2692 2182 diﬂ'erentia
2729 2113 2869 2165 inter
2890 2114 3191 2180 episcopum
3225 2128 3272 2166 et
3336 2114 3636 2167 sacerdotes
3663 2118 3701 2169 Τ

2184 2195 2231 2237 et
2265 2199 2427 2251 quare
2455 2199 2554 2235 non
2583 2184 2786 2236 ordinet
2837 2184 3104 2244 sacerdos,
3132 2185 3230 2236 etsi
3249 2201 3458 2236 sacrant
3473 2183 3686 2239 Cwuam

2185 2253 2410 2305 celebrat
2446 2269 2504 2303 ac
2539 2253 2767 2319 baptizat
2791 2252 2815 2305 ?

2186 2365 2343 2419 Varia
2400 2374 2525 2420 sunt
2585 2368 2759 2419 sancti
2816 2365 3052 2441 Spiritus
3107 2366 3461 2423 charismata,
3514 2373 3566 2416 ct
3614 2367 3686 2417 illi

2113 2458 2332 2526 quidem
2381 2457 2525 2510 dedit
2569 2458 2726 2531 illud,
2779 2457 2903 2511 huic
2935 2467 3111 2510 autem
3145 2458 3244 2530 hoc
3287 2458 3560 2510 charisma
3593 2457 3688 2508 de-

2113 2548 2260 2603 dit...
2299 2547 2423 2602 llaec
2455 2558 2632 2601 autem
2674 2548 2852 2600 omnia
2886 2557 3146 2615 operatur
3183 2563 3325 2601 unus
3356 2557 3514 2614 atque
3545 2547 3684 2600 idem

2115 2638 2373 2706 Spiritus,
2429 2647 2487 2689 ut
2545 2637 2806 2706 Scriptum
2855 2647 2938 2690 est
2969 2639 3034 2688 ".
3081 2655 3096 2686 ι
3135 2638 3197 2690 Ει
3243 2639 3505 2705 quosdam
3565 2639 3686 2704 (μιξο-

2114 2731 2234 2785 dem
2285 2731 2466 2800 posuit
2521 2729 2666 2783 Deus
2717 2729 2772 2782 in
2815 2729 3056 2784 Ecclesia
3115 2732 3346 2797 primum
3388 2728 3687 2796 apostolos,

2113 2820 2356 2876 secundo
2405 2823 2724 2890 preplietas,
2764 2840 2783 2872 ι
2839 2830 2892 2874 et
2954 2833 3168 2876 caetera.
3233 2818 3384 2873 Unde
3463 2819 3684 2888 quidem

2113 2921 2240 2968 sunt
2295 2912 2485 2976 lector,
2546 2911 2940 2975 subdiaconus,
2987 2911 3276 2974 diaconus,
3311 2911 3402 2976 qui
3443 2908 3687 2963 adivino
3733 2970 3751 2990 δ

2114 3004 2370 3075 Dionysio
2417 3012 2642 3059 vocatur
2694 3004 2982 3071 liturgicus
3055 3003 3417 3064 administer,
3480 3012 3535 3056 et
3595 3019 3683 3054 sa.

2117 3098 2358 3160 cerdes,
2420 3095 2512 3163 qui
2591 3106 2644 3149 et
2699 3095 3081 3164 mysteriorum
3142 3094 3389 3148 initiatus
3440 3093 3690 3169 minister

2112 3186 2352 3251 dicitur,
2413 3186 2540 3254 quia
2603 3185 2752 3239 solus
2819 3186 2938 3239 sine
3009 3186 3238 3238 diacono
3295 3185 3512 3251 eperari
3584 3199 3686 3250 po-

2037 3313 2082 3371 ο
2115 3287 2218 3333 test
2267 3277 2624 3334 caeremonias
2673 3278 3099 3345 mysteriorum,
3143 3289 3250 3328 non
3317 3291 3445 3330 vero
3500 3277 3683 3331 distri-

2116 3371 2282 3424 buere
2315 3369 2683 3434 charismata;
2736 3375 2819 3423 est
2870 3368 3011 3420 enim
3047 3369 3345 3423 hierarcha-
3381 3369 3471 3436 qui
3504 3370 3684 3420 omnia

2113 3470 2302 3514 sancta
2334 3457 2626 3527 divinaque
2659 3471 2822 3528 agere
2858 3468 3057 3526 potest,
3111 3469 3164 3514 et
3210 3461 3402 3514 eadem
3459 3460 3686 3527 insuper

2111 3548 2512 3603 communicare
2551 3550 2764 3605 ca'teris
2801 3567 2814 3603 :
2848 3564 3017 3618 quare
3055 3550 3278 3619 insuper
3310 3561 3534 3604 vocatur
3563 3537 3686 3605 ιιι...

2112 3640 2350 3700 minans,
2387 3640 2641 3708 utpotein
2675 3639 2856 3707 seipse
2893 3641 3100 3696 habens
3129 3643 3390 3696 doctrina:
3414 3651 3467 3696 et
3489 3644 3687 3710 pit-nis-

2113 3729 2265 3782 sinite
2296 3744 2358 3781 ac
2392 3727 2808 3796 perfectissima,
2838 3731 3022 3797 gratia:
3050 3729 3276 3793 lentem,
3313 3734 3382 3784 ita
3413 3742 3464 3784 ut
3499 3733 3688 3786 Salva-

2114 3828 2196 3872 tor
2226 3819 2368 3887 quod
2416 3818 2484 3870 de.
2512 3819 2693 3886 seipse
2735 3817 2947 3871 dicebat
2983 3818 3123 3872 idem
3157 3821 3226 3872 de
3257 3821 3538 3886 discipulis
3571 3826 3686 3876 suis

2112 3909 2476 3965 aﬂirmaverit.
2529 3908 2792 3974 Quamvis
2847 3909 2900 3961 in
2955 3909 3073 3978 ipso
3125 3912 3485 3976 corporaliter
3537 3924 3687 3966 esset

2115 4001 2397 4071 plenitudo
2430 4000 2732 4056 divinitatis
2781 4011 2836 4055 et
2865 3999 2983 4068 ejus
3015 4001 3267 4070 discipuli
3311 4004 3687 4057 communica-

2115 4095 2315 4147 tionem
2348 4101 2554 4146 tantum
2589 4092 2853 4148 baberent
2881 4091 3125 4162 ejusdem
3168 4107 3260 4160 per
3295 4095 3686 4149 charismatum

2114 4182 2278 4236 dena.
2330 4183 2405 4236 De
2459 4182 2640 4251 seipse
2685 4183 3003 4254 dieit:Ego
3053 4200 3174 4238 sum
3237 4184 3329 4238 lux
3381 4185 3564 4238 mundi
3603 4187 3687 4251 '3;

2114 4269 2396 4339 discipulis
2457 4280 2639 4326 autem
2691 4273 2807 4326 suis
2858 4273 2974 4328 ait:
3015 4291 3033 4325 ι
3075 4274 3178 4331 Vos
3207 4276 3340 4330 estis
3389 4277 3479 4330 lux
3527 4292 3689 4331 utun-

2115 4365 2168 4420 di
2189 4364 2256 4417 “.
2295 4381 2320 4454 ε
2353 4364 2435 4418 Ab
2467 4363 2547 4418 eis
2575 4379 2702 4434 ergo
2737 4375 2791 4419 et
2824 4381 2852 4418 a
2884 4368 3296 4424 successoribus
3319 4383 3507 4423 eorum
3544 4385 3683 4438 pou-

2116 4457 2389 4522 til‘tcibus,
2445 4457 2618 4526 gratia
2675 4458 2817 4512 sicut
2874 4459 2963 4512 lux
3018 4461 3274 4514 omnibus
3333 4462 3688 4532 dispergitur.

445 4551 676 4618 ρατικῆς
710 4550 769 4603 ού
810 4548 1022 4604 ποιοῦσι
1057 4549 1339 4618 δυνάμεως
1375 4548 1550 4618 μύρου
1598 4564 1656 4599 τε
1705 4547 1796 4598 καὶ
1831 4561 2007 4615 χειρο-

2118 4547 2441 4604 Sacerdotes
2471 4562 2652 4603 autem
2701 4553 2862 4604 talem
2901 4564 3008 4603 non
3046 4551 3246 4606 habent
3287 4553 3562 4621 gratiam;
3597 4556 3690 4608 sed

441 4640 647 4704 τονίας.

2110 4650 2323 4696 tantum
2375 4653 2602 4709 possunt
2648 4639 2976 4698 sacrilicium
3037 4642 3234 4698 olierre
3273 4654 3326 4697 et
3379 4646 3687 4714 baptizare;

444 4730 535 4787 illa
565 4742 743 4789 autem
781 4747 891 4789 non
932 4741 1159 4802 possunt
1191 4747 1351 4802 agere
1383 4748 1499 4802 qua:
1530 4733 1783 4789 suntelei
1811 4733 2253 4790 conﬁrmationis
2305 4746 2358 4790 et
2402 4736 2764 4789 ordinationis
2813 4751 2906 4803 per
2953 4737 3350 4805 inzpesitionem
3409 4754 3688 4792 uianuttntv

442 4828 572 4900 quia
601 4841 708 4883 non
741 4828 876 4882 [lunt
903 4828 1024 4883 sine
1057 4827 1332 4897 pontiﬁcis
1367 4829 1581 4884 virtute.

987 4967 1322 5022 ΕΡΩΤΗΣΙΣ
1346 4968 1476 5021 ΑΠ’.

656 5083 725 5135 Εἰ
759 5084 875 5150 χρὴ
901 5079 1093 5150 μόνον
1131 5083 1405 5152 ἀρχιερέα
1437 5086 1760 5154 ἱερουργεῖν
1779 5105 1799 5151 ;

511 5241 584 5296 Te
616 5241 922 5311 ἱερουργεῖν
953 5239 1110 5310 μόνον
1151 5242 1413 5310 ἀρχιερέα
1444 5241 1568 5294 τινὰ
1600 5242 1722 5312 δίχα
1755 5244 2002 5314 πρεσϐυ-

439 5335 600 5403 τέρου
679 5331 714 5402 ἦ
778 5333 1031 5385 διακόνου
1079 5331 1233 5385 οὐδὲν
1288 5333 1522 5398 κωλύει,
1591 5335 1710 5387 ἐπεὶ
1777 5335 1871 5388 καὶ¹
1913 5331 2006 5390 οὗ·

441 5441 533 5488 τος
594 5425 623 5478 ό
672 5423 1010 5486 τελειότατος
1079 5427 1173 5475 καὶ
1233 5426 1344 5486 τοῖς
1397 5425 1578 5485 ἄλλοις
1634 5426 1888 5496 παρέχων
1945 5427 2006 5479 τὸ

443 5519 710 5587 ἐνεργεῖν.
747 5517 844 5570 Διά
892 5516 948 5570 δὲ
1006 5516 1067 5570 τὸ
1130 5515 1392 5570 εὔτακτόν
1453 5535 1508 5570 τε
1565 5519 1658 5570 καὶ
1715 5517 2002 5587 εῦκοσμον,

441 5608 540 5661 καὶ
598 5607 696 5678 τὴν
750 5609 850 5677 τῆς
911 5609 1317 5679 ἀρχιερωσύνης
1372 5609 1560 5677 τιμὴν,
1590 5609 1693 5678 χρὴ
1750 5609 2002 5671 πλείονας

2572 4962 2895 5030 Qu-tzs'rio
2957 4961 3238 5016 XXXVIII.

2124 5080 2265 5133 Nunt
2296 5081 2464 5134 solum
2499 5082 2796 5147 episcopum
2845 5080 2988 5131 nullo
3012 5082 3310 5148 presbytero
3356 5080 3430 5131 re!
3459 5081 3687 5133 diacono

2256 5160 2508 5216 pra'sente
2551 5165 2758 5203 sacram
2803 5166 2999 5202 cautam
3031 5151 3109 5217 fas
3142 5152 3210 5202 sit
3243 5148 3551 5202 celebrare?

2187 5241 2331 5295 Nihil
2364 5241 2547 5296 obstat
2581 5241 2710 5310 quin
2747 5241 2984 5309 pontifex
3023 5241 3168 5293 solus
3206 5242 3324 5294 sine
3369 5240 3704 5310 presbytero

2112 5343 2164 5388 et
2194 5335 2313 5389 sine
2344 5333 2572 5386 diacono
2598 5333 2919 5388 sacrificium
2945 5331 3136 5384 offerat
3161 5347 3173 5394 ;
3203 5343 3283 5384 CSl
3308 5330 3450 5384 enim
3481 5331 3686 5397 plenis;

2111 5429 2248 5480 sitne
2285 5426 2348 5477 ad
2403 5425 2758 5479 caeremonias
2811 5431 2966 5490 aptus
3016 5438 3138 5476 cum
3195 5421 3307 5488 ipse
3343 5421 3555 5475 caeteris
3595 5423 3686 5475 det

2112 5517 2230 5570 illas
2281 5530 2558 5568 exercere.
2613 5514 2668 5568 Si
2725 5530 2852 5567 vero
2905 5513 3154 5582 dignitati
3191 5523 3244 5566 et
3290 5512 3684 5567 convenientia:

2111 5609 2426 5664 attcndatur
2484 5618 2533 5661 et
2592 5607 2784 5660 honori
2826 5606 3115 5675 pontiliciae
3163 5603 3470 5660 auctoritati
3504 5604 3684 5660 debite

521 5777 565 5806 ¹¹
602 5777 766 5832 lCor.
807 5795 902 5846 χιι,
932 5781 1123 5847 “,28.
1204 5779 1424 5834 "Joan.
1457 5795 1575 5845 χιιι,
1619 5780 1681 5833 12
1709 5791 1724 5844 ;
1755 5766 1908 5834 ιιίέῖὶ.
1989 5783 2005 5812 ¹

2115 5784 2250 5835 atth.
2287 5799 2333 5845 ι’,
2374 5785 2454 5836 Η.
