4078 6288
465 303 568 367 887

1283 279 1680 368 SYMEONIS
1711 301 2488 366 THESSALONICENSIS
2527 298 2904 378 meumr.

3631 298 3744 364 888

459 421 784 478 consulatur
817 426 1039 489 oportet
1064 425 1123 472 ut
1153 416 1408 487 pluribus
1442 419 1680 494 stipetur
1713 421 2054 491 presbyteris

2161 419 2569 503 πρεσϐυτέρους
2594 421 2744 492 ἔχειν
2768 417 2866 475 καὶ
2902 415 3202 486 διακόνους.
3239 413 3354 472 Καὶ
3391 411 3550 469 τοῦτο
3603 415 3743 484 μᾶλο

454 524 511 568 et
539 512 905 577 diaconibus;
963 510 1054 582 qui
1092 509 1138 566 si
1189 511 1448 566 deﬁciant
1487 511 1679 566 saltem
1719 527 1863 568 unus
1907 527 2047 581 pra:-

461 616 549 661 sto
575 606 646 662 sit
676 604 961 676 presbyter
1002 613 1056 659 et
1103 619 1245 660 unus
1279 605 1547 660 diaconus
1584 622 1599 660 :
1632 591 2050 676 praesertimque

457 709 515 762 in
575 695 1018 751 ordinationibus
1068 702 1285 766 oportet
1333 705 1629 766 prasentes
1672 710 1793 750 esse
1825 683 2049 766 presltyo

458 793 605 840 teros
656 793 711 841 et
759 784 1021 840 diaconos
1057 785 1151 856 qui
1203 785 1538 841 ordinandos
1592 783 1945 848 introducam
1992 795 2047 842 et

459 878 652 933 osculo
707 878 978 947 recipiant
1033 879 1124 947 qui
1165 886 1298 932 sunt
1331 864 1599 946 eiusdem
1632 875 1842 932 ordinis
1879 888 1930 931 et
1967 877 2046 950 sic

459 977 666 1026 sancta:
701 968 900 1039 regula:
925 969 1084 1038 plene
1113 967 1538 1038 adimpleantur.
1575 966 1834 1022 Videmus
1863 951 2042 1019 tamen

458 1077 702 1133 persaepe
733 1063 1046 1133 pontiﬁcem
1098 1070 1286 1115 sancta
1315 1059 1588 1114 conﬁcere
1623 1061 1799 1113 solum
1832 1058 2042 1113 defectu

461 1153 814 1218 clericorum,
859 1153 913 1206 in
973 1151 1219 1208 basilicis
1269 1165 1407 1220 quas
1468 1151 1612 1204 inter
1666 1149 1781 1203 vias
1836 1148 2043 1204 visitat.

456 1247 636 1300 Alium
667 1260 886 1316 quoque
917 1245 1010 1298 tali
1051 1259 1216 1314 posse
1250 1242 1491 1314 gaudere
1522 1240 1859 1308 indulgentia
1897 1241 2044 1308 judi-

457 1336 729 1400 cabimus,
765 1339 858 1406 qui
892 1336 1174 1406 inopinate
1211 1344 1267 1390 et
1312 1335 1431 1400 sine
1464 1347 1616 1388 mora
1649 1332 1716 1387 ad
1759 1333 2042 1407 celebratio

457 1431 587 1484 dum
645 1428 803 1499 quasi
860 1419 1071 1496 cogitur
1127 1426 1444 1486 necessitati
1519 1434 1577 1480 ut
1649 1425 2038 1494 mysteriorum

453 1519 659 1575 Clu-isti
687 1507 848 1580 alicui
884 1527 1103 1588 praestet
1137 1507 1600 1578 communionem.
1639 1503 1754 1579 Sed.
1789 1519 2041 1595 quamvis

453 1613 749 1682 quominus
779 1612 1026 1667 alzsolute
1073 1614 1165 1666 ﬁat
1214 1613 1351 1668 nihil
1380 1614 1591 1678 obstat,
1623 1622 1809 1672 rectus
1857 1623 2039 1670 tamen

453 1693 758 1792 servandus
789 1714 874 1762 est
907 1706 1064 1768 ordo,
1098 1707 1396 1789 praesertim
1430 1707 1484 1761 in
1514 1706 1956 1780 ordinationibus
1985 1713 2040 1760 et

2155 514 2246 568 λον
2273 515 2437 570 τυποῖ
2483 513 2544 570 τὸ
2595 512 2685 565 τὸν
2740 510 2945 580 Κύριον
3006 507 3147 579 μετὰ
3190 507 3298 580 τῶν
3349 504 3617 576 μαθητῶν
3661 503 3740 556 εἶ-

2149 622 2259 661 ναι.
2295 605 2358 658 El
2403 587 2461 658 δέ
2497 621 2559 670 γε
2607 602 2800 665 σπάνις
2849 599 3152 676 κληρικῶν,
3189 599 3293 653 κᾶν
3349 591 3431 659 εἷς
3493 595 3737 667 7:92:65-

2155 681 2335 762 τερος,
2379 679 2473 751 καὶ
2512 687 2593 758 εἷς
2629 695 2880 768 διάκονος
2918 693 3082 754 ἔστω,
3117 691 3214 747 καὶ
3259 689 3462 758 μᾶλλον
3509 689 3569 739 ἐν
3615 690 3738 750 ταῖς

2150 787 2510 858 χειροτονίαις
2540 787 2646 858 χρὴ
2684 783 3093 855 πρεσσυτέρους
3124 777 3267 836 εῖναι
3295 781 3392 833 καὶ
3429 781 3736 841 διακόνους,

2149 880 2236 934 ῐνα
2276 882 2369 934 καὶ
2401 879 2530 952 παρ’
2569 877 2750 932 αὐτῶν
2782 877 3136 948 προσάγηται
3223 872 3733 952 χειροτονούμενος,

2135 969 2244 1026 καὶ
2294 970 2322 1024 ὁ
2367 949 2663 1038 ἀσπασμὸς
2693 967 2922 1037 γένηται
2973 968 3112 1038 μετά
3147 951 3255 1020 τῶν
3288 949 3607 1032 ὁμοταγῶν,
3643 963 3738 1015 καὶ

2147 1065 2220 1118 τὰ
2257 1064 2359 1134 τῆς
2395 1063 2606 1130 τάξεως
2645 1061 2961 1132 ἑκτελῆται.
2989 1061 3222 1128 Είδομεν
3251 1059 3309 1112 δὲ
3341 1059 3435 1126 καὶ
3474 1057 3645 1123 μόνον
3685 1059 3739 1108 ὲν

2147 1156 2484 1227 ἀποδημίαις
2537 1155 2850 1226 βασιλικαῖς
2900 1153 3166 1223 ἀρχιερέα
3223 1149 3313 1203 διὰ
3371 1151 3570 1204 σπάνιν
3607 1150 3739 1215 κληο

2149 1249 2322 1320 ρικῶν
2377 1249 2642 1312 πολλάκις
2700 1249 3162 1318 ίερουργήσαντα.
3221 1245 3328 1300 Καὶ
3365 1243 3527 1315 345
3574 1243 3736 1298 ἄλλον

2146 1341 2358 1396 ἔνδοσιν
2401 1341 2685 1409 εἰληφότα,
2719 1343 2811 1393 καὶ
2861 1337 3126 1400 κελλικῶς
3179 1337 3320 1390 κατά
3377 1336 3573 1404 χρείαν
3639 1334 3738 1403 p.6-

2145 1448 2237 1486 vov
2294 1431 2390 1485 καὶ
2451 1415 2742 1488 κοινωνίαν
2797 1430 2908 1483 τῶν
2957 1427 3276 1497 μυστηρίων
3318 1425 3734 1495 ἱερουργοῦντα.

2157 1524 2303 1578 Ἀλλ’
2355 1525 2403 1580 εἰ
2462 1525 2559 1579 καὶ
2617 1523 2773 1578 οὐδὲν
2811 1523 2875 1576 τδ
2925 1521 3158 1584 κωλῦον,
3190 1519 3342 1589 ὅμως
3395 1521 3493 1573 καὶ
3536 1521 3606 1572 τά
3639 1521 3735 1583 τῆς

2144 1617 2401 1682 εὖταξξας
2457 1615 2753 1686 τηρητέον,
2823 1618 2916 1668 καὶ
2984 1615 3184 1685 μᾶλλον
3248 1617 3305 1668 ὲν
3339 1593 3732 1683 ’χειροτονίαις

2143 1709 2238 1762 καὶ
2301 1707 2608 1770 καθολικοῖς
2673 1709 2843 1775 ναοῖς,
2909 1708 3004 1761 καὶ
3074 1705 3205 1762 λαοῦ
3269 1707 3538 1777 παρόντος
3609 1706 3728 1757 ἱκα-

454 1779 509 1852 in
539 1786 840 1870 majoribus
868 1800 1150 1866 Ecclesiis,
1187 1781 1408 1870 quando
1457 1801 1718 1871 frequens
1758 1779 1913 1856 adest
1939 1815 2034 1871 ρο-
2068 1779 2113 1838 Β
2141 1799 2259 1855 νοῦ.

452 1891 638 1960 pulus.

927 2026 1256 2094 QUASSTIO
1307 2029 1555 2089 XXXIX.

452 2167 633 2239 Quare
663 2177 720 2220 ut
778 2169 998 2222 lectores
1047 2169 1221 2235 plum
1249 2167 1430 2239 simul
1474 2167 1686 2219 ordinat
1731 2169 2029 2239 episcopos,

524 2237 625 2290 non
665 2240 824 2291 etiam
865 2243 1038 2306 plures
1097 2237 1256 2289 simul
1304 2238 1552 2289 diaconos
1599 2246 1649 2289 et
1695 2237 2027 2306 presbyteros

522 2309 686 2361 soleat
709 2309 972 2361 ordinare.
1003 2307 1064 2360 Et
1095 2323 1218 2359 num
1247 2307 1423 2359 decerit
1445 2317 1596 2360 extra
1629 2307 2030 2363 celebrationem

519 2395 688 2432 sacra:
737 2378 908 2431 Coena:
937 2378 1185 2430 ordinare
1211 2377 1509 2429 sacerdotes
1532 2377 1557 2429 Σ)

521 2513 714 2568 Plures
745 2513 908 2567 simul
948 2511 1234 2567 ordinatos
1286 2510 1524 2565 lectores
1571 2519 1626 2566 et
1665 2512 2034 2569 subdiaconus

449 2607 700 2661 videmus
727 2612 780 2659 et
805 2605 1140 2671 accepimus,
1175 2604 1269 2672 qui
1299 2612 1355 2656 et
1378 2614 1534 2658 extra
1563 2605 1796 2660 chorum
1819 2613 1874 2661 et.
1907 2616 2036 2660 ante

447 2707 764 2770 suggestum
815 2698 1143 2751 ordinantur
1173 2712 1190 2750 :
1225 2711 1393 2748 unum
1446 2711 1580 2750 vero
1610 2697 1924 2761 diaconum,
1978 2707 2038 2754 et

451 2808 622 2845 unum
666 2790 1073 2861 presbyterum,
1108 2797 1166 2847 et
1200 2804 1369 2844 unum
1403 2789 1719 2859 episcopum
1755 2791 1906 2847 intus
1945 2808 2035 2846 or-

448 2884 669 2937 dinatos
723 2883 790 2936 ad
841 2896 1057 2936 sacram
1116 2895 1385 2935 mensam.
1432 2880 1538 2948 Qui
1584 2881 1731 2937 hunc
1784 2883 2031 2937 ordinem

448 2973 742 3029 mutaverit
771 2973 865 3028 ille
892 2973 1135 3036 innovat,
1167 2981 1222 3027 et
1253 2973 1345 3042 qui
1383 2974 1605 3027 innovat
1641 2987 1750 3027 non
1784 2973 2035 3044 sequitur

448 3065 772 3120 Ecelesiam.
826 3061 933 3119 Sed
988 3073 1044 3118 et
1092 3072 1246 3118 extra
1305 3063 1528 3120 missam
1574 3065 1781 3120 nullum
1819 3075 2034 3136 Oportet

2675 2025 3007 2080 ΕΡΩἹῊΣΙΣ
3062 2028 3183 2085 ΛΘ’.

2138 2162 2299 2233 Διατί
2326 2163 2406 2228 ὡς
2438 2163 2838 2233 ἀναγνώστας
2855 2166 3148 2230 πλείονος
3192 2164 3344 2231 ὁμοῦ
3401 2163 3736 2230 χειροτονεῖ

2211 2236 2243 2304 ό
2275 2232 2631 2300 ἐπίσκοπος,
2658 2235 2745 2302 μὴ
2778 2236 2875 2287 καὶ
2904 2236 3194 2300 πλείονας
3219 2234 3367 2304 ὁμοῦ
3402 2234 3734 2302 χειροτονεῖ

2209 2303 2535 2374 διακόνους
2561 2304 2661 2358 καὶ
2692 2304 3141 2374 πρεσϐυτέρους
3181 2321 3192 2336 ·
3228 2303 3325 2360 καὶ
3360 2309 3414 2358 εὶ
3462 2306 3579 2374 χρὴ
3625 2324 3731 2373 χω-

2201 2373 2302 2442 ρὶς
2333 2375 2716 2444 λειτουργίας
2759 2373 3131 2444 χειροτονεῖν
3154 2374 3369 2443 léfe7c;

2228 2507 2606 2577 ’Δναγνώστας
2629 2509 2728 2578 μὲν
2753 2509 2888 2578 ὁμοῦ
2916 2509 3193 2577 πλεξονας,
3223 2514 3315 2566 καὶ
3345 2512 3731 2578 ὑποδιακόνους

2137 2599 2354 2669 εἴδομεν
2420 2603 2870 2672 χειροτονεῖσθαι,
2927 2604 3021 2657 καὶ
3075 2605 3486 2675 παρελάϐομεν,
3538 2608 3590 2660 οἳ
3639 2611 3730 2661 καὶ

2139 2692 2340 2756 ἔξωθεν
2364 2693 2801 2762 χειροθετοῖΝται
2831 2693 2928 2747 τοῦ
2985 2695 3232 2764 βήματος
3254 2711 3271 2727 °
3305 2697 3400 2751 ἕνα
3437 2700 3492 2751 δὲ
3548 2701 3732 2754 διάκο-

2137 2799 2251 2848 νον,
2285 2782 2379 2836 καὶ
2405 2781 2504 2836 ἕνα
2533 2783 2931 2854 πρεσϐύτερον,
2970 2785 3069 2838 καὶ
3105 2786 3201 2840 ἕνα
3244 2787 3549 2842 ἐπίσκοπον
3580 2789 3729 2848 ἐντὸς

2136 2865 2653 2945 χειροτονουμένους
2705 2876 2799 2929 επὶ
2841 2877 2942 2946 τῆς
2983 2877 3136 2946 ίερᾶς
3182 2879 3490 2949 τραπέζης.
3555 2880 3619 2938 Ὀ
3670 2881 3726 2935 δὲ
3763 2936 3766 2938 ν

2137 2965 2464 3038 ἀνατρέπων
2522 2970 2841 3038 καινοτομεῖ
2870 2984 2886 2999 ο
2944 2971 2973 3022 ὁ
3015 2969 3071 3022 δι
3141 2973 3488 3043 καινοτομῶν
3535 2974 3601 3026 οὐ
3659 2975 3723 3044 τῇ

2149 3057 2452 3134 Ἐκκλησία
2474 3061 2690 3115 ἕπεται.
2723 3061 2835 3116 Καὶ
2853 3063 3022 3133 χωρὶς
3041 3062 3098 3116 δὲ
3157 3063 3501 3132 λειτουργίας
3519 3069 3585 3121 οὗ
3621 3067 3723 3138 χρὴ

448 3155 694 3210 ordinari
729 3173 742 3209 :
777 3155 861 3211 sic
891 3154 1035 3209 enim
1065 3154 1402 3223 accepimus.
1432 3155 1501 3210 Et
1535 3154 1641 3210 hoc
1665 3165 1851 3212 monet
1877 3157 2032 3212 divus

2139 3153 2562 3224 χειροτονεῖσθαί
2595 3170 2718 3208 τινα
2751 3168 2766 3183 ·
2807 3153 2951 3206 οὕτω
2985 3154 3094 3224 γάρ
3155 3155 3562 3227 παρελάδομεν.
3616 3159 3721 3212 Καὶ

447 3247 743 3318 Dionysius
773 3247 1148 3316 apostolorum
1183 3246 1464 3309 decessor,
1499 3247 1690 3301 dicens
1727 3262 1920 3302 omnes
1943 3263 2032 3304 or-

451 3341 722 3394 dinandos
755 3350 809 3392 et
845 3337 1251 3393 consecrandos
1303 3353 1427 3393 esse
1485 3338 1626 3392 intra
1676 3339 2026 3408 sacrilicium,

447 3443 504 3486 et
559 3447 681 3484 cum
736 3431 1158 3499 participatione
1227 3432 1608 3502 mysteriorum
1664 3432 1913 3498 Christi,
1977 3444 2034 3490 et.

451 3531 759 3593 prostratos
809 3533 935 3577 ante
984 3523 1174 3587 altare,
1226 3533 1281 3577 et
1320 3537 1444 3577 cum
1493 3538 1748 3579 manuum
1803 3525 2031 3596 imposi-

453 3618 619 3682 tione,
660 3625 862 3670 etcum
895 3614 1240 3670 invocatione
1286 3615 1475 3685 gratiae
1505 3631 1627 3686 quae
1676 3617 1914 3689 sigillum
1949 3619 2032 3674 tli-

448 3710 638 3762 vinum
670 3717 777 3773 est,
807 3717 862 3763 et
895 3708 1037 3763 inter
1081 3716 1302 3762 sanctas
1331 3722 1537 3776 preces,
1570 3724 1692 3764 cum
1729 3711 2032 3780 proclama-

449 3802 599 3855 tioue
649 3810 705 3856 et
763 3799 1002 3854 fraterno
1051 3799 1274 3864 osculo;
1331 3810 1385 3854 et
1442 3801 1639 3856 talibus
1691 3804 2031 3858 cteremoniis

451 3893 789 3964 complendce
819 3902 948 3948 sunt
983 3893 1363 3948 ordinationes
1411 3900 1465 3946 et
1499 3893 1714 3948 caeteris
1759 3895 2029 3950 similibus

448 4003 589 4056 quas
621 3987 858 4041 tradidit.
903 3986 1005 4052 Qui
1045 3986 1209 4056 igitur
1243 3984 1319 4039 ita
1361 4000 1468 4038 non
1505 3985 1793 4039 ordinatus
1843 3984 2028 4049 fuerit,

451 4094 558 4132 non
588 4078 889 4133 secundum
917 4076 1268 4131 traditionem
1299 4075 1588 4129 ordinatus
1621 4083 1725 4130 est.
1756 4075 1820 4128 Et
1844 4077 2032 4130 nescio

451 4169 586 4236 quid
641 4169 855 4223 futurus
907 4167 1013 4229 sit,
1068 4166 1156 4221 cui
1213 4165 1488 4235 quomodo
1525 4175 1711 4220 sancta
1754 4152 2034 4220 eiercebit

450 4262 546 4325 ηιιί
598 4277 704 4314 non
751 4259 1050 4314 secundum
1106 4271 1356 4312 normam
1409 4257 1595 4322 fuerit,
1647 4242 2028 4313 consccratus.

449 4351 567 4406 Non
616 4353 741 4407 licet
785 4367 915 4418 ergo
945 4351 1129 4421 plures
1159 4348 1467 4417 episcopos,
1502 4349 1584 4403 vel
1633 4349 2033 4420 plures.tliaCO-

453 4461 577 4511 uos,
616 4447 699 4500 vel
741 4445 924 4514 plures
959 4445 1310 4516 presbyteros
1351 4443 1596 4497 ordinari
1633 4443 1796 4498 simul
1833 4443 1888 4496 in
1925 4456 2028 4495 una

451 4506 644 4602 missu,
684 4506 777 4592 sed
829 4506 1151 4607 episcopum
1206 4550 1397 4596 unum,
1443 4545 1498 4588 et
1551 4533 1926 4604 presbyterum
1976 4523 2030 4586 et
2063 4506 2106 4562 θ

457 4628 784 4693 diaconum;
813 4641 1085 4697 quemque
1110 4633 1291 4682 autem
1318 4640 1510 4680 eorum
1552 4635 1799 4695 tempore
1833 4641 2032 4680 conve-

455 4719 624 4774 nienti
676 4729 729 4773 et
767 4719 986 4788 praeﬁxo
1025 4717 1240 4773 ritibus.
1286 4717 1616 4787 EpiscOpum
1655 4717 1874 4788 quidem
1907 4725 2032 4802 post

449 4827 665 4866 sacrum
721 4812 982 4880 hymnum
1037 4807 1372 4882 Trisagium,
1428 4822 1486 4868 ut
1532 4811 1816 4880 apostolus
1860 4825 2033 4882 agno-

458 4911 664 4957 scatur.
725 4900 928 4954 Deinde
980 4903 1360 4972 presbyterum
1411 4913 1700 4972 postquam
1737 4902 1789 4954 iu
1841 4917 2028 4957 tuensa

449 5010 604 5049 sacra
632 4992 878 5062 deposita
911 4991 1112 5046 fuerint
1141 4995 1280 5047 dona
1304 4993 1698 5049 consecranda.
1728 4994 2027 5059 D‘iaconum

451 5086 687 5154 denique
718 5094 839 5154 post
876 5083 1093 5138 ultimas
1129 5099 1341 5152 preces.
1381 5092 1438 5138 ut
1465 5083 1806 5153 signiﬁcetur
1830 5086 1885 5140 in
1918 5087 2034 5155 ipso

448 5193 572 5255 esse
603 5175 920 5234 memoriam
951 5189 1135 5232 rerum
1159 5175 1406 5230 omnium
1428 5185 1770 5235 sanctarum.
1809 5175 1874 5230 Et
1905 5187 2033 5256 tttnc

450 5253 765 5352 episcopum
801 5271 854 5325 in
895 5270 1095 5347 throno
1147 5283 1271 5323 esse
1300 5253 1767 5337 constituendum,
1815 5253 1950 5340 quia
1979 5271 2032 5328 in

453 5347 702 5442 ordinem
735 5365 1105 5444 apostolorum:
1142 5361 1535 5417 introducitur.
1583 5359 1874 5432 Presbyter
1904 5379 2034 5421 vero

454 5439 737 5514 Ordinatur
772 5439 891 5534 post
911 5455 1099 5530 oblata.
1129 5454 1270 5508 dona
1321 5467 1504 5515 sacra,
1539 5453 1666 5523 quia
1702 5467 1890 5506 eorum
1933 5454 2035 5508 tui-

452 5546 628 5622 nister
673 5545 1051 5602 constituitur.
1097 5544 1372 5600 Diaconus
1405 5546 1624 5600 demum
1661 5553 1778 5613 post
1815 5545 2033 5601 ultimas

451 5653 663 5708 preces,
693 5639 821 5708 quia
856 5639 972 5706 ipse
1009 5647 1092 5694 est
1121 5640 1174 5692 in
1206 5639 1402 5692 ultimo
1430 5638 1648 5702 ordine,
1679 5648 1735 5692 et
1763 5639 1888 5707 quia
1922 5655 2029 5694 non

458 5729 1035 5798 suscipitpotestatem
1065 5730 1414 5800 deprecandi,
1457 5730 1554 5785 sed
1599 5731 1944 5786 ministrandi
1980 5742 2034 5787 et

455 5820 784 5882 exhortandi
804 5825 870 5878 ad
897 5832 1115 5878 sanctas
1151 5837 1360 5892 preces.

2134 3245 2163 3298 ό
2193 3243 2336 3308 θεῖος
2361 3243 2521 3297 τοῦτο
2559 3245 2999 3316 παρακελεύεται
3030 3247 3309 3311 Διονύσιος
3349 3250 3458 3302 τῶν
3487 3250 3719 3304 ἀποστό-

2133 3338 2243 3391 λων
2271 3340 2300 3392 ὁ
2346 3338 2612 3410 διάδοχος,
2670 3339 2883 3402 πάντας
2945 3341 3035 3394 δια
3089 3342 3190 3410 τῆς
3250 3343 3564 3412 ἱερουργίας
3631 3345 3719 3399 καὶ

2135 3429 2422 3494 κοινωνίας
2447 3432 2558 3484 τῶν
2595 3433 2917 3503 μυστηρίων
2941 3431 3038 3485 τοῦ
3077 3433 3316 3504 Χριστοῦ
3350 3436 3528 3505 λέγων
3549 3439 3720 3492 τελει-

2133 3519 2345 3583 οὖσθαι,
2375 3523 2432 3576 ὲν
2469 3524 2548 3592 τῷ
2575 3524 2908 3578 ὑποπίπτειν
2979 3525 3180 3590 αὐτοὺς
3228 3527 3305 3596 τῷ
3353 3528 3722 3599 θυσιαστηρίῳ

2133 3613 2226 3666 καὶ
2254 3615 2318 3684 τῇ
2352 3613 2664 3684 χειροθεσίᾳ
2695 3617 2787 3668 καὶ
2833 3617 3095 3686 σφραγῖδι
3153 3617 3248 3669 καὶ
3290 3618 3578 3688 ἐπικλήσει
3627 3619 3718 3687 τῆς

2133 3701 2378 3772 χάριτος,
2427 3704 2523 3757 καὶ
2551 3703 2672 3765 ταῖς
2720 3703 2894 3773 ίεραῖς
2923 3704 3130 3775 εὐχαῖς,
3161 3706 3228 3775 τῇ
3278 3707 3616 3777 ἀνακηρύξει
3663 3723 3718 3759 τε

2134 3794 2229 3847 καὶ
2257 3793 2335 3862 τῷ
2369 3793 2670 3864 ἀσπασμῷ,
2705 3798 2800 3849 καὶ
2825 3797 2882 3848 ἑν
2922 3797 3139 3860 τούτοις
3185 3799 3576 3868 καθιεροῦσθαι
3634 3800 3722 3855 καὶ

2133 3888 2245 3950 τοῖς
2279 3886 2488 3950 λοιποῖς
2507 3882 2591 3950 οἷς
2627 3889 3035 3959 παραδέδωκεν.
3089 3889 3148 3944 '0
3178 3891 3271 3944 οὖν
3308 3893 3382 3963 μὴ
3409 3892 3552 3947 οὕτω
3610 3912 3721 3966 xeat

2135 3979 2448 4052 ροτονηθεὶς
2485 3979 2546 4033 οὐ
2580 3980 2724 4034 κατά
2770 3980 2872 4052 τὴν
2933 3981 3238 4052 παράδοσίν
3303 3987 3425 4038 ἐστι
3483 4001 3719 4058 χειροττ-

2133 4072 2337 4140 νηθείς.
2379 4071 2484 4127 Kal.
2512 4073 2613 4128 οὐκ
2633 4069 2732 4126 οἶδ’
2759 4075 2786 4127 ὃ
2817 4092 2868 4128 τι
2917 4067 3073 4137 οὗτος
3107 4075 3183 4146 μὴ
3238 4079 3380 4130 κατὰ
3421 4078 3521 4150 τὴν
3565 4081 3720 4144 τάξιν

2133 4165 2406 4226 τελεσθεὶς
2439 4166 2617 4221 ἔσται.
2651 4167 2726 4219 Οὐ
2761 4165 2992 4230 πολλοὺς
3025 4166 3118 4220 οὖν
3150 4169 3487 4235 ἐπισκόπους
3540 4172 3657 4243 ἅμα
3684 4173 3714 4242 ἢ

2136 4259 2546 4332 πρεσϐυτίρους
2569 4259 2602 4330 ἢ
2627 4259 2908 4324 διακόνους
2935 4263 3264 4333 χειροτονεῖν
3280 4263 3336 4314 ὲν
3358 4265 3458 4334 μιᾷ
3479 4263 3721 4334 λειτουρ-

2134 4353 2232 4424 γία
2259 4352 2387 4425 χρὴ,
2427 4350 2545 4408 ἀλλ’
2579 4354 2878 4407 ἐπίσκοπον
2942 4353 3042 4409 ἕνα
3071 4355 3165 4430 καὶ
3200 4357 3572 4428 πρεσϐύτερον
3632 4361 3718 4414 καὶ

2133 4443 2409 4500 διάκονον.
2449 4447 2559 4499 Καὶ
2590 4447 2795 4500 τούτων
2824 4446 3060 4502 ἕκαστον
3110 4450 3168 4502 ἐν
3198 4449 3276 4519 τῷ
3304 4450 3548 4522 ἁρμοδίῳ
3599 4472 3718 4506 και⁶

2135 4536 2217 4607 ρῷ
2245 4539 2338 4590 καὶ
2392 4538 2728 4608 τεταγμένῳ.
2759 4541 2867 4592 Καὶ
2930 4541 3021 4592 τὸν
3073 4541 3170 4610 μὲν
3223 4543 3526 4597 ἐπέσκοπον
3583 4549 3717 4615 μετὰ

2135 4634 2227 4685 τὸν
2259 4631 2555 4700 Τρισάγιον
2582 4629 2749 4700 ὕμνον
2789 4631 2896 4700 πρὸ
2941 4631 3037 4684 τοῦ
3097 4633 3190 4685 τὸν
3241 4635 3558 4693 ἀπόστολον,
3592 4639 3716 4694 ἀνσ-

2135 4715 2450 4791 γνωσθῆναι
2475 4737 2492 4752 ο
2524 4720 2897 4792 πρεσϐύτερον
2927 4721 2985 4774 δὲ
3014 4725 3155 4791 μετά
3194 4723 3252 4775 τὸ
3287 4717 3622 4795 ἀποτεθῆναι
3654 4728 3715 4780 τά

2134 4815 2268 4881 ἆγια
2292 4813 2445 4885 δῶρα
2480 4814 2536 4866 ὲν
2561 4817 2627 4884 τῇ
2665 4813 2788 4886 θεία
2815 4813 3090 4888 ’τραπέζῃ
3119 4831 3134 4848 ο
3168 4816 3418 4872 διάκονον
3472 4821 3528 4873 δὲ
3579 4805 3714 4888 ⁴με.τὰ

2136 4908 2236 4978 τὴν
2259 4906 2576 4962 τελευταίαν
2603 4907 2791 4979 εὐχὴν,
2819 4908 2926 4980 πρὸ
2956 4908 3048 4977 τοῦ
3077 4911 3270 4976 εἰπεῖν,
3300 4928 3319 4962 ε
3359 4913 3584 4967 Πάντων
3612 4915 3714 4968 τῶν

2139 5001 2309 5070 ἁγίων
2335 5001 2838 5071 μνημονεύσαντες.
2870 5018 2888 5052 ι
2926 5001 3034 5054 Καὶ
3058 5002 3182 5070 τότε
3212 5004 3312 5072 μὲν
3355 5005 3448 5056 τὸν
3502 5008 3714 5059 ἐπίσκο-

2137 5111 2238 5145 πον
2265 5093 2340 5156 ὡς
2361 5092 2428 5146 ἂν
2463 5091 2838 5163 ὲνθρονισθείη
2866 5093 2943 5163 τῷ
2975 5079 3150 5164 θρόνῳ
3179 5111 3194 5124 ·
3225 5096 3317 5148 καὶ
3349 5097 3432 5150 ὅτι
3485 5100 3565 5161 είς
3622 5099 3712 5168 τὴν

2136 5186 2294 5250 τάξιν
2326 5184 2435 5240 τῶν
2459 5185 2780 5256 ἀποστόλων
2811 5185 3040 5254 ἐλήλυθε
3071 5204 3086 5219 ο
3117 5190 3256 5256 μετὰ
3298 5189 3366 5264 τὸ,
3402 5188 3626 5259 τεθῆναι
3661 5189 3710 5242 δὲ

2136 5280 2203 5339 τὰ
2229 5279 2346 5344 θεῖα
2375 5263 2524 5350 δῶρα
2548 5280 2641 5344 τὸν
2702 5279 2974 5351 πρεσϐύτε
2985 5297 3097 5350 ρον,
3127 5280 3211 5341 δτι
3265 5263 3469 5354 τούτων
3511 5284 3710 5354 ἱερουρ-

2136 5373 2232 5442 γὸς
2261 5371 2584 5426 καθίσταται
2613 5387 2627 5402 ⁸
2665 5374 2724 5425 ὲν
2754 5375 2824 5443 τῇ
2854 5372 3148 5444 τελευταία
3179 5373 3238 5432 δὲ
3266 5374 3400 5444 εὐχῇ
3464 5377 3556 5428 τὸν
3605 5377 3709 5431 διά-

2137 5482 2316 5532 κονον,
2349 5466 2430 5528 ὅτι
2463 5464 2753 5530 τελευταία
2788 5465 2939 5529 τάξις
2996 5459 3173 5531 οὗτος,
3236 5471 3330 5524 καὶ
3370 5468 3431 5524 οὐ
3485 5469 3706 5538 δύναμιν

2135 5555 2356 5628 εἴληφεν
2379 5555 2654 5626 εὔχεσθαι,
2685 5556 2802 5610 ἀλλ’
2827 5557 3123 5634 ὑπηρετεῖν
3161 5555 3256 5612 καὶ
3289 5559 3704 5632 προσκαλεῖσθαι

2140 5656 2230 5726 πρ⁸
2249 5673 2274 5718 ς
2298 5655 2395 5719 τὰς
2429 5654 2616 5725 εὐχάς.
