4060 6282
336 304 435 367 901

1045 301 1446 362 RESPONSA
1489 300 1587 364 AD
1628 293 2087 359 GABRYELEM
2132 295 2864 384 PENTAPOLITANUM.

3421 234 3594 353 .902

337 392 548 490 ἡμέραν
577 417 870 482 ἐσθίοντες,
903 417 1184 472 καταπολίι
1216 415 1271 468 δὲ
1305 414 1363 467 τι)
1393 414 1492 482 τῆς
1524 413 1734 482 δωρεᾶς
1763 412 1951 472 διαλη

2052 429 2138 470 HIS
2173 416 2240 469 ab
2293 429 2358 470 co
2414 414 2562 484 quod
2616 412 2799 468 datum
2831 406 2996 480 Moysi
3035 425 3049 464 :
3083 405 3254 479 gratia
3287 413 3344 459 et
3389 406 3590 460 donum

334 512 527 566 λάττον
548 513 603 564 ὲν
640 511 771 580 ἡμῖν
796 509 891 562 καὶ
931 510 1009 580 τῷ
1038 502 1246 578 Μωῦσῇ
1270 524 1283 538 ⁸
1321 505 1500 576 δωρεὰ
1540 505 1647 573 γὰρ
1697 505 1790 557 καὶ
1814 504 1913 573 χά-

338 621 424 674 ρις
467 603 670 672 μείζων
697 601 793 654 τοῦ
825 601 1106 662 Μωῦσέως
1138 601 1279 669 ὑπὲρ
1308 598 1486 651 πάντα
1514 597 1641 649 νοῦν
1670 597 1726 647 ὲν
1756 595 1910 664 ἡμῖν.

2013 518 2119 571 est,
2179 508 2272 563 sed
2327 508 2429 562 hoc
2465 508 2666 561 donum
2737 504 2902 577 Moysi
2963 503 3151 558 datunt
3209 514 3424 556 omnem
3493 513 3592 552 co-

2015 599 2331 669 gitationetn
2393 607 2632 667 superat.
2679 599 2948 672 Caeterum
3005 610 3114 649 tton
3164 591 3476 662 ambigitur.
3506 588 3596 644 Je-

336 695 540 750 Λοιπδν
581 693 655 765 μὴ
686 694 1019 763 ἀμφίϐαλλε.
1062 692 1127 745 Ἢ
1165 691 1392 762 νηστεία
1431 691 1486 744 δέ
1518 705 1581 756 γε
1624 688 1732 740 τῶν
1781 689 1912 742 ἁπο-

2052 691 2233 743 uuium
2310 700 2489 745 autem
2539 691 2914 760 apostolorum
2990 688 3043 742 in
3092 686 3354 740 honorem
3405 698 3594 736 eorum

342 787 542 840 στόλων
594 786 681 838 διὰ
725 786 823 855 τὴν
867 784 1070 838 τούτων
1120 784 1308 852 τιμὴν.
1369 782 1478 834 Καὶ
1509 778 1737 841 δικαίως
1765 794 1779 809 ·
1832 778 1916 831 ὅτι

339 879 610 932 πλείστων
639 877 861 946 ἀγαθῶν
906 875 972 929 δι’
1009 876 1192 930 αὐτῶν
1227 870 1514 943 ηξιώμεθα
1541 887 1557 906 ο
1586 872 1682 924 καὶ
1710 872 1794 923 ὅτι
1823 887 1919 940 νη-

345 971 527 1033 στείας
559 969 707 1023 οὗτοι
739 973 836 1024 καὶ
892 969 1136 1036 ὑπακοῆς
1165 969 1290 1038 ἄχρι
1322 966 1556 1021 θανάτου
1590 965 1685 1017 καὶ
1714 965 1917 1034 ἐγκρα-

341 1063 492 1126 τείας
541 1064 770 1132 ἐργάται
821 1060 1083 1130 ῶερθησαν
1120 1062 1256 1130 ἡμῖν
1296 1059 1390 1112 καὶ
1439 1058 1769 1112 διδάσκαλοι.
1813 1058 1918 1109 Καὶ

343 1153 563 1205 Λατῖνοι
593 1151 752 1205 τοῦτο
778 1155 870 1204 καὶ
893 1151 1122 1212 ἄκοντες
1155 1147 1514 1218 μαρτυροῦσι,
1540 1147 1629 1198 διὰ
1666 1144 1922 1215 νηστείας

343 1246 402 1295 ὲν
451 1245 572 1306 ταῖς
629 1243 871 1311 μνήμαις
927 1239 1106 1292 αὐτῶν
1160 1238 1431 1308 τιμῶντες
1487 1234 1709 1297 αὐτούς.
1780 1231 1922 1285 Ἀλλ’

345 1336 506 1405 ἡμεῖς
551 1334 649 1402 μὲν
677 1333 820 1387 κατὰ
861 1334 961 1397 τὰς
1008 1330 1295 1394 Δια-τάξεις
1344 1329 1456 1381 τῶν
1490 1327 1805 1380 ἀποστόλων
1837 1325 1926 1378 διὰ

346 1427 440 1481 τοῦ
473 1426 793 1495 Κλήμεντος
835 1424 972 1494 μετὰ
1014 1423 1114 1494 τὴν
1145 1422 1445 1490 ἐπιδημίαν
1480 1419 1571 1472 τοῦ
1603 1419 1927 1486 Πνεύματος

349 1518 756 1588 εὐφραινόμεθα
787 1516 1056 1586 ἑϐδομάδα
1107 1515 1256 1586 μίαν,
1293 1509 1452 1576 αὖθις
1489 1511 1545 1564 δὲ
1591 1509 1928 1579 νηστεύομεν

347 1608 642 1676 ὲεδομάδα,
677 1607 762 1660 ἵνα
808 1607 882 1677 μὴ
912 1610 973 1678 τῇ
1001 1607 1182 1676 τρυφῇ
1217 1603 1557 1672 ἐκλυθῶμεν,
1589 1601 1664 1662 ὡς
1684 1599 1932 1656 διδασκό-

2020 779 2332 834 institutum
2393 789 2476 834 est
2510 798 2522 833 :
2557 779 2860 847 justissime
2915 778 3155 848 quidem,
3218 777 3347 846 quia
3403 775 3470 828 ah
3517 772 3598 824 eis

2020 871 2256 942 plurima
2315 873 2624 940 accepimus
2686 873 2826 926 bona
2875 880 2928 925 et
2977 871 3102 939 quia
3159 868 3382 924 fuerunt
3442 866 3602 919 nobis

2021 963 2389 1024 abstinentiae.
2422 965 2746 1020 obetlientiae
2792 979 2967 1034 usque
2995 963 3060 1018 ad
3106 971 3339 1016 mortem
3385 970 3438 1014 et
3468 967 3605 1013 tents

2023 1056 2285 1124 perantia:
2317 1056 2541 1125 opiﬁces
2570 1068 2623 1111 et
2655 1057 2926 1127 magistri.
2960 1055 3074 1112 lloe
3112 1066 3169 1111 et
3213 1052 3414 1118 Latini,
3446 1052 3600 1106 inviti

2023 1147 2269 1216 quidem,
2298 1157 2587 1213 testantur,
2612 1148 2814 1218 jejunio
2845 1149 2980 1202 festa
3013 1163 3200 1202 eorum
3234 1147 3605 1201 honorantes:

2026 1239 2121 1294 sed
2159 1253 2258 1295 nos
2285 1238 2442 1308 juxta
2494 1239 2711 1296 decreta
2760 1240 3133 1306 apostolorum
3186 1253 3213 1290 a
3266 1245 3458 1292 sancto
3486 1235 3610 1290 Cle-

2027 1341 2208 1404 mente
2258 1321 2460 1386 tradita
2513 1340 2634 1402 post
2687 1333 2982 1386 adventum
3015 1332 3252 1401 Spiritus
3292 1331 3465 1385 sancti
3514 1345 3612 1396 per

2029 1439 2192 1480 unam
2222 1424 2523 1494 gaudemus
2573 1424 2991 1487 hebdomadam,
3053 1432 3106 1479 et
3165 1424 3360 1478 iterum
3398 1421 3610 1476 hebdo-

2029 1515 2187 1569 made
2215 1530 2320 1568 una
2351 1514 2695 1584 ‘jcjunamus,
2733 1529 2801 1569 ne
2826 1515 3036 1570 deliciis
3075 1514 3470 1576 dissolvamur,
3506 1515 3616 1568 sic-

2030 1614 2091 1661 ut
2119 1607 2264 1660 docti
2321 1621 2552 1668 sumus,
2608 1616 2663 1660 et
2717 1607 2999 1677 aptissime
3051 1607 3214 1660 simul
3272 1605 3479 1676 jejunio
3511 1605 3614 1660 ltoe

351 1700 495 1768 μεθα
522 1715 536 1730 ⁸
573 1699 665 1752 καὶ
723 1699 1012 1759 συναπτῶς
1058 1701 1125 1768 τῇ
1178 1696 1404 1767 νηστείᾳ
1438 1694 1620 1765 ἐκείνῃ
1665 1694 1764 1748 καὶ
1801 1691 1930 1754 τοὺς

2052 1692 2312 1761 tpostolos
2343 1692 2679 1750 honoramus
2699 1703 2740 1747 ἰι
2771 1695 2971 1763 quibus
2999 1694 3250 1764 jejunare
3297 1695 3615 1750 didicimus.

351 1767 812 1860 παραδεδωκότας
859 1767 1146 1860 νηστεύειν
1179 1786 1514 1849 ἀποστόλους
1547 1783 1816 1855 τιμῶντες
1846 1799 1936 1850 νη·

2052 1782 2310 1853 lt-juuium
2360 1785 2598 1854 denique
2649 1786 2878 1856 Augusti
2923 1786 2977 1839 in
3030 1787 3294 1840 honorem
3325 1785 3490 1840 Verbi
3525 1785 3618 1841 Dei

353 1880 642 1951 στεύομεν.
679 1879 743 1932 Ἢ
769 1880 824 1932 δέ
850 1898 910 1946 γε
941 1879 1033 1932 τοῦ
1065 1879 1381 1946 Αὐγούστου
1407 1877 1632 1947 νηστεία
1663 1876 1745 1939 εἰς
1768 1873 1934 1944 τιμὴν

353 1972 590 2041 ὑπάρχει
639 1972 738 2039 τῆς
787 1970 886 2023 τοῦ
934 1968 1068 2022 Θεοῦ
1115 1971 1290 2036 Λάγου
1339 1967 1582 2038 Μητρὸς,
1617 1966 1742 2036 ἥτις
1796 1981 1935 2034 προ-

353 2062 558 2130 γνοῦσα
593 2060 691 2131 τὴν
752 2061 1087 2130 μετάστασιν
1138 2059 1364 2128 ἑαυτῆς,
1421 2059 1515 2112 καὶ
1556 2057 1794 2110 πάντοτε
1839 2055 1936 2125 μὲν

353 2151 422 2226 ἦν
476 2153 858 2223 ἀγωνιζομένη
908 2152 1048 2221 ὑπὲρ
1093 2150 1250 2221 ἡμῶν
1310 2150 1406 2204 καὶ
1457 2148 1819 2218 νηστεύουσα,
1860 2146 1938 2216 μὴ

357 2246 560 2315 χρείαν,
581 2244 783 2316 ἔχουσα
825 2243 1082 2314 νηστείας
1113 2245 1148 2313 ἡ
1177 2241 1396 2310 καθαρὰ
1424 2243 1522 2295 καὶ
1553 2240 1896 2309 πανάμωμος
1920 2253 1934 2268 ⁶

357 2339 504 2404 ὅμως
530 2336 587 2389 δὲ
619 2336 924 2404 ἀγγελικῶς
946 2336 1282 2404 διαιτωμένη
1298 2336 1332 2404 ἡ
1351 2335 1496 2404 ὑπὲρ
1515 2333 1643 2397 τοὺς
1667 2333 1938 2401 ἀγγέλους

361 2425 499 2478 οῦσά
542 2443 603 2479 τε
647 2426 742 2480 καὶ
788 2423 1004 2495 βιοῦσα,
1057 2424 1152 2478 καὶ
1199 2425 1618 2494 προσευχομένη
1672 2421 1938 2490 συνεχῶς.

365 2516 634 2587 ὲνουμένῃ
673 2515 773 2585 μὲν
805 2514 936 2585 θείῳ
980 2514 1262 2583 ιινεύματι
1295 2516 1364 2583 τῇ
1408 2512 1658 2584 μακαρίᾳ
1686 2510 1834 2582 ψυχῇ
1865 2509 1944 2579 τῷ

364 2607 430 2660 Υί
453 2610 478 2676 ξι
507 2608 699 2678 αὐτῆς,
723 2608 816 2661 καὶ
846 2607 986 2677 ὑπὲρ
1013 2606 1168 2677 ἡμῶν
1194 2603 1539 2670 ἱκετεύουσα,
1565 2603 1687 2657 τότε
1711 2604 1769 2656 δὲ
1801 2602 1944 2673 μᾶλ-

364 2699 455 2753 λον
492 2702 549 2753 ὲν
577 2699 656 2770 τῷ
685 2700 902 2767 μέλλειν
923 2698 1032 2752 τῶν
1056 2693 1159 2752 ὧδε
1188 2696 1537 2767 μεταϐαίνειν
1565 2694 1943 2764 λεπτυνομένη

368 2791 530 2844 πλέον
567 2789 710 2860 ἁγίῳ
757 2771 935 2861 ἔρωτιχ
953 2788 1049 2842 τοῦ
1089 2787 1242 2842 Υίοῦ.
1297 2789 1390 2841 Διὸ
1439 2788 1536 2840 καὶ
1595 2788 1761 2856 ἡμεῖς
1820 2784 1947 2837 τότε

368 2883 653 2952 νηστεύειν
703 2883 799 2934 καὶ
837 2881 1112 2951 ,ἀνυμνεῖν
1166 2880 1337 2940 αὐτὴν
1387 2879 1698 2950 ὀφείλομεν,
1737 2878 1832 2930 τόν
1885 2893 1948 2930 τε

375 2979 489 3048 βίον
531 2980 700 3046 αὐτῆς
742 2977 1170 3049 ἐκμιμούμενοι,
1221 2976 1317 3030 καὶ
1351 2978 1432 3039 εἰς
1466 2975 1568 3040 τὰς
1612 2975 1756 3044 ὑπὲρ
1792 2971 1950 3043 ἡμῶν

2039 1875 2250 1938 Matris,
2275 1890 2397 1944 qua
2425 1878 2720 1944 prazsciens
2751 1876 3164 1932 translationem
3199 1892 3376 1943 suam,
3402 1893 3622 1947 semper

2039 1975 2220 2022 tamen
2260 1968 2526 2023 laboravit
2558 1978 2608 2022 et
2627 1968 2896 2037 jejunavit
2925 1984 3022 2036 pro
3054 1970 3233 2030 nobis.
3277 1985 3400 2024 cum
3437 1980 3623 2024 tamen

2038 2059 2234 2126 jejunii
2263 2062 2644 2115 necessitatem
2678 2076 2786 2115 non
2823 2062 3047 2115 haberet
3079 2060 3370 2130 purissima
3411 2069 3462 2115 et
3505 2077 3625 2114 0m-

2039 2151 2174 2204 nino
2222 2150 2718 2220 it‘reprcltensibilis
2755 2166 3028 2218 manens;
3074 2151 3346 2222 simulque
3380 2153 3628 2220 angelice

2040 2243 2232 2298 vivens
2259 2258 2355 2298 seu
2400 2243 2582 2310 potius
2611 2249 2664 2298 et
2691 2245 2890 2300 virtute
2921 2255 2974 2298 et
3003 2244 3114 2299 vita
3155 2245 3374 2315 angelos
3405 2245 3631 2313 pnecel—

2041 2334 2182 2401 lens,
2220 2344 2538 2390 constanter
2580 2335 2907 2405 deprecans,
2960 2335 3184 2405 Spiritui
3218 2346 3408 2392 sancto
3437 2336 3632 2391 intime

2048 2427 2256 2482 unitam
2307 2427 2514 2482 habens
2569 2427 2806 2481 animam
2863 2429 3235 2484 beatissimam
3287 2445 3382 2497 per
3432 2425 3629 2484 Filium

2045 2534 2231 2582 suum,
2265 2534 2363 2588 pro
2387 2518 2544 2574 nobis
2581 2519 2795 2584 orabat,
2824 2520 3062 2574 maxime
3101 2535 3224 2574 rum
3264 2522 3416 2577 fieret
3443 2520 3635 2576 deces-

2047 2625 2143 2666 sus
2172 2611 2290 2680 ejus
2317 2611 2606 2679 proximus
2633 2610 2806 2680 magis
2834 2625 2898 2664 ac
2926 2611 3100 2680 magis
3137 2627 3321 2666 amore
3346 2611 3465 2665 Ftlii
3497 2629 3631 2666 cou-

2050 2703 2387 2758 sumebatur.
2435 2701 2648 2756 Idcirco
2691 2701 2994 2772 jejunaudo
3025 2711 3080 2756 et
3130 2704 3303 2773 ipsam
3341 2704 3637 2759 exaltaudo

2051 2795 2283 2850 multum
2344 2796 2682 2866 proﬁcimus,
2719 2810 2844 2852 cum
2899 2797 3141 2851 maxime
3194 2794 3463 2850 imitando
3515 2796 3636 2862 ejus

2052 2887 2216 2943 vitam
2273 2887 2712 2957 prepitiationem
2744 2895 2802 2942 et
2840 2903 3034 2957 preces
3072 2887 3241 2958 ipsius
3275 2887 3328 2942 in
3360 2903 3457 2943 nos
3488 2888 3639 2942 exci-

2055 2988 2255 3034 tamus.
2287 2978 2443 3035 Unde
2467 2979 2686 3048 quidam
2720 2980 2876 3034 aiunt
2903 2979 2957 3034 in
2995 2979 3097 3034 hoc
3123 2979 3337 3049 jejunio
3365 2980 3636 3049 duplicem

371 3069 723 3139 διεγείροντες
753 3068 987 3132 ἱκεσίας.
1035 3068 1193 3129 Τινὲς
1226 3066 1328 3136 μὲν
1358 3065 1451 3119 οῦν
1488 3081 1623 3135 φασι
1647 3066 1743 3118 καὶ
1774 3063 1864 3118 διὰ
1889 3061 1951 3115 τὸ

2057 3087 2180 3127 esse
2222 3070 2574 3126 festivitatem
2606 3072 2748 3140 ejus,
2791 3071 3001 3126 scilicet
3039 3073 3534 3142 trausﬁgurationis
3585 3081 3640 3126 et

373 3161 468 3215 δύο
493 3158 632 3215 εἶναι
659 3161 854 3232 ἑορτὰς
879 3161 980 3230 τὴν
1007 3161 1266 3230 τοιαύτην
1300 3160 1578 3227 νηστείαν,
1623 3158 1723 3226 τῆς
1754 3172 1813 3209 τε
1839 3157 1951 3210 Με·

372 3253 787 3325 ταμορφὼσεως
837 3255 930 3308 καὶ
988 3255 1351 3324 Κοιμήσεως·
1383 3253 1494 3321 ἐγὼ
1545 3253 1602 3305 δὲ
1653 3251 1954 3319 ἀναγκαῖον

374 3346 582 3416 νομίζω
605 3347 700 3398 καὶ
741 3346 851 3398 τῶν
881 3346 976 3398 δύο
1005 3346 1104 3416 μὲν
1130 3345 1443 3416 μεμνῆσθαι
1473 3343 1699 3415 ἑορτῶν,
1728 3343 1824 3412 τῆς
1855 3343 1955 3412 μὲν

377 3441 452 3504 ὡς
491 3437 773 3508 φωτισμοῦ
824 3439 1138 3508 παραιτίας,
1199 3442 1300 3506 τῆς
1352 3438 1408 3491 δὲ
1454 3436 1530 3501 ὡς
1582 3436 1813 3505 ἱλασμοῦ
1862 3436 1959 3488 καὶ

385 3530 666 3602 μεσιτείας
693 3531 836 3600 ὑπὲρ
877 3531 1058 3600 ἡμῶν.
1085 3531 1279 3600 Ὅμως
1309 3529 1487 3601 χρεὼν
1528 3529 1628 3597 τὴν
1671 3528 1959 3596 Παναγέαν

383 3627 443 3701 εν
473 3625 673 3689 πάσαις
698 3621 1080 3677 ἐπικαλεῖσθαι
1113 3619 1387 3693 Παρθένον
1417 3620 1515 3691 τὴν
1558 3620 1845 3684 Θεοτόκον,
1874 3619 1960 3672 ἵνα

383 3717 450 3771 δι’
481 3718 650 3784 αὐτῆς
681 3717 838 3780 ἵλεως
873 3717 1005 3786 ἡμῖν
1031 3716 1118 3784 ετη
1153 3716 1182 3767 ό
1214 3713 1274 3778 ἐξ
1304 3713 1499 3782 αὐτῆς,
1550 3712 1646 3764 καὶ
1680 3712 1776 3780 τῆς
1808 3710 1962 3773 θείας

387 3809 554 3864 αὑτοῦ
588 3810 655 3862 δι’
701 3809 872 3879 αὐτῆς
919 3809 1306 3879 λαμπρότητος
1336 3805 1707 3876 ὲπιτύχωμεν.
1759 3802 1962 3858 Τούτου

331 3933 333 3935 ι
387 3904 482 3956 οῦν
509 3901 670 3972 χάριν
701 3901 758 3954 αἱ
793 3903 1060 3970 νηστεῖαι·
1093 3904 1188 3952 καὶ
1219 3900 1514 3967 ἀναγκαῖαι
1552 3896 1716 3952 παντὶ
1745 3895 1925 3965 πιστῷ
1948 3909 1962 3923 °

387 3993 482 4046 καὶ
509 3995 572 4046 οὐ
609 3993 770 4061 μόνον
805 3993 859 4043 έν
882 3990 1060 4060 τούτῳ
1087 3989 1165 4060 τῷ
1193 3989 1395 4059 καιρῷ,
1423 3989 1558 4042 ἀλλὰ
1605 3990 1698 4042 καὶ
1733 3989 1965 4040 πάντοτε

391 4085 486 4136 καὶ
516 4082 780 4153 διηνεκῶς
813 4096 827 4111 ⁶
855 4074 934 4134 ὅτι
958 4079 1183 4148 νηστεία
1207 4080 1370 4148 ἔργον
1400 4077 1539 4131 Θεοῦ
1571 4093 1584 4107 ο
1619 4078 1682 4130 οὐ
1707 4078 1818 4145 γὰρ
1846 4093 1970 4145 τρο-

393 4178 499 4246 φῆς
532 4173 678 4244 αὐτῷ
705 4171 889 4243 χρεία,
923 4173 1018 4225 καὶ
1047 4169 1162 4241 ζωὴ
1193 4169 1442 4238 ἀγγέλων
1477 4169 1572 4221 καὶ
1607 4167 1781 4238 βιοτὴ,
1810 4169 1971 4237 ἀτρο-

391 4287 481 4340 φοι
530 4269 674 4338 γάρ’
715 4269 809 4320 καὶ
851 4265 1120 4335 νέκρωσις
1152 4261 1438 4331 σώματος·
1469 4263 1572 4323 ὅτι,
1623 4259 1816 4314 τούτου
1845 4276 1973 4330 τρυ-

390 4364 687 4431 φήσαντος,
731 4359 921 4428 νεκροὶ
969 4355 1318 4426 κατέστημεν
1349 4355 1531 4424 ἡμεῖς.
1582 4353 1692 4406 Καὶ
1730 4350 1971 4421 ἁποῦολὴ

2058 3165 2274 3218 mortis.
2309 3162 2374 3217 Et
2409 3162 2542 3217 ntihi
2593 3163 2809 3218 videtur
2864 3163 3096 3234 perutile
3143 3165 3300 3220 nobis
3341 3165 3478 3220 duas
3518 3165 3641 3218 illas

2059 3256 2352 3311 memorari
2385 3255 2706 3311 festivitates
2731 3272 2747 3323 ;
2785 3257 2935 3325 prior
2957 3258 3100 3311 enim
3133 3257 3441 3323 splendoris
3464 3257 3640 3326 origo,

2057 3346 2336 3418 posterior
2365 3346 2776 3416 propitiationis
2809 3355 2864 3401 et
2909 3347 3328 3403 intervetttionis
3362 3364 3490 3419 erga
3544 3365 3647 3404 nos

2059 3437 2345 3493 manifesta
2380 3437 2603 3492 ﬂuenta.
2635 3437 2838 3508 Sicque
2887 3438 3029 3497 hanc
3069 3454 3181 3509 prae
3214 3441 3474 3497 omnibus
3517 3457 3648 3498 san-

2059 3539 2202 3587 ctam
2229 3529 2503 3602 Virginem
2531 3529 2620 3586 Dei
2648 3529 2980 3586 Genitricem
3003 3531 3214 3601 justum
3250 3544 3327 3588 est
3367 3533 3644 3599 invocare,

2046 3634 2122 3678 -ut
2163 3623 2432 3692 propitius
2476 3622 2550 3676 sit
2606 3620 2764 3676 nobis
2814 3619 2988 3676 Filius
3035 3620 3176 3690 ejus,
3213 3623 3542 3678 etdivinam
3593 3623 3648 3678 in

2066 3715 2221 3770 uehis
2273 3713 2360 3769 sui
2416 3712 2639 3766 luminis
2692 3712 3002 3768 claritatem
3075 3715 3419 3784 multiplicet.
3477 3715 3652 3786 Hujus

2065 3807 2236 3876 gratia
2269 3819 2332 3858 ex
2370 3801 2595 3871 jejuniis
2629 3819 2645 3854 :
2675 3810 2802 3856 sunt
2833 3815 2968 3871 ergo
2995 3802 3144 3856 omni
3171 3803 3418 3859 credenti
3456 3821 3651 3861 neces-

2067 3896 2231 3957 saria,
2264 3909 2372 3949 non
2398 3893 2574 3948 solum
2611 3893 2663 3947 in
2697 3894 2789 3948 tali
2825 3895 2906 3948 vel
2941 3895 3034 3948 tali
3066 3903 3334 3965 tempore,
3366 3897 3461 3952 sed
3503 3913 3654 3952 sem-

2068 4003 2165 4058 per
2193 3996 2246 4040 et
2304 3985 2424 4041 sine
2485 3985 2894 4040 intermissione
2944 3990 3270 4053 exercenda,
3307 3997 3362 4042 et
3396 3987 3656 4058 frequen-

2071 4077 2233 4131 tantla
2265 4094 2279 4143 ;
2319 4087 2450 4132 sunt
2474 4077 2618 4131 enim
2658 4091 2797 4147 epus
2823 4077 2937 4144 Dei,
2968 4079 3057 4133 cui
3082 4079 3206 4133 cibo
3239 4095 3346 4134 non
3377 4092 3459 4136 est
3480 4097 3656 4150 opus;

2069 4181 2198 4225 sunt
2232 4183 2286 4224 et
2319 4171 2642 4240 angelorum
2684 4173 2792 4224 vita
2822 4180 2876 4226 et
2907 4172 3098 4240 agendi
3133 4173 3290 4236 ratio.
3329 4174 3532 4243 quippe
3560 4177 3656 4244 qui

2073 4275 2418 4332 nequaquam
2455 4262 2826 4328 manducant;
2857 4273 2984 4318 sunt
3015 4263 3260 4333 corporis
3288 4265 3656 4335 interemptio,

2075 4352 2222 4421 quod
2266 4353 2314 4406 si
2354 4353 2586 4407 delicate
2619 4353 2952 4419 nutriamus,
2982 4367 3130 4410 certo
3158 4357 3500 4424 moriemur;
3530 4367 3661 4413 sunt

381 4452 580 4505 παθῶν
607 4453 640 4520 ὴ
676 4451 918 4519 νηστεία.
957 4448 1037 4500 Τὰ
1058 4447 1162 4515 γὰρ
1192 4445 1534 4514 ὑπογάστρια
1565 4445 1597 4514 ή
1630 4457 1948 4512 γαστριμαρ

2078 4441 2317 4512 denique
2336 4442 2542 4512 jejunia
2581 4443 2899 4513 passionum
2945 4446 3255 4510 eraeuatio,
3300 4463 3436 4517 quas
3467 4445 3690 4518 poten-F'

391 4545 486 4610 γία
527 4546 666 4594 κινεί
694 4540 864 4610 παθη.
909 4558 927 4591 t
967 4538 1048 4592 Τὰ
1079 4537 1349 4609 βρώματα
1370 4534 1448 4598 δὲ,
1471 4534 1607 4604 φησὶ
1639 4533 1872 4597 Παῦλος,
1903 4533 1970 4600 τῇ

393 4615 594 4704 κολίᾳ,
629 4635 719 4686 καὶ
752 4634 782 4701 ἡ
815 4627 996 4684 κοιλία
1034 4631 1145 4692 τοῖς
1175 4627 1482 4699 βρώμασιν.
1531 4626 1591 4681 '0
1631 4624 1688 4679 δὲ
1717 4623 1849 4686 Θεὸς
1880 4621 1977 4676 καὶ

392 4727 599 4796 ταύτην
632 4727 726 4778 καὶ
755 4724 927 4778 ταῦτα
954 4725 1350 4793 καταργήσει.»
1370 4721 1468 4774 Διὰ
1494 4717 1652 4772 τοῦτο
1676 4716 1852 4769 τοίνυν
1883 4716 1975 4767 καὶ

395 4819 508 4880 τοῖς
542 4815 823 4885 Πατράσιν
854 4814 993 4885 αῦτη
1023 4815 1056 4884 ὴ
1094 4814 1320 4884 νηστεία
1353 4811 1711 4875 ἐσπούδαστο,
1742 4810 1838 4862 καὶ
1863 4811 1977 4871 τοῖς

397 4909 716 4972 ἀποστόλοις
739 4909 946 4971 αὐτοῖς,
975 4906 1070 4959 καὶ
1099 4906 1177 4975 τῷ
1201 4905 1398 4974 Παύλῳ
1423 4903 1541 4974 μὲν,
1571 4903 1803 4970 λέγοντι,
1838 4919 1856 4952 ι
1893 4900 1983 4951 Ἕν

399 5004 672 5071 νηστείαις
694 5001 976 5063 πολλάκις,
1015 5018 1032 5050 ι
1075 5001 1168 5051 καὶ
1193 5017 1212 5049 ι
1259 4997 1320 5051 Ὀ
1350 4997 1756 5064 ἀγωνιζόμενος
1806 4996 1983 5046 πάντα

389 5093 828 5163 ἐγκρατεύεται·
873 5109 892 5142 ι
943 5090 1030 5158 Τῷ
1087 5089 1278 5157 Πέτρῳ
1305 5087 1362 5140 δὲ
1402 5085 1692 5156 Ἀσσαρίου
1737 5084 1983 5154 θερμίοι;

402 5186 739 5256 τρεφομένῳ,
779 5185 872 5237 καὶ
904 5181 984 5251 τῷ
1033 5181 1226 5250 Κυρίῳ
1254 5175 1423 5247 αὐτῷ,
1449 5176 1752 5249 κριθίνους
1782 5176 1982 5247 ἄρτους

385 5277 658 5341 ἐσθίοντι,
693 5278 785 5328 καὶ
820 5274 1078 5337 πολλάκις
1113 5270 1446 5341 νηστεύοντι.

2084 4541 2166 4589 ter
2193 4535 2436 4589 excitant
2463 4543 2520 4589 et
2547 4544 2769 4590 movent
2793 4536 2918 4607 gula
2943 4547 2999 4593 et
3031 4537 3320 4609 ingluvies.
3359 4539 3497 4594 Dicit
3523 4538 3665 4594 Pau-

2085 4628 2171 4682 lus
2199 4644 2213 4679 :
2256 4647 2274 4680 σ
2315 4626 2448 4683 Esca
2488 4630 2762 4695 ventri,et
2782 4639 2973 4686 venter
3007 4633 3149 4687 escis
3177 4649 3194 4686 :
3230 4631 3370 4686 Deus
3397 4644 3578 4687 autem
3609 4641 3666 4687 et

2087 4721 2233 4774 hunc
2264 4728 2318 4774 et
2345 4721 2441 4774 has
2470 4720 2717 4776 destruet
2741 4725 2811 4779 ’⁷.
2841 4740 2859 4776 ι
2884 4723 3174 4794 Propterea
3204 4739 3421 4795 quoque
3444 4735 3666 4781 strenue

2084 4811 2274 4867 Patres
2295 4810 2504 4882 jejunio
2530 4825 2817 4877 vacarunt,
2841 4813 2982 4878 sicut
3005 4823 3058 4869 et
3088 4815 3341 4886 apostoli,
3364 4816 3504 4871 inter
3527 4830 3668 4886 quos

2086 4915 2138 4960 et
2178 4903 2383 4959 Paulus
2436 4904 2626 4960 dicens
2671 4923 2684 4962 :
2746 4925 2766 4959 ‹
2818 4907 2876 4961 1η
2904 4908 3128 4977 jejuniis
3179 4909 3367 4963 multis
3388 4910 3456 4963 ”.
3498 4928 3518 4960 ι
3553 4908 3615 4962 Et
3653 4926 3666 4963 :

2092 5017 2110 5048 ε
2139 4998 2240 5064 Qui
2268 4998 2321 5052 in
2343 5012 2514 5068 agone
2545 5001 2826 5054 contendit
2857 5001 2926 5054 ab
2948 5001 3200 5056 omnibus
3222 5017 3279 5056 se
3299 5001 3537 5056 abstinet
3559 5001 3624 5053 υ.
3641 5019 3662 5052 ›

2089 5087 2152 5143 Et
2185 5091 2401 5144 tandem
2429 5089 2624 5146 Petrus
2654 5093 2904 5160 captivus
2933 5102 3100 5163 atque
3130 5096 3245 5163 ipse
3281 5092 3543 5146 Dominus
3572 5091 3670 5162 qui

2088 5197 2256 5248 panes
2303 5182 2639 5238 hordeaceus
2691 5187 3055 5241 manducahat
3101 5187 3415 5254 frequenter
3453 5184 3670 5253 jejuna-

2093 5287 2223 5327 reru
2233 5283 2312 5326 111..

476 5458 560 5511 ,τι
595 5462 718 5515 cur.
755 5473 828 5519 \‘l,
882 5456 964 5509 13.
1040 5455 1086 5486 ⁵⁸
1129 5455 1166 5507 ll
1193 5455 1316 5508 Cor.
1349 5471 1425 5519 tu,
1449 5455 1538 5509 Q7.
1616 5457 1662 5488 “
1691 5455 1710 5507 ἰ
1741 5453 1866 5506 CUP-
1903 5469 1976 5517 ιι»
2001 5451 2094 5509 23-
