4060 6282
344 395 458 467 905

1124 407 1517 473 RESPONSA
1553 413 1655 474 AD
1690 408 2137 478 GABRIELEM
2169 413 2889 480 PENTAPOLITANUM.
3003 464 3012 484 ι

3480 409 3585 476 906

343 521 442 575 καὶ
470 519 608 591 πρὸς
643 519 744 589 τὴν
770 520 932 590 ἁγίαν
967 524 1223 601 νηστείαν
1257 527 1600 598 ἐτοιμασίαν,
1645 528 1733 582 ἵνα
1771 547 1910 600 προ-

2017 548 2175 601 guem
2208 533 2486 590 hominem
2540 534 2794 596 reddunt.
2835 530 2904 586 ad
2963 528 3125 586 breve
3165 535 3382 598 tempus
3427 529 3598 584 absti-

343 608 712 680 καθαρθέντες
732 612 797 680 τῇ
823 599 1049 684 νηστείᾳ
1073 613 1483 683 προσέλθωμεν,
1503 612 1600 668 καὶ
1615 615 1723 668 άπὸ
1774 599 1919 687 ppu...

346 700 534 770 μάτων
568 697 926 756 λιπαινόντων
975 704 1071 757 καὶ
1119 706 1416 776 σαρκωδῶν
1443 707 1583 777 πρὸς
1614 707 1798 776 ὀλίγον
1827 710 1918 776 ἐγσ

343 793 800 862 κρατευσάμενοι,
821 795 924 861 τῆς
951 798 1206 865 νηστείας
1233 796 1524 867 ἁψώμεθα,
1555 801 1790 871 καθαροὶ
1812 799 1916 872 τῆς

344 883 762 960 καθαρωτάτης,
797 884 891 937 καὶ
923 886 1068 954 ἅγιοι
1101 887 1199 955 τῆς
1229 888 1424 956 ἁγνῆς.
1465 889 1561 944 Διὸ
1592 892 1687 944 καὶ
1719 893 1917 963 πρότε-
1948 908 1955 914 ·

347 984 443 1045 ρον
491 975 592 1043 μὲν
625 975 674 1026 oi
731 975 974 1046 Πατέρες
1007 978 1106 1048 τὴν
1142 978 1323 1049 ψυχὴν
1377 982 1803 1056 ἑκκαθαίρουσιν
1856 987 1914 1039 ἐν

321 1075 324 1077 ‘
344 1066 525 1132 τρισὶν
543 1065 839 1135 ἑϐδομάσιν
865 1067 946 1130 είς
965 1068 1134 1139 τιμὴν
1155 1070 1254 1139 τῆς
1271 1067 1522 1142 Τριάδος,
1548 1073 1620 1126 τὰ
1643 1075 1776 1143 περὶ
1819 1077 1918 1146 τῆς

347 1157 604 1226 νηστείας
639 1157 1002 1229 κηρύττοντες
1031 1158 1146 1224 τοίς
1175 1159 1555 1228 εύαγγελικοῖς
1592 1163 1687 1217 τοῦ
1736 1165 1919 1235 Σωτῆ-

345 1269 440 1320 ρος
471 1253 681 1323 ῥήμασι
712 1252 870 1321 ’πρὸς
901 1251 1001 1323 τὴν
1053 1253 1344 1323 μετάνοιαν
1374 1256 1469 1309 καὶ
1503 1255 1602 1324 τὴν
1645 1257 1919 1328 κάθαρσιν

345 1340 494 1408 ἡμᾶς
547 1340 960 1411 ἐκκαλούμενοι.
1004 1341 1115 1395 Καὶ
1149 1343 1237 1397 διά
1289 1344 1390 1413 μὲν
1423 1343 1518 1396 τοῦ
1553 1345 1790 1401 τελώνου
1823 1348 1918 1402 καὶ

341 1429 658 1493 Φαρισαίου.
694 1432 768 1500 μὴ
804 1432 1127 1504 ἐπαίρεσθαι
1160 1436 1270 1498 τοῖς
1314 1433 1521 1499 πόνοις,
1558 1438 1694 1491 ἀλλὰ
1726 1457 1918 1493 ταπει-

342 1522 565 1576 νοῦσθαι
599 1522 930 1588 διδάσκουσι,
963 1529 1057 1579 καὶ
1084 1525 1287 1596 μᾶλλον
1313 1527 1458 1581 οὕτω
1494 1528 1802 1592 σώζεσθαι·
1827 1531 1918 1584 διὰ

343 1612 400 1664 δέ
431 1612 529 1680 τῆς
575 1613 670 1668 τοῦ
717 1615 932 1669 ἀσώτου
981 1618 1302 1688 παραϐολῆς
1353 1617 1430 1690 μὴ
1485 1622 1914 1690 ἀπογινώσκειν,

342 1705 460 1758 ἀλλ’
492 1705 855 1775 ὑποστρέφειν
903 1709 962 1760 ἐν
1007 1707 1392 1779 ἐξομολογήσει
1426 1713 1562 1782 πρὸς
1602 1714 1695 1766 τὸν
1749 1713 1915 1784 352

343 1795 552 1862 ἀγαθὸν
601 1797 818 1866 Πατέρα
867 1815 926 1852 τε
977 1800 1070 1852 καὶ
1124 1799 1525 1870 φιλάνθρωπον.
1578 1805 1678 1858 Διὰ
1711 1804 1766 1858 δὲ
1815 1805 1919 1873 τῆς

2027 628 2244 686 nentes,
2285 621 2556 692 jejunium
2603 620 2971 680 exordiantur,
3029 617 3152 688 puri
3213 605 3610 688 purissimum;

2028 711 2314 779 sanctique
2343 711 2749 768 intemeratum.
2808 709 2945 765 Hinc
2973 709 3138 764 etiam
3177 710 3376 762 factum
3406 717 3510 775 est,
3536 718 3598 764 ut

2027 788 2219 854 Patres
2238 799 2393 868 prius
2443 799 2622 855 tribus
2658 797 3092 853 hebdomadibus
3128 798 3368 851 animum
3393 812 3598 866 expur-

2025 897 2174 960 gent,
2208 889 2264 944 in
2319 891 2582 945 honorem
2624 890 2859 956 Triadis,
2886 889 3221 959 quaejcjunii
3247 897 3394 951 sunt,
3433 904 3600 944 evan-

2027 980 2214 1052 gelicis
2263 980 2569 1036 Salvatoris
2618 982 2790 1037 nostri
2822 981 3004 1037 verbis
3030 979 3411 1049 praedicantes,
3451 979 3599 1034 exci-

2030 1079 2319 1140 tantesque
2352 1085 2454 1126 nos
2483 1071 2550 1124 ad
2599 1072 2975 1140 paenitentiam
3033 1079 3088 1124 et
3131 1070 3600 1140 expurgationem.

2026 1163 2094 1218 Et
2121 1178 2217 1230 per
2239 1161 2520 1218 Publicani
2553 1171 2608 1218 et
2637 1161 2895 1218 Pharisaei
2937 1163 3274 1230 parabolam,
3331 1176 3439 1214 non
3477 1175 3602 1215 esse

2027 1253 2314 1309 laboribus
2339 1253 2786 1322 superbiendum,
2827 1253 2923 1307 sed
2973 1252 3397 1321 compescendos
3434 1250 3601 1305 animi

2027 1354 2279 1406 conatus,
2312 1343 2532 1410 docent,
2559 1352 2612 1400 et
2629 1345 2731 1400 bac
2753 1345 2933 1414 potius
2957 1344 3168 1398 ratione
3201 1344 3426 1398 salutem
3451 1357 3600 1398 com-

2027 1438 2345 1506 parandam.
2366 1436 2469 1492 Per
2493 1435 2712 1505 Prodigi
2735 1436 3072 1504 parabolam,
3093 1451 3202 1489 non
3220 1451 3340 1491 esse
3362 1436 3604 1502 despon-

2025 1530 2282 1596 dendum,
2318 1527 2413 1585 sed
2473 1527 2854 1584 revertendum
2896 1526 3246 1581 confessione
3280 1525 3347 1579 ad
3383 1525 3600 1580 Patrem

2026 1619 2293 1689 optimum
2329 1627 2494 1688 atque
2514 1617 3002 1674 humanissimum.
3037 1615 3140 1671 Per
3167 1615 3601 1671 recordationem

2030 1707 2334 1762 Salvatoris
2365 1709 2541 1763 nostri
2571 1707 2863 1770 adventus,
2888 1701 3191 1774 incorrupti
3242 1703 3385 1759 illius
3409 1704 3604 1775 judicii

2028 1798 2278 1852 timorem
2325 1797 2624 1863 incutiunt,
2663 1803 2718 1850 et
2749 1811 2845 1864 per
2899 1795 3330 1850 misericordiam
3364 1796 3417 1848 in
3472 1811 3605 1864 pau-

344 1885 705 1967 ὑπομνήσεως
731 1888 830 1955 τῆς
875 1886 968 1941 τοῦ
1001 1887 1255 1959 Σωτῆρος
1307 1889 1468 1957 ἡμῶν
1492 1889 1755 1960 δευτέρας
1784 1907 1915 1960 παρ·

2030 1903 2188 1958 peres
2241 1888 2542 1952 instruunt,
2581 1901 2680 1942 nos
2702 1901 2926 1956 quoque
2951 1886 3381 1940 misericordiam
3408 1901 3604 1939 conse-

353 1978 543 2038 ουσίας
599 1981 682 2040 είς
718 1977 884 2045 φόϐον
915 1977 1248 2047 ἐμϐάλλουσι
1278 1978 1371 2032 τοῦ
1400 1980 1702 2035 ἀδεκάστου
1727 1997 1915 2050 κριτη-

2025 1990 2272 2035 cuturos.
2289 1977 2530 2034 Tandem
2558 1979 2812 2033 exsilium
2838 1977 3028 2032 Adatui
3054 1988 3438 2048 proponentes,
3457 1977 3604 2046 quod

352 2069 470 2137 ρίου
499 2064 664 2121 αὐτοῦ
690 2085 701 2097 ⁸
741 2071 832 2119 καὶ
863 2068 952 2122 διὰ
999 2065 1097 2120 τοῦ
1150 2069 1286 2135 πρὸς
1315 2071 1442 2131 τοὺς
1491 2071 1732 2140 πένητας
1762 2071 1918 2122 ἐλέου

346 2159 708 2227 παρεστῶσιν,
735 2157 810 2219 ὡς
840 2157 1268 2228 ἐλεηθησόμεθα.
1297 2157 1620 2212 Τελευταίον
1647 2159 1706 2212 δέ
1729 2161 1796 2214 τά
1816 2160 1918 2228 τῆς

338 2247 560 2318 ἐξορίας
608 2248 703 2300 τοῦ
747 2249 918 2317 Ἀδὰμ
953 2249 1327 2318 προτιθέασιν,
1371 2249 1494 2320 ἣτις
1530 2251 1778 2318 ἐγεγόνει
1827 2251 1918 2304 διὰ

339 2339 558 2408 τρυφῆς
594 2355 653 2390 τε
677 2338 773 2410 καὶ
798 2339 987 2409 ἡδονῆς
1019 2339 1156 2409 πρὸς
1186 2339 1288 2410 τὴν
1313 2341 1574 2411 νηστείαν
1606 2341 1758 2410 ἠμῖς
1803 2345 1914 2394 διε-

345 2432 648 2501 γείροντες.
681 2429 845 2483 Ὅθεν
897 2431 995 2483 καὶ
1041 2429 1144 2500 τὴν
1194 2431 1302 2500 πρὸ
1335 2431 1435 2501 τῆς
1476 2431 1728 2501 νηστείας
1766 2427 1918 2496 ἐϐδο-

343 2520 493 2588 μάδα
521 2519 584 2572 ού
617 2518 946 2590 κρεοφάγοι),
967 2517 1105 2570 ἀλλὰ
1142 2519 1455 2588 τυροφάγον
1521 2514 1664 2572 εἶναι
1691 2537 1920 2589 νενομο-

340 2610 610 2680 θετήκασι
634 2627 648 2641 ·
671 2610 766 2662 καὶ
799 2609 1116 2679 προεόρτιον
1136 2611 1233 2676 τῆς
1251 2608 1505 2678 νηστείας
1532 2607 1738 2677 ταύτην
1762 2607 1914 2677 φασί.

340 2702 454 2756 Καὶ
489 2700 714 2770 τριῴδια
747 2701 974 2769 ψάλλειν
1009 2699 1108 2754 καὶ
1139 2700 1402 2768 ίδιόμελα,
1422 2699 1497 2762 ὡς
1529 2701 1623 2752 καὶ
1656 2701 1795 2754 κατὰ
1817 2701 1916 2770 τὴν

334 2793 507 2862 ἁγίαν
567 2792 1023 2863 Τεσσαρακοστὴν
1088 2790 1452 2846 διετύπωσαν.
1512 2793 1620 2847 Καὶ
1672 2793 1770 2856 τὰς
1821 2793 1916 2846 δύο

335 2885 552 2948 ταύτας
603 2885 768 2955 μέσον
818 2869 1096 2937 τεθείκασι
1129 2881 1387 2952 νηστείας
1425 2882 1698 2950 Τετράδος
1727 2899 1787 2935 τε
1820 2883 1915 2935 καὶ

333 2976 733 3046 Παρασκευῆς,
767 2977 826 3029 ἐν
859 2969 948 3038 αἷς
983 2975 1077 3029 καὶ
1103 2973 1402 3042 προφητῶν
1431 2973 1620 3045 ῥήσεις
1655 2975 1786 3044 περὶ
1819 2991 1916 3043 νη·

332 3070 549 3133 στείος,
576 3071 668 3122 καὶ
698 3068 822 3129 τοὺς
847 3067 976 3136 περὶ
1005 3067 1170 3136 αὐτῆς
1203 3067 1392 3134 λόγους
1426 3065 1519 3119 τοῦ
1551 3065 1913 3132 θεοφάντορος

331 3159 628 3214 Βασιλείου
676 3158 932 3226 λέγεσθαι
992 3157 1328 3223 διετάξαντο.
1380 3155 1546 3210 Ὅθεν
1596 3157 1692 3209 καὶ
1742 3153 1819 3217 ὡς
1850 3155 1913 3208 τὸ

333 3209 588 3322 Egisti;
606 3209 760 3319 eum.
784 3209 1015 3301 έυέιςςδφ
1066 3209 1175 3316 τῆξ
1188 3209 1197 3210 ί
1224 3246 1469 3315 μεγάλης
1506 3209 1863 3319 Ἐκκλησεοξς,
1887 3209 1986 3312 ιβ

339 3341 688 3412 πατριάρχης
728 3339 867 3392 κατὰ
895 3342 992 3405 τὴν
1025 3337 1268 3408 Τετράδα
1291 3339 1389 3407 τῆς
1410 3338 1736 3408 Τυροςράγου
1764 3339 1918 3408 πρῶ-

337 3448 429 3496 τος
468 3434 806 3500 ἐλειτούργει
857 3431 926 3483 τὰ
975 3429 1418 3498 προηγιασμένα,
1452 3429 1510 3482 ἐν
1544 3424 1577 3503 ᾖ
1613 3429 1807 3497 equal
1845 3431 1912 3499 τῇ

341 3526 679 3594 Παρασκευῇ
739 3522 877 3592 μετὰ
927 3522 1022 3589 τῆς
1073 3520 1330 3592 νηστείας
1366 3523 1462 3574 καὶ
1494 3522 1658 3590 τυρὸν
1714 3521 1917 3575 ἐσθίειν

339 3618 459 3680 ιθος
488 3613 580 3686 ἦν,
615 3614 753 3684 πρὸς
784 3614 1061 3683 ἀναίρεσιν
1094 3613 1377 3682 αἱρετικῆς
1403 3630 1548 3674 τινος
1585 3611 1764 3680 δόξης.
1825 3613 1915 3664 Ἐν

337 3712 458 3772 ταὶς
487 3707 643 3763 δυσὶν
666 3705 758 3759 οὖν
784 3705 1019 3766 ἐκείναις
1047 3704 1144 3772 τῆς
1173 3702 1496 3772 Τυροφάγου
1529 3703 1812 3772 νηστείαις
1844 3703 1913 3756 τὰ

338 3799 449 3853 τῶν
496 3794 964 3866 προηγιασμένων
996 3791 1169 3856 οὕτως
1217 3793 1457 3845 ἐτελεῖτο
1502 3791 1778 3862 ἐξαρχῆς·
1818 3793 1914 3845 καὶ

339 3891 398 3942 ἐν
425 3892 549 3947 ταῖς
579 3887 838 3946 παλαιαῖς
866 3885 1181 3954 εὑρίσκεται
1209 3883 1510 3949 διατάξεσι,
1554 3886 1650 3942 καὶ
1679 3882 1749 3935 τὰ
1786 3883 1916 3935 άναο

336 3983 644 4049 γνὼσματα
697 3974 1039 4046 μαρτυροῦσι
1080 3975 1150 4028 τά
1203 3977 1542 4045 προφητικὰ,
1571 3975 1648 4038 ὡς
1679 3976 1914 4046 εἰρήκα-

340 4089 444 4142 μεν
465 4087 480 4102 ο
507 4071 606 4122 καὶ
631 4069 690 4122 τὸ
719 4069 852 4140 μηδὲ
884 4067 1188 4134 Εὐαγγέλια
1216 4068 1470 4134 λέγεσθαι
1493 4069 1551 4119 ἐν
1578 4068 1769 4129 αὑταῖς
1793 4069 1915 4129 ταῖς

335 4167 602 4235 ἡμέραις,
627 4161 701 4222 ὡς
752 4157 870 4212 οὺδέ
901 4159 1024 4220 ταῖς
1053 4143 1214 4210 πέντε
1242 4157 1342 4227 τῆς
1367 4155 1660 4224 ἑϐδομάδος
1681 4157 1738 4208 ἐν
1761 4157 1912 4227 πάσῃ

335 4259 404 4328 τῇ
437 4254 893 4324 Τεσσαρακοστῇ,
914 4252 988 4314 ὡς
1025 4249 1202 4302 πάντα
1224 4249 1450 4318 δηλοῦσι
1481 4247 1550 4300 τὰ
1577 4247 1914 4313 εύαγγελικέι

337 4348 546 4419 βιϐλία.
582 4349 688 4399 Καὶ
711 4347 851 4398 κατὰ
885 4345 984 4415 τὴν
1009 4339 1174 4409 άγίαν
1217 4339 1274 4392 δέ
1305 4340 1402 4392 καὶ
1435 4339 1684 4408 μεγάλην
1728 4339 1912 4406 Παρα-

336 4442 540 4512 σκευὴν
594 4436 767 4498 οὕτως
807 4435 1044 4507 ἐξαρχῆς
1078 4431 1503 4504 προηγιασμένα
1543 4430 1802 4483 ἐτελεῖτο.
1831 4427 1910 4484 υύ

2025 2080 2245 2140 propter
2281 2069 2468 2124 luxum
2503 2078 2560 2125 et
2590 2066 2922 2139 voluptatem
2983 2069 3198 2130 accidit,
3235 2069 3298 2122 ad
3334 2064 3602 2138 jejunium

2023 2159 2406 2214 adhortantur.
2433 2156 2844 2229 Proptereaque
2868 2156 3282 2224 Inebdomadem,
3311 2173 3434 2227 quae
3472 2166 3603 2212 ante

2017 2251 2286 2324 jejunium
2309 2259 2417 2318 est,
2451 2259 2564 2306 uta
2594 2249 2853 2307 carnibus
2885 2249 3275 2316 abstineretur,
3313 2264 3420 2304 non
3469 2247 3600 2304 item

2033 2357 2271 2408 acaseo,
2335 2341 2454 2410 lege
2515 2352 2830 2397 sanxerunt.
2889 2341 3062 2408 Quam
3141 2329 3332 2410 jejunii
3393 2337 3605 2407 profes-

2022 2442 2138 2487 tum
2197 2439 2532 2501 nuncnpant,
2577 2441 2633 2486 et
2684 2433 2906 2486 Triodia
2971 2446 3186 2494 canere,
3218 2435 3274 2484 et
3321 2425 3601 2494 ldiomela,

2022 2531 2080 2576 nt
2140 2523 2263 2577 aliis
2339 2523 2484 2577 sacri
2573 2516 3077 2592 Quadragcsimalis
3154 2517 3346 2590 jejunii
3407 2519 3602 2576 diebus

2020 2613 2920 2682 pmscripserunt,ctduashasce
2972 2604 3179 2666 medias
3239 2609 3304 2664 ad
3343 2603 3601 2679 jejunan-

2020 2705 2148 2758 dum
2205 2719 2456 2774 posuere,
2516 2702 2708 2757 feriam
2762 2711 3010 2772 quartam
3064 2711 3112 2756 et
3170 2710 3422 2767 sextam;
3479 2699 3602 2770 ηομ

2019 2793 2121 2848 bus
2169 2802 2223 2848 et
2263 2793 2650 2863 prophetat-unt
2707 2795 2772 2848 de
2806 2789 3014 2863 jejunio
3074 2790 3235 2854 dicta,
3269 2802 3323 2846 et
3372 2789 3440 2846 de
3494 2793 3600 2868 hoc

2019 2884 2212 2940 eodem
2293 2883 2462 2938 divini
2532 2878 2716 2939 Basilii
2803 2884 3080 2938 orationes
3154 2883 3410 2953 legendas
3477 2898 3603 2940 esse

2016 2974 2398 3029 decreverunt.
2471 2974 2628 3040 llinc,
2676 2982 2735 3029 ut
2791 2983 3069 3030 vetustum
3115 2971 3380 3046 Typicum
3436 2974 3602 3028 refert

2016 3081 2227 3136 magnae
2299 3066 2577 3133 Ecclesiae,
2660 3068 3008 3138 patriarcha,
3070 3067 3378 3139 Tymphagi
3462 3061 3599 3121 feria

2017 3164 2232 3226 quarta,
2263 3159 2475 3227 primus
2493 3168 2617 3213 ante
2637 3158 2774 3214 alios
2797 3152 3251 3213 Praesanctiﬂcata
3270 3157 3597 3223 celebrabat,

2019 3262 2124 3316 qua
2147 3257 2201 3303 et
2229 3247 2359 3302 feria
2393 3259 2543 3303 sexta
2575 3261 2697 3302 eum
2731 3243 2938 3319 jejunio
2966 3262 3187 3303 caseum
3218 3245 3382 3303 edere
3427 3247 3596 3301 moris

2019 3351 2156 3407 erat,
2197 3341 2264 3396 ad
2299 3337 2650 3395 refellendam
2684 3341 2975 3410 quamdam
3015 3340 3326 3394 ltmreticam
3368 3347 3594 3393 senten-

2021 3430 2173 3482 tiam.
2211 3422 2326 3483 Illis
2358 3430 2542 3499 itaque
2595 3428 2810 3483 duobus
2836 3427 3145 3498 Tyropbagi
3175 3427 3428 3497 jejuniis,
3457 3425 3583 3480 Prte-

2019 3521 2487 3576 sanctificatorum
2525 3523 2712 3586 missa,
2738 3521 2806 3574 ab
2837 3520 3015 3587 initio,
3049 3519 3151 3573 hoc
3176 3517 3338 3573 modo
3367 3533 3580 3586 perage-

2019 3613 2196 3676 batur,
2224 3619 2365 3667 utet
2397 3613 2448 3666 in
2503 3612 2746 3679 antiquis
2798 3609 3285 3666 Constitutionibus
3337 3608 3592 3661 animad-

1977 3705 2253 3758 wertitur
2315 3711 2370 3757 et
2429 3704 2818 3772 prophetarum
2870 3703 3134 3757 lectiones
3183 3709 3473 3758 testantur.
3533 3707 3590 3754 ut

2016 3795 2364 3858 diximus;et
2391 3793 2538 3862 quod
2593 3791 2884 3859 Evangelia
2923 3791 3032 3844 illis
3093 3788 3290 3843 diebus
3317 3800 3426 3843 non
3455 3789 3591 3844 reci-

2018 3894 2227 3947 tantur,
2249 3883 2711 3954 quemadmodum
2739 3891 2794 3936 et
2827 3881 3052 3949 reliquis
3102 3880 3346 3950 quinque
3368 3881 3592 3933 univer-

1968 3981 1980 3993 '
2015 3996 2090 4035 sae
2106 3979 2547 4048 Quadragesima
2567 3977 3016 4037 hebdomadibus,
3048 3985 3313 4027 utomnes
3344 3973 3593 4043 Evange-

2015 4073 2210 4126 liorum
2271 4071 2394 4126 libri
2437 4067 2955 4125 counnonefaciunt.
2999 4067 3198 4120 Sancta
3254 4079 3474 4134 quoque
3535 4073 3591 4120 et

2018 4176 2209 4229 magna
2241 4163 2399 4215 Feria
2430 4170 2608 4220 sexta.
2641 4160 2708 4213 ab
2741 4157 2925 4234 initio,
2953 4157 3055 4211 hac
3082 4156 3314 4220 ratione,
3339 4155 3590 4210 Praesan-

2015 4254 2253 4308 ctiiirata
2279 4253 2701 4322 peragebantur.
2729 4249 2919 4319 Neque
2967 4251 3113 4303 enim
3145 4247 3397 4302 Patribus
3427 4249 3592 4302 susti-

2015 4346 2253 4399 nendum
2290 4345 2590 4404 videbatur.
2612 4343 2752 4397 diem
2771 4341 3006 4408 aliquem
3033 4338 3383 4408 praeteriisse,
3412 4353 3591 4407 neque

2015 4452 2112 4507 per
2141 4435 2396 4508 mysteria
2451 4434 2737 4489 Dominum
2789 4432 3170 4502 conspexisse,
3228 4445 3325 4500 per
3351 4445 3493 4500 quae.
3530 4437 3592 4483 ut

333 4533 444 4604 γάρ
481 4548 625 4585 ποτε
644 4532 754 4591 τοῖς
801 4525 1081 4597 Πατράσιν
1120 4524 1291 4576 ἐδόκει
1321 4521 1548 4576 ἀνεκτὸν
1581 4516 1721 4574 εἶναι
1771 4520 1912 4590 ἠμέν

2017 4538 2071 4585 et
2097 4528 2210 4598 ipse
2229 4528 2430 4592 aiebat,
2453 4541 2618 4580 unum
2656 4525 2940 4580 nobiscum
2969 4530 3132 4578 esset.
3158 4521 3242 4582 Et,
3274 4539 3294 4573 ι
3320 4519 3458 4575 Ecce
3483 4533 3586 4589 ego

335 4639 437 4695 ραν
465 4621 593 4676 τινὰ
621 4617 933 4689 παρελθείν,
962 4617 1058 4669 καὶ
1090 4614 1168 4685 μὴ
1200 4613 1505 4683 ἑωρακέναι
1537 4611 1629 4666 διὰ
1659 4611 1770 4664 τῶν
1801 4627 1907 4680 μυο

336 4717 582 4788 στηρίων
617 4715 707 4766 τὸν
751 4713 978 4781 Κύριον,
1008 4709 1077 4762 δι’
1103 4701 1178 4763 ὢν
1221 4707 1328 4776 ἔφη
1359 4707 1453 4760 καὶ
1480 4706 1641 4769 αύτδς
1673 4704 1738 4757 ἐν
1769 4698 1908 4758 εἶναι

339 4809 460 4882 μεθ’
499 4807 663 4892 ἡμρν
685 4823 699 4837 ο
726 4805 820 4858 καὶ
845 4803 931 4870 τὸ,
975 4801 1123 4856 Ἰδοὺ
1163 4801 1279 4870 ἐγὼ
1301 4799 1428 4869 μεθ’
1453 4797 1621 4868 ὑμῶν
1650 4799 1769 4866 είμι
1797 4796 1912 4849 πά·

329 4917 451 4968 σας
479 4887 598 4966 τὰςῖ
619 4894 843 4968 ἡμέρας
864 4895 976 4960 ἕως
1000 4893 1112 4963 τῆς
1137 4891 1500 4957 συντελείας
1530 4889 1638 4945 τοῦ
1663 4887 1908 4954 οίῶνος.

331 4992 506 5047 Τοῦτο
539 4990 652 5062 γὰρ
682 4991 810 5061 ἔφη,
840 4990 942 5058 οὐχ
994 4988 1078 5041 ὅτι
1131 4986 1272 5056 μετά
1326 4983 1502 5038 ταῦτα
1545 4981 1648 5036 οὐκ
1680 4981 1911 5052 ἔμελλεν

330 5083 477 5142 εῖναι
511 5090 745 5142 πάντοτε
778 5079 898 5153 μεθ’
931 5080 1114 5151 ἡμῶν,
1140 5075 1260 5140 πῶς
1285 5093 1302 5143 ;
1329 5074 1358 5128 ὁ
1398 5073 1535 5146 πρὸς
1561 5073 1656 5126 τὸν
1688 5071 1910 5138 Πατέρα

331 5183 391 5234 ἐν
430 5179 508 5248 τῷ
556 5176 812 5246 εὔχεσθαι
857 5173 1054 5240 λέγων,
1084 5168 1300 5236 Πάτερ,
1346 5165 1454 5232 οὒς
1481 5160 1756 5248 δέδωκάς
1779 5176 1907 5248 μοι,

331 5247 489 5326 θέλω
519 5269 622 5320 ἵνα
651 5265 806 5318 ὅπου
837 5263 954 5333 είμί
983 5259 1123 5329 ἐγὼ,
1151 5255 1421 5313 κάκεῖνοι
1447 5247 1560 5309 ὦσι
1582 5247 1713 5324 μετ’
1735 5247 1907 5318 ἐμοῦ,

330 5361 436 5416 ινα
466 5359 732 5425 θεωρῶσι
759 5355 873 5422 τὴν
899 5353 1090 5417 δόξαν
1111 5351 1224 5419 τήν
1245 5348 1420 5418 ἐμήν.
1442 5346 1552 5399 Καὶ
1573 5345 1678 5411 πρὸ
1699 5341 1907 5410 ὀλίγου,

331 5456 448 5511 Καὶ
477 5451 594 5521 ἐγὼ
614 5452 730 5519 τὴν
753 5451 944 5514 δόξαν
971 5446 1052 5515 ἦν
1095 5444 1360 5508 δέδωκάς
1397 5457 1502 5512 μοι
1539 5437 1772 5494 δέδωκα
1800 5435 1912 5490 αὐ-

331 5547 484 5610 τοῖς,
519 5545 622 5597 ἵνα
667 5539 820 5596 ὦσιν
847 5541 941 5602 ἐν,
982 5538 1179 5604 καθὼς
1211 5534 1384 5603 ἡμεῖς
1412 5533 1482 5586 ἒν
1539 5531 1750 5600 ἐσμεν,
1805 5524 1908 5581 καί

305 5617 310 5620 ¹
332 5639 450 5709 ἐγὼ
479 5635 550 5690 ἐν
572 5635 796 5701 αὐτοῖς,
821 5632 918 5688 καί
951 5633 1034 5686 σὺ
1063 5632 1134 5685 ἐν
1161 5629 1312 5700 ἐμοὶ,
1339 5629 1444 5682 ἵνα
1470 5623 1585 5682 ὦσι
1608 5625 1908 5679 τετελειω-

327 5733 503 5804 μένοι
535 5731 623 5796 είς
657 5731 746 5783 ἐν.
793 5727 934 5781 Ἀλλ’
982 5725 1092 5789 ἕως
1144 5724 1244 5794 μὲν
1299 5723 1399 5791 τῆς
1455 5717 1772 5778 συντελείας
1811 5711 1907 5804 τού

333 5802 529 5886 αἰῶνος
574 5818 728 5874 ἔσται
767 5819 872 5881 ,διὰ
914 5817 1024 5870 τῶν
1081 5812 1400 5884 μυστηρίων
1438 5807 1631 5869 αὑτοῦ.
1665 5805 1788 5860 Ἐτι
1845 5802 1905 5858 δέ

624 5918 893 5993 ΡΑτιιρι..
923 5912 1044 5975 Gn.
1086 5906 1264 5970 CLV.

2016 4619 2299 4674 vobiscum
2333 4633 2453 4672 sutn
2480 4617 2734 4670 omnibus
2779 4613 2974 4668 diebus
3023 4626 3198 4680 usque
3229 4610 3294 4664 ad
3332 4624 3590 4666 consum-

2015 4712 2312 4764 mationem
2339 4710 2572 4764 smculia
2600 4706 2714 4761 iloc
2739 4719 2902 4775 porro
2932 4703 3210 4764 dixit,non
3239 4701 3384 4771 quod
3404 4709 3588 4769 postea

2012 4811 2229 4866 semper
2257 4811 2366 4849 non
2405 4805 2551 4849 esset
2571 4807 2676 4848 una
2717 4792 3002 4846 nobiscum
3032 4790 3280 4852 iuturus;
3317 4789 3408 4857 qui
3438 4788 3585 4841 enim

2014 4887 2065 4941 id
2097 4887 2214 4941 ﬁeri
2263 4885 2459 4956 potuit,
2490 4901 2611 4938 cum
2644 4884 2760 4952 ipse
2810 4881 2875 4935 ad
2901 4880 3115 4934 Patrem
3154 4881 3294 4933 inter
3315 4876 3583 4932 orandum

2012 4977 2216 5033 diceret
2246 4993 2260 5028 :
2294 4995 2313 5029 ι
2338 4979 2516 5041 Pater,
2538 4990 2676 5045 quos
2695 4972 2893 5028 dedisti
2921 4970 3243 5035 mihi,volo,
3269 4979 3347 5034 ut,
3370 4969 3460 5024 ubi
3483 4980 3586 5036 ego

2012 5084 2157 5136 sum,
2183 5079 2240 5125 et
2261 5068 2334 5122 illi
2357 5067 2469 5122 sint
2483 5081 2720 5131 mecum,
2741 5074 2802 5119 ut
2823 5063 3042 5118 videant
3077 5060 3308 5130 gloriam
3335 5073 3532 5114 meam.
3555 5074 3582 5110 ι

2011 5159 2081 5215 Ει
2109 5159 2298 5230 paucis
2352 5157 2684 5229 interiectis:
2717 5172 2738 5207 ι
2769 5155 2840 5210 Ει
2878 5167 2978 5224 ego
3007 5152 3260 5222 gloriam,
3289 5162 3454 5218 quam
3485 5145 3586 5201 de-

2011 5252 2141 5310 disti
2177 5251 2338 5315 mihi,
2378 5249 2500 5306 dedi
2531 5250 2633 5314 eis,
2675 5257 2735 5303 ut
2767 5247 2876 5302 sint
2908 5258 3100 5307 unum,
3125 5237 3583 5311 quemadmodum

2010 5351 2065 5402 et
2089 5358 2190 5400 nos
2212 5357 2382 5398 unum
2409 5357 2622 5406 sumus,
2657 5348 2713 5396 et
2743 5353 2844 5408 ego
2871 5338 2925 5391 in
2955 5335 3086 5398 illis,
3118 5339 3173 5387 et
3199 5339 3257 5384 tu
3288 5329 3344 5383 in
3383 5341 3493 5394 me,
3523 5339 3583 5382 ιιι

2009 5433 2122 5491 sint
2138 5431 2365 5504 perfecti
2390 5433 2445 5486 in
2470 5445 2642 5485 unum
2665 5445 2680 5483 :
2709 5446 2729 5482 ι
2754 5432 3128 5490 verumtamen
3148 5419 3216 5474 ad
3229 5410 3582 5476 consumma-

2008 5525 2211 5582 tionem
2230 5537 2406 5594 usque
2434 5521 2619 5580 seculi
2641 5519 2745 5576 erit
2776 5531 2873 5587 per
2894 5529 2992 5570 sua
3015 5509 3297 5584 mysteria.
3315 5507 3582 5562 Praeterea

2006 5617 2062 5673 id
2085 5631 2302 5686 quoque
2331 5613 2490 5681 dixit,
2513 5611 2658 5685 quod
2684 5622 2832 5664 nunc
2857 5622 2964 5661 non
2991 5605 3264 5663 videatur,
3291 5606 3578 5686 postquam

2007 5684 2247 5778 corpore
2269 5684 2537 5771 ascendit,
2601 5711 2891 5774 quousque
2921 5703 3038 5751 tum
3068 5689 3283 5748 venerit
3310 5703 3326 5742 :
3362 5700 3431 5742 ne
3457 5684 3586 5756 quia

2009 5801 2069 5858 in
2093 5810 2218 5860 eam
2269 5796 2595 5856 sententiam
2623 5792 2804 5862 iverit,
2860 5803 2986 5847 eum
3021 5799 3168 5844 nunc
3190 5796 3303 5841 non
3332 5793 3454 5838 esse
3483 5787 3578 5831 no-

3063 5879 3144 5939 29

1956 5955 1972 5964 ι-
2153 5955 2158 5962 .

1956 5975 1962 5982 .
2039 5974 2054 5982 ο
2077 5963 2177 5982 ...ιιι-ι’.
