4078 6288
498 434 610 502 am

1289 430 1672 494 SYMEONIS
1709 417 2462 488 THESSALONICENSIS
2501 412 2872 476 ARCHIEP.
2966 387 2968 389 ἐ

3643 407 3753 470 903

506 554 736 617 hiscum,
771 548 916 622 quod
948 561 1054 604 non
1077 546 1148 604 sit
1175 545 1331 602 nobis
1357 545 1703 612 conjunctus,
1735 541 1827 597 scd
1863 537 2074 601 credat,
2111 571 2122 596 ι

2208 531 2339 584 Ὀὖτο
2369 529 2593 599 εἴρηκε,
2627 527 2722 580 καὶ
2759 523 2848 578 διὰ
2901 523 2963 576 τὸ
3011 522 3087 592 μὴ
3141 518 3368 591 ὁρᾶσθαι
3394 518 3489 572 νῦν
3527 521 3671 588 μετὰ
3696 521 3759 571 τι»

512 643 687 700 multo
732 641 1016 696 intervallo
1053 639 1326 701 dissitum,
1387 635 1672 705 nobiscum
1711 647 1852 696 esse,
1885 643 2079 685 unum-

508 748 614 803 que
633 747 756 788 cum
789 731 967 795 nobis,
1000 727 1432 805 suigmysteriis.
1456 726 1592 779 ﬁeri.
1617 725 1755 776 Tum
1779 735 1906 776 vero
1929 718 2075 774 vide-

505 826 687 879 bimus
729 838 852 876 eum
903 820 1062 876 sicuti
1110 828 1214 882 est,
1265 826 1325 872 ut
1376 816 1612 871 dilectus
1658 811 1845 867 tradit.
1880 809 1947 863 Et
1979 810 2083 863 hac

507 916 722 972 ratione
753 922 1015 985 perpetuo
1051 927 1156 966 una
1184 925 1307 967 cum
1340 909 1575 965 Domino
1596 907 1824 970 erimus,
1856 912 1916 958 ut
1939 902 2084 957 Pau-

506 1008 593 1064 lus
647 1009 824 1062 docet.
862 1005 965 1060 Sed
1022 1018 1170 1058 nunc
1201 1003 1387 1058 nescio
1417 1016 1524 1070 qua
1584 998 1796 1054 ratione
1844 996 2080 1050 desitum

506 1099 575 1154 sit
590 1113 656 1154 eo
689 1106 931 1165 tempore
954 1091 1405 1149 Praesanctiﬁcata
1427 1089 1610 1161 peragi
1635 1105 1647 1140 :
1676 1086 1871 1157 Opinor
1902 1095 2082 1139 autem

504 1191 652 1260 quod
683 1189 982 1259 perfectum
1029 1187 1296 1258 jejunium
1328 1200 1436 1238 non
1490 1184 1584 1246 sit,
1610 1194 1783 1250 neque
1834 1178 2082 1241 Missam,

506 1284 590 1338 uti
616 1283 784 1338 moris
818 1290 922 1346 est,
967 1279 1263 1347 perfectam
1309 1275 1446 1341 fieri,
1480 1274 1708 1342 ideoque
1747 1270 1910 1323 etiam
1946 1267 2086 1321 Pras-

509 1375 848 1430 sanctilicata
905 1372 1233 1442 neglexisse.
1265 1367 1458 1422 Adhuc
1527 1364 1689 1419 etiam
1723 1359 2080 1417 exllieroso-

507 1467 773 1539 lymitano
791 1464 1015 1535 Typico,
1044 1461 1190 1531 quod
1223 1459 1501 1530 preprium
1557 1454 1949 1511 monachorum
1981 1458 2086 1514 est,

511 1568 565 1614 et
593 1559 738 1613 aliud
765 1572 792 1610 a
817 1554 1025 1624 magnae
1071 1552 1331 1608 Ecclesia:
1360 1549 1591 1622 Typico,
1637 1545 1785 1618 quod
1819 1544 2090 1600 universa:

508 1650 768 1706 Ecclesiae
822 1648 1232 1716 sequebantur;
1263 1642 1537 1696 continuae
1566 1653 1692 1695 vero
1739 1636 1981 1706 gentium
2015 1634 2088 1688 ir-

503 1743 798 1813 ruptiones
823 1738 1068 1792 ordinem
1099 1737 1246 1789 illius
1295 1736 1697 1802 perverterunt,
1732 1735 1787 1784 et
1820 1739 1967 1780 nunc
2029 1722 2088 1777 in

513 1831 787 1890 catholica
829 1827 1204 1883 tantummodo
1236 1819 1813 1878 Thessalonicensium
1840 1813 2089 1871 Ecclesia

507 1926 782 1994 reliquum
820 1929 926 1976 est.
964 1918 1166 1973 SanCIa
1195 1929 1324 1969 vero
1348 1922 1400 1970 et
1429 1927 1625 1982 magna
1654 1911 1958 1966 Parasceve
1987 1920 2093 1959 non

511 2017 814 2087 perfectam
840 2013 1059 2066 Missam
1100 2007 1466 2069 celebramus,
1489 2001 1636 2072 quod
1683 2000 1927 2062 tradens,
1959 1994 2093 2050 feria

515 2123 570 2173 ν,
602 2106 866 2161 Dominus
891 2100 1150 2172 mysteria
1183 2099 1239 2153 in
1267 2095 1584 2153 memoriam
1629 2106 1742 2146 suae
1803 2085 2095 2158 passionis,

519 2199 654 2257 feria
704 2207 856 2254 sexta
882 2194 1194 2266 passionem
1224 2190 1411 2243 volens
1442 2185 1632 2248 subiit,
1669 2190 1729 2236 ut
1753 2181 1958 2235 dictum
1987 2184 2093 2236 est,

521 2302 576 2346 et
618 2305 716 2361 per
742 2302 960 2342 crucem
1009 2282 1364 2350 semetipsum
1402 2273 1750 2334 sacriﬁcavit,
1781 2269 2098 2324 facultatem

524 2383 773 2456 praebens
828 2381 893 2434 iis
943 2366 1054 2447 qui
1098 2376 1275 2444 ipsum
1314 2370 1473 2424 morti
1515 2367 1822 2422 tradebant.
1850 2363 2099 2430 Quapro-

524 2455 645 2545 pter
669 2473 831 2526 veluti
870 2469 924 2522 in
955 2468 1139 2521 divino
1162 2463 1282 2532 ejus
1311 2474 1546 2530 corpore
1568 2455 1837 2512 sacriﬁcio
1859 2468 1956 2523 per
1977 2466 2102 2522 pas-

524 2567 734 2622 sionem
767 2569 1010 2632 peracto,
1048 2573 1156 2611 non
1212 2563 1297 2611 εει
1344 2564 1569 2606 necesse
1633 2561 1849 2608 rursus,
1885 2553 1946 2597 ιιι
1981 2557 2099 2607 1108,

526 2672 648 2729 qua:
681 2655 745 2710 ad
778 2653 1097 2708 memoriam
1153 2646 1426 2718 passionis
1460 2644 1574 2714 ejus
1609 2641 1839 2704 faciunt,
1875 2649 2101 2707 peraga-

528 2763 667 2811 mus,
725 2760 848 2800 cum
886 2744 1004 2811 ipse
1039 2750 1154 2794 tum
1211 2753 1330 2792 eam
1367 2734 1596 2791 subierit
1637 2751 1651 2786 :
1707 2739 2104 2800 proptereaque

525 2838 834 2895 absolutum
896 2832 1225 2887 sacriﬁcium
1275 2828 1477 2889 facere,
1500 2840 1565 2879 eo
1596 2833 1837 2892 tempore
1877 2829 2102 2888 prorsus

531 2926 788 2983 traditum
823 2937 933 2977 non
971 2919 1300 2988 recepimus.
1338 2917 1733 2970 Verumtamen
1775 2905 2103 2963 Praesancti-

533 3020 693 3076 ﬂcata
728 3027 1034 3085 proponere
1063 3019 1119 3065 et
1141 3009 1451 3062 ministrare
1478 3003 1813 3072 accepimus,
1841 2996 2103 3066 quemad-

537 3107 832 3167 modumin
864 3103 1053 3159 multis
1081 3113 1244 3169 supra
1270 3094 1559 3153 recensitis
1581 3087 2100 3148 Constitutionibus,

2183 611 2572 688 ἀναληφθῆναι
2604 615 2931 682 σωματικῶς
2969 613 3097 683 ἄχρι
3129 613 3222 667 τοῦ
3269 613 3442 666 ἐλθεῖν
3489 614 3634 670 τότε.
3671 615 3757 663 ivx

2187 710 2365 779 μήτις
2393 707 2610 779 νομίσῃ,
2643 707 2726 759 ὅτι
2751 721 2813 773 γε
2839 705 2916 776 μὴ
2948 703 3225 775 ὁρώμενος
3258 705 3416 774 ἡμῖν,
3446 702 3568 772 μεθ’
3597 703 3763 772 ἡμῶν

2183 799 2284 852 οὐκ
2336 798 2454 852 ἔστι
2517 797 2635 861 νῦν,
2688 795 2826 848 ἀλλὰ
2876 795 3222 870 πιστεὺῃοώς
3262 794 3598 863 ἀδιαστάτως
3640 796 3762 847 ἐστὶ

2189 890 2508 961 μεθ’ήμῶν,
2541 890 2637 942 καὶ
2693 888 2750 940 ἓν
2809 888 3018 954 γίνεται
3055 886 3177 958 μεθ’
3207 887 3364 956 ἡμῶν
3403 887 3517 950 τοῖς
3551 903 3764 957 μυστη-

2188 983 2328 1054 ρίοις
2355 978 2545 1043 αὑτοῦ.
2574 979 2706 1031 Τότε
2733 977 2788 1031 δέ
2818 975 3063 1046 ὀψόμεθα
3083 976 3247 1029 αὐτὸν
3272 976 3457 1038 καθώς
3489 976 3666 1039 ἐστιν,
3692 975 3765 1036 ὼς

2187 1075 2280 1129 καὶ
2311 1075 2337 1126 ὁ
2366 1069 2724 1142 ἠγαπημένος
2761 1069 2918 1135 φησὶ,
2953 1069 3050 1119 καὶ
3092 1067 3233 1119 οἱτω
3263 1067 3492 1120 πάντοτε
3526 1067 3624 1119 σὺν
3654 1067 3765 1119 Ku-

2193 1167 2293 1236 ρίῳ
2327 1164 2588 1234 ἐσόμεθα,
2621 1160 2812 1230 ὥσπερ
2847 1161 2873 1212 ὁ
2913 1159 3127 1222 Παῦλος
3175 1159 3437 1214 διδάσκει.
3483 1159 3628 1211 Ἀλλ’
3668 1159 3767 1212 οὐκ

2187 1255 2287 1312 οἷδ’
2349 1258 2497 1319 ὅπως
2544 1253 2704 1307 τοῦτο
2755 1249 2852 1306 νῦν
2911 1249 3294 1320 ἠμέληται,τὸ
3343 1249 3767 1318 προηγιασμένα

2189 1353 2313 1407 τότε
2346 1345 2806 1418 λειτουργεῖσθαι.
2847 1339 3017 1412 Οἶμαι
3057 1343 3114 1396 δὲ
3141 1342 3230 1395 διὰ
3259 1341 3318 1394 τὸ
3350 1342 3424 1411 μὴ
3465 1341 3681 1393 τελείαν
3699 1336 3772 1392 εἷ-

2190 1461 2279 1499 ναι
2309 1441 2588 1514 νηστείαν,
2620 1439 2719 1494 καὶ
2751 1437 2891 1508 μηδὲ
2916 1435 3264 1504 λειτουργίαν
3291 1432 3366 1496 ὡς
3401 1432 3524 1496 ἔθος
3556 1430 3769 1485 τελείαν

2191 1535 2460 1606 γίνεσθαι,
2483 1533 2579 1587 καὶ
2608 1533 2706 1602 τῆς
2744 1529 2852 1585 τῶν
2883 1528 3344 1598 προηγιασμένων
3372 1525 3767 1594 καταμελῆσαι.

2199 1629 2324 1682 Ἔτι
2350 1628 2404 1680 δὲ
2435 1627 2530 1681 καὶ
2551 1626 2660 1679 ἀπὸ
2680 1625 2775 1678 τοῦ
2816 1619 3331 1693 Ἰεροσολυμητικοῦ
3358 1618 3616 1681 τυπικοῦ,
3635 1619 3771 1684 ὅπερ

2197 1718 2489 1790 μοναχικόν
2545 1717 2719 1771 ἐστιν.
2750 1715 2993 1784 Ἕτερον
3030 1713 3073 1766 δ’
3109 1713 3227 1764 ἐστὶ
3277 1712 3336 1764 τὸ
3378 1710 3477 1778 τῆς
3527 1708 3771 1779 μεγάλης

2209 1807 2564 1876 Ἐκκλησίας.
2589 1808 2727 1877 ὅπερ
2758 1805 2824 1872 δὴ
2881 1803 2975 1857 καὶ
3024 1803 3196 1856 πᾶσαι
3251 1796 3398 1872 εἶχον
3458 1791 3768 1870 ἐκκλησίαι.

2198 1899 2265 1952 Δί
2298 1899 2540 1964 συνεχεῖς
2577 1895 2632 1946 δὲ
2666 1895 2772 1946 τῶν
2802 1892 2973 1946 ἐθνῶν
3013 1891 3307 1962 ἐπιδρομαὶ
3335 1891 3433 1959 τὴν
3459 1890 3614 1955 τάξιν
3651 1890 3770 1942 τού-

2198 2005 2291 2042 του
2339 1987 2671 2040 κατέλυσαν.
2714 1985 2802 2038 Ἐν
2834 1986 2902 2054 τῇ
2932 1982 3194 2052 καθολικῇ
3237 1983 3296 2035 δὲ
3329 1982 3466 2053 μόνῃ
3495 1983 3772 2037 ὑπολέλει-

2201 2098 2333 2134 πται
2362 2079 2470 2132 τῶν
2502 2077 2942 2132 Θεσσαλονικέων
2985 2075 3311 2146 Ἐκκλησία.
3342 2076 3498 2145 Τῇδέ
3531 2075 3665 2143 ἁγία
3685 2076 3774 2128 καὶ

2206 2171 2415 2242 μεγάλῃ
2471 2170 2810 2239 Παρασκευῇ
2847 2167 2909 2220 οὐ
2943 2166 3157 2220 τελείαν
3191 2167 3540 2237 λειτουργίαν
3590 2167 3776 2220 ποιοῦ-

2207 2279 2330 2334 μεν,
2358 2261 2441 2314 ὃτι
2490 2259 2770 2329 παραδοὺς
2811 2255 2877 2328 τῇ
2914 2257 3144 2328 πέμπτῃ
3173 2259 3202 2310 δ
3233 2258 3438 2328 Κύριος
3469 2260 3536 2312 τὰ
3565 2261 3777 2329 μυστήο

2207 2370 2299 2421 ρια
2325 2354 2402 2413 είς
2429 2352 2734 2420 ἀνάμνησιν
2768 2349 2863 2402 τοῦ
2900 2349 3108 2413 πάθους
3137 2350 3327 2416 αὐτοῦ,
3372 2349 3514 2404 κατὰ
3542 2352 3644 2420 τὴν
3675 2351 3780 2402 Πα-

2207 2446 2479 2517 ρασκευὴν
2508 2443 2567 2495 τὸ
2604 2443 2779 2506 πάθος
2825 2443 3091 2509 ἑκουσίως
3123 2441 3384 2509 ὑπέμεινε
3409 2459 3422 2474 ·
3456 2443 3552 2495 καὶ
3576 2443 3671 2496 διὰ
3689 2440 3777 2496 τοῦ

2208 2534 2444 2604 σταυροῦ
2486 2534 2847 2605 ἱερούργησεν
2892 2535 3084 2588 ἑαυτὸν
3118 2533 3198 2604 τῷ
3231 2535 3405 2603 Πατρὶ
3434 2534 3778 2598 ἐθελουσίως,

2206 2629 2279 2691 ὡς
2335 2629 2577 2698 εἴρηται,
2629 2627 2818 2690 ἐκδοὺς
2853 2626 3071 2691 ἑαυτὸν,
3123 2628 3218 2681 καὶ
3253 2628 3314 2680 οὐ
3368 2628 3628 2696 προδοὺς,
3674 2629 3778 2688 τοῖς

2208 2718 2550 2786 βουλομένοις
2583 2715 2862 2786 φονεῦσαι.
2915 2717 3008 2769 Διὸ
3043 2719 3138 2770 καὶ
3192 2717 3267 2779 ὡς
3311 2719 3697 2786 γεγενημένης
3726 2718 3778 2769 ἐν

2207 2807 2282 2878 τῷ
2315 2809 2443 2877 θείῳ
2471 2807 2636 2860 αὑτοῦ
2667 2806 2881 2876 σώματι
2913 2808 3033 2860 τότε
3063 2809 3160 2875 τῆς
3192 2807 3388 2872 θυσίας
3426 2809 3513 2861 διὰ
3555 2809 3653 2863 τοῦ
3681 2809 3778 2863 πά-

2209 2901 2357 2965 θους,
2391 2901 2450 2952 οὐ
2483 2900 2643 2969 χρεία
2683 2899 2847 2952 πάλιν
2876 2902 3048 2984 ποιεῖν
3077 2902 3225 2970 ἡμᾶς
3266 2901 3336 2954 τὰ
3366 2903 3446 2964 είς
3469 2901 3779 2980 ἀνάμνησιν

2209 2991 2302 3046 τοῦ
2337 2990 2550 3062 πάθους,
2579 2989 2767 3055 αὐτοῦ,
2819 2992 2909 3044 ὅτε
2958 2974 3126 3054 acim;
3167 2991 3324 3045 τοῦτο
3373 2973 3646 3049 πέπονθε..
3688 2993 3780 3046 Διά

2209 3081 2368 3137 τοῦτο
2411 3080 2619 3133 τελείαν
2656 3080 2754 3148 μὲν
2785 3081 2904 3134 τότε
2943 3081 3133 3136 θυσίαν
3177 3083 3421 3151 ἐνεργεῖν
3456 3086 3516 3136 οὐ
3549 3083 3784 3152 παρελά-

534 3203 802 3270 librisque
851 3196 1074 3265 reliquis
1134 3190 1397 3254 antiquis,
1441 3188 1493 3240 in
1553 3185 1752 3254 quibus
1812 3178 2104 3248 Evangelia

2213 3173 2379 3243 ϐομεν
2418 3174 2552 3235 ὅλως
2575 3187 2590 3203 ⁵
2631 3174 3051 3243 προηγιασμένα
3107 3175 3162 3227 δὲ
3208 3175 3523 3244 προτιθέναι
3554 3178 3648 3231 καὶ
3682 3177 3788 3228 λεια

533 3295 848 3364 scriptaque
901 3285 1198 3357 apostolica
1250 3282 1595 3351 digeruntur,
1634 3278 1740 3330 hoc
1792 3273 1935 3327 idem
1969 3271 2107 3324 scri—

537 3357 685 3454 ptum
749 3357 1017 3433 invenies.
1070 3370 1440 3426 Nihilominus
1486 3379 1634 3419 nunc
1679 3377 1745 3417 ex
1805 3357 2109 3414 monastico

537 3449 1045 3536 liierosolymorum
1067 3460 1272 3530 Typico
1296 3458 1352 3511 in
1381 3471 1484 3510 usu
1510 3469 1616 3508 non
1637 3460 1742 3506 est.
1763 3449 1880 3504 Non
1902 3449 2107 3516 itaque,

532 3562 685 3633 quod
726 3560 780 3611 in
843 3553 967 3609 aliis
1019 3548 1248 3622 jejuniis
1304 3543 1764 3617 praasanctilicata
1811 3554 1917 3594 non
1956 3538 2112 3601 ﬁunt,

539 3631 604 3709 ea
638 3644 1037 3707 contemnenda
1073 3648 1223 3706 sunt,
1252 3639 1346 3693 sed
1371 3633 1709 3692 observanda
1744 3631 1962 3703 potius;
1992 3643 2114 3683 cum

542 3753 598 3800 et
633 3744 687 3796 in
722 3751 920 3810 magno
960 3735 1205 3805 jejunio,
1241 3730 1478 3784 Sabbato
1520 3736 1573 3782 et
1605 3724 1908 3788 Dominica,
1943 3717 2119 3791 perfe-

542 3842 684 3889 ctam
705 3829 926 3883 missam
961 3823 1325 3884 celebramus,
1363 3827 1416 3872 et
1454 3816 1508 3870 in
1532 3816 1664 3870 aliis.
1687 3814 1848 3869 etiam
1873 3811 2118 3881 jejuniis,

544 3935 664 3989 quae
694 3918 901 3973 violare
934 3913 1108 3978 nefas,
1141 3911 1305 3965 veluti
1353 3907 1534 3977 vigilia
1563 3905 1764 3961 Christi
1831 3901 2119 3962 natalium,

547 4008 864 4070 Luminum,
899 4012 952 4060 et
983 4016 1178 4070 magna
1211 3999 1365 4054 Feria
1394 4014 1445 4062 ν,
1475 3999 1547 4051 ita
1577 3996 1905 4066 peregimus,
1950 4007 2049 4049 nec
2069 3993 2122 4044 in

548 4095 658 4158 illis
685 4095 953 4166 jejunium
984 4093 1247 4148 solvimus
1270 4088 1413 4158 quod
1442 4087 1681 4155 perfecto
1715 4084 1982 4140 sacriﬁcio
2009 4090 2125 4136 uta-

2209 3267 2462 3334 τουργεῖν
2521 3265 2905 3334 παρελάϐομεν
2934 3266 3007 3326 ὡς
3048 3267 3106 3316 ἐν
3154 3267 3368 3327 πολλοῖς
3416 3267 3524 3318 τῶν
3579 3268 3781 3322 ἄνωθεν

2210 3354 2526 3419 διατάξεων.
2557 3355 2668 3408 Καὶ
2715 3355 2772 3406 ἐν
2812 3355 3198 3421 εὑαγγελικαίς
3232 3356 3327 3408 καὶ
3360 3355 3520 3426 353
3562 3359 3785 3410 ἀποστοο

2219 3446 2398 3508 λικαῖς
2454 3445 2654 3507 βίϐλοις
2717 3446 2972 3514 ἀρχαίαις
3036 3445 3291 3513 εὑρήσεις
3350 3446 3507 3499 τοῦτο
3546 3464 3786 3515 γεγραμ·

2217 3535 2397 3605 μένον.
2461 3535 2652 3604 Ὅμως
2727 3534 2784 3587 δὲ
2845 3533 2939 3587 νῦν
3002 3533 3102 3586 οὐκ
3166 3519 3470 3602 ἐνεργεῖται
3506 3536 3639 3595 ,ἀπὸ
3700 3535 3787 3590 τοῦ

2219 3627 2515 3702 μοναχικοῦ
2541 3627 2647 3680 τῶν
2686 3625 3080 3695 Ἱεροσολύμων
3111 3625 3366 3678 τυπικοῦ.
3397 3625 3469 3679 Οὐ
3501 3627 3648 3681 κατὰ
3676 3624 3789 3678 τοῦ·

2217 3740 2278 3776 το
2300 3721 2392 3775 οὖν
2425 3723 2507 3774 ὅτι
2539 3721 2598 3772 οὺ
2632 3718 3056 3788 προηγιασμένη
3111 3717 3425 3785 λειτουργία
3455 3717 3697 3771 τελεῖται
3735 3718 3790 3769 ἐν

2219 3816 2340 3876 ταῖς
2389 3813 2578 3874 ἄλλαις
2614 3810 2914 3880 νηστείαις,
2975 3809 3203 3880 ἐκείνας,
3258 3810 3598 3877 παροπτέον,
3663 3808 3790 3862 ἀλλὰ

2214 3903 2488 3973 τηρητέον
2524 3878 2742 3972 μᾶλλον.
2793 3901 2946 3953 Ἐπεὶ
2976 3902 3068 3952 καὶ
3119 3878 3292 3968 ἐν’τῇ
3327 3899 3544 3970 μεγάλῃ
3575 3900 3793 3972 νηστεία

2225 3994 2489 4064 Σαϐϐάτῳ
2550 3987 2610 4046 τε
2680 3993 2775 4046 καὶ
2839 3995 3104 4062 Κυριακῇ
3158 3993 3423 4060 τελοῦμεν
3463 3994 3792 4061 λειτουργίαν

2223 4087 2467 4140 τελείανο
2503 4086 2597 4138 καὶ
2638 4087 2694 4137 ἐν
2734 4083 2920 4145 ἄλλαις
2975 4083 3032 4134 δὲ
3069 4083 3451 4153 ἀπαραϐάτοις
3498 4084 3792 4154 νηστείαις,

2225 4175 2324 4244 τῆς
2356 4193 2414 4228 τε
2465 4172 2790 4243 παραμονῆς
2839 4171 2947 4225 τῶν
2996 4171 3233 4241 Χριστοῦ
3263 4173 3468 4240 γέννων
3512 4176 3680 4242 φημὶ,
3709 4173 3794 4223 καὶ

2227 4267 2334 4320 τῶν
2360 4267 2577 4328 Φώτων,
2613 4267 2708 4318 καὶ
2742 4265 2881 4318 κατὰ
2919 4264 3018 4333 τὴν
3055 4262 3297 4334 μεγάλην
3337 4264 3628 4333 Πέμπτην,
3665 4262 3796 4317 οὕτω

2233 4357 2494 4428 ποιοῦμεν
2516 4373 2528 4385 °
2595 4357 2688 4410 καὶ
2723 4356 2784 4408 οὐ
2813 4354 3155 4424 καταλύομεν
3202 4353 3302 4423 τὴν
3336 4355 3592 4422 νηστείαν
3623 4356 3678 4407 ἐν
3714 4353 3797 4406 αὖ·

553 4205 697 4244 mur.
737 4187 852 4242 Ιιιιο
881 4197 933 4263 et
960 4197 1239 4253 magnum,
1272 4194 1439 4235 sacrae
1475 4176 1919 4248 Quadragesimaa
1970 4173 2126 4228 addi-

559 4293 696 4346 tum,
763 4277 867 4331 alia
929 4287 1145 4344 quoque
1190 4270 1395 4341 jejunia
1447 4285 1566 4324 esse
1600 4269 1776 4323 innuit
1810 4285 1825 4320 :
1860 4275 1914 4321 et
1971 4266 2039 4319 ob
2079 4263 2131 4319 id

555 4370 736 4436 potius
759 4366 905 4422 inter
945 4363 1078 4417 alias
1117 4375 1308 4430 magna
1337 4360 1559 4424 dicitur,
1596 4358 1740 4428 quod
1771 4367 1823 4411 et
1851 4356 1970 4409 alia:
1999 4354 2130 4418 sint,

559 4465 675 4531 ipsa
707 4471 843 4512 vero
877 4455 1014 4510 alias
1038 4451 1456 4521 superemineat.
1495 4455 1627 4518 Apte
1673 4449 1836 4519 igitur
1881 4447 2122 4515 justeque

2231 4452 2370 4512 ταῖς,
2401 4447 2490 4501 διὰ
2519 4448 2577 4500 τὸ
2631 4447 2850 4508 τελείως
2881 4446 3206 4513 ἱερουργεῖν.
3237 4443 3347 4496 Καὶ
3375 4446 3436 4496 τὸ
3475 4445 3722 4514 μεγάλην
3746 4444 3796 4495 δὲ

559 4553 672 4605 haec
696 4554 924 4603 vocatur
955 4535 1166 4599 decima
1196 4559 1211 4609 ;
1246 4544 1371 4610 quia
1421 4542 1522 4595 etsi
1559 4541 1690 4604 Deo,
1723 4540 1813 4608 qui
1847 4553 1945 4591 nos
1977 4553 2007 4590 e
2045 4536 2122 4589 ni-

2208 4551 2209 4558 ‘
2238 4539 2519 4592 καλεῖσθαι
2545 4537 2642 4607 τὴν
2667 4538 2829 4605 ἁγίαν
2852 4535 3330 4607 Τεσσαρακοστὴν,
3363 4537 3454 4589 καὶ
3475 4536 3643 4600 ἄλλας
3671 4532 3796 4588 εἶναι

559 4640 672 4695 bilo
701 4639 930 4702 creavit,
977 4637 1140 4689 vitam
1175 4648 1392 4687 omnem
1435 4642 1677 4685 nostram
1712 4629 2001 4687 restituere
2033 4626 2122 4680 de-

2231 4633 2468 4686 διδάσκει
2497 4631 2774 4701 νηστείας.
2807 4629 2916 4680 Καὶ
2943 4628 3030 4681 διὰ
3055 4627 3211 4682 τοῦτο
3245 4629 3444 4697 μᾶλλον
3479 4629 3694 4698 μεγάλη
3718 4627 3796 4678 λέ-

565 4735 776 4796 bemus,
815 4730 1041 4795 insuper
1092 4735 1295 4786 tamen,
1335 4723 1878 4794 praevaricationibus
1931 4718 2122 4772 inﬁrmi

2231 4740 2412 4791 γεται,
2443 4721 2524 4773 ὅτι
2553 4721 2646 4773 καί
2670 4720 2858 4791 ἐτεραί
2889 4723 3026 4773 εἰσιν
3047 4737 3060 4750 ·
3101 4721 3239 4790 αὕτη
3274 4720 3332 4772 δὲ
3368 4719 3577 4772 τούτων
3617 4717 3797 4785 ὑπερέ-

562 4829 618 4875 et
644 4820 849 4874 debiles
887 4817 1086 4880 eiiecti,
1125 4815 1479 4886 pluribusque
1522 4811 1983 4866 sollicitudinibus
2011 4823 2122 4862 car-

2234 4831 2340 4896 χει.
2383 4812 2816 4874 Ἀποδεκάτωσις
2837 4812 2890 4863 δὲ
2931 4812 3160 4872 δικαίως
3201 4810 3339 4878 αὕτη
3365 4809 3588 4876 λέγεται
3614 4826 3630 4842 ο
3660 4810 3733 4862 ὅτι
3754 4805 3795 4858 εί

569 4908 653 4961 nis
689 4906 919 4973 abrepti,
956 4912 1201 4973 tempora
1224 4906 1470 4973 quaedam
1511 4903 1806 4972 praestituta
1840 4908 1893 4954 et
1935 4901 2122 4968 pra-pi-

2237 4909 2332 4959 καὶ
2384 4906 2562 4958 πᾶσαν
2593 4904 2753 4973 ἡμῶν
2784 4904 3072 4971 ὀφείλομεν
3117 4902 3192 4972 τῷ
3225 4901 3344 4971 Θεῷ
3368 4902 3683 4954 ἀνατιθέναι
3709 4899 3796 4966 τὴν

566 5004 789 5070 gnerata
829 4995 1027 5048 habere
1077 4995 1362 5055 debemus,
1413 4993 1466 5046 in
1517 4996 1772 5047 honorem
1807 5000 1862 5046 et
1908 4992 2122 5059 glorian‘

2237 4996 2402 5066 ζωὴν,
2433 4995 2557 5048 ἐπεὶ
2589 4997 2682 5048 καὶ
2731 4995 2820 5047 διὰ.
2853 4994 3011 5046 τοῦτο
3040 4995 3105 5046 ἐκ
3164 4994 3238 5063 μὴ
3269 4993 3438 5045 ὄντων
3476 4995 3793 5061 γεγόναμεν.

566 5090 688 5159 ejus
735 5086 826 5156 qui
882 5100 980 5141 nos
1014 5085 1338 5154 plasmavit;
1391 5085 1444 5138 in
1494 5085 1693 5153 quibus
1740 5099 1769 5137 a
1811 5085 1975 5138 rebus
2017 5084 2122 5136 vita

2240 5087 2354 5140 ἀλλ’
2384 5087 2533 5154 ὅμως
2562 5089 2627 5156 τῇ
2660 5085 2970 5155 παραϐάσει
3003 5084 3247 5146 ἀσθενεῖς
3286 5084 3596 5152 γεγονότες,
3630 5077 3794 5135 καὶτὸ

570 5188 909 5242 avertentes,
983 5185 1278 5242 sancteque
1345 5175 1644 5244 cogitantes
1713 5174 1780 5228 de
1843 5175 2122 5244 gratiarun

2240 5177 2399 5230 πλέον
2434 5179 2562 5247 περὶ
2593 5176 2690 5246 τῆς
2740 5176 2940 5244 σαρκὸς
2994 5175 3390 5245 μεριμνῶντες,

571 5273 790 5328 ‘actione
843 5279 896 5324 et
953 5266 1207 5323 laudibus
1263 5280 1390 5335 erga
1437 5264 1779 5330 Creatorem,
1814 5267 1880 5320 de
1913 5267 2141 5335 petenda

575 5363 642 5417 ab
676 5362 792 5444 ipso
822 5361 979 5414 venia
1011 5357 1347 5412 infinitorum
1401 5364 1749 5425 peccatorum
1785 5363 2092 5408 nostrorum
2122 5369 2140 5420 ;

577 5462 862 5524 propterea
923 5458 1124 5505 statuta
1179 5456 1308 5502 sunt
1359 5456 1620 5518 tempora,
1679 5445 1974 5501 Dominicae
2008 5446 2120 5499 dies

2245 5456 2339 5510 καὶ
2372 5455 2624 5526 φροντίδα
2655 5456 2774 5508 τινὰ
2805 5453 2904 5524 τῆς
2958 5470 3018 5506 τε
3069 5451 3425 5523 εὐχαριστίας
3479 5449 3577 5504 καὶ
3603 5446 3794 5515 505010-

583 5542 715 5598 iesta
757 5553 811 5596 et
852 5541 1080 5611 jejunia,
1116 5549 1170 5594 et
1215 5538 1346 5592 illud
1375 5537 1644 5608 imprimis
1690 5537 1914 5607 majoris
1937 5535 2116 5588 hebdo

2247 5547 2369 5615 γίας
2392 5544 2485 5599 τοῦ
2513 5549 2752 5611 κτίστου,
2791 5547 2883 5599 καὶ
2918 5545 3134 5613 αἴτησιν
3181 5544 3428 5611 ἁέέσεως
3461 5544 3594 5614 παρ’
3644 5534 3792 5594 αὐτοῦ

583 5634 772 5698 madae,
813 5633 1161 5703 integerrime
1185 5632 1368 5685 omnia
1389 5631 1497 5684 Deo
1515 5630 1901 5685 consecranda.
1937 5627 2122 5680 Duutu‘

2246 5599 2354 5690 τῶν
2387 5637 2680 5706 ἀμυθήτων
2732 5599 2889 5705 ημῶν
2927 5599 3246 5706 ἁμαρτιῶνί
3301 5632 3370 5686 δι’
3409 5599 3487 5702 ’ἣν
3521 5599 3692 5684 αἰτίαν
3714 5622 3792 5678 καὶ

536 5745 556 5760 ε
582 5723 728 5776 enim
763 5738 824 5777 ea
855 5723 972 5792 iege
1005 5733 1065 5777 ut
1087 5737 1198 5777 non
1230 5731 1682 5792 praeoccupeiutur
1715 5721 1769 5775 in
1804 5720 2011 5790 agendo
2044 5732 2145 5788 pro

585 5813 997 5869 necessitatibus
1028 5815 1275 5880 terrenis,
1301 5812 1548 5886 nullique
1573 5814 1793 5872 libertas
1821 5813 2146 5884 relinquitur

3443 5175 3547 5228 κᾶν
3583 5192 3671 5228 κατ
3682 5172 3796 5241 ρους

2242 5272 2711 5340 ἀποτεταγμένους
2746 5267 2890 5338 ἔχειν
2925 5267 3251 5337 ὀφείλωμεν,
3304 5269 3383 5330 εἷς
3427 5284 3485 5320 τε
3526 5266 3689 5335 τιμὴν
3714 5261 3796 5317 καὶ

2241 5365 2398 5429 δόξαν
2431 5363 2522 5417 τοῦ
2573 5362 2897 5426 πλάσαντος,
2933 5362 3028 5414 καὶ
3083 5360 3294 5431 ἀποχὴν
3352 5357 3461 5412 τῶν
3520 5354 3794 5427 βιωτικῶν,

2251 5727 2546 5796 Κυριακαὶ,
2580 5729 2672 5778 καὶ
2713 5727 2917 5797 ἑορταὶ,
2962 5729 3058 5780 καὶ
3086 5729 3355 5795 νηστεῖαί,
3389 5728 3482 5776 καὶ
3519 5721 3790 5792 ἐξαιρέτως

2253 5816 2390 5886 αὓτη
2422 5816 2938 5891 παραδέδοταιηΚαὶ
2964 5815 3332 5886 ἀφιερωμέναι
3360 5815 3530 5868 πᾶσαι
3553 5809 3683 5880 θεῷ,
3711 5803 3792 5858 καὶ
