4060 6282
484 446 597 510 οιι

991 566 1321 632 ουλεετιο
1368 573 1555 629 LVIII.

492 672 635 733 Num
676 674 740 729 in
788 674 959 761 Missa
990 685 1565 763 prafsoncliﬁcajornnt
1606 690 1852 763 fragmen
1886 691 2060 746 divini

790 758 947 815 panis
981 767 1051 804 an
1080 758 1278 821 integer
1316 758 1499 826 aﬁ'erri
1532 758 1758 813 debeat?

561 833 726 893 Panis
756 854 919 908 porro
969 838 1075 897 non
1107 846 1260 900 debet
1286 861 1409 902 esse
1468 850 1755 917 particula,
1789 851 1885 906 sed
1921 852 2058 906 inte-

489 944 605 1002 ger,
645 940 702 985 ut
731 931 783 986 in
833 943 1036 1002 partes,
1076 939 1152 993 uti
1184 940 1353 994 moris
1381 950 1487 1005 est,
1521 942 1688 996 dividi
1715 943 1907 1013 possit,
1945 941 2058 996 fra-

489 1036 719 1090 ctusque
753 1024 1154 1095 distribuatur;
1211 1031 1315 1085 hoc
1369 1032 1515 1087 enim
1573 1033 1756 1088 minus
1808 1034 1973 1089 habet
2029 1048 2059 1088 a

484 1116 658 1171 missa
698 1116 959 1187 perlecta.
990 1121 1053 1176 Et
1082 1137 1220 1190 aqua
1256 1123 1431 1179 calida
1469 1132 1598 1180 tunc
1622 1139 1839 1193 quoque
1892 1125 2062 1179 intro-

483 1205 745 1274 mittitnr,
777 1224 883 1263 non
917 1208 1270 1276 perfectionis
1316 1211 1544 1280 alicujus
1576 1214 1772 1281 gratia.
1799 1228 1922 1269 cum
1956 1227 2059 1268 nec

480 1295 541 1349 in
575 1298 746 1352 missa
784 1300 1022 1368 perlecta
1074 1302 1145 1356 ob
1176 1303 1568 1370 perfectionem
1622 1305 1857 1375 aliquam
1891 1305 2061 1360 intro-

487 1388 757 1455 mittatur,
797 1391 890 1444 sed
918 1401 976 1445 ut
1013 1393 1195 1460 tepido
1239 1395 1520 1449 tremendo
1553 1395 1643 1449 illo
1691 1397 1861 1451 calice
1891 1396 2054 1462 facto,

428 1512 429 1515 η
480 1479 827 1535 -illutlanimo
874 1483 1271 1551 concipiamus,
1302 1485 1463 1539 etiam
1508 1484 1731 1541 Christo
1753 1488 2055 1555 demortuo,

485 1571 760 1626 viviﬁcum
792 1573 936 1628 illius
984 1588 1184 1644 corpus
1242 1589 1273 1629 a
1323 1575 1608 1631 divinitate
1660 1593 1836 1647 neque
1903 1579 2061 1634 avul-

482 1678 607 1718 sum
636 1677 825 1733 neque.
848 1677 1183 1733 separatum,
1232 1668 1685 1737 quemadmodum
1720 1668 1903 1724 divina
1939 1669 2060 1739 ejus

485 1754 693 1816 anima.
719 1756 811 1811 sed
853 1758 1263 1827 operationibus
1288 1757 1534 1826 Spiritus
1558 1758 1729 1814 fuisse
1756 1760 2058 1829 oppletum.

366 1863 377 1875 ·
485 1844 619 1899 Illud
639 1861 856 1915 quoque
885 1848 1056 1902 calida
1084 1849 1282 1911 innuit,
1314 1846 1580 1917 Spiritum
1611 1865 1734 1906 esse
1758 1851 2056 1918 viviﬁcum,

1347 422 1728 519 SYMEONIS
1767 458 2517 527 THESSALONICENSIS
2548 450 2902 529 ARCHIEP.

2086 578 2135 634 Α

3631 466 3742 528 912

2196 594 2199 597 '
2692 582 3028 635 ΕΡΩΤΗΣΙΣ
3072 577 3208 636 ΝΠ’.

2175 690 2272 743 Ἐν
2291 688 2367 760 τῇ
2393 692 2734 760 λειτουργίᾳ
2756 692 2874 745 τῶν
2898 690 3396 759 προηγεασμένων
3418 691 3535 760 χρὴ
3554 703 3741 757 προσ’

2232 758 2440 827 φέρειν
2473 759 2573 812 καὶ
2616 758 2819 829 τμῆμα
2855 760 2963 814 τοῦ
3009 758 3171 814 θείου
3199 760 3384 827 ἁρτσυ
3413 759 3449 828 ἣ
3476 760 3665 824 ὅλονς

2241 851 2478 920 Ὀφείλει
2511 851 2567 905 δὲ
2601 853 2695 905 καὶ
2725 853 2753 903 ό
2805 853 2970 922 ἄρτος
3022 852 3097 921 μὴ
3126 852 3320 921 τμῆμα
3380 847 3541 916 εῖναι,
3599 851 3741 903 ἀλλὰ

2159 944 2381 1006 τέλειος,
2411 940 2487 1007 ὦς
2524 942 2591 997 ἂν
2617 944 2850 1015 μελισθῇ
2890 944 3034 998 κατά
3062 945 3122 997 τὸ
3157 946 3297 1008 ἔθος,
3350 946 3448 998 καὶ
3473 945 3738 1006 κλασθεὶς

2164 1032 2451 1102 μεταδοθῇ.
2493 1032 2666 1086 Τοῦτο
2715 1033 2825 1103 γὰρ
2876 1033 3127 1087 λείπεται
3178 1032 3289 1085 ἀπὸ
3344 1032 3445 1100 τῆς
3488 1027 3741 1091 ἐντελοῦς

2159 1123 2520 1199 λειτουργίας.
2553 1123 2663 1176 Καὶ
2693 1123 2754 1176 τὸ
2780 1123 2902 1187 ζέον
2925 1122 2982 1175 δὲ
3015 1123 3135 1176 τότε
3154 1123 3459 1189 εἰσάγεται,
3484 1121 3545 1175 οὐ
3577 1123 3740 1191 χάριν

2159 1214 2305 1276 τινὸς
2352 1213 2708 1278 τελειώσεως,
2746 1215 2872 1266 ἐπεὶ
2900 1215 3022 1268 οὐδὲ
3064 1214 3206 1268 κατὰ
3253 1214 3349 1285 τὴν
3384 1214 3599 1267 τελείαν
3626 1214 3744 1265 λει-

2159 1304 2422 1374 τουργίαν
2464 1304 2553 1357 διὰ
2607 1305 2890 1359 τελείωσιν
2932 1322 3055 1358 τινα
3111 1307 3417 1374 εἰσάγεται,
3474 1304 3593 1358 ἀλλ’
3647 1304 3737 1357 ῐνα

2160 1393 2386 1465 χλιαροῦ
2422 1392 2515 1447 τοῦ
2541 1393 2772 1463 φρικτοῦ
2805 1396 3067 1465 ποτηρίου
3090 1395 3397 1464 γευόμενοι,
3430 1394 3737 1462 ἐννοῶμεν,

2158 1483 2235 1548 ὡς
2261 1471 2358 1539 καὶ
2416 1466 2789 1555 νεκρωθέντῖς
2848 1486 3112 1556 Χριστοῦ,
3147 1485 3208 1538 τὸ
3266 1484 3532 1550 ζωοποιδν
3568 1484 3737 1537 αὐτοῦ

2163 1574 2324 1643 σῶμα
2355 1572 2661 1643 ἀχώριστον
2690 1569 2760 1644 ἦν
2812 1574 2907 1627 καὶ
2947 1574 3257 1644 ἀδιαίρετον
3314 1574 3413 1640 τῆς
3453 1572 3735 1641 θεότητος,

2160 1664 2236 1728 ὡς
2272 1666 2365 1717 καὶ
2400 1664 2432 1729 ἡ
2465 1663 2584 1717 θεία
2613 1664 2782 1735 ψυχὴ,
2820 1664 2917 1717 καὶ
2949 1660 3058 1717 τῶν
3098 1662 3389 1733 ἐνεργειῶν
3440 1658 3536 1716 τοῦ
3570 1663 3738 1715 Πνεῦ-

2165 1771 2333 1825 ματος
2377 1753 2606 1825 πλῆρες.
2659 1754 2771 1806 Καὶ
2819 1752 2979 1806 τοῦτο
3011 1753 3072 1805 τὸ
3116 1752 3321 1825 θερμὸν
3373 1752 3621 1812 ὲκτυποῖ.
3652 1752 3734 1804 ὅτι

2162 1845 2425 1910 ζωοποιδν
2456 1845 2518 1897 τδ
2546 1843 2786 1912 Πνεῦμα,
2819 1844 2915 1897 καὶ
2939 1844 3033 1897 τοῦ
3062 1842 3327 1907 ζωοποιοῦ
3359 1843 3610 1909 σώματος
3639 1836 3734 1892 τοῦ

486 1945 541 1990 et
564 1936 779 1991 viviﬂco
799 1936 1003 2006 Spiritu
1034 1954 1063 1992 a
1090 1937 1308 1995 Christo
1333 1954 1442 1994 non
1478 1941 1743 2010 sejuncto,
1777 1958 1951 2013 neque
1978 1944 2058 2000 di-

2163 1935 2402 2005 Χριστοῦ
2435 1935 2509 2006 μὴ
2535 1920 2802 2001 ἀποστὰν,
2836 1935 2958 1989 οὐδὲ
3003 1937 3037 2005 η
3074 1934 3262 2001 θεότης
3297 1934 3462 1987 αὑτοῦ
3503 1932 3735 2003 κεχώρι-

488 2030 767 2083 vinitatem
793 2029 861 2084 ab
883 2045 948 2085 eo
974 2030 1141 2087 fuisse
1162 2032 1412 2089 divisam.
1438 2034 1609 2089 lmmo
1631 2046 1684 2088 et
1709 2051 1847 2103 aqua
1880 2037 2056 2107 imago

489 2128 574 2175 est
595 2120 851 2185 Spiritus,
869 2120 960 2191 qui
978 2137 1119 2191 aqua
1147 2133 1515 2194 nuncupatur,
1542 2126 1777 2190 etcalor,
1800 2134 2055 2196 tanquam

489 2212 581 2282 qui
612 2212 681 2267 ab
711 2212 835 2281 igne
856 2220 937 2267 est
964 2212 1283 2280 divinitatis,
1312 2216 1455 2285 quod
1492 2214 1632 2271 Deus
1687 2228 1870 2272 noster
1913 2217 2057 2287 ignis

387 2332 393 2345 ι
490 2302 783 2358 absumens
812 2310 932 2369 est;
967 2303 1224 2374 ideoque,
1279 2321 1401 2361 cum
1427 2322 1546 2361 eam
1579 2307 1841 2371 infundit,
1876 2308 2007 2363 dicit
2038 2325 2051 2359 :

495 2392 685 2450 «Calor
713 2392 951 2463 Spiritus
982 2396 1178 2461 sancti,
1209 2397 1435 2453 Amen.»
1466 2398 1645 2463 Quare
1668 2399 1866 2454 nullam
1891 2400 2059 2469 majo-

488 2501 602 2541 rem
628 2488 858 2558 gratiam
880 2487 1066 2544 divina
1091 2504 1318 2545 munera
1346 2491 1643 2559 accipiunt,
1665 2505 1789 2546 cum
1820 2489 2056 2559 perfecta

486 2578 634 2646 sint;
683 2579 778 2634 sed
826 2594 992 2636 causa
1023 2581 1192 2636 nostri
1228 2583 1603 2637 tantummodo
1653 2589 2055 2651 proponuntur,

488 2678 548 2724 ut
579 2685 675 2739 per
708 2685 771 2726 ea
797 2686 1005 2728 necnon
1037 2681 1089 2728 et
1122 2688 1314 2744 preces
1347 2674 1775 2728 sanctiﬁcemur.

662 2774 685 2797 '-
1016 2762 1344 2828 QUIESTIU
1366 2762 1525 2829 iLlX.

489 2842 670 2920 Quare
706 2861 755 2908 et
794 2854 852 2906 in
885 2853 1008 2907 aliis
1048 2855 1173 2907 amti
1203 2854 1385 2907 diebus
1426 2871 1529 2907 non
1574 2853 1864 2910 celebretur
1893 2855 2055 2910 missa

973 2922 1577 2992 Prasanctiﬁcatorum.

555 3033 777 3100 Diebus,
802 3035 1001 3104 quibus
1039 3050 1105 3090 ex
1128 3036 1446 3107 praescripto
1470 3035 2052 3093 Praasanctillcatorum

482 3126 652 3184 missa
678 3142 786 3182 non
819 3126 1133 3197 imperatur,
1159 3127 1226 3181 ab
1245 3142 1308 3183 ea
1324 3128 1645 3184 celebranda
1668 3127 2052 3183 abstinendum

2165 2044 2310 2082 σται.
2341 2028 2500 2098 Ἀμα
2554 2026 2649 2081 οῦν
2693 2028 2786 2081 καὶ
2821 2026 2883 2080 τό
2937 2025 3085 2094 ὕδωρ
3114 2025 3174 2078 τὸ
3222 2024 3450 2094 Πνεῦμα
3480 2024 3733 2088 είκονίζει

2165 2118 2310 2190 ὕδωρ
2357 2117 2713 2186 καλοΰμενον,
2746 2117 2841 2171 καὶ⁵
2866 2116 2925 2169 τδ
2955 2115 3157 2186 θερμὸν
3187 2114 3263 2179 ὡς
3293 2114 3388 2169 τοῦ
3417 2115 3590 2184 πυρδς
3637 2113 3734 2182 τὴν

2164 2210 2412 2281 θεότητα.
2446 2210 2571 2264 Ὀτι
2597 2211 2626 2263 ὁ
2650 2209 2781 2273 Θεὸς
2804 2208 2965 2279 ἡμῶν
2986 2209 3098 2280 πῦρ
3130 2206 3551 2271 καταναλίσκον,
3580 2205 3732 2277 φησί.

2164 2298 2256 2351 Διὸ
2285 2300 2378 2353 καὶ
2408 2299 2675 2368 ἐπιλέγει,
2716 2316 2737 2351 ι
2768 2299 2923 2362 Ζέσις
2949 2297 3261 2367 Πνεύματος
3285 2296 3465 2364 ἁγίου.
3484 2298 3679 2365 Ἀμήν.
3710 2315 3727 2347 ι

2163 2390 2329 2444 Ὅθεν
2359 2391 2452 2445 καὶ
2487 2390 2547 2445 οὐ
2575 2389 2798 2443 πλείονα
2827 2390 2989 2459 χάριν
3022 2388 3144 2442 τινὰ
3177 2390 3246 2442 τὰ
3270 2387 3390 2440 θεῖα
3410 2387 3560 2452 δῶρα
3594 2387 3738 2455 λαμ-

2163 2483 2387 2537 ϐάνουσι
2417 2483 2597 2536 τέλεια
2630 2481 2759 2535 ὄντα
2790 2497 2803 2512 ·
2839 2480 2977 2534 ἀλλὰ
3000 2478 3069 2534 δι’
3101 2481 3248 2549 ἡμᾶς
3282 2477 3599 2549 προτίθεται
3636 2477 3737 2546 μό-

2162 2592 2274 2641 νον,
2315 2575 2383 2629 ίν⁹
2418 2574 2773 2645 άγιασθῶμεν
2828 2574 2991 2644 ἡμεῖς
3033 2572 3102 2625 δι’
3163 2571 3343 2625 αὐτῶν
3397 2587 3456 2622 τε
3497 2572 3590 2622 καὶ
3628 2570 3737 2621 τιίν

2162 2666 2357 2737 εὐχῶν.

2693 2757 3029 2812 ΕΡΩΤΗΣΙΣ
3080 2758 3209 2813 NG'.

2164 2851 2329 2903 Διατί
2353 2849 2449 2904 καὶ
2482 2852 2551 2905 ἐν
2571 2850 2792 2916 ἄλλαις
2821 2849 2928 2904 τοῦ
2965 2852 3192 2918 χρόνον
3236 2848 3483 2918 ἡμέραις
3515 2848 3589 2903 οὐ
3613 2848 3737 2902 λειρ-

2213 2921 2547 2991 τουργεῖται
2574 2921 2613 2989 ἡ
2641 2919 2985 2987 λειτουργία
3012 2919 3129 2972 τῶν
3156 2919 3679 2989 προηγωσμὲνων.

2233 3038 2306 3091 Οὐ
2344 3038 2449 3109 χρὴ
2483 3037 2632 3107 παρᾶ
2681 3038 2781 3101 τὰς
2812 3038 3155 3105 τεταγμένας
3193 3036 3406 3106 ἡμέρας
3459 3051 3733 3104 προηγιρ-

2164 3126 2339 3195 σμένα
2363 3125 2700 3195 λειτουργεῖν
2728 3141 2743 3158 ⁸
2780 3126 2840 3178 οὐ
2882 3125 2990 3196 γὰρ
3024 3125 3405 3197 παραδέδοται.
3456 3124 3514 3178 '0
3545 3124 3728 3176 τοίνυν

482 3226 569 3275 cst
607 3238 620 3274 :
659 3218 751 3288 qui
803 3218 948 3273 enim
983 3227 1180 3288 praeter
1210 3218 1263 3275 id
1312 3219 1455 3288 quod
1509 3219 1766 3273 traditum
1809 3229 1892 3272 est
1921 3218 2050 3288 agit,

2163 3215 2314 3285 παρὰ
2350 3214 2419 3269 τὰ
2453 3214 2862 3286 παραδεδομένα
2882 3216 3053 3269 ποιῶν
3080 3213 3445 3279 κανονίζεται.
3480 3232 3499 3265 ι
3525 3213 3737 3266 Φυλάσ-

482 3310 661 3379 ρωιιῑε
687 3309 958 3364 obnoxius
988 3309 1068 3362 ﬁt.
1100 3328 1119 3360 ‹
1152 3307 1380 3364 Servate
1440 3323 1696 3378 namque,
1723 3308 1798 3362 ait
1832 3307 2056 3373 Paulus,

484 3397 826 3463 traditiones,
882 3412 1022 3466 quas
1076 3398 1395 3453 tradidimus
1437 3398 1613 3463 vobis,
1659 3397 1776 3454 sive
1824 3412 1919 3466 per
1968 3412 2061 3453 voc

485 3503 626 3552 cem,
646 3487 761 3542 sive
783 3503 879 3555 per
909 3487 1211 3556 epistolam.
1240 3505 1260 3539 ι
1288 3487 1401 3543 Hoc
1425 3488 1610 3557 itaque
1632 3497 1686 3542 et
1713 3487 1767 3542 in
1798 3486 1919 3542 aliis
1947 3501 2059 3541 ser-

483 3576 727 3633 vandum
759 3586 843 3634 est
870 3577 1148 3646 omnibus,
1176 3594 1297 3649 qua:
1325 3579 1395 3635 ab
1422 3579 1648 3650 antiquo
1667 3577 1825 3635 nobis
1852 3577 2055 3634 tradita

485 3677 637 3727 sunt.

1024 3759 1353 3828 QUAESTIO
1402 3761 1515 3818 LX.

2162 3325 2284 3363 σετε
2312 3310 2443 3381 γάρ,
2485 3310 2619 3379 φησι
2654 3307 2885 3372 Παῦλος,
2915 3309 3014 3371 τάς
3036 3307 3363 3377 παραδόσεις
3385 3304 3452 3366 ἃς
3482 3302 3735 3374 παρεδώ-

2159 3419 2338 3470 καμεν
2399 3402 2530 3471 ὑμῖν
2578 3403 2689 3455 stu
2736 3400 2826 3453 διά
2876 3399 3059 3467 λόγου,
3102 3400 3213 3452 εἴτε
3246 3396 3313 3451 δι’
3352 3395 3661 3463 ἐπιστολῆς.
3705 3410 3726 3444 s

2159 3492 2331 3546 Τοῦτο
2360 3492 2452 3546 οῦν
2493 3491 2760 3562 τηρητέον
2787 3490 2882 3545 καὶ
2911 3491 3005 3543 ἐπὶ
3043 3490 3155 3551 τοῖς
3186 3489 3372 3552 ἄλλοις
3411 3491 3526 3552 τοῖς
3554 3503 3732 3556 παρα-

2156 3583 2460 3655 δεδομένοις
2490 3582 2699 3638 ἄνωθεν
2729 3584 2884 3637 πᾶσι.

2678 3760 3015 3816 ΕΡΩΤΗΣΙΣ
3053 3760 3128 3817 Ξ’.

485 3870 681 3941 Ecquis
713 3872 923 3947 primus
954 3874 1234 3929 tradiderit
1265 3836 1883 3947 divinumsanclumq‘ue
1905 3876 2055 3930 habi-

2160 3874 2238 3929 Τὸ
2267 3875 2429 3947 θεῖοτ
2482 3873 2583 3947 καί
2631 3873 2803 3947 ἅγιον
2833 3874 3047 3947 ρ’χῆμα
3087 3872 3223 3947 τῶν-
3253 3871 3541 3947 μογᾳχῶν
3564 3872 3659 3937 τίς
3692 3873 3729 3947 (ξ

553 3952 663 3995 tum
713 3940 1118 4015 monachorum,
1165 3960 1329 4014 quare
1379 3945 1645 4015 angelicas
1706 3940 1954 4013 dicatur,
2006 3955 2055 4000 et

2228 3940 2723 4015 napadodgaol
2775 3940 2913 4007 πῶς(
2950 3940 3272 4014 ἀγγελικὸέ
3308 3940 3589 4010 deferat;
3627 3940 3728 3995 stat

551 4028 670 4080 quae
702 4013 768 4067 sit
808 4013 957 4067 illius
991 4012 1186 4068 traditi
1210 4016 1372 4067 ratio.
1451 4012 1465 4015 '
1940 4012 1945 4013 ί

2226 4015 2384 4068 διατὶ
2415 4012 2813 4082 παραδέδοται
2821 4029 2844 4076 ;

557 4123 635 4179 De
676 4124 922 4193 angelica
982 4134 1035 4179 et
1112 4124 1293 4180 divina
1352 4125 1655 4182 monastica
1716 4125 2058 4205 professione

2229 4128 2363 4198 Περὶ
2396 4127 2492 4182 τοῦ
2526 4125 2818 4197 ἀγγελικοῦ
2867 4127 2961 4179 καὶ
3001 4126 3146 4180 θείου
3181 4123 3475 4195 μοναχικοῦ
3516 4123 3731 4193 σχήμα-

484 4214 698 4282 primus
745 4215 965 4284 scripsit
990 4214 1287 4285 Dionysius
1316 4231 1330 4268 :
1366 4217 1458 4270 sed
1492 4216 1639 4270 illam
1669 4216 1909 4271 instituit
1940 4216 2056 4286 ipse

2159 4236 2246 4281 τος
2286 4217 2500 4289 πρῶτον
2538 4218 2638 4287 μὲν
2664 4218 2692 4271 ό
2740 4216 2877 4280 θεῖος
2907 4216 3111 4286 ἔγραψε
3158 4216 3462 4277 Διονύσιος·
3494 4214 3557 4267 τὸ
3601 4213 3732 4283 περὶ

486 4303 760 4369 Salvator,
801 4307 1234 4361 observaverunt
1267 4305 1388 4375 ejus
1437 4306 1721 4377 discipuli.
1762 4307 1877 4362 Non
1903 4308 2048 4361 enim

2159 4311 2344 4365 τούτου
2373 4310 2431 4365 δὲ
2466 4309 2561 4365 καὶ
2587 4309 2749 4372 αὐτὸς
2778 4310 3096 4377 παρέδωκεν
3124 4311 3152 4362 ὁ
3182 4308 3394 4378 Σωτήρ.
3429 4306 3539 4361 Καὶ
3567 4305 3729 4359 τοῦτο

483 4394 829 4450 solummodo
855 4411 885 4449 a
911 4398 1118 4452 sanctis
1156 4395 1482 4461 Pachomio,
1514 4394 1685 4450 Paulo
1711 4395 1971 4450 Thebano
2000 4403 2055 4448 et

2159 4402 2203 4456 οἱ
2234 4402 2425 4455 τούτου
2451 4401 2724 4471 ἐτήρησαν
2757 4399 3019 4470 μαθηταί.
3048 4400 3121 4453 Οὐ
3151 4401 3257 4468 γὰρ
3291 4400 3399 4451 ἀπὺ
3429 4398 3538 4451 τῶν
3565 4396 3729 4451 ὁσίων

485 4490 725 4544 Antonio
741 4489 942 4559 incepit
957 4497 1011 4543 et
1037 4489 1183 4559 leges
1208 4487 1440 4551 invenit,
1462 4496 1520 4541 ut
1537 4487 1757 4557 quidam
1777 4487 2052 4551 dixerunt,

2157 4493 2342 4563 μόνον,
2385 4492 2681 4562 Παχωμίου
2719 4509 2780 4545 τε
2815 4492 2908 4545 καὶ¹
2946 4490 3183 4561 Θηϐαίου
3217 4490 3573 4573 Παύλου,σκαὶ
3609 4491 3729 4543 Ἀν-

479 4581 577 4636 sed
600 4581 668 4635 ab
697 4582 816 4651 ipso
841 4579 1120 4635 Salvatore
1137 4588 1191 4635 et
1216 4578 1273 4633 in
1317 4580 1598 4649 apostolos
1645 4579 1887 4645 invexit;
1925 4591 2049 4631 nam

2159 4584 2346 4638 τωνίου
2372 4583 2529 4637 τοῦτο
2556 4584 2759 4655 ἤρξατο
2788 4584 2823 4655 ἢ
2853 4584 3295 4654 νενομοθέτηται,
3331 4582 3407 4644 ὥς
3446 4581 3596 4643 τινές
3626 4597 3731 4648 φα·

482 4679 539 4728 ct
557 4671 631 4727 illi
656 4672 962 4727 monastice
989 4672 1241 4727 vivebant
1265 4674 1320 4726 tn
1354 4671 1716 4738 continentia,
1737 4668 1791 4723 in
1817 4683 2048 4738 pauper-

484 4770 618 4826 tate,
643 4764 698 4816 in
724 4763 885 4831 cibis,
916 4764 972 4818 in
1005 4764 1269 4827 vestibus,
1300 4762 1355 4818 in
1384 4762 1726 4818 orationibus
1751 4775 1770 4827 ;
1833 4768 1888 4815 et
1911 4760 2054 4813 inter

482 4865 832 4908 successores
853 4862 1009 4908 aucta
1039 4863 1123 4909 est
1152 4862 1206 4909 et
1230 4855 1373 4909 inter
1395 4864 1620 4909 sanctos
1648 4851 1837 4905 Patres
1861 4849 2053 4904 miriti-

482 4956 546 4997 ce
576 4940 870 5012 splenduit.
902 4942 1130 5008 Quidam
1157 4944 1320 4998 etiam
1365 4943 1566 4998 ‘ﬁdeles
1639 4942 1826 4997 idiotas
1852 4958 2049 4998 conse-

480 5032 670 5089 crandi
696 5032 1028 5088 accedebant
1056 5035 1184 5087 huic
1207 5034 1328 5088 vitae
1358 5042 1601 5103 tempore
1626 5032 1739 5103 jam
1768 5033 2047 5107 apostolo-

480 5139 602 5179 rum
660 5140 674 5177 :
728 5132 785 5179 et
873 5123 977 5179 hoc
1071 5123 1417 5178 manifestum
1478 5124 1566 5179 est
1632 5125 1685 5178 in
1774 5126 2047 5180 monacho

482 5216 798 5287 Demophilo
826 5231 989 5287 quem
1004 5215 1307 5286 Dionysius
1331 5223 1490 5269 vocat
1548 5214 1644 5272 Dei
1667 5213 1932 5272 famulum
1964 5216 2050 5271 vel

480 5311 831 5373 monachum,
854 5307 1022 5363 Deum
1045 5308 1318 5365 colentem
1354 5326 1369 5365 :
1393 5319 1450 5365 et
1480 5310 1801 5382 mysterium
1828 5308 2051 5379 exponit

480 5400 795 5456 monasticae
824 5399 1198 5469 perfectionis,
1231 5415 1395 5471 quam
1430 5410 1619 5471 aperte
1649 5401 1804 5470 ponit
1836 5407 2052 5470 postre-

479 5504 570 5543 mo
593 5490 787 5546 ordine
836 5505 1028 5546 eorum
1058 5493 1151 5562 qui
1182 5507 1242 5547 se
1268 5492 1376 5549 Deo
1406 5493 1633 5548 colendo
1662 5492 1954 5547 devovent.
1982 5489 2049 5544 It-

480 5579 570 5635 Iud
600 5590 653 5635 et
679 5581 957 5652 propheta:
1015 5582 1438 5655 praeﬁgurabant
1460 5585 1603 5641 sicut
1632 5592 1687 5637 et
1710 5592 1903 5638 caetera
1930 5582 2055 5635 vitae

478 5671 775 5727 Salvatoris
795 5689 813 5739 ;
847 5688 1063 5728 crucem
1102 5683 1152 5730 et
1188 5675 1528 5745 passionem,
1589 5674 2051 5729 resurrectionem

479 5766 534 5813 et
557 5762 958 5827 ascensionem,
982 5764 1314 5819 nativitatem
1345 5764 1465 5833 ejus
1483 5766 1600 5820 sine
1621 5763 1834 5821 semine
1856 5763 2052 5818 buma-

484 5862 577 5916 no,
608 5849 1018 5906 sanctissimum
1042 5853 1160 5922 ejus
1202 5853 1468 5923 baptisma
1517 5863 1573 5911 et
1633 5860 1873 5910 sanctam
1932 5854 2053 5924 ejus

2157 4692 2266 4741 σιν,
2297 4674 2413 4729 ἀλλ’
2441 4674 2538 4727 ἀπ’
2563 4674 2732 4729 αὑτοῦ
2759 4674 2857 4728 τοῦ
2903 4675 3155 4745 Σωτῆρος
3192 4674 3285 4727 καὶ
3311 4674 3392 4736 είς
3429 4673 3559 4735 τοὺς
3589 4672 3730 4725 ἀποο

2155 4767 2380 4830 στόλους
2411 4766 2585 4829 ιλθδν,
2608 4767 2730 4819 ἐπεὶ
2777 4768 3019 4821 κάκεῖνοι
3073 4764 3380 4835 μοναδικῶς
3418 4761 3557 4826 ἔζων
3582 4762 3645 4827 εν
3669 4777 3731 4814 τε

2153 4858 2349 4927 ἁγνείᾳ
2392 4859 2486 4910 καὶ
2516 4859 2744 4926 τροφαῖς
2780 4856 2880 4909 καὶ
2928 4855 3189 4925 ἐνδύμασι
3223 4856 3320 4909 καὶ
3347 4851 3587 4923 ἀκτησίᾳ
3636 4851 3730 4903 καὶ

2154 4948 2501 5016 προσευχαῖς,
2526 4948 2619 5000 καὶ
2669 4949 2745 5010 είς
2777 4947 2903 5010 τοὺς
2932 4945 3061 5015 μετ’
3085 4946 3326 5008 ἐκείνους
3371 4941 3604 5014 ηὐξήθη,
3636 4942 3732 4994 καὶ

2154 5038 2231 5100 είς
2261 5039 2386 5101 τοὺς
2414 5038 2592 5100 ὁσίους
2618 5038 2864 5107 Πατέρας
2890 5037 3181 5107 ἐξέλαμψε.
3216 5033 3325 5089 Καὶ
3354 5033 3644 5105 ίερωμένοι
3669 5033 3731 5085 δὲ

2157 5130 2491 5198 μετὴρχοντο
2524 5129 2681 5182 τοῦτο
2701 5129 2794 5181 καὶ
2826 5129 3033 5182 ἰδιῶταί
3056 5144 3202 5191 τινες
3229 5129 3286 5180 ὲν
3316 5126 3393 5196 τῷ
3418 5124 3598 5195 καιρῷ
3622 5123 3731 5176 τῶν

2154 5221 2490 5276 ἀποστόλων.
2522 5220 2632 5273 Καὶ
2666 5220 2824 5290 δῆλον
2862 5220 2971 5272 ἀπὸ
3029 5216 3266 5289 μοναχοῦ
3309 5217 3641 5287 Δημοφίλου,
3670 5216 3731 5267 ὃν

2156 5311 2498 5383 θεραπευτὴν
2519 5312 2636 5382 ἦτοι
2661 5311 2913 5381 μοναχὸν,
2942 5310 3076 5363 Θεὸν
3099 5309 3495 5380 θεραπεύοντα,
3522 5309 3554 5380 ἢ
3589 5308 3728 5362 Θεοῦ

2156 5401 2465 5472 θεράποντα
2494 5402 2650 5455 καλεῖ
2672 5400 2966 5465 Δίονύσιος.
2990 5401 3102 5455 Καὶ
3131 5402 3430 5472 μυστήριον
3476 5401 3724 5469 ἐκτίθησι

2158 5495 2459 5564 μοναχικῆς
2513 5494 2867 5559 τελειώσεως,
2926 5497 3022 5549 καὶ
3051 5494 3156 5565 τὴν
3198 5493 3355 5560 τάξιν
3398 5493 3615 5561 τούτου,
3643 5493 3725 5545 ὅτι

2156 5584 2318 5647 εὐθὺς
2351 5586 2490 5655 μετὰ
2523 5587 2648 5649 τοὺς
2679 5585 3012 5655 ίερωμένους
3065 5585 3201 5639 ἐστί.
3237 5586 3645 5655 Προετΰπωσαν
3665 5582 3723 5634 δὲ

2155 5674 2317 5728 τοῦτο
2350 5677 2441 5728 καὶ
2473 5675 2521 5727 oi
2559 5675 2857 5745 προφῆται,
2898 5675 2973 5739 ὡς
3006 5676 3100 5731 καὶ
3123 5675 3190 5730 τὰ
3217 5676 3382 5729 λοιπὰ
3410 5673 3505 5728 τοῦ
3540 5674 3723 5741 Σωτῆ·

2160 5782 2273 5837 ρος.
2315 5768 2407 5818 τὶν
2459 5767 2690 5836 σταυρδν
2719 5768 2910 5837 καὶιτὰ
2948 5768 3122 5835 πάθη,
3149 5767 3243 5821 καὶ
3269 5766 3369 5834 τὴν
3400 5766 3719 5824 ἀνάστασιν,

2159 5856 2253 5907 καὶ
2277 5854 2560 5923 ἀνάληψιν,
2600 5856 2694 5909 καὶ
2719 5857 2811 5910 τὶν
2844 5858 3014 5928 χωρὶς
3067 5859 3273 5928 σπορᾶς
3296 5856 3480 5923 τόκον,
3533 5852 3627 5908 καὶ
3654 5855 3718 5905 τὸ
