4078 6288
340 306 448 376 913

1080 313 1478 381 RESPONSA
1525 321 1627 382 AD
1659 317 2124 382 GABRIELEM
2163 317 2893 386 PENTAPOLITANUM-

3487 324 3611 391 914"

341 421 618 476 θειότατον
679 422 984 496 βάπτισμα,
1042 427 1136 480 καὶ
1204 429 1305 497 τὴν
1378 429 1558 501 ῖεράνο
1614 429 1912 495 πολιτείαν,

2015 435 2514 504 conversationem,
2549 444 2610 492 ut
2635 436 2838 494 dictum
2892 443 2977 493 est
3009 453 3024 492 :
3064 437 3248 495 omnia
3273 437 3444 498 ferme
3470 440 3594 514 ejus

339 516 414 574 ὡς
446 515 682 584 εἴρηται,
716 517 810 582 καὶ
873 517 1058 587 σχεδὸν
1107 518 1269 590 355
1321 520 1558 588 ἅπαντα,
1614 524 1710 592 καὶ
1767 522 1916 577 πλεῖ-

342 621 458 657 στοι
516 606 627 660 τῶν
716 607 940 661 δικαίων
1016 610 1112 662 καὶ
1166 611 1497 681 προφητῶν,
1562 613 1798 683 μάλιστα
1858 613 1917 667 δὲ

351 693 534 750 Ἤλιοῦ
609 697 947 767 ἀναχωρῶν,
1019 701 1116 754 καὶ
1186 703 1455 773 παρθένος
1521 706 1698 774 μένων
1774 705 1917 777 ὑπὲρ

337 784 430 835 τὸν
487 785 653 855 νόμον
679 823 698 851 ,
756 788 860 842 καὶ
923 789 1228 853 Ἐλισσαῖος
1297 791 1448 862 αὐτῷ
1508 793 1918 849 καθυποτασσό-
1956 793 1984 820 ⁹

340 896 499 947 μενος
520 916 538 942 ,
595 881 689 932 καὶ
719 880 888 934 οἰκῶν
945 882 1009 935 τὸ
1036 882 1194 952 δρος’,
1230 885 1324 936 καὶ
1353 888 1380 938 ὁ
1414 888 1728 957 Βαπτιστὴς
1761 887 1919 941 ὑστε-

341 989 434 1042 ρον
489 971 654 1040 ἀγνδς
701 971 796 1025 καὶ
852 972 1060 1042 γυμνὸς
1119 976 1212 1027 καὶ
1266 977 1504 1046 ἄτροφος
1531 973 1914 1049 διαιτώμενος,

337 1065 436 1116 καὶ
463 1064 520 1117 ὲν
545 1065 664 1126 ταῖς
694 1064 923 1133 ἐρήμοις
954 1063 1118 1117 οἰκῶν
1147 1066 1239 1118 καὶ
1269 1067 1564 1136 κηρύττων
1595 1072 1914 1138 μετάνοιαν.

337 1156 664 1210 Τετέλεξωκε
697 1155 753 1210 δὲ
785 1155 882 1210 καὶ
913 1157 1332 1226 παραδέδωκεν,
1362 1160 1440 1220 ὡς
1471 1161 1716 1231 ἔφημεν,
1746 1168 1772 1216 ὁ
1805 1165 1919 1218 Σω-

336 1248 386 1298 τῖ
411 1265 460 1314 ρ,
497 1246 566 1299 δι’
586 1246 647 1300 δν
682 1247 861 1303 πάντα
898 1247 1284 1319 προετυπὼθη,
1323 1251 1352 1303 ό
1392 1252 1488 1304 καὶ
1529 1253 1690 1322 μόνος
1731 1254 1912 1325 ὑπάρ-

337 1357 448 1408 χων
476 1339 729 1416 ἀλήθεια,
763 1340 824 1392 ὲκ
858 1339 1138 1411 Παρθένου
1169 1342 1344 1415 ἁγνῆς
1372 1344 1608 1416 τεχθεὶς,
1644 1349 1737 1401 καὶ
1770 1364 1910 1418 παρ-

339 1431 490 1493 θένος
535 1430 730 1501 μένων,
778 1434 871 1487 καὶ
912 1434 1086 1502 ἀγῖως
1129 1434 1262 1501 ζῶν,
1306 1437 1397 1490 καὶ
1444 1438 1768 1509 πτωχεύων,
1817 1439 1913 1494 καὶ

338 1524 692 1594 πιζοπορῶν,
730 1525 824 1578 καὶ
862 1524 936 1595 μὴ
971 1527 1112 1596 ἔχων
1147 1526 1252 1580 ποῦ
1289 1527 1386 1600 τὴν
1422 1530 1667 1601 κεφαλὴν
1702 1531 1914 1596 κλῖναι,

339 1617 432 1668 le.
466 1615 699 1679 εὐτελῶς
734 1615 1090 1687 διαιτώμενος
1112 1660 1127 1684 ,
1167 1620 1262 1674 καὶ
1298 1619 1744 1692 ὑποτασσόμενος
1783 1622 1914 1693 ἄχρι

2021 529 2145 584 vitae
2169 528 2222 584 in
2251 529 2529 601 plerisque
2551 539 2868 586 sanctorum
2898 537 2952 585 et
2979 530 3396 601 prophetarum.
3421 533 3595 590 Maxi-

2018 639 2108 680 me
2133 625 2354 694 quidem
2388 625 2442 679 in
2474 622 2616 690 Elia,
2645 624 2761 695 qui,
2789 625 2938 681 solus
2969 626 3181 693 vivens,
3211 642 3376 698 supra
3419 627 3594 699 legem

2019 713 2174 782 virgo
2215 716 2518 784 permansit
2541 732 2558 784 ;
2581 724 2632 771 el
2663 717 2719 772 in
2747 715 2937 772 Elisaeo
2954 718 3044 788 qui
3064 716 3142 772 illi
3161 718 3440 790 subjectus
3456 732 3594 785 erat.

2019 814 2073 860 et
2101 807 2155 862 in
2182 817 2371 861 monte
2400 806 2705 874 habitabat,
2733 819 2788 865 et
2809 811 2863 864 in
2895 809 3133 880 Baptista
3163 809 3441 880 'denique,
3497 811 3595 882 qui
3653 846 3659 855 -

2019 905 2232 962 castus,
2257 899 2439 954 nudus
2456 899 2690 966 vivebat,
2730 915 2833 956 nec
2851 902 3235 970 manducahat,
3255 910 3309 958 et
3328 904 3382 958 in
3411 901 3598 960 deser-

2019 990 2090 1046 tis
2116 991 2374 1046 habitans
2403 991 2786 1059 paenitentiam
2817 993 3170 1064 praedicabat.
3233 995 3362 1052 Haec
3410 997 3596 1052 omnia
3649 1018 3655 1063 ξ

2020 1085 2337 1154 adimplevit
2364 1083 2619 1140 Salvator
2647 1093 2706 1141 ct
2739 1089 3113 1144 continuanda
3145 1089 3370 1146 tradidit
3391 1104 3453 1146 ea
3472 1103 3603 1160 quae

2019 1176 2089 1232 dc
2118 1177 2235 1246 ipso
2257 1176 2602 1258 praeﬁgurata
2630 1175 2873 1234 fuerant.
2905 1177 3067 1236 Solus
3093 1180 3237 1235 enim
3267 1188 3352 1236 est
3386 1181 3642 1238 veritas:

2020 1276 2074 1324 et
2109 1268 2160 1322 in
2183 1269 2410 1324 veritate
2460 1268 2754 1339 complevit
2783 1272 2992 1325 omnia.
3029 1271 3102 1326 Ex
3139 1273 3449 1329 castissima
3475 1274 3618 1328 νῖν-η

2020 1361 2146 1430 gine
2179 1368 2466 1426 natusest,
2499 1361 2654 1431 virgo
2679 1362 3002 1431 permansit,
3037 1363 3384 1420 sanctissime
3435 1364 3593 1432 vixit,

2020 1451 2202 1507 cibum
2231 1452 2582 1520 mendicavit,
2601 1454 2831 1523 pedibus
2854 1455 2956 1511 iter
2979 1455 3128 1521 fecit,
3153 1472 3262 1510 non
3290 1455 3482 1511 habuit
3503 1456 3614 1512 ubi.

2019 1551 2184 1609 caput
2217 1543 2532 1610 reclinaret,
2558 1557 2720 1613 parce
2750 1545 2884 1599 vixit
2910 1560 3086 1614 usque
3107 1547 3173 1600 ad
3201 1556 3428 1601 mortem
3451 1545 3594 1601 Patri

2020 1634 2224 1704 optime
2246 1634 2525 1704 subjectus
2553 1651 2574 1708 ;,
2608 1647 2951 1702 persecutus.
2988 1636 3216 1720 attritus
3251 1647 3307 1692 et
3328 1637 3597 1695 interem-

337 1700 572 1760 θαῖνάιου
606 1707 685 1776 τῷ
723 1707 930 1779 Πατρὶ.
963 1710 1059 1764 καὶ
1093 1711 1426 1780 διωκόμενος
1461 1714 1557 1766 καὶ
1592 1712 1914 1784 θλιϐόμενος

2021 1700 2149 1799 plus
2190 1737 2296 1793 est,
2321 1700 2504 1783 omnia
2533 1700 2691 1797 aequo
2717 1727 2995 1783 sustinens
3020 1746 3034 1783 :
3059 1712 3204 1798 saepe
3226 1728 3345 1785 loca
3385 1735 3596 1786 remota

337 1799 431 1850 καὶ
458 1799 684 1870 πάσχων
713 1800 806 1854 καὶ
833 1802 1260 1872 θανατούμενος,
1292 1803 1388 1858 καὶ
1415 1804 1596 1861 πάντα
1625 1806 1916 1878 ὑποφέρων

338 1892 596 1958 πραέως,
647 1895 742 1946 καὶ
789 1894 1092 1965 ἀναχωρῶν
1138 1895 1435 1964 πολλάκις,
1485 1897 1580 1951 καὶ
1626 1897 1750 1952 κατ’
1778 1898 1916 1951 ἰδίαν

341 1981 816 2051 προσευχόμενος,
849 1985 920 2038 τά
951 1985 1052 2054 τῆς
1086 1985 1314 2056 ἡσυχίας
1345 1986 1532 2040 τυπῶν
1553 2002 1567 2018 ’
1601 1988 1684 2041 ὅτι
1721 1988 1816 2042 καὶ
1848 1989 1918 2042 τὰ

336 2074 640 2142 τελεώτερα
673 2076 729 2126 ὲν
760 2075 838 2144 τῷ
869 2076 987 2145 δρει
1019 2077 1227 2143 ἐδίδαξε
1247 2119 1262 2144 ,
1298 2081 1396 2134 καὶ
1424 2080 1524 2152 τὴν
1555 2080 1717 2148 δόξαν
1747 2079 1916 2135 αὑτοῦ

336 2167 437 2232 τῆς
473 2164 726 2234 θεότητος
758 2164 992 2234 ἔδειξεν,
1023 2169 1090 2240 ἢν
1119 2169 1207 2222 ἀεὶ
1235 2173 1350 2233 τοῖς
1386 2171 1811 2243 καθαιρομένοις
1844 2173 1915 2227 δι’

337 2261 500 2312 αὗτδν
531 2259 628 2313 καὶ
662 2259 924 2316 ποθοῦσιν
953 2263 1121 2318 αὑτὸν
1150 2264 1486 2337 ὁλοκαρδέως
1518 2272 1748 2338 φανεροῖ
1767 2309 1782 2334 ,
1817 2270 1914 2324 καῖ⁸

339 2351 544 2420 μᾶλλον
571 2354 686 2415 τοῖς
717 2351 942 2422 ζητοῦσι
972 2355 1042 2409 δι’
1061 2357 1314 2427 ἡσυχίας.
1345 2359 1460 2414 Καὶ
1489 2361 1672 2415 κοινοῦ
1705 2362 1760 2414 δὲ
1793 2362 1914 2431 βίου

335 2446 490 2511 τάξιν
520 2445 772 2512 ὑπέδειξε
803 2447 890 2502 διὰ
923 2448 1032 2502 τῶν
1064 2448 1229 2503 αὐτοῦ
1270 2451 1550 2522 μαθητῶν.
1584 2455 1694 2506 Kal
1723 2455 1783 2506 τὸ
1818 2471 1918 2507 κα-

336 2536 698 2604 ταλιμπάνειν
724 2536 782 2589 δὲ
819 2537 1063 2606 πατέρας
1098 2537 1166 2592 δι’
1190 2539 1356 2594 αὑτὸν
1376 2581 1391 2606 ,
1427 2541 1692 2610 ἀδελφούς
1716 2560 1781 2596 τε
1818 2543 1917 2596 καὶ

337 2630 595 2694 γυναῖκα,
634 2629 730 2682 καὶ
766 2630 936 2684 τέκνα
976 2631 1070 2685 καὶ
1110 2633 1394 2700 συγγενεῖς
1435 2634 1531 2687 καὶ
1573 2636 1778 2704 ἀγροὺς
1821 2636 1916 2688 καὶ

339 2719 518 2771 πάντα
546 2719 609 2770 τὰ
642 2720 700 2772 εν
729 2720 808 2792 τῷ
836 2722 1028 2792 κόσμῳ
1051 2762 1066 2788 ,
1093 2723 1492 2792 νενομοθέτηκε
1521 2728 1635 2789 τοῖς
1665 2727 1914 2780 θέλουσιν

338 2814 516 2880 αἴρειν
559 2813 651 2866 τδν
695 2813 950 2882 σταυρὸν,
998 2817 1094 2868 καὶ
1142 2816 1318 2870 ὀπίσω
1358 2817 1526 2871 αὑτοῦ
1573 2817 1913 2884 ἀκολουθεῖν,

337 2905 432 2954 καὶ
481 2903 731 2973 μαθητὰς
773 2903 941 2958 αὐτοῦ
988 2907 1081 2958 καὶ
1121 2904 1305 2970 ἀξίους
1348 2908 1514 2962 αὑτοῦ
1569 2910 1764 2977 μόνους
1807 2909 1912 2980 εφη

337 2994 464 3056 τοὺς
491 2994 654 3048 αὑτὸν
680 2994 1010 3062 ἀγαπῶντας
1043 2997 1205 3066 μόνον
1234 2999 1399 3054 πλέον
1424 3000 1518 3053 τοῦ
1544 3000 1750 3070 κόσμου
1779 3017 1916 3053 παν-

2021 1829 2232 1890 petens,
2260 1820 2416 1874 solus
2438 1818 2652 1884 orabat,
2684 1819 2836 1886 pacis
2862 1818 3201 1907 desiderium
3233 1820 3554 1907 significans
3577 1838 3594 1889 ;

2020 1903 2344 1974 perfectiora
2398 1904 2454 1957 in
2501 1912 2687 1959 monte
2730 1904 2936 1969 docuit,
2959 1914 3015 1960 et
3063 1906 3117 1960 in
3149 1919 3334 1962 monte
3376 1903 3599 1979 quoque

2021 1997 2251 2066 gloriam
2304 1995 2614 2051 divinitatis
2659 1996 2924 2061 ostendit,
2992 2012 3156 2067 quam
3215 1998 3270 2054 in
3333 2009 3596 2056 aeternum

2022 2087 2412 2159 possidendam
2443 2102 2812 2144 concessurus
2855 2096 2974 2144 erat
2996 2090 3253 2147 omnibus
3291 2092 3386 2162 qui
3440 2091 3596 2166 illum

2021 2191 2140 2236 toto
2158 2180 2323 2235 corde
2346 2181 2725 2237 desiderantes
2754 2194 2942 2250 pacem
2969 2183 3205 2238 maxime
3252 2184 3594 2254 quaesierint.

2023 2274 2307 2342 Apostolis
2335 2282 2518 2329 autem
2542 2273 2660 2330 suis
2689 2287 2936 2330 normam
2964 2275 3330 2331 communiter
3373 2276 3593 2332 vivendi

2018 2368 2282 2432 ostendit,
2337 2374 2521 2437 aperte
2563 2366 2769 2422 docens
2791 2375 3013 2436 propter
3056 2367 3236 2437 ipsum
3283 2367 3597 2437 relinquen-

2017 2459 2147 2515 dum
2188 2475 2310 2515 esse
2331 2469 2538 2529 patrem
2568 2465 2624 2514 et
2650 2457 2850 2513 fratres
2881 2467 2938 2513 et
2967 2473 3215 2522 uxorem,
3244 2466 3300 2513 et
3343 2458 3510 2526 filios,
3541 2467 3597 2516 et

2018 2551 2208 2606 afﬁnes
2237 2558 2292 2604 et
2350 2563 2512 2619 agros
2549 2556 2606 2604 et
2655 2549 2841 2603 omnia
2889 2563 3010 2616 quae
3067 2549 3124 2602 in
3164 2549 3372 2604 mundo
3419 2557 3593 2618 sunt;

2019 2645 2467 2715 praescripsitque
2497 2643 2578 2697 eis
2623 2640 2815 2697 tollere
2843 2654 3086 2707 crucem,
3122 2647 3181 2694 ut
3225 2640 3402 2710 ipsum
3429 2655 3594 2712 sequ-

2017 2750 2174 2796 entes
2205 2746 2260 2792 ct
2288 2737 2580 2806 diligentes
2606 2749 2774 2804 super
2802 2733 2986 2789 omnia
3021 2748 3143 2802 qute
3164 2732 3218 2787 in
3246 2733 3450 2788 mundo
3465 2742 3598 2789 sunt

2015 2827 2135 2895 ejus
2153 2825 2429 2896 discipuli,
2455 2823 2719 2894 magistro
2742 2821 2886 2892 digni
2909 2823 2992 2877 sic
3013 2823 3186 2878 solum
3211 2822 3324 2877 fieri
3347 2830 3593 2892 possent.

2017 2918 2094 2974 De
2110 2919 2320 2986 reliquo
2343 2917 2452 2977 vita
2479 2915 2597 2984 ejus
2616 2913 2963 2971 sanctissima
2989 2924 3047 2969 ut
3071 2914 3392 2984 prophetam
3438 2915 3598 2972 decet

2018 3019 2074 3065 et
2105 3009 2436 3079 apostolum,
2457 3008 2575 3062 sive
2600 3007 2784 3075 potius
2812 3005 3061 3075 angelum
3089 3021 3104 3072 ;
3130 3020 3252 3059 nam
3275 3006 3592 3075 angelorum

338 3085 450 3146 τός.
482 3087 684 3140 Λοιπὸν
713 3086 773 3141 τὸ
811 3089 998 3158 σχῆμα
1027 3091 1088 3142 τὸ
1125 3089 1286 3158 ἆγιον
1317 3090 1412 3144 καὶ
1448 3090 1787 3160 προφητικὸν
1816 3093 1910 3144 καὶ

2015 3099 2380 3170 virginitatem
2403 3098 2646 3151 imitatus
2665 3103 2751 3151 est
2769 3105 2823 3151 et
2839 3095 3205 3151 obedientiam
3221 3104 3277 3150 et
3297 3103 3595 3152 concentus

337 3177 718 3242 ἀποστολικδν,
747 3178 844 3232 καὶ
870 3179 1167 3250 ἔξαιρέτως
1192 3181 1507 3250 ἀγγελικὴν,
1537 3183 1612 3245 ὠς
1641 3183 1740 3252 τὴν
1770 3200 1913 3253 παρ-

339 3271 522 3326 θενίαν
557 3271 664 3324 τῶν
699 3271 948 3340 ἀγγέλων
985 3275 1328 3343 μιμούμενον
1363 3276 1459 3328 καὶ
1502 3275 1782 3346 ὑποταγὴν
1819 3277 1913 3329 καὶ
1945 3327 1952 3333 .

334 3362 697 3434 ὑμνολογιαν,
727 3363 822 3416 καὶ
850 3363 1273 3434 ἀκτημοσύνην,
1308 3366 1399 3418 καὶ
1429 3366 1708 3435 ἄγρυπνον
1738 3383 1912 3437 προσο

333 3456 523 3524 ευχὴν,
568 3455 663 3507 καὶ
706 3454 1014 3523 δοξολογεαν
1062 3458 1158 3509 καὶ
1205 3455 1553 3526 λειτουργίαν
1597 3459 1910 3528 ἀκάματον.

346 3548 476 3618 Ὶδξᾳ
515 3549 572 3602 δὲ
605 3547 698 3602 τοῦ
739 3549 992 3619 Σωτῆρος
1030 3549 1191 3619 ἡμῶν
1224 3550 1341 3604 ἐστι
1381 3550 1682 3620 πολίτευμά
1714 3569 1773 3605 τε
1815 3555 1912 3606 καὶ

337 3644 546 3713 σχῆμα.
577 3636 747 3705 Οὗτος
775 3641 884 3712 γὰρ
914 3641 1234 3712 ἐπανορθῶν
1266 3643 1424 3713 ἡμῶν
1455 3645 1554 3715 τὴν
1585 3644 1748 3712 φύσιν
1768 3687 1782 3708 ,
1815 3645 1911 3698 καὶ

333 3740 415 3796 εις
453 3735 514 3788 τδ
553 3730 1137 3806 ἀρχαῖον’ὲπανάγων,
1179 3737 1274 3789 καὶ
1318 3736 1456 3790 Θεοῦ
1500 3735 1625 3791 καθ’
1649 3738 1909 3804 ὁμοίωσιν

295 3821 538 3891 ’ποιῶν,
589 3829 724 3897 ἡμῖν
769 3827 986 3898 ήνὼθη,
1037 3832 1132 3881 καὶ
1181 3827 1307 3882 καθ’
1334 3829 1484 3898 ἡμᾶς
1536 3829 1754 3896 γέγονε.
1800 3831 1910 3884 Kal

333 3917 577 3986 ἀναιρῶν
611 3917 708 3987 τὴν
743 3918 1026 3987 παροῦσαν
1057 3919 1152 3972 τοῦ
1195 3921 1403 3990 κόσμου
1449 3922 1697 3993 φθαρτὴν
1731 3926 1908 3995 ζωὴν,

331 4012 452 4080 ἥτις
483 4010 712 4077 συνέστη
735 4008 820 4062 διὰ
837 4012 935 4080 τῆς
958 4011 1320 4080 παραὸάσεως
1345 4015 1440 4066 καὶ
1464 4016 1615 4085 ῥοῆς,
1634 4017 1731 4086 τὴν
1749 4018 1910 4070 ἔπου-

335 4102 520 4170 ράνιον
565 4100 772 4169 ταύτην
819 4099 966 4168 ζωὴν
1011 4103 1106 4154 καὶ
1153 4101 1434 4155 πολιτείαν
1480 4103 1748 4166 ὑπέδειξε.
1796 4105 1910 4157 Kal

226 4183 239 4188 ’
331 4189 521 4243 λοιπὸν
546 4189 646 4242 οὐκ
674 4187 757 4242 ἔτι
786 4188 1025 4256 ἐπίγειος
1051 4189 1268 4243 καὶτοῦ
1296 4190 1506 4260 κόσμου
1535 4190 1728 4245 τούτου
1757 4193 1786 4244 δ
1813 4205 1910 4260 μοο

332 4280 520 4350 ναχδς,
559 4278 680 4331 ἀλλ’
724 4279 1092 4348 ὑπερκόσμιος
1123 4280 1220 4334 καὶ
1247 4280 1518 4350 οὐράνιος,
1549 4281 1645 4333 καὶ
1670 4281 1730 4335 τὸ
1761 4283 1909 4335 πολί-

331 4387 513 4439 τευμα
545 4370 762 4440 ἀληθῶς
799 4370 940 4437 μετά
971 4369 1066 4424 τοῦ
1103 4372 1318 4424 Παύλου
1353 4371 1494 4441 ἔχων
1526 4373 1586 4426 ἐν
1615 4373 1902 4443 οὐρανοῖς,

334 4465 430 4517 καὶ
460 4462 616 4516 τοῦτο
649 4462 1147 4532 ἐπαγγελλόμενος.
1181 4463 1274 4516 Διὸ
1307 4463 1627 4532 γινωσκέτω
1661 4467 1770 4529 πᾶς
1808 4483 1910 4536 μο-

334 4556 494 4623 ναχὸς
515 4595 531 4618 ,
560 4553 638 4617 ὡς
666 4554 768 4608 οὐκ
800 4554 948 4608 ἔστιν
980 4553 1062 4607 ἔτι
1091 4555 1191 4625 τῆς
1221 4554 1505 4625 παρούσης
1538 4556 1704 4626 ζωῆς,
1772 4557 1909 4612 ἀλλὰ

333 4644 412 4713 τῷ
452 4645 551 4713 βίῳ
591 4644 766 4714 τούτῳ
805 4643 1170 4715 νενέκρωται,
1211 4646 1310 4699 καὶ⁸
1345 4645 1626 4716 ἄφθαρτός
1663 4648 1779 4699 ἐστι
1816 4649 1913 4702 καὶ

336 4736 661 4804 ἐπουράνιος
697 4736 984 4804 ἄνθρωπος
1011 4754 1025 4770 ⁸
1069 4739 1165 4790 καὶ
1205 4737 1348 4790 κατὰ
1389 4737 1605 4792 Παῦλον
1642 4738 1798 4802 αὖθις
1837 4741 1911 4792 εῖ-

330 4829 456 4878 πεῖν
477 4865 492 4887 ,
529 4844 551 4879 ι
589 4828 648 4879 '0
682 4827 883 4895 κόσμος
916 4828 1066 4899 αὐτῷ
1097 4829 1441 4899 ἐσταύρωται
1462 4872 1478 4896 ,
1511 4832 1602 4883 καὶ
1635 4831 1800 4892 αὐτὸς
1829 4831 1908 4902 τῷ

332 4914 546 4987 κόσμῳ.
587 4937 606 4970 ι
644 4919 753 4973 Kal
780 4919 842 4973 τὸ
871 4921 1056 4990 σχῆμα
1085 4921 1141 4974 δὲ
1168 4921 1264 4974 τοῦ
1300 4922 1539 4991 μοναχοῦ
1571 4923 1717 4977 ἅπαν
1745 4924 1906 4978 τοῦτο

330 5011 504 5082 δηλοῖ,
547 5011 658 5065 Kal.
701 5012 873 5081 μέλαν
916 5013 1018 5081 μὲν
1056 5011 1202 5066 ἅπαν
1241 5013 1333 5068 διά
1367 5030 1429 5066 τε
1470 5013 1531 5066 τὸ
1572 5014 1769 5078 πένθος
1813 5017 1909 5070 καὶ

330 5103 424 5155 τὸν
457 5102 689 5157 θάνατον
719 5104 816 5172 τῆς
849 5105 1077 5174 σαρκὸς,
1108 5107 1205 5159 καὶ
1234 5106 1296 5158 τδ
1326 5105 1566 5174 ζοφῶδες
1591 5107 1695 5177 τῆς
1723 5108 1906 5178 ἀμαρ-

331 5193 453 5256 τεας
472 5209 486 5221 '
511 5197 576 5248 ὲκ
595 5196 799 5266 τριχῶν
817 5195 872 5249 δὲ
899 5195 986 5249 διά
1005 5198 1105 5266 τὴν
1121 5198 1390 5268 νέκρωσιν
1407 5239 1422 5264 ,
1449 5199 1682 5262 καὶτοὺς
1709 5200 1912 5270 δερμα-

2016 3202 2068 3248 et
2096 3197 2468 3260 paupertatem
2495 3197 2549 3242 et
2571 3187 2887 3256 vigilantem
2907 3186 3212 3241 orationem
3238 3193 3292 3241 et
3315 3185 3384 3240 ad
3420 3185 3592 3241 Deum

2013 3279 2206 3334 laudes
2241 3288 2295 3332 ct
2310 3277 2638 3333 indefessam
2661 3275 3036 3332 adorationem
3062 3292 3076 3329 :
3097 3276 3215 3332 haec
3235 3283 3354 3331 crat
3374 3274 3592 3346 propria

2015 3371 2318 3428 Salvatoris
2343 3370 2512 3426 nostri
2533 3379 2588 3424 et
2608 3371 2718 3425 vita
2747 3377 2798 3424 et
2817 3368 3115 3439 professio,
3149 3378 3205 3423 et
3232 3369 3306 3424 ita
3341 3379 3592 3423 naturam

2011 3472 2256 3520 nostram
2299 3469 2596 3530 reparavit,
2631 3471 2686 3515 et
2709 3459 2776 3514 ad
2822 3461 3060 3529 priorem
3087 3459 3304 3515 reduxit
3339 3458 3591 3527 gloriam,

2011 3566 2064 3614 et
2091 3571 2188 3611 nos
2222 3570 2285 3610 ex
2301 3553 2491 3608 altavit
2553 3566 2731 3623 usque
2759 3551 2826 3607 ad
2860 3551 3276 3608 similitudinem
3305 3550 3425 3618 Dei,
3462 3550 3592 3605 dum

2011 3648 2206 3718 similis
2233 3646 2391 3702 nobis
2417 3646 2591 3700 factus
2634 3655 2767 3701 est:
2827 3645 3124 3712 mundique
3169 3652 3485 3714 corruptam
3537 3651 3595 3700 et

2011 3738 2211 3795 ﬂuxam
2239 3737 2532 3791 destruens
2557 3735 2726 3788 vitam
2759 3750 2883 3804 qua:
2908 3750 3056 3789 nunc
3071 3745 3155 3790 est
3183 3743 3236 3789 et
3257 3751 3378 3804 quae
3397 3737 3450 3790 in
3469 3750 3594 3805 pec-

2013 3829 2152 3884 catis
2175 3825 2631 3888 constituebatur,
2663 3823 2810 3878 illam
2843 3825 3284 3893 snpcrcmlestem
3314 3826 3477 3880 vitam
3539 3837 3596 3882 et

2011 3928 2240 3976 mortem
2288 3917 2492 3973 docuit.
2553 3916 2850 3970 Monachus
2913 3917 3078 3986 igitur
3101 3932 3208 3970 non
3233 3926 3592 3973 terrenusest

2012 4012 2176 4080 hujus
2208 4008 2419 4074 mundi,
2451 4009 2548 4063 sed
2576 4007 2816 4062 cmlestis
2837 4015 2892 4061 et
2913 4022 3078 4076 super
3101 4006 3336 4061 humana
3356 4007 3591 4074 negotia,

2011 4111 2066 4158 et
2095 4103 2215 4171 ejus
2244 4100 2586 4156 conversatio
2604 4114 2752 4164 vere,
2779 4099 2932 4168 juxta
2963 4098 3210 4162 Paulum,
3236 4099 3288 4152 in
3308 4099 3459 4154 cadis
3486 4109 3592 4162 est,

2015 4199 2070 4245 et
2104 4191 2205 4243 hoc
2232 4189 2393 4244 Jesus
2422 4189 2628 4244 docuit.
2658 4189 2868 4244 Idcirco
2893 4191 3075 4246 omnis
3101 4189 3404 4244 monachus
3431 4189 3592 4256 sciat,

2018 4282 2148 4351 quia
2177 4297 2288 4336 non
2308 4282 2420 4350 jam
2445 4281 2608 4350 hujus
2621 4291 2706 4337 est
2734 4281 2857 4335 vita:
2884 4297 2899 4346 ;
2925 4282 3017 4337 sed
3039 4281 3290 4351 praesenti
3315 4283 3437 4337 vitae
3453 4272 3602 4335 mor;

2017 4382 2165 4437 tuus,
2202 4372 2632 4442 incorruptibilis
2666 4383 2718 4425 et
2749 4372 2991 4427 caelestis
3026 4372 3190 4426 homo
3222 4386 3344 4426 esse
3392 4372 3592 4428 debet:

2015 4477 2070 4520 et
2127 4480 2252 4518 cum
2314 4464 2484 4519 Paulo
2539 4463 2730 4520 dicat:
2793 4481 2812 4515 ι
2849 4463 2978 4518 Mihi
3027 4464 3263 4518 mundus
3294 4463 3598 4518 crucifixus

2009 4567 2115 4621 est,
2143 4565 2198 4611 et
2233 4572 2335 4625 ego
2369 4556 2578 4610 mundo
2599 4556 2670 4609 ”.
2704 4573 2723 4608 ι
2759 4554 2873 4610 Hoc
2906 4555 3050 4609 enim
3077 4563 3131 4609 et
3181 4563 3292 4609 tota
3338 4553 3594 4612 monachi

2009 4663 2240 4720 persona
2259 4647 2618 4702 demonstrat.
2652 4647 2816 4702 Color
2847 4648 3002 4717 niger
3026 4654 3087 4702 ut
3111 4645 3359 4701 ostendat
3390 4646 3596 4700 luctum

2008 4740 2365 4795 et-tristitiam
2397 4745 2452 4792 et
2485 4736 2768 4792 interitum
2825 4724 3122 4803 carnis,'et
3175 4739 3385 4808 peccati
3441 4725 3638 4824 tenth;

2010 4831 2163 4888 bras.
2199 4830 2448 4884 Tonsura
2477 4828 2798 4898 capillorum
2829 4838 3049 4899 propter
3098 4829 3596 4885 mortificationem.
3632 4850 3636 4857 ι

2017 4922 2226 4978 Tunica
2253 4921 2481 4992 pellicea
2509 4930 2696 4990 proter
2751 4922 2984 4990 gratiam
3043 4920 3161 4987 Dei,
3214 4921 3599 4977 vestimentum

1989 5011 2290 5085 puritatis.
2360 5012 2588 5067 Pallium
2686 5019 2867 5066 autem
2927 5019 2991 5066 ut
3047 5021 3419 5082 tegumentum
3481 5010 3641 5068 Dei..

2016 5107 2268 5164 Cucullio
2284 5114 2503 5175 propter
2519 5105 2881 5160 innocentiam
2912 5115 2969 5159 et
2986 5103 3287 5159 custodiam
3312 5117 3599 5166 sensuum,

2017 5209 2071 5255 et
2100 5200 2459 5254 humilitatem
2484 5206 2536 5251 et
2562 5196 2630 5250 ad
2659 5197 3075 5252 custodiendam
3109 5211 3300 5265 puram
3322 5205 3377 5250 et
3407 5195 3602 5249 fortem

329 5285 514 5348 τίνους
545 5286 799 5354 χιτῶνας.
833 5289 942 5342 Kal.
970 5287 1136 5358 χιτὼν
1167 5288 1268 5358 μὲν
1296 5288 1386 5342 διὰ
1411 5289 1512 5358 τὴν
1540 5289 1605 5342 ἐκ
1645 5288 1783 5342 Θεοῦ
1821 5289 1914 5358 χά-

2018 5290 2258 5344 animam
2290 5288 2346 5341 in
2376 5287 2615 5355 regendo
2651 5302 2907 5358 corpore.
2973 5286 3270 5355 Scapulare
3299 5283 3366 5339 ad
3395 5283 3605 5354 signifi-

335 5391 455 5446 ριν,
491 5375 553 5427 τὸ
583 5375 686 5445 τῆς
719 5377 1028 5449 ἀφθαρσίας
1062 5378 1268 5448 ἔνδυμα
1290 5394 1304 5410 ·
1340 5380 1566 5461 παλλίον
1599 5378 1656 5433 δὲ
1690 5379 1778 5432 διὰ
1809 5377 1909 5449 τὴν

333 5465 398 5517 ἐκ
427 5465 564 5519 Θεοῦ
597 5467 808 5537 σκέπην
833 5485 849 5500 ⁸
881 5470 1200 5524 κουκούλιον
1223 5471 1281 5525 δὲ
1309 5471 1398 5525 διά
1423 5471 1522 5540 τὴν
1549 5469 1785 5524 ἀκακίαν
1813 5469 1912 5523 καὶ

336 5557 589 5628 φυλακὴν
617 5558 728 5614 τῶν
757 5560 1086 5632 αἰσθήσεων,
1116 5564 1212 5618 καὶ
1241 5563 1342 5635 τὴν
1372 5559 1907 5634 ταπεινοφροσύνην,

404 5737 450 5772 ³⁸
475 5735 676 5805 Galat.,
695 5753 746 5794 νι
777 5737 862 5797 id.

2018 5379 2248 5434 candum
2283 5392 2500 5433 crucem
2521 5376 2837 5448 gestandum
2871 5390 2994 5431 esse
3029 5377 3271 5430 humeris
3299 5384 3424 5445 post
3479 5373 3604 5431 Sal-

2014 5479 2283 5526 vatorem.
2308 5469 2459 5524 Zona
2483 5468 2613 5523 dicit
2635 5467 3036 5533 fortitudinem,
3065 5466 3384 5536 pudentiam
3406 5477 3462 5521 et
3508 5481 3603 5522 ca-

2015 5561 2280 5619 stitatem.
2315 5559 2792 5630 Sandaliaportat
2817 5565 3104 5613 utrectain
3157 5556 3400 5614 ambulet
3455 5557 3600 5614 viam
