4078 6288
385 309 492 376 917

1144 310 1548 374 RESPONSA
1603 311 1703 370 AD
1737 307 2186 370 GABBIELEM
2214 301 2952 369 PENTAPOLITANUM.

3530 305 3658 370 918

390 429 565 483 στεῖτε
613 445 658 491 ι,
696 425 861 496 φησὶν
899 427 926 478 ὁ
962 424 1303 488 ’Δπὸστολος.
1335 425 1466 490 Kal,
1509 443 1527 475 ι
1569 423 1692 477 Εἴτε
1733 421 1962 487 ἐσθίετε,

2073 420 2221 476 te.ln
2248 420 2503 477 omnibus
2528 421 2730 490 gratias
2749 419 2892 490 agite
2906 419 3020 475 “".
3047 437 3065 472 ι
3100 417 3166 472 Et
3189 418 3384 474 iterum
3413 433 3427 472 :
3465 436 3484 470 ι
3511 417 3639 474 Sive

389 519 498 572 εἴτε
535 517 718 570 πίνετε
741 555 754 576 .
792 517 903 569 εῖτε
939 533 992 568 τι
1027 517 1232 568 ποιεῖτε
1255 553 1270 578 ,
1303 515 1479 568 πάντα
1516 513 1596 576 είς
1631 511 1790 579 δόξαν
1824 509 1958 564 Θεοῦ

390 611 612 664 ποιεῖτε.
651 627 670 660 ι
704 609 814 661 Kal
840 610 868 660 ὁ
897 607 1124 675 Κύριος,
1155 605 1514 674 Γρηγορεῖτε
1542 600 1656 660 οὖν
1681 605 1753 657 ἐν
1781 601 1964 656 παντί

391 699 571 766 καιρῷ
600 697 890 767 δεόμενοι.
921 697 1032 750 Kal
1061 699 1089 750 6
1119 697 1314 763 Aa6l6,
1351 695 1683 764 Εὑλογήσω
1712 695 1820 748 τὸν
1847 693 1964 748 Κύ-

381 806 520 857 ριον
543 789 612 842 ὲν
640 789 817 842 παντὶ
850 785 1051 855 καιρῷ.
1080 786 1280 840 Λοιπὸν
1311 788 1418 848 πᾶς
1450 786 1636 855 καιρὸς
1667 785 1965 852 ἀναγκαῖος

390 883 468 943 είς
506 879 817 950 προσευχήν
845 895 857 908 ’
894 879 987 929 καὶ
1017 863 1176 929 τοῦτο
1209 879 1383 928 ποιεῖν
1416 875 1705 943 ὀφείλομεν
1737 873 1965 926 διαπαν-

388 973 501 1034 τός.
530 971 619 1023 Διδ
645 968 768 1022 οὕτε
795 971 851 1022 ὲν
877 967 1002 1034 ὁδῷ,
1031 966 1152 1020 οὔτε
1180 969 1237 1020 ὲν
1262 967 1530 1037 τραπέζῃ,
1554 965 1677 1020 οὔτε
1703 967 1762 1020 ἐν
1786 965 1962 1037 κλίνῃ,

388 1062 511 1116 οὔτε
558 1065 616 1114 ὲν
657 1061 838 1131 ἔργῳ,
886 1057 1010 1112 οὔτε
1059 1061 1116 1110 ὲν
1161 1058 1494 1123 διαλέξεσιν,
1543 1055 1666 1110 οὔτε
1718 1058 1773 1110 ὲν
1822 1057 1967 1125 ἄλλῳ

391 1154 567 1224 καιρῷ
607 1171 736 1219 τινι,
779 1151 1110 1218 ἀφίστασθαι
1150 1151 1231 1203 δεῖ
1267 1150 1365 1229 τῆς
1411 1151 1740 1218 προσευχῆς.
1788 1149 1860 1201 Τὸ
1909 1148 1966 1201 δὲ

393 1250 682 1316 ἱστάμενον
713 1247 961 1316 ψάλλειν,
997 1245 1030 1315 ἢ
1067 1244 1401 1316 καθήμενον,
1437 1242 1470 1312 ἢ
1506 1241 1598 1307 ἀφ’
1629 1241 1892 1308 ἑσπέρας,
1931 1240 1965 1310 ἦ

393 1341 568 1412 πρωῒ,
602 1339 744 1394 κατὰ
774 1339 872 1409 τὴν
905 1338 1226 1409 προαίρεσιν
1254 1337 1471 1406 ἑκάστῳ
1509 1335 1664 1388 ἔσται
1701 1333 1964 1398 δεόντως,

267 1425 277 1438 ’
391 1430 486 1486 καὶ
517 1430 616 1500 τὴν
651 1427 746 1482 τοῦ
786 1428 1038 1496 σώματος
1074 1427 1326 1496 δύναμιν,
1359 1425 1453 1478 καὶ
1492 1425 1634 1478 κατὰ
1671 1425 1770 1494 τὴν
1807 1424 1968 1477 ἀσθέο

393 1539 539 1586 νειαν
558 1565 574 1589 ,
606 1522 700 1578 καὶ
728 1519 828 1588 τὴν
856 1519 952 1572 τοῦ
989 1517 1406 1588 οίκονσμοῦντος
1443 1515 1826 1586 πνευματικὴν
1854 1515 1970 1568 διά-

391 1631 595 1687 κρισιν.
631 1611 787 1666 Ἐπεὶ
817 1611 912 1664 καὶ
942 1611 1120 1664 πάντα
1147 1608 1418 1678 διακρίσει
1447 1607 1610 1680 θείων
1636 1605 1850 1677 ἀνδρῶν
1875 1607 1971 1658 καὶ

395 1704 670 1775 συμϐουλῇ
700 1703 807 1773 χρὴ
837 1704 1034 1756 ποιεῖν.
1068 1699 1222 1763 Τέως
1255 1699 1590 1771 ἀπαράϐατα
1621 1699 1796 1751 πᾶσιν
1828 1695 1971 1749 ἔστω

393 1770 478 1851 τὰ-
504 1770 922 1866 παραδεδομένα
969 1797 1036 1864 τῇ
1076 1770 1395 1864 Ἐκκλησία.
1449 1792 1558 1845 Kal
1606 1792 1816 1853 πάντας
1867 1789 1967 1858 μὲν
2002 1770 2042 1824 Β

392 1887 500 1960 Χρὴ
538 1889 897 1958 προστρέχειν
929 1888 1044 1948 τοῖς
1082 1885 1251 1947 θείοις
1287 1887 1434 1949 ναοῖς
1457 1924 1471 1950 ,
1505 1884 1581 1948 ὡς
1623 1882 1967 1953 καθιερωμέ-

392 1995 505 2041 νοις
537 1977 658 2046 Θεῷ
689 1979 784 2030 καὶ
817 1975 1129 2046 προσευχῆς
1159 1973 1310 2028 οὖσιν
1340 1974 1511 2038 οῖκοις
1532 2013 1549 2040 ,
1581 1977 1639 2026 ὲν
1668 1969 1749 2036 οἷς
1779 1975 1874 2029 καὶ
1901 1973 1968 2026 τὰ

393 2068 515 2122 θεῖα
545 2066 912 2135 Θνσιαστήρια
939 2065 1170 2134 δύναμιν
1201 2064 1395 2134 ἔχοντα
1426 2066 1649 2132 ἀνάγειν
1678 2065 1710 2134 ἡ
1721 2063 1838 2134 μῶν
1869 2065 1968 2126 τὰς

393 2159 706 2229 προσευχὰς
743 2157 820 2228 τῷ
859 2157 1001 2225 Θεῷ,
1044 2157 1149 2231 ἰδίᾳ
1187 2156 1242 2208 δὲ
1276 2157 1390 2218 τοῖς
1429 2156 1702 2226 μοναχοῖς.
1741 2156 1851 2210 Kal
1888 2154 1970 2208 ἔτι

391 2255 518 2318 τοὺς
558 2251 981 2323 ἀναχωροῦντας
1015 2250 1110 2305 καὶ
1155 2250 1529 2320 ἡσυχάζοντας
1575 2248 1634 2303 έν
1667 2266 1728 2302 τε
1763 2250 1970 2322 Κυρια-

394 2348 515 2409 καῖς
548 2347 908 2416 προστρέχειν
939 2345 1032 2398 καὶ
1065 2345 1312 2414 ἑορταῖς,
1351 2343 1438 2398 ἴνα
1471 2345 1567 2397 καὶ
1600 2343 1699 2412 τῆς
1731 2342 1838 2399 ἀπὸ
1871 2344 1970 2410 τῆς

395 2437 546 2500 θείας
578 2437 887 2506 ἱερουργίας
918 2435 1219 2505 μετέχωσιν
1243 2433 1534 2501 ὠφελείας,
1560 2435 1654 2487 καὶ
1683 2435 1968 2496 κοινωνίας

395 2530 654 2595 ἀξιῶνται
678 2529 787 2584 τῶν
819 2528 1135 2599 μυστηρίων
1162 2526 1250 2580 διὰ
1275 2527 1369 2579 τοῦ
1405 2527 1619 2595 ἱερέως,
1649 2526 1791 2580 καθὰ
1822 2525 1970 2579 νενό-

397 2637 610 2693 μισται,
643 2622 736 2673 καὶ
764 2620 860 2690 τὴν
892 2619 1174 2686 ὑποταγὴν
1204 2616 1388 2671 διδῶσι
1417 2620 1482 2690 τῇ
1519 2617 1837 2686 Ἐκκλησίᾳ,
1873 2619 1968 2671 καὶ

396 2712 472 2783 μὴ
504 2712 678 2783 οἰήσει
715 2712 1008 2780 νομίζωσιν
1044 2710 1184 2779 ὑπὲρ
1217 2709 1347 2771 τοὺς
1382 2711 1542 2774 ναοὺς
1580 2705 1718 2762 εῖναι
1753 2709 1820 2762 τὰ
1857 2710 1968 2762 ἴδιοι

391 2806 715 2873 καταγώγια
736 2843 750 2870 ,
791 2805 926 2874 μηδὲ
960 2803 1059 2866 τὰς
1096 2802 1413 2867 ίδιαζοὺσας
1445 2803 1752 2872 προσευχὰς
1787 2801 1970 2872 κρείτ-

389 2913 552 2958 τονας
592 2896 846 2964 ἡγεῖσθαι
877 2894 987 2949 τῶν
1019 2897 1170 2964 παρὰ
1199 2893 1300 2964 τῆς
1339 2893 1672 2964 Ἐκκλησίας
1710 2894 1969 2962 ένεργου-
2005 2894 2021 2918 ⁸

395 2988 596 3058 μένων.
631 2989 738 3042 Kal
764 2987 870 3055 γὰρ
903 2987 1110 3057 Πέτρον
1139 2985 1422 3056 ὠφέλησεν
1449 2987 1482 3058 ὴ
1512 2987 1611 3055 τῆς
1642 2985 1970 3054 Ἐκκλησίας
2010 3007 2015 3011 -

392 3080 694 3150 προσευχὴ.
725 3081 838 3132 Kal
869 3077 1082 3141 Παῦλος
1114 3078 1283 3150 αὐτὴν
1312 3078 1570 3142 αἰτεῖται,
1605 3094 1623 3127 ι
1663 3075 1969 3146 Προσεύχε-
1997 3096 2044 3155 ε

395 3171 512 3236 σθε,
531 3171 724 3240 λέγων,
743 3171 884 3240 ὑπὲρ
901 3171 1079 3241 ἡμῶν,
1094 3191 1113 3224 ι
1135 3169 1270 3239 Kal,
1289 3188 1308 3222 ι
1336 3168 1860 3240 Συνυπουργούντων
1881 3171 1972 3221 καὶ

393 3265 545 3334 ὑμῶν
565 3265 704 3335 ὑπὲρ
725 3265 881 3334 ἡμῶν
905 3267 971 3335 τῇ
993 3265 1196 3334 δεήσει.
1219 3282 1237 3315 ι
1260 3264 1389 3328 Kal,
1412 3281 1430 3315 ι
1455 3263 1698 3332 Εὕχεσθε
1717 3261 1856 3330 ὑπὲρ
1875 3261 1970 3314 ἁλ-

391 3355 608 3426 λήλων.
648 3371 668 3406 ι
703 3353 945 3408 διδάσκει
977 3355 1004 3407 ὀ
1040 3352 1415 3421 ’Δδελφόθεοςέ
1453 3371 1472 3404 ι
1509 3352 1620 3406 Kal
1652 3351 1740 3404 ἵνα
1770 3349 1970 3421 ὁμοθυ-

397 3443 563 3514 μαδὸν
587 3445 644 3497 ὲν
670 3445 750 3498 ἐνὶ
777 3445 1048 3514 πνεύματι
1073 3443 1334 3513 δοξάζητε
1351 3443 1444 3497 τὸν
1469 3442 1604 3495 Θεὸν
1627 3441 1723 3495 καὶ
1749 3440 1974 3511 Πατέρα

393 3537 488 3593 τοῦ
527 3537 735 3609 Κυρίου
774 3539 931 3608 ἡμῶν
966 3535 1142 3608 Ἰησοῦ
1179 3533 1454 3608 Χριστοῦ,
1497 3555 1518 3589 ι
1556 3535 1691 3604 φησὶ
1731 3534 1966 3598 Παῦλος.

2067 511 2431 575 manducetis.
2493 511 2610 570 sive
2658 511 2864 577 bibitis,
2909 511 3024 568 sive
3066 509 3211 566 aliud
3243 510 3375 578 quid
3434 510 3637 577 facitis,

2065 603 2245 659 omnia
2317 603 2370 658 in
2429 604 2655 673 gloriam
2728 603 2821 660 Dei
2856 603 3022 661 facite
3048 607 3133 660 ⁸.»
3201 603 3270 658 Et
3322 603 3638 660 Dominus:

2071 713 2090 747 ι
2119 695 2353 763 Vigilate
2381 710 2534 764 ergo,
2555 696 2702 750 omni
2729 704 2970 763 tempore
2988 701 3210 750 orantes
3232 694 3273 757 ³,
3303 712 3322 747 t
3349 693 3410 747 Et
3435 694 3640 749 David:

2070 806 2088 840 ι
2115 785 2440 845 Benedic‘am
2472 790 2764 850 Dominum
2795 791 2848 846 in
2873 790 3024 846 omni
3051 797 3295 860 temporc
3331 788 3376 842 ⁸.
3402 807 3421 840 ι
3466 789 3642 843 Caete-

2067 893 2186 933 rum
2211 893 2372 934 omne
2421 891 2634 950 tempus
2683 881 2816 937 utile
2846 882 2912 935 ad
2946 881 3212 936 orandum
3261 899 3274 936 :
3333 887 3387 934 et
3431 879 3640 933 nullum

2074 970 2338 1027 debemus
2390 973 2460 1027 ab
2487 973 2737 1029 oratione
2788 987 2991 1042 expers
3012 967 3206 1028 terere.
3237 971 3419 1038 Quare
3470 985 3646 1040 neque

2064 1063 2119 1118 in
2155 1065 2263 1128 via,
2314 1054 2512 1134 neque
2540 1067 2596 1120 in
2655 1081 2865 1132 mensa,
2901 1081 3082 1134 neque
3119 1069 3176 1121 in
3207 1065 3429 1126 lectulo,
3470 1047 3673 1152 neque;

2067 1157 2121 1210 in
2143 1156 2352 1223 labore,
2378 1173 2554 1228 neque
2583 1157 2727 1216 inter
2750 1159 3045 1228 colloquia,
3084 1173 3260 1227 neque
3289 1158 3346 1212 in
3374 1156 3482 1212 alio
3509 1153 3665 1226 quo-'

2065 1245 2150 1302 vis
2178 1257 2442 1316 tempore,
2473 1248 2540 1303 ab
2593 1250 2844 1303 oratione
2872 1249 3103 1303 deﬁcere
3135 1258 3372 1318 oportet.
3406 1249 3650 1303 Psallere

2067 1346 2245 1392 autem
2293 1339 2518 1406 stando,
2579 1340 2662 1394 vel
2691 1339 2952 1406 sedendo,
2977 1341 3062 1395 vel
3088 1341 3190 1395 sub
3230 1355 3529 1410 vesperam,
3563 1339 3649 1393 vel

2069 1445 2228 1485 mane
2259 1447 2272 1484 :
2310 1432 2409 1485 hoc
2458 1432 2614 1500 juxta
2646 1447 2852 1486 morem
2887 1434 3155 1502 cujusque
3201 1431 3644 1487 constituendum

2068 1508 2150 1578 vel
2191 1538 2288 1593 pro
2312 1525 2519 1592 viribus
2565 1524 2835 1592 corporis.
2885 1531 2937 1579 et
2968 1525 3148 1580 habita
3177 1527 3387 1579 ratione
3417 1523 3646 1578 inﬁrmi-

2071 1618 2223 1683 tatis,
2250 1626 2302 1672 ct
2332 1627 2494 1684 prout
2515 1618 2840 1686 iudicaverit
2876 1617 2968 1686 qui
3001 1617 3361 1687 spiritualiter
3392 1625 3591 1686 praeest
3627 1633 3644 1669 :

2073 1707 2200 1776 quia
2227 1708 2433 1776 absque
2449 1708 2660 1774 judicio
2697 1717 2753 1762 et
2796 1709 3036 1764 consilio
3057 1719 3372 1764 sanctorum
3403 1708 3645 1763 virorum

2072 1798 2209 1853 nihil
2247 1797 2554 1852 faciendum
2585 1809 2690 1854 est.
2724 1797 2829 1854 Sed
2884 1809 3013 1856 ante
3038 1801 3222 1856 omnia
3262 1801 3393 1855 nulli
3428 1810 3654 1870 praeter-

2072 1889 2332 1942 mittenda
2397 1883 2522 1942 sunt
2568 1905 2688 1959 qnze
2723 1889 2921 1944 tradita
2955 1901 3010 1946 et
3067 1893 3370 1948 constituta
3423 1900 3550 1946 sunt
3579 1893 3647 1947 ab

2070 1977 2339 2034 Ecclesia.
2385 1978 2588 2034 Omnes
2642 1995 2775 2050 ergo
2807 1981 2876 2035 ad
2904 1991 3097 2038 sancta
3126 1982 3325 2052 templa
3357 1995 3651 2052 properare

2070 2073 2290 2136 debent,
2318 2073 2446 2140 quia
2505 2071 2616 2143 Deo
2657 2083 2973 2129 consecrata
3022 2081 3077 2130 et
3135 2077 3333 2131 domus
3387 2076 3650 2131 orationis

2072 2162 2212 2216 facta
2259 2170 2427 2216 sunt:
2457 2161 2510 2216 in
2579 2163 2686 2218 illis
2759 2163 2987 2233 insuper
3011 2178 3165 2220 sacra
3206 2172 3334 2220 sunt
3399 2164 3589 2219 altaria
3619 2178 3648 2216 a

2071 2257 2270 2325 quibus
2302 2267 2355 2312 et
2388 2257 2662 2314 orationes
2721 2267 2922 2314 nostra:
2970 2260 3076 2314 vim
3119 2268 3438 2316 mutuantur
3490 2267 3551 2315 ut
3579 2261 3648 2316 ad

2071 2347 2239 2401 Deum
2290 2348 2569 2413 ferantur;
2631 2350 2867 2404 maxime
2899 2350 3210 2406 “monachis
3255 2351 3360 2405 hoc
3417 2349 3650 2418 speciale

2073 2452 2272 2492 munus
2305 2439 2430 2492 erit.
2458 2439 2631 2492 Etiam
2655 2440 3041 2496 anachoretice
3072 2439 3316 2507 viventes
3340 2448 3394 2494 et
3423 2440 3660 2496 silentes.

2073 2529 2139 2583 ad
2199 2531 2398 2598 templa
2455 2531 2748 2585 convenire
2804 2531 3008 2586 debent
3059 2532 3572 2588 diebusDominicis
3597 2543 3651 2589 et

2074 2619 2228 2674 festis
2258 2632 2315 2674 ut
2344 2637 2550 2690 partem
2607 2623 2846 2676 habeant
2868 2622 3145 2676 fructuum
3187 2623 3521 2679 sanctissimi
3559 2639 3652 2678 sa-

2073 2711 2287 2773 criﬁcii,
2351 2722 2403 2763 et
2463 2713 2758 2781 dignentur
2819 2713 3230 2768 communicare
3283 2716 3560 2784 mysteriis
3585 2715 3654 2770 de

2073 2817 2236 2855 manu
2286 2802 2612 2868 sacerdotis,
2685 2811 2748 2854 ut
2785 2804 3160 2872 praescriptum
3211 2813 3316 2870 est,
3339 2814 3390 2859 et
3417 2806 3496 2861 sic
3526 2807 3654 2861 obe-

2073 2893 2219 2945 diant
2265 2892 2549 2960 Ecrlcsias;
2605 2910 2703 2948 nec
2758 2911 2922 2962 porro
2953 2910 3121 2964 super
3174 2898 3369 2966 templa
3393 2913 3516 2954 esse
3556 2912 3649 2954 eo.-

2077 2997 2195 3036 rum
2234 2985 2441 3051 privata
2464 2985 2696 3052 hospitia
2720 2988 3012 3052 aestiment,
3048 3001 3224 3056 neque
3272 3005 3403 3045 suas
3462 2991 3651 3061 singu-

2079 3077 2219 3129 lares
2252 3084 2310 3129 et
2341 3077 2584 3142 privatas
2615 3092 2806 3145 preces
2853 3077 3185 3136 efﬁcaciores
3241 3097 3365 3138 esse
3405 3082 3650 3151 judicent

2083 3167 2338 3237 precibus
2387 3183 2507 3236 qua:
2574 3171 2788 3237 publice
2850 3180 2906 3225 et
2962 3173 3280 3229 solemniter
3311 3178 3376 3228 ab
3408 3176 3653 3230 Ecclesia

2080 3262 2236 3333 tilunt.
2269 3259 2488 3312 Petrum
2520 3259 2768 3314 liberavit
2802 3261 3056 3316 Ecclesiae
3087 3267 3264 3318 oratio
3297 3267 3338 3330 ⁸,
3366 3277 3419 3320 et
3451 3265 3654 3325 Paulus

2074 3351 2224 3404 illam
2253 3349 2532 3404 humiliter
2553 3351 2807 3419 implorat
2827 3353 3047 3408 dicens:
3073 3354 3265 3410 «Orate
3286 3372 3384 3424 pro
3405 3358 3651 3415 nobis.‘s

2078 3441 2144 3496 Et
2174 3461 2187 3497 :
2224 3461 2242 3494 ι
2272 3443 2676 3511 Adjuvantibus
2732 3452 2787 3498 et
2831 3445 2984 3502 vobis
3040 3448 3100 3504 in
3152 3451 3401 3504 oratione
3437 3467 3536 3520 pro
3560 3467 3657 3527 nn-

2082 3533 2163 3588 bis
2195 3532 2235 3589 ".
2267 3552 2285 3585 ι
2321 3534 2386 3588 Ει
2414 3534 2572 3589 docet
2601 3534 2792 3590 Frater
2829 3534 3045 3591 Domini
3080 3554 3096 3592 :
3153 3557 3170 3590 ι
3203 3538 3366 3597 Orate
3393 3556 3490 3610 pro
3514 3541 3655 3596 invi-

395 3633 552 3690 cem“
578 3653 625 3688 ι.
660 3633 724 3690 Et
769 3634 918 3688 addit
986 3632 1231 3688 Paulus:
1269 3649 1288 3682 ι
1316 3631 1389 3688 Ut
1447 3631 1742 3686 unanimus
1775 3629 1829 3684 in
1858 3644 1968 3685 uno
2010 3627 2218 3698 Spiritu
2255 3627 2352 3698 (al.
2389 3644 2497 3683 uno
2561 3628 2676 3696 ore)
2723 3628 3097 3718 honorificetis
3117 3632 3284 3686 Deum
3337 3641 3390 3687 et
3435 3633 3650 3690 Patrem

395 3727 611 3784 Domini
640 3731 812 3784 nostri
832 3727 960 3783 Jesu
998 3725 1205 3781 Christi
1225 3726 1271 3777 ³.
1301 3742 1319 3775 ο

823 3817 983 3888 357
1044 3815 1382 3869 EPnTHzts
1413 3813 1532 3868 El".

643 3934 712 3986 El
749 3930 842 3984 δεῖ
873 3929 1238 3998 ἐργοχειρεῒν
1282 3929 1382 3981 καί
1430 3929 1718 3996 ψάλλειν.

465 4087 576 4141 Kal
619 4085 681 4139 τὸ
713 4085 960 4153 ἐνεργεῖν
985 4085 1044 4137 δὲ
1072 4085 1408 4154 ἐργόχειρον,
1429 4085 1526 4136 καὶ
1564 4083 1973 4153 προσεύχεσθαι

395 4181 557 4251 ἔργον
586 4175 843 4246 μοναχοῦ.
879 4174 1056 4240 Ἐπεὶ,
1090 4193 1109 4226 ι
1146 4174 1550 4245 Ἀδιαλείπτως,
1581 4178 1714 4246 φησὶ
1742 4175 1969 4241 Παῦλος,

395 4269 787 4344 προσεύχεσθε.
815 4287 832 4319 ι
863 4267 996 4331 Kal,
1019 4266 1196 4322 «Ὅσα
1213 4269 1280 4323 ἂν
1293 4273 1508 4341 ποιῆτε,
1525 4272 1702 4325 πάντα
1723 4273 1800 4330 εἰς
1817 4269 1974 4334 δόξαν

2572 3805 2897 3870 ΩΠᾹΞΞΤΙΟ
2939 3808 3123 3862 LXIII.

2080 3921 2223 3976 Num
2261 3922 2420 3976 simul
2453 3923 2695 3975 manibus
2726 3924 2934 4045 egerart’
2961 3931 3012 3978 el
3042 3923 3275 3990 psallere
3309 3927 3417 3980 sive
3445 3932 3656 3995 precari

2794 4002 2968 4045 coeat.

2794 4002 2968 4046 εοεαε.

2154 4083 2404 4139 Manibus
2434 4084 2646 4151 operari
2679 4089 2732 4138 et
2766 4097 2926 4138 orare
2958 4083 3140 4151 simul,
3174 4083 3276 4140 hoc
3298 4100 3436 4154 opus
3467 4102 3656 4142 mona-

2081 4175 2193 4239 chi,
2229 4190 2350 4227 cum
2383 4174 2587 4228 Paulus
2606 4175 2790 4229 dicat:
2826 4193 2844 4227 ι
2866 4173 2997 4230 Sine
3018 4176 3419 4231 intermissione
3436 4189 3650 4244 orate,»

2081 4276 2184 4320 et:
2233 4284 2250 4316 ι
2282 4264 2634 4335 Quaecunque
2704 4267 2880 4322 facitis
2941 4268 3124 4322 omnia
3178 4269 3229 4321 in
3283 4269 3508 4337 gloriam
3554 4271 3650 4324 Dei

396 4365 534 4419 Θεοῦ
564 4364 771 4416 ποιεῖτε
795 4377 810 4394 ο
840 4381 860 4416 ι
891 4362 924 4432 ἡ
959 4361 1068 4430 γὰρ
1101 4365 1379 4434 προσευχὴ
1411 4367 1610 4427 παντὸς
1629 4365 1792 4435 ἔργου
1825 4345 1969 4416 om;

2080 4356 2311 4412 facile.»
2383 4358 2597 4412 Etenim
2653 4359 2830 4414 oratio
2892 4371 3052 4426 caput.
3113 4371 3197 4415 est
3261 4363 3440 4416 omnis
3479 4367 3652 4418 sancti

395 4457 729 4526 κεφάλαιονο
771 4455 866 4508 καὶ
1095 4423 1235 4525 μδνη
1273 4423 1458 4525 ήηέεῷ
1494 4423 1826 4510 ἐνοῦσα-τὸν
1875 4457 1971 4510 ἄν·

2079 4451 2290 4519 θροιίε,
2326 4466 2447 4520 (ιυαὲ
2469 4452 2583 4506 sola
2637 4451 2745 4506 Deo
2776 4423 3050 4505 hominem
3078 4452 3378 4521 coniungit.
3421 4455 3647 4522 Diligen-

398 4547 639 4614 Ορωπον.
673 4547 800 4607 Τοῖς
828 4539 923 4599 οῦν
953 4544 1376 4615 ἀκριϐεστέροις
1405 4547 1513 4600 τῶν
1553 4548 1808 4618 μοναχῶν
1831 4547 1969 4620 αὕτη

2073 4544 2304 4598 tioribus
2356 4542 2486 4614 ergo
2541 4544 2704 4599 ollicii
2745 4546 2830 4599 sui
2877 4545 3162 4598 monachis
3218 4545 3333 4600 hac
3375 4545 3656 4616 solajugis

401 4639 538 4708 μόνη
604 4639 841 4708 ἐργασία
894 4637 1174 4710 διηνεκὴς,
1233 4639 1329 4700 καὶ
1386 4639 1542 4693 οὐδὲν
1605 4640 1737 4696 ἄλλο
1789 4640 1970 4711 ἔργον.

2072 4637 2382 4706 occupatio,
2420 4647 2473 4691 et
2504 4636 2689 4691 nullus
2719 4635 2862 4690 alius
2895 4636 3071 4690 labor.
3103 4635 3269 4690 Multa
3301 4637 3368 4690 tle
3400 4638 3650 4692 oratione
3688 4673 3698 4721 γ

398 4730 659 4790 Πλεῖστος
714 4728 770 4780 δὲ
820 4729 850 4782 ὁ
903 4729 1035 4798 περὶ
1093 4729 1194 4800 τῆς
1264 4731 1578 4802 προσευχῆς
1645 4732 1824 4801 λόγος,
1879 4733 1972 4784 καὶ

2073 4727 2322 4794 dicenda,
2386 4744 2508 4798 qua:
2535 4729 2580 4784 si
2613 4742 2642 4781 a
2704 4729 2912 4782 sanctis
2963 4737 3283 4796 querantur
3337 4735 3392 4781 et
3441 4728 3509 4780 ab
3567 4727 3697 4787 eisi

398 4819 666 4884 ἐξετάζων
698 4818 851 4888 παρὰ
875 4820 989 4880 τοῖς
1032 4819 1212 4887 ἁγίοις
1249 4837 1440 4875 τουτον
1485 4822 1580 4874 καὶ
1617 4825 1728 4885 τοῖς
1775 4824 1972 4892 πεῖραν

2073 4819 2163 4889 qui
2181 4821 2301 4890 ejus
2330 4818 2720 4885 experientiam
2741 4817 2964 4884 habent,
2996 4818 3345 4873 invenientur
3364 4817 3651 4873 etdiscen-

396 4908 600 4979 ταύτης
629 4906 1132 4994 έχουσινθεὺρήσεις
1158 4925 1219 4961 τε
1248 4914 1343 4962 καὶ
1376 4913 1622 4982 μαθήσῃ.

956 4999 1297 5054 ΕΡΩΤΗΣΙΣ
1325 4997 1420 5052 ΞΔ¹

470 5111 610 5182 Περὶ
641 5110 760 5166 τῶν
787 5111 939 5166 ἑπτὰ
973 5113 1227 5180 αἰώνων,
1273 5113 1372 5167 καὶ
1408 5115 1554 5168 πότε
1601 5117 1665 5169 τὸ
1703 5116 1900 5182 τέλος.

473 5269 570 5331 Τὸ,
602 5286 620 5319 ι
660 5269 758 5330 Δὸς
814 5268 1009 5339 μερίδα
1049 5269 1161 5331 τοῖς
1189 5269 1352 5336 ἑπτὰ,
1385 5270 1476 5323 καί
1507 5287 1570 5339 γε
1596 5272 1710 5333 τοῖς
1740 5271 1909 5339 ὀκτὼ,
1944 5291 1970 5324 θ

405 5360 532 5428 περὶ
570 5357 665 5411 τοῦ
702 5359 996 5428 ,μέλλοντος
1027 5359 1223 5421 αἰῶνος
1247 5361 1458 5414 νοοῦσιν
1483 5361 1532 5414 οί
1560 5361 1728 5428 ἅγιοι,
1759 5362 1836 5425 ὡς
1881 5363 1976 5416 καὶ

403 5453 433 5504 ὁ
459 5449 720 5520 Θεολόγος
765 5451 1088 5521 Γρηγόριος.
1135 5450 1311 5504 Ἑπτὰ
1343 5451 1443 5522 μὲν
1471 5455 1564 5505 τὸν
1591 5452 1974 5522 ὲὸδοματιαῖον

482 5647 622 5702 ³⁸⁸⁸1
652 5648 846 5706 Thess.
871 5667 924 5715 v.
963 5653 1052 5716 16,
1079 5655 1164 5708 1⁸7.

411 5733 464 5785 v,
502 5716 593 5774 25.
694 5720 713 5751 ⁷
739 5721 785 5775 ll
806 5722 933 5777 Cor.
965 5739 1001 5791 ι,
1032 5725 1117 5779 ll.
1220 5723 1376 5780 “Jac.
1412 5723 1577 5795 v,_lti.

2085 4919 2194 4965 tur.

2601 4997 2920 5064 QUIESTlO
2955 4999 3138 5056 LXIV.

2082 5111 2159 5166 De
2179 5121 2376 5180 septem
2399 5111 2644 5165 aetatibus
2664 5113 2770 5166 sive
2784 5113 3138 5250 [tientpyoribug
3161 5121 3211 5167 et
3233 5116 3444 5180 quando
3467 5114 3655 5169 horum

2825 5199 2904 5236 ms

2825 5199 2904 5236 ιιιε
2925 5199 2950 5236 1
3667 5230 3670 5236 .

2149 5272 2302 5338 Quod
2320 5273 2553 5327 dicitur:
2581 5291 2599 5324 ι
2628 5272 2704 5328 Da
2731 5283 2936 5343 partem
2956 5274 3062 5330 illis
3086 5283 3314 5343 septem,
3338 5283 3433 5328 aut
3453 5276 3650 5329 saltem

2083 5362 2189 5417 illis
2215 5371 2396 5426 octo,»
2425 5364 2598 5418 sancti
2632 5365 2924 5434 epinantur
2949 5365 3151 5419 dictum
3185 5365 3253 5419 de
3280 5365 3460 5420 futuro
3484 5379 3658 5419 sarcu-

2084 5455 2178 5521 lo;
2238 5455 2313 5509 ita
2366 5453 2663 5525 Gregorius
2712 5455 3043 5526 Theologus.
3098 5454 3422 5526 Septenario
3463 5455 3656 5512 dicunt

1263 5656 1283 5685 ²
1322 5653 1478 5706 lCor.
1519 5669 1572 5716 ιι,
1606 5653 1693 5710 51.
1774 5654 1795 5685 ⁸
1829 5653 1964 5709 Luc.

1263 5723 1376 5780 Jac.
1412 5723 1577 5780 v.16.
1689 5724 1708 5754 ⁹
1738 5721 1898 5780 Rom.
1927 5740 1974 5778 xi

2073 5670 2120 5739 δι.
2151 5656 2240 5712 56.
2320 5656 2341 5688 ⁸
2372 5657 2494 5711 Psal
2542 5672 2738 5712 xum.
2775 5658 2826 5712 1.
2903 5657 3057 5712 'Act.
3091 5674 3189 5726 ιιι,
3221 5658 3275 5715 5.
3353 5659 3373 5689 ⁸
3403 5655 3427 5712 ι
3453 5657 3645 5718 Thess.

2073 5742 2106 5780 lo

1887 5763 2015 5792 .-η
2051 5763 2106 5781 ν.
