  <div class='ocr_page' id='page_1' title='image "/cluster/home/n/w/nwhite01/storage/ocr_20150623/155/mdp.39015022213998/467.png"; bbox 0 0 4060 6282; ppageno 0'>
   <div class='ocr_carea' id='block_1_1' title="bbox 489 303 603 370">
    <p class='ocr_par' dir='ltr' id='par_1_1' title="bbox 489 303 603 370">
     <span class='ocr_line' id='line_1_1' title="bbox 489 303 603 370; baseline 0.018 -2"><span class='ocrx_word' id='word_1_1' title='bbox 489 303 603 370; x_wconf 79' lang='lat'><strong>919</strong></span> 
     </span>
    </p>
   </div>
   <div class='ocr_carea' id='block_1_2' title="bbox 1269 311 2838 388">
    <p class='ocr_par' dir='ltr' id='par_1_2' title="bbox 1269 311 2838 388">
     <span class='ocr_line' id='line_1_2' title="bbox 1269 311 2838 388; baseline 0.01 -16"><span class='ocrx_word' id='word_1_2' title='bbox 1269 311 1658 376; x_wconf 77' lang='lat' dir='ltr'><strong>SYMEONIS</strong></span> <span class='ocrx_word' id='word_1_3' title='bbox 1695 311 2445 384; x_wconf 75' lang='lat' dir='ltr'><strong>THESSALONICENSIS</strong></span> <span class='ocrx_word' id='word_1_4' title='bbox 2482 322 2838 388; x_wconf 70' lang='lat' dir='ltr'><strong>ARCHIEP.</strong></span> 
     </span>
    </p>
   </div>
   <div class='ocr_carea' id='block_1_3' title="bbox 3631 323 3737 386">
    <p class='ocr_par' dir='ltr' id='par_1_3' title="bbox 3631 323 3737 386">
     <span class='ocr_line' id='line_1_3' title="bbox 3631 323 3737 386; baseline 0 0"><span class='ocrx_word' id='word_1_5' title='bbox 3631 323 3737 386; x_wconf 80' lang='lat'><strong>920</strong></span> 
     </span>
    </p>
   </div>
   <div class='ocr_carea' id='block_1_4' title="bbox 484 391 2067 505">
    <p class='ocr_par' dir='ltr' id='par_1_4' title="bbox 484 417 2066 489">
     <span class='ocr_line' id='line_1_4' title="bbox 484 417 2066 489; baseline 0.004 -13"><span class='ocrx_word' id='word_1_6' title='bbox 484 417 719 476; x_wconf 85' lang='lat' dir='ltr'><strong>indicari</strong></span> <span class='ocrx_word' id='word_1_7' title='bbox 777 417 1067 489; x_wconf 75' lang='lat' dir='ltr'><strong>quemdam</strong></span> <span class='ocrx_word' id='word_1_8' title='bbox 1117 420 1186 477; x_wconf 84' lang='lat' dir='ltr'><strong>ad</strong></span> <span class='ocrx_word' id='word_1_9' title='bbox 1224 421 1402 480; x_wconf 84' lang='lat' dir='ltr'><strong>instar</strong></span> <span class='ocrx_word' id='word_1_10' title='bbox 1455 423 1818 483; x_wconf 82' lang='lat' dir='ltr'><strong>hebdomadis</strong></span> <span class='ocrx_word' id='word_1_11' title='bbox 1851 428 2066 483; x_wconf 89' lang='lat' dir='ltr'><strong>dierum</strong></span> 
     </span>
    </p>
   </div>
   <div class='ocr_carea' id='block_1_5' title="bbox 2148 391 3729 505">
    <p class='ocr_par' dir='ltr' id='par_1_5' title="bbox 2168 391 3729 505">
     <span class='ocr_line' id='line_1_5' title="bbox 2168 391 3729 505; baseline 0.001 -21"><span class='ocrx_word' id='word_1_12' title='bbox 2168 430 2360 486; x_wconf 89' lang='grc' dir='ltr'><strong>τοῦτον</strong></span> <span class='ocrx_word' id='word_1_13' title='bbox 2387 431 2640 500; x_wconf 81' lang='grc' dir='ltr'><strong>λέγοντες</strong></span> <span class='ocrx_word' id='word_1_14' title='bbox 2697 435 2892 505; x_wconf 82' lang='grc' dir='ltr'><strong>χρόνον</strong></span> <span class='ocrx_word' id='word_1_15' title='bbox 2913 450 2927 464; x_wconf 89' lang='grc'><strong>·</strong></span> <span class='ocrx_word' id='word_1_16' title='bbox 2971 391 3157 502; x_wconf 75' lang='grc' dir='ltr'><strong>ὄγδοον</strong></span> <span class='ocrx_word' id='word_1_17' title='bbox 3204 433 3263 487; x_wconf 80' lang='grc' dir='ltr'><strong>δὲ</strong></span> <span class='ocrx_word' id='word_1_18' title='bbox 3303 433 3400 488; x_wconf 73' lang='grc' dir='ltr'><strong>τὸν</strong></span> <span class='ocrx_word' id='word_1_19' title='bbox 3441 430 3729 503; x_wconf 67' lang='grc' dir='ltr'><strong>μέλλοντα,</strong></span> 
     </span>
    </p>
   </div>
   <div class='ocr_carea' id='block_1_6' title="bbox 483 508 2058 585">
    <p class='ocr_par' dir='ltr' id='par_1_6' title="bbox 483 508 2058 585">
     <span class='ocr_line' id='line_1_6' title="bbox 483 508 2058 585; baseline 0.007 -21"><span class='ocrx_word' id='word_1_20' title='bbox 483 508 774 566; x_wconf 77' lang='lat' dir='ltr'><strong>circulum.</strong></span> <span class='ocrx_word' id='word_1_21' title='bbox 806 510 876 566; x_wconf 89' lang='lat' dir='ltr'><strong>Et</strong></span> <span class='ocrx_word' id='word_1_22' title='bbox 902 513 1186 570; x_wconf 88' lang='lat' dir='ltr'><strong>octonario</strong></span> <span class='ocrx_word' id='word_1_23' title='bbox 1217 513 1516 585; x_wconf 79' lang='lat' dir='ltr'><strong>signiﬁcari</strong></span> <span class='ocrx_word' id='word_1_24' title='bbox 1559 518 1768 574; x_wconf 86' lang='lat' dir='ltr'><strong>.volunt</strong></span> <span class='ocrx_word' id='word_1_25' title='bbox 1795 518 2058 575; x_wconf 67' lang='lat' dir='ltr'><strong>saeculum</strong></span> 
     </span>
    </p>
   </div>
   <div class='ocr_carea' id='block_1_7' title="bbox 482 595 2056 674">
    <p class='ocr_par' dir='ltr' id='par_1_7' title="bbox 482 595 2056 674">
     <span class='ocr_line' id='line_1_7' title="bbox 482 595 2056 674; baseline 0.006 -22"><span class='ocrx_word' id='word_1_26' title='bbox 482 595 754 666; x_wconf 77' lang='lat' dir='ltr'><strong>futurum,</strong></span> <span class='ocrx_word' id='word_1_27' title='bbox 781 609 968 670; x_wconf 91' lang='lat' dir='ltr'><strong>utpote</strong></span> <span class='ocrx_word' id='word_1_28' title='bbox 987 602 1147 657; x_wconf 85' lang='lat' dir='ltr'><strong>ﬁnem</strong></span> <span class='ocrx_word' id='word_1_29' title='bbox 1173 618 1281 660; x_wconf 87' lang='lat' dir='ltr'><strong>non</strong></span> <span class='ocrx_word' id='word_1_30' title='bbox 1301 605 1636 662; x_wconf 87' lang='lat' dir='ltr'><strong>habiturum.</strong></span> <span class='ocrx_word' id='word_1_31' title='bbox 1667 605 2056 674; x_wconf 83' lang='lat' dir='ltr'><strong>Quamobrem,</strong></span> 
     </span>
    </p>
   </div>
   <div class='ocr_carea' id='block_1_8' title="bbox 485 689 2056 770">
    <p class='ocr_par' dir='ltr' id='par_1_8' title="bbox 485 689 2056 770">
     <span class='ocr_line' id='line_1_8' title="bbox 485 689 2056 770; baseline 0.007 -26"><span class='ocrx_word' id='word_1_32' title='bbox 485 689 694 757; x_wconf 87' lang='lat' dir='ltr'><strong>dicunt,</strong></span> <span class='ocrx_word' id='word_1_33' title='bbox 733 691 944 764; x_wconf 84' lang='lat' dir='ltr'><strong>Moyses</strong></span> <span class='ocrx_word' id='word_1_34' title='bbox 975 696 1205 764; x_wconf 74' lang='lat' dir='ltr'><strong>primani</strong></span> <span class='ocrx_word' id='word_1_35' title='bbox 1262 695 1404 753; x_wconf 90' lang='lat' dir='ltr'><strong>diem</strong></span> <span class='ocrx_word' id='word_1_36' title='bbox 1455 698 1671 754; x_wconf 82' lang='lat' dir='ltr'><strong>vocavit</strong></span> <span class='ocrx_word' id='word_1_37' title='bbox 1720 715 1906 767; x_wconf 85' lang='lat' dir='ltr'><strong>unam,</strong></span> <span class='ocrx_word' id='word_1_38' title='bbox 1929 699 2056 770; x_wconf 90' lang='lat' dir='ltr'><strong>quia</strong></span> 
     </span>
    </p>
   </div>
   <div class='ocr_carea' id='block_1_9' title="bbox 481 776 2060 860">
    <p class='ocr_par' dir='ltr' id='par_1_9' title="bbox 481 776 2060 860">
     <span class='ocr_line' id='line_1_9' title="bbox 481 776 2060 860; baseline 0.009 -26"><span class='ocrx_word' id='word_1_39' title='bbox 481 784 657 852; x_wconf 78' lang='lat' dir='ltr'><strong>prima</strong></span> <span class='ocrx_word' id='word_1_40' title='bbox 686 795 768 840; x_wconf 89' lang='lat' dir='ltr'><strong>est</strong></span> <span class='ocrx_word' id='word_1_41' title='bbox 792 787 947 856; x_wconf 88' lang='lat' dir='ltr'><strong>quasi</strong></span> <span class='ocrx_word' id='word_1_42' title='bbox 978 788 1032 842; x_wconf 93' lang='lat' dir='ltr'><strong>in</strong></span> <span class='ocrx_word' id='word_1_43' title='bbox 1069 789 1248 860; x_wconf 90' lang='lat' dir='ltr'><strong>capite</strong></span> <span class='ocrx_word' id='word_1_44' title='bbox 1275 789 1651 860; x_wconf 83' lang='lat' dir='ltr'><strong>hebdomadis,</strong></span> <span class='ocrx_word' id='word_1_45' title='bbox 1680 776 1889 850; x_wconf 74' lang='lat' dir='ltr'><strong>scilicet</strong></span> <span class='ocrx_word' id='word_1_46' title='bbox 1923 791 2060 849; x_wconf 60' lang='lat' dir='ltr'><strong>Sabc</strong></span> 
     </span>
    </p>
   </div>
   <div class='ocr_carea' id='block_1_10' title="bbox 483 876 2058 955">
    <p class='ocr_par' dir='ltr' id='par_1_10' title="bbox 483 876 2058 955">
     <span class='ocr_line' id='line_1_10' title="bbox 483 876 2058 955; baseline 0.006 -25"><span class='ocrx_word' id='word_1_47' title='bbox 483 876 692 932; x_wconf 85' lang='lat' dir='ltr'><strong>batum.</strong></span> <span class='ocrx_word' id='word_1_48' title='bbox 721 877 924 934; x_wconf 88' lang='lat' dir='ltr'><strong>Octava</strong></span> <span class='ocrx_word' id='word_1_49' title='bbox 949 895 1079 937; x_wconf 80' lang='lat' dir='ltr'><strong>vero</strong></span> <span class='ocrx_word' id='word_1_50' title='bbox 1107 891 1191 937; x_wconf 85' lang='lat' dir='ltr'><strong>est</strong></span> <span class='ocrx_word' id='word_1_51' title='bbox 1255 891 1380 954; x_wconf 88' lang='lat' dir='ltr'><strong>post</strong></span> <span class='ocrx_word' id='word_1_52' title='bbox 1399 883 1724 955; x_wconf 80' lang='lat' dir='ltr'><strong>completam</strong></span> <span class='ocrx_word' id='word_1_53' title='bbox 1759 883 2058 940; x_wconf 80' lang='lat' dir='ltr'><strong>hebdoma-</strong></span> 
     </span>
    </p>
   </div>
   <div class='ocr_carea' id='block_1_11' title="bbox 481 965 2054 1047">
    <p class='ocr_par' dir='ltr' id='par_1_11' title="bbox 481 965 2054 1047">
     <span class='ocr_line' id='line_1_11' title="bbox 481 965 2054 1047; baseline 0.008 -28"><span class='ocrx_word' id='word_1_54' title='bbox 481 965 630 1032; x_wconf 87' lang='lat' dir='ltr'><strong>dem,</strong></span> <span class='ocrx_word' id='word_1_55' title='bbox 693 969 747 1022; x_wconf 91' lang='lat' dir='ltr'><strong>in</strong></span> <span class='ocrx_word' id='word_1_56' title='bbox 809 986 916 1039; x_wconf 89' lang='lat' dir='ltr'><strong>qua</strong></span> <span class='ocrx_word' id='word_1_57' title='bbox 945 975 1252 1030; x_wconf 78' lang='lat' dir='ltr'><strong>resurrexit</strong></span> <span class='ocrx_word' id='word_1_58' title='bbox 1279 975 1569 1041; x_wconf 81' lang='lat' dir='ltr'><strong>Dominus,</strong></span> <span class='ocrx_word' id='word_1_59' title='bbox 1603 983 1659 1030; x_wconf 89' lang='lat' dir='ltr'><strong>et</strong></span> <span class='ocrx_word' id='word_1_60' title='bbox 1687 990 1810 1047; x_wconf 67' lang='lat' dir='ltr'><strong>quae</strong></span> <span class='ocrx_word' id='word_1_61' title='bbox 1837 975 1943 1032; x_wconf 89' lang='lat' dir='ltr'><strong>erit</strong></span> <span class='ocrx_word' id='word_1_62' title='bbox 1971 976 2054 1031; x_wconf 87' lang='lat' dir='ltr'><strong>ul-</strong></span> 
     </span>
    </p>
   </div>
   <div class='ocr_carea' id='block_1_12' title="bbox 480 1059 2052 1140">
    <p class='ocr_par' dir='ltr' id='par_1_12' title="bbox 480 1059 2052 1140">
     <span class='ocr_line' id='line_1_12' title="bbox 480 1059 2052 1140; baseline 0.007 -27"><span class='ocrx_word' id='word_1_63' title='bbox 480 1059 611 1113; x_wconf 85' lang='lat' dir='ltr'><strong>tima</strong></span> <span class='ocrx_word' id='word_1_64' title='bbox 642 1059 760 1116; x_wconf 87' lang='lat' dir='ltr'><strong>dies</strong></span> <span class='ocrx_word' id='word_1_65' title='bbox 796 1066 1218 1123; x_wconf 84' lang='lat' dir='ltr'><strong>resurrectionis</strong></span> <span class='ocrx_word' id='word_1_66' title='bbox 1256 1069 1525 1133; x_wconf 86' lang='lat' dir='ltr'><strong>omnium,</strong></span> <span class='ocrx_word' id='word_1_67' title='bbox 1573 1083 1682 1140; x_wconf 89' lang='lat' dir='ltr'><strong>qua</strong></span> <span class='ocrx_word' id='word_1_68' title='bbox 1711 1069 1895 1140; x_wconf 83' lang='lat' dir='ltr'><strong>elapsa</strong></span> <span class='ocrx_word' id='word_1_69' title='bbox 1943 1083 2052 1124; x_wconf 89' lang='lat' dir='ltr'><strong>non</strong></span> 
     </span>
    </p>
   </div>
   <div class='ocr_carea' id='block_1_13' title="bbox 473 1149 1556 1228">
    <p class='ocr_par' dir='ltr' id='par_1_13' title="bbox 473 1149 1556 1228">
     <span class='ocr_line' id='line_1_13' title="bbox 473 1149 1556 1228; baseline 0.009 -24"><span class='ocrx_word' id='word_1_70' title='bbox 473 1150 584 1219; x_wconf 86' lang='lat' dir='ltr'><strong>jam</strong></span> <span class='ocrx_word' id='word_1_71' title='bbox 606 1149 711 1205; x_wconf 89' lang='lat' dir='ltr'><strong>erit</strong></span> <span class='ocrx_word' id='word_1_72' title='bbox 737 1167 870 1221; x_wconf 79' lang='lat' dir='ltr'><strong>nox,</strong></span> <span class='ocrx_word' id='word_1_73' title='bbox 890 1154 985 1210; x_wconf 88' lang='lat' dir='ltr'><strong>sed</strong></span> <span class='ocrx_word' id='word_1_74' title='bbox 1009 1172 1113 1210; x_wconf 84' lang='lat' dir='ltr'><strong>una</strong></span> <span class='ocrx_word' id='word_1_75' title='bbox 1144 1158 1249 1212; x_wconf 89' lang='lat' dir='ltr'><strong>erit</strong></span> <span class='ocrx_word' id='word_1_76' title='bbox 1275 1159 1391 1228; x_wconf 91' lang='lat' dir='ltr'><strong>ipsa</strong></span> <span class='ocrx_word' id='word_1_77' title='bbox 1418 1159 1556 1216; x_wconf 89' lang='lat' dir='ltr'><strong>dies.</strong></span> 
     </span>
    </p>
   </div>
   <div class='ocr_carea' id='block_1_14' title="bbox 1000 1247 1522 1314">
    <p class='ocr_par' dir='ltr' id='par_1_14' title="bbox 1000 1247 1522 1314">
     <span class='ocr_line' id='line_1_14' title="bbox 1000 1247 1522 1314; baseline 0.008 -11"><span class='ocrx_word' id='word_1_78' title='bbox 1000 1247 1323 1314; x_wconf 61' lang='lat' dir='ltr'><strong>QUESTIO</strong></span> <span class='ocrx_word' id='word_1_79' title='bbox 1360 1250 1522 1308; x_wconf 80' lang='lat' dir='ltr'><strong>LXV.</strong></span> 
     </span>
    </p>
   </div>
   <div class='ocr_carea' id='block_1_15' title="bbox 753 1334 1773 1406">
    <p class='ocr_par' dir='ltr' id='par_1_15' title="bbox 753 1334 1773 1406">
     <span class='ocr_line' id='line_1_15' title="bbox 753 1334 1773 1406; baseline 0.012 -18"><span class='ocrx_word' id='word_1_80' title='bbox 753 1334 901 1391; x_wconf 85' lang='lat' dir='ltr'><strong>Num</strong></span> <span class='ocrx_word' id='word_1_81' title='bbox 932 1337 1086 1406; x_wconf 75' lang='lat' dir='ltr'><strong>ﬁnem</strong></span> <span class='ocrx_word' id='word_1_82' title='bbox 1116 1339 1394 1396; x_wconf 79' lang='lat' dir='ltr'><strong>habiturus</strong></span> <span class='ocrx_word' id='word_1_83' title='bbox 1419 1344 1490 1397; x_wconf 83' lang='lat' dir='ltr'><strong>sit</strong></span> <span class='ocrx_word' id='word_1_84' title='bbox 1519 1346 1773 1401; x_wconf 81' lang='lat' dir='ltr'><strong>mundus.</strong></span> 
     </span>
    </p>
   </div>
   <div class='ocr_carea' id='block_1_16' title="bbox 553 1425 2051 1505">
    <p class='ocr_par' dir='ltr' id='par_1_16' title="bbox 553 1425 2051 1505">
     <span class='ocr_line' id='line_1_16' title="bbox 553 1425 2051 1505; baseline 0.011 -26"><span class='ocrx_word' id='word_1_85' title='bbox 553 1425 708 1491; x_wconf 86' lang='lat' dir='ltr'><strong>Quod</strong></span> <span class='ocrx_word' id='word_1_86' title='bbox 733 1428 892 1484; x_wconf 86' lang='lat' dir='ltr'><strong>ﬁnem</strong></span> <span class='ocrx_word' id='word_1_87' title='bbox 926 1432 1215 1488; x_wconf 90' lang='lat' dir='ltr'><strong>habiturus</strong></span> <span class='ocrx_word' id='word_1_88' title='bbox 1239 1437 1311 1488; x_wconf 90' lang='lat' dir='ltr'><strong>sit</strong></span> <span class='ocrx_word' id='word_1_89' title='bbox 1332 1435 1569 1492; x_wconf 89' lang='lat' dir='ltr'><strong>mundus</strong></span> <span class='ocrx_word' id='word_1_90' title='bbox 1605 1438 1916 1505; x_wconf 91' lang='lat' dir='ltr'><strong>universus,</strong></span> <span class='ocrx_word' id='word_1_91' title='bbox 1945 1441 2051 1495; x_wconf 92' lang='lat' dir='ltr'><strong>hoc</strong></span> 
     </span>
    </p>
   </div>
   <div class='ocr_carea' id='block_1_17' title="bbox 477 1514 2046 1597">
    <p class='ocr_par' dir='ltr' id='par_1_17' title="bbox 477 1514 2046 1597">
     <span class='ocr_line' id='line_1_17' title="bbox 477 1514 2046 1597; baseline 0.011 -29"><span class='ocrx_word' id='word_1_92' title='bbox 477 1514 813 1573; x_wconf 87' lang='lat' dir='ltr'><strong>demonstrat</strong></span> <span class='ocrx_word' id='word_1_93' title='bbox 842 1520 970 1589; x_wconf 84' lang='lat' dir='ltr'><strong>quia</strong></span> <span class='ocrx_word' id='word_1_94' title='bbox 997 1531 1182 1590; x_wconf 89' lang='lat' dir='ltr'><strong>partes</strong></span> <span class='ocrx_word' id='word_1_95' title='bbox 1203 1523 1324 1590; x_wconf 85' lang='lat' dir='ltr'><strong>ejus</strong></span> <span class='ocrx_word' id='word_1_96' title='bbox 1346 1523 1510 1580; x_wconf 90' lang='lat' dir='ltr'><strong>ﬁnem</strong></span> <span class='ocrx_word' id='word_1_97' title='bbox 1547 1525 1752 1583; x_wconf 89' lang='lat' dir='ltr'><strong>habere</strong></span> <span class='ocrx_word' id='word_1_98' title='bbox 1784 1528 2046 1597; x_wconf 80' lang='lat' dir='ltr'><strong>videmus,</strong></span> 
     </span>
    </p>
   </div>
   <div class='ocr_carea' id='block_1_18' title="bbox 474 1607 2050 1690">
    <p class='ocr_par' dir='ltr' id='par_1_18' title="bbox 474 1607 2050 1690">
     <span class='ocr_line' id='line_1_18' title="bbox 474 1607 2050 1690; baseline 0.009 -29"><span class='ocrx_word' id='word_1_99' title='bbox 474 1616 529 1661; x_wconf 90' lang='lat' dir='ltr'><strong>et</strong></span> <span class='ocrx_word' id='word_1_100' title='bbox 561 1609 798 1664; x_wconf 80' lang='lat' dir='ltr'><strong>maxime</strong></span> <span class='ocrx_word' id='word_1_101' title='bbox 827 1611 954 1680; x_wconf 89' lang='lat' dir='ltr'><strong>quia</strong></span> <span class='ocrx_word' id='word_1_102' title='bbox 990 1611 1157 1668; x_wconf 90' lang='lat' dir='ltr'><strong>homo</strong></span> <span class='ocrx_word' id='word_1_103' title='bbox 1219 1607 1468 1682; x_wconf 84' lang='lat' dir='ltr'><strong>moritur,</strong></span> <span class='ocrx_word' id='word_1_104' title='bbox 1515 1625 1738 1688; x_wconf 89' lang='lat' dir='ltr'><strong>pr0pter</strong></span> <span class='ocrx_word' id='word_1_105' title='bbox 1763 1634 1927 1690; x_wconf 90' lang='lat' dir='ltr'><strong>quem</strong></span> <span class='ocrx_word' id='word_1_106' title='bbox 1968 1633 2050 1676; x_wconf 88' lang='lat' dir='ltr'><strong>ta-</strong></span> 
     </span>
    </p>
   </div>
   <div class='ocr_carea' id='block_1_19' title="bbox 474 1704 2044 1783">
    <p class='ocr_par' dir='ltr' id='par_1_19' title="bbox 474 1704 2044 1783">
     <span class='ocr_line' id='line_1_19' title="bbox 474 1704 2044 1783; baseline 0.009 -29"><span class='ocrx_word' id='word_1_107' title='bbox 474 1715 598 1756; x_wconf 90' lang='lat' dir='ltr'><strong>men</strong></span> <span class='ocrx_word' id='word_1_108' title='bbox 655 1704 893 1758; x_wconf 86' lang='lat' dir='ltr'><strong>mundus</strong></span> <span class='ocrx_word' id='word_1_109' title='bbox 926 1705 1029 1760; x_wconf 90' lang='lat' dir='ltr'><strong>iste</strong></span> <span class='ocrx_word' id='word_1_110' title='bbox 1054 1706 1347 1765; x_wconf 86' lang='lat' dir='ltr'><strong>universus</strong></span> <span class='ocrx_word' id='word_1_111' title='bbox 1377 1707 1556 1764; x_wconf 79' lang='lat' dir='ltr'><strong>factus</strong></span> <span class='ocrx_word' id='word_1_112' title='bbox 1583 1717 1689 1766; x_wconf 89' lang='lat' dir='ltr'><strong>est.</strong></span> <span class='ocrx_word' id='word_1_113' title='bbox 1734 1709 1801 1765; x_wconf 89' lang='lat' dir='ltr'><strong>Et</strong></span> <span class='ocrx_word' id='word_1_114' title='bbox 1822 1713 2044 1783; x_wconf 81' lang='lat' dir='ltr'><strong>quidem</strong></span> 
     </span>
    </p>
   </div>
   <div class='ocr_carea' id='block_1_20' title="bbox 474 1793 2048 1873">
    <p class='ocr_par' dir='ltr' id='par_1_20' title="bbox 474 1793 2048 1873">
     <span class='ocr_line' id='line_1_20' title="bbox 474 1793 2048 1873; baseline 0.008 -29"><span class='ocrx_word' id='word_1_115' title='bbox 474 1793 659 1848; x_wconf 87' lang='lat' dir='ltr'><strong>mundi</strong></span> <span class='ocrx_word' id='word_1_116' title='bbox 722 1793 1014 1850; x_wconf 73' lang='lat' dir='ltr'><strong>fabricatio</strong></span> <span class='ocrx_word' id='word_1_117' title='bbox 1077 1805 1189 1852; x_wconf 91' lang='lat' dir='ltr'><strong>tota</strong></span> <span class='ocrx_word' id='word_1_118' title='bbox 1221 1797 1470 1853; x_wconf 88' lang='lat' dir='ltr'><strong>absoluta</strong></span> <span class='ocrx_word' id='word_1_119' title='bbox 1489 1808 1574 1855; x_wconf 90' lang='lat' dir='ltr'><strong>est</strong></span> <span class='ocrx_word' id='word_1_120' title='bbox 1606 1801 1812 1856; x_wconf 88' lang='lat' dir='ltr'><strong>circulo</strong></span> <span class='ocrx_word' id='word_1_121' title='bbox 1845 1811 2048 1873; x_wconf 80' lang='lat' dir='ltr'><strong>septem</strong></span> 
     </span>
    </p>
   </div>
   <div class='ocr_carea' id='block_1_21' title="bbox 469 1884 2049 1949">
    <p class='ocr_par' dir='ltr' id='par_1_21' title="bbox 469 1884 2049 1949">
     <span class='ocr_line' id='line_1_21' title="bbox 469 1884 2049 1949; baseline 0.008 -12"><span class='ocrx_word' id='word_1_122' title='bbox 469 1884 704 1940; x_wconf 85' lang='lat' dir='ltr'><strong>dierum.</strong></span> <span class='ocrx_word' id='word_1_123' title='bbox 733 1887 802 1940; x_wconf 83' lang='lat' dir='ltr'><strong>Et</strong></span> <span class='ocrx_word' id='word_1_124' title='bbox 830 1902 976 1940; x_wconf 87' lang='lat' dir='ltr'><strong>nunc</strong></span> <span class='ocrx_word' id='word_1_125' title='bbox 1005 1888 1171 1942; x_wconf 90' lang='lat' dir='ltr'><strong>homo</strong></span> <span class='ocrx_word' id='word_1_126' title='bbox 1225 1889 1277 1942; x_wconf 91' lang='lat' dir='ltr'><strong>in</strong></span> <span class='ocrx_word' id='word_1_127' title='bbox 1309 1889 1654 1946; x_wconf 88' lang='lat' dir='ltr'><strong>hebdomada</strong></span> <span class='ocrx_word' id='word_1_128' title='bbox 1685 1907 1952 1948; x_wconf 86' lang='lat' dir='ltr'><strong>annorum</strong></span> <span class='ocrx_word' id='word_1_129' title='bbox 1981 1895 2049 1949; x_wconf 89' lang='lat' dir='ltr'><strong>ad</strong></span> 
     </span>
    </p>
   </div>
   <div class='ocr_carea' id='block_1_22' title="bbox 476 1975 2051 2056">
    <p class='ocr_par' dir='ltr' id='par_1_22' title="bbox 476 1975 2051 2056">
     <span class='ocr_line' id='line_1_22' title="bbox 476 1975 2051 2056; baseline 0.006 -25"><span class='ocrx_word' id='word_1_130' title='bbox 476 1975 765 2033; x_wconf 75' lang='lat' dir='ltr'><strong>ﬂorentem</strong></span> <span class='ocrx_word' id='word_1_131' title='bbox 825 1980 1047 2049; x_wconf 73' lang='lat' dir='ltr'><strong>attingit</strong></span> <span class='ocrx_word' id='word_1_132' title='bbox 1095 1989 1308 2035; x_wconf 73' lang='lat' dir='ltr'><strong>aetatem</strong></span> <span class='ocrx_word' id='word_1_133' title='bbox 1356 1980 1565 2037; x_wconf 83' lang='lat' dir='ltr'><strong>vicibus</strong></span> <span class='ocrx_word' id='word_1_134' title='bbox 1595 1983 1784 2040; x_wconf 85' lang='lat' dir='ltr'><strong>variis.</strong></span> <span class='ocrx_word' id='word_1_135' title='bbox 1819 1985 2051 2056; x_wconf 85' lang='lat' dir='ltr'><strong>Ipsaque</strong></span> 
     </span>
    </p>
   </div>
   <div class='ocr_carea' id='block_1_23' title="bbox 473 2075 2045 2148">
    <p class='ocr_par' dir='ltr' id='par_1_23' title="bbox 473 2075 2045 2148">
     <span class='ocr_line' id='line_1_23' title="bbox 473 2075 2045 2148; baseline 0.005 -22"><span class='ocrx_word' id='word_1_136' title='bbox 473 2075 724 2143; x_wconf 88' lang='lat' dir='ltr'><strong>corporis</strong></span> <span class='ocrx_word' id='word_1_137' title='bbox 791 2077 931 2129; x_wconf 85' lang='lat' dir='ltr'><strong>mala</strong></span> <span class='ocrx_word' id='word_1_138' title='bbox 965 2077 1204 2145; x_wconf 87' lang='lat' dir='ltr'><strong>vitiaque</strong></span> <span class='ocrx_word' id='word_1_139' title='bbox 1239 2076 1672 2134; x_wconf 81' lang='lat' dir='ltr'><strong>hebdomadibus</strong></span> <span class='ocrx_word' id='word_1_140' title='bbox 1702 2079 1932 2148; x_wconf 70' lang='lat' dir='ltr'><strong>singulis</strong></span> <span class='ocrx_word' id='word_1_141' title='bbox 1967 2080 2045 2136; x_wconf 86' lang='lat' dir='ltr'><strong>vel</strong></span> 
     </span>
    </p>
   </div>
   <div class='ocr_carea' id='block_1_24' title="bbox 470 2168 2048 2230">
    <p class='ocr_par' dir='ltr' id='par_1_24' title="bbox 470 2168 2048 2230">
     <span class='ocr_line' id='line_1_24' title="bbox 470 2168 2048 2230; baseline 0.006 -10"><span class='ocrx_word' id='word_1_142' title='bbox 470 2168 1066 2224; x_wconf 77' lang='lat' dir='ltr'><strong>senii-hebdomadibus</strong></span> <span class='ocrx_word' id='word_1_143' title='bbox 1121 2170 1292 2224; x_wconf 88' lang='lat' dir='ltr'><strong>crises</strong></span> <span class='ocrx_word' id='word_1_144' title='bbox 1344 2186 1476 2226; x_wconf 88' lang='lat' dir='ltr'><strong>suas</strong></span> <span class='ocrx_word' id='word_1_145' title='bbox 1506 2172 1692 2227; x_wconf 86' lang='lat' dir='ltr'><strong>vario&#39;</strong></span> <span class='ocrx_word' id='word_1_146' title='bbox 1724 2172 2048 2230; x_wconf 83' lang='lat' dir='ltr'><strong>discrimine</strong></span> 
     </span>
    </p>
   </div>
   <div class='ocr_carea' id='block_1_25' title="bbox 475 2259 2048 2334">
    <p class='ocr_par' dir='ltr' id='par_1_25' title="bbox 475 2259 2048 2334">
     <span class='ocr_line' id='line_1_25' title="bbox 475 2259 2048 2334; baseline 0.006 -23"><span class='ocrx_word' id='word_1_147' title='bbox 475 2260 776 2328; x_wconf 83' lang='lat' dir='ltr'><strong>patiuntur.</strong></span> <span class='ocrx_word' id='word_1_148' title='bbox 804 2259 1067 2314; x_wconf 80' lang='lat' dir='ltr'><strong>Caeterum</strong></span> <span class='ocrx_word' id='word_1_149' title='bbox 1094 2276 1200 2316; x_wconf 91' lang='lat' dir='ltr'><strong>non</strong></span> <span class='ocrx_word' id='word_1_150' title='bbox 1223 2262 1426 2316; x_wconf 92' lang='lat' dir='ltr'><strong>desunt</strong></span> <span class='ocrx_word' id='word_1_151' title='bbox 1446 2262 1540 2332; x_wconf 89' lang='lat' dir='ltr'><strong>qui</strong></span> <span class='ocrx_word' id='word_1_152' title='bbox 1567 2273 1774 2333; x_wconf 90' lang='lat' dir='ltr'><strong>septem</strong></span> <span class='ocrx_word' id='word_1_153' title='bbox 1797 2264 2048 2334; x_wconf 83' lang='lat' dir='ltr'><strong>planetas</strong></span> 
     </span>
    </p>
   </div>
   <div class='ocr_carea' id='block_1_26' title="bbox 470 2353 2048 2422">
    <p class='ocr_par' dir='ltr' id='par_1_26' title="bbox 470 2353 2048 2422">
     <span class='ocr_line' id='line_1_26' title="bbox 470 2353 2048 2422; baseline 0.005 -18"><span class='ocrx_word' id='word_1_154' title='bbox 470 2360 786 2420; x_wconf 86' lang='lat' dir='ltr'><strong>septemque</strong></span> <span class='ocrx_word' id='word_1_155' title='bbox 849 2365 1017 2408; x_wconf 81' lang='lat' dir='ltr'><strong>zonas</strong></span> <span class='ocrx_word' id='word_1_156' title='bbox 1079 2367 1380 2422; x_wconf 86' lang='lat' dir='ltr'><strong>earumque</strong></span> <span class='ocrx_word' id='word_1_157' title='bbox 1469 2353 1714 2410; x_wconf 86' lang='lat' dir='ltr'><strong>diversas</strong></span> <span class='ocrx_word' id='word_1_158' title='bbox 1775 2355 2048 2413; x_wconf 84' lang='lat' dir='ltr'><strong>motiones</strong></span> 
     </span>
    </p>
   </div>
   <div class='ocr_carea' id='block_1_27' title="bbox 470 2441 2044 2513">
    <p class='ocr_par' dir='ltr' id='par_1_27' title="bbox 470 2441 2044 2513">
     <span class='ocr_line' id='line_1_27' title="bbox 470 2441 2044 2513; baseline 0.006 -22"><span class='ocrx_word' id='word_1_159' title='bbox 470 2441 690 2494; x_wconf 76' lang='lat' dir='ltr'><strong>curiose</strong></span> <span class='ocrx_word' id='word_1_160' title='bbox 738 2443 1031 2496; x_wconf 76' lang='lat' dir='ltr'><strong>observent</strong></span> <span class='ocrx_word' id='word_1_161' title='bbox 1058 2451 1118 2495; x_wconf 93' lang='lat' dir='ltr'><strong>ut</strong></span> <span class='ocrx_word' id='word_1_162' title='bbox 1139 2457 1207 2496; x_wconf 81' lang='lat' dir='ltr'><strong>ex</strong></span> <span class='ocrx_word' id='word_1_163' title='bbox 1232 2441 1317 2496; x_wconf 89' lang='lat' dir='ltr'><strong>his</strong></span> <span class='ocrx_word' id='word_1_164' title='bbox 1350 2443 1614 2497; x_wconf 89' lang='lat' dir='ltr'><strong>mundum</strong></span> <span class='ocrx_word' id='word_1_165' title='bbox 1645 2445 1970 2513; x_wconf 67' lang='lat' dir='ltr'><strong>praesagiant</strong></span> <span class='ocrx_word' id='word_1_166' title='bbox 1991 2446 2044 2502; x_wconf 88' lang='lat' dir='ltr'><strong>in</strong></span> 
     </span>
    </p>
   </div>
   <div class='ocr_carea' id='block_1_28' title="bbox 473 2531 2044 2599">
    <p class='ocr_par' dir='ltr' id='par_1_28' title="bbox 473 2531 2044 2599">
     <span class='ocr_line' id='line_1_28' title="bbox 473 2531 2044 2599; baseline 0.006 -17"><span class='ocrx_word' id='word_1_167' title='bbox 473 2531 706 2599; x_wconf 84' lang='lat' dir='ltr'><strong>septima</strong></span> <span class='ocrx_word' id='word_1_168' title='bbox 777 2539 937 2586; x_wconf 75' lang='lat' dir='ltr'><strong>a-tate</strong></span> <span class='ocrx_word' id='word_1_169' title='bbox 984 2533 1424 2587; x_wconf 87' lang='lat' dir='ltr'><strong>convellendum.</strong></span> <span class='ocrx_word' id='word_1_170' title='bbox 1481 2533 1600 2588; x_wconf 83' lang='lat' dir='ltr'><strong>Alia</strong></span> <span class='ocrx_word' id='word_1_171' title='bbox 1672 2543 1757 2590; x_wconf 89' lang='lat' dir='ltr'><strong>est</strong></span> <span class='ocrx_word' id='word_1_172' title='bbox 1817 2536 2044 2593; x_wconf 87' lang='lat' dir='ltr'><strong>scientia</strong></span> 
     </span>
    </p>
   </div>
   <div class='ocr_carea' id='block_1_29' title="bbox 468 2621 2044 2693">
    <p class='ocr_par' dir='ltr' id='par_1_29' title="bbox 468 2621 2044 2693">
     <span class='ocr_line' id='line_1_29' title="bbox 468 2621 2044 2693; baseline 0.009 -24"><span class='ocrx_word' id='word_1_173' title='bbox 468 2624 830 2693; x_wconf 73' lang='lat' dir='ltr'><strong>doctrinaque</strong></span> <span class='ocrx_word' id='word_1_174' title='bbox 899 2621 1176 2690; x_wconf 72' lang='lat' dir='ltr'><strong>Ecclesiae,</strong></span> <span class='ocrx_word' id='word_1_175' title='bbox 1238 2639 1338 2678; x_wconf 89' lang='lat' dir='ltr'><strong>nec</strong></span> <span class='ocrx_word' id='word_1_176' title='bbox 1410 2625 1612 2680; x_wconf 86' lang='lat' dir='ltr'><strong>talibus</strong></span> <span class='ocrx_word' id='word_1_177' title='bbox 1682 2626 1868 2681; x_wconf 81' lang='lat' dir='ltr'><strong>innixa</strong></span> <span class='ocrx_word' id='word_1_178' title='bbox 1945 2628 2044 2683; x_wconf 79' lang='lat' dir='ltr'><strong>de-</strong></span> 
     </span>
    </p>
   </div>
   <div class='ocr_carea' id='block_1_30' title="bbox 2165 518 3734 594">
    <p class='ocr_par' dir='ltr' id='par_1_30' title="bbox 2165 518 3734 594">
     <span class='ocr_line' id='line_1_30' title="bbox 2165 518 3734 594; baseline 0.001 -20"><span class='ocrx_word' id='word_1_179' title='bbox 2165 522 2242 586; x_wconf 81' lang='grc' dir='ltr'><strong>ὡς</strong></span> <span class='ocrx_word' id='word_1_180' title='bbox 2273 523 2598 593; x_wconf 81' lang='grc' dir='ltr'><strong>ἀπέραντον.</strong></span> <span class='ocrx_word' id='word_1_181' title='bbox 2629 525 2709 576; x_wconf 87' lang='grc' dir='ltr'><strong>Δι’</strong></span> <span class='ocrx_word' id='word_1_182' title='bbox 2751 525 2821 594; x_wconf 73' lang='grc' dir='ltr'><strong>ἢν</strong></span> <span class='ocrx_word' id='word_1_183' title='bbox 2865 525 3248 594; x_wconf 74' lang='grc' dir='ltr'><strong>αἱτίαν,⁸φασὶ,</strong></span> <span class='ocrx_word' id='word_1_184' title='bbox 3284 525 3384 579; x_wconf 78' lang='grc' dir='ltr'><strong>καὶ</strong></span> <span class='ocrx_word' id='word_1_185' title='bbox 3427 525 3559 594; x_wconf 85' lang='grc' dir='ltr'><strong>μίαν</strong></span> <span class='ocrx_word' id='word_1_186' title='bbox 3610 518 3734 576; x_wconf 78' lang='grc' dir='ltr'><strong>εἰπε</strong></span> 
     </span>
    </p>
   </div>
   <div class='ocr_carea' id='block_1_31' title="bbox 2164 613 3735 687">
    <p class='ocr_par' dir='ltr' id='par_1_31' title="bbox 2164 613 3735 687">
     <span class='ocr_line' id='line_1_31' title="bbox 2164 613 3735 687; baseline -0.001 -20"><span class='ocrx_word' id='word_1_187' title='bbox 2164 613 2412 683; x_wconf 84' lang='grc' dir='ltr'><strong>Μωῦσῆς</strong></span> <span class='ocrx_word' id='word_1_188' title='bbox 2463 615 2676 685; x_wconf 76' lang='grc' dir='ltr'><strong>ἡμέραν</strong></span> <span class='ocrx_word' id='word_1_189' title='bbox 2728 615 2830 682; x_wconf 78' lang='grc' dir='ltr'><strong>τὴν</strong></span> <span class='ocrx_word' id='word_1_190' title='bbox 2897 617 3145 687; x_wconf 78' lang='grc' dir='ltr'><strong>πρώτην,</strong></span> <span class='ocrx_word' id='word_1_191' title='bbox 3207 615 3284 679; x_wconf 84' lang='grc' dir='ltr'><strong>ὡς</strong></span> <span class='ocrx_word' id='word_1_192' title='bbox 3343 613 3572 684; x_wconf 80' lang='grc' dir='ltr'><strong>πρώτην</strong></span> <span class='ocrx_word' id='word_1_193' title='bbox 3633 613 3735 682; x_wconf 77' lang='grc' dir='ltr'><strong>μὲν</strong></span> 
     </span>
    </p>
   </div>
   <div class='ocr_carea' id='block_1_32' title="bbox 2163 700 3728 778">
    <p class='ocr_par' dir='ltr' id='par_1_32' title="bbox 2163 700 3728 778">
     <span class='ocr_line' id='line_1_32' title="bbox 2163 700 3728 778; baseline -0.002 -20"><span class='ocrx_word' id='word_1_194' title='bbox 2163 700 2331 760; x_wconf 80' lang='grc' dir='ltr'><strong>οὖσαν</strong></span> <span class='ocrx_word' id='word_1_195' title='bbox 2383 706 2522 778; x_wconf 78' lang='grc' dir='ltr'><strong>πρὸς</strong></span> <span class='ocrx_word' id='word_1_196' title='bbox 2555 707 2655 778; x_wconf 79' lang='grc' dir='ltr'><strong>τὴν</strong></span> <span class='ocrx_word' id='word_1_197' title='bbox 2708 706 2971 777; x_wconf 79' lang='grc' dir='ltr'><strong>ἑϐδόμην,</strong></span> <span class='ocrx_word' id='word_1_198' title='bbox 3023 708 3084 760; x_wconf 82' lang='grc' dir='ltr'><strong>τὸ</strong></span> <span class='ocrx_word' id='word_1_199' title='bbox 3131 705 3412 760; x_wconf 80' lang='grc' dir='ltr'><strong>Σάϐϐατον</strong></span> <span class='ocrx_word' id='word_1_200' title='bbox 3459 704 3728 776; x_wconf 81' lang='grc' dir='ltr'><strong>δηλονότι,</strong></span> 
     </span>
    </p>
   </div>
   <div class='ocr_carea' id='block_1_33' title="bbox 2161 794 3733 868">
    <p class='ocr_par' dir='ltr' id='par_1_33' title="bbox 2161 794 3733 868">
     <span class='ocr_line' id='line_1_33' title="bbox 2161 794 3733 868; baseline -0.003 -18"><span class='ocrx_word' id='word_1_201' title='bbox 2161 797 2358 868; x_wconf 81' lang='grc' dir='ltr'><strong>ὀγδόην</strong></span> <span class='ocrx_word' id='word_1_202' title='bbox 2385 798 2440 852; x_wconf 79' lang='grc' dir='ltr'><strong>δὲ</strong></span> <span class='ocrx_word' id='word_1_203' title='bbox 2476 798 2618 868; x_wconf 86' lang='grc' dir='ltr'><strong>μετά</strong></span> <span class='ocrx_word' id='word_1_204' title='bbox 2658 797 2758 866; x_wconf 75' lang='grc' dir='ltr'><strong>τήν</strong></span> <span class='ocrx_word' id='word_1_205' title='bbox 2789 798 3046 868; x_wconf 83' lang='grc' dir='ltr'><strong>ἑϐδόμην,</strong></span> <span class='ocrx_word' id='word_1_206' title='bbox 3089 796 3216 850; x_wconf 79' lang='grc' dir='ltr'><strong>καθ’</strong></span> <span class='ocrx_word' id='word_1_207' title='bbox 3247 796 3318 868; x_wconf 71' lang='grc' dir='ltr'><strong>ἢν</strong></span> <span class='ocrx_word' id='word_1_208' title='bbox 3347 794 3444 849; x_wconf 77' lang='grc' dir='ltr'><strong>καὶ</strong></span> <span class='ocrx_word' id='word_1_209' title='bbox 3467 794 3668 862; x_wconf 79' lang='grc' dir='ltr'><strong>ἀνέστη</strong></span> <span class='ocrx_word' id='word_1_210' title='bbox 3701 794 3733 846; x_wconf 82' lang='grc' dir='ltr'><strong><em>ὁ</em></strong></span> 
     </span>
    </p>
   </div>
   <div class='ocr_carea' id='block_1_34' title="bbox 2162 881 3736 960">
    <p class='ocr_par' dir='ltr' id='par_1_34' title="bbox 2162 881 3736 960">
     <span class='ocr_line' id='line_1_34' title="bbox 2162 881 3736 960; baseline -0.005 -18"><span class='ocrx_word' id='word_1_211' title='bbox 2162 887 2391 960; x_wconf 78' lang='grc' dir='ltr'><strong>Κὺριος,</strong></span> <span class='ocrx_word' id='word_1_212' title='bbox 2420 889 2517 942; x_wconf 81' lang='grc' dir='ltr'><strong>καὶ</strong></span> <span class='ocrx_word' id='word_1_213' title='bbox 2547 891 2581 958; x_wconf 86' lang='grc' dir='ltr'><strong>ή</strong></span> <span class='ocrx_word' id='word_1_214' title='bbox 2625 889 2910 943; x_wconf 87' lang='grc' dir='ltr'><strong>τελευταία</strong></span> <span class='ocrx_word' id='word_1_215' title='bbox 2939 890 3124 959; x_wconf 84' lang='grc' dir='ltr'><strong>ήμέρα</strong></span> <span class='ocrx_word' id='word_1_216' title='bbox 3145 887 3248 957; x_wconf 84' lang='grc' dir='ltr'><strong>τῆς</strong></span> <span class='ocrx_word' id='word_1_217' title='bbox 3275 883 3462 954; x_wconf 80' lang='grc' dir='ltr'><strong>κοινῆς</strong></span> <span class='ocrx_word' id='word_1_218' title='bbox 3493 881 3736 936; x_wconf 77' lang='grc' dir='ltr'><strong>ἀναστάο</strong></span> 
     </span>
    </p>
   </div>
   <div class='ocr_carea' id='block_1_35' title="bbox 2162 969 3731 1050">
    <p class='ocr_par' dir='ltr' id='par_1_35' title="bbox 2162 969 3731 1050">
     <span class='ocr_line' id='line_1_35' title="bbox 2162 969 3731 1050; baseline -0.003 -19"><span class='ocrx_word' id='word_1_219' title='bbox 2162 995 2304 1042; x_wconf 88' lang='grc' dir='ltr'><strong>σεως</strong></span> <span class='ocrx_word' id='word_1_220' title='bbox 2357 974 2671 1050; x_wconf 79' lang='grc' dir='ltr'><strong>γενήσεται,</strong></span> <span class='ocrx_word' id='word_1_221' title='bbox 2720 979 2838 1050; x_wconf 85' lang='grc' dir='ltr'><strong>μεθ’</strong></span> <span class='ocrx_word' id='word_1_222' title='bbox 2868 979 2936 1049; x_wconf 72' lang='grc' dir='ltr'><strong>ἢν</strong></span> <span class='ocrx_word' id='word_1_223' title='bbox 2991 978 3092 1032; x_wconf 81' lang='grc' dir='ltr'><strong>οὐκ</strong></span> <span class='ocrx_word' id='word_1_224' title='bbox 3125 977 3272 1032; x_wconf 70' lang='grc' dir='ltr'><strong>ἔσται</strong></span> <span class='ocrx_word' id='word_1_225' title='bbox 3329 975 3411 1030; x_wconf 82' lang='grc' dir='ltr'><strong>ἑτι</strong></span> <span class='ocrx_word' id='word_1_226' title='bbox 3446 971 3576 1028; x_wconf 84' lang='grc' dir='ltr'><strong>ποτὲ</strong></span> <span class='ocrx_word' id='word_1_227' title='bbox 3606 969 3731 1039; x_wconf 71' lang='grc' dir='ltr'><strong>νὺξ,</strong></span> 
     </span>
    </p>
   </div>
   <div class='ocr_carea' id='block_1_36' title="bbox 2160 1062 3161 1142">
    <p class='ocr_par' dir='ltr' id='par_1_36' title="bbox 2160 1062 3161 1142">
     <span class='ocr_line' id='line_1_36' title="bbox 2160 1062 3161 1142; baseline 0 -19"><span class='ocrx_word' id='word_1_228' title='bbox 2160 1070 2279 1123; x_wconf 80' lang='grc' dir='ltr'><strong>ἀλλ’</strong></span> <span class='ocrx_word' id='word_1_229' title='bbox 2307 1072 2446 1140; x_wconf 76' lang='grc' dir='ltr'><strong>αὐτὴ</strong></span> <span class='ocrx_word' id='word_1_230' title='bbox 2479 1062 2618 1142; x_wconf 84' lang='grc' dir='ltr'><strong>μόνη</strong></span> <span class='ocrx_word' id='word_1_231' title='bbox 2649 1071 2744 1141; x_wconf 84' lang='grc' dir='ltr'><strong>μία</strong></span> <span class='ocrx_word' id='word_1_232' title='bbox 2776 1071 2936 1124; x_wconf 79' lang='grc' dir='ltr'><strong>ἔσται’</strong></span> <span class='ocrx_word' id='word_1_233' title='bbox 2957 1071 3161 1142; x_wconf 85' lang='grc' dir='ltr'><strong>ήμέρα.</strong></span> 
     </span>
    </p>
   </div>
   <div class='ocr_carea' id='block_1_37' title="bbox 2713 1245 3194 1306">
    <p class='ocr_par' dir='ltr' id='par_1_37' title="bbox 2713 1245 3194 1306">
     <span class='ocr_line' id='line_1_37' title="bbox 2713 1245 3194 1306; baseline -0.002 -3"><span class='ocrx_word' id='word_1_234' title='bbox 2713 1247 3045 1306; x_wconf 77' lang='grc' dir='ltr'><strong>ΕΡΩΊἪΣΙΣ</strong></span> <span class='ocrx_word' id='word_1_235' title='bbox 3072 1245 3194 1302; x_wconf 70' lang='lat' dir='ltr'><strong>EE’.</strong></span> 
     </span>
    </p>
   </div>
   <div class='ocr_carea' id='block_1_38' title="bbox 2549 1331 3322 1410">
    <p class='ocr_par' dir='ltr' id='par_1_38' title="bbox 2549 1331 3322 1410">
     <span class='ocr_line' id='line_1_38' title="bbox 2549 1331 3322 1410; baseline -0.006 -14"><span class='ocrx_word' id='word_1_236' title='bbox 2549 1344 2620 1397; x_wconf 80' lang='lat' dir='ltr'><strong>El</strong></span> <span class='ocrx_word' id='word_1_237' title='bbox 2650 1341 2829 1407; x_wconf 75' lang='grc' dir='ltr'><strong>τέλος</strong></span> <span class='ocrx_word' id='word_1_238' title='bbox 2857 1331 2983 1410; x_wconf 74' lang='grc' dir='ltr'><strong>ἔχει</strong></span> <span class='ocrx_word' id='word_1_239' title='bbox 3009 1342 3043 1394; x_wconf 85' lang='lat' dir='ltr'><strong>d</strong></span> <span class='ocrx_word' id='word_1_240' title='bbox 3069 1339 3322 1408; x_wconf 78' lang='grc' dir='ltr'><strong>κόσμος.</strong></span> 
     </span>
    </p>
   </div>
   <div class='ocr_carea' id='block_1_39' title="bbox 2226 1428 3729 1504">
    <p class='ocr_par' dir='ltr' id='par_1_39' title="bbox 2226 1428 3729 1504">
     <span class='ocr_line' id='line_1_39' title="bbox 2226 1428 3729 1504; baseline -0.003 -16"><span class='ocrx_word' id='word_1_241' title='bbox 2226 1434 2329 1488; x_wconf 79' lang='grc' dir='ltr'><strong>Τὸν</strong></span> <span class='ocrx_word' id='word_1_242' title='bbox 2358 1435 2565 1504; x_wconf 87' lang='grc' dir='ltr'><strong>κόσμον</strong></span> <span class='ocrx_word' id='word_1_243' title='bbox 2597 1433 2878 1503; x_wconf 80' lang='grc' dir='ltr'><strong>τελευτᾷν,</strong></span> <span class='ocrx_word' id='word_1_244' title='bbox 2919 1431 2989 1484; x_wconf 81' lang='grc' dir='ltr'><strong>τὰ</strong></span> <span class='ocrx_word' id='word_1_245' title='bbox 3020 1431 3162 1501; x_wconf 81' lang='grc' dir='ltr'><strong>μέρη</strong></span> <span class='ocrx_word' id='word_1_246' title='bbox 3187 1430 3354 1484; x_wconf 85' lang='grc' dir='ltr'><strong>αὐτοῦ</strong></span> <span class='ocrx_word' id='word_1_247' title='bbox 3385 1428 3729 1484; x_wconf 73' lang='grc' dir='ltr'><strong>τελευτῶντα</strong></span> 
     </span>
    </p>
   </div>
   <div class='ocr_carea' id='block_1_40' title="bbox 2155 1510 3729 1596">
    <p class='ocr_par' dir='ltr' id='par_1_40' title="bbox 2155 1510 3729 1596">
     <span class='ocr_line' id='line_1_40' title="bbox 2155 1510 3729 1596; baseline -0.003 -14"><span class='ocrx_word' id='word_1_248' title='bbox 2155 1527 2483 1594; x_wconf 82' lang='grc' dir='ltr'><strong>δεικνύουσι,</strong></span> <span class='ocrx_word' id='word_1_249' title='bbox 2536 1528 2632 1580; x_wconf 76' lang='grc' dir='ltr'><strong>καὶ</strong></span> <span class='ocrx_word' id='word_1_250' title='bbox 2677 1525 2880 1596; x_wconf 79' lang='grc' dir='ltr'><strong>μᾶλλον</strong></span> <span class='ocrx_word' id='word_1_251' title='bbox 2925 1510 2954 1577; x_wconf 84' lang='grc' dir='ltr'><strong>δ</strong></span> <span class='ocrx_word' id='word_1_252' title='bbox 3001 1523 3289 1592; x_wconf 77' lang='grc' dir='ltr'><strong>ἄνθρωπος</strong></span> <span class='ocrx_word' id='word_1_253' title='bbox 3338 1522 3729 1593; x_wconf 77' lang='grc' dir='ltr'><strong>ἀποθνήσκων,</strong></span> 
     </span>
    </p>
   </div>
   <div class='ocr_carea' id='block_1_41' title="bbox 2153 1610 3730 1688">
    <p class='ocr_par' dir='ltr' id='par_1_41' title="bbox 2153 1610 3730 1688">
     <span class='ocr_line' id='line_1_41' title="bbox 2153 1610 3730 1688; baseline -0.004 -13"><span class='ocrx_word' id='word_1_254' title='bbox 2153 1621 2223 1675; x_wconf 87' lang='grc' dir='ltr'><strong>δι’</strong></span> <span class='ocrx_word' id='word_1_255' title='bbox 2251 1618 2310 1673; x_wconf 86' lang='grc' dir='ltr'><strong>δν</strong></span> <span class='ocrx_word' id='word_1_256' title='bbox 2339 1620 2367 1672; x_wconf 85' lang='grc' dir='ltr'>ὁ</span> <span class='ocrx_word' id='word_1_257' title='bbox 2397 1617 2606 1688; x_wconf 86' lang='grc' dir='ltr'><strong>κόσμος</strong></span> <span class='ocrx_word' id='word_1_258' title='bbox 2646 1610 2804 1680; x_wconf 73' lang='grc' dir='ltr'><strong>οὗτος</strong></span> <span class='ocrx_word' id='word_1_259' title='bbox 2839 1616 3160 1688; x_wconf 80' lang='grc' dir='ltr'><strong>γεγένηται.</strong></span> <span class='ocrx_word' id='word_1_260' title='bbox 3201 1615 3311 1668; x_wconf 82' lang='lat' dir='ltr'><strong>Kal</strong></span> <span class='ocrx_word' id='word_1_261' title='bbox 3353 1617 3384 1669; x_wconf 86' lang='grc' dir='ltr'><strong>δ</strong></span> <span class='ocrx_word' id='word_1_262' title='bbox 3416 1615 3625 1684; x_wconf 82' lang='grc' dir='ltr'><strong>κόσμος</strong></span> <span class='ocrx_word' id='word_1_263' title='bbox 3665 1615 3730 1668; x_wconf 81' lang='grc' dir='ltr'><strong>ἑν</strong></span> 
     </span>
    </p>
   </div>
   <div class='ocr_carea' id='block_1_42' title="bbox 2155 1702 3731 1778">
    <p class='ocr_par' dir='ltr' id='par_1_42' title="bbox 2155 1702 3731 1778">
     <span class='ocr_line' id='line_1_42' title="bbox 2155 1702 3731 1778; baseline -0.003 -16"><span class='ocrx_word' id='word_1_264' title='bbox 2155 1709 2297 1763; x_wconf 80' lang='grc' dir='ltr'><strong>ἑπτὰ</strong></span> <span class='ocrx_word' id='word_1_265' title='bbox 2368 1705 2873 1778; x_wconf 77' lang='grc' dir='ltr'><strong>κυκλοφορούμενος</strong></span> <span class='ocrx_word' id='word_1_266' title='bbox 2945 1705 3165 1759; x_wconf 76' lang='grc' dir='ltr'><strong>ἵσταται</strong></span> <span class='ocrx_word' id='word_1_267' title='bbox 3226 1705 3486 1777; x_wconf 74' lang='grc' dir='ltr'><strong>ἡμέραις.</strong></span> <span class='ocrx_word' id='word_1_268' title='bbox 3541 1702 3650 1758; x_wconf 81' lang='grc' dir='ltr'><strong>Καὶ</strong></span> <span class='ocrx_word' id='word_1_269' title='bbox 3695 1704 3731 1757; x_wconf 80' lang='grc' dir='ltr'><strong>ϐ</strong></span> 
     </span>
    </p>
   </div>
   <div class='ocr_carea' id='block_1_43' title="bbox 2154 1795 3728 1872">
    <p class='ocr_par' dir='ltr' id='par_1_43' title="bbox 2154 1795 3728 1872">
     <span class='ocr_line' id='line_1_43' title="bbox 2154 1795 3728 1872; baseline -0.004 -17"><span class='ocrx_word' id='word_1_270' title='bbox 2154 1800 2442 1872; x_wconf 76' lang='grc' dir='ltr'><strong>ἄνθρωπος</strong></span> <span class='ocrx_word' id='word_1_271' title='bbox 2461 1800 2519 1855; x_wconf 80' lang='grc' dir='ltr'><strong>δὲ</strong></span> <span class='ocrx_word' id='word_1_272' title='bbox 2553 1800 2678 1854; x_wconf 82' lang='grc' dir='ltr'><strong>καθ’</strong></span> <span class='ocrx_word' id='word_1_273' title='bbox 2711 1799 2979 1870; x_wconf 84' lang='grc' dir='ltr'><strong>ἑϐδομάδα</strong></span> <span class='ocrx_word' id='word_1_274' title='bbox 3018 1796 3281 1852; x_wconf 86' lang='grc' dir='ltr'><strong>ἑνιαυτῶν</strong></span> <span class='ocrx_word' id='word_1_275' title='bbox 3309 1795 3531 1867; x_wconf 86' lang='grc' dir='ltr'><strong>ήλικίαν</strong></span> <span class='ocrx_word' id='word_1_276' title='bbox 3565 1795 3728 1865; x_wconf 81' lang='grc' dir='ltr'><strong>ἀμείο</strong></span> 
     </span>
    </p>
   </div>
   <div class='ocr_carea' id='block_1_44' title="bbox 2153 1884 3726 1964">
    <p class='ocr_par' dir='ltr' id='par_1_44' title="bbox 2153 1884 3726 1964">
     <span class='ocr_line' id='line_1_44' title="bbox 2153 1884 3726 1964; baseline -0.006 -15"><span class='ocrx_word' id='word_1_277' title='bbox 2153 1897 2259 1952; x_wconf 85' lang='grc' dir='ltr'><strong>ϐει.</strong></span> <span class='ocrx_word' id='word_1_278' title='bbox 2309 1895 2420 1950; x_wconf 72' lang='grc' dir='ltr'><strong>Καὶ</strong></span> <span class='ocrx_word' id='word_1_279' title='bbox 2463 1895 2534 1948; x_wconf 77' lang='grc' dir='ltr'><strong>τὰ</strong></span> <span class='ocrx_word' id='word_1_280' title='bbox 2579 1893 2866 1964; x_wconf 85' lang='grc' dir='ltr'><strong>νοσήματα</strong></span> <span class='ocrx_word' id='word_1_281' title='bbox 2902 1891 2960 1945; x_wconf 74' lang='grc' dir='ltr'><strong>δὲ</strong></span> <span class='ocrx_word' id='word_1_282' title='bbox 3003 1889 3100 1945; x_wconf 86' lang='grc' dir='ltr'><strong>τοῦ</strong></span> <span class='ocrx_word' id='word_1_283' title='bbox 3156 1890 3431 1960; x_wconf 85' lang='grc' dir='ltr'><strong>σώματος,</strong></span> <span class='ocrx_word' id='word_1_284' title='bbox 3471 1887 3549 1952; x_wconf 82' lang='grc' dir='ltr'><strong>ὥς</strong></span> <span class='ocrx_word' id='word_1_285' title='bbox 3587 1884 3726 1956; x_wconf 79' lang='grc' dir='ltr'><strong>φασί</strong></span> 
     </span>
    </p>
   </div>
   <div class='ocr_carea' id='block_1_45' title="bbox 2151 1971 3725 2059">
    <p class='ocr_par' dir='ltr' id='par_1_45' title="bbox 2151 1971 3725 2059">
     <span class='ocr_line' id='line_1_45' title="bbox 2151 1971 3725 2059; baseline -0.003 -19"><span class='ocrx_word' id='word_1_286' title='bbox 2151 2005 2319 2052; x_wconf 88' lang='grc' dir='ltr'><strong>τινες,</strong></span> <span class='ocrx_word' id='word_1_287' title='bbox 2355 1971 2407 2059; x_wconf 38' lang='grc' dir='ltr'><strong>’ἢ</strong></span> <span class='ocrx_word' id='word_1_288' title='bbox 2439 1989 2498 2042; x_wconf 87' lang='grc' dir='ltr'><strong>ἑν</strong></span> <span class='ocrx_word' id='word_1_289' title='bbox 2551 1985 2868 2055; x_wconf 82' lang='grc' dir='ltr'><strong>ἑϐδομάσιν,</strong></span> <span class='ocrx_word' id='word_1_290' title='bbox 2915 1983 2950 2054; x_wconf 76' lang='grc' dir='ltr'>ἢ</span> <span class='ocrx_word' id='word_1_291' title='bbox 2987 1983 3049 2038; x_wconf 79' lang='grc' dir='ltr'><strong>ἑν</strong></span> <span class='ocrx_word' id='word_1_292' title='bbox 3106 1982 3362 2052; x_wconf 78' lang='grc' dir='ltr'><strong>ἡμίσεσιν</strong></span> <span class='ocrx_word' id='word_1_293' title='bbox 3411 1979 3725 2054; x_wconf 80' lang='grc' dir='ltr'><strong>ἑϐδομάδων</strong></span> 
     </span>
    </p>
   </div>
   <div class='ocr_carea' id='block_1_46' title="bbox 2152 2071 3725 2150">
    <p class='ocr_par' dir='ltr' id='par_1_46' title="bbox 2152 2071 3725 2150">
     <span class='ocr_line' id='line_1_46' title="bbox 2152 2071 3725 2150; baseline -0.005 -18"><span class='ocrx_word' id='word_1_294' title='bbox 2152 2079 2454 2150; x_wconf 86' lang='grc' dir='ltr'><strong>κρίνονται.</strong></span> <span class='ocrx_word' id='word_1_295' title='bbox 2509 2079 2712 2133; x_wconf 78' lang='grc' dir='ltr'><strong>Λοιπὸν</strong></span> <span class='ocrx_word' id='word_1_296' title='bbox 2774 2075 3040 2130; x_wconf 78' lang='grc' dir='ltr'><strong>σκοποῦσι</strong></span> <span class='ocrx_word' id='word_1_297' title='bbox 3097 2091 3244 2138; x_wconf 84' lang='grc' dir='ltr'><strong>τινες</strong></span> <span class='ocrx_word' id='word_1_298' title='bbox 3289 2073 3388 2128; x_wconf 79' lang='grc' dir='ltr'><strong>καὶ</strong></span> <span class='ocrx_word' id='word_1_299' title='bbox 3446 2072 3537 2126; x_wconf 79' lang='grc' dir='ltr'><strong>διὰ</strong></span> <span class='ocrx_word' id='word_1_300' title='bbox 3592 2071 3725 2136; x_wconf 72' lang='grc' dir='ltr'><strong>τοὺς</strong></span> 
     </span>
    </p>
   </div>
   <div class='ocr_carea' id='block_1_47' title="bbox 2151 2163 3722 2242">
    <p class='ocr_par' dir='ltr' id='par_1_47' title="bbox 2151 2163 3722 2242">
     <span class='ocr_line' id='line_1_47' title="bbox 2151 2163 3722 2242; baseline -0.006 -17"><span class='ocrx_word' id='word_1_301' title='bbox 2151 2171 2292 2225; x_wconf 84' lang='grc' dir='ltr'><strong>ἑπτὰ</strong></span> <span class='ocrx_word' id='word_1_302' title='bbox 2330 2170 2637 2242; x_wconf 84' lang='grc' dir='ltr'><strong>πλανήτας,</strong></span> <span class='ocrx_word' id='word_1_303' title='bbox 2687 2171 2780 2224; x_wconf 78' lang='grc' dir='ltr'><strong>καὶ</strong></span> <span class='ocrx_word' id='word_1_304' title='bbox 2828 2169 2927 2232; x_wconf 84' lang='grc' dir='ltr'><strong>τὰς</strong></span> <span class='ocrx_word' id='word_1_305' title='bbox 2975 2167 3116 2221; x_wconf 83' lang='grc' dir='ltr'><strong>ἑπτὰ</strong></span> <span class='ocrx_word' id='word_1_306' title='bbox 3135 2164 3335 2232; x_wconf 79' lang='grc' dir='ltr'><strong>ζώνας,</strong></span> <span class='ocrx_word' id='word_1_307' title='bbox 3387 2165 3487 2219; x_wconf 74' lang='grc' dir='ltr'><strong>καὶ</strong></span> <span class='ocrx_word' id='word_1_308' title='bbox 3531 2163 3631 2227; x_wconf 77' lang='grc' dir='ltr'><strong>τὰς</strong></span> <span class='ocrx_word' id='word_1_309' title='bbox 3660 2163 3722 2216; x_wconf 86' lang='grc' dir='ltr'><strong>ἑν</strong></span> 
     </span>
    </p>
   </div>
   <div class='ocr_carea' id='block_1_48' title="bbox 2150 2253 3723 2332">
    <p class='ocr_par' dir='ltr' id='par_1_48' title="bbox 2150 2253 3723 2332">
     <span class='ocr_line' id='line_1_48' title="bbox 2150 2253 3723 2332; baseline -0.006 -16"><span class='ocrx_word' id='word_1_310' title='bbox 2150 2263 2344 2325; x_wconf 78' lang='grc' dir='ltr'><strong>αὑταῖς</strong></span> <span class='ocrx_word' id='word_1_311' title='bbox 2377 2261 2626 2332; x_wconf 82' lang='grc' dir='ltr'><strong>κινήσεις</strong></span> <span class='ocrx_word' id='word_1_312' title='bbox 2655 2258 2858 2325; x_wconf 81' lang='grc' dir='ltr'><strong>αὐτῶν,</strong></span> <span class='ocrx_word' id='word_1_313' title='bbox 2895 2257 2972 2321; x_wconf 84' lang='grc' dir='ltr'><strong>ὡς</strong></span> <span class='ocrx_word' id='word_1_314' title='bbox 3002 2257 3101 2311; x_wconf 68' lang='grc' dir='ltr'><strong>καὶ</strong></span> <span class='ocrx_word' id='word_1_315' title='bbox 3127 2255 3208 2326; x_wconf 81' lang='grc' dir='ltr'><strong>τῷ</strong></span> <span class='ocrx_word' id='word_1_316' title='bbox 3245 2253 3462 2324; x_wconf 79' lang='grc' dir='ltr'><strong>ἑϐδόμῳ</strong></span> <span class='ocrx_word' id='word_1_317' title='bbox 3507 2253 3670 2308; x_wconf 83' lang='grc' dir='ltr'><strong>αῑῶνι</strong></span> <span class='ocrx_word' id='word_1_318' title='bbox 3691 2256 3723 2306; x_wconf 81' lang='grc' dir='ltr'><strong>δ</strong></span> 
     </span>
    </p>
   </div>
   <div class='ocr_carea' id='block_1_49' title="bbox 2150 2342 3721 2424">
    <p class='ocr_par' dir='ltr' id='par_1_49' title="bbox 2150 2342 3721 2424">
     <span class='ocr_line' id='line_1_49' title="bbox 2150 2342 3721 2424; baseline -0.008 -17"><span class='ocrx_word' id='word_1_319' title='bbox 2150 2355 2354 2424; x_wconf 84' lang='grc' dir='ltr'><strong>κόσμος</strong></span> <span class='ocrx_word' id='word_1_320' title='bbox 2382 2346 2538 2416; x_wconf 75' lang='grc' dir='ltr'><strong>οὗτος</strong></span> <span class='ocrx_word' id='word_1_321' title='bbox 2580 2350 3030 2421; x_wconf 88' lang='grc' dir='ltr'><strong>ἀλλοιωθήσεται.</strong></span> <span class='ocrx_word' id='word_1_322' title='bbox 3067 2346 3210 2402; x_wconf 80' lang='grc' dir='ltr'><strong>Ἀλλ’</strong></span> <span class='ocrx_word' id='word_1_323' title='bbox 3259 2347 3294 2416; x_wconf 82' lang='grc' dir='ltr'><strong>ή</strong></span> <span class='ocrx_word' id='word_1_324' title='bbox 3342 2345 3443 2415; x_wconf 85' lang='grc' dir='ltr'><strong>τῆς</strong></span> <span class='ocrx_word' id='word_1_325' title='bbox 3483 2342 3721 2412; x_wconf 81' lang='grc' dir='ltr'><strong>Ἐκκλη-</strong></span> 
     </span>
    </p>
   </div>
   <div class='ocr_carea' id='block_1_50' title="bbox 2151 2431 3720 2512">
    <p class='ocr_par' dir='ltr' id='par_1_50' title="bbox 2151 2431 3720 2512">
     <span class='ocr_line' id='line_1_50' title="bbox 2151 2431 3720 2512; baseline -0.008 -15"><span class='ocrx_word' id='word_1_326' title='bbox 2151 2444 2275 2508; x_wconf 83' lang='grc' dir='ltr'><strong>σίας</strong></span> <span class='ocrx_word' id='word_1_327' title='bbox 2313 2443 2662 2512; x_wconf 83' lang='grc' dir='ltr'><strong>γνῶσιςόΰκ</strong></span> <span class='ocrx_word' id='word_1_328' title='bbox 2709 2443 2770 2496; x_wconf 83' lang='grc' dir='ltr'><strong>ἑν</strong></span> <span class='ocrx_word' id='word_1_329' title='bbox 2813 2438 3048 2506; x_wconf 79' lang='grc' dir='ltr'><strong>τούτοις,</strong></span> <span class='ocrx_word' id='word_1_330' title='bbox 3104 2437 3220 2491; x_wconf 82' lang='grc' dir='ltr'><strong>ἀλλ’</strong></span> <span class='ocrx_word' id='word_1_331' title='bbox 3267 2438 3328 2490; x_wconf 81' lang='grc' dir='ltr'><strong>ἑν</strong></span> <span class='ocrx_word' id='word_1_332' title='bbox 3353 2438 3420 2505; x_wconf 74' lang='grc' dir='ltr'><strong>τῇ</strong></span> <span class='ocrx_word' id='word_1_333' title='bbox 3450 2432 3546 2488; x_wconf 89' lang='grc' dir='ltr'><strong>τοῦ</strong></span> <span class='ocrx_word' id='word_1_334' title='bbox 3579 2431 3720 2486; x_wconf 82' lang='grc' dir='ltr'><strong>Θεοῦ</strong></span> 
     </span>
    </p>
   </div>
   <div class='ocr_carea' id='block_1_51' title="bbox 2152 2518 3721 2609">
    <p class='ocr_par' dir='ltr' id='par_1_51' title="bbox 2152 2518 3721 2609">
     <span class='ocr_line' id='line_1_51' title="bbox 2152 2518 3721 2609; baseline -0.006 -20"><span class='ocrx_word' id='word_1_335' title='bbox 2152 2536 2320 2608; x_wconf 79' lang='grc' dir='ltr'><strong>βουλῇ</strong></span> <span class='ocrx_word' id='word_1_336' title='bbox 2337 2518 2416 2590; x_wconf 40' lang='grc' dir='ltr'><strong>’τὸ</strong></span> <span class='ocrx_word' id='word_1_337' title='bbox 2444 2537 2554 2591; x_wconf 76' lang='grc' dir='ltr'><strong>πᾶν</strong></span> <span class='ocrx_word' id='word_1_338' title='bbox 2589 2533 2846 2588; x_wconf 81' lang='grc' dir='ltr'><strong>ἵστασθαι</strong></span> <span class='ocrx_word' id='word_1_339' title='bbox 2876 2534 3088 2609; x_wconf 75' lang='grc' dir='ltr'><strong>φρονεῖ.</strong></span> <span class='ocrx_word' id='word_1_340' title='bbox 3119 2531 3229 2585; x_wconf 78' lang='lat' dir='ltr'><strong>Kal</strong></span> <span class='ocrx_word' id='word_1_341' title='bbox 3255 2528 3333 2594; x_wconf 78' lang='grc' dir='ltr'><strong>ὥς</strong></span> <span class='ocrx_word' id='word_1_342' title='bbox 3358 2527 3428 2584; x_wconf 82' lang='grc' dir='ltr'><strong>δι’</strong></span> <span class='ocrx_word' id='word_1_343' title='bbox 3449 2527 3721 2595; x_wconf 80' lang='grc' dir='ltr'><strong>ὠφέλειαν</strong></span> 
     </span>
    </p>
   </div>
   <div class='ocr_carea' id='block_1_52' title="bbox 2151 2621 3720 2699">
    <p class='ocr_par' dir='ltr' id='par_1_52' title="bbox 2151 2621 3720 2699">
     <span class='ocr_line' id='line_1_52' title="bbox 2151 2621 3720 2699; baseline -0.006 -16"><span class='ocrx_word' id='word_1_344' title='bbox 2151 2632 2388 2696; x_wconf 82' lang='grc' dir='ltr'><strong>συνέστη</strong></span> <span class='ocrx_word' id='word_1_345' title='bbox 2417 2630 2483 2682; x_wconf 81' lang='grc' dir='ltr'><strong>ἑκ</strong></span> <span class='ocrx_word' id='word_1_346' title='bbox 2527 2628 2604 2699; x_wconf 79' lang='grc' dir='ltr'><strong>μὴ</strong></span> <span class='ocrx_word' id='word_1_347' title='bbox 2635 2625 2810 2680; x_wconf 67' lang='grc' dir='ltr'><strong>ὄντων</strong></span> <span class='ocrx_word' id='word_1_348' title='bbox 2844 2625 2908 2679; x_wconf 79' lang='grc' dir='ltr'><strong>τὸ</strong></span> <span class='ocrx_word' id='word_1_349' title='bbox 2938 2625 3070 2692; x_wconf 73' lang='grc' dir='ltr'><strong>πᾶν,</strong></span> <span class='ocrx_word' id='word_1_350' title='bbox 3091 2623 3188 2677; x_wconf 85' lang='grc' dir='ltr'><strong>καὶ</strong></span> <span class='ocrx_word' id='word_1_351' title='bbox 3218 2621 3284 2676; x_wconf 84' lang='grc' dir='ltr'><strong>δι’</strong></span> <span class='ocrx_word' id='word_1_352' title='bbox 3338 2621 3608 2692; x_wconf 78' lang='grc' dir='ltr'><strong>ὠφέλειαν</strong></span> <span class='ocrx_word' id='word_1_353' title='bbox 3639 2621 3720 2684; x_wconf 85' lang='grc' dir='ltr'><strong>είς</strong></span> 
     </span>
    </p>
   </div>
   <div class='ocr_carea' id='block_1_53' title="bbox 467 2710 2067 2788">
    <p class='ocr_par' dir='ltr' id='par_1_53' title="bbox 467 2713 2048 2784">
     <span class='ocr_line' id='line_1_53' title="bbox 467 2713 2048 2784; baseline 0.004 -18"><span class='ocrx_word' id='word_1_354' title='bbox 467 2713 804 2780; x_wconf 89' lang='lat' dir='ltr'><strong>liramentis;</strong></span> <span class='ocrx_word' id='word_1_355' title='bbox 854 2714 1082 2784; x_wconf 90' lang='lat' dir='ltr'><strong>pulchre</strong></span> <span class='ocrx_word' id='word_1_356' title='bbox 1131 2717 1274 2769; x_wconf 90' lang='lat' dir='ltr'><strong>enim</strong></span> <span class='ocrx_word' id='word_1_357' title='bbox 1337 2715 1502 2770; x_wconf 90' lang='lat' dir='ltr'><strong>sentit</strong></span> <span class='ocrx_word' id='word_1_358' title='bbox 1558 2717 1812 2773; x_wconf 90' lang='lat' dir='ltr'><strong>universa</strong></span> <span class='ocrx_word' id='word_1_359' title='bbox 1854 2731 2048 2774; x_wconf 85' lang='lat' dir='ltr'><strong>secun-</strong></span> 
     </span>
    </p>
   </div>
   <div class='ocr_carea' id='block_1_54' title="bbox 2148 2710 3717 2788">
    <p class='ocr_par' dir='ltr' id='par_1_54' title="bbox 2148 2710 3717 2788">
     <span class='ocr_line' id='line_1_54' title="bbox 2148 2710 3717 2788; baseline -0.006 -16"><span class='ocrx_word' id='word_1_360' title='bbox 2148 2720 2209 2772; x_wconf 75' lang='grc' dir='ltr'><strong>τὸ</strong></span> <span class='ocrx_word' id='word_1_361' title='bbox 2267 2721 2520 2788; x_wconf 84' lang='grc' dir='ltr'><strong>κρεῖττον</strong></span> <span class='ocrx_word' id='word_1_362' title='bbox 2577 2716 3045 2786; x_wconf 76' lang='grc' dir='ltr'><strong>ὰλλοιωθήσεταιο</strong></span> <span class='ocrx_word' id='word_1_363' title='bbox 3111 2717 3206 2768; x_wconf 82' lang='grc' dir='ltr'><strong>καὶ</strong></span> <span class='ocrx_word' id='word_1_364' title='bbox 3262 2714 3405 2780; x_wconf 88' lang='grc' dir='ltr'><strong>τότε,</strong></span> <span class='ocrx_word' id='word_1_365' title='bbox 3466 2713 3554 2765; x_wconf 78' lang='grc' dir='ltr'><strong>ὅτε</strong></span> <span class='ocrx_word' id='word_1_366' title='bbox 3616 2710 3717 2763; x_wconf 82' lang='grc' dir='ltr'><strong>οὐκ</strong></span> 
     </span>
    </p>
   </div>
   <div class='ocr_carea' id='block_1_55' title="bbox 465 2798 2067 2882">
    <p class='ocr_par' dir='ltr' id='par_1_55' title="bbox 465 2798 2045 2876">
     <span class='ocr_line' id='line_1_55' title="bbox 465 2798 2045 2876; baseline 0.004 -17"><span class='ocrx_word' id='word_1_367' title='bbox 465 2806 594 2859; x_wconf 86' lang='lat' dir='ltr'><strong>dum</strong></span> <span class='ocrx_word' id='word_1_368' title='bbox 639 2798 732 2860; x_wconf 84' lang='lat' dir='ltr'><strong>Dei</strong></span> <span class='ocrx_word' id='word_1_369' title='bbox 787 2806 1188 2876; x_wconf 81' lang='lat' dir='ltr'><strong>beneplacitum</strong></span> <span class='ocrx_word' id='word_1_370' title='bbox 1237 2805 1411 2862; x_wconf 79' lang='lat' dir='ltr'><strong>fuisse</strong></span> <span class='ocrx_word' id='word_1_371' title='bbox 1441 2808 1740 2862; x_wconf 88' lang='lat' dir='ltr'><strong>constituta</strong></span> <span class='ocrx_word' id='word_1_372' title='bbox 1796 2816 1850 2869; x_wconf 88' lang='lat' dir='ltr'><strong>et</strong></span> <span class='ocrx_word' id='word_1_373' title='bbox 1910 2823 2045 2865; x_wconf 82' lang='lat' dir='ltr'><strong>con-</strong></span> 
     </span>
    </p>
   </div>
   <div class='ocr_carea' id='block_1_56' title="bbox 2148 2798 3718 2882">
    <p class='ocr_par' dir='ltr' id='par_1_56' title="bbox 2148 2800 3718 2882">
     <span class='ocr_line' id='line_1_56' title="bbox 2148 2800 3718 2882; baseline -0.008 -15"><span class='ocrx_word' id='word_1_374' title='bbox 2148 2813 2610 2882; x_wconf 77' lang='grc' dir='ltr'><strong>ἀπολειφθήσεται</strong></span> <span class='ocrx_word' id='word_1_375' title='bbox 2637 2811 2696 2864; x_wconf 81' lang='grc' dir='ltr'><strong>ἑν</strong></span> <span class='ocrx_word' id='word_1_376' title='bbox 2720 2807 2797 2878; x_wconf 85' lang='grc' dir='ltr'>τῷ</span> <span class='ocrx_word' id='word_1_377' title='bbox 2821 2807 3016 2878; x_wconf 85' lang='grc' dir='ltr'><strong>κόσμῳ</strong></span> <span class='ocrx_word' id='word_1_378' title='bbox 3034 2809 3068 2878; x_wconf 86' lang='grc' dir='ltr'><strong>ή</strong></span> <span class='ocrx_word' id='word_1_379' title='bbox 3103 2805 3296 2876; x_wconf 79' lang='grc' dir='ltr'><strong>ἀρετὴ,</strong></span> <span class='ocrx_word' id='word_1_380' title='bbox 3323 2800 3393 2876; x_wconf 82' lang='grc' dir='ltr'><strong>ἧς</strong></span> <span class='ocrx_word' id='word_1_381' title='bbox 3417 2803 3718 2880; x_wconf 72' lang='grc' dir='ltr'><strong>κεφάλαιον</strong></span> 
     </span>
    </p>
   </div>
   <div class='ocr_carea' id='block_1_57' title="bbox 467 2894 2067 2978">
    <p class='ocr_par' dir='ltr' id='par_1_57' title="bbox 467 2897 2046 2962">
     <span class='ocr_line' id='line_1_57' title="bbox 467 2897 2046 2962; baseline 0.004 -11"><span class='ocrx_word' id='word_1_382' title='bbox 467 2899 682 2962; x_wconf 77' lang='lat' dir='ltr'><strong>sistere,</strong></span> <span class='ocrx_word' id='word_1_383' title='bbox 735 2907 791 2951; x_wconf 89' lang='lat' dir='ltr'><strong>et</strong></span> <span class='ocrx_word' id='word_1_384' title='bbox 836 2897 979 2951; x_wconf 83' lang='lat' dir='ltr'><strong>sicut</strong></span> <span class='ocrx_word' id='word_1_385' title='bbox 1047 2899 1113 2952; x_wconf 82' lang='lat' dir='ltr'><strong>ad</strong></span> <span class='ocrx_word' id='word_1_386' title='bbox 1174 2909 1355 2951; x_wconf 84' lang='lat' dir='ltr'><strong>veram</strong></span> <span class='ocrx_word' id='word_1_387' title='bbox 1401 2898 1691 2952; x_wconf 87' lang='lat' dir='ltr'><strong>utilitatem</strong></span> <span class='ocrx_word' id='word_1_388' title='bbox 1754 2915 1822 2956; x_wconf 81' lang='lat' dir='ltr'><strong>ex</strong></span> <span class='ocrx_word' id='word_1_389' title='bbox 1877 2901 2046 2957; x_wconf 84' lang='lat' dir='ltr'><strong>nihilo</strong></span> 
     </span>
    </p>
   </div>
   <div class='ocr_carea' id='block_1_58' title="bbox 2148 2894 3717 2978">
    <p class='ocr_par' dir='ltr' id='par_1_58' title="bbox 2148 2894 3717 2978">
     <span class='ocr_line' id='line_1_58' title="bbox 2148 2894 3717 2978; baseline -0.007 -19"><span class='ocrx_word' id='word_1_390' title='bbox 2148 2909 2180 2978; x_wconf 91' lang='grc' dir='ltr'><strong>ή</strong></span> <span class='ocrx_word' id='word_1_391' title='bbox 2240 2905 2452 2976; x_wconf 82' lang='grc' dir='ltr'><strong>ἀγάπη.</strong></span> <span class='ocrx_word' id='word_1_392' title='bbox 2513 2903 2591 2956; x_wconf 83' lang='grc' dir='ltr'><strong>Δι’</strong></span> <span class='ocrx_word' id='word_1_393' title='bbox 2647 2903 2714 2974; x_wconf 77' lang='grc' dir='ltr'><strong>ἢν</strong></span> <span class='ocrx_word' id='word_1_394' title='bbox 2766 2901 2991 2972; x_wconf 78' lang='grc' dir='ltr'><strong>ἀγάπην</strong></span> <span class='ocrx_word' id='word_1_395' title='bbox 3057 2897 3157 2950; x_wconf 77' lang='grc' dir='ltr'><strong>καὶ</strong></span> <span class='ocrx_word' id='word_1_396' title='bbox 3201 2897 3336 2959; x_wconf 74' lang='grc' dir='ltr'><strong>Θεὸς</strong></span> <span class='ocrx_word' id='word_1_397' title='bbox 3365 2906 3376 2958; x_wconf 72' lang='grc' dir='ltr'><strong>ί</strong></span> <span class='ocrx_word' id='word_1_398' title='bbox 3409 2894 3479 2948; x_wconf 86' lang='grc' dir='ltr'><strong>τὰ</strong></span> <span class='ocrx_word' id='word_1_399' title='bbox 3537 2895 3717 2949; x_wconf 83' lang='grc' dir='ltr'><strong>πάντα</strong></span> 
     </span>
    </p>
   </div>
   <div class='ocr_carea' id='block_1_59' title="bbox 466 2984 2067 3069">
    <p class='ocr_par' dir='ltr' id='par_1_59' title="bbox 466 2989 2044 3060">
     <span class='ocr_line' id='line_1_59' title="bbox 466 2989 2044 3060; baseline 0.006 -22"><span class='ocrx_word' id='word_1_400' title='bbox 466 2998 661 3060; x_wconf 75' lang='lat' dir='ltr'><strong>cuncta</strong></span> <span class='ocrx_word' id='word_1_401' title='bbox 713 2997 1119 3056; x_wconf 89' lang='lat' dir='ltr'><strong>processerunt,</strong></span> <span class='ocrx_word' id='word_1_402' title='bbox 1158 2991 1230 3042; x_wconf 85' lang='lat' dir='ltr'><strong>ita</strong></span> <span class='ocrx_word' id='word_1_403' title='bbox 1263 3002 1483 3059; x_wconf 85' lang='lat' dir='ltr'><strong>quoque</strong></span> <span class='ocrx_word' id='word_1_404' title='bbox 1516 2989 1584 3043; x_wconf 91' lang='lat' dir='ltr'><strong>ad</strong></span> <span class='ocrx_word' id='word_1_405' title='bbox 1614 3005 1798 3046; x_wconf 85' lang='lat' dir='ltr'><strong>veram</strong></span> <span class='ocrx_word' id='word_1_406' title='bbox 1836 2994 2044 3048; x_wconf 89' lang='lat' dir='ltr'><strong>utilita-</strong></span> 
     </span>
    </p>
   </div>
   <div class='ocr_carea' id='block_1_60' title="bbox 2148 2984 3716 3069">
    <p class='ocr_par' dir='ltr' id='par_1_60' title="bbox 2149 2984 3716 3069">
     <span class='ocr_line' id='line_1_60' title="bbox 2149 2984 3716 3069; baseline -0.01 -17"><span class='ocrx_word' id='word_1_407' title='bbox 2149 2998 2440 3069; x_wconf 84' lang='grc' dir='ltr'><strong>πεποίηκε,</strong></span> <span class='ocrx_word' id='word_1_408' title='bbox 2467 2997 2563 3052; x_wconf 82' lang='grc' dir='ltr'><strong>καὶ</strong></span> <span class='ocrx_word' id='word_1_409' title='bbox 2588 2994 2681 3048; x_wconf 80' lang='grc' dir='ltr'><strong>τδν</strong></span> <span class='ocrx_word' id='word_1_410' title='bbox 2718 2991 2987 3064; x_wconf 85' lang='grc' dir='ltr'><strong>μονογενῆ</strong></span> <span class='ocrx_word' id='word_1_411' title='bbox 3014 2987 3184 3044; x_wconf 83' lang='grc' dir='ltr'><strong>αὑτοῦ</strong></span> <span class='ocrx_word' id='word_1_412' title='bbox 3216 2988 3349 3041; x_wconf 82' lang='grc' dir='ltr'><strong>Υίδν</strong></span> <span class='ocrx_word' id='word_1_413' title='bbox 3382 2986 3520 3057; x_wconf 80' lang='grc' dir='ltr'><strong>ὑπὲρ</strong></span> <span class='ocrx_word' id='word_1_414' title='bbox 3557 2984 3716 3055; x_wconf 78' lang='grc' dir='ltr'><strong>ἡμῶν</strong></span> 
     </span>
    </p>
   </div>
   <div class='ocr_carea' id='block_1_61' title="bbox 465 3079 2067 3154">
    <p class='ocr_par' dir='ltr' id='par_1_61' title="bbox 465 3079 2067 3150">
     <span class='ocr_line' id='line_1_61' title="bbox 465 3079 2067 3150; baseline 0.006 -20"><span class='ocrx_word' id='word_1_415' title='bbox 465 3089 576 3131; x_wconf 85' lang='lat' dir='ltr'><strong>tem</strong></span> <span class='ocrx_word' id='word_1_416' title='bbox 608 3079 663 3132; x_wconf 89' lang='lat' dir='ltr'><strong>in</strong></span> <span class='ocrx_word' id='word_1_417' title='bbox 697 3080 894 3134; x_wconf 88' lang='lat' dir='ltr'><strong>melius</strong></span> <span class='ocrx_word' id='word_1_418' title='bbox 938 3081 1197 3135; x_wconf 88' lang='lat' dir='ltr'><strong>mutanda</strong></span> <span class='ocrx_word' id='word_1_419' title='bbox 1241 3079 1360 3135; x_wconf 84' lang='lat' dir='ltr'><strong>fore</strong></span> <span class='ocrx_word' id='word_1_420' title='bbox 1391 3091 1488 3136; x_wconf 90' lang='lat' dir='ltr'><strong>:et</strong></span> <span class='ocrx_word' id='word_1_421' title='bbox 1521 3091 1650 3139; x_wconf 90' lang='lat' dir='ltr'><strong>tunc</strong></span> <span class='ocrx_word' id='word_1_422' title='bbox 1680 3083 1880 3150; x_wconf 88' lang='lat' dir='ltr'><strong>solum,</strong></span> <span class='ocrx_word' id='word_1_423' title='bbox 1913 3101 2037 3141; x_wconf 87' lang='lat' dir='ltr'><strong>cum</strong></span> <span class='ocrx_word' id='word_1_424' title='bbox 2066 3111 2067 3118; x_wconf 56' lang='grc' dir='ltr'><strong>η</strong></span> 
     </span>
    </p>
   </div>
   <div class='ocr_carea' id='block_1_62' title="bbox 2148 3079 3712 3154">
    <p class='ocr_par' dir='ltr' id='par_1_62' title="bbox 2148 3079 3712 3154">
     <span class='ocr_line' id='line_1_62' title="bbox 2148 3079 3712 3154; baseline -0.01 -10"><span class='ocrx_word' id='word_1_425' title='bbox 2148 3090 2363 3144; x_wconf 81' lang='grc' dir='ltr'><strong>δέδωκε.</strong></span> <span class='ocrx_word' id='word_1_426' title='bbox 2391 3087 2482 3141; x_wconf 79' lang='grc' dir='ltr'><strong>Διδ</strong></span> <span class='ocrx_word' id='word_1_427' title='bbox 2505 3087 2601 3141; x_wconf 72' lang='grc' dir='ltr'><strong>καὶ</strong></span> <span class='ocrx_word' id='word_1_428' title='bbox 2626 3085 2790 3147; x_wconf 77' lang='grc' dir='ltr'><strong>αὐτὸς</strong></span> <span class='ocrx_word' id='word_1_429' title='bbox 2827 3082 3031 3154; x_wconf 77' lang='grc' dir='ltr'><strong>σημεῖα</strong></span> <span class='ocrx_word' id='word_1_430' title='bbox 3051 3081 3182 3151; x_wconf 77' lang='grc' dir='ltr'><strong>περὶ</strong></span> <span class='ocrx_word' id='word_1_431' title='bbox 3205 3079 3298 3134; x_wconf 87' lang='grc' dir='ltr'><strong>τοῦ</strong></span> <span class='ocrx_word' id='word_1_432' title='bbox 3317 3079 3503 3141; x_wconf 82' lang='grc' dir='ltr'><strong>τέλους</strong></span> <span class='ocrx_word' id='word_1_433' title='bbox 3523 3079 3712 3147; x_wconf 72' lang='grc' dir='ltr'><strong>φησιν,</strong></span> 
     </span>
    </p>
   </div>
   <div class='ocr_carea' id='block_1_63' title="bbox 467 3167 2067 3249">
    <p class='ocr_par' dir='ltr' id='par_1_63' title="bbox 467 3169 2040 3248">
     <span class='ocr_line' id='line_1_63' title="bbox 467 3169 2040 3248; baseline 0.006 -22"><span class='ocrx_word' id='word_1_434' title='bbox 467 3174 522 3227; x_wconf 88' lang='lat' dir='ltr'><strong>in</strong></span> <span class='ocrx_word' id='word_1_435' title='bbox 554 3174 758 3229; x_wconf 89' lang='lat' dir='ltr'><strong>mundo</strong></span> <span class='ocrx_word' id='word_1_436' title='bbox 805 3192 912 3231; x_wconf 87' lang='lat' dir='ltr'><strong>non</strong></span> <span class='ocrx_word' id='word_1_437' title='bbox 965 3177 1276 3230; x_wconf 86' lang='lat' dir='ltr'><strong>invenietur</strong></span> <span class='ocrx_word' id='word_1_438' title='bbox 1322 3178 1518 3243; x_wconf 74' lang='lat' dir='ltr'><strong>virtus,</strong></span> <span class='ocrx_word' id='word_1_439' title='bbox 1551 3169 1712 3246; x_wconf 73' lang='lat' dir='ltr'><strong>Cujus</strong></span> <span class='ocrx_word' id='word_1_440' title='bbox 1757 3188 1924 3248; x_wconf 88' lang='lat' dir='ltr'><strong>caput</strong></span> <span class='ocrx_word' id='word_1_441' title='bbox 1956 3194 2040 3235; x_wconf 85' lang='lat' dir='ltr'><strong>est</strong></span> 
     </span>
    </p>
   </div>
   <div class='ocr_carea' id='block_1_64' title="bbox 2148 3167 3714 3249">
    <p class='ocr_par' dir='ltr' id='par_1_64' title="bbox 2148 3167 3714 3249">
     <span class='ocr_line' id='line_1_64' title="bbox 2148 3167 3714 3249; baseline -0.01 -13"><span class='ocrx_word' id='word_1_442' title='bbox 2148 3184 2205 3236; x_wconf 78' lang='grc' dir='ltr'><strong>ἑν</strong></span> <span class='ocrx_word' id='word_1_443' title='bbox 2235 3182 2311 3248; x_wconf 76' lang='grc' dir='ltr'><strong>τῷ</strong></span> <span class='ocrx_word' id='word_1_444' title='bbox 2343 3179 2420 3249; x_wconf 80' lang='grc' dir='ltr'><strong>μὴ</strong></span> <span class='ocrx_word' id='word_1_445' title='bbox 2439 3178 2573 3234; x_wconf 74' lang='grc' dir='ltr'><strong>εἶναι</strong></span> <span class='ocrx_word' id='word_1_446' title='bbox 2599 3177 2697 3248; x_wconf 78' lang='grc' dir='ltr'><strong>τὴν</strong></span> <span class='ocrx_word' id='word_1_447' title='bbox 2731 3174 2956 3245; x_wconf 79' lang='grc' dir='ltr'><strong>ἀγάπην</strong></span> <span class='ocrx_word' id='word_1_448' title='bbox 2991 3172 3189 3241; x_wconf 77' lang='grc' dir='ltr'><strong>λέγων.</strong></span> <span class='ocrx_word' id='word_1_449' title='bbox 3209 3171 3322 3224; x_wconf 76' lang='grc' dir='ltr'><strong>Καὶ</strong></span> <span class='ocrx_word' id='word_1_450' title='bbox 3351 3170 3441 3223; x_wconf 83' lang='grc' dir='ltr'><strong>διὰ</strong></span> <span class='ocrx_word' id='word_1_451' title='bbox 3479 3169 3540 3223; x_wconf 82' lang='grc' dir='ltr'><strong>τδ</strong></span> <span class='ocrx_word' id='word_1_452' title='bbox 3570 3167 3714 3238; x_wconf 82' lang='grc' dir='ltr'><strong>πλη-</strong></span> 
     </span>
    </p>
   </div>
   <div class='ocr_carea' id='block_1_65' title="bbox 463 3257 2067 3339">
    <p class='ocr_par' dir='ltr' id='par_1_65' title="bbox 463 3265 2040 3336">
     <span class='ocr_line' id='line_1_65' title="bbox 463 3265 2040 3336; baseline 0.006 -19"><span class='ocrx_word' id='word_1_453' title='bbox 463 3265 721 3332; x_wconf 82' lang='lat' dir='ltr'><strong>chari‘tas,</strong></span> <span class='ocrx_word' id='word_1_454' title='bbox 775 3274 994 3336; x_wconf 90' lang='lat' dir='ltr'><strong>propter</strong></span> <span class='ocrx_word' id='word_1_455' title='bbox 1046 3282 1211 3336; x_wconf 89' lang='lat' dir='ltr'><strong>quam</strong></span> <span class='ocrx_word' id='word_1_456' title='bbox 1263 3274 1317 3320; x_wconf 89' lang='lat' dir='ltr'><strong>et</strong></span> <span class='ocrx_word' id='word_1_457' title='bbox 1369 3265 1514 3321; x_wconf 90' lang='lat' dir='ltr'><strong>Deus</strong></span> <span class='ocrx_word' id='word_1_458' title='bbox 1559 3268 1744 3321; x_wconf 90' lang='lat' dir='ltr'><strong>omnia</strong></span> <span class='ocrx_word' id='word_1_459' title='bbox 1795 3269 1943 3334; x_wconf 81' lang='lat' dir='ltr'><strong>fecit,</strong></span> <span class='ocrx_word' id='word_1_460' title='bbox 1985 3280 2040 3326; x_wconf 90' lang='lat' dir='ltr'><strong>et</strong></span> 
     </span>
    </p>
   </div>
   <div class='ocr_carea' id='block_1_66' title="bbox 2148 3257 3717 3339">
    <p class='ocr_par' dir='ltr' id='par_1_66' title="bbox 2148 3257 3717 3339">
     <span class='ocr_line' id='line_1_66' title="bbox 2148 3257 3717 3339; baseline -0.005 -22"><span class='ocrx_word' id='word_1_461' title='bbox 2148 3267 2405 3339; x_wconf 76' lang='grc' dir='ltr'><strong>θυνθῆναι</strong></span> <span class='ocrx_word' id='word_1_462' title='bbox 2428 3266 2530 3337; x_wconf 76' lang='grc' dir='ltr'><strong>τὴν</strong></span> <span class='ocrx_word' id='word_1_463' title='bbox 2546 3266 2800 3335; x_wconf 75' lang='grc' dir='ltr'><strong>ἀνομίαν,</strong></span> <span class='ocrx_word' id='word_1_464' title='bbox 2833 3263 3141 3332; x_wconf 82' lang='grc' dir='ltr'><strong>ψυγήσεται</strong></span> <span class='ocrx_word' id='word_1_465' title='bbox 3171 3261 3207 3331; x_wconf 83' lang='grc' dir='ltr'><strong>ή</strong></span> <span class='ocrx_word' id='word_1_466' title='bbox 3230 3261 3420 3329; x_wconf 81' lang='grc' dir='ltr'><strong>ἀγάπη</strong></span> <span class='ocrx_word' id='word_1_467' title='bbox 3450 3257 3558 3312; x_wconf 85' lang='grc' dir='ltr'><strong>τῶν</strong></span> <span class='ocrx_word' id='word_1_468' title='bbox 3584 3258 3717 3310; x_wconf 82' lang='grc' dir='ltr'><strong>πολ-</strong></span> 
     </span>
    </p>
   </div>
   <div class='ocr_carea' id='block_1_67' title="bbox 463 3349 2067 3431">
    <p class='ocr_par' dir='ltr' id='par_1_67' title="bbox 463 3354 2040 3431">
     <span class='ocr_line' id='line_1_67' title="bbox 463 3354 2040 3431; baseline 0.007 -22"><span class='ocrx_word' id='word_1_469' title='bbox 463 3354 661 3409; x_wconf 79' lang='lat' dir='ltr'><strong>Filium</strong></span> <span class='ocrx_word' id='word_1_470' title='bbox 689 3371 858 3415; x_wconf 82' lang='lat' dir='ltr'><strong>suum</strong></span> <span class='ocrx_word' id='word_1_471' title='bbox 893 3360 1230 3428; x_wconf 76' lang='lat' dir='ltr'><strong>unigenitum</strong></span> <span class='ocrx_word' id='word_1_472' title='bbox 1261 3374 1359 3426; x_wconf 80' lang='lat' dir='ltr'><strong>pro</strong></span> <span class='ocrx_word' id='word_1_473' title='bbox 1389 3359 1546 3413; x_wconf 91' lang='lat' dir='ltr'><strong>nobis</strong></span> <span class='ocrx_word' id='word_1_474' title='bbox 1587 3361 1826 3416; x_wconf 89' lang='lat' dir='ltr'><strong>donavit.</strong></span> <span class='ocrx_word' id='word_1_475' title='bbox 1859 3362 2040 3431; x_wconf 89' lang='lat' dir='ltr'><strong>Quarc</strong></span> 
     </span>
    </p>
   </div>
   <div class='ocr_carea' id='block_1_68' title="bbox 2148 3349 3708 3431">
    <p class='ocr_par' dir='ltr' id='par_1_68' title="bbox 2148 3349 3708 3424">
     <span class='ocr_line' id='line_1_68' title="bbox 2148 3349 3708 3424; baseline -0.009 -10"><span class='ocrx_word' id='word_1_476' title='bbox 2148 3357 2270 3414; x_wconf 77' lang='grc' dir='ltr'><strong>λῶν.</strong></span> <span class='ocrx_word' id='word_1_477' title='bbox 2303 3375 2322 3409; x_wconf 80' lang='grc' dir='ltr'><strong>ι</strong></span> <span class='ocrx_word' id='word_1_478' title='bbox 2367 3357 2428 3411; x_wconf 87' lang='lat'><strong>&#39;0</strong></span> <span class='ocrx_word' id='word_1_479' title='bbox 2457 3355 2516 3411; x_wconf 77' lang='grc' dir='ltr'><strong>δὲ</strong></span> <span class='ocrx_word' id='word_1_480' title='bbox 2537 3354 2838 3424; x_wconf 75' lang='grc' dir='ltr'><strong>ὑπομείνας</strong></span> <span class='ocrx_word' id='word_1_481' title='bbox 2859 3353 2942 3416; x_wconf 83' lang='grc' dir='ltr'><strong>είς</strong></span> <span class='ocrx_word' id='word_1_482' title='bbox 2966 3351 3122 3415; x_wconf 83' lang='grc' dir='ltr'><strong>τέλος</strong></span> <span class='ocrx_word' id='word_1_483' title='bbox 3146 3349 3303 3413; x_wconf 82' lang='grc' dir='ltr'><strong>οὗτος</strong></span> <span class='ocrx_word' id='word_1_484' title='bbox 3327 3349 3652 3419; x_wconf 83' lang='grc' dir='ltr'><strong>σωθήσεται.</strong></span> <span class='ocrx_word' id='word_1_485' title='bbox 3686 3366 3708 3400; x_wconf 74' lang='grc' dir='ltr'><strong>ι</strong></span> 
     </span>
    </p>
   </div>
   <div class='ocr_carea' id='block_1_69' title="bbox 465 3439 2067 3525">
    <p class='ocr_par' dir='ltr' id='par_1_69' title="bbox 465 3446 2031 3525">
     <span class='ocr_line' id='line_1_69' title="bbox 465 3446 2031 3525; baseline 0.008 -26"><span class='ocrx_word' id='word_1_486' title='bbox 465 3447 579 3513; x_wconf 81' lang='lat' dir='ltr'><strong>ipse</strong></span> <span class='ocrx_word' id='word_1_487' title='bbox 627 3446 796 3500; x_wconf 81' lang='lat' dir='ltr'><strong>Filius</strong></span> <span class='ocrx_word' id='word_1_488' title='bbox 831 3447 954 3500; x_wconf 82' lang='lat' dir='ltr'><strong>ﬁnis</strong></span> <span class='ocrx_word' id='word_1_489' title='bbox 986 3449 1148 3503; x_wconf 90' lang='lat' dir='ltr'><strong>nobis</strong></span> <span class='ocrx_word' id='word_1_490' title='bbox 1196 3450 1456 3503; x_wconf 86' lang='lat' dir='ltr'><strong>indicavit</strong></span> <span class='ocrx_word' id='word_1_491' title='bbox 1487 3451 1727 3519; x_wconf 72' lang='lat' dir='ltr'><strong>signum,</strong></span> <span class='ocrx_word' id='word_1_492' title='bbox 1760 3469 1881 3508; x_wconf 86' lang='lat' dir='ltr'><strong>cum</strong></span> <span class='ocrx_word' id='word_1_493' title='bbox 1917 3457 2031 3525; x_wconf 85' lang='lat' dir='ltr'><strong>jam</strong></span> 
     </span>
    </p>
   </div>
   <div class='ocr_carea' id='block_1_70' title="bbox 2148 3439 3717 3525">
    <p class='ocr_par' dir='ltr' id='par_1_70' title="bbox 2148 3439 3717 3515">
     <span class='ocr_line' id='line_1_70' title="bbox 2148 3439 3717 3515; baseline -0.008 -10"><span class='ocrx_word' id='word_1_494' title='bbox 2148 3453 2208 3504; x_wconf 83' lang='lat' dir='ltr'><strong>Ol</strong></span> <span class='ocrx_word' id='word_1_495' title='bbox 2255 3448 2576 3511; x_wconf 79' lang='grc' dir='ltr'><strong>ἀθετοῦντες</strong></span> <span class='ocrx_word' id='word_1_496' title='bbox 2619 3444 2713 3500; x_wconf 83' lang='grc' dir='ltr'><strong>οῦν</strong></span> <span class='ocrx_word' id='word_1_497' title='bbox 2760 3446 2861 3515; x_wconf 78' lang='grc' dir='ltr'><strong>τήν</strong></span> <span class='ocrx_word' id='word_1_498' title='bbox 2910 3441 3224 3497; x_wconf 81' lang='grc' dir='ltr'><strong>συντέλειαν</strong></span> <span class='ocrx_word' id='word_1_499' title='bbox 3267 3439 3570 3505; x_wconf 74' lang='grc' dir='ltr'><strong>δυσσεϐεῖς,</strong></span> <span class='ocrx_word' id='word_1_500' title='bbox 3615 3439 3717 3493; x_wconf 78' lang='grc' dir='ltr'><strong>καὶ</strong></span> 
     </span>
    </p>
   </div>
   <div class='ocr_carea' id='block_1_71' title="bbox 464 3531 2067 3611">
    <p class='ocr_par' dir='ltr' id='par_1_71' title="bbox 464 3537 2035 3601">
     <span class='ocr_line' id='line_1_71' title="bbox 464 3537 2035 3601; baseline 0.008 -13"><span class='ocrx_word' id='word_1_501' title='bbox 464 3551 572 3589; x_wconf 85' lang='lat' dir='ltr'><strong>non</strong></span> <span class='ocrx_word' id='word_1_502' title='bbox 601 3537 706 3590; x_wconf 84' lang='lat' dir='ltr'><strong>erit</strong></span> <span class='ocrx_word' id='word_1_503' title='bbox 764 3537 1005 3592; x_wconf 82' lang='lat' dir='ltr'><strong>charitas</strong></span> <span class='ocrx_word' id='word_1_504' title='bbox 1031 3538 1176 3592; x_wconf 83' lang='lat' dir='ltr'><strong>inter</strong></span> <span class='ocrx_word' id='word_1_505' title='bbox 1211 3538 1482 3596; x_wconf 88' lang='lat' dir='ltr'><strong>homines.</strong></span> <span class='ocrx_word' id='word_1_506' title='bbox 1521 3539 1624 3595; x_wconf 88' lang='lat' dir='ltr'><strong>Sed</strong></span> <span class='ocrx_word' id='word_1_507' title='bbox 1667 3553 1794 3598; x_wconf 87' lang='lat' dir='ltr'><strong>tunc</strong></span> <span class='ocrx_word' id='word_1_508' title='bbox 1817 3544 2035 3601; x_wconf 84' lang='lat' dir='ltr'><strong>deﬁciet</strong></span> 
     </span>
    </p>
   </div>
   <div class='ocr_carea' id='block_1_72' title="bbox 2148 3531 3714 3611">
    <p class='ocr_par' dir='ltr' id='par_1_72' title="bbox 2148 3531 3714 3611">
     <span class='ocr_line' id='line_1_72' title="bbox 2148 3531 3714 3611; baseline -0.008 -15"><span class='ocrx_word' id='word_1_509' title='bbox 2148 3544 2210 3596; x_wconf 77' lang='grc' dir='ltr'><strong>τὰ</strong></span> <span class='ocrx_word' id='word_1_510' title='bbox 2233 3543 2344 3595; x_wconf 82' lang='grc' dir='ltr'><strong>τῶν</strong></span> <span class='ocrx_word' id='word_1_511' title='bbox 2385 3541 2661 3611; x_wconf 83' lang='grc' dir='ltr'><strong>Ἐλλήνων</strong></span> <span class='ocrx_word' id='word_1_512' title='bbox 2691 3535 3036 3610; x_wconf 79' lang='grc' dir='ltr'><strong>φρονοῦντες,</strong></span> <span class='ocrx_word' id='word_1_513' title='bbox 3065 3535 3160 3590; x_wconf 80' lang='grc' dir='ltr'><strong>καὶ</strong></span> <span class='ocrx_word' id='word_1_514' title='bbox 3187 3533 3368 3588; x_wconf 79' lang='grc' dir='ltr'><strong>πάντα</strong></span> <span class='ocrx_word' id='word_1_515' title='bbox 3393 3531 3714 3595; x_wconf 81' lang='grc' dir='ltr'><strong>ἀθετοῦντες</strong></span> 
     </span>
    </p>
   </div>
   <div class='ocr_carea' id='block_1_73' title="bbox 465 3625 2067 3708">
    <p class='ocr_par' dir='ltr' id='par_1_73' title="bbox 465 3626 2032 3708">
     <span class='ocr_line' id='line_1_73' title="bbox 465 3626 2032 3708; baseline 0.008 -30"><span class='ocrx_word' id='word_1_516' title='bbox 465 3629 518 3679; x_wconf 82' lang='lat' dir='ltr'><strong>in</strong></span> <span class='ocrx_word' id='word_1_517' title='bbox 545 3627 734 3681; x_wconf 83' lang='lat' dir='ltr'><strong>multis</strong></span> <span class='ocrx_word' id='word_1_518' title='bbox 765 3626 1032 3691; x_wconf 74' lang='lat' dir='ltr'><strong>Charitas,</strong></span> <span class='ocrx_word' id='word_1_519' title='bbox 1093 3643 1216 3681; x_wconf 90' lang='lat' dir='ltr'><strong>cum</strong></span> <span class='ocrx_word' id='word_1_520' title='bbox 1275 3628 1539 3708; x_wconf 80' lang='lat' dir='ltr'><strong>completa</strong></span> <span class='ocrx_word' id='word_1_521' title='bbox 1571 3629 1735 3685; x_wconf 76' lang='lat' dir='ltr'><strong>fuerit</strong></span> <span class='ocrx_word' id='word_1_522' title='bbox 1769 3633 2032 3704; x_wconf 87' lang='lat' dir='ltr'><strong>iniquitas</strong></span> 
     </span>
    </p>
   </div>
   <div class='ocr_carea' id='block_1_74' title="bbox 2148 3625 3466 3708">
    <p class='ocr_par' dir='ltr' id='par_1_74' title="bbox 2148 3625 3466 3700">
     <span class='ocr_line' id='line_1_74' title="bbox 2148 3625 3466 3700; baseline -0.005 -12"><span class='ocrx_word' id='word_1_523' title='bbox 2148 3638 2214 3692; x_wconf 81' lang='grc' dir='ltr'><strong>τὰ</strong></span> <span class='ocrx_word' id='word_1_524' title='bbox 2250 3636 2346 3690; x_wconf 88' lang='grc' dir='ltr'><strong>τοῦ</strong></span> <span class='ocrx_word' id='word_1_525' title='bbox 2382 3631 2718 3700; x_wconf 85' lang='grc' dir='ltr'><strong>Εὐαγγελίου</strong></span> <span class='ocrx_word' id='word_1_526' title='bbox 2738 3627 2964 3684; x_wconf 75' lang='grc' dir='ltr'><strong>καὶτῶν</strong></span> <span class='ocrx_word' id='word_1_527' title='bbox 3003 3625 3176 3696; x_wconf 85' lang='grc' dir='ltr'><strong>ἀγίων</strong></span> <span class='ocrx_word' id='word_1_528' title='bbox 3208 3625 3466 3695; x_wconf 83' lang='grc' dir='ltr'><strong>Γραφῶν.</strong></span> 
     </span>
    </p>
   </div>
   <div class='ocr_carea' id='block_1_75' title="bbox 461 3719 3714 3801">
    <p class='ocr_par' dir='ltr' id='par_1_75' title="bbox 461 3719 3714 3801">
     <span class='ocr_line' id='line_1_75' title="bbox 461 3719 3714 3801; baseline -0 -26"><span class='ocrx_word' id='word_1_529' title='bbox 461 3729 516 3775; x_wconf 80' lang='lat' dir='ltr'><strong>et</strong></span> <span class='ocrx_word' id='word_1_530' title='bbox 541 3721 892 3776; x_wconf 71' lang='lat' dir='ltr'><strong>ationiinatio.</strong></span> <span class='ocrx_word' id='word_1_531' title='bbox 924 3739 943 3772; x_wconf 85' lang='grc' dir='ltr'><strong>ι</strong></span> <span class='ocrx_word' id='word_1_532' title='bbox 968 3719 1073 3786; x_wconf 90' lang='lat' dir='ltr'><strong>Qui</strong></span> <span class='ocrx_word' id='word_1_533' title='bbox 1107 3731 1287 3776; x_wconf 88' lang='lat' dir='ltr'><strong>autem</strong></span> <span class='ocrx_word' id='word_1_534' title='bbox 1307 3727 1736 3790; x_wconf 76' lang='lat' dir='ltr'><strong>perseveraverit</strong></span> <span class='ocrx_word' id='word_1_535' title='bbox 1769 3745 1944 3801; x_wconf 90' lang='lat' dir='ltr'><strong>usque</strong></span> <span class='ocrx_word' id='word_1_536' title='bbox 1977 3735 2030 3788; x_wconf 92' lang='lat' dir='ltr'><strong>in</strong></span> <span class='ocrx_word' id='word_1_537' title='bbox 2058 3734 2220 3790; x_wconf 88' lang='lat' dir='ltr'><strong>ﬁnem</strong></span> <span class='ocrx_word' id='word_1_538' title='bbox 2265 3753 2285 3787; x_wconf 79' lang='grc' dir='ltr'><strong>ι</strong></span> <span class='ocrx_word' id='word_1_539' title='bbox 2317 3733 2405 3789; x_wconf 90' lang='lat' dir='ltr'><strong>hic</strong></span> <span class='ocrx_word' id='word_1_540' title='bbox 2432 3732 2617 3787; x_wconf 88' lang='lat' dir='ltr'><strong>salvus</strong></span> <span class='ocrx_word' id='word_1_541' title='bbox 2677 3728 2782 3784; x_wconf 90' lang='lat' dir='ltr'><strong>erit</strong></span> <span class='ocrx_word' id='word_1_542' title='bbox 2811 3726 2874 3780; x_wconf 69' lang='grc' dir='ltr'><strong>ιθ.</strong></span> <span class='ocrx_word' id='word_1_543' title='bbox 2909 3741 2931 3777; x_wconf 72' lang='grc' dir='ltr'><strong>ι</strong></span> <span class='ocrx_word' id='word_1_544' title='bbox 3007 3723 3111 3791; x_wconf 88' lang='lat' dir='ltr'><strong>Qui</strong></span> <span class='ocrx_word' id='word_1_545' title='bbox 3165 3739 3297 3794; x_wconf 75' lang='lat' dir='ltr'><strong>ergo</strong></span> <span class='ocrx_word' id='word_1_546' title='bbox 3328 3723 3454 3777; x_wconf 79' lang='lat' dir='ltr'><strong>ﬁnis</strong></span> <span class='ocrx_word' id='word_1_547' title='bbox 3511 3721 3714 3776; x_wconf 75' lang='lat' dir='ltr'><strong>doom-</strong></span> 
     </span>
    </p>
   </div>
   <div class='ocr_carea' id='block_1_76' title="bbox 465 3815 3714 3894">
    <p class='ocr_par' dir='ltr' id='par_1_76' title="bbox 465 3815 3714 3894">
     <span class='ocr_line' id='line_1_76' title="bbox 465 3815 3714 3894; baseline 0.001 -27"><span class='ocrx_word' id='word_1_548' title='bbox 465 3830 586 3869; x_wconf 87' lang='lat' dir='ltr'><strong>nam</strong></span> <span class='ocrx_word' id='word_1_549' title='bbox 623 3817 952 3884; x_wconf 85' lang='lat' dir='ltr'><strong>adulteram,</strong></span> <span class='ocrx_word' id='word_1_550' title='bbox 1005 3818 1156 3885; x_wconf 84' lang='lat' dir='ltr'><strong>impii</strong></span> <span class='ocrx_word' id='word_1_551' title='bbox 1187 3825 1338 3881; x_wconf 89' lang='lat' dir='ltr'><strong>sunt,</strong></span> <span class='ocrx_word' id='word_1_552' title='bbox 1392 3815 1705 3888; x_wconf 63' lang='lat' dir='ltr'><strong>Graecorum</strong></span> <span class='ocrx_word' id='word_1_553' title='bbox 1731 3826 1918 3889; x_wconf 87' lang='lat' dir='ltr'><strong>deliria</strong></span> <span class='ocrx_word' id='word_1_554' title='bbox 1947 3839 2222 3894; x_wconf 87' lang='lat' dir='ltr'><strong>sectantes</strong></span> <span class='ocrx_word' id='word_1_555' title='bbox 2255 3837 2311 3887; x_wconf 88' lang='lat' dir='ltr'><strong>et</strong></span> <span class='ocrx_word' id='word_1_556' title='bbox 2363 3841 2556 3884; x_wconf 89' lang='lat' dir='ltr'><strong>omnes</strong></span> <span class='ocrx_word' id='word_1_557' title='bbox 2607 3821 2884 3894; x_wconf 80' lang='lat' dir='ltr'><strong>Evangelii</strong></span> <span class='ocrx_word' id='word_1_558' title='bbox 2941 3830 2998 3876; x_wconf 93' lang='lat' dir='ltr'><strong>et</strong></span> <span class='ocrx_word' id='word_1_559' title='bbox 3064 3833 3346 3875; x_wconf 86' lang='lat' dir='ltr'><strong>sacrarum</strong></span> <span class='ocrx_word' id='word_1_560' title='bbox 3404 3817 3714 3887; x_wconf 61' lang='lat' dir='ltr'><strong>Scriptura.</strong></span> 
     </span>
    </p>
   </div>
   <div class='ocr_carea' id='block_1_77' title="bbox 459 3911 1280 3980">
    <p class='ocr_par' dir='ltr' id='par_1_77' title="bbox 459 3911 1280 3980">
     <span class='ocr_line' id='line_1_77' title="bbox 459 3911 1280 3980; baseline 0.002 -16"><span class='ocrx_word' id='word_1_561' title='bbox 459 3925 579 3970; x_wconf 73' lang='lat' dir='ltr'><strong>tum</strong></span> <span class='ocrx_word' id='word_1_562' title='bbox 599 3911 901 3966; x_wconf 83' lang='lat' dir='ltr'><strong>sententias</strong></span> <span class='ocrx_word' id='word_1_563' title='bbox 931 3911 1280 3980; x_wconf 85' lang='lat' dir='ltr'><strong>perimentes.</strong></span> 
     </span>
    </p>
   </div>
   <div class='ocr_carea' id='block_1_78' title="bbox 984 4002 1534 4069">
    <p class='ocr_par' dir='ltr' id='par_1_78' title="bbox 984 4002 1534 4069">
     <span class='ocr_line' id='line_1_78' title="bbox 984 4002 1534 4069; baseline 0.009 -11"><span class='ocrx_word' id='word_1_564' title='bbox 984 4002 1308 4069; x_wconf 65' lang='lat' dir='ltr'><strong>QUIESTIO</strong></span> <span class='ocrx_word' id='word_1_565' title='bbox 1346 4007 1534 4066; x_wconf 81' lang='lat' dir='ltr'><strong>LXVI.</strong></span> 
     </span>
    </p>
   </div>
   <div class='ocr_carea' id='block_1_79' title="bbox 457 4096 2029 4234">
    <p class='ocr_par' dir='ltr' id='par_1_79' title="bbox 457 4096 2029 4234">
     <span class='ocr_line' id='line_1_79' title="bbox 457 4096 2029 4234; baseline 0.006 -85"><span class='ocrx_word' id='word_1_566' title='bbox 457 4096 729 4161; x_wconf 79' lang='lat' dir='ltr'><strong>Quomodo</strong></span> <span class='ocrx_word' id='word_1_567' title='bbox 754 4105 970 4164; x_wconf 82' lang='lat' dir='ltr'><strong>peccata</strong></span> <span class='ocrx_word' id='word_1_568' title='bbox 1006 4098 1263 4234; x_wconf 48' lang='lat' dir='ltr'><strong>agasque</strong></span> <span class='ocrx_word' id='word_1_569' title='bbox 1292 4101 1344 4154; x_wconf 88' lang='lat' dir='ltr'><strong>in</strong></span> <span class='ocrx_word' id='word_1_570' title='bbox 1365 4101 1573 4210; x_wconf 39' lang='lat' dir='ltr'><strong>jzdicio</strong></span> <span class='ocrx_word' id='word_1_571' title='bbox 1595 4112 1826 4168; x_wconf 73' lang='lat' dir='ltr'><strong>extremo</strong></span> <span class='ocrx_word' id='word_1_572' title='bbox 1855 4107 2029 4170; x_wconf 74' lang='lat' dir='ltr'><strong>mani-</strong></span> 
     </span>
     <span class='ocr_line' id='line_1_80' title="bbox 1104 4177 1438 4226; baseline 0.015 -5"><span class='ocrx_word' id='word_1_573' title='bbox 1104 4177 1392 4224; x_wconf 77' lang='lat' dir='ltr'><strong>slabuntur</strong></span> <span class='ocrx_word' id='word_1_574' title='bbox 1411 4201 1438 4226; x_wconf 50' lang='grc'><strong>.&gt;</strong></span> 
     </span>
    </p>
   </div>
   <div class='ocr_carea' id='block_1_80' title="bbox 1104 4177 1438 4226">
    <p class='ocr_par' dir='ltr' id='par_1_80' title="bbox 1104 4177 1438 4226">
     <span class='ocr_line' id='line_1_81' title="bbox 1104 4177 1438 4226; baseline 0.015 -5"><span class='ocrx_word' id='word_1_575' title='bbox 1104 4177 1392 4224; x_wconf 69' lang='lat' dir='ltr'><strong>elabuntur</strong></span> <span class='ocrx_word' id='word_1_576' title='bbox 1411 4177 1438 4226; x_wconf 38' lang='lat'><strong>.9»</strong></span> 
     </span>
    </p>
   </div>
   <div class='ocr_carea' id='block_1_81' title="bbox 525 4254 2028 4334">
    <p class='ocr_par' dir='ltr' id='par_1_81' title="bbox 525 4254 2028 4334">
     <span class='ocr_line' id='line_1_82' title="bbox 525 4254 2028 4334; baseline 0.003 -21"><span class='ocrx_word' id='word_1_577' title='bbox 525 4254 830 4327; x_wconf 83' lang='lat' dir='ltr'><strong>Unicuique</strong></span> <span class='ocrx_word' id='word_1_578' title='bbox 853 4276 948 4314; x_wconf 91' lang='lat' dir='ltr'><strong>sua</strong></span> <span class='ocrx_word' id='word_1_579' title='bbox 976 4273 1193 4329; x_wconf 84' lang='lat' dir='ltr'><strong>peccata</strong></span> <span class='ocrx_word' id='word_1_580' title='bbox 1227 4263 1410 4316; x_wconf 86' lang='lat' dir='ltr'><strong>animo</strong></span> <span class='ocrx_word' id='word_1_581' title='bbox 1435 4275 1785 4334; x_wconf 70' lang='lat' dir='ltr'><strong>repricsentat</strong></span> <span class='ocrx_word' id='word_1_582' title='bbox 1822 4280 2028 4320; x_wconf 84' lang='lat' dir='ltr'><strong>remor-</strong></span> 
     </span>
    </p>
   </div>
   <div class='ocr_carea' id='block_1_82' title="bbox 2422 4003 3172 4088">
    <p class='ocr_par' dir='ltr' id='par_1_82' title="bbox 2422 4003 3172 4088">
     <span class='ocr_line' id='line_1_83' title="bbox 2422 4003 3172 4088; baseline -0.007 -25"><span class='ocrx_word' id='word_1_583' title='bbox 2422 4086 2424 4088; x_wconf 12' lang='grc' dir='ltr'>ν</span> <span class='ocrx_word' id='word_1_584' title='bbox 2670 4007 3001 4062; x_wconf 66' lang='lat' dir='ltr'><strong>spumam</strong></span> <span class='ocrx_word' id='word_1_585' title='bbox 3035 4003 3172 4072; x_wconf 71' lang='lat' dir='ltr'><strong>scr.</strong></span> 
     </span>
    </p>
   </div>
   <div class='ocr_carea' id='block_1_83' title="bbox 2277 4093 3565 4171">
    <p class='ocr_par' dir='ltr' id='par_1_83' title="bbox 2277 4093 3565 4171">
     <span class='ocr_line' id='line_1_84' title="bbox 2277 4093 3565 4171; baseline -0.011 -11"><span class='ocrx_word' id='word_1_586' title='bbox 2277 4103 2410 4171; x_wconf 84' lang='grc' dir='ltr'><strong>Πῶς</strong></span> <span class='ocrx_word' id='word_1_587' title='bbox 2438 4103 2698 4158; x_wconf 70' lang='grc' dir='ltr'><strong>ἐνώπιον</strong></span> <span class='ocrx_word' id='word_1_588' title='bbox 2723 4099 2796 4156; x_wconf 86' lang='grc' dir='ltr'><strong>τὰ</strong></span> <span class='ocrx_word' id='word_1_589' title='bbox 2819 4097 3212 4170; x_wconf 78' lang='grc' dir='ltr'><strong>ἁμαρτήματα</strong></span> <span class='ocrx_word' id='word_1_590' title='bbox 3235 4093 3565 4149; x_wconf 80' lang='grc' dir='ltr'><strong>δείκνυται.</strong></span> 
     </span>
    </p>
   </div>
   <div class='ocr_carea' id='block_1_84' title="bbox 2217 4250 3712 4330">
    <p class='ocr_par' dir='ltr' id='par_1_84' title="bbox 2217 4250 3712 4330">
     <span class='ocr_line' id='line_1_85' title="bbox 2217 4250 3712 4330; baseline -0.009 -14"><span class='ocrx_word' id='word_1_591' title='bbox 2217 4262 2470 4330; x_wconf 81' lang='grc' dir='ltr'><strong>Ἐκάστῳ</strong></span> <span class='ocrx_word' id='word_1_592' title='bbox 2495 4259 2566 4312; x_wconf 80' lang='grc' dir='ltr'><strong>τὰ</strong></span> <span class='ocrx_word' id='word_1_593' title='bbox 2607 4257 2987 4327; x_wconf 83' lang='grc' dir='ltr'><strong>ἁμαρτήματα</strong></span> <span class='ocrx_word' id='word_1_594' title='bbox 3039 4250 3273 4307; x_wconf 83' lang='grc' dir='ltr'><strong>ἑνώπιον</strong></span> <span class='ocrx_word' id='word_1_595' title='bbox 3304 4251 3546 4322; x_wconf 75' lang='grc' dir='ltr'><strong>παριστᾷ</strong></span> <span class='ocrx_word' id='word_1_596' title='bbox 3577 4250 3712 4304; x_wconf 77' lang='grc' dir='ltr'><strong>αὐτὸ</strong></span> 
     </span>
    </p>
   </div>
   <div class='ocr_carea' id='block_1_85' title="bbox 388 4317 2067 4427">
    <p class='ocr_par' dir='ltr' id='par_1_85' title="bbox 452 4317 2067 4427">
     <span class='ocr_line' id='line_1_86' title="bbox 452 4317 2067 4427; baseline 0.002 -19"><span class='ocrx_word' id='word_1_597' title='bbox 452 4354 588 4408; x_wconf 81' lang='lat' dir='ltr'><strong>dens</strong></span> <span class='ocrx_word' id='word_1_598' title='bbox 637 4356 968 4411; x_wconf 67' lang='lat' dir='ltr'><strong>conscientia</strong></span> <span class='ocrx_word' id='word_1_599' title='bbox 999 4365 1071 4419; x_wconf 74' lang='lat' dir='ltr'><strong>ni,</strong></span> <span class='ocrx_word' id='word_1_600' title='bbox 1111 4359 1199 4413; x_wconf 88' lang='lat' dir='ltr'><strong>cui</strong></span> <span class='ocrx_word' id='word_1_601' title='bbox 1236 4357 1375 4410; x_wconf 89' lang='lat' dir='ltr'><strong>nihil</strong></span> <span class='ocrx_word' id='word_1_602' title='bbox 1425 4317 1798 4427; x_wconf 67' lang='lat' dir='ltr'><strong>latet,judicis</strong></span> <span class='ocrx_word' id='word_1_603' title='bbox 1835 4359 2067 4419; x_wconf 88' lang='lat' dir='ltr'><strong>intima]</strong></span> 
     </span>
    </p>
   </div>
   <div class='ocr_carea' id='block_1_86' title="bbox 2148 4317 3712 4427">
    <p class='ocr_par' dir='ltr' id='par_1_86' title="bbox 2148 4317 3712 4425">
     <span class='ocr_line' id='line_1_87' title="bbox 2148 4317 3712 4425; baseline -0.01 -15"><span class='ocrx_word' id='word_1_604' title='bbox 2148 4354 2197 4425; x_wconf 67' lang='grc' dir='ltr'><strong>ἰὴ</strong></span> <span class='ocrx_word' id='word_1_605' title='bbox 2225 4355 2284 4408; x_wconf 85' lang='grc' dir='ltr'><strong>τδ</strong></span> <span class='ocrx_word' id='word_1_606' title='bbox 2337 4317 2596 4413; x_wconf 66' lang='grc' dir='ltr'><strong>συνειδὸς,</strong></span> <span class='ocrx_word' id='word_1_607' title='bbox 2632 4317 3121 4415; x_wconf 47' lang='grc' dir='ltr'><strong>διαίτὸηάλάθητον</strong></span> <span class='ocrx_word' id='word_1_608' title='bbox 3163 4341 3259 4396; x_wconf 86' lang='grc' dir='ltr'><strong>τοῦ</strong></span> <span class='ocrx_word' id='word_1_609' title='bbox 3291 4317 3712 4412; x_wconf 41' lang='grc' dir='ltr'><strong>κριτοῦίἋλλά</strong></span> 
     </span>
    </p>
   </div>
   <div class='ocr_carea' id='block_1_87' title="bbox 452 4443 2023 4516">
    <p class='ocr_par' dir='ltr' id='par_1_87' title="bbox 452 4443 2023 4516">
     <span class='ocr_line' id='line_1_88' title="bbox 452 4443 2023 4516; baseline 0.003 -20"><span class='ocrx_word' id='word_1_610' title='bbox 452 4443 849 4499; x_wconf 78' lang='lat' dir='ltr'><strong>reformidatio.</strong></span> <span class='ocrx_word' id='word_1_611' title='bbox 903 4444 1007 4499; x_wconf 89' lang='lat' dir='ltr'><strong>Sed</strong></span> <span class='ocrx_word' id='word_1_612' title='bbox 1070 4461 1193 4500; x_wconf 90' lang='lat' dir='ltr'><strong>cum</strong></span> <span class='ocrx_word' id='word_1_613' title='bbox 1223 4461 1418 4501; x_wconf 80' lang='lat' dir='ltr'><strong>onines</strong></span> <span class='ocrx_word' id='word_1_614' title='bbox 1477 4446 1533 4500; x_wconf 91' lang='lat' dir='ltr'><strong>in</strong></span> <span class='ocrx_word' id='word_1_615' title='bbox 1565 4447 2023 4516; x_wconf 85' lang='lat' dir='ltr'><strong>incorruptionem</strong></span> 
     </span>
    </p>
   </div>
   <div class='ocr_carea' id='block_1_88' title="bbox 453 4535 2030 4608">
    <p class='ocr_par' dir='ltr' id='par_1_88' title="bbox 453 4535 2030 4608">
     <span class='ocr_line' id='line_1_89' title="bbox 453 4535 2030 4608; baseline 0.001 -18"><span class='ocrx_word' id='word_1_616' title='bbox 453 4535 865 4592; x_wconf 80' lang='lat' dir='ltr'><strong>immutabimur</strong></span> <span class='ocrx_word' id='word_1_617' title='bbox 891 4552 1076 4592; x_wconf 75' lang='lat' dir='ltr'><strong>crassa</strong></span> <span class='ocrx_word' id='word_1_618' title='bbox 1107 4539 1289 4592; x_wconf 83' lang='lat' dir='ltr'><strong>omnia</strong></span> <span class='ocrx_word' id='word_1_619' title='bbox 1343 4537 1584 4606; x_wconf 85' lang='lat' dir='ltr'><strong>pondera</strong></span> <span class='ocrx_word' id='word_1_620' title='bbox 1632 4539 1867 4608; x_wconf 87' lang='lat' dir='ltr'><strong>quisque</strong></span> <span class='ocrx_word' id='word_1_621' title='bbox 1894 4539 2030 4592; x_wconf 87' lang='lat' dir='ltr'><strong>alte-</strong></span> 
     </span>
    </p>
   </div>
   <div class='ocr_carea' id='block_1_89' title="bbox 453 4627 2027 4699">
    <p class='ocr_par' dir='ltr' id='par_1_89' title="bbox 453 4627 2027 4699">
     <span class='ocr_line' id='line_1_90' title="bbox 453 4627 2027 4699; baseline -0.001 -16"><span class='ocrx_word' id='word_1_622' title='bbox 453 4629 573 4683; x_wconf 85' lang='lat' dir='ltr'><strong>rius</strong></span> <span class='ocrx_word' id='word_1_623' title='bbox 604 4639 826 4698; x_wconf 83' lang='lat' dir='ltr'><strong>peccata</strong></span> <span class='ocrx_word' id='word_1_624' title='bbox 868 4631 1133 4698; x_wconf 72' lang='lat' dir='ltr'><strong>intelliget</strong></span> <span class='ocrx_word' id='word_1_625' title='bbox 1167 4644 1263 4699; x_wconf 88' lang='lat' dir='ltr'><strong>per</strong></span> <span class='ocrx_word' id='word_1_626' title='bbox 1290 4628 1542 4698; x_wconf 74' lang='lat' dir='ltr'><strong>quaedam</strong></span> <span class='ocrx_word' id='word_1_627' title='bbox 1579 4627 1777 4681; x_wconf 89' lang='lat' dir='ltr'><strong>indicia</strong></span> <span class='ocrx_word' id='word_1_628' title='bbox 1817 4643 1832 4679; x_wconf 88' lang='lat'><strong>:</strong></span> <span class='ocrx_word' id='word_1_629' title='bbox 1884 4627 2027 4682; x_wconf 87' lang='lat' dir='ltr'><strong>sicut</strong></span> 
     </span>
    </p>
   </div>
   <div class='ocr_carea' id='block_1_90' title="bbox 451 4719 2034 4792">
    <p class='ocr_par' dir='ltr' id='par_1_90' title="bbox 451 4719 2034 4792">
     <span class='ocr_line' id='line_1_91' title="bbox 451 4719 2034 4792; baseline 0 -18"><span class='ocrx_word' id='word_1_630' title='bbox 451 4736 597 4776; x_wconf 87' lang='lat' dir='ltr'><strong>nunc</strong></span> <span class='ocrx_word' id='word_1_631' title='bbox 655 4737 754 4790; x_wconf 87' lang='lat' dir='ltr'><strong>per</strong></span> <span class='ocrx_word' id='word_1_632' title='bbox 808 4723 1014 4776; x_wconf 82' lang='lat' dir='ltr'><strong>formas</strong></span> <span class='ocrx_word' id='word_1_633' title='bbox 1045 4723 1310 4776; x_wconf 85' lang='lat' dir='ltr'><strong>humanas</strong></span> <span class='ocrx_word' id='word_1_634' title='bbox 1339 4727 1394 4774; x_wconf 91' lang='lat' dir='ltr'><strong>et</strong></span> <span class='ocrx_word' id='word_1_635' title='bbox 1433 4719 1738 4774; x_wconf 85' lang='lat' dir='ltr'><strong>crassiores</strong></span> <span class='ocrx_word' id='word_1_636' title='bbox 1802 4719 2034 4792; x_wconf 19' lang='lat' dir='ltr'><strong>quidam,</strong></span> 
     </span>
    </p>
   </div>
   <div class='ocr_carea' id='block_1_91' title="bbox 448 4810 2026 4883">
    <p class='ocr_par' dir='ltr' id='par_1_91' title="bbox 448 4810 2026 4883">
     <span class='ocr_line' id='line_1_92' title="bbox 448 4810 2026 4883; baseline 0 -19"><span class='ocrx_word' id='word_1_637' title='bbox 448 4810 806 4878; x_wconf 61' lang='lat' dir='ltr'><strong>dignoscitur.</strong></span> <span class='ocrx_word' id='word_1_638' title='bbox 841 4812 896 4867; x_wconf 90' lang='lat' dir='ltr'><strong>Si</strong></span> <span class='ocrx_word' id='word_1_639' title='bbox 919 4829 1048 4882; x_wconf 79' lang='lat' dir='ltr'><strong>ergo</strong></span> <span class='ocrx_word' id='word_1_640' title='bbox 1072 4813 1162 4866; x_wconf 89' lang='lat' dir='ltr'><strong>hic</strong></span> <span class='ocrx_word' id='word_1_641' title='bbox 1188 4814 1301 4883; x_wconf 86' lang='lat' dir='ltr'><strong>jatn</strong></span> <span class='ocrx_word' id='word_1_642' title='bbox 1337 4813 1694 4880; x_wconf 80' lang='lat' dir='ltr'><strong>cognoscitur</strong></span> <span class='ocrx_word' id='word_1_643' title='bbox 1734 4810 2026 4879; x_wconf 82' lang='lat' dir='ltr'><strong>impuritas</strong></span> 
     </span>
    </p>
   </div>
   <div class='ocr_carea' id='block_1_92' title="bbox 448 4901 2027 4970">
    <p class='ocr_par' dir='ltr' id='par_1_92' title="bbox 448 4901 2027 4970">
     <span class='ocr_line' id='line_1_93' title="bbox 448 4901 2027 4970; baseline 0 -14"><span class='ocrx_word' id='word_1_644' title='bbox 448 4916 730 4968; x_wconf 86' lang='lat' dir='ltr'><strong>vasorum,</strong></span> <span class='ocrx_word' id='word_1_645' title='bbox 753 4911 954 4970; x_wconf 88' lang='lat' dir='ltr'><strong>quanto</strong></span> <span class='ocrx_word' id='word_1_646' title='bbox 975 4904 1144 4970; x_wconf 85' lang='lat' dir='ltr'><strong>magis</strong></span> <span class='ocrx_word' id='word_1_647' title='bbox 1165 4913 1293 4956; x_wconf 86' lang='lat' dir='ltr'><strong>tunc</strong></span> <span class='ocrx_word' id='word_1_648' title='bbox 1315 4918 1440 4957; x_wconf 89' lang='lat' dir='ltr'><strong>cum</strong></span> <span class='ocrx_word' id='word_1_649' title='bbox 1466 4902 1704 4956; x_wconf 82' lang='lat' dir='ltr'><strong>illuxerit</strong></span> <span class='ocrx_word' id='word_1_650' title='bbox 1726 4901 1863 4955; x_wconf 78' lang='lat' dir='ltr'><strong>lucis</strong></span> <span class='ocrx_word' id='word_1_651' title='bbox 1885 4916 2027 4956; x_wconf 68' lang='lat' dir='ltr'><strong>veras</strong></span> 
     </span>
    </p>
   </div>
   <div class='ocr_carea' id='block_1_93' title="bbox 446 4992 2025 5062">
    <p class='ocr_par' dir='ltr' id='par_1_93' title="bbox 446 4992 2025 5062">
     <span class='ocr_line' id='line_1_94' title="bbox 446 4992 2025 5062; baseline -0.002 -11"><span class='ocrx_word' id='word_1_652' title='bbox 446 4995 636 5052; x_wconf 87' lang='lat' dir='ltr'><strong>radius</strong></span> <span class='ocrx_word' id='word_1_653' title='bbox 664 4995 676 5045; x_wconf 89' lang='lat'>!</span> <span class='ocrx_word' id='word_1_654' title='bbox 714 4992 864 5046; x_wconf 88' lang='lat' dir='ltr'><strong>Sicut</strong></span> <span class='ocrx_word' id='word_1_655' title='bbox 895 4995 1039 5047; x_wconf 89' lang='lat' dir='ltr'><strong>enim</strong></span> <span class='ocrx_word' id='word_1_656' title='bbox 1067 4996 1147 5048; x_wconf 90' lang='lat' dir='ltr'><strong>sol</strong></span> <span class='ocrx_word' id='word_1_657' title='bbox 1191 4994 1318 5060; x_wconf 83' lang='lat' dir='ltr'><strong>justi</strong></span> <span class='ocrx_word' id='word_1_658' title='bbox 1378 4993 1816 5062; x_wconf 69' lang='lat' dir='ltr'><strong>resplendebunt,</strong></span> <span class='ocrx_word' id='word_1_659' title='bbox 1845 5003 1898 5047; x_wconf 92' lang='lat' dir='ltr'><strong>et</strong></span> <span class='ocrx_word' id='word_1_660' title='bbox 1946 4995 2025 5049; x_wconf 89' lang='lat' dir='ltr'><strong>sic</strong></span> 
     </span>
    </p>
   </div>
   <div class='ocr_carea' id='block_1_94' title="bbox 445 5083 2022 5157">
    <p class='ocr_par' dir='ltr' id='par_1_94' title="bbox 445 5083 2022 5157">
     <span class='ocr_line' id='line_1_95' title="bbox 445 5083 2022 5157; baseline -0.003 -17"><span class='ocrx_word' id='word_1_661' title='bbox 445 5088 789 5157; x_wconf 80' lang='lat' dir='ltr'><strong>apparebunt</strong></span> <span class='ocrx_word' id='word_1_662' title='bbox 850 5084 940 5154; x_wconf 86' lang='lat' dir='ltr'><strong>qni</strong></span> <span class='ocrx_word' id='word_1_663' title='bbox 964 5099 1070 5151; x_wconf 80' lang='lat' dir='ltr'><strong>non</strong></span> <span class='ocrx_word' id='word_1_664' title='bbox 1099 5093 1258 5138; x_wconf 87' lang='lat' dir='ltr'><strong>erunt</strong></span> <span class='ocrx_word' id='word_1_665' title='bbox 1287 5083 1450 5150; x_wconf 84' lang='lat' dir='ltr'><strong>justi,</strong></span> <span class='ocrx_word' id='word_1_666' title='bbox 1484 5092 1536 5146; x_wconf 82' lang='lat' dir='ltr'><strong>et</strong></span> <span class='ocrx_word' id='word_1_667' title='bbox 1555 5083 1791 5154; x_wconf 87' lang='lat' dir='ltr'><strong>quisque</strong></span> <span class='ocrx_word' id='word_1_668' title='bbox 1833 5096 2022 5139; x_wconf 88' lang='lat' dir='ltr'><strong>eorum</strong></span> 
     </span>
    </p>
   </div>
   <div class='ocr_carea' id='block_1_95' title="bbox 445 5176 1124 5249">
    <p class='ocr_par' dir='ltr' id='par_1_95' title="bbox 445 5176 1124 5249">
     <span class='ocr_line' id='line_1_96' title="bbox 445 5176 1124 5249; baseline -0.01 -12"><span class='ocrx_word' id='word_1_669' title='bbox 445 5179 684 5249; x_wconf 71' lang='lat' dir='ltr'><strong>seipsum</strong></span> <span class='ocrx_word' id='word_1_670' title='bbox 712 5176 1124 5232; x_wconf 85' lang='lat' dir='ltr'><strong>condemnabit.</strong></span> 
     </span>
    </p>
   </div>
   <div class='ocr_carea' id='block_1_96' title="bbox 937 5265 1523 5336">
    <p class='ocr_par' dir='ltr' id='par_1_96' title="bbox 937 5265 1523 5336">
     <span class='ocr_line' id='line_1_97' title="bbox 937 5265 1523 5336; baseline -0.003 -12"><span class='ocrx_word' id='word_1_671' title='bbox 937 5265 1255 5336; x_wconf 56' lang='grc' dir='ltr'><strong>ρυλες-[ιο</strong></span> <span class='ocrx_word' id='word_1_672' title='bbox 1313 5266 1523 5322; x_wconf 83' lang='lat' dir='ltr'><strong>LXVII.</strong></span> 
     </span>
    </p>
   </div>
   <div class='ocr_carea' id='block_1_97' title="bbox 447 5355 2022 5428">
    <p class='ocr_par' dir='ltr' id='par_1_97' title="bbox 447 5355 2022 5428">
     <span class='ocr_line' id='line_1_98' title="bbox 447 5355 2022 5428; baseline -0.003 -15"><span class='ocrx_word' id='word_1_673' title='bbox 447 5361 589 5428; x_wconf 77' lang='lat' dir='ltr'><strong>Quid</strong></span> <span class='ocrx_word' id='word_1_674' title='bbox 617 5361 759 5428; x_wconf 83' lang='lat' dir='ltr'><strong>apud</strong></span> <span class='ocrx_word' id='word_1_675' title='bbox 789 5356 1452 5428; x_wconf 81' lang='lat' dir='ltr'><strong>Tlteologum&#39;Gregorium</strong></span> <span class='ocrx_word' id='word_1_676' title='bbox 1490 5355 1893 5410; x_wconf 73' lang='lat' dir='ltr'><strong>Nazianwtum</strong></span> <span class='ocrx_word' id='word_1_677' title='bbox 1929 5355 2022 5409; x_wconf 79' lang='lat' dir='ltr'><strong>de-</strong></span> 
     </span>
    </p>
   </div>
   <div class='ocr_carea' id='block_1_98' title="bbox 513 5427 2021 5498">
    <p class='ocr_par' dir='ltr' id='par_1_98' title="bbox 513 5427 2021 5498">
     <span class='ocr_line' id='line_1_99' title="bbox 513 5427 2021 5498; baseline -0.002 -14"><span class='ocrx_word' id='word_1_678' title='bbox 513 5427 659 5485; x_wconf 80' lang='lat' dir='ltr'><strong>‘notet</strong></span> <span class='ocrx_word' id='word_1_679' title='bbox 687 5446 788 5484; x_wconf 75' lang='lat' dir='ltr'><strong>vox</strong></span> <span class='ocrx_word' id='word_1_680' title='bbox 821 5427 1152 5491; x_wconf 83' lang='grc' dir='ltr'><strong>συνούλωσις</strong></span> <span class='ocrx_word' id='word_1_681' title='bbox 1186 5429 1496 5498; x_wconf 82' lang='lat' dir='ltr'><strong>(cicatrices</strong></span> <span class='ocrx_word' id='word_1_682' title='bbox 1530 5427 1694 5498; x_wconf 84' lang='lat' dir='ltr'><strong>veluti</strong></span> <span class='ocrx_word' id='word_1_683' title='bbox 1730 5439 2021 5498; x_wconf 65' lang='lat' dir='ltr'><strong>remtantam.</strong></span> 
     </span>
    </p>
   </div>
   <div class='ocr_carea' id='block_1_99' title="bbox 515 5496 2018 5639">
    <p class='ocr_par' dir='ltr' id='par_1_99' title="bbox 515 5496 2018 5639">
     <span class='ocr_line' id='line_1_100' title="bbox 515 5496 2018 5639; baseline -0.005 -84"><span class='ocrx_word' id='word_1_684' title='bbox 515 5511 599 5621; x_wconf 53' lang='lat' dir='ltr'><strong>teis</strong></span> <span class='ocrx_word' id='word_1_685' title='bbox 635 5502 689 5581; x_wconf 75' lang='lat' dir='ltr'><strong>in</strong></span> <span class='ocrx_word' id='word_1_686' title='bbox 721 5501 1122 5639; x_wconf 53' lang='lat' dir='ltr'><strong>pofnitentibus</strong></span> <span class='ocrx_word' id='word_1_687' title='bbox 1150 5496 1217 5552; x_wconf 81' lang='lat' dir='ltr'><strong>de</strong></span> <span class='ocrx_word' id='word_1_688' title='bbox 1241 5499 1480 5567; x_wconf 88' lang='lat' dir='ltr'><strong>peccatis</strong></span> <span class='ocrx_word' id='word_1_689' title='bbox 1512 5506 1634 5565; x_wconf 86' lang='lat' dir='ltr'><strong>post</strong></span> <span class='ocrx_word' id='word_1_690' title='bbox 1679 5496 2018 5565; x_wconf 77' lang='lat' dir='ltr'><strong>baptismum</strong></span> 
     </span>
     <span class='ocr_line' id='line_1_101' title="bbox 516 5583 817 5625; baseline -0.007 -1"><span class='ocrx_word' id='word_1_691' title='bbox 516 5585 568 5624; x_wconf 71' lang='lat' dir='ltr'><strong>at</strong></span> <span class='ocrx_word' id='word_1_692' title='bbox 591 5583 774 5625; x_wconf 71' lang='lat' dir='ltr'><strong>missu</strong></span> <span class='ocrx_word' id='word_1_693' title='bbox 803 5607 817 5622; x_wconf 94' lang='lat'><strong>.</strong></span> 
     </span>
    </p>
   </div>
   <div class='ocr_carea' id='block_1_100' title="bbox 516 5583 817 5625">
    <p class='ocr_par' dir='ltr' id='par_1_100' title="bbox 516 5583 817 5625">
     <span class='ocr_line' id='line_1_102' title="bbox 516 5583 817 5625; baseline -0.007 -1"><span class='ocrx_word' id='word_1_694' title='bbox 516 5583 817 5625; x_wconf 68' lang='grc' dir='ltr'><strong>οιιιιιιεειι).</strong></span> 
     </span>
    </p>
   </div>
   <div class='ocr_carea' id='block_1_101' title="bbox 513 5653 2018 5730">
    <p class='ocr_par' dir='ltr' id='par_1_101' title="bbox 513 5653 2018 5730">
     <span class='ocr_line' id='line_1_103' title="bbox 513 5653 2018 5730; baseline -0.005 -12"><span class='ocrx_word' id='word_1_695' title='bbox 513 5659 729 5718; x_wconf 82' lang='lat' dir='ltr'><strong>Peccati</strong></span> <span class='ocrx_word' id='word_1_696' title='bbox 775 5659 1045 5727; x_wconf 85' lang='lat' dir='ltr'><strong>reparatio</strong></span> <span class='ocrx_word' id='word_1_697' title='bbox 1108 5661 1162 5713; x_wconf 91' lang='lat' dir='ltr'><strong>in</strong></span> <span class='ocrx_word' id='word_1_698' title='bbox 1226 5673 1291 5714; x_wconf 87' lang='lat' dir='ltr'><strong>co</strong></span> <span class='ocrx_word' id='word_1_699' title='bbox 1351 5672 1474 5729; x_wconf 80' lang='lat' dir='ltr'><strong>esse</strong></span> <span class='ocrx_word' id='word_1_700' title='bbox 1509 5653 2018 5730; x_wconf 68' lang='lat' dir='ltr'><strong>Theologoyidetur</strong></span> 
     </span>
    </p>
   </div>
   <div class='ocr_carea' id='block_1_102' title="bbox 474 5767 1015 5848">
    <p class='ocr_par' dir='ltr' id='par_1_102' title="bbox 474 5767 1015 5848">
     <span class='ocr_line' id='line_1_104' title="bbox 474 5767 1015 5848; baseline -0.004 -22"><span class='ocrx_word' id='word_1_701' title='bbox 474 5831 489 5848; x_wconf 54' lang='grc'><strong>,</strong></span> <span class='ocrx_word' id='word_1_702' title='bbox 549 5768 592 5803; x_wconf 80' lang='grc'><strong>¹⁹</strong></span> <span class='ocrx_word' id='word_1_703' title='bbox 615 5767 806 5826; x_wconf 78' lang='lat' dir='ltr'><strong>Matth.</strong></span> <span class='ocrx_word' id='word_1_704' title='bbox 839 5785 894 5840; x_wconf 71' lang='grc' dir='ltr'><strong>ι,</strong></span> <span class='ocrx_word' id='word_1_705' title='bbox 922 5768 1015 5824; x_wconf 70' lang='grc'><strong>22.</strong></span> 
     </span>
    </p>
   </div>
   <div class='ocr_carea' id='block_1_103' title="bbox 2138 4431 3703 4508">
    <p class='ocr_par' dir='ltr' id='par_1_103' title="bbox 2138 4431 3703 4508">
     <span class='ocr_line' id='line_1_105' title="bbox 2138 4431 3703 4508; baseline -0.011 -10"><span class='ocrx_word' id='word_1_706' title='bbox 2138 4448 2232 4498; x_wconf 73' lang='grc' dir='ltr'><strong>καὶ</strong></span> <span class='ocrx_word' id='word_1_707' title='bbox 2263 4443 2465 4498; x_wconf 80' lang='grc' dir='ltr'><strong>πάντες</strong></span> <span class='ocrx_word' id='word_1_708' title='bbox 2502 4443 2582 4503; x_wconf 81' lang='grc' dir='ltr'><strong>είς</strong></span> <span class='ocrx_word' id='word_1_709' title='bbox 2613 4438 2923 4508; x_wconf 85' lang='grc' dir='ltr'><strong>ἀφθαρσίαν</strong></span> <span class='ocrx_word' id='word_1_710' title='bbox 2972 4433 3358 4496; x_wconf 69' lang='grc' dir='ltr'><strong>ἀλλοιωθέντες</strong></span> <span class='ocrx_word' id='word_1_711' title='bbox 3386 4432 3462 4494; x_wconf 84' lang='grc' dir='ltr'><strong>ὡς</strong></span> <span class='ocrx_word' id='word_1_712' title='bbox 3491 4431 3703 4499; x_wconf 81' lang='grc' dir='ltr'><strong>πάχους</strong></span> 
     </span>
    </p>
   </div>
   <div class='ocr_carea' id='block_1_104' title="bbox 2135 4522 3702 4601">
    <p class='ocr_par' dir='ltr' id='par_1_104' title="bbox 2135 4522 3702 4601">
     <span class='ocr_line' id='line_1_106' title="bbox 2135 4522 3702 4601; baseline -0.008 -13"><span class='ocrx_word' id='word_1_713' title='bbox 2135 4533 2568 4601; x_wconf 79' lang='grc' dir='ltr'><strong>ἀπηλλαγμένοι,</strong></span> <span class='ocrx_word' id='word_1_714' title='bbox 2601 4530 2834 4590; x_wconf 70' lang='grc' dir='ltr'><strong>ἕκαστος</strong></span> <span class='ocrx_word' id='word_1_715' title='bbox 2874 4527 2943 4580; x_wconf 87' lang='grc' dir='ltr'><strong>τά</strong></span> <span class='ocrx_word' id='word_1_716' title='bbox 2971 4525 3202 4578; x_wconf 85' lang='grc' dir='ltr'><strong>ἑκάστου</strong></span> <span class='ocrx_word' id='word_1_717' title='bbox 3235 4524 3390 4578; x_wconf 74' lang='grc' dir='ltr'><strong>ἔσται</strong></span> <span class='ocrx_word' id='word_1_718' title='bbox 3421 4522 3702 4576; x_wconf 75' lang='grc' dir='ltr'><strong>κατανοιῖιν</strong></span> 
     </span>
    </p>
   </div>
   <div class='ocr_carea' id='block_1_105' title="bbox 2133 4613 3702 4694">
    <p class='ocr_par' dir='ltr' id='par_1_105' title="bbox 2133 4613 3702 4694">
     <span class='ocr_line' id='line_1_107' title="bbox 2133 4613 3702 4694; baseline -0.012 -11"><span class='ocrx_word' id='word_1_719' title='bbox 2133 4630 2242 4684; x_wconf 82' lang='grc' dir='ltr'><strong>ἀπό</strong></span> <span class='ocrx_word' id='word_1_720' title='bbox 2267 4643 2431 4681; x_wconf 89' lang='grc' dir='ltr'><strong>τινων</strong></span> <span class='ocrx_word' id='word_1_721' title='bbox 2458 4622 2881 4694; x_wconf 85' lang='grc' dir='ltr'><strong>γνωρισμάτων,</strong></span> <span class='ocrx_word' id='word_1_722' title='bbox 2909 4618 2984 4682; x_wconf 83' lang='grc' dir='ltr'><strong>ὡς</strong></span> <span class='ocrx_word' id='word_1_723' title='bbox 3015 4617 3110 4670; x_wconf 80' lang='grc' dir='ltr'><strong>καὶ</strong></span> <span class='ocrx_word' id='word_1_724' title='bbox 3143 4615 3240 4669; x_wconf 85' lang='grc' dir='ltr'><strong>νῦν</strong></span> <span class='ocrx_word' id='word_1_725' title='bbox 3263 4614 3372 4668; x_wconf 76' lang='grc' dir='ltr'><strong>ἀπὸ</strong></span> <span class='ocrx_word' id='word_1_726' title='bbox 3405 4613 3702 4684; x_wconf 81' lang='grc' dir='ltr'><strong>σχημάτων</strong></span> 
     </span>
    </p>
   </div>
   <div class='ocr_carea' id='block_1_106' title="bbox 2133 4702 3704 4790">
    <p class='ocr_par' dir='ltr' id='par_1_106' title="bbox 2133 4702 3704 4790">
     <span class='ocr_line' id='line_1_108' title="bbox 2133 4702 3704 4790; baseline -0.013 -16"><span class='ocrx_word' id='word_1_727' title='bbox 2133 4720 2494 4790; x_wconf 87' lang='grc' dir='ltr'><strong>ἀνθρωπίνων</strong></span> <span class='ocrx_word' id='word_1_728' title='bbox 2529 4718 2624 4768; x_wconf 73' lang='grc' dir='ltr'><strong>καὶ</strong></span> <span class='ocrx_word' id='word_1_729' title='bbox 2658 4713 2986 4783; x_wconf 80' lang='grc' dir='ltr'><strong>παχυτέρων</strong></span> <span class='ocrx_word' id='word_1_730' title='bbox 3028 4708 3176 4771; x_wconf 79' lang='grc' dir='ltr'><strong>τινὲς</strong></span> <span class='ocrx_word' id='word_1_731' title='bbox 3205 4705 3479 4774; x_wconf 82' lang='grc' dir='ltr'><strong>γνώριμοι</strong></span> <span class='ocrx_word' id='word_1_732' title='bbox 3522 4702 3704 4769; x_wconf 75' lang='grc' dir='ltr'><strong>γίνονο</strong></span> 
     </span>
    </p>
   </div>
   <div class='ocr_carea' id='block_1_107' title="bbox 2132 4791 3704 4872">
    <p class='ocr_par' dir='ltr' id='par_1_107' title="bbox 2132 4791 3704 4872">
     <span class='ocr_line' id='line_1_109' title="bbox 2132 4791 3704 4872; baseline -0.013 -5"><span class='ocrx_word' id='word_1_733' title='bbox 2132 4831 2244 4871; x_wconf 86' lang='grc' dir='ltr'><strong>ται.</strong></span> <span class='ocrx_word' id='word_1_734' title='bbox 2287 4813 2347 4864; x_wconf 86' lang='lat' dir='ltr'><strong>El</strong></span> <span class='ocrx_word' id='word_1_735' title='bbox 2379 4807 2472 4864; x_wconf 78' lang='grc' dir='ltr'><strong>οὖν</strong></span> <span class='ocrx_word' id='word_1_736' title='bbox 2522 4807 2774 4872; x_wconf 68' lang='grc' dir='ltr'><strong>ἐνταῦθα,</strong></span> <span class='ocrx_word' id='word_1_737' title='bbox 2812 4801 2991 4870; x_wconf 84' lang='grc' dir='ltr'><strong>πολλῷ</strong></span> <span class='ocrx_word' id='word_1_738' title='bbox 3039 4799 3106 4870; x_wconf 84' lang='grc' dir='ltr'><strong>δὴ</strong></span> <span class='ocrx_word' id='word_1_739' title='bbox 3158 4797 3360 4868; x_wconf 80' lang='grc' dir='ltr'><strong>μᾶλλον</strong></span> <span class='ocrx_word' id='word_1_740' title='bbox 3412 4795 3558 4858; x_wconf 83' lang='grc' dir='ltr'><strong>τότε,</strong></span> <span class='ocrx_word' id='word_1_741' title='bbox 3604 4791 3704 4846; x_wconf 82' lang='grc' dir='ltr'><strong>τοῦ</strong></span> 
     </span>
    </p>
   </div>
   <div class='ocr_carea' id='block_1_108' title="bbox 2132 4884 3702 4978">
    <p class='ocr_par' dir='ltr' id='par_1_108' title="bbox 2132 4884 3702 4978">
     <span class='ocr_line' id='line_1_110' title="bbox 2132 4884 3702 4978; baseline -0.014 -21"><span class='ocrx_word' id='word_1_742' title='bbox 2132 4903 2388 4974; x_wconf 84' lang='grc' dir='ltr'><strong>ἀληθινοῦ</strong></span> <span class='ocrx_word' id='word_1_743' title='bbox 2445 4901 2763 4970; x_wconf 68' lang='grc' dir='ltr'><strong>λάμψαντος</strong></span> <span class='ocrx_word' id='word_1_744' title='bbox 2817 4894 3025 4978; x_wconf 75' lang='grc' dir='ltr'><strong>φωτὸς,</strong></span> <span class='ocrx_word' id='word_1_745' title='bbox 3069 4893 3159 4945; x_wconf 82' lang='grc' dir='ltr'><strong>ὅτε</strong></span> <span class='ocrx_word' id='word_1_746' title='bbox 3217 4889 3285 4943; x_wconf 76' lang='grc' dir='ltr'><strong>τὰ</strong></span> <span class='ocrx_word' id='word_1_747' title='bbox 3346 4886 3449 4978; x_wconf 14' lang='grc' dir='ltr'><strong>μὴ,</strong></span> <span class='ocrx_word' id='word_1_748' title='bbox 3479 4884 3702 4978; x_wconf 67' lang='grc' dir='ltr'><strong>καθαρὰ</strong></span> 
     </span>
    </p>
   </div>
   <div class='ocr_carea' id='block_1_109' title="bbox 2135 4976 3704 5066">
    <p class='ocr_par' dir='ltr' id='par_1_109' title="bbox 2135 4976 3704 5066">
     <span class='ocr_line' id='line_1_111' title="bbox 2135 4976 3704 5066; baseline -0.015 -17"><span class='ocrx_word' id='word_1_749' title='bbox 2135 4997 2307 5066; x_wconf 84' lang='grc' dir='ltr'><strong>σκεύη</strong></span> <span class='ocrx_word' id='word_1_750' title='bbox 2343 4994 2778 5064; x_wconf 80' lang='grc' dir='ltr'><strong>γνωσθήσονται·</strong></span> <span class='ocrx_word' id='word_1_751' title='bbox 2815 4987 2891 5050; x_wconf 84' lang='grc' dir='ltr'><strong>ὡς</strong></span> <span class='ocrx_word' id='word_1_752' title='bbox 2919 4976 3028 5055; x_wconf 80' lang='grc' dir='ltr'><strong>γὰρ</strong></span> <span class='ocrx_word' id='word_1_753' title='bbox 3056 4983 3106 5035; x_wconf 87' lang='grc' dir='ltr'><strong>οί</strong></span> <span class='ocrx_word' id='word_1_754' title='bbox 3147 4981 3349 5034; x_wconf 84' lang='grc' dir='ltr'><strong>δίκαιοι</strong></span> <span class='ocrx_word' id='word_1_755' title='bbox 3392 4976 3704 5066; x_wconf 82' lang='grc' dir='ltr'><strong>λάμψουσιν</strong></span> 
     </span>
    </p>
   </div>
   <div class='ocr_carea' id='block_1_110' title="bbox 2130 5063 3776 5155">
    <p class='ocr_par' dir='ltr' id='par_1_110' title="bbox 2130 5063 3776 5155">
     <span class='ocr_line' id='line_1_112' title="bbox 2130 5063 3776 5155; baseline -0.014 -16"><span class='ocrx_word' id='word_1_756' title='bbox 2130 5087 2207 5148; x_wconf 86' lang='grc' dir='ltr'><strong>ὼς</strong></span> <span class='ocrx_word' id='word_1_757' title='bbox 2234 5087 2263 5138; x_wconf 80' lang='grc' dir='ltr'>ὁ</span> <span class='ocrx_word' id='word_1_758' title='bbox 2295 5063 2474 5155; x_wconf 61' lang='grc' dir='ltr'><strong>ἥλιος,</strong></span> <span class='ocrx_word' id='word_1_759' title='bbox 2525 5083 2622 5136; x_wconf 77' lang='grc' dir='ltr'><strong>καὶ</strong></span> <span class='ocrx_word' id='word_1_760' title='bbox 2672 5081 2724 5135; x_wconf 87' lang='grc' dir='ltr'><strong>οἱ</strong></span> <span class='ocrx_word' id='word_1_761' title='bbox 2773 5077 2848 5148; x_wconf 73' lang='grc' dir='ltr'><strong>μὴ</strong></span> <span class='ocrx_word' id='word_1_762' title='bbox 2896 5073 3131 5131; x_wconf 84' lang='grc' dir='ltr'><strong>τοιοῦτοι</strong></span> <span class='ocrx_word' id='word_1_763' title='bbox 3183 5063 3703 5140; x_wconf 76' lang='grc' dir='ltr'><strong>φανερωθήσοντᾶιο</strong></span> <span class='ocrx_word' id='word_1_764' title='bbox 3765 5097 3776 5103; x_wconf 76' lang='lat'><strong>~</strong></span> 
     </span>
    </p>
   </div>
   <div class='ocr_carea' id='block_1_111' title="bbox 2129 5160 3458 5240">
    <p class='ocr_par' dir='ltr' id='par_1_111' title="bbox 2129 5160 3458 5240">
     <span class='ocr_line' id='line_1_113' title="bbox 2129 5160 3458 5240; baseline -0.017 -8"><span class='ocrx_word' id='word_1_765' title='bbox 2129 5177 2228 5240; x_wconf 69' lang='grc' dir='ltr'><strong>καὶ</strong></span> <span class='ocrx_word' id='word_1_766' title='bbox 2254 5175 2484 5237; x_wconf 68' lang='grc' dir='ltr'><strong>ἕκαστος</strong></span> <span class='ocrx_word' id='word_1_767' title='bbox 2508 5171 2704 5226; x_wconf 78' lang='grc' dir='ltr'><strong>ἑαυτὸν</strong></span> <span class='ocrx_word' id='word_1_768' title='bbox 2734 5170 2842 5222; x_wconf 86' lang='grc' dir='ltr'><strong>τῶν</strong></span> <span class='ocrx_word' id='word_1_769' title='bbox 2872 5167 3075 5221; x_wconf 80' lang='grc' dir='ltr'><strong>ἀδίκων</strong></span> <span class='ocrx_word' id='word_1_770' title='bbox 3114 5160 3458 5230; x_wconf 83' lang='grc' dir='ltr'><strong>κατακρινεῖ.</strong></span> 
     </span>
    </p>
   </div>
   <div class='ocr_carea' id='block_1_112' title="bbox 2550 5251 3248 5333">
    <p class='ocr_par' dir='ltr' id='par_1_112' title="bbox 2550 5251 3248 5333">
     <span class='ocr_line' id='line_1_114' title="bbox 2550 5251 3248 5333; baseline -0.011 -20"><span class='ocrx_word' id='word_1_771' title='bbox 2550 5262 2716 5333; x_wconf 77' lang='lat'><strong>353</strong></span> <span class='ocrx_word' id='word_1_772' title='bbox 2756 5255 3092 5313; x_wconf 75' lang='lat' dir='ltr'><strong>Ern&#39;rnstz</strong></span> <span class='ocrx_word' id='word_1_773' title='bbox 3131 5251 3248 5306; x_wconf 68' lang='lat' dir='ltr'><strong>sz&#39;.</strong></span> 
     </span>
    </p>
   </div>
   <div class='ocr_carea' id='block_1_113' title="bbox 2133 5340 3696 5427">
    <p class='ocr_par' dir='ltr' id='par_1_113' title="bbox 2133 5340 3696 5427">
     <span class='ocr_line' id='line_1_115' title="bbox 2133 5340 3696 5427; baseline -0.015 -13"><span class='ocrx_word' id='word_1_774' title='bbox 2133 5358 2232 5427; x_wconf 81' lang='grc' dir='ltr'><strong>Τίς</strong></span> <span class='ocrx_word' id='word_1_775' title='bbox 2257 5359 2295 5427; x_wconf 83' lang='grc' dir='ltr'><strong><em>ἠ</em></strong></span> <span class='ocrx_word' id='word_1_776' title='bbox 2331 5353 2491 5424; x_wconf 76' lang='grc' dir='ltr'><strong>παρὰ</strong></span> <span class='ocrx_word' id='word_1_777' title='bbox 2519 5352 2600 5419; x_wconf 76' lang='grc' dir='ltr'><strong>τῷ</strong></span> <span class='ocrx_word' id='word_1_778' title='bbox 2628 5351 2898 5419; x_wconf 72' lang='grc' dir='ltr'><strong>Θεολότφ</strong></span> <span class='ocrx_word' id='word_1_779' title='bbox 2928 5344 3238 5415; x_wconf 76' lang='grc' dir='ltr'><strong>Γρηγορίφ</strong></span> <span class='ocrx_word' id='word_1_780' title='bbox 3283 5340 3696 5404; x_wconf 70' lang='grc' dir='ltr'><strong>συνούλωσις.</strong></span> 
     </span>
    </p>
   </div>
   <div class='ocr_carea' id='block_1_114' title="bbox 2199 5631 3698 5717">
    <p class='ocr_par' dir='ltr' id='par_1_114' title="bbox 2199 5631 3698 5717">
     <span class='ocr_line' id='line_1_116' title="bbox 2199 5631 3698 5717; baseline -0.015 -12"><span class='ocrx_word' id='word_1_781' title='bbox 2199 5646 2539 5717; x_wconf 67' lang='grc' dir='ltr'><strong>Συνοόλωσις</strong></span> <span class='ocrx_word' id='word_1_782' title='bbox 2567 5642 2624 5698; x_wconf 84' lang='grc' dir='ltr'><strong>δὲ</strong></span> <span class='ocrx_word' id='word_1_783' title='bbox 2645 5640 2724 5712; x_wconf 80' lang='grc' dir='ltr'><strong>τῷ</strong></span> <span class='ocrx_word' id='word_1_784' title='bbox 2749 5638 3000 5709; x_wconf 80' lang='grc' dir='ltr'><strong>Θεολόγῳ</strong></span> <span class='ocrx_word' id='word_1_785' title='bbox 3023 5636 3172 5694; x_wconf 74' lang='grc' dir='ltr'><strong>δοκεῖ</strong></span> <span class='ocrx_word' id='word_1_786' title='bbox 3204 5637 3239 5706; x_wconf 80' lang='grc' dir='ltr'><strong>ή</strong></span> <span class='ocrx_word' id='word_1_787' title='bbox 3271 5635 3356 5690; x_wconf 78' lang='grc' dir='ltr'><strong>διὰ</strong></span> <span class='ocrx_word' id='word_1_788' title='bbox 3395 5631 3493 5702; x_wconf 78' lang='grc' dir='ltr'><strong>τῆς</strong></span> <span class='ocrx_word' id='word_1_789' title='bbox 3527 5643 3698 5701; x_wconf 80' lang='grc' dir='ltr'><strong>μετα-</strong></span> 
     </span>
    </p>
   </div>
  </div>
