4060 6282
414 307 514 373 921
1153 299 1546 363 BESPONSA
1583 301 1683 362 AD
1713 299 2165 369 GABRIELEM
2195 293 2902 358 PEN'I'APOLITANUM.
3532 289 3639 352 922

413 422 562 483 νοίας
583 417 692 471 τῶν
723 413 1051 487 τραυμάτων
1098 414 1197 482 τῆς
1238 413 1513 483 ἁμαρτίας
1546 411 1693 476 ίασις
1715 429 1730 444 ο
1763 413 1886 483 ἥτις
1923 413 1978 466 εί

2104 411 2220 479 μιοά
2252 425 2346 480 per
2379 405 2748 478 poenitentiam
2801 402 3024 456 vulnera
3071 408 3412 468 peccatorum
3444 413 3640 454 curan-

415 515 510 568 καὶ
553 508 766 579 ἀληθῶς
813 506 1031 572 ἕπεται,
1084 504 1182 558 καὶ
1236 503 1451 573 ἰατρεία
1497 502 1681 555 τελεία
1731 503 1971 570 γίνεται,

2108 519 2204 567 ur;
2272 516 2392 570 quae
2431 499 2532 554 etsi
2597 511 2720 551 vere
2751 494 2966 549 dicatur
3021 492 3226 561 peccati
3275 491 3646 554 medicina,et

413 601 550 657 ἀλλά
608 599 718 658 τοῖς
780 595 916 664 μετὰ
966 594 1029 647 τὸ
1075 592 1358 663 βάπτισμα
1411 591 1706 645 πταίσασιν
1756 591 1836 644 ετι
1879 593 1976 643 καὶ

2104 594 2198 646 leri
2232 592 2408 660 possit
2467 588 2702 660 perfecta
2731 584 2964 651 sanatio,
3016 593 3196 638 tamen
3226 584 3278 636 in
3308 583 3375 638 iis
3401 584 3490 651 qui
3522 591 3645 652 post

418 692 618 760 σημεῖα
666 687 891 756 μένουσι
933 684 1046 738 τῶν
1080 683 1329 752 πληγῶν.
1382 683 1500 736 Μία
1543 683 1655 752 γάρ
1686 683 1782 735 καὶ
1836 681 1976 751 μόνη

2104 680 2413 747 iaptismum
2446 677 2802 744 chcaverunt
2820 681 3040 726 manent
3060 669 3346 724 cicatrices
3365 669 3644 736 plagarum

2085 778 2140 823 et
2174 774 2532 838 symptomata
2590 764 2904 838 morborum
2938 779 2950 812 :
2983 775 3087 813 una
3115 767 3198 814 est
3227 757 3465 826 perfecta
3493 771 3650 823 repa-

2089 861 2226 914 ratio
2259 875 2380 928 qure
2418 860 2578 911 ctiam
2606 857 2797 910 anima:
2817 855 3036 908 vulnera
3069 859 3122 904 et
3161 850 3362 919 peccati
3394 849 3652 915 reliquias

2091 967 2157 1006 ex
2192 950 2408 1019 integro
2447 949 2622 1013 tollat,
2646 948 2913 1016 baptisma
2942 944 3218 999 scilicetet
3241 950 3361 1012 post
3387 941 3653 1011 baptisma

2093 1043 2440 1114 martyrium.

2578 1147 2908 1216 QUESTIO
2940 1146 3172 1205 LXVIII.

2254 1242 2396 1309 Quid
2425 1241 2568 1312 apud
2601 1240 2662 1296 S.
2696 1240 3000 1294 Macarium
3041 1239 3212 1309 caligo
3241 1245 3290 1291 et
3317 1235 3493 1304 fmtor.

417 782 718 844 ἀνάπλασις
750 781 786 850 ἡ
836 779 930 833 καὶ
979 778 1078 840 τάς
1128 775 1291 840 οὐλάς
1321 775 1700 842 ὲξαλείφουσα,
1770 774 1831 828 τὸ
1882 774 1980 843 βά-

418 889 631 944 πτισμα
653 872 834 943 μόνον,
869 871 964 924 καὶ
994 867 1112 940 μετ’
1141 868 1273 921 αὐτὸ
1298 868 1359 920 τὸ
1382 866 1707 938 μαρτύριον.

960 1155 1292 1212 ΕΡΩἹῊΣΙΣ
1337 1153 1464 1208 EH'.

430 1251 525 1317 Τίς
563 1250 602 1318 ἡ
644 1249 804 1319 παρὰ
829 1247 911 1315 τῷ
957 1250 1105 1370 ἁγίιὲ
1146 1250 1429 1370 σΙιξιιὲιαρίιει
1475 1245 1730 1316 ζόςρωσίς
1765 1263 1828 1301 τε
1885 1245 1986 1300 καί

1106 1335 1142 1370 υ
1191 1336 1234 1369 ω
1299 1336 1357 1370 α.

1106 1335 1357 1374 υσωονια.

494 1411 739 1479 Ζόφωσις
793 1410 849 1464 δὲ
899 1410 995 1463 καὶ
1049 1408 1310 1474 δυσωδία,
1371 1407 1449 1473 ὡς
1497 1409 1648 1480 παρὰ
1703 1407 1781 1479 τῷ
1845 1408 1988 1477 ἁγίῳ

2162 1400 2350 1471 Caligo
2376 1407 2430 1454 et
2460 1397 2646 1463 fmtor,
2672 1395 2974 1452 secundum
3009 1390 3154 1462 quod
3186 1388 3380 1446 scribit
3433 1393 3658 1441 sanctus

424 1476 738 1570 γέγραπται
765 1500 1056 1570 Μακαρίῳ,
1089 1499 1184 1552 καὶ
1213 1499 1310 1552 νῦν
1337 1502 1454 1552 ἐστι
1483 1476 1693 1569 νοητῶς
1734 1476 1856 1561 ταῖς
1883 1476 1992 1551 τῶν

2104 1493 2391 1556 Macarius,
2431 1491 2598 1547 etiam
2626 1504 2776 1544 nunc
2799 1483 3230 1541 intellectualiter
3252 1481 3397 1535 inest
3445 1476 3662 1531 anima-

425 1593 809 1662 ἀμετανοήτως
854 1591 1275 1662 ἁμαρτανόντων
1318 1589 1538 1661 ψυχαῖς,
1571 1591 1667 1644 καὶ
1701 1595 1821 1654 ταῖς
1845 1591 1997 1659 ἐξερ-

2104 1586 2203 1641 bus
2232 1590 2578 1654 peccatorum
2632 1576 3114 1649 impmnitentium,
3151 1581 3204 1626 et
3232 1586 3354 1642 qua:
3383 1583 3412 1624 e
3434 1580 3661 1638 corpore

425 1660 681 1751 κομέναις
743 1660 1211 1752 δίγαῗμετανοίας
1285 1681 1381 1734 τοῦ
1421 1660 1712 1750 σώματος.
1775 1681 1995 1750 Ἐπειδὴ

2104 1683 2304 1730 exeunt
2333 1675 2541 1743 absque
2577 1671 2916 1742 paenitentia.
2941 1667 3076 1722 Cum
3109 1665 3253 1719 enim
3291 1677 3399 1717 non
3432 1660 3660 1715 selave-

427 1749 538 1847 γάρ
558 1772 628 1825 δι’
660 1749 1065 1843 ἑξαγοϋρεύσεως
1099 1775 1192 1826 καὶ
1221 1749 1718 1843 μετανοίαςέργων
1756 1774 1848 1826 καὶ
1883 1749 1991 1824 τῶν

2104 1766 2204 1820 rint
2239 1773 2293 1820 et
2323 1763 2667 1818 confessione
2695 1772 2749 1816 et
2776 1758 3109 1830 paenitentiae
3134 1754 3392 1824 operibus
3416 1763 3470 1806 et
3488 1749 3666 1819 lacryo

428 1845 680 1933 δακρύων
705 1864 806 1917 οὑκ
839 1857 1283 1934 ἀπεπλύνθησαν,
1306 1865 1661 1934 περιφέρουσι
1690 1864 1789 1932 τὴν
1821 1864 1994 1916 δυσω-

2104 1856 2226 1919 mis,
2243 1869 2426 1910 secum
2455 1853 2845 1908 circumierunt
2888 1850 3133 1904 faetorem
3161 1855 3214 1901 et
3244 1844 3658 1904 deformitatem,

434 1931 557 2006 δίαν
606 1953 786 2008 αὐτῶν
825 1955 919 2008 καὶ
968 1931 1392 2024 ἀσχημοσύνην,
1414 1954 1488 2017 ὡς
1509 1931 1611 2007 ’καὶ
1635 1957 1685 2006 ot
1715 1931 1989 2023 δαίμονες,

2104 1931 2242 2001 sicut
2268 1946 2398 2000 olim
2424 1944 2766 2000 daemonibus
2821 1941 3039 2007 accidit,
3091 1938 3184 2008 qui
3217 1937 3403 1991 multis
3431 1935 3660 1998 sanctis,

431 2045 480 2097 οἳ
504 2045 599 2097 καὶ
627 2045 842 2108 πολλοῖς
865 2045 974 2097 τῶν
1001 2045 1173 2111 ἁγίων
1197 2045 1275 2107 ώς
1297 2045 1457 2112 κύνες
1483 2043 1729 2115 ἢηχοῖροι
1754 2045 1787 2113 ἢ
1815 2047 1993 2098 δυσω-

431 2136 516 2188 δῖα
575 2134 748 2202 τάφου
787 2134 1040 2204 ὀφθέντες
1073 2133 1281 2201 ἔδοξαν,
1309 2135 1385 2204 μὴ
1420 2135 1510 2187 τὸν
1535 2135 1674 2187 θεῖον
1713 2135 1992 2205 φωτισμὸν

432 2223 669 2291 ἔχοντες,
703 2221 840 2290 μηδὲ
868 2221 969 2292 τὴν
992 2220 1221 2274 εὐωδίαν
1250 2219 1345 2274 τοῦ
1372 2221 1711 2291 Πνεῦματος.

975 2329 1308 2382 ΕΡΩΤΗΣΙΣ
1348 2327 1469 2383 ΞΘ’.

430 2423 505 2477 Et
530 2419 745 2508 ἀφεσιν
781 2419 1073 2508 ἰλαμϐάνει
1107 2418 1234 2508 θεᾶς
1257 2419 1864 2508 νέξομοέορυοὺμενος,
1891 2423 2016 2508 καί,

542 2492 612 2544 ἐν
640 2491 838 2558 τρισίν
865 2490 1062 2557 ὥραις,
1089 2489 1168 2554 ὠς
1193 2493 1224 2542 d
1248 2489 1691 2556 Χρυσορῤήμων
1709 2491 1889 2556 φησι.

501 2579 602 2634 Διά
629 2581 730 2651 τῆς
763 2581 993 2650 γνησίας
1031 2567 1322 2662 μετανοίας
1363 2578 1469 2639 πᾶς
1509 2577 1799 2646 ἄνθρωπος
1830 2580 1998 2630 ἐκκα-

431 2672 711 2743 θαίρεται,
770 2673 829 2724 ἐν
891 2668 971 2740 τῷ
1037 2666 1397 2738 ἐξαγορεῦσαι
1461 2667 1602 2720 κατά
1665 2668 1831 2736 μέρος
1895 2668 1996 2731 τὰς

429 2762 731 2832 ἁμαρτίας,
763 2761 862 2814 καὶ
901 2759 1146 2812 ἐκκλῖναι
1191 2759 1286 2812 τοῦ
1334 2758 1531 2825 κακοῦ,
1585 2759 1679 2811 καὶ
1725 2759 1996 2830 ἄρξασθαι

431 2852 529 2907 τοῦ
579 2851 811 2921 ἀγαθοῦ,
867 2853 962 2904 καὶ
1015 2849 1198 2904 δοῦναι
1254 2850 1332 2920 τῷ
1383 2849 1502 2919 Θεῷ
1552 2848 1731 2918 λόγον,
1792 2852 1991 2921 μηκέτι

432 2943 662 3013 ποιῆσαι
699 2943 802 3012 τὴν
847 2941 1142 3012 ἁμαρτίαν.
1182 2940 1356 3017 Εὐθὺς
1411 2941 1518 3011 γὰρ
1559 2942 1676 3008 ἁμα
1727 2941 1996 3009 λαμϐάνει

431 3033 541 3106 τὴν
571 3033 786 3102 ἄφεσιν,
816 3034 909 3085 κα)⁵
931 3035 1029 3086 οὐκ
1064 3035 1120 3084 ὲν
1168 3032 1365 3099 τρισὶν,
1401 3031 1477 3093 ὣς
1505 3033 1628 3103 φῂς,
1661 3031 1853 3099 ὥραις.
1889 3033 1997 3087 Καὶ

431 3124 596 3193 δῆλον
635 3121 742 3176 ἀπὸ
772 3123 867 3192 τῆς
911 3121 1321 3191 προσελθούσης
1370 3121 1448 3190 τῷ
1496 3122 1721 3192 Χριστῷ
1767 3124 1994 3193 πόρνης,
2025 3113 2068 3170 C

437 3214 538 3267 καὶ
565 3215 659 3266 τοῦ
688 3211 923 3278 ἀσώτου,
953 3213 1047 3265 καὶ
1092 3211 1186 3265 τοῦ
1229 3211 1484 3280 τελώνου,
1530 3216 1625 3266 καὶ
1680 3213 1776 3267 τοῦ
1823 3231 2001 3285 παρα-

439 3302 668 3356 λυτικοῦ
689 3301 1026 3371 ὲγερθέντος.
1054 3303 1148 3352 Δεῖ
1169 3300 1224 3354 δὲ
1247 3302 1486 3373 τηρῆσαι
1511 3302 1572 3354 τὸ
1593 3301 1786 3372 δῶρον,
1817 3303 1912 3354 καὶ
1934 3304 2003 3355 τά

433 3394 540 3464 τῆς
572 3394 857 3457 μετανοίας
892 3391 1146 3461 φυλάξαι,
1173 3392 1249 3462 μή
1285 3393 1413 3445 ποτέ
1444 3408 1496 3444 τι
1538 3392 1720 3461 χεῖρον
1749 3392 1898 3463 αὐτῷ
1925 3392 2004 3462 τῷ

438 3487 760 3558 μεταγνόντι
789 3485 1094 3555 παραϐάντι
1118 3487 1369 3556 γένηται,
1404 3486 1478 3548 ὡς
1513 3489 1605 3540 καὶ
1644 3485 1722 3554 τῷ
1752 3487 2003 3556 παραλυο

432 3577 573 3648 τικῷ
608 3577 745 3646 αὐτή
772 3577 1010 3646 νφησινή
1047 3575 1300 3646 ἀλήθειαο
1341 3593 1359 3627 ι
1402 3576 1533 3639 Ἴδε,
1563 3575 1720 3646 ὑγιὴς
1750 3576 2000 3643 γέγονας,

437 3668 639 3738 μηκέτι
685 3667 994 3738 ἁμάρτανε,
1022 3666 1111 3719 ἵνα
1166 3665 1241 3736 μὴ
1285 3668 1470 3736 χεῖρόν
1494 3668 1546 3719 τί
1578 3683 1662 3719 σοι
1687 3669 1934 3738 γένηται.
1974 3683 1994 3718 ι

437 3761 673 3827 Ἀφεσιν
699 3761 798 3829 μὲν
837 3756 932 3812 οῦν
963 3757 1231 3827 λαμϐάνει
1266 3757 1427 3820 εὐθὺς
1457 3760 1804 3830 μετανοήσας
1832 3757 2004 3812 καθα-

428 3853 548 3935 ρῶς
573 3854 602 3906 ό
624 3853 930 3923 ἄνθρωπος,
963 3851 1026 3903 οὐ
1048 3851 1155 3921 μὴν
1177 3849 1233 3903 δὲ
1268 3849 1548 3920 καὶτιμὰς
1584 3853 1676 3904 καὶ
1707 3850 1997 3908 ἀνάϐασιν.

446 3945 588 3997 Ἀλλ’
622 3943 825 4012 ἀφείθη
878 3943 978 4010 μὲν
1037 3944 1113 4014 μὴ
1163 3945 1482 4011 ἀποθανεῖν,
1543 3948 1874 4016 κατάκριτος
1924 3945 2001 4000 ὢν

432 4031 749 4096 ἀποθανεῖν,
784 4033 1030 4084 τουτέστι
1058 4033 1134 4102 μὴ
1172 4033 1503 4102 κολασθῆναι
1525 4049 1541 4064 ⁸
1583 4035 1643 4086 οὐ
1671 4034 1779 4103 μὴν
1818 4034 1875 4086 δὲ
1905 4034 2000 4086 καὶ
2045 4071 2052 4076 α

429 4125 583 4188 ἄξιος
608 4125 700 4176 τοῦ
724 4125 860 4194 γέρα
881 4123 1064 4176 λαϐεῖν
1087 4124 1182 4176 καὶ
1212 4127 1528 4194 στεφάνους.
1559 4124 1649 4177 Διὸ
1669 4125 2002 4190 ἀγωνιστέον

432 4215 564 4273 τούς
589 4232 648 4266 τε
679 4215 890 4279 ζῶντας
928 4215 1068 4284 ὑπὲρ
1108 4215 1322 4268 ἑαυτῶν
1351 4217 1446 4268 καὶ
1475 4214 1617 4285 ὑπὲρ
1643 4214 1752 4266 τῶν
1781 4213 2000 4266 οἰκείων

429 4306 801 4374 τεθνηκότων.
853 4304 1142 4373 Συμϐαίνει
1198 4305 1254 4357 δὲ
1309 4306 1405 4358 καὶ
1458 4305 1519 4357 τὸ
1571 4305 1852 4373 πρόθυμον
1898 4302 2000 4370 τῆς

432 4398 728 4466 μετανοίας
758 4395 833 4457 ὡς
880 4395 973 4447 ἐπὶ
1026 4394 1119 4447 τοῦ
1145 4394 1345 4468 λῃστοῦ
1391 4397 1482 4448 καὶ
1529 4393 1737 4446 ἀσώτου
1779 4393 1999 4462 καὶτῆς

430 4484 642 4551 πόρνης
699 4482 912 4553 ἐκείνης
971 4482 1356 4553 φιλανθρωπίᾳ
1404 4483 1497 4535 τοῦ
1570 4482 1865 4545 Δεσπότου,
1937 4480 1998 4534 οὐ

429 4573 600 4644 μόνον
653 4571 752 4642 τὴν
820 4572 1035 4640 ἄφεσιν,
1094 4562 1230 4626 ἀλλά
1292 4574 1386 4624 καὶ
1440 4571 1589 4638 δῶρα
1644 4571 1998 4641 χαρίσασθαι.

431 4682 453 4716 ε
529 4664 698 4733 ’Δμὴν
751 4662 878 4733 γὰρ,
936 4645 1091 4733 φησὶ,
1140 4665 1285 4732 λέγω
1333 4680 1435 4728 σοι,
1482 4665 1564 4716 ὅτι
1618 4665 1896 4732 ἀφέωνται
1945 4665 2000 4716 αί

424 4755 702 4824 ἁμαρτίαι
731 4753 903 4822 αὐτῆς
947 4755 1002 4806 ui
1036 4754 1252 4819 πολλαὶ,
1307 4755 1389 4807 ὄτι
1434 4756 1688 4825 ἠγάπησε
1734 4755 1892 4808 πολύ.
1927 4739 2000 4826 *ῼ

419 4844 484 4898 δὲ
519 4844 700 4910 ὀλίγον
726 4844 966 4909 ἀφίεται,
986 4843 1167 4912 ὀλίγον
1201 4845 1412 4915 ἀγαπᾷ.
1451 4863 1470 4896 ι
1510 4846 1665 4897 Κατά
1695 4844 1794 4915 τὴν
1817 4845 2001 4898 πίστιν

421 4938 548 5007 ἄρα
609 4935 702 4987 καὶ
744 4935 806 4986 τὸ
861 4933 1140 5003 πρόθυμον
1191 4935 1293 5003 τῆς
1335 4937 1510 5006 ψυχῆς
1572 4939 1666 4990 καὶ
1721 4939 1756 5007 ἡ
1803 4937 1997 5005 ἄφεσις

421 5026 768 5097 χορηγεῖται,
804 5023 881 5088 ὡς
907 5025 1022 5090 καὶ,
1076 5043 1094 5077 ι
1147 5025 1306 5077 Κατά
1342 5026 1438 5096 τὴν
1482 5026 1662 5080 πίστιν
1692 5044 1808 5094 σου,
1841 5029 1998 5098 φησὶ,

421 5115 718 5186 γενηθήτω
752 5132 856 5168 σοι.
893 5132 915 5167 ι

552 5212 556 5214 '
1009 5211 1343 5265 ΕΡΩΤΗΣιΣ
1378 5211 1456 5267 οι.
1877 5283 1879 5290 ι

419 5325 626 5383 Πόθεν
651 5326 760 5391 τὰς
788 5325 1063 5396 ἀφορμὰς
1096 5325 1198 5393 τῆς
1232 5325 1502 5392 ἀφέσεως
1541 5327 1639 5380 καὶ
1674 5327 2000 5395 μετανοίας

717 5432 725 5442 ι
857 5399 911 5448 ot
958 5397 1287 5450 ἀπόστολοι
1328 5397 1571 5450 ἔλαϐον.

506 5485 621 5539 Ποῦ
680 5487 738 5540 δὲ
779 5489 840 5541 τὸ
891 5491 992 5558 τῆς
1041 5489 1287 5556 ἀφέσεως
1341 5484 1497 5542 εἶπεν
1550 5490 1578 5541 ό
1630 5487 1857 5559 Κύριος,
1905 5487 2000 5542 καὶ

419 5577 626 5634 ἔλαϐον
655 5579 702 5630 oi
732 5578 1018 5631 ἀπόστολοι
1049 5579 1306 5650 ἀφορμήν
1333 5595 1346 5645 ;
1395 5580 1482 5632 Ἐν
1517 5581 1680 5633 παντὶ
1711 5580 1788 5647 τῷ
1817 5580 1999 5648 Εὐαγ-

506 5687 551 5720 ¹¹
583 5687 740 5752 Iuan.
789 5707 838 5764 ν,
877 5692 958 5756 l-i.
1062 5694 1102 5726 ¹³
1156 5689 1290 5747 Luc.
1336 5708 1432 5757 ut,
1489 5693 1577 5755 4'1.

2102 2046 2157 2092 ut
2201 2045 2360 2090 antea
2397 2035 2604 2099 notavi,
2653 2039 3024 2104 apparuerunt
3068 2030 3170 2085 sub
3225 2027 3398 2081 forma
3432 2037 3660 2082 canum.

2101 2141 2393 2196 porcorum
2443 2142 2565 2182 cum
2623 2125 2856 2195 sepulcri
2907 2123 3117 2182 fetore.
3143 2119 3308 2174 divini
3349 2114 3663 2187 splendoris

2101 2229 2155 2272 ct
2178 2219 2564 2274 suaveolentim
2594 2217 2766 2272 sancti
2798 2215 3034 2286 Spiritus
3063 2212 3283 2282 penitus
3316 2217 3584 2278 expertes.

2592 2328 2910 2398 QUIESTIO
2977 2325 3165 2383 LXIX.

2104 2423 2248 2477 Num
2286 2424 2646 2477 remissionem
2695 2429 3051 2488 consequatur
3079 2418 3319 2488 quisquis
3359 2415 3662 2484 conﬁtetur,

2236 2495 2390 2562 idque
2413 2503 2461 2546 et
2501 2493 2665 2544 tribus
2709 2486 2874 2552 horis,
2905 2497 2963 2540 ut
2987 2489 3078 2571 .at't
3109 2486 3536 2555 Chrysostomus.

2172 2581 2274 2636 Per
2298 2595 2480 2635 veram
2521 2577 2895 2648 paenitentiam
2925 2576 3103 2630 omnis
3136 2575 3298 2629 homo
3329 2574 3623 2628 mundatur
3646 2611 3664 2640 ,

2101 2685 2201 2727 sua
2241 2670 2516 2740 sigillatim
2566 2667 2878 2724 conﬁtendo
2931 2673 3178 2736 peccata,
3243 2665 3566 2720 declinando
3634 2679 3666 2716 a

2103 2762 2269 2828 malo,
2298 2771 2352 2817 et
2417 2775 2475 2816 se
2503 2759 2570 2814 ad
2626 2762 2824 2814 bonum
2861 2757 3249 2820 convertenda,
3295 2755 3516 2825 Deoque
3540 2769 3668 2810 rere

2101 2851 2464 2922 promittendo
2494 2865 2553 2905 se
2573 2864 2680 2902 non
2710 2847 2940 2916 amplius
2962 2855 3313 2917 peccaturum
3341 2844 3671 2912 :statimque

2101 2954 2158 2999 et
2183 2945 2343 2999 simul
2366 2942 2578 2997 veniam
2605 2940 2794 3005 habet,
2812 2955 2919 2994 non
2945 2940 3126 2994 tribus
3146 2939 3320 3003 horis,
3339 2945 3399 2992 ut
3423 2937 3578 2992 dicis.
3605 2935 3671 2990 Et

2103 3037 2206 3091 hoc
2225 3024 2561 3090 manifestum
2583 3043 2751 3089 estex
2769 3047 2831 3087 ea
2861 3032 3144 3087 meretrice
3163 3045 3284 3102 qua:
3302 3031 3369 3085 ad
3391 3030 3668 3085 Christum

2108 3127 2358 3191 accessit,
2392 3135 2444 3181 et
2479 3141 2544 3179 ex
2577 3125 2824 3195 prodigo,
2855 3134 2909 3177 et
2958 3139 3021 3178 ex
3055 3125 3367 3193 publicano,
3395 3129 3450 3176 et
3485 3138 3550 3176 ex
3581 3134 3672 3190 pa-

2113 3219 2332 3288 ralytico
2359 3226 2574 3272 sanato.
2594 3214 2930 3271 Servandum
2965 3224 3050 3270 est
3073 3229 3202 3284 ergo
3232 3215 3430 3268 donum
3463 3223 3517 3269 et
3545 3215 3670 3284 jura

2111 3308 2442 3380 poenitentia:
2491 3307 2854 3372 observanda,
2890 3321 2958 3362 ne
2986 3306 3113 3375 quid
3150 3305 3388 3360 deterius
3419 3305 3511 3359 ﬁat
3540 3319 3669 3374 peo-

2111 3403 2278 3458 catori
2329 3416 2617 3468 converso,
2684 3410 2742 3454 ut
2776 3401 2894 3470 ipsa
2926 3397 3135 3454 Veritas
3164 3406 3418 3452 sanatum
3454 3397 3672 3468 paraly-

2113 3495 2275 3548 ticum
2327 3496 2595 3550 monitum
2651 3493 2820 3549 voluit
2849 3509 2864 3547 :
2899 3511 2918 3544 ι
2943 3490 3083 3547 Ecce
3116 3504 3282 3546 sanus
3308 3490 3482 3546 factus
3552 3505 3613 3546 es
3650 3507 3666 3544 :

2105 3586 2216 3658 jam
2247 3586 2357 3641 noli
2411 3601 2662 3655 peccare,
2691 3600 2758 3639 ne
2807 3584 3048 3640 deterius
3108 3581 3207 3638 tibi
3265 3581 3470 3652 aliquid
3523 3583 3672 3638 acci-

2109 3679 2201 3732 dat
2233 3678 2342 3730 ¹¹.ι
2408 3676 2628 3730 Veniam
2682 3675 2895 3743 quidem
2953 3673 3180 3743 suscipit
3233 3674 3398 3727 homo
3431 3674 3672 3743 legitime

2109 3759 2400 3839 paenitens,
2427 3782 2534 3822 non
2555 3780 2684 3824 vero
2713 3765 2973 3819 honorem
3001 3773 3057 3818 et
3075 3765 3142 3818 ad
3174 3765 3383 3833 majora
3415 3780 3666 3836 progres-

2109 3875 2230 3917 sum
2257 3877 2270 3912 :
2298 3857 2394 3939 sed
2415 3857 2809 3912 condemnatus
2836 3857 2902 3908 ad
2929 3863 3158 3908 mortem
3183 3854 3250 3908 ab
3271 3854 3360 3908 illa
3383 3856 3664 3925 eximitur,

2109 3954 2212 4008 hoc
2238 3959 2372 4007 esta
2409 3965 2563 4022 ptena
2595 3950 2694 4018 ipsi
2728 3947 2962 4002 luenda:
2989 3948 3227 4002 nondum
3266 3958 3445 4004 tamen
3471 3950 3668 4019 dignus

2109 4045 2339 4099 habetur
2361 4041 2610 4096 mercede
2638 4049 2691 4095 et
2711 4054 2935 4097 corona.
2965 4037 3148 4106 Quare
3173 4041 3502 4095 contendant
3535 4042 3666 4097 dum

2106 4136 2300 4189 vivunt
2342 4135 2590 4188 homines
2636 4146 2690 4187 et
2720 4148 2819 4203 pro
2865 4132 3063 4201 scipsis
3094 4140 3148 4185 et
3200 4147 3300 4200 pro
3349 4135 3667 4201 parentibus

2109 4226 2360 4280 mortuis.
2418 4223 2601 4278 Alacri
2651 4232 2706 4277 et
2761 4223 2986 4291 impigro
3018 4222 3352 4291 poenitentiae
3383 4224 3500 4278 zelo
3523 4225 3664 4279 idem

2106 4314 2374 4382 contingit
2431 4329 2497 4368 ac
2548 4312 2748 4367 latroni
2793 4320 2849 4366 et
2905 4312 3176 4366 meretrici
3209 4312 3331 4380 ipsi,
3368 4321 3425 4366 ut
3474 4327 3668 4382 nempe

2107 4404 2484 4461 benevolentia
2513 4404 2726 4459 Domini
2751 4403 2985 4458 donetur
3025 4419 3135 4457 non
3171 4404 3349 4459 solum
3380 4403 3539 4459 venia
3569 4406 3665 4459 sed

2105 4507 2159 4553 et
2180 4496 2304 4551 aliis
2341 4496 2684 4552 muneribus.
2718 4493 2860 4549 Dicit
2913 4497 3055 4549 enim
3099 4494 3364 4550 Dominus
3402 4512 3417 4549 :
3447 4512 3466 4546 ι
3495 4497 3665 4550 Amen

2103 4590 2224 4644 dico
2256 4587 2353 4641 tibi
2388 4604 2401 4640 :
2437 4587 2784 4641 remittuntur
2809 4585 2857 4639 ei
2889 4593 3113 4655 peccata
3152 4587 3343 4650 multa,
3407 4586 3667 4656 quoniam

2102 4679 2289 4734 dilexit
2314 4679 2562 4733 multum.
2591 4679 2692 4734 Cui
2716 4691 2894 4733 autem
2939 4681 3119 4733 minus
3141 4678 3455 4743 dimittitur,
3486 4677 3668 4732 minus

2103 4767 2276 4837 diligit
2316 4768 2377 4821 “.
2411 4785 2431 4819 ι
2492 4766 2661 4836 Igitur
2687 4766 2982 4820 secundum
3039 4765 3198 4820 ﬁdem
3220 4773 3274 4820 et
3313 4765 3510 4819 animae
3534 4780 3665 4820 con-

2103 4859 2398 4912 tentionem
2427 4868 2482 4912 et
2507 4856 2662 4911 venia
2699 4866 3066 4922 mensuratur,
3100 4865 3158 4912 ut
3210 4857 3384 4912 dixit:
3417 4855 3668 4912 «Secun-

2096 4951 2222 5004 dum
2255 4948 2414 5005 tidem
2444 4958 2592 5004 tuam
2621 4948 2716 5003 ﬁat
2765 4949 2873 5004 tibi
2898 4948 2964 5004 ¹³.
2995 4967 3015 5001 ι

2629 5210 2956 5278 ΟυιλΕδΤΙΟ
2977 5210 3143 5268 LXX.
3245 5260 3249 5266 .

2111 5323 2261 5380 Unde
2290 5325 2519 5405 apostoli
2552 5327 2848 5393 acceperint
2881 5340 3068 5378 ansam
3101 5324 3377 5405 tradenda!
3407 5325 3671 5382 remissio-

2434 5397 2512 5448 ni:
2545 5405 2886 5464 peccatorum
2912 5411 2975 5448 ac
3001 5396 3340 5463 paenitentiae.

2175 5486 2275 5544 libi
2330 5487 2398 5543 de
2437 5487 2778 5543 concedenda
2830 5486 3152 5543 remissione
3191 5488 3407 5544 locutus
3437 5497 3522 5543 est
3568 5487 3672 5542 Do~

2104 5581 2306 5647 minus,
2331 5590 2386 5636 ct
2406 5563 2630 5637 eandem
2651 5578 2963 5635 facultatem
2982 5590 3310 5653 acceperunt
3334 5580 3595 5652 apostoli?
3611 5578 3669 5636 In

1679 5692 1720 5724 ¹³
1755 5692 1948 5754 Matth.
2005 5709 2082 5750 Ix.
2135 5693 2225 5753 ‘29.
