  <div class='ocr_page' id='page_1' title='image "/cluster/home/n/w/nwhite01/storage/ocr_20150623/155/mdp.39015022213998/469.png"; bbox 0 0 4078 6288; ppageno 0'>
   <div class='ocr_carea' id='block_1_1' title="bbox 485 278 3741 370">
    <p class='ocr_par' dir='ltr' id='par_1_1' title="bbox 485 278 3741 370">
     <span class='ocr_line' id='line_1_1' title="bbox 485 278 3741 370; baseline 0.012 -40"><span class='ocrx_word' id='word_1_1' title='bbox 485 282 591 347; x_wconf 71' lang='lat'><strong>923</strong></span> <span class='ocrx_word' id='word_1_2' title='bbox 1360 278 1743 341; x_wconf 84' lang='lat' dir='ltr'><strong>SYMEONIS</strong></span> <span class='ocrx_word' id='word_1_3' title='bbox 1780 284 2540 349; x_wconf 79' lang='lat' dir='ltr'><strong>THESSALONICENSIS</strong></span> <span class='ocrx_word' id='word_1_4' title='bbox 2580 290 2938 355; x_wconf 78' lang='lat' dir='ltr'><strong>ARCHIEP.</strong></span> <span class='ocrx_word' id='word_1_5' title='bbox 3630 306 3741 370; x_wconf 70' lang='lat'><strong>924</strong></span> 
     </span>
    </p>
   </div>
   <div class='ocr_carea' id='block_1_2' title="bbox 485 393 2047 483">
    <p class='ocr_par' dir='ltr' id='par_1_2' title="bbox 485 393 2047 466">
     <span class='ocr_line' id='line_1_2' title="bbox 485 393 2047 466; baseline 0.001 -14"><span class='ocrx_word' id='word_1_6' title='bbox 485 406 601 454; x_wconf 88' lang='lat' dir='ltr'><strong>toto</strong></span> <span class='ocrx_word' id='word_1_7' title='bbox 662 394 956 466; x_wconf 79' lang='lat' dir='ltr'><strong>Evangelio</strong></span> <span class='ocrx_word' id='word_1_8' title='bbox 1015 393 1118 450; x_wconf 89' lang='lat' dir='ltr'><strong>hoc</strong></span> <span class='ocrx_word' id='word_1_9' title='bbox 1168 394 1508 465; x_wconf 49' lang='lat' dir='ltr'><strong>praedicavit,</strong></span> <span class='ocrx_word' id='word_1_10' title='bbox 1568 398 1674 451; x_wconf 84' lang='lat' dir='ltr'><strong>hoc</strong></span> <span class='ocrx_word' id='word_1_11' title='bbox 1697 396 1908 459; x_wconf 87' lang='lat' dir='ltr'><strong>docuit.</strong></span> <span class='ocrx_word' id='word_1_12' title='bbox 1945 398 2047 454; x_wconf 83' lang='lat' dir='ltr'><strong>hoc</strong></span> 
     </span>
    </p>
   </div>
   <div class='ocr_carea' id='block_1_3' title="bbox 2150 393 3742 483">
    <p class='ocr_par' dir='ltr' id='par_1_3' title="bbox 2155 400 3742 483">
     <span class='ocr_line' id='line_1_3' title="bbox 2155 400 3742 483; baseline 0.015 -33"><span class='ocrx_word' id='word_1_13' title='bbox 2155 400 2323 472; x_wconf 83' lang='grc' dir='ltr'>γελίῳ</span> <span class='ocrx_word' id='word_1_14' title='bbox 2370 402 2466 455; x_wconf 73' lang='grc' dir='ltr'>καὶ</span> <span class='ocrx_word' id='word_1_15' title='bbox 2514 401 2675 458; x_wconf 81' lang='grc' dir='ltr'>τοῦτο</span> <span class='ocrx_word' id='word_1_16' title='bbox 2704 405 2963 476; x_wconf 71' lang='grc' dir='ltr'>ὶκηρυξε,</span> <span class='ocrx_word' id='word_1_17' title='bbox 3005 410 3100 465; x_wconf 83' lang='grc' dir='ltr'>καὶ</span> <span class='ocrx_word' id='word_1_18' title='bbox 3150 411 3310 466; x_wconf 81' lang='grc' dir='ltr'>τοῦτο</span> <span class='ocrx_word' id='word_1_19' title='bbox 3343 413 3595 483; x_wconf 69' lang='grc' dir='ltr'>ἐδίδαξεο</span> <span class='ocrx_word' id='word_1_20' title='bbox 3638 422 3742 474; x_wconf 79' lang='grc' dir='ltr'>καὶ</span> 
     </span>
    </p>
   </div>
   <div class='ocr_carea' id='block_1_4' title="bbox 485 487 2047 572">
    <p class='ocr_par' dir='ltr' id='par_1_4' title="bbox 485 487 2047 559">
     <span class='ocr_line' id='line_1_4' title="bbox 485 487 2047 559; baseline -0.001 -14"><span class='ocrx_word' id='word_1_21' title='bbox 485 490 829 545; x_wconf 76' lang='lat' dir='ltr'><strong>remissionis</strong></span> <span class='ocrx_word' id='word_1_22' title='bbox 878 496 1225 554; x_wconf 81' lang='lat' dir='ltr'><strong>peccatorum</strong></span> <span class='ocrx_word' id='word_1_23' title='bbox 1256 487 1455 542; x_wconf 83' lang='lat' dir='ltr'><strong>donum</strong></span> <span class='ocrx_word' id='word_1_24' title='bbox 1497 488 1784 559; x_wconf 84' lang='lat' dir='ltr'><strong>discipulis</strong></span> <span class='ocrx_word' id='word_1_25' title='bbox 1815 490 2047 545; x_wconf 86' lang='lat' dir='ltr'><strong>tradidit.</strong></span> 
     </span>
    </p>
   </div>
   <div class='ocr_carea' id='block_1_5' title="bbox 2150 487 3736 572">
    <p class='ocr_par' dir='ltr' id='par_1_5' title="bbox 2164 490 3736 572">
     <span class='ocr_line' id='line_1_5' title="bbox 2164 490 3736 572; baseline 0.013 -30"><span class='ocrx_word' id='word_1_26' title='bbox 2164 490 2322 543; x_wconf 84' lang='grc' dir='ltr'>τοῦτο</span> <span class='ocrx_word' id='word_1_27' title='bbox 2349 493 2464 554; x_wconf 87' lang='grc' dir='ltr'>τοῖς</span> <span class='ocrx_word' id='word_1_28' title='bbox 2492 494 2766 562; x_wconf 77' lang='grc' dir='ltr'><strong>μαθηταῖς</strong></span> <span class='ocrx_word' id='word_1_29' title='bbox 2792 496 2995 551; x_wconf 81' lang='grc' dir='ltr'>δέδωκε</span> <span class='ocrx_word' id='word_1_30' title='bbox 3027 498 3201 568; x_wconf 90' lang='grc' dir='ltr'>δῶρον</span> <span class='ocrx_word' id='word_1_31' title='bbox 3234 502 3293 555; x_wconf 82' lang='grc' dir='ltr'><strong>τδ</strong></span> <span class='ocrx_word' id='word_1_32' title='bbox 3335 504 3558 572; x_wconf 78' lang='grc' dir='ltr'><strong>ἀφιέναι</strong></span> <span class='ocrx_word' id='word_1_33' title='bbox 3578 524 3593 540; x_wconf 77' lang='grc' dir='ltr'><strong>ο</strong></span> <span class='ocrx_word' id='word_1_34' title='bbox 3639 511 3736 563; x_wconf 72' lang='grc' dir='ltr'><strong>καὶ</strong></span> 
     </span>
    </p>
   </div>
   <div class='ocr_carea' id='block_1_6' title="bbox 486 579 2047 670">
    <p class='ocr_par' dir='ltr' id='par_1_6' title="bbox 486 579 2047 651">
     <span class='ocr_line' id='line_1_6' title="bbox 486 579 2047 651; baseline -0.002 -14"><span class='ocrx_word' id='word_1_35' title='bbox 486 582 620 637; x_wconf 82' lang='lat' dir='ltr'><strong>illud</strong></span> <span class='ocrx_word' id='word_1_36' title='bbox 668 579 1003 648; x_wconf 69' lang='lat' dir='ltr'><strong>praescripsit</strong></span> <span class='ocrx_word' id='word_1_37' title='bbox 1057 579 1325 645; x_wconf 82' lang='lat' dir='ltr'><strong>postulari</strong></span> <span class='ocrx_word' id='word_1_38' title='bbox 1373 579 1553 632; x_wconf 80' lang='lat' dir='ltr'><strong>enixis</strong></span> <span class='ocrx_word' id='word_1_39' title='bbox 1606 581 1886 651; x_wconf 74' lang='lat' dir='ltr'><strong>precibus,</strong></span> <span class='ocrx_word' id='word_1_40' title='bbox 1919 582 2047 649; x_wconf 85' lang='lat' dir='ltr'><strong>quia</strong></span> 
     </span>
    </p>
   </div>
   <div class='ocr_carea' id='block_1_7' title="bbox 2150 579 3735 670">
    <p class='ocr_par' dir='ltr' id='par_1_7' title="bbox 2161 581 3735 667">
     <span class='ocr_line' id='line_1_7' title="bbox 2161 581 3735 667; baseline 0.011 -35"><span class='ocrx_word' id='word_1_41' title='bbox 2161 581 2320 634; x_wconf 86' lang='grc' dir='ltr'>τοῦτο</span> <span class='ocrx_word' id='word_1_42' title='bbox 2356 582 2757 652; x_wconf 78' lang='grc' dir='ltr'><strong>προσεύχεσθαι</strong></span> <span class='ocrx_word' id='word_1_43' title='bbox 2800 588 3142 655; x_wconf 75' lang='grc' dir='ltr'>προσέταξε·</span> <span class='ocrx_word' id='word_1_44' title='bbox 3196 593 3291 644; x_wconf 77' lang='grc' dir='ltr'><strong>καὶ</strong></span> <span class='ocrx_word' id='word_1_45' title='bbox 3333 591 3494 647; x_wconf 79' lang='grc' dir='ltr'>τοῦτο</span> <span class='ocrx_word' id='word_1_46' title='bbox 3519 594 3581 648; x_wconf 77' lang='grc' dir='ltr'>τὸ</span> <span class='ocrx_word' id='word_1_47' title='bbox 3633 600 3735 667; x_wconf 71' lang='grc' dir='ltr'><strong>μι-</strong></span> 
     </span>
    </p>
   </div>
   <div class='ocr_carea' id='block_1_8' title="bbox 485 670 2047 758">
    <p class='ocr_par' dir='ltr' id='par_1_8' title="bbox 485 670 2047 739">
     <span class='ocr_line' id='line_1_8' title="bbox 485 670 2047 739; baseline 0.001 -14"><span class='ocrx_word' id='word_1_48' title='bbox 485 671 664 739; x_wconf 85' lang='lat' dir='ltr'><strong>majus</strong></span> <span class='ocrx_word' id='word_1_49' title='bbox 691 681 776 724; x_wconf 79' lang='lat' dir='ltr'><strong>est</strong></span> <span class='ocrx_word' id='word_1_50' title='bbox 797 672 999 723; x_wconf 87' lang='lat' dir='ltr'><strong>donum</strong></span> <span class='ocrx_word' id='word_1_51' title='bbox 1029 670 1189 723; x_wconf 86' lang='lat' dir='ltr'><strong>nobis</strong></span> <span class='ocrx_word' id='word_1_52' title='bbox 1217 685 1563 734; x_wconf 75' lang='lat' dir='ltr'><strong>conoessum,</strong></span> <span class='ocrx_word' id='word_1_53' title='bbox 1591 681 1645 726; x_wconf 85' lang='lat' dir='ltr'><strong>et</strong></span> <span class='ocrx_word' id='word_1_54' title='bbox 1668 688 1829 727; x_wconf 83' lang='lat' dir='ltr'><strong>omne</strong></span> <span class='ocrx_word' id='word_1_55' title='bbox 1856 683 2047 727; x_wconf 65' lang='lat' dir='ltr'><strong>nostra!</strong></span> 
     </span>
    </p>
   </div>
   <div class='ocr_carea' id='block_1_9' title="bbox 2150 670 3732 758">
    <p class='ocr_par' dir='ltr' id='par_1_9' title="bbox 2161 673 3732 758">
     <span class='ocr_line' id='line_1_9' title="bbox 2161 673 3732 758; baseline 0.014 -36"><span class='ocrx_word' id='word_1_56' title='bbox 2161 687 2350 739; x_wconf 88' lang='grc' dir='ltr'>γιστον</span> <span class='ocrx_word' id='word_1_57' title='bbox 2379 673 2554 745; x_wconf 82' lang='grc' dir='ltr'>δῶρον</span> <span class='ocrx_word' id='word_1_58' title='bbox 2582 676 2641 727; x_wconf 81' lang='grc' dir='ltr'>ὲν</span> <span class='ocrx_word' id='word_1_59' title='bbox 2674 676 2805 744; x_wconf 75' lang='grc' dir='ltr'>ἡμῖν</span> <span class='ocrx_word' id='word_1_60' title='bbox 2831 692 2847 707; x_wconf 79' lang='grc' dir='ltr'><strong>ο</strong></span> <span class='ocrx_word' id='word_1_61' title='bbox 2878 679 2975 730; x_wconf 76' lang='grc' dir='ltr'><strong>καὶ</strong></span> <span class='ocrx_word' id='word_1_62' title='bbox 3002 680 3034 746; x_wconf 89' lang='grc' dir='ltr'><strong>ή</strong></span> <span class='ocrx_word' id='word_1_63' title='bbox 3068 680 3224 743; x_wconf 72' lang='grc' dir='ltr'>ἐλπὶς</span> <span class='ocrx_word' id='word_1_64' title='bbox 3247 683 3404 753; x_wconf 82' lang='grc' dir='ltr'>ἡμῶν</span> <span class='ocrx_word' id='word_1_65' title='bbox 3439 687 3502 739; x_wconf 78' lang='grc' dir='ltr'>ὲν</span> <span class='ocrx_word' id='word_1_66' title='bbox 3527 690 3732 758; x_wconf 77' lang='grc' dir='ltr'>τούτῳ.</span> 
     </span>
    </p>
   </div>
   <div class='ocr_carea' id='block_1_10' title="bbox 486 758 2047 845">
    <p class='ocr_par' dir='ltr' id='par_1_10' title="bbox 486 761 2047 843">
     <span class='ocr_line' id='line_1_10' title="bbox 486 761 2047 843; baseline 0 -27"><span class='ocrx_word' id='word_1_67' title='bbox 486 765 600 828; x_wconf 83' lang='lat' dir='ltr'><strong>spei</strong></span> <span class='ocrx_word' id='word_1_68' title='bbox 641 761 1078 816; x_wconf 65' lang='lat' dir='ltr'><strong>[inulatnentnun</strong></span> <span class='ocrx_word' id='word_1_69' title='bbox 1115 762 1246 815; x_wconf 86' lang='lat' dir='ltr'><strong>illud</strong></span> <span class='ocrx_word' id='word_1_70' title='bbox 1296 763 1558 827; x_wconf 85' lang='lat' dir='ltr'><strong>apostolis</strong></span> <span class='ocrx_word' id='word_1_71' title='bbox 1598 764 1747 817; x_wconf 90' lang='lat' dir='ltr'><strong>dedit</strong></span> <span class='ocrx_word' id='word_1_72' title='bbox 1777 777 1977 843; x_wconf 83' lang='lat' dir='ltr'><strong>munus</strong></span> <span class='ocrx_word' id='word_1_73' title='bbox 2004 771 2047 816; x_wconf 88' lang='lat' dir='ltr'><strong>cl</strong></span> 
     </span>
    </p>
   </div>
   <div class='ocr_carea' id='block_1_11' title="bbox 2150 758 3735 845">
    <p class='ocr_par' dir='ltr' id='par_1_11' title="bbox 2162 758 3735 845">
     <span class='ocr_line' id='line_1_11' title="bbox 2162 758 3735 845; baseline 0.011 -32"><span class='ocrx_word' id='word_1_74' title='bbox 2162 764 2272 814; x_wconf 72' lang='grc' dir='ltr'>Καὶ</span> <span class='ocrx_word' id='word_1_75' title='bbox 2295 764 2405 832; x_wconf 84' lang='grc' dir='ltr'><strong>πρὸ</strong></span> <span class='ocrx_word' id='word_1_76' title='bbox 2448 765 2545 832; x_wconf 87' lang='grc' dir='ltr'><strong>τῆς</strong></span> <span class='ocrx_word' id='word_1_77' title='bbox 2577 767 2937 831; x_wconf 79' lang='grc' dir='ltr'><strong>ἀναστάσεως</strong></span> <span class='ocrx_word' id='word_1_78' title='bbox 2965 770 3024 823; x_wconf 78' lang='grc' dir='ltr'>δὲ</span> <span class='ocrx_word' id='word_1_79' title='bbox 3049 773 3210 826; x_wconf 80' lang='grc' dir='ltr'>τοῦτο</span> <span class='ocrx_word' id='word_1_80' title='bbox 3260 778 3374 838; x_wconf 73' lang='grc' dir='ltr'>τοῖς</span> <span class='ocrx_word' id='word_1_81' title='bbox 3408 758 3735 845; x_wconf 77' lang='grc' dir='ltr'><strong>ἀποστόλοις</strong></span> 
     </span>
    </p>
   </div>
   <div class='ocr_carea' id='block_1_12' title="bbox 485 838 2055 926">
    <p class='ocr_par' dir='ltr' id='par_1_12' title="bbox 485 838 2055 926">
     <span class='ocr_line' id='line_1_12' title="bbox 485 838 2055 926; baseline 0 -18"><span class='ocrx_word' id='word_1_82' title='bbox 485 856 647 908; x_wconf 78' lang='lat' dir='ltr'><strong>Petro</strong></span> <span class='ocrx_word' id='word_1_83' title='bbox 688 864 813 908; x_wconf 84' lang='lat' dir='ltr'><strong>ante</strong></span> <span class='ocrx_word' id='word_1_84' title='bbox 849 856 1326 923; x_wconf 58' lang='lat' dir='ltr'><strong>resurrectionem,</strong></span> <span class='ocrx_word' id='word_1_85' title='bbox 1362 867 1415 910; x_wconf 80' lang='lat' dir='ltr'><strong>et</strong></span> <span class='ocrx_word' id='word_1_86' title='bbox 1450 867 1571 926; x_wconf 82' lang='lat' dir='ltr'><strong>post</strong></span> <span class='ocrx_word' id='word_1_87' title='bbox 1597 838 2055 911; x_wconf 74' lang='lat' dir='ltr'><strong>resurrectionem</strong></span> 
     </span>
    </p>
   </div>
   <div class='ocr_carea' id='block_1_13' title="bbox 486 949 728 1002">
    <p class='ocr_par' dir='ltr' id='par_1_13' title="bbox 486 949 728 1002">
     <span class='ocr_line' id='line_1_13' title="bbox 486 949 728 1002; baseline -0.008 0"><span class='ocrx_word' id='word_1_88' title='bbox 486 949 728 1002; x_wconf 87' lang='lat' dir='ltr'><strong>iteravit.</strong></span> 
     </span>
    </p>
   </div>
   <div class='ocr_carea' id='block_1_14' title="bbox 998 1060 1549 1128">
    <p class='ocr_par' dir='ltr' id='par_1_14' title="bbox 998 1060 1549 1128">
     <span class='ocr_line' id='line_1_14' title="bbox 998 1060 1549 1128; baseline -0.005 -12"><span class='ocrx_word' id='word_1_89' title='bbox 998 1060 1320 1128; x_wconf 65' lang='lat' dir='ltr'><strong>QUIESTIO</strong></span> <span class='ocrx_word' id='word_1_90' title='bbox 1362 1060 1549 1114; x_wconf 68' lang='lat' dir='ltr'><strong>LXXI.</strong></span> 
     </span>
    </p>
   </div>
   <div class='ocr_carea' id='block_1_15' title="bbox 486 1148 2054 1238">
    <p class='ocr_par' dir='ltr' id='par_1_15' title="bbox 486 1148 2054 1238">
     <span class='ocr_line' id='line_1_15' title="bbox 486 1148 2054 1238; baseline -0.003 -11"><span class='ocrx_word' id='word_1_91' title='bbox 486 1172 664 1238; x_wconf 79' lang='lat' dir='ltr'><strong>Quare</strong></span> <span class='ocrx_word' id='word_1_92' title='bbox 702 1177 753 1227; x_wconf 86' lang='lat' dir='ltr'><strong>in</strong></span> <span class='ocrx_word' id='word_1_93' title='bbox 792 1176 888 1227; x_wconf 81' lang='lat' dir='ltr'><strong>hac</strong></span> <span class='ocrx_word' id='word_1_94' title='bbox 915 1176 1020 1227; x_wconf 78' lang='lat' dir='ltr'><strong>rita</strong></span> <span class='ocrx_word' id='word_1_95' title='bbox 1054 1174 1247 1226; x_wconf 79' lang='lat' dir='ltr'><strong>mullos</strong></span> <span class='ocrx_word' id='word_1_96' title='bbox 1293 1174 1474 1224; x_wconf 79' lang='lat' dir='ltr'><strong>modos</strong></span> <span class='ocrx_word' id='word_1_97' title='bbox 1526 1156 1850 1222; x_wconf 69' lang='lat' dir='ltr'><strong>demittentis</strong></span> <span class='ocrx_word' id='word_1_98' title='bbox 1896 1148 1949 1223; x_wconf 71' lang='lat' dir='ltr'><strong>se</strong></span> <span class='ocrx_word' id='word_1_99' title='bbox 1984 1171 2054 1223; x_wconf 86' lang='lat' dir='ltr'><strong>ad</strong></span> 
     </span>
    </p>
   </div>
   <div class='ocr_carea' id='block_1_16' title="bbox 555 1238 2054 1314">
    <p class='ocr_par' dir='ltr' id='par_1_16' title="bbox 555 1238 2054 1314">
     <span class='ocr_line' id='line_1_16' title="bbox 555 1238 2054 1314; baseline -0.002 -18"><span class='ocrx_word' id='word_1_100' title='bbox 555 1262 648 1296; x_wconf 57' lang='lat' dir='ltr'><strong>no.»</strong></span> <span class='ocrx_word' id='word_1_101' title='bbox 694 1246 1054 1314; x_wconf 73' lang='lat' dir='ltr'><strong>brmgnitulis.</strong></span> <span class='ocrx_word' id='word_1_102' title='bbox 1086 1244 1336 1295; x_wconf 75' lang='lat' dir='ltr'><strong>bonitatis</strong></span> <span class='ocrx_word' id='word_1_103' title='bbox 1360 1241 1768 1314; x_wconf 69' lang='lat' dir='ltr'><strong>ac&#39;paznitentite</strong></span> <span class='ocrx_word' id='word_1_104' title='bbox 1804 1238 1942 1291; x_wconf 81' lang='lat' dir='ltr'><strong>Deus</strong></span> <span class='ocrx_word' id='word_1_105' title='bbox 1966 1242 2054 1294; x_wconf 78' lang='lat' dir='ltr'><strong>de-</strong></span> 
     </span>
    </p>
   </div>
   <div class='ocr_carea' id='block_1_17' title="bbox 553 1312 2054 1381">
    <p class='ocr_par' dir='ltr' id='par_1_17' title="bbox 553 1312 2054 1381">
     <span class='ocr_line' id='line_1_17' title="bbox 553 1312 2054 1381; baseline -0.003 -14"><span class='ocrx_word' id='word_1_106' title='bbox 553 1312 834 1377; x_wconf 56' lang='lat' dir='ltr'><strong>monstrat,</strong></span> <span class='ocrx_word' id='word_1_107' title='bbox 869 1319 919 1366; x_wconf 82' lang='lat' dir='ltr'><strong>in</strong></span> <span class='ocrx_word' id='word_1_108' title='bbox 949 1315 1118 1365; x_wconf 76' lang='lat' dir='ltr'><strong>altera</strong></span> <span class='ocrx_word' id='word_1_109' title='bbox 1150 1327 1325 1364; x_wconf 81' lang='lat' dir='ltr'><strong>autem</strong></span> <span class='ocrx_word' id='word_1_110' title='bbox 1352 1314 1516 1380; x_wconf 82' lang='lat' dir='ltr'><strong>rigide</strong></span> <span class='ocrx_word' id='word_1_111' title='bbox 1537 1322 1694 1381; x_wconf 86' lang='lat' dir='ltr'><strong>atque</strong></span> <span class='ocrx_word' id='word_1_112' title='bbox 1719 1312 1773 1360; x_wconf 87' lang='lat' dir='ltr'><strong>in</strong></span> <span class='ocrx_word' id='word_1_113' title='bbox 1798 1320 2054 1363; x_wconf 69' lang='lat' dir='ltr'><strong>aeternum</strong></span> 
     </span>
    </p>
   </div>
   <div class='ocr_carea' id='block_1_18' title="bbox 551 1382 1525 1453">
    <p class='ocr_par' dir='ltr' id='par_1_18' title="bbox 551 1382 1525 1453">
     <span class='ocr_line' id='line_1_18' title="bbox 551 1382 1525 1453; baseline -0.001 -18"><span class='ocrx_word' id='word_1_114' title='bbox 551 1386 780 1450; x_wconf 83' lang='lat' dir='ltr'><strong>puniet?</strong></span> <span class='ocrx_word' id='word_1_115' title='bbox 812 1385 1092 1453; x_wconf 61' lang='lat' dir='ltr'><strong>tibiigt‘tnr</strong></span> <span class='ocrx_word' id='word_1_116' title='bbox 1121 1384 1235 1449; x_wconf 78' lang='lat' dir='ltr'><strong>ejus</strong></span> <span class='ocrx_word' id='word_1_117' title='bbox 1274 1383 1478 1435; x_wconf 77' lang='lat' dir='ltr'><strong>bonitas</strong></span> <span class='ocrx_word' id='word_1_118' title='bbox 1500 1382 1525 1434; x_wconf 89' lang='lat'><strong><em>?</em></strong></span> 
     </span>
    </p>
   </div>
   <div class='ocr_carea' id='block_1_19' title="bbox 553 1482 2050 1566">
    <p class='ocr_par' dir='ltr' id='par_1_19' title="bbox 553 1482 2050 1566">
     <span class='ocr_line' id='line_1_19' title="bbox 553 1482 2050 1566; baseline -0.001 -16"><span class='ocrx_word' id='word_1_119' title='bbox 553 1500 735 1551; x_wconf 89' lang='lat' dir='ltr'><strong>Bonus</strong></span> <span class='ocrx_word' id='word_1_120' title='bbox 768 1514 930 1566; x_wconf 82' lang='lat' dir='ltr'><strong>supra</strong></span> <span class='ocrx_word' id='word_1_121' title='bbox 967 1498 1185 1551; x_wconf 87' lang='lat' dir='ltr'><strong>modum</strong></span> <span class='ocrx_word' id='word_1_122' title='bbox 1231 1506 1313 1550; x_wconf 87' lang='lat' dir='ltr'><strong>est</strong></span> <span class='ocrx_word' id='word_1_123' title='bbox 1360 1482 1528 1558; x_wconf 84' lang='lat' dir='ltr'><strong>Deus,</strong></span> <span class='ocrx_word' id='word_1_124' title='bbox 1557 1506 1612 1552; x_wconf 84' lang='lat' dir='ltr'><strong>et</strong></span> <span class='ocrx_word' id='word_1_125' title='bbox 1640 1497 1903 1551; x_wconf 83' lang='lat' dir='ltr'><strong>bonitatis</strong></span> <span class='ocrx_word' id='word_1_126' title='bbox 1932 1495 2050 1565; x_wconf 80' lang='lat' dir='ltr'><strong>ejus</strong></span> 
     </span>
    </p>
   </div>
   <div class='ocr_carea' id='block_1_20' title="bbox 484 1588 2051 1655">
    <p class='ocr_par' dir='ltr' id='par_1_20' title="bbox 484 1588 2051 1655">
     <span class='ocr_line' id='line_1_20' title="bbox 484 1588 2051 1655; baseline -0.001 -13"><span class='ocrx_word' id='word_1_127' title='bbox 484 1606 589 1643; x_wconf 89' lang='lat' dir='ltr'><strong>non</strong></span> <span class='ocrx_word' id='word_1_128' title='bbox 622 1600 703 1644; x_wconf 85' lang='lat' dir='ltr'><strong>est</strong></span> <span class='ocrx_word' id='word_1_129' title='bbox 727 1590 953 1643; x_wconf 85' lang='lat' dir='ltr'><strong>omnino</strong></span> <span class='ocrx_word' id='word_1_130' title='bbox 984 1589 1124 1652; x_wconf 76' lang='lat' dir='ltr'><strong>finis,</strong></span> <span class='ocrx_word' id='word_1_131' title='bbox 1155 1596 1207 1641; x_wconf 86' lang='lat' dir='ltr'><strong>et</strong></span> <span class='ocrx_word' id='word_1_132' title='bbox 1232 1602 1512 1655; x_wconf 75' lang='lat' dir='ltr'><strong>nunquam</strong></span> <span class='ocrx_word' id='word_1_133' title='bbox 1534 1603 1567 1647; x_wconf 72' lang='grc' dir='ltr'><strong>ιι</strong></span> <span class='ocrx_word' id='word_1_134' title='bbox 1598 1590 1840 1642; x_wconf 80' lang='lat' dir='ltr'><strong>bonitate</strong></span> <span class='ocrx_word' id='word_1_135' title='bbox 1862 1588 2051 1641; x_wconf 85' lang='lat' dir='ltr'><strong>deces-</strong></span> 
     </span>
    </p>
   </div>
   <div class='ocr_carea' id='block_1_21' title="bbox 483 1679 2050 1747">
    <p class='ocr_par' dir='ltr' id='par_1_21' title="bbox 483 1679 2050 1747">
     <span class='ocr_line' id='line_1_21' title="bbox 483 1679 2050 1747; baseline 0 -13"><span class='ocrx_word' id='word_1_136' title='bbox 483 1696 646 1735; x_wconf 79' lang='lat' dir='ltr'><strong>surus</strong></span> <span class='ocrx_word' id='word_1_137' title='bbox 674 1692 779 1747; x_wconf 87' lang='lat' dir='ltr'><strong>est,</strong></span> <span class='ocrx_word' id='word_1_138' title='bbox 807 1698 928 1737; x_wconf 76' lang='lat' dir='ltr'><strong>cum</strong></span> <span class='ocrx_word' id='word_1_139' title='bbox 966 1698 1107 1737; x_wconf 90' lang='lat' dir='ltr'><strong>unus</strong></span> <span class='ocrx_word' id='word_1_140' title='bbox 1133 1683 1205 1735; x_wconf 87' lang='lat' dir='ltr'><strong>sit</strong></span> <span class='ocrx_word' id='word_1_141' title='bbox 1233 1691 1426 1735; x_wconf 83' lang='lat' dir='ltr'><strong>natura</strong></span> <span class='ocrx_word' id='word_1_142' title='bbox 1464 1679 1635 1735; x_wconf 71' lang='lat' dir='ltr'><strong>lienus</strong></span> <span class='ocrx_word' id='word_1_143' title='bbox 1660 1692 1714 1736; x_wconf 81' lang='lat' dir='ltr'><strong>et</strong></span> <span class='ocrx_word' id='word_1_144' title='bbox 1751 1682 1900 1736; x_wconf 88' lang='lat' dir='ltr'><strong>solus</strong></span> <span class='ocrx_word' id='word_1_145' title='bbox 1930 1697 2050 1736; x_wconf 86' lang='lat' dir='ltr'><strong>om-</strong></span> 
     </span>
    </p>
   </div>
   <div class='ocr_carea' id='block_1_22' title="bbox 482 1772 2045 1842">
    <p class='ocr_par' dir='ltr' id='par_1_22' title="bbox 482 1772 2045 1842">
     <span class='ocr_line' id='line_1_22' title="bbox 482 1772 2045 1842; baseline 0 -15"><span class='ocrx_word' id='word_1_146' title='bbox 482 1775 613 1828; x_wconf 87' lang='lat' dir='ltr'><strong>nino</strong></span> <span class='ocrx_word' id='word_1_147' title='bbox 643 1773 1023 1828; x_wconf 85' lang='lat' dir='ltr'><strong>immutabilis.</strong></span> <span class='ocrx_word' id='word_1_148' title='bbox 1061 1775 1270 1828; x_wconf 85' lang='lat' dir='ltr'><strong>Idcirco</strong></span> <span class='ocrx_word' id='word_1_149' title='bbox 1293 1775 1407 1827; x_wconf 84' lang='lat' dir='ltr'><strong>sive</strong></span> <span class='ocrx_word' id='word_1_150' title='bbox 1434 1774 1702 1842; x_wconf 87' lang='lat' dir='ltr'><strong>quosdam</strong></span> <span class='ocrx_word' id='word_1_151' title='bbox 1731 1772 2003 1827; x_wconf 83' lang='lat' dir='ltr'><strong>beatiﬁcet</strong></span> <span class='ocrx_word' id='word_1_152' title='bbox 2031 1811 2045 1838; x_wconf 92' lang='lat'><strong>,</strong></span> 
     </span>
    </p>
   </div>
   <div class='ocr_carea' id='block_1_23' title="bbox 480 1854 2045 1936">
    <p class='ocr_par' dir='ltr' id='par_1_23' title="bbox 480 1854 2045 1936">
     <span class='ocr_line' id='line_1_23' title="bbox 480 1854 2045 1936; baseline -0.001 -14"><span class='ocrx_word' id='word_1_153' title='bbox 480 1868 594 1921; x_wconf 84' lang='lat' dir='ltr'><strong>sive</strong></span> <span class='ocrx_word' id='word_1_154' title='bbox 623 1869 888 1935; x_wconf 85' lang='lat' dir='ltr'><strong>quosdam</strong></span> <span class='ocrx_word' id='word_1_155' title='bbox 933 1854 1145 1936; x_wconf 82' lang='lat' dir='ltr'><strong>puniat,</strong></span> <span class='ocrx_word' id='word_1_156' title='bbox 1175 1875 1468 1933; x_wconf 84' lang='lat' dir='ltr'><strong>utrumque</strong></span> <span class='ocrx_word' id='word_1_157' title='bbox 1496 1867 1700 1934; x_wconf 86' lang='lat' dir='ltr'><strong>optime</strong></span> <span class='ocrx_word' id='word_1_158' title='bbox 1748 1866 1899 1931; x_wconf 81' lang='lat' dir='ltr'><strong>iacit,</strong></span> <span class='ocrx_word' id='word_1_159' title='bbox 1922 1882 2045 1921; x_wconf 87' lang='lat' dir='ltr'><strong>cum</strong></span> 
     </span>
    </p>
   </div>
   <div class='ocr_carea' id='block_1_24' title="bbox 478 1957 2048 2025">
    <p class='ocr_par' dir='ltr' id='par_1_24' title="bbox 478 1957 2048 2025">
     <span class='ocr_line' id='line_1_24' title="bbox 478 1957 2048 2025; baseline 0.001 -15"><span class='ocrx_word' id='word_1_160' title='bbox 478 1962 548 2011; x_wconf 86' lang='lat' dir='ltr'><strong>sit</strong></span> <span class='ocrx_word' id='word_1_161' title='bbox 586 1966 774 2010; x_wconf 83' lang='lat' dir='ltr'><strong>natura</strong></span> <span class='ocrx_word' id='word_1_162' title='bbox 808 1959 984 2013; x_wconf 89' lang='lat' dir='ltr'><strong>bonus</strong></span> <span class='ocrx_word' id='word_1_163' title='bbox 1015 1967 1069 2011; x_wconf 87' lang='lat' dir='ltr'><strong>et</strong></span> <span class='ocrx_word' id='word_1_164' title='bbox 1096 1957 1296 2025; x_wconf 82' lang='lat' dir='ltr'><strong>justus.</strong></span> <span class='ocrx_word' id='word_1_165' title='bbox 1335 1957 1570 2012; x_wconf 75' lang='lat' dir='ltr'><strong>Justitiae</strong></span> <span class='ocrx_word' id='word_1_166' title='bbox 1601 1973 1877 2025; x_wconf 81' lang='lat' dir='ltr'><strong>nunquam</strong></span> <span class='ocrx_word' id='word_1_167' title='bbox 1909 1958 2048 2013; x_wconf 89' lang='lat' dir='ltr'><strong>obli-</strong></span> 
     </span>
    </p>
   </div>
   <div class='ocr_carea' id='block_1_25' title="bbox 481 2049 2048 2119">
    <p class='ocr_par' dir='ltr' id='par_1_25' title="bbox 481 2049 2048 2119">
     <span class='ocr_line' id='line_1_25' title="bbox 481 2049 2048 2119; baseline 0.001 -18"><span class='ocrx_word' id='word_1_168' title='bbox 481 2050 719 2114; x_wconf 83' lang='lat' dir='ltr'><strong>viscens,</strong></span> <span class='ocrx_word' id='word_1_169' title='bbox 747 2051 985 2105; x_wconf 84' lang='lat' dir='ltr'><strong>bonitate</strong></span> <span class='ocrx_word' id='word_1_170' title='bbox 1011 2051 1126 2105; x_wconf 87' lang='lat' dir='ltr'><strong>sola</strong></span> <span class='ocrx_word' id='word_1_171' title='bbox 1154 2065 1253 2103; x_wconf 89' lang='lat' dir='ltr'><strong>nos</strong></span> <span class='ocrx_word' id='word_1_172' title='bbox 1270 2065 1333 2102; x_wconf 80' lang='lat' dir='ltr'><strong>ex</strong></span> <span class='ocrx_word' id='word_1_173' title='bbox 1357 2049 1523 2102; x_wconf 86' lang='lat' dir='ltr'><strong>nihilo</strong></span> <span class='ocrx_word' id='word_1_174' title='bbox 1547 2049 1827 2119; x_wconf 79' lang='lat' dir='ltr'><strong>produxit,</strong></span> <span class='ocrx_word' id='word_1_175' title='bbox 1844 2060 1898 2104; x_wconf 90' lang='lat' dir='ltr'><strong>et</strong></span> <span class='ocrx_word' id='word_1_176' title='bbox 1925 2064 2048 2103; x_wconf 91' lang='lat' dir='ltr'><strong>cum</strong></span> 
     </span>
    </p>
   </div>
   <div class='ocr_carea' id='block_1_26' title="bbox 475 2138 2051 2210">
    <p class='ocr_par' dir='ltr' id='par_1_26' title="bbox 475 2138 2051 2210">
     <span class='ocr_line' id='line_1_26' title="bbox 475 2138 2051 2210; baseline 0.002 -19"><span class='ocrx_word' id='word_1_177' title='bbox 475 2138 694 2208; x_wconf 75' lang='lat' dir='ltr'><strong>j-tstitia</strong></span> <span class='ocrx_word' id='word_1_178' title='bbox 721 2141 1016 2210; x_wconf 77' lang='lat' dir='ltr'><strong>gubernat.</strong></span> <span class='ocrx_word' id='word_1_179' title='bbox 1050 2139 1224 2195; x_wconf 85' lang='lat' dir='ltr'><strong>Omne</strong></span> <span class='ocrx_word' id='word_1_180' title='bbox 1253 2141 1454 2194; x_wconf 90' lang='lat' dir='ltr'><strong>bonum</strong></span> <span class='ocrx_word' id='word_1_181' title='bbox 1476 2140 1529 2193; x_wconf 92' lang='lat' dir='ltr'><strong>in</strong></span> <span class='ocrx_word' id='word_1_182' title='bbox 1556 2150 1807 2195; x_wconf 90' lang='lat' dir='ltr'><strong>nostrum</strong></span> <span class='ocrx_word' id='word_1_183' title='bbox 1841 2140 2051 2194; x_wconf 75' lang='lat' dir='ltr'><strong>crearit</strong></span> 
     </span>
    </p>
   </div>
   <div class='ocr_carea' id='block_1_27' title="bbox 479 2230 2049 2301">
    <p class='ocr_par' dir='ltr' id='par_1_27' title="bbox 479 2230 2049 2301">
     <span class='ocr_line' id='line_1_27' title="bbox 479 2230 2049 2301; baseline 0.001 -16"><span class='ocrx_word' id='word_1_184' title='bbox 479 2236 824 2285; x_wconf 83' lang='lat' dir='ltr'><strong>commodum</strong></span> <span class='ocrx_word' id='word_1_185' title='bbox 848 2250 861 2297; x_wconf 87' lang='lat'>;</span> <span class='ocrx_word' id='word_1_186' title='bbox 885 2230 1027 2285; x_wconf 90' lang='lat' dir='ltr'><strong>unde</strong></span> <span class='ocrx_word' id='word_1_187' title='bbox 1043 2233 1205 2284; x_wconf 85' lang='lat' dir='ltr'><strong>etiam</strong></span> <span class='ocrx_word' id='word_1_188' title='bbox 1237 2231 1426 2285; x_wconf 81' lang='lat' dir='ltr'><strong>eduxit</strong></span> <span class='ocrx_word' id='word_1_189' title='bbox 1444 2232 1706 2286; x_wconf 89' lang='lat' dir='ltr'><strong>mundum</strong></span> <span class='ocrx_word' id='word_1_190' title='bbox 1728 2232 1869 2286; x_wconf 85' lang='lat' dir='ltr'><strong>hunc</strong></span> <span class='ocrx_word' id='word_1_191' title='bbox 1888 2247 2049 2301; x_wconf 87' lang='lat' dir='ltr'><strong>quem</strong></span> 
     </span>
    </p>
   </div>
   <div class='ocr_carea' id='block_1_28' title="bbox 481 2322 2051 2394">
    <p class='ocr_par' dir='ltr' id='par_1_28' title="bbox 481 2322 2051 2394">
     <span class='ocr_line' id='line_1_28' title="bbox 481 2322 2051 2394; baseline 0.001 -17"><span class='ocrx_word' id='word_1_192' title='bbox 481 2326 729 2379; x_wconf 77' lang='lat' dir='ltr'><strong>videmus</strong></span> <span class='ocrx_word' id='word_1_193' title='bbox 759 2323 1099 2389; x_wconf 86' lang='lat' dir='ltr'><strong>universum,</strong></span> <span class='ocrx_word' id='word_1_194' title='bbox 1129 2322 1441 2393; x_wconf 84' lang='lat' dir='ltr'><strong>paradisum</strong></span> <span class='ocrx_word' id='word_1_195' title='bbox 1466 2339 1686 2392; x_wconf 87' lang='lat' dir='ltr'><strong>quoque</strong></span> <span class='ocrx_word' id='word_1_196' title='bbox 1703 2339 1898 2379; x_wconf 88' lang='lat' dir='ltr'><strong>creans</strong></span> <span class='ocrx_word' id='word_1_197' title='bbox 1928 2340 2051 2394; x_wconf 90' lang='lat' dir='ltr'><strong>pro-</strong></span> 
     </span>
    </p>
   </div>
   <div class='ocr_carea' id='block_1_29' title="bbox 481 2414 2052 2486">
    <p class='ocr_par' dir='ltr' id='par_1_29' title="bbox 481 2414 2052 2486">
     <span class='ocr_line' id='line_1_29' title="bbox 481 2414 2052 2486; baseline 0.004 -19"><span class='ocrx_word' id='word_1_198' title='bbox 481 2425 599 2484; x_wconf 80' lang='lat' dir='ltr'><strong>pter</strong></span> <span class='ocrx_word' id='word_1_199' title='bbox 625 2429 743 2478; x_wconf 91' lang='lat' dir='ltr'><strong>nos,</strong></span> <span class='ocrx_word' id='word_1_200' title='bbox 772 2415 821 2467; x_wconf 91' lang='lat' dir='ltr'><strong>in</strong></span> <span class='ocrx_word' id='word_1_201' title='bbox 846 2414 937 2467; x_wconf 90' lang='lat' dir='ltr'><strong>illo</strong></span> <span class='ocrx_word' id='word_1_202' title='bbox 961 2414 1140 2469; x_wconf 78' lang='lat' dir='ltr'><strong>futura</strong></span> <span class='ocrx_word' id='word_1_203' title='bbox 1166 2415 1325 2469; x_wconf 86' lang='lat' dir='ltr'><strong>nobis</strong></span> <span class='ocrx_word' id='word_1_204' title='bbox 1344 2416 1485 2469; x_wconf 81' lang='lat' dir='ltr'><strong>bona</strong></span> <span class='ocrx_word' id='word_1_205' title='bbox 1506 2415 1824 2486; x_wconf 88' lang='lat' dir='ltr'><strong>disponens,</strong></span> <span class='ocrx_word' id='word_1_206' title='bbox 1851 2417 2052 2486; x_wconf 87' lang='lat' dir='ltr'><strong>quibus</strong></span> 
     </span>
    </p>
   </div>
   <div class='ocr_carea' id='block_1_30' title="bbox 479 2506 2049 2575">
    <p class='ocr_par' dir='ltr' id='par_1_30' title="bbox 479 2506 2049 2575">
     <span class='ocr_line' id='line_1_30' title="bbox 479 2506 2049 2575; baseline 0.003 -17"><span class='ocrx_word' id='word_1_207' title='bbox 479 2522 575 2574; x_wconf 91' lang='lat' dir='ltr'><strong>pro</strong></span> <span class='ocrx_word' id='word_1_208' title='bbox 593 2506 802 2575; x_wconf 76' lang='lat' dir='ltr'><strong>justilia</strong></span> <span class='ocrx_word' id='word_1_209' title='bbox 819 2516 1188 2573; x_wconf 84' lang='lat' dir='ltr'><strong>etopportnne</strong></span> <span class='ocrx_word' id='word_1_210' title='bbox 1206 2506 1457 2559; x_wconf 81' lang='lat' dir='ltr'><strong>fruamur</strong></span> <span class='ocrx_word' id='word_1_211' title='bbox 1471 2509 1725 2562; x_wconf 90' lang='lat' dir='ltr'><strong>omnibus</strong></span> <span class='ocrx_word' id='word_1_212' title='bbox 1748 2509 1930 2572; x_wconf 89' lang='lat' dir='ltr'><strong>bonis,</strong></span> <span class='ocrx_word' id='word_1_213' title='bbox 1963 2510 2049 2563; x_wconf 87' lang='lat' dir='ltr'><strong>hic</strong></span> 
     </span>
    </p>
   </div>
   <div class='ocr_carea' id='block_1_31' title="bbox 477 2596 2052 2670">
    <p class='ocr_par' dir='ltr' id='par_1_31' title="bbox 477 2596 2052 2670">
     <span class='ocr_line' id='line_1_31' title="bbox 477 2596 2052 2670; baseline 0.001 -20"><span class='ocrx_word' id='word_1_214' title='bbox 477 2598 859 2667; x_wconf 61' lang='lat' dir='ltr'><strong>pra‘sentibus,</strong></span> <span class='ocrx_word' id='word_1_215' title='bbox 879 2597 987 2651; x_wconf 76' lang='lat' dir='ltr'><strong>illic</strong></span> <span class='ocrx_word' id='word_1_216' title='bbox 1007 2596 1227 2651; x_wconf 76' lang='lat' dir='ltr'><strong>futuris.</strong></span> <span class='ocrx_word' id='word_1_217' title='bbox 1250 2598 1326 2649; x_wconf 80' lang='lat' dir='ltr'><strong>Ad</strong></span> <span class='ocrx_word' id='word_1_218' title='bbox 1350 2596 1647 2666; x_wconf 72' lang='lat' dir='ltr'><strong>imaginem</strong></span> <span class='ocrx_word' id='word_1_219' title='bbox 1665 2614 1787 2651; x_wconf 89' lang='lat' dir='ltr'><strong>nam</strong></span> <span class='ocrx_word' id='word_1_220' title='bbox 1814 2602 2052 2670; x_wconf 88' lang='lat' dir='ltr'><strong>propriis</strong></span> 
     </span>
    </p>
   </div>
   <div class='ocr_carea' id='block_1_32' title="bbox 476 2687 2052 2759">
    <p class='ocr_par' dir='ltr' id='par_1_32' title="bbox 476 2687 2052 2759">
     <span class='ocr_line' id='line_1_32' title="bbox 476 2687 2052 2759; baseline 0.001 -13"><span class='ocrx_word' id='word_1_221' title='bbox 476 2692 730 2746; x_wconf 81' lang='lat' dir='ltr'><strong>manibus</strong></span> <span class='ocrx_word' id='word_1_222' title='bbox 754 2704 853 2744; x_wconf 88' lang='lat' dir='ltr'><strong>nos</strong></span> <span class='ocrx_word' id='word_1_223' title='bbox 878 2690 1185 2759; x_wconf 75' lang='lat' dir='ltr'><strong>plasznavit.</strong></span> <span class='ocrx_word' id='word_1_224' title='bbox 1222 2687 1275 2741; x_wconf 91' lang='lat' dir='ltr'><strong>In</strong></span> <span class='ocrx_word' id='word_1_225' title='bbox 1302 2691 1461 2744; x_wconf 81' lang='lat' dir='ltr'><strong>nobis</strong></span> <span class='ocrx_word' id='word_1_226' title='bbox 1480 2692 1662 2759; x_wconf 85' lang='lat' dir='ltr'><strong>posuit</strong></span> <span class='ocrx_word' id='word_1_227' title='bbox 1688 2692 1947 2757; x_wconf 86' lang='lat' dir='ltr'><strong>animam,</strong></span> <span class='ocrx_word' id='word_1_228' title='bbox 1974 2694 2052 2747; x_wconf 88' lang='lat' dir='ltr'><strong>in-</strong></span> 
     </span>
    </p>
   </div>
   <div class='ocr_carea' id='block_1_33' title="bbox 477 2782 2048 2853">
    <p class='ocr_par' dir='ltr' id='par_1_33' title="bbox 477 2782 2048 2853">
     <span class='ocr_line' id='line_1_33' title="bbox 477 2782 2048 2853; baseline 0.001 -17"><span class='ocrx_word' id='word_1_229' title='bbox 477 2782 800 2853; x_wconf 82' lang='lat' dir='ltr'><strong>telligentia,</strong></span> <span class='ocrx_word' id='word_1_230' title='bbox 840 2783 1049 2836; x_wconf 81' lang='lat' dir='ltr'><strong>ratione</strong></span> <span class='ocrx_word' id='word_1_231' title='bbox 1123 2791 1177 2835; x_wconf 88' lang='lat' dir='ltr'><strong>et</strong></span> <span class='ocrx_word' id='word_1_232' title='bbox 1234 2782 1516 2836; x_wconf 77' lang='lat' dir='ltr'><strong>voluntate</strong></span> <span class='ocrx_word' id='word_1_233' title='bbox 1557 2785 1859 2852; x_wconf 51' lang='lat' dir='ltr'><strong>praeditam,</strong></span> <span class='ocrx_word' id='word_1_234' title='bbox 1886 2800 2048 2853; x_wconf 81' lang='lat' dir='ltr'><strong>quam</strong></span> 
     </span>
    </p>
   </div>
   <div class='ocr_carea' id='block_1_34' title="bbox 475 2877 2050 2948">
    <p class='ocr_par' dir='ltr' id='par_1_34' title="bbox 475 2877 2050 2948">
     <span class='ocr_line' id='line_1_34' title="bbox 475 2877 2050 2948; baseline -0.001 -15"><span class='ocrx_word' id='word_1_235' title='bbox 475 2879 703 2948; x_wconf 83' lang='lat' dir='ltr'><strong>replevit</strong></span> <span class='ocrx_word' id='word_1_236' title='bbox 750 2879 918 2932; x_wconf 78' lang='lat' dir='ltr'><strong>latius</strong></span> <span class='ocrx_word' id='word_1_237' title='bbox 950 2878 1231 2946; x_wconf 69' lang='lat' dir='ltr'><strong>sapientiae</strong></span> <span class='ocrx_word' id='word_1_238' title='bbox 1276 2886 1330 2929; x_wconf 88' lang='lat' dir='ltr'><strong>et</strong></span> <span class='ocrx_word' id='word_1_239' title='bbox 1365 2877 1606 2931; x_wconf 69' lang='lat' dir='ltr'><strong>scit-otiae</strong></span> <span class='ocrx_word' id='word_1_240' title='bbox 1641 2878 1822 2943; x_wconf 89' lang='lat' dir='ltr'><strong>donis,</strong></span> <span class='ocrx_word' id='word_1_241' title='bbox 1851 2879 1903 2931; x_wconf 91' lang='lat' dir='ltr'><strong>in</strong></span> <span class='ocrx_word' id='word_1_242' title='bbox 1932 2879 2050 2948; x_wconf 78' lang='lat' dir='ltr'><strong>ipsa</strong></span> 
     </span>
    </p>
   </div>
   <div class='ocr_carea' id='block_1_35' title="bbox 478 2969 2046 3040">
    <p class='ocr_par' dir='ltr' id='par_1_35' title="bbox 478 2969 2046 3040">
     <span class='ocr_line' id='line_1_35' title="bbox 478 2969 2046 3040; baseline -0.003 -15"><span class='ocrx_word' id='word_1_243' title='bbox 478 2969 928 3040; x_wconf 81' lang='lat' dir='ltr'><strong>superseminans</strong></span> <span class='ocrx_word' id='word_1_244' title='bbox 975 2970 1157 3022; x_wconf 83' lang='lat' dir='ltr'><strong>divina</strong></span> <span class='ocrx_word' id='word_1_245' title='bbox 1191 2971 1431 3021; x_wconf 88' lang='lat' dir='ltr'><strong>omnium</strong></span> <span class='ocrx_word' id='word_1_246' title='bbox 1487 2969 1746 3022; x_wconf 82' lang='lat' dir='ltr'><strong>virtutum</strong></span> <span class='ocrx_word' id='word_1_247' title='bbox 1808 2969 2046 3022; x_wconf 87' lang='lat' dir='ltr'><strong>semina:</strong></span> 
     </span>
    </p>
   </div>
   <div class='ocr_carea' id='block_1_36' title="bbox 2158 855 3586 936">
    <p class='ocr_par' dir='ltr' id='par_1_36' title="bbox 2158 855 3586 936">
     <span class='ocr_line' id='line_1_36' title="bbox 2158 855 3586 936; baseline 0.012 -28"><span class='ocrx_word' id='word_1_248' title='bbox 2158 855 2357 910; x_wconf 82' lang='grc' dir='ltr'>δέδωκε</span> <span class='ocrx_word' id='word_1_249' title='bbox 2382 859 2473 913; x_wconf 70' lang='grc' dir='ltr'><strong>καὶ</strong></span> <span class='ocrx_word' id='word_1_250' title='bbox 2503 858 2581 929; x_wconf 81' lang='grc' dir='ltr'><strong>τῷ</strong></span> <span class='ocrx_word' id='word_1_251' title='bbox 2614 860 2824 931; x_wconf 83' lang='grc' dir='ltr'><strong>Πέτρῳ,</strong></span> <span class='ocrx_word' id='word_1_252' title='bbox 2856 864 2954 915; x_wconf 77' lang='grc' dir='ltr'>καὶ</span> <span class='ocrx_word' id='word_1_253' title='bbox 2983 864 3126 934; x_wconf 89' lang='grc' dir='ltr'><strong>μετά</strong></span> <span class='ocrx_word' id='word_1_254' title='bbox 3146 867 3247 936; x_wconf 81' lang='grc' dir='ltr'><strong>τὴν</strong></span> <span class='ocrx_word' id='word_1_255' title='bbox 3269 869 3586 925; x_wconf 79' lang='grc' dir='ltr'><strong>ἀνάστασιν.</strong></span> 
     </span>
    </p>
   </div>
   <div class='ocr_carea' id='block_1_37' title="bbox 2687 1063 3191 1122">
    <p class='ocr_par' dir='ltr' id='par_1_37' title="bbox 2687 1063 3191 1122">
     <span class='ocr_line' id='line_1_37' title="bbox 2687 1063 3191 1122; baseline 0.01 -5"><span class='ocrx_word' id='word_1_256' title='bbox 2687 1063 3022 1119; x_wconf 80' lang='grc' dir='ltr'><strong>ΕΡΩΤΗΣΙΣ</strong></span> <span class='ocrx_word' id='word_1_257' title='bbox 3066 1069 3191 1122; x_wconf 80' lang='lat' dir='ltr'><strong>OA’.</strong></span> 
     </span>
    </p>
   </div>
   <div class='ocr_carea' id='block_1_38' title="bbox 2158 1174 3734 1245">
    <p class='ocr_par' dir='ltr' id='par_1_38' title="bbox 2158 1174 3734 1245">
     <span class='ocr_line' id='line_1_38' title="bbox 2158 1174 3734 1245; baseline 0.008 -20"><span class='ocrx_word' id='word_1_258' title='bbox 2158 1174 2319 1245; x_wconf 66' lang='lat' dir='ltr'><strong>Atarl</strong></span> <span class='ocrx_word' id='word_1_259' title='bbox 2358 1174 2619 1229; x_wconf 71' lang='grc' dir='ltr'>ἐνταῦθα</span> <span class='ocrx_word' id='word_1_260' title='bbox 2656 1174 2773 1243; x_wconf 77' lang='grc' dir='ltr'><strong>μὲν</strong></span> <span class='ocrx_word' id='word_1_261' title='bbox 2803 1176 3079 1242; x_wconf 76' lang='grc' dir='ltr'>πολλοὺς</span> <span class='ocrx_word' id='word_1_262' title='bbox 3127 1179 3388 1245; x_wconf 82' lang='grc' dir='ltr'><strong>τρόπους</strong></span> <span class='ocrx_word' id='word_1_263' title='bbox 3427 1195 3734 1245; x_wconf 78' lang='grc' dir='ltr'>συγκατα-</span> 
     </span>
    </p>
   </div>
   <div class='ocr_carea' id='block_1_39' title="bbox 2228 1243 3743 1317">
    <p class='ocr_par' dir='ltr' id='par_1_39' title="bbox 2228 1243 3743 1317">
     <span class='ocr_line' id='line_1_39' title="bbox 2228 1243 3743 1317; baseline 0.007 -21"><span class='ocrx_word' id='word_1_264' title='bbox 2228 1243 2453 1317; x_wconf 69' lang='grc' dir='ltr'>6άσεως</span> <span class='ocrx_word' id='word_1_265' title='bbox 2484 1244 2581 1317; x_wconf 54' lang='grc' dir='ltr'>καὶ</span> <span class='ocrx_word' id='word_1_266' title='bbox 2605 1245 2978 1317; x_wconf 67' lang='grc' dir='ltr'>ἀγαθότῃτος</span> <span class='ocrx_word' id='word_1_267' title='bbox 3009 1248 3106 1300; x_wconf 73' lang='grc' dir='ltr'>καὶ</span> <span class='ocrx_word' id='word_1_268' title='bbox 3145 1243 3467 1315; x_wconf 72' lang='grc' dir='ltr'>μετανοίας</span> <span class='ocrx_word' id='word_1_269' title='bbox 3498 1243 3743 1317; x_wconf 63' lang='grc' dir='ltr'>ἔδειξεν</span> 
     </span>
    </p>
   </div>
   <div class='ocr_carea' id='block_1_40' title="bbox 2227 1314 3732 1383">
    <p class='ocr_par' dir='ltr' id='par_1_40' title="bbox 2227 1314 3732 1383">
     <span class='ocr_line' id='line_1_40' title="bbox 2227 1314 3732 1383; baseline 0.007 -17"><span class='ocrx_word' id='word_1_270' title='bbox 2227 1315 2259 1366; x_wconf 88' lang='grc' dir='ltr'><em>ὀ</em></span> <span class='ocrx_word' id='word_1_271' title='bbox 2328 1316 2493 1378; x_wconf 84' lang='grc' dir='ltr'>Θεὸς,</span> <span class='ocrx_word' id='word_1_272' title='bbox 2557 1315 2757 1383; x_wconf 79' lang='grc' dir='ltr'>ἐκεῖσε</span> <span class='ocrx_word' id='word_1_273' title='bbox 2824 1314 2893 1366; x_wconf 81' lang='grc' dir='ltr'>δὲ</span> <span class='ocrx_word' id='word_1_274' title='bbox 2952 1317 3271 1383; x_wconf 81' lang='grc' dir='ltr'><strong>ἀποτόμως</strong></span> <span class='ocrx_word' id='word_1_275' title='bbox 3334 1319 3567 1380; x_wconf 74' lang='grc' dir='ltr'>κολάζει</span> <span class='ocrx_word' id='word_1_276' title='bbox 3630 1314 3732 1377; x_wconf 61' lang='grc' dir='ltr'>καὶ</span> 
     </span>
    </p>
   </div>
   <div class='ocr_carea' id='block_1_41' title="bbox 2228 1382 3212 1452">
    <p class='ocr_par' dir='ltr' id='par_1_41' title="bbox 2228 1382 3212 1452">
     <span class='ocr_line' id='line_1_41' title="bbox 2228 1382 3212 1452; baseline 0.006 -18"><span class='ocrx_word' id='word_1_277' title='bbox 2228 1383 2520 1448; x_wconf 71' lang='grc' dir='ltr'>αιωνίωςς</span> <span class='ocrx_word' id='word_1_278' title='bbox 2552 1384 2677 1437; x_wconf 81' lang='grc' dir='ltr'><strong>Ποῦ</strong></span> <span class='ocrx_word' id='word_1_279' title='bbox 2718 1382 2832 1451; x_wconf 78' lang='grc' dir='ltr'>ἄρα</span> <span class='ocrx_word' id='word_1_280' title='bbox 2857 1384 2921 1436; x_wconf 82' lang='grc' dir='ltr'>τὸ</span> <span class='ocrx_word' id='word_1_281' title='bbox 2942 1382 3171 1452; x_wconf 58' lang='grc' dir='ltr'>ἀγαθόν</span> <span class='ocrx_word' id='word_1_282' title='bbox 3192 1403 3212 1451; x_wconf 87' lang='lat'><strong><em>;</em></strong></span> 
     </span>
    </p>
   </div>
   <div class='ocr_carea' id='block_1_42' title="bbox 2237 1494 3728 1570">
    <p class='ocr_par' dir='ltr' id='par_1_42' title="bbox 2237 1494 3728 1570">
     <span class='ocr_line' id='line_1_42' title="bbox 2237 1494 3728 1570; baseline 0.007 -24"><span class='ocrx_word' id='word_1_283' title='bbox 2237 1494 2469 1563; x_wconf 72' lang='grc' dir='ltr'>Ἀγαθὸς</span> <span class='ocrx_word' id='word_1_284' title='bbox 2503 1496 2599 1549; x_wconf 74' lang='grc' dir='ltr'><strong>καὶ</strong></span> <span class='ocrx_word' id='word_1_285' title='bbox 2649 1496 3004 1566; x_wconf 85' lang='grc' dir='ltr'>ὑπεράγαθος</span> <span class='ocrx_word' id='word_1_286' title='bbox 3030 1500 3061 1551; x_wconf 84' lang='grc' dir='ltr'>ὁ</span> <span class='ocrx_word' id='word_1_287' title='bbox 3088 1499 3243 1564; x_wconf 80' lang='grc' dir='ltr'>Θεὸς,</span> <span class='ocrx_word' id='word_1_288' title='bbox 3280 1501 3373 1553; x_wconf 76' lang='grc' dir='ltr'>καὶ</span> <span class='ocrx_word' id='word_1_289' title='bbox 3416 1501 3521 1570; x_wconf 78' lang='grc' dir='ltr'><strong>τῆς</strong></span> <span class='ocrx_word' id='word_1_290' title='bbox 3560 1504 3728 1557; x_wconf 75' lang='grc' dir='ltr'>αὑτοῦ</span> 
     </span>
    </p>
   </div>
   <div class='ocr_carea' id='block_1_43' title="bbox 2154 1583 3731 1660">
    <p class='ocr_par' dir='ltr' id='par_1_43' title="bbox 2154 1583 3731 1660">
     <span class='ocr_line' id='line_1_43' title="bbox 2154 1583 3731 1660; baseline 0.006 -26"><span class='ocrx_word' id='word_1_291' title='bbox 2154 1583 2488 1652; x_wconf 85' lang='grc' dir='ltr'>ἀγαθότητος</span> <span class='ocrx_word' id='word_1_292' title='bbox 2539 1585 2677 1647; x_wconf 81' lang='grc' dir='ltr'>ὅλως</span> <span class='ocrx_word' id='word_1_293' title='bbox 2727 1587 2828 1639; x_wconf 80' lang='grc' dir='ltr'><strong>οὑκ</strong></span> <span class='ocrx_word' id='word_1_294' title='bbox 2888 1586 3038 1639; x_wconf 76' lang='grc' dir='ltr'>εστιν</span> <span class='ocrx_word' id='word_1_295' title='bbox 3066 1589 3212 1655; x_wconf 77' lang='grc' dir='ltr'>ὄρος.</span> <span class='ocrx_word' id='word_1_296' title='bbox 3264 1589 3428 1660; x_wconf 79' lang='lat'><strong>359</strong></span> <span class='ocrx_word' id='word_1_297' title='bbox 3481 1594 3592 1645; x_wconf 71' lang='grc' dir='ltr'>Οὐκ</span> <span class='ocrx_word' id='word_1_298' title='bbox 3616 1592 3731 1657; x_wconf 79' lang='grc' dir='ltr'><strong>ἐξί-</strong></span> 
     </span>
    </p>
   </div>
   <div class='ocr_carea' id='block_1_44' title="bbox 2155 1673 3729 1753">
    <p class='ocr_par' dir='ltr' id='par_1_44' title="bbox 2155 1673 3729 1753">
     <span class='ocr_line' id='line_1_44' title="bbox 2155 1673 3729 1753; baseline 0.004 -24"><span class='ocrx_word' id='word_1_299' title='bbox 2155 1693 2346 1731; x_wconf 81' lang='grc' dir='ltr'>σταται</span> <span class='ocrx_word' id='word_1_300' title='bbox 2399 1673 2493 1730; x_wconf 84' lang='grc' dir='ltr'><strong>οὖν</strong></span> <span class='ocrx_word' id='word_1_301' title='bbox 2531 1678 2630 1747; x_wconf 86' lang='grc' dir='ltr'><strong>τῆς</strong></span> <span class='ocrx_word' id='word_1_302' title='bbox 2673 1679 3007 1749; x_wconf 86' lang='grc' dir='ltr'>ἀγαθότητος</span> <span class='ocrx_word' id='word_1_303' title='bbox 3054 1679 3300 1746; x_wconf 75' lang='grc' dir='ltr'>πώποτε,</span> <span class='ocrx_word' id='word_1_304' title='bbox 3356 1684 3516 1749; x_wconf 75' lang='grc' dir='ltr'>φύσει</span> <span class='ocrx_word' id='word_1_305' title='bbox 3569 1687 3729 1753; x_wconf 82' lang='grc' dir='ltr'>μόνος</span> 
     </span>
    </p>
   </div>
   <div class='ocr_carea' id='block_1_45' title="bbox 2151 1769 3731 1841">
    <p class='ocr_par' dir='ltr' id='par_1_45' title="bbox 2151 1769 3731 1841">
     <span class='ocr_line' id='line_1_45' title="bbox 2151 1769 3731 1841; baseline 0.004 -19"><span class='ocrx_word' id='word_1_306' title='bbox 2151 1769 2226 1823; x_wconf 84' lang='grc' dir='ltr'><strong>ὢν</strong></span> <span class='ocrx_word' id='word_1_307' title='bbox 2248 1769 2468 1837; x_wconf 80' lang='grc' dir='ltr'>ἀγαθὸς,</span> <span class='ocrx_word' id='word_1_308' title='bbox 2512 1771 2608 1822; x_wconf 78' lang='grc' dir='ltr'>καὶ</span> <span class='ocrx_word' id='word_1_309' title='bbox 2637 1769 2991 1832; x_wconf 74' lang='grc' dir='ltr'><strong>ἀναλλοίωτος</strong></span> <span class='ocrx_word' id='word_1_310' title='bbox 3021 1771 3178 1838; x_wconf 87' lang='grc' dir='ltr'>μόνος</span> <span class='ocrx_word' id='word_1_311' title='bbox 3203 1770 3299 1826; x_wconf 83' lang='grc' dir='ltr'><strong>ὥν.</strong></span> <span class='ocrx_word' id='word_1_312' title='bbox 3329 1773 3418 1826; x_wconf 79' lang='grc' dir='ltr'>Διὸ</span> <span class='ocrx_word' id='word_1_313' title='bbox 3449 1775 3542 1827; x_wconf 80' lang='grc' dir='ltr'>καὶ</span> <span class='ocrx_word' id='word_1_314' title='bbox 3569 1777 3731 1841; x_wconf 78' lang='grc' dir='ltr'>εὐερ-</span> 
     </span>
    </p>
   </div>
   <div class='ocr_carea' id='block_1_46' title="bbox 2150 1860 3728 1930">
    <p class='ocr_par' dir='ltr' id='par_1_46' title="bbox 2150 1860 3728 1930">
     <span class='ocr_line' id='line_1_46' title="bbox 2150 1860 3728 1930; baseline 0.006 -17"><span class='ocrx_word' id='word_1_315' title='bbox 2150 1860 2326 1926; x_wconf 81' lang='grc' dir='ltr'>γετῶν</span> <span class='ocrx_word' id='word_1_316' title='bbox 2384 1861 2479 1912; x_wconf 72' lang='grc' dir='ltr'><strong>καλ⁵</strong></span> <span class='ocrx_word' id='word_1_317' title='bbox 2528 1860 2945 1930; x_wconf 78' lang='grc' dir='ltr'>τιμωρούμενός</span> <span class='ocrx_word' id='word_1_318' title='bbox 2995 1879 3169 1927; x_wconf 87' lang='grc' dir='ltr'>τινας,</span> <span class='ocrx_word' id='word_1_319' title='bbox 3218 1865 3440 1930; x_wconf 79' lang='grc' dir='ltr'>ἁγαθῶς</span> <span class='ocrx_word' id='word_1_320' title='bbox 3496 1869 3728 1922; x_wconf 72' lang='grc' dir='ltr'>ἕκαστον</span> 
     </span>
    </p>
   </div>
   <div class='ocr_carea' id='block_1_47' title="bbox 2153 1953 3726 2028">
    <p class='ocr_par' dir='ltr' id='par_1_47' title="bbox 2153 1953 3726 2028">
     <span class='ocr_line' id='line_1_47' title="bbox 2153 1953 3726 2028; baseline 0.007 -24"><span class='ocrx_word' id='word_1_321' title='bbox 2153 1954 2318 2017; x_wconf 83' lang='grc' dir='ltr'>ποιεῖ,</span> <span class='ocrx_word' id='word_1_322' title='bbox 2365 1953 2487 2007; x_wconf 73' lang='grc' dir='ltr'>ἐπεὶ</span> <span class='ocrx_word' id='word_1_323' title='bbox 2542 1953 2639 2005; x_wconf 79' lang='grc' dir='ltr'>καὶ</span> <span class='ocrx_word' id='word_1_324' title='bbox 2686 1953 2890 2020; x_wconf 65' lang='grc' dir='ltr'>ἀγαθδς</span> <span class='ocrx_word' id='word_1_325' title='bbox 2947 1953 3131 2021; x_wconf 80' lang='grc' dir='ltr'>φύσει,</span> <span class='ocrx_word' id='word_1_326' title='bbox 3177 1955 3273 2007; x_wconf 74' lang='grc' dir='ltr'><strong>καὶ</strong></span> <span class='ocrx_word' id='word_1_327' title='bbox 3313 1955 3520 2022; x_wconf 84' lang='grc' dir='ltr'>δίκαιος</span> <span class='ocrx_word' id='word_1_328' title='bbox 3564 1963 3726 2028; x_wconf 78' lang='grc' dir='ltr'>φύσει</span> 
     </span>
    </p>
   </div>
   <div class='ocr_carea' id='block_1_48' title="bbox 2153 2045 3728 2115">
    <p class='ocr_par' dir='ltr' id='par_1_48' title="bbox 2153 2045 3728 2115">
     <span class='ocr_line' id='line_1_48' title="bbox 2153 2045 3728 2115; baseline 0.007 -19"><span class='ocrx_word' id='word_1_329' title='bbox 2153 2045 2295 2110; x_wconf 78' lang='grc' dir='ltr'>ἐστὶ,</span> <span class='ocrx_word' id='word_1_330' title='bbox 2333 2046 2424 2097; x_wconf 76' lang='grc' dir='ltr'>καὶ</span> <span class='ocrx_word' id='word_1_331' title='bbox 2461 2045 2526 2098; x_wconf 83' lang='grc' dir='ltr'>τὰ</span> <span class='ocrx_word' id='word_1_332' title='bbox 2569 2046 2666 2112; x_wconf 90' lang='grc' dir='ltr'><strong>τῆς</strong></span> <span class='ocrx_word' id='word_1_333' title='bbox 2699 2045 3053 2115; x_wconf 77' lang='grc' dir='ltr'><strong>δικαιοσύνης</strong></span> <span class='ocrx_word' id='word_1_334' title='bbox 3079 2047 3180 2099; x_wconf 77' lang='grc' dir='ltr'><strong>οὐκ</strong></span> <span class='ocrx_word' id='word_1_335' title='bbox 3206 2048 3595 2108; x_wconf 77' lang='grc' dir='ltr'>ἀποδάλλεται.</span> <span class='ocrx_word' id='word_1_336' title='bbox 3634 2055 3728 2107; x_wconf 83' lang='grc' dir='ltr'><strong>Διὸ</strong></span> 
     </span>
    </p>
   </div>
   <div class='ocr_carea' id='block_1_49' title="bbox 2151 2135 3723 2211">
    <p class='ocr_par' dir='ltr' id='par_1_49' title="bbox 2151 2135 3723 2211">
     <span class='ocr_line' id='line_1_49' title="bbox 2151 2135 3723 2211; baseline 0.004 -23"><span class='ocrx_word' id='word_1_337' title='bbox 2151 2137 2219 2205; x_wconf 77' lang='grc' dir='ltr'>τῇ</span> <span class='ocrx_word' id='word_1_338' title='bbox 2251 2135 2549 2205; x_wconf 80' lang='grc' dir='ltr'>ἀγαθότητι</span> <span class='ocrx_word' id='word_1_339' title='bbox 2586 2137 2723 2207; x_wconf 81' lang='grc' dir='ltr'>μόνῃ</span> <span class='ocrx_word' id='word_1_340' title='bbox 2758 2136 3101 2206; x_wconf 84' lang='grc' dir='ltr'>παραγαγὼν</span> <span class='ocrx_word' id='word_1_341' title='bbox 3139 2139 3283 2208; x_wconf 70' lang='grc' dir='ltr'>ἡμᾶς</span> <span class='ocrx_word' id='word_1_342' title='bbox 3320 2143 3384 2193; x_wconf 77' lang='grc' dir='ltr'>ὲκ</span> <span class='ocrx_word' id='word_1_343' title='bbox 3429 2142 3505 2211; x_wconf 81' lang='grc' dir='ltr'>μὴ</span> <span class='ocrx_word' id='word_1_344' title='bbox 3532 2144 3723 2210; x_wconf 76' lang='grc' dir='ltr'>ὄντων,</span> 
     </span>
    </p>
   </div>
   <div class='ocr_carea' id='block_1_50' title="bbox 2155 2222 3727 2299">
    <p class='ocr_par' dir='ltr' id='par_1_50' title="bbox 2155 2222 3727 2299">
     <span class='ocr_line' id='line_1_50' title="bbox 2155 2222 3727 2299; baseline 0.01 -23"><span class='ocrx_word' id='word_1_345' title='bbox 2155 2227 2211 2277; x_wconf 74' lang='grc' dir='ltr'>ἐν</span> <span class='ocrx_word' id='word_1_346' title='bbox 2245 2222 2562 2297; x_wconf 77' lang='grc' dir='ltr'>δικαιοσύνῃ</span> <span class='ocrx_word' id='word_1_347' title='bbox 2590 2227 2682 2278; x_wconf 77' lang='grc' dir='ltr'><strong>καὶ</strong></span> <span class='ocrx_word' id='word_1_348' title='bbox 2733 2227 2917 2295; x_wconf 79' lang='grc' dir='ltr'>κρίσει</span> <span class='ocrx_word' id='word_1_349' title='bbox 2957 2230 3254 2299; x_wconf 71' lang='grc' dir='ltr'>οἰκονομεῖ,</span> <span class='ocrx_word' id='word_1_350' title='bbox 3292 2234 3384 2286; x_wconf 77' lang='grc' dir='ltr'>καὶ</span> <span class='ocrx_word' id='word_1_351' title='bbox 3420 2235 3572 2289; x_wconf 82' lang='grc' dir='ltr'>οὐδὲν</span> <span class='ocrx_word' id='word_1_352' title='bbox 3615 2240 3727 2292; x_wconf 87' lang='grc' dir='ltr'><strong>τῶν</strong></span> 
     </span>
    </p>
   </div>
   <div class='ocr_carea' id='block_1_51' title="bbox 2154 2314 3729 2397">
    <p class='ocr_par' dir='ltr' id='par_1_51' title="bbox 2154 2314 3729 2397">
     <span class='ocr_line' id='line_1_51' title="bbox 2154 2314 3729 2397; baseline 0.008 -28"><span class='ocrx_word' id='word_1_353' title='bbox 2154 2314 2374 2383; x_wconf 79' lang='grc' dir='ltr'>ἀγαθῶν</span> <span class='ocrx_word' id='word_1_354' title='bbox 2419 2316 2631 2370; x_wconf 78' lang='grc' dir='ltr'>ἐνέλιπε</span> <span class='ocrx_word' id='word_1_355' title='bbox 2692 2318 2766 2387; x_wconf 83' lang='grc' dir='ltr'>μὴ</span> <span class='ocrx_word' id='word_1_356' title='bbox 2824 2321 3058 2389; x_wconf 78' lang='grc' dir='ltr'>ποιήσας</span> <span class='ocrx_word' id='word_1_357' title='bbox 3097 2322 3167 2375; x_wconf 81' lang='grc' dir='ltr'>δι’</span> <span class='ocrx_word' id='word_1_358' title='bbox 3195 2325 3363 2392; x_wconf 74' lang='grc' dir='ltr'>ἡμᾶς.</span> <span class='ocrx_word' id='word_1_359' title='bbox 3392 2326 3556 2379; x_wconf 83' lang='grc' dir='ltr'>Ὅθεν</span> <span class='ocrx_word' id='word_1_360' title='bbox 3586 2348 3729 2397; x_wconf 81' lang='grc' dir='ltr'>παρ-</span> 
     </span>
    </p>
   </div>
   <div class='ocr_carea' id='block_1_52' title="bbox 2155 2409 3727 2491">
    <p class='ocr_par' dir='ltr' id='par_1_52' title="bbox 2155 2409 3727 2491">
     <span class='ocr_line' id='line_1_52' title="bbox 2155 2409 3727 2491; baseline 0.009 -30"><span class='ocrx_word' id='word_1_361' title='bbox 2155 2410 2330 2477; x_wconf 80' lang='grc' dir='ltr'>ήγαγε</span> <span class='ocrx_word' id='word_1_362' title='bbox 2370 2409 2468 2477; x_wconf 80' lang='grc' dir='ltr'>μὲν</span> <span class='ocrx_word' id='word_1_363' title='bbox 2498 2409 2589 2461; x_wconf 77' lang='grc' dir='ltr'><strong>τὸν</strong></span> <span class='ocrx_word' id='word_1_364' title='bbox 2615 2411 2898 2479; x_wconf 76' lang='grc' dir='ltr'>ὁρώμενον</span> <span class='ocrx_word' id='word_1_365' title='bbox 2927 2412 3118 2468; x_wconf 82' lang='grc' dir='ltr'>τοῦτον</span> <span class='ocrx_word' id='word_1_366' title='bbox 3146 2416 3390 2485; x_wconf 84' lang='grc' dir='ltr'>κόσμον·</span> <span class='ocrx_word' id='word_1_367' title='bbox 3425 2419 3516 2473; x_wconf 77' lang='grc' dir='ltr'>τὸν</span> <span class='ocrx_word' id='word_1_368' title='bbox 3549 2422 3727 2491; x_wconf 77' lang='grc' dir='ltr'>παράο</span> 
     </span>
    </p>
   </div>
   <div class='ocr_carea' id='block_1_53' title="bbox 2154 2500 3727 2583">
    <p class='ocr_par' dir='ltr' id='par_1_53' title="bbox 2154 2500 3727 2583">
     <span class='ocr_line' id='line_1_53' title="bbox 2154 2500 3727 2583; baseline 0.008 -32"><span class='ocrx_word' id='word_1_369' title='bbox 2154 2500 2328 2552; x_wconf 83' lang='grc' dir='ltr'>δεισόν</span> <span class='ocrx_word' id='word_1_370' title='bbox 2371 2517 2430 2552; x_wconf 87' lang='grc' dir='ltr'><strong>τε</strong></span> <span class='ocrx_word' id='word_1_371' title='bbox 2478 2501 2670 2564; x_wconf 87' lang='grc' dir='ltr'>κτίσας</span> <span class='ocrx_word' id='word_1_372' title='bbox 2716 2501 2788 2555; x_wconf 87' lang='grc' dir='ltr'>δι’</span> <span class='ocrx_word' id='word_1_373' title='bbox 2829 2504 3000 2573; x_wconf 76' lang='grc' dir='ltr'>ἡμᾶς,</span> <span class='ocrx_word' id='word_1_374' title='bbox 3047 2506 3141 2559; x_wconf 69' lang='grc' dir='ltr'><strong>καὶ</strong></span> <span class='ocrx_word' id='word_1_375' title='bbox 3183 2508 3250 2561; x_wconf 82' lang='grc' dir='ltr'>τὰ</span> <span class='ocrx_word' id='word_1_376' title='bbox 3292 2507 3554 2578; x_wconf 77' lang='grc' dir='ltr'>μέλλοντα</span> <span class='ocrx_word' id='word_1_377' title='bbox 3597 2514 3727 2583; x_wconf 76' lang='grc' dir='ltr'>ἡμῖν</span> 
     </span>
    </p>
   </div>
   <div class='ocr_carea' id='block_1_54' title="bbox 2153 2591 3728 2667">
    <p class='ocr_par' dir='ltr' id='par_1_54' title="bbox 2153 2591 3728 2667">
     <span class='ocr_line' id='line_1_54' title="bbox 2153 2591 3728 2667; baseline 0.01 -24"><span class='ocrx_word' id='word_1_378' title='bbox 2153 2591 2337 2660; x_wconf 85' lang='grc' dir='ltr'>ἀγαθὰ</span> <span class='ocrx_word' id='word_1_379' title='bbox 2369 2593 2685 2661; x_wconf 75' lang='grc' dir='ltr'>ἑτοιμάσας,</span> <span class='ocrx_word' id='word_1_380' title='bbox 2713 2594 2799 2646; x_wconf 74' lang='grc' dir='ltr'>ἵνα</span> <span class='ocrx_word' id='word_1_381' title='bbox 2849 2596 3058 2649; x_wconf 84' lang='grc' dir='ltr'>τούτων</span> <span class='ocrx_word' id='word_1_382' title='bbox 3082 2598 3341 2652; x_wconf 84' lang='grc' dir='ltr'>ἁπάντων</span> <span class='ocrx_word' id='word_1_383' title='bbox 3373 2602 3595 2667; x_wconf 71' lang='grc' dir='ltr'>δικαίως</span> <span class='ocrx_word' id='word_1_384' title='bbox 3634 2608 3728 2658; x_wconf 79' lang='grc' dir='ltr'>καὶ</span> 
     </span>
    </p>
   </div>
   <div class='ocr_carea' id='block_1_55' title="bbox 2155 2683 3724 2766">
    <p class='ocr_par' dir='ltr' id='par_1_55' title="bbox 2155 2683 3724 2766">
     <span class='ocr_line' id='line_1_55' title="bbox 2155 2683 3724 2766; baseline 0.011 -32"><span class='ocrx_word' id='word_1_385' title='bbox 2155 2683 2296 2736; x_wconf 85' lang='grc' dir='ltr'><strong>κατά</strong></span> <span class='ocrx_word' id='word_1_386' title='bbox 2324 2684 2517 2753; x_wconf 81' lang='grc' dir='ltr'>καιρὸν</span> <span class='ocrx_word' id='word_1_387' title='bbox 2547 2685 2933 2757; x_wconf 81' lang='grc' dir='ltr'><strong>ἀπολαύωμεν,</strong></span> <span class='ocrx_word' id='word_1_388' title='bbox 2968 2689 3204 2743; x_wconf 76' lang='grc' dir='ltr'>ἐνταῦθα</span> <span class='ocrx_word' id='word_1_389' title='bbox 3231 2691 3333 2760; x_wconf 81' lang='grc' dir='ltr'>μὲν</span> <span class='ocrx_word' id='word_1_390' title='bbox 3371 2694 3480 2747; x_wconf 83' lang='grc' dir='ltr'><strong>τῶν</strong></span> <span class='ocrx_word' id='word_1_391' title='bbox 3519 2697 3724 2766; x_wconf 76' lang='grc' dir='ltr'>παρόν-</span> 
     </span>
    </p>
   </div>
   <div class='ocr_carea' id='block_1_56' title="bbox 2153 2777 3727 2853">
    <p class='ocr_par' dir='ltr' id='par_1_56' title="bbox 2153 2777 3727 2853">
     <span class='ocr_line' id='line_1_56' title="bbox 2153 2777 3727 2853; baseline 0.01 -25"><span class='ocrx_word' id='word_1_392' title='bbox 2153 2793 2282 2837; x_wconf 84' lang='grc' dir='ltr'>των,</span> <span class='ocrx_word' id='word_1_393' title='bbox 2309 2779 2487 2829; x_wconf 78' lang='grc' dir='ltr'>ἐκεῖσε</span> <span class='ocrx_word' id='word_1_394' title='bbox 2521 2777 2577 2830; x_wconf 83' lang='grc' dir='ltr'>δὲ</span> <span class='ocrx_word' id='word_1_395' title='bbox 2610 2779 2719 2832; x_wconf 91' lang='grc' dir='ltr'><strong>τῶν</strong></span> <span class='ocrx_word' id='word_1_396' title='bbox 2758 2781 3062 2850; x_wconf 79' lang='grc' dir='ltr'>μελλόντων</span> <span class='ocrx_word' id='word_1_397' title='bbox 3093 2784 3338 2853; x_wconf 80' lang='grc' dir='ltr'>ὕστερον.</span> <span class='ocrx_word' id='word_1_398' title='bbox 3374 2788 3513 2841; x_wconf 81' lang='grc' dir='ltr'>Κατ’</span> <span class='ocrx_word' id='word_1_399' title='bbox 3538 2791 3727 2846; x_wconf 79' lang='grc' dir='ltr'>είκόνα</span> 
     </span>
    </p>
   </div>
   <div class='ocr_carea' id='block_1_57' title="bbox 2156 2870 3727 2954">
    <p class='ocr_par' dir='ltr' id='par_1_57' title="bbox 2156 2870 3727 2954">
     <span class='ocr_line' id='line_1_57' title="bbox 2156 2870 3727 2954; baseline 0.009 -33"><span class='ocrx_word' id='word_1_400' title='bbox 2156 2870 2293 2923; x_wconf 82' lang='grc' dir='ltr'>ίδίαν</span> <span class='ocrx_word' id='word_1_401' title='bbox 2318 2872 2549 2934; x_wconf 76' lang='grc' dir='ltr'>οἰκείαις</span> <span class='ocrx_word' id='word_1_402' title='bbox 2594 2874 2784 2943; x_wconf 72' lang='grc' dir='ltr'>χερσὶν</span> <span class='ocrx_word' id='word_1_403' title='bbox 2810 2873 3045 2929; x_wconf 73' lang='grc' dir='ltr'>ἔπλασεν</span> <span class='ocrx_word' id='word_1_404' title='bbox 3071 2879 3240 2947; x_wconf 71' lang='grc' dir='ltr'>ἡμᾶς.</span> <span class='ocrx_word' id='word_1_405' title='bbox 3283 2880 3569 2951; x_wconf 83' lang='grc' dir='ltr'>Ἐ·.έθηκεν</span> <span class='ocrx_word' id='word_1_406' title='bbox 3595 2885 3727 2954; x_wconf 70' lang='grc' dir='ltr'>ἡμῖν</span> 
     </span>
    </p>
   </div>
   <div class='ocr_carea' id='block_1_58' title="bbox 2153 2965 3722 3047">
    <p class='ocr_par' dir='ltr' id='par_1_58' title="bbox 2153 2965 3722 3047">
     <span class='ocr_line' id='line_1_58' title="bbox 2153 2965 3722 3047; baseline 0.008 -32"><span class='ocrx_word' id='word_1_407' title='bbox 2153 2969 2348 3032; x_wconf 86' lang='grc' dir='ltr'>νοεράν</span> <span class='ocrx_word' id='word_1_408' title='bbox 2386 2965 2481 3016; x_wconf 73' lang='grc' dir='ltr'><strong>καὶ</strong></span> <span class='ocrx_word' id='word_1_409' title='bbox 2510 2965 2735 3037; x_wconf 78' lang='grc' dir='ltr'>λογικὴν</span> <span class='ocrx_word' id='word_1_410' title='bbox 2785 2970 2878 3021; x_wconf 70' lang='grc' dir='ltr'><strong>καὶ</strong></span> <span class='ocrx_word' id='word_1_411' title='bbox 2910 2968 3203 3042; x_wconf 77' lang='grc' dir='ltr'>θελητικὴν</span> <span class='ocrx_word' id='word_1_412' title='bbox 3246 2972 3426 3043; x_wconf 66' lang='grc' dir='ltr'>ψυχήν</span> <span class='ocrx_word' id='word_1_413' title='bbox 3447 2992 3460 3005; x_wconf 88' lang='grc'><strong>·</strong></span> <span class='ocrx_word' id='word_1_414' title='bbox 3493 2978 3722 3047; x_wconf 71' lang='grc' dir='ltr'>ἐνέπλη-</span> 
     </span>
    </p>
   </div>
   <div class='ocr_carea' id='block_1_59' title="bbox 477 3052 2047 3133">
    <p class='ocr_par' dir='ltr' id='par_1_59' title="bbox 477 3058 2047 3127">
     <span class='ocr_line' id='line_1_59' title="bbox 477 3058 2047 3127; baseline -0.001 -13"><span class='ocrx_word' id='word_1_415' title='bbox 477 3062 550 3115; x_wconf 86' lang='lat' dir='ltr'><strong>ita</strong></span> <span class='ocrx_word' id='word_1_416' title='bbox 582 3068 640 3112; x_wconf 89' lang='lat' dir='ltr'><strong>ut</strong></span> <span class='ocrx_word' id='word_1_417' title='bbox 681 3058 841 3111; x_wconf 69' lang='lat' dir='ltr'><strong>etiam</strong></span> <span class='ocrx_word' id='word_1_418' title='bbox 880 3058 1002 3112; x_wconf 85' lang='lat' dir='ltr'><strong>sine</strong></span> <span class='ocrx_word' id='word_1_419' title='bbox 1046 3060 1302 3127; x_wconf 80' lang='lat' dir='ltr'><strong>magistro</strong></span> <span class='ocrx_word' id='word_1_420' title='bbox 1334 3072 1496 3111; x_wconf 87' lang='lat' dir='ltr'><strong>nosse</strong></span> <span class='ocrx_word' id='word_1_421' title='bbox 1530 3059 1802 3126; x_wconf 86' lang='lat' dir='ltr'><strong>possimus</strong></span> <span class='ocrx_word' id='word_1_422' title='bbox 1847 3069 1899 3111; x_wconf 87' lang='lat' dir='ltr'><strong>et</strong></span> <span class='ocrx_word' id='word_1_423' title='bbox 1927 3073 2047 3126; x_wconf 71' lang='lat' dir='ltr'><strong>qua:</strong></span> 
     </span>
    </p>
   </div>
   <div class='ocr_carea' id='block_1_60' title="bbox 2150 3052 3724 3133">
    <p class='ocr_par' dir='ltr' id='par_1_60' title="bbox 2155 3052 3724 3133">
     <span class='ocr_line' id='line_1_60' title="bbox 2155 3052 3724 3133; baseline 0.009 -27"><span class='ocrx_word' id='word_1_424' title='bbox 2155 3068 2248 3106; x_wconf 88' lang='grc' dir='ltr'><strong>σεν</strong></span> <span class='ocrx_word' id='word_1_425' title='bbox 2275 3052 2449 3123; x_wconf 79' lang='grc' dir='ltr'>αὐτὴν</span> <span class='ocrx_word' id='word_1_426' title='bbox 2475 3056 2655 3125; x_wconf 84' lang='grc' dir='ltr'>πάσης</span> <span class='ocrx_word' id='word_1_427' title='bbox 2690 3056 2882 3124; x_wconf 80' lang='grc' dir='ltr'>σοφίας</span> <span class='ocrx_word' id='word_1_428' title='bbox 2913 3062 3008 3113; x_wconf 82' lang='grc' dir='ltr'>καὶ</span> <span class='ocrx_word' id='word_1_429' title='bbox 3048 3062 3320 3131; x_wconf 82' lang='grc' dir='ltr'>γνώσεως.</span> <span class='ocrx_word' id='word_1_430' title='bbox 3368 3066 3724 3133; x_wconf 70' lang='grc' dir='ltr'>ένεφύτευτεν</span> 
     </span>
    </p>
   </div>
   <div class='ocr_carea' id='block_1_61' title="bbox 479 3148 2042 3219">
    <p class='ocr_par' dir='ltr' id='par_1_61' title="bbox 479 3148 2042 3219">
     <span class='ocr_line' id='line_1_61' title="bbox 479 3148 2042 3219; baseline -0.001 -13"><span class='ocrx_word' id='word_1_431' title='bbox 479 3152 592 3206; x_wconf 88' lang='lat' dir='ltr'><strong>Deo</strong></span> <span class='ocrx_word' id='word_1_432' title='bbox 634 3148 763 3205; x_wconf 73' lang='lat' dir='ltr'><strong>sunt</strong></span> <span class='ocrx_word' id='word_1_433' title='bbox 804 3160 956 3219; x_wconf 79' lang='lat' dir='ltr'><strong>grata</strong></span> <span class='ocrx_word' id='word_1_434' title='bbox 987 3160 1041 3204; x_wconf 88' lang='lat' dir='ltr'><strong>et</strong></span> <span class='ocrx_word' id='word_1_435' title='bbox 1071 3165 1188 3218; x_wconf 65' lang='lat' dir='ltr'><strong>qua:</strong></span> <span class='ocrx_word' id='word_1_436' title='bbox 1235 3148 1349 3203; x_wconf 88' lang='lat' dir='ltr'><strong>odit</strong></span> <span class='ocrx_word' id='word_1_437' title='bbox 1381 3148 1545 3215; x_wconf 81' lang='lat' dir='ltr'><strong>Deus;</strong></span> <span class='ocrx_word' id='word_1_438' title='bbox 1582 3152 1672 3204; x_wconf 87' lang='lat' dir='ltr'><strong>sed</strong></span> <span class='ocrx_word' id='word_1_439' title='bbox 1704 3159 1758 3205; x_wconf 88' lang='lat' dir='ltr'><strong>et</strong></span> <span class='ocrx_word' id='word_1_440' title='bbox 1790 3150 1979 3203; x_wconf 86' lang='lat' dir='ltr'><strong>horum</strong></span> <span class='ocrx_word' id='word_1_441' title='bbox 2013 3166 2042 3204; x_wconf 90' lang='lat' dir='ltr'><strong>a</strong></span> 
     </span>
    </p>
   </div>
   <div class='ocr_carea' id='block_1_62' title="bbox 371 3242 2044 3314">
    <p class='ocr_par' dir='ltr' id='par_1_62' title="bbox 371 3242 2044 3314">
     <span class='ocr_line' id='line_1_62' title="bbox 371 3242 2044 3314; baseline -0.001 -15"><span class='ocrx_word' id='word_1_442' title='bbox 371 3247 375 3250; x_wconf 75' lang='grc'><em>’</em></span> <span class='ocrx_word' id='word_1_443' title='bbox 477 3244 749 3314; x_wconf 86' lang='lat' dir='ltr'><strong>principio</strong></span> <span class='ocrx_word' id='word_1_444' title='bbox 771 3244 1060 3313; x_wconf 81' lang='lat' dir='ltr'><strong>rnagistros</strong></span> <span class='ocrx_word' id='word_1_445' title='bbox 1083 3242 1329 3311; x_wconf 77' lang='lat' dir='ltr'><strong>praebuit.</strong></span> <span class='ocrx_word' id='word_1_446' title='bbox 1356 3242 1538 3295; x_wconf 87' lang='lat' dir='ltr'><strong>Primo</strong></span> <span class='ocrx_word' id='word_1_447' title='bbox 1561 3242 1779 3311; x_wconf 85' lang='lat' dir='ltr'><strong>quidem</strong></span> <span class='ocrx_word' id='word_1_448' title='bbox 1807 3245 2044 3297; x_wconf 83' lang='lat' dir='ltr'><strong>creatio-</strong></span> 
     </span>
    </p>
   </div>
   <div class='ocr_carea' id='block_1_63' title="bbox 479 3334 2046 3401">
    <p class='ocr_par' dir='ltr' id='par_1_63' title="bbox 479 3334 2046 3401">
     <span class='ocr_line' id='line_1_63' title="bbox 479 3334 2046 3401; baseline -0.003 -10"><span class='ocrx_word' id='word_1_449' title='bbox 479 3351 601 3391; x_wconf 88' lang='lat' dir='ltr'><strong>nem</strong></span> <span class='ocrx_word' id='word_1_450' title='bbox 622 3349 839 3390; x_wconf 87' lang='lat' dir='ltr'><strong>onmem</strong></span> <span class='ocrx_word' id='word_1_451' title='bbox 864 3337 1105 3388; x_wconf 80' lang='lat' dir='ltr'><strong>ostendit</strong></span> <span class='ocrx_word' id='word_1_452' title='bbox 1134 3334 1396 3387; x_wconf 86' lang='lat' dir='ltr'><strong>voluntati</strong></span> <span class='ocrx_word' id='word_1_453' title='bbox 1419 3348 1530 3386; x_wconf 73' lang='lat' dir='ltr'><strong>sua:</strong></span> <span class='ocrx_word' id='word_1_454' title='bbox 1555 3334 1759 3401; x_wconf 88' lang='lat' dir='ltr'><strong>optime</strong></span> <span class='ocrx_word' id='word_1_455' title='bbox 1785 3334 2046 3387; x_wconf 85' lang='lat' dir='ltr'><strong>obedien-</strong></span> 
     </span>
    </p>
   </div>
   <div class='ocr_carea' id='block_1_64' title="bbox 478 3428 2044 3498">
    <p class='ocr_par' dir='ltr' id='par_1_64' title="bbox 478 3428 2044 3498">
     <span class='ocr_line' id='line_1_64' title="bbox 478 3428 2044 3498; baseline -0.003 -11"><span class='ocrx_word' id='word_1_456' title='bbox 478 3442 587 3487; x_wconf 81' lang='lat' dir='ltr'><strong>tem</strong></span> <span class='ocrx_word' id='word_1_457' title='bbox 615 3440 671 3486; x_wconf 83' lang='lat' dir='ltr'><strong>et</strong></span> <span class='ocrx_word' id='word_1_458' title='bbox 701 3431 817 3498; x_wconf 79' lang='lat' dir='ltr'><strong>ipsa</strong></span> <span class='ocrx_word' id='word_1_459' title='bbox 846 3438 1068 3491; x_wconf 87' lang='lat' dir='ltr'><strong>motam,</strong></span> <span class='ocrx_word' id='word_1_460' title='bbox 1098 3439 1154 3481; x_wconf 88' lang='lat' dir='ltr'><strong>ut</strong></span> <span class='ocrx_word' id='word_1_461' title='bbox 1184 3444 1281 3481; x_wconf 86' lang='lat' dir='ltr'><strong>nos</strong></span> <span class='ocrx_word' id='word_1_462' title='bbox 1304 3444 1522 3496; x_wconf 80' lang='lat' dir='ltr'><strong>quoque</strong></span> <span class='ocrx_word' id='word_1_463' title='bbox 1555 3429 1662 3482; x_wconf 83' lang='lat' dir='ltr'><strong>Deo</strong></span> <span class='ocrx_word' id='word_1_464' title='bbox 1703 3428 2044 3492; x_wconf 78' lang='lat' dir='ltr'><strong>obedinmus,</strong></span> 
     </span>
    </p>
   </div>
   <div class='ocr_carea' id='block_1_65' title="bbox 477 3520 2047 3591">
    <p class='ocr_par' dir='ltr' id='par_1_65' title="bbox 477 3520 2047 3591">
     <span class='ocr_line' id='line_1_65' title="bbox 477 3520 2047 3591; baseline -0.003 -13"><span class='ocrx_word' id='word_1_465' title='bbox 477 3533 534 3578; x_wconf 86' lang='lat' dir='ltr'><strong>et</strong></span> <span class='ocrx_word' id='word_1_466' title='bbox 567 3524 684 3591; x_wconf 81' lang='lat' dir='ltr'><strong>ejus</strong></span> <span class='ocrx_word' id='word_1_467' title='bbox 710 3520 1044 3589; x_wconf 71' lang='lat' dir='ltr'><strong>benepiacito</strong></span> <span class='ocrx_word' id='word_1_468' title='bbox 1073 3535 1407 3573; x_wconf 79' lang='lat' dir='ltr'><strong>moveamur.</strong></span> <span class='ocrx_word' id='word_1_469' title='bbox 1442 3520 1643 3574; x_wconf 81' lang='lat' dir='ltr'><strong>Deinde</strong></span> <span class='ocrx_word' id='word_1_470' title='bbox 1673 3520 2047 3590; x_wconf 60' lang='lat' dir='ltr'><strong>prwbuitsau-</strong></span> 
     </span>
    </p>
   </div>
   <div class='ocr_carea' id='block_1_66' title="bbox 478 3610 2044 3680">
    <p class='ocr_par' dir='ltr' id='par_1_66' title="bbox 478 3610 2044 3680">
     <span class='ocr_line' id='line_1_66' title="bbox 478 3610 2044 3680; baseline -0.002 -12"><span class='ocrx_word' id='word_1_471' title='bbox 478 3622 692 3668; x_wconf 74' lang='lat' dir='ltr'><strong>ciorum</strong></span> <span class='ocrx_word' id='word_1_472' title='bbox 746 3610 1180 3678; x_wconf 80' lang='lat' dir='ltr'><strong>patriarcharum</strong></span> <span class='ocrx_word' id='word_1_473' title='bbox 1219 3619 1274 3663; x_wconf 90' lang='lat' dir='ltr'><strong>et</strong></span> <span class='ocrx_word' id='word_1_474' title='bbox 1327 3610 1712 3679; x_wconf 81' lang='lat' dir='ltr'><strong>prophetarum</strong></span> <span class='ocrx_word' id='word_1_475' title='bbox 1771 3611 2044 3680; x_wconf 77' lang='lat' dir='ltr'><strong>ingentem</strong></span> 
     </span>
    </p>
   </div>
   <div class='ocr_carea' id='block_1_67' title="bbox 477 3686 2045 3771">
    <p class='ocr_par' dir='ltr' id='par_1_67' title="bbox 477 3686 2045 3771">
     <span class='ocr_line' id='line_1_67' title="bbox 477 3686 2045 3771; baseline -0.002 -12"><span class='ocrx_word' id='word_1_476' title='bbox 477 3703 898 3759; x_wconf 81' lang='lat' dir='ltr'><strong>tnultitudimem</strong></span> <span class='ocrx_word' id='word_1_477' title='bbox 936 3716 951 3754; x_wconf 78' lang='grc' dir='ltr'><strong>ι</strong></span> <span class='ocrx_word' id='word_1_478' title='bbox 998 3686 1279 3770; x_wconf 77' lang='lat' dir='ltr'><strong>lo-gemque</strong></span> <span class='ocrx_word' id='word_1_479' title='bbox 1305 3700 1545 3771; x_wconf 80' lang='lat' dir='ltr'><strong>desuper</strong></span> <span class='ocrx_word' id='word_1_480' title='bbox 1585 3705 1902 3769; x_wconf 88' lang='lat' dir='ltr'><strong>constituit;</strong></span> <span class='ocrx_word' id='word_1_481' title='bbox 1942 3704 2045 3756; x_wconf 87' lang='lat' dir='ltr'><strong>mi-</strong></span> 
     </span>
    </p>
   </div>
   <div class='ocr_carea' id='block_1_68' title="bbox 479 3794 2047 3864">
    <p class='ocr_par' dir='ltr' id='par_1_68' title="bbox 479 3794 2047 3864">
     <span class='ocr_line' id='line_1_68' title="bbox 479 3794 2047 3864; baseline 0 -15"><span class='ocrx_word' id='word_1_482' title='bbox 479 3796 669 3851; x_wconf 84' lang='lat' dir='ltr'><strong>rabilia</strong></span> <span class='ocrx_word' id='word_1_483' title='bbox 701 3804 954 3863; x_wconf 81' lang='lat' dir='ltr'><strong>operatus</strong></span> <span class='ocrx_word' id='word_1_484' title='bbox 985 3803 1066 3847; x_wconf 86' lang='lat' dir='ltr'><strong>est</strong></span> <span class='ocrx_word' id='word_1_485' title='bbox 1091 3794 1281 3863; x_wconf 80' lang='lat' dir='ltr'><strong>signa;</strong></span> <span class='ocrx_word' id='word_1_486' title='bbox 1317 3794 1488 3850; x_wconf 86' lang='lat' dir='ltr'><strong>malos</strong></span> <span class='ocrx_word' id='word_1_487' title='bbox 1520 3803 1570 3849; x_wconf 89' lang='lat' dir='ltr'><strong>et</strong></span> <span class='ocrx_word' id='word_1_488' title='bbox 1602 3806 1916 3864; x_wconf 85' lang='lat' dir='ltr'><strong>peccatores</strong></span> <span class='ocrx_word' id='word_1_489' title='bbox 1946 3796 2047 3849; x_wconf 90' lang='lat' dir='ltr'><strong>mi-</strong></span> 
     </span>
    </p>
   </div>
   <div class='ocr_carea' id='block_1_69' title="bbox 420 3885 2041 3956">
    <p class='ocr_par' dir='ltr' id='par_1_69' title="bbox 420 3885 2041 3956">
     <span class='ocr_line' id='line_1_69' title="bbox 420 3885 2041 3956; baseline -0.002 -15"><span class='ocrx_word' id='word_1_490' title='bbox 420 3910 422 3913; x_wconf 61' lang='grc' dir='ltr'><strong>τ</strong></span> <span class='ocrx_word' id='word_1_491' title='bbox 475 3888 566 3942; x_wconf 86' lang='lat' dir='ltr'><strong>nis</strong></span> <span class='ocrx_word' id='word_1_492' title='bbox 609 3887 848 3956; x_wconf 89' lang='lat' dir='ltr'><strong>primum</strong></span> <span class='ocrx_word' id='word_1_493' title='bbox 894 3886 1173 3938; x_wconf 69' lang='lat' dir='ltr'><strong>insecutus</strong></span> <span class='ocrx_word' id='word_1_494' title='bbox 1224 3885 1466 3952; x_wconf 71' lang='lat' dir='ltr'><strong>punivit;</strong></span> <span class='ocrx_word' id='word_1_495' title='bbox 1524 3885 1685 3940; x_wconf 89' lang='lat' dir='ltr'><strong>bonis</strong></span> <span class='ocrx_word' id='word_1_496' title='bbox 1731 3886 2041 3951; x_wconf 77' lang='lat' dir='ltr'><strong>benedixit;</strong></span> 
     </span>
    </p>
   </div>
   <div class='ocr_carea' id='block_1_70' title="bbox 474 3976 2044 4047">
    <p class='ocr_par' dir='ltr' id='par_1_70' title="bbox 474 3976 2044 4047">
     <span class='ocr_line' id='line_1_70' title="bbox 474 3976 2044 4047; baseline -0.002 -14"><span class='ocrx_word' id='word_1_497' title='bbox 474 3979 731 4047; x_wconf 84' lang='lat' dir='ltr'><strong>denique,</strong></span> <span class='ocrx_word' id='word_1_498' title='bbox 786 3976 1201 4045; x_wconf 77' lang='lat' dir='ltr'><strong>ingravescente</strong></span> <span class='ocrx_word' id='word_1_499' title='bbox 1261 3977 1502 4038; x_wconf 84' lang='lat' dir='ltr'><strong>malitia,</strong></span> <span class='ocrx_word' id='word_1_500' title='bbox 1562 3976 1707 4029; x_wconf 80' lang='lat' dir='ltr'><strong>venit</strong></span> <span class='ocrx_word' id='word_1_501' title='bbox 1771 3977 1889 4044; x_wconf 86' lang='lat' dir='ltr'><strong>ipse</strong></span> <span class='ocrx_word' id='word_1_502' title='bbox 1944 3991 2044 4030; x_wconf 89' lang='lat' dir='ltr'><strong>sua</strong></span> 
     </span>
    </p>
   </div>
   <div class='ocr_carea' id='block_1_71' title="bbox 473 4066 2046 4140">
    <p class='ocr_par' dir='ltr' id='par_1_71' title="bbox 473 4066 2046 4140">
     <span class='ocr_line' id='line_1_71' title="bbox 473 4066 2046 4140; baseline -0.003 -17"><span class='ocrx_word' id='word_1_503' title='bbox 473 4079 671 4140; x_wconf 81' lang='lat' dir='ltr'><strong>sponte</strong></span> <span class='ocrx_word' id='word_1_504' title='bbox 686 4067 779 4122; x_wconf 81' lang='lat' dir='ltr'><strong>Dei</strong></span> <span class='ocrx_word' id='word_1_505' title='bbox 805 4067 1041 4122; x_wconf 80' lang='lat' dir='ltr'><strong>Verbum</strong></span> <span class='ocrx_word' id='word_1_506' title='bbox 1068 4066 1407 4121; x_wconf 83' lang='lat' dir='ltr'><strong>descendens</strong></span> <span class='ocrx_word' id='word_1_507' title='bbox 1427 4082 1598 4135; x_wconf 72' lang='lat' dir='ltr'><strong>usque</strong></span> <span class='ocrx_word' id='word_1_508' title='bbox 1623 4068 1689 4121; x_wconf 85' lang='lat' dir='ltr'><strong>ad</strong></span> <span class='ocrx_word' id='word_1_509' title='bbox 1711 4082 1809 4121; x_wconf 90' lang='lat' dir='ltr'><strong>nos</strong></span> <span class='ocrx_word' id='word_1_510' title='bbox 1828 4075 2046 4137; x_wconf 84' lang='lat' dir='ltr'><strong>propter</strong></span> 
     </span>
    </p>
   </div>
   <div class='ocr_carea' id='block_1_72' title="bbox 476 4156 2042 4227">
    <p class='ocr_par' dir='ltr' id='par_1_72' title="bbox 476 4156 2042 4227">
     <span class='ocr_line' id='line_1_72' title="bbox 476 4156 2042 4227; baseline -0.002 -12"><span class='ocrx_word' id='word_1_511' title='bbox 476 4176 602 4227; x_wconf 85' lang='lat' dir='ltr'><strong>nos;</strong></span> <span class='ocrx_word' id='word_1_512' title='bbox 633 4175 852 4214; x_wconf 84' lang='lat' dir='ltr'><strong>carnem</strong></span> <span class='ocrx_word' id='word_1_513' title='bbox 886 4167 1130 4214; x_wconf 81' lang='lat' dir='ltr'><strong>sanctam</strong></span> <span class='ocrx_word' id='word_1_514' title='bbox 1161 4172 1226 4212; x_wconf 82' lang='lat' dir='ltr'><strong>ex</strong></span> <span class='ocrx_word' id='word_1_515' title='bbox 1265 4156 1484 4227; x_wconf 75' lang='lat' dir='ltr'><strong>Virgine</strong></span> <span class='ocrx_word' id='word_1_516' title='bbox 1513 4158 1769 4227; x_wconf 85' lang='lat' dir='ltr'><strong>sumpsit,</strong></span> <span class='ocrx_word' id='word_1_517' title='bbox 1801 4158 2042 4212; x_wconf 83' lang='lat' dir='ltr'><strong>divinam</strong></span> 
     </span>
    </p>
   </div>
   <div class='ocr_carea' id='block_1_73' title="bbox 475 4249 2045 4323">
    <p class='ocr_par' dir='ltr' id='par_1_73' title="bbox 475 4249 2045 4323">
     <span class='ocr_line' id='line_1_73' title="bbox 475 4249 2045 4323; baseline -0.001 -16"><span class='ocrx_word' id='word_1_518' title='bbox 475 4268 645 4323; x_wconf 75' lang='lat' dir='ltr'><strong>agens</strong></span> <span class='ocrx_word' id='word_1_519' title='bbox 669 4254 856 4315; x_wconf 83' lang='lat' dir='ltr'><strong>vitam,</strong></span> <span class='ocrx_word' id='word_1_520' title='bbox 889 4250 1147 4305; x_wconf 86' lang='lat' dir='ltr'><strong>miracula</strong></span> <span class='ocrx_word' id='word_1_521' title='bbox 1201 4251 1506 4319; x_wconf 89' lang='lat' dir='ltr'><strong>producens</strong></span> <span class='ocrx_word' id='word_1_522' title='bbox 1542 4249 1847 4317; x_wconf 87' lang='lat' dir='ltr'><strong>innumera,</strong></span> <span class='ocrx_word' id='word_1_523' title='bbox 1879 4251 2045 4305; x_wconf 73' lang='lat' dir='ltr'><strong>crete-</strong></span> 
     </span>
    </p>
   </div>
   <div class='ocr_carea' id='block_1_74' title="bbox 473 4341 2041 4411">
    <p class='ocr_par' dir='ltr' id='par_1_74' title="bbox 473 4341 2041 4411">
     <span class='ocr_line' id='line_1_74' title="bbox 473 4341 2041 4411; baseline -0.003 -12"><span class='ocrx_word' id='word_1_524' title='bbox 473 4355 614 4399; x_wconf 83' lang='lat' dir='ltr'><strong>stem</strong></span> <span class='ocrx_word' id='word_1_525' title='bbox 645 4344 866 4399; x_wconf 87' lang='lat' dir='ltr'><strong>tradens</strong></span> <span class='ocrx_word' id='word_1_526' title='bbox 888 4341 1194 4398; x_wconf 82' lang='lat' dir='ltr'><strong>doctrinam</strong></span> <span class='ocrx_word' id='word_1_527' title='bbox 1225 4352 1279 4396; x_wconf 90' lang='lat' dir='ltr'><strong>et</strong></span> <span class='ocrx_word' id='word_1_528' title='bbox 1297 4342 1480 4396; x_wconf 90' lang='lat' dir='ltr'><strong>divina</strong></span> <span class='ocrx_word' id='word_1_529' title='bbox 1511 4352 1800 4411; x_wconf 81' lang='lat' dir='ltr'><strong>praecepta,</strong></span> <span class='ocrx_word' id='word_1_530' title='bbox 1824 4343 2041 4397; x_wconf 88' lang='lat' dir='ltr'><strong>tandem</strong></span> 
     </span>
    </p>
   </div>
   <div class='ocr_carea' id='block_1_75' title="bbox 2150 3140 3716 3227">
    <p class='ocr_par' dir='ltr' id='par_1_75' title="bbox 2150 3140 3716 3227">
     <span class='ocr_line' id='line_1_75' title="bbox 2150 3140 3716 3227; baseline 0.008 -32"><span class='ocrx_word' id='word_1_531' title='bbox 2150 3143 2287 3214; x_wconf 80' lang='grc' dir='ltr'>αὐτῇ</span> <span class='ocrx_word' id='word_1_532' title='bbox 2317 3146 2426 3198; x_wconf 78' lang='grc' dir='ltr'><strong>πᾶν</strong></span> <span class='ocrx_word' id='word_1_533' title='bbox 2457 3140 2599 3208; x_wconf 83' lang='grc' dir='ltr'>εῖδυς</span> <span class='ocrx_word' id='word_1_534' title='bbox 2629 3147 2778 3207; x_wconf 80' lang='grc' dir='ltr'>θείας</span> <span class='ocrx_word' id='word_1_535' title='bbox 2809 3147 3032 3219; x_wconf 84' lang='grc' dir='ltr'>ἀρετῆς,</span> <span class='ocrx_word' id='word_1_536' title='bbox 3061 3152 3154 3205; x_wconf 81' lang='grc' dir='ltr'>καὶ</span> <span class='ocrx_word' id='word_1_537' title='bbox 3188 3154 3512 3209; x_wconf 78' lang='grc' dir='ltr'>διδασκάλου</span> <span class='ocrx_word' id='word_1_538' title='bbox 3543 3159 3716 3227; x_wconf 75' lang='grc' dir='ltr'>χωρὶς</span> 
     </span>
    </p>
   </div>
   <div class='ocr_carea' id='block_1_76' title="bbox 2147 3241 3721 3318">
    <p class='ocr_par' dir='ltr' id='par_1_76' title="bbox 2147 3241 3721 3318">
     <span class='ocr_line' id='line_1_76' title="bbox 2147 3241 3721 3318; baseline 0.01 -30"><span class='ocrx_word' id='word_1_539' title='bbox 2147 3241 2367 3305; x_wconf 83' lang='grc' dir='ltr'>γνωστά</span> <span class='ocrx_word' id='word_1_540' title='bbox 2400 3241 2531 3310; x_wconf 78' lang='grc' dir='ltr'>ἡμῖν</span> <span class='ocrx_word' id='word_1_541' title='bbox 2561 3242 2677 3293; x_wconf 77' lang='grc' dir='ltr'>ἐστι</span> <span class='ocrx_word' id='word_1_542' title='bbox 2708 3242 2776 3295; x_wconf 67' lang='grc' dir='ltr'>τὰ</span> <span class='ocrx_word' id='word_1_543' title='bbox 2799 3244 3019 3314; x_wconf 75' lang='grc' dir='ltr'>θεοφιλῆ</span> <span class='ocrx_word' id='word_1_544' title='bbox 3044 3246 3221 3301; x_wconf 78' lang='grc' dir='ltr'>πάντα</span> <span class='ocrx_word' id='word_1_545' title='bbox 3253 3248 3438 3302; x_wconf 76' lang='grc' dir='ltr'>καὶτὰ</span> <span class='ocrx_word' id='word_1_546' title='bbox 3465 3249 3721 3318; x_wconf 78' lang='grc' dir='ltr'>θεομισῆ·</span> 
     </span>
    </p>
   </div>
   <div class='ocr_carea' id='block_1_77' title="bbox 2148 3330 3721 3408">
    <p class='ocr_par' dir='ltr' id='par_1_77' title="bbox 2148 3330 3721 3408">
     <span class='ocr_line' id='line_1_77' title="bbox 2148 3330 3721 3408; baseline 0.006 -27"><span class='ocrx_word' id='word_1_547' title='bbox 2148 3330 2282 3382; x_wconf 86' lang='grc' dir='ltr'><strong>ἀλλά</strong></span> <span class='ocrx_word' id='word_1_548' title='bbox 2316 3331 2407 3383; x_wconf 74' lang='grc' dir='ltr'>καὶ</span> <span class='ocrx_word' id='word_1_549' title='bbox 2438 3331 2796 3397; x_wconf 83' lang='grc' dir='ltr'>διδασκάλους</span> <span class='ocrx_word' id='word_1_550' title='bbox 2826 3336 2884 3399; x_wconf 75' lang='grc' dir='ltr'><strong>ἐξ</strong></span> <span class='ocrx_word' id='word_1_551' title='bbox 2912 3338 3082 3406; x_wconf 84' lang='grc' dir='ltr'>ἀρχῆς</span> <span class='ocrx_word' id='word_1_552' title='bbox 3114 3337 3337 3396; x_wconf 76' lang='grc' dir='ltr'>δέδωκε.</span> <span class='ocrx_word' id='word_1_553' title='bbox 3371 3340 3590 3408; x_wconf 86' lang='grc' dir='ltr'>Πρῶτον</span> <span class='ocrx_word' id='word_1_554' title='bbox 3623 3342 3721 3408; x_wconf 80' lang='grc' dir='ltr'><strong>μὲν</strong></span> 
     </span>
    </p>
   </div>
   <div class='ocr_carea' id='block_1_78' title="bbox 2147 3421 3722 3500">
    <p class='ocr_par' dir='ltr' id='par_1_78' title="bbox 2147 3421 3722 3500">
     <span class='ocr_line' id='line_1_78' title="bbox 2147 3421 3722 3500; baseline 0.008 -28"><span class='ocrx_word' id='word_1_555' title='bbox 2147 3421 2247 3492; x_wconf 85' lang='grc' dir='ltr'><strong>τὴν</strong></span> <span class='ocrx_word' id='word_1_556' title='bbox 2270 3422 2557 3493; x_wconf 82' lang='grc' dir='ltr'>ὁρωμένην</span> <span class='ocrx_word' id='word_1_557' title='bbox 2585 3423 2767 3479; x_wconf 87' lang='grc' dir='ltr'>κτίσιν</span> <span class='ocrx_word' id='word_1_558' title='bbox 2802 3429 2942 3479; x_wconf 75' lang='grc' dir='ltr'>κατὰ</span> <span class='ocrx_word' id='word_1_559' title='bbox 2966 3428 3065 3498; x_wconf 84' lang='grc' dir='ltr'><strong>τὴν</strong></span> <span class='ocrx_word' id='word_1_560' title='bbox 3096 3430 3318 3500; x_wconf 79' lang='grc' dir='ltr'>θέλησιν</span> <span class='ocrx_word' id='word_1_561' title='bbox 3342 3431 3506 3483; x_wconf 69' lang='grc' dir='ltr'><strong>αὑτοῦ⁹</strong></span> <span class='ocrx_word' id='word_1_562' title='bbox 3541 3430 3722 3493; x_wconf 89' lang='grc' dir='ltr'>καλῶς</span> 
     </span>
    </p>
   </div>
   <div class='ocr_carea' id='block_1_79' title="bbox 2149 3500 3720 3593">
    <p class='ocr_par' dir='ltr' id='par_1_79' title="bbox 2149 3516 3720 3593">
     <span class='ocr_line' id='line_1_79' title="bbox 2149 3516 3720 3593; baseline 0.004 -26"><span class='ocrx_word' id='word_1_563' title='bbox 2149 3516 2495 3585; x_wconf 80' lang='grc' dir='ltr'>κινουμένην,</span> <span class='ocrx_word' id='word_1_564' title='bbox 2533 3516 2598 3569; x_wconf 72' lang='grc' dir='ltr'><strong>ἵν’</strong></span> <span class='ocrx_word' id='word_1_565' title='bbox 2624 3517 3065 3593; x_wconf 61' lang='grc' dir='ltr'>ὑποτασσώμεθα</span> <span class='ocrx_word' id='word_1_566' title='bbox 3118 3522 3211 3574; x_wconf 73' lang='grc' dir='ltr'>καὶ</span> <span class='ocrx_word' id='word_1_567' title='bbox 3264 3522 3427 3592; x_wconf 77' lang='grc' dir='ltr'>ἡμεῖς</span> <span class='ocrx_word' id='word_1_568' title='bbox 3459 3522 3608 3591; x_wconf 68' lang='grc' dir='ltr'><strong>αὖτῷ</strong></span> <span class='ocrx_word' id='word_1_569' title='bbox 3642 3524 3720 3589; x_wconf 62' lang='grc' dir='ltr'>τῇ</span> 
     </span>
    </p>
   </div>
   <div class='ocr_carea' id='block_1_80' title="bbox 2147 3594 3717 3681">
    <p class='ocr_par' dir='ltr' id='par_1_80' title="bbox 2147 3594 3717 3681">
     <span class='ocr_line' id='line_1_80' title="bbox 2147 3594 3717 3681; baseline 0.006 -21"><span class='ocrx_word' id='word_1_570' title='bbox 2147 3605 2288 3676; x_wconf 81' lang='grc' dir='ltr'>Θεῷ,</span> <span class='ocrx_word' id='word_1_571' title='bbox 2327 3610 2421 3661; x_wconf 77' lang='grc' dir='ltr'><strong>καὶ</strong></span> <span class='ocrx_word' id='word_1_572' title='bbox 2461 3609 2600 3662; x_wconf 86' lang='grc' dir='ltr'><strong>κατά</strong></span> <span class='ocrx_word' id='word_1_573' title='bbox 2629 3610 2885 3680; x_wconf 77' lang='grc' dir='ltr'>βούλησιν</span> <span class='ocrx_word' id='word_1_574' title='bbox 2936 3594 3125 3666; x_wconf 82' lang='grc' dir='ltr'>τούτου</span> <span class='ocrx_word' id='word_1_575' title='bbox 3173 3613 3490 3681; x_wconf 86' lang='grc' dir='ltr'>κινὼμεθα·</span> <span class='ocrx_word' id='word_1_576' title='bbox 3529 3615 3717 3670; x_wconf 79' lang='grc' dir='ltr'>ἔπειτα</span> 
     </span>
    </p>
   </div>
   <div class='ocr_carea' id='block_1_81' title="bbox 2147 3700 3717 3778">
    <p class='ocr_par' dir='ltr' id='par_1_81' title="bbox 2147 3700 3717 3778">
     <span class='ocr_line' id='line_1_81' title="bbox 2147 3700 3717 3778; baseline 0.006 -26"><span class='ocrx_word' id='word_1_577' title='bbox 2147 3700 2372 3753; x_wconf 83' lang='grc' dir='ltr'>δικαίων</span> <span class='ocrx_word' id='word_1_578' title='bbox 2412 3702 2578 3769; x_wconf 72' lang='grc' dir='ltr'>ἔδειξε</span> <span class='ocrx_word' id='word_1_579' title='bbox 2604 3701 2813 3771; x_wconf 72' lang='grc' dir='ltr'>πληθὺν</span> <span class='ocrx_word' id='word_1_580' title='bbox 2858 3704 2952 3757; x_wconf 80' lang='grc' dir='ltr'>καὶ</span> <span class='ocrx_word' id='word_1_581' title='bbox 2993 3705 3352 3775; x_wconf 83' lang='grc' dir='ltr'>πατριαρχῶν</span> <span class='ocrx_word' id='word_1_582' title='bbox 3382 3706 3477 3761; x_wconf 67' lang='grc' dir='ltr'><strong>καλ⁵</strong></span> <span class='ocrx_word' id='word_1_583' title='bbox 3507 3725 3717 3778; x_wconf 75' lang='grc' dir='ltr'>προφη-</span> 
     </span>
    </p>
   </div>
   <div class='ocr_carea' id='block_1_82' title="bbox 2147 3789 3721 3868">
    <p class='ocr_par' dir='ltr' id='par_1_82' title="bbox 2147 3789 3721 3868">
     <span class='ocr_line' id='line_1_82' title="bbox 2147 3789 3721 3868; baseline 0.008 -28"><span class='ocrx_word' id='word_1_584' title='bbox 2147 3789 2256 3842; x_wconf 87' lang='grc' dir='ltr'><strong>τῶν</strong></span> <span class='ocrx_word' id='word_1_585' title='bbox 2281 3806 2297 3822; x_wconf 78' lang='grc' dir='ltr'><strong>ο</strong></span> <span class='ocrx_word' id='word_1_586' title='bbox 2330 3792 2495 3859; x_wconf 86' lang='grc' dir='ltr'>νόμον</span> <span class='ocrx_word' id='word_1_587' title='bbox 2527 3808 2584 3843; x_wconf 89' lang='grc' dir='ltr'><strong>τε</strong></span> <span class='ocrx_word' id='word_1_588' title='bbox 2614 3793 2880 3863; x_wconf 73' lang='grc' dir='ltr'>ἐπέστησε</span> <span class='ocrx_word' id='word_1_589' title='bbox 2906 3811 2920 3825; x_wconf 88' lang='grc'><strong>·</strong></span> <span class='ocrx_word' id='word_1_590' title='bbox 2959 3797 3165 3864; x_wconf 86' lang='grc' dir='ltr'>σημεῖα</span> <span class='ocrx_word' id='word_1_591' title='bbox 3196 3797 3492 3866; x_wconf 80' lang='grc' dir='ltr'>εἰργάσατο</span> <span class='ocrx_word' id='word_1_592' title='bbox 3515 3815 3530 3829; x_wconf 88' lang='grc'>·</span> <span class='ocrx_word' id='word_1_593' title='bbox 3561 3799 3721 3868; x_wconf 73' lang='grc' dir='ltr'>ἠπεί-</span> 
     </span>
    </p>
   </div>
   <div class='ocr_carea' id='block_1_83' title="bbox 2148 3883 3718 3959">
    <p class='ocr_par' dir='ltr' id='par_1_83' title="bbox 2148 3883 3718 3959">
     <span class='ocr_line' id='line_1_83' title="bbox 2148 3883 3718 3959; baseline 0.004 -23"><span class='ocrx_word' id='word_1_594' title='bbox 2148 3883 2311 3951; x_wconf 75' lang='grc' dir='ltr'>λησεν</span> <span class='ocrx_word' id='word_1_595' title='bbox 2343 3884 2747 3952; x_wconf 79' lang='grc' dir='ltr'>ἁμαρτάνουσιν</span> <span class='ocrx_word' id='word_1_596' title='bbox 2773 3901 2786 3917; x_wconf 76' lang='grc' dir='ltr'><strong><em>ο</em></strong></span> <span class='ocrx_word' id='word_1_597' title='bbox 2837 3886 3093 3938; x_wconf 76' lang='grc' dir='ltr'>ἐκόλασεν</span> <span class='ocrx_word' id='word_1_598' title='bbox 3113 3901 3128 3916; x_wconf 67' lang='grc' dir='ltr'>θ</span> <span class='ocrx_word' id='word_1_599' title='bbox 3174 3886 3546 3959; x_wconf 78' lang='grc' dir='ltr'>εὐηργέτησεν</span> <span class='ocrx_word' id='word_1_600' title='bbox 3577 3892 3718 3959; x_wconf 74' lang='grc' dir='ltr'>ἀγα-</span> 
     </span>
    </p>
   </div>
   <div class='ocr_carea' id='block_1_84' title="bbox 2151 3971 3717 4049">
    <p class='ocr_par' dir='ltr' id='par_1_84' title="bbox 2151 3971 3717 4049">
     <span class='ocr_line' id='line_1_84' title="bbox 2151 3971 3717 4049; baseline 0.006 -26"><span class='ocrx_word' id='word_1_601' title='bbox 2151 3971 2316 4047; x_wconf 55' lang='grc' dir='ltr'>θιήςο</span> <span class='ocrx_word' id='word_1_602' title='bbox 2348 3972 2520 4038; x_wconf 82' lang='grc' dir='ltr'>τέλος,</span> <span class='ocrx_word' id='word_1_603' title='bbox 2554 3973 2881 4045; x_wconf 77' lang='grc' dir='ltr'>αὐξηθείσης</span> <span class='ocrx_word' id='word_1_604' title='bbox 2934 3977 3033 4044; x_wconf 85' lang='grc' dir='ltr'><strong>τῆς</strong></span> <span class='ocrx_word' id='word_1_605' title='bbox 3086 3976 3305 4042; x_wconf 83' lang='grc' dir='ltr'>κακίας,</span> <span class='ocrx_word' id='word_1_606' title='bbox 3341 3974 3503 4049; x_wconf 80' lang='grc' dir='ltr'>ἦλθεν</span> <span class='ocrx_word' id='word_1_607' title='bbox 3555 3982 3717 4044; x_wconf 74' lang='grc' dir='ltr'>αὐτὸς</span> 
     </span>
    </p>
   </div>
   <div class='ocr_carea' id='block_1_85' title="bbox 2147 4063 3717 4142">
    <p class='ocr_par' dir='ltr' id='par_1_85' title="bbox 2147 4063 3717 4142">
     <span class='ocr_line' id='line_1_85' title="bbox 2147 4063 3717 4142; baseline 0.006 -25"><span class='ocrx_word' id='word_1_608' title='bbox 2147 4063 2217 4117; x_wconf 84' lang='grc' dir='ltr'>δι’</span> <span class='ocrx_word' id='word_1_609' title='bbox 2240 4064 2433 4117; x_wconf 78' lang='grc' dir='ltr'>ἑαυτοῦ</span> <span class='ocrx_word' id='word_1_610' title='bbox 2476 4067 2503 4118; x_wconf 85' lang='grc' dir='ltr'><em>ὁ</em></span> <span class='ocrx_word' id='word_1_611' title='bbox 2534 4064 2629 4118; x_wconf 80' lang='grc' dir='ltr'>τοῦ</span> <span class='ocrx_word' id='word_1_612' title='bbox 2664 4067 2799 4119; x_wconf 82' lang='grc' dir='ltr'>Θεοῦ</span> <span class='ocrx_word' id='word_1_613' title='bbox 2835 4068 3010 4136; x_wconf 87' lang='grc' dir='ltr'>Λόγος</span> <span class='ocrx_word' id='word_1_614' title='bbox 3038 4067 3103 4121; x_wconf 75' lang='grc' dir='ltr'>δι’</span> <span class='ocrx_word' id='word_1_615' title='bbox 3130 4069 3280 4139; x_wconf 75' lang='grc' dir='ltr'>ἡμᾶς</span> <span class='ocrx_word' id='word_1_616' title='bbox 3314 4072 3511 4141; x_wconf 77' lang='grc' dir='ltr'>μέχρις</span> <span class='ocrx_word' id='word_1_617' title='bbox 3538 4072 3717 4142; x_wconf 79' lang='grc' dir='ltr'>ἡμῶν.</span> 
     </span>
    </p>
   </div>
   <div class='ocr_carea' id='block_1_86' title="bbox 2147 4155 3723 4230">
    <p class='ocr_par' dir='ltr' id='par_1_86' title="bbox 2147 4155 3723 4230">
     <span class='ocr_line' id='line_1_86' title="bbox 2147 4155 3723 4230; baseline 0.007 -24"><span class='ocrx_word' id='word_1_618' title='bbox 2147 4155 2499 4225; x_wconf 78' lang='grc' dir='ltr'>Σεσὰρκωται</span> <span class='ocrx_word' id='word_1_619' title='bbox 2547 4157 2718 4225; x_wconf 85' lang='grc' dir='ltr'>άγίως</span> <span class='ocrx_word' id='word_1_620' title='bbox 2763 4160 2825 4212; x_wconf 81' lang='grc' dir='ltr'>ὲκ</span> <span class='ocrx_word' id='word_1_621' title='bbox 2851 4159 2951 4228; x_wconf 89' lang='grc' dir='ltr'><strong>τῆς</strong></span> <span class='ocrx_word' id='word_1_622' title='bbox 2987 4159 3293 4230; x_wconf 78' lang='grc' dir='ltr'>Παρθένου’</span> <span class='ocrx_word' id='word_1_623' title='bbox 3334 4163 3723 4217; x_wconf 81' lang='grc' dir='ltr'>πεπολίτευται</span> 
     </span>
    </p>
   </div>
   <div class='ocr_carea' id='block_1_87' title="bbox 2148 4246 3722 4323">
    <p class='ocr_par' dir='ltr' id='par_1_87' title="bbox 2148 4246 3722 4323">
     <span class='ocr_line' id='line_1_87' title="bbox 2148 4246 3722 4323; baseline 0.004 -23"><span class='ocrx_word' id='word_1_624' title='bbox 2148 4246 2346 4309; x_wconf 76' lang='grc' dir='ltr'>θείωςο</span> <span class='ocrx_word' id='word_1_625' title='bbox 2391 4249 2688 4319; x_wconf 78' lang='grc' dir='ltr'>εἰργάσατο</span> <span class='ocrx_word' id='word_1_626' title='bbox 2729 4250 3042 4319; x_wconf 79' lang='grc' dir='ltr'>θαυμαστὰ,</span> <span class='ocrx_word' id='word_1_627' title='bbox 3087 4252 3509 4323; x_wconf 86' lang='grc' dir='ltr'>νενομοθέτηκεν</span> <span class='ocrx_word' id='word_1_628' title='bbox 3560 4256 3722 4307; x_wconf 75' lang='grc' dir='ltr'>ἐπουο</span> 
     </span>
    </p>
   </div>
   <div class='ocr_carea' id='block_1_88' title="bbox 2151 4332 3723 4413">
    <p class='ocr_par' dir='ltr' id='par_1_88' title="bbox 2151 4332 3723 4413">
     <span class='ocr_line' id='line_1_88' title="bbox 2151 4332 3723 4413; baseline 0.002 -18"><span class='ocrx_word' id='word_1_629' title='bbox 2151 4340 2331 4409; x_wconf 87' lang='grc' dir='ltr'>ράνια,</span> <span class='ocrx_word' id='word_1_630' title='bbox 2367 4339 2639 4394; x_wconf 85' lang='grc' dir='ltr'>πέπονθεν</span> <span class='ocrx_word' id='word_1_631' title='bbox 2682 4332 2824 4410; x_wconf 67' lang='grc' dir='ltr'>ὑπὲρ</span> <span class='ocrx_word' id='word_1_632' title='bbox 2858 4342 3036 4413; x_wconf 79' lang='grc' dir='ltr'>ἡμῶν,</span> <span class='ocrx_word' id='word_1_633' title='bbox 3083 4343 3179 4396; x_wconf 74' lang='grc' dir='ltr'>καὶ</span> <span class='ocrx_word' id='word_1_634' title='bbox 3199 4343 3439 4407; x_wconf 77' lang='grc' dir='ltr'>ἀναστὰς</span> <span class='ocrx_word' id='word_1_635' title='bbox 3464 4346 3557 4397; x_wconf 79' lang='grc' dir='ltr'><strong>καὶ</strong></span> <span class='ocrx_word' id='word_1_636' title='bbox 3590 4345 3723 4398; x_wconf 77' lang='grc' dir='ltr'>ἀνα-</span> 
     </span>
    </p>
   </div>
   <div class='ocr_carea' id='block_1_89' title="bbox 475 4428 2047 4505">
    <p class='ocr_par' dir='ltr' id='par_1_89' title="bbox 475 4433 2041 4505">
     <span class='ocr_line' id='line_1_89' title="bbox 475 4433 2041 4505; baseline -0.002 -16"><span class='ocrx_word' id='word_1_637' title='bbox 475 4451 577 4505; x_wconf 79' lang='lat' dir='ltr'><strong>pro</strong></span> <span class='ocrx_word' id='word_1_638' title='bbox 608 4435 766 4490; x_wconf 86' lang='lat' dir='ltr'><strong>nobis</strong></span> <span class='ocrx_word' id='word_1_639' title='bbox 796 4449 985 4504; x_wconf 88' lang='lat' dir='ltr'><strong>passus</strong></span> <span class='ocrx_word' id='word_1_640' title='bbox 1017 4441 1119 4497; x_wconf 88' lang='lat' dir='ltr'><strong>est,</strong></span> <span class='ocrx_word' id='word_1_641' title='bbox 1153 4440 1207 4487; x_wconf 89' lang='lat' dir='ltr'><strong>et</strong></span> <span class='ocrx_word' id='word_1_642' title='bbox 1252 4442 1501 4488; x_wconf 87' lang='lat' dir='ltr'><strong>mortuus</strong></span> <span class='ocrx_word' id='word_1_643' title='bbox 1535 4433 1836 4487; x_wconf 64' lang='lat' dir='ltr'><strong>resurrexit</strong></span> <span class='ocrx_word' id='word_1_644' title='bbox 1881 4447 1935 4487; x_wconf 88' lang='lat' dir='ltr'><strong>et</strong></span> <span class='ocrx_word' id='word_1_645' title='bbox 1987 4433 2041 4486; x_wconf 90' lang='lat' dir='ltr'><strong>in</strong></span> 
     </span>
    </p>
   </div>
   <div class='ocr_carea' id='block_1_90' title="bbox 2150 4428 3710 4505">
    <p class='ocr_par' dir='ltr' id='par_1_90' title="bbox 2150 4431 3710 4503">
     <span class='ocr_line' id='line_1_90' title="bbox 2150 4431 3710 4503; baseline 0.003 -19"><span class='ocrx_word' id='word_1_646' title='bbox 2150 4431 2369 4502; x_wconf 69' lang='grc' dir='ltr'>ληφθεὶς</span> <span class='ocrx_word' id='word_1_647' title='bbox 2396 4432 2717 4501; x_wconf 70' lang='grc' dir='ltr'>ὲχαρίτωσε,</span> <span class='ocrx_word' id='word_1_648' title='bbox 2758 4432 2852 4485; x_wconf 79' lang='grc' dir='ltr'><strong>καὶ</strong></span> <span class='ocrx_word' id='word_1_649' title='bbox 2886 4433 3295 4502; x_wconf 78' lang='grc' dir='ltr'>ὲνεδυνάμωσεν</span> <span class='ocrx_word' id='word_1_650' title='bbox 3319 4435 3491 4503; x_wconf 76' lang='grc' dir='ltr'>ἡμᾶς,</span> <span class='ocrx_word' id='word_1_651' title='bbox 3524 4437 3710 4500; x_wconf 80' lang='grc' dir='ltr'>ἐξαπο-</span> 
     </span>
    </p>
   </div>
   <div class='ocr_carea' id='block_1_91' title="bbox 415 4524 2049 4596">
    <p class='ocr_par' dir='ltr' id='par_1_91' title="bbox 415 4524 2049 4596">
     <span class='ocr_line' id='line_1_91' title="bbox 415 4524 2049 4596; baseline -0.002 -14"><span class='ocrx_word' id='word_1_652' title='bbox 415 4558 420 4563; x_wconf 37' lang='grc'><em>“</em></span> <span class='ocrx_word' id='word_1_653' title='bbox 474 4528 645 4584; x_wconf 66' lang='lat' dir='ltr'><strong>caelos</strong></span> <span class='ocrx_word' id='word_1_654' title='bbox 669 4527 973 4582; x_wconf 71' lang='lat' dir='ltr'><strong>ascendens</strong></span> <span class='ocrx_word' id='word_1_655' title='bbox 1005 4525 1179 4595; x_wconf 73' lang='lat' dir='ltr'><strong>gratia</strong></span> <span class='ocrx_word' id='word_1_656' title='bbox 1220 4537 1275 4580; x_wconf 88' lang='lat' dir='ltr'><strong>et</strong></span> <span class='ocrx_word' id='word_1_657' title='bbox 1328 4524 1654 4579; x_wconf 85' lang='lat' dir='ltr'><strong>fortitudine</strong></span> <span class='ocrx_word' id='word_1_658' title='bbox 1688 4539 1788 4579; x_wconf 91' lang='lat' dir='ltr'><strong>nos</strong></span> <span class='ocrx_word' id='word_1_659' title='bbox 1819 4526 2049 4596; x_wconf 86' lang='lat' dir='ltr'><strong>replevit</strong></span> 
     </span>
    </p>
   </div>
   <div class='ocr_carea' id='block_1_92' title="bbox 476 4617 2050 4687">
    <p class='ocr_par' dir='ltr' id='par_1_92' title="bbox 476 4617 2050 4687">
     <span class='ocr_line' id='line_1_92' title="bbox 476 4617 2050 4687; baseline -0.003 -11"><span class='ocrx_word' id='word_1_660' title='bbox 476 4621 533 4676; x_wconf 85' lang='lat' dir='ltr'><strong>in</strong></span> <span class='ocrx_word' id='word_1_661' title='bbox 565 4635 668 4675; x_wconf 87' lang='lat' dir='ltr'><strong>nos</strong></span> <span class='ocrx_word' id='word_1_662' title='bbox 697 4619 992 4676; x_wconf 83' lang='lat' dir='ltr'><strong>detnittens</strong></span> <span class='ocrx_word' id='word_1_663' title='bbox 1030 4627 1060 4672; x_wconf 84' lang='lat' dir='ltr'><strong>e</strong></span> <span class='ocrx_word' id='word_1_664' title='bbox 1091 4618 1231 4672; x_wconf 60' lang='lat' dir='ltr'><strong>«(elo</strong></span> <span class='ocrx_word' id='word_1_665' title='bbox 1272 4618 1412 4671; x_wconf 87' lang='lat' dir='ltr'><strong>dona</strong></span> <span class='ocrx_word' id='word_1_666' title='bbox 1442 4617 1681 4684; x_wconf 85' lang='lat' dir='ltr'><strong>Spiritus</strong></span> <span class='ocrx_word' id='word_1_667' title='bbox 1710 4620 1908 4678; x_wconf 84' lang='lat' dir='ltr'><strong>sancti.</strong></span> <span class='ocrx_word' id='word_1_668' title='bbox 1953 4632 2050 4687; x_wconf 81' lang='lat' dir='ltr'><strong>per</strong></span> 
     </span>
    </p>
   </div>
   <div class='ocr_carea' id='block_1_93' title="bbox 475 4711 2048 4780">
    <p class='ocr_par' dir='ltr' id='par_1_93' title="bbox 475 4711 2048 4780">
     <span class='ocr_line' id='line_1_93' title="bbox 475 4711 2048 4780; baseline 0 -17"><span class='ocrx_word' id='word_1_669' title='bbox 475 4726 640 4780; x_wconf 82' lang='lat' dir='ltr'><strong>quem</strong></span> <span class='ocrx_word' id='word_1_670' title='bbox 682 4722 905 4766; x_wconf 80' lang='lat' dir='ltr'><strong>sanctos</strong></span> <span class='ocrx_word' id='word_1_671' title='bbox 937 4722 1069 4763; x_wconf 81' lang='lat' dir='ltr'><strong>suos</strong></span> <span class='ocrx_word' id='word_1_672' title='bbox 1099 4711 1444 4763; x_wconf 78' lang='lat' dir='ltr'><strong>consecravit</strong></span> <span class='ocrx_word' id='word_1_673' title='bbox 1476 4723 1772 4778; x_wconf 72' lang='lat' dir='ltr'><strong>przecones,</strong></span> <span class='ocrx_word' id='word_1_674' title='bbox 1800 4717 2048 4778; x_wconf 77' lang='lat' dir='ltr'><strong>potentes</strong></span> 
     </span>
    </p>
   </div>
   <div class='ocr_carea' id='block_1_94' title="bbox 369 4800 2048 4880">
    <p class='ocr_par' dir='ltr' id='par_1_94' title="bbox 369 4800 2048 4880">
     <span class='ocr_line' id='line_1_94' title="bbox 369 4800 2048 4880; baseline -0.001 -24"><span class='ocrx_word' id='word_1_675' title='bbox 369 4861 388 4880; x_wconf 49' lang='lat'><strong><em>&#39;</em></strong></span> <span class='ocrx_word' id='word_1_676' title='bbox 478 4817 645 4871; x_wconf 77' lang='lat' dir='ltr'><strong>Opere</strong></span> <span class='ocrx_word' id='word_1_677' title='bbox 681 4810 737 4856; x_wconf 84' lang='lat' dir='ltr'><strong>et</strong></span> <span class='ocrx_word' id='word_1_678' title='bbox 770 4802 934 4857; x_wconf 89' lang='lat' dir='ltr'><strong>verbo</strong></span> <span class='ocrx_word' id='word_1_679' title='bbox 957 4840 972 4866; x_wconf 95' lang='lat'><strong>,</strong></span> <span class='ocrx_word' id='word_1_680' title='bbox 1003 4800 1093 4871; x_wconf 91' lang='lat' dir='ltr'><strong>qui</strong></span> <span class='ocrx_word' id='word_1_681' title='bbox 1123 4812 1175 4854; x_wconf 89' lang='lat' dir='ltr'><strong>ct</strong></span> <span class='ocrx_word' id='word_1_682' title='bbox 1203 4802 1404 4855; x_wconf 88' lang='lat' dir='ltr'><strong>nomen</strong></span> <span class='ocrx_word' id='word_1_683' title='bbox 1433 4801 1554 4871; x_wconf 89' lang='lat' dir='ltr'><strong>ejus</strong></span> <span class='ocrx_word' id='word_1_684' title='bbox 1575 4810 1630 4856; x_wconf 89' lang='lat' dir='ltr'><strong>et</strong></span> <span class='ocrx_word' id='word_1_685' title='bbox 1657 4801 1962 4856; x_wconf 88' lang='lat' dir='ltr'><strong>doctrinam</strong></span> <span class='ocrx_word' id='word_1_686' title='bbox 1991 4800 2048 4854; x_wconf 90' lang='lat' dir='ltr'><strong>in</strong></span> 
     </span>
    </p>
   </div>
   <div class='ocr_carea' id='block_1_95' title="bbox 477 4893 2045 4965">
    <p class='ocr_par' dir='ltr' id='par_1_95' title="bbox 477 4893 2045 4965">
     <span class='ocr_line' id='line_1_95' title="bbox 477 4893 2045 4965; baseline -0.002 -16"><span class='ocrx_word' id='word_1_687' title='bbox 477 4904 594 4949; x_wconf 78' lang='lat' dir='ltr'><strong>tom</strong></span> <span class='ocrx_word' id='word_1_688' title='bbox 638 4893 770 4946; x_wconf 86' lang='lat' dir='ltr'><strong>orbe</strong></span> <span class='ocrx_word' id='word_1_689' title='bbox 824 4904 1093 4947; x_wconf 87' lang='lat' dir='ltr'><strong>terrarum</strong></span> <span class='ocrx_word' id='word_1_690' title='bbox 1141 4904 1481 4965; x_wconf 79' lang='lat' dir='ltr'><strong>spargerent.</strong></span> <span class='ocrx_word' id='word_1_691' title='bbox 1522 4895 1678 4949; x_wconf 88' lang='lat' dir='ltr'><strong>Unde</strong></span> <span class='ocrx_word' id='word_1_692' title='bbox 1719 4894 1919 4963; x_wconf 88' lang='lat' dir='ltr'><strong>ubique</strong></span> <span class='ocrx_word' id='word_1_693' title='bbox 1950 4908 2045 4963; x_wconf 86' lang='lat' dir='ltr'><strong>ap-</strong></span> 
     </span>
    </p>
   </div>
   <div class='ocr_carea' id='block_1_96' title="bbox 478 4984 2048 5055">
    <p class='ocr_par' dir='ltr' id='par_1_96' title="bbox 478 4984 2048 5055">
     <span class='ocr_line' id='line_1_96' title="bbox 478 4984 2048 5055; baseline 0.003 -21"><span class='ocrx_word' id='word_1_694' title='bbox 478 4991 779 5053; x_wconf 82' lang='lat' dir='ltr'><strong>paruerunt</strong></span> <span class='ocrx_word' id='word_1_695' title='bbox 800 4984 1144 5035; x_wconf 84' lang='lat' dir='ltr'><strong>sacerdotum</strong></span> <span class='ocrx_word' id='word_1_696' title='bbox 1176 4987 1379 5052; x_wconf 86' lang='lat' dir='ltr'><strong>populi,</strong></span> <span class='ocrx_word' id='word_1_697' title='bbox 1405 4995 1702 5055; x_wconf 87' lang='lat' dir='ltr'><strong>martyrum</strong></span> <span class='ocrx_word' id='word_1_698' title='bbox 1731 4986 1903 5049; x_wconf 84' lang='lat' dir='ltr'><strong>chori,</strong></span> <span class='ocrx_word' id='word_1_699' title='bbox 1934 4998 2048 5038; x_wconf 86' lang='lat' dir='ltr'><strong>mo-</strong></span> 
     </span>
    </p>
   </div>
   <div class='ocr_carea' id='block_1_97' title="bbox 478 5072 2046 5143">
    <p class='ocr_par' dir='ltr' id='par_1_97' title="bbox 478 5072 2046 5143">
     <span class='ocr_line' id='line_1_97' title="bbox 478 5072 2046 5143; baseline 0.001 -15"><span class='ocrx_word' id='word_1_700' title='bbox 478 5075 777 5133; x_wconf 81' lang='lat' dir='ltr'><strong>nachorum</strong></span> <span class='ocrx_word' id='word_1_701' title='bbox 807 5080 861 5125; x_wconf 89' lang='lat' dir='ltr'><strong>et</strong></span> <span class='ocrx_word' id='word_1_702' title='bbox 895 5072 1164 5141; x_wconf 76' lang='lat' dir='ltr'><strong>virginum</strong></span> <span class='ocrx_word' id='word_1_703' title='bbox 1197 5077 1435 5143; x_wconf 83' lang='lat' dir='ltr'><strong>agmina,</strong></span> <span class='ocrx_word' id='word_1_704' title='bbox 1464 5084 1519 5129; x_wconf 87' lang='lat' dir='ltr'><strong>et</strong></span> <span class='ocrx_word' id='word_1_705' title='bbox 1553 5076 1891 5130; x_wconf 83' lang='lat' dir='ltr'><strong>credentium</strong></span> <span class='ocrx_word' id='word_1_706' title='bbox 1928 5090 2046 5130; x_wconf 91' lang='lat' dir='ltr'><strong>om-</strong></span> 
     </span>
    </p>
   </div>
   <div class='ocr_carea' id='block_1_98' title="bbox 479 5165 2045 5237">
    <p class='ocr_par' dir='ltr' id='par_1_98' title="bbox 479 5165 2045 5237">
     <span class='ocr_line' id='line_1_98' title="bbox 479 5165 2045 5237; baseline -0.001 -13"><span class='ocrx_word' id='word_1_707' title='bbox 479 5168 630 5224; x_wconf 88' lang='lat' dir='ltr'><strong>nium</strong></span> <span class='ocrx_word' id='word_1_708' title='bbox 672 5167 951 5220; x_wconf 75' lang='lat' dir='ltr'><strong>immensa:</strong></span> <span class='ocrx_word' id='word_1_709' title='bbox 975 5165 1377 5230; x_wconf 86' lang='lat' dir='ltr'><strong>multitudines,</strong></span> <span class='ocrx_word' id='word_1_710' title='bbox 1405 5183 1468 5221; x_wconf 85' lang='lat' dir='ltr'><strong>ex</strong></span> <span class='ocrx_word' id='word_1_711' title='bbox 1504 5168 1758 5221; x_wconf 89' lang='lat' dir='ltr'><strong>omnibus</strong></span> <span class='ocrx_word' id='word_1_712' title='bbox 1788 5167 2045 5237; x_wconf 77' lang='lat' dir='ltr'><strong>gentibus</strong></span> 
     </span>
    </p>
   </div>
   <div class='ocr_carea' id='block_1_99' title="bbox 475 5256 2045 5326">
    <p class='ocr_par' dir='ltr' id='par_1_99' title="bbox 475 5256 2045 5326">
     <span class='ocr_line' id='line_1_99' title="bbox 475 5256 2045 5326; baseline 0.002 -16"><span class='ocrx_word' id='word_1_713' title='bbox 475 5263 832 5325; x_wconf 65' lang='lat' dir='ltr'><strong>congregatae,</strong></span> <span class='ocrx_word' id='word_1_714' title='bbox 855 5256 1059 5324; x_wconf 85' lang='lat' dir='ltr'><strong>absque</strong></span> <span class='ocrx_word' id='word_1_715' title='bbox 1086 5256 1314 5326; x_wconf 77' lang='lat' dir='ltr'><strong>imperio</strong></span> <span class='ocrx_word' id='word_1_716' title='bbox 1335 5266 1385 5311; x_wconf 88' lang='lat' dir='ltr'><strong>et</strong></span> <span class='ocrx_word' id='word_1_717' title='bbox 1411 5258 1697 5323; x_wconf 89' lang='lat' dir='ltr'><strong>violentia,</strong></span> <span class='ocrx_word' id='word_1_718' title='bbox 1723 5262 1817 5313; x_wconf 81' lang='lat' dir='ltr'><strong>sed</strong></span> <span class='ocrx_word' id='word_1_719' title='bbox 1848 5260 1902 5313; x_wconf 86' lang='lat' dir='ltr'><strong>in</strong></span> <span class='ocrx_word' id='word_1_720' title='bbox 1926 5260 2045 5313; x_wconf 90' lang='lat' dir='ltr'><strong>solo</strong></span> 
     </span>
    </p>
   </div>
   <div class='ocr_carea' id='block_1_100' title="bbox 475 5344 2049 5418">
    <p class='ocr_par' dir='ltr' id='par_1_100' title="bbox 475 5344 2049 5418">
     <span class='ocr_line' id='line_1_100' title="bbox 475 5344 2049 5418; baseline 0.001 -15"><span class='ocrx_word' id='word_1_721' title='bbox 475 5344 572 5403; x_wconf 81' lang='lat' dir='ltr'><strong>Dei</strong></span> <span class='ocrx_word' id='word_1_722' title='bbox 605 5347 768 5402; x_wconf 83' lang='lat' dir='ltr'><strong>verbo</strong></span> <span class='ocrx_word' id='word_1_723' title='bbox 796 5357 851 5402; x_wconf 85' lang='lat' dir='ltr'><strong>et</strong></span> <span class='ocrx_word' id='word_1_724' title='bbox 874 5349 1112 5416; x_wconf 87' lang='lat' dir='ltr'><strong>virtute;</strong></span> <span class='ocrx_word' id='word_1_725' title='bbox 1146 5355 1202 5403; x_wconf 87' lang='lat' dir='ltr'><strong>et</strong></span> <span class='ocrx_word' id='word_1_726' title='bbox 1249 5362 1280 5402; x_wconf 81' lang='grc' dir='ltr'><strong>ιι</strong></span> <span class='ocrx_word' id='word_1_727' title='bbox 1323 5349 1689 5418; x_wconf 85' lang='lat' dir='ltr'><strong>piscatoribus</strong></span> <span class='ocrx_word' id='word_1_728' title='bbox 1714 5352 1865 5406; x_wconf 88' lang='lat' dir='ltr'><strong>orbis</strong></span> <span class='ocrx_word' id='word_1_729' title='bbox 1900 5351 2049 5407; x_wconf 86' lang='lat' dir='ltr'><strong>salu-</strong></span> 
     </span>
    </p>
   </div>
   <div class='ocr_carea' id='block_1_101' title="bbox 479 5437 2045 5510">
    <p class='ocr_par' dir='ltr' id='par_1_101' title="bbox 479 5437 2045 5510">
     <span class='ocr_line' id='line_1_101' title="bbox 479 5437 2045 5510; baseline 0.005 -19"><span class='ocrx_word' id='word_1_730' title='bbox 479 5437 686 5492; x_wconf 84' lang='lat' dir='ltr'><strong>taribus</strong></span> <span class='ocrx_word' id='word_1_731' title='bbox 726 5439 934 5494; x_wconf 87' lang='lat' dir='ltr'><strong>retibus</strong></span> <span class='ocrx_word' id='word_1_732' title='bbox 967 5448 1160 5510; x_wconf 82' lang='lat' dir='ltr'><strong>captus</strong></span> <span class='ocrx_word' id='word_1_733' title='bbox 1187 5450 1304 5505; x_wconf 87' lang='lat' dir='ltr'><strong>est;</strong></span> <span class='ocrx_word' id='word_1_734' title='bbox 1360 5442 1429 5494; x_wconf 64' lang='grc' dir='ltr'><strong>ει</strong></span> <span class='ocrx_word' id='word_1_735' title='bbox 1462 5441 1616 5494; x_wconf 89' lang='lat' dir='ltr'><strong>multi</strong></span> <span class='ocrx_word' id='word_1_736' title='bbox 1649 5457 1713 5496; x_wconf 75' lang='lat' dir='ltr'><strong>ex</strong></span> <span class='ocrx_word' id='word_1_737' title='bbox 1763 5442 2045 5499; x_wconf 71' lang='lat' dir='ltr'><strong>conversis</strong></span> 
     </span>
    </p>
   </div>
   <div class='ocr_carea' id='block_1_102' title="bbox 474 5523 2046 5601">
    <p class='ocr_par' dir='ltr' id='par_1_102' title="bbox 474 5523 2046 5601">
     <span class='ocr_line' id='line_1_102' title="bbox 474 5523 2046 5601; baseline 0.008 -27"><span class='ocrx_word' id='word_1_738' title='bbox 474 5523 674 5577; x_wconf 83' lang='lat' dir='ltr'><strong>elevati</strong></span> <span class='ocrx_word' id='word_1_739' title='bbox 725 5534 875 5594; x_wconf 89' lang='lat' dir='ltr'><strong>sunt,</strong></span> <span class='ocrx_word' id='word_1_740' title='bbox 926 5528 1018 5597; x_wconf 90' lang='lat' dir='ltr'><strong>qui</strong></span> <span class='ocrx_word' id='word_1_741' title='bbox 1053 5529 1210 5595; x_wconf 80' lang='lat' dir='ltr'><strong>juxta</strong></span> <span class='ocrx_word' id='word_1_742' title='bbox 1246 5531 1522 5600; x_wconf 80' lang='lat' dir='ltr'><strong>apostolos</strong></span> <span class='ocrx_word' id='word_1_743' title='bbox 1551 5531 1720 5601; x_wconf 78' lang='lat' dir='ltr'><strong>signis</strong></span> <span class='ocrx_word' id='word_1_744' title='bbox 1744 5540 1799 5586; x_wconf 90' lang='lat' dir='ltr'><strong>et</strong></span> <span class='ocrx_word' id='word_1_745' title='bbox 1832 5533 2046 5586; x_wconf 86' lang='lat' dir='ltr'><strong>virtuti-</strong></span> 
     </span>
    </p>
   </div>
   <div class='ocr_carea' id='block_1_103' title="bbox 476 5612 2043 5693">
    <p class='ocr_par' dir='ltr' id='par_1_103' title="bbox 476 5612 2043 5693">
     <span class='ocr_line' id='line_1_103' title="bbox 476 5612 2043 5693; baseline 0.007 -26"><span class='ocrx_word' id='word_1_746' title='bbox 476 5612 580 5668; x_wconf 80' lang='lat' dir='ltr'><strong>bus</strong></span> <span class='ocrx_word' id='word_1_747' title='bbox 606 5616 805 5683; x_wconf 85' lang='lat' dir='ltr'><strong>pariter</strong></span> <span class='ocrx_word' id='word_1_748' title='bbox 831 5620 1240 5688; x_wconf 88' lang='lat' dir='ltr'><strong>splenduerunt.</strong></span> <span class='ocrx_word' id='word_1_749' title='bbox 1295 5619 1491 5677; x_wconf 76' lang='lat' dir='ltr'><strong>Datum</strong></span> <span class='ocrx_word' id='word_1_750' title='bbox 1541 5632 1624 5677; x_wconf 83' lang='lat' dir='ltr'><strong>est</strong></span> <span class='ocrx_word' id='word_1_751' title='bbox 1654 5622 1887 5693; x_wconf 85' lang='lat' dir='ltr'><strong>denique</strong></span> <span class='ocrx_word' id='word_1_752' title='bbox 1912 5622 2043 5678; x_wconf 89' lang='lat' dir='ltr'><strong>illud</strong></span> 
     </span>
    </p>
   </div>
   <div class='ocr_carea' id='block_1_104' title="bbox 479 5704 2044 5781">
    <p class='ocr_par' dir='ltr' id='par_1_104' title="bbox 479 5704 2044 5781">
     <span class='ocr_line' id='line_1_104' title="bbox 479 5704 2044 5781; baseline 0.009 -25"><span class='ocrx_word' id='word_1_753' title='bbox 479 5704 931 5771; x_wconf 76' lang='lat' dir='ltr'><strong>perfectissimum</strong></span> <span class='ocrx_word' id='word_1_754' title='bbox 963 5711 1288 5781; x_wconf 67' lang='lat' dir='ltr'><strong>poenitentiae</strong></span> <span class='ocrx_word' id='word_1_755' title='bbox 1316 5728 1534 5777; x_wconf 89' lang='lat' dir='ltr'><strong>munus,</strong></span> <span class='ocrx_word' id='word_1_756' title='bbox 1585 5727 1797 5770; x_wconf 82' lang='lat' dir='ltr'><strong>onmem</strong></span> <span class='ocrx_word' id='word_1_757' title='bbox 1839 5729 2044 5770; x_wconf 88' lang='lat' dir='ltr'><strong>sermo-</strong></span> 
     </span>
    </p>
   </div>
   <div class='ocr_carea' id='block_1_105' title="bbox 2153 4524 3715 4597">
    <p class='ocr_par' dir='ltr' id='par_1_105' title="bbox 2153 4524 3715 4597">
     <span class='ocr_line' id='line_1_105' title="bbox 2153 4524 3715 4597; baseline 0.003 -21"><span class='ocrx_word' id='word_1_758' title='bbox 2153 4524 2365 4583; x_wconf 74' lang='grc' dir='ltr'>στείλας</span> <span class='ocrx_word' id='word_1_759' title='bbox 2398 4527 2528 4593; x_wconf 79' lang='grc' dir='ltr'>ἡμῖν</span> <span class='ocrx_word' id='word_1_760' title='bbox 2574 4525 2630 4588; x_wconf 80' lang='grc' dir='ltr'>ἐξ</span> <span class='ocrx_word' id='word_1_761' title='bbox 2655 4524 2886 4594; x_wconf 80' lang='grc' dir='ltr'>οὐρανοῦ</span> <span class='ocrx_word' id='word_1_762' title='bbox 2930 4526 3029 4594; x_wconf 83' lang='grc' dir='ltr'>τὴν</span> <span class='ocrx_word' id='word_1_763' title='bbox 3057 4526 3215 4594; x_wconf 84' lang='grc' dir='ltr'>χάριν</span> <span class='ocrx_word' id='word_1_764' title='bbox 3243 4525 3337 4578; x_wconf 80' lang='grc' dir='ltr'>τοῦ</span> <span class='ocrx_word' id='word_1_765' title='bbox 3374 4527 3715 4597; x_wconf 69' lang='grc' dir='ltr'>Πνεῦματος,</span> 
     </span>
    </p>
   </div>
   <div class='ocr_carea' id='block_1_106' title="bbox 2149 4612 3717 4689">
    <p class='ocr_par' dir='ltr' id='par_1_106' title="bbox 2149 4612 3717 4689">
     <span class='ocr_line' id='line_1_106' title="bbox 2149 4612 3717 4689; baseline 0.002 -22"><span class='ocrx_word' id='word_1_766' title='bbox 2149 4614 2219 4667; x_wconf 81' lang='grc' dir='ltr'>δι’</span> <span class='ocrx_word' id='word_1_767' title='bbox 2246 4612 2312 4687; x_wconf 85' lang='grc' dir='ltr'>ἧς</span> <span class='ocrx_word' id='word_1_768' title='bbox 2343 4616 2577 4681; x_wconf 77' lang='grc' dir='ltr'>ἀνέδειξε</span> <span class='ocrx_word' id='word_1_769' title='bbox 2616 4616 2866 4687; x_wconf 85' lang='grc' dir='ltr'>κήρυκας</span> <span class='ocrx_word' id='word_1_770' title='bbox 2900 4615 3083 4678; x_wconf 84' lang='grc' dir='ltr'>θείους</span> <span class='ocrx_word' id='word_1_771' title='bbox 3122 4614 3344 4681; x_wconf 83' lang='grc' dir='ltr'>ἑαυτοῦ,</span> <span class='ocrx_word' id='word_1_772' title='bbox 3370 4617 3632 4689; x_wconf 79' lang='grc' dir='ltr'>δυνατοὺς</span> <span class='ocrx_word' id='word_1_773' title='bbox 3659 4622 3717 4672; x_wconf 75' lang='grc' dir='ltr'>ἐν</span> 
     </span>
    </p>
   </div>
   <div class='ocr_carea' id='block_1_107' title="bbox 2150 4703 3718 4778">
    <p class='ocr_par' dir='ltr' id='par_1_107' title="bbox 2150 4703 3718 4778">
     <span class='ocr_line' id='line_1_107' title="bbox 2150 4703 3718 4778; baseline 0.004 -22"><span class='ocrx_word' id='word_1_774' title='bbox 2150 4703 2298 4775; x_wconf 79' lang='grc' dir='ltr'>ἔργῳ</span> <span class='ocrx_word' id='word_1_775' title='bbox 2320 4706 2414 4758; x_wconf 71' lang='grc' dir='ltr'><strong>καὶ</strong></span> <span class='ocrx_word' id='word_1_776' title='bbox 2440 4707 2582 4777; x_wconf 78' lang='grc' dir='ltr'>λόγῳ</span> <span class='ocrx_word' id='word_1_777' title='bbox 2601 4721 2614 4735; x_wconf 89' lang='grc'><strong>·</strong></span> <span class='ocrx_word' id='word_1_778' title='bbox 2645 4709 2709 4776; x_wconf 78' lang='grc' dir='ltr'>τῇ</span> <span class='ocrx_word' id='word_1_779' title='bbox 2735 4705 3209 4778; x_wconf 68' lang='grc' dir='ltr'>οίκουμένῃπάσῃ</span> <span class='ocrx_word' id='word_1_780' title='bbox 3234 4706 3329 4778; x_wconf 84' lang='grc' dir='ltr'>τὴν</span> <span class='ocrx_word' id='word_1_781' title='bbox 3354 4708 3550 4762; x_wconf 75' lang='grc' dir='ltr'>ἑαυτοῦ</span> <span class='ocrx_word' id='word_1_782' title='bbox 3579 4712 3718 4776; x_wconf 83' lang='grc' dir='ltr'>γνῶ-</span> 
     </span>
    </p>
   </div>
   <div class='ocr_carea' id='block_1_108' title="bbox 2152 4796 3718 4871">
    <p class='ocr_par' dir='ltr' id='par_1_108' title="bbox 2152 4796 3718 4871">
     <span class='ocr_line' id='line_1_108' title="bbox 2152 4796 3718 4871; baseline 0.003 -20"><span class='ocrx_word' id='word_1_783' title='bbox 2152 4814 2238 4852; x_wconf 85' lang='grc' dir='ltr'><strong>σιν</strong></span> <span class='ocrx_word' id='word_1_784' title='bbox 2272 4798 2605 4869; x_wconf 79' lang='grc' dir='ltr'>ὲξήπλωσεν.</span> <span class='ocrx_word' id='word_1_785' title='bbox 2637 4797 2800 4850; x_wconf 84' lang='grc' dir='ltr'>Ὅθεν</span> <span class='ocrx_word' id='word_1_786' title='bbox 2840 4799 3033 4867; x_wconf 80' lang='grc' dir='ltr'>ἱερέων</span> <span class='ocrx_word' id='word_1_787' title='bbox 3060 4796 3319 4868; x_wconf 78' lang='grc' dir='ltr'>ὤφθησαν</span> <span class='ocrx_word' id='word_1_788' title='bbox 3347 4797 3533 4871; x_wconf 83' lang='grc' dir='ltr'>δῆμοι,</span> <span class='ocrx_word' id='word_1_789' title='bbox 3573 4818 3718 4869; x_wconf 75' lang='grc' dir='ltr'>μαρο</span> 
     </span>
    </p>
   </div>
   <div class='ocr_carea' id='block_1_109' title="bbox 2148 4888 3715 4961">
    <p class='ocr_par' dir='ltr' id='par_1_109' title="bbox 2148 4888 3715 4961">
     <span class='ocr_line' id='line_1_109' title="bbox 2148 4888 3715 4961; baseline 0.003 -19"><span class='ocrx_word' id='word_1_790' title='bbox 2148 4890 2330 4957; x_wconf 87' lang='grc' dir='ltr'>τύρων</span> <span class='ocrx_word' id='word_1_791' title='bbox 2357 4888 2528 4959; x_wconf 76' lang='grc' dir='ltr'>χοροὶ,</span> <span class='ocrx_word' id='word_1_792' title='bbox 2553 4888 2808 4955; x_wconf 83' lang='grc' dir='ltr'>ἀσκητῶν</span> <span class='ocrx_word' id='word_1_793' title='bbox 2835 4890 2928 4942; x_wconf 80' lang='grc' dir='ltr'><strong>καὶ</strong></span> <span class='ocrx_word' id='word_1_794' title='bbox 2953 4888 3238 4958; x_wconf 86' lang='grc' dir='ltr'>παρθένων</span> <span class='ocrx_word' id='word_1_795' title='bbox 3264 4888 3468 4961; x_wconf 81' lang='grc' dir='ltr'>πλήθη,</span> <span class='ocrx_word' id='word_1_796' title='bbox 3491 4894 3584 4944; x_wconf 72' lang='grc' dir='ltr'><strong>καὶ</strong></span> <span class='ocrx_word' id='word_1_797' title='bbox 3605 4893 3715 4947; x_wconf 84' lang='grc' dir='ltr'><strong>τῶν</strong></span> 
     </span>
    </p>
   </div>
   <div class='ocr_carea' id='block_1_110' title="bbox 2150 4981 3715 5053">
    <p class='ocr_par' dir='ltr' id='par_1_110' title="bbox 2150 4981 3715 5053">
     <span class='ocr_line' id='line_1_110' title="bbox 2150 4981 3715 5053; baseline 0.001 -18"><span class='ocrx_word' id='word_1_798' title='bbox 2150 4981 2595 5036; x_wconf 78' lang='grc' dir='ltr'>πεπιστευκότων</span> <span class='ocrx_word' id='word_1_799' title='bbox 2643 4981 2896 5035; x_wconf 77' lang='grc' dir='ltr'>ἁπάντων</span> <span class='ocrx_word' id='word_1_800' title='bbox 2935 4981 2999 5034; x_wconf 72' lang='grc' dir='ltr'><strong>τὸ</strong></span> <span class='ocrx_word' id='word_1_801' title='bbox 3031 4981 3401 5053; x_wconf 86' lang='grc' dir='ltr'>ἀναρίθμητον</span> <span class='ocrx_word' id='word_1_802' title='bbox 3438 4982 3715 5051; x_wconf 74' lang='grc' dir='ltr'>σύστημα,</span> 
     </span>
    </p>
   </div>
   <div class='ocr_carea' id='block_1_111' title="bbox 2149 5073 3714 5146">
    <p class='ocr_par' dir='ltr' id='par_1_111' title="bbox 2149 5073 3714 5146">
     <span class='ocr_line' id='line_1_111' title="bbox 2149 5073 3714 5146; baseline 0.001 -18"><span class='ocrx_word' id='word_1_803' title='bbox 2149 5077 2212 5128; x_wconf 77' lang='grc' dir='ltr'>ἐκ</span> <span class='ocrx_word' id='word_1_804' title='bbox 2242 5076 2460 5129; x_wconf 80' lang='grc' dir='ltr'>πάντων</span> <span class='ocrx_word' id='word_1_805' title='bbox 2496 5074 2996 5145; x_wconf 79' lang='grc' dir='ltr'>συναθροισθέντων</span> <span class='ocrx_word' id='word_1_806' title='bbox 3037 5073 3229 5138; x_wconf 72' lang='grc' dir='ltr'>ἐθνῶν,</span> <span class='ocrx_word' id='word_1_807' title='bbox 3261 5074 3575 5146; x_wconf 82' lang='grc' dir='ltr'>τυραννίδος</span> <span class='ocrx_word' id='word_1_808' title='bbox 3603 5094 3714 5145; x_wconf 86' lang='grc' dir='ltr'><strong>χω-</strong></span> 
     </span>
    </p>
   </div>
   <div class='ocr_carea' id='block_1_112' title="bbox 2150 5165 3712 5236">
    <p class='ocr_par' dir='ltr' id='par_1_112' title="bbox 2150 5165 3712 5236">
     <span class='ocr_line' id='line_1_112' title="bbox 2150 5165 3712 5236; baseline -0.002 -16"><span class='ocrx_word' id='word_1_809' title='bbox 2150 5170 2234 5235; x_wconf 74' lang='grc' dir='ltr'>ρὶς</span> <span class='ocrx_word' id='word_1_810' title='bbox 2269 5169 2326 5220; x_wconf 80' lang='grc' dir='ltr'>ὲν</span> <span class='ocrx_word' id='word_1_811' title='bbox 2348 5167 2494 5235; x_wconf 86' lang='grc' dir='ltr'>λόγῳ</span> <span class='ocrx_word' id='word_1_812' title='bbox 2526 5169 2672 5236; x_wconf 81' lang='grc' dir='ltr'>μόνῳ</span> <span class='ocrx_word' id='word_1_813' title='bbox 2696 5165 2830 5219; x_wconf 84' lang='grc' dir='ltr'>Θεοῦ</span> <span class='ocrx_word' id='word_1_814' title='bbox 2864 5166 2960 5219; x_wconf 82' lang='grc' dir='ltr'>καὶ</span> <span class='ocrx_word' id='word_1_815' title='bbox 2993 5165 3164 5227; x_wconf 77' lang='grc' dir='ltr'>θείαις</span> <span class='ocrx_word' id='word_1_816' title='bbox 3191 5166 3453 5235; x_wconf 84' lang='grc' dir='ltr'>δυνάμεσι</span> <span class='ocrx_word' id='word_1_817' title='bbox 3476 5182 3491 5197; x_wconf 63' lang='grc' dir='ltr'>θ</span> <span class='ocrx_word' id='word_1_818' title='bbox 3521 5168 3613 5218; x_wconf 76' lang='grc' dir='ltr'>καὶ</span> <span class='ocrx_word' id='word_1_819' title='bbox 3644 5166 3712 5218; x_wconf 81' lang='grc' dir='ltr'>δι’</span> 
     </span>
    </p>
   </div>
   <div class='ocr_carea' id='block_1_113' title="bbox 2146 5256 3712 5327">
    <p class='ocr_par' dir='ltr' id='par_1_113' title="bbox 2146 5256 3712 5327">
     <span class='ocr_line' id='line_1_113' title="bbox 2146 5256 3712 5327; baseline -0.001 -17"><span class='ocrx_word' id='word_1_820' title='bbox 2146 5256 2344 5311; x_wconf 85' lang='grc' dir='ltr'>ἀλιέων</span> <span class='ocrx_word' id='word_1_821' title='bbox 2390 5259 2423 5324; x_wconf 84' lang='grc' dir='ltr'><strong>ἡ</strong></span> <span class='ocrx_word' id='word_1_822' title='bbox 2463 5256 2757 5327; x_wconf 71' lang='grc' dir='ltr'>οἰκουμένη</span> <span class='ocrx_word' id='word_1_823' title='bbox 2803 5257 3169 5327; x_wconf 82' lang='grc' dir='ltr'>ὲσαγηνεύθη,</span> <span class='ocrx_word' id='word_1_824' title='bbox 3220 5256 3317 5311; x_wconf 80' lang='grc' dir='ltr'>καὶ</span> <span class='ocrx_word' id='word_1_825' title='bbox 3374 5256 3563 5310; x_wconf 72' lang='grc' dir='ltr'>πολλοὶ</span> <span class='ocrx_word' id='word_1_826' title='bbox 3603 5256 3712 5309; x_wconf 87' lang='grc' dir='ltr'><strong>τῶν</strong></span> 
     </span>
    </p>
   </div>
   <div class='ocr_carea' id='block_1_114' title="bbox 2148 5349 3714 5418">
    <p class='ocr_par' dir='ltr' id='par_1_114' title="bbox 2148 5349 3714 5418">
     <span class='ocr_line' id='line_1_114' title="bbox 2148 5349 3714 5418; baseline -0.001 -15"><span class='ocrx_word' id='word_1_827' title='bbox 2148 5349 2597 5418; x_wconf 85' lang='grc' dir='ltr'>κατωρθωκότων</span> <span class='ocrx_word' id='word_1_828' title='bbox 2622 5350 2905 5417; x_wconf 85' lang='grc' dir='ltr'>γεγόνασι,</span> <span class='ocrx_word' id='word_1_829' title='bbox 2935 5351 3030 5404; x_wconf 74' lang='grc' dir='ltr'><strong>καὶ</strong></span> <span class='ocrx_word' id='word_1_830' title='bbox 3058 5353 3198 5403; x_wconf 84' lang='grc' dir='ltr'><strong>κατά</strong></span> <span class='ocrx_word' id='word_1_831' title='bbox 3227 5352 3352 5413; x_wconf 81' lang='grc' dir='ltr'>τοὺς</span> <span class='ocrx_word' id='word_1_832' title='bbox 3382 5350 3714 5412; x_wconf 84' lang='grc' dir='ltr'>ἀποστόλους</span> 
     </span>
    </p>
   </div>
   <div class='ocr_carea' id='block_1_115' title="bbox 2147 5428 3713 5513">
    <p class='ocr_par' dir='ltr' id='par_1_115' title="bbox 2147 5428 3713 5513">
     <span class='ocr_line' id='line_1_115' title="bbox 2147 5428 3713 5513; baseline -0.001 -18"><span class='ocrx_word' id='word_1_833' title='bbox 2147 5428 2362 5506; x_wconf 84' lang='grc' dir='ltr'>αὐτοὺς,</span> <span class='ocrx_word' id='word_1_834' title='bbox 2397 5444 2454 5494; x_wconf 77' lang='grc' dir='ltr'>ἐν</span> <span class='ocrx_word' id='word_1_835' title='bbox 2497 5442 2744 5513; x_wconf 85' lang='grc' dir='ltr'>σημείοις</span> <span class='ocrx_word' id='word_1_836' title='bbox 2774 5458 2833 5495; x_wconf 88' lang='grc' dir='ltr'><strong>τε</strong></span> <span class='ocrx_word' id='word_1_837' title='bbox 2882 5443 2974 5495; x_wconf 74' lang='grc' dir='ltr'>καὶ</span> <span class='ocrx_word' id='word_1_838' title='bbox 3010 5442 3302 5512; x_wconf 88' lang='grc' dir='ltr'>δυνάμεσιν</span> <span class='ocrx_word' id='word_1_839' title='bbox 3335 5431 3604 5512; x_wconf 66' lang='grc' dir='ltr'>ἔλαμψαν.</span> <span class='ocrx_word' id='word_1_840' title='bbox 3639 5441 3713 5494; x_wconf 80' lang='grc' dir='ltr'><strong>Τὸ</strong></span> 
     </span>
    </p>
   </div>
   <div class='ocr_carea' id='block_1_116' title="bbox 2149 5528 3711 5603">
    <p class='ocr_par' dir='ltr' id='par_1_116' title="bbox 2149 5528 3711 5603">
     <span class='ocr_line' id='line_1_116' title="bbox 2149 5528 3711 5603; baseline -0.001 -17"><span class='ocrx_word' id='word_1_841' title='bbox 2149 5528 2293 5603; x_wconf 72' lang='grc' dir='ltr'>μέγα</span> <span class='ocrx_word' id='word_1_842' title='bbox 2331 5531 2388 5586; x_wconf 82' lang='grc' dir='ltr'>δὲ</span> <span class='ocrx_word' id='word_1_843' title='bbox 2433 5530 2742 5586; x_wconf 87' lang='grc' dir='ltr'>τελευταῖον</span> <span class='ocrx_word' id='word_1_844' title='bbox 2793 5532 2891 5601; x_wconf 83' lang='grc' dir='ltr'><strong>τῆς</strong></span> <span class='ocrx_word' id='word_1_845' title='bbox 2930 5533 3220 5602; x_wconf 82' lang='grc' dir='ltr'>μετανοίας</span> <span class='ocrx_word' id='word_1_846' title='bbox 3265 5532 3475 5586; x_wconf 82' lang='grc' dir='ltr'>δέδοται</span> <span class='ocrx_word' id='word_1_847' title='bbox 3519 5532 3711 5603; x_wconf 79' lang='grc' dir='ltr'>δῶρον,</span> 
     </span>
    </p>
   </div>
   <div class='ocr_carea' id='block_1_117' title="bbox 2149 5622 3710 5695">
    <p class='ocr_par' dir='ltr' id='par_1_117' title="bbox 2149 5622 3710 5695">
     <span class='ocr_line' id='line_1_117' title="bbox 2149 5622 3710 5695; baseline -0.001 -18"><span class='ocrx_word' id='word_1_848' title='bbox 2149 5624 2289 5693; x_wconf 81' lang='grc' dir='ltr'>ὑπὲρ</span> <span class='ocrx_word' id='word_1_849' title='bbox 2316 5622 2474 5692; x_wconf 78' lang='grc' dir='ltr'>λόγον</span> <span class='ocrx_word' id='word_1_850' title='bbox 2518 5622 2579 5676; x_wconf 78' lang='grc' dir='ltr'>ὃν</span> <span class='ocrx_word' id='word_1_851' title='bbox 2624 5624 2721 5676; x_wconf 74' lang='grc' dir='ltr'><strong>καὶ</strong></span> <span class='ocrx_word' id='word_1_852' title='bbox 2759 5623 2970 5677; x_wconf 76' lang='grc' dir='ltr'>ἔννοιαν</span> <span class='ocrx_word' id='word_1_853' title='bbox 3011 5624 3379 5694; x_wconf 83' lang='grc' dir='ltr'>εὐεργέτημα.</span> <span class='ocrx_word' id='word_1_854' title='bbox 3412 5624 3577 5695; x_wconf 85' lang='grc' dir='ltr'>Ἀχρι</span> <span class='ocrx_word' id='word_1_855' title='bbox 3606 5625 3710 5692; x_wconf 78' lang='grc' dir='ltr'>γὰρ</span> 
     </span>
    </p>
   </div>
   <div class='ocr_carea' id='block_1_118' title="bbox 2149 5713 3708 5786">
    <p class='ocr_par' dir='ltr' id='par_1_118' title="bbox 2149 5713 3708 5786">
     <span class='ocr_line' id='line_1_118' title="bbox 2149 5713 3708 5786; baseline -0.003 -18"><span class='ocrx_word' id='word_1_856' title='bbox 2149 5715 2241 5768; x_wconf 80' lang='grc' dir='ltr'><strong>καὶ</strong></span> <span class='ocrx_word' id='word_1_857' title='bbox 2271 5715 2436 5785; x_wconf 80' lang='grc' dir='ltr'>αὐτῆς</span> <span class='ocrx_word' id='word_1_858' title='bbox 2467 5713 2567 5784; x_wconf 84' lang='grc' dir='ltr'><strong>τῆς</strong></span> <span class='ocrx_word' id='word_1_859' title='bbox 2588 5714 2902 5779; x_wconf 79' lang='grc' dir='ltr'>τελευταίας</span> <span class='ocrx_word' id='word_1_860' title='bbox 2936 5716 3210 5786; x_wconf 85' lang='grc' dir='ltr'>ἀναπνοῆς</span> <span class='ocrx_word' id='word_1_861' title='bbox 3248 5717 3586 5786; x_wconf 82' lang='grc' dir='ltr'>χορηγεῖται,</span> <span class='ocrx_word' id='word_1_862' title='bbox 3619 5715 3708 5784; x_wconf 56' lang='grc' dir='ltr'>μό-</span> 
     </span>
    </p>
   </div>
  </div>
