4060 6282
353 261 541 381 .927

1287 306 2430 371 SYMEONISTHESSALONICENSIS
2467 306 2819 368 ARCHIEP.
2933 293 2936 296 ’

3557 316 3669 378 9'28

433 423 580 485 vina,
605 419 720 474 sive
745 417 855 486 jam
884 423 1134 487 paratum
1163 416 1432 483 inveniat,
1453 419 1566 474 sive
1593 435 1703 474 non
1732 432 1985 502 paratum

2093 423 2170 491 μὴ
2201 422 2485 492 πρόθυμον
2515 420 2791 490 διεγείρας
2824 419 3024 490 πολλὴν
3071 421 3220 492 αὐτῷ
3262 426 3520 493 προξενεῖ
3566 429 3669 498 τὴν

434 511 696 581 impellat,
734 510 955 564 multam
1009 509 1086 563 illi
1138 508 1387 565 conferet
1427 504 1822 578 utilitatem,‘et
1875 513 1992 582 ipse

431 602 856 657 communicabit
907 600 1139 654 mercedi
1188 602 1446 669 Operarii.
1495 602 1607 656 Nec
1655 612 1867 672 oportet
1898 617 1994 659 eos

433 703 645 747 tantum
697 691 788 758 qui
846 699 1207 760 peccaverunt
1244 692 1310 745 ad
1341 692 1738 763 eleemosynam
1787 700 1844 747 ct
1886 707 1996 747 cte-

433 795 545 838 tera
601 798 764 851 opera
811 782 1200 836 misericordiae
1233 793 1286 836 et
1319 783 1533 849 pietatis
1594 782 1854 848 excitare,
1899 783 1996 838 sed

434 878 598 932 etiam
635 877 856 930 fratrem
900 878 990 944 qui
1025 889 1129 928 non
1190 874 1476 942 peccavit;
1512 873 1630 927 fieri
1685 875 1827 928 enim
1889 889 1994 928 non

430 976 610 1038 potest
662 977 719 1021 ut
768 966 892 1036 quis
947 981 1051 1020 non
1082 971 1288 1034 peccet.
1351 965 1600 1019 Attamen
1629 965 1774 1032 juste
1815 964 1998 1019 vivere

429 1069 607 1130 potest
646 1061 827 1120 homo,
879 1071 1044 1126 opera
1090 1054 1318 1125 justitiae
1360 1070 1641 1110 exercens.
1679 1055 1747 1110 Et
1781 1055 1994 1124 justitia

431 1164 514 1205 est
543 1161 602 1205 ut
652 1151 760 1206 Deo
790 1159 840 1204 et
869 1148 1020 1202 fratri
1051 1147 1348 1203 secundum
1399 1148 1542 1214 quod
1592 1146 1856 1202 docemur
1901 1147 1996 1200 de-

432 1243 541 1298 bita
573 1249 891 1311 praestemus
937 1239 1113 1296 ofﬁcia
1177 1247 1233 1293 et
1275 1238 1619 1292 charitatem.
1670 1237 1838 1291 Amor
1872 1251 2000 1302 erga

434 1337 604 1389 Deum
639 1335 753 1389 vult
782 1343 842 1388 ut
870 1336 1116 1388 vivamus
1145 1332 1479 1388 immaculati
1509 1338 1562 1386 et
1593 1330 1995 1400 irreprehensi-

439 1427 592 1486 biles.
634 1435 688 1480 et
753 1436 810 1480 ut
870 1426 1044 1494 ipsum
1097 1439 1404 1493 precemur,
1466 1431 1516 1477 et
1564 1422 1685 1492 ejus
1736 1437 1999 1479 canamus

436 1518 688 1586 gloriam,
727 1525 780 1571 et
826 1516 1215 1571 convcniamus
1245 1515 1309 1569 ad
1355 1514 1552 1584 templa
1585 1514 1757 1584 ipsius
1786 1523 1992 1571 sancta.

434 1610 508 1665 Ad
553 1611 664 1662 haec
714 1607 878 1661 etiam
910 1606 1104 1661 afferre
1131 1607 1180 1661 ei
1214 1607 1479 1662 debemus
1515 1607 1659 1675 quod
1687 1608 2000 1672 accepimus

431 1701 498 1753 ab
525 1714 614 1762 eo,
665 1699 731 1752 ad
765 1700 882 1768 ejus
913 1697 1140 1767 gloriam
1181 1705 1236 1751 et
1265 1696 1531 1752 honorem
1562 1705 1616 1752 et
1643 1707 1884 1753 noetram
1913 1697 2000 1752 in-

2093 509 2384 579 ὠφέλειαν,
2444 509 2540 563 καὶ
2587 508 2842 572 κοινωνὸς
2890 509 3044 563 ἔσται
3102 511 3177 580 τῷ
3211 515 3523 582 ἐνεργοῦντι
3569 518 3668 572 τοῦ

2097 601 2314 670 μισθοῦ.
2390 603 2500 656 Καὶ
2565 602 2672 673 χρὴ
2739 601 2800 654 οὐ
2862 603 3026 671 μόνον
3078 603 3466 673 ἡμαρτηκότας
3529 611 3670 678 πρὸς

2095 691 2245 745 ἔλεον
2298 694 2392 747 καὶ
2451 695 2520 748 τὰ
2571 695 2737 748 λοιπά
2776 695 3084 766 διεγείρειν,
3121 697 3258 750 ἀλλὰ
3291 698 3384 751 καὶ
3440 699 3534 752 τὸν
3586 703 3667 771 μὴ

2097 783 2568 854 πλημμελήσαντα
2611 785 2863 855 ἀδελφὺν,
2897 787 3034 856 ὅπερ
3082 788 3230 840 ἐστὶν
3279 789 3539 843 ἀδύνατον
3585 792 3668 862 μὴ

2099 873 2418 942 ἁμαρτῆσαί
2451 876 2813 943 τινα.Ὀμως
2855 877 2904 928 εί
2951 876 3048 928 καὶ
3099 877 3320 941 δικαίως
3373 878 3501 948 βιῶν
3549 882 3668 935 ἐστί

2096 979 2202 1026 τις,
2253 965 2346 1016 καὶ
2399 965 2589 1018 τούτου
2653 967 2861 1028 δίκαιος
2913 967 3087 1034 ἐσται,
3137 970 3202 1020 ἐκ
3258 969 3351 1022 τοῦ
3404 971 3474 1023 τὰ
3523 972 3666 1042 ἔργα

2099 1052 2200 1122 τῆς
2237 1053 2590 1126 δικαιοσύνης
2635 1059 2830 1111 ποιεῖν.
2882 1059 3207 1130 Δικαιοσύνη
3260 1059 3316 1113 δέ
3363 1063 3666 1132 ἀπονέμειν

2097 1141 2176 1211 τῷ
2220 1142 2340 1214 Θεῷ
2383 1145 2478 1197 καὶ
2530 1143 2608 1214 τῷ
2637 1145 2852 1216 ἀδελφῷ
2896 1147 3038 1200 καθὰ
3067 1148 3432 1219 διδασκόμεθα
3470 1153 3539 1206 τὰ
3567 1153 3669 1224 τῆς

2099 1234 2320 1305 όφειλῆς
2381 1238 2476 1289 καὶ
2529 1238 2772 1307 ἀγάπης.
2819 1239 3031 1309 Ἀγάπη
3065 1241 3122 1293 δὲ
3169 1244 3250 1305 είς
3298 1243 3432 1296 Θεὸν
3483 1246 3579 1298 καὶ
3605 1246 3668 1298 τὺ

2101 1326 2426 1398 καθαρεύειν
2459 1329 2558 1398 μὲν
2584 1332 2678 1383 καὶ
2710 1329 3112 1404 προσεύχεσθαι
3151 1333 3246 1387 καὶ
3277 1336 3537 1406 άνυμνεῖν
3565 1339 3668 1391 αὖ·

2099 1417 2192 1472 τὸν
2243 1420 2339 1472 καὶ
2393 1418 2715 1493 δοξολογεῖν,
2767 1425 2861 1476 καὶ
2921 1425 3278 1495 προστρέχειν
3331 1427 3497 1489 αὐτοῦ
3551 1432 3668 1494 τοῖς

2102 1513 2267 1575 θείοις
2297 1515 2463 1576 ναοῖς.
2493 1514 2638 1584 Πρὸς
2661 1513 2870 1576 τούτοις
2893 1515 2949 1567 δὲ
2981 1516 3076 1568 καὶ
3102 1520 3161 1569 τδ
3187 1519 3482 1587 προσάγειν
3514 1519 3668 1590 αύτῷ

2103 1603 2164 1667 ἐξ
2196 1596 2271 1657 ὧν
2318 1604 2672 1674 λαμϐάνομεν
2705 1606 2835 1675 παρ’
2862 1605 3050 1672 αὐτοῦ,
3077 1610 3157 1670 είς
3184 1609 3342 1675 δόξαν
3372 1610 3538 1664 αὐτοῦ
3571 1613 3666 1664 καὶ

2102 1695 2269 1770 τιμὴν
2317 1698 2413 1750 καὶ
2439 1698 2716 1768 ἡμετέραν
2745 1701 3033 1768 κάθαρσιν,
3063 1700 3157 1753 καὶ
3189 1701 3283 1753 τοῦ
3315 1701 3460 1754 θείου
3505 1703 3666 1770 ἁγια-

2120 1761 2156 1780 δ

432 1789 764 1853 nocentiam,
788 1797 843 1842 et
870 1798 926 1841 ut
949 1787 1259 1842 sanctitatis
1282 1793 1335 1842 et
1357 1788 1786 1844 consecrationis
1807 1787 2000 1843 divinas

2105 1788 2244 1855 σμοῦ
2273 1781 2530 1859 μετοχὴν.
2561 1791 2670 1844 Καὶ
2697 1791 2755 1844 ἐν
2784 1793 2898 1854 τοῖς
2921 1791 3171 1860 ἀδελφοῖς
3193 1791 3250 1845 δὲ
3288 1795 3350 1846 οὐ
3383 1794 3545 1864 μόνον
3573 1795 3663 1849 διὰ

433 1883 706 1950 possimus
734 1880 1029 1948 participes
1054 1892 1200 1933 esse.
1229 1879 1414 1933 Amori
1439 1886 1620 1933 autem
1646 1893 1772 1948 erga
1802 1877 1999 1934 fratres

430 1971 783 2026 includuntur
812 1985 920 2025 non
951 1969 1128 2024 solum
1161 1969 1362 2023 oblivio
1393 1969 1718 2038 injuriarum
1773 1984 1840 2025 ex
1881 1970 1999 2026 ani-

431 2076 542 2124 mo,
575 2062 716 2114 bona
739 2060 1092 2115 conversatio
1123 2069 1178 2114 et
1215 2060 1493 2115 vinculum
1527 2061 1697 2130 pacis,
1731 2071 1786 2116 et
1817 2064 1998 2118 unitas

428 2151 896 2220 conformitasque
927 2165 1238 2206 sermonum
1266 2151 1624 2220 laudumque,
1673 2167 1798 2222 quae
1827 2153 1997 2207 debe-

432 2259 556 2297 mus
582 2252 864 2313 prrestare;
899 2244 992 2298 sed
1020 2243 1132 2297 haec
1158 2243 1412 2311 operibus
1432 2252 1645 2312 oportet
1669 2243 1993 2299 ostendere:

429 2349 614 2389 escam
651 2334 941 2389 tribuendo
973 2333 1237 2389 esurienti
1276 2342 1332 2388 et
1364 2334 1568 2388 sitienti
1599 2343 1810 2404 potum,
1841 2349 1996 2405 pere-

428 2428 920 2497 grinohospitium,
953 2427 1095 2480 nudo
1117 2427 1590 2493 vestimentum,et
1617 2427 1833 2480 infirmo
1864 2441 1996 2481 con-

431 2520 780 2581 solutionem,
807 2526 860 2572 et
889 2519 943 2572 in
975 2531 1194 2572 carcere
1225 2517 1459 2570 detentis
1490 2533 1678 2571 curam
1707 2525 1762 2572 et
1795 2518 1996 2572 sollici-

439 2614 704 2674 tudinem,
749 2619 806 2663 ut
835 2609 1022 2663 docuit
1059 2607 1342 2675 Salvator;
1373 2610 1465 2678 qui
1497 2609 1583 2662 illa
1619 2623 1784 2677 opera
1833 2623 1993 2663 exer-

432 2715 619 2759 centes
648 2702 963 2757 benedictos
1012 2709 1190 2766 vocat,
1242 2702 1322 2756 eis
1377 2703 1429 2754 in
1458 2699 1995 2768 linegratiticaturus

433 2813 656 2863 regnum
683 2798 970 2850 cmlorum.
1007 2792 1236 2847 Maxime
1264 2806 1392 2862 ergo
1419 2793 1782 2846 necessarium
1805 2800 1906 2854 est,
1937 2800 1996 2844 ut

430 2891 639 2944 dictum
683 2899 786 2954 est,
822 2889 1018 2942 fratres
1073 2886 1269 2940 docere
1304 2895 1358 2938 et
1395 2885 1673 2940 exhortari
1723 2893 1783 2940 ut
1827 2898 1992 2954 opera

433 2981 694 3056 bonitatis
718 2987 1044 3044 exerceant,
1073 2979 1447 3048 eleemosynas
1476 2987 1532 3032 et
1565 2977 1832 3032 sacrificia
1862 2975 1984 3030 offe-

2097 1877 2198 1948 τῆς
2223 1879 2603 1950 άμνησικάκου
2635 1880 2860 1950 γνώμης
2899 1883 2996 1935 καὶ
3041 1883 3209 1953 καλῆς
3249 1883 3543 1948 διαθεσεως
3568 1887 3662 1940 καὶ

2097 1969 2306 2040 τρόπου
2337 1969 2642 2040 είρηνικοῦ,
2674 1971 2770 2024 καὶ
2790 1973 3093 2040 συνεργίας
3122 1976 3220 2044 τῆς
3253 1974 3340 2027 διὰ
3367 1976 3537 2042 λόγων
3565 1979 3662 2031 καὶ

2097 2060 2334 2114 ἐπαίνων
2383 2064 2480 2116 καὶ
2526 2063 2837 2132 ἐγκωμίων,
2869 2063 3165 2133 ἀπονέμειν
3197 2065 3258 2118 τὸ
3286 2067 3660 2137 ὀφειλόμενον,

2097 2151 2235 2206 ἀλλὰ
2264 2153 2360 2205 καὶ
2390 2152 2459 2206 δι’
2480 2153 2658 2224 ἐργων
2709 2155 2864 2208 τοῦτο
2912 2155 3204 2224 δεικνύναι,
3243 2160 3300 2212 ἐν
3328 2159 3407 2229 τῷ
3432 2160 3659 2230 τρέφειν

2098 2243 2386 2309 πεινῶντα,
2417 2243 2512 2297 καὶ
2536 2243 2775 2308 ποτίζειν
2802 2245 3058 2314 διψῶντα,
3085 2249 3177 2300 καὶ
3207 2246 3356 2312 ξένον
3380 2252 3658 2318 συνάγειν,

2095 2335 2190 2388 καὶ
2220 2337 2426 2404 γυμνὸν
2457 2337 2824 2407 περιϐάλλειν,
2850 2339 2943 2392 καὶ
2971 2340 3170 2410 ἀσθενῆ
3203 2343 3657 2410 ἐπισκέπτεσθαι,

2095 2427 2194 2482 καὶ
2229 2427 2336 2482 τῶν
2375 2428 2434 2482 ἐν
2463 2428 2676 2498 φυλακῇ
2710 2429 3076 2498 προνοεῖσθαι,
3109 2430 3184 2493 ὡς
3211 2432 3450 2498 ἐδίδαξεν
3487 2437 3516 2487 ό
3546 2436 3658 2488 Σω-

2094 2518 2217 2588 τὴρ,
2251 2517 2322 2571 δι’
2350 2511 2425 2572 ὧν
2450 2521 2545 2571 καὶ
2577 2519 2974 2586 εὐλογημένους
3003 2519 3162 2572 καλεῖ
3184 2523 3308 2582 τοὺς
3331 2523 3400 2575 τὰ
3426 2523 3654 2579 τοιαῦτα

2094 2607 2356 2676 δρῶντας,
2383 2609 2477 2662 καὶ
2492 2608 2601 2680 ιτὴν
2631 2608 2911 2678 βασιλείαν
2932 2609 3114 2673 αὐτοῖς
3137 2612 3444 2682 χαρίζεται.
3465 2615 3662 2684 ’Δναγο

2094 2699 2382 2752 καιότατον
2436 2696 2552 2762 οὖν,
2585 2700 2659 2761 ὡς
2707 2699 2948 2770 είρηται,
2983 2701 3045 2754 τὸ
3094 2703 3454 2772 ἀγαθοεργεῖν
3505 2707 3660 2761 ἐκδι-

2092 2789 2332 2856 δάσκειν,
2362 2793 2456 2845 καὶ
2475 2790 2860 2861 ,ἐλεημοσύνας
2891 2795 2984 2847 καὶ
3014 2794 3202 2858 θυσίας
3230 2795 3381 2866 ἱερὰς
3415 2797 3657 2852 ἐκτελεῖν

2093 2881 2218 2944 τοὺς
2245 2881 2528 2949 ἀδελφούς.
2577 2883 2686 2936 Καὶ
2716 2886 2828 2946 τοῖς
2865 2885 3173 2955 ἐγκλήμασι
3215 2887 3317 2956 μὲν
3361 2888 3658 2959 ὑποκειμέ-

2093 2992 2204 3036 νοις
2231 2973 2307 3037 ὡς
2341 2976 2543 3028 κανόνα
2585 2976 2747 3030 τοῦτο
2774 2977 2974 3030 διδόναι
3006 2977 3133 3047 χρὴ,
3166 2979 3294 3042 τοὺς
3336 2978 3552 3042 λοιποὺς
3597 2980 3657 3033 δὲ

432 3085 576 3129 rant.
613 3073 705 3127 His
734 3072 928 3127 deinde
960 3070 1052 3140 qui
1085 3069 1524 3124 contentionibus
1567 3069 1827 3138 implicati
1865 3075 1992 3122 sunt

2096 3064 2252 3117 τοῦτο
2289 3067 2580 3135 παραινεῖν
2610 3067 2788 3116 ποιεῖν
2836 3066 2928 3117 κει)⁵
2960 3065 3036 3133 μὴ
3058 3065 3410 3134 ἐνεχομένους
3455 3065 3656 3136 ἐγκλή-

431 3170 545 3223 hmc
571 3169 644 3222 sit
679 3165 870 3236 agendi
906 3178 1135 3229 norma;
1166 3171 1225 3216 ut
1255 3161 1451 3231 reliqui
1486 3163 1554 3214 ita
1585 3161 1863 3215 exhortari
1899 3176 1992 3238 sa-_

431 3268 636 3327 tagant,
669 3273 734 3310 ne
757 3253 1134 3309 contentiones
1161 3253 1356 3305 iterum
1383 3250 1534 3313 fiant,
1570 3259 1788 3317 propter
1814 3248 1990 3302 ofﬁcia

429 3365 550 3420 qua:
585 3351 694 3403 Deo
725 3348 990 3401 debentur
1015 3352 1070 3398 et
1111 3359 1176 3397 ne
1203 3343 1326 3411 quis
1357 3343 1410 3395 in
1441 3353 1718 3410 peccatum
1751 3339 1988 3392 labatur.

433 3437 538 3492 Sed
561 3445 614 3490 et
646 3452 742 3504 pro
778 3432 1096 3503 parentibus
1128 3440 1182 3483 et
1219 3429 1642 3497 consanguineis
1672 3438 1727 3483 et
1779 3428 1990 3482 caeteris

427 3529 535 3600 piis
567 3535 780 3596 oportet
831 3537 1021 3578 omnes
1055 3521 1262 3575 oﬂ’erre‘
1292 3521 1559 3575 sacriﬁcia
1597 3521 1726 3582 Deo,
1758 3522 1902 3575 sicut
1937 3529 1991 3574 et

430 3618 485 3668 in
517 3616 777 3667 honorem
803 3619 858 3664 et
878 3608 1197 3663 memoriam
1223 3614 1556 3672 sanctorum,
1587 3621 1725 3677 quos
1749 3607 1991 3662 invenire

427 3707 701 3775 possimus
739 3701 1064 3756 mediatores
1098 3699 1292 3753 salutis
1321 3708 1611 3763 nostrae,ct
1638 3697 1834 3752 deinde
1862 3711 1987 3752 cum

428 3800 560 3870 ipsis
592 3793 996 3852 communicare
1017 3791 1242 3861 gloriam
1275 3789 1500 3844 Christi.
1536 3790 1870 3845 Pmnitentes
1903 3791 1987 3844 in-

426 3907 587 3962 super
618 3888 708 3958 qui
741 3887 1008 3942 accedunt
1043 3897 1262 3939 monere
1291 3889 1503 3952 Oportet
1531 3891 1588 3934 ut
1637 3882 1739 3935 ista
1785 3880 1989 3936 faciant

429 3997 556 4037 vero
587 3993 772 4035 amore
797 3978 912 4031 Dei.
947 3973 1099 4042 Quod
1133 3982 1393 4043 praeterea
1417 3971 1484 4026 ad
1513 3971 1700 4026 Patres
1726 3973 1990 4040 spiritua-

429 4077 506 4130 les
527 4075 742 4136 attinet,
763 4072 879 4124 haec
899 4069 1080 4122 omnia
1105 4081 1209 4118 non
1231 4072 1449 4133 propter
1469 4072 1735 4133 quaestum
1761 4060 1982 4129 faciant,

428 4181 548 4235 niue
582 4163 675 4217 Dei
721 4169 851 4216 sunt
886 4157 1336 4226 intercipientes,
1385 4155 1439 4209 in
1487 4169 1641 4208 suam
1694 4153 1985 4223 pessimam

429 4260 664 4320 ruinam,
697 4261 750 4307 et
783 4251 851 4306 de
895 4249 1095 4318 quibus
1127 4248 1270 4300 ratio
1333 4246 1439 4300 erit
1496 4245 1792 4300 reddenda.
1845 4242 1988 4299 Olfe-

429 4361 608 4403 rentes
637 4353 818 4400 autem
848 4343 986 4397 idem
1034 4339 1238 4394 faciunt
1270 4353 1331 4394 ac
1363 4339 1436 4392 illi
1487 4339 1580 4408 qui
1626 4335 1996 4406 projiciebant.

426 4444 567 4497 bona
594 4455 715 4510 qua:
761 4435 1029 4491 habebant
1066 4444 1192 4488 ante
1219 4432 1381 4502 pedes
1406 4430 1822 4500 apostolorumj;
1858 4418 2065 4489 cum!)

427 4532 634 4606 partem
674 4548 740 4588 ex
769 4534 848 4586 eis
877 4532 1109 4584 retinent
1135 4529 1422 4580 imitantur
1447 4525 1714 4579 Auaniam
1739 4535 1862 4575 cum
1890 4519 1986 4574 Sa-

426 4631 579 4700 phira
614 4635 669 4682 et
699 4625 850 4695 pejus
881 4631 1068 4692 agunt.
1102 4621 1193 4674 lllc
1233 4617 1449 4688 quidem
1481 4632 1547 4670 ex
1577 4614 1810 4686 propriis
1858 4611 1989 4667 sub-

427 4723 670 4784 trahens,
697 4728 868 4772 totum
897 4715 1009 4784 agri
1043 4711 1278 4783 pretium
1302 4709 1550 4763 attulisse
1580 4721 1640 4761 se
1663 4703 1989 4774 praedicabat

429 4822 481 4867 et
512 4823 637 4864 ante
672 4811 834 4878 pedes
881 4805 1054 4860 sancti
1111 4803 1254 4858 Petri
1307 4800 1606 4871 exspiravit
1655 4797 1818 4853 simul
1863 4811 1986 4852 cum

429 4915 600 4956 uxore
634 4937 649 4960 ,
709 4896 982 4964 sacrilegii
1064 4893 1356 4948 manifeste
1405 4906 1534 4945 rcus
1587 4891 1786 4944 factus.
1861 4885 1990 4940 Tale

418 4993 690 5062 judicium
743 4988 849 5042 sibi
911 4993 1124 5054 parant,
1185 4993 1243 5038 ut
1279 4993 1333 5038 et
1381 4991 1537 5036 antea
1599 4981 1733 5045 dixi,
1773 4979 1986 5048 opinor,

435 5090 529 5160 qui
572 5083 902 5142 subtrahunt
929 5093 991 5133 ea
1015 5091 1137 5145 qua:
1167 5075 1261 5130 Dei
1297 5084 1426 5130 sunt
1453 5083 1512 5128 ut
1539 5073 1735 5142 exinde
1766 5073 1986 5127 thesau-

424 5189 620 5236 rizent.
655 5175 759 5230 Sed
787 5187 896 5228 non
925 5168 1351 5239 dedignandum,
1376 5179 1551 5234 neque
1586 5161 1981 5232 denegandum,

426 5272 742 5343 operarium
793 5261 1094 5336 quemlibet
1141 5257 1207 5313 ad
1256 5271 1411 5312 suam
1465 5255 1634 5310 solam
1698 5253 1985 5308 utilitatem

429 5368 666 5416 fructum
697 5358 996 5428 percipere.
1028 5353 1119 5407 Sic
1149 5352 1296 5408 enim
1328 5350 1486 5405 docet
1542 5346 1770 5412 Paulus,
1825 5346 1988 5401 nobis

427 5468 643 5522 gregem
665 5463 973 5519 proponens
997 5444 1298 5500 laborantis
1315 5441 1493 5496 coloni
1528 5448 1581 5494 et
1611 5440 1848 5509 pastoris
1877 5437 1990 5490 fru-

426 5540 906 5606 ctum'lacientis;
961 5537 1211 5609 quamvis
1258 5535 1373 5604 ipse
1411 5532 1760 5603 Evangelium
1818 5528 1988 5600 gratis

426 5638 728 5707 praedicans
758 5643 814 5688 et
845 5630 1149 5688 mercedem
1181 5643 1212 5684 e
1243 5629 1381 5683 coelo
1412 5640 1639 5696 sperans
1668 5637 1777 5676 non
1811 5632 1990 5674 utere-

428 5739 518 5787 tur
535 5727 636 5782 hac
655 5725 927 5784 facultate.
953 5721 1084 5778 Nam
1110 5719 1312 5777 idcirco
1336 5715 1681 5774 laborabatet
1703 5725 1864 5784 opere
1887 5725 1992 5766 suo

2099 3173 2254 3226 μασι,
2285 3157 2374 3210 διά
2399 3173 2457 3210 τε
2488 3158 2586 3227 τὴν
2617 3157 2753 3224 πρὸς
2783 3156 2916 3210 Θεδν
2945 3156 3186 3226 ὀφειλὴν,
3224 3158 3319 3209 καὶ
3360 3156 3422 3209 τὸ
3456 3157 3531 3227 μὴ
3563 3157 3660 3210 ἀν-

2094 3249 2408 3319 αμάρτητόν
2440 3264 2562 3301 τινα
2583 3243 2745 3304 εἶναι.
2779 3250 2889 3302 Καὶ
2917 3249 3057 3317 ὑπὲρ
3088 3249 3290 3316 γονέων
3321 3249 3376 3302 δὲ
3402 3251 3495 3302 καλ⁹
3523 3267 3658 3317 συγ-

2092 3339 2264 3406 γενῶν
2295 3338 2391 3390 καὶ
2419 3336 2625 3390 λοιπῶν
2661 3337 2839 3391 ἄλλων
2863 3337 3104 3391 εὐσεϐῶν
3142 3338 3378 3406 ὀφείλειν
3418 3340 3656 3409 προσφέ-

2095 3444 2210 3497 ρειν
2229 3427 2346 3497 Θεῷ
2370 3428 2600 3492 πάντας,
2621 3427 2714 3480 καὶ
2736 3427 2876 3497 ὑπὲρ
2901 3428 3065 3498 τιμῆς
3093 3429 3184 3482 καὶ
3211 3430 3433 3499 μνήμης
3455 3429 3653 3496 ἁγίων,

2091 3519 2169 3582 ὡς
2216 3518 2283 3573 ἂν
2315 3522 2546 3590 μεσίτας
2584 3521 2764 3573 ἐκεῖσε
2812 3518 3069 3590 εὕροιμεν
3118 3523 3213 3574 καὶ
3257 3521 3654 3588 συγκοινωνοίσς

2090 3612 2190 3680 τῆς
2218 3611 2376 3682 δόξης
2405 3611 2666 3682 Χριστοῦ.
2698 3613 2808 3666 Καὶ
2855 3611 3027 3666 ταῦτα
3071 3612 3173 3681 μὲν
3215 3611 3485 3667 διδάσκειν
3526 3612 3654 3676 rei);

2093 3705 2418 3774 προσιόντας
2446 3703 2709 3773 θεοφιλῶς
2736 3705 2978 3774 ἐνεργεῖν
2998 3721 3012 3736 ο
3043 3705 3105 3758 οὐ
3138 3704 3245 3774 μὴν
3270 3706 3326 3759 δὲ
3351 3707 3476 3767 τοὺς
3493 3723 3654 3759 πνευ-

2049 3846 2058 3851 .
2095 3797 2356 3863 ματικοὺς
2385 3796 2633 3863 Πατέρας
2679 3796 2771 3848 ἐπὶ
2806 3796 2987 3864 κέρδει
3025 3804 3184 3850 τουτο
3213 3799 3407 3860 ποιεῖν,
3439 3797 3508 3849 τὰ
3555 3796 3652 3850 τοῦ

2090 3885 2227 3941 Θεοῦ
2258 3887 2677 3957 νοσφιζομένους
2697 3902 2714 3922 ⁶
2745 3889 2916 3959 ζημία
2952 3889 3058 3958 γὰρ
3089 3891 3272 3953 αὐτοῖς
3312 3891 3345 3960 ή
3394 3891 3651 3960 μεγίστη,

2089 3977 2195 4041 καλ
2229 3977 2400 4046 ,λόγον
2445 3977 2935 4050 ἀπαιτηθήσονται.
2993 3981 3102 4033 Καὶ
3154 3980 3204 4034 oi
3257 3981 3360 4050 μέν
3415 3981 3653 4045 διδόντες

2090 4061 2269 4122 ἐκεῖνὸ
2326 4068 2538 4122 ποιοῦσι
2588 4069 2650 4121 τὸ
2693 4070 2802 4124 τῶν
2863 4073 3165 4142 ριπτόντων
3226 4072 3295 4126 τὰ
3335 4073 3651 4141 ὑπάρχοντα

2093 4159 2244 4228 παρὰ
2273 4161 2400 4224 τοὺς
2441 4160 2606 4222 πόδας
2634 4159 2741 4213 τῶν
2783 4161 3137 4213 ἀποστόλων
3173 4163 3221 4214 oi
3265 4161 3323 4214 δέ
3365 4179 3428 4231 γε
3479 4179 3655 4231 παρα-

2090 4249 2438 4320 κρατοῦντες,
2469 4252 2604 4322 ὅπερ
2637 4251 2734 4304 σὺν
2758 4253 2824 4322 τῇ
2857 4253 3146 4324 Σαπφείρᾳ
3185 4256 3213 4306 ό
3245 4254 3518 4317 ’Δνανίας.
3555 4256 3654 4306 καὶ

2092 4347 2306 4414 χεῖρον
2366 4344 2493 4396 ἐπεὶ
2516 4345 2719 4405 ἐκεῖνος
2753 4347 2816 4396 ἐκ
2847 4345 2954 4396 τῶν
2998 4344 3143 4397 ίδίων
3176 4345 3516 4413 ἐνοσφίσατο.
3545 4340 3651 4398 Οὗ-

2089 4451 2180 4497 τος
2221 4437 2329 4505 γὰρ
2357 4435 2656 4497 όἋνανίας
2695 4434 3161 4503 ἐπαγγειλάμενος
3195 4435 3341 4488 ἅπαν
3371 4435 3555 4488 δοῦναι
3588 4436 3650 4488 τδ

2087 4527 2182 4581 τοῦ
2208 4527 2485 4597 κτήματος
2515 4526 2755 4596 τίμημα,
2784 4528 2880 4580 καὶ
2923 4528 3316 4597 νοσφισάμενος
3357 4528 3416 4594 ἐξ
3454 4527 3646 4593 αὑτοῦ,

2088 4621 2240 4691 παρὰ
2269 4621 2395 4680 τοὺς
2427 4618 2591 4680 πόδας
2619 4617 2712 4671 τοῦ
2744 4619 2890 4672 θείου
2921 4618 3150 4688 τέθνηκε
3182 4620 3392 4690 Πέτρου
3429 4619 3648 4689 σύναμα

2088 4714 2153 4782 τῇ
2215 4709 2455 4779 γυναικὶ,
2522 4709 2798 4780 ἱερόσυλος
2856 4709 3168 4778 ἐκφανθεὶς,
3233 4706 3293 4763 οῦ
3359 4709 3420 4763 τὸ
3481 4711 3653 4762 κατά-

2030 4807 2034 4810 ’
2089 4818 2263 4872 κριμα
2324 4795 2502 4870 οἶμαι,
2573 4800 2648 4861 ὡς
2703 4805 2797 4853 καὶ
2867 4801 3134 4869 προέφην,
3204 4800 3506 4868 λαμδάνειν
3568 4802 3649 4863 είς

2089 4893 2338 4957 ἑαυτοὺς,
2383 4893 2510 4953 τοὺς
2559 4891 3049 4961 παρακρατοῦντας
3091 4893 3160 4945 τὰ
3214 4892 3308 4945 τοῦ
3353 4889 3489 4944 Θεοῦ
3552 4893 3650 4944 καὶ

2087 4981 2244 5052 361
2279 4979 2340 5044 ἐξ
2370 4979 2549 5034 αὐτῶν
2595 4981 3042 5051 θησαυρίζοντας.
3080 4983 3192 5052 Τὴν
3239 4982 3429 5052 χρείαν
3475 4982 3532 5034 δέ
3583 4997 3649 5047 γε

2091 5073 2262 5142 μόνην
2289 5071 2586 5143 λαμϐάνειν
2613 5070 2690 5134 ὡς
2719 5071 2996 5125 κοπιῶντά
3020 5089 3159 5139 τινα,
3191 5074 3291 5126 οὐκ
3319 5073 3643 5142 ἀπόϐλητον.

2088 5162 2198 5215 Καὶ
2230 5160 2439 5224 Παῦλος
2465 5160 2624 5212 τοῦτό
2655 5175 2843 5228 φησιν,
2884 5159 2991 5211 ἀπὸ
3015 5158 3108 5211 τοῦ
3138 5159 3435 5221 κοπιῶντος
3474 5174 3649 5225 γεωρ-

2088 5252 2186 5322 γοῦ
2217 5251 2312 5306 καὶ
2340 5251 2437 5305 τοῦ
2493 5249 2872 5320 ποιμαίνοντος
2905 5250 3144 5319 ποίμνην
3179 5250 3457 5320 παριστῶν
3494 5251 3643 5318 ἡμῖν,

2089 5347 2142 5400 εί
2194 5346 2288 5399 καὶ
2334 5342 2495 5407 αὐτὸς
2551 5337 2824 5397 ἀδάπανον
2869 5342 3019 5411 ἐτίθη
3057 5342 3117 5394 τὸ
3167 5341 3519 5410 Εὑαγγέλιον,
3551 5341 3648 5394 καὶ

2087 5436 2213 5498 τοὺς
2269 5433 2492 5505 μισθοὺς
2549 5425 2788 5496 ἐλπίζων
2844 5431 2904 5496 ἐξ
2951 5428 3187 5500 ούρανοῦ
3233 5429 3334 5482 οὐκ
3375 5428 3645 5499 ἐχρήσατο

2087 5526 2261 5597 ταύτῃ
2298 5528 2366 5594 τῇ
2417 5523 2658 5592 ἐξουσίᾳ.
2699 5523 2789 5574 Διὸ
2825 5522 2919 5574 καὶ
2968 5521 3174 5574 κοπιῶν
3203 5515 3272 5591 ἦν
3300 5520 3392 5570 καὶ
3419 5519 3646 5586 ἐργαζό-

2091 5634 2251 5688 μενος
2272 5619 2390 5680 ταῖς
2412 5614 2587 5686 χερσί.
2625 5634 2643 5666 ι
2681 5615 2790 5667 Καὶ
2818 5615 2936 5676 ταῖς
2969 5612 3180 5682 χρείαις
3215 5627 3342 5679 μου,
3371 5609 3526 5678 φησὶ,
3552 5606 3647 5659 καὶ

2090 5711 2201 5772 τοῖς
2235 5703 2355 5762 οὖσι
2393 5705 2511 5778 μετ’
2541 5704 2700 5778 ἐμοῦ,
2723 5703 3079 5776 ύπηρέεησαν
3110 5703 3166 5757 αί
3201 5701 3378 5770 χεῖρες
3400 5689 3584 5752 αὗται.
3620 5712 3640 5745 ι
