4060 6282
419 376 525 444 929

1122 387 1506 453 RESPONSA
1547 394 1647 455 AD
1669 394 2115 460 GABRIELEM
2152 401 2865 464 PENTAPOI.ITANU1ll.

3553 392 3662 457 930

418 497 513 551 Διδ
546 500 573 551 ὁ
599 498 705 550 τῶν
744 498 931 569 ψυχῶν
960 501 1250 576 οἰκονόμος
1291 509 1498 577 ὀφείλει
1531 512 1717 580 σχεδὸν
1760 516 1977 585 μηδενὸς

2096 516 2300 573 victum
2338 518 2639 588 quaerebat,
2675 530 2732 574 ut
2763 526 2999 574 testatur
3033 532 3047 572 :
3084 536 3101 569 ι
3141 516 3221 572 Ad
3252 531 3313 569 ea
3363 530 3481 583 quae
3531 515 3659 568 mihi

417 590 685 644 ἅπτεσθαι
716 592 824 646 τῶν
879 599 1369 668 προσφερομένων,
1402 603 1451 654 εί
1488 605 1736 670 δυνατὸν,
1769 608 1857 660 ἵνα
1905 607 1980 679 μὴ

417 683 665 754 ἀνάγκην
698 684 793 756 ἔχῃ
822 685 1073 758 ἀνασπᾷν
1122 690 1409 761 ἀλλοτρίας
1444 694 1715 761 ἀκάνθας
1748 699 1797 752 εί
1831 700 1889 753 δέ
1917 717 1981 769 γε

415 777 577 846 χρεία
598 778 806 847 τροφῆς
833 776 866 848 ἢ
901 780 1222 848 ἐνδύματος,
1257 784 1332 854 μὴ
1357 786 1417 837 τὸ
1449 789 1726 856 περιττὸν,
1762 790 1897 844 ἀλλά
1922 794 1983 846 τὸ

415 868 552 939 πρὸς
589 872 782 939 χρείαν
834 871 999 940 μόνον
1058 875 1301 939 ποιείτω,
1344 878 1437 929 καὶ
1479 879 1573 942 τὰς
1606 881 1770 950 εύχάς
1795 884 1977 938 ἀποδι-

413 958 572 1025 δότω,
626 961 720 1013 καὶ
767 962 869 1023 τάς
916 962 1111 1028 θυσίας
1139 967 1432 1021 εκτελείτω
1476 970 1617 1039 ὑπὲρ
1650 972 1745 1024 τοῦ
1778 991 1980 1045 προσε-

413 1050 705 1119 νέγκαντος
718 1053 793 1123 τῷ
814 1055 955 1126 Θεῷ,
984 1062 1333 1128 μεμνημένος
1351 1062 1446 1117 καὶ
1470 1065 1576 1117 τῶν
1596 1066 1865 1137 πενήτων,
1886 1069 1981 1123 καὶ

412 1143 495 1196 ὅτι
536 1145 636 1199 οὐκ
686 1147 849 1210 αὐτὸς
880 1149 1065 1217 μόνον,
1093 1151 1230 1208 ἀλλά
1288 1156 1384 1207 καὶ
1422 1155 1601 1227 ἕτεροι
1653 1158 1755 1227 τῆς
1792 1161 1981 1230 χρείας

413 1233 661 1304 ἀνάγκην
691 1234 929 1306 ἔχουσιν.
960 1240 1020 1292 Et
1044 1240 1102 1293 δὲ
1134 1241 1230 1295 καὶ
1260 1243 1481 1314 ἰδιώτης
1517 1249 1546 1301 ὁ
1584 1248 1653 1301 τά
1676 1251 1783 1303 τῶν
1816 1269 1982 1321 μετα-

412 1325 679 1379 νοούντων
722 1327 1033 1399 δεχόμενος,
1079 1330 1465 1400 ἀσφαλιζόσθω
1500 1336 1701 1390 πλέον’
1753 1340 1836 1392 ὅτι
1890 1341 1978 1395 διὰ
2023 1402 2029 1408 ,

410 1413 511 1482 τῆς
566 1414 865 1485 ἱερωσύνης
915 1419 984 1473 τὰ
1034 1422 1135 1491 τῆς
1183 1424 1465 1492 σωτηρίας
1502 1428 1615 1489 τοῖς
1670 1428 1980 1500 ἀνθρώποις

411 1505 752 1573 ἐνεργεῖται,
786 1511 879 1562 καὶ
910 1510 996 1564 διὰ
1035 1513 1138 1582 τῆς
1193 1514 1343 1585 ἱερᾶς
1370 1516 1427 1570 δὲ
1470 1518 1662 1583 θυσίας
1694 1521 1787 1574 καὶ
1821 1520 1979 1590 εύχε-

410 1594 565 1650 λαίου
605 1599 701 1652 καὶ
729 1602 838 1653 τῶν
869 1602 1071 1657 λοιπῶν
1095 1606 1334 1661 τελετῶν
1367 1610 1400 1678 ἠ
1436 1610 1629 1678 ἄφεσίς
1656 1630 1716 1665 τε
1749 1612 1842 1668 καὶ
1876 1614 1979 1667 κά·

414 1686 609 1758 θαρσις
639 1691 864 1756 δίδοται,
896 1695 990 1749 καὶ
1038 1698 1072 1767 ἠ
1104 1699 1391 1766 μετάδοσις
1427 1701 1522 1754 τοῦ
1551 1703 1850 1773 ἀγιασμοῦ,
1885 1705 1981 1759 καλ⁸

414 1781 618 1848 μᾶλλον
636 1783 737 1858 ’τῆς
766 1785 953 1854 χρείας
978 1786 1162 1857 ἔχουσι
1193 1792 1481 1856 κοινωνίας
1509 1796 1542 1864 ἡ
1574 1796 1713 1863 μετά
1738 1798 1976 1867 Χριστοῦ

408 1870 622 1934 ἓνωσις.
658 1873 750 1927 Διδ
790 1877 839 1928 εί
866 1875 1029 1929 πάθει
1067 1894 1152 1942 τις
1177 1880 1386 1951 οἰκείῳ,
1417 1882 1449 1953 ἦ
1484 1884 1559 1948 ὡς
1586 1884 1979 1957 διαφθονούμε-

410 1979 498 2023 νος
536 1964 755 2034 ίερεί,ἢ
792 1965 869 2027 ὡς
918 1971 1389 2037 παρακερδαίνειν
1432 1973 1595 2038 αὐτὸς
1632 1977 1981 2047 βουλόμενος,

409 2053 609 2107 κωλύει
662 2055 761 2123 μὲν
816 2057 1022 2126 ἱερεῦσι
1068 2059 1287 2126 διδόναι,
1319 2061 1351 2131 ἢ
1390 2062 1488 2134 τὴν
1523 2067 1755 2138 φρικτὴν
1791 2068 1984 2125 θυσίαν

405 2142 441 2213 ἢ
476 2144 543 2197 τά
572 2144 666 2199 τοῦ
687 2146 966 2217 εύχελαίου
988 2150 1241 2219 γενέσθαι
1270 2154 1411 2223 ὑπέρ
1444 2173 1612 2225 τινος,
1649 2160 1984 2229 προφασίζε-

407 2250 498 2287 ται
530 2236 585 2289 δὲ
628 2237 727 2305 τὴν
782 2240 1178 2313 ἐλεημοσύνην,
1214 2246 1310 2299 καὶ
1354 2245 1515 2301 τοῦτο
1564 2252 1818 2318 κρεῖσσον
1843 2247 1983 2307 εἶναι

406 2327 629 2383 πάντων
649 2330 799 2397 φησὶ,
822 2335 914 2386 καὶ
933 2334 1226 2406 ἀποστερεῖ
1245 2353 1367 2392 τινα
1387 2339 1498 2393 τῶν
1520 2341 1727 2394 πιστῶν
1750 2344 1850 2414 τῆς
1875 2344 1983 2397 ἀπὸ

405 2419 499 2473 τοῦ
527 2421 682 2487 ἁγίου
707 2423 889 2478 ελαίου
913 2425 1009 2479 καὶ
1047 2428 1156 2481 τῶν
1182 2430 1359 2500 εὐχῶν
1388 2431 1731 2502 καθάρσεως,
1766 2436 1861 2488 καὶ
1884 2436 1980 2488 τοῦ

406 2509 550 2565 θιίου
576 2513 684 2567 ἀπὸ
700 2516 797 2584 τῆς
817 2518 1150 2590 κοινωνίαςῆ
1172 2523 1483 2592 ἱερουργίας
1502 2526 1797 2595 ἀγιασμοῦ,
1819 2527 1983 2589 αὐτὸς

404 2604 497 2657 τὶν
513 2607 640 2676 περὶ
655 2607 848 2661 τούτου
864 2609 1023 2680 λόγον
1040 2614 1238 2681 μᾶλλον
1256 2616 1867 2689 ἀπαιτηθήσεται.ῐ1λὴν
1885 2620 2005 2673 καὶ·

404 2695 634 2751 ἕκαστον
662 2700 771 2753 τῶν
791 2702 1209 2773 ἁμαρτημάτων
1224 2708 1284 2760 τὸ
1303 2710 1503 2763 οίκεϊον
1525 2710 1636 2777 ἕξει
1658 2712 1752 2763 καὶ
1786 2712 1981 2766 ἀνάλο-

405 2794 828 2864 γονὲπιτίμιον,
885 2799 982 2851 καὶ
1014 2800 1073 2851 οὐ
1108 2800 1287 2855 πάντα
1336 2802 1406 2855 δι’
1432 2803 1553 2865 ἐνὸς
1602 2804 1816 2857 ἔσονται
1850 2821 1981 2872 συγ-

404 2884 730 2953 χωρούμενα
752 2902 765 2916 ·
800 2888 915 2941 ἀλλ’
939 2890 988 2942 εί
1014 2890 1113 2957 μὲν
1144 2893 1303 2959 φόνος
1325 2894 1410 2962 εἴη
1434 2894 1496 2946 τὸ
1526 2894 1800 2965 ἔγκλημα,
1838 2898 1978 2967 μετά

403 2974 497 3025 τὸν
527 2976 730 3030 κανόνα
759 2978 855 3048 τῆς
893 2979 1225 3049 Ἐκκλησίας
1266 2985 1360 3037 καὶ
1397 2986 1749 3055 αἰχμαλώτου
1777 2988 1974 3059 λύτρον

406 3063 549 3134 ὑπὲρ
581 3065 677 3118 τοῦ
738 3069 1125 3139 ἡμαρτηκότος
1179 3072 1396 3127 καὶτοῦ
1432 3075 1753 3143 τεθνηκότος
1781 3077 1830 3127 εἰ
1877 3062 1981 3130 πει

2083 624 2222 680 opus
2247 620 2429 677 erant,
2460 624 2510 666 et
2546 613 2633 666 bis
2677 614 2769 680 qui
2805 626 3015 667 mecum
3064 618 3189 663 sunt
3218 609 3664 663 ministraverunt

2085 717 2278 757 manus
2307 703 2423 757 ista:
2456 703 2523 757 ¹⁸.
2567 722 2585 754 ι
2617 702 2795 769 Quare
2829 701 3139 755 moderator
3178 700 3484 753 animarum
3530 697 3663 751 nihil

2082 805 2254 862 prope
2282 793 2350 847 ab
2379 794 2576 848 oblatis
2631 794 2919 849 desumere
2969 794 3150 857 debet,
3200 792 3245 846 si
3296 792 3407 845 ﬁeri
3441 797 3621 859 potest
3646 826 3663 851 ,

2082 882 2185 937 nisi
2222 883 2364 938 forte
2402 900 2625 939 necesse
2662 884 2863 938 habeat
2891 883 3085 939 alienis
3127 880 3536 936 difﬁcultatibus
3565 878 3664 933 ob-

2081 974 2289 1038 venire,
2333 984 2428 1029 aut
2475 990 2614 1044 opus
2647 976 2847 1031 habeat
2876 978 2928 1029 in
2955 976 3159 1030 victum
3195 983 3249 1028 et
3283 974 3334 1027 in
3368 972 3663 1027 vestimen-
3766 992 3773 999 -

2082 1071 2219 1127 ῑιιιιι,
2253 1080 2359 1118 non
2394 1064 2679 1133 splendide
2712 1067 2927 1133 quidem
2962 1066 3295 1134 impendere,
3321 1062 3415 1119 sed
3440 1070 3658 1116 tantum

2082 1161 2245 1224 prout
2278 1170 2499 1210 necesse
2530 1156 2710 1219 habet,
2737 1167 2793 1210 et
2825 1158 3020 1212 fundat
3056 1172 3266 1225 preces,
3301 1164 3353 1209 et
3389 1152 3656 1209 sacriﬁcia

2081 1245 2192 1301 Deo
2222 1247 2511 1315 adimpleat
2546 1263 2641 1316 pro
2670 1247 2948 1314 offerente,
2978 1264 3275 1317 pauperum
3299 1246 3654 1307 recordatus;

2081 1355 2190 1394 non
2222 1339 2361 1393 enim
2401 1340 2517 1408 ipse
2544 1342 2717 1402 solus,
2753 1342 2845 1395 sed
2893 1341 3071 1394 adhuc
3125 1340 3301 1394 (πριοιί
3341 1338 3430 1407 jus
3459 1337 3661 1390 habent

2081 1430 2136 1485 in
2169 1430 2304 1485 tales
2333 1429 2565 1486 fructus.
2634 1432 2700 1485 Et
2728 1433 2772 1485 si
2809 1431 3057 1499 privatus
3084 1432 3289 1500 aliquis
3322 1444 3351 1483 a
3390 1427 3661 1497 paeniten-

2083 1519 2226 1575 tibus
2256 1520 2506 1589 recipiat,
2544 1530 2735 1576 caveat
2770 1523 2964 1589 magis,
2995 1523 3121 1591 quia
3162 1537 3259 1590 per
3292 1518 3657 1576 sacerdotium

2081 1612 2229 1667 salus
2261 1612 2576 1668 hominibus
2615 1614 2888 1681 Provenit,
2924 1624 2978 1667 et
3012 1614 3141 1682 quia
3175 1628 3271 1680 per
3303 1611 3544 1665 divinum
3571 1623 3662 1663 sa-

2080 1699 2371 1765 criﬁcium,
2402 1717 2498 1771 per
2532 1718 2747 1758 sacrum
2777 1702 2953 1757 oleum
2986 1713 3038 1755 et
3062 1717 3156 1772 per
3185 1711 3411 1757 creteras
3440 1708 3658 1755 sanctas

2079 1793 2437 1847 czeremonias
2467 1794 2623 1847 venia
2658 1794 2985 1849 conceditur
3016 1802 3070 1848 et
3104 1793 3418 1848 innocentia
3453 1792 3662 1846 resta‘u-

2086 1892 2259 1945 ratur,
2282 1890 2337 1937 et
2360 1883 2704 1952 participatio
2729 1884 3182 1938 sanctificationis
3202 1883 3318 1947 Dei,
3346 1892 3401 1937 et
3422 1881 3663 1935 maxime

2083 1973 2217 2027 unio
2244 1987 2364 2026 cum
2393 1972 2612 2027 Christo
2643 1989 2743 2043 per
2770 1972 2975 2029 fructus
3000 1972 3432 2028 communionis.
3474 1971 3656 2036 Quare

2085 2060 2131 2117 si
2177 2062 2440 2119 acciderit
2473 2065 2635 2119 alicui
2681 2073 2741 2118 ut
2773 2066 2855 2120 vel
2882 2065 3083 2121 invidia
3114 2079 3240 2135 erga
3278 2062 3618 2119 sacerdotem
3644 2099 3664 2127 ,

2083 2151 2166 2205 vel
2191 2166 2285 2220 spe
2315 2153 2518 2223 proprii
2547 2154 2816 2209 commodi
2846 2164 2901 2209 et
2934 2153 3069 2208 lucri
3098 2192 3113 2217 ,
3168 2152 3463 2223 prohibeat
3510 2149 3664 2204 obla-

2084 2243 2266 2299 tiones
2320 2243 2435 2299 ﬁeri
2476 2246 2886 2311 sacerdotibus,
2949 2245 3034 2299 vel
3090 2243 3273 2299 offerri
3326 2241 3658 2298 sacriﬁcium

2085 2336 2451 2400 tremendum,
2480 2337 2563 2391 vel
2608 2339 2805 2393 conﬁci
2839 2338 3021 2393 oleum
3055 2351 3270 2392 sacrum
3318 2350 3416 2403 pro
3452 2336 3661 2404 aliquo,

2086 2427 2485 2495 eleemosyuam
2510 2442 2640 2481 vero
2675 2429 3015 2495 praetendat,
3058 2428 3215 2496 quasi
3266 2427 3338 2482 sit
3385 2427 3499 2480 hinc
3545 2441 3665 2480 om-

2086 2519 2234 2572 nium
2270 2518 2540 2572 bonorum
2575 2520 2895 2583 maximum,
2937 2530 2991 2575 et
3030 2520 3102 2573 ita
3135 2521 3372 2587 aliquem
3423 2519 3659 2572 ﬁdelium

2084 2618 2268 2663 arceat
2292 2624 2321 2661 a
2355 2610 2725 2678 comparanda
2763 2610 3077 2665 innocentia
3106 2626 3228 2680 qua:
3258 2626 3323 2664 ex
3358 2624 3515 2663 sacro
3537 2610 3659 2663 oleo

2082 2701 2378 2766 obtinetur,
2399 2701 2482 2755 vel
2508 2716 2537 2755 a
2568 2701 2748 2755 divina
2780 2701 3154 2756 benedictione
3175 2716 3297 2770 qua!
3312 2715 3379 2754 ex
3410 2714 3659 2756 commu-

2084 2794 2247 2847 nione
2285 2802 2379 2847 aut
2418 2794 2689 2848 sacriﬁcio
2730 2794 3053 2863 percipitur,
3087 2792 3175 2847 ille
3215 2793 3449 2847 maxime
3484 2794 3645 2860 hujus

2082 2883 2325 2939 criminis
2382 2895 2649 2938 rationem
2707 2882 2934 2938 reddere
2981 2882 3225 2937 debebit.
3274 2884 3483 2937 Interea
3529 2896 3658 2936 vero

2082 2984 2340 3030 caveatur
2374 2976 2598 3046 insuper
2642 2976 2875 3045 singulis
2907 2976 3149 3047 peccatis
3189 2991 3341 3030 suam
3376 2977 3653 3043 propriam

2080 3066 2267 3121 deberi
2301 3066 2552 3129 multam,
2596 3080 2695 3120 nec
2723 3068 2907 3120 omnia
2946 3066 3136 3121 eodem
3182 3066 3344 3120 modo
3382 3063 3652 3132 expianda

406 3158 651 3225 ριουσίαν
683 3158 712 3211 δ
744 3159 1012 3225 φονεύσας
1043 3162 1179 3231 ἔχει,
1234 3166 1469 3230 γινέσθω
1514 3167 1664 3237 ψυχὴ
1716 3169 1838 3223 ἀντὶ
1876 3171 1972 3236 τῆς

2080 3171 2203 3213 esse
2256 3167 2309 3211 et
2367 3157 2711 3211 remittenda.
2763 3156 2820 3211 Si
2871 3172 3002 3225 ergo
3048 3164 3243 3225 agatur
3267 3157 3335 3210 de
3373 3151 3655 3209 homicidii

401 3247 618 3317 ψυχῆς·
657 3252 705 3303 εί
729 3252 785 3303 δέ
819 3270 882 3319 γε
917 3254 1161 3321 ὲμὸρύου
1193 3257 1455 3326 ἀποϐολὴ,
1493 3259 1559 3312 δι’
1589 3260 1855 3332 ἅναδοχῆς
1883 3263 1978 3316 καὶ

402 3339 718 3410 ἀνατροφῆς
748 3343 965 3412 πτωχοῦ
1003 3349 1202 3415 νηπίου
1253 3349 1535 3419 ἡίατρεία
1593 3353 1756 3407 ἔστω.
1812 3355 1872 3406 El
1920 3354 1978 3408 δὲ

402 3429 629 3499 πορνεία
654 3430 686 3501 ἢ
718 3433 933 3502 μοιχεία
951 3435 985 3504 ἦ
1015 3451 1100 3498 τις
1121 3436 1459 3508 ἀκαθαρσία,
1484 3439 1555 3491 δι’
1582 3441 1796 3511 ἀποχῆς
1823 3442 1977 3513 πρῶ-

400 3537 494 3575 τον
529 3521 629 3591 μὲν
656 3523 751 3577 τοῦ
801 3525 1143 3596 πταίσματος
1193 3528 1286 3582 καὶ
1318 3532 1421 3599 τῆς
1455 3532 1751 3602 ἁμαρτίας,
1779 3533 1976 3588 ἔπειτα

399 3612 457 3665 δι
480 3613 571 3667 διὰ
592 3615 689 3683 τῆς
710 3614 855 3670 κατὰ
871 3616 1102 3687 δύναμιν
1122 3621 1489 3684 κακοπαθείας
1505 3624 1607 3690 τῆς
1632 3625 1835 3695 σαρκός
1854 3642 1867 3656 ·
1892 3628 1975 3682 ὅτι

401 3705 496 3758 καὶ
511 3710 725 3777 τρυφῆς
762 3709 860 3763 καὶ
894 3711 1098 3780 σαρκὸς
1113 3713 1305 3783 ἡδονῆς
1325 3715 1385 3767 τὸ
1416 3715 1740 3785 ἁμάρτημα.
1769 3719 1878 3772 Καὶ
1897 3718 1975 3783 ὡς

399 3796 465 3865 τῇ
497 3796 609 3866 Εὔα
629 3797 793 3851 λύπαι
822 3798 943 3852 ἀντὶ
967 3802 1067 3870 τῆς
1093 3802 1310 3870 ἡδονῆς,
1339 3804 1432 3856 καὶ⁵
1458 3803 1538 3872 τῷ
1553 3804 1721 3875 Ἀδάμ
1754 3807 1975 3877 ίδρῶτες

399 3888 493 3939 καὶ
524 3886 780 3954 ἄκανθαι,
810 3890 1010 3958 ὁμοίως
1049 3891 1309 3956 στίνωσις
1342 3895 1544 3963 σαρκὸς
1593 3897 1673 3959 είς
1706 3895 1973 3949 ταπείνω-

402 3992 487 4029 σιν
524 3978 694 4045 αὖτῆς
723 3992 783 4030 τε
815 3981 912 4031 καὶ
947 3981 1190 4050 ίατρείαν
1228 3984 1381 4036 ἔσται
1424 3985 1503 4050 τῷ
1532 3985 1621 4039 διά
1661 3985 1974 4057 φιληδονίας

401 4068 641 4121 πεσόντι.
677 4069 739 4121 El
765 4069 813 4122 δ’
837 4069 899 4122 οὑ
926 4070 1248 4141 προαίρεσις
1280 4074 1400 4127 οὐδὲ
1436 4076 1556 4144 ίσχὺ
1570 4093 1616 4138 ς,
1643 4076 1713 4129 δι’
1744 4077 1973 4145 ἐλεημο-

401 4157 567 4227 σύνης
604 4159 947 4229 ιατρευθὴτω
995 4160 1027 4232 ἢ
1060 4163 1391 4232 ἐγκρατείας
1428 4163 1461 4235 ἦ
1495 4163 1818 4234 λυτρώσεως
1852 4167 1973 4237 αίχ-

403 4250 677 4319 μαλώτου,
712 4250 762 4303 εί
804 4250 1039 4320 εὐπορία
1064 4251 1139 4321 τῷ
1182 4254 1528 4323 ἡμαρτηκότι
1578 4254 1726 4308 ἐστίν
1752 4269 1770 4286 ο
1809 4257 1859 4310 εί
1911 4257 1969 4312 δὲ

398 4340 613 4405 ἀδικίας
660 4341 798 4411 ἔργα
852 4342 1075 4413 συνέϐη,
1118 4344 1206 4399 διά
1238 4344 1337 4412 τῆς
1408 4346 1722 4408 ἀποδόσεως
1747 4346 1843 4400 τοῦ
1871 4347 1969 4417 λη-

2080 3257 2256 3316 reatu,
2310 3248 2609 3304 secundum
2658 3250 2916 3305 Ecclesia:
2962 3265 3219 3314 canones,
3276 3251 3322 3305 si
3376 3249 3652 3304 occidenti

2080 3339 2242 3394 fuerit
2272 3339 2501 3395 fortunze
2520 3342 2698 3408 copia,
2723 3356 2820 3409 pro
2839 3356 2898 3394 se
2928 3350 2981 3395 et
3012 3356 3110 3410 pro
3141 3341 3321 3396 occiso
3336 3340 3655 3409 expiaturus

2078 3431 2253 3486 solvet
2283 3433 2519 3500 pretium
2545 3434 2708 3487 unius
2734 3432 2955 3501 captivi,
3001 3442 3056 3487 et
3080 3432 3162 3489 sic
3210 3434 3314 3487 erit
3342 3433 3520 3485 anima
3554 3448 3652 3499 pro

2077 3522 2283 3577 anima.
2315 3522 2372 3577 Si
2405 3522 2571 3578 fuerit
2598 3523 2915 3589 abortivus,
2956 3523 3342 3578 remissionem
3379 3536 3655 3579 mereatur
3700 3542 3713 3551 ν

2076 3612 2270 3667 alendo
2305 3620 2361 3666 et
2389 3612 2676 3668 educando
2747 3628 3043 3683 pauperem
3095 3614 3332 3683 aliquem
3365 3613 3651 3669 infantem.

2083 3703 2140 3759 Si
2171 3705 2238 3759 de
2274 3705 2638 3759 fornicatione
2682 3715 2899 3774 agatur,
2952 3706 3039 3759 vel
3093 3707 3385 3773 adulterio,
3432 3707 3514 3761 vel
3546 3708 3650 3761 alia

2075 3794 2271 3865 quavis
2300 3795 2636 3861 impuritate.
2659 3796 2915 3851 remissio
2938 3798 3027 3851 fiet
3060 3799 3235 3865 primo
3272 3812 3363 3867 per
3388 3800 3653 3853 cessatio-

2076 3899 2199 3938 nem
2235 3885 2407 3953 culpae
2452 3896 2507 3939 et
2557 3886 3029 3955 peccatiuleinde
3063 3902 3285 3941 carnem
3340 3904 3440 3957 pro
3486 3906 3650 3958 posse

2075 3977 2415 4046 castigando,
2451 3978 2578 4046 quia
2609 3986 2891 4046 peccatum
2929 3978 3033 4032 fuit
3061 3978 3116 4033 in
3159 3979 3385 4034 mollitie
3416 3990 3471 4035 et
3500 3982 3651 4037 volu-

2074 4076 2223 4138 ptate
2256 4067 2463 4123 carnis.
2520 4066 2587 4121 Et
2630 4067 2773 4123 sicut
2807 4068 2926 4123 Eva:
2956 4069 3170 4124 dolores
3213 4084 3311 4139 pro
3342 4070 3640 4139 voluptate,

2072 4165 2127 4210 et
2149 4156 2359 4211 Adamo
2384 4158 2611 4213 sudores
2640 4168 2693 4212 et
2722 4159 2951 4213 tribulos
2984 4170 3038 4215 et
3060 4161 3247 4228 spinas
3285 4162 3527 4218 minatus
3551 4175 3640 4218 est

2076 4249 2239 4313 Deus,
2264 4248 2335 4303 ita
2365 4250 2641 4320 reprcssio
2692 4251 2876 4306 carnis
2904 4252 2972 4306 sit
2998 4252 3049 4306 in
3072 4252 3190 4322 ejus
3212 4253 3645 4309 humiliatioueut

2070 4349 2122 4393 et
2150 4339 2488 4395 sanationem
2528 4340 2602 4395 illi
2633 4341 2726 4410 qui
2758 4344 3201 4412 concupiscentia
3229 4344 3414 4398 carnis
3447 4358 3611 4412 pecca

398 4431 628 4499 φθὲντος
660 4432 816 4486 ἔσται
833 4434 934 4503 τῆς
956 4435 1235 4505 ἁμαρτίας
1262 4436 1573 4507 ἀπαλλαγή.
1593 4437 1747 4508 Ἐλεη
1759 4437 1965 4509 μοσύνη

2077 4432 2169 4484 vit.
2206 4430 2263 4485 Si
2298 4445 2427 4485 vero
2466 4445 2566 4485 nec
2610 4432 2733 4486 vita:
2771 4446 2963 4501 genus,
2990 4448 3091 4488 nec
3120 4434 3410 4488 inﬁrmitas
3438 4436 3639 4497 obstet,

397 4496 456 4577 δὲ
487 4524 627 4578 κατὰ
680 4525 771 4579 τὸν
805 4496 1380 4598 Ζακήχαίονίκάθαρσις
1587 4528 1681 4582 τοῦ
1851 4496 1966 4585 άδιἐ

2077 4521 2449 4593 paenitentiam
2480 4522 2643 4577 faciet
2673 4496 2797 4593 peri
2810 4523 3228 4595 eleemosyuam,
3257 4496 3639 4581 abstinentiam

397 4615 523 4678 κίας
575 4617 672 4671 καὶ
700 4619 953 4689 ἁρπαγῆς
982 4620 1356 4691 ἐγκλήματος.
1392 4622 1453 4675 El
1494 4622 1551 4675 δὲ
1583 4621 1901 4693 βλασφημία
1932 4623 1965 4695 ἢ

401 4708 630 4779 ἄρνησίς
665 4726 774 4763 τινι
829 4711 1043 4779 γέγονε,
1077 4713 1164 4766 διὰ
1209 4713 1520 4784 προσευχῆς
1569 4714 1849 4784 συνεχοῦς,
1882 4713 1971 4767 ῐνα

397 4799 495 4866 τὴν
528 4798 876 4870 βλασφημίαν
907 4802 1084 4876 ἰξέλῃ,
1122 4805 1215 4859 καὶ
1247 4805 1517 4873 δακρύων,
1556 4805 1623 4858 ἵν’
1670 4803 1968 4875 ἐκπλυνθῇ,

399 4890 493 4943 καὶ
523 4891 895 4963 ὲλεημοσύνης
926 4893 996 4945 ἶν’
1042 4894 1229 4957 ἐλέους
1283 4894 1518 4965 ἐπιτύχῃ
1575 4893 1850 4964 ἀθετήσας
1877 4894 1970 4947 τὸν

400 4983 649 5054 ποιητὴν,
670 4984 763 5038 καὶ
787 4983 1119 5055 ιγκρατείας
1142 4985 1230 5039 διὰ
1253 4987 1353 5049 τὰς
1378 4986 1730 5061 κρεωφαγίας
1757 4985 1969 5050 καὶτὰς

399 5074 745 5144 ἀκαθάρτους
768 5076 932 5137 ἄλλας
954 5077 1182 5145 τροφάς.
1222 5077 1509 5147 Ἐπιορκία
1533 5076 1589 5129 δὲ
1619 5079 1668 5129 εί
1700 5076 1966 5146 συμϐαίη,

397 5162 432 5232 ἢ
462 5164 680 5235 διαϐολή
719 5184 865 5230 τινος
900 5168 1039 5237 πρὸς
1067 5169 1277 5240 ἕτερον,
1325 5170 1357 5240 ἦ
1394 5169 1655 5239 προδοσία
1697 5167 1834 5239 πρὸς
1870 5169 1968 5238 ἄρ-

400 5257 565 5323 χοντα
590 5258 918 5322 πταίσαντος
956 5259 988 5329 ἢ
1019 5261 1094 5330 μὴ
1130 5261 1481 5324 πταίσαντος,
1506 5260 1597 5314 διὰ
1630 5259 1738 5313 τῶν
1762 5257 1966 5328 ὁμοίων

397 5345 500 5413 τῆς
543 5345 897 5417 βλασφημίας
942 5349 1371 5420 διορθωθήσεται
1415 5353 1445 5405 ὁ
1480 5350 1685 5416 πεσὼν,
1734 5351 1831 5403 καὶ
1871 5346 1965 5403 τοῦ

399 5437 709 5505 ἀπαλλάξαι
738 5440 831 5493 τὸν
856 5440 1142 5512 ἄνθρωπον
1182 5445 1279 5497 τοῦ
1320 5444 1517 5500 κακοῦ.
1554 5444 1831 5513 Ἐνέχεται
1855 5442 1965 5512 γὰρ

398 5526 557 5579 τοῦτο
580 5530 799 5597 πρῶτον
822 5531 1074 5598 ποιῆσαι,
1107 5534 1156 5586 εί
1185 5535 1437 5597 δύναται.
1469 5534 1545 5596 ὡς
1596 5535 1693 5590 καὶ
1725 5535 1824 5605 τὴν
1852 5534 1967 5587 ἀδι-

403 5619 526 5671 κίαν
587 5622 806 5691 πρῶτον
833 5624 1125 5680 ἀποδοῦναι
1157 5627 1187 5681 6
1218 5628 1486 5702 ἀδικησας
1532 5626 1567 5696 ἢ
1597 5625 1824 5696 κλέψας.
1853 5624 1964 5679 εἴτε

475 5812 516 5842 ³⁵
544 5813 666 5867 Act.
696 5827 782 5879 xx,
815 5813 906 5867 δι.

2066 4621 2161 4668 aut
2184 4614 2609 4685 redemptionem
2628 4615 2846 4682 captivi.
2869 4614 2926 4669 Si
2945 4632 3073 4671 vero
3088 4616 3496 4685 opesinjustitia
3522 4631 3643 4685 par-

2068 4713 2136 4760 ta:
2164 4707 2275 4761 sint
2310 4706 2498 4773 alicui,
2529 4708 2885 4761 restitutione
2919 4707 3081 4762 ablati
3102 4709 3305 4778 peccati
3346 4709 3499 4763 venia
3534 4710 3639 4763 im-

2067 4798 2401 4867 petrabitur,
2434 4807 2492 4852 ut
2523 4798 2734 4854 Zachazi
2766 4814 3051 4854 monemur
3078 4802 3345 4868 exemplo,
3379 4803 3472 4872 qui
3495 4802 3634 4857 elee-

2071 4903 2297 4959 mosyna
2337 4888 2569 4943 redemit
2621 4890 2900 4958 iniustitiae.
2926 4899 2981 4945 et
3013 4892 3251 4947 avaritia
3300 4902 3532 4947 reatum.
3583 4892 3641 4947 Si

2074 4990 2254 5035 autem
2283 4992 2573 5051 peccatum
2606 4980 2955 5053 blasphemia:
2979 4984 3060 5038 vel
3086 4982 3175 5038 Dei
3208 4986 3515 5054 negationis
3542 4986 3641 5038 ali-

2065 5072 2152 5127 cui
2182 5073 2467 5138 acciderit,
2499 5072 2733 5130 assiduis
2760 5084 2915 5129 vacet
2942 5076 3305 5144 orationibus,
3329 5086 3386 5131 ut
3422 5076 3641 5132 miseri-

2063 5162 2305 5219 cordiam
2339 5178 2438 5234 pro
2466 5162 2805 5235 blasphemia
2849 5166 3110 5231 obtineat,
3139 5164 3431 5234 etjugibus
3465 5165 3641 5234 lacry-

2064 5254 2167 5309 mis
2209 5270 2329 5310 eam
2372 5255 2578 5322 abluat,
2609 5259 3047 5328 eteleemosyna,
3082 5264 3142 5311 ut
3188 5256 3442 5311 misereat
3472 5255 3641 5309 Deum

2073 5345 2261 5400 miseri
2319 5345 2504 5414 hujus,
2541 5348 2635 5417 qui
2685 5358 2847 5402 antea
2904 5346 3214 5401 Creatorem
3252 5352 3555 5414 spreverat,
3586 5353 3641 5398 et

2072 5436 2304 5507 denique
2327 5437 2651 5492 abstinentia
2676 5439 2742 5492 ab
2765 5451 2859 5492 esu
2885 5437 3130 5490 carnium
3171 5436 3252 5490 vel
3275 5436 3342 5489 ab
3359 5433 3477 5488 aliis
3507 5448 3643 5503 quo-

2073 5530 2347 5601 quomodo
2374 5530 2621 5601 impuris.
2641 5527 2698 5583 Si
2727 5530 2935 5585 crimen
2957 5529 3178 5600 periuril
3215 5526 3529 5591 incurrerit,
3559 5524 3643 5579 vel

2072 5624 2355 5682 calumniae
2375 5622 2607 5695 alicujus
2623 5632 2812 5679 contra
2839 5621 3170 5693 proximum,
3198 5618 3277 5676 vel
3316 5616 3643 5689 proditionis
