4078 6288
461 358 560 428 931

1248 357 1627 417 SYMEONIS
1669 357 1766 416 ΤΗ
1780 351 2416 416 ESSALONICENSIS
2457 354 2813 416 ARCHIEP.

3598 343 3710 409 932

461 477 561 532 viri
618 475 895 544 principis,
931 472 1601 541 similibus,castigabitur
1666 472 1918 527 remrdiis
1966 485 2028 524 ac

2143 477 2184 528 τί
2216 493 2361 538 τινος
2385 475 2655 544 εὑρηκὼς,
2691 478 2785 524 καὶ
2817 470 3020 540 μᾶλλον
3053 468 3224 520 είκαὶ
3254 465 3439 532 ἐντολὴ
3466 465 3666 533 γέγονε
3689 474 3705 488 ⁸

461 583 588 623 reus
619 567 987 637 blasphemia},
1011 566 1172 620 modo
1199 575 1406 620 avertat
1431 583 1486 619 sc
1521 566 1680 619 homo
1716 580 1743 618 a
1781 578 2017 634 peccato.

460 661 612 727 Quod
654 661 887 730 primum
940 676 1037 729 pro
1090 674 1248 728 posse
1285 658 1524 712 studebit
1576 671 1756 725 agere,
1788 659 1932 712 sicut
1972 666 2028 710 et

462 755 698 824 primum
726 763 940 818 opOrtet
980 764 1038 808 ut
1064 755 1301 807 ablatum
1329 753 1515 808 reddat
1564 753 1764 819 injuste
1787 750 2026 804 retinens

461 843 538 897 vel
571 843 708 896 latro
742 845 822 896 vel
859 844 946 895 ille
993 843 1084 909 qui
1115 843 1338 911 aliquid
1373 842 1579 894 invenit
1611 839 1861 898 alterius,
1913 851 2029 887 rna-

378 936 386 944 ’
459 936 601 988 xime
655 937 698 988 si
743 935 928 1003 jussus
979 935 1176 999 fuerit;
1216 945 1267 987 et
1309 935 1455 986 nulla
1514 933 1600 986 ﬁet
1637 929 1891 984 remissio
1922 927 2027 979 nisi

460 1025 720 1078 reddatur
743 1025 1044 1093 possessori
1073 1025 1272 1091 injuste
1298 1023 1550 1091 spoliato.
1579 1021 1662 1072 vel
1692 1019 1766 1072 illi
1789 1018 1878 1084 qui
1913 1032 2031 1085 perv

465 1113 620 1175 didit,
679 1115 758 1166 vel
811 1129 997 1167 eorum
1049 1113 1174 1166 ﬁliis
1206 1156 1220 1178 ,
1256 1112 1337 1165 vel
1397 1119 1651 1176 erogetur
1705 1107 2030 1175 pauperibus

467 1203 717 1257 lratribus
746 1205 970 1258 arliitrio
1003 1204 1174 1256 Patris
1200 1203 1533 1270 spiritualis;
1579 1199 1815 1266 denique
1854 1197 1906 1249 in
1927 1212 2031 1250 cae-

458 1297 590 1350 teris
628 1296 886 1349 omnibus
941 1296 1208 1364 agendum
1259 1303 1342 1348 est
1389 1302 1446 1347 ιιι
1481 1306 1718 1346 canones
1769 1290 2030 1346 Ecclesia

462 1389 846 1456 pra-scribunt.
875 1387 1005 1442 ideo
1030 1395 1243 1454 oportet
1284 1396 1340 1439 ut
1369 1385 1674 1438 animarum
1709 1383 2030 1451 praepositus

457 1495 551 1532 eos
576 1481 743 1546 probe
777 1489 985 1543 noscat,
1022 1490 1074 1532 et
1104 1494 1196 1532 eos
1225 1477 1287 1531 ad
1315 1479 1520 1546 apicem
1555 1485 1906 1543 exsequatur,
1928 1489 2029 1529 nec

462 1570 709 1624 absolvat
739 1571 1118 1640 inopportune,
1156 1569 1346 1624 laxiori
1379 1568 1588 1624 scilicet
1624 1567 2026 1631 misericordia,

461 1677 580 1730 quae
605 1663 798 1729 perdit,
829 1661 956 1715 dum
984 1675 1090 1715 non
1118 1673 1272 1715 cavet
1327 1669 1386 1714 ttt
1448 1659 1849 1728 impensissima
1897 1671 2027 1711 cura

463 1754 831 1808 innocentiam
871 1753 1133 1822 inquirat,
1164 1768 1233 1807 ne
1256 1753 1310 1806 in
1334 1751 1768 1820 desperationem
1798 1749 2024 1803 incidat.

461 1841 656 1894 Omnia
693 1843 746 1895 in
789 1842 1027 1909 perfecta
1065 1855 1330 1894 mensura
1384 1835 1512 1892 Sunt
1563 1837 1806 1892 facienda
1848 1852 1862 1890 :
1907 1851 2028 1905 per-

467 1931 608 1986 lecta
645 1942 820 1985 autem
867 1947 1123 1986 mensura
1157 1939 1490 1996 sanctorum,
1521 1947 1618 2000 per
1660 1945 1796 1997 quos
1837 1929 1889 2002 in
1926 1943 2028 1982 nos

463 2033 525 2078 ut
580 2024 778 2077 donum
829 2024 1143 2085 descendit;
1175 2033 1228 2078 et
1260 2024 1312 2076 in
1358 2023 1518 2077 nobis
1555 2022 1696 2084 erit,
1735 2021 2028 2074 dummodo

463 2130 650 2169 eorum
697 2117 944 2186 exempla
993 2117 1146 2184 sequi
1193 2116 1451 2169 nitamur.
1495 2113 1609 2166 Erit
1653 2127 1781 2182 ergo
1824 2113 2028 2181 judicio

463 2216 774 2261 sanctorum
801 2207 1148 2276 indulgentia:
1167 2207 1304 2260 ratio
1327 2221 1449 2273 erga
1475 2219 1570 2258 eos
1591 2206 1680 2272 qui
1705 2204 2025 2258 industriam

461 2301 752 2370 diligenter
805 2300 1038 2354 afferent
1070 2342 1082 2363 ,
1119 2311 1170 2356 et
1206 2299 1413 2354 fervide
1445 2298 1773 2367 poenitentes
1815 2295 1970 2365 longe
2000 2309 2028 2348 ιι

462 2393 611 2446 malo
644 2393 950 2454 discedent,
984 2391 1222 2458 iudicem
1265 2394 1343 2447 sic
1365 2390 1719 2459 prepitiatum
1747 2388 2030 2449 habentes,

461 2484 608 2538 intro
642 2485 912 2552 accipient
952 2485 1256 2538 mercedem
1294 2485 1358 2536 ad
1380 2495 1690 2536 mensuram
1725 2478 1954 2533 fervoris
1980 2485 2033 2530 et

464 2577 796 2643 paenitentiae
825 2578 891 2629 de
920 2576 1064 2630 bono
1102 2576 1393 2644 promisso.
1429 2571 1550 2627 Uno
1575 2572 1743 2625 verbo
1771 2574 1824 2624 in
1856 2570 2034 2622 omni-

463 2667 568 2720 bus
590 2668 884 2720 viventium
915 2668 1152 2737 peccatis
1174 2667 1506 2736 prmcipuum
1530 2679 1667 2732 opus
1685 2671 1738 2715 et
1761 2663 2032 2716 cllicacius

465 2767 547 2814 est
575 2760 912 2829 captivorum
971 2761 1311 2828 redemptio,
1364 2760 1429 2811 ad
1491 2765 1673 2827 typum
1740 2755 2033 2808 ercetionis

465 2852 660 2906 animae
710 2853 776 2906 ab
813 2853 1090 2922 impietate
1128 2861 1181 2904 et
1212 2866 1241 2904 a
1279 2849 1541 2904 servitute
1586 2846 1832 2916 peccati,
1887 2847 2031 2915 quod

468 2952 552 2999 est
605 2959 634 2997 a
688 2953 863 2998 morte
914 2942 1234 3010 redemptio,
1296 2941 1533 3009 primunt
1596 2940 1738 2994 inter
1798 2938 2032 2991 maxima

466 3049 654 3105 opera,
693 3043 747 3088 et
777 3035 954 3104 operit
981 3033 1382 3086 multitudinem
1415 3039 1787 3104 peccatorum,
1817 3037 1873 3082 ut
1902 3028 2036 3083 scri-

2129 566 2224 622 καὶ
2253 567 2406 621 ούδέν
2440 567 2593 618 ἔσται
2636 567 2698 617 τὸ
2724 564 2871 622 λύον,
2901 563 2948 614 εἰ
2987 560 3129 628 μὴῆ
3182 558 3264 627 τῷ
3292 556 3628 623 ἀδικηθέντι,
3671 557 3705 624 ἢ

2129 660 2206 728 τῷ
2240 658 2560 711 ἁπολέσαντι
2596 654 2798 724 ἀποδῷ,
2830 655 2862 723 ἢ
2919 654 3029 712 τοῖς
3068 650 3282 712 τέκνοις
3309 647 3496 710 αὑτοῦ,
3526 648 3557 717 ἦ
3589 649 3707 705 τοῖς

2133 755 2358 822 πένησιν
2387 751 2637 816 ἀδελφοῖς
2686 746 2958 814 διακρίσει
3013 742 3388 813 πνευματικοῦ
3442 738 3704 809 Πατρός·

2133 842 2229 894 καὶ
2258 845 2314 894 ἐν
2347 843 2460 902 τοῖς
2493 839 2698 899 λοιποῖς
2729 839 2864 890 πᾶσι
2901 839 3097 896 ποιεῖν,
3146 837 3221 896 ὡς
3253 834 3301 886 oi
3333 833 3552 891 κανόνες
3583 831 3706 882 δια·

2134 932 2469 985 κελεύονται.
2502 931 2592 982 Διὸ
2615 929 2720 998 χρὴ
2748 930 2838 981 τὸν
2865 927 3254 994 οίκονομοῦντα
3274 923 3452 992 ψυχὰς
3474 919 3706 980 τούτους

2133 1024 2358 1086 εἰδέναι,
2390 1023 2485 1074 καὶ
2507 1022 2646 1074 κατὰ
2669 1021 2759 1072 τὸν
2785 1021 2908 1086 ὅρον
2952 1022 3148 1080 ποιεῖν,
3185 1016 3282 1069 καὶ
3319 1016 3456 1082 μήτε
3477 1012 3706 1079 ἀφιέναι

2131 1117 2398 1183 ἀκαίρως.
2459 1112 2762 1180 συμπαθῶς
2831 1110 3017 1178 δῆθεν,
3071 1109 3154 1160 ὅτι
3221 1105 3504 1165 ἀπόλλυσι,
3573 1099 3705 1170 μήθ’

2131 1205 2481 1274 ὑπερϐαίνειν
2747 1201 2821 1263 ὡς
2869 1200 3029 1267 δῆθεν
3087 1194 3550 1263 ἐξακριϐούμενον
3606 1191 3704 1243 καὶ

2121 1297 2375 1367 ,καθαρὸν
2410 1294 2564 1352 ὅντα,
2601 1294 2685 1343 ἵνα
2725 1290 2797 1359 μὴ
2855 1287 3200 1357 παραπέμψει
3235 1287 3301 1353 τῇ
3351 1279 3700 1347 ἀπογνώσει·

2130 1393 2185 1444 ἐν
2217 1391 2424 1460 ἀρίστῳ
2456 1387 2512 1439 δὲ
2569 1385 2752 1452 μέτρῳ
2788 1381 2966 1434 πάντα
3018 1382 3195 1431 ποιεῖν
3220 1391 3234 1406 ·
3283 1378 3505 1441 ἁριστον
3547 1373 3606 1424 δέ
3641 1370 3703 1422 τὸ

2128 1483 2237 1534 τῶν
2265 1482 2435 1549 ἁγίων
2461 1495 2473 1508 ·
2505 1479 2586 1530 ὅτι
2629 1478 2724 1528 καὶ
2756 1474 2824 1527 δι’
2859 1473 3040 1526 αὐτῶν
3097 1471 3177 1530 είς
3215 1469 3364 1535 ἡμᾶς
3409 1469 3441 1534 ἠ
3491 1462 3700 1529 δωρεά·

2130 1574 2227 1627 καὶ
2267 1573 2421 1623 ἔσται
2447 1572 2504 1621 ἐν
2535 1570 2690 1636 ἡμῖν,
2723 1567 2772 1617 εί
2818 1565 2891 1616 rit
2922 1562 3153 1614 ἐκείνων
3179 1561 3369 1630 τηρεῖν
3404 1555 3703 1618 σπουδάζο-

2133 1682 2253 1735 μεν.
2305 1666 2504 1717 Ἔσται
2562 1661 2618 1712 es
2675 1656 2798 1710 κατ’
2847 1654 3042 1714 αὐτοὺς
3095 1651 3189 1705 καὶ
3239 1647 3704 1716 συγκατασὰσεως

2129 1757 2332 1828 τρόπος
2378 1755 2492 1815 τοῖς
2544 1747 2852 1819 προθυμίαν
2914 1741 3354 1811 ἐπιδεικνυμένοις
3394 1741 3488 1792 καὶ
3533 1754 3704 1807 μετα-

2135 1827 2317 1902 νοοῦσι
2347 1843 2568 1913 θερμῶς
2611 1841 2706 1894 καλ.
2735 1837 2828 1890 τοῦ
2862 1835 3036 1889 κακοῦ
3083 1831 3499 1901 ἀφισταμένοις,
3531 1827 3580 1881 οἳ
3610 1827 3705 1880 καὶ

2136 1942 2232 1994 τὸν
2271 1939 2481 2009 ίκριτὴν
2513 1934 2805 1994 ἱλεοῦνται,
2837 1931 2932 1984 καὶ
2992 1924 3319 1996 μεταδοῦναι
3354 1921 3566 1982 τούτοις
3607 1917 3704 1971 καὶ

2139 2033 2286 2086 ἔνδον
2315 2007 2408 2082 τοῦ
2439 2026 2746 2095 ὡρισμένου
2777 2021 2870 2074 τοῦ
2904 2018 3112 2086 ἀγαθοῦ
3154 2015 3246 2069 διὰ
3276 2013 3337 2066 τὸ
3371 2011 3573 2080 θερμὸν
3605 2007 3702 2060 καὶ

2137 2124 2236 2195 τὴν
2263 2121 2576 2193 μετάνοιαν,
2611 2115 2838 2184 ἀγαθόν.
2882 2110 3098 2171 Ἀπλῶς
3119 2109 3174 2161 δέ
3203 2109 3260 2159 ἐν
3283 2105 3399 2169 τοῖς
3429 2104 3535 2156 τῶν
3565 2100 3703 2158 ζών-

2138 2234 2245 2271 των
2268 2212 2634 2282 ἁμαρτήμασι
2659 2208 2826 2260 πᾶσιν
2855 2205 2888 2273 ἡ
2926 2203 3031 2254 τῶν
3060 2196 3428 2268 αἰχμαλώτων
3455 2193 3699 2262 ἁνὰρῤυ·

2139 2325 2224 2367 at:
2283 2302 2659 2378 προτιμοτέρα
2719 2297 2827 2350 τῶν
2881 2294 3059 2348 ἄλλων
3120 2291 3335 2360 ἔργων·
3375 2288 3459 2340 ὅτι
3487 2283 3709 2352 πρῶτον

2141 2399 2342 2459 παντὸς
2373 2397 2535 2465 ἔργου
2569 2394 2631 2446 τὸ
2678 2391 2858 2461 ψυχὴν
2909 2388 3196 2454 ἐξαγαγεῖν
3239 2384 3346 2437 ἀπὸ
3368 2380 3625 2439 ἀσεϐείας
3647 2392 3708 2429 τε

2140 2487 2234 2540 καὶ
2285 2485 2567 2545 δουλείας·
2605 2483 2632 2534 ὃ
2668 2483 2815 2532 ἐστιν
2846 2479 2910 2530 ἐκ
2950 2477 3190 2529 θανάτου
3235 2473 3527 2539 ἐξαγαγεῖν
3553 2483 3569 2500 ·
3614 2466 3709 2519 καὶ

2138 2579 2298 2631 τοῦτο
2329 2576 2597 2629 καλύπτει
2657 2570 2862 2639 πλῆθος
2912 2567 3224 2638 ἁμαρτιῶν,
3261 2565 3336 2626 ὡς
3373 2563 3707 2628 γέγραπται.

2146 2673 2380 2723 Ἔπειτα
2433 2665 2772 2735 ἐλεημοσύνη
2832 2665 2882 2714 εί
2947 2662 3020 2729 μὴ
3079 2657 3262 2717 ἱκανὸς
3322 2655 3436 2724 βίος
3499 2651 3587 2720 εἴη
3633 2648 3712 2716 τῷ

2142 2761 2526 2831 ἁμαρτήσαντι
2553 2774 2566 2787 ·
2614 2758 2673 2808 ἐν
2711 2754 2883 2824 ταύτῃ
2923 2753 2981 2806 δὲ
3010 2747 3250 2821 ὀρφανοῦ
3299 2747 3527 2814 πρόνοια
3573 2744 3711 2810 ἁπο-

2149 2853 2412 2924 ρουμένου
2446 2867 2504 2902 τε
2541 2850 2634 2902 καὶ
2663 2846 2905 2915 πτωχοῦ,
2959 2841 3437 2912 προτιμηθήσεται
3467 2835 3697 2904 μᾶλλον·

2144 2943 2262 2998 εἶτα
2291 2941 2694 2995 *ἀσθενούντων
2738 2939 2833 2990 καλ⁸
2877 2936 2986 2988 τῶν
3036 2935 3092 2985 ἐν
3143 2931 3414 3000 φυλακαῖς
3471 2924 3708 2980 καὶτῶν

2143 3035 2352 3088 λοιπῶν
2388 3024 2702 3100 ἐπιμέλεια.
2729 3029 2810 3081 Τὰ
2851 3026 2961 3078 τῶν
2990 3021 3351 3090 λειτουργιῶν
3375 3019 3431 3070 δὲ
3473 3015 3708 3084 γινέσθω

472 3103 622 3198 ptum
657 3137 741 3183 est
768 3129 809 3184 ί.
851 3125 1053 3181 Deinde
1079 3129 1122 3180 si
1170 3126 1350 3179 minus
1381 3125 1616 3193 copiosae
1648 3127 1890 3191 peccanti
1923 3121 2036 3174 fue-

2153 3125 2292 3195 μετὰ
2350 3122 2414 3175 τὸ
2446 3121 2644 3189 στῆναι
2684 3120 2775 3172 τὸν
2815 3115 3122 3168 πταίσαντα
3153 3112 3250 3180 τῆς
3279 3108 3576 3178 ἁμαρτίας,
3615 3103 3711 3158 καὶ

470 3223 578 3276 rint
611 3238 763 3292 opes,
804 3221 1151 3290 eleemosyna
1177 3260 1192 3284 ,
1244 3217 1298 3270 in
1351 3219 1506 3285 cujus
1540 3217 1798 3285 operibus
1847 3213 2039 3282 praeci-

473 3326 643 3380 puum
666 3313 844 3365 locum
879 3311 1089 3364 obtinet
1118 3307 1347 3376 orphani
1377 3304 1627 3359 derelicti
1659 3312 1715 3356 et
1746 3299 2039 3366 indigentis

475 3405 576 3460 soll
601 3403 786 3456 citudo
823 3419 837 3454 :
872 3409 924 3456 et
959 3401 1153 3455 deinde
1181 3399 1516 3452 inﬁrmorum
1551 3396 1675 3449 etin
1698 3406 1919 3448 carcere
1949 3389 2042 3445 de-

476 3503 753 3549 tentorum
780 3507 908 3546 cura
941 3499 995 3545 et
1029 3489 1354 3543 consolatio.
1386 3487 1679 3556 Postquam
1706 3494 1885 3540 autent
1917 3498 2044 3552 pec-

476 3591 629 3636 cator
667 3599 693 3634 a
729 3579 968 3649 peccatis
999 3579 1162 3632 fuerit
1197 3585 1419 3631 evectus
1442 3617 1455 3641 ,
1487 3585 1540 3629 et
1569 3574 1728 3645 digne
1769 3573 2040 3642 prrniten-

476 3675 610 3729 tiam
643 3675 840 3743 egerit,
873 3687 1086 3726 sacrum
1109 3669 1371 3725 olferatur
1411 3667 1778 3731 sacriﬁcium;
1817 3666 1869 3719 in
1912 3680 2045 3720 con-

473 3767 878 3822 demnationem
897 3765 1040 3818 enim
1065 3775 1212 3819 esset
1234 3763 1282 3817 ei
1305 3763 1397 3832 qui
1425 3762 1667 3831 peccavit
1694 3760 2040 3830 participatio

473 3877 641 3916 sacrae
670 3860 964 3914 oblationis
998 3873 1012 3911 :
1050 3866 1102 3910 et
1129 3856 1270 3909 sicut
1297 3855 1391 3922 qui
1424 3854 1791 3909 communicat
1823 3852 2044 3919 indigne

472 3954 734 4022 iudicium
769 3952 871 4005 sibi
909 3951 1201 4004 manducat
1227 3957 1278 4002 et
1309 3946 1634 4014 bibit,juxta
1668 3944 1830 3998 verba
1867 3942 2038 4006 Pauli,

476 4046 552 4099 ita
582 4043 1042 4099 condemuahitur
1078 4042 1170 4111 qui
1201 4039 1353 4093 olTert
1394 4039 1633 4108 indigne,
1664 4037 1800 4092 festa
1834 4036 1926 4089 Dei
1959 4034 2042 4088 vel

473 4150 790 4194 sanctorum
827 4138 946 4206 ejus
975 4136 1256 4190 celebrans
1277 4134 1407 4202 quin
1435 4130 1737 4187 deseruerit
1760 4137 2042 4198 peccatum

474 4243 528 4287 et
553 4230 861 4299 resipuerit.
889 4227 1118 4293 Sacrum
1139 4236 1320 4280 autem
1351 4224 1525 4278 oleum
1567 4223 1706 4275 inter
1727 4231 1931 4290 septem
1957 4233 2046 4272 sa-

473 4331 755 4377 cramenta
798 4321 1145 4374 utilissimum
1190 4325 1250 4371 ut
1291 4317 1355 4369 ad
1405 4313 1918 4373 sanctiﬁcationem,
1950 4323 2046 4376 pro

2147 3214 2428 3282 μετανοεῖν
2457 3209 2699 3276 γνησίως
2725 3222 2738 3236 ·
2775 3206 2853 3268 εἰς
2886 3205 3203 3273 κατάκριμα
3228 3201 3336 3269 γὰρ
3366 3199 3516 3250 ἔσται
3539 3210 3715 3265 προσ·

2145 3305 2424 3372 φερομένη
2464 3301 2622 3370 μερὶς
2674 3297 2817 3367 ὑπὲρ
2868 3294 3221 3365 ἐνεργοῦντος
3257 3292 3354 3360 τὴν
3394 3288 3708 3357 ἁμαρτίαν·

2147 3397 2244 3449 καὶ
2293 3395 2482 3463 ὥσπερ
2520 3395 2548 3444 ὁ
2577 3388 2848 3443 κοινωνῶν
2901 3386 3133 3448 ἀναξίως
3175 3384 3256 3445 είς
3304 3385 3480 3449 κρῖμα
3533 3375 3712 3449 ἐαυτῷ

2149 3489 2318 3540 ἐσθίει
2355 3489 2450 3539 καὶ
2480 3484 2646 3544 πίνει,
2682 3481 2847 3550 φησιν
2886 3480 2914 3530 ὁ
2948 3477 3178 3538 Παῦλος,
3211 3473 3354 3527 οὓτω
3388 3471 3715 3538 γατὰκριμα

2147 3579 2262 3643 ἔξει
2295 3578 2388 3630 καὶ
2429 3577 2456 3627 ὁ
2489 3574 2817 3643 προσφέρων
2851 3566 3109 3633 ἀναξίως,
3162 3567 3220 3617 ἐν
3249 3562 3328 3633 τῷ
3368 3563 3442 3630 μὴ
3479 3561 3714 3628 ἁφίστα-

2149 3671 2273 3724 σθαι
2302 3669 2401 3735 τῆς
2434 3665 2728 3735 ἁμαρτίας,
2763 3662 2796 3730 ἢ
2830 3662 2925 3713 καὶ
2977 3657 3174 3730 ἑορτὴν
3224 3658 3400 3708 ποιεῖν
3431 3654 3508 3722 τῷ
3533 3649 3712 3719 Θεῷἢ

2148 3764 2259 3823 τοῖς
2296 3760 2472 3824 ἁγίοις
2504 3756 2691 3808 αὑτοῦ.
2722 3754 2795 3805 Τὸ
2827 3752 2881 3805 δέ
2912 3768 2975 3819 γε
3024 3749 3305 3817 εύχέλαιον
3343 3742 3718 3810 ἀναγκαιότα-

2150 3869 2240 3904 τον
2278 3850 2352 3910 ὡς
2387 3847 2508 3916 ἱερὰ
2562 3845 2755 3912 τελετὴ
2783 3844 2876 3894 καὶ
2904 3842 3010 3894 τῶν
3044 3838 3185 3891 ἐπτὰ
3227 3834 3546 3906 μυστηρίων
3574 3831 3718 3901 ὑπέρ

2146 3961 2206 3996 τε
2231 3939 2682 4013 ἀρρωστούντων,
2706 3937 2780 3999 ὼς
2810 3933 3213 4001 παρελὰὀομεν,
3241 3929 3338 3984 καὶ
3362 3928 3502 3994 ὑπὲρ
3523 3922 3716 3978 πιστοῦ

2149 4033 2350 4095 παντὸς
2390 4030 2719 4102 βουλομένου
2774 4023 3093 4096 προσελθεῖν
3149 4023 3263 4084 τοῖς
3314 4019 3563 4090 φρικτοῖς
3619 4033 3722 4083 μυ-

2152 4127 2416 4196 στηρίοις,
2458 4122 2658 4187 μᾶλλον
2682 4119 2737 4172 δὲ
2765 4119 2858 4170 καὶ
2899 4115 3040 4184 ὺπέρ
3081 4111 3279 4172 παντὸς
3307 4107 3722 4179 περιπεπτωκό-

2150 4235 2240 4279 τος
2297 4214 2685 4283 ἁμαρτήμασι,
2745 4210 2841 4261 καὶ
2903 4206 2995 4260 τὸν
3051 4204 3248 4257 κανόνα
3298 4201 3396 4270 τῆς
3427 4197 3721 4266 μετανοίας

2152 4308 2524 4369 τετελεκότος,
2563 4307 2658 4356 καὶ
2699 4302 2836 4372 πρὸς
2869 4300 2930 4352 τὸ
2992 4296 3322 4363 κοινωνῆσαι
3377 4290 3719 4351 σπεύδοντος,

484 4414 737 4478 inﬁrmis,
771 4421 831 4466 ιιι
865 4411 1122 4465 traditum
1159 4417 1241 4463 est
1272 4407 1454 4471 nobis,
1486 4416 1540 4460 et
1588 4419 1686 4474 pro
1725 4404 1873 4457 omni
1904 4399 2047 4453 ﬁdeli

2155 4405 2360 4457 ἔνδοσιν
2385 4403 2534 4468 παρὰ
2565 4397 2658 4450 τοῦ
2689 4396 2900 4466 Πατρδς
2941 4393 3222 4461 εἰληφότος
3249 4403 3265 4420 ⁶
3315 4387 3512 4456 ἀφίησι
3548 4385 3659 4452 γὰρ
3691 4384 3723 4453 ὴ

475 4509 574 4576 qui
613 4504 823 4560 accedit
858 4506 923 4556 ad
949 4501 1275 4557 celebranda
1306 4496 1588 4553 tremenda
1621 4494 1902 4565 mysteria,
1930 4504 2041 4544 ma-

475 4602 623 4654 xime
653 4613 774 4652 cum
811 4596 1048 4665 peccatis
1079 4591 1414 4655 cumulatus,
1447 4601 1680 4642 canones
1709 4583 2044 4654 paenitentiae

481 4690 818 4758 adimplevit,
848 4687 1224 4742 remissionem
1250 4699 1278 4736 a
1308 4681 1474 4736 Patre
1495 4679 1705 4748 accepit
1729 4685 1782 4730 et
1805 4675 1870 4729 ad
1895 4689 2048 4728 com-

482 4785 797 4835 munionem
833 4786 1088 4850 properat
1120 4793 1133 4830 :
1168 4785 1363 4847 purgat
1407 4774 1549 4828 enim
1598 4777 1822 4842 peccata
1853 4781 2048 4822 conse-

477 4874 654 4927 eratin
678 4884 729 4923 et
759 4873 946 4926 unctio
979 4873 1152 4926 sancti
1180 4874 1307 4933 olei,
1337 4878 1395 4922 ut
1421 4866 1613 4922 scribit
1640 4865 1808 4918 frater
1835 4859 2046 4916 Domini

483 4963 797 5034 apostolus,
828 4973 880 5014 et
908 4963 973 5015 ad
1005 4965 1104 5016 hoc
1126 4970 1458 5015 concurrunt
1491 4959 1766 5013 orationes
1791 4953 2052 5008 sacerdo-

480 5071 618 5112 tum.
677 5054 904 5108 Mortuis
960 5069 1089 5108 vero
1144 5054 1380 5106 maxime
1435 5050 1734 5120 proﬁcuum
1788 5057 1874 5102 est
1928 5055 2052 5101 ante

477 5148 666 5200 utnnia
690 5146 1020 5201 sacriﬁcium
1053 5143 1262 5209 altaris,
1281 5153 1472 5195 caetera
1497 5149 1678 5194 autem
1704 5136 2047 5199 sccundaria,

479 5239 608 5305 quia
645 5248 766 5308 post
802 5247 1032 5291 mortem
1071 5237 1232 5288 homo
1265 5244 1442 5287 cessat
1472 5248 1501 5285 ιι
1538 5231 1868 5300 peccatis,ct
1892 5229 2052 5282 Chri-

488 5342 575 5381 sto
612 5329 983 5382 communicat
1017 5343 1112 5396 per
1144 5325 1496 5389 sacriﬁcium,
1529 5333 1691 5392 atque
1727 5321 1875 5375 omni
1919 5336 2053 5389 gau-

490 5421 587 5474 dio
637 5431 690 5474 et
730 5425 902 5490 gratia
934 5419 1145 5475 caelesti
1191 5418 1439 5487 repletur
1485 5425 1534 5469 et
1578 5417 1643 5467 ab
1673 5414 1820 5467 omni
1871 5411 2057 5466 dolore

496 5512 780 5563 redimitur
807 5511 991 5564 divina
1026 5507 1412 5564 misericordia.
1440 5507 1580 5561 Ante
1593 5505 1776 5560 omnia
1801 5518 1932 5574 ergo
1959 5515 2059 5570 pro

485 5613 551 5653 eo
581 5602 840 5656 oﬂ‘cratur
875 5603 1174 5657 saciﬁcium
1203 5620 1217 5666 ;
1252 5603 1298 5657 si
1343 5602 1536 5657 deinde
1561 5601 1608 5654 ei
1645 5603 1717 5654 sit
1761 5597 1914 5666 copia
1955 5596 2060 5649 for-

569 5777 587 5806 ¹
625 5773 780 5828 Prov.
820 5792 872 5842 χ,
909 5780 996 5830 1‘2.

2155 4497 2250 4550 τοῦ
2306 4498 2464 4562 ἁγίου
2523 4492 2706 4545 ἐλαίου
2769 4489 2894 4558 ἱερὰ
2949 4485 3143 4553 τελετή
3179 4500 3238 4536 τε
3290 4482 3387 4536 καὶ
3437 4480 3617 4549 χρίσις
3656 4475 3725 4528 τὰ

2160 4591 2561 4660 ἁμαρτήματα,
2588 4585 2662 4646 ὡς
2695 4586 2722 4636 ὁ
2768 4579 3114 4649 Ἀδελφὰθεος
3147 4580 3385 4647 γράφει·
3415 4573 3510 4625 καὶ
3551 4572 3606 4623 αἱ
3635 4569 3725 4621 εύ-

2155 4686 2249 4755 χαὶ
2303 4683 2439 4752 πρὸς
2472 4679 2632 4732 τοῦτο
2671 4674 2986 4728 συντελοῦσι
3017 4671 3126 4724 τῶν
3168 4669 3379 4739 ἱερέων.
3407 4666 3532 4724 Ὶόἰς
3559 4662 3616 4716 δὲ
3645 4677 3729 4714 κει

2157 4753 2515 4845 κοιμημένοις
2539 4767 2968 4833 λυσιτελεστάτη
2995 4762 3101 4832 πρὸ
3125 4759 3322 4821 παντὸς
3351 4760 3385 4827 ἡ
3409 4753 3722 4826 ἱερουργία·

2155 4869 2223 4922 τὰ
2251 4870 2309 4920 δέ
2338 4864 2501 4917 λοιπὰ
2536 4862 2769 4930 δεύτερα
2787 4877 2802 4893 ·
2829 4860 2908 4912 ὅτι
2956 4856 3234 4909 πέπαυται
3269 4851 3367 4921 μὲν
3388 4853 3415 4902 ὁ
3441 4849 3727 4915 ἄνθρωπος

2157 4960 2263 5012 ἀπὸ
2298 4957 2574 5026 ἁμαρτίας
2602 4951 2915 5012 ἀποθανὼν,
2952 4947 3200 4999 κοινωνεῖ
3220 4943 3276 4994 δέ
3307 4940 3395 4994 διὰ
3418 4939 3514 5008 τῆς
3541 4936 3726 4996 θυσίας

2160 5047 2382 5118 Χριστῷ
2415 5025 2512 5098 καὶ
2548 5042 2890 5111 εὐφροσύνης
2937 5037 3089 5096 θείας
3127 5033 3222 5086 καὶ
3268 5033 3490 5101 χάριτος
3527 5025 3732 5093 ἐκπληέ

2164 5140 2376 5212 ροῦται,
2433 5139 2536 5190 καὶ·
2577 5136 2756 5203 πάσης
2789 5128 3148 5198 ἐκλυτροῦται
3178 5125 3372 5189 ὀδύνης
3409 5121 3541 5190 θείῳ
3570 5119 3727 5172 ἐλέει.

2161 5209 2276 5304 Πρὸ
2303 5232 2523 5285 πάντων
2552 5224 2643 5281 οῦν
2678 5225 2819 5294 ὑπὲρ
2860 5221 3027 5275 αὑτοῦ
3063 5220 3132 5273 τὰ
3165 5218 3263 5287 τῆς
3300 5209 3622 5284 ἱερουργίας
3647 5227 3734 5262 τε·

2161 5326 2359 5379 λείσθω
2390 5338 2404 5350 ·
2449 5321 2641 5373 ἔπειτα
2690 5317 2739 5369 εί
2798 5315 2911 5384 βίος
2950 5313 3098 5379 ἐστὶν
3153 5309 3322 5378 αὐτῷ,
3359 5305 3594 5374 γινέσθω
3643 5304 3734 5355 καὶ

2159 5413 2433 5481 λύτρωσις
2458 5405 2838 5476 αἰχμαλώτων,
2869 5403 2964 5456 καὶ
2995 5398 3358 5470 ἐλεημοσύναι
3383 5397 3497 5457 τοῖς
3521 5394 3750 5462 πένησι,¹

2165 5507 2258 5557 καλ.
2289 5503 2576 5569 οίκυδομαὶ
2638 5498 2798 5549 θείων
2824 5497 3019 5558 οἴκων,
3051 5492 3146 5546 καὶ
3174 5488 3338 5544 λοιπὰ
3376 5487 3542 5556 ἔτερα
3595 5483 3730 5554 πρὸς

2171 5591 2445 5662 σωτηρίαν
2471 5586 2634 5642 αὑτοῦ
2667 5587 3029 5638 συντείνοντα.
3293 5572 3308 5579 ’
