4078 6288
395 388 508 464 '93't

1127 405 1514 469 RESPONSA
1554 410 1652 470 AD
1685 409 2126 475 GABRIELEM
2159 413 2848 474 PENTAPOLITANUM

3531 403 3634 470 934

405 526 568 580 tunae,
603 526 922 586 procuretur
970 517 1270 590 redemptio
1311 523 1669 592 captivorum,
1744 534 1796 580 et
1831 525 2197 595 eleemosynre
2223 529 2548 596 pauperibus
2585 535 2896 596 erogenlttr,
2962 530 3014 579 et
3084 521 3280 576 domus
3327 518 3422 575 Dei
3470 519 3637 576 aedifi-

405 615 595 663 centur
620 618 674 663 et
718 609 902 664 omnia
931 620 1120 666 caetera
1161 612 1294 667 flant
1323 631 1440 683 qua:
1466 616 1534 669 ad
1576 616 1804 672 salutem
1848 617 1966 684 ejus
2007 617 2257 674 conferre
2289 630 2545 688 possunt.

942 726 1278 783 ΕΡΩΤΗΣΙΣ
1305 732 1424 784 Ol".

415 841 889 921 Ὀφξιλορσιγρι
943 845 1336 921 πνευματικοί
1400 849 1660 921 "arripe;
1695 849 1971 921 ᾀπαιτεῖν

474 909 570 988 τὰ-
601 910 709 988 τῆς
761 909 1205 988 ἐλεημοσὺνίης,
1270 913 1424 969 ὥστε
1469 909 1649 988 αὐτοί
1694 919 1970 988 διδόν-ειη

476 982 576 1067 καλ
633 983 685 1033 ει
725 981 1154 1067 ,λαμϐάνοντες
1205 987 1732 1063 παρακατέχουσι,
1797 987 1857 1040 τι
1901 981 1971 1041 ἐκ

475 1066 735 1113 toutov;

487 1162 549 1217 '0
581 1165 954 1235 πνευματικὸς
991 1164 1180 1219 Πατὴρ
1235 1167 1335 1220 οὐκ
1365 1166 1523 1230 αὐτδς
1547 1168 1755 1237 ὀφείλει
1787 1169 1970 1239 ζητεῖν

407 1255 477 1310 τά
506 1255 760 1323 διδόμενα
789 1258 869 1319 εἰς
892 1257 1266 1327 ἐλεημοσύνην
1293 1257 1612 1328 λαμϐάνειν,
1649 1259 1735 1312 ἵνα
1769 1261 1844 1327 μὴ
1873 1249 1994 1314 παὶ⁴

409 1347 598 1416 μῶμον
630 1345 810 1417 ἐαυτῷ
838 1349 933 1400 καὶ
968 1336 1263 1403 σκάνδαλον
1292 1352 1406 1412 τοῖς
1459 1351 1713 1420 ἀδελφοῖς
1769 1352 1970 1419 προξε-

405 1441 566 1509 νήσῃ,
601 1438 716 1492 ἀλλ’
740 1438 796 1490 εί
814 1456 879 1508 γε
913 1439 1057 1492 θέλει
1091 1441 1183 1494 καὶ
1213 1443 1574 1512 σωτηριωδῶς
1597 1445 1843 1512 ἐνεργεῖν
1874 1444 1969 1496 καὶ

404 1529 705 1597 ἐπωφελῶς
740 1533 854 1591 τοῖς
891 1533 1376 1601 προσερχομένοις,
1425 1534 1784 1603 προτρεπέτω
1809 1535 1969 1604 μόνον

404 1621 496 1674 καὶ
532 1620 868 1683 κανονιζέτω
917 1624 1092 1674 ποιεῖν
1119 1637 1132 1652 ο
1198 1623 1362 1686 αὐτὸς
1391 1622 1446 1676 δὲ
1485 1625 1652 1694 μηδὲν
1702 1625 1970 1694 λαμϐανέ-

403 1726 479 1764 τω
498 1725 514 1744 ο
552 1710 628 1774 ὡς
656 1709 808 1779 παρὰ
838 1710 1112 1764 πλείστων
1168 1713 1340 1780 άγίων
1369 1714 1525 1767 τοῦτο
1558 1717 1969 1780 σπουδαζόντων

403 1803 466 1854 τὸ
505 1804 580 1872 μὴ
624 1803 923 1871 λαμϐάνειν
972 1803 1274 1874 ἐμάθομεν.
1305 1806 1477 1858 Τοῦτο
1520 1807 1574 1859 δὲ
1626 1809 1720 1861 καὶ
1762 1810 1970 1871 Παῦλος

404 1894 600 1958 ἐποίει,
643 1894 850 1962 μηδένα
905 1896 1175 1968 βαρύνων,
1229 1899 1366 1970 μηδὲ
1413 1895 1730 1969 λαμϐάνων,
1772 1902 1823 1953 εί
1875 1902 1970 1954 καὶ

403 1984 542 2052 ὑπὲρ
588 1985 696 2037 τῶν
727 1988 784 2039 ἐν
831 1989 1224 2063 Ἱεροσολύμοις
1270 1994 1515 2062 πενήτων
1549 1992 1792 2061 ἀδελφῶν
1827 2008 1969 2060 παρ·

1996 721 2044 772 Α

2559 733 2886 802 ΩΠᾸΞΞΤΙΟ
2911 731 3146 788 LXXIII.

2069 852 2209 906 Num
2245 854 2461 906 debeant
2492 853 2680 907 Patres
2717 850 3127 917 cnttfessionarii
3165 848 3514 916 eleemosynas
3539 861 3635 914 po-

2140 923 2361 987 stulare,
2392 933 2445 974 ut
2474 924 2573 989 ipsi
2599 941 2689 975 eas
2723 921 3082 974 distribuant?
3108 929 3263 986 atque
3290 919 3334 972 si
3370 919 3635 986 accipiant

2143 992 2494 1061 habeantque,
2525 994 2649 1060 quid
2674 991 2781 1044 illis
2814 990 3112 1060 agendum?

2154 1166 2461 1237 Spiritttalis
2520 1165 2679 1222 Pater
2756 1182 2864 1220 non
2929 1167 3090 1221 debet
3160 1167 3276 1235 ipse
3361 1167 3636 1237 postulare

2070 1259 2212 1315 dona
2271 1273 2390 1327 quae
2431 1259 2484 1312 in
2533 1259 2930 1329 eleemosynam
2996 1261 3298 1327 praestanda
3366 1271 3513 1326 sunt,
3567 1276 3636 1313 ne

2070 1351 2443 1405 confusionem
2467 1360 2519 1405 et
2556 1352 2878 1416 vituperium
2910 1351 3178 1413 incurrat,
3213 1351 3340 1404 dum
3374 1351 3636 1406 fratribus

2070 1443 2380 1497 scandalum
2407 1441 2601 1508 aﬂ‘ert;
2633 1441 2726 1495 sed
2754 1443 2798 1494 si
2829 1443 2928 1510 ipsi
2962 1459 3089 1496 cura
3113 1443 3183 1496 sit
3213 1458 3310 1511 pro
3341 1443 3514 1496 salute
3540 1459 3634 1496 sua

2071 1528 2126 1588 et
2159 1547 2254 1600 pro
2293 1533 2667 1587 accedentium
2699 1533 2930 1587 utilitate
2964 1549 3146 1598 agere,
3191 1535 3439 1587 hortetur
3461 1534 3636 1586 solum

2071 1633 2132 1678 ut
2163 1623 2386 1688 faciant,
2409 1632 2464 1677 et
2497 1626 2733 1692 regulam
2777 1623 3011 1677 faciendi
3045 1625 3259 1688 tradat;
3300 1623 3414 1690 ipse
3458 1638 3636 1676 autem

2072 1714 2302 1768 tnittiute
2358 1715 2566 1783 aliquid
2621 1716 2862 1783 accipiat
2896 1733 2908 1767 :
2941 1715 3013 1768 ita
3062 1715 3324 1768 docemur
3370 1731 3399 1767 a
3455 1715 3638 1769 multis

2071 1804 2272 1858 sanctis
2303 1804 2495 1870 quibus
2529 1820 2738 1858 summa
2775 1805 2872 1857 fuit
2903 1821 3031 1858 cura
3079 1817 3136 1857 ut
3165 1821 3272 1859 non
3301 1806 3633 1872 acciperent.

2070 1890 2148 1946 Ita
2181 1892 2415 1948 faciebat
2445 1893 2665 1958 Paulus,
2694 1893 2966 1947 neminem
3001 1909 3355 1969 pretuens,et
3380 1894 3511 1946 nihil
3539 1909 3638 1962 pro

2071 1999 2129 2039 se
2159 1985 2450 2052 accipiens,
2489 1985 2736 2052 quamvis
2762 1987 2919 2039 enixe
2957 1995 3229 2055 satageret
3268 1986 3638 2054 elccmosynas

403 2080 572 2132 εκίνει
606 2097 665 2131 τε
713 2081 807 2140 καὶ
859 2083 1207 2139 ἀπέστελλεν.
1258 2083 1724 2153 ’Δναγκαζὸμενος
1776 2085 1831 2137 δέ
1886 2101 1967 2146 τις

2077 2075 2408 2144 pauperibus
2443 2074 2701 2128 fratribus
2733 2075 2823 2143 qui
2869 2085 3028 2128 erant
3062 2074 3115 2128 in
3156 2074 3450 2130 Jerusalem
3486 2076 3636 2130 colli-

403 2173 589 2226 λαϐεῖν
620 2174 725 2227 ἀπὸ
758 2175 993 2238 πίστεως
1035 2176 1130 2229 τοῦ
1158 2177 1414 2241 διδόντος,
1452 2177 1611 2231 πάλιν
1642 2179 1722 2239 είς
1755 2177 1863 2249 πλη
1878 2193 1967 2244 ρο-

407 2264 604 2333 φορίαν
630 2263 840 2330 τούτου,
883 2264 1022 2333 μετὰ
1069 2267 1163 2318 καὶ
1200 2267 1457 2334 γνώσεως
1510 2267 1674 2322 αὐτοῦ
1706 2267 1969 2348 καὶίείδή-

406 2371 542 2414 σεως
564 2355 633 2407 τὰ
668 2355 806 2422 ὑπὲρ
836 2355 1002 2409 αὑτοῦ
1031 2359 1277 2421 ποιείτω,
1313 2358 1399 2410 ἵνα
1444 2358 1518 2428 μὴ
1558 2359 1820 2428 διχόνοιαν
1848 2360 1966 2431 ἔχῃ.

405 2442 468 2495 El
509 2441 603 2497 οὖν
653 2444 855 2514 ἱερεὺς,
894 2445 1219 2514 λαμϐάνετω
1253 2439 1377 2497 ‘xat
1433 2447 1594 2508 αὐτὸς
1625 2447 1700 2509 ὡς
1733 2447 1926 2515 ,ἱερεύς
1950 2462 1964 2475 °

403 2535 500 2588 καὶ
531 2535 749 2604 ἐτέρους
787 2534 844 2586 δὲ
876 2534 1317 2604 προσκαλείσθω,
1360 2535 1454 2588 καὶ
1491 2536 1564 2606 μὴ
1599 2537 1723 2598 τοὺς
1756 2537 1964 2602 φίλους,

403 2628 539 2682 ἀλλὰ
561 2629 686 2689 τοὺς
720 2627 910 2690 ἐνδεῶς
938 2627 1162 2696 ἔχοντας
1210 2627 1432 2694 μᾶλλον,
1459 2629 1554 2680 καὶ
1595 2627 1720 2690 τοὺς
1751 2629 1970 2681 εὐλαϐε-

407 2721 656 2790 στέρους.
687 2721 748 2773 Εἰ
777 2719 834 2772 δὲ
867 2719 1029 2789 τυχὸν
1062 2717 1300 2787 ἰδιώτης,
1349 2719 1516 2788 μηδὲν
1538 2719 1646 2773 άπὸ
1679 2721 1786 2772 τῶν
1809 2721 1970 2790 χάριν

403 2809 762 2880 λειτουργιῶν
828 2809 1124 2876 διδομένων
1194 2807 1558 2876 λαμϐανέτωο
1630 2810 1712 2861 ὅτι
1781 2809 1972 2878 ἱερέων

402 2899 600 2966 ταῦτα,
632 2900 724 2971 καὶ
773 2900 979 2968 ἱερεῦσι
1028 2899 1350 2968 διανεμέτω.
1401 2899 1533 2973 Ἀπδ
1566 2899 1622 2951 δέ
1688 2898 1796 2951 τῶν
1839 2899 1970 2952 διδο-

407 2989 582 3058 μένιον
641 2991 836 3058 μοῖραν
890 2987 1052 3058 χάριν
1115 2988 1300 3050 ἐλέους
1335 2986 1502 3055 ἐχέτω
1547 2986 1640 3039 καὶ
1687 2986 1847 3046 αὐτὸς
1883 3001 1973 3036 κο-

367 3080 546 3150 ,πιῶν
607 3078 675 3132 τὰ
733 3081 832 3150 τῆς
887 3078 1076 3150 χρείας
1123 3078 1436 3148 μεταδιδοὺς
1500 3078 1594 3130 καὶ
1653 3077 1765 3140 τοῖς
1801 3076 1971 3145 πένη-

404 3187 508 3226 σιν.
1583 3185 1588 3190 ’

819 3280 989 3352 363
1036 3280 1386 3334 ΕΡΩΤΗΣιΣ
1416 3281 1538 3335 οΔο.

2067 2179 2213 2233 gere,
2255 2179 2388 2232 quas
2420 2163 2652 2218 fideliter
2683 2166 2950 2219 mittebat.
2984 2164 3038 2218 Si
3075 2167 3201 2233 quis
3235 2181 3362 2218 vero
3393 2167 3635 2234 compul-

2068 2269 2160 2308 sus
2180 2253 2337 2306 fuerit
2356 2253 2422 2306 ab
2438 2253 2698 2308 offerente
2721 2255 2862 2308 Iideli
2882 2257 3152 2324 accipere,
3177 2257 3312 2309 nihil
3339 2257 3464 2310 hmsi
3477 2265 3553 2309 tet
3579 2265 3635 2309 et

2070 2345 2304 2399 vicissim
2331 2360 2428 2414 pro
2461 2345 2551 2399 tali
2587 2363 2781 2400 munus
2811 2364 2967 2400 suum
2995 2347 3289 2415 adimplcat
3337 2363 3460 2400 cum
3486 2346 3634 2401 omni

2069 2435 2290 2490 scientia
2323 2447 2375 2490 et
2404 2437 2709 2498 sedulitate,
2737 2452 2804 2490 ne
2828 2438 3094 2492 dissensio
3118 2440 3344 2491 oriatur.
3407 2438 3463 2492 Si
3515 2438 3636 2491 fue-

2071 2527 2139 2581 rit
2166 2527 2442 2592 sacerdos,
2477 2527 2706 2596 accipiat
2740 2538 2794 2581 et
2851 2528 2964 2595 ipse
3017 2539 3078 2582 ut
3121 2530 3398 2593 sacerdos,
3439 2529 3636 2582 deinde

2070 2616 2206 2671 alios
2238 2625 2518 2680 convocet,
2547 2632 2653 2671 non
2681 2618 2910 2681 amicos,
2950 2619 3045 2673 sed
3082 2631 3307 2689 egentes
3339 2628 3392 2671 et
3424 2620 3637 2685 sapien-

2075 2706 2257 2759 tiores.
2294 2704 2349 2760 Si
2385 2722 2510 2760 vero
2553 2707 2688 2760 forte
2711 2707 3304 2776 fueritprivatus,nihil
3327 2707 3634 2761 oblatorum

2071 2803 2294 2864 propter
2341 2795 2594 2848 sacrilicii
2631 2797 2883 2850 meritum
2926 2797 3160 2864 accipiat
3198 2793 3323 2859 sibi,
3353 2799 3477 2865 quia
3519 2797 3634 2850 inec

2073 2885 2418 2939 sacerdotum
2477 2895 2606 2939 sunt
2650 2903 2664 2940 :
2717 2887 3006 2941 distribuat
3043 2903 3174 2958 ergo
3221 2888 3632 2950 sacerdotibus;

2073 2975 2169 3028 sed
2204 2963 2316 3042 ipse
2343 2975 2525 3030 labore
2555 2977 2774 3030 functus
2807 2989 3014 3044 partem
3055 2979 3246 3033 habeat
3287 2989 3504 3048 propter
3535 2979 3634 3033 mi-

2073 3066 2450 3129 sericordiam,
2483 3076 2537 3121 et
2565 3070 2898 3138 pauperibus
2921 3086 3137 3141 quoque
3171 3072 3483 3126 meminerit
3510 3087 3633 3126 (ει-ο-⁴

2075 3173 2224 3228 gare.

2557 3270 2887 3337 QUESTIO
2918 3273 3149 3329 LXXIV.

417 3391 482 3448 ’0
533 3392 726 3471 ἱερειξς
769 3393 1146 3472 λειτουργζίας
1175 3393 1521 3472 ﬁeld”???
1575 3393 1674 3446 καὶ
1718 3393 1803 3472 pi)
1850 3371 1967 3472 ,ᾔει-

2073 3379 2332 3436 Sacerdos
2377 3382 2647 3472 liturgigm
2680 3384 3040 3472 cohortandum
3075 3387 3141 3468 in.
3169 3401 3225 3439 se
3254 3387 3633 3472 .sttscipie‘ns’si

471 3462 756 3531 τουργῶν,
805 3463 861 3514 τι
912 3463 1198 3527 προξενεῖ
1243 3461 1323 3527 τῷ
1376 3461 1603 3513 διδόντι
1619 3478 1640 3526 ;
1681 3462 1780 3515 καί
1821 3465 1874 3515 εὶ
1905 3463 1973 3516 ἐν

477 3535 666 3597 τούτῳ
701 3531 994 3600 ἐνέχεται.

485 3713 545 3766 '0
589 3711 773 3765 λαϐὼν
828 3711 986 3781 χάριν
1036 3711 1403 3780 λειτουργίας.
1459 3712 1554 3765 καὶ
1593 3711 1670 3782 μὴ
1719 3713 1970 3781 ποιήσας,

403 3801 647 3871 ἐνέχεται
674 3801 770 3856 καῖ
795 3801 884 3854 διά
912 3801 972 3854 τδ
1011 3801 1086 3872 μὴ
1116 3801 1362 3871 ποιῆσαι,
1395 3801 1490 3855 καὶ
1527 3801 1617 3853 διὰ
1647 3801 1708 3854 τὸ
1739 3802 1974 3854 ἀποστε-

409 3893 573 3962 ρῆσαι
616 3892 712 3944 τοῦ
765 3890 1040 3960 άγιασμοῦ
1096 3891 1186 3944 τὸν
1236 3892 1694 3962 προσενεγκόντα.
1746 3891 1822 3946 Οὐ
1862 3891 1970 3960 γάρ

402 3981 746 4047 λειτουργίας
770 3981 1040 4048 λαμϐάνει
1083 3982 1383 4050 άγιασμδν,
1418 3982 1534 4035 ἀλλ’
1569 3983 1700 4044 ἴσως
1731 3981 1968 4050 ἐλεημο-

405 4071 570 4138 σύνης
602 4068 816 4137 μισθόνο
843 4071 934 4122 καὶ
957 4071 1018 4121 οὐ
1040 4069 1312 4134 τοσοῦτον,
1339 4067 1451 4123 οἷον
1468 4073 1516 4123 εί
1534 4072 1731 4124 δέδωκε
1750 4072 1968 4141 πένητι.

401 4161 494 4214 Διὸ
525 4162 630 4222 πᾶς
667 4162 694 4212 ὁ
735 4159 916 4212 λαϐὼν
947 4159 1353 4228 λειτουργείτω,
1389 4160 1477 4212 ἴνα
1509 4160 1584 4229 μὴ
1626 4160 1719 4212 καὶ
1743 4159 1818 4220 ὡς
1853 4160 1968 4212 ἀδι-

401 4251 537 4314 κῶν,
578 4251 675 4302 καὶ
712 4248 787 4310 ὼς
818 4249 1086 4312 κλέπτων,
1127 4250 1222 4300 καὶ
1257 4247 1350 4300 τὸν
1394 4247 1624 4317 ἀδελφὸν
1649 4247 1969 4318 ἀποστερῶν

401 4342 494 4397 τοῦ
517 4339 814 4412 άγιασμοῦ,
849 4321 1213 4408 κατακριθείη
1240 4339 1392 4407 παρά
1421 4337 1578 4391 Θεοῦ.

931 4430 1271 4483 ΕΡΩΤΗΣΙΣ
1311 4427 1433 4482 OE’.

630 4521 779 4575 Ποία
807 4521 1091 4587 κρείττων
1127 4520 1513 4588 ἐλεημοσύνη
1544 4519 1756 4586 ἐστίν;

483 4607 542 4660 Ὀ
575 4609 894 4677 βουλόμενος
920 4610 1095 4662 ποιεῖν
1117 4608 1505 4678 ἐλεημοσύνην,
1533 4612 1580 4663 ει
1610 4610 1830 4664 δύναται
1859 4608 1966 4682 πρζ,

2149 3469 2264 3526 eum
2291 3469 2412 3526 non
2446 3453 2689 3526 celebret,
2721 3455 2846 3526 quid
2890 3457 3053 3521 prosit
3095 3458 3141 3508 ei
3175 3456 3265 3526 qui
3304 3453 3409 3522 pro
3428 3457 3522 3509 illa
3553 3458 3635 3526 fa-

2147 3523 2335 3574 cienda
2373 3522 2566 3574 donum
2596 3523 2808 3588 obtulit,
2847 3537 2892 3577 et
2927 3541 3051 3578 num
3074 3528 3143 3577 ad
3171 3522 3320 3578 illaut
3346 3522 3634 3580 obeundum

2140 3591 2206 3643 sit
2237 3591 2516 3660 obligatus.

2141 3700 2242 3766 Qui
2272 3703 2482 3768 accepit
2518 3703 2571 3755 in
2611 3703 2841 3772 gratiam
2884 3706 3132 3759 sacrificii
3152 3746 3169 3774 ,
3199 3707 3245 3761 si
3272 3707 3376 3762 hoc
3399 3723 3508 3763 non
3540 3709 3636 3765 ad»-

2072 3791 2314 3860 impleat,
2353 3806 2478 3844 vere
2526 3807 2654 3845 reus
2707 3797 2964 3862 estquod
2997 3811 3106 3848 non
3138 3799 3518 3864 satisfecerit,
3576 3810 3634 3856 et

2071 3882 2216 3954 quod
2249 3881 2570 3936 oﬂ‘ercntem
2604 3880 2785 3934 fructu
2813 3893 2866 3936 et
2903 3886 3336 3940 sanctiﬁcatione
3377 3888 3633 3944 sacrificii

2070 3971 2388 4044 privaverit.
2421 3971 2536 4025 Non
2585 3972 2730 4026 enim
2761 3973 3014 4028 sacrilicii
3052 3977 3306 4030 meritum
3349 3980 3634 4047 suscipiet,

2070 4065 2162 4118 sed
2195 4071 2402 4116 tantum
2425 4062 2656 4131 pretium
2676 4065 3052 4133 eleemosynm,
3076 4067 3250 4120 minus
3269 4076 3447 4121 tamen
3473 4085 3636 4138 quam

2069 4153 2115 4206 si
2140 4152 2358 4221 pauperi
2383 4151 2649 4205 tribuerit.
2676 4155 2853 4217 Quare
2870 4154 3046 4207 omnis
3069 4155 3258 4224 quisic
3279 4158 3476 4224 accipit
3495 4159 3637 4214 cele-

2069 4227 2554 4305 bretsacrificium,
2582 4257 2645 4293 ne
2671 4242 3057 4296 condemnetur
3081 4259 3111 4296 a
3141 4243 3250 4297 Deo
3277 4254 3334 4298 ut
3368 4245 3632 4316 iniustus,

2071 4341 2130 4384 ut
2161 4329 2267 4396 fur,
2301 4329 2394 4397 qui
2425 4329 2647 4382 fratrem
2679 4330 2859 4384 fructu
2892 4346 3047 4384 sat-ro
3071 4334 3344 4401 spoliavit.

2539 4417 2880 4486 uumsrto
2927 4420 3138 4476 Lxxv.

2209 4511 2488 4576 Quodnam
2521 4511 2588 4564 sit
2621 4527 2780 4581 genus
2811 4513 3064 4578 Optimum
3107 4513 3467 4584 eleemosyttte.

2139 4601 2242 4667 Qui
2267 4602 2667 4670 eleemosynam
2702 4600 2880 4654 facere
2914 4602 2964 4652 in
2998 4602 3180 4653 animo
3210 4603 3480 4666 habuerit,
3504 4612 3641 4659 ante

400 4700 618 4755 πάντων
652 4701 795 4770 ὑπὲρ
835 4701 1172 4770 ἐλευθερίας.
1210 4701 1286 4764 ὡς
1317 4701 1550 4771 εφημεν,
1590 4701 1814 4756 ποιείτω
1856 4702 1964 4758 τῶν

2069 4694 2270 4756 omnia,
2303 4705 2360 4746 ut
2393 4693 2650 4757 diximus,
2671 4691 2832 4744 faciat
2858 4692 2912 4744 in
2937 4691 3236 4746 libertatem
3269 4693 3629 4762 captivorum,

399 4791 785 4861 αἰχμαλώτων,
825 4791 919 4845 καὶ
967 4792 1202 4860 μάλιστα
1233 4792 1440 4861 νηπίων
1461 4793 1555 4846 καὶ
1595 4793 1799 4846 παίδων
1844 4811 1962 4846 κιν-

398 4881 726 4934 δυνευόντων
752 4883 891 4935 κατὰ
915 4882 1094 4952 ψυχήν
1113 4900 1128 4916 ο
1156 4879 1276 4936 εἶτα
1299 4883 1441 4953 ὑπέρ
1463 4900 1521 4936 τε
1548 4883 1739 4954 ἱερέων
1763 4886 1964 4955 αἰχμά-

397 4969 584 5023 λῶτων
615 4970 709 5022 καὶ¹
745 4973 992 5041 γηραιῶν
1033 4973 1128 5025 καὶ
1152 4973 1375 5029 λοιπῶν.
1403 4974 1663 5044 Δεύτερον
1689 4975 1746 5028 δὲ
1774 4976 1961 5029 διδότω

399 5059 652 5114 ἀσθενέσι
682 5061 1084 5132 λελωϐημένοις
1120 5080 1179 5116 τε
1213 5063 1308 5116 καὶ
1344 5064 1549 5127 λοιποῖς
1574 5067 1682 5126 τοῖς
1714 5068 1805 5118 καὶ
1828 5067 1961 5118 πολ-

399 5152 494 5220 λῆς
529 5152 780 5223 βοηθείας
816 5153 1110 5221 δεομένοις.
1146 5156 1256 5208 Σὺν
1289 5155 1475 5218 αὐτοῖς
1507 5155 1563 5206 δὲ
1606 5157 1700 5208 καὶ
1739 5159 1848 5219 τοῖς
1882 5157 1968 5212 διὰ

394 5236 529 5290 Θεὸν
570 5240 1008 5303 ὲναποκλείστοις
1038 5239 1148 5294 τῶν
1199 5243 1471 5312 μοναχῶν,
1509 5243 1583 5305 ὼς
1634 5245 1684 5296 οἱ
1728 5245 1968 5311 Πατέρες

397 5327 584 5396 φασιν,
612 5329 735 5384 ἐπεὶ
753 5329 890 5383 Θεοῦ
916 5331 1092 5384 δοῦλοι
1132 5324 1298 5398 οὗτοι,
1328 5333 1422 5387 καὶ
1455 5332 1616 5403 ἔργον
1646 5335 1963 5404 ἐνεργοῦσιν

397 5421 668 5488 ἀγγέλων,
701 5423 798 5475 καὶ
827 5422 913 5476 διὰ
943 5422 1076 5476 Θεόν
1118 5426 1256 5476 εἰσιν
1312 5425 1742 5491 ἐναπόκλειστοι,
1787 5429 1881 5480 καὶ
1914 5427 1968 5479 ετ

395 5528 460 5580 γε
489 5511 626 5576 ζῶσι
659 5512 803 5567 κατὰ
827 5513 980 5576 Θεὸν,
1024 5514 1082 5567 ἐν
1119 5516 1302 5576 αὐτοῖς
1333 5519 1503 5569 πᾶσαι
1541 5517 1873 5588 πληροῦνται
1902 5519 1959 5572 ai

395 5601 607 5654 ἐντολαί
625 5618 639 5632 ο
667 5602 860 5657 ίπειτα
892 5607 1000 5666 τοῖς
1023 5605 1082 5658 ἐν
1107 5604 1324 5675 φυλακῇ
1357 5608 1451 5659 καὶ
1475 5609 1691 5677 χήρατς,
1723 5609 1815 5661 καὶ
1847 5609 1956 5660 λοι-

395 5694 518 5754 ποῖς
549 5693 750 5758 ἄλλοις,
783 5694 858 5765 μὴ
884 5694 1002 5758 ἔθος
1035 5696 1218 5766 ἔχουσι
1240 5697 1339 5767 τῆς
1367 5699 1540 5760 οἰκίας
1566 5699 1800 5762 ἐξελθεῖν
1819 5715 1833 5730 ο
1861 5701 1955 5753 καὶ

394 5783 703 5838 τελευταῖον
746 5786 856 5848 τοῖς
893 5785 1101 5849 λοιποῖς
1141 5784 1311 5840 ἅπασι
1361 5789 1615 5858 πτωχοῖς.
1645 5788 1754 5842 Καὶ
1784 5788 1949 5857 ἡτῶν

2076 4787 2309 4839 maxime
2341 4783 2622 4836 infantium
2649 4795 2702 4835 et
2729 4797 3016 4850 puerorum
3039 4786 3129 4850 qui
3157 4784 3211 4836 in
3235 4785 3472 4848 pertt-ulo
3503 4793 3632 4840 sunt

2073 4891 2169 4946 pro
2193 4876 2368 4927 anima
2394 4892 2408 4939 ,
2444 4874 2640 4928 deinde
2660 4887 2756 4942 pro
2774 4875 3144 4927 sacerdotibus
3161 4875 3406 4944 captivis,
3430 4892 3524 4945 pro
3547 4892 3628 4931 se.

2068 4968 2230 5020 nibus
2263 4975 2316 5019 et
2342 4965 2552 5019 caeteris
2587 4965 2861 5019 omnibus.
2889 4965 3078 5020 Postea
3103 4965 3365 5035 injuriose
3389 4967 3635 5022 tractatis

2067 5059 2354 5126 egentibus
2379 5065 2567 5125 eroget
2594 5066 2648 5110 et
2673 5057 2879 5110 caeteris
2912 5056 3109 5124 quibus
3132 5059 3338 5111 auxilio
3365 5069 3634 5128 praestan-

2067 5151 2186 5205 tiori
2213 5164 2348 5218 opus
2374 5157 2479 5202 est.
2518 5148 2665 5202 Inter
2694 5163 2832 5216 quos
2858 5150 3253 5202 annumerandi
3281 5160 3408 5203 sunt
3430 5159 3483 5203 et
3507 5165 3626 5207 mo.

2066 5241 2224 5296 naclti
2263 5249 2483 5310 propter
2517 5241 2683 5295 Deum
2719 5239 2941 5306 reclusi,
2981 5249 3040 5293 ut
3069 5240 3365 5309 loquuntur
3402 5241 3634 5305 Patres,

2067 5338 2193 5404 sunt
2223 5330 2368 5381 enint
2403 5328 2496 5382 Dei
2529 5318 3030 5398 servi,angeloruut
3057 5329 3314 5396 operibus
3349 5331 3630 5398 occupati,

2067 5421 2424 5475 reclusionem
2475 5429 2694 5490 propter
2725 5418 2892 5474 Deum
2929 5419 3229 5488 eligentes;
3268 5435 3500 5490 cumque
3535 5436 3632 5476 se-

2063 5514 2300 5567 cundum
2336 5511 2503 5566 Deum
2543 5512 2750 5575 vivant,
2790 5513 2843 5564 in
2886 5511 3017 5580 ipsis
3047 5513 3228 5566 omnia
3261 5513 3636 5583 adimplentur

2062 5605 2350 5668 mandata;
2379 5603 2574 5658 deinde
2606 5618 2825 5658 carcere
2845 5603 3079 5658 detentis
3104 5613 3158 5659 et
3177 5605 3351 5660 viduis
3383 5605 3633 5662 tribuen-

2063 5695 2192 5748 dum
2220 5703 2272 5749 et
2298 5696 2528 5757 caeteris,
2564 5695 2657 5764 qui
2693 5709 2723 5747 a
2747 5679 2923 5748 domo.
2948 5692 3230 5750 discedere
3274 5710 3382 5751 non
3414 5697 3628 5762 solent;

2062 5795 2334 5857 postremo
2363 5786 2578 5842 miseris
2641 5785 3096 5854 quibuscumque.
3145 5787 3346 5855 Curam
3407 5803 3629 5859 quoque
