4060 6282
469 311 572 375 935

1225 323 1612 390 8ῩΜΕΟΝ18
1648 329 2406 398 THESSALONICENSIS
2449 341 2806 408 ARCHIEP.

3596 350 3755 416 936.

464 432 590 494 agat
629 426 925 498 hospitum,
950 432 1190 488 rraxime
1217 438 1515 507 egentium,
1552 450 1604 496 et
1639 445 1858 514 copiosa
1895 445 2038 503 l'rue-

2144 450 2308 515 ξενων
2338 454 2394 508 δὲ
2421 453 2690 523 θεραπεία
2725 459 2820 511 καὶ
2858 459 3095 530 μάλιστα
3138 459 3330 513 ἐνδεῶν
3360 458 3531 514 πολὺν
3559 478 3702 530 παρ·

463 523 552 568 tur
601 520 874 586 mercede,
935 535 993 576 ut
1042 524 1183 578 Deus
1234 526 1484 584 Salvator
1535 544 1723 590 noster
1768 544 1822 590 et
1856 538 2025 608 judex

461 608 676 663 docuit.

955 706 1285 772 QUAESTIO
1316 711 1550 770 LXXVI.

461 811 523 866 Si
547 813 663 896 quis
689 815 881 871 habeat
912 821 1083 875 decem
1111 826 1456 900 "umis-mata;
1481 839 1772 900 prwstoque
1801 833 1907 885 sint
1940 849 2031 886 ca-

532 896 707 962 ptivus
734 903 868 962 unus
890 902 936 942 σι
968 909 1220 959 pauperes
1255 897 1453 962 decem,
1481 896 1696 953 c’uinam'
1715 917 1779 955 ex
1807 903 1885 954 liis
1919 904 2030 955 lar-

534 956 708 1020 gietur
731 955 758 1008 ?

530 1065 587 1120 Si
619 1069 807 1124 decem
843 1075 1235 1131 numismatum
1286 1081 1462 1147 pretio
1492 1083 1686 1137 redimi
1727 1085 1898 1152 possit
1933 1102 2029 1140 ca-

460 1157 663 1226 ptivus.
697 1164 877 1230 potius
907 1167 959 1219 in
987 1167 1038 1220 Id
1085 1179 1213 1223 sunt
1242 1174 1514 1241 eroganda
1547 1190 1708 1240 quam
1749 1176 1814 1229 a-l
1845 1177 2030 1231 suble-

460 1252 671 1306 randos
707 1256 895 1309 decem
928 1260 1011 1312 vel
1059 1261 1242 1328 plures
1295 1279 1560 1334 pauperes
1600 1267 1690 1334 qui
1729 1283 1838 1321 non
1889 1269 2031 1323 indi-

457 1351 606 1406 gent,
635 1345 742 1397 nisi
776 1348 1046 1404 alimentis
1083 1353 1148 1406 ad
1187 1354 1408 1418 victum,
1443 1359 1536 1409 sed
1573 1357 1770 1424 quibus
1796 1373 1918 1428 spes
1952 1362 2034 1412 in-

456 1434 709 1488 veniendi
743 1440 883 1504 apud
912 1442 1182 1498 beneﬁcos
1221 1458 1483 1500 remanet.
1519 1447 1574 1501 Si
1599 1465 1727 1502 vero
1764 1465 2031 1519 pauperes

458 1519 543 1574 isti
603 1523 710 1576 sint
749 1526 801 1577 in
854 1537 1095 1584 extrema
1131 1529 1272 1586 fame
1321 1536 1599 1590 coostituti
1642 1553 1762 1590 cum
1793 1538 2034 1606 periculo

458 1613 670 1677 mortis,
695 1615 836 1668 inter
865 1619 1138 1687 captivum
1187 1635 1240 1676 et
1293 1624 1412 1679 illos
1473 1629 1756 1695 partienda
1803 1631 2042 1685 eleemoo

455 1703 786 1772 syna.Prius
809 1709 953 1763 enim
985 1714 1286 1778 prrestanda
1319 1719 1774 1774 suntnecessaria
1805 1721 2024 1776 auxilia.

915 1798 1267 1866 ,QUAESTIO
1300 1806 1556 1861 LXXVII.

461 1882 700 1941 Daturus
738 1889 1122 1974 eleemosguam
1155 1910 1277 1974 num
1301 1897 1454 1974 dabit
1485 1900 1596 1974 ipse
1636 1917 1730 1970 per
1758 1918 1814 1957 se
1841 1917 1909 1956 an
1938 1919 2033 1974 per

845 2031 848 2036 _
935 1960 1152 2016 Patrem
1181 1960 1554 2031 spiritualeni?

530 2067 688 2134 Quod
726 2070 850 2140 quis
882 2073 1012 2128 dare
1049 2075 1213 2131 debet
1241 2077 1295 2132 in
1319 2079 1716 2152 eleemosynam
1749 2085 1885 2138 nihil
1917 2087 2027 2141 ha:-

463 2161 638 2215 sitans
667 2171 721 2217 et
773 2163 881 2220 ﬁde
917 2177 1084 2229 certa,
1123 2170 1316 2224 melius
1345 2180 1426 2226 est
1457 2181 1516 2226 ut
1549 2176 1638 2230 det
1687 2190 1785 2244 per
1812 2174 2026 2232 Patrem

461 2263 626 2304 suum
663 2253 1026 2321 spiritualem,
1065 2272 1134 2312 ne
1165 2260 1209 2312 si
1241 2259 1453 2316 dederit
1497 2263 1612 2332 ipse
1644 2279 1796 2321 vana:
1845 2267 2030 2335 gloriae

460 2340 531 2394 sit
561 2342 854 2406 obnoxius,
882 2362 1018 2402 neve
1042 2348 1211 2404 donet
1242 2350 1384 2406 forte
1413 2368 1538 2408 cum
1571 2355 1768 2411 minori
1796 2359 2030 2420 utilitate

370 2439 390 2457 ⁸
460 2438 514 2486 et
544 2430 749 2497 fructu,
784 2444 838 2489 et
873 2436 1092 2492 aliunde
1126 2448 1185 2493 ut
1216 2441 1380 2496 addat
1406 2445 1658 2498 meritum
1689 2448 1897 2516 agendo
1932 2464 2028 2518 per

465 2522 860 2582 obedientiam.
895 2529 950 2582 Si
986 2539 1166 2584 autem
1198 2532 1531 2590 haesitaverit
1557 2537 1642 2591 vel
1681 2551 1790 2592 non
1828 2538 2028 2594 habeat

459 2613 619 2666 Iidem
651 2615 704 2668 in
735 2614 930 2671 bonam
950 2619 1126 2674 Patris
1157 2621 1713 2689 administrationem.
1743 2626 1857 2696 ipse
1880 2629 2027 2684 elee-

459 2719 714 2775 mosynas
740 2707 1061 2785 distribuat.

922 2823 1251 2890 QUESTIO
1284 2827 1566 2886 LXXVlil.

463 2905 740 2994 Quomodo
773 2910 1160 2994 blasphemanti
1193 2919 1246 2969 in
1283 2918 1543 2982 Spiritum
1577 2933 1818 2976 sanctum
1867 2941 2029 2994 neque

532 2977 591 3054 iu
613 2979 731 3038 hoc.
763 2997 937 3054 neque,
953 2984 1008 3034 in
1040 2983 1220 3050 futuro
1252 2977 1356 3040 σιυό
1395 3000 1664 3054 peccatum
1691 2977 2028 3051 remittitur?

535 3043 1217 3131 Ntttrtquim'igitur'etiam
1255 3059 1309 3110 in
1338 3043 1517 3131 Ῑιίειινο
1549 3076 1654 3113 (evo

531 3131 648 3197 tum
685 3122 920 3197 remissio
935 3122 961 3174 .’
981 3138 1050 3174 an
1079 3125 1249 3193 major
1271 3122 1348 3180 est
1369 3126 1601 3197 Spiritus
1624 3122 1839 3186 sanctus
1860 3133 2027 3188 Patre

535 3185 780 3259 Filioque
797 3191 823 3244 .9

534 3297 594 3352 Ei
619 3301 711 3368 qui
749 3302 1087 3374 blasphemat
1111 3318 1302 3364 contra
1334 3308 1599 3380 Spiritum
1629 3322 1880 3368 sanctum
1917 3331 2026 3371 non

462 3389 660 3444 dimitti
696 3407 979 3461 peccatum
1007 3413 1186 3467 neque
1239 3401 1290 3453 in
1325 3403 1575 3468 praesenti
1612 3405 1814 3458 saeculo
1844 3421 2027 3476 neque

459 3479 514 3533 in
563 3480 764 3545 futuro,
801 3499 1018 3556 semper
1048 3489 1394 3546 docuerunt:
1430 3508 1538 3547 non
1572 3496 1715 3564 quod
1752 3498 1804 3551 in
1841 3499 2026 3556 l'uturo

458 3572 658 3626 saecqu
691 3589 927 3643 unquam
960 3578 1132 3646 possit
1161 3594 1286 3635 esse
1308 3582 1583 3648 remissio,
1630 3586 1726 3640 sed
1758 3591 1904 3657 quod
1937 3591 2024 3645 hic

457 3677 566 3715 nou
603 3664 902 3720 remittitur
922 3683 1100 3738 neque
1124 3670 1236 3726 illic
1259 3673 1570 3728 remittetur
1595 3691 1609 3727 :
1641 3677 1883 3749 illudque
1910 3696 2027 3736 ma-

458 3751 604 3808 xime
637 3761 848 3808 certum
879 3765 964 3811 cst
995 3758 1143 3827 quod
1190 3759 1301 3814 illic
1348 3775 1459 3816 non
1513 3763 1824 3820 remittatur
1873 3779 2027 3822 ante-

456 3859 620 3912 quam
654 3846 742 3901 hic
783 3848 876 3902 llat
921 3850 1194 3906 remissio.
1225 3852 1412 3922 Itaque
1449 3870 1622 3925 usque
1671 3857 1740 3912 ad
1774 3856 2024 3913 ultimum

456 3935 582 3990 vita:
629 3938 884 4006 spiritum
925 3944 1160 4011 spatium
1211 3952 1294 3999 est
1343 3945 1698 4014 poenitentiae.
1742 3947 1864 4003 Non
1899 3964 2026 4004 vero

458 4035 681 4094 propter
709 4026 812 4081 hoc
837 4030 1192 4085 excellentior
1219 4041 1304 4088 est
1333 4031 1571 4103 Spiritus
1599 4045 1823 4107 sanctus
1863 4036 2024 4091 Patre

455 4117 549 4200 vel
584 4115 752 4184 Filio;
801 4119 898 4174 sed
951 4121 1147 4176 similis
1197 4124 1420 4192 utrique
1448 4135 1504 4180 et
1539 4127 2023 4183 consubstantialis

453 4209 639 4276 potius
690 4211 1020 4266 ostenditur.
1084 4213 1203 4270 Non
1254 4215 1400 4270 enim
1447 4215 1549 4272 hoc
1593 4216 1844 4283 Salvator
1886 4219 2022 4274 dixit

455 4301 562 4355 nisi
624 4312 851 4374 propter
887 4305 1127 4360 divinam
1175 4321 1282 4375 qua
1319 4307 1473 4380 signa
1516 4309 2020 4381 faciebat-potesta-

2140 541 2323 610 ἐχεται
2357 545 2450 598 τὸν
2477 547 2690 612 μισθόν.
2728 549 2817 610 Ὠς
2847 550 2940 602 καὶ
2964 550 2992 600 ὁ
3020 551 3208 620 Σωτὴρ
3232 551 3388 621 ἡμῶν
3413 551 3441 603 ὁ
3463 553 3560 604 καὶ
3580 568 3702 621 κριο

2131 633 2228 703 τὴς
2259 637 2354 688 καὶ
2382 637 2515 698 Θεὸς
2539 639 2798 702 ἐδίδαξεν.

2661 731 2999 786 ΕΡοτηΣιΣ
3043 733 3181 799 οςν.

2135 843 2203 899 El
2227 846 2385 916 ἔχων
2411 864 2496 912 τις
2519 848 2860 916 νομίσματα
2899 849 3066 903 δέκα.
3084 847 3472 916 ,αἰχμάλωτος
3496 846 3548 900 δ’
3564 832 3698 901 ἐστὶ

2241 915 2342 968 καὶ
2377 914 2633 984 πένητές
2665 918 2832 984 δέκα,
2865 919 2982 971 τίνι
3020 914 3206 970 δώσει
3235 917 3303 971 ἐκ
3337 917 3595 983 τούτων,

2215 1097 2280 1149 ΕΞ
2310 1096 2534 1149 δύναταί
2555 1113 2642 1158 τις
2667 1096 2754 1150 διά
2783 1095 2892 1148 τῶν
2933 1095 3064 1148 δέκα
3112 1094 3466 1163 νομισμάτων
3500 1095 3705 1162 αἰχμά-

2137 1189 2307 1242 λωτον
2346 1190 2638 1258 ῥύσασθαι,
2669 1190 2924 1257 κρεῖσσον
2956 1184 3139 1240 δοῦναι
3169 1186 3309 1254 ὑπὲρ
3347 1186 3512 1238 αὐτοῦ
3556 1188 3702 1255 ἥπερ

2139 1281 2220 1342 είς
2249 1281 2381 1333 δέκα
2430 1281 2462 1350 ἢ
2511 1284 2604 1332 καλ⁸
2636 1279 2890 1340 πλείονας
2927 1277 3177 1346 πτωχοὺς
3206 1276 3331 1337 τοὺς
3372 1276 3461 1329 διὰ
3495 1280 3706 1347 τροᾳὴν

2139 1371 2425 1434 αἰτοῦντας
2455 1373 2637 1440 μόνον,
2672 1371 2806 1438 εἴγε
2837 1368 2991 1430 ἐλπὶς
3015 1367 3221 1435 ταύτην
3261 1367 3394 1434 παρ’
3421 1366 3594 1422 ἀλλων
3618 1371 3708 1422 εὑ-

2145 1465 2277 1531 ρεῖν.
2328 1465 2391 1516 Εἰ
2443 1463 2498 1516 δὲ
2529 1463 2690 1532 λιμοῦ
2745 1459 2989 1532 κίνδυνος
3050 1459 3144 1510 καὶ
3189 1455 3457 1523 Θανάτου,
3503 1459 3705 1530 καὶτῷ

2141 1553 2472 1625 αἰχμαλώτῳ
2530 1557 2622 1608 καὶ
2658 1555 2792 1617 ’τοῖς
2834 1549 3073 1620 πτωχοῖς
3125 1545 3433 1618 μεριστέον.
3483 1546 3564 1602 Τά
3597 1551 3704 1622 γὰρ

2139 1645 2239 1715 τῆς
2269 1645 2392 1716 βίας
2415 1647 2838 1718 ἀναγκαιότερα.

2671 1826 3007 1882 ΕΡΩΤΠΣΙΣ
3056 1826 3173 1880 OZ'.

2141 1917 2206 1971 Ὀ
2230 1917 2424 1971 θέλων
2473 1917 2904 1984 ἐλεημοσύνην
2935 1917 3185 1983 ποιῆσαι
3227 1917 3305 1971 δι’
3335 1915 3523 1971 αὑτοῦ
3568 1932 3703 1971 ποια

2365 1986 2528 2054 ήσει,
2562 1986 2600 2054 ἢ
2627 1986 2724 2040 διὰ
2757 1987 3168 2056 πνευματικοῦ
3201 1989 3472 2055 Πατρός;

2208 2101 2272 2152 Ὀ
2303 2098 2507 2168 ὀφείλει
2537 2115 2622 2160 τις
2652 2097 2835 2151 δοῦναι
2867 2099 2914 2152 εί
2941 2098 3366 2169 πληροφορεῖται
3401 2097 3494 2151 καὶ
3521 2097 3704 2151 πίστιν

2129 2193 2261 2263 ἔχει,
2297 2193 2499 2262 μᾶλλον
2533 2192 2718 2244 διδότω
2763 2191 2848 2244 διὰ
2888 2191 2977 2244 τοῦ
3011 2192 3224 2274 ῐξατρδς
3263 2189 3452 2253 αὑτοῦ,
3497 2192 3584 2244 τνα
3627 2191 3702 2262 μὴ

2129 2285 2456 2356 κενοδοξήσῃ
2485 2284 2678 2346 διδοὺς,
2726 2283 2758 2353 ἢ
2793 2284 3002 2353 μήποτε
3036 2284 3137 2337 οὐκ
3171 2285 3250 2346 είς
3295 2284 3574 2350 ἀναγκαῖα
3608 2283 3702 2335 καὶ

2129 2376 2552 2444 ἐπωφελέστερα
2591 2375 2762 2444 δώσῃ.
2807 2373 2902 2426 καὶ
2945 2373 3032 2428 ἵνα
3075 2376 3201 2444 ποιῇ
3241 2371 3364 2440 μεθ’
3395 2370 3702 2436 ὑποταγῆς.

2129 2468 2194 2520 Εί
2222 2467 2267 2520 δ’
2313 2467 2374 2519 οὐ
2411 2466 2860 2536 πληροτορεῖται,
2919 2465 3030 2518 οὐδ’
3081 2463 3194 2533 ἔχει
3241 2463 3424 2516 πίστιν
3480 2459 3696 2530 ἀσφαλῆ

2130 2559 2266 2628 πρὸς
2310 2559 2402 2612 τὸν
2429 2557 2875 2626 ἑξοικονομοῦντα
2899 2595 2914 2619 ,
2954 2557 3049 2625 ἀφ’
3080 2553 3274 2609 ἑαυτοῦ
3304 2553 3529 2608 ποιείτω
3562 2551 3700 2621 πλὴν

2131 2649 2271 2718 μετά
2301 2651 2644 2720 ἐρωτήσεως.

2656 2829 2988 2884 ΕΡΩΤΗΣῘΣ
3032 2831 3161 2884 OH'.

2131 2920 2262 2985 Πῶς
2301 2918 2379 2985 τῷ
2395 2921 2921 2989 ,βλασφημήσαντι
2945 2923 3031 2986 είς
3059 2923 3124 2974 τὸ
3157 2919 3394 2988 Πνεῦμα
3425 2919 3494 2972 τὸ
3527 2917 3697 2984 ἄτιον

2205 2993 2315 3070 οὐκ
2343 2989 2579 3070 ἀφίεται
2616 2992 2907 3070 οῇτεχζνν
2954 2992 3093 3070 οὔτε
3136 2991 3207 3044 ἐν
3249 2990 3328 3053 τῷ
3345 2989 3636 3070 μέλέεντι
3673 3005 3694 3070 ς

2200 3057 2360 3140 ᾎριξ
2383 3057 2479 3114 καὶ
2506 3061 2576 3140 ἐξ
2602 3059 2682 3140 τῷ
2705 3060 3238 3140 μέῖιλονη-ἀφρονις
3261 3078 3285 3140 ί
3337 3058 3375 3128 ἢ
3407 3057 3604 3128 μεῖζον
3625 3059 3693 3112 τὸ
3721 3101 3748 3128 ο

2200 3127 2446 3198 Πνεῦμα
2475 3129 2580 3183 τοῦ
2612 3127 2844 3198 Πατρὸς
2883 3129 2981 3182 καὶ
3013 3127 3119 3182 τοῦ
3151 3129 3324 3194 Υίοῦ;

2195 3307 2288 3379 Τῷ
2329 3308 2788 3380 βλασφημήσαντι
2819 3309 2899 3370 είς
2927 3309 2987 3361 τὸ
3029 3307 3254 3378 Πνεῦμα
3297 3307 3359 3362 τδ
3392 3308 3552 3380 ἅγιον
3589 3311 3691 3366 οὐκ

2128 3401 2382 3471 ἀφίεσθαι
2423 3399 2545 3454 οὔτε
2579 3403 2638 3455 ἐν
2667 3399 2743 3470 τῷ
2772 3397 2869 3453 νῦν
2894 3399 3054 3453 αἰῶνι
3085 3400 3210 3453 οὕτε
3244 3401 3300 3452 ἐν
3327 3400 3407 3470 τῷ
3441 3402 3689 3470 μέλλοντι

2127 3493 2188 3546 τὸ
2216 3491 2464 3563 διηνεκὲς
2507 3491 2874 3560 ὑπεμφαίνειο
2907 3490 3004 3561 οὐχ
3049 3491 3130 3543 ὅτι
3168 3490 3314 3544 ἔστιν
3352 3492 3409 3544 ιν
3454 3490 3533 3560 τῷ
3567 3490 3691 3561 μέλι

2127 3581 2272 3635 λοντι
2309 3581 2470 3635 αίῶνί
2501 3597 2584 3642 τις
2613 3581 2829 3648 ἄφεσις,
2864 3579 2979 3633 ἀλλ’
3010 3581 3092 3633 ὅτι
3122 3580 3260 3650 ὅπερ
3303 3579 3688 3652 ἀσυγχώρητον

2126 3675 2191 3726 ὲκ
2221 3673 2327 3726 τῶν
2367 3667 2492 3736 ὧδε,
2532 3659 2756 3726 κάκεῖσε
2789 3671 2976 3725 ἔσται·
3014 3672 3110 3725 καὶ
3151 3672 3354 3742 μᾶλλον
3378 3671 3536 3726 τοῦτο
3561 3690 3659 3727 συν
3772 3748 3779 3754 ⁸

2129 3765 2256 3834 ιστᾷ
2299 3761 2360 3817 τὸ
2393 3761 2469 3833 μὴ
2502 3757 2645 3815 εἶναι
2681 3763 2863 3816 ὲκεῐσε
2911 3760 3108 3830 ἄφεσιν
3138 3760 3247 3830 πρὸ
3291 3759 3384 3812 τοῦ
3433 3759 3687 3828 γενέσθαι

2125 3855 2189 3908 ὲκ
2219 3853 2327 3906 τῶν
2350 3853 2623 3907 ἐντεῦθεν.
2652 3853 2744 3906 Διδ
2771 3853 2868 3907 καὶ
2900 3854 3029 3923 ἄχρι
3064 3851 3379 3914 τελευταίας
3412 3851 3687 3922 ἀναπνοῆς

2125 3947 2158 4014 ἡ
2193 3945 2476 4012 μετάνοια.
2509 3945 2620 4013 Οὑχ
2653 3944 2922 4016 ὑπερέχον
2946 3944 3004 3998 δὲ
3027 3943 3116 3997 διὰ
3141 3942 3298 3996 τοῦτο
3336 3941 3431 3994 τοῦ
3477 3941 3689 4012 Πατρὶς

2125 4033 2334 4090 καὶτοῦ
2363 4033 2495 4088 Υἰοῦ
2522 4033 2582 4087 τὸ
2613 4034 2770 4103 ἅγιον
2799 4033 3055 4104 Πνεῦμαο
3088 4032 3204 4086 ἀλλ’
3233 4033 3348 4086 ίσον
3377 4031 3473 4086 καὶ
3499 4027 3688 4100 ὁμοσύ-

2125 4143 2243 4180 σιον
2270 4125 2468 4196 μᾶλλον
2498 4126 2796 4180 δείκνυται.
2831 4125 2908 4179 Οὐ
2938 4125 3048 4195 γὰρ
3088 4124 3158 4178 δι’
3187 4122 3318 4177 ἄλλο
3354 4139 3408 4176 τι
3437 4121 3684 4175 λέλεκτσι

2123 4217 2282 4270 τοῦτο
2313 4216 2390 4284 τῷ
2419 4217 2629 4285 Σωτῆρι
2659 4217 2692 4286 ἢ
2720 4215 2809 4269 διὰ
2835 4217 2934 4286 τὴν
2962 4216 3110 4268 θείαν
3131 4213 3294 4286 364
3336 4212 3566 4282 δύναμιν
3592 4213 3686 4267 καὶ

2123 4309 2432 4379 ἐνέργειαν,
2473 4307 2541 4361 δι’
2563 4303 2633 4378 ἦς
2658 4307 2831 4360 ιποίει
2852 4307 2923 4362 τά
2952 4307 3172 4378 σημεῖα,
3201 4307 3296 4360 καὶ
3329 4303 3399 4358 τά
3425 4304 3677 4372 δαιμόνια

457 4402 588 4458 tem,
619 4411 725 4464 qua
759 4397 971 4466 pariter
1003 4400 1279 4455 daemones
1305 4399 1374 4455 ab
1405 4401 1716 4457 hominibus
1745 4403 2015 4472 ejiciebat,

2129 4400 2234 4455 τῶν
2257 4400 2560 4471 ἀνθρώπων
2585 4399 2842 4454 ἐδίωκενο
2885 4397 3006 4468 ἥτις
3043 4397 3273 4468 δύναμις
3307 4395 3403 4450 καὶ
3431 4395 3684 4464 ἐνέργεια

452 4499 575 4552 quae
605 4487 822 4555 quidem
855 4498 1098 4558 potestas
1122 4499 1178 4545 et
1208 4493 1507 4548 auctoritas
1539 4492 1688 4548 Patri
1721 4505 1775 4549 et
1801 4494 1940 4552 Filio
1964 4507 2020 4552 et

454 4573 681 4645 Spiritui
719 4588 911 4634 sancto
939 4589 1023 4636 est
1053 4581 1383 4646 communis,
1415 4582 1488 4637 ita
1519 4594 1579 4638 ut
1602 4584 1819 4654 negatio
1849 4585 2024 4655 Spiri-

453 4669 740 4723 tus'sancti
772 4669 827 4724 in
859 4680 1026 4726 totam
1049 4671 1370 4728 Trinitatem
1401 4675 1635 4740 recidat,
1687 4685 1882 4731 contra
1939 4677 2020 4732 sic

454 4757 917 4828 blasphemantes.
953 4763 1147 4820 Omnis
1174 4779 1306 4835 ergo
1340 4765 1634 4823 haereticus
1667 4767 1721 4823 in
1755 4769 1860 4824 hoc
1893 4785 2017 4825 cum
2046 4782 2048 4784 '

452 4849 576 4904 aliis
601 4852 988 4920 blaSphemans
1003 4856 1178 4912 donec
1210 4868 1392 4913 manet
1417 4859 1472 4913 in
1501 4860 1695 4915 haeresi
1721 4875 1830 4916 non
1859 4861 2021 4918 habet

453 4944 857 4999 remissionem.
901 4947 1193 5003 Enimvero
1211 4950 1415 5009 dictum
1436 4960 1518 5005 est
1552 4965 1568 5005 :
1610 4951 2017 5022 Blasphemanti

448 5032 506 5087 in
531 5031 725 5088 Filium
750 5034 1324 5099 hominis,remittetur
1342 5039 1417 5093 illi
1445 5039 1514 5103 η,
1536 5039 1640 5095 hoc
1659 5042 1848 5111 estqui
1877 5042 2022 5098 blas-

451 5124 792 5193 phemaverit
839 5124 892 5178 in
924 5134 1174 5179 naturam
1225 5125 1540 5193 humanam,
1575 5145 1672 5200 per
1705 5145 1865 5199 quam
1894 5146 2020 5188 vere

453 5214 596 5275 hutic
629 5231 752 5271 esse
798 5215 1078 5272 hominem
1126 5215 1313 5272 videre
1359 5227 1613 5288 poterant
1659 5219 1854 5284 Judaei,
1892 5222 2019 5278 licet

452 5322 562 5362 non
590 5317 814 5378 possent
838 5323 1166 5379 cognoscere
1198 5309 1342 5379 quod
1374 5309 1429 5363 in
1468 5325 1534 5365 eo
1559 5311 1735 5381 majus
1765 5321 1884 5367 erat
1909 5329 1924 5381 ;
1961 5324 2017 5368 et

451 5397 520 5454 de
553 5399 654 5454 hoc
683 5414 874 5454 eorum
923 5400 1242 5456 absolvebat
1287 5411 1570 5470 peccatum
1591 5445 1606 5469 ,
1639 5403 1782 5457 sicut
1816 5404 2014 5459 orabat

451 5506 552 5560 pro
583 5490 1044 5560 cruciﬁgentibus.
1090 5490 1197 5546 Sed
1247 5507 1370 5546 cum
1411 5492 1630 5562 quidam
1668 5492 2020 5562 blasphema-

450 5592 576 5637 rent
617 5583 862 5638 dicentes
909 5582 1059 5637 illum
1089 5583 1270 5638 divina
1316 5585 1468 5656 signa
1515 5585 1567 5640 in
1606 5585 1901 5642 Beelzebut
1935 5585 2016 5641 ia-

527 5733 566 5765 "
597 5732 726 5789 Luc.
765 5751 864 5803 xu,
897 5734 984 5790 l0.
1043 5755 1050 5762 ·

2125 4493 2277 4563 κοινή
2312 4493 2428 4546 ἐστι
2463 4490 2558 4545 τοῦ
2585 4489 2800 4560 Πατρδς
2822 4489 2918 4544 καὶ
2958 4487 3051 4543 τοῦ
3096 4487 3222 4543 Υίοῦ
3253 4488 3346 4541 καὶ
3383 4485 3481 4540 τοῦ
3527 4485 3685 4554 ἁγίου

2124 4582 2444 4653 Πνεύματος
2462 4598 2477 4614 ·
2514 4581 2654 4636 ὥστε
2679 4583 2713 4652 ἡ
2740 4581 3013 4649 ἀπόφασις
3053 4578 3192 4650 αὕτη
3223 4579 3364 4632 κατά
3391 4577 3498 4630 τῶν
3521 4576 3684 4646 βλασ-

2125 4674 2457 4746 φημούντων
2487 4675 2567 4737 τίς
2613 4673 2712 4743 τὴν
2743 4671 2951 4741 Τριάδα
2991 4671 3127 4726 ἐστί.
3169 4670 3280 4723 Καὶ
3326 4669 3434 4731 πᾶς
3475 4669 3683 4739 αἱρετι-

2124 4765 2220 4827 κδς
2266 4766 2331 4818 ὲκ
2383 4764 2576 4818 τούτου
2609 4764 2749 4833 μετά
2790 4763 2900 4816 τῶν
2941 4761 3120 4816 ἀλλων
3150 4760 3484 4831 βλασφήμων
3521 4759 3577 4810 ιν
3615 4758 3680 4825 τῇ

2124 4853 2336 4926 αἱρέσει
2369 4854 2568 4923 μένων,
2611 4855 2712 4907 οὐκ
2755 4853 2870 4924 ῐχει
2917 4852 3128 4922 ἄφεσιν.
3174 4852 3284 4904 Καὶ
3329 4849 3437 4919 γὰρ
3477 4847 3553 4917 τῷ
3585 4848 3682 4916 μὲν

2125 4945 2614 5018 βλασφημήσαντι,
2639 4945 2824 5016 φησιν,
2859 4944 2939 5007 είς
2973 4943 3066 4997 τὸν
3089 4942 3218 4996 Υίὸν
3243 4939 3337 4994 τοῦ
3371 4940 3678 5008 ἀνθρώπου,

2120 5034 2456 5105 ἀφεθήσεται
2483 5035 2650 5106 αὐτῷ,
2686 5035 2967 5089 τουτέστιν
2994 5034 3077 5096 εἰς
3111 5033 3171 5086 τὸ
3199 5028 3560 5102 ἀνθρώπινον,
3596 5029 3682 5084 διά

2120 5125 2182 5180 τδ
2215 5127 2348 5197 όρᾷν
2378 5125 2596 5196 ἀληθῶς
2635 5126 2800 5180 αὑτὸν
2831 5125 2968 5196 μετὰ
3003 5125 3204 5196 σαρκὸς
3247 5123 3536 5193 ἄνθρωπον
3560 5122 3680 5176 τότε

2120 5217 2249 5282 τοὺς
2287 5217 2593 5296 Ἰουδαίους,
2628 5217 2727 5270 καὶ
2754 5214 2830 5288 μὴ
2861 5215 3123 5270 δύνασθαι
3152 5216 3296 5268 νοεῖν
3327 5213 3678 5284 ὑψηλότερον,

2123 5309 2218 5362 καὶ
2240 5309 2340 5382 τὴν
2366 5310 2496 5379 περὶ
2537 5308 2730 5363 τούτου
2765 5308 2924 5378 ἤφιεν
2964 5306 3260 5377 ἁμαρτίαν,
3305 5303 3382 5367 ὡς
3413 5304 3510 5357 καὶ
3541 5301 3679 5372 ὑπὲρ

2119 5400 2229 5454 τῶν
2253 5402 2581 5472 σταυρωτῶν
2608 5401 2773 5455 αὑτοῦ
2803 5399 3024 5471 ηὔχετο.
3051 5398 3125 5452 Τδ
3151 5397 3208 5451 δὲ
3232 5397 3302 5451 τὰ
3327 5396 3445 5450 θεία
3479 5393 3679 5464 σημεῖα

2118 5492 2300 5562 λέγειν
2345 5494 2508 5549 αὐτόν
2553 5511 2707 5558 τινας
2751 5489 3207 5564 βλασφημοῦντας
3239 5487 3299 5543 ιν
3347 5481 3679 5550 Βεελζισοὺλ

2119 5587 2312 5652 ποιεῖν,
2338 5587 2434 5642 καὶ
2455 5586 2555 5659 τὴν
2579 5586 2731 5643 θείαν
2757 5587 2985 5656 δύναμιν
3009 5584 3239 5649 ἀθετεῖν,
3291 5577 3446 5635 τοῦτο
3487 5577 3677 5645 ελεγιν
