4078 6288
670 298 709 318 \

394 318 430 380 9
442 317 498 380 ’Π

1108 318 1502 381 BESPONSA
1541 320 1638 380 AD
1669 284 2111 381 cantuum
2147 289 2870 389 PENTAPOLITAN‘UM.’

3525 328 3627 390 938

397 428 814 498 ἀσυγχώρητον.
850 429 995 500 Πλὴν
1026 433 1138 494 τοῖς
1174 432 1248 502 μὴ
1274 433 1642 502 ’προσελθοῦσι
1672 436 1739 504 τῇ
1782 434 1961 486 πίστει

2078 453 2207 502 :ere,
2238 451 2293 494 et
2322 442 2402 495 sic
2430 451 2688 513 negarent
2708 443 2806 511 ipsi
2836 450 3152 512 potestatem
3187 440 3277 498 Dei
3311 442 3583 512 propriam
3609 464 3621 503 :

398 520 788 590 ἀσυγχώρητον
818 521 972 575 ἔσται
1005 525 1222 591 μόνοις·
1276 528 1384 590 πᾶς
1427 526 1484 579 δὲ
1534 527 1829 588 πιστεύσας
1865 526 1961 577 zeal

398 610 718 680 βαπτισθεὶς
749 612 1071 683 σωθήσεται.
1096 616 1210 669 Καὶ
1239 619 1367 685 περὶ
1393 616 1584 671 τούτου
1619 616 1807 670 πολλοί
1829 633 1962 684 φασι

398 703 506 755 τῶν
534 703 730 770 ἁγίων,
778 706 874 757 καὶ
925 706 1137 768 Παῦλος
1182 712 1211 762 6
1251 709 1443 780 πρώην
1498 708 1820 779 βλάσφημος
1868 708 1964 777 zeal

396 797 767 867 χριστοκήρυξ
801 796 1027 870 ὕστερον
1056 804 1344 872 μαρτυρεῖ.

939 1044 1269 1098 Ειιοτιιειε
1300 1020 1439 1100 ὀοη

410 1155 473 1210 Τί
510 1155 600 1221 τὸ,
629 1174 649 1208 e
697 1155 983 1222 Ἐπτάκις
1027 1157 1139 1223 τῆς
1175 1159 1397 1227 ἡμέρας
1434 1160 1627 1228 ᾔνεσά
1658 1177 1766 1215 σε·
1800 1180 1821 1213 ι
1866 1162 1965 1217 καί

730 1231 893 1292 τινες
923 1230 982 1281 al
1009 1228 1158 1281 ἑπτὰ
1190 1230 1458 1296 αὶνέσεις
1488 1233 1612 1288 είσί
1629 1248 1649 1294 ;

483 1340 572 1404 Τὸ,
611 1359 629 1392 e
678 1339 939 1403 Έπτάκις
975 1339 1075 1408 τῆς
1105 1341 1321 1411 ἡμέρας
1353 1342 1519 1413 ᾔνεσα
1563 1360 1644 1406 σε,
1686 1362 1703 1394 ι
1752 1344 1813 1396 τὸ
1842 1343 1968 1396 πολ-

403 1431 565 1493 λᾶκις
602 1431 752 1500 δηλοῖ
791 1432 1100 1496 διαπαντὸς,
1138 1433 1214 1495 ὡς
1266 1435 1361 1486 καὶ
1406 1436 1463 1487 ὲν
1511 1434 1691 1496 ἄλλοις
1737 1436 1764 1487 6
1806 1436 1970 1498 αὐτὸς

406 1522 698 1593 ψαλμῳδδς
732 1525 1018 1593 προφήτης
1048 1525 1233 1592 φησὶν,
1265 1541 1285 1576 e
1322 1524 1616 1593 Εὖλογήσω
1652 1524 1742 1578 τὸν
1767 1527 1969 1596 Κύριον

410 1620 466 1668 ἐν
498 1612 661 1668 παντὶ
698 1615 896 1685 καιρῷ.
938 1635 956 1666 ι
1003 1618 1114 1669 Kal
1153 1617 1336 1681 πάλιν,
1380 1637 1398 1671 ‹
1431 1618 1793 1689 Διαπαντδςὴ
1826 1621 1972 1673 αῐνε-

410 1724 493 1766 σις
533 1707 701 1761 αὐτοῦ
750 1709 806 1759 ὲν
844 1707 919 1776 τῷ
967 1709 1194 1777 στόματί
1242 1726 1367 1778 μου.
1425 1730 1444 1762 ι
1500 1712 1606 1765 Kal
1660 1712 1688 1764 6
1742 1713 1884 1775 θεῖος
1914 1712 1989 1765 δὲι

409 1797 645 1860 Παῦλος,
676 1817 693 1846 ι
740 1797 1129 1860 Ἀδιαλείπτως
1170 1801 1557 1870 προσεύχεσθε,
1592 1803 1648 1853 ἐν
1685 1803 1848 1855 παντὶ
1879 1802 1969 1854 εὐ-
1998 1779 2045 1840 Β

412 1892 743 1959 χαριστεῖτε.
783 1908 800 1941 ι
850 1890 1176 1959 Ἑξαιρέτως
1225 1892 1281 1945 δὲ
1333 1895 1361 1945 6
1411 1894 1571 1962 μόνος
1599 1895 1792 1964 Σωτὴρ
1829 1894 1973 1948 οὕτω

411 1979 659 2031 δδὰσκει
686 1993 701 2009 ·
747 1998 766 2031 ‹
803 1980 1132 2048 Γρηγορεῖτε
1164 1978 1256 2035 οῦν
1282 1986 1340 2036 ἐν
1383 1988 1545 2040 παντὶ
1576 1986 1752 2056 καιρῷ
1782 1986 1975 2055 δεόμε-

416 2089 516 2125 νοι.
554 2091 574 2124 ι
613 2073 798 2137 Διατί;
835 2073 950 2125 Ἵνα
980 2068 1129 2143 ὦμεν
1157 2073 1216 2126 ἓν
1246 2076 1383 2143 μετὰ
1408 2076 1501 2129 τοῦ
1537 2078 1693 2143 Θεοῦ,
1723 2080 1860 2147 ὅπερ
1886 2080 1977 2148 ἐρ-

417 2179 512 2227 γον
558 2164 705 2215 ἐστὶν
746 2163 1125 2218 ἀδιάλειπτον·
1179 2167 1210 2235 ἡ
1265 2169 1540 2240 προσευχὴ
1596 2169 1705 2240 γὰρ
1739 2171 1850 2224 ἑνοῖ
1900 2170 1977 2241 τῷ

418 2254 539 2324 Θεῷ
560 2272 572 2287 ·
607 2256 634 2308 ὅ
665 2256 882 2309 πάντων
913 2256 1088 2325 ἔργων
1126 2257 1244 2311 ἐστὶ
1277 2260 1553 2328 μέγιστον.
1588 2263 1698 2315 Καὶ
1722 2264 1773 2315 τί
1793 2264 1976 2334 κρεῖτ-

417 2365 508 2401 τον
533 2346 625 2400 τοῦ
656 2346 865 2415 ὁμιλεῖν
896 2348 972 2416 τῷ
1007 2348 1147 2419 Θεῷ,
1183 2352 1275 2404 zeal
1303 2346 1443 2405 εἶναι
1476 2352 1615 2422 μετὰ
1638 2354 1773 2408 Θεοῦ
1798 2372 1815 2422 ;
1844 2357 1979 2427 ὅπερ

417 2439 581 2506 ἔργον
637 2438 884 2506 ἀγγέλων
937 2441 1088 2493 ἐστὶν
1120 2440 1483 2496 ἀδιάλειπτον.
1535 2445 1625 2497 Ἐν
1664 2447 1841 2517 τούτῳ
1884 2442 1979 2499 οῦν

418 2530 516 2583 zeal
560 2530 636 2592 ώς
680 2530 902 2598 ἄγγελοί
940 2533 1127 2601 ἐσμεν,
1182 2532 1278 2587 καὶ
1329 2534 1640 2606 λειτουργοὶ
1691 2536 1849 2602 Θεοῦ,
1886 2539 1981 2591 καὶ

425 2623 708 2686 ποιοῦντες
738 2623 798 2675 τὸ
846 2624 1057 2693 θέλημα
1092 2624 1280 2688 αὐτοῦ,
1325 2628 1416 2680 καὶ
1446 2627 1677 2697 καθαροὶ
1706 2630 1804 2699 τὴν
1847 2648 1983 2701 καρο

424 2716 563 2780 δίαν,
604 2717 696 2770 καὶ
727 2716 856 2770 Θεὸν
886 2717 1141 2786 δρῶντες,
1180 2720 1276 2771 zeal
1301 2718 1535 2789 ὑμνῳδοὶ
1568 2720 1722 2783 Gelae,
1755 2723 1849 2772 zeal
1882 2722 1984 2792 τὴν

422 2805 644 2874 ὀφειλὴν
674 2805 1018 2870 ἀποδιδόντες
1053 2805 1222 2874 αὐτῷ.
1260 2807 1358 2861 Ἐκ
1378 2807 1570 2863 τούτου
1597 2808 1652 2862 δὲ
1675 2808 1771 2862 zeal
1793 2808 1985 2863 καθαι-

433 2899 670 2967 ρόμενοι,
705 2898 798 2952 zeal
824 2896 980 2952 λύσιν
1016 2898 1390 2968 λαμδάνοντες
1422 2902 1530 2954 τῶν
1558 2901 1865 2970 ἁμαρτιῶν,
1891 2903 1987 2956 zeal

427 2991 783 3061 λυτρούμενοι
812 2993 878 3045 ἐκ
915 2991 1010 3045 τοῦ
1039 2991 1277 3062 πονηροῦ
1318 2993 1414 3045 zeal
1441 2995 1504 3046 ὲκ
1550 2993 1747 3056 παντὸς
1796 3011 1987 3065 πειρα-

2070 534 2173 586 hoc
2198 533 2331 586 dixit
2357 534 2765 598 irremissibilc;
2800 535 2905 587 illis
2930 544 3105 589 tamen
3133 534 3509 589 tantummodo
3535 535 3625 602 qui

2070 623 2192 677 lidei
2225 624 2478 678 meritum
2509 626 2791 690 abnuent;
2824 640 2948 679 nam
2976 625 3154 681 omnis
3200 625 3290 693 qui
3327 624 3630 679 crediderit

2068 723 2120 769 et
2153 715 2465 785 baptizatus
2493 716 2664 771 fuerit
2701 718 3021 772 salvabitur.
3064 716 3140 771 De
3185 717 3290 771 hoc
3335 717 3627 785 loquuntur

2067 806 2286 876 plurimi
2311 818 2647 874 sanctorum,
2668 818 2722 862 et
2752 808 2866 879 ipse
2895 807 3096 863 Paulus
3124 809 3354 878 primum
3381 807 3632 878 blaspheo

2070 907 2265 963 mator,
2302 897 2502 953 deinde
2533 898 2731 953 (.hristi
2768 900 3116 970 praedicator,
3150 908 3400 954 testatur.

2548 1051 2879 1119 QUIESTIO
2906 1052 3141 1108 LXXIX.

3472 1128 3489 1151 \

2072 1167 2201 1233 Qui:
2227 1183 2409 1221 sensus
2427 1168 2722 1226 verborum,
2743 1184 2760 1216 ι
2787 1165 2981 1229 Septies
3003 1182 3092 1232 per
3108 1165 3243 1218 diem
3267 1175 3313 1218 te
3338 1164 3548 1219 laudavi
3570 1181 3630 1232 μ

2199 1246 2247 1289 et
2294 1252 2534 1304 quamam
2576 1244 2695 1289 sunt
2741 1245 2933 1304 septem
2980 1234 3479 1291 itlwlaudationes?

2138 1349 2271 1404 lllud
2302 1349 2372 1416 τι(
2396 1349 2608 1416 Septies
2635 1348 2689 1401 in
2722 1348 2810 1403 die
2836 1348 3047 1402 laudem
3072 1348 3183 1402 dixi
3216 1349 3310 1402 tibi
3343 1348 3382 1413 ¹,
3418 1366 3436 1400 ι
3464 1347 3640 1419 signi-

2074 1439 2196 1493 ﬁcat
2229 1438 2434 1508 pluries
2463 1446 2557 1491 aut
2587 1446 2907 1506 θεωρεῖ-,ιιι
2936 1437 3066 1492 alibi
3102 1437 3337 1506 loquitur
3362 1437 3479 1505 ipse
3510 1452 3639 1505 pro-

2073 1533 2326 1602 pheticus
2368 1530 2575 1587 Psaltes
2612 1546 2626 1586 :
2662 1548 2680 1581 ι
2722 1529 3044 1585 Beuedicam
3080 1529 3371 1584 Dominum
3407 1530 3461 1583 in
3491 1529 3639 1582 omni

2075 1633 2319 1692 tempore
2351 1626 2401 1688 ²;
2438 1640 2456 1674 ι
2491 1632 2544 1675 et
2574 1621 2771 1676 iterum
2805 1636 2823 1680 :
2862 1640 2879 1672 ι
2906 1619 3133 1689 Semper
3162 1619 3284 1672 laus
3310 1618 3428 1688 ejus
3458 1619 3509 1670 iu
3548 1631 3641 1671 ore

2073 1729 2196 1769 meo
2229 1715 2269 1767 ³.
2306 1733 2324 1764 ι
2360 1714 2425 1767 Et
2462 1722 2686 1768 sanctus
2728 1712 2929 1766 Paulus
2959 1730 2973 1765 :
3005 1730 3023 1762 ι
3074 1710 3204 1766 Sine
3233 1710 3643 1764 intermissione

2075 1818 2246 1871 orate,
2300 1807 2354 1859 in
2385 1806 2640 1860 omnibus
2699 1805 2903 1872 gratias
2949 1804 3092 1873 agite
3125 1802 3170 1857 ⁸.
3203 1821 3222 1854 ι
3280 1800 3644 1854 Excellentius

2077 1898 2193 1967 ipse
2242 1896 2488 1951 Salvator
2536 1898 2643 1950 hoc
2688 1896 2849 1950 docet
2890 1912 2906 1950 ;
2950 1914 2967 1944 ι
3010 1893 3236 1963 Vigilate
3268 1892 3450 1961 itaque
3493 1892 3643 1945 omni

2075 1994 2320 2056 tempore
2361 1985 2655 2039 orantes“.
2690 2002 2707 2034 ι
2751 1982 3101 2048 Quareuam?
3138 1981 3211 2037 Ut
3262 1980 3435 2034 simus
3475 1996 3645 2034 unum

2074 2096 2194 2135 cum
2248 2078 2357 2133 Deo
2391 2116 2406 2140 ,
2434 2092 2601 2147 opere
2629 2076 2837 2131 scilicet
2862 2084 3125 2145 perpetuo
3175 2074 3483 2145 fungentes.
3516 2075 3648 2127 Ora-

2078 2174 2226 2227 tione
2251 2170 2634 2240 conjungimur
2662 2168 2808 2237 Deo;
2862 2169 2965 2222 hoc
3011 2174 3092 2221 est
3133 2182 3362 2236 operum
3394 2164 3641 2220 omnium

2076 2263 2395 2318 maximum.
2442 2259 2579 2327 Quid
2613 2259 2759 2313 enim
2784 2259 3009 2329 dignius
3040 2274 3203 2329 quam
3240 2257 3336 2313 Dei
3369 2257 3648 2326 colloquio

2080 2356 2179 2419 uti,
2212 2364 2267 2409 et
2304 2357 2411 2408 Deo
2431 2350 2665 2406 adesse?
2694 2351 2807 2406 Hoc
2833 2366 2969 2421 opus
2997 2351 3315 2422 angelorum
3343 2350 3648 2405 assiduum.

2082 2446 2213 2499 Dum
2247 2443 2411 2515 igitur
2442 2443 2534 2497 tali
2562 2440 2714 2511 operi
2757 2456 3016 2497 vacamus
3056 2441 3205 2498 sicut
3230 2440 3403 2509 angeli
3438 2453 3649 2500 sumus,

2079 2547 2134 2591 et
2163 2536 2256 2591 Dei
2292 2536 2545 2611 ministri,
2571 2544 2623 2590 et
2650 2534 2979 2589 voluntatem
3006 2534 3125 2603 ejus
3153 2534 3519 2604 perlicientes,
3549 2533 3653 2587 im-

2082 2626 2330 2681 maculati
2360 2626 2544 2691 corde,
2583 2626 2673 2679 Dei
2721 2617 3082 2695 spectatores,
3118 2624 3288 2679 divini
3334 2624 3646 2680 modulato-

2086 2733 2194 2781 res,
2227 2717 2329 2788 ipsi
2358 2716 2466 2771 Deo
2498 2715 2843 2771 familiariter
2872 2715 3255 2772 inservientes.
3294 2714 3396 2770 Per
3440 2714 3647 2770 oratio-

2086 2825 2209 2864 nem
2238 2809 2381 2863 enim
2413 2808 2758 2872 mundamur,
2806 2815 2861 2861 et
2897 2815 3241 2876 peccatorum
3274 2805 3649 2862 remissionem

2086 2900 2418 2969 accipimus;
2450 2916 2478 2953 a
2508 2899 2653 2953 malo
2705 2909 2760 2953 et
2791 2899 2913 2970 ejus
2956 2897 3350 2953 tentationibus
3389 2897 3650 2955 omnibus

2089 2992 2406 3055 liberamur,
2437 2989 2584 3061 digni
2634 2991 2839 3045 lumine
2886 2998 2941 3045 et
2986 3004 3156 3061 regno
3213 2988 3312 3044 Dei
3361 2990 3652 3046 habemur.

336 4652 341 4657 ’
442 4635 626 4705 ἐτήρει
654 4635 748 4688 zeal
781 4636 814 4703 ἠ
861 4634 1158 4705 Ἐκκλησία
1182 4638 1362 4705 τηρεῖ.
1397 4636 1487 4689 Διὸ
1526 4637 1647 4699 καὶ,
1688 4654 1708 4687 e
1753 4636 2001 4690 Μεσονύ-

433 3082 596 3151 σμοῦ,
632 3084 722 3135 καὶ
752 3085 818 3135 ἐκ
849 3083 1067 3138 πάντων
1092 3085 1201 3137 τῶν
1233 3084 1617 3153 ἐπερχομένων
1658 3083 1869 3148 δεινῶν,
1896 3086 1980 3138 zeal

2093 3082 2207 3137 Imo
2235 3097 2367 3137 vero
2396 3084 2518 3152 quis
2543 3097 2866 3138 enumerare
2895 3081 2977 3136 vel
3010 3082 3202 3137 saltem
3232 3083 3417 3139 dicere
3451 3084 3655 3152 poterit

429 3171 573 3235 ἄξιοι
616 3171 894 3240 γινόμενοι
926 3174 1026 3241 τῆς
1071 3170 1235 3226 αὐτοῦ
1288 3173 1703 3243 παραστάσεως,
1752 3175 1848 3227 καὶ
1891 3173 1980 3226 τοῦ

2093 3182 2296 3242 quanta
2356 3173 2517 3229 nobis
2571 3189 2664 3243 per
2718 3174 3023 3228 orationem
3076 3174 3402 3241 proveniant
3455 3175 3656 3230 bona?

428 3262 715 3330 φωτισμοῦ
750 3262 915 3314 αὑτοῦ
959 3263 1054 3317 zeal
1098 3263 1195 3332 τῆς
1226 3264 1501 3334 βασιλείας
1549 3267 1980 3336 καταξιοὺμενοι.

2093 3263 2458 3333 Quacumque
2488 3265 2633 3318 enim
2664 3281 2693 3318 a
2721 3264 2830 3319 Deo
2861 3265 3201 3334 postulamus
3243 3266 3540 3336 accipimus
3563 3280 3659 3333 per

430 3349 544 3402 Kal
595 3350 677 3402 ἔτι
732 3350 816 3413 τίς
860 3351 1179 3422 ἀριθμήσει,
1229 3353 1261 3423 ἢ
1303 3353 1386 3416 τίς
1437 3354 1722 3424 δυνήσεται
1755 3355 1980 3421 ἐξειπεῖν

2094 3370 2242 3419 eum,
2272 3364 2328 3408 ut
2352 3355 2466 3424 ipse
2504 3354 2770 3424 promisit.
2795 3355 2893 3411 Per
2925 3355 3222 3410 orationem
3250 3355 3504 3411 miracula
3535 3370 3663 3424 pro-

430 3439 597 3504 ἀξίως
649 3442 716 3495 τὰ
768 3443 857 3495 διὰ
909 3444 1005 3511 τῆς
1057 3446 1363 3515 προσευχῆς
1409 3446 1541 3516 ἡμῖν
1575 3449 1980 3517 χορηγούμενα;

2095 3447 2348 3518 digiaque
2399 3446 2587 3502 effecta
2613 3456 2743 3501 sunt
2777 3455 2833 3501 et
2865 3447 3101 3516 quotidie
3122 3450 3278 3510 liunt,
3309 3453 3362 3499 et
3376 3446 3526 3501 multi
3555 3446 3660 3499 sal—

431 3531 500 3585 δι’
528 3527 595 3603 ἧς
636 3535 743 3586 πᾶν
769 3534 797 3586 ὃ
827 3534 1086 3605 αἰτοῦμεν
1119 3524 1492 3605 λαμϐάνομεν,
1515 3541 1665 3608 παρὰ
1712 3539 1803 3592 τοῦ
1830 3539 1980 3603 Θεοῦ,

2097 3541 2322 3604 γεωμιιῄ
2376 3537 2512 3592 fiunt
2543 3538 2881 3593 curationum
2928 3537 3111 3604 dona;
3139 3547 3194 3591 et
3221 3537 3264 3589 si
3295 3536 3423 3605 quid
3456 3535 3661 3590 bonum

430 3621 508 3684 ὡς
540 3623 701 3684 αὐτὸς
732 3624 1118 3695 ἐπηγγείλατο.
1155 3627 1265 3681 Kal
1314 3629 1518 3698 σημεῖα
1560 3629 1615 3682 δὲ
1647 3631 1740 3681 zeal
1787 3631 1980 3697 τέρατα

2096 3645 2261 3685 omne
2291 3629 2359 3684 ab
2388 3629 2526 3698 ipsa,
2560 3639 2618 3684 et
2644 3630 2763 3684 sine
2798 3628 2885 3682 illa
2921 3628 3129 3684 nullum
3155 3629 3383 3683 bonum.
3413 3626 3663 3694 Denique

434 3715 625 3781 γέγονε
655 3716 721 3768 δι’
761 3718 931 3788 αὐτῆς
970 3721 1064 3771 zeal
1094 3718 1324 3787 γίνεται,
1356 3722 1448 3775 zeal
1484 3721 1725 3791 σωτηρία
1756 3723 1980 3786 πολλοῖς,

2099 3723 2214 3777 lucc
2241 3730 2325 3775 est
2352 3730 2478 3775 ante
2508 3721 2692 3775 omnia
2725 3735 2863 3789 opus
2908 3719 3168 3775 Ecclesia:
3193 3735 3223 3773 a
3264 3733 3372 3789 quo
3409 3734 3513 3773 nec
3548 3720 3667 3772 Sal-

437 3809 532 3860 zeal
564 3809 811 3872 ίαμὰτων
841 3811 1168 3882 δωρήματα,
1204 3813 1297 3867 zeal
1321 3815 1431 3867 πᾶν
1466 3813 1493 3867 ὃ
1518 3831 1571 3866 τι
1600 3815 1708 3867 τῶν
1739 3815 1980 3883 ἀγαθῶν⁴

2102 3828 2273 3882 vatur,
2303 3830 2400 3870 nec
2430 3812 2683 3883 apostoli,
2708 3827 2812 3867 nec
2834 3811 3019 3866 Patres
3040 3825 3276 3879 unquam
3299 3819 3662 3864 recesserunt.

446 3901 540 3952 zeal
567 3900 720 3953 οὐδὲν
749 3901 951 3965 ἀγαθὸν
1000 3904 1168 3972 χωρὶς
1217 3906 1453 3974 ταύτηςο
1489 3905 1581 3957 zeal
1625 3905 1731 3976 πρὸ
1776 3908 1980 3958 πάντωι

2100 3911 2264 3966 Nobis
2336 3907 2498 3978 igitur
2545 3904 2799 3960 continua
2861 3903 3186 3957 necessitate
3229 3901 3505 3961 incumbit
3565 3900 3667 3954 hoc

435 3989 596 4042 τοῦτο
627 3990 786 4058 ἔργον
824 3992 923 4058 τῆς
960 3992 1310 4059 Ἐκκλησίας,
1341 3997 1415 4057 ώς
1443 3997 1636 4064 καὶτῷ
1662 3998 1874 4068 Σωτῆρι
1902 3998 1980 4050 zeal

2101 4016 2261 4072 opus,
2328 4008 2401 4054 ct'
2438 4013 2561 4051 cum
2619 3996 2790 4050 simus
2842 3996 2982 4050 servi
3044 3992 3137 4047 Dei
3200 4001 3254 4047 et
3304 4002 3570 4047 creatures
3609 4002 3669 4047 ut

436 4080 547 4141 τοῖς
574 4078 892 4142 ἀποστόλοις
912 4081 1005 4132 zeal
1028 4085 1139 4144 τοῖς
1172 4084 1450 4153 Πατράσιν
1476 4086 1810 4148 ἀνελλειπὲς.
1848 4088 1980 4140 Πάν·

2104 4106 2303 4146 muuus
2334 4089 2575 4145 debitum
2613 4087 2769 4143 nobis
2809 4085 3099 4141 mandatur
3141 4099 3350 4139 summe
3379 4085 3504 4137 item
3543 4100 3669 4153 pro-

438 4188 559 4224 τοτε
596 4170 694 4240 μὲν
732 4166 825 4225 οῦν
852 4173 1012 4226 τοῦτο
1056 4174 1116 4226 τι
1160 4175 1321 4244 ἔργον
1370 4178 1502 4244 ἡμῖν
1545 4176 1621 4239 ὡς
1661 4177 1869 4241 δούλοις
1906 4180 1980 4231 κα¹

2106 4183 2345 4245 licuum;
2402 4188 2623 4250 propter
2651 4187 2831 4232 autem
2884 4176 3248 4231 inﬁrmitatem
3288 4175 3475 4241 simul,
3499 4192 3672 4244 quan-

440 4265 732 4334 κτίσμασιν
764 4266 1062 4333 ἀναγκαῖον
1107 4266 1200 4319 zeal
1242 4268 1726 4336 κεχρεωστημένον
1758 4271 1980 4339 προσφέ·

2106 4284 2219 4328 tum
2250 4286 2352 4342 ego
2395 4270 2610 4341 judico,
2643 4269 2723 4324 eis
2755 4268 2847 4337 qui
2891 4267 3229 4339 negligenter
3259 4276 3426 4339 agunt
3470 4276 3672 4322 statuta

447 4376 560 4427 ρειν
595 4358 669 4427 τῷ
701 4357 841 4426 Θεῷ,
894 4357 990 4410 zeal
1033 4357 1177 4412 οὕτω
1225 4358 1671 4414 λυσιτελέστατον
1694 4376 1707 4391 ο
1761 4362 1910 4431 ὅμως
1941 4363 1980 4415 δὲ

2105 4362 2443 4420 orationibus
2526 4359 2870 4416 deducuntur
2933 4368 3195 4426 tempora,
3253 4373 3371 4427 quae
3450 4367 3505 4411 et
3554 4374 3672 4413 ser-

439 4450 531 4504 διὰ
558 4451 655 4521 τὴν
687 4451 973 4504 ἀσθένειαν
1027 4452 1122 4504 zeal
1170 4454 1282 4515 τοῖς
1324 4452 1601 4520 ὀλιγώρως
1654 4453 1836 4523 ἔχουσι
1883 4473 1980 4508 κατ

2078 4458 2268 4512 lvabat
2342 4452 2511 4508 David
2587 4460 2644 4505 et
2711 4465 2856 4504 nunc
2904 4464 3119 4519 quoque
3181 4461 3362 4503 servat
3410 4448 3673 4505 Ecclesia.

442 4542 542 4608 ἐμὲ
592 4544 684 4595 zeal
726 4544 909 4612 καιροί
961 4545 1068 4596 είσι
1115 4545 1459 4612 τεταγμένοι,
1503 4545 1596 4608 οὓς
1643 4548 1738 4599 καὶ
1772 4547 1799 4598 6
1841 4546 1980 4598 Aa6li

2107 4548 2234 4603 ideo
2283 4524 2525 4600 dicebat'
2553 4541 2718 4595 David
2758 4558 2822 4597 ξι
2853 4540 3023 4596 Media
3073 4546 3232 4595 nocte
3275 4542 3562 4610 surgebam
3589 4540 3665 4602 ⁸,»

2107 4648 2162 4694 et
2190 4652 2292 4692 nos
2321 4635 2500 4690 media
2526 4642 2686 4689 nocte
2732 4648 2856 4687 cum
2888 4633 3005 4701 ipso
3036 4631 3350 4700 psallimus;
3410 4639 3462 4685 et
3494 4631 3620 4685 alibi
3654 4648 3669 4684 :

443 4738 594 4776 κτιον
624 4720 1009 4794 ἐξηγειρόμην,
1048 4743 1067 4775 ι
1101 4725 1256 4793 φησί.
1290 4726 1402 4779 Kal
1424 4727 1585 4796 ἡμεῖς
1617 4725 1686 4779 τὰ
1713 4725 1809 4778 τοῦ
1844 4742 1980 4794 μεσοη

2115 4749 2134 4782 e
2176 4729 2339 4794 Deus,
2374 4728 2518 4781 Deus
2565 4740 2737 4790 meus,
2777 4725 2844 4779 ad
2895 4734 2946 4779 te
2989 4725 3053 4779 de
3099 4724 3221 4778 luce
3260 4724 3422 4793 vigilo
3462 4724 3510 4777 ⁷.
3552 4742 3568 4773 ι
3605 4722 3670 4778 Et

442 4814 697 4865 νυκτικοῦ
734 4816 830 4866 σὺν
853 4816 1044 4885 ἐκείνῳ
1062 4815 1360 4884 ψάλλομεν,
1398 4818 1491 4869 zeal
1521 4816 1601 4880 τὸ,
1638 4834 1657 4866 e
1702 4816 1760 4869 '0
1793 4815 1947 4881 Θεὸς,
1975 4838 1980 4862 ι

2107 4836 2209 4875 nos
2243 4818 2469 4874 diluculi
2515 4816 2778 4870 habemus
2809 4815 3016 4870 laudes.
3053 4814 3139 4868 Ait
3187 4815 3380 4868 iterum
3412 4830 3427 4867 :
3458 4831 3476 4865 ι
3515 4812 3672 4868 Mane

441 4905 574 4966 Θεός
612 4921 738 4973 μου,
789 4905 923 4973 πρὸς
974 4905 1034 4958 σὲ
1083 4905 1342 4975 ὀρθρίζω,
1384 4924 1402 4958 ι
1463 4906 1557 4960 zeal
1610 4907 1771 4976 ήμεῖς
1814 4907 1980 4960 τὰ.τοὶ

2105 4911 2363 4969 exaudies
2396 4923 2584 4963 vocem
2624 4922 2794 4961 meam
2826 4906 2869 4974 ⁸,
2915 4925 2932 4957 ι
2964 4916 3052 4960 et:
3088 4924 3106 4956 ι
3153 4904 3308 4960 Mane
3332 4905 3518 4961 astabo
3550 4904 3669 4969 tibi,

442 4995 664 5064 ὄρθρου,
698 4995 794 5049 zeal
818 4997 898 5059 τὸ,
931 5016 951 5047 ‹
992 4997 1144 5068 IIpr
1175 4998 1495 5051 εἰσάκουσον
1520 4999 1619 5068 τῆς
1656 4999 1839 5067 φωνῆς
1863 5000 1980 5069 {pou

2107 5013 2162 5059 et
2191 5002 2398 5057 videbis
2452 5015 2540 5055 me
2564 5002 2607 5055 ’.
2658 5018 2676 5050 ›
2715 4997 2781 5053 Et
2814 5013 2914 5052 nos
2940 5013 3063 5052 cum
3089 5012 3153 5052 eo
3185 4998 3332 5052 horae
3364 4998 3554 5067 primae
3589 4996 3671 5049 di-

444 5088 628 5140 καὶτὸ
658 5087 804 5156 πρωῒ
851 5088 1273 5158 παραστήσομαί
1326 5107 1431 5151 σοι,
1473 5091 1567 5142 zeal
1618 5091 1810 5158 ὲπόψει
1859 5107 1947 5161 με,

2109 5094 2283 5150 cimus
2312 5092 2612 5149 orationes.
2645 5089 2709 5143 Et
2730 5090 2806 5144 ait
2834 5131 2849 5156 ,
2894 5109 2911 5139 ι
2949 5089 3181 5159 Vespere
3202 5097 3257 5143 et
3284 5103 3442 5141 mane
3473 5096 3527 5141 et
3556 5101 3672 5140 me-

448 5180 544 5232 zeal
572 5181 732 5248 ἡμεῖς
764 5180 862 5234 σὺν
889 5179 1063 5249 τούτῳ
1098 5181 1164 5233 τὰ
1202 5183 1298 5248 τῆς
1330 5179 1550 5251 πρώτης
1577 5179 1726 5250 ὧρας
1754 5180 1980 5252 λέγομεν

2112 5185 2247 5240 ridie
2282 5182 2519 5237 narrabo
2570 5188 2625 5235 et
2669 5180 3007 5234 annnntiabo
3033 5195 3047 5243 ;
3097 5187 3152 5231 et
3198 5175 3453 5231 exaudiet
3483 5189 3673 5229 vocem

452 5288 471 5322 ι
511 5272 622 5325 Kal
652 5272 892 5341 ἑσπέρας
927 5271 1021 5324 καὶ
1063 5271 1210 5338 πρωϊ
1243 5272 1332 5324 zeal
1377 5273 1725 5342 μεσημϐρίας
1760 5274 1980 5343 διηγήσο

2114 5293 2286 5332 meam
2320 5277 2387 5331 ¹⁰.
2434 5293 2452 5327 ›
2484 5274 2551 5329 Et
2590 5288 2695 5330 nos
2734 5281 3021 5328 cantamus
3072 5269 3181 5323 Deo
3231 5268 3392 5321 horas
3419 5277 3471 5320 ct
3502 5266 3675 5321 canti-

450 5380 549 5433 μαι
599 5365 693 5417 kal
744 5363 1067 5430 ἀπαγγελῶ,
1103 5364 1197 5416 zeal
1246 5365 1630 5417 είσακούσεται
1674 5365 1774 5431 τῆς
1823 5367 1972 5434 φωνῆ

2112 5384 2235 5424 cum
2273 5365 2667 5436 vespertinum.
2729 5365 2819 5417 Ait
2865 5375 3023 5429 porro
3061 5375 3076 5417 :
3111 5378 3128 5409 e
3171 5357 3385 5412 Lavabo
3429 5350 3529 5425 per
3566 5356 3677 5409 sin-

449 5474 579 5527 μου,
617 5474 638 5508 ι
674 5457 772 5509 zeal
801 5456 964 5524 ἡμεῖς
1012 5462 1080 5509 τὰ
1126 5457 1235 5510 τῶν
1264 5456 1425 5526 ὡρῶν
1466 5462 1558 5510 zeal
1590 5457 1682 5510 τοῦ
1718 5459 1980 5529 ὲσπερινολ

2112 5460 2263 5531 gulas
2297 5465 2487 5512 noctes
2516 5457 2714 5511 lectum
2743 5468 2946 5517 meum,
2980 5461 3035 5505 et
3063 5449 3312 5520 lacrymis
3363 5449 3499 5501 meis
3539 5455 3679 5501 stra-

524 5654 779 5727 HMPsal.
806 5670 989 5722 cxvitt,
1014 5657 1136 5712 164.
1212 5661 1232 5691 ¹
1256 5660 1398 5714 Psal.
1433 5676 1621 5725 xxxiii,
1652 5662 1705 5715 2.
1782 5664 1803 5695 ³
1844 5663 1980 5719 Ibid.

2078 5682 2079 5687 η
2111 5662 2343 5716 lTbess.
2382 5676 2433 5723 ν,
2474 5660 2557 5727 l7,
2591 5659 2676 5714 18.
2750 5658 2770 5688 ⁸
2803 5656 2932 5711 Luc.
2972 5670 3082 5716 xxi,
3145 5653 3212 5707 '56
3279 5653 3299 5683 ⁸
3334 5651 3467 5707 Psal.
3495 5666 3672 5718 cxvm,

450 5724 539 5782 62.
617 5729 635 5758 τ
669 5726 809 5780 l’sal.
839 5741 986 5791 LXII,
1018 5730 1068 5781 ι.
1141 5729 1162 5760 ³
1202 5727 1339 5783 Psal.
1375 5747 1427 5791 v,
1464 5735 1514 5786 4.
1591 5724 1615 5765 ’ν
1657 5732 1789 5788 Ibid.
1827 5733 1879 5786 5.
1959 5734 1998 5767 ¹⁰
2034 5732 2176 5788 Psal.
2204 5748 2312 5795 LIV,
2357 5731 2438 5786 l8.

765 5827 1029 5887 ΡΑΤιιυι..
1086 5821 1202 5922 βο.
1245 5819 1413 5883 CLV.

3233 5815 3310 5873 30
