4078 6288
463 4981 473 5007 ἐ

522 365 628 432 939

522 590 735 635 cmnam
775 579 1011 635 vicissim
1038 587 1344 634 cantamus.
1376 579 1466 633 Ille
1493 592 1675 633 autem
1719 594 1935 648 semper
1965 595 2089 634 can-

527 671 675 725 tabat
719 672 774 725 et
825 669 1014 724 oralmt
1042 669 1194 741 juxta
1240 670 1369 723 illud
1408 686 1422 725 :
1457 687 1474 720 ι
1513 668 1775 724 Exaltabo
1826 679 1897 733 te,
1951 670 2092 725 Deus

523 776 698 825 meus,
733 776 846 828 rex,
871 769 926 814 et
951 761 1262 816 benedieam
1288 776 1488 816 nomen
1511 768 1662 814 tuum
1691 760 1743 814 in
1776 758 2087 823 Saeculum.»

524 850 591 906 Et
628 869 644 908 :
680 873 697 904 ι
727 850 832 909 Per
852 852 1096 922 singulos
1120 851 1236 906 dies
1265 852 1586 907 benedicam
1616 853 1711 908 tibi
1736 868 1751 918 ;
1778 860 1831 907 et
1859 851 2093 904 laudabo

522 955 723 994 nomen
766 949 912 995 tuum
948 939 1001 993 in
1022 940 1284 996 sarculum
1321 949 1377 995 et
1405 941 1458 994 in
1491 940 1743 996 saeculum
1777 938 1960 994 szeculi
1992 938 2087 990 η.»

524 1032 631 1086 Et:
672 1050 690 1082 ι
725 1031 966 1086 Adhaesit
999 1033 1176 1085 anima
1208 1046 1325 1087 mea
1374 1039 1495 1101 post
1543 1039 1595 1086 te
1629 1031 1690 1083 ".
1732 1049 1751 1081 ›
1788 1022 1961 1084 Etiam
1997 1041 2094 1085 nos

524 1122 795 1178 adunatet
821 1123 1014 1177 invitat
1029 1123 1248 1177 dicens:
1275 1141 1293 1174 ι
1314 1123 1552 1178 Laudate
1572 1123 1878 1185 Dominum,
1904 1136 2092 1177 omnes

526 1224 736 1283 gentes,
770 1214 986 1269 laudate
1009 1231 1156 1278 eum,
1186 1229 1376 1268 omnes
1412 1213 1597 1284 populi
1628 1214 1725 1265 η.»
1752 1212 1861 1267 Nos
1884 1227 2097 1281 quoque

528 1306 689 1373 igitur
713 1306 767 1359 in
806 1307 956 1360 horis
983 1305 1206 1360 statutis
1237 1306 1402 1358 Deum
1430 1306 1736 1367 laudemus,
1768 1314 1825 1359 et
1845 1304 2095 1359 alacriter

530 1412 832 1467 surgamus,
848 1407 897 1451 et
917 1406 1024 1452 tota
1046 1395 1626 1467 spiritusintelligcmia
1644 1411 1766 1451 eum
1793 1407 2096 1462 cantemus,

532 1489 656 1557 quia
693 1490 809 1559 ipse
834 1499 917 1544 est
941 1489 1203 1544 Dominus
1229 1491 1370 1542 Deus
1408 1498 1615 1553 uoster,
1648 1499 1703 1542 et
1730 1489 1842 1557 ipse
1869 1489 2099 1543 salvabit

532 1594 651 1632 nos.
679 1578 862 1633 Primo
881 1579 1098 1648 quidem
1140 1578 1494 1647 septuplicem
1521 1580 1733 1633 laudem
1767 1580 1818 1632 in
1857 1578 2095 1635 Ecclesia

532 1668 792 1723 habemus
827 1686 842 1732 ;
878 1669 1066 1722 mediae
1114 1668 1291 1723 noctis
1318 1668 1586 1724 canticum
1610 1677 1664 1723 et
1698 1669 1944 1735 diluculi,
1974 1686 2095 1724 cum

529 1760 703 1828 prima
733 1759 887 1825 hora,
911 1760 1043 1813 hora
1074 1760 1253 1823 tertia,
1287 1767 1460 1823 Sexta,
1483 1774 1644 1823 noua,
1672 1769 1726 1814 et
1752 1762 2099 1829 vespertinus

1343 357 1726 429 SYMEONIS
1760 364 2531 428 THESSALONICENSIS
2574 362 2940 423 AliClllEP.

507 488 637 542 ‘tum
672 501 846 542 meum
874 486 1060 557 rigaho
1093 487 1226 542 ¹¹⁶¹².
1262 505 1280 538 ι
1304 485 1411 541 Nos
1445 503 1664 557 quoque
1705 487 1936 543 Domino
1973 494 2093 556 post

2200 486 2371 557 ὕμνου
2400 486 2476 556 τῷ
2506 485 2624 554 Θεῷ
2661 482 3019 554 μελῳδούμεν
3040 496 3054 511 ο
3082 478 3208 542 καὶ,
3272 478 3465 531 Λούσω
3496 477 3616 531 καθ’
3644 478 3761 530 ἐκά-

3659 358 3762 422 940

2197 592 2331 646 στην
2360 576 2531 629 νύκτα
2567 578 2665 646 τὴν
2714 575 2906 643 κλίνην
2959 590 3088 643 μου,
3139 572 3198 622 ὲν
3245 568 3476 640 δάκρυσί
3528 586 3631 636 μου
3669 570 3761 638 τὴν

2198 669 2492 738 στρωμνήν
2528 685 2627 737 μου
2659 665 2853 736 βρέξω,
2895 683 2914 716 ι
2970 665 3063 717 καὶ
3109 664 3275 732 ἡμεῖς
3304 661 3371 715 τὰ
3416 661 3523 721 τῶν
3553 661 3761 715 ἀποδεί-

2196 774 2344 810 πνων
2361 759 2437 825 τῷ
2461 759 2650 827 Κυρίῳ
2672 757 3035 828 προσᾴδομεν.
3058 755 3167 808 Καὶ
3192 754 3421 807 πάντοτε
3447 753 3547 820 μὲν
3565 756 3761 816 ἐκεῖνος

2196 847 2355 917 ὑμνεῖ
2375 850 2468 902 καὶ
2488 847 2707 918 εὔχεται
2728 849 2868 902 κατὰ
2896 847 2977 912 τὸ,
3003 865 3023 899 ι
3044 846 3278 915 ’Υψώσω
3298 862 3377 909 σε,
3396 847 3422 897 ὁ
3443 844 3574 907 Θεὸς
3594 862 3717 913 μου,
3735 848 3760 897 ὁ

2198 939 2455 1010 βασιλεύς
2503 952 2628 1010 μου,
2663 944 2757 992 καὶ
2790 938 3077 1007 εὐλογήσω
3120 937 3180 989 τδ
3224 935 3397 1002 ὄνομά
3441 952 3535 986 σου
3572 936 3648 998 είς
3679 933 3760 986 τὸν

2196 1030 2389 1085 αἰῶνα·
2405 1048 2423 1082 ι
2446 1030 2565 1093 καὶ,
2590 1047 2609 1080 ι
2631 1028 2767 1082 Καθ’
2785 1016 3026 1097 ἑκάστην
3046 1027 3260 1097 ἡμέραν
3278 1024 3558 1094 εὐλογήσω
3576 1042 3658 1085 σε,
3674 1026 3759 1077 καὶ

2197 1123 2399 1176 αἰνέσω
2413 1123 2472 1174 τὸ
2493 1118 2667 1192 ὄνομά
2688 1138 2784 1173 σου
2818 1121 2899 1183 είς
2929 1120 3023 1173 τὸν
3039 1118 3210 1171 αἰῶνα
3245 1117 3336 1170 καὶ
3367 1119 3445 1179 εἰς
3480 1117 3575 1169 τδν
3600 1116 3759 1169 αἰῶνα

2198 1212 2292 1267 τοῦ
2328 1213 2559 1274 αίῶνος·
2601 1231 2620 1264 ι
2657 1213 2775 1276 καὶ,
2817 1230 2836 1263 ι
2892 1210 3191 1280 Ἐκολλήθη
3227 1207 3440 1279 ἡψυχή
3471 1225 3573 1276 μου
3599 1206 3760 1258 ὀπίσω

2200 1321 2315 1358 σου.
2353 1322 2372 1357 ι
2398 1305 2509 1357 Καὶ
2532 1304 2678 1373 ἡμᾶς
2700 1302 3089 1373 προσκαλεῖται
3118 1299 3312 1367 λέγων,
3383 1315 3402 1351 ι
3434 1298 3645 1350 Δίνεῖτε
3676 1297 3758 1349 τὸν

2190 1390 2357 1466 ’365
2377 1396 2599 1465 Κύριον,
2621 1397 2797 1448 πάντα
2820 1393 2887 1447 τὰ
2918 1393 3069 1460 ἔθνη,
3085 1391 3409 1444 ἐπαινέσαιτε
3433 1389 3616 1453 αὑτὸν,
3636 1386 3757 1439 πάν·

2198 1504 2286 1549 τες
2318 1487 2366 1538 οί
2410 1487 2547 1539 λαοί.
2587 1505 2604 1536 ι
2649 1487 2846 1554 ’Ἡμεῖς
2891 1485 2946 1537 δὲ
2981 1484 3082 1538 κᾶν
3112 1485 3169 1536 ἐν
3212 1484 3333 1544 ταῖς
3382 1479 3754 1547 ἀποτεταγμέ-

2199 1596 2318 1641 vat;
2349 1577 2520 1647 ὥραις
2549 1578 2740 1631 τοῦτον
2785 1578 3111 1645 αίνέσωμεν,
3156 1575 3251 1629 καὶ
3295 1574 3594 1645 προθύμως
3629 1574 3754 1625 στῶ-

2205 1687 2326 1738 μεν,
2363 1671 2457 1724 καὶ
2488 1669 2587 1743 ὅλῃ
2615 1670 2825 1741 διανοίᾳ
2851 1656 3014 1723 αὐτὸν
3050 1667 3467 1738 άνυμνήσωμεψ
3497 1668 3582 1719 ὅτι
3612 1666 3756 1726 nisi;

2203 1759 2405 1827 Κύριος
2435 1759 2611 1822 ὁΘεδς
2632 1760 2808 1829 ἡμῶν,
2834 1759 2927 1811 καὶ
2965 1757 3125 1817 αὐτὸς
3155 1755 3317 1809 σώσει
3338 1756 3508 1826 ἡμᾶς.
3546 1754 3687 1815 Τέως
3702 1754 3751 1806 δὲ

529 1844 664 1918 post‘
711 1865 918 1904 coenam
957 1858 1171 1905 cantus.
1210 1848 1465 1921 llymnus
1496 1859 1674 1905 autem
1692 1853 1895 1906 'mediae
1923 1852 2097 1907 noctis

2201 1849 2338 1902 ἑπτὰ
2360 1849 2593 1913 αίνέσεις
2617 1849 2766 1919 παρὰ
2787 1851 2850 1919 τῇ
2876 1848 3177 1918 Ἐκκλησία
3198 1849 3324 1908 εἰσὶ.
3352 1845 3750 1916 μεσονυκτικὸν.

528 1949 754 2008 propter
810 1939 1106 1996 Sawatoris
1156 1941 1615 1995 resurrectionem
1669 1950 1727 1996 et
1787 1943 2089 1997 secundum

528 2033 842 2096 adventum,
876 2045 997 2085 cum
1033 2031 1214 2085 veniet
1246 2038 1304 2085 ut
1333 2046 1562 2098 sponsus
1594 2032 1764 2103 gloria
1794 2033 2095 2088 circumda-

531 2131 637 2176 tus.
668 2122 805 2176 Dicit
832 2123 975 2175 enim
1011 2123 1126 2191 ipse
1166 2137 1181 2174 :
1218 2141 1236 2174 ι
1281 2121 1452 2177 Media
1477 2132 1637 2177 nocte
1673 2121 1877 2177 clamor
1919 2122 2093 2177 factus

529 2223 644 2268 est:
682 2212 819 2267 Ecce
846 2228 1080 2281 sponsus
1109 2214 1273 2279 venit,
1306 2214 1451 2268 exite
1478 2214 1689 2268 obviam
1713 2214 1760 2268 ei
1797 2212 1888 2268 ".i
1931 2213 2094 2284 Hym-

527 2320 633 2359 nus
681 2305 904 2358 dilueuli
958 2306 1010 2357 in
1049 2306 1345 2374 gratiarum
1388 2304 1655 2358 actionem
1706 2304 1850 2373 quod
1901 2304 2094 2373 l'ugans

532 2396 783 2449 tenebras
815 2395 970 2447 nobis
998 2394 1124 2450 fecit
1154 2394 1329 2449 lucem
1374 2395 1710 2449 illucescere.
1748 2394 1869 2449 Ideo
1911 2395 2092 2448 Statim

531 2501 654 2559 post
687 2487 836 2541 illum
877 2486 1054 2557 agitur
1081 2486 1199 2540 laus
1223 2486 1371 2541 horae
1399 2486 1607 2554 primae,
1641 2495 1697 2539 ut
1732 2486 1783 2539 in
1826 2486 2095 2554 principio

529 2581 635 2635 diei
668 2581 734 2634 ad
768 2579 958 2647 Deum,
992 2588 1252 2634 canentes
1310 2579 1533 2651 gloriam
1578 2582 1703 2648 ejus
1751 2581 2092 2634 accedamus.

528 2670 588 2726 in
628 2671 786 2724 tertia
828 2671 960 2725 bora
992 2669 1059 2725 de
1102 2669 1339 2741 Spiritus
1385 2670 1561 2726 sancti
1582 2670 1863 2724 ‘etl‘nsioue
1895 2670 2095 2741 gratias

531 2774 809 2820 cantantes
860 2765 1087 2831 agimus.
1144 2762 1305 2819 Sexta
1340 2763 1473 2818 hora
1506 2764 1913 2819 crucifixionem
1980 2765 2096 2819 Sal-

529 2856 734 2910 vatoris
768 2855 1116 2910 recordamur
1141 2854 1233 2924 qui
1276 2855 1329 2907 in
1356 2854 1458 2909 hac
1493 2852 1640 2908 cruci
1677 2851 1872 2908 aliixus
1897 2862 2001 2919 est,
2037 2865 2095 2910 ut

529 2946 660 2999 Adae
694 2945 1262 3015 culpam‘evacuaret,
1296 2960 1413 3013 quae
1438 2946 1642 3014 pariter
1671 2944 1802 2998 hora
1841 2955 1988 3000 sexta
2021 2945 2096 3001 lo-

531 3053 652 3092 cum
687 3037 972 3092 habuerat.
1005 3035 1146 3092 llora
1182 3052 1322 3093 nona
1363 3037 1580 3093 Domini
1629 3038 1801 3092 nostri
1857 3047 2091 3094 mortem

530 3128 1066 3186 canitvivilicantem
1100 3128 1158 3184 in
1199 3124 1380 3195 cruce,
1423 3144 1522 3198 per
1561 3140 1722 3199 quam
1762 3130 1890 3184 Adae
1934 3127 2094 3183 sulvit

2196 1938 2390 2010 ὄρθρος
2414 1940 2509 1993 σὺν
2537 1942 2602 2011 τῇ
2634 1939 2822 2012 πρώτῃ
2856 1938 2995 2011 ὥρᾳ,
3019 1939 3175 2010 τρίτη
3201 1938 3340 2008 ὥρα,
3362 1939 3517 2007 ἕκτη,
3550 1937 3748 2002 ὲννάτη.

2197 2032 2507 2102 έσπερινὸς.
2567 2034 2662 2086 καὶ
2706 2034 3028 2087 άπόδειπνα.
3075 2031 3188 2085 Καὶ
3236 2029 3623 2100 μεσονυκτικδς
3666 2026 3752 2095 μὲν

2188 2112 2365 2194 Dravo;
2395 2123 2481 2177 διὰ
2507 2124 2605 2194 τὴν
2635 2124 2727 2178 τοῦ
2758 2119 3012 2194 Σωτῆρος
3038 2123 3337 2176 ἀνάστασιν
3365 2122 3465 2174 καὶ
3520 2121 3620 2189 τὴν
3646 2121 3752 2171 δευ-

2194 2214 2360 2284 τέραν
2382 2214 2559 2269 ἀὑτοῦ
2590 2216 2921 2285 παρουσίαν,
2952 2216 3047 2268 ὅτε
3070 2210 3145 2276 ὡς
3176 2213 3408 2283 νυμερίος
3443 2213 3582 2282 μετὰ
3611 2206 3752 2281 δόξης

2200 2308 2642 2377 ἐλεύσεται..Καὶ
2665 2308 2774 2378 γάρ
2810 2309 2975 2378 φησιν
3004 2306 3186 2368 αὐτὸς,
3221 2323 3238 2356 ι
3269 2305 3458 2374 Μέσης
3487 2304 3548 2356 δὲ
3576 2304 3752 2364 νυκτὸς

2198 2399 2413 2469 κραυγὴ
2441 2400 2684 2467 γέγονεν’
2713 2398 2844 2452 Ἰδοὺ
2873 2399 2901 2450 ὁ
2934 2398 3164 2467 νυμφίος
3193 2395 3433 2465 ἔρχεται,
3480 2393 3751 2463 ἐξέρχεσθε

2197 2491 2276 2551 εἰς
2307 2489 2613 2559 ἀπάντησιν
2652 2489 2839 2543 αὐτοῦ·
2882 2508 2901 2542 ι
2954 2491 2982 2542 ὁ
3013 2488 3104 2541 τοῦ
3149 2487 3345 2557 ὄρθρου
3397 2485 3455 2538 δὲ
3505 2481 3577 2538 δι’
3608 2486 3753 2553 eux:-

2198 2582 2409 2652 ριστίαν
2440 2580 2532 2634 τοῦ
2565 2581 2714 2636 λύειν
2759 2583 2821 2636 τὺ
2871 2581 3083 2644 σκότος,
3131 2582 3227 2633 καὶ
3273 2580 3515 2647 ἐγγίζειν
3540 2579 3670 2647 ἡμῖν
3705 2577 3755 2627 τὸ

2197 2675 2336 2743 φῶς.
2368 2673 2460 2726 Διὸ
2493 2675 2780 2735 συναπτῶς
2813 2674 2987 2744 τούτῳ
3028 2674 3182 2741 καὶὴ
3227 2672 3327 2741 τῆς
3358 2670 3586 2741 πρώτης
3620 2668 3754 2736 ὥρας

2195 2766 2418 2833 λέγεται
2451 2766 2679 2829 αῖνεσις,
2711 2766 2789 2829 είς
2822 2765 3077 2834 ἀπαρχὴν
3106 2765 3204 2834 τῆς
3234 2760 3477 2832 ἡμέρας,
3508 2760 3645 2831 μετὰ
3681 2754 3756 2812 Eoo

2198 2857 2447 2925 ξολογίας
2475 2856 2862 2928 προσαγομένη
2897 2855 3035 2925 Θεῷ.
3068 2856 3156 2907 Ἐν
3188 2855 3244 2908 δέ
3274 2871 3338 2922 γε
3367 2857 3434 2925 τῇ
3466 2854 3626 2924 τρίτῃ
3648 2851 3755 2922 ὥρᾳ.

2195 2947 2286 3003 διὰ
2321 2949 2420 3019 τὴν
2449 2950 2747 3020 ἐπιδημίαν
2775 2944 2871 3002 τοῦ
2897 2948 3045 3002 θείου
3071 2945 3388 3015 Πνεύματος
3421 2942 3757 3016 εὐχαριστοῦ-

2199 3056 2299 3111 μεν
2335 3043 2429 3094 καὶ
2462 3041 2763 3110 μέλπομεν·
2800 3041 2858 3093 έν
2895 3042 2960 3109 τῇ
2994 3039 3131 3109 ἕκτῃ
3165 3038 3223 3092 δὲ
3267 3036 3353 3091 διὰ
3394 3037 3494 3106 τὴν
3535 3035 3631 3088 τοῦ
3656 3036 3758 3087 Σωο

2197 3134 2365 3204 τῆρος
2411 3135 2743 3206 σταύρωσιν,
2776 3137 2832 3187 ὲν
2860 3122 3032 3204 ταύτῃ
3078 3136 3145 3205 τῇ
3186 3133 3305 3204 ὥρᾳ
3339 3128 3752 3202 σταυρωθέντος,

530 3219 1062 3276 condemnationem.
1105 3217 1310 3274 Cantus
1354 3223 1699 3290 vespertinus
1735 3220 1800 3275 ad
1833 3219 1935 3273 hoc
1968 3232 2094 3287 pro-

2200 3227 2259 3279 ὲν
2294 3220 2327 3300 ᾖ
2362 3227 2458 3279 καὶ
2506 3227 2604 3297 τὴν
2655 3225 2970 3297 παράϐασιν
3017 3225 3272 3290 suum
3314 3224 3410 3277 τοῦ
3455 3224 3650 3292 Ἀδάμ,
3704 3223 3755 3273 ἐν

530 3312 697 3364 utitur
731 3321 789 3366 ut
819 3312 1018 3382 gratias
1048 3313 1156 3366 Deo
1199 3326 1443 3380 agamus,
1492 3311 1635 3378 quod
1682 3310 1734 3363 in
1790 3310 1895 3363 diei
1933 3308 2093 3364 linem

530 3406 879 3471 pervenimus
925 3412 980 3458 et
1010 3404 1077 3458 ad
1114 3404 1487 3458 honorandam
1520 3402 1820 3456 Salvatoris
1849 3401 2094 3470 sepultu-

533 3511 669 3559 ram,
701 3511 822 3563 qua:
846 3495 1176 3563 veSpertinis
1200 3494 1353 3547 boris
1384 3493 1676 3562 adimpleta
1709 3503 1813 3548 est.
1850 3492 1913 3546 Et
1946 3491 2099 3546 deni-

530 3602 637 3655 que
672 3595 790 3655 post
822 3600 1032 3639 coenam
1064 3586 1258 3639 iterum
1281 3584 1565 3639 laudamus
1596 3584 1789 3650 Deum,
1822 3583 1948 3653 quia
1974 3592 2096 3653 post

531 3678 768 3732 laborem
798 3676 957 3732 nobis
985 3677 1201 3731 advenit
1235 3676 1481 3746 requies;
1510 3685 1562 3730 ct
1586 3675 1684 3747 ipsi
1715 3690 2096 3731 consecrantus

533 3770 749 3825 initium
786 3768 1344 3839 noctis,postulantes
1381 3779 1437 3823 ut
1476 3776 1584 3823 tota
1616 3768 1826 3822 labatur
1853 3767 1912 3822 in
1939 3779 2092 3838 pace,

529 3873 585 3918 ct
615 3872 673 3916 ut
706 3859 760 3916 in
792 3876 926 3931 pace
954 3861 1285 3916 dormientes
1310 3862 1503 3915 iterum
1534 3875 1819 3931 surgamus
1844 3870 1897 3916 et
1920 3861 2095 3915 lucem

490 3946 493 3949 ’
530 3953 716 4008 videre
759 3952 1049 4021 possimus,
1103 3959 1267 4019 atque
1305 3949 1489 4003 omnia
1542 3949 1797 4003 subtilius
1846 3959 1899 4003 et
1950 3939 2131 4003 divi?

530 4047 655 4099 nius
699 4058 728 4096 a
768 4042 928 4097 nobis
976 4043 1145 4112 probe
1198 4039 1625 4107 intelligentibus
1673 4051 2090 4109 cognoscantur.

530 4134 844 4190 Meminisse
907 4134 1050 4187 enim
1110 4132 1376 4186 debemus
1423 4146 1673 4185 somnum
1727 4146 1847 4186 esse
1899 4131 2093 4187 mortis

527 4225 839 4296 imaginem,
876 4224 1003 4278 dum
1047 4222 1317 4292 evigilatio
1360 4222 1522 4276 nobis
1552 4221 1753 4277 indicat
1775 4222 1923 4275 illam
1956 4230 2081 4291 post
2134 4235 2151 4255 ο

521 4327 753 4393 mortem
811 4315 1045 4371 futuram
1094 4314 1571 4370 resurrectionem.
1626 4314 1759 4368 Item
1802 4314 1982 4367 noctis
2038 4313 2131 4368 et'

524 4408 630 4461 dici
684 4407 958 4462 successio
990 4407 1147 4461 nobis
1178 4407 1509 4476 Sperandum
1559 4404 1743 4458 innuit
1788 4412 1911 4474 post
1950 4403 2090 4458 hanc

524 4496 734 4551 utnbris
764 4496 994 4552 oﬂ‘usam
1046 4496 1476 4565 impaeatamque
1521 4502 1575 4548 et
1608 4493 1759 4548 curis
1789 4493 2084 4547 exercitam

2203 3319 2340 3389 αὐτῇ
2381 3320 2448 3388 τῇ
2489 3316 2623 3388 ἕκτῃ
2656 3318 2968 3387 γεγονυῖαν.
3011 3315 3075 3368 Ἦ
3108 3315 3305 3383 ὲννάτη
3341 3314 3397 3366 δὲ
3436 3313 3528 3366 διὸ.
3557 3313 3647 3366 τὸν
3669 3312 3753 3363 ἐπὶ

2196 3407 2291 3461 τοῦ
2325 3407 2560 3477 σταυροῦ
2594 3407 2857 3472 ζωοποιδν
2904 3407 3072 3462 αὑτοῦ
3101 3407 3194 3460 τοῦ
3226 3407 3434 3476 Κυρίου
3466 3406 3623 3475 ἡμῶν
3667 3403 3753 3457 Oi.

2200 3516 2392 3565 νατον,
2425 3496 2495 3551 δι’
2524 3493 2586 3552 οὗ
2622 3498 2779 3552 ἔλυσε
2821 3500 2920 3569 τὴν
2967 3499 3291 3569 κατάκρισιν
3329 3496 3422 3552 τοῦ
3469 3497 3659 3566 ’Δὸἁμ.
3701 3494 3753 3547 '0

2198 3592 2485 3664 ὲσπερινὺς
2512 3593 2590 3659 δὲ,
2625 3593 2947 3665 εὐχαριστία
2981 3594 3066 3647 ὅτι
3100 3593 3233 3663 πρὸς
3275 3592 3336 3645 τὸ
3383 3592 3535 3654 τέλος
3568 3606 3753 3657 κατην-

2194 3685 2443 3754 τήσαμεν
2471 3685 2573 3755 τῆς
2599 3685 2834 3755 ἡμέρας·
2866 3685 2949 3738 ἔτι
2980 3684 3036 3739 δὲ
3062 3681 3158 3738 καὶ⁵
3195 3683 3285 3737 διὰ
3319 3684 3419 3752 τὴν
3444 3680 3541 3735 τοῦ
3580 3680 3750 3749 Σωτῆ-

2199 3794 2289 3846 ρος
2342 3777 2498 3846 ήμῶν
2532 3779 2734 3847 ταφήν·
2766 3778 2823 3829 ὲν
2856 3777 3065 3846 ἑσπέρᾳ
3097 3778 3205 3846 γὰρ
3240 3775 3529 3828 τέθαπται.
3560 3774 3664 3826 Καὶ
3692 3770 3753 3823 τὰ

2199 3867 2526 3931 ἀπόδειπνα,
2556 3867 2640 3921 ὃτι
2671 3869 2752 3932 είς
2779 3868 3087 3922 ἀνάπαυσιν
3135 3868 3559 3936 κατηντήσαμεν
3582 3865 3646 3917 ὲκ
3670 3860 3751 3916 τοῦ

2192 3957 2390 4024 κόπου,
2420 3958 2515 4011 καὶ
2558 3959 2659 4027 τὴν
2703 3957 3147 4029 ἀπαρχὴνηαὺτῷ
3185 3959 3284 4026 τῆς
3312 3957 3508 4020 νυκτὸς
3556 3953 3753 4023 προσά-

2195 4065 2387 4116 γομεν.
2436 4049 2746 4118 αἰτούμενοι
2782 4052 2966 4104 πᾶσαν
3008 4050 3154 4120 ἔχειν
3197 4050 3504 4119 εἰρηνικὴν,
3554 4047 3646 4101 καὶ
3678 4046 3753 4099 ἴνα

2194 4142 2253 4194 ὲν
2283 4140 2477 4213 εἰρήνῃ
2505 4141 2853 4205 ύπνὼσαντεης
2887 4143 3236 4210 ἀναστῶμεν.
3270 4140 3479 4202 ἰδόντες
3516 4140 3677 4193 πάλιν
3700 4136 3755 4189 τὺ

2195 4232 2331 4301 φῶς.
2361 4232 2434 4286 Ἀ
2456 4234 2635 4285 πάντα
2664 4232 2760 4286 καὶ
2783 4233 3125 4303 λεπτοτέρως
3148 4233 3243 4283 καὶ
3269 4230 3560 4300 θειοτέρως
3587 4229 3756 4283 νοοῦν·

2193 4336 2284 4372 ται
2330 4321 2444 4384 τοῖς
2475 4321 2738 4374 συνιοῦσι.
2787 4321 2898 4373 Καὶ
2945 4322 3008 4375 ὲκ
3056 4321 3155 4391 μὲν
3201 4318 3297 4371 τοῦ
3339 4319 3641 4372 ὑπνώττειν
3670 4316 3754 4369 καὶ

2191 4411 2562 4481 ἐξεγείρεσθαι
2613 4412 2703 4465 τὸν
2742 4412 2974 4465 θάνατον
3006 4410 3154 4465 ἐστιν
3194 4411 3393 4463 ἐννοεῖν
3427 4411 3525 4463 καὶ
3559 4410 3656 4480 τὴν
3697 4408 3754 4459 ὲκ

2195 4503 2288 4557 τοῦ
2324 4503 2556 4557 θανάτου
2594 4503 2902 4572 μέλλουσαν
2944 4501 3161 4571 ἐκείνην
3204 4501 3521 4556 ἀνάστασιψ
3556 4502 3618 4553 ὲκ
3666 4497 3753 4567 τῆς

523 4587 688 4640 vitam
723 4590 838 4642 lore
880 4595 937 4641 ut
983 4587 1263 4641 illucescat
1313 4585 1529 4638 tandem
1583 4583 1673 4637 illa
1723 4583 1843 4638 sine
1893 4597 2090 4639 occasu

2196 4594 2395 4657 νυκτὸς
2422 4593 2481 4648 δὲ
2511 4594 2725 4666 ἡμέραν
2767 4593 2867 4662 τὴν
2895 4594 2959 4645 ὲκ
2987 4591 3081 4645 τοῦ
3134 4590 3408 4645 σκοτεινοῦ
3451 4592 3644 4644 τούτου
3670 4586 3754 4641 καὶ

525 4679 640 4733 dies
665 4685 718 4733 et
744 4678 1029 4747 tranquilla
1056 4678 1172 4732 sine
1203 4676 1309 4730 line
1342 4676 1469 4731 vita.
1496 4672 1704 4729 Caetera
1735 4678 1914 4728 autem
1938 4673 2091 4728 simi-

524 4769 649 4821 liter
679 4776 892 4835 oportet
939 4767 1197 4836 intelligat
1226 4766 1317 4835 qui
1370 4763 1539 4818 Deum
1598 4762 1793 4833 diligit,
1848 4771 1908 4817 ut
1961 4761 2089 4816 alibi

520 4871 622 4911 nos
650 4872 746 4925 pro
777 4857 982 4912 viribus
1017 4856 1369 4925 exposuimus
1421 4853 1574 4921 juxta
1610 4854 1804 4923 placita
1842 4852 2086 4909 Patrum.

461 4960 473 5007 ε
522 4950 819 5018 Septuplex
871 4948 1035 5018 igitur
1086 4946 1198 5002 Deo
1251 4948 1371 5002 laus
1400 4956 1487 5003 est
1534 4946 1757 5001 dicenda
1803 4963 1817 5011 ;
1857 4947 1949 5002 sed
1981 4961 2090 5016 prae

522 5042 627 5096 illis
655 5041 912 5095 omnibus
937 5054 1087 5093 suam
1117 5039 1355 5105 unicam,
1384 5024 1658 5109 propriam
1686 5047 1740 5092 et
1766 5038 2088 5093 altissimam

522 5133 732 5189 ordinis
766 5132 1026 5186 rationem
1061 5129 1225 5185 habet
1262 5129 1443 5183 divina
1477 5130 1617 5184 actio
1653 5140 1853 5185 sanctae
1883 5136 2088 5200 mysta-

523 5225 727 5297 gogiae;
767 5224 879 5278 hcce
928 5222 1071 5276 enim
1107 5219 1380 5291 proprium
1413 5228 1496 5274 est
1535 5234 1670 5289 opus
1697 5228 1751 5274 et
1784 5219 1995 5274 Domini
2030 5228 2086 5275 et

523 5319 865 5375 sacerdotum
895 5318 1031 5387 ejus.
1065 5331 1164 5370 nec
1192 5329 1429 5384 unquam
1452 5313 1733 5383 adimpleri
1763 5323 1938 5383 potest
1964 5315 2091 5368 abs-

523 5427 629 5479 que
652 5410 937 5466 sacerdote
989 5409 1072 5464 vel
1127 5406 1308 5461 altari.
1381 5403 1507 5460 llmc
1568 5420 1696 5474 ergo
1753 5418 1873 5474 quae
1926 5418 2091 5472 super

523 5510 760 5555 mentem
794 5509 922 5554 sunt
957 5500 1143 5563 donat,
1183 5506 1238 5553 et
1263 5513 1383 5552 eum
1418 5498 1508 5567 qui
1557 5496 1714 5566 digne
1745 5496 2087 5565 participavit

523 5591 708 5647 divina
744 5594 995 5663 mySIeria
1025 5588 1470 5660 concorporalem
1500 5577 1663 5644 efﬁcit
1692 5588 1928 5651 Christo,
1949 5597 2001 5640 et
2029 5598 2087 5641 ut

600 5766 718 5803 “°“
752 5770 894 5827 Psal.
926 5788 1000 5839 τι,
1041 5774 1093 5828 7.

2198 4685 2544 4757 ταραχώδους
2576 4683 2693 4755 βίου
2730 4685 2863 4752 προς
2890 4687 2990 4754 τὴν
3036 4683 3337 4752 ἁνέσπερον
3368 4684 3589 4752 ἐκείνην
3624 4680 3751 4749 ἠμέ-

2203 4794 2305 4848 ραν
2337 4776 2432 4829 καὶ
2459 4774 2604 4844 ζωὴν
2635 4775 2968 4845 μεταϐίωσιν
2991 4789 3007 4804 °
3059 4776 3154 4827 xui.
3189 4773 3259 4826 τὰ
3285 4771 3536 4826 λοιπὰ-δὲ
3568 4772 3751 4841 ὁμοίως

2198 4866 2305 4939 χρὴ
2330 4867 2471 4920 νοεῖν
2502 4865 2594 4919 τὸν
2625 4865 2873 4935 θεοφιλῆ,
2901 4865 2977 4928 ὡς
3009 4867 3101 4917 καὶ
3133 4866 3189 4916 ἐν
3222 4863 3405 4926 ἄλλοις
3439 4865 3601 4933 ἡμεῖς
3638 4860 3751 4928 περὶ

2195 4955 2387 5008 τούτου
2417 4954 2556 5006 κατὰ
2590 4952 2823 5014 δύναμιν
2854 4952 3128 5021 ἡμετέραν
3154 4951 3484 5020 εἰρήκαμεν,
3517 4947 3625 5001 άπὸ
3654 4945 3752 4997 τῶν

2196 5045 2463 5116 Πατέρων
2497 5043 2775 5104 λαόὀντες.
2831 5043 2939 5096 Καὶ
2976 5043 3008 5112 ἡ
3037 5041 3134 5111 μὲν
3170 5040 3397 5102 ἑπτάκις
3449 5038 3655 5097 αἶνεσις
3701 5035 3751 5085 ἐν

2192 5139 2425 5200 τούτοις·
2479 5137 2512 5206 ἡ
2552 5137 2671 5189 θεία
2722 5135 2779 5187 δὲ
2828 5133 2981 5197 τάξις
3028 5134 3128 5201 τῆς
3169 5133 3318 5200 ἱερᾶς
3374 5124 3751 5200 μυσταγωγίας

2196 5228 2302 5282 ίδία
2329 5227 2482 5295 παρὰ
2514 5227 2693 5283 πάσας
2732 5223 2936 5286 ταύτας
2974 5223 3141 5283 ἐστιν,
3175 5221 3249 5283 ὡς
3274 5219 3435 5290 ἔργον
3461 5218 3597 5271 οὖσα
3630 5215 3750 5267 ἴδιον

2189 5317 2282 5369 τοῦ
2314 5315 2521 5384 Κυρίου
2557 5314 2651 5367 καὶ
2684 5315 2782 5382 τῆς
2812 5311 3113 5382 ἱερωσύνης
3149 5310 3333 5372 αὐτοῦ,
3368 5309 3463 5361 καὶ
3496 5308 3572 5378 μὴ
3599 5307 3751 5360 δυνα-

2189 5409 2281 5460 τὸν
2324 5405 2594 5458 τελεῖσθαι
2631 5402 2837 5470 ταύτην
2876 5403 3048 5472 χωρὶς
3100 5400 3286 5470 ἱερέως
3319 5398 3477 5461 ὅλως,
3515 5397 3547 5465 ἦ
3580 5398 3751 5453 θυσια-

2195 5494 2441 5566 στηρίου.
2471 5494 2618 5561 Αὕτη
2661 5493 2843 5545 τοίνυν
2887 5494 2954 5545 τά
3005 5491 3144 5560 ὑπὲρ
3187 5484 3312 5540 νοῦν
3341 5488 3617 5555 δωρεῖται·
3665 5481 3748 5534 καὶ

2194 5589 2283 5641 τὸν
2317 5587 2415 5656 μὲν
2459 5583 2821 5639 κοινωνοῦντα
2852 5584 2959 5637 τῶν
2988 5580 3303 5652 μυστηρίων
3335 5579 3500 5643 ἀξίως
3548 5576 3750 5631 σύσσω·

1208 5773 1249 5804 ³³
1274 5771 1414 5827 Psal.
1441 5786 1621 5845 cxuv,
1647 5773 1698 5841 l,
1722 5773 1777 5829 2.
1857 5774 1899 5807 ”
1928 5772 2070 5828 Psal.
2103 5788 2229 5841 Lxu,
2255 5776 2310 5828 9.
2388 5774 2430 5807 ¹⁸
2457 5772 2597 5828 Psal.
2622 5740 2765 5842 cavi,
2806 5773 2859 5828 l.
2938 5772 2978 5803 ”
3011 5769 3343 5833 Mattb.xxv,
3371 5766 3425 5822 6.
