4078 6288
409 320 509 387 941

1108 331 1501 395 RESPONSA
1542 334 1646 396 AD
1684 335 2135 397 GABRIELEM
2168 338 2888 403 PENTAPOLITANUM.

3560 342 3664 405 942

411 464 517 517 μον
546 448 786 502 ποιεῖται
830 447 1075 519 Χριστῷ,
1118 451 1216 505 καὶ
1250 451 1309 506 ἒν
1339 453 1501 523 μέλος
1534 454 1827 527 καθίστησι
1868 453 1982 525 μετ’

2091 456 2394 511 membrum
2421 472 2590 513 unum
2621 458 2701 513 illi
2745 465 2985 525 coaptat,
3029 452 3102 510 ct'
3127 455 3387 525 templum
3428 456 3660 514 Domino

407 538 601 605 αὐτοῦ,
629 539 724 593 καὶ
753 540 882 594 ναὸν
913 542 1116 612 Κυρίου
1148 545 1571 612 κατασκευάζει.
1601 547 1741 612 Τοὺς
1768 547 1844 618 μὴ
1871 565 1983 602 κοι-

411 629 713 694 νωνοῦντας
740 633 797 686 δὲ
833 633 899 687 δι’
929 635 1242 704 εὐλάϐειαν,
1272 638 1456 692 πίστει
1485 640 1541 693 δὲ
1572 642 1668 693 καὶ
1700 641 1983 712 προθυμίᾳ

411 724 884 792 παρισταμένους,
941 728 1052 780 τῶν
1103 730 1526 801 ἁμαρτημάτων
1577 733 1855 801 καθαίρει,
1887 733 1983 787 ἀλ-

406 814 544 868 λοιοῖ
571 817 707 885 πρὸς
736 819 803 871 τὰ
827 820 1139 888 κρείττονα,
1175 823 1317 889 μετὰ
1340 824 1451 877 τῶν
1480 823 1733 891 ἀγγέλων
1759 828 1855 878 καὶ
1874 826 1984 878 τῶν

410 906 585 974 ἁγίων
622 908 755 971 ἑνοῖ.
801 910 1077 981 ἁγιασμοῦ
1109 911 1254 966 θείου
1288 913 1505 983 πληροῖ.
1533 915 1628 967 καὶ
1656 914 1836 985 ψυχὴν
1868 929 1985 983 (pte-

408 995 570 1063 τίζει,
604 1000 700 1051 καὶ
730 998 911 1068 λόγον,
941 1002 1036 1055 καὶ
1062 1004 1208 1066 νοῦν,
1254 1005 1350 1058 καὶ
1377 1004 1445 1058 τὰ
1476 1004 1573 1059 τοῦ
1605 1007 1858 1073 σώματος
1894 1009 1981 1060 ai-

408 1088 705 1160 σθητήρια.
756 1094 855 1146 Διὰ
883 1093 995 1163 γὰρ
1046 1095 1148 1165 τῆς
1188 1098 1502 1167 ἱερουργίας
1546 1099 1645 1152 τοῦ
1696 1100 1981 1170 Κυριακοῦ

410 1181 663 1252 σώματός
692 1202 754 1237 τε
789 1188 886 1240 καὶ
933 1189 1191 1257 αἵματος,
1225 1190 1548 1261 Πνεύματος
1591 1192 1751 1261 ἁγίου
1787 1194 1980 1263 ἐπιδη-

405 1274 662 1343 μοῦντος,
690 1280 785 1333 καὶ
805 1280 1141 1351 τηλικαύτης
1174 1283 1513 1351 ἀλλοιώσεως
1542 1286 1639 1341 καὶ
1671 1287 1980 1356 μεταϐολῆς

405 1366 722 1438 γινομένης,
750 1369 843 1423 τοῦ
882 1372 1062 1426 κοινοῦ
1098 1374 1265 1443 ἄρτου
1295 1377 1390 1429 καὶ
1418 1378 1683 1449 ποτηρίου
1710 1381 1792 1443 είς
1820 1379 1981 1447 σῶμα

410 1456 626 1526 ἀληθῶς
660 1460 755 1513 καὶ
789 1458 929 1530 αἷμα
964 1464 1442 1536 μεταϐαλλομένου
1475 1470 1828 1537 Δεσποτικὸν,
1848 1470 1981 1524 αὐτὸ

410 1545 622 1615 ἀληθῶς
674 1551 771 1604 καλ.
820 1551 920 1605 οὐκ
969 1553 1116 1621 ἄλλο,
1162 1555 1381 1628 εὐδοκία
1412 1559 1647 1628 Πατρὸς,
1677 1561 1981 1634 αὐτουργίᾳ

410 1637 566 1703 Υίοῦ,
597 1640 689 1693 καὶ
724 1644 982 1713 συνεργίᾳ
1019 1645 1113 1698 τοῦ
1155 1648 1490 1718 Πνεύματος.
1525 1650 1592 1705 Τί
1624 1651 1725 1705 οὐκ
1749 1651 1817 1706 ἂν
1843 1653 1981 1718 ἀγα-

406 1726 503 1780 θὸν
557 1731 897 1802 χορηγηθείη
943 1737 1057 1798 τοῖς
1105 1739 1244 1807 μετὰ
1296 1739 1534 1805 πίστεως
1568 1732 1981 1806 καὶκεύλαϐείας

410 1821 688 1892 προσοχῆς
713 1839 771 1875 τε
804 1825 896 1877 καὶ
926 1828 1238 1899 προσευχῆς
1274 1831 1453 1885 ἐκεῖσε
1503 1833 1940 1903 παρισταμένας
1964 1849 1980 1900 ς

407 1910 484 1961 Οὐ
512 1910 620 1981 γὰρ
653 1912 734 1965 ἔτι
767 1917 846 1977 εἰς
896 1917 1002 1986 γῆν
1053 1919 1192 1972 εἰσιν
1242 1913 1413 1989 οὗτοι,
1467 1923 1584 1975 ἀλλ’
1628 1925 1707 1989 είς
1751 1924 1983 1993 οὐρανὸν

411 2002 655 2079 ἀληθῶςε
707 2004 864 2059 Οὕτω
922 2009 1033 2077 γὰρ
1084 2009 1350 2081 ἠθέλησεν
1394 2015 1422 2066 ό
1471 2015 1674 2081 ἀγαθὸς
1727 2016 1986 2070 ἁπάντων

408 2096 690 2166 Δεσπότης
742 2099 839 2150 καὶ
884 2099 980 2152 τοῦ
1014 2101 1245 2169 οὐρανοῦ
1282 2102 1558 2172 βασιλεὺς,
1606 2106 1699 2158 ἐπὶ
1749 2105 1848 2173 τῆς
1882 2108 1985 2174 ﬁt;

408 2188 710 2256 καταϐῆναι
737 2190 806 2244 δι’
837 2194 1004 2261 ἡμᾶς,
1026 2194 1118 2248 καὶ
1141 2194 1254 2249 ἅνω
1277 2198 1423 2268 ἡμᾶς
1458 2197 1695 2268 ὑψῶσαι,
1731 2198 1826 2252 zeal.
1850 2199 1985 2253 πάν-

404 2299 529 2335 τοτε
565 2277 704 2337 εἶναι
756 2284 876 2354 μεθ’
906 2285 1085 2356 ἡμῶν.
1142 2289 1252 2342 Καὶ
1281 2290 1352 2343 τὰ
1385 2290 1509 2355 ξένα
1536 2292 1710 2346 ταῦτα
1749 2292 1838 2346 διὰ
1885 2293 1985 2356 τῆς

406 2374 714 2447 ἱερωσύνης
746 2376 963 2446 ἐνεργεί
994 2381 1277 2452 πανταχοῦ
1313 2383 1528 2455 παρὼν,
1570 2387 1666 2438 καὶ
1712 2386 1801 2439 διὰ
1843 2387 1986 2440 πάν-

372 2494 383 2503 -
413 2486 525 2522 των
551 2469 716 2524 αὐτοῦ
768 2470 880 2525 τῶν
908 2472 1097 2543 ἱερέων
1131 2473 1436 2542 φιλάγαθος
1479 2475 1576 2541 ὣν,
1609 2478 1685 2541 ὡς
1733 2479 1829 2533 καὶ
1858 2480 1985 2541 τούς

407 2562 678 2631 ἀγγέλους
703 2564 868 2619 αὐτοῦ
895 2567 991 2619 καὶ
1023 2566 1122 2630 τὰς
1165 2566 1275 2623 τῶν
1311 2569 1487 2636 ἁγίων
1525 2569 1703 2641 ψυχὰς
1733 2570 1987 2641 λαμπρύ-

407 2669 491 2705 νει
525 2671 582 2705 τε
617 2653 710 2706 καὶ
747 2654 892 2723 ini/oi,
937 2657 1031 2710 καὶ
1066 2656 1277 2722 πάντας
1313 2659 1440 2724 τοὺς
1495 2659 1662 2714 αὐτοῦ
1693 2663 1986 2725 ταπεινοὺς

404 2743 624 2805 δούλους
658 2746 808 2813 ἡμᾶς
838 2748 919 2808 είς
947 2747 1006 2799 τὸ
1040 2750 1289 2813 κρεῖττον
1325 2750 1532 2805 ἁλλοιοῖ
1555 2752 1650 2805 καὶ
1680 2752 1985 2822 συμπαθεῖς

408 2836 775 2904 κατοικτείρει
811 2839 906 2893 καὶ
943 2839 1194 2907 φωτίζων
1251 2842 1604 2911 καθαγιάζει.
1656 2847 1982 2916 Προσερχώ-

409 2929 554 3000 μεθα
582 2926 678 2982 οὗν
727 2932 865 2999 μετὰ
893 2933 1056 2988 πόθου
1088 2936 1184 2989 καὶ
1213 2936 1500 2999 εὐλαϐείας
1533 2939 1796 3007 διηνεκῶς
1822 2939 1987 3010 366

407 3023 459 3074 εί
484 3021 708 3076 δυνατὸν
741 3025 884 3093 ὑπὲρ
916 3028 1098 3081 πᾶσαν
1143 3027 1311 3096 ἄλλην
1354 3033 1664 3103 προσευχὴν
1696 3032 1820 3087 καθ’
1851 3035 1984 3088 ἑκά-

2091 557 2416 621 copsecrat;
2448 564 2543 605 eos
2569 548 2732 605 etiam
2764 547 2856 618 qui
2892 563 3000 603 non
3033 548 3442 603 communicant
3471 559 3525 603 et
3569 550 3661 618 qui

2087 654 2213 709 erga
2242 640 2389 694 illam
2430 642 2486 696 in
2511 641 2713 711 pietate
2744 642 2972 711 zeloque
3000 641 3219 696 radicati
3251 650 3472 695 manent
3503 657 3663 694 mun.

2086 731 2177 784 dat
2215 747 2243 784 a
2277 733 2545 799 peccatis,
2603 741 2775 786 mutat
2829 733 2882 786 in
2918 733 3138 798 melius,
3199 731 3405 801 angelis
3445 740 3500 785 et
3534 747 3663 785 san-

2086 822 2193 876 ctis
2222 824 2527 891 coniungit,
2573 834 2761 879 saneta
2800 823 2898 879 Dei
2940 825 3112 895 gratia
3144 804 3353 894 replet;
3384 823 3617 878 animam
3641 860 3659 884 ,

2087 924 2325 968 mentem
2377 923 2433 968 et
2470 916 2737 971 rationem
2779 916 3049 971 illuminat
3092 917 3257 971 etiam
3309 917 3363 970 in
3414 916 3662 985 corporis

2083 1005 2338 1059 sensibus
2372 1006 2530 1071 quasi
2579 1020 2901 1075 repercussa
2934 1006 3262 1061 vibratione.
3320 1007 3528 1061 Etenim
3569 1022 3663 1075 per

2081 1098 2410 1152 oblationem
2471 1099 2714 1165 corporis
2763 1107 2816 1153 et
2869 1100 3157 1166 sangu'uis
3220 1097 3461 1157 Domini.
3529 1096 3659 1165 Spi-

2085 1188 2193 1243 ritu
2240 1197 2430 1242 sancto
2477 1188 2711 1258 desuper
2757 1189 3144 1255 obumbrante,
3197 1197 3344 1244 tanta
3377 1188 3662 1257 perﬁcitur

2084 1280 2315 1334 mutatio
2342 1290 2397 1334 et
2439 1280 3006 1346 transsubstantiatio,
3037 1290 3094 1335 ut
3132 1282 3288 1351 panis
3316 1290 3476 1335 antea
3515 1295 3663 1336 com-

2083 1372 2267 1437 munis
2303 1380 2357 1427 et
2411 1383 2576 1442 potus
2607 1374 2848 1444 vulgaris
2897 1374 2950 1429 in
3001 1389 3196 1441 corpus
3236 1376 3301 1428 et‘
3340 1374 3658 1442 sanguinem

2087 1474 2366 1533 transeat;
2392 1475 2448 1520 et
2492 1482 2623 1524 vere
2654 1476 2905 1536 superest
2933 1483 3134 1536 corpus
3167 1467 3346 1536 ipsum
3376 1481 3500 1521 cum
3532 1478 3661 1518 vero

2081 1557 2346 1629 sanguine
2360 1557 2587 1621 Christi,
2620 1574 2728 1614 non
2756 1560 2942 1623 aliud,
2973 1560 3255 1617 voluntate
3280 1557 3474 1622 Patris,
3494 1570 3662 1628 opere

2081 1647 2204 1705 Filii
2237 1658 2293 1704 et
2326 1650 2713 1719 cooperatione
2754 1650 2991 1720 Spiritus
3015 1651 3218 1707 sancti.
3251 1649 3410 1717 Quod
3455 1650 3659 1705 bonum

2084 1757 2194 1796 non
2235 1742 2523 1812 proveniet
2551 1743 2642 1798 bis
2674 1743 2765 1811 qui
2799 1742 2901 1797 ﬁde
2928 1741 3104 1805 ﬁrma,
3131 1749 3187 1796 et
3226 1740 3426 1809 pietate
3455 1736 3661 1795 fervida

2088 1833 2280 1886 attenti
2329 1842 2384 1887 et
2424 1844 2648 1888 orantes
2697 1833 3010 1899 huiusmodi
3052 1831 3321 1887 sacriﬁcio
3351 1831 3656 1886 assistent?

2089 1924 2198 1980 Nec
2226 1924 2336 1991 iam
2373 1924 2428 1979 in
2460 1934 2603 1978 terra
2637 1924 2771 1977 tales
2800 1933 2985 1989 erunt,
3027 1923 3123 1979 sed
3176 1938 3305 1977 vere
3354 1923 3409 1977 in
3459 1923 3661 1978 coelum

2096 2016 2409 2071 transibunt
2440 2032 2457 2082 ;
2491 2015 2561 2069 ita
2593 2016 2740 2071 enim
2796 2016 2968 2070 voluit
3008 2015 3246 2085 optimus
3287 2016 3530 2071 omnium
3558 2014 3665 2071 Do-

2087 2109 2273 2163 minus
2307 2116 2363 2162 et
2400 2101 2668 2163 émlorum
2709 2125 2826 2172 rex,
2861 2109 2956 2176 qui
2992 2116 3215 2178 propter
3241 2122 3341 2164 nos
3373 2109 3428 2163 in
3462 2118 3663 2165 terram

2089 2200 2374 2255 descendit
2404 2208 2460 2255 ut
2501 2216 2598 2255 nos
2629 2194 2870 2256 elevaret
2908 2201 2964 2255 in
3010 2203 3179 2257 cretes
3216 2210 3275 2255 et
3318 2216 3534 2270 semper
3566 2216 3664 2256 no-

2089 2293 2303 2348 biscum
2339 2304 2603 2347 maneret.
2641 2294 2709 2349 Et
2761 2293 3031 2348 mirabilia
3060 2295 3177 2351 haec
3207 2304 3262 2350 et
3305 2294 3460 2350 terris
3484 2294 3664 2348 aliena

2087 2398 2188 2453 per
2241 2383 2612 2438 sacerdotium
2664 2393 2923 2455 operatur
2979 2386 3182 2456 ubique
3232 2386 3443 2446 vivens.
3478 2392 3532 2440 et
3566 2400 3665 2454 per

2087 2487 2280 2527 omnes
2313 2487 2442 2527 suos
2468 2474 2782 2528 sacerdotes
2812 2488 2925 2528 suae
2955 2474 3224 2530 bonitatis
3266 2483 3321 2528 et
3349 2472 3663 2529 dilectionis

2087 2565 2388 2634 operarios.
2438 2565 2506 2620 Et
2562 2565 2705 2620 sicut
2757 2581 2951 2621 omnes
2974 2568 3194 2637 angelos
3219 2575 3275 2621 et
3308 2568 3514 2621 animas
3535 2580 3664 2619 san-

2086 2669 2302 2712 etorum
2337 2657 2584 2712 claritate
2619 2669 2669 2712 et
2709 2657 2917 2727 fulgore
2942 2660 3106 2712 vestit
3136 2668 3189 2712 et
3210 2658 3387 2712 elevat
3420 2657 3472 2709 in
3505 2656 3664 2710 sedes

2088 2748 2363 2815 coelr'sms,
2408 2750 2482 2805 ita
2526 2764 2629 2806 nos
2662 2764 2853 2805 omnes
2877 2764 3064 2804 servos
3095 2764 3225 2804 suos
3256 2748 3557 2803 humillimo
3610 2748 3663 2801 iu

2088 2844 2356 2912 optimum
2388 2852 2584 2906 mutat,
2629 2850 2683 2896 et
2734 2852 3080 2911 peramanter
3115 2841 3349 2910 suscipit
3383 2840 3662 2908 fovetque,
3760 2868 3764 2872 -

2087 2948 2147 2991 ut
2175 2936 2386 2991 lumine
2434 2952 2537 2990 suo
2569 2934 2935 2999 circumfusos
2967 2935 3139 2990 societ
3163 2934 3462 2989 sanctitati.
3498 2935 3667 2988 Acce-

2088 3027 2282 3082 damus
2319 3027 2481 3099 igitur
2508 3029 2724 3083 assidue
2754 3028 3079 3081 anhelantes
3108 3027 3388 3082 desiderio
3434 3036 3492 3081 et
3540 3024 3661 3095 pie-

404 3130 546 3183 στην
570 3117 637 3185 τῇ
674 3116 800 3188 ἱερᾷ
824 3120 1210 3190 μυσταγωγίᾳ·
1244 3122 1327 3175 ὅτι
1360 3122 1513 3177 οὐδὲν
1541 3124 1599 3191 ἐξ
1634 3124 1795 3179 ἄλλου
1820 3129 1982 3181 παντὶ

2090 3129 2197 3174 tate
2232 3119 2528 3183 ferventes,
2562 3128 2823 3188 quantum
2849 3136 3157 3187 possumus,
3188 3120 3255 3174 ad
3281 3127 3532 3174 sanctum
3572 3131 3664 3172 sa-

407 3207 591 3276 πιστῷ
622 3209 698 3270 ὡς
727 3211 792 3263 ἐκ
819 3210 1011 3263 τούτου
1041 3212 1101 3264 τὸ
1135 3212 1347 3281 ὄφελος.
1380 3215 1492 3270 Καὶ
1523 3217 1660 3285 μηδὲ
1694 3218 1876 3285 ἱερεύς
1897 3237 1984 3283 τις

405 3299 601 3354 τούτου
647 3302 1046 3370 καταμελείτω.
1102 3303 1190 3358 ἵνα
1240 3306 1314 3375 μὴ
1350 3307 1445 3360 καὶ
1490 3307 1640 3377 αὐτῷ
1684 3310 1777 3362 καὶ
1820 3311 1985 3363 παντὶ

405 3393 588 3460 πιστῷ
622 3395 889 3463 μεγίστην
917 3394 1151 3467 προξενῇ
1192 3396 1291 3466 τὴν
1336 3397 1567 3467 ζημίαν.
1615 3401 1728 3453 Καὶ
1758 3402 1863 3472 γὰρ
1895 3401 1983 3455 ἵνα

393 3475 617 3557 ’βλάϐην
666 3485 778 3555 καὶ
812 3485 1015 3555 ζημίαν
1051 3486 1188 3541 ’καθ’
1235 3488 1542 3561 ὑπερϐολὴν
1591 3489 1830 3588 ἔχευμεν.
1886 3492 1984 3547 καὶ

403 3580 641 3633 πάντοτε
671 3577 772 3648 μὲν
801 3580 880 3642 είς
910 3579 1010 3642 τὰς
1041 3581 1350 3650 προσευχὰς
1373 3584 1400 3635 ὁ
1434 3577 1678 3653 πονηρδξ
1701 3583 1984 3656 ῥᾳθύμους

400 3687 467 3724 τε
495 3670 594 3723 καὶ
624 3670 963 3739 ἀκηδιῶντας
997 3658 1124 3734 τοὺς
1158 3672 1405 3738 εὐσεϐεῖς
1451 3675 1599 3745 ἡμᾶς
1644 3678 1739 3730 καὶ
1766 3676 1983 3748 ὀρθοδό-

406 3761 536 3829 ξους
566 3764 860 3834 ἐργάζεται
913 3763 1232 3818 τούναντίον
1286 3763 1343 3817 δὲ
1376 3767 1505 3830 τοὺς
1536 3760 1741 3830 ⁸ὰθέους
1773 3768 1865 3823 καὶ
1896 3770 1984 3822 αί-

407 3855 726 3924 ρετίζοντας
753 3857 832 3919 είς
860 3857 961 3918 τὰς
994 3857 1199 3928 μιαρὰς
1231 3857 1413 3911 αὐτῶν
1446 3860 1758 3931 προσευχὰς
1783 3860 1981 3924 αὐτοὺς

399 3947 692 4016 διεγείρει,
718 3946 792 4006 ὡς
815 3947 880 4000 ἂν
902 3949 1103 4000 ἐκεῖνοι
1135 3949 1234 4016 μὲν
1257 3950 1346 4004 διὰ
1374 3952 1483 4004 τῶν
1513 3952 1726 4020 ἐναγῶν
1750 3970 1984 4022 προσευ-

400 4037 523 4109 χῶν
553 4037 757 4100 αὐτῶν,
796 4040 874 4100 ὡς
904 4039 996 4090 ἐπὶ
1035 4039 1197 4093 πλέον
1239 4040 1693 4111 βλασφημοῦντες
1722 4062 1985 4113 κατακρι-

399 4129 566 4183 θώσιο
600 4128 929 4199 θεομαχοῦσι
959 4130 1066 4199 γὰρ
1096 4132 1191 4183 καὶ
1241 4132 1341 4183 οὐκ
1394 4130 1646 4202 εὔχονται
1677 4150 1692 4165 ’
1726 4135 1887 4204 ἡμεῖς
1923 4135 1983 4187 δὲ

403 4222 488 4293 μὴ
522 4221 805 4290 εὐχόμενοι
858 4222 935 4290 τῷ
996 4221 1235 4294 ἀληθινῷ
1276 4222 1396 4292 Θεῷ
1444 4225 1629 4295 ἡμῶν,
1680 4225 1781 4294 τῆς
1814 4226 1982 4280 αὐτοῦ

396 4314 633 4386 χάριτος
684 4313 1059 4383 στερηθῶμεν.
1115 4313 1211 4368 Διὸ
1271 4316 1366 4369 καὶ
1408 4317 1653 4370 -πὰντοτε
1699 4316 1800 4387 μὲν
1832 4319 1981 4389 ἡμᾶς

398 4402 635 4460 σπεύδει
685 4402 920 4457 κωλύειν
957 4409 1056 4473 τῆς
1089 4405 1420 4475 προσευχῆς,
1462 4405 1700 4474 μάλιστα
1742 4406 1801 4461 δὲ
1841 4410 1981 4464 κατὰ

394 4498 506 4568 τὴν
564 4496 714 4551 θείαν
764 4498 1107 4567 ίερουργίαν.
1154 4499 1265 4553 Καὶ
1315 4498 1616 4553 ἐπιτίθεται
1654 4497 1976 4573 βαρύτερον,

396 4591 503 4645 καὶ
543 4589 658 4657 ’τὴν
709 4589 862 4644 θείαν
913 4589 1055 4644 θέλει
1100 4590 1333 4645 κωλύειν
1383 4591 1744 4664 λειτουργίαν.
1785 4596 1899 4649 Καὶ
1945 4596 1978 4665 ἢ

398 4683 658 4757 ῥᾳθυμίᾳ
695 4682 729 4753 ἢ
779 4683 1023 4750 εὐλόγοις
1057 4682 1222 4753 δῆθεν
1256 4684 1462 4748 αἰτίαις
1497 4685 1734 4753 ἀπάγειν
1779 4685 1982 4757 ταύτης

395 4778 700 4846 ἐπιχειρῶ
737 4776 831 4829 καὶ
865 4776 1193 4843 φαντασίαις
1215 4778 1270 4832 δὲ
1298 4780 1645 4847 νυκτεριναίς
1670 4779 1798 4842 τούς
1826 4782 1983 4851 ἱερω-

399 4870 611 4943 μένους
658 4883 716 4919 τε
751 4867 849 4919 καὶ
877 4866 1004 4927 τοὺς
1038 4865 1401 4936 βουλομένους
1455 4868 1704 4939 μετέχειν
1737 4869 1846 4921 τῶν
1877 4887 1980 4938 μυ-

395 4959 672 5031 στηρίων,
706 4957 1019 5027 ἐμποδίζειν
1048 4958 1110 5011 οὐ
1148 4962 1519 5027 παραιτεῖται,
1549 4960 1623 5022 ὡς
1653 4960 1741 5014 διὰ
1771 4961 1983 5015 πολλῶν

391 5056 672 5122 ἔγνωμεν.
707 5048 1016 5119 βασκαίνων
1045 5049 1139 5102 τοῦ
1172 5050 1449 5122 ἁγιασμοῡ
1491 5055 1583 5105 καὶ
1614 5051 1716 5122 τῆς
1751 5053 1981 5122 δωρεᾶς,

392 5146 521 5206 τοῖς
565 5157 623 5194 τε
660 5141 981 5209 ίερωμένοις
1015 5141 1320 5210 ὀρθοδὲξοις
1350 5145 1483 5210 ἡμῖν
1529 5145 1587 5196 ὲν
1632 5144 1857 5213 Χριστῷ
1890 5146 1987 5198 καὶ

390 5237 517 5298 τοῖς
559 5233 787 5296 λαῖκοίς,
821 5235 887 5285 ἐκ
915 5232 1106 5286 τούτου
1139 5234 1341 5304 μᾶλλον
1377 5238 1405 5289 ό
1435 5233 1670 5298 δείλαιος
1691 5235 1988 5306 ἐλεγχόμε-

392 5345 495 5391 νος
534 5326 631 5380 καὶ
667 5322 1199 5395 καταισχυνόμενος,
1230 5325 1307 5391 ὡς
1353 5324 1627 5397 βάσκανος
1657 5325 1735 5380 ὢν
1763 5329 1858 5381 καὶ
1889 5344 1990 5380 πο-

393 5418 596 5490 νηρός.
629 5417 736 5470 Καὶ
774 5417 925 5471 ἄκων
956 5417 1013 5471 δὲ
1054 5423 1324 5489 μαρτυρεῖ
1358 5421 1422 5472 τὸ
1459 5421 1605 5473 θετον
1652 5420 1748 5473 τοῦ
1792 5421 1981 5491 ἔργου,

392 5513 499 5568 καὶ
533 5507 601 5562 es
647 5508 747 5579 τῆς
795 5511 1019 5580 χάριτος
1066 5510 1318 5579 μέγεθος.
1371 5511 1446 5565 Οὐ
1486 5513 1595 5582 γὰρ
1636 5510 1702 5565 ἂν
1742 5510 1978 5574 ἐκώλυε,

397 5606 482 5677 μὴ
539 5603 810 5673 μεγίστην
842 5603 1080 5674 νομίζων
1126 5603 1229 5673 τὴν
1274 5603 1507 5674 δωρεὰν,
1544 5608 1638 5658 καὶ
1687 5604 1976 5672 ὡέέλειαν.

410 5696 503 5750 'A)
517 5693 591 5746 λὰ
624 5696 985 5763 προσεκτέονο
1017 5697 1113 5749 καὶ
1157 5696 1347 5749 τοῦτον
1381 5696 1483 5767 μὲν
1533 5697 1816 5767 συντρίψει
1851 5697 1985 5767 Χρι-

402 5789 564 5855 στὶς,
599 5788 663 5858 τῇ
696 5784 1083 5859 ἐξομολογήσει
1130 5788 1185 5841 δὲ
1219 5789 1312 5842 καὶ
1344 5785 1674 5842 ταπεινώσει
1719 5788 1778 5841 ἐν
1816 5803 1983 5857 μετα·

2086 3211 2355 3267 criﬁcium
2415 3229 2524 3282 pro:
2573 3213 2831 3267 onmihus
2889 3223 2945 3268 et
2997 3211 3233 3280 singulis
3266 3209 3658 3273 orationibus;

2084 3305 2211 3373 quia
2243 3319 2306 3359 ex
2339 3304 2486 3359 nulla
2518 3304 2624 3359 alia
2659 3314 2806 3359 tanta
2841 3313 3023 3372 potest
3056 3303 3196 3358 ﬁdeli
3224 3303 3536 3370 cuicunque
3559 3299 3662 3354 ob-

2085 3399 2274 3452 venirc
2303 3397 2533 3453 utilitas.
2574 3396 2640 3451 Et
2687 3398 2945 3455 sacerdos
2996 3409 3278 3464 nunquam
3322 3393 3454 3447 illud
3492 3391 3665 3462 negli-

2086 3503 2220 3556 gens
2245 3487 2649 3557 praetermittat,
2683 3501 2752 3541 ne
2781 3486 2900 3557 ipse
2920 3487 3024 3542 sibi
3053 3494 3107 3541 et
3129 3485 3389 3539 omnibus
3413 3482 3663 3537 ﬁdelibus

2084 3594 2360 3643 summum
2419 3578 2617 3633 inierat
2664 3579 2948 3632 damnum.
3024 3575 3250 3631 Miriﬁce
3283 3574 3427 3628 enim
3474 3573 3560 3626 hic
3609 3578 3667 3624 et

2083 3670 2460 3741 praeiudicium
2489 3676 2547 3724 et
2573 3669 2837 3722 damnum
2873 3668 3155 3721 incurrere
3187 3677 3506 3734 possumus;
3534 3674 3663 3715 nam

2085 3775 2300 3831 semper
2331 3759 2511 3813 malus
2538 3759 2661 3826 pios
2697 3767 2749 3811 et
2778 3758 3116 3811 orthodoxos
3144 3756 3199 3809 in
3230 3755 3437 3808 orando
3465 3766 3661 3822 segnes

2083 3862 2138 3907 et
2163 3851 2451 3905 acrdiosos
2490 3849 2630 3903 solet
2666 3847 2871 3912 facere,
2902 3847 3092 3901 atheos
3135 3854 3325 3901 contra
3354 3853 3407 3898 et
3440 3844 3665 3900 haereti-

2084 3959 2179 3999 cos
2214 3943 2280 3997 ad
2321 3945 2558 4010 impurus
2607 3949 2663 3995 et
2692 3939 2934 3994 nefarias
2964 3953 3099 4006 quas
3131 3938 3321 3992 dicunt
3349 3951 3537 4005 preces
3568 3935 3667 3989 im-

2084 4036 2288 4106 pellere
2314 4033 2530 4103 satagit,
2566 4042 2626 4086 ut
2658 4032 2773 4086 suis
2801 4029 3149 4094 orationibus
3178 4026 3354 4099 magis
3391 4043 3455 4081 ac
3488 4027 3662 4095 magis

2086 4127 2533 4195 blaspltcmantes
2567 4124 3009 4179 condemnentur
3032 4139 3052 4177 :
3096 4120 3262 4176 Deum
3294 4120 3439 4175 enim
3487 4119 3665 4204 impu-

2084 4227 2254 4282 gnant
2283 4218 2483 4272 nedum
2516 4225 2708 4282 orent;
2743 4229 2846 4270 nos
2873 4229 3002 4270 vero
3062 4229 3132 4269 ne
3189 4214 3299 4269 Deo
3328 4220 3513 4268 nostro
3537 4226 3664 4280 pre-

2084 4329 2176 4370 ces
2205 4327 2314 4367 non
2352 4309 2645 4365 fundentes
2682 4308 2855 4378 gratia
2885 4306 3008 4373 ejus
3037 4306 3420 4361 destituamur.
3453 4303 3663 4359 Idcirco

2088 4419 2303 4474 semper
2334 4401 2533 4458 nititur
2553 4416 2655 4456 nos
2674 4413 2862 4454 arcere
2887 4399 2958 4453 ab
2981 4398 3250 4460 oratione,
3308 4396 3403 4451 sed
3428 4396 3665 4449 maxime

2087 4517 2116 4554 a
2146 4505 2338 4552 sancto
2367 4503 2421 4549 et
2447 4493 2640 4547 divino
2673 4491 3044 4555 sacriﬁcio,‘et
3074 4488 3370 4544 instantius
3393 4489 3587 4556 premit
3607 4495 3668 4541 ut

2089 4591 2352 4661 impediat
2384 4586 2806 4645 celebrationem
2837 4584 3031 4647 Missm,
3065 4592 3121 4638 et
3170 4582 3283 4637 sive
3334 4579 3662 4651 negligentia

2084 4684 2246 4755 justis
2278 4684 2346 4738 de
2377 4681 2559 4737 causis
2583 4680 2653 4734 ab
2686 4679 2775 4732 illa
2805 4678 3085 4732 deterrere
3120 4684 3286 4730 tt-ntat
3317 4690 3333 4742 ;
3390 4689 3491 4729 nec
3519 4672 3667 4727 dedi—

2091 4784 2293 4849 gnatur
2323 4771 2616 4828 nocturnis
2652 4769 3020 4833 illusionibus,
3053 4777 3108 4823 et
3132 4780 3229 4821 eos
3257 4767 3351 4835 qui
3385 4779 3675 4821 consecra-

2094 4870 2198 4925 turi
2235 4876 2364 4922 sunt
2398 4875 2447 4920 et
2474 4880 2570 4919 eos
2598 4862 2690 4934 qui
2724 4862 2976 4927 mysteria
3000 4859 3327 4931 participare
3350 4857 3669 4920 intendunt,

2093 4970 2152 5015 ut
2191 4961 2244 5015 in
2276 4960 2522 5027 pluribus
2563 4958 2761 5011 factum
2810 4954 3089 5018 novimus,
3144 4953 3446 5023 praepedire
3482 4966 3511 5005 a
3545 4964 3671 5021 pro-

2096 5055 2296 5124 posito,
2326 5050 2563 5105 irridens
2587 5047 3055 5102 consecrationem
3092 5044 3201 5099 Deo
3238 5053 3293 5099 et
3334 5043 3426 5099 Dei
3464 5041 3668 5097 donum

2090 5145 2249 5201 nobis
2278 5140 2732 5197 consecrantihus
2760 5138 2812 5191 in
2843 5137 3064 5191 Christo
3115 5145 3168 5190 et
3198 5136 3369 5199 laicis,
3397 5133 3524 5188 inde
3558 5147 3675 5185 ma-

2092 5240 2234 5293 xime
2270 5232 2637 5304 improbitatis
2691 5241 2747 5285 et
2782 5230 3037 5298 nequitiac
3097 5229 3380 5284 convictus
3411 5235 3466 5279 et
3515 5223 3678 5277 fasci-

2094 5324 2337 5381 nationis
2368 5334 2423 5376 et
2454 5321 2704 5392 pessima:
2739 5321 2874 5374 artis
2927 5328 3056 5373 nota
3090 5318 3323 5371 inustus.
3357 5314 3564 5369 Invitus
3591 5323 3673 5366 ta-

2091 5433 2213 5474 men
2238 5418 2420 5486 operis
2454 5414 2600 5468 illius
2627 5413 2967 5468 divinitatem
2996 5398 3229 5464 festatur
3276 5418 3330 5463 et
3356 5407 3544 5478 gratia:
3575 5422 3666 5462 ex-

2087 5513 2428 5573 cellentiam;
2455 5509 2584 5563 dum
2616 5507 2763 5561 enim
2793 5505 2860 5558 ab
2894 5504 2999 5557 illis
3024 5502 3324 5563 dissuadet,
3355 5500 3546 5554 scdulo
3575 5514 3672 5554 ca-

2086 5616 2176 5660 vet
2203 5619 2271 5658 ne
2298 5598 2610 5657 celsitudini
2650 5607 2707 5652 et
2766 5597 2914 5652 bono
2949 5595 3079 5650 doni
3133 5594 3294 5663 hujus
3338 5591 3673 5647 attendatur.

2092 5697 2198 5751 Sed
2224 5695 2515 5766 diligenter
2543 5689 3093 5745 animadvertendum
3125 5696 3211 5740 est
3241 5702 3257 5753 ;
3286 5687 3433 5741 hunc
3454 5685 3675 5755 quidem

2088 5789 2348 5845 Christus
2389 5786 2777 5843 comminuet:
2818 5782 3007 5839 confes
3022 5781 3178 5837 sione
3211 5790 3391 5836 autem
3423 5787 3478 5835 et
3502 5778 3705 5839 humi-.
