4060 6282
407 350 535 412 ’943
1231 321 1606 394 ΞΥΜΕΟΝΙΞ
1631 320 2033 386 ΤΗΕΞΞΑιΟἸ

2135 320 2380 382 IENSIS
2406 318 2758 391 ARCHIEP.
3568 309 3676 376 944

354 525 356 527 ς
425 463 586 516 litate
635 457 687 509 in
735 449 1054 523 paenitentia
1096 446 1313 500 assidua
1349 443 1416 497 ad
1446 442 1725 496 Christum
1770 435 2033 490 accedam

2135 437 2218 506 olq.
2260 435 2500 506 διηνεκεῖ
2530 434 2751 502 Χριστῷ
2788 430 3246 502 προσερχώμεθα.
3285 447 3304 482 ι
3334 427 3675 499 Προσέλθετε

421 563 568 605 ‘mus.
612 567 628 598 ι
668 545 914 602 Accedite
943 541 1009 594 ad
1049 553 1192 597 cum,
1256 536 1408 599 dicit,
1471 543 1525 586 et
1569 526 1949 585 illuminamini
1978 563 1992 588 ,

2142 527 2208 594 ἀρ
2268 526 2448 595 (φησὶ)
2504 525 2640 592 πρὸς
2701 524 2863 576 αὑτὸν
2925 523 3021 574 καὶ
3081 519 3409 589 φωτίσθητε,
3461 517 3555 570 καὶ
3610 515 3678 569 τὰ

432 651 486 698 et
513 641 679 696 facies
711 646 902 690 vestra:
929 647 1038 687 non
1069 627 1471 684 conlundentur
1509 625 1569 676 ¹⁷.
1607 642 1625 672 ι

917 783 1239 854 ΟΠᾹΞΞΤΙΟ
1270 780 1484 835 LXXX.

436 913 568 980 Quis
616 919 693 962 est
741 908 830 974 qui
877 912 1054 980 tantas
1079 907 1131 980 et
1165 908 1272 952 tam
1309 895 1504 980 multo}
1539 895 1751 980 prim'usl
1774 890 2000 980 tradidit

506 959 862 1044 suscipiendas
887 972 1176 1044 molestias,
1205 959 1634 1044 exerCitationes,
1671 961 1878 1040 labores
1907 959 2003 1040 do-

801 1043 1100 1116 aﬂlictiones
1137 1029 1391 1116 camara
1436 1034 1754 1092 vexationes,
1787 1029 2004 1108 virgini-

511 1099 633 1174 illis}
663 1099 731 1169 ὀι
757 1099 1141 1168 ἐᾰῖιοιὶηιοιιίω
1188 1106 1423 1174 studium
1453 1117 1578 1174 .-σε
1642 1116 1795 1174 super
1830 1099 2005 1174 οηιηίςι

509 1164 771 1244 $25,113»:
789 1164 1125 1251 patientiam
1160 1191 1224 1227 ac
1255 1171 1694 1251 submissionem}
1723 1168 1897 1251 Otium
1941 1164 2004 1219 ob

509 1237 728 1313 ἒᾶὲὶξάἠι
759 1237 868 1305 Iure
893 1250 1093 1313 omnia,
1134 1252 1181 1300 et
1207 1259 1321 1313 qua:
1348 1257 1412 1294 ea:
1450 1241 1529 1293 his
1559 1239 1762 1291 utilitas
1788 1237 1811 1290 ?

511 1366 874 1438 Quantumvis
903 1362 1103 1417 mirum
1139 1358 1393 1412 videatur
1423 1355 1568 1424 quod
1614 1353 1812 1422 quaeris
1835 1395 1849 1418 ,
1883 1363 2002 1405 esse

445 1469 653 1525 scilicet
699 1460 1036 1520 sulferendos
1081 1463 1299 1511 sanctos
1334 1465 1556 1524 agones,
1611 1449 1795 1503 varios
1825 1447 2008 1502 carnis

445 1551 680 1617 labores.
739 1552 982 1606 dolorem
1010 1557 1278 1614 quemque
1311 1551 1366 1597 et
1415 1540 1848 1604 tribulationem,
1878 1553 2012 1608 pau-

446 1655 708 1716 pertatem
734 1651 788 1696 et
810 1640 1005 1696 animat
1037 1636 1450 1699 contritionem,
1479 1642 1645 1707 utest
1684 1631 2006 1697 humilitas;

2104 617 2376 685 πρόσωπα
2418 617 2570 686 ὑμῶν
2603 617 2660 668 οὐ
2699 617 2772 684 μὴ
2807 615 3201 684 καταισχυνθῇ.
3252 631 3271 663 ι

2664 774 3002 828 ΕΡΩΤΗΣῘΣ
3041 773 3123 828 η’.

2108 896 2203 962 Τίς
2251 897 2283 948 ό
2320 894 2650 954 τοσούτους
2695 892 3125 960 παραδεδωκὼς
3169 892 3433 957 πόνους,
3483 887 3682 962 ἀσκή-

2174 961 2326 1027 σεις,
2376 963 2801 1027 κακοπαθείας,
2842 962 3082 1029 θλίψεις
3135 963 3363 1028 σαρκὸς
3417 961 3514 1014 καὶ
3554 977 3681 1013 πιε-

2176 1035 2393 1099 σμοὺς,
2443 1034 2791 1097 παρθενίαν,
2845 1032 3113 1099 ἁγνείαν,
3178 1032 3275 1084 καὶ
3333 1031 3429 1082 ἐπὶ
3489 1030 3681 1082 πᾶσιν

2179 1106 2366 1169 ἄκραν
2397 1103 2709 1166 ὑπομονὴν
2732 1101 2828 1153 καί
2852 1102 3250 1164 τιεπείνωσιν;
3277 1100 3437 1154 Διατί
3458 1099 3642 1152 ταῦτα
3659 1115 3682 1162 ;

2179 1175 2278 1226 καὶ
2310 1173 2401 1238 τίς
2430 1173 2468 1238 ἡ
2495 1173 2564 1225 ἐκ
2597 1173 2824 1224 τούτων
2847 1169 3138 1239 togae/lem;

2181 1353 2242 1406 El
2277 1355 2370 1406 καὶ
2407 1353 2722 1422 θαυμαστὸν
2769 1349 2916 1404 δοκεῖ
2963 1350 2991 1403 ὃ
3038 1349 3333 1418 ἠρώτησας
3390 1350 3519 1418 περί
3570 1350 3679 1402 τῶν

2114 1446 2531 1516 ἀπαιτουμένων
2564 1443 2726 1497 θείων
2755 1445 3002 1510 ἀγώνων,
3034 1442 3307 1510 διαφόρων
3339 1441 3516 1493 πόνων
3547 1455 3684 1508 σαρ-

2114 1539 2230 1603 κὸς,
2265 1538 2638 1600 κακοπαθείας
2670 1536 2887 1604 ἁπάσης
2921 1535 3012 1588 καὶ
3039 1533 3294 1601 θλίψεως,
3323 1532 3403 1584 ἔτι
3437 1530 3494 1584 δὲ
3540 1547 3686 1582 πτωο

2116 1630 2265 1700 χείας
2295 1630 2388 1683 καὶ
2416 1628 2657 1697 ψυχικῆς
2686 1625 3000 1695 συντριϐῆς,
3030 1625 3152 1694 ἥτις
3183 1623 3332 1676 ἐστὶν
3357 1623 3388 1691 ἡ
3417 1624 3688 1674 ταπείνω-

444 1707 500 1794 et
531 1749 741 1806 quaeras
782 1733 852 1788 ad
895 1730 1026 1800 quid
1068 1731 1180 1784 haec
1215 1726 1422 1790 omnia,
1455 1735 1509 1780 ct
1540 1725 1664 1794 quis
1697 1738 1761 1778 ca
1803 1723 2011 1778 consti-

2135 1738 2224 1785 τις,
2256 1720 2336 1773 ὅτι
2377 1719 2519 1771 διατί
2549 1718 2740 1780 ταῦτα,
2775 1717 2871 1769 καὶ
2894 1715 2977 1778 τίς
3003 1717 3029 1767 ὁ
3061 1711 3233 1766 ταῦτα
3268 1707 3686 1777 παραδεδωκὼς,

451 1829 636 1892 tuerit,
667 1836 722 1881 et
753 1825 987 1892 denique
1019 1836 1137 1890 quae
1171 1820 1240 1873 sit
1274 1834 1342 1873 ex
1367 1820 1456 1872 his
1514 1817 1763 1874 utilitas:
1826 1823 2012 1869 tamen

454 1922 743 1976 utilissima
773 1930 859 1976 est
892 1917 1141 1985 quaestio,
1170 1926 1232 1969 ut
1260 1911 1628 1979 intelligamus
1658 1923 1720 1961 ea
1752 1923 1861 1961 non
1895 1921 2016 1961 esse

455 2011 712 2075 hominis,
753 2010 848 2065 sed
874 2024 1041 2078 opera
1073 2007 1166 2061 Dei
1200 2006 1254 2059 in
1290 2018 1392 2059 suo
1423 2001 1562 2055 Filio
1592 2001 1683 2070 qui
1733 2016 1835 2069 pro
1863 2001 2019 2054 nobis

458 2106 771 2157 incarnatus
789 2109 872 2156 est
895 2101 950 2154 in
970 2108 1204 2154 nostram
1233 2083 1689 2157 reformationem,
1715 2100 1772 2145 ut
1794 2107 2022 2146 evacue-

459 2210 582 2248 mus
610 2194 752 2247 illam
783 2207 902 2260 qua:
924 2201 1007 2245 est
1034 2204 1098 2244 ex
1127 2187 1342 2242 luxuria
1367 2184 1837 2253 consumptionem
1874 2191 1928 2237 et
1953 2198 2020 2236 ex

466 2283 885 2353 praesumptione
927 2278 1268 2334 commissam
1322 2276 1532 2343 culpam
1581 2287 1918 2342 reparemus,
1967 2279 2023 2326 et

460 2375 871 2446 pulchritudine
898 2369 1270 2428 excellentiori
1303 2370 1581 2439 gloriaque
1633 2366 1823 2432 majori
1859 2381 2023 2434 quam

463 2468 614 2536 prius
639 2463 1056 2530 ditemur,'sicut
1083 2463 1281 2517 factum
1306 2469 1387 2514 est
1407 2457 1779 2513 humiliatione
1808 2465 1861 2510 et
1891 2473 2024 2526 pau-

467 2568 674 2627 pertate
695 2557 917 2621 Christi,
938 2557 1026 2623 qui
1054 2552 1315 2608 sustinuit
1334 2567 1510 2620 usque
1531 2550 1598 2604 ad
1626 2550 2023 2613 venditionem,

467 2651 533 2702 ad
589 2649 929 2714 irrisionem,‘
977 2647 1043 2700 ad
1092 2644 1441 2712 impropcria,
1499 2643 1564 2695 ad
1621 2651 1915 2704 tormenta,
1959 2640 2026 2695 ad

470 2740 640 2794 millia
693 2749 888 2803 αιτιοι-ιι
944 2739 1082 2791 mala
1142 2745 1197 2790 et
1235 2736 1299 2788 ad
1332 2740 1562 2786 mortem
1606 2747 1799 2799 usque,
1857 2743 1916 2785 ut
1974 2739 2029 2784 et

475 2848 576 2888 nos
662 2832 811 2885 omni
887 2829 1186 2882 intentione
1259 2827 1506 2880 nitamur
1571 2823 1724 2876 illum
1784 2822 2027 2884 imitari,

467 2935 524 2979 et
572 2923 913 2978 aemulatores
945 2921 1062 2988 ejus
1094 2927 1333 2981 sanctos,
1411 2930 1675 2986 generose
1708 2913 2030 2983 perferendo

467 3028 576 3068 non
611 3013 782 3066 solum
815 3009 1193 3064 tribulationcs
1223 3007 1498 3061 voluntate
1542 3013 1728 3058 nostra
1751 3005 2025 3074 quaesitas,

2119 1811 2214 1864 καὶ
2242 1811 2325 1872 τίς
2351 1811 2382 1879 ή
2419 1812 2481 1863 ἐκ
2506 1809 2712 1862 τούτων
2746 1807 3008 1875 ὠφέλεια,
3035 1804 3148 1856 ἀλλ’
3175 1801 3457 1871 ὲπωφελὴς
3488 1803 3522 1869 ἡ
3548 1798 3692 1867 ἐρώει

2119 1915 2294 1966 τησις·
2336 1902 2422 1953 ἵνα
2473 1901 2824 1968 ὲννοήσαντες
2873 1897 2946 1960 ώς
3005 1898 3107 1948 οὐκ
3152 1892 3441 1962 ἀνθρώπου
3487 1889 3686 1952 ταῦτα,

2083 1991 2258 2044 -ἀλλά
2312 1990 2446 2044 Θεοῦ
2485 1990 2621 2057 ἔργα
2661 1988 2766 2041 εἰσὶ
2792 1987 2888 2040 τοῦ
2927 1985 3313 2055 σαρκωθέντος
3345 1981 3485 2050 ὑπὲρ
3531 1979 3688 2048 ἡμῶν

2118 2081 2250 2134 Υἱοῦ
2286 2082 2380 2134 τοῦ
2437 2079 2574 2133 Θεοῦ
2630 2080 2709 2140 είς
2748 2079 3026 2146 ἡμετέραν
3072 2074 3402 2136 ἀνάπλασιν,
3451 2070 3536 2122 ἵνα
3588 2068 3690 2137 τῆς

2123 2175 2230 2228 ἀπὸ
2277 2175 2377 2242 τῆς
2410 2173 2623 2244 τρυφῆς
2657 2170 2947 2239 συντριϐἦς
2993 2166 3420 2233 ἀπαλλαγῶμεν,
3454 2162 3548 2215 καὶ
3594 2158 3689 2214 τοῦ

2122 2268 2229 2320 ἀπὸ
2281 2267 2378 2332 τῆς
2431 2266 2659 2333 οἰήσεως
2696 2261 2984 2331 πτώματος
3045 2254 3544 2323 ὲπανακληθῶμεν,
3595 2253 3692 2304 καὶ

2127 2359 2372 2427 κρεῖττον
2399 2356 2492 2409 τοῦ
2527 2354 2745 2424 πρώτου
2778 2351 2991 2416 κάλλος,
3033 2350 3126 2402 καὶ
3158 2348 3384 2418 μείζονα
3404 2346 3501 2412 τὴν
3531 2342 3692 2406 δόξαν

2126 2449 2546 2517 πλουτήσωμεν,
2575 2444 2760 2506 καθὼς
2801 2444 2894 2496 καὶ
2924 2442 3011 2495 διὰ
3039 2442 3137 2508 τῆς
3168 2439 3553 2497 ταπεινώσεως
3598 2436 3694 2490 καὶ

2128 2541 2402 2610 πτωχείας
2433 2540 2628 2607 γέγονε
2661 2535 2923 2606 Χριστοῦ,
2963 2534 3058 2587 καὶ
3096 2532 3195 2602 τῆς
3227 2534 3390 2601 μέχρι
3435 2529 3691 2599 πράσεως

2128 2633 2221 2688 καὶ
2245 2631 2568 2702 ὲμπαιγμοῦ
2597 2630 2690 2684 καὶ
2719 2626 3044 2695 ὀνειδισμῶν
3076 2627 3170 2678 καὶ
3200 2622 3434 2692 δεσμῶν,
3464 2621 3556 2672 καὶ
3588 2637 3694 2690 μυ-

2131 2726 2262 2795 ρίων
2315 2723 2492 2778 ἄλλων
2542 2721 2728 2774 παθῶν
2784 2720 2880 2773 καὶ
2940 2716 3107 2772 αὐτοῦ
3151 2715 3380 2768 θανάτου
3435 2709 3692 2778 θλίψεως,

2133 2815 2524 2884 σπουδάσωμεν
2551 2815 2646 2885 ὅλῃ
2676 2812 2935 2882 προθέσει
2964 2809 3103 2864 κατά
3139 2809 3367 2877 μίμησιν
3393 2805 3557 2858 αὐτοῦ
3599 2803 3694 2856 καὶ

2130 2909 2238 2960 τῶν
2285 2907 2648 2972 ζηλωσάντων
2698 2905 2858 2958 αὑτὸν
2913 2901 3104 2968 ἁγίων,
3155 2901 3215 2951 οὺ
3266 2898 3425 2967 μόνον
3451 2897 3696 2948 ἑκούσιον

2135 3004 2312 3055 πᾶσαν
2342 2985 2557 3068 θλίψινί
2575 2997 2710 3051 ἀλλὰ
2741 2997 2834 3050 καὶ
2860 2996 2955 3056 τὰς
2977 2992 3264 3053 ἀκουσίους
3289 2990 3554 3058 ἐπιφορὰς
3575 3003 3700 3054 γεν-

467 3105 559 3161 sed
593 3115 646 3159 et
676 3103 794 3157 illas
823 3116 944 3166 quae
983 3108 1179 3169 praeter
1210 3100 1546 3154 voluntatem
1591 3073 1852 3167 ingruunt
1885 3097 2025 3150 tristi

2135 3094 2294 3156 ναίως
2326 3093 2510 3162 φέρειν
2539 3093 2666 3162 ἄχρι
2699 3093 2792 3142 καὶ
2826 3084 2990 3142 αὐτοῦ
3039 3085 3132 3144 τοῦ
3185 3084 3436 3147 θανάτου,
3468 3083 3559 3134 καὶ
3594 3097 3716 3147 μοι,

468 3197 691 3264 impetu,
727 3207 896 3262 usque
926 3191 992 3246 ad
1019 3199 1248 3246 mortem
1276 3189 1467 3244 millies
1497 3189 1541 3242 si
1577 3189 1690 3243 fieri
1716 3195 1898 3256 posset
1932 3201 2028 3254 pro

467 3286 719 3347 Domino,
742 3299 956 3340 summo
990 3298 1113 3339 cum
1148 3291 1338 3337 nostro
1383 3279 1650 3349 profectu,
1696 3289 2026 3347 susceptam.

470 3375 754 3438 Quomodo
794 3375 941 3428 enim
975 3373 1040 3438 ad
1079 3373 1255 3439 ipsum
1304 3383 1585 3438 possemus
1624 3367 1886 3422 accedere
1912 3368 2030 3421 sine

468 3465 812 3526 verberibus,
835 3465 1048 3516 etiamsi
1095 3461 1335 3515 l‘oremus
1380 3459 1728 3513 innocentes?
1774 3460 1870 3513 sed
1903 3474 2030 3528 pec-

373 3577 380 3584 ·
471 3566 591 3610 cata
625 3562 808 3608 nostra
837 3569 1055 3608 omnem
1083 3553 1350 3606 excedunt
1385 3565 1672 3605 numerum
1711 3552 1758 3605 el
1788 3553 2032 3610 modum.

474 3643 612 3695 Vide
651 3655 778 3711 ergo
819 3649 876 3692 ut
919 3639 1218 3694 Salvatoris
1248 3639 1468 3709 vestigia
1503 3648 1806 3707 prementes
1832 3641 2036 3694 doloris

474 3743 527 3787 et
555 3746 927 3802 pressurarum
962 3731 1100 3784 viam
1121 3730 1365 3785 viventes
1399 3729 1653 3801 ingressi,
1677 3739 1806 3786 sunt
1831 3731 2034 3800 etjusti

475 3824 564 3891 qui
601 3812 718 3891 ejus
751 3829 936 3892 typum
956 3822 1080 3876 olim
1108 3821 1388 3891 gerebant,
1414 3831 1468 3875 et
1487 3809 1782 3890 prophetae,
1816 3830 1871 3874 et
1899 3835 2035 3889 apo-

476 3915 619 3978 stoli,
657 3923 710 3967 et
749 3926 1016 3984 pastores,
1050 3923 1105 3968 et
1136 3921 1415 3984 martyres,
1447 3921 1502 3966 et
1530 3913 1797 3981 magistri,
1829 3919 1884 3966 et
1916 3927 2036 3965 ere-

475 4007 730 4060 mitarum
783 4006 1164 4073 virginumque
1210 4012 1264 4058 et
1318 4003 1565 4057 omnium
1631 4002 1871 4056 ﬁdelium
1943 4003 2034 4056 Dei

479 4104 784 4150 amatorum
840 4102 1030 4148 turmae
1085 4110 1100 4158 ;
1157 4093 1362 4160 absque
1397 4092 1676 4147 laboribus
1726 4092 1906 4146 nullus
1957 4098 2040 4146 est

479 4189 719 4242 salvatus
759 4204 772 4252 ;
802 4186 856 4240 in
887 4186 1086 4255 quibus
1125 4184 1382 4239 omnibus
1415 4184 1772 4239 excellentior
1801 4185 1910 4238 dux
1959 4191 2039 4237 at-

480 4295 582 4347 quc
615 4279 871 4348 magister
904 4276 1158 4331 Christus
1189 4275 1334 4330 Deus
1366 4283 1574 4340 noster,
1611 4284 1670 4329 ut
1709 4274 2038 4329 notavimus.

2136 3185 2322 3253 ριάκις
2351 3186 2400 3236 εἰ
2433 3183 2656 3236 δυνατὸν
2689 3177 2756 3252 ἦν
2776 3199 2789 3212 ·
2826 3181 2907 3234 ὅτι
2939 3178 3033 3234 καὶ
3063 3179 3096 3246 ἡ
3127 3177 3261 3246 πρὸς
3297 3175 3386 3227 τὸν
3427 3172 3701 3237 Δεσπότην

2132 3276 2321 3344 ὸφειλὴ
2360 3276 2499 3342 ὑπὲρ
2543 3274 2722 3342 λόγον.
2773 3272 2885 3325 Καὶ
2934 3272 2987 3322 τί
3045 3268 3390 3336 προσάξομεν
3429 3265 3602 3332 τούτῳ
3651 3264 3699 3314 εἰ

2137 3368 2229 3422 καὶ
2263 3367 2589 3435 ἀνέγκλητοι
2633 3363 2776 3435 ἦμεν
2811 3367 2933 3417 ἀντὶ
2984 3364 3076 3415 καὶ
3117 3359 3280 3430 μόνου
3321 3358 3698 3427 ραπίσματοςς

2135 3461 2229 3517 καὶ
2274 3463 2355 3514 ὅτι
2395 3459 2476 3544 τί
2500 3458 2818 3525 πταίσματα
2863 3455 3018 3525 ἡμῶν
3074 3453 3216 3521 ὑπὲρ
3248 3450 3497 3521 ἀριθμόν.
3543 3442 3703 3544 Οἶδας

2136 3548 2248 3617 οὖν,
2287 3551 2360 3613 ώς
2388 3535 2784 3619 ἐκμιμούμενοι
2824 3545 2916 3598 τὸν
2959 3543 3186 3611 Σωτῆρα
3213 3540 3309 3593 καὶ
3355 3535 3698 3607 προτυποῦν-

2135 3660 2228 3706 τες
2262 3642 2330 3694 τά
2361 3639 2526 3693 αὐτοῦ
2574 3639 2772 3690 δίκαιοι
2826 3637 2919 3689 καὶ
2975 3633 3249 3702 προφῆται
3291 3630 3388 3684 καὶ
3415 3627 3703 3683 ἀπόστολοι

2119 3735 2232 3788 ’καὶ
2263 3732 2518 3800 ποιμένες
2546 3731 2642 3784 καὶ
2675 3730 2951 3798 μάρτυρες
2982 3727 3074 3779 καὶ
3107 3721 3442 3785 διδάσκαλοι,
3474 3723 3568 3772 καὶ
3595 3719 3703 3771 τῶν

2139 3824 2396 3893 ἀσκητῶν
2425 3825 2458 3891 ἡ
2493 3822 2724 3890 πληθὺς,
2759 3819 2855 3871 καὶ
2901 3817 3008 3869 τῶν
3038 3816 3319 3886 παρθένων
3349 3812 3442 3865 καὶ
3490 3811 3706 3862 πάντων

2141 3915 2428 3984 θεοφιλῶν,
2461 3913 2561 3982 τὴν
2589 3913 2684 3980 τῆς
2718 3895 3093 3970 κακοπαθείας
3116 3900 3218 3959 καὶ
3245 3905 3475 3973 θλίψεως
3501 3902 3616 3954 ὁδὸν
3649 3903 3707 3952 ὲν

2141 4007 2220 4077 τῷ
2252 4006 2350 4075 βίῳ
2383 4003 2556 4072 τούτῳ
2607 4003 2701 4054 καὶ
2750 4001 2847 4070 τῆς
2899 3995 3407 4065 ταπεινοφροσύνης
3452 3992 3704 4062 διῆλθον·

2143 4099 2238 4153 καὶ
2289 4096 2458 4167 χωρὶς
2494 4093 2696 4147 τούτων
2731 4092 2907 4153 οὐδεὶς
2962 4092 3250 4142 σέσωσται.
3302 4086 3609 4155 Ἐξαίρετος
3653 4083 3710 4136 δὲ

2141 4187 2368 4253 τούτων,
2405 4185 2656 4253 καθάπερ
2684 4185 3012 4252 εἰρήκαμεν,
3040 4176 3322 4248 ὑφηγητὴς
3345 4177 3438 4228 καὶ
3461 4175 3714 4227 διδάσκα-

2145 4278 2236 4339 λος
2291 4275 2386 4328 καὶ
2444 4275 2682 4343 ἐργάτης
2741 4273 2868 4341 ἄχρι
2922 4271 3154 4324 θανάτου
3211 4265 3444 4336 Χριστὸς
3496 4266 3523 4317 ὁ
3582 4265 3715 4325 (Oak;

481 4373 616 4438 Quis
669 4381 849 4426 autem
896 4371 968 4426 sit
1014 4369 1219 4425 doloris
1260 4377 1313 4424 et
1341 4383 1608 4440 pressurae
1632 4367 1809 4422 carnis
1835 4367 2033 4422 fructus

2148 4370 2325 4441 ἡμῶν.
2362 4370 2426 4422 Τί
2451 4369 2508 4421 δὲ
2534 4368 2599 4419 τὸ
2620 4365 2810 4436 ὄφελος
2835 4364 2932 4434 τῆς
2962 4360 3336 4422 κακοπαθείας
3366 4359 3460 4413 καὶ
3485 4358 3714 4426 θλίψεως

484 4474 537 4518 et
565 4462 889 4517 humilitatis
923 4471 978 4516 et
1011 4461 1368 4531 paupertatis,
1391 4468 1444 4514 et
1471 4459 1792 4514 obedientire
1814 4474 1912 4526 pro
1936 4458 2044 4512 Deo

483 4573 652 4627 usque
681 4558 746 4612 ad
779 4564 1028 4620 mortem,
1063 4555 1179 4622 ipse
1211 4551 1411 4621 saepius
1444 4550 1603 4604 nobis
1636 4550 2044 4611 demonstravit,

481 4664 638 4702 suum
670 4645 1082 4715 incorruptibilc
1111 4659 1310 4713 corpus
1341 4642 1656 4704 ostendens,
1691 4640 1834 4710 quod
1861 4640 1911 4692 in
1938 4655 2045 4696 coe-

483 4738 594 4791 lum
632 4750 714 4792 cst
741 4739 1032 4798 elevatum,
1078 4736 1232 4804 cujus
1275 4749 1376 4803 ope
1412 4749 1470 4787 se
1520 4732 1693 4796 nobis,
1719 4731 2050 4785 manducana

421 4877 438 4910 ι
485 4831 611 4884 dum
659 4831 943 4897 praebens,
995 4843 1192 4897 corpus
1249 4827 1574 4881 humilitatis
1622 4833 1824 4879 nostra:
1873 4824 2050 4877 refor-

430 4927 442 4986 ξ
491 4930 601 4976 mat
632 4920 695 4983 ¹⁸,
733 4936 830 4975 nos
863 4919 1244 4988 corruptibiles
1295 4915 1737 4984 incorruptibiles
1786 4913 2045 4976 eliiciens,

432 5001 438 5010 ’
488 5024 542 5067 et
575 5011 860 5066 constituit
888 5009 1132 5064 luet-edes
1163 5009 1342 5078 glorize
1370 5023 1482 5063 sua:
1510 5016 1722 5061 aeternae
1743 5045 1756 5069 ,
1795 5025 1812 5057 ι
1851 5017 1898 5059 et
1929 5022 2055 5076 pro-

439 5151 442 5155 .
493 5104 708 5165 cedent,
745 5111 804 5155 ut
835 5100 948 5170 ipse
975 5099 1131 5163 dixit,
1165 5100 1257 5169 qui
1285 5099 1424 5153 bona
1455 5098 1705 5152 fecerunt
1734 5097 1786 5150 in
1818 5113 2057 5153 resurre-

490 5197 723 5250 ctionem
763 5195 908 5256 vitae,
958 5193 1049 5252 aui
1100 5207 1228 5245 vero
1275 5191 1414 5243 mala
1463 5198 1691 5258 egerunt
1721 5191 1772 5242 in
1812 5205 2060 5244 resurre-

493 5289 728 5342 ctionem
757 5286 947 5356 judicii
983 5287 1043 5350 ‘9,
1086 5302 1102 5334 ι
1155 5284 1309 5338 idest
1346 5280 1835 5336 condemnationis.
1873 5281 2061 5334 Omnis

491 5398 621 5452 ergo
668 5380 820 5434 dolor
857 5386 1046 5431 contra
1093 5373 1590 5444 praevaricationem
1621 5369 1750 5425 Adae
1783 5381 1838 5424 et
1873 5387 2063 5440 super-

493 5472 635 5525 biam
678 5479 900 5539 pugnat,
952 5476 1002 5521 et
1038 5476 1383 5536 peccatorum
1441 5472 1752 5517 nostrorum
1781 5463 1926 5529 justa
1971 5477 2061 5516 re-

498 5561 743 5616 tributio.
781 5561 991 5612 Dictum
1045 5568 1127 5610 est
1153 5556 1298 5610 enim
1329 5555 1455 5608 Atla:
1489 5573 1502 5606 :
1546 5571 1564 5604 ι
1604 5553 1885 5607 Maledicta
1920 5562 2062 5607 terra

581 5740 623 5770 ⁸⁷
655 5739 1012 5804 Psal.xum,
1048 5737 1098 5791 5.
1182 5733 1433 5802 IsPhilip.
1468 5743 1551 5798 ιιι,
1587 5729 1677 5782 21.

1777 5731 1816 5760 ¹⁹
1851 5728 2006 5783 Joan.
2045 5745 2092 5791 ι’,

2148 4460 2248 4528 τῆς
2303 4457 2502 4527 σαρκὸς
2553 4458 2646 4511 καὶ
2695 4456 2794 4524 τῆς
2851 4454 3234 4514 ταπεινώσεως
3289 4451 3381 4504 καὶ
3442 4449 3716 4518 πτωχείας

2152 4553 2248 4605 καὶ
2284 4552 2530 4620 ὑπακοῆς
2571 4550 2705 4618 πρὸς
2762 4552 2852 4602 τὸν
2907 4548 3038 4600 Θεὸν
3075 4547 3232 4615 μέχρι
3267 4542 3519 4606 θανάτου,
3554 4541 3713 4611 367

2155 4645 2313 4706 αὐτὸς
2371 4643 2537 4708 ἔδειξε
2573 4641 2767 4706 πάλιν,
2817 4639 3091 4708 ἄφθαρτον
3119 4634 3406 4700 ἀποδείξας
3440 4634 3500 4686 τὸ
3540 4632 3717 4684 πανά-

2111 4768 2113 4771 -
2157 4751 2274 4801 γιον
2297 4733 2462 4786 αὐτοῦ
2497 4733 2675 4802 σῶμα,
2705 4730 2805 4783 καὶ
2835 4732 2913 4792 εἰς
2942 4730 3066 4792 τοὺς
3097 4727 3360 4799 οὐρανοὺς
3391 4724 3534 4792 ἀνυψ
3549 4722 3714 4784 ώσας,

2158 4825 2215 4889 ἐξ
2241 4825 2412 4894 οὗπερ
2445 4823 2606 4878 αὐτὸν
2645 4820 3082 4892 ἀπεκδεχόμεθα,
3128 4820 3222 4871 καὶ
3250 4816 3408 4886 ἡμῶν
3442 4830 3716 4884 μετασχη-

2164 4917 2390 4988 ματίσαι
2416 4917 2479 4968 τὺ
2523 4915 2682 4983 σῶμα
2714 4915 2811 4979 τῆς
2852 4913 3256 4976 ταπεινώσεως,
3287 4909 3382 4962 καὶ
3411 4906 3518 4960 ἀπὸ
3548 4905 3719 4974 φθαρ-

2157 5010 2266 5062 τῶν
2305 5008 2576 5072 ἀναδεῖξαι
2622 5007 2770 5075 ἡμᾶς
2810 5004 3143 5072 ἀφθάρτους,
3188 4999 3283 5052 καὶ
3347 4995 3718 5066 κληρονόμους

2161 5096 2502 5164 καταστῆσαι
2532 5097 2629 5164 τῆς
2656 5093 2876 5145 αἰωνίου
2907 5091 3062 5160 δόξης
3090 5086 3274 5152 αὐτοῦ,
3295 5088 3384 5139 ὅτε
3418 5104 3436 5136 ι
3471 5087 3564 5138 καὶ
3582 5085 3631 5135 οἱ
3651 5084 3721 5135 τὰ

2170 5185 2351 5253 ἀγαθὰ
2389 5185 2740 5253 ποιήσαντες,
2788 5181 2862 5243 ὡς
2903 5181 3062 5240 αὐτός
3119 5194 3301 5245 φησιν,
3347 5175 3720 5241 ἐξελεύσονται

2167 5278 2248 5338 εἰς
2278 5276 2578 5328 ἀνάστασιν
2608 5271 2778 5339 ζωῆς,
2815 5270 2865 5320 οἱ
2897 5268 2952 5321 δὲ
2985 5268 3052 5320 τὰ
3084 5266 3263 5333 φαῦλα
3293 5264 3619 5332 πράξαντες,
3640 5265 3721 5325 εἱς

2159 5368 2453 5420 ἀνάστασιν
2488 5364 2745 5430 κρίσεως,
2775 5361 2890 5430 ἦτοι
2923 5359 3317 5428 κατακρίσεως.
3349 5375 3368 5407 ι
3407 5355 3565 5408 Πᾶσα
3622 5351 3720 5406 οὖν

2161 5457 2501 5512 κακοπάθεια
2547 5456 2660 5524 τῆς
2717 5455 3078 5523 παραϐάσεως
3146 5451 3240 5504 καὶ
3292 5448 3507 5517 τρυφῆς
3548 5447 3723 5515 Ἀδάμ

2160 5553 2306 5603 ἐστιν
2339 5551 2671 5614 ἐναντίωσις,
2697 5550 2787 5601 καὶ
2813 5549 2918 5603 τῶν
2955 5543 3365 5616 ἁμαρτημάτων
3415 5539 3574 5610 ἡμῶν
3601 5539 3724 5592 ἀντ-

2124 5727 2214 5781 29.
