4060 6282
407 408 514 472 945

1103 409 1491 471 RESPONSA
1531 411 1638 473 AD‘
1678 410 2127 471 GABRIELEM
2171 412 2878 478 PENTAPOLITANUM.

3545 415 3655 479 946

408 524 684 592 απόδομα·
729 502 861 584 nti);
937 519 1031 574 καὶ
1105 522 1183 589 τῷ
1230 520 1424 590 Ἀδὰμ,
1465 539 1484 572 ι
1543 521 1970 591 Ἐπικατάρατος

2083 521 2135 574 in
2169 525 2427 593 operibus
2455 529 2561 582 luis
2593 527 2658 591 '°,
2696 546 2724 578 ι
2761 536 2815 580 ct
2845 524 3046 596 reliqua
3076 525 3277 584 dolonis
3307 541 3644 601 argumenta.

408 617 443 685 ή
469 615 539 684 γῆ
573 616 631 667 ἂν
646 614 755 676 τοῖς
790 612 972 681 ἔργοις
1005 628 1118 676 σου,
1141 632 1159 664 ι
1201 612 1297 665 καὶ
1329 614 1397 666 τὰ
1433 612 1597 667 λοιπὰ
1625 613 1724 682 τῆς
1758 612 1971 680 ὀδύνης.

408 705 502 758 Διὸ
529 708 623 758 καὶ
661 705 711 758 οἱ
749 704 848 775 μὲν
878 706 1282 775 ἡμαρτηκότες,
1330 706 1398 759 δι’
1431 705 1621 775 ὀδύνης
1654 707 1751 760 καλ⁵
1796 706 1975 759 πόνων

407 795 475 851 τὰ
505 797 603 864 τῆς
633 795 828 867 ἡδονῆς
862 796 1068 862 λύουσι,
1100 790 1195 851 καὶ
1252 797 1354 867 τῆς
1392 798 1586 867 ὀδύνης
1631 798 1847 869 ἐκείνης
1876 800 1976 850 οὐκ

410 889 892 957 αἰσθανθήσονται,
927 888 1073 945 καθὰ
1107 887 1173 959 δὴ
1211 891 1300 943 καὶ
1357 890 1491 943 πολὺ
1544 890 1743 958 πλῆθος
1784 892 1975 960 εἰργά-

411 998 544 1034 σατο
587 980 696 1034 τῶν
737 981 921 1047 ὁσίων,
985 981 1084 1034 καὶ
1124 982 1174 1033 οἱ
1207 982 1264 1035 ὲν
1322 983 1388 1052 τῇ
1430 981 1659 1051 κλίμακι
1719 983 1976 1052 μακάριοι

406 1072 605 1126 ἐκεῖνοι
638 1072 953 1127 κατάδικοι’
984 1075 1037 1125 οί
1072 1072 1147 1144 μὴ
1186 1072 1683 1143 πλημμελήσαντες
1719 1072 1798 1136 δὲ,
1835 1073 1977 1141 ὅπερ

407 1163 595 1232 σχεδὸν
623 1163 824 1230 οὐδενὶ,
854 1164 951 1217 καὶ
996 1163 1085 1217 διὰ
1117 1164 1215 1235 τὴν
1247 1164 1340 1217 τοῦ
1391 1165 1662 1217 Δεσπότου
1692 1163 1859 1234 τιμὴν
1882 1180 1977 1232 τηο

405 1252 640 1308 λικαῦτα
671 1254 737 1308 δι’
766 1256 917 1323 ἡμᾶς
971 1255 1325 1320 πεπονθότος,
1381 1255 1476 1307 καὶ
1515 1255 1582 1307 δι’
1635 1255 1779 1322 ειπερ
1828 1253 1978 1322 ὀφείο

405 1342 581 1407 λουσι,
610 1344 703 1396 καὶ
733 1344 822 1398 διὰ
844 1344 904 1396 τὸ
956 1344 1031 1415 μὴ
1061 1348 1271 1406 πεσεῖν,
1314 1346 1560 1415 ἀνάγκην
1593 1346 1807 1415 ἔχουσιν
1826 1347 1977 1413 svsp-

407 1436 544 1502 γεῐνῖ
582 1436 642 1488 Εἰ
677 1436 785 1506 γὰρ
823 1438 850 1489 ὁ
890 1436 1099 1500 Παῦλος
1163 1436 1529 1506 ὲδουλαγώγει
1578 1439 1637 1491 τὸ
1669 1438 1853 1507 σῶμα,
1889 1438 1975 1491 ἵνα

408 1524 484 1595 μὴ
509 1524 762 1595 ἀδόκιμος
788 1527 1026 1597 γένηται,
1047 1529 1127 1590 τίς
1156 1529 1292 1592 ὅλως
1318 1529 1585 1600 θαρῤήσει
1611 1530 1687 1600 τῷ
1712 1530 1975 1602 σώματις

413 1635 433 1670 ι
486 1617 650 1671 Ἀλλὰ
702 1619 798 1671 καὶ
855 1618 1048 1690 βιαστή
1089 1622 1239 1674 ἐστιν
1283 1623 1601 1691 ήβασιλεία
1661 1625 1768 1677 τῶν
1806 1627 1977 1696 οὖρα·

405 1708 535 1773 νῶν,
578 1728 599 1763 ι
630 1712 664 1781 ἠ
727 1709 981 1778 ’Δλήθεια
1027 1711 1155 1780 ἔφη,
1189 1731 1208 1764 ι
1239 1715 1333 1767 καὶ
1386 1716 1605 1780 βιασταὶ
1632 1716 1974 1787 ἁρπάζουσιν

405 1801 597 1871 αὑτήν.
640 1821 661 1854 ι
702 1803 812 1856 Καὶ
840 1802 1015 1855 ταῦτα
1049 1804 1149 1873 μὲν
1172 1805 1303 1875 περὶ
1334 1807 1431 1877 τῆς
1462 1809 1519 1861 ὲν
1549 1808 1771 1880 Χριστῷ
1802 1827 1973 1864 κακο-

406 1892 660 1956 παθείας.
728 1894 793 1946 Ἦ
830 1893 1160 1959 ταπείνωσις
1216 1896 1272 1950 δὲ
1320 1897 1419 1967 τὴν
1470 1897 1567 1952 τοῦ
1621 1901 1971 1972 ὑπερηφάνου

403 1982 585 2052 οἴησιν
640 1983 820 2047 ἄθεον,
860 1986 959 2064 καλ
1008 1986 1070 2039 τὸ
1099 1988 1202 2057 τῆς
1266 1989 1503 2053 ίσοθεῖας
1554 1992 1798 2047 ἀντίθεον
1840 1994 1974 2065 φρό-

402 2091 552 2143 νημα
574 2075 666 2129 τοῦ
697 2079 1127 2146 πρωτοπλάστου
1151 2079 1426 2151 καθαίρει,
1445 2084 1538 2136 καὶ
1564 2082 1655 2137 τὸν
1685 2085 1973 2158 ἄνθρωπον

403 2167 617 2237 ἀνυψοϊ.
647 2169 737 2222 Διὸ
766 2172 857 2223 καὶ
887 2172 996 2232 πᾶς
1031 2173 1132 2241 μὲν
1160 2175 1586 2244 ταπεινούμενος
1615 2178 1821 2249 ἀληθής
1839 2197 1853 2210 ·
1889 2182 1970 2234 ὅτι

404 2261 498 2313 καὶ
558 2261 766 2330 κτίσμα
828 2262 925 2315 καὶ
954 2263 1106 2316 οὐδὲν
1134 2263 1229 2333 ἀφ’
1269 2265 1467 2319 ἑαυτοῦ
1521 2269 1806 2341 κέκτηται,
1864 2273 1971 2325 κᾶν

402 2355 546 2423 ἔχειν
572 2355 724 2425 δοκῇ.
763 2356 828 2411 Τί
860 2358 966 2428 γὰρ
1013 2358 1161 2428 ἔχεις
1189 2359 1217 2413 ὃ
1257 2363 1359 2416 οὐκ
1389 2363 1578 2428 ἔλαϐες
1608 2383 1626 2432 ;
1668 2368 1823 2434 φησί.
1855 2371 1970 2431 Πᾶς

400 2447 457 2501 δὲ
490 2449 726 2515 ἀλαζὼν,
758 2450 834 2513 ὡς
864 2454 890 2504 ὁ
927 2452 1192 2516 διάϐολος,
1222 2453 1486 2526 ψεύστης,
1536 2459 1673 2525 μήτε
1700 2460 1869 2513 θέλων
1890 2463 1972 2514 εί-

399 2538 566 2603 δέναι,
596 2540 734 2610 μήτε
768 2541 927 2605 εἰδὼς
951 2544 1045 2596 τὸν
1097 2543 1272 2598 αἴτιον
1317 2550 1412 2600 καλ⁵
1476 2548 1833 2619 δημιουργὸν,
1865 2554 1969 2606 κᾶν

402 2633 491 2682 καὶ
528 2632 727 2685 εἰδέναι
758 2634 922 2704 δοκῇ·
962 2636 1053 2686 καὶ
1088 2638 1197 2698 πᾶς
1228 2637 1327 2706 μὲν
1361 2642 1698 2695 κακοπαθῶν
1726 2640 1813 2697 διὰ
1840 2647 1970 2713 Χρι-

402 2723 546 2785 στὸν,
574 2724 836 2793 ἀθλητὴς,
885 2728 980 2779 καὶ
1010 2726 1109 2797 τὴν
1145 2731 1353 2798 τρυφὴν
1390 2729 1457 2782 δι’
1480 2731 1548 2801 ἣν
1599 2735 1971 2805 πεπτώκαμεν

403 2813 684 2868 καταλύων
714 2817 808 2869 καὶ
839 2818 1110 2888 ἀναιρῶν,
1172 2821 1376 2889 καὶμὴ
1427 2822 1660 2889 θερίζων
1712 2828 1821 2879 ἀπὸ
1868 2833 1969 2895 τῆς

402 2907 602 2974 σαρκὸς
639 2908 864 2976 φθοράν.
909 2909 968 2963 Ὀ
1007 2911 1063 2963 δὲ
1099 2913 1393 2965 σπαταλῶν
1417 2916 1701 2983 κομίζεται
1725 2918 1966 2989 ὄλεθρον,

400 2999 496 3050 καὶ
523 2998 635 3063 ζῶν
663 3001 1029 3072 ἀποθνήσκει,
1084 3005 1178 3056 καὶ
1220 3008 1449 3077 συνιστᾷ
1498 3008 1593 3078 τὴν
1631 3011 1965 3078 παράϐασιν,

402 3090 495 3143 καὶ
517 3092 717 3158 σαρκός
753 3094 866 3146 ἐστι
901 3094 1107 3160 δοῦλος,
1136 3098 1233 3149 καὶ
1249 3099 1426 3169 τρυγᾷ
1453 3100 1682 3154 θάνατον
1710 3104 1844 3172 ὁμοῦ
1874 3106 1968 3158 καὶ

2078 614 2286 670 Idcirco
2319 628 2431 672 tum
2467 619 2561 688 qui
2624 627 2988 688 peccaverunt
3032 634 3127 689 per
3153 620 3354 675 doloris
3376 636 3567 691 poenas
3595 631 3650 677 ct

2078 705 2294 761 labores
2318 709 2614 779 voluptatis
2642 725 2807 779 opera
2837 710 2996 764 luunt
3026 728 3038 763 :
3074 711 3194 779 ejus
3222 719 3403 767 tamen
3425 712 3649 769 aculeos

2078 798 2284 852 doloris
2312 814 2422 854 non
2452 803 2691 856 sentient
2727 802 3038 872 aliquando,
3076 815 3135 856 ut
3158 803 3209 856 in
3237 802 3485 879 pluribus
3516 820 3651 859 sane

2078 888 2182 943 etis
2209 890 2409 945 factum
2442 901 2521 947 est
2547 910 2562 959 ;
2596 902 2652 948 et
2682 894 2859 949 beatis
2902 895 3012 950 illis
3035 896 3124 957 qui
3155 895 3209 948 in
3234 894 3461 951 climace
3517 912 3653 955 con-2.

2077 981 2315 1036 demnati
2390 985 2679 1039 manebant
2705 1003 2729 1063 ;.
2779 997 2892 1041 tum
2945 989 3036 1055 qui
3103 1001 3210 1041 non
3265 988 3647 1056 deliquerunt,

2079 1084 2134 1126 at
2165 1073 2267 1128 hoc
2291 1072 2405 1127 fere
2439 1073 2569 1128 nulli
2626 1076 2877 1146 contigit,
2907 1084 2961 1130 et
2998 1087 3219 1147 propter
3256 1078 3516 1134 honorem
3543 1078 3648 1133 Do-

2082 1166 2210 1219 mini
2244 1166 2334 1235 qui
2369 1175 2515 1221 tanta
2552 1182 2652 1238 pro
2683 1168 2842 1223 nobis
2874 1169 3117 1238 pertulit,
3148 1179 3201 1222 et
3242 1180 3463 1240 propter
3486 1170 3644 1227 debi-

2080 1266 2191 1311 tum
2212 1257 2470 1322 cilicium,
2495 1267 2549 1312 et
2566 1268 2789 1328 propter
2816 1261 3276 1328 perseverantiam
3301 1261 3357 1315 in
3385 1276 3494 1317 non
3525 1274 3649 1329 pec-

2082 1347 2283 1413 cando;
2330 1363 2561 1406 necesse
2603 1350 2807 1405 habent
2846 1367 3104 1407 exercere
3150 1352 3417 1408 dolorem.
3454 1352 3649 1407 Nonne

2078 1440 2222 1493 cnim
2256 1439 2457 1495 Paulus
2487 1457 2688 1510 corpus
2710 1458 2867 1497 suum
2904 1444 2955 1497 in
2984 1443 3300 1499 servitutem
3348 1444 3646 1515 redigebat,

2084 1545 2151 1585 ne
2230 1534 2497 1600 reprobus
2550 1533 2974 1589 eﬂiceretur“?
3053 1535 3187 1602 Quis
3238 1552 3382 1606 ergo
3429 1536 3646 1606 corpori

2079 1620 2426 1692 indulgebit?
2487 1622 2583 1676 sed
2622 1634 2677 1678 et
2738 1622 2954 1681 Veritas
2986 1623 3126 1678 dixit
3159 1640 3172 1676 :
3245 1642 3262 1674 ι
3302 1623 3419 1676 Vim
3449 1623 3650 1691 patitur

2079 1729 2306 1783 regnum
2355 1714 2642 1780 etelorum,
2676 1724 2729 1769 et
2789 1714 3010 1771 violenti
3074 1714 3292 1785 rapiunt
3354 1713 3484 1767 illud
3516 1714 3579 1765 ".
3621 1730 3649 1761 ι.

2080 1804 2146 1859 Et
2189 1808 2307 1861 haec
2370 1806 2438 1861 de
2488 1806 2811 1875 perferendo
2869 1806 3052 1861 delore
3109 1812 3162 1859 in
3212 1804 3455 1858 Christo.
3522 1802 3642 1859 litt.-

2074 1897 2276 1951 militas
2330 1911 2456 1951 vero
2510 1906 2667 1951 sanat
2712 1906 2766 1950 et
2818 1908 3011 1966 purgat
3049 1897 3320 1966 superbiae
3383 1908 3641 1964 praesunt-

2073 1990 2311 2058 ptionem
2376 1988 2471 2042 Dei
2522 1989 2921 2053 immemorem,
2977 1990 3086 2042 imo
3139 1996 3328 2042 contra
3360 1987 3525 2039 Deum
3581 2000 3653 2039 se.

2073 2081 2441 2144 extollentem,
2475 2088 2533 2134 ttt
2571 2081 2625 2135 in
2678 2089 3087 2151 prototiarcnte,
3139 2079 3230 2150 qui
3268 2093 3327 2133 se
3375 2077 3647 2147 mqualem

2071 2175 2182 2229 Deo
2221 2174 2546 2239 testimabat,
2591 2182 2646 2229 et
2689 2174 2759 2228 ita
2795 2174 3072 2229 hominem
3101 2186 3226 2226 vere
3254 2170 3416 2225 extuli
3441 2178 3478 2225 t.
3517 2169 3643 2224 Ideo

2071 2265 2248 2321 omnis
2280 2266 2369 2335 qui
2420 2280 2478 2322 se
2513 2265 2762 2322 humiliat
2784 2306 2800 2331 ,
2845 2267 2898 2318 in
2933 2263 3164 2319 veritate
3198 2272 3319 2327 est;
3358 2277 3480 2315 nam
3514 2275 3652 2314 cum.

2073 2361 2142 2416 sit
2166 2368 2438 2422 creatura,
2464 2359 2599 2412 nihil
2630 2357 2735 2413 sibi
2765 2358 2883 2427 ipse
2912 2354 3141 2412 contulit
3170 2354 3237 2408 de
3264 2353 3349 2407 itis
3377 2368 3495 2422 qua:
3524 2367 3641 2406 cre-

2072 2452 2270 2505 diderit
2290 2452 2509 2504 habere.
2534 2468 2551 2500 ι
2577 2450 2719 2515 Quid
2744 2450 2884 2503 enim
2917 2451 3083 2502 habes
3115 2448 3257 2517 quod
3290 2460 3399 2499 non
3425 2446 3651 2514 accepi-.

2071 2547 2181 2598 sti?
2220 2564 2238 2595 ι
2277 2545 2353 2598 ait
2382 2542 2578 2597 Paulus
2604 2543 2669 2594 ".
2693 2541 2883 2595 Omnis
2911 2556 3041 2609 ergo
3067 2543 3156 2607 qui
3190 2554 3248 2592 se
3269 2540 3437 2606 jactat
3470 2549 3521 2590 et
3550 2550 3646 2590 ex-

2072 2638 2230 2700 tollit,
2265 2649 2320 2689 nt
2344 2636 2590 2690 diabolus
2623 2633 2852 2686 mendax
2887 2641 2971 2685 est
2998 2628 3305 2693 veterator;
3336 2644 3515 2697 neque
3546 2644 3645 2682 vo-

2071 2729 2188 2783 lens
2231 2742 2549 2796 agnoscere,
2584 2740 2760 2792 neque
2809 2724 2995 2778 sciens
3028 2737 3249 2777 causam
3301 2730 3356 2776 et
3390 2721 3641 2790 Opil‘tecm

2071 2823 2177 2876 etsi
2226 2821 2409 2874 credat
2462 2832 2775 2888 agnoscere.
2826 2816 3019 2869 Omnis
3046 2815 3139 2883 qui
3189 2813 3393 2883 patitur
3423 2823 3647 2883 propter

2068 2915 2366 2976 Christum,
2399 2913 2625 2974 athleta,
2655 2909 2970 2979 superbiam
3004 2924 3098 2977 per
3123 2924 3282 2977 quam
3321 2906 3646 2977 deliquimus

2068 3007 2287 3061 Solvens
2316 3014 2370 3059 et
2402 3004 2853 3068 desunens,.non
2885 3001 2953 3056 de
2975 3014 3138 3055 carne
3161 3001 3316 3055 metit
3339 3000 3646 3068 corruptio-

2068 3097 2361 3163 nem,dum
2394 3096 2481 3149 ille
2520 3095 2612 3165 qui
2641 3094 2899 3148 deliciose
2929 3092 3084 3159 vivit,
3105 3094 3320 3147 ruinam
3353 3094 3643 3154 accelerat,

402 3181 626 3252 φθοράν.
691 3185 755 3237 Εἰ
801 3181 896 3239 οὖν
932 3188 1028 3239 καὶ⁵
1065 3189 1093 3241 ό
1147 3189 1354 3258 Κύριος
1398 3195 1733 3250 κακοπαθῶν
1787 3194 1854 3269 ἦν
1896 3199 1970 3271 μὴ

2074 3201 2128 3244 et
2154 3190 2343 3244 vivens
2377 3197 2622 3242 mortuus
2654 3196 2773 3251 est,
2823 3196 2879 3240 et
2907 3185 3122 3255 culpam
3203 3193 3388 3254 auget,
3438 3194 3494 3239 et
3531 3199 3650 3239 ser-

399 3272 650 3339 ὀφείλων,
688 3276 782 3327 καὶ
810 3276 1020 3341 Παῦλος
1051 3278 1372 3345 ύποπιάζων
1421 3283 1485 3334 τὸ
1511 3283 1671 3353 σῶμα
1713 3288 1808 3341 καὶ
1848 3289 1967 3341 δου-

397 3363 666 3433 λαγωγῶν
717 3368 821 3433 καὶΔ
869 3367 980 3422 τῶν
1025 3370 1340 3425 ἀποστόλων
1405 3373 1461 3427 δὲ
1505 3377 1600 3429 καὶ
1647 3377 1842 3447 ίερέων
1874 3382 1968 3434 καὶ

400 3458 618 3510 πάντων
649 3457 920 3513 ἐκλεκτῶν
941 3461 991 3513 oi
1032 3462 1204 3531 χοροὶ,
1236 3464 1262 3514 ὀ
1292 3464 1486 3535 Σωτὴρ
1519 3465 1575 3519 δὲ
1606 3469 1699 3521 καὶ
1728 3460 1969 3539 σώματι-

401 3550 512 3613 κῶς
542 3550 823 3620 ὑπήνεγκε
856 3552 1086 3629 θάνατον
1140 3555 1236 3608 καὶ
1271 3534 1474 3626 μυρίας
1505 3558 1672 3622 ἄλλας
1723 3534 1969 3613 κακοπα-
1991 3534 2005 3547 ’

400 3643 551 3707 θείας
604 3643 697 3697 καὶ
733 3643 962 3713 θλίψεις,
993 3647 1086 3698 καὶ
1127 3646 1179 3698 οἱ
1219 3648 1473 3717 ἀπαρχῆς
1521 3648 1610 3702 τοῦ
1650 3651 1814 3721 νόμου
1873 3654 1967 3705 καὶ

399 3735 494 3804 τῆς
534 3736 757 3806 χάριτος
787 3737 1081 3807 ὑπηρέται,
1118 3739 1216 3792 καὶ
1270 3741 1568 3810 μαρτύρων
1624 3744 1803 3816 πλήθη
1835 3746 1965 3818 ἄχρι

400 3827 651 3895 βασάνων
681 3832 773 3884 καὶ
805 3828 1041 3883 θανάτου
1093 3833 1534 3903 ἀνδρισαμένων,
1595 3838 1879 3905 μοναστῶν
1908 3859 1965 3893 τε

397 3923 489 3974 καὶ
529 3923 784 3991 ἀσκητῶν
823 3928 917 3976 καὶ
951 3924 1237 3994 παρθένων
1263 3927 1403 3996 ὑπὲρ
1427 3928 1661 3998 ἀριθμὸν
1691 3930 1962 4000 σύλλογοι,

394 4011 479 4072 τίς
510 4012 639 4079 περὶ
662 4011 856 4064 τούτου
908 4013 1262 4082 διαπορήσειε
1294 4017 1495 4084 π).ἐον;
1530 4021 1636 4073 Καὶ
1664 4022 1727 4073 σὺ
1762 4026 1961 4087 τοίνυν,

393 4099 589 4168 ἁδελφὲ
617 4102 992 4161 ποθεινότατε,
1023 4103 1285 4171 καθαρῶς
1318 4106 1476 4168 εἰδὼς
1521 4110 1589 4159 τὰ
1613 4110 1838 4163 τοιαῦτα
1872 4115 1968 4167 καὶ

392 4188 513 4242 κατ’
541 4189 781 4253 ἐκείνους
825 4191 1029 4244 ὁδεύων
1087 4194 1213 4257 τοὺς
1247 4194 1342 4248 τοῦ
1374 4196 1638 4265 Χριστοῦ,
1674 4201 1767 4251 καὶ
1801 4203 1966 4257 αὐτὸν

389 4279 445 4332 δὲ
473 4279 566 4334 τὸν
592 4281 872 4350 Δεσπότην
916 4281 1075 4352 ήμῶν
1100 4282 1298 4354 ζηλῶν,
1329 4285 1423 4339 καὶ
1447 4280 1523 4348 ὡς
1552 4286 1672 4341 ὲνδν
1697 4290 1969 4362 ἑκμιμούυ

2073 3294 2171 3333 vus
2201 3278 2381 3333 carnis
2405 3278 2754 3338 constitutus.
2786 3276 2855 3330 de
2875 3289 3040 3330 carne
3080 3273 3234 3329 metit
3260 3275 3423 3328 simul
3452 3288 3647 3327 corru-

2070 3375 2309 3443 ptionem
2338 3381 2394 3426 et
2424 3379 2678 3427 mortem.
2706 3369 2846 3424 Cum
2881 3368 3048 3439 igitur
3079 3377 3133 3423 et
3161 3369 3423 3422 Dominus
3454 3382 3648 3437 passus

2070 3468 2159 3530 sit,
2189 3466 2280 3536 qui
2318 3474 2509 3518 tamen
2534 3477 2636 3518 nec
2669 3463 2983 3517 merebatur
3013 3477 3115 3517 nec
3143 3477 3283 3531 opus
3311 3461 3565 3526 habebat;
3598 3463 3647 3517 si

2069 3558 2271 3612 Paulus
2298 3564 2590 3612 conterens
2617 3571 2819 3625 corpus
2861 3555 2992 3609 illud
3038 3554 3090 3608 in
3129 3555 3445 3609 servitutem
3484 3554 3645 3610 rede-

2070 3648 2183 3717 git;
2235 3647 2279 3701 si
2340 3647 2709 3715 apostolorum
2752 3683 2767 3706 ,
2817 3654 2871 3697 et
2919 3645 3283 3708 sacerdotum,
3316 3651 3379 3699 et.
3400 3646 3643 3723 omnium

2071 3738 2367 3792 electorum
2413 3736 2587 3798 chori,
2620 3733 2855 3801 Domino
2886 3733 2975 3797 qui
3014 3745 3245 3785 mortem
3291 3733 3645 3799 corporaliter

2068 3829 2310 3882 subierat
2338 3826 2575 3887 et,mille
2617 3825 2758 3878 alias
2812 3822 3141 3876 toleraverat
3169 3838 3463 3888 teruntnas,
3497 3825 3642 3879 vices

2068 3919 2286 3974 easdem
2332 3915 2702 3980 reddiderint;
2749 3914 2794 3966 si
2845 3913 2981 3982 legis
3010 3914 3151 3967 servi
3184 3927 3213 3964 a
3251 3915 3524 3981 principio
3587 3922 3642 3968 et

2068 4010 2255 4081 gratia:
2283 4007 2398 4074 filii,
2427 4016 2481 4062 et
2511 4015 2809 4077 martyrum
2842 4003 3060 4073 agmina
3098 4004 3325 4059 viriliter
3358 4006 3642 4061 sustinue-

2068 4111 2196 4155 runt
2231 4101 2296 4155 ad
2349 4109 2618 4156 tormenta
2670 4109 2723 4153 et
2768 4109 2941 4166 usque
2980 4096 3053 4151 ad
3076 4104 3340 4161 mortem;
3374 4096 3417 4151 si
3450 4111 3644 4150 mona-

2069 4190 2293 4243 chorum
2327 4196 2383 4242 et
2408 4190 2763 4242 eremitarum
2799 4198 2854 4240 et
2887 4186 3157 4256 virginum
3180 4186 3553 4241 multitudines
3584 4191 3638 4240 in

2067 4279 2211 4335 idem
2241 4277 2491 4333 abierunt
2517 4278 2883 4347 propositum,
2910 4279 3033 4347 quis
3085 4292 3248 4347 super
3277 4277 3363 4333 his
3391 4276 3642 4333 dubitare
3714 4310 3719 4317 -

392 4390 577 4441 μενος,
617 4373 776 4441 εθχου
829 4377 926 4428 καὶ
959 4378 1107 4447 ἡμᾶς
1164 4382 1590 4458 καταφρονητάς
1623 4383 1854 4456 ὀφθῆναι
1904 4388 1965 4441 ἐν

2072 4372 2173 4442 iam
2204 4371 2414 4443 queat?
2446 4370 2528 4425 Tu
2563 4373 2715 4441 ergo,
2744 4371 2910 4423 frater
2950 4369 3436 4435 dcsideratissime,
3472 4372 3642 4439 probe

389 4465 536 4536 αύτῷ
564 4466 642 4536 τῷ
677 4467 869 4538 Κυρίῳ
894 4467 991 4539 τῆς
1016 4471 1388 4541 φθειρομένης
1438 4474 1665 4545 σαρκὸς,
1702 4477 1797 4531 καὶ
1828 4480 1959 4548 ιἐρα⁴

2066 4466 2263 4520 doctus
2297 4465 2413 4519 haec
2454 4462 2636 4517 omnia
2671 4499 2688 4525 ,
2738 4461 2962 4517 incedas
3014 4473 3068 4517 et
3117 4463 3232 4531 ipse
3262 4469 3384 4532 post
3419 4462 3642 4533 vestigia

388 4529 519 4620 στὰς
539 4529 796 4625 γενέσθαι
824 4529 1270 4631 τῶνρύρανίων,
1433 4529 1959 4640 ἂνικαταξιωθῶμεν

2072 4558 2290 4625 Christi,
2325 4566 2382 4611 et
2412 4556 2561 4610 illum
2593 4555 2743 4609 omni
2787 4554 3059 4610 desiderio
3088 4529 3456 4625 prosequaris,
3485 4529 3643 4623 etip-

386 4649 526 4703 ἐλέει
555 4648 750 4703 τούτου
784 4651 1154 4717 ἀναλύσαντες
1184 4655 1249 4708 ὲκ
1282 4655 1376 4709 τοῦ
1414 4655 1689 4726 σώματος,
1730 4661 1827 4714 σὺν
1857 4662 1958 4715 αὐ-

384 4739 462 4811 τῷ
504 4735 646 4795 εἶναι
705 4742 1022 4811 διαπαντὸς,
1056 4744 1133 4815 τῷ
1192 4746 1339 4819 μόνῳ
1367 4749 1581 4820 ἐραστῷ
1605 4750 1829 4824 Χριστῷ
1882 4751 1960 4826 τῷ

384 4834 502 4905 Θεῷ
530 4836 563 4903 ἡ
571 4833 709 4904 μῶν.

2065 4668 2185 4710 sum
2220 4650 2396 4706 solum
2444 4646 2702 4703 memoria
2732 4645 3007 4714 cordeque
3062 4644 3306 4705 habeas;
3355 4656 3643 4713 precamur

2066 4753 2249 4804 autem
2283 4753 2341 4799 et
2380 4756 2480 4796 nos
2520 4748 2582 4793 ut
2630 4738 2905 4807 possimus
2938 4751 3155 4807 semper
3189 4737 3365 4792 videri
3392 4745 3640 4791 contem-

2067 4848 2264 4898 nentes
2294 4838 2348 4891 in
2380 4833 2602 4889 Christo
2635 4831 2866 4885 Domino
2889 4846 3111 4886 carnem
3148 4833 3285 4885 hanc
3312 4829 3639 4900 corruptibi-

386 4928 513 4994 lem,
542 4936 597 4982 et
626 4929 930 4985 caelestium
956 4933 1211 4989 ardentes
1237 4914 1510 4990 amatores
1538 4935 1678 5003 ﬁeri,
1718 4947 1779 4995 ut
1806 4939 1951 5013 digni
1982 4940 2284 4995 habeantur
2325 4944 2391 4984 ex
2438 4926 2542 4981 hac
2565 4925 2748 4980 carnis
2818 4925 3034 4978 san-ina
3103 4925 3225 4994 ejus
3272 4924 3643 4979 misericordia

316 5080 319 5081 γ
383 5020 570 5089 eximi,
610 5031 670 5077 ut
692 5037 814 5078 cum
849 5025 968 5094 ipso
1000 5027 1055 5080 in
1085 5036 1350 5083 aeternum
1385 5028 1577 5097 simus,
1611 5033 1770 5089 unice
1810 5033 2030 5089 amabili
2070 5037 2124 5087 et
2158 5023 2394 5082 amando
2421 5020 2550 5075 Jcsu
2576 5017 2796 5073 Chrile
2829 5016 2939 5071 Ι)θο
2971 5026 3178 5073 ηοειτο·

914 5142 1249 5199 ΕΡΩΘΗΣΙΣ
1271 5147 1402 5201 HA'.

2546 5132 2872 5200 QUIESTIO
2902 5132 3139 5189 LXXXI.

383 5253 453 5308 El
482 5255 985 5336 cau6ﬁ1v0ﬁyat
1039 5259 1110 5312 ἐν
1140 5258 1486 5336 τῇῄεῑσόόῳ
1541 5261 1618 5316 τὰ
1678 5264 1866 5336 Ἅγια,
1913 5266 1953 5336 ἣ

2072 5257 2115 5315 Si
2146 5255 2351 5336 accidat
2404 5260 2460 5336 ιιι
2514 5251 2653 5336 inter
2690 5252 3011 5336 egerendum
3065 5249 3408 5336 emcndantur
3455 5262 3634 5336 εδει-α,

525 5324 836 5394 βρωθῆναι
863 5328 985 5415 ὑπό
1011 5324 1366 5397 τινοςτώου,
1409 5324 1467 5384 τί
1488 5324 1811 5402 ποιητέοᾶ·;

456 5478 755 5548 Συμϐαίνει
785 5482 853 5534 τὰ
875 5482 1101 5537 τοιαῦτα
1134 5485 1231 5538 καὶ
1258 5486 1506 5556 ἐκχεῖται
1551 5491 1621 5544 τὰ
1650 5489 1841 5559 "Arta,
1863 5493 1957 5548 καὶ

2126 5330 2206 5382 vel
2240 5326 2303 5379 ab
2346 5321 2566 5377 animali
2602 5315 2831 5389 quodam
2869 5315 3252 5375 consumantur
3283 5332 3300 5370 :
3333 5315 3516 5385 ecquid
3549 5316 3635 5384 [a-

2127 5400 2371 5452 ciendum
2392 5396 2417 5447 ?

2125 5491 2337 5546 Accidit
2362 5489 2653 5560 aliquando
2676 5496 2733 5542 ut
2755 5494 2941 5541 sancta
2976 5481 3229 5554 mysteria
3256 5480 3632 5544 effundantur,

388 5571 622 5638 μάλιστα
671 5560 907 5644 ὶπηρείᾳι
966 5574 1060 5628 τοῦ
1117 5578 1394 5648 πονηροῦο
1447 5580 1708 5646 πολλάκις
1758 5583 1815 5636 δὲ
1856 5583 1952 5639 καὶ

2072 5584 2294 5638 maxime
2310 5582 2573 5637 daemonis
2593 5578 2794 5634 malitia
2822 5590 2998 5646 :szei'e
3027 5584 3206 5629 tamen
3252 5581 3306 5628 et
3345 5571 3543 5626 accidit
3566 5584 3635 5626 ex

385 5659 694 5731 ἅσθενείᾳῆ
750 5662 977 5735 ἀμελείᾳ
1008 5668 1103 5720 καὶ
1137 5666 1439 5737 ἁπροσεξίᾳ
1470 5669 1581 5726 τῶν
1632 5671 1848 5744 ἱερέων.
1892 5673 1953 5727 '0

2072 5673 2378 5729 inﬁrmitate
2407 5676 2489 5728 vel
2535 5671 2770 5740 incuria,
2802 5669 2885 5727 vel
2909 5666 3240 5740 negligentia
3263 5663 3631 5722 sacerdotum.

470 5835 516 5867 ²⁰
545 5833 683 5891 Gen.
716 5852 796 5903 ιιι,
838 5837 919 5893 l7.
1030 5842 1069 5872 ²¹
1107 5841 1127 5894 Ι
1163 5840 1286 5898 Cor.
1322 5858 1393 5908 is,
1436 5843 1525 5897 27.
1637 5846 1683 5879 ¹¹
1714 5845 1908 5906 Matth.
1944 5864 1970 5904 ι

2072 5850 2137 5904 2.
2180 5919 2195 5926 -
2220 5852 2263 5883 ²³
2295 5850 2314 5905 l
2346 5850 2470 5907 Cor.
2505 5864 2575 5918 tv,
2606 5848 2660 5903 7.
