4060 6282
439 404 545 468 947

1260 398 1639 464 SYMEONIS
1665 394 2411 461 THESSALONICENSIS
2442 396 2791 462 ARCHIEP.

3573 402 3682 464 948

445 516 711 573 Sacerdos
737 514 825 571 cui
863 514 1120 572 acciderit
1146 525 1334 570 sancta
1375 513 1649 578 eﬁ‘udisse,
1691 509 2013 566 conﬁteatur

2119 516 2291 567 τοίνυν
2331 516 2509 583 ἱερεὺς
2557 516 2615 565 ἐν
2640 508 2686 580 ᾧ
2721 512 2881 567 τοῦτο
2923 511 3117 585 συνέϐη
3174 512 3235 565 τὸ
3285 513 3583 584 ἐκχυθῆναι
3614 519 3684 570 τὰ

445 611 547 664 hoc
563 609 859 678 praesertim
879 608 1143 677 pontiﬁci,
1167 624 1197 663 a
1214 623 1322 677 quo
1342 607 1652 678 praescripta
1674 604 2009 660 observanda

443 702 671 770 accipiet
709 719 723 755 :
762 702 999 756 maxime
1037 703 1084 756 si
1112 700 1166 756 id
1208 715 1275 755 ex
1326 701 1655 771 negligentia
1685 697 1769 752 vel
1802 695 2010 750 incuria

443 792 724 856 acciderit,
753 802 806 845 et
856 807 886 845 a
920 801 1109 846 sancto
1138 792 1440 847 ministerio
1472 799 1726 845 arceatur
1771 791 1837 845 ad
1871 799 2011 843 tem-

442 897 566 951 pus.
594 880 749 947 Quod
769 882 813 936 si
846 882 900 936 in
929 882 1030 936 hoc
1055 883 1171 935 loco
1200 895 1421 936 necesse
1448 881 1518 934 sit
1548 881 1634 934 vel
1663 881 1792 934 utile
1814 892 2012 933 munus

443 974 562 1043 ejus
592 974 660 1027 in.
679 973 1069 1027 abstinentiam
1101 1012 1117 1037 ,
1144 973 1391 1027 oratione
1439 980 1494 1026 et
1544 971 2011 1042 genuﬁexionibus

445 1064 535 1141 illi
557 1064 874 1135 injungatur
896 1065 1038 1116 ratio
1063 1064 1386 1132 paenitendi,
1424 1078 1492 1117 ne
1526 1078 1763 1132 unquam
1786 1061 2012 1117 omnino

447 1156 684 1209 salutare
730 1154 1131 1209 intermittatur
1163 1170 1302 1223 opus
1336 1153 1612 1209 sacriﬁcii.
1660 1152 1739 1215 Si,
1789 1153 1917 1206 dum
1953 1152 2011 1205 in

444 1246 704 1325 templum
764 1246 1071 1315 ingreditur
1117 1246 1183 1299 ad
1227 1245 1551 1299 sacriﬁcium
1584 1242 2010 1317 adimplendum,

444 1336 757 1392 eﬁundatur
807 1338 952 1405 quod
1007 1338 1063 1391 in
1112 1335 1280 1391 calice
1312 1337 1651 1411 continetur,
1687 1342 1743 1389 et
1791 1335 2011 1403 quidem

444 1439 641 1494 totum,
673 1430 866 1486 statim
902 1439 960 1484 ut
982 1430 1086 1485 hoe
1118 1430 1171 1484 in
1206 1429 1415 1486 sanctis
1463 1429 1734 1499 mysteriis
1791 1427 2007 1493 aceldit,

441 1522 641 1576 iterum
702 1521 770 1575 de
815 1536 958 1575 novo
1015 1520 1106 1575 ﬁat
1151 1520 1378 1587 oblatio,
1447 1532 1503 1575 et
1557 1534 1748 1588 preces
1803 1532 2012 1588 praepa-

444 1612 671 1666 rationis
720 1612 1011 1667 dicantur:
1052 1621 1106 1667 et
1167 1612 1247 1668 sic
1302 1612 1493 1667 ordine
1543 1619 1667 1680 post
1714 1610 2012 1665 solemnem

434 1705 751 1774 ingressum
797 1717 1023 1758 munera
1055 1702 1306 1773 sacriﬁcii
1340 1701 1718 1772 perﬁciantur.
1749 1699 2015 1755 Similiter

443 1795 493 1849 si
514 1795 775 1849 acciderit
794 1804 852 1848 ut
879 1809 1076 1864 panem
1130 1795 1373 1848 oblatum
1407 1803 1462 1847 et
1495 1800 1871 1847 consecratmn
1897 1805 2014 1844 mu-

444 1903 534 1942 res
569 1888 649 1941 vel
672 1887 775 1940 alia
796 1901 863 1941 ex
910 1886 1237 1940 animalibus
1291 1884 1579 1944 eroserint.
1638 1882 1766 1952 quin
1821 1880 2015 1935 viderit

443 1980 723 2043 sacerdos,
780 1994 883 2034 nec
913 1979 1207 2033 resciverit
1238 1985 1366 2031 ante
1400 1977 1729 2047 ingressum,
1780 1973 2008 2029 alterum

442 2084 639 2140 panem
692 2069 1016 2138 providebit,
1064 2086 1226 2137 quem
1272 2068 1374 2122 rite
1408 2067 1679 2131 dividens,
1704 2076 1761 2121 et
1788 2065 2013 2119 benedi-

427 2176 576 2215 .cens
604 2160 938 2230 propheticis
964 2160 1164 2228 verbis,
1178 2175 1240 2215 ea
1270 2160 1456 2214 dicens
1471 2168 1525 2213 ct
1544 2157 1749 2212 faciens
1775 2171 1896 2226 qua:
1922 2171 2013 2210 se-

447 2253 687 2308 cundum
718 2268 947 2315 tutorem,
968 2252 1172 2306 addens
1190 2265 1382 2321 preces
1405 2250 1718 2312 oblationis,
1738 2259 1794 2302 et
1814 2248 2011 2302 deinde

443 2355 570 2413 post
588 2346 884 2398 solemnem
908 2344 1212 2408 ingressum
1235 2342 1373 2396 ritus
1402 2339 1651 2396 sacriﬁcii
1670 2339 2009 2410 adimplebit.

445 2434 643 2488 Sancta
701 2445 880 2489 autem
941 2434 1198 2504 mysteria
1233 2434 1494 2487 debenta
1552 2435 1833 2487 sacerdote
1858 2430 2013 2486 colli-

443 2525 496 2595 gi
530 2524 583 2578 in
615 2531 803 2578 sancto
856 2524 1039 2592 aliquo
1068 2538 1193 2578 vase
1230 2524 1369 2578 etin
1420 2525 1542 2578 lico
1571 2522 1920 2578 convenienti
1958 2532 2015 2575 et

444 2631 639 2671 securo
674 2615 950 2683 collocari,
980 2630 1049 2671 ne
1077 2616 1307 2686 pedibus
1349 2617 1764 2677 conculeentur,
1797 2613 1879 2666 vel
1910 2612 2009 2665 ali-

443 2711 588 2778 quod
615 2710 970 2780 incongruum
993 2712 1363 2779 experiantur.
1378 2708 1885 2779 Opportunissimus
1906 2706 2010 2759 erit

441 2800 597 2856 locus
661 2802 749 2856 ille
805 2805 860 2855 in
899 2817 1008 2872 quo
1059 2812 1181 2871 post
1247 2801 1527 2856 collectam
1584 2798 1840 2855 sacerdos
1892 2811 2006 2850 ma-

443 2905 548 2944 nus
581 2891 736 2951 lavat,
769 2906 926 2959 quem
960 2899 1176 2959 oportet
1209 2890 1407 2944 habere
1446 2890 1602 2943 facile
1633 2887 1995 2942 claudendum

449 2993 506 3036 et
534 2981 951 3037 convenientem
985 3001 999 3036 ι
1037 2994 1091 3036 et
1122 2981 1282 3035 simul
1320 2982 1616 3047 curandum
1655 2988 1737 3034 cst
1763 2993 1830 3032 ne
1878 2977 2007 3047 quid

446 3073 645 3128 horum
673 3075 827 3127 cadat
856 3072 1095 3127 exterius
1132 3088 1164 3127 e
1204 3072 1324 3127 loco
1357 3073 1476 3136 hoe,
1510 3085 1686 3139 neque
1739 3083 1803 3123 ex
1863 3082 2004 3135 aqua

2113 605 2300 671 Ἀγια,
2352 604 2778 673 ἐξομολογείσθω
2811 605 3242 674 προηγουμένως
3291 606 3368 674 τῷ
3403 608 3680 677 ἀρχιερεῖ.

2110 698 2221 750 Καὶ
2247 697 2449 758 ἱκανῶς
2498 696 2888 760 κανονιζέσθω·
2929 695 3026 748 καὶ
3082 696 3281 764 μᾶλλον
3316 694 3381 749 εἱ
3426 698 3680 769 ῥᾳθυμία

2108 785 2302 838 τούτου
2334 785 2367 857 ἢ
2398 784 2699 856 ἀπροσεξίᾳ
2733 784 2935 855 συνέϐη
2960 800 2977 815 °
3028 785 3123 838 καὶ
3154 784 3253 855 τῆς
3291 786 3440 849 Θείας
3471 788 3686 857 ὑπηρε-

2114 877 2235 938 σίας
2275 875 2546 946 είργέσθω
2579 878 2670 928 ἐπὶ
2702 877 2915 945 καιρόν.
2949 876 3012 929 Εἰ
3047 874 3095 928 δ’
3122 878 3340 947 ἀνάγκη
3367 879 3465 931 καὶ
3518 881 3684 949 χρεία

2116 968 2310 1038 ἱερέως
2338 971 2397 1022 ὲν
2433 969 2511 1037 τῷ
2548 969 2720 1039 τόπῳ,
2756 969 2824 1022 δι’
2868 970 3195 1040 ἐγκρατείας
3226 972 3321 1023 καὶ
3372 974 3684 1040 προσευχῆς

2115 1058 2148 1129 ἢ
2186 1058 2549 1125 γονυκλισιῶν
2592 1059 2734 1123 ἔστω
2759 1061 2826 1114 τὰ
2857 1063 2954 1114 τοῦ
2995 1060 3221 1124 κανόνος
3276 1062 3447 1132 αὐτῷ,
3487 1064 3571 1118 ἶνα
3605 1064 3682 1132 μὴ

2112 1153 2173 1205 τὸ
2232 1154 2499 1221 σωτήριον
2545 1151 2713 1224 368
2757 1153 2893 1217 ὅλως
2954 1155 3308 1224 ἐμποδισθεὶη
3368 1155 3549 1226 ἔργον.
3592 1155 3683 1207 Ἐν

2113 1244 2191 1314 τῷ
2214 1244 2392 1314 καιρῷ
2411 1243 2468 1296 δὲ
2498 1245 2719 1313 ἐκείνῳ,
2734 1246 2857 1300 καθ’
2872 1245 2932 1298 ὃν
2958 1245 3157 1312 συνέϐη
3176 1246 3487 1313 τδογεγονδς
3507 1247 3585 1307 εἰς
3611 1243 3680 1296 τε

2117 1340 2297 1405 Ἅγια,
2328 1338 2376 1390 εἱ
2419 1339 2516 1408 μέν
2539 1341 2596 1391 ὲν
2615 1337 2694 1406 τῷ
2712 1340 2822 1408 ναῷ
2845 1339 2946 1407 τῆς
2972 1339 3179 1391 εἰσόδου
3203 1338 3536 1407 τελουμένης
3566 1336 3685 1400 ἔξεο

2113 1427 2252 1500 χύθη
2299 1430 2360 1482 τδ
2394 1432 2450 1483 ἐν
2502 1428 2579 1498 τῷ
2625 1430 2873 1500 ποτηρίῳ
2916 1432 3013 1484 zeal.
3068 1430 3236 1493 ἅπαν,
3267 1430 3461 1483 ἕνωσιν
3517 1428 3683 1482 πάλιν

2115 1521 2357 1586 ποιείτω,
2376 1521 2468 1574 καὶ
2481 1520 2581 1591 τὴν
2605 1522 2770 1590 εὐχὴν
2787 1522 3085 1589 ὲπιλεγέτω
3104 1521 3201 1591 τῆς
3224 1520 3557 1591 προθέσεως·
3584 1521 3682 1574 καὶ

2115 1613 2258 1666 οὕτω
2275 1612 2515 1682 καθεξῆς
2536 1613 2644 1667 ἀπὸ
2667 1613 2769 1683 τῆς
2796 1614 3037 1684 μεγάλης
3060 1613 3266 1667 εἰσόδου
3286 1614 3356 1666 τὰ
3379 1615 3486 1668 τῶν
3505 1613 3684 1684 εὐχῶν

2114 1705 2423 1758 ἑκτελείτω.
2467 1704 2701 1773 Ὁμοίως
2726 1705 2782 1758 δὲ
2810 1707 2905 1759 καὶ
2933 1707 2982 1759 εί
3015 1706 3216 1777 συνέϐη
3256 1706 3350 1758 τὸν
3378 1721 3678 1775 προσενεχ-

2117 1795 2278 1849 θέντα
2304 1796 2446 1849 θετον
2470 1796 2633 1866 ἄρτον
2672 1797 2777 1849 ὑπὸ
2814 1796 2992 1867 μυῶν,
3023 1797 3056 1867 ἢ
3117 1797 3306 1867 ἑτέρου
3358 1796 3501 1863 ξὼου
3539 1795 3686 1867 βρω·

2119 1885 2297 1955 θῆναι,
2333 1888 2427 1941 καὶ
2463 1886 2538 1958 μὴ
2596 1888 2749 1941 τδοιό
2785 1889 2985 1957 ἱερεὺς,
3029 1887 3169 1958 μετὰ
3220 1889 3282 1942 δι
3328 1890 3429 1957 τὴν
3473 1889 3684 1942 εἴσοδον

2119 1979 2252 2050 γνῷ,
2284 1981 2646 2051 προσκομίσει
2673 1980 2857 2050 ἕτερον
2881 1981 3047 2051 ἄρτον
3072 1980 3363 2051 ἆνατεμὼν
3407 1981 3678 2052 συνήθως,

2119 2073 2215 2125 καὶ
2245 2073 2514 2139 ἐπιλέγων
2544 2073 2611 2127 τὰ
2638 2073 2956 2143 προφητικὰ
2990 2074 3229 2145 ῥήματα,
3256 2074 3351 2127 καὶ
3373 2075 3472 2127 ὅσα
3495 2073 3681 2133 λέγειν

2121 2165 2216 2217 καὶ
2238 2164 2413 2217 ποιεῖν
2453 2164 2616 2227 ἔθος·
2669 2166 2766 2220 καὶ
2811 2165 2908 2236 τὴν
2954 2166 3120 2236 εὐχὴν
3156 2165 3258 2235 τῆς
3309 2165 3681 2237 προσκομιδῆς

2118 2258 2415 2324 ἐπιλέγειν,
2445 2254 2566 2311 εἶτα
2617 2259 2846 2326 ἐπάγειν
2880 2258 2987 2312 ἀπὸ
3040 2259 3139 2327 τῆς
3173 2258 3413 2328 μεγάλης
3468 2259 3679 2310 είσόδου

2121 2348 2191 2404 τὰ
2221 2349 2328 2404 τῶν
2355 2351 2550 2422 εὐχῶν,
2579 2351 2637 2403 αἲ
2698 2352 2794 2404 καὶ
2828 2351 3136 2406 τελεστικαί
3182 2354 3289 2405 εἱσι
3348 2353 3570 2419 μᾶλλον.
3616 2353 3684 2405 Δί

2120 2440 2389 2509 πρότερον
2414 2441 2521 2508 γὰρ
2541 2440 2851 2511 ἐρρέθησαν
2876 2439 3107 2510 ἱλασμοῦ
3132 2440 3228 2494 καὶ
3244 2440 3480 2510 δεήσεως
3500 2439 3679 2502 οὖσαι,

2120 2531 2216 2584 καὶ
2245 2533 2380 2600 πρὸς
2427 2529 2529 2601 τὴν
2581 2532 2892 2601 ἱερουργίαν
2926 2533 3310 2602 οἱκονομοῦσαι
3365 2532 3457 2586 τὸν
3505 2534 3678 2603 ἱερέα.

2121 2624 2203 2677 Τὰ
2223 2623 2522 2694 ἐκχυθέντα
2559 2623 2616 2677 δὲ
2650 2624 2818 2692 ’Ᾱγια
2852 2625 3033 2695 χρεὼν
3084 2626 3418 2695 συναχθῆναι
3447 2624 3556 2677 ύπδ
3587 2623 3679 2676 τοῦ

2121 2714 2309 2785 ἱερέως
2348 2716 2405 2769 ἔν
2440 2715 2626 2768 σκεύει
2661 2716 2806 2787 ἁγίῳ
2831 2717 2959 2780 τινὶ,
2990 2717 3086 2770 καὶ
3110 2717 3169 2770 ἐν
3213 2715 3345 2787 ἱερῷ
3397 2715 3549 2785 τόπῳ
3585 2716 3679 2767 καὶ

2120 2806 2357 2876 ἀσφαλεῖ
2405 2807 2760 2876 ἀππεθῆναι,
2810 2807 2953 2860 ὥστε
3011 2807 3086 2878 μὴ
3142 2807 3613 2877 καταπατηθῆναι,
3642 2805 3677 2875 η

2120 2897 2250 2950 ἄλλο
2294 2914 2347 2950 τι
2377 2896 2484 2950 τῶν
2518 2896 2593 2969 μὴ
2619 2897 2855 2952 δεόντων
2901 2898 3120 2953 παθεῖν.
3165 2897 3473 2970 Ἐξαίρετος
3497 2899 3555 2952 δὲ
3589 2899 3679 2951 τόο

2123 3007 2223 3052 πος
2261 2988 2414 3045 ἔσται
2445 2990 2574 3044 ἔνθα
2630 2993 2769 3061 μετὰ
2798 2992 2860 3044 τὸ
2908 2992 3237 3062 κοινωνῆσαι
3271 2995 3300 3046 ό
3342 2993 3523 3061 ἱερεὺς
3548 2995 3683 3046 am:

2121 3082 2367 3151 νίπτεται
2393 3098 2406 3112 ·
2433 3081 2492 3135 ὃν
2523 3083 2619 3136 καὶ
2665 3083 2871 3152 ὀφείλει
2920 3083 3325 3153 ἠσφαλισμένον
3373 3083 3518 3153 ἔχειν
3549 3083 3684 3136 πᾶν·

444 3165 997 3235 puriﬁcationis,cum
1029 3164 1101 3219 sit
1143 3173 1412 3227 sanctum,
1440 3170 1626 3232 utpote
1655 3160 1796 3231 quod
1828 3159 2021 3212 laverit

2121 3172 2276 3227 τοθεν
2308 3171 2404 3226 καὶ
2437 3173 2719 3243 ἁρμόδιον,
2768 3176 2862 3228 καὶ
2890 3176 3165 3245 προσοχὴν
3194 3174 3359 3245 ἔχειν,
3408 3176 3485 3247 μὴ
3520 3178 3683 3229 ἐκπί-

446 3258 589 3313 labia
636 3258 1021 3313 communione
1073 3256 1409 3311 sanctiﬁcata
1463 3263 1518 3308 et
1578 3266 1767 3307 manus
1836 3264 2016 3305 sacer-

386 3386 389 3401 ι
447 3353 616 3408 dotis.
675 3350 841 3416 Quasi
887 3360 1075 3403 saneta
1132 3348 1342 3418 piscina
1396 3357 1480 3400 est
1545 3345 1698 3398 biece
1757 3342 2019 3405 locus,et

447 3458 587 3513 aqua
653 3440 1047 3510 puriﬁcatiouis
1109 3440 1464 3495 sacerdotalis
1534 3434 1896 3497 sanctiﬁcata,
1947 3448 2013 3487 ex

448 3552 555 3605 qua
598 3533 848 3589 novimus
885 3540 940 3585 et
969 3532 1279 3585 sanationes
1337 3529 1543 3591 ﬁeri,si
1577 3527 1704 3581 inde
1744 3537 2018 3596 unguntur

449 3639 546 3683 aut
573 3628 767 3682 bibunt
801 3622 1022 3678 inﬁrmi.
1056 3621 1240 3689 Neque
1293 3632 1473 3674 autem
1505 3628 1710 3673 temere
1746 3617 1859 3670 haec
1892 3627 2019 3669 sunt

452 3716 731 3773 tractanda
759 3732 774 3769 :
810 3712 1341 3784 prmcipiendumque
1372 3721 1458 3765 est
1491 3717 1549 3761 ut
1578 3709 1665 3762 ille
1701 3707 1791 3777 qui
1822 3705 1907 3761 Itis
1941 3707 2015 3758 uti

451 3819 625 3879 optat,
656 3809 923 3862 innocens
967 3806 1039 3858 sit
1088 3811 1142 3858 et
1185 3804 1430 3872 jejunus.
1468 3799 1733 3856 Similiter
1787 3799 1878 3852 ille
1925 3797 2020 3865 qui

449 3903 540 3958 his
568 3899 694 3969 ungi
730 3897 962 3968 cupierit
986 3903 1201 3967 oportet
1231 3903 1290 3948 ut
1316 3894 1514 3948 iterum
1544 3892 1757 3945 lavetur
1800 3891 1856 3942 iit
1895 3889 2017 3942 loco

450 4002 702 4064 separato
730 4002 784 4046 et
813 3990 1185 4046 convenienti.
1235 3987 1334 4042 llic
1384 3987 1549 4057 igitur
1602 3996 1725 4054 post
1773 3996 2017 4039 comnm-

450 4089 671 4142 nionem
703 4084 976 4139 lavabitur
1002 4080 1283 4142 sacerdos,
1318 4080 1401 4132 vel
1440 4077 1494 4152 in
1529 4076 1649 4131 loco
1693 4073 1894 4145 aptiori
1929 4089 2017 4127 se-

450 4180 781 4248 curiorique,
824 4176 868 4232 si
924 4173 1086 4241 adsit,
1135 4182 1322 4229 sancta
1386 4170 1637 4243 mysteria
1683 4184 1803 4240 quze
1850 4168 2018 4223 cﬂ‘usa

452 4282 578 4325 Sunt
610 4269 872 4338 colligens
898 4267 983 4336 pie
1010 4267 1313 4333 devoteque
1347 4277 1474 4318 cum
1520 4263 1696 4331 aquali
1728 4261 1815 4315 ltic
1846 4261 2018 4329 depo-

2122 3282 2280 3318 πτειν
2304 3264 2502 3331 ἔξωθέν
2530 3282 2583 3319 τι
2632 3265 2729 3320 τοῦ
2763 3267 2931 3320 τόπου
2996 3267 3228 3333 ἐκείνου,
3287 3267 3427 3337 μήτε
3480 3268 3545 3320 ἑκ
3585 3264 3683 3322 τοΰ

2120 3355 2392 3433 νίμματος
2412 3371 2427 3387 ο
2456 3354 2645 3427 ἐπειδὴ
2690 3354 2848 3423 ἅγιόν
2880 3357 3019 3422 ἐστι,
3042 3356 3110 3409 τὰ
3137 3355 3290 3426 χείλη
3320 3372 3380 3408 τε
3405 3354 3479 3408 τὰ
3502 3357 3567 3409 ὲκ
3582 3354 3687 3424 τῆς

2090 3446 2404 3529 ’κοινωνίας
2430 3444 2741 3513 ἡγιασμένοι
2763 3447 2858 3497 καὶ
2894 3446 2991 3507 τὰς
3039 3448 3229 3514 χεῖρας
3252 3444 3517 3497 ὲκπλύνον
3538 3461 3551 3475 ·
3589 3448 3682 3495 και

2119 3535 2194 3596 ὡς
2217 3535 2277 3587 τὸ
2299 3535 2444 3604 ἱερὸν
2473 3535 2735 3605 ποτήριον
2765 3536 2972 3598 ἐκεῖνος
3001 3538 3028 3589 ό
3078 3536 3241 3597 τόπος
3297 3535 3416 3588 ἔστὶ
3470 3533 3567 3587 καὶ
3617 3533 3690 3585 τὸ

2119 3623 2301 3694 νὶμμα
2333 3626 2689 3696 ἡγιασμένον,
2718 3625 2784 3679 δι’
2807 3625 2869 3678 οὗ
2900 3628 2995 3680 καὶ
3045 3625 3273 3696 ἰάματα,
3307 3626 3382 3688 ὡς
3411 3624 3678 3693 ἔγνωμεν,

2119 3715 2350 3783 γίνεται,
2378 3715 2684 3786 χριομένων
2719 3717 2781 3770 ὲκ
2811 3716 3001 3771 τούτου
3032 3717 3195 3771 τινῶν
3225 3717 3677 3789 ἀρρωστούντων,

2120 3808 2153 3877 ἢ
2176 3809 2510 3863 ὲκπινόντων
2532 3825 2546 3839 ·
2591 3808 2689 3863 καὶ
2717 3808 2825 3862 οὐδ’
2854 3809 3041 3874 ἁπλῶς
3069 3808 3227 3863 τοῦτο
3258 3811 3523 3880 παρέχειν
3549 3809 3685 3878 χρὴ,

2120 3899 2238 3953 ἀλλ’
2266 3898 2408 3952 ὥστε
2435 3900 2839 3969 παραγγέλλειν
2866 3900 3183 3970 προσέχειν,
3208 3900 3414 3954 καὶτὸν
3437 3900 3536 3968 μὲν
3562 3898 3684 3969 βου·

2118 3990 2343 4061 λόμενον
2372 3992 2585 4045 έκπιεὶν
2619 3986 2762 4046 εἶναι
2816 3993 3057 4061 καθαρόν
3083 4010 3143 4046 τε
3190 3994 3286 4046 καὶ
3336 3995 3546 4063 νῆστιν.
3597 3991 3686 4046 '0-

2122 4084 2290 4156 μοὶως
2325 4083 2383 4138 δὲ
2411 4084 2507 4137 καὶ
2552 4083 2646 4138 τὸν
2695 4084 3022 4155 βουλόμενον
3066 4083 3411 4154 ἀλείψασθαι,
3470 4085 3531 4146 δς
3587 4083 3682 4136 καὶ

2118 4176 2323 4244 ὀφείλει
2348 4174 2631 4230 νίπτεσθαι
2660 4174 2887 4246 ὕστερον
2917 4178 2974 4229 ιν
3003 4175 3257 4241 ἰδιάζοντι
3301 4178 3475 4245 τόπῳ.
3506 4174 3686 4228 Ἐκεῖ-

2122 4285 2181 4322 σε
2227 4269 2408 4324 τοίνυν
2439 4256 2567 4321 ἔνθα
2615 4268 2647 4321 ό
2692 4268 2873 4338 ἱερεὺς
2909 4268 3047 4338 μετὰ
3094 4269 3191 4337 τὴν
3224 4268 3513 4322 κοινωνίαν
3543 4269 3684 4320 ἀπο-

452 4370 567 4416 net.
597 4361 970 4416 Pavimentum
1002 4357 1072 4412 sit
1101 4371 1133 4411 e
1165 4369 1456 4417 marmore,
1483 4362 1542 4408 ut
1565 4354 1680 4407 haec
1708 4361 1831 4422 apte
1855 4365 2018 4406 sanc-

2123 4361 2398 4425 νίπτεται,
2424 4360 2457 4430 ἢ
2487 4362 2547 4414 ὲν
2575 4360 3132 4431 ἀσφαλεστέρῳτόπῳ
3155 4360 3201 4412 εἱ
3230 4359 3372 4424 ἔστι,
3421 4360 3493 4412 τὰ
3521 4360 3687 4427 ἐκχυ-

452 4464 616 4523 ιειιυε
640 4456 693 4506 in
718 4453 838 4506 loco
860 4451 1218 4520 deponantur.
1254 4446 1484 4515 Sintque
1538 4446 1772 4498 maxima
1821 4452 1879 4497 et
1907 4441 2010 4495 ﬁxa

2123 4453 2283 4506 θέντα
2303 4454 2474 4519 ’Δγια
2505 4450 2763 4516 συλλέξας
2792 4430 3036 4513 εὐλαϐῶς
3070 4451 3210 4520 μετὰ
3230 4451 3330 4519 τῆς
3355 4452 3533 4503 ὲκεῐσε
3553 4450 3685 4517 ὕλης

452 4560 724 4601 marmora
757 4560 877 4614 qua:
915 4540 1183 4612 profunde
1216 4538 1491 4593 fodiantur
1516 4537 1569 4589 in
1602 4544 1791 4605 aptum
1824 4549 2015 4603 recep-

2124 4544 2221 4598 καὶ
2256 4545 2351 4598 τοῦ
2374 4543 2500 4614 χοὸς
2528 4543 2817 4614 ἁποθήσει.
2850 4543 2915 4597 Ei
2948 4543 3004 4597 δὲ
3051 4543 3320 4614 μάρμαρα
3362 4559 3682 4612 κατεστρω-

454 4639 691 4694 taculunt
722 4651 824 4707 pro
855 4634 1060 4690 sanctis
1117 4629 1491 4687 oblationibus
1543 4629 1633 4682 hic
1679 4624 2019 4696 deponendis

2125 4637 2263 4705 μένα
2308 4635 2468 4700 εἱσὶν,
2523 4634 2612 4688 [va
2668 4635 2840 4689 ταῦτα
2890 4634 3101 4689 ικεῑθεν
3155 4633 3373 4700 ἐξελὼν.
3415 4636 3474 4688 ὲν
3526 4636 3685 4704 τόπῳ

452 4730 765 4798 separatim,
796 4738 857 4781 ut
899 4725 1158 4780 diximus.
1192 4722 1270 4777 Ita
1320 4721 1709 4777 confodiantur
1757 4727 1814 4771 ut
1851 4716 2019 4770 lavari

2124 4726 2257 4798 ἱερῷ
2283 4728 2380 4781 καὶ
2408 4727 2663 4792 ἰδιάζοντι
2695 4726 2972 4797 ἁποθήσῃ.
3005 4727 3069 4779 Et
3091 4727 3148 4780 δὲ
3172 4727 3407 4798 μέγιστα
3435 4727 3532 4780 καὶ
3558 4727 3683 4781 ἀκί-

452 4823 626 4892 possit
651 4831 705 4875 et
726 4818 1151 4888 receptaculum.
1194 4814 1252 4870 Si
1283 4830 1411 4869 vero
1431 4819 1761 4868 consecratae
1790 4809 2020 4864 oblatio-

2121 4835 2279 4890 νητα,
2323 4817 2413 4871 ἵνα
2432 4817 2750 4887 λατομήσας
2805 4821 2885 4882 εἱς
2919 4818 3083 4889 βάθος
3129 4818 3326 4881 ἱκανῶς
3379 4817 3472 4871 τὸν
3521 4819 3685 4871 τόπον

456 4928 555 4966 nes
582 4925 688 4965 non
718 4910 829 4963 sint
849 4925 913 4962 ex
950 4920 1067 4964 toto
1090 4908 1297 4973 eﬂ‘usm,
1322 4906 1414 4960 sed
1442 4919 1565 4974 pars
1591 4918 1779 4958 carum
1807 4916 2022 4956 reman—

456 5004 610 5066 serit,
641 5012 771 5056 tunc
800 5000 1029 5053 addatur
1057 5012 1182 5069 pars
1200 4998 1368 5051 altera
1395 4996 1690 5050 secundum
1717 4993 1861 5063 quod
1882 4989 2021 5063 opus

456 5107 564 5161 cst,
597 5105 653 5149 et
690 5091 1007 5163 perﬁciatur
1031 5089 1383 5143 sacriﬁcium.
1416 5088 1471 5142 Si
1513 5104 1642 5141 vero
1666 5086 1932 5141 acciderit
1967 5096 2024 5140 ut

454 5194 571 5246 lucc
620 5187 796 5243 oblata
826 5185 1063 5254 desuper
1088 5181 1438 5236 effundantur
1465 5181 1520 5234 in
1555 5192 1731 5235 vestes
1764 5179 2023 5234 sacerdo-

459 5283 614 5347 talcs,
674 5289 731 5335 et
779 5277 997 5348 quidem
1050 5284 1177 5329 ante
1220 5272 1572 5337 sactiﬁcium,
1610 5274 1655 5328 si
1699 5271 2023 5341 pretiosiora

457 5385 665 5429 tantum
697 5381 753 5428 et
795 5369 1109 5442 pulchriora
1170 5366 1487 5421 indumenta
1535 5365 1834 5436 attigerint,
1897 5374 2025 5418 tunc

456 5464 572 5521 haec
603 5465 923 5519 vestimenta
957 5462 1206 5516 laventur
1262 5474 1399 5528 aqua
1453 5461 1507 5512 in
1544 5472 1669 5512 vase
1706 5465 1913 5519 sant-to,
1953 5455 2025 5509 ita

455 5571 518 5613 ut
563 5559 700 5611 nihil
745 5559 798 5610 in
861 5556 967 5609 illis
1020 5563 1317 5619 remaneat,
1364 5560 1415 5606 et
1443 5568 1580 5620 aqua
1618 5551 1942 5604 immittatur
1969 5549 2024 5601 in

454 5652 639 5705 locum
675 5665 916 5709 sacrum,
949 5657 1007 5700 ut
1058 5646 1260 5700 dictum
1321 5654 1424 5699 est.
1458 5642 1612 5709 Quod
1662 5641 1706 5695 si
1766 5639 2027 5694 acciderit

457 5754 581 5815 post
619 5742 942 5797 sacriﬁcium
973 5739 1176 5794 eﬁ‘undi
1211 5739 1265 5791 in
1297 5752 1585 5790 commune
1619 5735 2024 5799 indumentum,

459 5853 525 5892 ex
553 5850 618 5891 eo
643 5833 997 5889 rcsecandum
1035 5841 1115 5888 est
1144 5840 1407 5901 quantum
1464 5839 1547 5883 est
1601 5841 1821 5882 necesse
1864 5835 1919 5879 ut
1960 5842 2024 5879 ex

2123 4908 2252 4962 ἔνθα
2281 4908 2347 4980 δὴ
2379 4908 2671 4979 ὲξηπλώθη
2698 4909 2768 4963 τὰ
2800 4910 2990 4976 Ἅγια,
3024 4910 3095 4963 τὰ
3125 4908 3475 4980 ἐξενεχθέντα
3506 4909 3686 4961 ius!“

2125 5001 2290 5072 θήσῃ,
2322 5002 2380 5053 ὲν
2408 5000 2580 5070 τόπῳ,
2609 5003 2685 5063 ὡς
2721 4999 2954 5069 ἔφημεν.
2993 5000 3150 5055 Ἀλλὰ
3193 5002 3291 5054 καὶ
3317 5000 3447 5053 ἔνθα
3471 4999 3688 5052 λελατό-

2129 5109 2324 5163 μηκεν,
2361 5091 2447 5144 [va
2482 5090 2724 5163 ὲκπλύνῃ
2754 5091 2845 5145 τὸν
2901 5092 3066 5146 τόπον
3109 5092 3184 5155 ὡς
3225 5091 3473 5145 δυνατόν.
3514 5090 3577 5143 Ei
3626 5088 3686 5143 δὲ

2126 5185 2194 5237 τὰ
2217 5183 2387 5251 Ἅγια
2415 5184 2475 5235 οὐ
2500 5183 2680 5236 πάντα
2702 5182 3017 5252 ἐκκέχυται,
3042 5181 3181 5235 ἀλλὰ
3214 5182 3379 5252 μέρος
3408 5180 3687 5234 evan-echi-

2126 5271 2257 5340 φθη,
2297 5270 2385 5324 ἵνα
2422 5268 2516 5324 καλ.
2538 5271 2727 5341 ἓτερον
2750 5269 3028 5323 ἐπιϐαλὼν
3065 5270 3190 5323 ὅσον
3228 5273 3306 5334 εἰς
3349 5270 3564 5340 χρείαν,
3598 5269 3688 5322 ικ-

2126 5361 2325 5435 τελέσῇ
2352 5363 2423 5415 τὰ
2452 5360 2551 5432 τῆς
2586 5361 2921 5431 ἱερουργίας.
2956 5360 3066 5415 Καὶ
3097 5362 3194 5414 ἐὰν
3214 5359 3283 5414 τὰ
3313 5360 3482 5428 Ἀγια
3504 5361 3689 5415 ἐπάνω

2125 5454 2234 5506 τῶν
2256 5453 2479 5525 ἁμερίων
2526 5453 2619 5507 τοῦ
2660 5454 2849 5526 ἱερέως
2880 5451 3134 5523 ἐξεχύθη,
3177 5454 3226 5505 εἱ
3285 5452 3388 5522 μὲν
3435 5449 3544 5520 πρὸ
3589 5450 3690 5520 τῆς

2126 5543 2553 5607 τελειώσεωςγεὶ
2575 5545 2733 5614 τίμια
2758 5544 2920 5615 μόνον
2958 5543 3067 5597 εἱσι
3117 5544 3215 5597 καὶ
3248 5541 3542 5610 πολυτελῆ,
3599 5541 3687 5594 ἱνα

2131 5636 2274 5697 ἱδξως
2304 5637 2364 5687 ὲν
2410 5633 2596 5687 σκεύει
2648 5633 2926 5696 ὲκπλύνας
2983 5633 3117 5705 ἱερῷ
3175 5633 3405 5696 ἱκανῶς,
3433 5631 3578 5686 ὥστε
3611 5632 3687 5701 μὴ

2130 5727 2525 5796 ὑπολειφθῆναι
2587 5726 2644 5778 ἐν
2695 5727 2808 5787 τοῖς
2855 5724 3122 5793 ὲνδύμασί
3184 5741 3261 5789 τι,
3291 5726 3351 5777 τὸ
3378 5724 3559 5794 νίμμα
3591 5725 3691 5790 ἑμ-

2130 5821 2271 5892 ϐάὶῃ
2298 5822 2354 5874 ἐν
2392 5820 2541 5889 τόπῳ
2587 5818 2718 5888 ἱερῷ
2755 5819 2850 5874 καὶ
2887 5819 3153 5889 ἀσφαλεῖ,
3203 5818 3385 5882 καθὼς
3447 5818 3686 5889 είρηται.
