4078 6288
362 352 465 419 949

1063 353 1457 417 RESPONSA
1498 353 1597 415 AD
1651 353 2100 415 GABRIELEM
2137 349 2850 417 PENTAPOLITANUM.

3524 352 3653 418 950i-

368 467 433 519 Εί
455 464 669 535 δὲμετά
707 464 809 536 τὴν
839 462 1118 518 τελείωσιν
1149 463 1471 533 ἐκκέχυται,
1505 462 1595 516 ἵνα
1650 460 1793 516 κατά
1825 462 1936 515 πᾶ·
1965 518 1966 522 η

2070 475 2152 516 ioc
2200 476 2380 531 panno
2438 461 2529 517 fiat
2571 463 2752 518 velum
2791 476 3030 531 sacrum,
3069 461 3215 532 quod
3278 463 3483 533 pariter
3542 472 3632 518 est

372 573 473 609 σαν
495 556 744 626 ἀνάγκην
776 555 1110 624 ἔκκόπτηται
1145 559 1207 609 τὸ
1253 554 1421 626 μέρος
1453 557 1631 607 ἐκεῖνο
1652 552 1746 608 τοῦ
1795 552 1945 625 ἱεροῦ

373 647 697 718 ἐνδύματος,
729 648 826 702 καὶ
880 648 1024 702 θεῖον
1061 648 1331 719 κάλυμμα
1370 648 1614 715 γίνηται,
1674 645 1947 700 ὲκπλυθὲν

372 739 465 793 καὶ
501 738 633 792 αὐτὸ
660 740 720 793 ὲν
758 739 912 810 τόπῳ
938 739 1247 807 ῑδιαιτάτῳ,
1289 736 1422 791 ἔνθα
1460 740 1557 791 καὶ
1596 739 1741 808 ίερδν
1774 740 1948 809 ποτή-

376 849 490 900 ριον
514 832 856 904 ὲκπλυθῆναι
896 831 1148 897 δυνατὸν,
1184 831 1279 883 καὶ
1318 831 1560 900 σπόγγον
1595 816 1787 900 ῥύπου
1812 832 1949 901 πλη-

372 923 569 976 σθέντα
609 923 704 976 καὶ
733 921 1032 992 σήψεως,ἣ
1083 922 1228 992 ἱερὸν
1268 922 1559 991 κάλυμμα.
1618 922 1730 975 Καὶ
1775 921 1951 974 ταῦτα

373 1014 484 1087 γάρ
520 1015 857 1068 ἀποπλύνειν
892 1015 1033 1068 κατὰ
1100 1014 1322 1083 καιρὸν,
1368 1014 1533 1083 μόνον
1572 1010 1823 1078 εὐλαϐῶς
1854 1014 1951 1067 καὶ

376 1105 434 1156 ὲν
487 1106 726 1173 ἀσφαλεῖ
773 1106 924 1170 τόπῳ
964 1105 1084 1163 ,καὶ
1118 1104 1323 1173 μᾶλλον
1381 1103 1570 1167 καλῶς
1626 1101 1803 1171 ἔχοντι
1859 1102 1952 1155 καὶ⁵

374 1198 633 1266 ἀσφαλῶς
670 1199 746 1269 τῷ
762 1198 1046 1268 λεγομένῳ
1076 1198 1372 1268 νιπτηρίῳ,
1395 1199 1458 1250 οὐ
1492 1194 1780 1266 βλαϐερὸν,
1816 1194 1953 1250 ἀλλὰ

376 1290 581 1358 μᾶλλον
607 1290 876 1358 θεοφιλὲς,
913 1291 995 1349 είς
1028 1290 1195 1359 τιμὴν
1229 1290 1327 1342 καὶ
1384 1287 1675 1358 ὡραϊσμὸν
1708 1288 1821 1341 τῶν
1855 1288 1950 1341 τοῦ

372 1378 510 1431 Θεοῦ
537 1378 597 1433 ὃν
632 1380 795 1451 ἱερῶν
831 1379 1070 1433 σκευῶν.
1097 1380 1449 1448 Εὑρίσκομεν
1482 1378 1592 1449 γὰρ
1647 1379 1739 1433 καλ⁵
1791 1379 1850 1433 ὲν
1883 1380 1949 1450 τῇ

371 1471 578 1540 παλαιᾷ
605 1471 868 1539 διατάξει,
894 1471 970 1534 ὡς
988 1472 1207 1542 κάλπην
1235 1467 1354 1543 είχέ
1375 1488 1499 1525 τινα
1530 1469 1816 1542 ήΜεγάλη
1860 1470 1950 1524 Ex-

371 1562 597 1633 κλησία,
629 1558 742 1617 οἷον
772 1564 978 1637 μικρὰν
995 1564 1253 1634 λεκάνην,
1290 1567 1350 1618 ἐν
1391 1558 1517 1639 ﬁta
1541 1564 1665 1636 ίερά
1694 1562 1951 1617 ἀπέπλυ-

371 1672 464 1710 νον
505 1657 746 1728 ποτήρια
774 1655 862 1710 διὰ
895 1655 1122 1730 χλιαροῦ
1159 1656 1383 1721 ὓδατος.

905 1788 1246 1843 ΕΡΩΤΗΣΙΣ
1273 1788 1398 1844 Ill".

373 1926 573 1994 Ὅπως
590 1923 705 1994 χρὴ
729 1925 1044 1980 κοινωνεῖν
1059 1926 1205 1990 τοὺς
1229 1926 1314 1996 μὴ
1332 1926 1716 1996 δυναμένους
1732 1929 1822 1994 είς
1844 1926 1954 1981 τὸν

653 1996 806 2075 ναὸν
822 1997 1268 2066 παραγενέσθαι
1286 1999 1362 2067 dp
1370 1997 1663 2067 ρὠτονς.
1959 2009 1973 2031 ‘

449 2110 616 2166 Ὅθεν
645 2113 980 2184 προσεκτέον
1016 2110 1096 2183 τῷ
1131 2113 1271 2183 ἱερεῖ
1324 2114 1406 2177 εἰς
1443 2114 1622 2168 πάντα
1675 2117 1745 2169 τὰ
1796 2116 1957 2185 Ἅγια

377 2205 474 2259 καὶ
501 2203 600 2275 τὴν
638 2203 793 2274 ἱεράν
824 2204 1330 2275 παρακαταθήκην,
1367 2204 1459 2257 τδν
1489 2207 1957 2276 προηγιασμένον,

376 2299 477 2350 καὶ
510 2297 793 2367 ἡνωμένον
830 2296 909 2367 τῷ
943 2298 1074 2368 θείῳ
1098 2297 1295 2366 αἵματι
1339 2298 1607 2361 ζωοποιὺν
1648 2301 1744 2353 καὶ
1785 2299 1962 2353 πανά-

374 2408 502 2459 γιον
532 2392 718 2463 ἄρτον,
758 2391 900 2445 ὥστε
958 2393 1017 2445 ἐν
1067 2390 1247 2461 πυξίῳ
1300 2390 1535 2461 καθαρῷ
1585 2393 1680 2446 καὶ
1728 2394 1964 2461 ἀσφαλεῖ

372 2483 550 2555 ἔχειν,
598 2485 693 2537 καὶ
735 2484 873 2554 μετὰ
945 2482 1194 2554 καθαροῦ
1232 2483 1646 2553 ἢσφαλισμένον
1705 2486 1965 2558 ὑφάσμα-

369 2590 471 2638 τος
541 2574 635 2627 καὶ
700 2575 907 2643 τιμίου.
972 2575 1116 2629 Αὐτὸ
1167 2574 1278 2643 γάρ
1354 2576 1471 2628 ἐστι
1538 2575 1600 2628 τὺ
1674 2575 1957 2632 θειότατον

382 2667 551 2732 σῶμα
628 2670 724 2720 καὶ
776 2661 916 2736 αἷμα
995 2667 1056 2721 τὸ
1122 2665 1477 2724 Δεσποτικόν.
1556 2667 1667 2722 Καὶ
1723 2686 1966 2741 προσκυ-

375 2760 495 2812 νεῖν
524 2758 689 2831 369
733 2762 829 2814 καὶ
861 2760 1060 2830 θυμιᾷν
1114 2762 1208 2813 καὶ
1262 2761 1429 2831 τιμᾷν
1485 2762 1591 2831 χρὴ
1622 2761 1722 2834 ὅλῃ
1770 2765 1967 2834 προθέ-

381 2869 496 2919 σει,
522 2853 617 2903 καὶ
659 2852 917 2919 ὑπεράνω
943 2851 1080 2921 πρὸς
1110 2852 1377 2915 ἀνατολὰς
1412 2853 1511 2922 τῆς
1542 2853 1694 2918 θείας
1746 2857 1968 2926 τραπέ-

379 2943 489 3016 ζης
536 2944 856 3014 ᾐωρημὲνον
892 2937 1076 3014 Ἔχειν,
1125 2944 1221 2996 καὶ
1273 2944 1588 2998 ἐπιϐλέπειν
1639 2946 1728 2999 ἵνα
1786 2947 1861 3018 μή
1916 2963 1968 3005 τι

384 3037 641 3107 συμϐαίη
674 3037 910 3109 ἀμελείᾳ
939 3038 1049 3090 τῶν
1083 3037 1160 3110 μὴ
1189 3038 1439 3094 δεόντων.
1471 3040 1580 3094 Καὶ
1622 3042 1677 3093 ὲν
1705 3040 1785 3112 τῷ
1845 3042 1971 3111 μέλ-

2051 550 2341 605 lavandum
2395 551 2447 605 in
2498 552 2619 607 loco
2675 552 3038 607 mundissimo
3098 572 3111 608 :
3170 553 3525 609 mundabitur
3576 561 3633 609 et

2052 656 2207 697 Sacra
2235 643 2465 712 piscina,
2521 644 2745 714 spongia
2778 646 2860 699 vel
2897 645 3080 714 aliquo
3116 645 3288 700 linteo
3334 645 3633 701 siceabitur

2053 740 2112 786 ut
2161 733 2478 801 puriﬁcetur
2529 751 2558 787 a
2614 735 2888 789 sordibus.
2947 734 3075 789 Haec
3142 744 3322 790 autem
3380 735 3632 791 facienda

2053 831 2181 875 sunt
2210 837 2308 890 pro
2332 823 2762 893 opportunitate,
2799 825 2998 881 devote
3032 833 3212 879 tamen
3243 833 3297 880 et
3326 839 3451 880 cum
3484 840 3636 897 mag-

2054 928 2123 967 na
2182 900 2490 970 sedulitate.
2525 913 2826 985 ~Optimum
2880 919 3100 989 quidem
3147 925 3293 973 esset
3323 917 3367 972 si
3411 917 3475 973 ad
3528 919 3636 972 hoc

2057 1002 2351 1057 haberetur
2378 1004 2552 1072 pelvis
2609 1007 2691 1062 vel
2743 1007 3144 1063 nitidissimum
3196 1008 3408 1062 labrum
3439 1009 3491 1063 in
3528 1024 3639 1078 quo

2056 1094 2357 1150 honoriﬁce
2386 1105 2440 1150 et
2482 1097 2828 1154 laudabiliter
2877 1101 3276 1155 mandarentur
3309 1116 3435 1155 vasa
3474 1116 3631 1156 sacra

2056 1185 2189 1241 Deo.
2225 1186 2281 1240 In
2317 1188 2593 1243 veteribus
2622 1188 2858 1244 decretis
2898 1189 3207 1246 invenimus
3257 1191 3403 1261 quod
3437 1191 3630 1262 Magna

2055 1278 2285 1334 ecclesia
2331 1279 2584 1333 habuerit
2645 1281 2961 1349 amphoram
2997 1282 3081 1337 vel
3128 1293 3336 1337 tantum
3379 1283 3636 1338 labellum

2056 1368 2347 1427 minimum
2380 1368 2449 1427 ad
2477 1369 2708 1427 lavanda
2742 1372 2794 1426 in
2840 1386 2979 1443 aqua
3011 1373 3192 1445 tepida
3231 1389 3358 1429 vasa
3381 1389 3562 1430 sacra.

2541 1768 2861 1837 QUAESTIO
2904 1769 3165 1826 LXXXII.

2061 1929 2338 1998 Quomodo
2390 1939 2631 2004 oporteat
2672 1933 3080 2000 communicare
3127 1932 3390 2000 inﬁrmos,
3445 1935 3537 2004 qui
3583 1936 3642 1992 in

2333 2003 2527 2070 (erupto
2559 2013 2837 2070 pra‘sentes
2871 2005 3054 2057 adesse
3083 2013 3364 2072 nequeunt.

2128 2117 2386 2172 Attendat
2426 2117 2615 2172 sedulo
2642 2098 2895 2173 sacerdos
2930 2118 3033 2189 ipsi
3069 2132 3192 2173 esse
3242 2119 3632 2174 reservandum

2061 2222 2128 2263 ex
2152 2208 2412 2262 omnibus
2431 2209 2714 2263 sacrificiis
2742 2224 2960 2264 sacrum
3000 2209 3347 2278 depositum;
3378 2226 3650 2279 praesanc-

2065 2298 2328 2355 tillcatnm
2359 2300 2570 2355 scilicet
2606 2316 2800 2370 panem
2834 2299 3203 2357 viviﬁcantem
3233 2310 3288 2355 et
3319 2316 3647 2356 sacrosanc-

2024 2440 2029 2451 ,
2066 2401 2201 2455 tum,
2238 2391 2454 2445 unitum
2501 2407 2630 2446 vere
2665 2402 2859 2447 sancto
2896 2393 3110 2448 Domini
3149 2393 3424 2464 sanguini,
3478 2409 3643 2462 quem

2067 2482 2265 2536 habeat
2296 2482 2351 2536 in
2385 2483 2584 2553 pyxide
2616 2484 2819 2547 munda
2852 2492 2908 2537 et
2944 2493 3062 2537 tuto
3097 2483 3329 2547 reclusa,
3380 2484 3654 2537 involuta-

2066 2588 2174 2644 que
2203 2573 2326 2629 velo
2378 2574 2736 2629 mundissimo
2767 2583 2821 2628 et
2849 2575 3097 2645 pretioso
3127 2591 3143 2633 ;
3184 2575 3270 2631 hic
3315 2575 3473 2645 panis
3507 2577 3654 2628 enim

2069 2676 2151 2721 est
2183 2666 2588 2721 sanctissimum
2622 2683 2819 2737 corpus
2847 2677 2902 2723 et
2936 2668 3157 2738 sanguis
3197 2668 3433 2723 Domini.
3466 2666 3652 2722 Genu-

2036 2758 2271 2825 ‘llectat,
2322 2760 2600 2815 thurilicet
2631 2772 2684 2816 et
2710 2761 2901 2816 adoret
2934 2762 3084 2815 omni
3114 2762 3442 2824 intentione,
3475 2769 3656 2816 teneat

2071 2855 2342 2908 elevatnin
2389 2862 2516 2909 ante
2560 2864 2805 2909 sanctam
2871 2870 3142 2919 mensam,
3173 2867 3228 2909 et
3251 2856 3658 2926 cireumSpieiat

2072 2946 2360 3018 diligenter
2387 2964 2456 3003 ne
2483 2948 2611 3018 quid
2660 2947 2869 3002 incuria
2915 2962 3014 3002 sua
3061 2947 3151 3003 ﬁat
3197 2948 3650 3017 incongruentem

2073 3037 2210 3093 Cum
2244 3039 2407 3109 igitur
2440 3040 2634 3110 aliquis
2674 3039 2843 3095 fuerit
2894 3055 3047 3096 sacra
3084 3040 3475 3094 communione
3529 3040 3663 3097 retis

344 3164 359 3170 —
377 3132 505 3185 λειν
533 3130 589 3183 δέ
614 3146 736 3184 τινα
760 3133 1064 3197 κοινωνεῖν,
1100 3131 1176 3202 μὴ
1204 3133 1283 3194 είς
1307 3133 1399 3185 τὸν
1433 3133 1634 3188 κόλπον
1665 3134 1966 3204 λαμϐάνειν

2070 3131 2325 3197 cicndus,
2355 3135 2609 3189 sacerdos
2642 3150 2752 3188 non
2782 3143 2964 3208 sumat
3002 3143 3194 3188 sancta
3218 3144 3565 3188 sacramenta
3592 3134 3644 3186 in

380 3226 484 3278 xz‘.
520 3223 868 3293 πορεύεσθαι,
928 3224 1004 3287 ῶς
1069 3242 1213 3288 τινες
1252 3225 1346 3279 νῦν
1394 3228 1881 3297 καταφρονητικῶς
1935 3228 1966 3299 ἢ

2081 3226 2201 3281 sinu
2251 3237 2309 3280 ut
2371 3229 2530 3282 adeat
2576 3228 2875 3294 inﬁrmant,
2912 3238 2973 3283 ιιι
2996 3231 3217 3299 quidam
3266 3231 3656 3293 irreverenter,

380 3314 611 3385 ἀμελῶς
650 3314 683 3385 ἢ
716 3314 1118 3382 ἀσυλλογίστως
1163 3315 1435 3381 ποιοῦσιν,
1490 3317 1607 3370 ἀλλ’
1656 3317 1971 3388 ἑτοιμάζειν

377 3412 445 3462 ἐν
471 3408 550 3477 τῷ
585 3409 716 3477 ἱερῷ
744 3409 991 3478 ποτηρίῳ
1020 3410 1121 3478 τὴν
1146 3409 1300 3462 θείαν
1340 3409 1534 3479 μερίδα
1572 3411 1631 3463 ὲν
1680 3412 1744 3481 τῇ
1789 3410 1972 3464 λαὸίδι

379 3503 535 3555 κατὰ
557 3503 657 3571 τὴν
681 3501 967 3572 πρόθεσιν,
1003 3499 1080 3564 ὡς
1106 3498 1226 3564 ἔθος
1249 3495 1319 3570 ἧν
1354 3500 1616 3572 ἐξαρχῆς,
1666 3503 1760 3557 καὶ
1809 3503 1973 3574 ἡμεῖς

376 3595 697 3664 φθάσαντες
747 3592 982 3662 είδομεν,
1049 3593 1144 3646 καὶ
1200 3588 1619 3664 προηγουμένης
1668 3595 1969 3665 λαμπάδος.

375 3688 481 3740 τὸν
552 3686 704 3756 ἱερέα
759 3685 1113 3754 ἐνδεδυμένον
1175 3686 1607 3758 ἒπιτραχήλιον,
1664 3689 1973 3758 κρατοῦντα

380 3777 745 3847 πορεύεσθαι,
778 3778 870 3830 καὶ
897 3777 1040 3831 οὕτω
1086 3780 1223 3848 μετά
1286 3778 1347 3831 τὸ
1379 3780 1707 3849 κοινωνῆσαι
1752 3781 1844 3833 τὺν
1875 3781 1975 3852 ἁρ-

375 3869 707 3943 ρωστοῦντα
734 3870 1136 3941 ἐπανέρχεσθαι
1174 3871 1357 3930 πάλιν.
1394 3871 1503 3925 Καὶ
1524 3870 1683 3925 τοῦτο
1714 3876 1888 3926 ποιεῖν
1912 3873 1974 3926 οὺ

371 3969 519 4026 τοὺς
548 3965 849 4033 κοσμικοὺζ
883 3967 1046 4032 lapsi;
1091 3967 1273 4035 μόνον,
1324 3966 1461 4019 ἀλλὰ
1500 3969 1593 4020 καὶ
1632 3969 1758 4030 τοὺς
1803 3985 1972 4037 μονα-

373 4055 521 4125 χοὺς
548 4056 602 4104 ὲν
630 4054 742 4116 τοῖς
778 4053 1183 4122 μοναστηρίοις,
1216 4054 1315 4119 ἵνα,
1355 4057 1450 4107 καὶ
1480 4055 1659 4122 τίμιον
1691 4050 1750 4125 ᾖ,
1770 4058 1864 4108 καὶ
1893 4059 1975 4119 είς

369 4148 489 4217 τὴν
514 4143 611 4196 τοῦ
638 4145 875 4212 Χριστοῦ
903 4143 1084 4220 δόξαν,
1116 4145 1208 4197 καὶ
1238 4145 1394 4213 ἡμῶν
1427 4146 1506 4205 είς
1557 4148 1623 4199 τὰ
1651 4146 1771 4198 θεῖα
1815 4147 1977 4200 εὐλά-

368 4242 569 4301 ϐειαν,
601 4238 695 4291 καὶ
720 4239 794 4308 μὴ
822 4254 874 4289 τι
900 4237 1007 4289 τῶν
1029 4236 1382 4290 ἁπευκταίων
1418 4236 1686 4308 συμϐαίη,
1736 4238 1810 4301 ὡς
1836 4237 1975 4290 εἶδος-

371 4351 512 4407 μεν.
562 4331 966 4400 Ἀνεπιτηδείου
997 4329 1105 4399 γὰρ
1139 4330 1291 4392 ὖντος
1324 4328 1416 4381 τοῦ
1450 4331 1640 4398 τόπου,
1683 4331 1742 4382 ἐν
1772 4330 1850 4400 τῷ
1895 4331 1978 4398 ἐξ-

280 4416 285 4420 ’
364 4430 548 4496 ἄγειν
579 4422 865 4494 βούλεσθαι
913 4421 1010 4474 τοῦ
1047 4420 1249 4488 πυξίου
1281 4424 1381 4495 τὴν
1407 4424 1557 4476 θείαν
1591 4422 1806 4493 μερίδα,
1834 4440 1978 4493 συμ-

362 4520 592 4589 ϐέϐηκε
615 4516 876 4579 πολλάκις
899 4519 958 4569 τὸ
983 4517 1186 4587 φρίκης
1220 4519 1316 4572 καὶ
1356 4515 1657 4586 καταδίκης
1701 4515 1873 4587 ἄξιον,
1898 4517 1975 4582 ὡς

360 4614 692 4682 ἐμάθομεν,
723 4608 946 4683 ῥιφῆναι
982 4611 1050 4663 τά
1074 4609 1270 4678 Ἀγια.
1309 4610 1469 4662 Ἀλλά
1517 4610 1609 4662 καὶ
1638 4609 1699 4663 τὸ
1722 4610 1978 4687 κατέχειν

357 4708 561 4763 ταῦτα
590 4705 649 4757 ὲν
685 4703 906 4765 κόλποις
942 4703 1037 4755 καὶ
1066 4701 1273 4755 ὁδεύειν
1315 4702 1348 4772 ἢ
1383 4699 1653 4770 καθῆσθαι
1688 4701 1789 4755 οὐκ
1815 4700 1979 4754 εὐλαο

358 4796 638 4864 6ές,Καὶ
661 4795 747 4859 τίς
796 4795 956 4867 χρεία
982 4792 1142 4847 τοῦτο
1197 4794 1395 4858 ποιεῖν,
1455 4793 1777 4863 δυναμένοις
1833 4792 1981 4867 εὐρε-

361 4909 538 4949 σκειν
568 4893 630 4943 ὲν
664 4888 799 4941 πᾶσι
848 4887 999 4949 ναοῖς
1026 4885 1134 4939 τῶν
1186 4885 1348 4939 θείων
1396 4886 1816 4955 φυλαττομένων
1878 4904 1980 4957 μυ-

359 4981 630 5054 στηρίων
653 4997 669 5046 ;
704 4978 904 5044 Διόπερ
927 4978 974 5030 εί
991 4975 1056 5031 δι’
1077 4976 1520 5047 αἰσχροκέρδειαν
1546 4979 1690 5030 ποιεῖ
1710 4994 1793 5041 τις
1811 4994 1979 5031 πνευ-

359 5073 623 5150 ματικὸς
647 5070 681 5142 ἢ
715 5071 893 5141 ἱερεὺς
913 5070 975 5122 τὸ
1003 5068 1269 5134 τοιοῦτον,
1308 5067 1641 5139 ἁμαρτάνει,
1669 5071 1718 5123 εί
1768 5069 1843 5140 μή
1875 5087 1978 5129 που

357 5173 522 5231 κατὰ
563 5166 774 5235 πολλὴν
825 5165 909 5217 ὃτι
961 5164 1056 5216 καὶ
1103 5162 1369 5234 μεγίστην
1422 5161 1692 5233 ἀνάγκην,
1742 5163 1976 5234 ἐρημίας

354 5267 575 5331 οὔσης,
609 5259 706 5312 καὶ
739 5257 813 5327 μὴ
834 5255 1065 5310 δυνατοῦ
1098 5255 1248 5318 δντος
1272 5254 1367 5308 τοῦ
1400 5254 1498 5324 τὴν
1521 5253 1675 5320 τάξιν
1698 5254 1975 5321 γενέσθαι,

354 5361 393 5429 ἢ
442 5355 556 5409 ἐὰν
625 5349 786 5419 μέσον
836 5348 1064 5400 ἐθνικῶν
1113 5346 1231 5398 ὲστί
1281 5363 1404 5409 τις,
1458 5344 1552 5398 καὶ
1592 5346 1976 5418 παρρησιάσα-

358 5455 504 5507 σθαι
534 5445 605 5499 οὐ
639 5444 884 5508 δύναται,
922 5442 1134 5512 μήποτέ
1165 5457 1246 5503 τις
1280 5440 1374 5493 καὶ
1404 5441 1597 5510 ἀτιμία
1628 5443 1850 5510 γένηται
1867 5443 1979 5504 τοῖς

366 5544 606 5614 Ἀγίοις
633 5554 648 5570 ο
678 5540 845 5609 χωρὶς
878 5537 933 5590 δὲ
979 5535 1160 5600 τοῦτο,
1191 5535 1483 5613 ἀναγκαῖον
1512 5533 1573 5586 τὸ
1615 5533 1754 5605 μετὰ
1811 5536 1977 5605 τιμῆς

355 5634 743 5709 προπέμπειν
793 5629 860 5682 τὰ
906 5628 1092 5696 Ἅγια.
1165 5625 1272 5679 Καὶ
1331 5625 1432 5695 ὅρα
1490 5623 1588 5695 τὴν
1645 5624 1975 5694 Ἐκκλησίαν

354 5732 540 5788 τοῦτο
570 5722 668 5778 ἀεὶ
690 5722 952 5776 ποιοῦσαν
983 5725 1040 5774 ἐν
1071 5724 1189 5784 ταῖς
1218 5718 1318 5787 τῆς
1351 5718 1697 5790 λειτουργίας
1726 5719 1975 5784 είσόδοις,

360 5823 467 5881 καὶ
495 5817 583 5889 μὴ
618 5812 838 5866 τελείων
861 5811 1027 5865 ὄντων
1049 5811 1157 5865 τῶν
1184 5810 1342 5864 θείων
1368 5806 1575 5879 δώρων.

2008 4580 2055 4637 ι)

2075 3319 2195 3373 sine
2228 3335 2358 3374 cura
2399 3321 2678 3392 dignitatis
2702 3331 2755 3375 et
2786 3321 3028 3377 absurde
3057 3322 3326 3388 fecerunt,
3359 3320 3453 3376 sed
3490 3320 3660 3388 parti-

2076 3409 2251 3464 culam
2296 3424 2505 3489 sacram
2538 3414 2627 3482 pie
2684 3420 2913 3482 reponat
2962 3413 3018 3467 in
3072 3422 3263 3467 sancto
3309 3411 3477 3465 calice
3530 3426 3654 3464 cum

2076 3497 2298 3569 forcipe,
2329 3502 2471 3556 sicut
2521 3504 2689 3559 maris
2730 3512 2815 3558 est
2863 3520 2891 3558 a
2932 3503 3229 3574 principio,
3262 3512 3319 3559 et
3349 3518 3451 3558 nos
3508 3502 3659 3572 prius

2076 3591 2336 3647 vidimus.
2393 3592 2661 3649 Sacerdos
2698 3595 2920 3651 indutus
2956 3596 3094 3651 stola
3134 3594 3481 3665 przccedente
3514 3594 3652 3648 lam—

2073 3683 2215 3754 pade
2251 3693 2429 3754 potest
2469 3685 2754 3748 incedere,
2824 3687 3012 3758 sicque
3065 3688 3133 3742 ad
3165 3688 3443 3742 inﬁrmum
3502 3702 3660 3742 sacra

2077 3776 2460 3832 communione
2512 3778 2891 3832 rohorandum
2948 3779 3232 3835 accedere.
3288 3779 3357 3833 Et
3389 3780 3461 3834 ita
3497 3796 3659 3850 agere

2076 3870 2279 3925 debent
2305 3885 2409 3924 non
2446 3869 2620 3924 solum
2656 3871 2945 3926 saeculares
2976 3872 3315 3939 sacerdotes,
3347 3872 3439 3927 sed
3490 3872 3655 3926 etiam

2078 3963 2331 4020 monachi
2364 3964 2421 4019 in
2459 3962 2830 4026 monasteriis.
2868 3964 3091 4033 quibus,
3131 3964 3185 4018 in
3207 3965 3472 4019 honorem
3495 3963 3660 4020 Chri-

2078 4055 2148 4109 sti
2177 4064 2232 4109 et
2257 4063 2481 4124 propter
2531 4068 2650 4107 eam
2701 4069 2810 4124 qua
2861 4062 3050 4108 sancta
3101 4060 3338 4109 tractare
3396 4054 3662 4109 debemus

2077 4147 2358 4217 pietatem,
2396 4145 2648 4201 habenda
2686 4157 2770 4202 est
2821 4146 2889 4202 ad
2940 4147 3045 4201 hoc
3089 4145 3327 4216 pretiosa
3374 4145 3660 4215 supellex;

2079 4239 2352 4306 etquibus
2385 4237 2502 4307 pari
2542 4255 2673 4293 cura
2722 4239 2942 4299 vitanda
2977 4246 3103 4293 sunt
3142 4238 3509 4293 abominanda
3558 4240 3662 4295 ista

2080 4344 2201 4399 quae
2247 4329 2497 4385 accidere
2532 4331 2768 4386 vidimus
2804 4348 2818 4385 :
2863 4331 3188 4401 particulam
3219 4345 3427 4384 sacram
3475 4346 3662 4385 asser-

2079 4422 2193 4478 vari
2227 4422 2424 4478 inloco
2455 4422 2751 4486 indecenti,
2783 4432 2838 4478 et
2871 4438 2995 4478 cum
3020 4438 3138 4477 eam
3160 4438 3228 4477 ex
3264 4422 3460 4494 pyxide
3491 4422 3662 4477 desu-

2081 4530 2232 4570 mere
2263 4516 2474 4582 volunt,
2503 4531 2647 4585 saepe
2690 4515 2809 4571 ﬁeri
2857 4524 2917 4570 ut
2945 4525 3133 4577 sancta
3170 4524 3358 4578 ruant,
3416 4523 3474 4569 ut
3507 4512 3661 4569 audi-

2082 4701 2330 4772 dignum.
2363 4701 2470 4757 Sed
2495 4712 2549 4757 et
2573 4702 2690 4757 haec
2714 4702 2911 4756 Sancta
2940 4700 3145 4756 habere
3164 4701 3218 4755 in
3243 4700 3366 4755 sinu
3398 4700 3663 4763 inceden-

2082 4794 2154 4850 do
2206 4794 2294 4850 vel
2344 4795 2539 4851 stando
2588 4795 2815 4849 omnino
2848 4794 3129 4864 impium:
3183 4802 3239 4850 et
3262 4809 3385 4864 qua;
3417 4792 3661 4863 alioquin

2083 4885 2294 4942 utilitas
2326 4900 2393 4940 ex
2432 4885 2539 4941 hoc
2588 4900 2711 4945 esse
2765 4894 2968 4954 potest,
3028 4901 3152 4940 eum
3210 4885 3423 4957 post-int
3477 4899 3665 4953 sacra_~

2085 4987 2332 5034 mentum
2372 4979 2617 5034 invenire
2670 4979 2726 5033 in
2773 4979 2972 5048 quovis
3031 4977 3235 5049 templo
3262 4975 3662 5047 asservatuml

2082 5072 2448 5139 Quamobrem
2493 5080 2683 5142 peccat
2740 5072 3037 5143 spiritualis
3073 5071 3236 5129 Pater
3273 5072 3353 5128 vel
3402 5072 3662 5134 sacerdos

2081 5167 2176 5236 qui
2222 5165 2355 5231 hoc,
2388 5164 2564 5232 facit;
2644 5165 2753 5221 nisi
2829 5165 2972 5222 forte
3035 5154 3277 5220 maxima
3344 5164 3661 5233 impellatur

2082 5258 2431 5321 necessitate,
2473 5258 2526 5311 in
2581 5273 2767 5313 eremo
2801 5258 3030 5321 scilicet,
3075 5267 3131 5312 et
3182 5272 3290 5311 non
3321 5256 3497 5326 possit
3528 5270 3662 5309 nor-

2083 5366 2229 5405 mam
2292 5349 2449 5420 sequi
2507 5350 2899 5420 praescriptam,
2934 5359 3029 5404 aut
3066 5348 3113 5402 si
3170 5348 3377 5402 habitet
3427 5348 3481 5402 in
3545 5362 3662 5402 me-

2081 5443 2173 5499 dio
2216 5443 2586 5509 ethnicorum,
2640 5455 2743 5497 nec
2771 5440 2943 5511 possit
2997 5440 3339 5495 conﬁdenter
3380 5450 3434 5494 et
3487 5439 3661 5501 libere

2080 5549 2263 5605 agere,
2298 5541 2583 5602 metusque
2600 5542 2687 5588 est
2713 5548 2782 5587 ne
2799 5531 3054 5601 quiddam
3086 5532 3442 5587 irreverentia
3478 5546 3662 5587 sacra-

2082 5626 2285 5681 mentis
2337 5623 2624 5690 inferatur,
2708 5623 3006 5692 prudenter
3037 5623 3255 5677 omittat
3285 5623 3603 5694 praescripta
3643 5643 3658 5681 :

2081 5722 2178 5774 sed
2205 5728 2358 5773 extra
2398 5718 2545 5774 hunc
2570 5733 2781 5782 casum,
2816 5717 3084 5787 frequenti
3117 5718 3379 5772 comitatu
3435 5726 3490 5771 et
3526 5733 3655 5773 cum

2090 5814 2298 5866 honore
2328 5810 2498 5868 multo
2529 5808 2845 5867 deducenda
2879 5818 3009 5866 sunt
3035 5818 3229 5869 sancta
3267 5808 3332 5866 ad
3386 5806 3655 5864 inﬁrmos.

2083 4608 2286 4675 vimus,
2326 4608 2473 4680 quod
2502 4624 2636 4665 sane
2667 4611 2894 4664 horrore
2930 4608 3148 4676 plenum
3211 4616 3269 4663 et
3290 4607 3410 4662 diro
3449 4607 3664 4677 judicio
3737 4666 3748 4678 ,
