4060 6282
392 1058 399 1107 l

443 360 544 426 951

1213 353 1597 416 SYMEONIS
1637 344 2388 410 THESSALONICENSIS
2442 343 2805 405 ARCHIEP.

3583 331 3693 397 ετξ

444 474 851 531 Animadvertet
904 470 1064 526 etiam
1119 469 1264 540 quod
1317 485 1533 534 semper
1599 467 1680 522 sic
1732 465 1903 535 egerit
1944 474 2000 518 et
2031 464 2299 533 agendum
2331 472 2535 518 statuat
2579 459 2843 526 Ecclesia,
2893 471 3017 512 cum
3068 455 3138 511 ad
3171 454 3500 511 sacriﬁcium
3557 465 3686 520 pro-

447 567 681 633 ceditur,
722 575 777 620 et
808 579 930 618 eum
957 562 1096 617 dona
1131 561 1226 616 Dei
1257 570 1448 616 contra
1481 572 1733 613 normam
1776 556 2155 626 perliciuntur.

898 673 1223 743 QUESTIO
1256 672 1537 727 LXXXIII.

447 795 505 851 Si
544 812 635 865 per
676 794 986 865 oblivionem
1017 792 1302 865 sacerdotis
1341 786 2016 865 contingat-u-rrionem‘sa-

519 855 890 918 c'ralnentalem
930 878 1031 915 non
1081 862 1215 929 ﬁeri,
1263 868 1311 912 et
1357 855 1579 910 vacuum
1624 857 1712 912 ille
1756 855 2011 924 poculum

511 936 789 1003 lobtexerit,
819 932 943 1003 quid
976 932 1315 999 faciendum?

522 1027 581 1080 Si
631 1025 830 1079 oblitus
886 1022 1050 1076 fuerit
1083 1022 1339 1076 sacerdos
1376 1022 1480 1076 sub
1533 1029 1765 1088 utraque
1827 1018 2012 1086 specie

449 1134 621 1173 unum
674 1115 948 1171 conﬁcere
1003 1115 1355 1179 sacriﬁcium,
1407 1122 1463 1167 et
1516 1127 1742 1166 vacuum
1795 1112 2017 1165 calicem

450 1207 815 1277 coopernerit,
840 1215 895 1259 et
928 1204 1055 1260 huic
1082 1204 1342 1258 oblivioni
1375 1201 1665 1255 attenderit
1691 1201 1744 1254 in
1772 1200 2018 1277 introitu,

453 1298 635 1351 statim
667 1297 720 1349 in
752 1310 906 1350 sacra
946 1310 1134 1349 mensa
1184 1295 1342 1348 debet
1371 1292 1641 1346 unitatem
1669 1292 1908 1346 victimae
1950 1306 2017 1345 ex

452 1390 661 1443 duabus
682 1387 965 1457 speciebus
988 1401 1283 1455 procurare
1310 1394 1363 1439 et
1386 1399 1577 1454 preces
1601 1380 2019 1453 praeparationis

454 1480 717 1550 proferre,
749 1489 804 1532 et
829 1483 910 1533 sic
960 1477 1285 1533 sacriﬁcium
1316 1476 1634 1545 adimplebit
1661 1488 2019 1529 consumma-

454 1566 662 1634 bitque.
700 1564 756 1619 Si
792 1579 920 1619 vero
952 1579 1061 1618 non
1109 1564 1576 1629 animadverterit,
1604 1575 1660 1619 et
1690 1563 2020 1619 sacriﬁcium

456 1657 712 1726 ignorans
752 1654 1062 1724 perfecerit,
1092 1665 1144 1709 et
1174 1655 1446 1710 deiectum
1478 1656 1798 1727 cognoverit
1823 1655 2025 1711 solum-

458 1748 619 1802 modo
656 1762 783 1802 cum
815 1762 1035 1802 sumere
1064 1747 1266 1817 cogitat
1290 1758 1633 1803 consecratas
1659 1749 1891 1817 species,
1924 1748 2022 1802 de-

458 1841 549 1893 bet
592 1840 819 1895 alteram
853 1840 906 1893 in
942 1840 1204 1894 unitatem
1259 1840 1491 1894 victimae
1537 1855 1861 1911 consecrare
1902 1854 2026 1909 spe-

458 1934 620 1997 ciem,
683 1947 873 2002 preces
938 1933 1350 2001 praeparationis
1406 1934 1651 2002 proferre
1715 1943 1771 1986 et
1829 1946 2023 1988 omnes

2040 654 2096 713 Δ

2648 662 2979 723 ΕΡΩΤΗΣῙΣ
3033 661 3161 715 IlI".

2120 784 2258 838 Ἐὰν
2279 756 2445 851 ’λήθῃ
2483 781 2590 835 τοῦ
2617 781 2815 848 ἱερέως
2842 777 3106 851 συμϐαίη
3148 775 3249 851 μὴ·
3274 775 3497 851 ἔνωσινς
3524 774 3693 840 γενέ-

2190 843 2363 975 σὲαιξ
2385 843 2749 919 inualuit-11
2782 843 2963 903 me;
2997 848 3065 902 τὸ
3096 843 3408 915 ποτήριον,
3439 843 3495 895 τί
3521 858 3697 911 ποιη-

2192 941 2222 975 τ
2258 940 2331 977 ον
2358 939 2378 988 ;

2203 1020 2331 1073 Ἐὰν
2360 1020 2429 1088 τῇ
2455 1017 2594 1087 λήθῃ
2622 1013 2718 1069 τοῦ
2753 1014 2942 1085 ἱερέως
2974 1012 3213 1085 συμβαίη
3249 1011 3325 1080 μὴ
3377 1009 3572 1063 ἕνωσιν
3599 1024 3698 1074 γε⁸

2122 1111 2331 1176 νέσθαι,
2362 1113 2457 1164 καὶ
2486 1108 2703 1179 καλύψῃ
2725 1107 2882 1160 κενὸν
2906 1107 2967 1160 τὸ
2998 1104 3284 1174 ποτήριον,
3314 1102 3364 1154 εί
3394 1099 3501 1171 μιν
3523 1100 3584 1151 ἐν
3624 1103 3693 1168 τῇ

2123 1205 2316 1273 εἰσόδῳ
2339 1202 2474 1272 γνῷ,
2500 1200 2663 1262 εὐθὺς
2698 1202 2755 1252 ἐν
2796 1200 2863 1267 τῇ
2914 1196 3035 1267 θείᾳ
3063 1194 3311 1267 τραπέζῃ
3360 1194 3461 1263 τὴν
3499 1193 3700 1245 ἕνωσιν

2121 1296 2327 1366 ὀφείλει
2355 1294 2604 1362 ποιῆσαι,
2633 1292 2727 1344 καὶ
2748 1290 2848 1360 τὴν
2895 1290 3062 1360 εὐχὴν
3112 1290 3288 1342 εἰπεῖν
3346 1288 3445 1355 τῆς
3497 1285 3703 1355 7:900:-

2123 1404 2282 1452 σεως,
2312 1387 2404 1439 καὶ
2432 1384 2575 1438 οὕτω
2595 1384 2665 1436 τὰ
2693 1380 2791 1449 τῆς
2819 1378 3167 1449 λειτουργίας
3193 1377 3436 1430 τελέσαι.
3471 1375 3534 1428 Ei
3565 1374 3613 1427 δ’
3636 1375 3698 1427 οὐ

2124 1478 2416 1550 προσέσχε,
2446 1477 2542 1530 καὶ
2574 1478 2643 1528 τὰ
2686 1474 2784 1542 τῆς
2825 1471 3172 1539 λειτουργίας
3220 1468 3595 1531 ἐκτετέλεκεν,
3642 1467 3703 1518 ἐν

2124 1572 2181 1624 δὲ
2203 1569 2280 1640 τῷ
2315 1569 2533 1640 μέλλειν
2567 1564 2892 1636 μεταλαϐεῖν
2917 1563 3078 1616 τοῦτο
3136 1562 3299 1629 ἔγνω,
3359 1559 3567 1626 ὀφείλει
3601 1557 3703 1625 τὴν

2124 1666 2319 1717 ἐνωσιν
2356 1661 2602 1730 ποιῆσαι,
2644 1658 2740 1710 καὶ⁵
2773 1657 2873 1725 τὴν
2924 1656 3089 1726 εὐχὴν
3125 1656 3304 1707 εἰπεῖν
3347 1654 3447 1717 τῆς
3500 1649 3701 1722 προθέ-

2129 1774 2287 1818 σεως,
2342 1755 2434 1808 καὶ
2476 1752 2537 1817 ἐξ
2582 1752 2757 1831 ἀρχῆς
2808 1749 2971 1803 πάλιν
3010 1749 3109 1811 τὰς
3158 1747 3268 1801 ἀπὸ
3315 1747 3412 1815 τῆς
3455 1745 3706 1815 μεγάλης

2127 1848 2337 1902 εἰσόδου
2387 1845 2555 1916 εὐχὰς
2611 1845 2810 1908 εἰπεῖν,
2871 1840 2969 1895 καὶ
3026 1842 3085 1893 ἐν
3142 1843 3206 1910 τῇ
3270 1837 3561 1907 ἐπικλήσει
3608 1835 3705 1889 τοῦ

2131 1938 2468 2007 Ιινεύματος,
2496 1933 2743 2006 μόνοντδ
2788 1934 3048 2002 ποτήριον
3087 1922 3413 2001 σφραγίσαι,
3476 1931 3571 1982 καὶ
3629 1927 3703 1981 τά

458 2026 591 2079 alias
617 2040 679 2079 ex
706 2024 900 2103 ordine
936 2024 1117 2079 dicere
1148 2040 1337 2095 preces
1380 2008 1448 2079 ab
1480 2006 1717 2077 introitu
1766 2025 2021 2089 solemni,

2139 2032 2255 2100 ἑξῆς
2280 2006 2527 2094 τελέσαι,
2564 2028 2660 2081 καὶ
2688 2028 2810 2080 τότε
2843 2027 3155 2095 μετασχεῖν.
3213 2021 3400 2086 Οὕτως
3426 2020 3538 2090 ἐγὼ
3569 2024 3703 2091 περὶ

458 2126 513 2170 et
538 2125 667 2170 tunc
732 2115 1081 2170 solummodo
1111 2118 1393 2191 cooperire
1414 2116 1567 2185 quasi
1598 2116 1776 2186 sigillo
1800 2115 2026 2169 calicem

460 2225 558 2279 per
605 2208 1004 2263 invocationem
1040 2207 1213 2261 sancti
1270 2207 1531 2276 Spiritus,
1583 2217 1638 2263 et
1662 2209 1735 2262 ita
1790 2223 2027 2264 sumere.

460 2306 539 2356 Ita
599 2302 702 2355 hoc
769 2300 965 2368 opinor
1026 2314 1126 2368 ego
1187 2300 1461 2353 sacerdoti
1495 2300 1762 2369 agendum
1803 2316 1943 2364 esse,
1984 2302 2029 2355 si

462 2394 622 2448 modo
656 2393 932 2462 sapienter
960 2392 1164 2446 dictum
1206 2392 1475 2445 senserint
1502 2393 1594 2447 alii
1635 2393 1839 2447 Christi
1891 2408 2027 2463 pon-

462 2486 657 2552 tiﬁces,
695 2494 752 2540 et
801 2485 1097 2554 praesertim
1134 2499 1323 2555 magna
1373 2485 1631 2555 synodus.
1680 2485 1917 2541 Evidcns
1953 2489 2034 2539 in-

461 2588 611 2632 terea
649 2576 861 2632 videtur
900 2591 1008 2629 non
1045 2589 1203 2644 posse
1236 2576 1551 2631 consecrari
1591 2577 1917 2644 completum
1946 2591 2031 2630 sa-

473 2669 740 2723 criﬁcium
788 2669 854 2722 ad
911 2668 1060 2738 quod
1125 2683 1230 2722 non
1294 2667 1562 2723 accedunt
1616 2682 1825 2736 preces,
1890 2668 2036 2736 quod

468 2778 577 2815 non
634 2761 876 2831 signatur
925 2760 1104 2829 sigillo
1135 2772 1187 2815 et
1215 2762 1561 2815 invocatione
1588 2761 1759 2813 sancti
1795 2758 2033 2827 Spiritus

471 2864 530 2908 ut
555 2854 607 2907 in
640 2856 956 2923 sanguinem
986 2853 1226 2909 divinum
1254 2852 1455 2908 Christi
1483 2860 1897 2917 transmutetur,
1937 2866 2036 2906 nec

2130 2121 2322 2175 τούτου
2353 2120 2640 2191 λογίζομαι
2667 2119 2875 2173 δίκαιον
2905 2112 3045 2169 εἶναι
3088 2117 3315 2187 ποιῆσαι
3370 2114 3460 2168 τὸν
3523 2114 3702 2181 ἱερέα.

2135 2214 2248 2281 είγε
2280 2212 2375 2265 καὶ
2402 2212 2586 2274 ἄλλοις
2619 2211 2761 2274 δόξει
2792 2210 2951 2263 τοῦτο
2970 2209 3080 2262 τῶν
3112 2207 3415 2279 ἀρχιερέων
3461 2204 3706 2275 Χριστοῦ

2137 2305 2415 2376 ἁρμόδιον,
2464 2304 2562 2357 νιειλ⁸
2596 2303 2828 2373 μάλιστα
2878 2304 2945 2371 τῇ
3003 2302 3212 2372 μεγάλῃ
3267 2300 3499 2369 συνόδῳ.
3549 2298 3713 2351 Ἐπεὶ

2136 2394 2236 2446 οὐκ
2263 2393 2328 2447 ἂν
2356 2393 2440 2465 είη
2476 2394 2859 2462 τετελεσμένον
2879 2393 2938 2445 τὸ
2968 2392 3044 2462 μὴ
3064 2390 3355 2460 δεξάμενον
3385 2392 3482 2451 τάς
3515 2389 3709 2458 εὐχὰς.

2142 2486 2277 2556 μηδέ
2304 2486 2392 2539 διὰ
2414 2486 2510 2555 τῆς
2540 2485 2837 2556 σφραγίδος
2867 2486 2961 2538 καλ⁸
3004 2484 3347 2554 ἐπικλήσεως
3398 2482 3495 2537 τοῦ
3537 2481 3713 2535 Πνεῦ-

2134 2582 2214 2643 είς
2238 2578 2300 2631 τὸ
2355 2578 2505 2631 θεῖον
2551 2573 2694 2648 αἷμα
2746 2576 3106 2648 μεταϐληθὲν,
3143 2577 3219 2644 μὴ
3258 2575 3479 2645 εὑρεθὲν
3527 2575 3714 2627 ἐκεῖσε

2133 2672 2277 2727 τότε.
2304 2671 2377 2723 Τὸ
2402 2670 2512 2739 γάρ
2540 2670 2986 2741 ῖερουργηθῆναι,
3004 2668 3094 2722 διὰ
3127 2667 3225 2721 τοῦ
3256 2667 3585 2737 προκεῖσθαι
3616 2666 3717 2719 καὶ

2131 2762 2232 2824 τὰς
2261 2762 2422 2831 εὐχὰς
2449 2760 2599 2831 παρὰ
2623 2760 2717 2814 τοῦ
2759 2762 2951 2831 ἱερέως
2987 2760 3082 2815 καὶ
3106 2761 3205 2830 τὴν
3253 2758 3528 2828 σφραγῖδα
3555 2757 3715 2824 δέξα-

2138 2852 2261 2908 σθαι
2292 2852 2522 2922 γίνεται.
3242 2838 3247 2841 Δ

468 2948 590 3000 ideo
618 2955 945 3015 praesentem
975 2945 1027 2999 in
1065 2945 1223 3000 altari
1287 2954 1573 3001 monstrat.
1619 2942 1747 2997 Tria
1787 2945 1931 3000 enim
1964 2954 2093 3000 sunt
2120 2945 2188 3000 ad
2249 2946 2576 3002 sacriﬁcium
2628 2946 3009 3016 complendum
3075 2944 3386 3000 necessaria
3423 2961 3438 2997 :
3495 2958 3710 3013 praepa-

471 3040 609 3093 ratio
657 3047 713 3095 et
744 3038 945 3095 oblatio
972 3039 1388 3106 elementorum,
1436 3038 1502 3091 ad
1533 3053 1656 3108 quae
1712 3039 1978 3094 accedunt
2010 3052 2199 3109 preces
2222 3039 2523 3096 sacerdotis
2572 3048 2629 3095 et
2684 3039 3026 3096 consecratio
3085 3037 3430 3110 sigillumque
3471 3036 3715 3107 Spiritus

470 3133 669 3188 sancti.

538 3229 648 3285 llas
677 3229 1083 3299 promptissime
1126 3237 1181 3284 et
1231 3231 1513 3299 synoptiee
1557 3228 1858 3284 secundum
1912 3240 2032 3280 eam

466 3339 587 3390 qua:
621 3325 675 3377 in
704 3324 971 3379 nobis'est
1007 3322 1319 3377 facultatem
1351 3323 1747 3392 qtuestionibus
1782 3320 2032 3397 proposi-

2213 3225 2429 3288 Ταύτας
2459 3223 2763 3295 προχείρως
2793 3226 2889 3277 κοιλ⁸
2908 3225 2965 3277 ἐν
2999 3224 3221 3295 συνόψει
3248 3225 3391 3279 κατὰ
3416 3224 3516 3295 τὴν
3560 3223 3716 3281 ἐνοῦ-

2142 3334 2241 3371 σαν
2267 3318 2399 3386 ἡμῖν
2422 3308 2651 3385 δύναμιν
2677 3314 2816 3385 πρὸς
2844 3315 2941 3378 τάξ
2964 3317 3263 3387 ἐρωτήσεις
3317 3316 3417 3380 τὰς
3474 3317 3716 3387 ἀποκρί-

468 3416 539 3469 tis
559 3414 842 3467 retulimus
868 3413 1271 3481 responsiones,
1300 3414 1537 3482 impares
1564 3413 1789 3467 omnino
1821 3413 2035 3467 minus-

2144 3425 2257 3471 σεις
2278 3408 2673 3477 ἐποιησάμεθα,
2705 3407 2804 3477 οὐχ
2835 3408 3027 3472 ἱκανὰς
3057 3408 3371 3478 νομίζοντες
3395 3406 3557 3476 εῖναι,
3576 3411 3715 3466 am

470 3528 577 3582 que
604 3510 1116 3571 idoneas-scientes,
1134 3511 1227 3564 sed
1255 3510 1323 3563 ad
1349 3524 1661 3564 mensuram
1711 3509 2039 3580 altingentes

471 3601 841 3667 intelligentiae
881 3610 1081 3654 nostra:
1131 3602 1185 3654 in
1232 3598 1451 3656 Christo
1508 3609 1586 3665 et,
1625 3610 1686 3655 ut
1738 3600 2040 3667 aiebamus,

473 3690 724 3745 meritum
767 3690 956 3745 saltem
987 3690 1308 3745 obedientia:
1360 3689 1722 3745 etcharitatis
1753 3690 2041 3745 habentes.

472 3782 860 3839 Perfectiorem
916 3796 1046 3836 sane
1089 3782 1286 3836 horum
1362 3792 1417 3836 et
1471 3782 1726 3837 similium
1793 3782 2042 3836 notitiam

470 3877 659 3939 habes,
680 3868 739 3930 ut
765 3889 950 3929 verum
978 3875 1179 3939 dicam,
1202 3874 1344 3944 apud
1364 3876 1707 3945 temetipsum
1731 3874 1816 3929 vel
1839 3890 1903 3928 ex
1938 3875 2045 3928 Ira-

473 3968 651 4021 tribus
680 3975 861 4021 mente
909 3966 1089 4021 altiori
1120 3975 1177 4021 et
1209 3968 1399 4036 majori
1432 3970 1726 4022 sanctitate
1779 3969 2043 4037 praeditis,

471 4064 565 4133 qui
587 4072 643 4115 et
669 4061 894 4114 Patrum
929 4057 1223 4112 medullam
1251 4057 1508 4112 subtilius
1556 4059 1787 4113 scrutati
1818 4067 1968 4117 sunt.
2000 4063 2046 4115 Α

472 4167 802 4223 quocunque
817 4164 945 4220 ergo
974 4163 1157 4203 eorum
1181 4147 1486 4202 sciscitatus
1513 4146 1699 4215 fueris,
1724 4163 1833 4203 non
1852 4150 2045 4205 desunt

475 4247 621 4301 enim
674 4245 764 4315 qui
815 4243 981 4297 Deum
1030 4240 1279 4312 diligunt,
1337 4240 1615 4309 puriorem
1665 4256 1769 4312 per,
1810 4243 2043 4311 tcipsum

484 4338 717 4407 accipies
740 4337 927 4389 horum
959 4341 1013 4387 et
1046 4332 1380 4387 subtiliorem
1412 4331 1854 4401 intelligentiam.
1880 4331 2047 4388 Nobis

480 4442 663 4484 autem
709 4425 920 4482 dederit
948 4422 1091 4478 Deus
1111 4423 1310 4478 vestris
1352 4421 1553 4475 sanctis
1585 4421 1839 4495 precibus
1866 4437 1896 4475 a
1927 4437 2049 4490 pas-

478 4522 724 4577 sionibus
752 4517 984 4588 expiari,
1038 4515 1321 4585 pulsisque
1372 4515 1607 4571 terrenis
1660 4512 1863 4582 quibus
1891 4530 2047 4570 mens

479 4609 781 4664 oll‘undilur
833 4606 1092 4669 tenebris,
1134 4604 1301 4658 etiam
1350 4602 1626 4673 paululum
1661 4602 1955 4658 illuminari
1992 4612 2051 4660 ut

480 4701 781 4773 cogitemus
827 4709 885 4753 ut
942 4712 1041 4768 par
1094 4705 1181 4752 est
1234 4696 1301 4751 de
1350 4704 1533 4750 nostra
1588 4697 1785 4761 salute,
1841 4708 1896 4751 et
1930 4710 2052 4752 tan-
2078 4726 2129 4787 Β

479 4794 604 4847 dem
658 4790 891 4845 feliciter
919 4790 1193 4844 salvemur
1247 4786 1622 4843 misericordia
1677 4787 1875 4843 Christi
1939 4785 2053 4842 Sal-

485 4882 687 4935 vatorls
744 4882 912 4934 nostri
985 4886 1041 4933 et
1071 4879 1181 4934 veri
1245 4877 1491 4933 luminis.
1526 4877 1872 4932 Inveniamus
1923 4893 2054 4947 ergo

485 4984 764 5044 postremo
786 4980 1029 5023 nostram
1081 4970 1313 5025 salutem
1368 4969 1625 5040 precibus
1658 4969 1901 5022 omnium
1940 4968 2053 5024 fra-

486 5077 650 5129 trum,
698 5060 943 5115 omnium
980 5066 1293 5113 sanctorum
1339 5067 1396 5112 et
1443 5067 1803 5113 sacrosancta:
1837 5073 2052 5127 semper

485 5153 723 5223 Virginis
751 5150 1167 5213 intercessione,
1199 5147 1552 5203 miseratione
1573 5159 1630 5203 et
1658 5164 1839 5204 amore
1861 5149 2051 5204 Domi-

488 5248 540 5300 ni
571 5244 744 5299 nostri
774 5242 899 5297 Jesu
923 5241 1150 5306 Christi,
1177 5240 1440 5311 unigeniti
1474 5237 1594 5294 Filii
1626 5240 1747 5306 Dei,
1779 5256 1901 5295 cum
1938 5256 2051 5310 quo

486 5337 599 5392 Deo
625 5336 768 5391 Patri
796 5348 850 5391 et
879 5336 1040 5391 simul
1062 5333 1267 5406 Spiritu
1300 5342 1492 5391 saneto
1522 5334 1595 5388 sit
1616 5333 1788 5404 gloria
1819 5349 1964 5389 nunc
1995 5341 2051 5388 et

488 5442 718 5501 semper,
745 5439 794 5484 el
822 5432 874 5483 in
906 5428 1099 5484 saecula
1135 5428 1480 5484 szeculorum.
1517 5426 1710 5482 Amen.

2144 3498 2373 3552 καθόσον
2412 3500 2574 3569 ἡμεῖς
2608 3499 2665 3552 ἐν
2694 3498 2918 3570 Χριστῷ
2949 3499 3315 3571 ἐξισχύσαμεν
3341 3502 3571 3569 γνῶναι,
3622 3505 3716 3555 καὶ

2142 3587 2241 3656 τῆς
2268 3588 2514 3656 ὑπακοῆς
2538 3589 2697 3659 χάριν
2725 3605 2783 3642 τε
2817 3590 2914 3642 καὶ
2950 3590 3198 3658 ἀγάπης,
3232 3592 3310 3655 ὡς
3357 3591 3590 3661 ἔφαμεν.
3648 3592 3717 3646 Ἦ

2144 3679 2455 3751 τελεωτέρα
2486 3679 2544 3733 δὲ
2572 3680 2775 3748 γνῶσις
2798 3681 2910 3734 τῶν
2934 3681 3190 3737 τοιούτων
3223 3686 3315 3737 καὶ
3352 3685 3461 3737 τῶν
3488 3686 3713 3753 ὁμοίων,

2145 3770 2359 3839 ἀληθῶς
2388 3788 2530 3840 φημι
2564 3772 2717 3843 παρὰ
2746 3773 2853 3839 σοὶ,
2886 3773 2982 3826 καὶ
3018 3776 3150 3844 παρ’
3177 3775 3425 3844 ἀδελφοῖς
3456 3777 3718 3846 ὑψηλοτέ-

2149 3883 2262 3937 ροις
2303 3867 2392 3919 τὸν
2415 3869 2537 3921 νοῦν
2570 3870 2664 3922 καὶ
2687 3871 3115 3941 καθαρωτέροις,
3161 3873 3259 3926 καὶ
3307 3874 3419 3938 τοῖς
3455 3873 3565 3928 τῶν
3603 3877 3714 3929 Πα-

2143 3960 2318 4026 τὲρων
2343 3959 2667 4028 λεπτότερον
2697 3962 3081 4017 ἐπιϐάλλουσιν
3108 3979 3122 3993 '
3145 3959 3225 4024 οἷς
3256 3967 3350 4019 καὶ
3372 3968 3718 4037 ἐντυγχάνων

2148 4053 2231 4122 (οὐ
2261 4051 2368 4121 γὰρ
2407 4046 2821 4107 ἐπιλελοίπασιῆἷ
2847 4058 2896 4108 οί
2938 4057 3081 4125 φίλοι
3104 4056 3264 4128 Θεοῦ)
3318 4060 3716 4131 καθαρωτέραν

2147 4143 2400 4214 εὑρήσεις
2427 4145 2534 4198 άπὸ
2562 4146 2758 4199 σαυτοῦ
2784 4164 2841 4200 τε
2869 4150 2967 4203 καὶ
2996 4150 3219 4205 ἐκείνων
3259 4154 3353 4206 καὶ
3381 4154 3719 4226 λεπτοτέραν

2149 4233 2251 4304 τὴν
2276 4233 2508 4288 ἐννοιαν.
2539 4234 2660 4306 Δῴη
2692 4235 2747 4289 δὲ
2777 4239 2872 4291 καὶ
2907 4241 3038 4311 ἡμῖν
3063 4241 3195 4306 Θεὸς
3223 4243 3518 4315 ὑμετέραις
3544 4244 3722 4310 θείαις

2150 4326 2335 4395 εὐχαῖς
2358 4326 2468 4380 τῶν
2488 4344 2547 4379 τε
2582 4326 2771 4382 παθῶν
2798 4330 3161 4401 καθαρθῆναι,
3190 4334 3285 4386 καὶ
3330 4336 3427 4404 τῆς
3457 4334 3724 4405 θολούσης

2152 4419 2243 4470 τὸν
2268 4419 2392 4473 νοῦν
2425 4421 2722 4491 προσγείου
2747 4422 2951 4494 ταύτης
3000 4427 3337 4495 συγχύσεως,
3370 4429 3471 4482 καὶ
3525 4430 3725 4500 μικρὸν

2152 4510 2516 4582 φωτισθῆναι,
2552 4514 2648 4566 καί
2688 4530 2742 4567 τι
2772 4515 3058 4585 φροντίσαι
3090 4520 3218 4587 περὶ
3266 4520 3368 4588 τῆς
3418 4521 3579 4589 ἡμῶν
3614 4538 3726 4575 σω-

2153 4603 2391 4672 τηρίας,
2453 4604 2654 4673 μᾶλλον
2706 4606 2763 4660 δὲ
2819 4608 3086 4678 σωθῆναι,
3139 4611 3285 4664 ἐλέει
3330 4613 3424 4666 τοῦ
3474 4616 3725 4687 Σωτῆρος

2157 4694 2313 4764 ἡμῶν
2343 4693 2507 4765 37o
2528 4696 2788 4766 Χριστοῦ,
2818 4697 2911 4752 τοῦ
2936 4700 3192 4770 ἀληθινοῦ
3237 4705 3436 4772 φωτός.
3476 4707 3589 4760 Καὶ
3634 4707 3727 4774 γέ-

2155 4802 2297 4839 νοιτο
2345 4788 2534 4840 τούτου
2580 4789 2730 4859 ἡμᾶς
2785 4790 3062 4862 ἐπιτυχεῖν
3109 4793 3202 4847 τοῦ
3256 4797 3498 4866 σωθῆναι
3538 4798 3727 4868 εὐχαῖς

2153 4879 2370 4935 πάντων
2392 4881 2500 4937 τῶν
2526 4878 2797 4953 ἀδελφῶν,
2826 4888 2921 4940 καὶ
2961 4888 3178 4943 πάντων
3220 4891 3329 4953 τῶν
3390 4893 3583 4961 ἁγίων.
3630 4898 3731 4948 καὶ

2150 4972 2250 5040 τῆς
2280 4973 2647 5044 άειπαρθένου
2675 4977 2772 5030 καὶ
2803 4979 3075 5047 παναγίας
3094 4979 3357 5036 Θεοτόκου
3387 4985 3730 5053 πρεσϐείαις,

2148 5064 2456 5135 οίκτιρμοῖς
2488 5067 2581 5120 καὶ
2603 5067 2986 5142 φιλανθρωπίᾳ
3014 5074 3181 5128 αὐτοῦ
3205 5074 3301 5129 τοῦ
3333 5076 3541 5146 Κυρίου
3567 5077 3733 5148 ἡμῶν

2155 5155 2335 5224 Ἰησοῦ
2362 5158 2602 5227 Χριστοῦ
2633 5159 2726 5212 τοῦ
2758 5162 3083 5230 μονογενοῦς
3114 5164 3244 5218 Υίοῦ
3275 5167 3370 5219 τοῦ
3399 5166 3558 5231 Θεοῦ,
3607 5170 3737 5239 μεθ’

2158 5241 2219 5301 οὗ
2248 5247 2326 5319 τῷ
2352 5250 2526 5321 Πατρὶ
2564 5252 2597 5322 ὴ
2631 5251 2755 5316 δόξα
2794 5252 2911 5323 ἄμα
2957 5254 3034 5326 τῷ
3091 5256 3233 5326 ἁγίῳ
3289 5259 3586 5328 Πνεῦματι,
3637 5260 3739 5318 νῦν

2160 5340 2253 5394 καὶ
2272 5341 2379 5409 ἀεὶ,
2407 5342 2505 5395 καὶ
2526 5345 2605 5407 είς
2635 5346 2760 5408 τοὺς
2792 5346 2993 5411 αίῶνας
3023 5348 3131 5403 τῶν
3159 5349 3386 5406 αἰώνων.
3424 5354 3622 5424 Ἀμήν.
