4078 6288
331 398 437 470 ιιςε

338 547 3537 587 mm

1640 398 1739 459 DE
1773 399 2276 463 SACERDOTIO.

1621 697 1854 785 ΤΟΥ
1926 695 2307 786 ΑΥΤΟΥ

1000 878 1533 1049 ΠΕΡΙ
1606 875 2904 1056 ΙΕΡΩΣΥΝΗΣ

872 1138 1166 1252 ΠΡΟΣ
1240 1161 1506 1254 TINA
1576 1166 1809 1255 ΤΩΝ
1882 1162 2409 1255 ΕΥΑΑΒΩΝ
2478 1164 3042 1258 ΜΟΝΑΧΩΝ

1437 1330 1638 1385 ιΕΡΑΣ
1683 1328 2055 1384 ΔιΑκοΝιΑΣ
2096 1328 2525 1400 ιιΞιΩΜΕΝοΝ,

551 1443 659 1496 ET!
693 1441 810 1498 ΚΑΙ
839 1441 978 1498 ΤΟΥ
1006 1442 1399 1499 ΔΡΧΙΕΡΕΩΣ
1422 1446 1530 1499 ΕΙΣ
1557 1446 1699 1499 TON
1733 1445 1870 1501 ΤΟΥ

2019 1448 2420 1502 ΕΣΒΥΤΕΡΟΥ
2467 1451 2878 1507 ΤΕΛΟΥΝΤΟΣ
2902 1453 3081 1507 ΤΟΤΕ
3110 1453 3428 1515 ΒΑΘΜυΝρ

1706 1795 2249 1890 EJUSDEM

600 1898 933 2005 _
1045 2055 1049 2059 ’
1187 2016 1444 2174 DE
1524 2016 2747 2223 SACERDOTIO

805 2285 956 2375 AD
1049 2282 1527 2376 PIORUM
1608 2282 2466 2382 MONACHORUM
2554 2291 3151 2399 QUEMDAM

1295 2462 1517 2521 SACRO
1591 2461 1873 2520 DIACONI
1938 2463 2229 2522 MUNERE
2288 2467 2625 2527 ORNATUM

692 2610 828 2667 NEC
884 2605 1023 2667 NON
1083 2609 1174 2666 AB
1228 2609 1559 2666 EPISCOPO
1595 2607 1852 2665 DEINDE
1908 2607 2238 2665 EVECTUM
2280 2610 2372 2665 AD
2438 2610 2730 2671 GRADUM
2785 2613 3243 2674 PRESBYTERI.

420 2913 508 2967 Ἐν
527 2911 747 2984 Χριστῷ
779 2929 875 2983 μοι
925 2913 998 2981 ἀγ
1010 2912 1190 2983 atsz
1215 2912 1312 2967 καὶ
1331 2910 1669 2984 γνησιώτατε
1703 2914 1916 2984 ἀδελφέ.

2097 2919 2155 2972 ln
2184 2915 2405 2973 Christo
2426 2914 2623 2972 dilecte
2661 2913 2793 2970 mihi
2848 2923 2904 2969 et
2951 2913 3210 2969 ﬁdissime
3239 2915 3429 2980 frater,
3475 2916 3600 2971 offi-

337 3006 438 3073 τὴν
494 3004 718 3075 ὀφειλὴν
756 3007 854 3074 τῆς
903 3005 1126 3074 ἀγάπης
1175 3006 1313 3059 πᾶσι
1361 3008 1504 3061 κατά
1551 3008 1650 3079 τὴν
1696 3011 1918 3076 ἐντολὴν

335 3098 671 3166 ὀφείλοντες,
731 3096 913 3166 πολλῷ
967 3096 1169 3166 μᾶλλον
1201 3097 1408 3170 ταύτην
1448 3100 1741 3170 ὀφείλομεν
1807 3105 1919 3165 τοῖς

337 3190 584 3259 γνησίοις
620 3192 856 3252 καὶτοῖς
887 3188 1156 3256 φιλοῦσιν.
1214 3189 1279 3243 Et
1335 3192 1444 3261 γὰρ
1487 3193 1582 3246 καὶ
1627 3192 1843 3265 ἀμερὴς
1887 3199 1917 3266 ἡ

344 3282 482 3335 κατὰ
511 3281 644 3335 Θεὸν
665 3283 857 3349 ἀγάπη
890 3282 985 3335 καὶ
1022 3281 1191 3351 ἁπλῆ,
1234 3283 1331 3335 καὶ
1366 3283 1672 3347 ἀποίκιλος,
1705 3284 1802 3338 καὶ
1822 3287 1922 3339 πᾶ-

341 3391 427 3427 σιν
461 3375 589 3437 ἴσως
615 3373 942 3442 ὀφειλομένη
965 3375 1109 3427 κατὰ
1134 3374 1228 3427 τὸν
1262 3375 1467 3428 τέλειον
1497 3375 1678 3443 λόγον,
1725 3378 1850 3448 ἀλλ’.
1884 3382 1915 3448 ἡ

338 3466 666 3535 αὑτοαγάπη
697 3467 792 3518 καὶ
818 3466 1230 3536 αὑτοτελειὸτης
1262 3466 1495 3536 Ἰησοῦς,
1521 3468 1718 3523 ἑαυτὸν
1742 3446 1919 3534 διδοὺς

340 3558 530 3620 πᾶσιν,
564 3557 712 3625 ὅμως
743 3557 884 3611 κατὰ
928 3557 1028 3626 τὴν
1054 3557 1282 3628 γνώμην
1316 3560 1551 3613 ἑκάστου
1586 3561 1920 3632 φανεροῦται

338 3650 451 3712 τοῖς
482 3649 849 3719 βουλομένοις,
882 3647 957 3712 ὡς
1004 3651 1095 3702 καὶ
1121 3652 1180 3703 τὸ
1211 3652 1326 3719 φῶς
1368 3652 1626 3720 αὐγάζων
1658 3653 1787 3719 ἴσως
1813 3656 1919 3708 πᾶα

340 3760 426 3793 σιν
454 3744 482 3795 ὁ
505 3742 674 3813 ἥλιος,
708 3745 852 3797 κατὰ
880 3742 942 3796 τὸ
981 3743 1160 3797 θέλειν
1183 3745 1317 3815 ὁρᾷν
1352 3745 1448 3799 καὶ
1475 3747 1536 3798 τὸ
1564 3736 1791 3801 δυνατὸν
1819 3748 1920 3819 τῆς

337 3835 601 3904 ὁράσεως,
630 3836 930 3906 καθορᾶται
953 3837 1196 3906 ἑκάστῳ.
1227 3838 1394 3893 Ὅθεν
1417 3840 1511 3894 καί
1538 3857 1703 3911 φησιν
1756 3843 1919 3906 αὐτὸς

339 3927 590 3996 ὸΣωτήρ
618 3943 632 3958 ·
691 3948 710 3979 ι
763 3930 908 3996 Ἐγὼ
953 3930 1080 3992 τοὺς
1129 3930 1230 4000 ἐμὲ
1280 3931 1573 4000 φιλοῦντας
1630 3935 1852 4002 ἀγαπῶ·
1896 3955 1915 3987 ι

338 4020 438 4087 οὐχ
472 4021 556 4071 ὅτι
592 4020 744 4081 τινὰς
801 4020 900 4088 μὲν
950 4021 1116 4089 φιλεῖ,
1163 4022 1315 4084 τινὰς
1369 4025 1428 4076 δὲ
1484 4026 1546 4078 οὐ
1587 4026 1753 4094 φιλεῖ,
1802 4029 1919 4082 ἀλλ’

337 4110 531 4173 ἁπλῶς
564 4111 771 4173 πάντας
813 4110 889 4174 ὡς
916 4114 1243 4183 αὐτοαγάπη
1273 4112 1370 4177 ὢν,
1401 4117 1631 4181 ἀγαπῶν
1678 4119 1806 4181 τοὺς
1845 4124 1920 4190 μὴ

340 4201 703 4271 βουλομένους
731 4202 894 4256 αὐτὸν
914 4203 1136 4272 ἀγαπᾷν
1149 4203 1246 4256 καὶ
1262 4205 1711 4275 μακρυνομένους
1731 4207 1915 4274 αὑτοῦ,

2021 3009 2165 3064 cium
2199 3007 2482 3063 charitatis
2549 3015 2749 3061 nostra:
2791 3006 2942 3076 juxta
2972 3006 3287 3061 mandatum
3345 3006 3600 3061 omnihtrs

2021 3101 2304 3166 debentes,
2336 3098 2510 3153 multo
2532 3098 2706 3167 magis
2736 3097 2881 3151 illam
2941 3096 3187 3167 ingenuis
3235 3104 3291 3150 et
3322 3097 3600 3168 diligenti-

2020 3193 2123 3247 bus
2150 3191 2433 3247 debemus.
2476 3188 2586 3244 Etsi
2626 3187 2771 3242 enim
2815 3202 2937 3258 qua:
2982 3188 3280 3242 secundum
3317 3185 3486 3243 Deum
3517 3197 3605 3243 est

2021 3283 2259 3339 charitas
2320 3282 2575 3348 indivisa,
2605 3279 2834 3350 simplex
2859 3288 2912 3335 et
2942 3278 3229 3334 uniformis
3247 3281 3340 3345 sit,
3366 3288 3422 3334 et
3455 3279 3600 3335 illam

2021 3377 2278 3431 omnibus
2310 3374 2612 3429 debeamus
2659 3372 2961 3428 secundum
3006 3372 3140 3444 legis
3183 3371 3598 3439 perfectionem.

2022 3470 2087 3524 ad
2113 3470 2286 3523 instar
2312 3466 2526 3523 Domini
2544 3464 2698 3531 Jesu,
2732 3464 2824 3533 qui
2854 3472 2941 3519 est
2979 3466 3095 3535 ipsa
3126 3464 3370 3521 charitas
3404 3473 3462 3519 et
3484 3466 3601 3534 ipsa

2023 3560 2284 3631 perfectio
2313 3571 2370 3616 et
2396 3575 2518 3615 sese
2545 3574 2643 3628 pro
2666 3558 2922 3613 omnibus
2956 3557 3131 3624 dedit,
3151 3557 3247 3612 sed
3287 3566 3466 3612 tamen
3495 3556 3600 3612 illis

2023 3655 2115 3725 qui
2141 3669 2264 3707 eum
2301 3654 2615 3707 desiderant
2658 3651 2967 3706 declaratur
2994 3651 3295 3705 secundum
3343 3651 3604 3705 intentio-

2022 3758 2148 3797 nem
2185 3742 2473 3810 cujusque.
2501 3741 2578 3794 lta
2609 3750 2664 3794 et
2691 3740 2876 3794 lumen
2903 3740 2954 3792 in
2991 3739 3107 3794 sole
3132 3739 3324 3795 lucens
3347 3741 3603 3794 similiter

2022 3834 2297 3899 omnibus,
2333 3832 2400 3885 ab
2458 3844 2784 3899 unoluoqne
2816 3830 3057 3884 cernitur
3083 3830 3237 3899 juxta
3262 3830 3599 3885 voluntatem

1986 3918 1989 3921 ’
2023 3924 2251 3980 videndi
2279 3932 2335 3978 et
2363 3922 2592 3978 visionis
2650 3922 2973 3992 potentiam.
3026 3923 3184 3977 Unde
3223 3930 3280 3976 et
3327 3921 3459 3976 dicit
3484 3923 3601 3992 ipse

2024 4017 2274 4074 Salvator
2330 4033 2346 4071 :
2414 4035 2431 4067 ι
2466 4015 2579 4086 Ego
2619 4012 2907 4086 diligentes
2954 4030 3041 4070 me
3093 4013 3259 4084 diligo
3287 4014 3305 4045 ¹
3338 4030 3353 4068 :
3390 4032 3413 4066 ι
3485 4031 3597 4070 non

2025 4111 2171 4178 quod
2225 4111 2439 4178 aliqtios
2495 4109 2714 4179 quidem
2768 4108 2958 4178 diligat
3018 4115 3073 4161 et
3154 4107 3416 4178 quosdam
3473 4108 3600 4162 odio

2029 4200 2262 4268 habeat;
2317 4203 2414 4257 sed
2479 4216 2604 4255 cum
2654 4201 2727 4256 sit
2775 4200 3014 4255 Charitas
3064 4199 3204 4268 ipsa,
3239 4214 3428 4254 omnes
3480 4199 3600 4254 dili-

336 4269 397 4348 οὐ
425 4269 761 4364 τυραννικῶς
786 4269 1106 4365 ἀναγκάζει.
1139 4269 1392 4367 Καὶ-γὰο
1420 4269 1531 4350 οὐκ.
1571 4299 1785 4368 ἀναιρεῖ
1817 4269 1916 4369 τὴν

2026 4296 2122 4367 git,
2177 4302 2235 4350 et
2284 4309 2380 4350 eos
2427 4293 2523 4365 qui
2590 4308 2716 4348 eum
2795 4294 2990 4347 nolunt
3055 4307 3240 4346 amare
3293 4302 3348 4347 et
3400 4292 3491 4362 qui
3540 4308 3602 4348 se

337 4386 683 4455 προαίρεσιν,
714 4384 903 4456 ὥσπερ
936 4388 1032 4440 καὶ
1061 4389 1171 4451 τοῖς
1206 4388 1455 4458 φιλοῦσιν
1486 4389 1650 4443 αὐτὸν
1678 4390 1772 4442 καὶ
1822 4393 1916 4458 ὲγ-

337 4478 511 4544 γίζειν
548 4479 902 4533 ὲπιποθοῦσιν
931 4480 1122 4533 ἑαυτὸν
1153 4480 1276 4534 ὅλον
1297 4482 1549 4553 παρέχει,
1573 4484 1667 4535 καὶ
1696 4481 1764 4535 τὰ
1815 4481 1915 4550 τῆς

337 4572 559 4639 ἀγάπης
588 4571 998 4643 αὑτοαγαθότης
1025 4569 1103 4626 ὣν
1130 4573 1493 4628 ἐπιδείκνυσι.
1534 4575 1648 4629 Καὶ
1682 4577 1712 4628 ὁ
1758 4575 1918 4632 Ἀπό-

339 4664 523 4728 στολος
546 4664 730 4729 δὲτοῖς
751 4665 974 4727 οἰκείοις
996 4664 1105 4735 πρὸ
1125 4666 1344 4720 πάντων
1361 4666 1460 4736 τὴν
1473 4667 1734 4736 πρόνοιαν
1753 4685 1918 4739 χορη-

337 4757 454 4824 γεῖν
479 4755 785 4823 ἐπιτρέπει,
803 4754 930 4816 τοὺς
950 4755 1182 4819 οἰκείους
1205 4755 1383 4824 λέγων
1397 4760 1462 4827 τῇ
1480 4758 1801 4814 πίστει.Κα“ι
1821 4760 1919 4812 αὐ-

335 4848 427 4911 τὸς
447 4847 625 4899 τοίνυν
642 4846 692 4899 εὶ
710 4848 803 4899 καὶ
822 4845 933 4899 τῶν
949 4845 1250 4916 ἐλαχίστων
1279 4847 1690 4918 ἑλαχιστότατος
1714 4852 1917 4922 τυγχά-

337 4956 445 4993 νων
467 4939 609 5009 εἰμὶ,
640 4938 827 5001 πιστὸς
847 4936 891 4990 δ’
917 4938 1064 5006 ὅμως
1095 4937 1333 5008 Χριστοῦ
1367 4940 1427 4993 ὲν
1444 4939 1594 5010 αὐτῷ
1623 4945 1691 5013 τῇ
1724 4944 1914 4997 τούτου

304 5024 313 5032 ’
341 5048 403 5084 τε
429 5031 716 5102 ἀντιλήψει
749 5031 929 5101 ἱερεὺς
968 5032 1064 5084 καὶ
1085 5029 1270 5095 δοῦλος
1307 5031 1502 5097 αὑτοῦ,
1533 5034 1678 5087 κατὰ
1705 5036 1767 5087 τὸ
1796 5035 1915 5088 ἐνὸν

338 5123 489 5194 ἐμοὶ,
515 5123 761 5192 ἀνάγκην
790 5121 900 5193 ἔχω
930 5121 1040 5175 τῶν
1089 5122 1322 5177 ἐντολῶν
1357 5122 1525 5177 αὐτοῦ
1578 5126 1912 5197 μεμνῆσθαι,

343 5213 564 5283 καὶτῆς
605 5212 699 5265 τοῦ
730 5211 1030 5282 κεφαλαίου
1083 5213 1273 5267 πασῶν
1312 5214 1517 5284 μᾶλλον
1570 5216 1792 5287 ἀγάπης
1839 5218 1916 5281 ὡς

343 5307 593 5376 ἐφικτὸν,
624 5306 713 5359 ἴνα
743 5306 884 5360 κατὰ
905 5308 997 5358 τὸν
1025 5307 1388 5377 ἠγαπημένον
1438 5309 1589 5380 αὐτῷ
1644 5310 1915 5382 μαθητὴν,

338 5400 431 5451 καὶ
496 5396 730 5467 Χριστὸς
778 5396 942 5459 αὐτὸς
988 5396 1076 5450 διὰ
1100 5397 1304 5468 ταύτης
1333 5401 1538 5471 μικράν
1566 5418 1687 5454 τινα
1730 5401 1917 5473 χώραν

338 5491 396 5542 ἐν
432 5488 558 5555 ἐμοὶ
604 5491 701 5545 καὶ
727 5487 896 5560 μονὴν
928 5488 1069 5559 ἔχων
1106 5490 1328 5562 εὑρεθῇ.
1371 5509 1390 5543 t
1444 5492 1503 5546 Ὅ
1548 5494 1728 5563 μένων
1780 5496 1914 5565 γὰρ,

339 5583 524 5651 φησιν,
546 5582 604 5632 ὲν
634 5584 699 5649 τῇ
732 5581 943 5652 ἀγάπῃ,
974 5582 1033 5636 ιν
1061 5582 1140 5653 τῷ
1193 5584 1314 5656 Θεῴ
1369 5585 1541 5654 μένει,
1595 5590 1685 5640 καὶ
1712 5591 1740 5641 ὁ
1780 5589 1912 5653 Θεὸς

339 5674 397 5726 ἐν
427 5672 598 5741 αὐτῷ.
643 5690 663 5724 ι
694 5672 896 5726 Λοιπὸν
942 5676 1035 5728 καὶ
1067 5676 1233 5741 αὐτὸς
1286 5680 1494 5750 ταύτην
1524 5683 1715 5753 τηρεῖν
1757 5681 1910 5750 ὀφεί-

423 5852 441 5884 ⁸
461 5853 625 5911 Prov.
658 5871 780 5926 vnt,
825 5857 914 5913 17.

2019 4396 2276 4442 avertunt
2310 4387 2377 4441 ab
2398 4399 2463 4440 eo
2507 4399 2619 4440 non
2667 4384 2947 4456 tyrannice
3003 4385 3180 4455 cogit;
3237 4383 3439 4437 etenim
3488 4398 3596 4438 non

2019 4478 2197 4534 aufert
2226 4478 2534 4545 arbitrium,
2567 4478 2659 4532 sed
2686 4485 2848 4547 prout
2876 4476 3106 4546 diligunt
3130 4475 3279 4530 illum
3303 4483 3358 4531 et
3375 4475 3441 4529 ad
3471 4490 3595 4530 eum

2017 4572 2277 4628 accedere
2308 4571 2552 4635 student,
2591 4584 2649 4626 se
2679 4579 2851 4625 totum
2895 4569 3058 4625 tradit
3088 4578 3144 4624 et
3173 4568 3360 4637 donat,
3386 4577 3593 4630 etcum

2018 4665 2090 4721 sit
2129 4665 2343 4720 bonitas
2362 4665 2498 4735 ipsa,
2522 4662 2725 4718 amoris
2761 4662 3071 4717 testimonia
3106 4661 3327 4732 praebet.
3364 4661 3429 4716 Et
3449 4662 3594 4729 Apo-

2018 4758 2191 4813 stolus
2220 4756 2534 4812 domesticis
2558 4763 2684 4810 ante
2699 4769 2891 4810 omnes
2911 4753 3131 4809 mandat
3159 4769 3283 4810 esse
3305 4754 3596 4824 providen-

2017 4848 2169 4916 dum,
2225 4848 2553 4903 domesticos
2609 4860 2808 4902 vocans
2862 4846 3109 4916 ejusdem
3159 4846 3283 4900 ﬁdei
3338 4846 3589 4902 famulos.

2018 4940 2132 5011 Ego
2162 4939 2353 5010 igitur,
2379 4939 2631 5009 quamvis
2670 4939 2808 4994 forte
2834 4937 3091 4994 minimus
3124 4937 3230 4994 sim
3264 4938 3405 4993 inter
3435 4937 3598 4991 mini-

2020 5050 2162 5097 mos,
2196 5034 2370 5090 ﬁdelis
2414 5043 2596 5088 tamen
2645 5048 2763 5089 sum
2797 5030 3021 5098 Christi,
3059 5032 3117 5086 iu
3160 5032 3279 5102 ipsa
3326 5031 3444 5100 ejus
3472 5047 3592 5086 sus-

2020 5131 2271 5200 ceptione
2303 5141 2356 5184 et
2410 5129 2615 5184 auxilio
2652 5128 2909 5184 sacerdos
2951 5130 3071 5199 ejus
3104 5137 3159 5183 et
3183 5143 3394 5193 servus,
3423 5143 3596 5196 quan-

2020 5230 2133 5276 tum
2165 5222 2221 5276 in
2259 5227 2477 5288 me‘est,
2514 5236 2744 5276 necesse
2775 5221 2948 5276 habeo
3001 5220 3319 5275 meminisse
3369 5219 3593 5272 manda-

2021 5325 2199 5369 torum
2229 5315 2367 5385 ejus,
2396 5313 2630 5368 maxime
2679 5312 2984 5374 charita-tis,
3018 5324 3139 5380 qua:
3165 5309 3406 5364 omnium
3432 5318 3596 5377 caput

2024 5418 2126 5471 εει,
2150 5421 2251 5477 pro
2274 5405 2483 5462 viribus
2510 5405 2666 5469 meis,
2694 5414 2755 5459 ut
2776 5403 3073 5459 secundum
3118 5399 3441 5470 discipulum
3487 5398 3595 5470 ipsi

2020 5497 2555 5564 dilectumﬁhristus
2574 5496 2627 5550 in
2647 5510 2734 5551 me
2751 5494 2866 5565 ipse
2879 5493 3026 5549 solus
3039 5507 3260 5563 parvam
3280 5490 3601 5546 inveniatur

2020 5594 2231 5657 habens
2264 5589 2557 5660 quamdam
2590 5588 2968 5653 mansionem;
2994 5582 3592 5642 dicit-enimJoannes;

2026 5704 2043 5737 ι
2087 5683 2189 5751 Qui
2226 5692 2408 5738 manet
2446 5683 2502 5740 in
2534 5679 2795 5736 cbaritate
2824 5678 2879 5733 in
2909 5678 3021 5733 Deo
3046 5684 3252 5745 manet,
3274 5683 3326 5732 et
3368 5674 3511 5731 Deus
3537 5673 3599 5730 in
