4060 6282
494 315 604 380 955
1348 310 1645 374 SYMEON
1657 309 1725 371 IS
1757 296 2511 368 Tl-IESSALONICENSIS
2555 296 2758 356 ARCH
2774 297 2914 361 iEP.
3668 290 3784 351 956

497 427 631 481 eo'.
674 443 693 476 ›
753 423 1021 479 Caeterum
1052 461 1066 488 ,
1136 435 1260 476 cum
1326 422 1443 489 ipse
1499 421 1645 474 illam
1697 417 1922 471 debeam
1957 426 2078 467 ser-

2198 414 2314 472 θεων,
2347 409 2442 460 καὶ
2484 406 2760 460 δεικνύναι
2796 408 2929 458 πᾶσι
2974 405 3111 459 κατὰ
3154 405 3242 458 τόν
3295 404 3444 473 ὅρον,
3477 403 3574 457 καὶ
3626 410 3782 472 μαλι-

491 531 629 594 ⁸νιιτο
678 526 753 583 et,
803 514 1101 570 secundum
1165 524 1534 584 praaceptum,
1593 509 1846 564 omnibus
1891 516 2076 559 OSIen-

501 611 655 674 dere,
716 609 810 662 sed
851 607 1021 676 magis
1075 605 1156 661 eis
1196 606 1288 675 qui
1332 620 1419 659 me
1459 603 1715 672 diligunt,
1765 610 1816 654 te
1865 598 2076 652 habens

499 703 644 757 inter
684 701 1168 768 coniunctissimos
1213 709 1269 756 et
1333 699 1468 753 mihi
1527 695 1912 758 amicissimos,
1981 689 2102 744 tibi

500 806 556 848 et
595 793 971 847 sincerissime
1028 807 1175 846 nunc
1227 792 1548 846 cbaritatetn
1607 786 1901 842 ostendere
1952 795 2077 851 ges-

501 886 601 939 tio.
627 885 745 938 Non
769 883 1166 939 exhortationis
1191 883 1421 937 formam
1459 881 1550 935 hic
1581 893 1797 945 sequar,
1832 875 1926 929 sed
1966 882 2077 926 tra-

499 979 623 1032 dam
657 977 808 1046 quasi
847 977 1160 1030 memoriale
1186 976 1408 1029 verbum
1442 982 1497 1028 et
1536 971 1783 1026 notitiam
1821 965 2080 1021 brevissi-

502 1086 646 1123 mam
699 1071 818 1139 ejus
865 1085 1023 1138 quem
1077 1078 1432 1138 suscepturus
1471 1081 1528 1119 es
1583 1064 1925 1120 diaconatus,
1986 1073 2081 1125 per

500 1160 644 1230 quod
680 1161 780 1215 tibi
835 1163 1125 1226 assistam,
1157 1161 1311 1227 quasi
1341 1167 1467 1211 ante
1501 1166 1550 1210 te
1585 1156 1688 1207 hoc
1717 1150 2078 1205 ministerium

505 1256 819 1323 ingressus,
848 1265 903 1310 et
961 1253 1219 1308 sacerdos
1267 1251 1469 1305 Christi
1519 1251 1695 1302 factus
1721 1256 1776 1299 et
1830 1243 2080 1298 minister

503 1347 886 1419 mysteriorum
937 1347 1075 1416 ejus,
1143 1344 1235 1412 qui
1291 1357 1376 1397 me
1433 1341 1643 1396 inﬁnita
1693 1353 1792 1394 sua
1842 1336 2086 1392 bonitate

505 1439 764 1494 maximis
797 1448 850 1490 et
878 1437 1077 1491 divinis
1105 1435 1359 1505 dignatus
1389 1443 1476 1486 est
1499 1431 1684 1486 bonis.

575 1530 714 1583 Ecce
740 1530 928 1599 igitur,
960 1528 1304 1591 charissima,
1353 1525 1552 1595 dignus
1622 1523 1842 1578 habitus
1889 1535 1949 1575 es
1989 1519 2083 1588 qui

503 1623 756 1677 minister
793 1623 952 1674 lieres
989 1618 1188 1674 Christi
1239 1627 1294 1672 et
1314 1617 1582 1672 diaconus
1625 1615 1745 1684 ejus
1786 1623 1841 1668 et
1877 1614 2079 1679 socius,

501 1726 559 1770 ct
613 1717 882 1782 interpres
917 1710 1301 1782 mysteriorum
1363 1717 1419 1761 et
1459 1708 1578 1776 ejus
1607 1705 1948 1774 propinquus
2001 1699 2082 1754 la-

505 1807 866 1874 tniliarisque,
904 1812 958 1855 et
987 1801 1422 1860 communicans,
1464 1808 1520 1853 et
1557 1810 1731 1867 prmco
1765 1793 2086 1864 Evangelio-

504 1911 627 1949 rum
656 1911 670 1948 :
706 1908 883 1960 neque
913 1893 1024 1959 jam
1051 1889 1185 1944 velis
1209 1890 1644 1959 quibuscumque
1693 1882 1960 1947 irretitus,
1986 1881 2082 1935 sed

507 1996 694 2058 aperte
717 1987 922 2048 videns,
945 1998 1122 2052 neque
1149 1981 1420 2035 mediante
1450 1977 1762 2044 Seraphim,
1799 1973 2085 2030 sacerdote

507 2079 739 2141 scilicet,
794 2077 864 2131 ab
902 2077 1268 2128 instrumento
1321 2070 1756 2130 communicans,
1809 2066 1906 2120 sed
1970 2065 2088 2135 ipse

504 2175 762 2227 inventus
817 2165 1124 2236 Seraphim,
1190 2161 1498 2217 sacerdotio
1547 2160 1709 2215 modo
1760 2158 2084 2212 honoratus.

506 2264 589 2318 Tu
623 2277 823 2316 vocans
855 2262 920 2313 ad
955 2273 1165 2327 preces,
1210 2273 1317 2311 non
1356 2255 1472 2324 ipse
1520 2261 1764 2315 vocatus,
1799 2249 1933 2302 alios
1983 2249 2088 2300 int-

507 2356 716 2427 pellcns
755 2365 813 2408 ιιι
839 2353 904 2407 ad
945 2352 1111 2405 Deum
1165 2349 1448 2414 accedant,
1479 2348 1593 2415 ipse
1649 2358 1758 2397 non
1816 2354 2090 2395 cessansa

507 2449 710 2503 divinis
743 2443 1095 2500 commerciis
1126 2461 1138 2496 :
1177 2453 1234 2496 ct
1269 2441 1517 2494 lidelihus
1542 2435 1870 2507 praedicans,
1900 2447 1994 2486 eos
2025 2430 2092 2485 ad

523 2543 884 2596 attcntimem
914 2546 970 2590 et
1020 2534 1387 2590 obedientiam
1439 2532 1755 2593 exhortans,
1798 2539 1851 2582 et
1884 2527 2094 2596 positus

511 2650 681 2706 prope
710 2633 1010 2694 Christum,
1049 2639 1194 2683 totus
1220 2627 1453 2682 aliorum
1510 2624 1595 2677 via
1629 2632 1683 2676 et
1709 2619 1988 2688 exemplar
2041 2627 2096 2672 ct

508 2727 810 2788 conductor
831 2722 1004 2776 lactus
1032 2722 1096 2773 ad
1119 2719 1324 2772 lumen.
1364 2717 1431 2770 Et
1460 2715 1588 2784 quid
1614 2712 1758 2766 aliud
1794 2711 1902 2766 eris
1935 2722 2093 2778 quam

508 2815 828 2877 Cherubim,
867 2822 1012 2865 totus
1071 2810 1213 2862 inter
1251 2807 1504 2877 mysteria
1559 2819 1683 2857 eum
1733 2801 2097 2869 transpiciens

511 2909 608 2979 qui
651 2907 793 2958 \‘idct
829 2900 1052 2956 omnia?
1083 2905 1190 2954 Aut
1246 2897 1531 2970 Seraphim
1570 2897 1763 2965 igneus
1793 2893 1979 2947 fruens
2011 2890 2096 2944 vi-

511 3001 659 3061 venti
689 3000 796 3051 Deo
824 2997 911 3062 qui
945 2995 1085 3064 ignis
1114 2989 1238 3045 est?
1292 2998 1385 3043 aut
1416 2989 1671 3052 thronus,
1724 2986 1931 3038 habens
1964 2983 2015 3036 in
2047 2990 2100 3034 te

2185 518 2284 554 στα
2330 503 2446 564 τοῖς
2494 500 2711 568 φιλοῦσί
2759 516 2819 552 σε
2880 500 2988 553 τῶν
3036 499 3499 570 φιλτάτωνέχων,
3564 496 3652 550 σοὶ
3685 501 3780 550 καὶ

2182 596 2422 662 γνησίως
2452 597 2513 647 ὲν
2547 594 2625 661 τῷ
2655 593 2886 661 παρόντι
2919 592 3126 660 ταύτην
3166 593 3481 660 ὲνδείκνυμι
3512 607 3528 622 ο
3574 590 3638 643 οὑ
3671 607 3782 642 πα-

2186 683 2488 752 ραινέσεως
2521 681 2694 734 τύπον
2745 681 3041 750 διενεργῶν
3083 685 3140 734 ὲν
3172 682 3335 750 τῷδε,
3382 681 3497 734 ἀλλ’
3528 682 3785 748 ὑπομνή·

2187 790 2327 835 σεως
2355 773 2511 840 λόγον
2546 774 2641 826 καὶ
2669 774 2872 840 γνῶσίν
2895 791 3020 827 τινα
3057 772 3396 841 λεπτοτέραν
3440 768 3508 842 ἦς
3537 771 3782 841 ἠξίωσαι

2185 865 2464 928 διακονίας
2514 865 2605 918 διὰ
2647 865 2802 919 τοῦδέ
2835 883 2918 919 σοι
2947 864 3349 936 παρεχόμενος,
3377 865 3452 926 ὡς
3483 867 3576 916 καὶ
3613 861 3783 924 αὐτὸς
3825 881 3836 888 ε

2190 960 2298 1029 πρὸ
2332 959 2427 1012 σοῦ
2461 959 2673 1026 ταύτην
2704 956 3049 1010 ὑπεισελθὼν
3078 956 3179 1026 τὴν
3221 957 3377 1025 ἱερὰν
3411 954 3781 1024 λειτουργίαν,

2187 1056 2282 1106 καὶ
2321 1055 2504 1124 ἱερεὺς
2527 1053 2766 1123 Χριστοῦ
2801 1049 3205 1121 τυγχάνωνθισὶι
3236 1049 3516 1120 ὑπηρέτης
3549 1049 3662 1099 τῶν
3689 1048 3786 1099 αὖ·

2187 1148 2280 1200 τοῦ
2326 1148 2664 1217 μυστηρίων,
2700 1148 2845 1215 ἄκρᾳ
2897 1144 3092 1198 τούτου
3129 1144 3460 1214 χρηστότητι
3509 1140 3621 1194 τῶν
3645 1140 3786 1209 ὑπὲρ

2189 1241 2290 1310 ἐμὲ
2327 1239 2605 1309 μεγίστων
2633 1257 2691 1292 τε
2722 1241 2816 1291 καὶ
2841 1239 3004 1291 θείων
3033 1236 3360 1308 ἠξιωμένος.

2261 1509 2394 1564 Ἰδοὺ
2413 1510 2595 1563 τοίνυν
2613 1508 2874 1578 ὴξιώθης,
2896 1509 3170 1580 άπαγητὲ,
3191 1509 3508 1582 λειτουργὸς
3527 1510 3785 1580 γενέσθαι

2191 1601 2454 1671 Χριστοῦ,
2490 1602 2583 1654 καὶ
2613 1602 2860 1665 διάκονος
2886 1603 3050 1656 αὑτοῦ
3098 1602 3194 1656 καὶ
3245 1605 3611 1676 παραστάτης
3639 1602 3784 1659 εἶναι

2193 1697 2289 1749 καὶ
2311 1696 2515 1766 θεωρὸς
2536 1695 2646 1749 τῶν
2681 1697 3018 1766 μυστηρίων,
3053 1698 3144 1750 καὶ
3172 1698 3431 1766 ὲγγίζων,
3467 1701 3564 1753 καὶ
3589 1718 3782 1754 κοινω-

2189 1788 2300 1855 νὸς,
2320 1788 2416 1841 καὶ
2441 1787 2552 1841 τῶν
2569 1788 2922 1855 Εὑαγγελίων
2938 1787 3133 1856 κῆρυξ,
3155 1789 3248 1843 καὶ
3265 1789 3368 1843 οὑκ
3414 1790 3495 1843 ἔτι
3523 1807 3784 1862 παραπε-

2187 1878 2430 1946 τάσμασί
2452 1895 2562 1932 τισι
2590 1877 2961 1948 κωλυόμενος,
2985 1879 3584 1952 ἀλλ’ἀπερικαλύπτως
3611 1883 3778 1953 ὀρῶν,

2187 1969 2310 2024 οὑδὲ
2351 1968 2439 2022 διὰ
2492 1969 2797 2039 Σεραφεὶμ,
2840 1971 3029 2038 ἱερέως
3063 1970 3287 2041 δηλαδὴ,
3311 1975 3379 2042 τῇ
3404 1971 3582 2025 λαόίδι
3616 1975 3782 2042 μετέ-

2189 2079 2325 2133 χων,
2365 2061 2482 2115 ἀλλ’
2535 2061 2700 2125 αὑτὸς
2728 2063 3016 2133 τυγχάνων
3045 2066 3072 2115 ό
3120 2065 3424 2134 Σεραφεὶμ,
3471 2065 3780 2135 ἱερωσύνης

2386 2155 2712 2226 ἠξιωμένος·
2756 2157 2863 2210 Καὶ
2919 2156 3104 2210 καλῶν
3149 2159 3288 2229 πρὸς
3337 2159 3678 2230 προσευχὰς,
3709 2163 3771 2214 οὐ

2191 2249 2552 2314 καλούμενος,
2578 2249 2672 2302 καὶ
2702 2249 2946 2317 ἐγγίζειν
2977 2249 3175 2313 ἄλλους
3206 2252 3416 2319 ἐνάγων
3445 2253 3584 2323 πρὸς
3615 2255 3777 2318 Θεὸν,

2193 2337 2356 2400 αὐτὸς
2395 2340 2422 2392 ὁ
2461 2339 2709 2410 κατέχων
2765 2339 2935 2392 τελῶν
2988 2340 3058 2393 τὰ
3093 2341 3234 2404 θεία,
3285 2345 3378 2395 καὶ
3431 2347 3780 2415 προσφωνῶν

2192 2431 2302 2492 τοῖς
2330 2432 2566 2494 πιστοῖς,
2603 2432 2698 2484 καὶ
2729 2435 3022 2502 προσέχειν
3062 2435 3416 2502 παρεγγυῶν,
3460 2440 3555 2490 καὶ
3592 2455 3778 2507 παρα-

2192 2522 2364 2586 τιθεὶς
2413 2522 2492 2593 τῷ
2523 2523 2766 2594 Χριστῷ,
2800 2526 2892 2577 καὶ
2935 2526 3054 2588 ὅλος
3084 2526 3287 2594 ἑτέρων
3316 2527 3392 2581 ὢν
3427 2531 3544 2590 ὁδός
3589 2548 3650 2584 τε
3683 2534 3779 2587 καὶ

2195 2616 2334 2684 πρὸς
2378 2617 2440 2668 τὸ
2483 2617 2599 2686 φῶς
2651 2605 2864 2688 ὁδηγός.
2898 2619 3006 2672 Καὶ
3051 2621 3103 2671 τί
3139 2620 3330 2691 ἕτερον
3376 2623 3776 2693 ῆΧερουϐεὶμ,

2195 2710 2337 2780 ὁρῶν
2397 2711 2520 2774 ὅλος
2587 2709 2674 2762 διὰ
2728 2711 2838 2764 τῶν
2901 2716 3221 2782 μυστηρίων
3276 2716 3370 2768 τὸν
3431 2717 3649 2786 ὁρῶντα
3709 2719 3778 2772 τὰ

2197 2807 2394 2871 πάντα,
2427 2808 2519 2860 καὶ
2553 2809 2834 2878 Σεραφεὶμ
2863 2810 3165 2880 πυρφόρος,
3188 2811 3279 2863 τὸν
3309 2811 3489 2876 ζῶντα
3526 2816 3779 2884 κατέχων

2197 2901 2466 2969 ἄνθρακα,
2508 2903 2601 2954 καὶ
2631 2901 2839 2970 θρόνος,
2873 2901 2947 2964 ὼς
2979 2904 3397 2973 ἀναπαυόμενον
3431 2907 3569 2978 ἔχων
3597 2911 3654 2963 ἐν
3697 2913 3781 2964 σοὶ

2200 2996 2288 3049 τὸν
2331 2993 2609 3063 πανταχοῦ
2659 2998 2725 3064 τῇ
2760 2995 2948 3064 τελετῇ
2985 2997 3079 3049 καὶ
3111 3000 3176 3066 τῇ
3208 3001 3468 3070 κοινωνίᾳ
3497 3017 3512 3034 ο
3541 3004 3637 3055 καὶ
3681 3005 3782 3072 ἄγ-

508 3101 784 3158 sedentem
809 3107 934 3148 eum
974 3086 1173 3157 quiest
1201 3083 1422 3151 ubique,
1459 3079 1727 3135 sacrificio
1767 3090 1822 3132 et
1855 3092 2090 3130 commu-

2203 3087 2358 3156 γελος
2381 3087 2456 3149 ὠς
2487 3086 2767 3157 ὑπηρέτης
2800 3089 2960 3141 αὑτοῦ
2992 3092 3083 3143 καὶ
3111 3091 3452 3162 λειτουργός·
3480 3097 3574 3150 καὶ
3602 3098 3782 3151 ταῦτα

509 3196 708 3252 triane?
740 3199 834 3243 aut
859 3187 1024 3240 etiam
1066 3179 1284 3251 angelus
1319 3176 1564 3248 quidam,
1598 3185 1784 3245 utpote
1825 3173 1944 3241 ejus
1987 3171 2094 3224 mi-

512 3290 688 3342 nister
708 3293 761 3336 et
785 3276 1026 3348 legatus?
1052 3275 1117 3327 Et
1144 3277 1255 3327 haec
1271 3272 1452 3324 omnia
1472 3268 1563 3321 tibi
1591 3281 1700 3320 non
1728 3267 1780 3319 in
1805 3264 1971 3334 figura
2001 3272 2094 3318 aut

511 3378 750 3444 imagine
783 3372 1140 3438 contingent;
1199 3365 1324 3434 quia
1387 3378 1497 3416 non
1560 3361 1746 3431 ﬁgurae
1792 3361 2005 3414 cuidam
2040 3369 2096 3414 et

516 3485 643 3542 typo
661 3486 719 3520 es
752 3465 1176 3521 ministraturus,
1207 3457 1301 3510 sed
1333 3455 1432 3522 ipsi
1457 3469 1586 3507 vero
1607 3453 1832 3504 Domino
1861 3468 2018 3521 quctn
2041 3452 2092 3505 itt

513 3561 669 3617 etii-alis
696 3559 1049 3611 circumstant
1071 3549 1440 3605 custodientes
1473 3546 1719 3616 spiritus.
1754 3546 1907 3610 Quod
1945 3545 2092 3598 enim

510 3657 588 3711 illi
621 3653 828 3706 faciunt
850 3649 902 3701 itt
923 3644 1096 3708 ccelis,
1121 3652 1174 3696 tu
1209 3641 1298 3695 hic
1323 3639 1376 3694 in
1402 3641 1558 3694 terris
1585 3637 1982 3707 adimpleturus
2013 3651 2090 3690 es.

513 3747 724 3801 l-Lteniin
781 3741 858 3796 sic
944 3737 1111 3790 voluit
1183 3733 1428 3788 omnium
1492 3731 1730 3786 caelestis
1795 3729 2095 3783 arcltitecta

514 3837 660 3911 quod
693 3847 888 3902 nempe
929 3831 980 3884 in
1018 3827 1170 3882 uelis
1205 3835 1260 3880 et
1291 3825 1346 3878 itt
1383 3834 1531 3878 terra
1575 3824 1938 3876 ministerium
1966 3836 2093 3890 age-

517 3945 666 3986 retur
691 3941 924 3982 sacrum.
981 3921 1048 3973 Et
1104 3921 1219 3990 ipse
1251 3919 1326 3972 ita
1383 3917 1513 3971 fecit
1568 3924 1629 3970 ut
1679 3916 1960 3971 videretur
1993 3931 2007 3968 :
2039 3921 2095 3967 et

515 4026 680 4079 homo
716 4021 865 4074 visus
890 4028 972 4070 est
1004 4031 1101 4085 per
1149 4013 1390 4080 seipsum
1435 4023 1585 4064 suam
1622 4008 1904 4062 nobiscum
1938 4007 2095 4061 unio-

514 4132 640 4171 nem
673 4111 994 4179 adimplens.
1019 4109 1156 4162 Cum
1183 4106 1332 4159 enim
1369 4102 1520 4158 solus
1553 4110 1696 4155 esset
1738 4099 1963 4169 spiritus
1993 4115 2094 4169 pu-

512 4223 628 4272 rus,
654 4215 848 4276 sponte
873 4204 1100 4257 fortnam
1124 4198 1299 4252 induit
1322 4195 1678 4262 materialem,
1715 4203 1771 4249 et
1795 4193 2092 4248 secundum

517 4301 660 4356 hanc
689 4297 918 4352 formam
951 4290 1266 4348 scnsibilem
1295 4286 1614 4342 hominibus
1671 4285 1866 4341 similis
1919 4284 2095 4340 factus

514 4403 638 4460 ρει;
664 4402 857 4445 natura
891 4402 989 4442 sua
1019 4385 1296 4440 increatus
1323 4389 1377 4436 et
1415 4389 1677 4444 αξιοι-ηυξ,
1698 4394 1809 4433 non
1841 4393 2093 4448 assump-

2201 3183 2300 3234 οὑκ
2328 3181 2496 3234 εἰκόνι
2533 3182 2663 3244 τινὶ,
2687 3183 2806 3234 οὐδὲ
2860 3185 2968 3253 γὰρ
2999 3183 3153 3252 τύπῳ
3184 3187 3454 3241 διακονῶν
3487 3191 3777 3261 ὑπάρχεις,

2201 3271 2316 3325 ἀλλ’
2363 3270 2510 3339 αὑτῴ
2543 3271 2620 3340 τῷ
2657 3272 2760 3324 ὑπὸ
2787 3273 2899 3324 τῶν
2937 3273 3121 3327 ἁΰλων
3164 3275 3274 3328 ἄνω
3316 3279 3779 3354 δορυφορουμένῳ

2202 3363 2474 3434 Δεσπότῃ.
2505 3365 2615 3417 Καὶ
2640 3365 2778 3434 ὅπερ
2832 3357 2978 3420 οὗτοί
3021 3385 3083 3435 γε
3129 3371 3262 3435 ἄνω,
3290 3373 3454 3436 αὑτὸς
3479 3375 3631 3429 κάτω
3663 3377 3780 3431 δια·

2200 3456 2376 3519 τελεῖς
2398 3474 2413 3487 ·
2447 3455 2591 3509 οὓτω
2627 3459 2733 3528 γὰρ
2771 3457 3041 3529 ἠθέλησεν
3080 3464 3107 3512 ό
3152 3461 3370 3516 πάντων
3400 3467 3650 3538 τεχνίτης
3684 3470 3781 3540 τὴν

2201 3548 2370 3616 αὐτὴν
2406 3545 2748 3618 λειτοδργίαν
2779 3551 2892 3604 ἄνω
2938 3569 2996 3604 τε
3031 3553 3126 3605 καὶ
3159 3555 3311 3608 κάτω
3337 3557 3609 3612 τελεῖσθαι
3637 3573 3653 3589 ⁸
3688 3562 3785 3615 καὶ

2201 3639 2366 3702 αὐτὸς
2427 3639 2602 3704 οὕτως
2673 3639 2833 3710 ὤφθη
2920 3645 3261 3715 πεποιηκὼς,
3325 3650 3421 3700 καὶ
3497 3651 3786 3721 ἄνθρωπος

2201 3731 2408 3798 ὀφθεὶς,
2439 3733 2504 3785 δι’
2540 3733 2734 3786 ἑαυτοῦ
2768 3735 2867 3805 τὴν
2903 3737 3023 3805 μεθ’
3057 3739 3214 3808 ἡμῶν
3263 3740 3456 3794 ἕνωσιν
3483 3743 3782 3808 ἐξετέλεσε.

2201 3827 2377 3888 Μόνος
2434 3826 2594 3890 ἄῦλος
2655 3828 2762 3898 γὰρ
2817 3828 2913 3896 ὢν,
2945 3829 3075 3900 ὕλην
3125 3832 3419 3887 ἐνεδύσατο
3465 3836 3659 3902 θέλων,
3690 3841 3785 3893 καὶ

2201 3919 2313 3980 τοῖς
2345 3920 2464 3971 κατ’
2501 3919 2756 3988 αἴσθησιν
2783 3921 2965 3990 ήνώθη
3009 3923 3241 3991 βροτοῖς.
3282 3927 3396 3979 Καὶ
3424 3929 3685 3993 ἀκτιστος
3714 3934 3779 4002 τῇ

2204 4013 2364 4080 φύσει
2399 4011 2566 4065 τελῶν
2594 4014 2685 4064 καὶ
2716 4014 2972 4083 ἄναρχος,
3001 4015 3061 4066 οὑ
3095 4017 3192 4085 τῆς
3223 4021 3448 4086 κτιστῆς
3478 4023 3642 4075 ἀΰ).ου
3675 4024 3782 4076 τῶν

2202 4105 2338 4157 νόων
2375 4104 2667 4174 μετείληφε
2704 4107 2942 4173 φύσεως,
2969 4107 3241 4176 ἐνωθῆναι
3287 4114 3351 4179 τῇ
3381 4113 3558 4164 κτίσει
3588 4113 3781 4184 βουλη-

2204 4195 2336 4258 θείς.
2371 4195 2580 4257 Κτίσας
2629 4195 2674 4248 δ’
2727 4196 2928 4260 αὑτοὺς
2975 4199 3038 4250 ἐκ
3102 4198 3177 4268 μὴ
3206 4198 3397 4266 ὄντων,
3445 4204 3587 4256 κατὰ
3618 4206 3784 4274 χάριν

2201 4287 2400 4351 ἀὺλους
2431 4289 2524 4340 καὶ
2547 4287 2851 4349 ἀθανάτους
2886 4288 3112 4353 τούτους
3135 4291 3432 4364 εἰργάσατο
3455 4309 3469 4323 ⁸
3503 4295 3599 4347 καὶ
3623 4294 3785 4365 δόξης

2205 4382 2453 4452 μετέχειν
2500 4381 2691 4446 αὑτοῦ,
2723 4380 2934 4454 δωρεὰν
2977 4383 3189 4447 τούτοις
3239 4385 3518 4454 ἀναλόγως
3561 4388 3782 4459 ἑκάστῳ

516 4487 590 4540 sit
618 4484 909 4554 spirituum
939 4487 1185 4533 naturam
1211 4484 1447 4530 creatam
1475 4471 1911 4536 immaterialem,
1937 4486 2090 4525 crea-

2198 4472 2432 4527 δίδωσιν.
2482 4471 2666 4542 Ἠμῶν
2713 4472 2769 4526 δὲ
2821 4473 2922 4543 τὴν
2950 4475 3183 4546 κτιστὴν
3235 4478 3572 4546 προσείληφε
3619 4478 3783 4548 φύσιν

515 4592 652 4636 tura:
682 4593 741 4632 se
770 4573 1068 4630 nniendum
1113 4567 1360 4640 cogitans
1397 4583 1411 4619 :
1441 4565 1562 4620 illos
1617 4575 1798 4618 autem
1827 4580 1890 4619 ex
1918 4562 2092 4619 nihilo

517 4642 826 4743 pt/‘odticens
855 4665 1025 4738 gratia
1062 4661 1288 4716 mirilica
1317 4657 1631 4728 spirituales
1677 4666 1734 4711 et
1757 4657 2094 4712 immortales

517 4763 796 4826 l'ecitcos,
831 4759 1029 4827 cuique
1059 4755 1221 4810 simul
1269 4769 1366 4824 pro
1425 4753 1597 4826 gradu
1643 4763 1852 4822 partem
1912 4748 2104 4819 gloriae

518 4869 633 4909 sua:
661 4851 990 4920 impertitus.
1026 4848 1093 4902 Et
1125 4847 1284 4902 nobis
1317 4846 1510 4900 tribuit
1561 4853 1620 4899 ut
1643 4853 1887 4900 nostram
1935 4852 2096 4897 natu-

520 4960 636 4999 ram
672 4950 908 4996 creatam
958 4939 1314 5007 assumpserit
1365 4938 1703 5010 hypostatice
1748 4937 1853 4992 sibi
1899 4937 2098 4992 unicu-

527 5034 681 5089 dam.
720 5033 984 5087 Humana:
1019 5030 1200 5098 itaque
1229 5038 1437 5082 natura:
1470 5043 1695 5082 consors
1713 5028 1934 5082 eliectus
1958 5027 2099 5082 indi«

517 5127 671 5182 vulsa
707 5120 1067 5179 ctinconlusa
1104 5120 1325 5185 unione,
1366 5120 1536 5189 ipsam
1565 5120 1920 5190 gloriosorum
1953 5120 2095 5175 divi-

520 5217 715 5274 nitatis
740 5214 1129 5270 attributorum
1153 5213 1205 5266 in
1235 5212 1700 5282 participationem
1727 5213 1945 5267 vocavit
1963 5211 2097 5278 uin

517 5313 637 5382 ipso
657 5309 831 5376 enim,
858 5307 1033 5378 inquit
1056 5305 1275 5370 Paulus,
1299 5305 1506 5360 habitat
1541 5304 1822 5374 plenitudo
1847 5304 2098 5360 divinita-

513 5406 587 5461 tis
609 5401 967 5473 corporaliter
991 5401 1066 5455 ³.»
1098 5400 1257 5456 Visus
1287 5409 1370 5455 est
1395 5399 1575 5470 igitur,
1603 5409 1656 5453 ct
1685 5400 1879 5453 iterum
1906 5397 2099 5452 viden-

515 5496 648 5549 dum
679 5494 841 5548 modo
871 5507 1035 5563 quem
1067 5506 1252 5546 amore
1283 5491 1445 5560 elegit
1485 5507 1542 5546 se
1582 5492 1784 5561 praebet
1817 5510 1831 5545 :
1865 5501 1920 5545 ct
1950 5490 2096 5558 seip-

515 5596 638 5636 Stmt
671 5585 830 5642 nobis
879 5586 1049 5650 dedit,
1078 5593 1132 5640 et
1161 5585 1458 5640 etiamnum
1493 5599 1590 5652 pro
1648 5585 1807 5640 nobis
1837 5596 1896 5639 se
1933 5580 2099 5636 tradit

587 5770 613 5798 '
650 5765 856 5822 ann.
914 5786 990 5836 tv,
1029 5771 1114 5826 16.
1185 5770 1445 5852 f‘Coloss.
1498 5782 1562 5832 tt,
1617 5766 1678 5820 9.

2201 4566 2295 4620 καὶ
2351 4566 2747 4642 ὑποστατικῶς¹
2791 4568 2923 4636 ἡμῖν
2992 4568 3236 4638 ἥνωται·
3299 4570 3392 4622 καὶ
3442 4574 3508 4640 τῇ
3559 4570 3782 4644 βροτείᾳ

2204 4656 2366 4725 φύσει
2421 4657 2530 4710 τῶν
2588 4659 2691 4727 τῆς
2727 4659 2984 4729 θεότητος
3041 4660 3400 4729 μεταδίδωσιν
3443 4664 3782 4734 αὐχημάτων

2203 4748 2554 4818 ἐνδεδυμένος
2585 4749 2905 4820 ἀχωρίστως
2933 4752 3028 4804 καὶ
3057 4752 3272 4823 ἀσυγχύ
3287 4768 3386 4815 τως
3411 4753 3604 4824 αὑτήν.
3631 4773 3652 4806 ι
3687 4754 3778 4808 Ἐν

2205 4841 2354 4910 αὑτῷ
2406 4841 2534 4911 γὰρ,
2577 4841 2733 4911 φησι,
2770 4843 3014 4894 κατοικεῖ
3073 4845 3181 4895 πᾶν
3239 4842 3302 4896 τὸ
3349 4843 3625 4914 πλήρωμα
3678 4844 3782 4914 τῆς

2205 4933 2460 5005 θεότητος
2509 4935 2853 5004 σωματικῶς.
2895 4953 2914 4985 ι
2959 4933 3159 5005 Ὠράθη
3210 4930 3327 5003 οὖν,
3361 4936 3457 4989 καὶ
3512 4935 3676 4990 πάλιν
3705 4937 3781 5000 ὡς

2206 5027 2467 5092 εὑδόκησε
2499 5026 2816 5094 καθορᾶται.
2850 5027 2958 5079 Καὶ
2992 5025 3186 5079 ἑαυτὸν
3231 5027 3463 5080 δέδωκεν
3485 5029 3654 5097 ίὴμίν,
3685 5030 3780 5082 καὶ

2207 5122 2346 5192 ὑπὲρ
2373 5121 2533 5191 ἡμῶν
2569 5121 2664 5174 καὶ
2692 5120 2856 5173 τανῦν
2883 5119 3039 5178 αὖθις
3071 5120 3281 5174 δίδωσι.
3315 5122 3426 5174 Καὶ
3455 5122 3564 5174 τῶν
3609 5123 3787 5176 τοιού-

2206 5231 2314 5267 των
2348 5212 2547 5283 ἔργων,
2575 5213 2620 5264 ὣ
2665 5211 2865 5281 πολλῆς
2913 5211 3272 5280 ἀγαθότητος.
3311 5213 3476 5282 ἡμεῖς
3539 5212 3783 5282 λειτουρ-

2207 5306 2294 5376 γοί
2340 5321 2399 5357 τε
2446 5307 2538 5357 καὶ
2566 5305 2836 5376 ὑπηρέται
2869 5305 2962 5356 καὶ
2995 5305 3220 5374 μύσται.
3245 5305 3311 5357 Τί
3337 5304 3529 5356 τούτου
3559 5305 3783 5373 μεῖξον,

2207 5398 2351 5451 κατὰ
2379 5397 2440 5450 τὸ
2470 5399 2712 5466 ἐνεργεῖν
2755 5398 2821 5450 τα
2861 5397 3163 5466 μυστήρια,
3195 5395 3338 5465 ὑπὲρ
3373 5396 3641 5464 ἀγγέλους
3683 5395 3786 5464 τὴν

2208 5491 2366 5558 ἀξίαν
2425 5489 2748 5561 εἰλήφαμεν.
2782 5490 2846 5541 Ὢ
2874 5493 2974 5558 τῆς
3025 5487 3392 5560 χρηστότητος
3439 5487 3533 5541 τοὺ
3581 5490 3789 5542 Asan-6-

2209 5585 2336 5638 τουε
2374 5581 2433 5646 ὃς
2468 5583 2648 5655 πάντα
2682 5585 2953 5653 περιέχει,
2988 5581 3080 5636 καὶ
3115 5580 3511 5652 ἀπερίληπτος,
3537 5582 3598 5634 ὲν
3631 5580 3780 5651 τόπῳ
