4060 6282
306 371 415 437 957

1609 386 1704 447 DE
1747 388 1831 446 SA
1843 390 2249 463 CERDDTIO..

3450 402 3557 469 938

299 481 369 589 δι’
401 485 598 589 Λήιμᾶςο
720 486 931 589 ἀὶιαφὴς
990 490 1357 561 κατεχόμενος
1384 506 1406 524 τ
1444 496 1473 549 ὁ
1534 497 1769 568 ἀόρατος
1818 503 1877 555 ὲν

1991 492 2173 561 terum
2223 518 2389 580 atque
2438 509 2639 567 iterum
2677 523 2779 570 :et
2832 515 2996 587 hujus
3041 520 3297 589 operis,o
3339 520 3564 575 bonitas

302 574 594 646 αἰσθήσει·
631 578 659 630 ό
689 577 771 632 νοτ
801 580 1187 650 ἀκατάληπτος
1232 587 1346 648 τοῖς
1395 586 1609 658 θνητοῖς
1643 592 1869 661 μετεχόο

304 685 464 737 μενος
518 670 585 724 δι’
638 671 796 740 ήμῶν
845 689 902 725 τε
948 675 1057 727 τῶν
1096 677 1192 745 τῆς
1242 678 1506 748 ταπεινῆς
1540 681 1637 733 καὶ
1687 699 1873 753 παρα-

299 762 653 824 πεπτωκυίας
688 763 924 831 φύσεως,
959 766 1045 819 διὰ
1077 767 1174 837 τῆς
1212 768 1504 840 δεδομένης
1549 773 1682 843 ἡμῖν
1712 775 1871 844 ἱερω-

300 852 483 919 σύνης,
512 853 557 906 ῶ
601 853 693 906 τοῦ
732 856 1007 924 θαύματος
1034 860 1046 910 ι
1082 860 1193 917 τοῖς
1224 861 1549 930 μυστηρίοις
1582 864 1867 929 γινόμενος

297 946 392 998 καὶ
436 948 786 1014 φαινόμενος,
819 948 914 1000 καὶ
961 948 1261 1019 διδόμενος,
1296 953 1390 1004 καὶ
1423 954 1746 1025 φερόμενος,
1775 961 1871 1010 καὶ

295 1038 722 1107 χορηγούμενος,
750 1042 843 1094 καὶ
878 1042 1240 1111 οίκιζόμενος,
1276 1047 1367 1099 καὶ
1396 1046 1742 1117 ἐνδυόμενος,
1777 1050 1871 1103 καὶ

294 1128 667 1196 ὀργιζόμενος,
705 1132 797 1184 καὶ
829 1133 1352 1207 καταλλαττόμενος,
1386 1139 1480 1191 καὶ
1532 1138 1870 1209 ίλεούμενοτ,

1979 596 2304 656 ineﬂabilisl
2344 616 2444 657 nos
2493 620 2682 661 sumus
2730 607 2995 675 ministri,
3048 620 3236 682 mysta:
3284 621 3339 666 et
3370 627 3552 666 sacer-

1978 686 2155 744 dotes.
2181 690 2319 757 Quid
2353 695 2455 748 hoc
2490 696 2707 766 majus?
2745 700 2845 754 hac
2872 715 3126 770 suprema
3157 717 3310 756 sacra
3346 714 3553 772 myste-

1977 779 2055 833 ria
2075 781 2381 839 celebrandi
2408 796 2693 855 petestate,
2718 791 2939 861 angelos
2970 793 3116 860 ipsos
3140 793 3403 862 dignitate
3431 796 3553 849 viu-

1974 869 2177 925 cimus.
2254 872 2361 928 Sed
2438 890 2471 928 ο
2530 875 2768 948 Magistri
2831 880 3169 937 clementiai
3214 883 3316 948 Qui
3372 884 3556 938 omnia

1975 963 2219 1017 continet
2268 980 2373 1019 nec
2434 969 2710 1024 contineri
2775 980 2976 1039 potest,
3016 973 3070 1026 in
3145 990 3315 1042 parvo
3345 984 3562 1029 contra-

1980 1053 2129 1107 hitur
2160 1054 2281 1109 Ioco
2305 1071 2405 1125 pro
2426 1058 2586 1113 nobis
2617 1074 2639 1114 :
2666 1061 2757 1129 qui
2788 1063 2993 1132 palpari
3042 1078 3152 1117 non
3179 1074 3379 1133 potest,
3417 1066 3560 1135 digi-

1979 1145 2048 1199 tis
2115 1155 2379 1202 tractatur
2399 1159 2455 1205 et
2485 1152 2793 1218 retinetur;
2833 1156 3429 1219 lnvisihilis,‘sensihus
3461 1158 3561 1212 ob-

298 1218 393 1270 καὶ
450 1219 1020 1293 μεταλαμδανόμενος.
1057 1225 1124 1278 Τί
1178 1229 1495 1299 καινότερον
1538 1232 1648 1284 τῶν
1691 1235 1873 1285 τοιού-

1991 1234 2163 1289 icitur
2187 1253 2203 1301 ;
2241 1238 2331 1305 qui
2354 1250 2539 1295 mente
2566 1243 2959 1311 comprehendi
2988 1259 3094 1298 non
3121 1254 3322 1312 potest,
3350 1255 3555 1298 morta-

296 1329 404 1367 των
429 1329 446 1382 ;
479 1314 533 1367 τί
567 1313 752 1384 μεῖζον
775 1318 983 1385 ἀγαθὸν
1022 1320 1162 1389 πρὸς
1190 1322 1516 1391 ἀνθρώπους
1541 1342 1556 1392 ;
1597 1325 1685 1390 τίς
1716 1325 1876 1379 δύνα-

299 1420 389 1475 μις
424 1405 737 1477 ύπερτέρα;
769 1409 851 1473 τίς
888 1409 1106 1475 ἐξουσία
1163 1415 1385 1483 μείζους
1432 1416 1737 1471 πλουτοῦσα
1770 1419 1874 1489 χᾶ-

301 1513 486 1565 ριτας;
527 1498 659 1552 Ἰδοὺ
714 1503 742 1554 ό
791 1502 918 1571 χοῦς
970 1505 1129 1572 ἡμεῖς
1177 1507 1274 1560 καὶ
1300 1507 1475 1577 πηλός
1516 1526 1577 1562 τε
1607 1510 1700 1563 καὶ
1729 1512 1876 1564 σκώ-

297 1586 428 1658 ληξ;
461 1589 699 1654 ἐξουσίαι
729 1592 822 1646 καὶ
850 1592 1107 1663 δυνάμεις
1133 1596 1392 1666 δρώμεθα
1416 1615 1430 1629 ⁸
1462 1600 1665 1668 μᾶλλον
1689 1601 1746 1654 δὲ
1780 1602 1876 1656 καὶ

300 1681 473 1736 πλείω
495 1684 701 1737 τούτων
734 1685 1024 1755 δυνάμενοι
1054 1691 1123 1760 τῇ
1149 1691 1243 1759 τῆς
1271 1691 1575 1763 ἱερωσύνης
1621 1693 1871 1763 δυνάμει.

297 1774 412 1828 Καὶ
458 1776 692 1829 πλάσται
728 1779 837 1848 γὰρ
881 1778 980 1848 τῆς
1029 1779 1339 1850 κρείττονος
1370 1784 1626 1848 πλάσεως
1665 1784 1745 1857 τῷ
1777 1786 1874 1855 βι-

1977 1325 2121 1382 libus
2153 1332 2522 1388 comunicat
2553 1335 2607 1387 in
2643 1344 2837 1390 natura
2864 1344 3044 1391 nostra
3081 1336 3265 1390 intima
3305 1346 3362 1392 et
3412 1336 3558 1390 falli-

1978 1419 2096 1478 bili.
2128 1429 2184 1474 et
2213 1436 2312 1491 per
2338 1424 2706 1481 sacerdotium
2749 1442 2854 1497 quo
2889 1429 3097 1499 dignati
3130 1442 3341 1490 sumus,
3369 1441 3401 1480 o
3432 1442 3556 1493 pro-

1978 1511 2224 1582 digium!
2262 1517 2541 1585 mysteriis’
2578 1527 2892 1587 generatur,
2934 1518 3335 1582 manifestatur,
3367 1517 3557 1583 datur,

1980 1604 2327 1673 producitur,
2361 1607 2743 1673 introducitur,
2780 1610 2833 1664 in
2862 1611 2986 1665 loco
3024 1611 3343 1672 collocatur,
3378 1608 3557 1662 indui-

1980 1702 2090 1760 tur,
2123 1698 2189 1752 ad
2220 1697 2559 1754 iracundiam
2611 1712 2940 1771 provocatus
2970 1710 3025 1755 et
3055 1700 3466 1759 reconciliatus,
3503 1709 3560 1753 et

1980 1788 2358 1844 misericordia
2383 1802 2581 1857 motus,
2604 1801 2660 1847 et
2679 1795 3065 1847 communione
3086 1801 3395 1860 susceptus.
3419 1791 3561 1857 Quid

296 1865 565 1934 πτίσματι
617 1870 710 1922 καὶ
764 1871 878 1933 τοῖς
927 1871 1133 1935 λοιποῖς
1187 1876 1544 1944 μυστηρίοις·
1591 1853 1870 1931 trahe—scf:

1991 1881 2176 1935 horum
2204 1883 2375 1953 magis
2406 1853 2734 1952 stupendum
2760 1884 2783 1937 ?
2814 1883 2968 1949 Quod
3002 1883 3179 1952 majus
3209 1853 3266 1937 in
3291 1883 3373 1936 his
3390 1853 3564 1939 homi-

295 1958 428 2011 υἱῶν
474 1958 737 2038 πατέρες,
768 1963 863 2016 καὶ
906 1964 1055 2017 θέσει
1110 1965 1251 2018 θεῶν
1286 1968 1530 2037 ἐνεργοὶ,
1562 1968 1660 2020 καὶ
1689 1969 1869 2038 ἀμαρ-

1969 1986 2069 2024 nes
2112 1972 2367 2027 collatum
2406 1973 2775 2029 beneﬁcium?
2806 1972 2937 2041 Quae
2964 1983 3205 2043 potestas
3235 1972 3561 2028 sublimior?

298 2048 416 2110 τίας
447 2050 753 2119 ἀναιρέται,
788 2053 883 2105 καὶ
916 2053 1283 2125 ἐλευθερωταὶ
1319 2057 1532 2125 ψυχῶν,
1566 2059 1662 2111 καὶ
1710 2058 1871 2113 λύται

1991 2061 2103 2129 Quae
2128 2065 2427 2120 auctoritas
2459 2067 2693 2133 majores
2726 2066 3017 2121 conferens
3038 2063 3275 2135 gratias?
3295 2063 3435 2119 Ecce
3458 2079 3559 2119 nos

295 2138 510 2208 δεσμῶν
537 2142 795 2210 αἰωνίων,
828 2147 921 2197 καὶ
952 2148 1289 2217 παραδείσου
1318 2149 1642 2220 κλειδοῦχοι,
1679 2152 1776 2203 καὶ
1805 2152 1873 2204 τὰ

1991 2156 2177 2220 )tllvis,
2217 2156 2415 2220 lutum,
2456 2173 2671 2215 vermes
2713 2159 3037 2214 auctoritate
3079 2169 3136 2214 et
3173 2160 3374 2212 virtute
3417 2156 3561 2225 pleni

296 2232 431 2285 Θεοῦ
488 2235 811 2304 δυνάμενοι·
850 2240 946 2292 καὶ
1000 2240 1167 2294 αὐτοῦ
1226 2240 1556 2312 δεικνύμεθα
1613 2246 1873 2316 συνεργοὶ

1991 2262 2320 2317 ipparemus,
2351 2250 2584 2305 maxime
2617 2260 2671 2305 et
2703 2267 2867 2322 super
2900 2253 3084 2306 omnia
3111 2266 3236 2306 cum
3267 2248 3559 2304 sacerdotii

298 2326 435 2388 πρὸς
468 2327 742 2396 σωτηρίαν
766 2328 1092 2398 ἀνθρώποις.

1991 2340 2344 2395 excellentem
2372 2358 2695 2403 exercemus
2742 2354 3084 2412 potestatem.
3122 2342 3337 2398 Etenim
3364 2351 3568 2396 sumus“

299 2434 573 2478 creatorcs
598 2425 930 2481 sublimioris
965 2427 1260 2482 creationis
1290 2428 1620 2494 haptismatc
1671 2439 1726 2484 et
1762 2433 1885 2486 aliis
1925 2438 2308 2502 sacramentis,
2334 2449 2389 2493 et
2424 2441 2518 2494 Dei
2547 2440 2804 2495 Filiorum
2865 2441 3076 2508 Patres,
3117 2451 3173 2495 et
3252 2438 3566 2492 divinorum

302 2514 538 2571 instituti
572 2530 912 2588 operatores,
954 2529 1011 2574 ct
1036 2522 1242 2589 peccati
1300 2520 1700 2587 destructores,
1765 2531 1821 2575 et
1878 2523 2202 2582 liberatores
2250 2531 2580 2597 animarum,
2641 2530 3181 2587 solventeslvincula
3231 2536 3433 2581 aeterna
3502 2534 3559 2578 et

301 2608 610 2677 paradisum
640 2620 972 2678 reserantes,
1014 2611 1093 2666 sic
1138 2609 1232 2668 Dei
1270 2610 1556 2683 potestatis
1601 2624 1915 2682 sequestres
1978 2625 2035 2673 et
2078 2620 2357 2689 custodes,
2418 2623 2537 2693 ejus
2568 2623 2781 2678 scilicet
2835 2629 3224 2692 cooperatores
3280 2617 3349 2673 ad
3415 2616 3564 2673 salu-

305 2710 411 2756 tem
441 2704 742 2759 hominum.

306 2925 325 2944 ο
375 2893 593 2950 Μᾶλλον
628 2897 686 2951 δὲ
717 2896 770 2950 τί
800 2897 941 2969 πρὸς
966 2894 1134 2950 ταῦτα
1163 2897 1361 2966 ἡμεῐς;
1388 2896 1575 2952 Πόσων
1607 2896 1884 2965 ὀφειλέται

2057 2899 2199 2966 Quid
2246 2903 2481 2973 amplius
2527 2904 2593 2958 ad
2651 2903 2769 2957 haec
2822 2917 2922 2957 nos
2972 2898 3261 2956 dicemus?
3316 2895 3461 2962 Quot
3504 2904 3559 2948 et

306 2989 425 3061 Θεῷ
479 2991 644 3044 ἕνεκα
700 2990 1034 3058 τηλικούτων
1092 2990 1317 3061 δώρων;
1379 2990 1586 3045 Ὀποῖοι
1633 2990 1693 3044 δὲ
1740 2985 1884 3044 εῖναι

1991 3005 2189 3062 quanta
2223 2992 2329 3048 Deo
2355 2996 2652 3050 debemus!
2686 3003 2950 3064 quantum
2969 2994 3125 3047 abest
3153 2999 3212 3046 ut
3233 2989 3369 3043 satis
3404 2988 3577 3057 digne

306 3087 829 3158 κεχρεωστήκαμεν,
864 3086 988 3139 οὐδὲ
1044 3086 1092 3139 εί
1143 3085 1284 3138 κατὰ
1314 3087 1414 3156 τὴν
1464 3085 1702 3156 θεωρίαν
1741 3080 1883 3155 ἦμεν

1991 3088 2053 3142 de
2071 3087 2481 3157 eojudiccmus,
2503 3088 2719 3143 etiamsi
2757 3087 3084 3142 oculatiores
3121 3082 3401 3137 essemus!
3432 3078 3566 3144 Qute

306 3181 420 3235 τῶν
457 3179 858 3250 πολυομμάτων
917 3178 1142 3233 ἐκείνων
1202 3178 1376 3232 ἱκανοὶ
1434 3178 1572 3249 πρὸς
1620 3177 1880 3245 tutatuta;

308 3274 405 3337 Τίς
435 3272 543 3342 γάρ
575 3271 738 3340 φύσις
764 3271 957 3343 κτιστὴ
989 3272 1097 3325 τῶν
1142 3271 1234 3325 τοῦ
1268 3271 1406 3325 Θεοῦ
1443 3270 1570 3336 ἀξία
1602 3272 1879 3340 χαρίτων;

1984 3179 2129 3234 enim
2165 3188 2346 3233 creata
2390 3187 2588 3233 natura
2634 3178 2911 3234 beneficiis
2979 3176 3071 3229 Dei
3118 3172 3427 3228 invenietur
3476 3169 3563 3224 di-

1989 3286 2092 3340 gna
2114 3272 2136 3323 ?
2159 3268 2326 3325 Primi
2355 3271 2658 3325 caelestium
2703 3269 2991 3339 spirituum
3048 3266 3272 3321 ordines
3296 3268 3559 3323 tremunt,

308 3363 375 3420 Ᾱί
410 3366 626 3435 πρῶται
656 3365 765 3417 τῶν
797 3365 910 3420 ἄνω
938 3363 1123 3428 τάξεις
1154 3365 1440 3435 τρέμουσι,
1476 3363 1884 3427 συστέλλονται,

1992 3376 2051 3417 se
2086 3370 2460 3430 prosternunt,
2490 3361 2686 3415 timore
2715 3359 3084 3429 corripiuntur
3109 3372 3175 3410 ea
3202 3370 3324 3423 quae
3352 3352 3572 3421 agimus

309 3459 648 3528 φρίττουσιν.
682 3457 821 3510 αὐτὰ
849 3457 917 3510 τὰ
951 3456 1018 3510 δι’
1048 3455 1208 3526 ἡμῶν
1240 3454 1609 3525 ἐνεργούμενα
1634 3454 1886 3523 καθορῶ-

317 3567 426 3608 σαι.
455 3552 568 3605 Καὶ
603 3551 711 3618 γὰρ
747 3549 947 3619 μᾶλλον
1003 3546 1370 3616 θαυμάζουσι,
1405 3547 1467 3601 τὸ
1500 3546 1889 3602 πολυποίκιλον

314 3641 413 3709 τῆς
439 3640 531 3695 τοῦ
559 3640 695 3694 Θεοῦ
743 3641 937 3708 σοφίας
979 3641 1069 3694 διὰ
1092 3642 1190 3708 τῆς
1237 3641 1571 3712 Ἐκκλησίας
1602 3660 1890 3712 καταμαν-

318 3732 598 3796 θάνουσαι,
632 3733 707 3795 ὡς
732 3733 760 3785 ό
794 3732 1005 3796 Παῦλός
1047 3749 1201 3802 φησι.
1231 3734 1343 3787 Καὶ
1372 3728 1537 3788 αὗται
1580 3734 1682 3802 μὲν
1712 3735 1891 3801 ἐπιγι-

317 3823 622 3879 νώσκουσαι
656 3825 718 3879 τὸ
750 3825 967 3879 κτιστδν
1008 3825 1241 3892 ἑαυτῶν,
1279 3826 1378 3879 καὶ
1430 3827 1492 3880 τὸ
1536 3826 1889 3895 ὑπέρμετρον

315 3919 417 3988 τῆς
464 3919 558 3972 τοῦ
607 3917 743 3971 Θεοῦ
796 3918 1156 3987 ἁγαθότητος,
1193 3917 1435 3972 δειλιῶσί
1462 3935 1522 3972 τε
1551 3919 1644 3973 καὶ
1684 3918 1894 3989 εκπλή-

318 4027 464 4072 κτως
521 4010 719 4078 βοῶσι,
786 4010 881 4061 καὶ
942 4011 1054 4072 τοῖς
1116 4010 1422 4078 γινομένοις
1487 4010 1890 4079 θαυμάζουσιν.

326 4098 517 4168 Ἡμεῖς
558 4099 616 4151 δὲ
647 4096 857 4151 τούτων
903 4097 1013 4151 τῶν
1065 4096 1360 4152 θειοτάτων
1391 4116 1451 4152 τε
1482 4103 1577 4153 καὶ
1620 4104 1894 4169 μεγίστων

318 4190 584 4260 ὑπουργοὶ
607 4190 900 4260 τυγχάνειν
928 4188 1026 4243 καὶ
1047 4189 1317 4260 ὑπηρέται
1347 4190 1669 4260 ἠξιωμένοι,
1694 4191 1893 4255 όποίως

317 4281 682 4351 διακείμεθα;
738 4280 839 4352 τὴν
898 4280 1142 4353 φοϐερὰν
1205 4281 1460 4347 ἐξουσίαν
1530 4281 1740 4353 ταύτην
1799 4282 1899 4337 καὶ

321 4373 694 4445 φρικτοτάτην
767 4372 1127 4442 ιγχείρησιν,
1185 4370 1333 4425 ἔστιν
1416 4371 1506 4425 ὅτε
1579 4374 1660 4437 είς
1722 4373 1898 4443 ἀρχὴν

324 4462 544 4533 (οἴμοιί)
600 4463 815 4529 παθῶν,
870 4463 1033 4534 372
1091 4464 1188 4516 καὶ
1246 4463 1384 4534 ’ύλην
1448 4464 1749 4533 ἁμαρτίας,
1796 4464 1896 4534 τὴν

325 4557 595 4625 ἁμαρτίας
632 4558 728 4611 καὶ
761 4557 951 4610 παθῶν
995 4557 1272 4625 ἀναιρέτιν
1324 4557 1780 4630 ἀπεργαζόμεθα.
1816 4561 1896 4620 είς

325 4648 571 4712 ἐξουσίαν
602 4648 838 4718 ἀρχικήν
879 4664 940 4701 τε
974 4648 1066 4701 καὶ
1097 4649 1371 4719 κοσμικὴν
1403 4647 1610 4718 ταύτην
1641 4648 1897 4714 ἕλκοντες

1990 3461 2324 3507 cernentes:
2354 3451 2556 3506 etenim
2591 3450 2826 3505 maxime
2868 3449 3137 3503 mirantur
3170 3443 3429 3514 quoniam
3469 3455 3571 3510 per

1990 3545 2277 3601 ecclesiam
2355 3543 2682 3613 praedicatur
2748 3538 3098 3595 multiformis
3189 3536 3281 3592 Dei
3347 3532 3564 3602 sapien-

1995 3638 2112 3703 tia,
2168 3647 2225 3691 ut
2313 3637 2553 3705 loquitur
2643 3632 2922 3700 Paulus‘;
2985 3633 3199 3702 ipsique
3264 3640 3566 3699 agnoscen-

1995 3742 2076 3786 tes
2105 3746 2134 3783 a
2166 3745 2275 3799 quo
2301 3730 2468 3783 creati
2506 3736 2632 3783 sunt
2670 3738 2727 3781 et
2756 3727 3075 3780 immensam
3114 3724 3205 3775 Dei
3242 3721 3294 3774 in
3325 3735 3383 3773 se
3418 3715 3578 3771 boni-

1997 3828 2162 3876 tatem
2193 3820 2388 3874 timent
2429 3828 2484 3873 et
2535 3824 2816 3887 stupentes
2860 3817 3201 3885 proclamant
3235 3813 3302 3866 de
3332 3811 3417 3863 his
3451 3824 3579 3877 quae

1996 3912 2132 3968 fiunt
2176 3911 2471 3967 miraculis.
2518 3908 2631 3966 Nos
2693 3923 2824 3965 vero
2872 3906 3339 3967 sanctissimarum
3399 3898 3581 3953 maxi-

1997 4018 2322 4075 merumque
2373 4018 2555 4059 rerum
2606 4000 2916 4056 ministerio
2956 4007 3009 4053 et
3040 3992 3449 4066 dispensatione
3487 3990 3575 4044 di-

1996 4095 2145 4166 gnati
2168 4110 2406 4164 quonam
2430 4095 2614 4150 animo
2642 4091 2869 4147 sumus?
2892 4085 3253 4143 Tremendum
3284 4085 3420 4136 hanc
3443 4095 3574 4134 auc-

1999 4189 2274 4241 toritatem
2332 4196 2387 4241 et
2467 4183 2861 4240 formidandam
2952 4176 3361 4234 fabricationem
3410 4188 3573 4241 sa-pe,

1998 4280 2145 4336 heu!
2177 4280 2232 4334 in
2260 4278 2418 4335 nobis
2441 4274 2672 4347 imperio
2704 4275 3018 4345 passionum
3072 4278 3127 4324 et
3153 4265 3336 4324 carnis
3365 4262 3573 4334 peccati

2000 4371 2345 4441 subiicimus,
2377 4369 2506 4424 dum
2531 4366 2737 4438 peccati
2769 4376 2825 4420 et
2846 4362 3160 4434 passionum
3189 4359 3368 4429 fugam
3396 4362 3454 4411 et
3480 4354 3579 4406 de-

2004 4462 2344 4517 relictionem
2376 4473 2544 4529 super
2565 4457 2659 4512 illo
2676 4454 3036 4525 complentes,
3063 4459 3120 4507 et
3144 4450 3199 4504 in
3227 4448 3369 4503 hanc
3397 4455 3577 4514 potes-

2006 4563 2172 4610 tatem
2202 4553 2453 4610 omnium
2480 4550 2735 4622 primam,
2762 4547 2919 4618 quasi
2971 4544 3247 4600 mundana
3272 4540 3412 4595 foret
3470 4546 3579 4592 tra-

2006 4649 2208 4703 hantur
2256 4645 2478 4715 quidam
2526 4642 2691 4697 etiam
2748 4641 2890 4696 male
2941 4639 3210 4698 viventes,
3267 4640 3322 4687 et
3352 4632 3406 4686 in
3453 4644 3572 4683 eam

320 4756 466 4802 τινες
510 4739 606 4793 καὶ
637 4738 891 4813 πονηρῶς
943 4738 1279 4809 βιαζόμεναι,
1327 4744 1422 4796 καὶ
1461 4741 1749 4812 μανιωδῶς
1777 4743 1887 4794 ἔπιε

2000 4740 2168 4795 stulte
2211 4736 2529 4805 furioseque
2566 4731 2870 4787 insilientes
2892 4729 2966 4784 ita
2996 4742 3117 4798 quae
3150 4732 3279 4781 sunt
3300 4729 3575 4793 praecepta

324 4833 602 4901 πηδῶντες
657 4832 821 4900 αὐτῇ,
850 4831 945 4886 καὶ
1006 4830 1079 4885 τὰ
1137 4830 1264 4883 καθ’
1312 4823 1389 4884 ὧν
1422 4832 1664 4903 κατέστη
1695 4832 1904 4902 διενερο

324 4922 570 4991 γοῦντες,
604 4922 693 4977 ἵνα
751 4922 957 4991 ταύτης
1010 4923 1146 4992 φεῦί
1196 4922 1764 4994 ὲπιδράξωνται,είγε
1810 4924 1906 4978 καὶ

325 5015 527 5083 ταύτης
577 5012 723 5068 οὕτω
761 5013 1072 5084 μετέχουσι,
1121 5015 1219 5068 καὶ
1267 5015 1328 5068 οὑ
1366 5015 1741 5085 μακρύνονται
1772 5015 1907 5085 μᾶλ-

328 5105 439 5160 λον.
471 5106 578 5158 Τοῦ
614 5106 856 5160 τοιούτου
899 5105 1068 5176 ὕψους
1097 5108 1177 5172 είς
1222 5108 1434 5164 ἔννοιαν
1480 5109 1531 5159 οί
1585 5107 1708 5161 κατ’
1736 5096 1906 5176 ἀγγέ-

327 5195 450 5259 λους
483 5197 677 5249 ἐκεῖνοι
714 5198 825 5251 τῶν
854 5197 1025 5267 ἁγίων
1055 5199 1355 5268 γινόμενοι,
1381 5197 1524 5252 κατὰ
1551 5198 1619 5251 τὰ
1652 5197 1907 5252 θειότατα

329 5287 667 5357 φρίττοντες,
720 5287 794 5351 ὡς
857 5289 1097 5359 εἴρηται,
1156 5290 1430 5360 Σεραφὶμ,
1489 5289 1552 5343 τὸ
1606 5289 1752 5361 μέγα
1805 5289 1907 5359 τῆς

333 5378 636 5450 ἱερωσύνης
667 5378 897 5446 ἔφευγόν
921 5396 983 5432 τε
1029 5381 1124 5434 καὶ
1155 5381 1546 5437 ὑπεστέλλοντο
1570 5398 1586 5414 ’
1648 5381 1908 5452 ἀξιούμε-

332 5488 413 5523 νοι
455 5469 514 5523 δὲ
566 5470 793 5540 ταύτης,
846 5470 995 5534 ὅπως
1023 5472 1115 5527 τὸν
1144 5471 1354 5529 ἑαυτῶν
1395 5473 1735 5547 ᾠκονόμουν,
1765 5474 1906 5546 βίον,

334 5561 491 5631 δῆλον
519 5563 578 5627 ἐξ
604 5555 680 5617 ὧν
709 5564 1060 5631 εἰργάσαντο.

410 5829 433 5863 ⁸
468 5830 667 5900 Ephcs.
696 5846 779 5899 in,
818 5831 905 5888 10.

2004 4829 2220 4884 faciunt
2250 4837 2311 4883 ut
2339 4827 2488 4882 illam
2515 4824 2808 4894 arripiant,
2836 4822 2952 4890 qui,
2985 4820 3088 4875 heu
3113 4819 3128 4873 ι
3177 4817 3245 4871 ab
3276 4815 3365 4870 illa
3398 4811 3577 4868 arceri

2004 4920 2355 4986 meruissent,
2410 4917 2614 4973 nedum
2645 4915 2730 4970 his
2749 4914 3008 4969 omnibus
3046 4910 3426 4966 emendemus.
3495 4901 3578 4957 Illi

2003 5028 2136 5070 vero
2170 5011 2264 5081 qui
2293 5017 2612 5064 sanctorum
2637 5020 2790 5062 more
2816 5005 3062 5060 viventes
3106 5001 3172 5056 ad
3214 5000 3390 5055 instar
3414 5010 3580 5065 ange-

2006 5107 2189 5161 lorum
2262 5101 2681 5171 intelligentiam
2752 5105 2808 5151 ct
2889 5094 3348 5151 existimationem
3414 5087 3578 5155 hujus

2005 5195 2187 5266 adepti
2210 5203 2343 5250 sunt
2364 5191 2729 5258 celsitudinis,
2756 5196 3074 5253 trementes,
3112 5194 3168 5239 ut
3218 5184 3458 5238 diximus
3503 5179 3571 5233 de

2005 5287 2367 5345 sanctissimis
2395 5286 2701 5354 Seraphim,
2723 5296 2969 5353 magnam
2988 5277 3277 5334 sacerdotii
3307 5274 3579 5344 effugiunt

2006 5382 2323 5452 dignitatem
2353 5385 2408 5433 et
2439 5376 2591 5432 abca
2624 5390 2684 5431 se
2714 5372 3029 5428 subducunt
3062 5387 3077 5423 :
3142 5368 3336 5439 dignos
3395 5372 3583 5420 autem

2006 5476 2127 5542 ejus
2160 5486 2222 5528 se
2250 5468 2548 5526 ostendunt
2583 5464 2892 5523 manifestis
2951 5461 3210 5535 operibus
3260 5460 3463 5531 quibus
3494 5458 3585 5514 vi-

2009 5574 2119 5624 tam
2150 5563 2408 5653 ordinant
2444 5568 2500 5618 et
2537 5564 2762 5634 regunt.
