4060 6282
507 349 614 416 959

1369 342 1748 407 SYMEONIS
1777 337 2531 403 THESSALONICENSIS
2568 334 2913 396 ARCHIEP.

3687 322 3798 385 ςιιο

582 465 690 520 Nos
707 477 854 533 ergo,
878 459 1220 526 charissime,
1252 458 1413 528 hujus
1435 456 1610 512 meriti
1642 453 1934 524 participes
1966 465 2089 506 esse
2123 467 2135 512 Α

2267 452 2487 507 Τούτων
2522 450 2618 519 τῆς
2649 449 2804 513 ἀξίας
2838 447 2928 500 καὶ
2978 447 3138 517 ἡμεῖς
3196 445 3469 509 κοινωνοὶ,
3503 444 3793 513 ἀγατητὲ,

513 557 820 628 cupientes,
884 561 1148 623 quantum
1203 554 1544 622 poterimus,
1604 547 1882 602 enitemur
1933 545 2097 598 vitam

513 664 704 718 regere
752 658 805 703 et
851 647 1156 702 reformare
1191 646 1256 700 ad
1300 660 1491 698 eorum
1535 641 1844 711 exemplum
1882 647 1937 693 et
1969 654 2103 691 nor-

514 757 683 794 mam.
718 739 832 795 lloe
863 756 1004 809 opus
1058 753 1163 793 non
1211 738 1386 792 solum
1443 750 1554 789 non
1591 743 1676 788 est
1726 740 1975 787 nostrum
2010 727 2102 798 qui

518 846 709 886 sumus
745 830 936 885 tantuli
980 830 1125 883 inter
1177 829 1458 890 minimos,
1513 839 1617 879 nec
1649 832 1994 888 consequens
2039 831 2104 869 ex

516 935 710 980 nostro
741 924 959 987 merito,
991 922 1083 976 sed
1103 921 1265 976 etiam
1298 934 1478 988 neque
1509 926 1591 971 est
1615 931 1754 986 opus
1781 927 1972 970 eorum
2002 908 2096 980 qui

515 1027 644 1073 sunt
664 1034 824 1088 quam
861 1016 1099 1069 maxime
1118 1014 1238 1084 puri
1276 1024 1332 1068 et
1358 1012 1449 1081 qui
1470 1009 1770 1065 secundum
1791 1004 2012 1074 angelos
2034 1003 2108 1054 vi-

515 1117 675 1170 vunt,
706 1107 800 1161 srd
827 1121 1003 1174 neque
1026 1119 1164 1173 opus
1183 1113 1269 1158 est
1295 1102 1535 1171 ipsorum
1555 1098 1895 1168 angelorum.
1927 1093 2112 1147 Solius

514 1201 712 1254 divina!
745 1208 826 1252 est
865 1213 1000 1264 Opus
1043 1206 1256 1249 naturae
1315 1193 1666 1263 producentis
1702 1188 1964 1243 ex'nihilo
1994 1201 2112 1254 quae

517 1302 646 1347 sunt
676 1301 729 1346 et
761 1307 868 1345 non
898 1290 1117 1344 fuerunt
1138 1287 1308 1358 prius,
1341 1303 1461 1355 quae
1491 1285 1674 1339 omnia
1712 1290 2022 1342 conservat,
2060 1293 2116 1339 et

524 1400 644 1452 quae
679 1391 860 1450 potest
921 1397 1018 1450 pro
1052 1379 1348 1435 voluntatis
1385 1386 1520 1432 nutu
1581 1393 1642 1431 ea
1689 1383 1921 1429 mutare.
1958 1370 2112 1436 Quod

522 1476 646 1531 inde
687 1484 853 1545 patet.
924 1472 1036 1528 Soli
1087 1473 1228 1526 inter
1272 1486 1361 1525 res
1407 1479 1618 1525 creatas
1664 1467 2112 1522 reformationem

522 1578 908 1640 exspectamus
933 1581 1038 1636 qua
1065 1565 1396 1634 indigemus,
1417 1561 1622 1616 misere
1647 1557 1880 1614 triturati
1904 1565 1956 1610 et
1985 1555 2111 1625 pul-

523 1659 852 1718 chritudinis
876 1657 1121 1728 pristinae
1139 1656 1404 1723 iacturam
1437 1651 1582 1721 passi
1605 1666 1710 1705 non
1736 1647 2008 1704 audiendo
2026 1658 2124 1698 vo-

524 1771 643 1811 cem
661 1753 752 1808 Dei
774 1749 989 1816 aaterni,
1009 1747 1355 1813 immortalis,
1377 1743 1710 1800 immaculati
1729 1749 1786 1807 et
1805 1736 2118 1795 immutabi-

521 1852 615 1917 lis;
636 1850 779 1904 bono
794 1855 970 1901 autem
986 1860 1048 1900 ex
1066 1840 1238 1895 nihilo
1261 1849 1444 1895 creato
1461 1837 1784 1901 servientes;
1807 1828 2114 1886 voluntarie

524 1944 768 2013 corrupti
836 1959 901 1997 ex
958 1957 1044 2008 eo,
1081 1940 1264 1995 divina
1322 1931 1731 1989 immortalitate
1777 1925 2015 1995 spoliati,
2059 1932 2170 2014 et.

525 2038 872 2109 separatione
901 2043 954 2092 et
994 2033 1317 2088 alienatione
1335 2029 1402 2083 ab
1430 2023 1828 2082 immortalibus
1857 2017 2115 2073 mortales

525 2133 677 2196 facti,
714 2133 766 2184 in
801 2138 1005 2185 tantam
1052 2126 1240 2197 gratiae
1292 2121 1676 2178 necessitatem
1736 2113 2030 2169 incidimus
2059 2117 2116 2167 et

529 2224 819 2296 penuriam
869 2221 1082 2275 auxilii.
1137 2219 1245 2272 Etsi
1288 2217 1433 2270 enim
1475 2220 1720 2282 apostata
1759 2208 1860 2263 sibi
1901 2206 2004 2276 ipsi
2033 2203 2116 2258 vi-

531 2331 668 2371 vens
717 2324 772 2370 et
807 2321 962 2370 stans
1008 2311 1280 2373 videatur,
1337 2317 1518 2360 tamen
1565 2303 1810 2373 privatur
1842 2314 1968 2353 vera
2019 2296 2114 2352 Dei

529 2411 662 2475 vita,
701 2409 938 2478 pessima
993 2403 1295 2458 mutatione
1342 2408 1535 2469 sponte
1581 2412 1679 2451 sua
1735 2403 2011 2458 mutatus;
2063 2397 2117 2444 et

531 2503 774 2571 hacipsa
826 2497 1182 2569 persuasione
1225 2491 1574 2548 adversarius
1617 2486 1968 2542 constituitur
2015 2482 2116 2536 Do-

531 2596 664 2651 mini
698 2594 790 2664 qui
825 2592 954 2646 fecit
983 2590 1131 2645 illum
1167 2595 1221 2641 et
1252 2595 1538 2654 propterea
1569 2581 1668 2635 sibi
1717 2579 1819 2648 ipsi
1860 2588 1913 2631 et
1958 2576 2116 2630 nobis

530 2704 667 2760 quos
702 2685 904 2755 perfide
933 2682 1184 2737 alliciens
1221 2679 1284 2732 ad
1309 2675 1667 2731 imitationem
1703 2671 1786 2726 sui
1823 2668 2114 2739 persuasit,

532 2796 691 2835 causa
720 2776 1043 2848 perditionis
1073 2773 1194 2827 fttit.
1227 2771 1332 2826 Sed
1361 2771 1450 2823 ille.
1481 2767 1679 2822 mansit
1713 2772 1978 2833 apostata,
2018 2776 2118 2815 nec

532 2873 793 2929 malitiam
827 2869 1102 2932 deseruit;
1129 2881 1229 2919 nos
1260 2879 1387 2916 vero
1409 2871 1462 2914 et
1487 2869 1601 2930 post
1628 2863 1906 2929 peccatum
1939 2854 2116 2906 locum

532 2965 829 3020 habuimus
881 2959 947 3014 ad
983 2960 1147 3014 vitam
1192 2953 1469 3009 remeandi
1501 2993 1514 3012 ,
1565 2950 1809 3005 bonitate
1851 2947 1971 3013 ejus
2023 2943 2116 3013 qui

532 3059 659 3114 fecit
715 3071 834 3110 nos.
866 3053 960 3108 llle
1011 3051 1156 3105 enim
1213 3062 1320 3101 non
1380 3044 1686 3099 illusionem
1737 3050 2119 3109 quamcunque

2207 546 2328 616 θείᾳ
2370 545 2552 614 χάριτι
2603 543 2909 610 γεγονότες,
2941 539 3017 603 ὡς
3063 538 3292 606 δύναμις
3342 535 3678 606 ἐξακριϐοῦν
3707 534 3798 589 τδν

2209 639 2322 708 βίον
2380 637 2475 690 καί⁵
2518 633 2820 688 διευθύνειν
2870 630 2993 686 κατ’
3057 631 3303 693 ἐκείνους
3365 628 3795 698 σπουδάσιομεν.

2207 733 2377 786 Τοῦτο
2418 731 2478 784 τδ
2517 730 2676 800 ἔργον
2705 730 2805 797 οὐχ
2832 729 2979 790 ὅπως
3022 727 3133 779 τῶν
3171 723 3469 794 ἐλαχίστων
3501 726 3532 792 ἡ
3545 724 3668 793 μῶν
3698 723 3800 778 οὒκ

2209 825 2356 877 ἔστιν
2416 822 2576 892 ἔργον
2639 821 2799 887 ἀξίας
2844 820 2946 889 τῆς
3000 821 3277 890 ἡμετέρας
3332 817 3650 882 ἀκόλουθον,
3682 815 3800 869 ἀλλ’

2210 918 2333 970 οὐδὲ
2384 919 2486 985 τῆς
2535 915 2645 969 τῶν
2698 913 2883 984 ἄκρως
2923 911 3359 981 κεκαθαρμένων
3409 909 3661 972 ἐκείνων,
3706 908 3802 964 καὶ

2211 1009 2321 1062 τῶν
2365 983 2485 1061 κατ’
2528 983 2796 1076 ἀγγέλους
2846 1005 2943 1058 καὶ
2988 1003 3239 1071 ἀγγέλων
3286 1002 3488 1058 αὐτῶν.
3522 1001 3716 1069 Μόνης
3744 983 3808 1052 δὲ’

2213 1105 2311 1172 τῆς
2370 1102 2518 1164 θείας
2585 1099 2742 1153 τοῦτο
2797 1101 3059 1168 τυγχάνει
3117 1096 3332 1165 φύσεως
3385 1095 3570 1165 ἔργον,
3602 1095 3702 1163 τῆς
3733 1094 3800 1146 τὰ

2215 1196 2343 1249 ὄντα
2398 1191 2832 1264 παραγαγούσης
2871 1189 2944 1258 μὴ
2999 1188 3130 1242 ὄντα
3179 1187 3467 1256 πρότερον.
3509 1186 3607 1237 καὶ
3642 1181 3800 1245 αὖθις

2219 1286 2661 1357 σνγκρατούσης,
2699 1285 2791 1337 καὶ
2848 1280 3100 1336 ἀλλοιοῦν
3157 1278 3464 1350 δυναμένης
3497 1279 3573 1341 ὡς
3609 1277 3800 1348 βούλεο
3851 1314 3859 1320 .

2217 1397 2327 1433 ται.
2365 1377 2475 1431 Καὶ
2535 1375 2694 1444 δῆλον
2749 1372 3023 1426 ἐντεῦθεν.
3062 1371 3217 1424 Ἐπεὶ
3263 1371 3372 1440 γάρ
3430 1371 3595 1440 ἡμεῖς
3649 1368 3802 1435 μόνοι

2219 1471 2327 1524 τῶν
2365 1466 2666 1536 γεγονότων
2693 1465 2950 1519 ἁπάντων
2990 1464 3092 1528 τῆς
3127 1461 3579 1532 ἀναμορφὼσεως
3636 1458 3804 1529 ἐχρῄ-

2223 1560 2410 1629 ζομεν,
2445 1557 2825 1626 συντριϐέντες
2873 1553 3076 1618 ἀθλίως
3113 1555 3210 1606 καὶ
3261 1553 3322 1604 τὸ
3359 1550 3552 1622 πρῴην
3606 1551 3806 1604 ἀπολέ-

2226 1669 2419 1714 σαντες
2462 1649 2658 1712 κάλλος
2684 1649 2780 1702 τοῦ
2809 1649 2894 1700 ἀεὶ
2930 1645 3030 1716 μὲν
3060 1644 3212 1707 ὄντος
3247 1644 3346 1697 καὶ
3400 1643 3679 1696 ἀθανάτου
3714 1642 3810 1694 καὶ

2227 1746 2509 1816 ἀφθάρτου
2560 1745 2654 1796 καὶ
2707 1739 3072 1796 ἀναλλοιώτου
3134 1738 3272 1791 Θεοῦ
3326 1735 3808 1806 παρακούσαντες,

2222 1837 2636 1898 ὑπακούσαντες
2666 1834 2721 1888 δὲ
2752 1832 2848 1887 τοῦ
2874 1835 2936 1886 ὲκ
2978 1832 3053 1902 μὴ
3088 1831 3240 1893 δντος
3263 1829 3549 1898 γεγονότος
3575 1825 3808 1895 ἀγαθοῦ,

2222 1936 2316 1989 καὶ
2351 1931 2804 2002 παραφθαρέντος
2864 1926 3148 1991 ἑκουσίως,
3203 1926 3298 1977 καὶ
3346 1924 3444 1992 τὴν
3499 1920 3809 1974 ἀθανασίαν

2222 2025 2629 2088 ἀπολωλεκότος
2697 2022 2793 2092 τὴν
2848 2019 3023 2081 θείαν,
3056 2015 3252 2086 θνητοῦ
3309 2033 3370 2068 τε
3427 2011 3811 2072 καταστάντος

2221 2123 2287 2190 τῇ
2343 2118 2623 2173 διαστάσει
2671 2113 2767 2167 τοῦ
2826 2112 3120 2175 ἀθανάτου,
3156 2110 3237 2173 είς
3287 2109 3387 2177 τὴν
3443 2106 3635 2178 χρείαν
3706 2103 3808 2172 τῆς

2224 2213 2448 2285 χάριτος
2473 2209 2676 2278 ταύτης
2707 2207 2968 2278 ἤλθομεν.
3005 2205 3068 2258 Ei
3095 2204 3203 2272 γὰρ
3235 2202 3328 2254 καὶ
3360 2200 3470 2264 ζῶν
3493 2198 3592 2252 καί⁵
3631 2198 3807 2265 μένων

2223 2311 2250 2361 ό
2290 2307 2603 2374 ἀποστάτης
2630 2304 2800 2365 δοκεῖ,
2832 2301 2967 2354 ἀλλά
2997 2299 3094 2367 τῆς
3133 2296 3367 2362 ἀληθοῦς
3398 2294 3545 2364 ζωῆς
3571 2294 3678 2362 τῆς
3706 2291 3805 2345 τοῦ

2224 2399 2359 2453 Θεοῦ
2392 2398 2785 2466 ἀπεστέρηται,
2819 2392 3132 2452 ἀλλοιωθεὶς
3161 2388 3466 2450 αύτοθελῶς
3494 2387 3596 2456 τὴν
3639 2403 3807 2448 πονη-

2231 2492 2328 2562 ράν
2365 2489 2674 2554 ἀλλοίωσιν,
2707 2488 2804 2540 καὶ
2836 2484 3082 2546 ἐναντίος
3115 2484 3257 2536 κατᾶ
3310 2483 3370 2534 τὸ
3416 2480 3607 2533 δοκοῦν
3659 2479 3810 2549 αὐτῷ

2226 2583 2478 2653 ὑπάρξας
2542 2580 2620 2650 τῷ
2676 2577 3002 2646 πεποιηκότι
3070 2576 3234 2629 αὐτὸν
3286 2572 3553 2642 Δεσπότῃ,
3596 2572 3693 2624 καὶ
3726 2570 3814 2622 διὰ

2227 2677 2384 2732 τοῦτο
2439 2674 2714 2736 ἀπωλείας
2764 2672 2862 2738 τῆς
2925 2671 3046 2736 ίσης
3101 2666 3272 2737 αὐτῷ,
3316 2667 3410 2719 καὶ
3471 2665 3604 2733 ἡμῖν
3666 2662 3814 2730 αὐτῷ

2227 2768 2618 2836 πεπεισμένοις
2671 2762 2962 2833 παραίτιος
2997 2761 3241 2826 γέγονεν.
3289 2757 3433 2810 Ἀλλ’
3464 2757 3671 2816 ἐκεῖνος
3713 2755 3811 2822 μὲν

2227 2862 2539 2929 ἀποστάτης
2579 2857 2752 2928 μένει,
2786 2856 2879 2908 καὶ
2908 2857 2940 2923 ἡ
2979 2853 3145 2906 κακία
3199 2849 3347 2920 αὐτῷ
3382 2847 3758 2917 ἀναπόϐλητος
3788 2859 3803 2874 ο

2227 2957 2388 3026 ἡμεῖς
2444 2953 2500 3006 δὲ
2559 2951 2651 3004 καὶ
2712 2949 2850 3019 μετὰ
2907 2947 2967 2999 τὲ
3030 2946 3238 3004 πεσεῖν,
3267 2939 3565 3010 ἐγερθῆναι
3619 2937 3807 3006 χώραν

2228 3048 2529 3118 εἰλήφαμεν
2563 3041 2862 3112 ἀγαθότητι
2889 3039 2986 3093 τοῦ
3020 3034 3387 3104 πεποιηκότος
3431 3047 3449 3062 ·
3487 3033 3568 3086 ὅτι
3597 3032 3808 3092 ἐκεῖνος

531 3166 727 3221 passus
756 3158 844 3204 est
876 3155 928 3201 ιιι
967 3146 1228 3208 caderet;
1283 3156 1382 3195 nec
1415 3147 1531 3195 erat
1583 3135 1825 3205 pondere
1858 3130 2038 3186 carnis
2066 3138 2122 3183 et

2232 3139 2330 3210 μὲν
2361 3137 2462 3190 οὐκ
2506 3135 2692 3204 ἀπάτῃ
2745 3131 3059 3191 πέπτωκεν,
3090 3127 3213 3180 οὑδὲ
3245 3126 3354 3194 γὰρ
3387 3123 3593 3193 σαρκὸς
3641 3121 3812 3190 πάχει

529 3243 776 3298 materia:
825 3238 1096 3295 illecebris
1134 3234 1453 3298 innodatus,
1516 3228 1610 3284 sed
1641 3224 1964 3291 voluntarie,
2022 3221 2125 3277 etsi

533 3336 657 3402 ejus
693 3349 874 3386 veram
905 3341 959 3386 et
984 3309 1218 3383 lucidam
1251 3325 1480 3378 haberet
1510 3319 1904 3389 cognitionem,
1928 3313 2128 3368 decidit

535 3443 564 3479 a
598 3427 761 3478 bono.
801 3421 942 3475 llinc
994 3437 1124 3488 ergo
1159 3427 1211 3470 et
1261 3414 1601 3485 pn‘nitentiaa
1657 3412 1838 3465 locum
1888 3423 1997 3462 non
2029 3407 2127 3460 ha-

534 3519 693 3580 bens,
717 3514 939 3583 perfidia
966 3510 1201 3564 maxime
1215 3504 1714 3573 malus,in'malitia
1737 3499 2124 3570 perseveravit,

541 3621 595 3665 et
651 3608 911 3661 malitiam
975 3619 1130 3659 suam
1199 3602 1372 3656 auxit.
1430 3598 1540 3652 Nos
1597 3605 1777 3651 autent
1837 3609 1867 3648 e
1943 3593 2122 3647 sensi-

536 3705 638 3756 bus
692 3698 863 3768 erepti
915 3706 968 3750 et
1020 3704 1209 3749 contra
1269 3692 1535 3761 pessimas
1607 3689 1728 3758 ejus
1778 3685 2128 3742 scductiones

538 3791 777 3856 muniti,
856 3788 1081 3858 gratiam
1138 3787 1451 3854 accepimus
1504 3781 1840 3852 pcenitentiae
1875 3821 1888 3843 ,
1949 3785 2009 3830 ut
2083 3775 2126 3829 si

548 3884 776 3953 quando
831 3881 884 3934 in
935 3879 1291 3935 tentationem
1345 3876 1472 3930 mali
1513 3875 1676 3943 hujus
1727 3871 1899 3928 hostis
1957 3867 2128 3924 nostri

542 3976 924 4039 inciderimus,
955 3985 1177 4027 sensum
1211 3979 1265 4024 et
1291 3967 1710 4037 intelligentiam
1742 3963 1924 4032 adepti
1968 3977 2126 4015 vero-

539 4085 660 4124 rum
707 4077 762 4121 et
807 4067 1117 4121 divinorum
1137 4064 1432 4126 bonorum,
1480 4075 1512 4114 e
1550 4060 1751 4129 quibus
1801 4055 2126 4119 excidimus,

542 4161 950 4230 resipiscatnus,
981 4158 1178 4211 iterum
1231 4167 1575 4217 revocemur,
1607 4160 1659 4205 et
1688 4165 1784 4219 pro
1829 4148 1988 4217 culpa
2021 4146 2126 4200 mi-

542 4252 854 4308 sericordia:
885 4250 1109 4321 gratiam
1149 4249 1468 4311 habeamus,
1499 4254 1554 4299 et
1590 4245 1770 4299 denuo
1803 4243 1856 4297 in
1903 4240 2127 4310 partici-

542 4348 820 4417 pationem
898 4343 1163 4398 bonitatis
1223 4341 1422 4396 divinat
1476 4338 1932 4404 redintegremur.
1992 4333 2128 4388 Cum

542 4441 710 4511 igitur
741 4439 807 4493 ad
839 4439 954 4493 hzec
995 4435 1223 4492 tendant
1281 4443 1335 4488 et
1366 4433 1646 4502 propheta:
1677 4440 1730 4485 et
1772 4432 1852 4483 lex
1882 4438 1936 4482 et
1965 4443 2131 4482 caere-

2233 3233 2333 3284 καὶ
2371 3229 2474 3299 ὕλῃ
2508 3224 2903 3298 συμπέπλεκτο
2924 3239 2939 3252 ·
2970 3220 3236 3280 ἑκουσίως
3261 3217 3339 3283 δὲ,
3377 3215 3550 3286 οὗπερ
3593 3212 3812 3282 ἀληθῶς

2232 3324 2332 3391 τὴν
2368 3322 2572 3393 γνῶσιν
2613 3316 2781 3389 εἶχεν,
2837 3316 3191 3386 ἀπεπήδησεν
3249 3309 3479 3378 ἀγαθοῦ.
3521 3305 3809 3360 Ἐντεῦθεν

2245 3415 2340 3471 οὖν
2388 3415 2483 3469 καὶ
2549 3412 2838 3484 μετανοίας
2898 3409 3082 3479 χώραν
3122 3408 3219 3460 οὐκ
3273 3405 3433 3475 ἔχων,
3464 3397 3812 3455 ὲθελοκακῶν

2241 3513 2440 3579 μᾶλλον
2503 3508 2676 3578 μένει,
2712 3504 2807 3558 καὶ
2855 3505 2919 3572 τῇ
2953 3501 3192 3572 πονηρίᾳ
3222 3498 3570 3553 πλατύνεται.
3617 3493 3815 3560 Ἡμεῖς

2236 3602 2312 3664 δὲ,
2351 3600 2602 3670 αἰσθήσει
2633 3597 2936 3656 κλαπέντες
2969 3594 3065 3645 καὶ
3113 3592 3294 3663 πλάνῃ
3333 3587 3525 3640 τούτου
3574 3585 3812 3654 πονηρᾷ,

2236 3694 2396 3763 χάριν
2439 3692 2741 3761 εἰλήφαμεν
2771 3687 3083 3757 μετανοίας,
3117 3684 3193 3746 ὼς
3223 3683 3270 3735 εί
3308 3680 3404 3734 τοῦ
3437 3677 3612 3734 κακοῦ
3647 3694 3816 3746 γεγο-

2233 3787 2387 3847 νότες
2416 3787 2474 3836 ὲν
2501 3784 2686 3852 πείρᾳ,
2719 3779 2910 3832 τούτου
2937 3775 3454 3845 καταφρονήσομεν,
3493 3773 3579 3834 είς
3616 3770 3814 3838 αίσθη-

2239 3878 2321 3930 σίν
2373 3894 2432 3928 τε
2491 3875 2600 3928 τῶν
2651 3871 2868 3942 ἀληθῶν
2912 3869 3004 3922 καὶ
3054 3867 3216 3920 θείων
3250 3860 3325 3918 ὧν
3367 3860 3813 3929 ἐκπεπτώκαμεν

2236 3969 2522 4038 γεγονότες
2580 3961 3083 4035 μεταμεληθῶμεν,
3153 3956 3312 4020 αὖθις
3375 3953 3814 4022 ἀνακληθὼμεν,

2237 4064 2332 4116 καὶ
2384 4061 2484 4129 τῆς
2546 4059 2763 4127 ἀπάτης
2823 4057 3040 4123 ἐκείνης
3097 4053 3260 4124 χάριν
3316 4048 3653 4120 ὲλεηθῶμεν,
3717 4046 3818 4112 τῆς

2238 4154 2386 4216 θείας
2447 4153 2503 4204 δὲ
2563 4149 2726 4206 πάλιν
2789 4145 3185 4217 μεταλάϐωμεν
3241 4142 3607 4209 ἀγαθότητος.
3660 4136 3818 4191 Ἐπεὶ

2237 4245 2331 4302 οὖν
2367 4245 2454 4300 διὰ
2484 4243 2657 4298 ταῦτα
2695 4242 2790 4295 καὶ
2817 4239 3120 4310 προφῆται,
3151 4237 3248 4290 καὶ
3279 4235 3467 4304 νόμος,
3499 4234 3594 4287 καὶ
3622 4232 3818 4300 τελετὴ

2238 4341 2392 4394 πᾶσα
2446 4336 2661 4400 τούτου,
2713 4335 2810 4388 καὶ
2854 4334 3169 4386 τελευταῖον
3199 4327 3338 4383 Θεοῦ
3371 4325 3817 4396 ὲνανθρώτιηαις,

2239 4433 2327 4486 ἵνα
2357 4431 2450 4484 καὶ
2495 4427 2833 4496 διδαχθῶμεν
2877 4427 2977 4495 τὴν
3013 4421 3243 4486 πτῶσιν,
3287 4423 3379 4476 καὶ
3429 4420 3634 4492 ταύτης
3680 4420 3820 4471 ἀπο-

545 4535 740 4589 monize
769 4531 1147 4599 saerificiaque
1175 4529 1357 4582 omnia
1393 4527 1511 4595 lege
1546 4524 1859 4595 praescripta
1891 4533 1943 4577 et
1974 4523 2130 4577 deni-

2238 4524 2461 4584 στάντες
2498 4520 2589 4574 καὶ
2618 4517 2711 4572 τοῦ
2753 4516 3074 4587 φθείραντος
3101 4516 3248 4584 ἡμᾶς
3278 4513 3374 4567 καὶ
3415 4512 3818 4583 πλανήσαντος,

544 4641 651 4695 que
670 4625 762 4680 Dei
791 4623 1095 4679 incarnatio
1127 4624 1264 4674 inter
1294 4617 1569 4681 homines,
1603 4625 1665 4670 ut
1691 4615 1889 4667 malum
1922 4612 2128 4681 peccati

547 4719 863 4780 doceamur,
893 4723 1168 4784 quatenus
1199 4711 1266 4764 ab
1301 4710 1392 4764 illo
1424 4709 1744 4764 recedentes
1776 4715 1831 4759 et
1867 4705 2012 4757 hunc
2036 4702 2126 4771 qui

544 4827 644 4864 nos
667 4809 967 4878 corrumpit
990 4816 1044 4862 et
1064 4805 1296 4872 seducit,
1320 4803 1606 4872 fugientes,
1634 4801 1973 4855 inveniamur
1991 4795 2133 4851 sicut

547 4902 697 4972 prius
744 4899 970 4962 fuimus,
1021 4907 1116 4952 aut
1149 4899 1328 4966 potius
1383 4895 1655 4957 meliores,
1693 4902 1887 4946 natura
1920 4889 2133 4944 scilicet

545 5001 739 5048 nostra
775 4988 1019 5044 Creatori
1049 4987 1219 5052 unita,
1251 4995 1313 5039 ut
1361 4985 1564 5039 dictum
1597 4993 1722 5048 est;
1766 4983 2000 5050 denique
2033 4995 2132 5048 per

544 5084 988 5140 incarnationem
1018 5080 1254 5134 revocati
1283 5093 1474 5133 sumus
1496 5077 1562 5132 ad
1601 5075 1886 5130 Dominum
1922 5086 2134 5128 summe

545 5179 861 5249 diligentem
889 5183 943 5229 et
975 5173 1198 5227 bonum.
1234 5169 1340 5226 Sed
1367 5185 1489 5224 cum
1537 5169 1873 5240 impossibile
1895 5177 2041 5223 esset
2077 5177 2134 5221 ut

547 5272 864 5325 incarnatus
893 5272 1158 5337 perpetuo
1204 5272 1453 5318 maneret
1501 5261 1589 5315 hic
1639 5261 1783 5315 inter
1810 5275 1928 5326 nos,
1989 5257 2131 5328 quod

549 5363 798 5417 humana:
828 5371 1039 5415 naturae
1063 5357 1302 5413 alienum
1327 5359 1430 5410 hoc
1458 5363 1623 5421 esset,
1641 5355 1920 5425 proprium
1950 5360 2132 5406 autem

547 5465 603 5512 et
659 5455 965 5526 legitimum
1006 5452 1131 5508 vitae
1171 5465 1332 5521 quam
1393 5457 1519 5520 post
1557 5445 1886 5502 sacrificium
1919 5457 2132 5499 resum-

549 5545 680 5612 psit,
711 5559 823 5597 non
859 5549 1070 5612 poterat
1107 5539 1331 5610 insuper
1361 5551 1581 5592 carnem
1610 5543 1787 5590 morte
1813 5529 2134 5588 immortali-

549 5644 663 5691 tate
709 5637 820 5705 jam
874 5635 1129 5690 donatam
1197 5631 1516 5686 mortalibus
1580 5629 1854 5700 subjicere
1908 5626 2081 5681 oculis
2117 5663 2132 5689 ,

551 5725 790 5782 maxime
835 5728 1128 5796 impiorum
1167 5733 1222 5780 et
1275 5733 1622 5795 peccatorum
1678 5723 1978 5785 hominum,
2031 5734 2133 5775 nec

549 5822 784 5878 istorum
831 5819 1045 5886 operari
1095 5817 1536 5874 reformationem
1570 5835 1580 5872 :
1616 5816 1742 5888 quia
1787 5815 1952 5872 etiam
2001 5815 2133 5872 illud

2241 4609 2526 4680 γενώμεθα
2551 4609 2625 4670 ὡς
2655 4607 2716 4659 τὸ
2742 4606 2935 4676 πρώην
2962 4622 2977 4638 ο
3011 4605 3210 4672 μᾶλλον
3241 4604 3296 4656 δέ
3327 4619 3391 4670 γε
3425 4603 3518 4655 καὶ
3546 4603 3816 4670 κρεῖττον,

2239 4705 2314 4768 ὼς
2348 4702 2450 4770 τῆς
2502 4701 2797 4770 ἡμετέρας,
2849 4698 2925 4760 ὡς
2980 4697 3224 4766 εἴρηται,
3256 4694 3472 4763 φύσεως
3504 4693 3584 4762 τῷ
3617 4693 3816 4761 ποιητῇ

2243 4794 2559 4863 ἑνωθείσης,
2609 4791 2768 4844 τοῦτο
2828 4790 2928 4860 ήδη
2995 4788 3104 4843 καὶπ
3151 4787 3366 4857 γέγονε,
3421 4785 3517 4839 καὶ
3574 4784 3665 4838 διά
3719 4785 3819 4853 τῆς

2241 4887 2711 4957 ὲνανθρωπήσεως
2733 4877 3123 4954 ἀνεκλήθημεν
3163 4880 3256 4934 τοῦ
3293 4878 3818 4950 φιλανθρωποτάτου

2243 4981 2538 5035 Δεσπότου.
2575 4979 2720 5049 Πλὴν
2745 4977 3044 5046 ἐπειδήπερ
3073 4974 3162 5028 τὸν
3196 4973 3555 5044 σαρκωθέντα
3583 4970 3820 5024 ἐνταῦθα

2244 5074 2479 5126 πάντοτε
2537 5070 2720 5140 μένειν
2773 5069 2833 5120 οὐ
2890 5067 3120 5120 δυνατὸν
3160 5061 3247 5137 ἦν,
3277 5064 3398 5118 οὐδὲ
3443 5064 3552 5134 γάρ
3605 5061 3823 5131 φύσεως

2242 5164 2592 5233 ἀνθρωπίνης
2641 5160 2820 5222 τοῦτο,
2862 5161 2988 5228 ὅρον
3045 5156 3191 5228 ζωῆς
3239 5155 3512 5223 λαϐούσης
3573 5155 3728 5223 μετὰ·
3766 5153 3826 5206 τδ

2244 5257 2540 5326 ἐπιτίμιον,
2574 5257 2666 5307 καὶ
2718 5251 2818 5320 τὴν
2879 5251 3058 5322 σάρκα
3106 5251 3161 5302 δὲ
3196 5249 3272 5317 τῷ
3307 5247 3523 5316 θανάτῳ
3567 5245 3822 5300 ἀθανατί-

2247 5367 2435 5416 σαντα,
2465 5349 2565 5400 οὑκ
2602 5343 2671 5418 ἦν
2705 5345 2930 5398 δυνατὸν
2985 5342 3142 5404 αὖθις
3185 5340 3425 5411 ὁρᾶσθαι
3461 5339 3696 5407 θνητοῖς,
3728 5336 3822 5388 καὶ

2241 5443 2465 5495 ἀσεϐέσι
2518 5440 2719 5508 μᾶλλον
2775 5437 2807 5507 ἢ
2865 5433 3281 5505 πλημμελοῦσιν
3340 5428 3675 5500 ἀνθρώποις,
3727 5427 3822 5480 καὶ

2243 5535 2450 5587 τούτων
2483 5533 2728 5602 ἐνεργεῖν
2757 5530 2855 5598 τὴν
2886 5526 3192 5581 ἀνάπλασιν
3214 5541 3231 5558 ο
3272 5524 3354 5577 ὅτι
3383 5523 3474 5574 καὶ
3506 5521 3636 5590 παρ’
3665 5521 3820 5584 ἀξίαν

2242 5625 2338 5680 τοῦ
2398 5623 2544 5678 θείου
2617 5623 2714 5676 καὶ
2773 5619 3055 5690 ἀφθάρτου
3111 5618 3208 5672 καὶ
3271 5615 3514 5684 ἀλήπτου
3573 5616 3822 5682 σώματος

2244 5721 2456 5776 ἐκείνου
2491 5718 2650 5772 τοῦτο
2686 5713 2775 5788 ἦν,
2812 5716 2908 5770 καὶ
2957 5714 3038 5768 ὅτι
3089 5713 3210 5766 οὐδὲ
3267 5711 3416 5781 παρά
3461 5709 3684 5763 πάντων
3731 5708 3821 5761 ἀν·

2245 5812 2480 5886 θρώπων
2521 5809 2851 5879 αὑτεξουσίῳ
2899 5804 3220 5878 χρωμένων,
3250 5800 3627 5857 ύπακούεσθαι
3672 5794 3815 5868 εἶχεν
