4060 6282
274 324 378 390 εσι

1591 339 1687 401 DE
1727 341 2218 409 SACERDOTIO.

3431 355 3538 422 962

282 445 349 498 ἂν
380 445 474 498 καὶ
505 444 574 497 τά
623 445 762 515 ὑπὲρ
795 446 973 500 αὐτῶν
1030 446 1296 519 ἐνεργεῖν,
1341 448 1531 519 ἔμελλε
1564 451 1621 505 δὲ
1654 454 1860 522 μᾶλλον

1989 468 2085 514 :rat
2117 459 2246 515 huic
2285 469 2494 529 sancto,
2539 477 2704 531 porro
2737 472 2790 518 et
2826 462 3161 535 impalpabili
3200 467 3417 537 corpori
3453 468 3538 524 iii-

282 535 568 591 ualui-1w
615 537 952 592 ἀθετεῖσθαι.
989 538 1099 593 Καὶ
1128 542 1177 594 εί
1219 542 1447 595 δυνατὸν
1476 543 1733 612 πάσχειν,
1764 546 1856 597 καὶ

285 627 541 697 θνήσκειν
580 628 894 700 ἀπειράκις,
926 631 1000 693 ὼς
1028 634 1124 686 καὶ
1154 633 1397 705 ὴθετήθη
1428 635 1526 688 καὶ
1557 635 1854 700 ἀθετεϊται,

285 718 382 772 καὶ
419 717 588 772 ἔπαθε
641 725 735 774 καὶ
788 721 989 790 πάσχει
1039 722 1206 776 πάλιν
1256 723 1346 776 διὰ
1378 724 1486 777 τῶν
1521 725 1688 778 αὑτοῦ
1719 726 1859 779 πάν-

288 825 410 863 τοτε
466 810 783 880 πασχόντων
836 811 974 881 ὑπὲρ
1041 813 1248 869 αὐτοῦ*
1296 815 1386 869 διὰ
1447 816 1621 870 ταῦτα
1676 816 1860 870 τοίνυν

289 899 451 960 αὐτὸς
479 901 577 970 μὲν
604 902 906 974 ἀνελήφθη.
949 905 1063 957 Καὶ
1091 904 1250 959 τοῦτο
1277 905 1450 960 ποιῶν
1481 907 1620 976 ὑπὲρ
1648 907 1807 977 ἡμῶν
1832 908 1860 960 ὁ

291 990 612 1061 ἀχωρίστως
662 993 838 1061 μένων
885 998 944 1048 ὲν
980 996 1200 1061 κόλποις
1258 1001 1371 1060 τοῖς
1429 998 1744 1064 Πατρικοῖς,
1770 1001 1863 1051 καὶ

292 1081 568 1152 πανταχοῦ
599 1083 791 1153 παρὼν
822 1085 1077 1148 πάντοτε,
1107 1088 1167 1140 τὸ
1204 1088 1364 1157 σῶμα
1392 1089 1740 1158 συνανυψῶν,
1767 1087 1865 1141 καὶ

293 1175 373 1245 τῷ
419 1178 594 1245 Πατρὶ
627 1177 920 1247 προσάγων
951 1178 1025 1241 ὡς
1062 1178 1256 1248 δῶρον,
1282 1182 1378 1233 καὶ
1404 1179 1661 1251 σύνεδρον
1695 1179 1867 1233 ποιῶν

295 1264 429 1331 άνω,
454 1266 708 1335 ὑπεράνω
747 1268 1151 1339 πάσης.άρχῆς
1192 1272 1288 1323 καὶ
1317 1269 1570 1334 ἰξουσίις
1625 1273 1722 1324 καὶ
1774 1271 1868 1324 δυ-

295 1359 536 1426 νάμεως,
560 1361 636 1422 ὡς
663 1361 767 1429 ἔφη
796 1362 1031 1426 Παῦλος,
1056 1364 1751 1435 καταστησάμενος,,373
1775 1365 1870 1419 καὶ

297 1451 529 1520 ὀμόθεον
563 1453 877 1519 ἀποδείξας,
915 1455 1272 1525 δοξαζόμενον
1324 1458 1421 1511 καλ⁸
1457 1456 1874 1525 προσκυνούμε-

298 1560 390 1598 νον
419 1545 570 1614 παρὰ
626 1547 807 1617 πάσης
859 1547 959 1610 τῆς
1020 1547 1285 1614 κτίσεως,
1339 1546 1367 1601 ὃ
1401 1549 1498 1602 καὶ
1545 1548 1686 1618 ὑπὲρ
1716 1549 1873 1618 ήμῶν

297 1636 384 1689 ἀεὶ
415 1639 613 1701 κεῖται,
668 1637 816 1706 θῦμα
863 1640 962 1694 καὶ
1007 1642 1378 1709 προσφέρεται
1424 1638 1500 1707 τῷ
1542 1639 1741 1710 Πατρλ,
1777 1641 1872 1693 καὶ

262 1762 275 1770 ε
301 1729 654 1799 παράκλητός
702 1735 817 1791 ἐστι
844 1772 859 1796 ,
909 1733 1002 1785 καὶ
1042 1732 1295 1810 ίλῖξσμὺς,
1332 1733 1428 1785 καὶ
1459 1732 1738 1810 λυτήριον,
1778 1731 1873 1784 καὶ

305 1821 531 1891 μετοχὴ,
567 1822 658 1875 καὶ
695 1822 898 1891 δῶρον,
948 1824 1041 1876 καὶ
1076 1799 1365 1893 βραϐεῖον,
1416 1824 1513 1876 καὶ
1544 1799 1696 1876 πάσα
1731 1823 1872 1878 ἁπό-

300 1912 511 1977 λαυσις.
569 1912 724 1967 Ἐπεὶ
783 1913 876 1967 οῦν
914 1914 1090 1967 ταῦτα
1132 1916 1304 1981 οὕτως
1361 1915 1677 1981 ἐξετελέσθη
1712 1956 1727 1981 ,
1777 1915 1875 1969 καὶ

303 2021 340 2058 α
502 2006 600 2076 μὲν
631 2007 675 2060 άε
695 2024 742 2060 ω
784 2013 842 2060 τκ
873 2008 1061 2071 δεξιῶν
1094 2008 1190 2062 τοῦ
1219 2010 1456 2079 Πατρδς,
1484 2010 1532 2061 οί
1576 2007 1876 2078 σωζόμενοι

302 2097 360 2150 δὲ
389 2096 484 2151 τοῦ
509 2096 775 2160 σώζοντος
803 2100 861 2152 ὲν
893 2099 1053 2170 χρείᾳ
1099 2102 1256 2164 εἰσὶν,
1298 2102 1326 2151 ὁ
1366 2098 1556 2169 Σωτὴρ
1588 2098 1689 2169 τὴν
1712 2099 1877 2168 χάριν

252 2194 264 2201 ’
303 2189 398 2242 τοῦ
453 2192 758 2259 σωτηρίου,
792 2189 838 2244 ὣ
888 2192 984 2253 εἰς
1034 2190 1243 2258 πολλῆς
1276 2190 1724 2261 εὐσπλαγχνίαςῐ
1766 2192 1878 2253 τοῖς

304 2281 444 2347 ῑσοις
473 2283 569 2353 τὴν
600 2283 764 2352 φύσιν
795 2284 918 2354 ἦτοι
950 2283 1336 2352 ὁμοιοπαθέσιν
1394 2284 1732 2357 ἀνθρώποις,
1766 2286 1880 2347 τοῖς

309 2375 641 2445 σωζομένοις
696 2376 1098 2447 ,παρέσχε-το·
1159 2378 1284 2430 ἐπεὶ
1332 2377 1429 2430 καὶ
1485 2378 1646 2440 αὐτὸς
1708 2376 1880 2430 σῶσαι

308 2466 480 2521 θέλων
535 2467 859 2538 ἀνθρώπους
884 2510 899 2533 ,
935 2468 1060 2523 κατ’
1113 2467 1438 2537 ἀνθρώπους
1487 2468 1707 2541 ἐγένετο
1733 2484 1750 2502 ο
1783 2468 1883 2521 οὐκ

309 2560 562 2628 ἀγγέλοις
592 2561 752 2614 τοῦτο
773 2559 1100 2631 παρασχὼν,
1131 2560 1208 2624 ὡς
1246 2560 1480 2631 εἴρηται,
1512 2560 1595 2613 ὅτι
1627 2560 1737 2613 οὐδ’
1778 2561 1883 2629 άγ-

310 2653 489 2720 γέλοις
516 2651 725 2722 ήνώθη,
759 2654 808 2706 εί
840 2653 918 2721 μὴ
951 2653 1161 2723 νοητῶς
1209 2652 1394 2722 μόνον·
1422 2651 1546 2706 οὐδὲ
1573 2652 1683 2722 γάρ
1715 2652 1878 2722 χρεία

311 2746 521 2809 τούτοις
556 2745 975 2808 ἀνακαινίσεως.
1006 2745 1269 2815 Σωτῆρας
1302 2743 1395 2797 οῦν
1429 2743 1544 2799 ἀντ’
1575 2742 1765 2808 αὐτοῦ,
1790 2744 1886 2797 καὶ

311 2839 501 2910 ψυχῶν
561 2840 831 2905 πλάστας,
892 2839 987 2892 καὶ
1042 2839 1181 2909 πρὸς
1219 2839 1455 2909 οὐρανὸν
1506 2839 1757 2907 ὁδηγοὺς,
1793 2838 1885 2890 καὶ⁸

316 2935 453 3002 φῶς,
506 2939 598 2984 καί
651 2934 816 3002 ζωὴν,
853 2933 951 2985 καὶ
1001 2933 1295 3002 Πατέρας,
1329 2930 1426 2984 καὶ
1470 2930 1739 3001 ποιμένας
1793 2932 1887 2984 καὶ

316 3028 565 3095 φύλακας
590 3067 606 3089 ,
640 3028 767 3086 τοὺς
801 3026 967 3092 ἱερεῖς
1009 3024 1422 3093 κατεστήσατο,
1460 3022 1559 3091 τὴν
1594 3020 1761 3075 αὐτοῦ
1802 3021 1889 3073 δύ-

316 3134 481 3188 ναμιν
526 3115 921 3186 κεκτημένους·
973 3115 1072 3183 οὐχ
1120 3114 1261 3184 ὑπὲρ
1335 3112 1547 3166 ἑαυτῶν
1596 3110 1888 3179 γεγονότας

317 3213 438 3267 οὐδὲ
470 3212 538 3265 δι’
579 3194 777 3271 αὐτοὺς
828 3209 1023 3278 μόνον,
1073 3207 1187 3261 ἀλλ’
1226 3207 1368 3277 ὑπὲρ
1416 3206 1594 3260 ἄλλων
1634 3203 1886 3272 τοῦτόσγε

318 3307 718 3365 καταστάντας.

391 3397 753 3470 Φροντιστέον
802 3394 985 3448 τοίνυν
1038 3394 1213 3464 ὁπόση
1270 3395 1524 3460 δύναμις,
1552 3392 1627 3456 ὡς
1656 3392 1793 3461 πρὸς
1831 3390 1893 3443 τὸ

320 3488 412 3544 τοῦ
454 3487 758 3558 μυστηρίου
796 3485 930 3552 Citio;
981 3483 1210 3544 ἑαυτοὺς
1260 3481 1482 3544 ἱκανοὺς
1529 3480 1792 3552 παρέχειν
1820 3479 1896 3542 ὡς

322 3582 601 3653 ἐγχωρεῖ·
632 3580 708 3643 ὡς
763 3578 974 3648 ὀφείλει
1013 3575 1152 3629 Θεοῦ
1206 3574 1442 3643 δύναμιν
1490 3576 1586 3628 καὶ
1644 3573 1896 3639 ἐξουσίαν

325 3675 420 3728 καὶ
455 3678 615 3740 χάριν
670 3674 763 3726 ἐπὶ
806 3673 910 3739 γῆς
950 3686 1104 3734 τινας
1148 3668 1525 3739 κεκτημᾶνους
1547 3682 1560 3698 ο
1596 3667 1691 3719 καὶ
1726 3663 1897 3727 οὕτως

222 3792 225 3793 ν
319 3769 422 3838 οὐχ
450 3768 679 3830 ἑαυτοὺς
740 3766 902 3836 μόνον
947 3763 1177 3831 ὠφελεῖν
1220 3759 1573 3829 δυναμένους,
1608 3757 1745 3813 ἀλλὰ
1790 3757 1899 3810 τῶν

326 3860 540 3914 πολλῶν
589 3859 752 3929 χάριν
791 3857 994 3927 μᾶλλον
1030 3853 1228 3917 αὐτοὺς
1258 3853 1554 3924 παρέχειν⁹
1600 3851 1697 3903 καὶ
1743 3849 1901 3903 τοῦτο

330 3953 497 4021 μέχρι
530 3952 786 4004 θανάτου·
827 3947 973 4001 οὕτω
1005 3948 1101 4001 καλ¹
1129 3948 1242 4016 γὰρ
1267 3946 1328 3998 τὸ
1362 3946 1706 4014 ἀρχέπυπον.
1745 3960 1764 3993 ι
1790 3940 1902 4011 Τὴν

320 4045 506 4113 ψυχήν
541 4059 642 4111 μου
672 4042 801 4109 γὰρ,
832 4040 987 4108 φησι,
1015 4037 1210 4107 τίθημι
1236 4036 1377 4105 ὑπὲρ
1399 4037 1512 4089 τῶν
1543 4035 1855 4105 προϐάτων.
1878 4052 1897 4086 ι

328 4139 438 4192 Καὶ
500 4136 706 4203 Πέτρος
749 4132 832 4193 δὲ,
875 4149 891 4181 ι
931 4124 1203 4195 Χριστδς,
1258 4128 1446 4197 φησιν,
1501 4126 1709 4178 ἔπαθεν
1758 4124 1901 4190 ὑπὲρ

325 4228 505 4299 ἡμῶν.
542 4245 561 4278 ι
595 4225 701 4278 Καὶ
733 4223 943 4284 Παῦλος
965 4221 1093 4288 περὶ
1119 4219 1210 4271 τοῦ
1256 4219 1466 4287 Πατρδς
1502 4217 1682 4283 λέγει’
1736 4234 1754 4267 r
1804 4216 1903 4276 ’³ος

328 4321 426 4375 τοῦ
465 4321 598 4373 ἰδίου
644 4317 779 4370 Υίοῦ
834 4316 937 4369 οὐκ
1007 4315 1309 4380 ἐφείσατο,
1375 4311 1489 4367 ἀλλ’
1553 4311 1698 4381 ὑπὲρ
1747 4309 1907 4380 ἡμῶν

328 4417 549 4470 πάντων
581 4413 903 4481 παρέδωκεν
932 4395 1146 4463 ἑαυτόν.
1199 4427 1217 4459 ι
1247 4406 1359 4461 Καὶ
1394 4404 1570 4459 ταῦτα
1621 4405 1720 4474 μὲν
1748 4403 1907 4457 κοινὰ

1957 552 2324 619 conveniens;
2358 554 2483 623 quia
2514 554 2753 623 denique
2782 570 2963 609 coram
2997 557 3255 613 omnibus
3301 558 3539 614 homini-

1959 645 2059 698 bus
2095 642 2266 698 libero
2299 645 2528 700 arbitrio
2566 645 2853 700 utentibus
2884 661 2990 701 non
3025 648 3203 716 potuit
3233 663 3394 719 agerc
3421 664 3542 718 quas

1960 749 2057 804 pro
2110 735 2219 789 illis
2276 735 2464 801 subiit,
2500 737 2659 807 elegit
2699 738 2880 806 potius
2918 737 3114 792 iterum
3152 741 3441 806 exinaniri,
3489 751 3544 794 et

1960 837 2224 896 quantum
2267 840 2449 897 posset
2480 832 2586 899 pati
2618 840 2672 885 et
2691 833 2826 885 mori
2858 831 3071 897 millies,
3100 842 3155 886 et
3186 832 3326 886 ultra
3352 873 3366 896 ,
3402 833 3543 886 sicut

1962 917 2275 971 exinanitus
2325 928 2407 973 est
2469 930 2521 974 et
2574 921 2906 988 exinanitur,
2940 938 3127 989 passus
3157 933 3240 977 est
3264 933 3318 976 ct
3345 924 3545 991 patitur

1964 1023 2062 1077 per
2093 1024 2224 1062 suos
2279 1010 2544 1066 continuo
2576 1013 2818 1081 quotidie
2870 1031 2967 1083 pro
3001 1015 3093 1068 illo
3147 1014 3412 1083 patientes
3443 1031 3458 1068 :
3491 1022 3546 1068 ct

1968 1110 2255 1169 propterea
2289 1103 2409 1169 ipse
2435 1104 2682 1157 ascendit
2707 1104 2761 1157 in
2788 1106 3009 1160 coitum.
3039 1105 3104 1159 Et
3129 1105 3231 1159 hoc
3259 1122 3356 1173 pro
3387 1104 3548 1159 nobis

1969 1191 2095 1245 fecit
2115 1191 2205 1260 qui
2227 1191 2295 1245 ab
2317 1201 2522 1247 aeterno
2542 1206 2724 1248 manet
2748 1199 2799 1247 in
2814 1196 2933 1248 sinu
2954 1195 3149 1260 Patris;
3170 1206 3330 1265 atque
3348 1196 3548 1264 ubique

1968 1292 2180 1347 semper
2207 1294 2446 1347 praesens
2471 1288 2590 1334 est:
2627 1296 2829 1350 corpus
2870 1298 3027 1337 suum
3061 1286 3330 1339 extollens
3357 1300 3545 1339 coram

1926 1356 2129 1423 'Patre
2162 1370 2453 1425 collocavit
2500 1373 2653 1441 quasi
2700 1374 2904 1429 donum
2938 1375 3192 1429 humana:
3234 1386 3462 1438 natura».
3494 1385 3551 1431 et

1972 1465 2160 1517 sedere
2192 1463 2321 1519 fecit
2353 1464 2406 1518 in
2436 1465 2575 1520 casio
2602 1482 2617 1519 :
2657 1485 2675 1517 ι
2706 1465 2882 1535 Super
2911 1482 3127 1521 omnem
3161 1468 3547 1536 principatum,

1972 1565 2027 1610 et
2042 1564 2368 1625 potestatein
2397 1566 2451 1611 et
2478 1558 2794 1624 virtutenm
2834 1567 2892 1613 ut
2915 1559 2988 1613 ait
3014 1560 3215 1614 Paulus
3237 1564 3279 1614 ⁸.
3304 1560 3554 1627 Illudun

1975 1662 2172 1717 corpus
2184 1648 2435 1703 deiﬁcum
2460 1652 2689 1718 praebuit
2708 1650 3064 1721 gloriﬁcatum
3085 1661 3137 1706 et
3157 1653 3443 1705 adoratum
3462 1666 3554 1703 su-

1978 1750 2073 1805 per
2097 1751 2314 1791 omnem
2339 1738 2693 1801 creationem,
2736 1746 2792 1793 et
2850 1741 3086 1809 denique
3113 1741 3412 1794 constituta
3455 1754 3554 1808 pro

1981 1828 2136 1881 nobis
2169 1828 2225 1881 in
2256 1837 2515 1883 aeternum
2535 1831 2754 1884 victima
2784 1829 3011 1884 oll‘ertnr
3030 1831 3138 1886 Deo
3165 1831 3307 1885 Patri
3333 1833 3557 1899 :sicque

1982 1917 2100 1985 ipse
2149 1928 2231 1972 est
2265 1919 2574 1973 consolator
2600 1932 2808 1984 noster,
2846 1922 3161 1989 prepitiatio
3226 1931 3435 1987 nostra,
3470 1937 3558 1976 re-

1983 2011 2228 2081 demptio
2258 2020 2467 2077 nostra,
2499 2028 2625 2082 pars
2651 2022 2860 2079 nostra,
2887 2015 3088 2068 donum
3131 2008 3398 2077 nostrum,
3434 2013 3559 2068 bra-

1986 2103 2128 2158 rium
2155 2111 2424 2168 nostrum,
2450 2105 2737 2174 omnisque
2762 2105 2970 2159 fructus
2998 2115 3183 2159 noster
3204 2115 3256 2159 ct
3279 2104 3557 2174 gaudium.

1987 2195 2278 2265 Postquam
2306 2212 2437 2268 ergo
2473 2199 2585 2253 haec
2616 2198 2688 2252 ita
2722 2198 3057 2267 aditnplevit,
3095 2208 3148 2251 et
3178 2198 3295 2263 ipse
3325 2200 3472 2251 sedet
3503 2197 3560 2251 in

1986 2288 2127 2344 coelo
2171 2288 2239 2343 ad
2275 2289 2555 2344 dexteram
2608 2288 2803 2353 Patris,
2838 2290 3026 2344 salvati
3061 2299 3244 2344 autem
3277 2287 3560 2343 Salvatore

1988 2380 2303 2452 indigi-utet
2328 2381 2641 2445 Salvator,o
2677 2382 2892 2450 pietatis
2923 2381 3131 2436 inﬁnita
3157 2382 3401 2452 dignatio
3427 2382 3441 2436 l
3473 2396 3563 2435 sa-

1990 2471 2120 2526 lutis
2152 2470 2405 2542 gratiam,
2434 2470 2746 2525 hominibus
2773 2471 2876 2525 sibi
2910 2483 3103 2527 natura
3129 2481 3183 2527 et
3216 2473 3464 2541 passione
3490 2473 3566 2527 si-

1991 2562 2207 2616 milibus
2254 2561 2444 2616 tribuit
2486 2578 2502 2615 :
2541 2562 2753 2617 salvare
2798 2563 2983 2619 volens
3013 2565 3290 2631 homines,
3326 2566 3564 2620 homini-

1991 2653 2094 2707 bus
2141 2652 2334 2707 similis
2368 2651 2542 2709 factus
2584 2663 2688 2707 est.
2728 2653 2847 2709 Non
2868 2655 3093 2724 angelis,
3137 2657 3422 2711 utdictum
3453 2666 3559 2722 est,

1994 2745 2099 2798 tale
2128 2744 2362 2798 contulit
2388 2743 2710 2800 beneﬁcium
2739 2754 2799 2799 ut
2833 2745 3149 2815 angelorum
3181 2754 3427 2800 naturam
3460 2748 3563 2802 sibi

1995 2838 2174 2891 uniret
2199 2851 2267 2889 ne
2293 2836 2511 2905 quidem
2548 2836 3024 2901 intellectualiter;
3064 2837 3164 2905 ipsi
3192 2853 3301 2891 non
3336 2838 3567 2907 egebant

1937 2988 1941 2991 τ
1997 2929 2368 2983 renovatione.
2407 2927 2509 2981 Pro
2538 2943 2597 2983 se
2636 2944 2765 2997 ergo
2793 2929 3111 2983 sacerdotes
3139 2930 3425 2984 constituit
3454 2930 3564 2983 sal-

1974 3030 2231 3083 .Vatores,
2253 3021 2555 3074 animarum
2594 3019 2946 3084 formatores,
2969 3021 3225 3075 ductores
3254 3022 3307 3075 in
3347 3023 3565 3085 cmlum,

1998 3111 2203 3173 lumen,
2237 3110 2422 3174 vitam,
2472 3119 2675 3178 patres,
2732 3118 2980 3178 pastores
3024 3119 3079 3165 et
3109 3112 3391 3175 custodes;
3447 3108 3567 3178 ejus

1940 3188 1961 3211 ²
1999 3200 2252 3256 virtutem
2288 3201 2467 3268 adepti
2513 3210 2642 3254 sunt
2667 3211 2723 3255 et
2769 3201 2835 3254 ad
2878 3202 2982 3255 lioc
3011 3190 3292 3255 constituti
3330 3217 3436 3254 non
3469 3214 3571 3268 pro

1994 3293 2189 3362 seipsis
2216 3293 2387 3347 solum
2423 3292 2718 3363 et'propter
2745 3293 2974 3363 scipsos,
2993 3294 3087 3349 sed
3117 3310 3214 3363 pro
3239 3293 3358 3347 aliis
3378 3291 3583 3347 etiam.‘

2065 3384 2534 3440 Considerandum
2569 3394 2651 3439 est
2691 3384 2853 3454 igitur
2890 3394 3092 3453 quanta
3134 3385 3207 3438 sit
3264 3384 3378 3438 hanc
3415 3394 3575 3453 pote-I

1997 3486 2126 3543 stas,
2175 3486 2233 3531 ut
2263 3477 2528 3546 nosipsos
2580 3478 2808 3532 idoneos
2855 3478 3098 3548 praibere
3123 3479 3188 3531 ad
3242 3476 3573 3532 altissimum

1997 3568 2126 3623 illud
2147 3570 2464 3639 mysterium
2508 3586 2607 3640 pro
2636 3569 2841 3624 viribus
2862 3579 3193 3640 satagamus.
3236 3570 3327 3624 Sic
3360 3576 3575 3638 oportet

1998 3662 2260 3730 quosdam
2303 3677 2471 3731 super
2506 3672 2706 3716 terrain
2747 3663 2976 3733 adipisci
3018 3663 3111 3717 Dei
3144 3662 3401 3717 virtutem
3431 3702 3445 3722 .
3475 3677 3576 3715 au-

1999 3752 2307 3808 ctoritatem
2362 3761 2416 3806 et
2467 3753 2720 3822 gratiam,
2779 3762 2837 3807 ut
2896 3768 3008 3807 non
3072 3752 3247 3807 solum
3308 3753 3362 3804 in
3444 3766 3575 3820 pro-

2002 3844 2176 3915 priam
2236 3843 2523 3898 utilitatem
2554 3851 2872 3907 exerceant,
2922 3844 3020 3898 sed
3054 3853 3107 3897 et
3166 3842 3222 3896 in
3270 3842 3574 3913 profectum

2007 3937 2309 3992 multorum
2368 3935 2444 3989 illi
2476 3934 2710 3991 habeant
2767 3944 2822 3990 et
2893 3936 3137 3990 tribuant
3198 3936 3360 3991 etiam
3404 3950 3578 4003 usque

2004 4029 2071 4083 ad
2137 4038 2367 4082 mortem
2423 4027 2619 4096 parati.
2680 4025 2772 4080 Sic
2825 4026 2975 4080 enim
3028 4025 3154 4079 fecit
3212 4035 3267 4080 et
3295 4025 3429 4078 dixit
3487 4041 3576 4079 ar-

2006 4118 2300 4187 chetypum
2336 4127 2583 4170 nostrum
2623 4134 2637 4171 :
2700 4135 2717 4167 ι
2750 4116 3005 4171 Animam
3056 4131 3233 4169 meam
3290 4130 3433 4184 pono
3481 4129 3579 4184 pro

2008 4208 2201 4261 ovibus
2235 4208 2367 4261 meis
2395 4207 2435 4260 ⁸.
2469 4224 2488 4257 ι
2528 4207 2725 4262 Petrus
2755 4216 2939 4264 autem
2974 4225 2990 4262 ἒ
3034 4225 3052 4258 ι
3082 4207 3352 4270 Christus,
3383 4207 3578 4275 inquit,

2012 4316 2110 4370 pro
2151 4300 2312 4356 nobis
2354 4315 2546 4369 passus
2574 4312 2681 4355 est.
2735 4320 2753 4352 ι
2792 4302 2860 4356 Ει
2894 4301 3093 4355 Paulus
3121 4305 3185 4356 de
3216 4301 3373 4354 Patrc
3399 4301 3532 4355 dicit
3565 4317 3579 4353 :

2016 4413 2037 4444 ι
2067 4393 2294 4462 Proprio
2319 4392 2459 4446 Filio
2486 4408 2585 4447 suo
2605 4407 2710 4447 non
2737 4392 2999 4462 pepercit,
3030 4394 3124 4446 sed
3159 4404 3256 4460 pro
3282 4390 3440 4444 nobis
3469 4406 3586 4443 om-

330 4509 499 4562 πᾶσιν
555 4504 785 4574 ίερεῦσν
824 4504 880 4556 τί
909 4502 966 4555 δὲ
1021 4503 1119 4556 καὶ
1167 4503 1278 4562 τοῖς
1309 4500 1371 4552 τὸ
1424 4497 1566 4552 θεῖον
1596 4498 1786 4566 σχῆμα
1811 4497 1887 4550 κα¹

2013 4485 2175 4539 nibus
2208 4484 2428 4539 tradidit
2456 4484 2607 4537 illum
2633 4485 2688 4550 ⁷;
2725 4501 2744 4535 ι
2782 4493 2832 4537 ιιι
2861 4482 2974 4538 haec
3005 4483 3188 4538 omnia
3220 4481 3585 4537 communiter

334 4598 708 4669 σταυροφόρον
765 4595 1142 4663 ὲνδεδυμὲνοις
1189 4592 1251 4644 οὐ
1293 4591 1394 4660 τῆς
1443 4590 1717 4659 πτωχείας
1750 4587 1906 4641 τοῦτο

238 4759 245 4766 _
335 4692 560 4762 σημεῖον
592 4687 693 4741 τοῦ
745 4686 921 4755 Ἰησοῦ
954 4704 968 4749 ;
1001 4684 1108 4766 Τοῦ
1155 4682 1391 4752 σταυροῦ
1446 4680 1719 4749 σύμϐολόν
1760 4681 1902 4747 ἐστι,

331 4783 427 4838 τοῦ
452 4782 682 4837 θανάτου
723 4778 911 4843 είκὼν,
939 4764 1217 4830 ὅλωντῶν
1265 4775 1380 4829 ἄνω
1435 4773 1743 4842 μελέτημα,
1795 4771 1905 4825 τῶν

334 4876 487 4929 κάτω
518 4873 750 4926 πάντων
771 4867 1053 4929 ἀπόθεσις.
1076 4867 1168 4919 Διὸ
1206 4864 1303 4917 καλ⁵
1324 4866 1374 4917 οί
1403 4866 1462 4917 ὲν
1487 4862 1688 4931 γνώσει
1711 4861 1905 4916 τούτου

339 4967 539 5039 μύσται
569 4963 724 5028 ποτὲ,
751 4961 814 5015 τὸ
846 4959 979 5028 ὕψος
1007 4958 1106 5028 τῆς
1141 4958 1294 5027 ίερᾶς
1321 4955 1483 5026 δόξης
1519 4955 1772 5023 ἔφευγον
1810 4955 1909 5026 οὐχ

333 5059 415 5113 ὅτι
451 5056 682 5129 φευκτὸν
707 5057 739 5124 ἡ
765 5052 1063 5125 ἱερωσύνη,
1099 5050 1219 5106 ἀλλ’
1247 5053 1328 5104 ὅτι
1374 5048 1569 5117 ἱκανῆς
1598 5049 1771 5101 δεῖται
1810 5046 1909 5098 καὶ

337 5150 581 5220 μεγάλης
638 5148 732 5216 τῆς
789 5144 1094 5215 μελλούσης
1142 5143 1454 5213 οἰκονομεῖν
1493 5142 1563 5193 τὰ
1623 5140 1746 5208 ἱερὰ
1773 5139 1908 5207 ἔργα

332 5239 528 5310 ψυχῆς·
561 5237 659 5289 καὶ
686 5237 934 5306 καθαρᾶς
984 5236 1085 5305 μὲν
1133 5236 1209 5298 ὡς
1253 5234 1504 5287 δυνατόν·
1542 5231 1830 5302 προθύμου
1853 5230 1911 5283 δὲ

335 5334 477 5401 ὑπὲρ
506 5328 776 5397 ὠφελείας
828 5326 937 5378 τῶν
984 5325 1257 5393 ἀδελφῶν*
1308 5327 1392 5379 ὅτι
1442 5326 1538 5378 καὶ
1575 5323 1714 5377 Θεοῦ
1749 5322 1911 5395 ἔργον

337 5424 434 5476 καὶ
464 5419 751 5488 ἀγαπητὸν
785 5416 967 5486 αὐτῷ,
1001 5417 1099 5469 καὶ
1127 5416 1195 5469 δι’
1225 5416 1448 5485 ἀγάπην
1493 5415 1799 5482 δεδομένον,
1835 5414 1911 5478 ὡς

338 5511 433 5566 καὶ
459 5513 551 5564 τὸν
584 5509 790 5579 Πέτρον
824 5507 1059 5576 Χριστὸς
1085 5506 1309 5573 ἐδίδαξε.
1350 5507 1702 5578 Παρῃτοῦντο
1729 5506 1913 5560 τοίνυν

338 5605 413 5668 ὡς
448 5601 590 5672 ὑπὲρ
616 5600 813 5664 αὐτοὺς
859 5598 1206 5668 λογιζόμενοι
1254 5598 1353 5668 τὴν
1392 5598 1641 5669 μεγάλην
1683 5595 1912 5669 ἱερωσύ-

418 5783 664 5856 '.Eplies.
691 5796 729 5851 I,
756 5783 846 5840 21.
921 5780 942 5811 ⁶
971 5781 1126 5839 Joan.
1164 5796 1219 5850 ι,
1257 5780 1345 5836 15.
1423 5779 1442 5809 "
1478 5780 1633 5837 Rom.
1659 5793 1776 5849 vni,
1817 5779 1907 5837 δί.

2010 4577 2156 4631 dicta
2189 4585 2318 4630 sunt
2339 4577 2403 4630 de
2423 4574 2556 4629 Jesu
2583 4585 2639 4630 et
2665 4574 2734 4629 de
2753 4575 3006 4629 omnibus
3028 4574 3422 4629 sacerdotibus.
3443 4572 3588 4638 Quid

2009 4669 2115 4724 sibi
2149 4670 2262 4723 vult
2292 4669 2438 4739 quod
2460 4668 2759 4723 induantur
2786 4677 2975 4722 sancto
2999 4666 3185 4721 habitu
3213 4675 3269 4721 et
3294 4663 3432 4720 Stola
3461 4680 3587 4720 cru-

2010 4761 2166 4815 cibus
2209 4760 2448 4817 ornata?
2502 4776 2683 4817 nonne
2728 4760 2835 4816 hoc
2867 4769 2953 4814 est
2986 4761 3199 4826 signum
3241 4760 3587 4829 paupertatis

2011 4851 2183 4909 Jesu?
2213 4852 2411 4909 Crucis
2450 4853 2744 4907 Dominicae
2773 4852 3079 4920 symbolum
3111 4860 3216 4918 est,
3263 4852 3449 4908 mortis
3473 4851 3588 4917 eius

2014 4947 2211 5015 imago,
2252 4946 2556 5002 cmlestium
2594 4944 2834 4999 omnium
2867 4945 3207 5012 exercitatio,
3241 4954 3584 5000 terrenoruui

2015 5039 2315 5094 evacuatio.
2383 5037 2589 5094 Idcirco
2660 5036 2882 5106 quidam
2952 5037 3266 5107 spirituales
3334 5037 3588 5091 homines

2012 5134 2123 5203 jam
2178 5131 2486 5185 ministerio
2545 5146 2704 5185 sacro
2754 5130 2951 5184 initiati
3003 5131 3291 5199 aliquando
3334 5129 3584 5182 ultimum

2016 5224 2214 5281 divinae
2232 5223 2412 5293 gloriae
2434 5222 2648 5278 culmen
2675 5222 3004 5292 ell‘ugerunt,
3027 5238 3135 5276 non
3169 5220 3311 5290 quod
3340 5220 3591 5274 sacerdo-

2020 5315 2155 5370 tium
2206 5315 2277 5369 sit
2320 5313 2555 5383 quodam
2609 5315 2772 5369 modo
2812 5313 3202 5380 eﬂ‘ugiendum,
3235 5312 3330 5366 sed
3365 5313 3590 5365 timetur

2019 5406 2145 5475 quia
2177 5406 2244 5459 ad
2284 5403 2412 5459 illud
2444 5403 2680 5459 oliiciuin
2715 5415 2771 5459 et
2802 5404 3043 5473 regimen
3071 5412 3382 5457 sanctarum
3409 5416 3590 5477 rerum

2021 5495 2321 5567 requiritur
2346 5509 2502 5550 mens
2526 5495 2750 5549 omnino
2779 5507 2907 5564 apta
2939 5501 2994 5548 et
3031 5493 3297 5548 altissima
3332 5494 3593 5547 maxima-

2021 5604 2128 5660 que
2155 5587 2406 5659 sapiens;
2426 5596 2480 5643 et
2503 5602 2667 5658 quam
2699 5586 3027 5659 purissima;
3051 5586 3277 5656 zeloquc
3306 5585 3357 5640 iu
3384 5586 3592 5643 bonum
