4078 6288
547 321 654 384 963

1395 317 1773 380 SYMEONIS
1809 315 2560 379 THESSALONICENSIS
2599 315 2953 379 ARCHIEP.

3710 313 3819 376 96$

540 442 772 497 fratrum
809 442 1226 514 ﬂagrantissima
1253 458 1269 506 ;
1303 448 1358 494 et
1388 439 1513 508 quia
1548 437 1653 492 hoc
1685 446 1768 492 est
1801 452 1940 506 opus
1966 438 2062 490 1)νί
2091 480 2106 502 ,

2223 455 2317 508 νην
2347 439 2398 489 οἰ
2429 435 2861 507 ταπεινόφρονες
2891 437 3092 490 ἐκεῖνοι
3119 435 3382 506 Πατὲρες.
3418 433 3536 488 Νῦν
3565 434 3622 487 δὲ
3659 436 3817 505 παρά

539 537 696 604 cujus
743 536 818 588 illi
867 550 994 588 cura
1038 543 1120 588 est
1152 546 1340 586 amore
1373 539 1428 584 et
1469 531 1820 584 mniulatione
1855 530 2036 598 plena,
2067 538 2123 583 et

543 628 714 681 amori
743 627 998 682 mercede
1039 629 1324 685 donatum,
1359 623 1499 677 sicut
1527 622 1778 676 Christus
1807 620 1993 676 docuit
2016 621 2121 675 Pe-

541 727 686 773 trum
716 717 756 772 ⁸.
798 717 1042 772 Summis
1073 719 1238 788 igitur
1261 717 1519 786 precibus
1549 732 1608 769 se
1640 716 1994 780 excusabant,
2027 731 2121 768 ex-

541 811 722 880 emplo
753 811 975 864 Patrum
1019 810 1236 864 illorum
1278 809 1369 878 qui
1396 824 1505 876 prce
1530 807 1840 862 humilitate
1867 822 2032 876 supra
2060 821 2119 860 se

539 918 660 956 esse
683 903 1047 957 sacerdotium
1075 902 1493 972 proﬁtebantur.
1523 901 1689 970 Atqui
1715 900 1781 954 ab
1808 900 2120 954 hominibus

541 996 645 1050 illis
679 997 978 1065 praesertim
1015 1006 1135 1064 post
1195 1004 1507 1064 susceptum
1544 995 1788 1047 habitum
1829 993 2117 1048 recusaba-

542 1099 628 1142 tur
659 1089 1023 1144 sacerdotium
1055 1134 1068 1155 ,
1101 1105 1240 1159 quos
1278 1099 1498 1158 propter
1537 1088 1720 1141 meriti
1752 1086 2114 1140 eminentiam

541 1192 596 1236 ct
631 1199 780 1250 purae
809 1184 932 1236 vita:
964 1183 1340 1236 excellentiam
1371 1223 1386 1246 ,
1419 1181 1574 1233 multi
1610 1179 1804 1249 dignos
1831 1179 2116 1245 judicare-

541 1281 666 1326 rant
705 1288 716 1323 :
759 1272 888 1325 illud
923 1274 1071 1325 enim
1103 1273 1327 1326 timetur
1358 1271 1427 1324 ab
1460 1271 1640 1324 anima
1676 1270 1886 1325 forti-et
1916 1270 2117 1323 innua-

538 1367 714 1420 culeta
741 1382 940 1435 :porro
965 1365 1188 1429 candor,
1215 1363 1523 1418 innocentia
1556 1371 1612 1416 et
1645 1363 1820 1430 pietas
1843 1363 1968 1415 huic
2003 1376 2116 1414 ma-
2141 1349 2181 1376 ⁹

538 1459 686 1510 xime
721 1457 1056 1510 conveniunt
1101 1454 1448 1525 professioni.
1484 1454 1542 1508 Et
1577 1453 1673 1509 ‘hic
1705 1452 1998 1507 multorum
2033 1463 2118 1507 est

542 1549 714 1600 honor
743 1546 1242 1614 splendidissimus,
1275 1547 1508 1599 maxime
1533 1561 1721 1598 eorum
1750 1545 1838 1612 qui
1879 1552 2008 1598 sunt
2047 1559 2113 1598 ex

541 1638 820 1701 Ecclesia;
867 1639 957 1706 qui
1007 1647 1294 1706 tantopere
1340 1647 1419 1691 cst
1472 1637 1678 1691 virtute
1713 1645 1766 1689 et
1817 1636 2116 1692 stabilitate

537 1728 774 1783 donatus
808 1738 868 1782 ut
895 1728 1006 1782 fere
1038 1729 1201 1782 totius
1225 1728 1484 1782 Ecclesiae
1520 1727 1743 1792 lautitia,
1777 1743 1805 1782 a
1832 1728 2114 1782 monachis

2229 531 2335 584 τῶν
2363 531 2420 583 τὸ
2461 534 2649 601 σχῆμα
2685 530 2914 583 ἐκείνων
2956 529 3326 596 ἐνδεδυμένων
3355 527 3516 582 τοῦτο
3549 527 3817 582 διώκεται

2229 622 2453 690 μᾶλλον,
2488 625 2583 675 καὶ
2609 623 2820 684 τούτοις
2851 621 3093 675 δίδοσθαι
3133 621 3226 674 διὰ
3253 621 3313 674 τὸ
3351 621 3494 690 μέγα
3521 619 3623 687 τῆς
3651 619 3817 683 ἀξίας

2226 717 2430 787 ὑψηλόν
2457 735 2513 768 τε
2546 718 2651 769 καὶ·
2681 717 2920 787 καθαρδν
2951 716 3100 780 ἀξιον
3128 716 3379 781 κρίνεται
3411 714 3525 774 τοῖς
3571 715 3817 778 πολλοῖς,

2223 813 2305 865 ὅτι
2359 813 2454 864 καὶ
2485 811 2585 876 τῆς
2614 811 2850 879 δυνατῆς
2875 812 2972 863 καὶ
3004 808 3434 880 κεκαθαρμένης
3450 808 3608 861 τοῦτο
3635 807 3817 859 δεῖται

2221 907 2424 974 ψυχῆς.
2457 905 2793 975 Καθαρὸτης
2835 905 2890 957 δέ
2938 903 3035 957 καὶ
3064 902 3325 956 εὐλάϐεια
3353 901 3637 969 συντρέχει
3677 899 3820 968 μᾶλ-

2222 998 2315 1050 λον
2343 998 2420 1065 τῷ
2454 998 2724 1065 σχήματι.
2781 997 2893 1048 Καὶ
2945 998 2976 1065 ἡ
3019 993 3253 1061 τοιαύτη
3290 993 3401 1047 τῶν
3432 993 3647 1046 πολλῶν
3679 991 3814 1054 δόξα

2221 1092 2504 1156 καλλίστη,
2566 1091 2664 1143 καὶ
2716 1089 2825 1143 τῶν
2886 1091 3126 1143 καθόλου
3183 1089 3387 1157 μᾶλλον
3436 1087 3536 1152 τῆς
3578 1086 3816 1157 Ἕκκλη·

2223 1188 2380 1248 σίας·
2461 1185 2554 1238 καὶ
2611 1181 2755 1242 κατά
2813 1180 3072 1233 τοσοῦτον
3155 1178 3525 1248 βεδαιωθεῑσά
3619 1179 3810 1242 ἐστιν,

2218 1279 2292 1337 ὡς
2356 1279 2451 1330 καὶ⁸
2522 1276 2626 1346 τὴν
2709 1275 3048 1344 προστασίαν
3130 1274 3229 1334 τῆς
3295 1271 3633 1338 Ἐκκλησίας
3705 1289 3808 1322 πα-

2219 1387 2317 1433 σης
2395 1370 2582 1436 σχεδὸν
2661 1369 2776 1430 τοῖς
2865 1367 3122 1434 μοναχοῖς
3187 1363 3635 1434 ἐγχειρίζεσθαι.
3701 1361 3811 1415 Καὶ

2215 1460 2486 1526 ἐξετάζω)
2547 1460 2646 1528 ήδη
2710 1459 3008 1519 σπανιάκις
3066 1455 3255 1525 εὕροις
3330 1455 3455 1507 τινά
3511 1468 3644 1505 ποτε
3695 1453 3809 1504 τῶν

2217 1557 2275 1607 ἐν
2322 1557 2398 1620 τῷ
2453 1552 2643 1619 κόσμῳ
2683 1549 2969 1618 ἰεραρχίας
2999 1547 3342 1616 ἠξιωμένονο
3397 1547 3511 1604 τοϊς
3547 1545 3810 1612 μοναχοῖς

2218 1645 2274 1698 δὲ
2307 1644 2466 1697 τοῦτο
2494 1641 2684 1711 ὥσπερ
2717 1641 3198 1709 ἀποκεκλήρωται.
3246 1638 3357 1691 Καὶ
3389 1635 3520 1697 ἴδοις
3554 1635 3622 1688 ἀν
3653 1651 3813 1697 τινας

2222 1740 2283 1789 ὲκ
2321 1736 2412 1789 τοῦ
2459 1733 2729 1801 κοσμικοῦ
2765 1733 2881 1803 βίου
2917 1733 3054 1802 πρὸς
3090 1731 3380 1801 ἰεραρχίαν
3409 1729 3806 1797 ἀναγομένους.

538 1823 693 1891 dirigi
729 1823 1032 1877 videretur.
1059 1820 1114 1874 Si
1141 1822 1285 1875 enim
1315 1831 1572 1876 accurate
1603 1821 1869 1890 inquiras,
1902 1822 1991 1876 vix
2027 1821 2110 1874 in-

2223 1830 2328 1881 Kal.
2357 1825 2515 1879 τοῦτο
2542 1828 2606 1894 δὴ
2655 1827 2805 1894 παρὰ
2830 1824 2929 1891 τῆς
2973 1822 3302 1892 Ἐκκλησίας
3335 1821 3808 1887 ἀπαιτουμένους,

541 1915 728 1969 venias
773 1915 1011 1981 aliquam
1057 1927 1084 1966 a
1119 1914 1325 1968 saeculo
1359 1912 1428 1966 ad
1483 1914 1847 1968 hierarchiam
1886 1922 2113 1968 'sacram

539 2013 791 2058 evectum
819 2003 989 2058 fuisse
1022 2019 1038 2057 :
1073 2005 1176 2057 hoc
1213 2004 1368 2068 quasi
1421 2014 1568 2059 sorte
1603 2005 1886 2060 monachis
1937 2020 2116 2059 rescr-

541 2105 698 2150 vatur
731 2113 743 2149 :
775 2107 826 2150 et
865 2097 1012 2151 nosti
1049 2097 1190 2163 quod
1228 2097 1272 2151 si
1312 2098 1405 2166 qui
1437 2097 1502 2152 ad
1547 2113 1732 2152 sacros
1783 2098 2004 2153 ordines
2037 2099 2120 2153 di-

539 2189 793 2256 riguntur
822 2203 886 2242 ex
923 2188 1196 2242 mundana
1237 2189 1367 2250 vita,
1413 2190 1517 2261 hoc
1543 2190 1608 2243 ab
1635 2189 1880 2244 Ecclesia
1922 2205 2119 2244 conce-

540 2280 689 2333 ditur
740 2289 799 2333 ut
848 2281 1245 2334 monachorum
1299 2281 1481 2333 habitu
1520 2282 1756 2349 primmn
1792 2283 2114 2338 induantur.

541 2375 649 2429 Sed
686 2376 812 2428 dum
868 2375 982 2429 h:cc
1031 2374 1268 2430 ﬁdelium
1323 2376 1654 2429 existimatio
1697 2385 1754 2430 et
1807 2377 2116 2444 praesertim

542 2477 856 2522 sanctorum
918 2469 1010 2536 qui
1062 2469 1114 2522 in
1172 2468 1411 2522 Ecclesia
1459 2478 1726 2538 praesunt,
1780 2484 1954 2524 sacrae
1995 2472 2119 2524 huic

542 2559 872 2624 professioni
905 2560 1206 2614 secundum
1243 2560 1522 2614 caelestem
1555 2575 1803 2614 normam
1856 2569 1910 2615 et
1956 2561 2119 2615 insti-

544 2652 808 2706 tutionem
859 2663 1133 2723 susceptae
1180 2654 1438 2707 honorem
1471 2653 1725 2708 conferre
1759 2656 1942 2725 gestit,
1977 2656 2117 2708 mala

545 2745 840 2799 multorum
871 2745 1160 2814 dispositio
1189 2746 1306 2814 ipsa
1338 2746 1524 2799 omnia
1552 2747 1882 2814 corrumpit.
1915 2747 2122 2822 profes-

544 2841 713 2894 sionis
753 2839 1110 2894 caeremonias
1147 2838 1362 2892 inutiles
1413 2838 1610 2901 reddit,
1648 2839 1790 2894 lieni
1821 2848 1873 2894 et
1905 2840 2070 2894 solvit
2103 2859 2116 2894 :

537 2937 594 2981 et
621 2929 841 2998 quidam
877 2929 1098 2983 ordines
1126 2929 1446 2984 hierarchiae
1467 2939 1796 2998 usurpantes
1819 2969 1832 2994 ,
1897 2929 2121 2984 minime

544 3030 788 3077 tractant
826 3029 887 3074 ut
918 3029 1216 3089 oporteret.
1246 3020 1353 3075 Sed
1400 3020 1451 3074 id
1487 3036 1658 3074 unum
1696 3031 1948 3092 satagunt
1979 3021 2121 3076 obti-

2220 1924 2282 1974 τὸ
2314 1921 2421 1973 τῶν
2475 1919 2724 1988 μοναχῶν
2789 1917 3059 1986 προτερον
3111 1914 3320 1983 ἔνδυμα
3381 1913 3807 1970 ἐπενδύσασθαι.

2233 2015 2393 2068 Ἀλλά
2422 2015 2593 2066 ταῦτα
2640 2013 2737 2082 μὲν
2778 2011 2960 2081 κρίσις
2994 2013 3146 2078 κοινὴ
3178 2009 3289 2062 τῶν
3321 2009 3530 2062 πιστῶν
3576 2009 3666 2062 καὶ
3694 2008 3811 2062 τῶν

2219 2109 2316 2175 τῆς
2360 2106 2689 2175 Ἑκκλησίας
2721 2105 2882 2159 θείων
2931 2103 3257 2173 προστατῶν
3295 2102 3518 2172 μᾶλλονο
3549 2102 3629 2171 τῷ
3677 2103 3806 2170 σχῆο

2225 2219 2356 2271 ματι
2388 2200 2465 2267 τῷ
2490 2199 2626 2268 θείῳ
2653 2198 2798 2252 κατὰ
2827 2199 2924 2266 τὴν
2955 2197 3164 2251 ἀνωθεν
3194 2196 3389 2250 τούτου
3413 2195 3570 2258 τάξιν
3603 2197 3698 2246 καὶ
3746 2192 3807 2245 ab

2221 2289 2568 2360 ἐπάγγελμα,
2601 2290 2992 2358 ἀπονεμόντων
3033 2287 3135 2354 τὴν
3157 2289 3351 2356 τιμήνο
3388 2289 3420 2355 ἡ
3450 2287 3559 2338 τῶν
3595 2285 3808 2337 πολλῶν

2221 2388 2277 2440 δὲ
2309 2389 2410 2440 οὐκ
2440 2385 2619 2455 ἀγαθὴ
2654 2384 2849 2453 γνώμη
2884 2386 2952 2436 τὰ
2985 2384 3167 2435 πάντα
3202 2380 3566 2451 παρέφθειρε.
3603 2378 3716 2430 Καὶ
3741 2378 3809 2430 τὰ

2221 2479 2314 2532 τοῦ
2339 2481 2618 2548 σχήματος
2643 2475 2925 2546 ἡχρειὼθη
2951 2476 3075 2547 (φεῦ
3109 2478 3150 2542 l)
3175 2477 3268 2528 κα¹ι
3290 2473 3806 2543 παρατέθραυσται.

2221 2573 2332 2626 Καὶ
2367 2572 2465 2640 τῆς
2497 2573 2786 2642 ἰεραρχίας
2832 2569 3226 2638 ἐπειλημμένοι
3275 2568 3444 2631 τινὲς,
3472 2567 3570 2635 οὐχ
3619 2565 3810 2634 ὥσπερ

2223 2665 2389 2734 ἐχρῆν
2420 2663 2624 2733 ταύτην
2672 2663 3084 2731 οἰκονομοῦσιν,
3139 2659 3254 2714 ἀλλ’
3295 2660 3436 2712 ὥστε
3489 2658 3589 2725 μὲν
3649 2657 3811 2725 μόνον

2221 2757 2318 2824 τῆς
2354 2755 2636 2825 θειοτάτης
2669 2754 2826 2818 ἀξίας
2877 2755 3156 2824 ἐπιτυχεῖν
3211 2751 3536 2804 σπεύδουσιν
3586 2750 3686 2816 ὅση
3722 2749 3812 2800 δύ-

2223 2845 2521 2912 ναμι;,καὶ
2543 2847 2719 2897 πάντα
2754 2843 3083 2912 πράττουσιν
3114 2844 3204 2894 ἐπὶ
3228 2841 3422 2910 τούτῳ
3443 2840 3594 2893 οὐδὲν
3613 2840 3668 2892 δὲ
3699 2840 3812 2890 τῶν

2223 2937 2519 3002 κατ’ἀξίαν
2779 2937 2949 3003 αὐτῆς
2981 2935 3372 3004 διενεργοῦσιν,
3413 2935 3558 2987 ἐστιν
3608 2934 3696 2986 ὅτε
3755 2933 3812 2986 δὲ

2229 3033 2482 3100 μάλιστα,
2512 3033 2609 3085 καὶ
2646 3033 2715 3084 τὰ
2752 3032 2875 3085 κατ’
2905 3031 3096 3099 αὐτῆς,
3127 3029 3250 3082 καθ’
3281 3030 3489 3083 ἑαυτῶν
3517 3029 3571 3080 δὲ
3603 3027 3813 3094 μᾶλλον

538 3129 670 3169 nere
689 3122 744 3167 ut
772 3113 1139 3168 sacratissima
1164 3113 1268 3168 hac
1290 3113 1618 3168 auctoritate
1651 3113 1951 3180 potiantur,
1975 3123 2024 3166 et
2053 3113 2118 3166 ad

2226 3122 2460 3176 ποιοῦσι.
2501 3123 2630 3175 Δέον
2671 3124 2778 3193 γὰρ
2823 3123 2895 3192 μὴ
2953 3121 3044 3174 διὰ
3091 3121 3250 3174 τοῦτο
3305 3119 3365 3172 τδ
3401 3119 3589 3188 σχῆμα
3625 3117 3813 3170 ἐνδύε-

543 3205 646 3260 hoc
686 3206 823 3260 nihil
873 3221 982 3259 non
1026 3205 1258 3260 faciunt.
1299 3205 1448 3259 Nihil
1501 3205 1697 3259 horum
1734 3219 1852 3274 qua“:
1894 3205 1961 3259 ad
1998 3205 2119 3271 ejus

537 3293 857 3365 dignitatem
917 3296 1209 3350 conferunt
1278 3303 1556 3354 exercent.
1637 3294 1748 3348 imo
1821 3293 2120 3361 aliquando

539 3389 721 3456 potius
751 3405 868 3457 qua:
891 3399 1016 3442 sunt
1043 3398 1232 3443 contra
1269 3388 1413 3440 illam
1446 3387 1671 3451 faciunt,
1697 3386 1788 3440 sed
1814 3387 1902 3440 illa
1929 3396 2118 3440 contra

537 3493 633 3532 eos
667 3479 904 3530 maxime
943 3488 1194 3547 vergunt.
1238 3478 1454 3532 Etenim
1500 3489 1789 3546 propterea
1821 3493 1978 3532 sacro
2019 3479 2120 3532 ha-

539 3571 657 3625 bitu
696 3586 801 3625 non
849 3569 1111 3623 induendi
1173 3581 1321 3635 sunt,
1355 3571 1448 3624 sed
1491 3586 1660 3642 scopo
1687 3573 1808 3642 ejus
1838 3573 2125 3627 attenden-

538 3663 666 3717 dum
701 3673 785 3716 est
808 3701 825 3727 ,
859 3671 916 3716 et
949 3678 1071 3716 cum
1107 3662 1414 3719 sacerdotio
1457 3665 1623 3734 aliqui
1655 3665 1915 3735 dignandi
1948 3675 2116 3729 sunt,

539 3755 779 3823 eligendi
811 3764 938 3809 sunt
967 3757 1108 3811 inter
1131 3773 1226 3812 eos
1255 3757 1345 3826 qui
1382 3759 1551 3827 magis
1585 3759 1658 3828 pii
1688 3758 2119 3814 conversatione

540 3850 926 3912 ostenduntur,
959 3860 1012 3905 et
1039 3853 1126 3920 qui
1159 3868 1395 3907 maxime
1423 3852 1728 3908 humilitate
1753 3854 1977 3909 radicati
2017 3854 2121 3907 hu-

541 3943 727 3996 ntilem
765 3943 1053 3999 Dominum
1097 3945 1402 4000 imitantur.
1445 3946 1720 4000 Continuo
1767 3947 1987 4016 quidem
2023 3946 2120 4000 de-

539 4035 883 4104 prehendere
917 4036 1184 4090 habemus
1217 4051 1312 4090 eos
1341 4035 1432 4104 qui
1463 4037 1708 4106 regulam
1737 4046 1792 4090 et
1822 4037 2118 4104 imaginem

541 4126 756 4182 Domini
788 4144 894 4181 non
927 4129 1269 4196 susceperint
1301 4129 1351 4181 in
1401 4143 1555 4183 sacra
1592 4129 1965 4195 ordinatione,
2003 4130 2120 4198 ple-

542 4233 774 4286 rumque
823 4219 1074 4272 invenire
1109 4219 1442 4289 arrogantiae
1489 4229 1543 4274 et
1577 4236 1732 4275 vanae
1784 4222 2120 4277 ostensionis

541 4325 787 4372 causam,
823 4326 934 4364 non
969 4326 1068 4379 per
1095 4311 1355 4380 seipsam,
1383 4313 1475 4366 sed
1509 4327 1606 4381 per
1641 4313 1974 4368 voluntatem
2016 4331 2118 4369 no-

538 4411 732 4465 etram,
764 4417 909 4469 qum,
936 4401 1032 4455 Dei
1084 4400 1282 4470 spiritu
1313 4401 1470 4473 dirigi
1519 4418 1759 4458 renuens
1785 4444 1800 4468 ,
1833 4403 1994 4459 unice
2049 4405 2116 4459 ad

2227 3213 2393 3279 σθαι,
2458 3214 2533 3281 τῷ
2586 3214 2774 3284 σκοπῷ
2806 3215 2862 3267 δὲ
2913 3213 3110 3264 τούτου
3165 3212 3458 3281 προσέχειν
3489 3252 3504 3272 ,
3561 3211 3658 3262 καὶ
3704 3209 3814 3276 τῆς

2225 3308 2524 3376 ἱερωσύνης
2559 3308 2614 3360 δὲ
2643 3307 2996 3371 ἀξιωθέντας,
3031 3306 3168 3372 πρὶς
3216 3304 3376 3356 τοῦτο
3411 3301 3809 3368 ἀπολεγὲντας,

2223 3400 2650 3470 εὐλαϐεστέρους
2677 3399 3011 3462 δείκνυσθαι,
3032 3399 3126 3451 καί
3157 3396 3235 3464 τῷ
3265 3395 3652 3449 ταπεινωθέντι
3683 3409 3814 3446 συν-

2221 3490 2610 3545 ταπεινοῦσθαι
2658 3491 2924 3560 Δεσπότῃ,
2958 3489 3018 3542 οὗ
3048 3488 3146 3558 τὴν
3177 3489 3330 3551 τάξιν
3361 3489 3451 3538 καὶ
3476 3487 3574 3556 τὴν
3624 3486 3815 3539 εἰκόνα

2226 3581 2541 3652 εἰλήφασιν,
2572 3581 2723 3634 ἐστιν
2762 3582 2918 3650 ὁρᾷν,
2949 3580 3236 3647 ἐπάρσεως
3275 3577 3479 3646 μᾶλλον
3523 3577 3622 3644 τὴν
3652 3575 3812 3628 θεέαν

2221 3671 2376 3732 τάξιν
2433 3674 2638 3742 ταύτην
2677 3672 2772 3724 καὶ
2801 3675 2972 3739 τύφου
3004 3671 3218 3731 πολλοῖς
3249 3671 3546 3739 γινομένην
3586 3670 3769 3722 αἰτίαν
3796 3705 3812 3729 ,

2219 3763 2284 3814 οὐ
2318 3763 2450 3832 παρ’
2483 3763 2674 3831 αὐτὴν,
2711 3762 2862 3829 παρά
2907 3761 2963 3813 δὲ
3001 3761 3100 3830 τὴν
3142 3760 3421 3828 ἡμετέραν
3452 3760 3514 3812 οὐ
3549 3759 3692 3828 πρὸς
3717 3760 3811 3811 τὸν

2225 3853 2368 3908 θεῖον
2417 3853 2544 3906 νοῦν
2593 3854 2902 3923 τεταμένην
2972 3851 3318 3922 προαίρεσιν,
3387 3851 3524 3919 προς
3583 3852 3810 3918 μόναδὲ

2223 3947 2542 4014 κεχηνυῖαν,
2575 3946 2670 3998 καὶ
2701 3945 2834 4015 ὃλην
2868 3943 3295 4014 ἐκκρεμαμένην
3325 3941 3394 3994 τά
3438 3941 3591 3994 κάτω
3617 3943 3715 3994 καὶ
3754 3945 3809 3994 ἐν

2224 4039 2496 4108 αἰσθήσει.
2543 4037 2861 4107 Ὀφείλομεν
2905 4036 2961 4088 δὲ
3017 4036 3091 4103 μὴ
3142 4033 3285 4087 οὓτω
3319 4037 3567 4086 σκοπεῖν.
3604 4035 3664 4086 Εἰ
3702 4035 3807 4102 vi?

2222 4132 2318 4183 καὶ
2376 4129 2497 4182 κατ’
2552 4129 2793 4197 ἐμαυτοῦ
2823 4128 2997 4182 ταῦτα
3031 4131 3252 4196 γράφω,
3277 4131 3390 4190 τοῖς
3435 4128 3621 4189 αὐτοῖς
3661 4129 3808 4194 λογι-

2225 4223 2383 4290 σμοῖς
2424 4223 2524 4291 τῆς
2565 4222 2798 4290 οἰήσεως
2839 4221 3100 4281 πολλάκις
3148 4222 3428 4291 ἐχόμενος,
3461 4221 3576 4273 ἀλλ’
3607 4220 3672 4272 οὐ
3710 4236 3808 4272 πα-

2225 4315 2562 4385 ραιτήσομαι
2582 4327 2597 4342 ⁶
2630 4315 2728 4367 καὶ
2767 4314 2892 4367 ὅσον
2924 4314 3092 4367 ἐννοῶ
3119 4313 3262 4365 θεῖον
3294 4309 3434 4365 εἶναι
3461 4313 3558 4365 καὶ
3593 4311 3805 4380 ὀφειλό-

2229 4422 2390 4476 μενον
2445 4405 2669 4472 λέγειν,
2719 4405 2816 4459 καὶ
2877 4407 3013 4474 μετά
3053 4405 3164 4458 τῶν
3215 4403 3389 4457 ἀλλων
3437 4404 3534 4456 καί
3569 4404 3808 4472 ἐμαυτὸν

540 4493 683 4548 bona
719 4493 980 4547 inferiora
1013 4509 1255 4563 preceps
1292 4495 1406 4548 ruit
1433 4504 1486 4550 et
1511 4497 1676 4550 etiam
1713 4512 1772 4551 se
1800 4497 1906 4553 illis
1937 4498 2118 4568 imp-li-

2223 4499 2553 4569 ἐξελέγχειν.
2603 4498 2894 4552 ’Δδύνατον
2920 4499 3026 4567 γὰρ
3065 4498 3138 4569 μὴ
3177 4498 3365 4567 ὄνησίν
3401 4515 3529 4552 τινα
3559 4499 3804 4567 γίνεσθαι

539 4596 629 4640 cat
653 4595 710 4641 et
739 4586 931 4641 miscet
959 4586 1233 4641 sensibus.
1264 4585 1379 4641 Non
1417 4597 1600 4642 autem
1627 4587 1893 4644 debemus
1920 4591 2118 4659 decipi.

542 4679 667 4733 llrec
729 4690 918 4733 contra
1005 4695 1092 4732 me
1167 4681 1370 4745 scribo,
1455 4695 1600 4750 saepe
1686 4682 2119 4751 cogitationibus

541 4771 981 4840 praesumptionis
1011 4772 1229 4834 illusus,
1258 4773 1352 4826 sed
1386 4787 1496 4826 non
1531 4775 1940 4828 excusationem
1971 4791 2121 4843 qtae-

541 4877 680 4925 ram,
716 4864 834 4918 scio
857 4866 1003 4918 enim
1035 4880 1195 4933 quam
1235 4865 1306 4919 sit
1353 4875 1543 4922 sancta
1583 4865 1696 4920 haec
1734 4867 1989 4936 loquendi
2027 4883 2118 4921 ne-

539 4955 790 5018 cessitas,
816 4965 872 5009 et
901 4972 986 5010 me
1013 4972 1140 5009 cum
1171 4957 1291 5010 aliis
1315 4957 1610 5013 confitendi
1636 4961 1982 5031 mendacem.
2013 4961 2120 5015 lm-

542 5044 804 5114 possibile
833 5053 917 5098 est
960 5045 1168 5097 nullum
1211 5047 1263 5099 in
1301 5049 1456 5102 nobis
1491 5048 1794 5118 profectum
1841 5065 2123 5120 emergere

543 5153 611 5194 ex
645 5138 904 5193 memoria
938 5147 992 5192 et
1019 5137 1332 5207 cognitione
1365 5141 1633 5196 bonorum
1677 5142 1840 5196 etiam
1876 5158 1999 5196 cum
2031 5142 2126 5196 ad—
2155 5214 2158 5216 γ

545 5244 832 5286 versamur
864 5245 961 5299 per
987 5245 1106 5298 qua:
1129 5245 1239 5283 non
1263 5241 1480 5297 oportet
1508 5235 1881 5301 epinamenta.
1907 5233 2120 5288 Etenim

545 5338 642 5392 per
669 5337 773 5377 nos
804 5338 909 5377 non
940 5331 1047 5377 stat
1078 5323 1396 5392 opinionum
1429 5325 1682 5378 notiones
1712 5333 1767 5380 et
1786 5327 2131 5381 convenien-

2222 4594 2286 4660 τῇ
2323 4591 2517 4661 μνήμῃ
2557 4589 2652 4642 καὶ
2695 4590 2877 4660 ἐννοίᾳ
2901 4589 3010 4642 τῶν
3044 4590 3264 4657 ἀγαθῶν
3298 4590 3355 4641 ἐν
3387 4591 3543 4659 ἡμῖν,
3581 4590 3678 4642 καὶ
3706 4588 3806 4641 ύπδ

2226 4683 2301 4753 μὴ
2331 4682 2563 4735 δεόντων
2596 4680 2877 4749 λογισμῶν
2910 4681 3322 4750 κλεπτομένοις.
3354 4682 3428 4733 Τὸ
3452 4681 3560 4751 γὰρ
3594 4681 3806 4742 ἐννοίας

2219 4774 2472 4844 δέχεσθαι
2507 4777 2601 4825 καὶ
2654 4772 2966 4842 προσὸολὰς
3016 4773 3300 4839 λογισμῶν
3357 4773 3509 4842 ἡμᾶς
3564 4772 3677 4824 τῶν
3708 4773 3804 4825 ούκ

2221 4869 2304 4937 ἐφ’
2340 4869 2494 4938 ἡμῖν’
2531 4868 2622 4920 καὶ
2651 4866 2712 4918 τὸ
2741 4867 3058 4919 ἀπατᾶσθαι
3095 4865 3514 4931 ἐπισυμόαἰνειν
3560 4866 3803 4932 πέφυκεν

2224 4962 2356 5031 ἡμῖν
2391 4957 2683 5012 ἀλλοιώσει
2725 4956 3188 5026 κεκρατημένοις.
3231 4956 3393 5008 Ἀλλὰ
3421 4956 3484 5008 τὸ
3513 4957 3717 5008 ὲννοείν
3747 4953 3804 5006 τὸ

2230 5054 2496 5116 συνοῖσον,
2553 5052 2644 5104 καὶ
2675 5049 2834 5110 αὖθις
2865 5048 3241 5115 ἐπανάγεσθαι
3276 5047 3414 5118 πρὸς
3446 5047 3508 5100 τὸ
3536 5051 3805 5115 κρεῖττον,

2229 5145 2340 5197 τῶν
2373 5145 2457 5212 ἐφ’
2491 5145 2646 5215 ἡμῖν.
2695 5141 2867 5194 Τοῦτο
2899 5140 2995 5192 οὖν
3035 5141 3410 5210 παρορῶντες,
3445 5140 3538 5192 ὑπ’
3573 5139 3807 5206 εὐθύνην

2231 5236 2302 5296 av.
2333 5236 2547 5305 εἴημεν.
2583 5233 2802 5295 Ἄλλως
2861 5249 2918 5283 τε
2973 5232 3068 5284 καὶ
3095 5233 3154 5284 τὸ
3190 5233 3462 5302 μεριμνᾷν
3503 5233 3632 5302 περὶ
3683 5231 3809 5285 καλ·

2231 5329 2430 5380 λίστων
2465 5327 2574 5390 ἀεὶ,
2611 5325 2825 5392 πέφυκέ
2860 5342 2912 5376 τι
2945 5323 3216 5394 θειότερον
3250 5324 3592 5378 ἀπο-τίκτειν.

545 5418 649 5471 tias
686 5418 961 5485 detegere,
1003 5415 1132 5486 quia
1173 5417 1348 5472 errori
1379 5419 1646 5474 obnoxios
1673 5437 1794 5475 esse
1829 5423 1986 5476 nobis
2019 5434 2214 5476 natura
2246 5423 2448 5477 accidit
2478 5432 2534 5476 et
2563 5418 2949 5475 inconstantia:
3016 5426 3070 5471 et
3142 5417 3430 5472 mutationi
3506 5420 3745 5475 subesse
3781 5436 3796 5472 :

543 5511 639 5563 sed
673 5509 881 5578 optime
916 5525 1206 5578 possumus
1235 5527 1565 5582 cognoscere
1607 5516 1749 5584 quod
1792 5517 2029 5586 patimur
2063 5528 2115 5570 et
2151 5520 2293 5586 quod
2331 5519 2490 5572 nobis
2519 5518 2739 5587 expedit
2763 5525 2816 5570 et
2849 5515 3045 5569 iterum
3076 5513 3143 5567 ad
3172 5513 3365 5568 melius
3398 5513 3482 5583 agi
3547 5523 3605 5567 et
3671 5529 3804 5567 con-

544 5602 678 5654 verti
713 5620 725 5654 :
755 5602 856 5657 hoc
903 5615 1055 5658 certe
1097 5606 1334 5661 scientes
1366 5609 1512 5677 quod
1559 5625 1784 5678 pmnam
1818 5612 2032 5668 luemus
2073 5613 2116 5666 si
2159 5613 2282 5666 mali
2317 5613 2515 5670 simus.
2551 5612 2784 5670 Aliunde
2812 5609 3073 5668 memoria
3101 5608 3338 5664 retinere
3398 5609 3545 5666 bona
3602 5607 3811 5681 pretio-

543 5692 756 5749 sissima
779 5707 833 5750 et
863 5707 1064 5752 mterna
1101 5699 1302 5768 aliquid
1339 5703 1390 5757 in
1429 5704 1584 5760 nobis
1623 5706 1822 5776 ingerit
1847 5716 1913 5780 et
1941 5710 2177 5764 seminat
2203 5709 2630 5766 divinissimum.

619 5787 641 5818 '
668 5785 825 5844 Joan.
857 5806 946 5858 xx,
982 5792 1047 5846 15
1081 5808 1198 5864 seq.
