4078 6288
313 351 415 421 965

1603 346 1701 405 DE
1751 325 2246 406 SACE‘RDOTIO.

3456 339 3560 406 9(6

379 471 580 526 Λοιπὸν
630 469 917 538 ὀφείλομεν
971 464 1242 533 ἐξετάζειν
1285 463 1426 527 τίνος
1467 463 1632 531 ἐσμὲν
1675 463 1881 531 ὑπηρέ-

2055 461 2131 513 De
2166 466 2363 512 caetero
2381 456 2803 527 diligentissime
2828 455 3105 524 inquirere
3121 455 3383 510 debemus
3410 457 3569 525 cujus

311 584 422 628 ται,
457 564 551 617 καὶ
596 563 738 624 τίνος
783 561 948 630 ἔργου
981 561 1216 614 διάκονοι
1243 573 1256 586 '
1292 558 1386 610 καί.
1427 555 1524 620 τὴν
1562 553 1750 606 εἰκόνα
1794 554 1886 620 φέ-

316 673 478 726 ρομεν
515 654 674 715 τίνος.
706 651 843 704 Θεοῦ
896 651 1079 704 τοίνυν
1130 650 1294 718 ἐσμὲν
1325 647 1596 716 ὑπηρέται
1625 643 1719 698 τοῦ
1765 643 1885 695 κτί-

315 764 506 809 σαντος
549 747 616 798 τὰ
649 744 848 810 πάντα,
879 745 973 797 καὶ
1009 739 1147 795 εἶναι
1183 740 1242 793 εὖ
1279 736 1418 793 εἶναι
1459 737 1783 808 ποιήσαντός
1827 751 1886 788 τε

316 840 411 893 καὶ
467 840 551 891 ἀεὶ
583 837 910 907 βουλομένου
939 852 950 865 ·
981 838 1075 888 καὶ
1111 833 1600 902 μεταϐεϐλημένων
1625 830 1890 891 ἑκουσίως

316 931 394 990 είς
439 930 502 982 τὺ
549 930 734 992 κακῶς
774 925 916 980 εἷναί
968 944 1154 988 τινων,
1202 927 1296 978 καί
1332 924 1530 993 μᾶλλον
1562 921 1888 990 ἀνθρώπων,

317 1016 471 1082 αὖθις
510 1021 589 1082 εἰς
624 1023 685 1071 τδ
711 1018 771 1071 εὖ
803 1013 942 1070 εἶναι
985 1016 1441 1082 ἀποκαταστῆσαι
1471 1015 1795 1082 θελήσαντός
1830 1029 1889 1063 τε

316 1110 414 1163 καὶ
463 1109 888 1178 εὑδοκήσαντος,
928 1108 1022 1159 καὶ
1071 1106 1422 1176 ἐνεργοῦντος
1462 1105 1618 1157 τοῦτο
1663 1104 1752 1156 διὰ
1781 1103 1890 1154 τῶν

319 1201 532 1272 ἱερέων.
565 1199 771 1269 Ἔργου
811 1199 868 1252 δὲ
916 1199 1157 1252 διάκονοι
1200 1199 1520 1266 ὑπάρχομεν
1567 1194 1662 1247 τοῦ
1726 1195 1888 1262 μεγί-

319 1309 472 1348 στου.
510 1285 581 1362 ’ῼ
626 1293 733 1360 γὰρ
768 1291 952 1360 ήνώοη
1007 1293 1077 1342 τὰ
1137 1291 1228 1342 ἐπὶ
1264 1292 1364 1357 γῆς
1412 1291 1522 1349 τοῖς
1572 1286 1684 1339 ἄνω
1737 1287 1830 1337 καὶ
1859 1285 1892 1353 ἡ

317 1385 488 1453 ἔχθρα
538 1381 727 1450 ὲλύοη,
789 1384 885 1435 καὶ
931 1382 1061 1443 Θεὸς
1123 1380 1331 1450 βροτοῖς
1388 1378 1734 1447 κατηλλάγη,
1798 1377 1892 1429 καὶ

317 1476 497 1544 πλάνη
523 1476 796 1528 πέπαυται
830 1475 1000 1533 πᾶσα,
1033 1473 1129 1524 καὶ
1153 1471 1430 1539 δαιμόνων
1465 1471 1667 1539 κράτος
1696 1466 1888 1531 ὢλετο,

320 1568 414 1622 καὶ
463 1567 736 1634 ἄνθρωποι
769 1565 1175 1634 μετ’ὰγγὲλων,
1206 1565 1301 1616 καὶ
1334 1562 1439 1614 υἱοὶ
1482 1561 1618 1614 Θεοῦ
1653 1563 1746 1614 καὶ
1781 1561 1894 1612 θεοὶ

319 1661 626 1728 γεγόναμεν
671 1658 810 1709 κατὰ
843 1656 1026 1725 χάριν,
1062 1655 1255 1708 τούτου
1289 1655 1523 1723 ἐνεργοὶ,
1559 1653 1890 1721 λειτουργοὶ,

319 1749 631 1815 οἰκονόμοι,
669 1748 869 1814 μύσται
918 1746 1258 1814 τυγχάνομεν
1289 1745 1644 1814 ἀπορρήτως.
1698 1743 1894 1795 Είκόνα

1990 553 2161 606 simus
2193 548 2452 613 ministri,
2471 558 2539 601 cet
2563 551 2720 620 cujus
2747 549 2930 617 operis
2965 548 3296 612 administri,
3331 558 3387 603 et
3412 551 3570 617 cujus

1989 643 2280 712 imaginem
2323 651 2620 711 typumque
2655 655 2933 712 geramus.
2986 640 3081 694 Dei
3106 655 3352 708 namque
3373 654 3570 694 sumus

1987 735 2223 790 ministri
2259 735 2350 802 qui
2387 736 2595 789 creavit
2627 734 2948 802 omnia,'qui
2977 735 3158 787 omnia
3189 733 3318 787 fecit
3349 735 3486 788 bona
3517 742 3573 787 et

1991 827 2066 881 ita
2101 827 2190 879 illa
2222 840 2342 879 esse
2366 825 2418 879 in
2444 835 2708 881 aeternum
2727 825 3062 880 voluntatem
3086 827 3282 880 habet:
3310 827 3398 893 qui
3420 840 3577 880 erea-

1992 928 2144 972 turas
2174 920 2456 986 quasdam,
2492 919 2793 986 prmsertim
2831 918 3097 979 homines,
3122 934 3244 971 cmn
3277 918 3332 971 in
3369 919 3573 972 malum

1994 1010 2300 1062 voluntarie
2338 1009 2662 1071 inciderint,
2703 1011 2896 1061 iterum
2946 1010 3008 1062 ad
3046 1010 3247 1063 bonum
3295 1024 3417 1063 esse
3459 1008 3577 1062 Vult

1992 1101 2208 1154 restitui
2247 1119 2259 1154 :
2295 1109 2348 1153 et
2390 1100 2493 1152 hoc
2530 1113 2787 1160 procurat
2832 1114 2928 1168 per
2971 1101 3304 1154 sacerdotes.
3354 1101 3572 1154 Maximi

1993 1209 2122 1248 vere
2157 1195 2340 1262 aperis
2368 1192 2678 1246 administri
2709 1207 2923 1255 sumus,
2964 1210 3070 1261 quo
3096 1193 3376 1246 terrestria
3410 1192 3575 1247 (ταξιο-

1994 1285 2171 1339 stilms
2205 1285 2523 1349 miscentur,
2549 1295 2604 1338 et
2633 1284 2820 1339 odium
2858 1283 3108 1347 solvitur,
3140 1292 3192 1338 et
3223 1284 3369 1340 Deus
3390 1283 3573 1338 horni-

1993 1377 2159 1432 nibus
2200 1375 2608 1441 recoucilialur,
2641 1386 2697 1430 et
2741 1377 2921 1432 omnis
2969 1391 3126 1431 error
3196 1376 3577 1446 conhingitur,

1997 1478 2053 1522 et
2104 1475 2346 1535 potestas
2405 1467 2710 1521 da‘mouum
2761 1467 3090 1531 eradicatur,
3129 1467 3485 1534 disperditur,
3523 1475 3578 1520 ct

2003 1558 2250 1612 homines
2279 1572 2401 1610 cum
2431 1557 2636 1626 angelis
2665 1557 3076 1620 consociantur,
3111 1557 3274 1610 ettiiii
3297 1555 3424 1610 iacti
3451 1565 3579 1611 sunt

2003 1651 2096 1704 Dei
2136 1659 2189 1702 et
2216 1649 2302 1702 dei
2357 1648 2456 1718 ipsi
2492 1665 2590 1717 per
2636 1650 2901 1717 gratiam;
2941 1650 3122 1719 Opt'ris
3169 1649 3288 1715 ejus
3334 1649 3578 1718 opiﬁces,

1998 1743 2253 1808 ministri,
2281 1742 2574 1806 meonmui,
2612 1743 2751 1795 saeri
2785 1743 3053 1797 antistites
3099 1741 3408 1797 invenimur
3441 1740 3584 1796 inef-

319 1840 376 1892 δὲ
408 1841 671 1908 φέρομεν,
701 1837 775 1898 ὼς
808 1835 959 1887 Θείαν
1005 1850 1066 1886 τε
1115 1835 1209 1886 καὶ
1248 1835 1512 1903 μεγίστην
1539 1873 1552 1898 ,
1613 1833 1754 1885 κατὰ
1799 1834 1894 1901 τὴν

2011 1835 2253 1889 iahiliter.
2304 1833 2526 1888 Sacrum
2559 1843 2615 1887 et
2655 1836 2952 1887 maximum
2989 1835 3343 1903 divinumque
3386 1843 3576 1904 typum

319 1928 481 1994 ἀξίαν
539 1927 772 1988 ἕκαστος
821 1924 1122 1992 ἀναλόγως.
1177 1925 1508 1986 Ἐπίσκοπος
1560 1925 1668 1993 γὰρ
1731 1925 1896 1977 εἰκὼν

333 2021 540 2090 ἰησοῖν
585 2020 678 2074 καὶ
712 2019 828 2088 μετ’
868 2019 1031 2071 αὐτὸν
1071 2017 1634 2089 πρεσϐύτεροςὶκατὰ
1663 2017 1898 2069 τδ.ούειν

317 2113 388 2165 τὰ
423 2109 664 2179 μυστικά
685 2125 703 2141 ⁸
734 2110 848 2170 τοῖς
877 2108 921 2161 δ’
947 2108 1153 2171 ,ἄλλοις
1206 2108 1547 2177 χαρίσμασιν
1598 2107 1898 2167 ἐπίσκοπος

322 2205 426 2272 μὲν
454 2201 621 2254 εἰκὼν
654 2201 748 2254 τοῦ
801 2201 911 2253 τῶν
958 2201 1152 2266 φώτων
1203 2199 1442 2269 Πατρὸς,
1488 2197 1618 2268 παρ’
1657 2190 1702 2264 ᾧ
1753 2199 1900 2250 πᾶσα

317 2297 472 2358 δόσις
501 2293 702 2364 ἀγαθὴ,
727 2294 822 2346 καὶ
841 2295 948 2346 πᾶν
964 2291 1196 2362 δώρημα
1209 2293 1436 2357 τέλειον,
1457 2292 1550 2346 καὶ
1573 2291 1898 2356 φωτιστικδς

317 2391 409 2443 διὰ
446 2389 642 2442 ταῦτα.
681 2385 1060 2454 Πρεσϐύτερος
1087 2385 1167 2450 δὲ,
1202 2385 1312 2438 τῶν
1335 2385 1658 2455 ὑπερτέρων
1693 2384 1901 2449 τάξεων

315 2481 497 2534 τύπον
529 2480 688 2549 ἔχων,
721 2478 812 2531 καί⁸
838 2478 1089 2547 δεύτερον
1130 2477 1264 2545 φῶς,
1298 2478 1394 2529 καὶ
1434 2475 1783 2545 μεταδοτικὸς
1808 2475 1903 2527 καί⁸

317 2572 552 2642 ἐνεργὸς
583 2571 919 2641 μυστηρίων,
952 2571 1044 2622 καὶ
1073 2570 1161 2623 διὰ
1209 2569 1366 2622 τοῦτο
1417 2568 1745 2626 τελεστικός.
1772 2566 1903 2620 Διά-

315 2682 486 2726 κονος
515 2664 573 2715 δὲ
602 2662 758 2732 τρίτη
790 2661 962 2728 τάξις,
983 2661 1234 2729 ἀγγέλων
1264 2660 1432 2713 τύπον
1469 2660 1609 2730 ἔχων
1643 2660 1900 2728 Λειτουρ-

314 2753 530 2821 γικῶν,
586 2751 1065 2816 ἀποστελλομένων
1121 2751 1209 2802 ἀεὶ
1274 2750 1363 2803 διὰ
1421 2750 1547 2812 τοὺς
1609 2749 1904 2818 μέλλοντας

315 2846 694 2914 κληρονομεῖν
749 2842 1062 2910 σωτηρίαν⁹
1101 2842 1196 2894 καὶ
1231 2843 1318 2894 διὰ
1369 2841 1530 2893 τοῦτο
1575 2841 1671 2894 καὶ
1705 2841 1903 2911 κῆρυξ,

320 2941 422 2992 καὶ
454 2936 792 3002 ὲτοιμάζων,
841 2938 932 2988 καὶ
965 2935 1340 3006 λειτουργικδς
1390 2927 1566 2999 οὗτος.
1612 2936 1815 2998 Πάντες
1847 2934 1905 2987 δὲ

321 3031 451 3089 ἐνὸς
511 3025 645 3079 Θεοῦ
708 3027 1091 3094 παραστάται,
1142 3027 1258 3089 ἐνὸς
1297 3026 1539 3096 θύματος
1571 3026 1776 3079 θεαταίο
1812 3025 1905 3079 τοῦ

1999 1924 2236 1993 gerimus
2294 1926 2675 1992 unusquisque
2722 1924 3023 1977 secundum
3063 1925 3402 1992 dignitatem.
3459 1921 3583 1993 Epi-

2000 2030 2196 2082 st-opus
2239 2015 2387 2068 enim
2427 2015 2604 2085 imago
2633 2027 2720 2071 est
2751 2016 2873 2081 Dei,
2910 2026 2958 2069 et
2999 2032 3122 2084 post
3159 2016 3336 2084 ipsum
3361 2017 3583 2086 presby-

2003 2115 2102 2171 ter,
2131 2106 2256 2175 quia
2289 2107 2555 2161 sacriﬁcia
2587 2108 2772 2163 otIert.
2818 2109 2952 2164 Aliis
2973 2125 3101 2163 vero
3125 2109 3574 2175 cltarismatibus,

2001 2199 2290 2267 episcopus
2324 2199 2501 2269 imago
2525 2209 2608 2254 cst
2635 2198 2817 2253 Patris
2854 2200 3120 2254 luminum
3164 2219 3182 2252 ι
3221 2218 3248 2254 a
3285 2216 3393 2270 quo
3419 2217 3585 2255 omne

2000 2291 2182 2345 datum
2215 2291 2480 2361 optimum
2529 2305 2586 2346 et
2632 2308 2795 2348 omne
2829 2295 3034 2347 donum
3068 2295 3368 2362 perfectum
3399 2293 3442 2357 ⁸,
3474 2313 3492 2346 ι
3529 2304 3586 2347 et

2005 2392 2230 2452 propter
2257 2383 2362 2437 hoc
2393 2384 2633 2437 fidelium
2667 2394 2749 2438 est
2785 2386 3143 2443 illumiuator.
3174 2387 3458 2458 Presbyter
3489 2402 3589 2439 au-

2003 2479 2110 2523 tem
2143 2470 2395 2523 ordinum
2424 2472 2800 2526 sublimiorum
2844 2485 3029 2544 typum
3067 2477 3249 2541 habet,
3310 2487 3363 2530 ct
3400 2477 3586 2531 lumen

2005 2559 2259 2624 alterum,
2294 2570 2347 2613 et
2413 2559 2731 2614 distributor
2779 2548 3046 2617 donorum
3097 2575 3151 2618 et
3206 2568 3585 2636 mysteriorum

2007 2662 2288 2721 operator,
2327 2661 2383 2708 et
2429 2665 2650 2723 propter
2685 2657 2787 2710 hoc
2819 2658 3060 2726 perfecte
3087 2659 3328 2715 initiatus
3367 2661 3584 2714 dicitur.

2006 2745 2284 2798 Diaconos
2333 2755 2514 2799 autem
2548 2755 2632 2799 est
2679 2748 2731 2799 in
2787 2751 2950 2801 tertio
2988 2750 3198 2814 ordine,
3253 2751 3586 2819 Angelorum

2008 2841 2100 2906 qui
2142 2836 2254 2892 Deo
2281 2838 2594 2893 ministrant
2646 2847 2831 2909 typum
2881 2855 3096 2909 gerens,
3146 2857 3282 2911 quos
3322 2851 3588 2912 perpetuo

2007 2932 2179 2985 mittit
2209 2932 2275 2986 ad
2306 2948 2403 2987 eos
2436 2933 2529 3002 qui
2574 2933 2762 2986 volunt
2811 2934 3134 2990 ltzereditare
3188 2936 3421 2990 salutem
3456 2954 3472 3000 ς
3533 2945 3592 2991 et

2009 3035 2232 3094 propter
2265 3025 2368 3078 hoc
2397 3040 2596 3094 praeco,
2627 3035 2810 3080 custos
2855 3035 2909 3080 et
2957 3027 3209 3083 minister
3242 3038 3344 3084 est.
3383 3029 3590 3084 Omnes

319 3119 500 3175 α-Ξτοῦ
537 3119 592 3172 δὲ
629 3119 720 3170 καὶ
740 3119 989 3171 κοινωνοὶ
1009 3157 1022 3182 ,
1053 3121 1148 3170 καί⁵
1181 3117 1482 3187 σύσσωμοι,
1516 3118 1613 3171 καὶ
1643 3117 1904 3182 σύνδοξοι,

2011 3127 2135 3168 sunt
2179 3114 2284 3170 Deo
2318 3116 2636 3170 assistentes
2667 3157 2681 3181 ,
2738 3118 2898 3172 unius
2949 3118 3184 3173 victima:
3225 3128 3588 3189 spectatores,

320 3214 428 3265 καὶ
465 3212 651 3272 ἄλλοις
683 3211 1027 3278 μεταδοτικοὶ
1056 3210 1240 3279 χάριτι
1276 3209 1420 3279 Θείᾳ,
1466 3213 1512 3263 εί
1554 3211 1648 3262 καὶ
1677 3211 1908 3279 πρώτως

321 3303 494 3357 τοῦτο
539 3301 751 3368 γίνεται
793 3300 889 3352 καὶ
942 3301 1234 3370 δευτέρως,
1269 3302 1411 3354 κατὰ
1475 3301 1574 3368 τὴν
1603 3300 1758 3368 τάξιν
1810 3301 1909 3372 τὴν

327 3398 557 3466 ἑκάστῳ
586 3395 793 3449 ἄνωθεν
823 3395 1132 3466 διδομένην.

407 3576 648 3641 Ἴδωμεν
675 3575 857 3628 τοίνυν
886 3573 979 3627 τὸν
1029 3572 1255 3643 Ἰησοῦν.
1283 3575 1415 3638 Θεὸς
1454 3575 1686 3646 ἀληθὴς,
1722 3577 1786 3629 ἐκ
1815 3577 1909 3630 τοῦ

319 3669 488 3730 ὄντος
519 3664 621 3728 ὢν,
654 3663 893 3732 ἁνάρχου
924 3662 1035 3716 Νοῦ
1059 3663 1252 3730 Λόγος’
1287 3666 1496 3734 Πατρδς
1521 3666 1747 3734 ὑψίστου
1785 3668 1913 3732 Υίὸς

323 3756 658 3831 μονογενὴς,
686 3755 794 3818 ,τόῦ
848 3755 908 3819 ἐξ
952 3749 1014 3809 οὗ
1072 3757 1139 3808 τὰ
1187 3755 1383 3820 πάντα,
1415 3758 1608 3825 Σοφία,
1645 3761 1909 3828 Δύναμις,

323 3852 425 3904 καὶ
460 3847 665 3916 Λόγος,
694 3845 761 3899 δι’
787 3845 846 3898 οὗ
881 3847 948 3898 τὰ
995 3847 1193 3900 πάντα.
1248 3848 1651 3918 Παντοκράτωρ
1686 3849 1910 3920 Κύριος,

319 3939 524 4001 ᾰῦλος,
557 3937 790 4004 ἀόρατος
819 3972 835 3997 ,
871 3935 1170 4003 ἄφραστος,
1216 3937 1594 4008 ἀπερίληπτος
1619 3983 1637 4008 ,
1701 3939 1913 3994 ἀκατά-

317 4034 572 4094 ληπτος,
619 4026 1058 4095 ἀπερίγραπτος,
1089 4030 1323 4099 ἀναφὴς,
1344 4029 1636 4092 ἀθάνατος.
1668 4033 1832 4095 Τέλος
1862 4033 1914 4086 τί

320 4118 618 4190 ει⁹ἠμᾶς;
659 4116 1002 4186 Ἀνθρωπος,
1025 4120 1243 4189 ὁρατὸς,
1297 4122 1695 4190 περιγραπτὸς,
1737 4122 1916 4190 παθη-

315 4213 444 4274 τὸς,
466 4209 692 4278 ονητδς,
723 4211 959 4279 πτωχὸς,
984 4210 1196 4273 ἄπολις,
1227 4211 1439 4279 ἄτιμος,
1475 4213 1728 4280 πραθεὶς,
1751 4215 1919 4266 κατά-

275 4367 281 4370 ,
316 4315 548 4373 κριτος.
579 4299 1627 4383 ὑϐρισθεὶς,ὲμπαιχθείς,βασανισθεὶς,
1673 4319 1918 4372 σταυρω-

316 4392 465 4455 οείς.
490 4386 687 4441 Ταῦτα
713 4387 782 4440 δι’
815 4389 983 4459 ἡμᾶς.
1011 4390 1075 4442 Τί
1111 4389 1489 4458 θειότερον;τί
1531 4392 1732 4462 δεῖγμα
1777 4394 1918 4462 ἁγα-

2016 3208 2174 3277 cujtts
2203 3217 2328 3262 sunt
2354 3209 2852 3272 communicantes,
2887 3212 3330 3279 concorporales,
3366 3221 3422 3265 et
3450 3228 3589 3268 cou-

2019 3298 2329 3371 gloril‘tcati,
2375 3309 2429 3352 et
2461 3299 2582 3354 aliis
2617 3301 3001 3358 distributores
3039 3305 3212 3374 gratia
3243 3304 3358 3370 Dei,
3395 3321 3595 3374 quant-

2019 3393 2099 3445 vis
2131 3393 2234 3444 hoc
2266 3392 2439 3461 primo
2465 3405 2518 3446 et
2546 3395 2793 3448 secundo
2821 3396 2990 3466 gradu
3012 3397 3123 3465 fiat,
3155 3398 3308 3470 juxta
3340 3401 3582 3471 regulam

2019 3484 2309 3553 unicuique
2344 3485 2523 3539 datam
2557 3477 2825 3543 cmlitus.‘

2088 3571 2514 3630 Cousideremns
2544 3592 2676 3648 ergo
2710 3578 2916 3634 Jesum.
2973 3585 3114 3638 Deus
3139 3593 3223 3639 est
3269 3600 3449 3652 verus,
3483 3587 3600 3658 ipse

2020 3672 2193 3718 estex
2228 3681 2292 3719 eo
2327 3665 2420 3734 qui
2453 3677 2561 3731 est,
2613 3668 3273 3741 lntelligentite’increatae
3314 3676 3551 3733 Verbum
3581 3719 3597 3743 ,

2020 3759 2192 3812 Patris
2223 3758 2466 3812 altissimi
2504 3757 2694 3822 Filius,
2731 3763 2852 3831 ejus
2877 3780 2907 3818 a
2957 3781 3067 3832 quo
3098 3778 3226 3821 sunt
3257 3769 3462 3837 onmia,
3501 3770 3601 3824 Sa-
3627 3791 3654 3808 εν

2022 3851 2250 3919 pientis,
2288 3849 2476 3906 Virtus
2514 3863 2569 3907 et
2598 3855 2876 3922 Verbum;
2920 3873 3018 3928 per
3045 3875 3206 3928 quem
3240 3863 3443 3924 omnia,
3479 3879 3598 3916 om-

2022 3941 2276 4009 nipotens
2313 3941 2594 4013 Dominus,
2631 3947 3029 4014 immaterialis,
3062 3952 3373 4018 invisibilis,
3406 3954 3600 4008 inetia-

2023 4038 2169 4102 bilis,
2208 4038 2794 4108 incomprehensibilis,
2826 4041 3154 4112 immensus,
3188 4045 3598 4102 incircumscri-

2023 4140 2166 4199 ptus,
2199 4130 2587 4199 impalpabilis,
2623 4133 2978 4198 immortalis;
3029 4138 3158 4207 qttid
3201 4138 3436 4209 denique
3498 4157 3601 4212 pro

2023 4222 2186 4275 nobis
2220 4220 2398 4276 factus
2434 4226 2560 4277 est?
2612 4224 2806 4292 Homo,
2843 4228 3091 4291 visibilis.
3123 4231 3594 4302 circumscriptus,

2026 4312 2323 4381 passibilis,
2379 4315 2644 4381 mortalis,
2695 4332 2923 4386 pauper,
2975 4322 3316 4390 peregrinus,
3353 4333 3601 4378 contem-

2024 4403 2252 4472 ptibilis,
2281 4404 2559 4471 venditus,
2588 4408 3011 4474 condemnatus,
3039 4412 3346 4482 injuriatus,
3386 4416 3598 4483 illusus,

315 4485 569 4552 Οότητος
627 4478 753 4532 ἄλλο
799 4481 1054 4549 μέγιστον
1099 4497 1114 4547 ;
1177 4481 1443 4535 Ἀϐύσσου
1514 4484 1906 4556 εὐσπλαγχνίας

2028 4497 2349 4566 ﬂagellatus,
2373 4500 2690 4556 cruciﬁxus.
2718 4502 2844 4557 Herc
2870 4519 2966 4573 pro
2986 4478 3144 4560 nobis
3177 4478 3419 4576 pertulit.
3456 4478 3600 4576 Quid

313 4575 374 4627 τί
410 4570 852 4640 γνωριμώτερον
881 4586 897 4637 ;
927 4573 1313 4637 ταπεινώσεως
1343 4574 1482 4628 Θεοῦ
1510 4576 1561 4628 τί
1613 4579 1924 4649 φανερώτε-

318 4679 463 4736 ρον;
515 4661 580 4712 ’0
630 4660 856 4730 κτίστης
911 4661 1116 4731 κτίσμα
1150 4703 1166 4729 ,
1219 4667 1247 4718 6
1298 4666 1529 4737 ποιητὴς
1559 4669 1795 4738 ποίημα,
1832 4670 1927 4724 καὶ

314 4759 569 4824 πάσχων
621 4751 763 4822 ὑπὲρ
813 4754 1130 4824 κτισμάτων
1164 4755 1268 4810 ὑπὸ
1324 4757 1430 4811 τῶν
1482 4761 1802 4829 κτισμάτων
1830 4762 1929 4816 αὐ-

313 4849 440 4915 τοῦ,
486 4845 602 4898 ὑπὸ
623 4845 729 4897 τῶν
755 4844 958 4898 δούλων
1002 4847 1142 4918 ὑπὲρ
1183 4849 1361 4904 αὐτῶν
1390 4852 1418 4904 6
1444 4853 1746 4922 Δεσπότης,
1786 4853 1927 4923 ὑπὲρ

313 4939 590 4994 ἀπίστων
619 4937 883 5004 ἐχθίστων
929 4941 1324 5009 γεγενημέμων
1377 4943 1550 5013 αύτῷ,
1595 4944 1777 5000 ἑκοντὶ
1826 4963 1929 5015 μα-

315 5031 714 5100 κρυνθέντων,
756 5028 832 5098 τῷ
877 5030 1238 5101 ἐχθρῷαὐτοῦ
1281 5035 1684 5091 δουλευσάντων
1712 5078 1728 5104 ,
1765 5039 1928 5092 αὑτὸν

311 5122 495 5196 375
536 5121 1000 5190 ἠγνοηκότωντὺν
1034 5125 1277 5196 κτίστην,
1306 5130 1380 5199 μὴ
1419 5131 1817 5199 μεταγνόντων,
1852 5131 1927 5202 μὴ

313 5213 726 5287 ζητησάντων,
768 5213 845 5282 μὴ
882 5216 1370 5287 προσδραμόντων,
1409 5221 1822 5292 άποπηδώντων
1867 5224 1925 5277 δὲ

317 5305 568 5376 μᾶλλον,
608 5300 934 5366 διωκόντων,
978 5306 1448 5379 βλασφημούντων
1480 5315 1578 5368 καὶ
1629 5315 1924 5370 θανατοῦν-

313 5414 458 5459 των,
499 5392 708 5446 ἑαυτὸν
759 5396 786 5448 6
825 5397 1032 5464 ἀγαθὸς
1087 5399 1342 5469 δέδωκεν,
1403 5405 1599 5471 ἔπαθε,
1630 5407 1916 5476 τέθνηκεν,

314 5490 565 5556 ἀνέστη,
615 5488 711 5540 καὶ
748 5490 895 5558 ἡμᾶς
929 5495 1276 5565 συνήγειρεν,
1311 5486 1613 5570 ἀνελήιρθη,
1642 5504 1738 5554 καί
1771 5505 1920 5574 ἡμᾶς

319 5576 704 5644 συνανύψωσε
725 5595 740 5610 ο
773 5582 864 5634 καὶ
895 5584 1048 5648 τέλος
1077 5586 1292 5658 τίθησιν
1314 5589 1506 5645 ἑαυτὸν
1537 5594 1622 5646 ἀεὶ
1653 5593 1720 5648 δι’
1746 5595 1916 5665 ἡμᾶς,

396 5759 422 5794 ⁸
452 5745 582 5810 Jac.
612 5765 655 5820 ι,
685 5753 771 5811 17.

2027 4589 2446 4662 divinius?,quid
2469 4596 2647 4662 aptius
2669 4596 2893 4665 majoris
2919 4598 3178 4653 bonitatis
3211 4603 3606 4658 testimonium?

2029 4681 2170 4746 Quid
2201 4684 2373 4754 magis
2405 4686 2665 4740 conferre
2700 4697 2879 4756 potest
2913 4691 2986 4766 ad.
3026 4693 3382 4746 revelandum
3434 4697 3600 4766 abys-

2027 4787 2147 4827 sum
2182 4775 2604 4831 misericordiae?
2643 4782 2711 4832 ad
2742 4779 3199 4837 manifestandam
3245 4785 3602 4841 humilitatem

2045 4862 2426 4921 Dei?Creator
2475 4867 2649 4924 factus
2677 4882 2948 4935 creatura,
2985 4875 3168 4943 opifex
3219 4875 3395 4931 factus
3441 4895 3605 4948 opus,

2033 4967 2088 5011 et
2119 4973 2216 5027 pro
2245 4960 2513 5015 creaturis
2563 4976 2594 5015 a
2644 4963 2758 5015 suis
2790 4977 2980 5030 passus
3015 4965 3246 5034 plurima
3281 4971 3551 5025 creaturis
3589 4987 3604 5023 :

2028 5065 2124 5120 pro
2159 5051 2332 5105 servis
2363 5052 2430 5105 ab
2461 5054 2589 5121 ipsis
2657 5056 2830 5109 servis
2883 5054 3152 5114 Dominus
3203 5061 3483 5130 abjectus;
3512 5077 3607 5129 pro

2027 5141 2341 5195 inﬁdelibus
2373 5144 2475 5211 ipsi
2524 5144 2682 5198 factis
2714 5145 3126 5215 inleusissimis,
3165 5168 3191 5202 a
3222 5152 3379 5218 longe
3417 5161 3608 5220 sponte

2025 5233 2432 5296 recedentibus,
2476 5234 2701 5291 inimico
2732 5240 2856 5308 ejus
2894 5241 3322 5310 adversarioque
3359 5245 3607 5298 servien-

2025 5325 2190 5390 tibus;
2218 5327 2389 5394 ipsum
2418 5328 2731 5383 nolentibus
2752 5347 3050 5401 agnoscere
3081 5332 3393 5387 Creatorem
3421 5351 3603 5404 suum,

2028 5416 2514 5485 imposnitentibus,
2547 5419 2697 5472 illum
2728 5435 2974 5489 quatrere
3021 5423 3347 5486 nolentibus,
3381 5440 3483 5479 nec
3532 5425 3607 5479 illi

2029 5507 2471 5575 accurrentibus,
2507 5511 2599 5563 sed
2634 5510 2816 5578 potius
2858 5512 3224 5582 fugientibus;
3266 5515 3608 5584 ejicientibus

2027 5614 2177 5664 eum,
2204 5600 2710 5669 blasphemantibus
2726 5610 2780 5657 et
2802 5603 3200 5662 trucidantibus
3221 5607 3458 5676 seipsum
3487 5606 3606 5678 ipse
