4060 6282
496 299 605 362 967

1319 303 1708 365 SYMEONIS
1753 305 1854 363 ΤΗ
1869 305 2052 363 ESSA
2067 306 2530 366 LONICENSIS
2574 306 2931 368 ARCHIEP.

3653 305 3759 369 963

499 417 684 474 Bonus
711 417 960 480 tradidit.
989 431 1183 486 passus
1210 428 1316 484 est,
1359 429 1607 472 mortuus
1634 428 1742 482 est,
1771 418 2069 472 resurrexit

2181 421 2276 473 καὶ
2310 421 2602 489 συγκιρνᾷ,
2634 419 2726 472 καὶ
2763 418 3121 488 συμμίγνυσι,
3154 419 3248 471 καὶ
3287 417 3427 488 μέλη
3457 421 3603 471 ποιεῖ
3631 421 3760 473 ἑαυ-

497 520 553 565 et
580 526 682 566 nos
709 527 892 565 secum
927 513 1186 566 excitavit
1207 527 1237 565 e
1263 526 1480 576 somno;
1517 511 1765 568 ascendit
1791 511 1845 563 in
1872 511 2069 564 cadum

497 613 554 657 et
589 618 688 658 nos
719 618 908 660 secum
949 604 1205 667 elevavit,
1237 613 1291 658 et
1317 603 1556 673 denique
1595 618 1655 658 se
1685 604 1860 671 ipsum
1891 604 2072 671 posuit

497 705 718 765 propter
751 712 852 751 nos
903 697 958 749 in
1006 699 1302 750 aeternum!
1337 695 1447 750 Nos
1477 695 1582 749 sibi
1626 696 1817 750 miscet
1849 704 1906 748 et
1937 708 2072 772 cou-

496 799 785 857 corporat:
820 799 873 842 et
909 791 1212 844 membrum
1244 789 1329 842 sui
1379 790 1551 858 ipsius
1598 789 1728 842 facit
1770 797 1822 842 et
1853 801 2072 841 manere

495 896 709 949 semper
745 882 798 934 in
821 883 981 938 nobis
1034 893 1278 953 exoptat,
1314 891 1370 936 et
1399 884 1504 937 hoc
1534 883 1688 951 jubet
1719 891 1774 936 et
1807 880 1952 935 omni
1981 894 2071 933 co—

495 975 714 1028 namine
745 976 939 1044 satagit
988 987 1047 1030 ut
1077 975 1190 1031 ﬁat.
1246 966 1386 1041 Quid
1437 991 1534 1044 pro
1586 977 1670 1028 his
1722 972 2071 1028 referamus?

494 1067 638 1130 Quot
679 1075 736 1120 et
780 1077 1011 1133 quantas
1057 1075 1263 1121 mortes
1292 1081 1393 1134 pro
1428 1067 1552 1135 ipso
1585 1065 1918 1119 deberemus
1951 1062 2070 1117 sui-

493 1160 639 1212 ferre
671 1159 718 1212 si
765 1159 1095 1230 contigerit?
1142 1161 1238 1212 sed
1275 1173 1502 1227 semper
1535 1158 1603 1211 de
1645 1157 1760 1211 istis
1795 1157 2070 1211 debitores

494 1251 720 1315 erimus,
763 1265 862 1304 nec
892 1267 1129 1320 unquam
1163 1251 1347 1305 debita
1379 1251 1682 1319 rependere
1707 1249 1973 1303 valentes.
1996 1248 2070 1303 De

492 1353 689 1395 caetero
716 1343 933 1408 quando
968 1343 1034 1396 ad
1079 1359 1200 1397 eum
1245 1343 1582 1407 accedimus,
1613 1357 1782 1411 opera
1815 1351 1871 1396 et
1903 1342 2068 1396 verba

493 1434 818 1488 humilitatis
869 1435 1142 1504 loquimur
1185 1445 1239 1490 et
1283 1450 1650 1500 exercemus;
1707 1433 2067 1488 humiliemur

490 1541 618 1594 ergo
647 1526 701 1578 in
741 1535 1037 1596 conspectu
1074 1527 1190 1594 ejus
1217 1525 1310 1596 qui
1346 1540 1443 1580 uos
1474 1526 1722 1579 lmmiliat
1758 1535 1814 1580 et
1845 1507 1935 1595 qui
1969 1542 2068 1596 pro

492 1619 651 1671 nobis
691 1618 1009 1672 humiliatus
1048 1627 1150 1673 est.
1206 1618 1709 1673 Contremiscamus
1764 1619 2068 1687 cogitantes

490 1722 614 1760 eum
659 1708 744 1761 cui
777 1719 1020 1763 astamus
1064 1725 1078 1762 :
1127 1708 1341 1763 medius
1401 1709 1559 1764 nobis
1603 1711 1781 1764 adstat
1811 1710 2066 1764 Christus

2178 510 2294 570 τοῦ,
2347 512 2440 562 καὶ
2483 511 2668 580 μένειν
2704 511 3026 580 ἀχωρίστως
3059 509 3116 560 ὲν
3162 510 3296 577 ἡμῖν
3351 508 3631 578 βούλεται,
3666 511 3763 560 καὶ

2178 602 2390 670 ἐφίεται
2421 602 2636 667 τούτου,
2677 605 2775 656 καὶ
2803 601 3021 653 σπεύδει
3057 600 3193 670 πρὸς
3220 599 3399 653 τοῦτο.
3438 598 3507 652 ΤΞ
3537 600 3760 668 προσοί-

2181 709 2346 760 σομεν
2377 692 2500 744 ἀντὶ
2553 693 2800 757 τούτων;
2835 693 3018 745 πόσων
3068 692 3338 753 θανάτων,
3364 691 3413 742 εί
3462 691 3760 758 ἐνεχώρετς

2180 786 2274 836 καὶ
2339 786 2668 854 ἀμετρήτων
2726 785 3004 853 ὀφειλέται
3041 783 3216 853 τούτῳ
3246 783 3624 852 τυγχάνομενς
3661 785 3763 835 καὶ

2176 876 2348 930 ταῦτα
2383 878 2661 946 χρεῶσται
2688 875 2982 935 διαπαντὸς
3014 875 3188 937 ὄντες,
3220 875 3318 926 καὶ
3367 873 3490 926 οὐδὲ
3521 873 3592 924 τὰ
3619 873 3763 943 χρέα

2177 969 2434 1020 ἀποτίσαι
2466 968 2776 1038 δυνάμενοι.
2809 965 3010 1019 Λοιπὸν
3046 966 3208 1017 ὁπότε
3236 963 3343 1017 κᾶν
3365 961 3764 1033 παριστάμεθα

2176 1060 2370 1130 τούτῳ,
2433 1062 2530 1112 καὶ
2573 1061 2642 1114 τὰ
2694 1060 2794 1128 τῆς
2850 1057 3231 1121 ταπεινώσεως
3293 1057 3431 1125 ἔργα
3479 1057 3575 1108 καὶ
3632 1060 3760 1118 τοὺς

2175 1149 2366 1221 λόγους
2398 1153 2633 1222 λέγομέν
2685 1170 2744 1204 τε
2793 1151 2887 1204 καὶ
2927 1151 3268 1220 πράττομεν,
3325 1150 3760 1218 ταπεινωθῶμεν

2173 1243 2412 1311 ὁρῶντες
2477 1241 2568 1295 τὸν
2632 1242 3037 1296 ταπεινωθέντα
3113 1243 3210 1294 καὶ
3285 1241 3754 1310 ταπεινούμενον·

2173 1334 2460 1403 φρίξωμεν
2491 1333 2804 1395 ἐννοοῦντες
2833 1333 3020 1395 αὑτὸν,
3048 1325 3522 1402 ᾧπαριστάμεθα.
3570 1333 3760 1396 Mssa;

2173 1425 2334 1494 ἡμῶν
2391 1425 2677 1494 πρόκειται
2718 1425 2813 1476 καὶ
2860 1425 3108 1494 ἀοράτως
3140 1425 3376 1494 Χριστὸς
3407 1426 3502 1476 καὶ
3537 1426 3755 1493 ὁρατῶς

2171 1519 2248 1587 τῷ
2277 1517 2405 1588 θείῳ
2442 1520 2592 1589 ἄρτῳ
2623 1518 2717 1570 τοῦ
2754 1517 3032 1587 σώματος,
3059 1519 3153 1571 καὶ
3182 1519 3258 1588 τῷ
3293 1519 3475 1587 σεπτῴ
3503 1518 3757 1588 ποτηρίῳ

2171 1610 2264 1663 τοῦ
2298 1613 2554 1681 αἵματος,
2593 1612 2662 1663 τὰ
2711 1612 2860 1680 πάθη
2889 1612 3106 1674 δεικνὺς
3137 1609 3356 1676 ἑαυτοῦ,
3384 1612 3483 1678 τήν
3515 1609 3754 1679 σφαγὴ-ι,

2169 1706 2296 1767 τοὺς
2323 1705 2510 1775 ἥλους,
2534 1705 2594 1758 τὸ
2624 1699 2785 1774 αἷμα,
2814 1705 2905 1758 τὸν
2934 1705 3165 1758 θάνατον
3194 1719 3208 1732 ·
3247 1703 3438 1772 τρόμῳ
3464 1704 3756 1770 παριστῶ-

492 1800 786 1854 invisibilis
821 1803 876 1854 in
910 1815 989 1864 se,
1037 1801 1133 1855 sed
1173 1801 1402 1856 visibilis
1434 1818 1535 1871 per
1583 1811 1832 1856 sanctqu
1866 1818 2061 1870 panem

2173 1817 2272 1868 μεν
2306 1800 2621 1868 ἐγγίζοντες
2672 1798 2844 1866 αὐτῷ,
2879 1798 2974 1850 καὶ
3005 1797 3228 1866 ἀμέσως
3267 1796 3460 1848 τοῦτον
3492 1795 3751 1863 δρῶντες,

491 1893 759 1960 corporis,
792 1906 889 1960 per
926 1893 1300 1945 venerandum
1335 1892 1559 1945 calicem
1594 1893 1912 1960 sanguinis,
1946 1895 2066 1963 qui-

492 1985 594 2037 bus
619 1991 675 2036 et
704 1985 988 2052 passiones
1013 1983 1131 2053 ejus
1162 1991 1629 2052 repraesentantur
1665 2001 1678 2036 :
1713 1984 2066 2049 sacriﬁcium,

491 2074 657 2140 clavi,
697 2076 920 2146 sanguis
953 2086 1010 2130 et
1053 2091 1224 2130 mors.
1273 2075 1603 2132 Trementes
1638 2077 1966 2131 accedamus
2013 2089 2068 2131 et

495 2178 736 2221 astemus
775 2168 822 2222 ei
851 2184 866 2233 ;
904 2167 1183 2222 cernimus
1213 2167 1358 2222 enim
1393 2183 1520 2222 eum
1560 2167 1764 2237 absque
1798 2168 1954 2235 velo;
1989 2168 2072 2222 di-

493 2260 733 2314 vidimus
772 2268 827 2313 et
858 2258 1249 2314 manducamus
1277 2298 1292 2324 ,
1322 2269 1378 2313 et
1409 2259 1476 2313 de
1511 2261 1784 2330 sanguine
1831 2261 2071 2317 bibimus

494 2359 552 2404 et
595 2351 770 2419 gratia
821 2348 916 2402 Dei
971 2349 1130 2404 nobis
1176 2350 1441 2404 attributa
1488 2351 1614 2404 aliis
1663 2351 2066 2407 distribuimus.

493 2436 653 2492 Tunc
684 2438 950 2492 mirantur
993 2438 1302 2505 cherubim,
1335 2448 1558 2508 stupent
1605 2440 1880 2510 scraphim
1907 2482 1923 2506 ,
1963 2451 2071 2495 tre-

492 2526 653 2584 munt'
697 2544 888 2584 omnes
935 2531 1301 2586 sanctissima
1333 2531 1584 2596 virtutes,
1621 2531 1973 2586 considerant
2005 2550 2072 2589 ex

491 2621 623 2687 alto,
639 2637 762 2676 cum
784 2624 976 2676 timore
990 2623 1277 2688 assistunt,
1293 2633 1348 2678 et
1363 2635 1662 2694 agnoscunt
1680 2633 1930 2679 naturam
1947 2641 2072 2695 pro-

491 2713 664 2782 priam
703 2727 758 2768 et
781 2714 1015 2769 debilem
1049 2725 1332 2769 creaturae.
1353 2714 1420 2768 Et
1457 2723 1739 2784 stupentes
1770 2717 2073 2786 gloriﬁcant

493 2806 812 2858 immensam
845 2806 936 2860 Dei
965 2806 1288 2860 bonitatem.
1318 2804 1615 2859 Nobiscum
1639 2815 1786 2862 stant
1812 2821 1827 2858 :
1861 2807 2068 2860 circum

492 2896 664 2948 altare
699 2896 906 2964 pressis
950 2896 1260 2965 agminibus
1290 2889 1527 2949 humiles
1569 2904 1625 2950 et
1672 2912 1798 2951 cum
1831 2906 2072 2951 tremore

493 2997 741 3051 manent,
767 2989 1156 3058 praestolamur
1211 2988 1461 3043 zelantes
1510 2989 1782 3058 inspicere
1821 3002 2070 3045 sanctum

492 3078 833 3148 mysterium,
891 3093 996 3131 non
1051 3082 1198 3132 enim
1233 3079 1409 3133 otiose
1457 3095 1710 3150 vaneque
1740 3083 2014 3138 assistunt
2052 3100 2066 3136 :

492 3171 642 3225 illinc
670 3172 902 3240 propriae
931 3173 1201 3227 claritatis
1227 3173 1505 3241 accipiunt
1532 3175 1744 3229 radium
1784 3185 1840 3230 et
1875 3178 2065 3246 splen-

491 3267 681 3320 dorem
716 3282 730 3318 :
767 3265 1005 3320 indidem
1041 3267 1246 3335 pariter
1289 3266 1507 3321 luminis
1557 3282 1750 3322 eorum
1804 3269 2062 3337 lla-.nma,

491 3357 740 3426 ignisque
766 3373 957 3412 eorum
983 3359 1164 3421 ardor,
1186 3373 1376 3413 eorum
1401 3360 1531 3422 vita,
1555 3360 1848 3430 sapientia,
1873 3377 2068 3417 conse-

493 3451 688 3504 cratio.
723 3450 780 3503 Si
825 3466 957 3519 ergo
991 3451 1064 3504 ita
1100 3453 1370 3505 assistunt
1408 3434 1496 3505 isti
1530 3452 1838 3507 nescientes
1867 3469 2066 3524 corpo-

493 3557 640 3596 ream
682 3543 1031 3607 densitatem,
1074 3542 1358 3614 ignarique
1382 3546 1562 3599 omnis
1600 3547 1896 3615 passionis,
1930 3564 2068 3618 quo-

491 3633 656 3686 modo
687 3633 946 3688 assistere
972 3634 1239 3689 debemus
1268 3651 1372 3690 nos
1401 3637 1493 3706 qui
1523 3653 1712 3692 sumus
1739 3647 1908 3706 terra,
1936 3642 2065 3711 pul-

491 3728 593 3790 vis,
628 3726 878 3780 vermes?
907 3725 1194 3793 Quomodo
1221 3730 1590 3800 nosmetipsos
1619 3733 1962 3790 servabimus
1997 3735 2068 3790 ad

493 3827 702 3871 tantum
731 3818 828 3872 Dei
855 3819 1031 3889 Opus?
1064 3817 1384 3892 Satagentes
1409 3824 1682 3879 custodire
1705 3841 1805 3882 nos
1838 3827 1892 3880 in
1917 3829 2068 3882 omni

492 3912 685 3966 timore
711 3922 767 3966 et
790 3911 842 3964 in
875 3913 1025 3967 omni
1059 3911 1334 3970 desiderio
1364 3915 1417 3968 in
1452 3917 1765 3974 accedeudo
1802 3930 1858 3974 et
1889 3921 1944 3972 in
1977 3921 2068 3976 tali

492 4008 710 4073 negotio
772 4005 1162 4060 ministrando.
1203 4005 1342 4061 Cum
1396 4017 1580 4062 autem
1651 4011 1786 4065 illud
1853 4021 2067 4068 tantum

491 4097 768 4166 negotium
807 4113 963 4151 amor
993 4099 1144 4152 solus
1178 4097 1492 4166 perfecerit,
1538 4119 1558 4181 ς
1596 4100 1893 4172 Diligemus
1940 4121 2067 4160 eum

490 4189 584 4257 qui
606 4190 753 4259 prior
769 4189 956 4245 dilexit
979 4207 1080 4246 nos
1102 4191 1256 4245 Ἀθ.»
1289 4191 1355 4247 Ει
1378 4194 1444 4247 ad
1474 4194 2069 4256 ministeriumamoris

489 4284 635 4335 onmi
686 4284 879 4336 anima:
915 4283 1116 4338 virtute
1145 4292 1200 4338 et
1234 4293 1504 4356 potestate
1534 4289 1878 4344 accedamus.
1929 4291 2066 4347 Cum

489 4373 691 4427 deinde
720 4389 871 4427 amor
896 4374 1054 4428 nobis
1094 4377 1401 4430 ostenderit
1437 4385 1646 4432 tantum
1683 4379 1854 4435 Deum
1889 4381 2067 4436 humi-

2170 1894 2458 1961 τέμνοντές
2487 1909 2548 1944 τε
2601 1891 2693 1943 καὶ
2725 1890 3025 1954 ἐσθίοντες,
3075 1890 3174 1942 καὶ
3228 1891 3474 1951 πίνοντες
3524 1891 3590 1942 ὲκ
3652 1890 3751 1940 τοῦ

2169 1986 2422 2054 αἵματος,
2457 1983 2551 2038 καὶ
2585 1983 2794 2054 ἑτέροις
2840 1982 3214 2051 μεταδιδόντες
3254 1982 3394 2034 κατὰ
3433 1981 3530 2050 τὴν
3577 1981 3751 2033 δοθεῖ-

2171 2092 2270 2127 σαν
2301 2076 2460 2144 χάριν
2490 2076 2642 2144 ἡμῖν.
2684 2075 2819 2126 Τότε
2855 2074 3129 2142 θαυμάζει
3179 2073 3246 2126 τὰ
3295 2072 3598 2141 Χερουᾶμ,
3642 2073 3751 2135 ἐξί-

2172 2183 2365 2220 σταται
2388 2167 2456 2220 τὰ
2485 2167 2755 2236 Σεραςρὶμ,
2789 2167 2939 2219 πᾶσα
2965 2166 3219 2234 θειοτάτη
3248 2164 3480 2233 δύναμις
3507 2165 3747 2233 πέφρικε

2171 2258 2484 2329 καθορῶσα,
2520 2258 2617 2310 καὶ
2667 2257 2776 2310 δέει
2827 2256 3185 2327 παρίσταται⁹
3245 2255 3339 2308 καὶ
3403 2254 3501 2324 τὴν
3567 2256 3748 2307 οἰκίαν

2171 2349 2529 2418 ἐπιγινώσκει
2563 2349 2724 2418 φύσιν
2757 2351 2833 2412 ὠς
2859 2349 3058 2418 κτιστὴ
3090 2349 3187 2401 καὶ
3234 2347 3494 2417 ἀσθενὴς,
3524 2347 3619 2400 καὶ
3661 2348 3750 2400 ἐκ·

2171 2445 2433 2515 πλήκτως
2459 2442 2678 2508 δοξάζει
2709 2444 2812 2514 τῆς
2834 2443 2926 2496 τοῦ
2959 2441 3097 2496 Θεοῦ
3124 2442 3184 2494 τὸ
3206 2442 3445 2511 ἄμετρον
3471 2441 3748 2510 ἀγαθότηο

2171 2552 2291 2589 τος*
2327 2535 2451 2605 μεθ’
2481 2535 2639 2606 ἡμῶν
2672 2535 2918 2589 ἵστανται
2949 2533 3146 2599 ταῦτα,
3179 2533 3388 2603 κύκλῳε
3409 2532 3507 2585 τοῦ
3562 2533 3748 2585 θυσιαο

2174 2630 2402 2699 στηρίου
2473 2629 2873 2699 συστελλόμενα
2929 2627 3083 2697 φόϐῳ
3129 2626 3305 2696 μένει.
3354 2623 3748 2693 Ἐπιθυμοῦειν

2171 2723 2440 2786 ἀτενίζειν
2463 2723 2540 2792 τῷ
2565 2723 2872 2793 μυστηρίῳ.
2897 2723 2971 2774 Οὐ
2999 2721 3107 2788 γὰρ
3133 2720 3429 2789 ἀπράκτως
3452 2719 3748 2784 παρίσταν-

2171 2834 2283 2870 ται.
2329 2815 2574 2870 Ἐκεῖθεν
2607 2816 2703 2868 τοῦ
2739 2816 2871 2869 ἰδίου
2905 2815 3079 2883 φάους
3113 2813 3360 2882 δέχονται
3401 2812 3501 2881 την
3528 2812 3746 2864 ἀκτῖνα.

2171 2908 2409 2963 Αὐτόθεν
2439 2909 2549 2978 γὰρ
2581 2908 2675 2962 τοῦ
2703 2908 2879 2977 φωτὸς
2903 2907 3084 2960 αὐτῶν
3115 2907 3147 2975 ἡ
3181 2905 3394 2976 πηγὴ,ἡ
3442 2903 3540 2956 τοῦ
3574 2904 3746 2971 πυρός

2174 3002 2352 3056 αὐτῶν
2378 3003 2577 3072 θέρμη,
2608 3004 2640 3072 ή
2670 3001 2806 3071 ζωὴ,
2839 3003 2872 3071 ἠ
2917 3000 3106 3068 σοφία.
3141 3001 3176 3068 ἡ
3210 2998 3431 3068 μύησις.
3469 2997 3534 3048 ΕΞ
3567 2996 3749 3048 τοίνυν

2174 3094 2350 3158 οὕτως
2379 3088 2531 3147 οῦτοι
2564 3096 2954 3164 παρίστανται,
2993 3093 3043 3144 οί
3094 3090 3197 3155 ἔξω
3226 3090 3454 3153 πάθους,
3484 3090 3532 3141 oi
3561 3088 3751 3158 πόρρω

2171 3186 2380 3250 πάθους
2444 3186 2668 3250 παντὸς,
2709 3188 2736 3238 ὁ
2782 3185 2911 3255 χοῦς
2963 3185 3150 3253 ἡμεῖς,
3193 3183 3221 3235 ό
3280 3181 3474 3250 πηλὸς,
3513 3182 3544 3232 ό
3605 3178 3752 3230 σκώ-

2168 3278 2287 3349 ληξ,
2327 3278 2442 3342 πῶς
2492 3277 2835 3346 παρεστάναι
2881 3274 3204 3344 ὀφείλομεν;
3253 3272 3370 3334 πῶς
3433 3268 3751 3339 ἑτοιμάζειν

2171 3371 2399 3435 ἑαυτοὺς
2440 3371 2576 3441 πρὸς
2618 3371 2780 3438 ἔργον
2829 3368 2966 3422 Θεοῦ
3015 3365 3374 3439 τηλικοῦτον;
3412 3366 3562 3433 Ὄλῳ
3594 3361 3744 3431 φόϐῳ

2170 3464 2266 3516 καὶ
2310 3463 2416 3532 ὅλῳ
2451 3460 2602 3532 πόθῳ
2633 3459 3035 3532 προσέρχεσθαι
3063 3477 3124 3512 τε
3163 3459 3260 3513 καὶ
3292 3453 3746 3527 ἐξυπηρετεὴθαι

2168 3555 2411 3626 τοσούτῳ
2438 3555 2729 3625 πράγματι
2753 3555 2983 3618 ἑαυτοὺς
3015 3552 3416 3622 ἑτοιμάσωμεν.
3450 3548 3605 3602 Ἐπεὶ
3636 3550 3745 3615 γὰρ

2167 3652 2227 3704 τὸ
2277 3650 2518 3704 τοιοῦτον
2573 3653 2674 3704 οὐκ
2721 3650 2848 3704 ἀλλο
2889 3666 2965 3715 τι,
3019 3649 3053 3718 ἢ
3121 3647 3311 3715 ἀγάπη
3375 3643 3537 3713 μόνον
3592 3641 3746 3693 τετέ-

2170 3743 2350 3808 λεκεν,
2403 3744 2782 3813 ἀγαπήσωμεν
2832 3744 2996 3797 αὑτὸν
3046 3742 3137 3794 τὸν
3176 3741 3544 3810 ἀγαπήσαντα
3592 3740 3748 3810 πρῶο

2169 3852 2260 3887 τον
2289 3837 2460 3904 ἡμᾶς,
2490 3836 2586 3889 καὶ
2619 3839 2684 3905 τῇ
2711 3835 2973 3910 ,διακονίᾳ
3019 3835 3120 3904 τῆς
3163 3835 3407 3903 ἀγάπης,
3458 3834 3566 3903 ὅλῳ
3626 3833 3747 3887 σθέ-

2169 3945 2250 3981 νει
2316 3926 2498 3995 ψυχῆς
2564 3926 3030 3996 προσερχώμεθα.
3076 3926 3338 3993 Ἐπείπερ
3395 3925 3584 3995 ἀγάπη
3648 3941 3744 3978 τα-

2169 4020 2502 4074 πεινωθέντα
2559 4021 2818 4074 τοσοῦτον
2878 4022 2969 4075 τὸν
3033 4021 3167 4074 Θεδν
3215 4021 3407 4086 ἔδειξε,
3475 4020 3555 4090 τῷ
3597 4020 3744 4089 ἔργῳ

2170 4113 2271 4183 τῆς
2304 4113 2690 4178 ταπεινώσεως
2716 4115 2953 4176 οἰκείους
2987 4117 3045 4168 ὲν
3074 4113 3404 4168 ταπεινώσει
3433 4116 3523 4167 καὶ
3556 4117 3746 4185 ἀγάπῃ

2171 4208 2633 4276 ὑπηρετήσωμεν,
2664 4209 2789 4260 ἐπεὶ
2822 4207 3024 4270 ἔδειξεν
3064 4207 3491 4278 ἑνανθρωπήσας
3524 4210 3552 4261 ό
3587 4208 3744 4272 Θεὸς,

2168 4300 2243 4362 ὼς
2271 4298 2530 4353 ἀδύνατον
2559 4296 2628 4370 ἦν
2659 4299 2786 4370 δίχα
2837 4299 2974 4353 Θεοῦ
3017 4301 3118 4368 τὴν
3176 4299 3389 4369 βροτῶν
3439 4300 3745 4368 ἀναστῆναι

2170 4390 2354 4460 φύσιν,
2377 4391 2579 4462 ἑαυτὴν
2609 4392 2878 4455 ἑκουσίως
2906 4391 3172 4444 ὲκδοῦσαν
3209 4391 3288 4461 τῷ
3331 4391 3613 4460 πτώματι,
3648 4394 3743 4442 καὶ

491 4466 698 4530 liatum,
730 4481 894 4534 opere
926 4467 1250 4521 humilitatis
1293 4468 1344 4522 ei
1373 4470 1805 4528 ministrabimus
1839 4490 1942 4531 nos
1979 4479 2060 4532 si-

2171 4483 2259 4536 διὰ
2289 4484 2450 4537 τοῦτο
2478 4485 2616 4538 Θεοῦ
2647 4484 2843 4555 ἐδεήθη
2883 4485 3130 4546 ὲνώσεως
3171 4484 3480 4554 ἄνθρωπος,
3515 4484 3747 4546 ἑαυτοὺς

491 4557 648 4610 miles
675 4596 690 4622 ,
720 4557 908 4612 alIiues
955 4559 1262 4613 humilitate
1293 4568 1348 4614 et
1378 4560 1672 4620 dilectione
1705 4581 1721 4618 :
1751 4583 1874 4621 cum
1907 4569 2066 4624 deni-

490 4664 598 4717 que
630 4648 818 4704 virens
847 4650 901 4703 in
947 4651 1205 4706 humanis
1241 4653 1381 4707 Deus
1427 4655 1587 4710 nobis
1617 4660 1922 4714 ostenderit
1957 4677 2063 4717 non

491 4753 654 4806 posse
693 4737 948 4795 homines
992 4741 1324 4798 naturaliter
1366 4747 1574 4816 absque
1604 4746 1717 4804 Deo
1749 4765 2061 4823 resurgere,

491 4828 586 4896 qui
619 4831 830 4898 seipsos
881 4833 1191 4890 voluntarie
1235 4837 1303 4890 ad
1355 4841 1569 4908 culpam
1623 4843 1966 4898 tradiderunt
2008 4855 2065 4902 et

491 4929 715 4989 propter
746 4922 852 4976 hoc
881 4923 1012 4992 ipsis
1037 4930 1348 4984 necessaria
1382 4931 1484 4985 fuit
1508 4933 1638 4988 unio
1661 4950 1785 4990 cum
1815 4937 1945 5004 Deo,
1971 4955 2066 4994 co-

490 5011 724 5082 gitemus
766 5029 982 5084 semper
1024 5029 1290 5085 quantum
1337 5021 1546 5079 debiles
1601 5026 1730 5082 facti
1765 5031 1957 5094 simus,
2013 5043 2070 5087 et

490 5115 758 5176 perpetuo
813 5107 1156 5179 indigeamus
1204 5114 1412 5168 auxilio
1459 5115 1591 5183 Dei,
1641 5129 1697 5174 et
1742 5122 1810 5176 ad
1857 5124 2066 5179 nullam

491 5201 698 5271 absque
751 5201 844 5258 illo
889 5217 1181 5273 assurgere
1229 5208 1506 5276 possimus
1549 5213 1874 5281 scientiam;
1931 5218 2066 5272 dicit

489 5293 632 5348 enim
672 5311 687 5349 :
730 5313 748 5346 ι
787 5295 919 5352 Sine
949 5313 1037 5352 me
1073 5299 1210 5353 nihil
1237 5301 1466 5368 potestis
1497 5301 1676 5359 facere
1712 5307 1776 5359 “.
1817 5327 1836 5358 ι
1874 5307 2064 5376 Itaque

489 5393 544 5438 et
583 5400 680 5439 nos
705 5385 806 5455 ipsi
849 5388 1245 5456 consociemus,
1273 5399 1328 5446 et
1357 5391 1625 5448 iudivulse
1660 5412 1980 5453 maneamus
2004 5400 2062 5455 in

489 5472 602 5528 illo.
633 5473 807 5531 Malus
828 5481 1066 5534 amentia
1098 5490 1153 5534 et
1183 5482 1440 5553 superbia
1478 5483 1657 5538 lactus
1682 5495 1766 5541 est
1791 5500 2056 5557 apostata:

489 5578 590 5620 nos
627 5571 936 5639 cognitione
967 5582 1023 5627 et
1066 5575 1413 5631 confessione
1466 5578 1702 5634 miseriae
1747 5594 1948 5640 nostra:
1981 5585 2064 5642 [ες

557 5743 651 5777 ⁹⁶¹⁰
685 5744 706 5799 l
736 5745 894 5804 Joan.
933 5753 1005 5819 iv,
1051 5751 1135 5811 l9.
1220 5755 1259 5786 “
1289 5755 1447 5813 Joan.
1481 5775 1568 5828 xv,
1609 5762 1662 5816 5.

2172 4577 2265 4627 καὶ
2293 4576 2454 4645 ἡμεῖς
2489 4576 2566 4640 ὡς
2622 4577 2950 4646 πεφύκαμεν
2983 4577 3234 4639 ἀσθενεῖς
3259 4578 3349 4630 ἀεὶ
3387 4576 3746 4646 λογιζόμεθα,

2173 4669 2267 4720 καὶ
2298 4667 2583 4738 δεηθῶμεν
2623 4669 2713 4721 ἀεῖ⁷
2739 4667 2876 4721 Θεοῦ
2922 4669 3196 4739 βοηθείας,
3230 4669 3324 4723 καὶ
3373 4669 3543 4738 μηδὲν
3572 4669 3751 4740 χωρὶς

2171 4758 2361 4810 τούτου
2400 4758 2630 4811 πάντοτε
2684 4759 2980 4830 ἐννοῶμεν,
3007 4762 3088 4814 ὅτι
3129 4763 3246 4821 καὶ,
3281 4778 3301 4812 ‹
3346 4760 3532 4830 Χωρὶς
3587 4760 3746 4827 ἐμοῦ,

2169 4852 2230 4904 οὐ
2272 4850 2501 4905 δύνασθε
2534 4855 2709 4904 ποιεῖν
2753 4853 2926 4919 οὐδὲν,
2965 4871 2982 4903 ι
3018 4853 3158 4922 ἔφη’
3197 4853 3285 4906 ἵνα
3333 4854 3426 4906 καὶ
3450 4851 3747 4920 ἑνωθῶμεν

2171 4943 2345 5011 αὐτῷ,
2383 4944 2478 4996 καὶ
2542 4943 2870 5013 ἀχωρίστως
2922 4946 3196 5014 συνῶμεν.
3247 4945 3310 4998 El
3366 4945 3684 5012 ἀποστάτης
3718 4946 3749 4996 ὁ

2172 5035 2409 5107 πονηρὺς
2433 5039 2498 5104 τῇ
2531 5038 2767 5108 ὲπάρσει
2803 5039 2899 5091 καὶ
2922 5039 3155 5109 ἀπονοίᾳ
3181 5039 3494 5106 γεγένηται,
3533 5042 3600 5108 τῇ
3623 5039 3748 5091 ἐπιο

2165 5127 2372 5196 γνώσει
2415 5130 2515 5196 τῆς
2547 5131 2822 5200 πτωχείας
2859 5132 3044 5201 ἡμῶν,
3078 5135 3240 5202 ἡμεῖς
3267 5132 3640 5202 οίκειωθῶμεν
3666 5133 3747 5201 τῷ

2165 5221 2400 5294 Κτίστῃ.
2439 5241 2458 5274 ι
2508 5223 2568 5278 Ὀ
2603 5225 2874 5277 ταπεινῶν
2900 5227 3031 5294 γὰρ,
3062 5228 3252 5294 φησὶν,
3283 5228 3478 5278 ἑαυτὸν
3526 5228 3747 5296 ὑψωθή-

2170 5330 2346 5370 σεται.
2388 5335 2406 5367 ι
2446 5315 2506 5369 El
2533 5317 2672 5386 ὑπὲρ
2706 5319 2924 5372 πάντων
2967 5320 3200 5373 δέδωκεν
3239 5320 3436 5373 ἑαυτὸν
3471 5323 3500 5374 ὁ
3539 5323 3744 5374 Δεσπό-

2168 5425 2290 5478 της,
2340 5411 2434 5464 aut
2489 5414 2623 5490 πᾶσι
2669 5416 2782 5475 τοῖς
2847 5413 3113 5485 χρῄζουσι
3160 5415 3229 5467 τὰ
3267 5414 3448 5469 πάντα
3503 5418 3742 5484 ἐγένετο,

2171 5499 2398 5563 ἑαυτοὺς
2417 5503 2578 5571 ἡμεῖς
2599 5504 2747 5574 αὐτῷ
2769 5504 2970 5574 δῶμεν,
3003 5505 3092 5557 ἵνα
3119 5506 3213 5558 καὶ
3239 5504 3348 5558 τῶν
3381 5505 3552 5559 αὐτοῦ
3583 5505 3745 5566 αὖθις

2172 5589 2460 5661 γενώμεθα
2497 5594 2738 5665 μέτοχοι.
2796 5598 3218 5668 Διακονήσωμεν
3270 5597 3437 5650 αὑτοῦ
3472 5596 3551 5666 τῷ
3596 5597 3744 5668 ἔργῳ
