4078 6288
359 365 460 427 969

1646 365 1742 424 DE
1802 364 2038 424 SACER
2053 363 2290 424 DOTlO.

3529 348 3634 414 970

362 479 684 551 προθύμως,
741 478 832 531 καὶ
891 479 939 530 εἰ
979 476 1206 532 δυνατὸν
1244 476 1365 532 καθ’
1398 478 1636 547 ἑκάστην
1698 479 1794 547 τὴν
1826 496 1946 548 φρι-

2073 478 2262 530 niliare
2315 473 2404 527 Dei
2465 471 2803 525 lucrabimur
2854 467 3223 523 consortium.
3281 465 3497 521 Dictum
3548 478 3634 522 est

367 577 502 645 κτὴν
548 574 696 644 αὐτῷ
731 573 925 626 θυσίαν
959 571 1388 642 προσφέρωμεν.
1439 572 1809 642 Ἐπιθυμητὸν
1841 573 1949 643 γὰρ

366 665 516 735 αὐτῷ
545 663 725 719 10610.
770 683 787 714 ι
837 663 1157 732 Ἐπιθυμίᾳ,
1195 663 1384 732 φησιν,
1421 661 1744 732 ἐπεθύμησα
1788 663 1948 715 τοῦτο

366 757 427 808 τὸ
472 755 662 824 Πάσχα
687 756 886 822 φαγεῖν
917 751 1036 822 μεθ’
1067 751 1240 821 ὑμῶν.
1277 771 1294 802 ι
1331 752 1436 804 Καὶ
1488 752 1754 818 διηνεκῶς
1789 753 1950 806 τοῦτο

369 843 551 912 ζητεῖ.
586 863 603 894 ι
631 843 704 897 Οὐ
731 844 1001 913 Ποιήσατε
1029 844 1161 912 γὰρ,
1183 842 1312 911 ἔφη,
1335 843 1472 896 ἀλλὰ
1499 861 1517 893 ι
1543 844 1714 896 Τοῦτο
1744 829 1949 898 ποιεῖτε

369 939 452 1000 εἰς
481 938 582 1005 τὴν
613 935 753 1005 ἐμὴν
801 935 1135 1006 ἀνάμνησιν,
1175 953 1193 986 ι
1239 935 1800 1004 τουτέστιδιηνεκῶς.
1841 937 1951 992 Καὶ

367 1037 419 1090 τί
455 1032 583 1090 ἄλλο
613 1033 798 1102 μεῖζον
829 1031 994 1100 ἔργον
1023 1029 1089 1086 ἂν
1110 1029 1194 1100 εἴη
1226 1029 1320 1087 τοῦ
1355 1032 1522 1100 ἔργου
1553 1031 1746 1086 τούτου
1774 1049 1789 1096 ;
1817 1031 1953 1103 ὅπερ

372 1127 492 1179 ἐστὶ
517 1124 756 1195 Χριστοῦ
781 1125 814 1194 ὴ
842 1123 1172 1192 ἀνάμνησις,
1200 1122 1260 1176 τὸ
1289 1124 1564 1192 σφαγῆναι
1595 1122 1785 1178 τοῦτον
1810 1125 1952 1195 ὑπὲρ

373 1218 534 1288 ἡμῶν
588 1215 682 1270 καὶ
720 1213 985 1284 διηνεκῶς
1040 1211 1290 1265 θύεσθαι.
1344 1230 1364 1263 ι
1404 1211 1578 1264 Τοῦτο
1636 1211 1746 1282 γάρ
1782 1213 1953 1276 ἐστιν,

371 1313 500 1380 ἔφη,
526 1312 587 1362 τὸ
623 1306 786 1377 σῶμά
835 1323 936 1378 μου
969 1305 1030 1358 τὸ
1066 1304 1208 1374 ὑπὲρ
1237 1303 1392 1373 ὑμῶν
1426 1304 1734 1374 κλώμενον,
1776 1322 1794 1354 ι
1831 1321 1956 1358 του-

367 1406 552 1458 τέστιν
583 1403 678 1456 ἀεί
705 1417 717 1430 ·
757 1419 774 1461 ι
817 1402 928 1454 Καὶ
956 1398 1117 1452 τοῦτό
1146 1399 1263 1452 ἐστι
1297 1397 1357 1451 τὸ
1399 1395 1536 1468 αἷμά.
1567 1414 1698 1468 μου,
1729 1398 1788 1450 τὸ
1817 1399 1958 1468 ὑπὲρ

371 1496 526 1561 ὑμῶν
551 1493 936 1566 ὲκχυνόμενον,
976 1511 994 1544 ι
1025 1493 1122 1561 οὐχ
1171 1490 1322 1556 ἅπαξ
1362 1489 1615 1562 ἐκχυθὲν,
1645 1490 1784 1548 ἀλλά
1823 1493 1961 1545 πάν-

369 1607 492 1642 τοτε
527 1588 792 1658 δηλονότι.
844 1586 1012 1640 Οὐδὲν
1038 1588 1148 1657 ἄρα
1178 1586 1343 1658 376
1373 1588 1580 1657 ταύτης
1629 1591 1730 1658 τῆς
1764 1588 1960 1653 θυσίας

369 1679 819 1750 ἐπωφελέστερον
852 1681 984 1750 ἡμῖν
1017 1680 1114 1732 καὶ
1148 1679 1268 1750 Θεῷ
1297 1679 1793 1751 προσφιλέστερον.
1830 1680 1961 1736 Ὀτι

370 1775 468 1827 καὶ
504 1773 665 1843 ἔργον
695 1771 889 1855 αὐτου,
927 1773 1029 1826 καὶΙ
1055 1774 1155 1840 τῆς
1206 1773 1630 1844 ἁνθρωπότητος
1671 1775 1960 1829 ἀνακαινι-

2050 570 2194 624 enim
2224 584 2236 618 :
2264 567 2397 634 «Qui
2423 581 2483 619 se
2506 565 2757 618 humiliat
2779 562 3107 617 exaltabitur
3136 562 3230 614 η.»
3250 559 3358 614 Pro
3380 559 3638 617 omnibus

2053 663 2298 731 seipsum
2355 661 2576 714 tradidit
2631 656 2920 719 Dominus,
2975 663 3030 708 et
3081 653 3335 707 omnibus
3381 653 3625 722 proﬁcua

2055 753 2277 806 fuerunt
2315 743 2433 820 qua:
2471 751 2595 803 fecit
2636 761 2651 801 :
2698 749 2798 817 ipsi
2843 762 2945 800 nos
2987 747 3254 798 donemus
3305 755 3365 798 ut
3395 743 3638 798 vicissim

2056 848 2325 902 bonorum
2384 845 2504 912 ejus
2567 845 2876 897 hahramus
2949 837 3448 909 participationem.
3524 835 3641 890 lloc

2055 954 2221 1008 opere
2253 937 2370 1004 ejus
2405 936 2649 989 zelanter
2700 935 2992 1004 fungentur
3043 931 3422 985 ministrantes
3446 969 3462 994 ,
3508 939 3565 985 et
3594 932 3638 986 si

2032 1030 2176 1084 ﬁeri
2214 1036 2416 1097 potest,
2449 1025 2692 1096 quotidie
2725 1023 3053 1079 sacriﬁcium
3079 1021 3419 1076 tremendum
3444 1018 3642 1093 offere-

2057 1135 2184 1174 mus
2221 1121 2307 1184 ei;
2358 1119 2490 1172 illud
2545 1119 2662 1186 ipse
2709 1117 3066 1170 vehementer
3106 1124 3361 1185 exoptat,
3403 1113 3590 1169 dicens
3630 1132 3644 1167 :

2068 1228 2086 1261 ι
2126 1209 2410 1265 Desiderio
2443 1206 2752 1262 desideravi
2788 1207 2890 1260 hoc
2925 1206 3130 1275 pascha
3191 1205 3527 1259 manducare
3555 1221 3648 1260 vo-

2061 1300 2273 1356 biscum
2311 1301 2375 1354 ⁸³.
2416 1319 2433 1352 ι
2471 1300 2533 1353 Ει
2563 1299 2694 1353 illud
2731 1307 2997 1368 perpetuo
3027 1297 3270 1366 poswlat
3311 1313 3325 1350 :
3361 1311 3473 1352 non
3509 1295 3648 1353 dicit

2062 1395 2248 1452 enim:
2285 1393 2543 1459 Facietis,
2588 1396 2680 1446 sed
2715 1409 2733 1446 :
2771 1409 2789 1442 ι
2824 1390 2937 1446 lloc
2966 1390 3130 1446 facile
3183 1391 3236 1445 in
3292 1407 3469 1446 meam
3499 1407 3649 1446 com-

2063 1487 2516 1542 memorationem
2542 1485 2606 1548 “,
2634 1504 2653 1537 ι
2689 1485 2792 1539 hoc
2822 1492 2926 1548 est,
2950 1492 3232 1552 perpetuo.
3259 1482 3545 1549 Quodnam
3566 1491 3650 1556 est

2066 1579 2214 1634 aliud
2243 1594 2383 1648 opus
2411 1578 2514 1632 isto
2543 1592 2710 1646 opere
2742 1576 2954 1645 majus?
2984 1577 3129 1645 quod
3153 1585 3238 1631 est
3263 1577 3468 1632 Christi
3499 1591 3651 1631 com-

2064 1673 2392 1728 memoratio
2414 1715 2428 1736 ,
2471 1672 2623 1726 illum
2675 1685 2878 1741 nempe
2933 1686 3034 1740 pro
3065 1670 3228 1724 nobis
3260 1672 3562 1727 sacriﬁcari
3597 1681 3652 1726 et

2066 1777 2336 1836 perpetuo
2387 1764 2616 1820 oderri:
2656 1781 2675 1814 ι
2734 1761 2849 1820 Hoc
2890 1771 2976 1817 est
3021 1762 3167 1817 enim
3213 1777 3418 1831 corpus
3466 1777 3650 1824 meum

370 1880 480 1928 σις,
526 1865 620 1916 καὶ
665 1853 850 1917 τούτου
913 1865 1172 1916 κοινωνία
1259 1865 1378 1934 μεθ’
1405 1865 1586 1934 ἡμῶν,
1642 1865 1825 1927 καθὼς
1866 1855 1958 1919 καὶ

2072 1858 2210 1928 quod
2248 1874 2343 1927 pro
2378 1857 2528 1911 vobis
2551 1856 2786 1910 traditur
2813 1854 2893 1924 ¹⁵;
2931 1871 2950 1904 ι
2991 1854 3096 1908 hoc
3125 1863 3231 1921 est,
3262 1869 3498 1922 semper.
3531 1853 3598 1908 Et
3632 1868 3647 1905 :

369 1955 681 2022 σαρκωθεὶς
698 1954 892 2021 ἔδειξε,
916 1957 1014 2010 καὶ
1038 1955 1246 2026 μέλλων
1271 1956 1526 2025 πάσχειν,
1553 1955 1756 2026 ηὔξατο
1776 1957 1954 2012 10610.

373 2064 392 2099 ι
437 2047 553 2100 Ἵνα
585 2040 718 2101 ὦσιν
748 2046 828 2110 ἓν,
885 2046 1068 2110 καθὼς
1105 2047 1292 2116 ἡμεῖς,
1329 2067 1352 2097 ι
1384 2049 1578 2116 φησίν.
1621 2051 1736 2102 'O.t
1782 2049 1839 2102 δὲ
1871 2051 1959 2104 διὰ.

366 2138 566 2192 τούτου
600 2138 660 2194 ἓν
718 2138 988 2209 γινόμεθα
1028 2137 1145 2208 μετ’
1193 2137 1384 2200 αὐτοῦ,
1440 2137 1605 2200 αὐτὸς
1662 2142 1956 2208 μαρτυρεῖ.

375 2249 394 2282 ι
440 2231 503 2284 Ὀ
529 2230 759 2301 τρώγων
798 2249 923 2302 μου,
954 2229 1112 2301 φησὶ,
1141 2229 1241 2300 τὴν
1273 2231 1476 2298 σάρκα,
1509 2229 1603 2283 καὶ
1637 2232 1808 2283 πίνων
1831 2247 1957 2300 ἰμου

373 2328 437 2381 τὸ
470 2320 633 2397 αἷμα,
673 2329 731 2379 ἐν
765 2328 888 2396 ἐμοὶ
923 2329 1097 2397 μένει,
1138 2325 1291 2393 κάγὼ
1324 2328 1382 2380 ἐν
1421 2327 1591 2396 αὐτῷ.
1630 2347 1646 2376 ι

2071 1970 2088 2002 ι
2133 1948 2231 2003 Hic
2260 1958 2344 2004 est
2395 1947 2617 2018 sanguis
2662 1962 2820 2002 meus
2851 1945 2944 2016 qui
2972 1961 3069 2016 pro
3099 1945 3254 2001 vobis
3277 1944 3527 2000 funditur
3549 1944 3644 1998 “.r

2066 2041 2188 2097 Non
2218 2042 2388 2098 semel
2410 2040 2618 2096 eﬂ‘usus
2640 2049 2746 2103 est,
2781 2039 2877 2094 sed
2911 2037 3184 2107 hodieque
3208 2046 3266 2093 et
3295 2049 3508 2107 semper
3528 2036 3655 2091 fun-

2067 2137 2238 2199 ditur,
2289 2135 2593 2190 evidenter.
2648 2133 2794 2187 Nihil
2833 2141 2919 2187 est
2954 2141 3138 2187 autem
3187 2137 3244 2186 et
3291 2130 3451 2186 nobis
3480 2131 3653 2202 magis

2069 2232 2374 2301 proﬁcuum
2421 2240 2478 2284 et
2511 2229 2622 2284 Deo
2667 2227 2838 2299 magis
2877 2225 3210 2298 gloriﬂcum,
3237 2224 3365 2295 quia
3410 2225 3516 2280 hoc
3565 2230 3657 2279 est

2081 2345 2221 2397 opus
2265 2327 2384 2396 ejus
2429 2326 2692 2390 dilectum
2744 2335 2799 2380 et
2849 2320 3210 2378 humanitatis
3243 2325 3550 2387 renovatio,
3601 2332 3658 2379 et

373 2423 501 2492 ejus
526 2423 816 2478 nobiscum
843 2419 1287 2485 communicatio,
1345 2428 1404 2474 ut
1427 2421 1665 2474 ostendit
1706 2419 2041 2491 incarnatus,
2083 2432 2139 2478 et
2175 2437 2300 2477 mox
2338 2436 2606 2493 passurus
2638 2420 2880 2490 apertius
2920 2419 3102 2476 innuit
3131 2422 3320 2478 dicens
3353 2441 3366 2476 :
3399 2439 3418 2471 ι
3445 2418 3516 2474 Ut
3544 2417 3658 2476 sint

371 2532 552 2574 unum
588 2517 731 2570 sicut
777 2531 876 2570 nos
907 2515 970 2568 ¹⁷.
1012 2533 1030 2564 ι
1076 2512 1186 2567 Nos
1229 2524 1411 2568 autem
1450 2511 1552 2568 hoc
1619 2529 1787 2584 opere
1823 2531 1995 2570 unum
2045 2517 2159 2572 ﬁeri
2193 2533 2322 2572 cum
2377 2519 2518 2588 ipso,
2555 2518 2670 2588 ipse
2702 2526 2939 2573 testatur
2974 2533 3098 2589 cum
3139 2517 3257 2584 ait:
3297 2535 3316 2567 ι
3355 2515 3458 2581 Qui
3499 2528 3657 2570 mau—

370 2613 542 2668 ducat
573 2625 748 2664 meam
796 2622 1016 2663 earn-em
1048 2619 1105 2663 et
1145 2608 1279 2662 bibit
1317 2624 1496 2664 meum
1542 2611 1866 2680 sanguinem
1898 2613 1952 2666 in
1996 2628 2082 2667 me
2113 2625 2298 2668 manet
2328 2625 2382 2669 et
2413 2629 2513 2683 ego
2543 2616 2596 2668 in
2628 2629 2694 2668 eo
2719 2613 2782 2668 ίδ.
2816 2633 2835 2665 ι
3376 2590 3378 2594 τ

455 2705 634 2773 ’Υπὲρ
667 2706 850 2760 πᾶσαν
883 2703 1063 2759 τοίνυν
1119 2705 1437 2772 προσευχήν
1470 2721 1529 2755 τε
1582 2705 1677 2758 καὶ
1729 2704 1962 2768 αἴνεσιν,

369 2802 576 2855 τούτου
613 2796 980 2869 ἐπιμελητέον
1008 2795 1104 2856 τοῦ
1153 2795 1341 2866 ἔργουο
1401 2798 1483 2849 ὅτι
1552 2797 1648 2852 καὶ
1688 2797 1774 2856 διὰ
1806 2797 1965 2851 τοῦτο

370 2893 532 2946 πᾶσα
591 2891 891 2958 προσευχὴ.
953 2885 1062 2938 Καὶ
1111 2885 1170 2936 τὸ
1229 2885 1388 2936 πλέον
1441 2883 1552 2937 τῶν
1601 2883 1827 2953 ἡμερῶν
1862 2885 1962 2953 τῆς

373 2983 665 3053 ἡμετέρας
701 2979 845 3050 ζωῆς
876 2976 1034 3031 τοῦτο
1061 2976 1334 3046 ποιῶμεν.
1359 2975 1484 3028 Ὀτι
1519 2976 1614 3030 καὶ
1645 2974 1804 3028 τοῦτο
1835 2976 1968 3046 περὶ

373 3075 576 3130 τούτου
609 3072 922 3140 λογίζεσθαι
964 3071 1164 3143 χρεὼν,
1203 3071 1250 3122 εἱ
1282 3069 1487 3140 ἐνεργὰ
1522 3067 1593 3122 τὰ
1634 3069 1755 3123 θεῖα
1785 3069 1967 3124 πάντα

373 3172 526 3240 ἔργα
558 3186 614 3220 τε
651 3168 742 3220 καὶ
774 3166 924 3234 λόγοι
956 3165 1005 3217 οἱ
1048 3166 1107 3217 ἐν
1133 3162 1212 3232 τῷ
1240 3162 1458 3232 κόσμῳ,
1495 3161 1589 3215 καὶ
1615 3161 1769 3223 οὐδὲν
1797 3161 1969 3232 ἀργὸν

380 3263 528 3332 μετὰ
587 3259 646 3311 τὺ
681 3257 937 3326 γενέσθαι.
997 3255 1154 3312 ποτέ.
1191 3255 1304 3308 Καὶ
1343 3252 1507 3324 δῆλον
1556 3252 1616 3318 ἐξ
1648 3245 1722 3310 ὧν
1752 3253 1969 3324 ὁρῶμεν

373 3351 608 3403 πάντων
643 3348 964 3416 κτισμάτων
1019 3345 1262 3416 ἐνεργῶν
1292 3343 1459 3398 ὄντων
1487 3344 1596 3409 ἀεὶ,
1647 3343 1881 3414 ούρανοῦ
1908 3361 1968 3397 τε

2141 2709 2319 2777 Super
2347 2724 2568 2763 omnem
2596 2724 2728 2778 ergo
2762 2723 2978 2780 precem
3011 2715 3066 2763 et
3091 2705 3307 2762 laudem
3341 2705 3503 2777 hujus
3524 2721 3658 2776 ope-

2072 2806 2148 2886 ris
2185 2803 2324 2858 ratio
2356 2803 2600 2858 curanda
2649 2810 2750 2864 est,
2797 2801 2927 2872 quia
2963 2812 3192 2871 propter
3239 2803 3419 2872 ipsum
3471 2810 3527 2854 et
3559 2812 3662 2869 per

2070 2895 2249 2965 ipsum
2281 2897 2460 2950 omnis
2490 2896 2690 2949 oratio.
2717 2893 2784 2948 Et
2809 2894 3146 2963 praecipuum
3173 2891 3382 2947 dierum
3407 2889 3654 2946 omnium

2071 2987 2196 3042 vitae
2221 2996 2422 3042 nostrae
2452 2988 2730 3055 negotium
2763 2987 2864 3040 hoc
2889 2986 3180 3051 faciamus;
3207 2984 3335 3054 quia
3374 2991 3428 3036 et
3453 2983 3558 3038 hoc
3587 2983 3657 3038 de

2074 3078 2168 3132 illo
2200 3079 2494 3133 dicendum
2527 3095 2542 3132 :
2581 3078 2636 3132 Si
2671 3093 2836 3148 opera
2863 3091 3259 3147 sermonesque
3288 3092 3409 3147 quae
3445 3078 3498 3130 in
3523 3076 3659 3140 orbe

2077 3177 2317 3238 aguntur
2363 3183 2520 3224 suam
2551 3184 2580 3222 a
2623 3167 2732 3222 Deo
2761 3169 2871 3221 vim
2915 3167 3119 3221 habent
3151 3166 3408 3230 actionis,
3439 3174 3494 3221 et
3525 3163 3655 3219 nul-

2079 3261 2188 3314 lum
2217 3259 2453 3314 otiosum
2483 3268 2565 3314 cst
2596 3268 2885 3330 postquam
2909 3269 3152 3314 creatum
3174 3267 3279 3314 est.
3304 3257 3440 3312 Illud
3465 3268 3654 3313 autem

2075 3360 2160 3405 est
2179 3350 2406 3405 evidens
2439 3367 2503 3405 ex
2535 3352 2637 3405 hoc
2665 3351 2810 3421 quod
2843 3351 3092 3406 videmus
3120 3350 3304 3407 omnia
3325 3363 3508 3408 creata
3531 3365 3662 3420 ope-

371 3443 528 3510 λὲγω
551 3441 870 3508 κινουμένου
902 3439 1009 3504 ἀεὶ,
1039 3440 1136 3491 καὶ
1166 3441 1270 3507 γῆς
1295 3436 1705 3508 βλαστανούσης
1730 3437 1826 3491 καὶ
1857 3435 1968 3490 τῶν

2077 3439 2287 3494 ratione
2324 3440 2599 3495 constanti
2631 3441 2901 3506 exerceri,
2945 3440 3145 3498 coelum
3179 3441 3401 3511 inquam
3442 3453 3662 3511 semper

372 3538 436 3589 ὲν
472 3533 553 3603 τῷ
583 3534 732 3603 μέσῳ
763 3529 1188 3602 διενεργούντων
1220 3529 1452 3583 ἑκάστου
1489 3529 1551 3582 τὸ
1595 3528 1753 3581 ῐδιονο
1787 3525 1966 3597 πολλῷ

375 3623 591 3694 μᾶλλον
625 3618 844 3690 ἐνεργὸς
879 3619 1084 3687 ὀφείλει
1136 3618 1434 3688 τυγχάνειν
1468 3617 1496 3668 ὁ
1529 3617 1668 3688 πρὸς
1716 3616 1779 3670 τὸ
1806 3617 1968 3687 ἔργον

375 3715 547 3770 τοῦτο
580 3715 639 3767 τὸ
684 3713 961 3768 θειότατον
1012 3714 1111 3766 καὶ
1163 3711 1427 3782 μέγιστον
1493 3710 1797 3772 καταστάς.
1861 3710 1969 3763 Καὶ

378 3811 430 3861 εἰ
458 3807 532 3860 τὰ
567 3805 803 3876 αἰσθητὰ
849 3806 1029 3858 πάντα
1063 3805 1367 3875 ἀκαμάτως
1420 3803 1661 3871 ἐνεργεῖ,
1690 3801 1785 3855 καὶ
1815 3801 1844 3853 ό
1880 3817 1969 3870 μι-

377 3901 521 3971 κρὸς
573 3899 778 3968 κόσμος
807 3891 963 3962 οὗτος
1014 3900 1108 3952 καὶ
1163 3901 1346 3968 μέγας
1386 3899 1413 3952 ὁ
1468 3895 1780 3966 ἅνθρωπος,
1812 3893 1972 3946 τοῦτο

375 3991 686 4056 δείκνυσιν,
726 3989 949 4057 ἐνεργὸς
979 3990 1070 4042 ἀεὶ
1100 3990 1294 4054 τελῶν,
1334 3989 1413 4058 τῷ
1449 3988 1700 4058 αἰσθητῷ
1729 3987 1828 4057 μὲν
1861 3988 1972 4050 τοῖς

379 4083 696 4152 αἰσθητοῖς,
727 4081 1084 4151 τρεφόμενος,
1128 4080 1532 4149 αὐξανόμενος,
1562 4078 1972 4147 ἀλλοιούμενος,

377 4179 461 4251 τῷ
496 4176 679 4246 νοητῷ
709 4175 788 4239 δὲ,
817 4176 926 4235 τοῖς
957 4175 1190 4241 νοητοῖς,
1219 4173 1306 4224 ἀεὶ
1339 4171 1416 4241 τῷ
1442 4171 1518 4240 νῷ
1548 4173 1643 4224 καὶ⁵
1667 4172 1743 4239 τῷ
1771 4171 1977 4241 λογικῷ

375 4275 487 4344 τῆς
513 4268 697 4341 ψυχῆς
731 4266 971 4336 ἐνεργῶν
999 4266 1094 4318 καὶ
1127 4263 1472 4332 κινούμενος,
1507 4265 1583 4326 ὡς
1627 4261 1881 4316 ἐντεῦθεν
1912 4263 1977 4316 ἐκ

377 4367 489 4438 τῆς
521 4362 621 4417 τοῦ
655 4362 1003 4431 ἀνθρωπίνου
1032 4358 1150 4422 νοὸς
1203 4357 1476 4426 κινήσεως
1523 4356 1618 4409 καὶ
1649 4355 1748 4420 τὰς
1779 4356 1973 4424 νοερὰς

381 4461 484 4514 καὶ
522 4455 678 4517 θείας
730 4453 990 4522 δυνάμεις
1025 4451 1369 4518 ἁεικινήτους
1428 4443 1573 4502 εἶναι
1632 4446 1974 4517 λογίζεσθαι.

379 4551 516 4612 Πῶς
559 4546 670 4616 ἄρα
698 4546 757 4598 τὸ
819 4545 1077 4612 μέγιστον
1127 4542 1290 4612 ἔργον
1325 4542 1426 4611 τῆς
1481 4541 1727 4614 μεγάλης
1771 4540 1978 4610 ταύτης

376 4640 674 4702 διακονίας
693 4637 787 4690 τοῦ
802 4633 960 4697 Θεοῦ,
986 4633 1049 4686 τὸ
1078 4633 1214 4701 ὑπὲρ
1239 4631 1420 4703 πάσης
1444 4633 1776 4700 κτίσεω;,δι’
1802 4625 1862 4685 οὗ
1899 4636 1982 4697 εἰς

377 4744 446 4798 τὸ
460 4741 526 4794 εὖ
547 4734 690 4790 εἶναι
717 4735 786 4787 τὰ
807 4734 936 4787 ὄντα
962 4734 1405 4803 χειραγωγείται,
1423 4730 1544 4800 Θεῷ
1565 4728 1854 4800 ὲνούμενα,
1888 4730 1983 4782 καὶ

381 4836 510 4889 θεῖα
537 4827 832 4898 γινόμενα,
871 4825 964 4876 καὶ
992 4824 1195 4892 μᾶλλον
1227 4824 1294 4876 τὰ
1329 4821 1546 4889 λογικὰ,
1581 4821 1676 4874 καὶ
1700 4819 1980 4891 ἄνθρωποι

381 4927 496 4998 πρὸ
562 4919 787 4973 πάντων
839 4915 1168 4986 τεθνηκότες
1209 4915 1306 4966 καὶ⁵
1341 4915 1563 4978 ζῶντες,
1609 4913 1782 4984 ἀργὸν
1828 4913 1983 4966 ἔσται

381 5019 524 5076 ποτὲ
581 5013 672 5068 διὰ
706 5011 806 5080 τῆς
840 5008 1136 5081 ῥᾳθυμίας,
1167 5007 1200 5076 ἢ
1230 5007 1326 5057 καὶ
1379 5004 1645 5074 δοκούσης
1689 5004 1980 5067 εὐλαϐείας

379 5115 500 5168 τῶν
527 5108 728 5178 ἱερέων
750 5121 766 5172 ;
795 5104 910 5168 Οὐκ
933 5102 1048 5156 ἐστι
1071 5101 1170 5170 τῆς
1193 5100 1302 5153 τῶν
1324 5097 1643 5170 μυστηρίων
1667 5098 1982 5168 ἱερουργίας

384 5209 421 5276 ἡ
449 5201 634 5274 ἀργία
661 5197 942 5260 εὐλάϐεια,
977 5195 1077 5248 οὐκ
1118 5195 1258 5257 ἔστι,
1283 5191 1516 5262 κώλυμα
1557 5191 1614 5244 δὲ
1647 5191 1850 5262 μᾶλλον
1878 5193 1979 5258 τῆς

385 5299 686 5366 σωτηρίου,
719 5291 908 5352 θυσίας
933 5289 1024 5342 καὶ
1057 5287 1161 5356 τῆς
1190 5286 1442 5340 ἐντεῦθεν
1472 5283 1763 5353 ὠφελείας.
1799 5285 1861 5336 Εἰ
1886 5279 1980 5338 οὖν

388 5395 470 5465 μὴ
498 5390 568 5442 τὸ
605 5383 818 5439 κωλύον
854 5383 988 5450 πρὸς
1024 5381 1084 5435 τὸ
1111 5381 1416 5451 ἱερουργεῖν
1445 5380 1616 5442 ἐστιν,
1646 5379 1679 5446 ἠ
1709 5379 1982 5447 σωτήριος

387 5487 560 5539 θυσία
596 5477 863 5546 διηνεκῶς
893 5473 1246 5544 ὲνεργείσθω.
1269 5474 1538 5543 Ὄργανον
1573 5471 1717 5540 ἱερὸν
1742 5471 1770 5522 ὁ
1802 5469 1982 5540 ἱερεὺς

386 5569 734 5642 ἀπεδείχθη·
777 5568 851 5638 μὴ
889 5570 1057 5636 ἀργὸν
1094 5565 1326 5637 μενέτω.
1361 5567 1534 5620 Δώσει
1563 5566 1672 5633 γὰρ
1699 5566 1880 5634 λόγον,
1907 5565 1983 5627 ὡς

385 5627 712 5733 λογίζομαι,
895 5627 1117 5730 ἀργίαςἰ
1157 5661 1233 5720 ὼς
1264 5660 1358 5712 καὶ
1387 5661 1414 5712 ὁ
1446 5627 1589 5721 θεῖός
1621 5627 1786 5726 φησι.
1817 5656 1980 5710 Βασί-
2007 5627 2016 5635 ⁸

498 5785 541 5812 η
575 5779 767 5832 Matth.
805 5793 959 5845 χχιιι,
989 5776 1076 5829 12.

393 5858 440 5891 ³⁸
464 5850 631 5910 ιοιιιι.
667 5864 738 5907 v1,
781 5847 868 5902 57.

651 5943 924 6004 Ρλτιιυι.
958 5940 1069 6000 Gn.
1109 5938 1282 5999 CLV.

1160 5775 1202 5806 ιδ
1237 5772 1368 5828 Luc.
1401 5787 1537 5840 χιιι,
1563 5771 1650 5827 15.
1731 5771 1772 5802 ¹⁴⁵
1805 5768 1935 5826 Luc.
1972 5787 2106 5837 xxn,
2151 5771 2238 5828 i9.

2071 3531 2294 3598 moveri,
2325 3540 2382 3586 et
2411 3541 2614 3586 terram
2642 3531 2930 3589 frondibus
2957 3533 3140 3590 virere
3165 3543 3224 3590 et
3262 3549 3386 3604 quae
3454 3531 3508 3588 in
3567 3533 3663 3588 illa

2070 3633 2198 3677 sunt
2223 3626 2654 3694 unumquodque
2685 3630 2832 3696 quod
2873 3626 2978 3697 ipsi
3012 3609 3294 3697 proprium
3336 3637 3419 3680 est
3450 3641 3655 3696 agere:

2073 3716 2243 3771 inulto
2265 3717 2439 3788 magis
2458 3727 2782 3788 operantem
2812 3719 3229 3787 deprehendere
3250 3731 3468 3788 oportet
3495 3733 3658 3788 quem

2073 3806 2220 3862 Deus
2252 3807 2539 3863 constituit
2569 3823 2736 3878 super
2765 3824 2906 3878 opus
2937 3808 3358 3865 sanctissimum
3389 3819 3446 3864 et
3487 3810 3669 3866 maxi-

2082 3913 2255 3955 mum.
2290 3901 2355 3956 Et
2399 3901 2446 3957 si
2490 3901 2774 3957 scnsibilia
2822 3901 3007 3955 omnia
3071 3902 3192 3956 sine
3243 3900 3661 3959 intermissione

2075 4001 2262 4062 agunt,
2302 3992 2394 4047 hic
2419 4007 2622 4067 parvus
2650 4002 2705 4048 et
2726 3993 2890 4048 simul
2923 4008 3154 4064 magnus
3183 3993 3426 4049 mundus
3455 3998 3546 4064 qui
3574 4004 3663 4052 est

2079 4088 2264 4152 homo,
2307 4088 2442 4142 illud
2466 4088 2522 4141 in
2547 4102 2607 4142 se
2641 4087 3002 4153 demonstrat,
3036 4102 3202 4161 agens
3243 4088 3491 4157 perfecte
3531 4090 3663 4147 abs-

2077 4193 2184 4246 que
2213 4179 2425 4247 requie,
2457 4178 2793 4234 sensibiliter
2831 4188 3018 4248 utpote
3046 4178 3399 4234 sensibilihus
3435 4180 3658 4251 similis,

2079 4273 2318 4325 nutritus
2347 4270 2644 4333 alimentis,
2680 4279 2736 4326 et
2780 4285 3033 4326 crescens
3059 4311 3074 4336 ,
3105 4282 3159 4326 et
3193 4274 3502 4328 successive
3539 4292 3659 4330 mu-

2081 4375 2226 4420 tatus
2253 4382 2266 4419 :
2294 4364 2744 4419 intellectualiter
2773 4373 2954 4419 autem
2986 4367 3290 4421 secundum
3323 4369 3466 4436 quod
3501 4370 3664 4425 habet

2081 4477 2205 4516 cum
2229 4461 2605 4532 intelligentils
2628 4461 3070 4528 similitudinem,
3092 4464 3358 4519 continuo
3384 4465 3663 4521 intellectu

2082 4565 2138 4610 et
2188 4557 2400 4610 ratione
2449 4557 2644 4611 animae
2685 4569 2798 4611 sua)
2841 4570 3011 4626 agens
3045 4565 3100 4610 et
3136 4571 3364 4611 movens
3396 4572 3412 4611 :
3449 4574 3513 4612 ex
3549 4575 3668 4612 mu-

2086 4649 2235 4704 tione
2266 4649 2492 4718 spiritus
2526 4648 2754 4725 humani
2793 4647 3208 4718 intelligendum
3245 4660 3510 4718 perpetuo
3546 4667 3665 4705 mo-

2086 4741 2201 4796 veri
2230 4742 2425 4812 agique
2441 4751 2498 4793 et
2532 4755 2694 4810 agere
2722 4739 3122 4794 iutellectuales
3151 4751 3206 4794 et
3232 4739 3452 4797 divinas
3476 4757 3669 4796 omnes

2086 4833 2340 4888 virtutes.
2396 4829 2685 4896 Quomodo
2734 4829 2904 4898 igitur
2954 4828 3253 4882 maximum
3307 4843 3447 4898 opus
3501 4829 3669 4900 hujus

2088 4923 2269 4994 magni
2305 4921 2599 4977 ministerii
2631 4921 2748 4984 Dei,
2781 4921 3039 4990 quodest
3066 4935 3163 4990 pro
3189 4924 3336 4974 omni
3367 4922 3668 4983 creatione,

2086 5032 2186 5085 per
2244 5015 2391 5085 quod
2444 5015 2512 5069 ad
2560 5015 2765 5069 banum
2817 5015 2974 5083 quasi
3038 5021 3487 5068 mnnuducuntur
3549 5027 3672 5084 quin

2085 5117 2258 5171 sunt,
2315 5107 2426 5160 Deo
2486 5107 2780 5174 conjuncta
2809 5143 2825 5166 ,
2875 5116 2930 5159 et
2977 5105 3159 5159 divina
3214 5107 3393 5164 facta.
3439 5093 3673 5156 maxime

2084 5216 2207 5269 quae
2236 5202 2345 5268 jam
2373 5200 2582 5254 ratione
2605 5201 2904 5262 donantur,
2932 5210 2986 5252 et
3009 5215 3118 5268 pra:
3143 5197 3673 5251 omnibushomines

2086 5291 2510 5357 mortui‘etvivi,
2534 5293 2829 5361 quomodo,
2861 5290 3104 5357 inquam,
3140 5303 3280 5357 opus
3304 5287 3407 5340 hoc
3437 5285 3672 5340 otiosum

2089 5396 2334 5438 maneret
2366 5383 2548 5452 aliqua
2579 5381 2928 5453 negligentia,
2951 5396 3074 5448 qua:
3099 5380 3276 5447 pietas
3301 5379 3353 5431 in
3374 5378 3675 5431 sacerdoti-

2086 5476 2192 5530 bus
2218 5475 2586 5544 judicaretur?
2617 5473 2734 5527 Non
2762 5482 2844 5527 est
2867 5472 3013 5525 enim
3042 5472 3216 5540 pietas
3249 5470 3580 5539 negligentia
3616 5467 3672 5522 in

2088 5566 2420 5621 celebrando
2441 5567 2693 5635 mysteria
2721 5582 2734 5632 ;
2760 5565 2869 5618 imo
2894 5571 2976 5617 est
2999 5562 3454 5631 impedimentum
3485 5561 3666 5629 potius

2090 5660 2342 5715 sacriﬁcii
2379 5659 2655 5722 salutaris,
2687 5669 2744 5715 et
2779 5659 2901 5730 ejus
2933 5674 3054 5728 quae
3085 5665 3167 5711 est
3201 5672 3268 5710 ex
3292 5671 3358 5709 eo
3396 5652 3672 5708 utilitatis.
3737 5675 3742 5679 -

2320 5772 2360 5805 ¹⁸
2389 5774 2520 5828 ibid.
2551 5773 2638 5827 19.
2722 5773 2763 5804 ¹⁶
2797 5771 2927 5827 ibid.
2961 5773 3053 5826 '20.
3136 5771 3178 5800 ¹⁷
3203 5769 3360 5825 Joan.
3405 5785 3540 5838 xvn,
3584 5769 3673 5826 υ.

3167 5933 3238 5996 31
