4060 6282
458 295 553 360 971
1285 307 1666 371 SYMEONIS
1701 312 2464 379 TUESSALONICENSIS
2509 323 2860 388 ARCHIEP.
3617 326 3730 390 9'72

458 411 575 470 Nisi
603 430 731 487 ergo
757 414 976 486 aliquod
1008 417 1174 472 fuerit
1205 417 1656 490 impedimentum
1696 427 2028 491 celebrandi,

2149 434 2278 494 isto;
2313 433 2448 499 πρὸς
2479 433 2782 502 Γρηγόριόν
2829 452 2972 497 τινα,
3015 435 3256 489 ἀπειλῶν
3291 438 3443 506 αύτῷ
3491 437 3592 508 τὴν
3627 441 3730 508 ἀρ-

457 520 677 578 semper
708 506 800 562 ﬁat
845 510 1080 566 salutare
1120 515 1476 570 sacriﬁcium.
1509 517 1782 587 Organum
1813 525 2030 574 sacrum

457 610 717 669 appareat
747 604 1022 667 sacerdos,
1051 606 1196 674 quod
1220 623 1496 677 nunquam
1522 611 1759 666 otiosum
1792 623 2031 682 maneat;

457 690 610 746 dabit
639 694 807 754 enim.
837 702 900 749 ut
927 697 1144 765 opinor,
1189 699 1456 756 rationem
1503 704 1847 774 negligentia
1881 724 1992 764 sua:
2021 728 2032 764 :

460 783 536 838 ita
591 799 810 854 quoque
835 787 1074 856 loquitur
1097 800 1319 846 sanctus
1349 792 1580 850 Basilius
1613 797 1681 852 ad
1710 797 2030 868 Gregorium

460 875 776 944 quemdam,
831 893 1068 949 arguens
1114 881 1232 950 ejus
1284 884 1668 954 negligentiam
1707 909 1719 943 :
1755 891 1837 944 vel
1891 893 2035 946 enim

461 965 667 1020 abnuat
689 981 810 1023 esse
848 969 1168 1026 rationabile
1218 987 1508 1045 organum,
1542 978 1865 1049 negligentie
1899 998 2036 1053 opus

465 1054 773 1122 ministerii,
805 1061 888 1114 vel
934 1071 1142 1134 satagat
1192 1079 1313 1121 esse
1388 1067 1631 1123 divinum
1702 1072 2039 1129 instrumen-

463 1154 600 1212 tum,
638 1160 693 1204 et
722 1151 796 1206 ita
825 1167 1054 1209 manens
1111 1172 1390 1226 nunquam
1449 1161 1517 1215 ab
1548 1176 1713 1231 opere
1773 1165 2036 1232 quiescat.

462 1237 704 1308 Quisque
761 1244 909 1298 enim
956 1248 1144 1315 operis
1189 1250 1272 1304 sui
1344 1253 1644 1307 mercedem
1700 1256 1943 1311 habebit.
1981 1258 2043 1313 Et

462 1333 724 1398 scriptum
778 1345 908 1390 est:
968 1354 987 1389 ι
1023 1338 1340 1396 Malcdiclus
1399 1345 1491 1413 qui
1553 1344 1682 1400 facit
1743 1364 1881 1419 opus
1948 1350 2040 1407 Dei

462 1424 804 1494 negligenter
841 1430 903 1485 ¹⁰.
952 1448 972 1482 ι
1055 1431 1326 1497 Quidnam
1408 1438 1554 1491 enim
1631 1439 1776 1494 inter
1875 1457 2041 1512 opera

462 1515 557 1570 Dei
591 1517 734 1573 aliud
788 1519 892 1575 hoc
939 1538 1109 1593 opere
1172 1527 1344 1596 majus
1397 1529 1522 1583 est?
1567 1531 1746 1586 Ruina
1798 1546 1883 1590 est
1947 1552 2045 1591 ne-

462 1609 721 1679 gligentia
757 1611 918 1682 hujus
940 1617 1143 1685 operis,
1198 1628 1255 1672 ut
1303 1621 1561 1676 diximus.
1595 1623 1900 1682 Dummodo
1955 1645 2044 1684 se-

464 1699 702 1779 cundum
771 1702 958 1760 Patres
1014 1707 1246 1778 accipiat
1301 1710 1606 1782 habeatque
1660 1718 1910 1786 gratiam,
1943 1736 2042 1776 nec

464 1789 776 1861 implicetur
849 1796 928 1851 eis
961 1813 1082 1866 quae
1115 1810 1244 1854 sunt
1303 1813 1491 1858 contra
1559 1807 1726 1873 illam,
1754 1811 1935 1866 videat
1973 1828 2042 1868 ne

466 1884 685 1940 omittat
715 1901 995 1943 exercere.
1032 1888 1174 1944 Deus
1207 1891 1479 1949 timendus
1531 1907 1614 1952 est
1639 1901 1732 1968 qui
1773 1904 2040 1960 rationem

466 1978 648 2048 exiget
677 1981 897 2049 operis;
931 1984 1257 2056 negligentia
1313 1991 1457 2046 enim
1493 2006 1674 2052 cessat
1720 1997 1932 2055 fructus
1962 2017 2046 2057 sa-

468 2071 680 2137 criﬁcii,
714 2087 812 2142 pro
847 2075 914 2130 iis
941 2077 1031 2145 qui
1067 2090 1328 2150 exoptant
1354 2083 1506 2140 illum
1535 2088 1821 2159 colligere;
1861 2093 2045 2151 Salva-

469 2163 604 2218 toris
639 2172 1090 2225 commemoratio
1129 2173 1529 2244 intermittitur,
1581 2191 1636 2236 et
1668 2183 1865 2240 divinae
1924 2170 2048 2258 pas-

469 2255 640 2310 sionis
695 2255 888 2314 festiva
941 2262 1260 2320 celebratio.
1310 2267 1568 2334 Quiescat
1623 2276 1716 2345 qui
1743 2255 2046 2347 quomodo-

468 2361 704 2418 cumque
737 2349 980 2408 irretitur
1012 2355 1080 2411 ab
1109 2356 1515 2428 impedimentis
1541 2368 1742 2437 quibus
1770 2373 2046 2430 stantibus

469 2452 878 2512 concesserunt,
899 2448 1264 2517 tradiderunt,
1285 2453 1590 2512 docuerunt
1614 2459 1805 2518 Patres
1825 2479 1854 2518 a
1880 2469 2048 2547 sa.cri-

469 2530 593 2588 ﬁcio
626 2535 926 2604 quiescere.
961 2540 1064 2608 Qui
1092 2560 1197 2601 non
1222 2549 1331 2618 agit
1362 2551 1427 2604 ad
1456 2563 1692 2610 mentem
1716 2568 1770 2611 et
1799 2530 2045 2616 normam

470 2625 718 2692 Patrum,
751 2629 906 2701 juxta
943 2639 1226 2705 proprium
1268 2644 1380 2712 agit
1435 2645 1695 2713 placitum
1758 2659 1815 2706 et
1856 2662 2048 2708 contra

385 2725 393 2731 '
472 2716 736 2788 seipsum,
791 2732 845 2778 et
879 2741 1005 2782 reus
1037 2739 1120 2784 est
1143 2733 1522 2802 mysteriorum
1549 2738 1772 2795 Christi.
1807 2742 1861 2797 Si
1899 2746 2046 2820 enim

473 2815 882 2873 communicans
937 2829 1149 2877 tantum
1205 2825 1430 2896 indigne
1461 2830 1777 2900 impeditur,
1835 2815 2044 2906 quanto

475 2904 644 2972 magis
675 2905 764 2960 ille
787 2909 879 2977 qui
932 2911 1133 2968 oll‘ert?
1175 2916 1444 2974 Docemur
1507 2925 1727 2992 quidem
1775 2930 2049 2986 nemiuem

474 2992 616 3048 inter
642 2996 893 3056 homines
941 3004 1162 3075 dignum
1207 3023 1266 3064 es

471 3181 600 3238 illud
636 3183 776 3241 Deus
807 3193 1161 3258 concesserit,
1189 3193 1339 3264 juxta
1381 3199 1526 3266 quod
1557 3202 1816 3269 possibile
1845 3215 1928 3260 est
1955 3208 2050 3262 da-

475 3281 586 3327 tum
635 3286 738 3332 est.
803 3278 1002 3350 Utpote
1059 3284 1308 3342 homines
1365 3305 1572 3356 pugnas
1625 3293 1970 3360 habebimus,
1995 3309 2051 3353 et

476 3365 576 3419 hac
599 3371 774 3437 gratia
805 3388 903 3440 pro
958 3390 1115 3443 posse
1158 3389 1346 3434 nostro
1395 3381 1796 3452 dignabimur:
1841 3388 2050 3446 fervido

475 3457 593 3512 zelo
631 3461 768 3516 hanc
813 3475 1107 3520 exerceant
1138 3469 1351 3524 Domini
1399 3473 1563 3529 vitam
1604 3486 1767 3534 lotam
1807 3492 1866 3536 ut
1901 3496 2055 3553 p0te-

475 3561 601 3606 runt
663 3555 977 3623 imitantes;
1015 3569 1073 3614 ut
1113 3572 1376 3632 perpetuo
1411 3568 1760 3626 inveniantur
1788 3576 1883 3642 qui
1912 3578 2053 3631 cele-

477 3645 639 3699 brent
667 3656 722 3702 et
745 3648 837 3718 qui
871 3653 1298 3718 communicent,
1333 3658 1427 3726 qui
1473 3660 1596 3730 ejus
1625 3673 1806 3734 typum
1833 3678 2050 3736 gerant,

480 3744 535 3791 rt
567 3741 825 3808 quotidie,
847 3742 892 3797 si
927 3757 1175 3812 possunt,
1204 3748 1326 3818 ejus
1355 3759 1932 3814 cotnmemorationem
1959 3777 2052 3816 ee-

478 3830 726 3889 lebrent:
766 3837 953 3905 sicque
983 3839 1109 3894 unio
1140 3842 1244 3896 erit
1293 3843 1435 3899 inter
1465 3846 1629 3902 Deum
1653 3859 1709 3904 et
1734 3868 1854 3916 nos,
1890 3866 1943 3908 et
1969 3856 2051 3907 in-

479 3934 563 3981 ter
594 3929 812 3998 angelos
869 3939 923 3986 et
952 3932 1122 3987 Deum
1171 3943 1225 3989 et
1277 3953 1398 4002 nos,
1449 3950 1506 3994 et
1551 3943 1764 4014 animas
1813 3956 2049 4011 sanctas,

480 4030 642 4090 atque
688 4025 900 4080 animas
955 4027 1194 4084 ﬁdelium
1245 4033 1487 4086 omnium
1545 4035 1638 4103 qui
1695 4037 1782 4105 pie
1822 4038 2051 4106 vivunt;

479 4115 596 4168 sive
626 4120 1095 4185 perseveraverint
1125 4131 1178 4176 et
1224 4124 1507 4192 proﬁciant
1530 4124 1584 4179 in
1617 4127 1850 4182 vivendo
1881 4138 2051 4193 recte,

482 4207 595 4262 sive
617 4223 738 4260 cum
767 4211 1137 4278 peccaverint,
1175 4227 1270 4280 per
1303 4215 1705 4281 paenitentiam,
1738 4218 2056 4289 misericor-

481 4302 622 4354 diam
657 4309 711 4354 et
742 4305 1159 4358 conversionem
1187 4305 1254 4359 ad
1307 4306 1599 4375 puritatem
1627 4310 1953 4374 meruerint,
1996 4320 2051 4364 et

391 4455 395 4459 ι
481 4393 702 4460 insuper
734 4409 796 4447 ex
827 4395 926 4448 hoc
964 4396 1017 4448 in
1051 4412 1266 4451 omnem
1309 4411 1613 4453 creaturam
1651 4401 1820 4454 multa
1855 4403 2055 4456 redun-

478 4489 945 4546 datsanctiﬁcatio
982 4510 996 4547 :
1028 4494 1080 4547 in
1132 4493 1198 4547 iis
1233 4494 1376 4548 enim
1429 4511 1659 4565 quorum
1714 4512 1852 4566 opus
1875 4497 2053 4564 ,habe-

481 4599 600 4635 mtts
647 4585 702 4636 in
765 4584 956 4638 ordine
1010 4585 1076 4639 ad
1137 4587 1452 4642 sensibilcm
1503 4588 1692 4652 vitam,
1755 4590 2049 4645 maximum

479 4677 638 4729 nobis
675 4675 729 4730 in
769 4677 870 4731 hoc
903 4677 1180 4732 invenitur
1225 4680 1508 4745 auxilium,
1540 4689 1596 4735 et
1650 4680 1724 4735 illi
1757 4683 1850 4750 qui
1891 4682 2084 4750 oﬁ‘ert_

482 4770 566 4826 nic
589 4779 642 4824 ct
667 4769 895 4838 impigre
921 4771 1092 4825 multa
1129 4772 1282 4826 valde
1311 4788 1536 4827 merces.
1571 4773 1726 4839 Quod
1751 4775 1792 4828 si
1814 4789 1920 4828 non
1951 4790 2051 4844 po-

485 4869 591 4914 test
635 4862 874 4930 quotidie
924 4862 1232 4929 celebrare,
1280 4865 1470 4918 saltem
1508 4864 1712 4919 ‘oﬂ'erat
1759 4878 1951 4935 quater
1998 4867 2051 4920 in

483 4952 842 5015 hebdomade,
874 4955 1174 5008 secundum
1206 4954 1459 5010 Ilasilium
1513 4955 1785 5028 Magnum,
1841 4960 1933 5028 qui
1983 4959 2054 5013 ita

2131 523 2284 591 ’γῖαν.
2320 526 2392 579 Ἦ
2426 525 2532 596 γὰρ
2567 528 2944 597 παραιτείσθω
3007 530 3240 597 εὐλόγως
3277 531 3509 600 ὄργανον
3557 529 3729 597 εἶναι,

2139 617 2235 670 καὶ
2257 619 2481 671 ἀπέστω
2512 619 2606 671 τοῦ
2644 619 2836 688 ἔργου,
2880 619 2912 688 ἢ
2963 623 3439 686 κατασκευασθεὶς
3478 623 3734 694 ἐννόμως

2140 710 2288 763 θεῖον
2320 709 2554 780 ὄργανον
2587 707 2752 778 εἶναι,
2787 715 2881 766 καὶ
2918 715 3096 782 μένων
3127 717 3188 769 ἐν
3216 715 3409 787 τούτῳ,
3471 719 3547 788 μὴ
3584 721 3735 787 ἀμεσ

2139 802 2301 856 λείτω
2328 804 2456 872 περὶ
2495 805 2554 856 τὸ
2583 805 2761 876 ἔργον.
2791 806 3065 870 Ἕκαστος
3116 809 3225 880 γὰρ
3255 809 3349 863 τοῦ
3387 811 3518 864 ἰδίου
3552 811 3727 881 ἔργου

2142 898 2235 950 τὸν
2272 897 2467 966 μισθὸν
2500 897 2755 966 λήψεται.
2793 899 2923 962 Καὶ,
2958 919 2977 951 ι
3018 899 3730 973 Ἐπικατάρατος,’γέγρα-

2147 1009 2298 1055 πται,
2331 994 2359 1045 ὁ
2407 993 2576 1045 ποιῶν
2593 993 2662 1046 ’τὺ
2710 993 2870 1064 ἔργον
2925 994 3017 1046 τοῦ
3049 995 3187 1048 Θεοῦ
3225 996 3465 1065 ἀμελῶς.
3521 1016 3539 1048 ι
3570 999 3640 1052 Τί
3671 999 3733 1052 δὲ

2150 1088 2336 1155 μεῖζον
2371 1087 2564 1140 τούτου
2595 1087 2753 1156 ἔργον
2786 1087 2914 1141 ἄλλο
2940 1088 3073 1140 Θεοῦ
3099 1104 3116 1157 ;
3150 1089 3214 1142 Ἢ
3246 1091 3412 1159 ἀργία
3438 1091 3533 1144 τοῦ
3560 1092 3730 1159 ἔργου
3768 1125 3773 1129 ~

2141 1178 2338 1232 τούτου
2378 1179 2688 1249 ἐπιϐλαϐής
2722 1180 2892 1243 ἐστιν,
2940 1181 3017 1244 ώς
3071 1182 3403 1250 εἰρήκαμεν.
3440 1181 3502 1235 Εἰ
3567 1185 3734 1252 μόνον

2145 1273 2291 1326 κατὰ
2328 1274 2456 1336 τοὺς
2497 1272 2755 1343 Πατέρας
2809 1273 2910 1344 τὴν
2973 1275 3132 1344 χάριν
3185 1275 3379 1329 ἔλαϐεν
3414 1276 3732 1346 ἄνθρωπος,

2145 1366 2242 1418 καὶ
2274 1365 2374 1418 οὐκ
2414 1365 2657 1435 ἐνέχεται
2694 1367 2808 1429 τοῖς
2832 1367 3106 1428 ἐναντίοις
3154 1369 3251 1437 τῆς
3279 1368 3530 1438 χάριτος,
3565 1371 3734 1422 εὐλα-

2147 1458 2347 1511 ϐείσθω
2381 1457 2457 1528 μὴ
2489 1458 2752 1528 ἐνεργῶν.
2781 1457 2917 1512 Θεδν
2941 1459 3213 1527 φοϐείσθω
3235 1476 3250 1491 ⁸
3283 1461 3634 1532 ἀπαιτηθήσε
3647 1479 3735 1514 ται

2146 1551 2238 1604 τὸν
2276 1550 2435 1616 λόγον
2466 1548 2560 1603 τοῦ
2615 1549 2821 1619 ἔργου·
2885 1552 3122 1605 παύεται
3159 1551 3267 1622 γάρ
3302 1555 3368 1623 τῇ
3416 1553 3590 1622 ἀργίᾳ
3632 1552 3737 1618 τῆς

2151 1645 2306 1716 ἱερᾶς
2336 1645 2528 1705 Θυσίας
2553 1645 2586 1715 ἡ
2614 1645 2726 1698 τῶν
2769 1643 3073 1710 μελλόντων
3101 1645 3457 1716 ὠφεληθῆναι
3482 1645 3570 1699 διὰ
3595 1647 3734 1698 ταύ-

2081 1767 2118 1822 Β
2153 1756 2253 1808 της
2297 1737 2569 1808 ὠφέλεια’
2607 1737 2641 1805 ἡ
2698 1737 2792 1790 τοῦ
2848 1738 3104 1808 Σωτῆρος
3159 1757 3220 1792 τε
3271 1740 3371 1794 ούκ
3423 1741 3737 1808 ἐνεργεῖται

2151 1829 2490 1899 ἀνάμνησις,
2554 1829 2677 1883 οὐδὲ
2729 1829 2797 1882 τὰ
2842 1830 2937 1882 τοῦ
2996 1831 3142 1883 θείου
3201 1830 3411 1894 πάθους
3449 1831 3734 1900 ἐγκαίνια.

2161 1922 2426 1993 ’Δργείτω
2448 1923 2555 1984 πᾶς
2576 1921 2916 1990 ἐνεχόμενος,
2939 1919 3017 1984 οἷς
3038 1923 3229 1990 ἀργεῖν
3240 1923 3363 1985 τοὺς
3378 1922 3737 1991 ἐνεχομένους

2147 2017 2604 2087 παραδεδώκασιν
2621 2017 2668 2068 οἱ
2693 2015 2953 2084 ἷῐατέρες.
2973 2017 3032 2069 Ὀ
3070 2015 3145 2088 μὴ
3164 2017 3303 2071 κατὰ
3323 2015 3739 2085 τοὺςὲῐῐατέρας

2149 2111 2391 2180 ἐνεργῶν
2419 2110 2546 2163 καθ’
2566 2108 2764 2164 ἑαυτοῦ
2789 2111 3023 2179 ἐνεργεῖ,
3043 2110 3138 2164 καὶ
3167 2109 3477 2178 ἐνοχόςέστι
3504 2107 3616 2160 τῶν
3641 2106 3736 2160 τοῦ

2147 2201 2386 2271 Χριστοῦ
2416 2203 2753 2270 μυστηρίων.
2786 2202 2848 2254 El
2867 2202 2975 2269 γὰρ
3001 2203 3027 2254 ὁ
3046 2202 3288 2269 μετέχων
3305 2199 3540 2262 ἀναξίως
3558 2199 3739 2269 ἐνέχε-

2148 2311 2260 2356 ται,
2279 2296 2305 2347 ὁ
2321 2293 2414 2346 καὶ
2431 2293 2670 2364 ἐνεργῶν
2685 2293 2834 2361 πόσῳ
2851 2292 3051 2360 μᾶλλον
3074 2309 3088 2357 ;
3114 2291 3303 2355 Οὐδεὶς
3329 2293 3427 2359 μὲν
3444 2286 3538 2344 οῦν
3556 2290 3737 2354 ἄξιος.

2151 2387 2223 2448 ὡς
2258 2385 2536 2453 ἐμάθομεν
2569 2383 2859 2454 ἄνθρωπος
2897 2384 3036 2450 πρὸς
3077 2384 3137 2437 τὸ
3166 2383 3350 2452 ἔργον,
3384 2383 3468 2436 ὅτι
3499 2383 3595 2434 καὶ
3617 2385 3736 2438 τοῖς
3756 2432 3800 2442 __

2149 2482 2408 2550 ἀγγέλοις
2441 2479 2672 2550 φοϐερόν
2695 2496 2708 2510 ·
2745 2479 2868 2531 ἐπεὶ
2896 2479 2952 2532 δὲ
2979 2476 3188 2548 βροτοῖς
3219 2477 3378 2530 τοῦτο
3415 2475 3735 2547 συγκατέση

2149 2577 2277 2637 δοὺς
2307 2575 2335 2626 ό
2369 2573 2527 2636 Θεὸς,
2562 2571 2637 2634 ὡς
2663 2571 2904 2640 ἐγχωρεῖ
2936 2574 3030 2626 καὶ
3075 2572 3367 2635 ἐνδέδοται,
3398 2569 3582 2634 βροτοὶ
3610 2568 3737 2639 βια-

2155 2668 2400 2736 σώμεθα,
2429 2666 2524 2720 καὶ
2551 2670 2605 2722 oi
2641 2668 2722 2731 ώς
2753 2664 3017 2736 ἐνεχώρει
3050 2664 3349 2732 ⁴ὴξιωμένοι
3374 2663 3475 2730 τῆς
3505 2661 3737 2730 χάριτος

2153 2760 2460 2830 προθύμως
2482 2761 2687 2831 ταύτην
2720 2758 3144 2828 ἐνεργείτωσαν,
3164 2757 3263 2827 τὴν
3296 2756 3425 2825 ὅλην
3452 2755 3740 2808 πολιτείαν

2157 2855 2559 2926 ἐκμιμούμενοι
2593 2853 2670 2917 ὡς
2709 2851 2934 2906 δυνατὸν
2971 2849 3066 2903 τοῦ
3127 2850 3426 2913 Δεσπότου,
3485 2849 3574 2902 ἵνα
3637 2847 3742 2899 καὶ

2153 2949 2366 3018 ἐνεργοὶ
2403 2947 2495 3001 ἀεὶ
2533 2946 2628 3001 καὶ
2661 2947 2915 3000 κοινωνοὶ
2941 2944 3135 2998 τούτου
3157 2936 3291 2998 ὦσιν
3317 2945 3366 2996 οἱ
3402 2942 3614 2995 ἐκείνου
3646 2941 3744 2992 τὸν

1270 3025 1327 3064 se
1373 3028 1498 3082 erga
1555 3015 1658 3071 hoc
1690 3034 1848 3088 opus,
1903 3020 2048 3090 quod

2151 3015 2320 3093 τύπον
2335 3039 2615 3110 φέροντες,
2634 3037 2731 3091 καὶ
2748 3037 3092 3105 καθεκάστην
3107 3036 3155 3089 εί
3167 3035 3390 3088 δυνατὸν
3405 3034 3504 3098 τὴν
3523 3033 3740 3085 ἐκείνου

470 3085 635 3141 etiam
673 3091 875 3163 angelis
923 3099 1286 3155 tremendum.
1321 3102 1454 3158 Cum
1502 3117 1682 3162 autem
1725 3085 2044 3169 hominibus
2077 3102 2118 3158 (ἶ

2156 3131 2347 3198 μνείαν
2365 3131 2708 3183 ποιείτωσαν.
2728 3128 2962 3192 Ἕνωσις
2978 3127 3088 3196 γὰρ
3106 3126 3258 3180 ἔσται
3275 3125 3408 3180 Θεοῦ
3433 3125 3746 3193 μετάύτῶν

2152 3223 2247 3275 καὶ
2279 3222 2528 3289 ἀγγέλων
2559 3222 2698 3290 μετά
2726 3219 2858 3272 Θεοῦ
2873 3221 2967 3272 καὶ
2996 3219 3194 3282 αὐτῶν,
3232 3219 3523 3286 καὶψυχῶν
3543 3216 3739 3284 ιερῶν,

2153 3314 2243 3365 καὶ
2261 3311 2448 3380 ψυχῶν
2474 3310 2681 3364 πιστῶν
2699 3311 2949 3371 ἀπασῶν,
2989 3309 3084 3362 καὶ
3111 3308 3220 3361 τῶν
3250 3305 3468 3372 ζώντων
3496 3305 3554 3357 δέ
3587 3305 3750 3356 εὗσεν»

2155 3404 2284 3465 ὁῶς,
2330 3404 2440 3457 εἴτε
2470 3402 2884 3472 κατορθούντων
2912 3401 3164 3470 προκοπή
3191 3417 3250 3453 τε
3281 3399 3376 3451 καὶ
3404 3387 3504 3467 σἰη
3516 3397 3741 3466 ριγμός.

2157 3496 2280 3549 Ehe
2316 3497 2643 3559 πταιόντων,
2683 3497 2732 3549 ει
2763 3497 3109 3566 μεταγνοῖεν,
3149 3491 3380 3561 ίλασμδς
3403 3491 3498 3544 καὶ⁸
3520 3489 3736 3555 καθάρο

2155 3604 2287 3640 σιον·
2340 3589 2434 3641 καὶ
2458 3587 2538 3641 ἔτι
2571 3591 2640 3658 τῇ
2673 3587 2854 3640 κτίσει
2884 3587 3033 3656 πάσῃ
3068 3586 3132 3638 ἐκ
3160 3583 3351 3638 τούτου
3388 3581 3542 3634 ἔσται
3573 3576 3744 3649 37⁷

2168 3680 2473 3748 ἀγιασμός’
2523 3679 2617 3732 καὶ
2649 3680 2706 3732 ἐν
2734 3673 2814 3739 οἷς
2844 3677 2900 3730 δὲ
2932 3665 3208 3748 χρῄζομεν
3240 3673 3532 3743 αἰσθητῶς,
3576 3670 3742 3740 μεγί-

2157 3792 2256 3842 στη
2288 3772 2514 3841 βοήθεια
2534 3785 2550 3802 ο
2581 3769 2678 3824 καὶ
2715 3771 2744 3822 ὁ
2775 3768 2915 3839 ὑπὲρ
2937 3768 3131 3821 τούτου
3159 3766 3350 3835 μισθὸς
3379 3764 3459 3833 τῷ
3488 3761 3742 3822 εὐλαϐῶς

2158 3861 2533 3933 ίερουργοῦντι
2563 3860 2659 3913 καὶ
2686 3859 2984 3931 προθύμως
3021 3860 3103 3912 ὃτι
3135 3858 3321 3920 πολύς.
3355 3857 3416 3909 Ei
3465 3855 3511 3908 δ’
3537 3853 3599 3906 ού
3645 3852 3746 3904 δυ-

2157 3956 2315 4009 νατδν
2345 3955 2405 4008 τὺ
2439 3953 2562 4007 καθ’
2594 3952 2809 4024 ἡμέραν
2849 3952 3175 4022 ἱερουργεῖν,
3202 3948 3304 4002 κᾶν
3341 3946 3600 4015 τετράκις
3639 3943 3745 4010 τῆς

2157 4047 2454 4116 ἑϐδομάδος
2480 4045 2620 4099 κατά
2645 4044 2738 4098 τὸν
2777 4044 2947 4113 μέγαν
2971 4044 3274 4096 Βασίλειον.
3299 4039 3468 4094 Τοῦτο
3488 4039 3534 4092 δ’
3565 4038 3745 4092 ἐποίει

2157 4134 2336 4204 οὗτος,
2370 4139 2470 4201 τάς
2518 4138 2667 4209 τρεῖς
2695 4135 3150 4204 καταλιμπάνων,
3190 4130 3506 4203 ἱερουργίαν
3544 4129 3745 4198 ἑτέραν

2157 4231 2256 4299 τὴν
2283 4229 2372 4282 διὰ
2402 4227 2496 4281 τοῦ
2528 4227 2696 4296 λόγου
2745 4227 2844 4297 τῆς
2884 4225 3233 4287 διδασκαλίας
3263 4223 3521 4292 ἐνεργῶν.
3563 4221 3638 4273 Τὸ
3683 4219 3744 4272 δὲ

2161 4320 2284 4374 καθ’
2356 4318 2572 4389 ἡμέραν
2629 4317 2935 4386 ἱερουργεῖν
2999 4315 3102 4369 οὐκ
3162 4315 3274 4382 ἐγὼ
3336 4311 3433 4366 ἀπ’
3498 4308 3745 4380 ἐμαυτοῦ

2089 4453 2134 4510 D
2162 4409 2354 4483 θαῤῥῶ
2377 4409 2583 4478 λέγειν,
2613 4409 2728 4463 ἀλλ’
2756 4407 2865 4461 ἀπὸ
2892 4405 2986 4460 τοῦ
3011 4406 3270 4510 Σωτῆρος
3283 4402 3492 4473 μαθὼν,
3527 4421 3546 4453 ι
3571 4400 3747 4510 Τιοῦῖο

2161 4507 2392 4569 ποιεῖτε,
2426 4503 2698 4571 λέγοντος,
2726 4502 2806 4563 είς
2855 4500 2954 4571 τὴν
2993 4497 3132 4568 ἐμὴν
3173 4496 3504 4565 ἀνάμνησιν.
3545 4494 3742 4558 adiat,

2169 4619 2188 4653 ι
2231 4597 2374 4665 Ἐγὼ
2407 4594 2506 4660 ζῶ,
2536 4596 2632 4649 καὶ
2655 4595 2683 4646 ὁ
2706 4593 2936 4663 τρώγων
2974 4609 3038 4661 με
3065 4589 3288 4660 ζήσεται
3321 4587 3388 4640 δι’
3419 4587 3538 4656 ἐμέ.
3582 4603 3602 4637 ι
3633 4584 3747 4639 Καὶ

2163 4693 2212 4745 οἱ
2259 4689 2551 4744 ἀπόστολοι
2598 4687 2656 4742 δὲ
2685 4685 2828 4740 οὕτω
2863 4683 3146 4745 ποιοῦντες
3177 4681 3504 4743 ἐδείκνυντο,
3551 4677 3751 4747 σχολὰ-

2165 4778 2349 4841 ζοντες
2395 4778 2463 4846 τῇ
2516 4775 2792 4845 προσευχῇ
2843 4775 2936 4826 xei.
2971 4775 3036 4843 τῇ
3075 4770 3264 4826 κλάσει
3308 4766 3402 4823 τοῦ
3448 4767 3637 4838 ἄρτου,
3666 4766 3746 4829 ὡς

2165 4868 2477 4937 γέγραπται
2497 4882 2513 4899 ο
2541 4868 2607 4936 τῇ
2636 4865 2921 4936 ἱερουργίᾳ
2949 4865 3060 4917 τῶν
3083 4861 3399 4933 μυστηρίων
3421 4857 3624 4929 δηλαδὴ
3647 4857 3744 4908 καὶ

2162 4961 2228 5030 τῇ
2263 4958 2540 5028 κοινωνίᾳ.

478 5049 694 5117 agebat,
757 5059 865 5103 tros
916 5048 1032 5104 dies
1065 5051 1199 5106 alios
1239 5054 1704 5122 praetermittens;
1738 5053 2011 5107 alternum
2043 5054 2117 5108 ita
2155 5053 2486 5109 sacriﬁcium
2520 5050 2798 5116 oﬂ’erebati
2821 5049 2974 5118 juxta
3005 5043 3382 5116 praescriptum
3417 5038 3740 5110 magisterii.

481 5141 734 5206 Quotidie
767 5143 1104 5198 otlercndum
1137 5160 1257 5199 esse
1311 5161 1419 5201 non
1459 5162 1490 5201 a
1547 5161 1634 5202 me
1697 5145 1817 5216 ipso
1879 5147 2096 5203 conﬁdo
2151 5149 2366 5208 docere,
2400 5148 2494 5202 sed
2554 5148 2670 5216 ipse
2693 5159 2724 5198 a
2760 5143 3039 5197 Salvatore
3063 5142 3308 5200 edoctus,
3332 5137 3489 5206 cujus
3519 5137 3621 5189 hoc
3659 5141 3746 5188 est

483 5241 706 5296 verbum
744 5258 756 5294 :

831 5259 848 5292 ι
894 5240 1008 5297 lloc
1052 5239 1211 5297 facite
1275 5240 1330 5294 in
1389 5257 1561 5295 meam
1605 5243 2205 5298 commemorationem.
2237 5262 2255 5294 ι
2283 5242 2347 5296 Et
2380 5241 2556 5296 istud:
2593 5259 2611 5292 ι
2638 5240 2748 5310 Ego
2779 5239 2900 5292 vivo
2932 5245 2986 5290 et
3014 5236 3106 5304 qui
3151 5233 3442 5290 manducet
3489 5246 3576 5286 me
3624 5230 3746 5300 ipse

483 5338 630 5390 vivet
660 5344 882 5406 propter
911 5336 1082 5390 me".
1112 5357 1130 5386 ι
1156 5333 1221 5388 Ει
1268 5334 1498 5403 apostoli
1548 5334 1626 5389 sic
1684 5334 1878 5389 iecisse
1934 5337 2282 5391 declarantur
2317 5336 2560 5390 :eteuim
2612 5332 2846 5388 orationi
2891 5339 2945 5385 et
2980 5328 3228 5383 fractioni
3277 5327 3433 5398 panis
3473 5326 3744 5384 instantes

483 5436 640 5480 erant
669 5434 730 5480 ut
757 5427 1017 5496 scriptum
1040 5435 1144 5492 est,
1164 5426 1431 5481 sacriﬁcio
1453 5426 1666 5480 scilicet
1689 5435 1744 5479 et
1767 5425 2165 5481 communioni.

559 5517 636 5574 De
671 5519 774 5574 hoc
837 5520 1191 5587 plurimorum
1245 5521 1512 5575 habemus
1557 5520 1778 5574 Patrum
1829 5519 1971 5575 dicta
2011 5525 2065 5573 et

486 5612 682 5681 facta;
743 5613 1038 5670 beatissimi
1082 5613 1316 5684 primum
1387 5612 1635 5683 Gregorii
1694 5611 1922 5665 Romani
1965 5612 2058 5680 qui

574 5793 620 5827 ¹³
646 5791 850 5851 .lerem.
882 5812 1066 5862 uvm,
1101 5797 1188 5851 10.
1293 5796 1335 5829 ²⁰
1374 5795 1534 5852 Joan.
1577 5810 1652 5863 vt,
1688 5795 1775 5850 58.

2156 5567 2167 5579 .
2259 5519 2424 5575 Ἀλλὰ
2461 5519 2554 5571 καὶ
2595 5517 2806 5581 πολλοῖς
2836 5517 2946 5570 τῶν
2976 5514 3230 5585 Πατέρων
3261 5513 3390 5583 περὶ
3421 5511 3612 5568 τούτου
3653 5513 3740 5566 λέ·

2165 5613 2354 5667 λεκταί
2388 5630 2444 5666 τε
2473 5611 2567 5666 καὶ
2598 5611 2938 5682 πέπρακται,
2970 5609 3048 5680 τῷ
3075 5625 3134 5662 τε
3166 5607 3420 5678 μακαρίῳ
3453 5606 3743 5678 Γρηγορῐῳ
