4078 6288
376 268 482 337 973

376 388 455 457 τῷ
479 388 698 462 Ῥώμης
731 396 857 465 περὶ
886 397 1079 452 τούτου

378 495 493 547 γον,
520 483 614 535 καὶ
644 486 702 537 ἐν
728 488 847 551 ταῖς
890 492 1166 559 νηστείαις
1208 497 1267 548 ἐν
1316 500 1379 567 τῇ
1426 501 1523 570 τῆς
1556 502 1779 575 Ῥώμης
1833 483 1955 559 Ἐκ-

378 571 611 643 κλησίᾳξ
641 575 719 640 ὡς
772 578 1011 647 λέγεται,
1043 586 1255 641 τελείαν
1301 590 1615 662 ἱερουργίαν
1661 571 1957 667 νομοθετή-

380 682 555 730 σαντι,
592 672 685 723 καὶ
720 675 847 743 περί
868 692 1015 740 τινος
1051 681 1356 738 ἐπισκόπου
1394 687 1553 741 τοῦτο
1587 692 1866 755 ποιοῦντος
1900 691 1959 743 τὸ

380 758 503 810 καθ’
529 762 743 832 ἡμέραν
789 758 1095 841 ἱερουργεῖν
1126 775 1462 841 ὲκδιδάξαντι
1486 795 1501 809 ⁸
1534 781 1593 835 ὃν
1633 778 1696 851 δὴ
1732 782 1956 837 ἐπίσκο-

379 867 482 947 πον
509 854 559 907 οῖ
599 860 885 927 κορυφαῖοι
916 866 1058 919 κατὰ
1092 869 1191 938 τὴν
1224 872 1404 926 αὐτῶν
1440 876 1662 947 μνήμην
1693 880 1958 946 προσελά-

378 938 559 1037 ϐοντοἒ
607 949 764 1017 φησὶ,
823 954 961 1021 μετὰ
1008 950 1107 1026 τὴν
1148 959 1302 1015 Θείαν
1342 938 1680 1037 ἱερουργίαν,
1729 938 1807 1032 ῶς
1860 972 1955 1025 καὶ

378 1033 511 1136 καθ’.
535 1029 756 1136 ὕπνους.
776 1044 930 1116 αὐτῷ
961 1029 1422 1121 προηγόρευσανλ
1466 1029 1562 1111 καί.
1603 1029 1955 1136 Ἀπολλωνίῳ

377 1123 457 1223 τῷ
489 1128 640 1223 δσίῳ,
695 1126 758 1187 οὗ
810 1137 906 1192 καὶ
964 1136 1015 1193 οἱ
1083 1145 1325 1214 μαθηταὶ
1381 1149 1505 1203 καθ’
1550 1152 1809 1223 ἑκάστην,
1860 1123 1957 1211 καλ

379 1216 700 1308 ίερούργουν
749 1226 843 1279 καὶ
896 1231 1145 1300 μετεῖχον
1194 1235 1310 1286 τῶν
1366 1238 1705 1308 μυστηρίων.
1743 1216 1868 1294 ⁷Καὶ
1925 1245 1954 1296 ὁ

378 1306 522 1400 ἱερὸς
556 1311 613 1364 δὲ
644 1314 1031 1389 Χρυσόστομος
1065 1322 1122 1374 ὲν
1149 1323 1327 1394 τούτῳ
1360 1330 1426 1381 τὰ
1450 1306 1721 1399 τῆςίθείας
1750 1350 1955 1400 μυστα-

376 1398 586 1490 γωγίας
609 1407 985 1477 συνεγράψατο
1008 1411 1105 1465 σὺν
1124 1411 1201 1482 τῷ
1228 1415 1403 1485 Πατρὶ
1427 1414 1716 1490 Βασιλείῳ,
1738 1398 1956 1475 ἐπαινεῖ

374 1507 434 1542 τε
465 1487 589 1545 καθ’
618 1496 831 1567 ἡμέραν
860 1502 986 1565 τοὺς
1013 1505 1111 1573 τῆς
1146 1510 1434 1571 κοινωνίας
1471 1511 1819 1580 μετέχοντας,
1851 1514 1952 1582 μό-

375 1597 466 1675 νον
496 1584 738 1675 εύλαϐῶς
773 1591 869 1645 καὶ
895 1586 1080 1661 ἀξίως,
1115 1599 1207 1650 καὶ
1255 1600 1337 1675 ἐν.
1360 1603 1483 1665 ταῖς
1530 1603 1844 1669 καθολικαῖς
1896 1607 1951 1660 δὲ

390 1668 740 1745 Ἐκκλησίαις
802 1684 898 1737 καὶ
968 1683 1247 1759 πανταχοῢ
1306 1671 1422 1756 τοῖς
1481 1695 1951 1768 προθυμουμένοις

377 1766 503 1819 καθ’
564 1768 803 1842 ἑκάστην
860 1776 1198 1849 ἐνεργεῖσθαι
1268 1787 1337 1839 τὰ
1390 1789 1492 1856 τῆς
1559 1766 1951 1858 μυσταγωγίας

378 1862 760 1926 παραδέδοται.
796 1868 912 1922 Ἵνα
960 1866 1017 1925 δὲ
1051 1875 1126 1944 μή
1163 1893 1272 1929 τισι
1315 1879 1379 1931 τὸ
1430 1881 1596 1951 ῥηθὲν
1644 1881 1750 1945 ἔξω
1787 1883 1948 1950 λόγου

375 1952 528 2025 δόξῃ,
567 1956 647 2028 τῷ
693 1961 788 2013 καὶ
843 1968 1146 2033 κοσμικοὺς
1208 1972 1306 2039 μὲν
1365 1970 1686 2026 ὑποκεῖσθαι
1736 1976 1830 2027 καὶ
1884 1978 1951 2047 τῇ

376 2048 604 2122 τοιαύτῃ
633 2051 883 2125 διακονίᾳ
912 2058 1128 2124 γυναιξὶ
1168 2061 1468 2130 συζῶντας,
1502 2067 1596 2119 καὶ
1627 2071 1741 2131 τοῖς
1782 2087 1954 2138 μονα-

376 2142 492 2210 χοῖς
559 2142 616 2196 δὲ
676 2145 939 2212 πολλάκις
998 2150 1099 2222 τὴν
1153 2157 1481 2225 νυκτερινὴν
1531 2159 1955 2232 ὲπισυμϐαίνειν

377 2232 664 2302 ἐπήρειαν,
716 2239 853 2297 ἀλλὰ
901 2246 995 2297 καὶ
1046 2246 1221 2316 θυμοῦ
1280 2251 1375 2303 καὶ
1430 2254 1821 2322 μνησικακίας,
1860 2259 1957 2311 καὶ

380 2325 592 2379 πολλ’ῶν
650 2328 854 2401 ἑτέρων
902 2335 1092 2388 παθῶν
1140 2340 1405 2411 ἐπήρειαν
1435 2343 1776 2411 ἐπιγίνεσθαι
1809 2349 1958 2402 πλεί-

381 2436 526 2484 στοις
560 2422 805 2480 δπιθέσει
839 2422 933 2482 τοῦ
965 2432 1231 2501 πονηροῦ.
1262 2430 1482 2489 Τούτων
1516 2435 1572 2491 δὲ
1607 2440 1827 2496 πάντων
1855 2443 1960 2496 ἁπ-

375 2514 719 2595 ηλλαγμένος
751 2519 958 2587 ὀφείλει
983 2574 986 2577 τ
1010 2516 1150 2578 εἶναι
1204 2526 1233 2577 ὁ
1280 2527 1500 2595 άληθῶς
1535 2529 1739 2600 ἱερεὺς,
1773 2533 1835 2586 τὸ
1860 2534 1956 2588 τοῦ

380 2610 617 2680 μεγάλου
659 2612 964 2680 Βασιλὲίου,
990 2616 1037 2668 εί
1079 2615 1326 2683 δυνατὴν,
1361 2620 1712 2689 ἐνεργείσθω,
1752 2625 1813 2678 τὺ
1860 2626 1958 2695 τῆς

382 2702 679 2773 ἑϐδομάδος
730 2706 991 2776 τετράκις
1045 2708 1372 2780 ἱερουργεῖν,
1422 2712 1499 2776 ὼς
1530 2714 1770 2782 εἴρηται.
1809 2717 1871 2771 El
1913 2719 1957 2772 δ’

380 2792 496 2863 οὖν,
521 2796 624 2852 κᾶν
648 2796 730 2861 δὶς
755 2799 850 2868 τῆς
882 2799 1179 2870 ἑϐδομάδος
1206 2801 1624 2875 ἀπαραιτήτως.
1651 2806 1823 2863 Τοῦτο
1852 2810 1959 2880 γὰρ

382 2890 478 2943 καὶ
508 2892 621 2955 τοῖς
645 2894 704 2946 ὲν
732 2894 921 2964 κόσμῳ
944 2896 1041 2950 καὶ
1075 2899 1336 2970 μοναχοῖς
1370 2899 1594 2956 δυνατόν
1629 2904 1744 2958 ἐστι
1774 2906 1868 2960 καὶ
1896 2909 1956 2959 οὐ

382 2981 538 3052 χώρα
567 2983 777 3049 τούτοις
811 2985 1132 3056 ἀπολογίας.
1166 2991 1234 3059 τῇ
1272 2989 1379 3043 τῶν
1412 2993 1572 3046 πέντε
1606 2995 1831 3073 ἡμερῶν
1865 3015 1960 3062 με·

1709 295 1805 363 ῘἸΕ
1853 304 2332 371 SACEllDOTIO

1115 405 1549 480 προθυμουμένῳ
1584 413 1646 465 τὸ
1680 418 1822 467 θεῖον
1854 415 1944 485 ἔρ-

2057 433 2257 474 snmma
2289 439 2413 478 cura
2450 428 2802 485 celebrationi
2849 433 3015 488 divini
3050 434 3229 504 operis
3304 435 3640 507 invigilabat.

3546 322 3652 390 974

2061 519 2114 562 et
2136 511 2344 580 legibus
2394 518 2714 584 providebat
2760 522 3035 590 qumuodo
3088 524 3142 578 in
3206 525 3362 581 festis
3396 525 3647 583 Ecclesia-

2063 599 2322 655 Romanm
2355 604 2648 663 oﬂerrt-tur
2678 611 3030 675 sacriﬁcium,
3067 623 3122 666 et
3154 616 3447 670 occasione
3470 616 3646 670 alicu-

2054 696 2147 761 jus
2180 695 2431 767 Episcopi
2465 702 2555 769 qui
2587 704 2831 771 quotidie
2865 706 3175 761 celebrabat
3218 707 3541 763 decreverat
3569 709 3642 763 ita

2059 776 2394 853 faciendum;
2417 791 2615 856 deinde
2643 798 2817 853 sancti
2853 797 3147 867 Apollonii,
3192 798 3352 868 cujus
3382 800 3640 869 discipuli

2059 892 2275 932 sacrum
2308 880 2656 940 celebrabant
2682 887 2926 955 quotidie
2960 890 3283 943 sacriﬁcium
3317 899 3370 944 et
3398 906 3644 945 commu-

2059 970 2319 1024 nicabant
2340 976 2548 1029 sanctis
2580 980 2877 1047 mysteriis.
2903 979 3204 1036 Ets'tnctus
3220 979 3643 1052 Chrysostomus

2058 1060 2113 1114 in
2151 1060 2256 1117 hoc
2288 1067 2429 1134 quod
2459 1069 2525 1123 ad
2554 1085 2761 1125 sacram
2791 1074 3178 1144 mystagogiam
3232 1085 3447 1145 spectat
3502 1092 3643 1131 con-

2056 1153 2224 1210 sentit
2285 1157 2428 1212 Pa‘tri
2461 1158 2661 1214 Basilio
2711 1180 2725 1216 :
2789 1163 3085 1235 laudatque
3142 1182 3237 1222 eos
3264 1167 3357 1237 qui
3398 1168 3643 1237 quotidie

2056 1250 2426 1327 communioni
2459 1255 2809 1324 participant,
2862 1258 3023 1312 modo
3056 1259 3140 1326 pie
3184 1260 3455 1330 digneque
3496 1260 3644 1315 acci-

2055 1338 2230 1407 piant,
2254 1350 2307 1393 et
2336 1341 2391 1395 in
2424 1345 2692 1399 ecclesiis
2720 1346 3008 1403 catholicis
3043 1360 3098 1403 et
3146 1351 3348 1419 ubique
3393 1352 3501 1408 illis
3551 1353 3640 1419 qui

2055 1439 2312 1499 satagunt
2332 1436 2575 1501 quotidie
2596 1437 2873 1493 celebrare
2897 1456 3118 1496 munera
3148 1444 3438 1498 traduntur
3462 1444 3649 1499 initia-

2057 1521 2241 1577 tionis.
2279 1523 2353 1579 Ne
2390 1536 2571 1580 autem
2608 1526 2933 1597 quibusdam
2962 1543 3291 1602 praepostere
3322 1533 3527 1587 dietnm
3565 1530 3646 1585 vi-

2053 1612 2433 1681 deatur;nam
2464 1626 2519 1671 et
2555 1618 2607 1672 in
2637 1620 2838 1675 mundo
2863 1622 3051 1677 vivunt
3084 1624 3175 1677 tali
3207 1623 3509 1678 ministerio
3541 1622 3647 1677 ini.

2056 1704 2173 1759 tiati
2203 1706 2511 1763 habitantes
2539 1725 2661 1764 cum
2693 1713 2996 1779 uxoribus;
3046 1723 3103 1768 et
3147 1715 3431 1769 monachis
3480 1715 3642 1769 etiam

2058 1798 2576 1865 persmpc'accidunt
2602 1811 2883 1857 nocturnum
2929 1803 3279 1863 tentationes.
3328 1806 3412 1857 vel
3452 1803 3549 1858 ira
3591 1813 3643 1858 et

2055 1887 2221 1942 animi
2250 1891 2491 1945 rancoris
2509 1903 2603 1946 aut
2640 1884 2878 1962 ptui-ium
2910 1894 3139 1950 aliarum
3168 1895 3481 1964 passionum
3511 1904 3637 1950 ten-

2058 1979 2292 2036 tationes
2314 1982 2549 2037 maxime
2581 1987 3054 2055 praeoccupatione
3089 1986 3355 2042 daamonis
3393 2004 3407 2049 ;
3436 1986 3505 2043 ab
3535 1985 3646 2041 illis

2055 2070 2316 2126 omnibus
2347 2074 2512 2145 longe
2547 2076 2742 2132 abesse
2776 2076 2939 2133 debet
2973 2077 3067 2145 qui
3094 2092 3224 2149 vere
3256 2079 3517 2135 sacerdos
3545 2088 3641 2134 est

2056 2174 2107 2218 ct
2134 2172 2401 2235 quantum
2437 2175 2616 2237 potest
2649 2170 2827 2240 magni
2883 2168 3065 2223 Basilii
3099 2186 3350 2225 normam
3396 2171 3551 2241 sequi
3583 2182 3643 2225 ut

2058 2266 2253 2325 quater
2281 2258 2332 2312 in
2371 2259 2708 2316 hebdomada
2753 2262 3014 2319 celebret.
3077 2262 3172 2317 Sin
3203 2264 3389 2324 aliter.
3452 2265 3644 2317 saltem

2059 2347 2146 2402 bis
2171 2346 2226 2401 in
2252 2348 2592 2405 hebdomada
2626 2351 2721 2406 scd
2750 2362 2900 2407 certo
2934 2369 2949 2417 ;
2990 2354 3093 2407 hoc
3113 2352 3259 2408 enim
3295 2361 3348 2408 et
3383 2353 3451 2408 iis
3475 2353 3566 2421 qui
3594 2353 3645 2406 in

2060 2436 2266 2490 mundo
2293 2446 2425 2490 sunt
2456 2447 2512 2491 et
2543 2439 2836 2495 monachis
2863 2440 3087 2495 omnino
3117 2441 3379 2510 possibile
3409 2450 3513 2501 est,
3548 2455 3648 2495 nec

2060 2525 2165 2582 illis
2199 2543 2324 2582 esse
2377 2538 2561 2599 potest
2611 2531 2986 2585 excusationis
3062 2532 3256 2597 locus;
3294 2544 3646 2602 possuntque

2060 2633 2159 2687 per
2191 2618 2328 2675 alios
2360 2621 2601 2691 quinque
2632 2622 2750 2677 dies
2795 2623 3152 2679 meditatione
3187 2633 3242 2679 et
3278 2632 3484 2680 attenta
3511 2640 3643 2680 cura

2060 2720 2115 2764 et
2146 2710 2497 2767 confessione
2546 2714 2914 2770 innocentiam
2973 2730 3325 2784 recuperare.
3358 2716 3543 2784 Quare
3587 2728 3644 2773 et

2061 2804 2438 2874 prmtlicationi
2478 2806 2584 2862 illis
2622 2816 2708 2862 est
2746 2808 3065 2864 instandum
3104 2818 3232 2863 ante
3282 2811 3487 2876 omnia,
3518 2826 3640 2881 qua:

2061 2911 2174 2966 prae
2204 2897 2324 2953 aliis
2356 2899 2686 2956 innocentiae
2711 2900 2865 2972 origo
2894 2916 3016 2957 esse
3045 2909 3250 2973 patest,
3280 2912 3337 2959 et
3361 2902 3537 2973 magis
3557 2908 3640 2958 est

2064 2990 2445 3046 sacerdotibus
2474 2994 2780 3048 necessaria
2835 2996 2928 3064 qui
2973 2996 3236 3067 perpetim
3269 2996 3539 3053 accedunt
3569 2996 3641 3051 ad

381 3071 513 3146 λέτῃ
540 3073 634 3126 καὶ
662 3079 904 3147 προσοχῇ
933 3078 1026 3130 καὶ
1057 3078 1451 3151 ἐξομολογήσει
1485 3071 1955 3157 προκαθαίρεσθαι

2069 3079 2238 3135 Deum
2264 3082 2358 3150 qui
2392 3083 2576 3137 omnia
2629 3086 2777 3140 videt
2824 3097 2880 3141 et
2912 3088 3248 3157 poenitentia:
3274 3089 3368 3144 dat
3402 3090 3640 3146 veniam.

377 3162 719 3234 δυναμένοις.
756 3170 849 3219 Διδ
880 3167 976 3223 καὶ
1019 3167 1120 3237 τῆς
1152 3169 1562 3242 ὲξαγορεύσεως
1602 3176 1708 3246 πρὸ
1749 3179 1953 3243 παντδς

377 3258 561 3320 αὐτοῖς
619 3257 912 3312 ἀνθεκτέον
937 3274 953 3291 ·
1011 3259 1093 3314 ὅτι
1145 3261 1241 3315 καὶ
1294 3263 1430 3333 αὕτη
1467 3264 1575 3336 πρὸ
1621 3266 1731 3320 τῶν
1776 3268 1953 3325 ἄλλων

378 3348 666 3421 καθαίρειν
695 3351 945 3415 δύναται,
976 3355 1072 3408 καὶ
1099 3357 1211 3418 τοῖς
1260 3357 1500 3427 ἱερεῦσιν
1551 3359 1955 3433 ἀναγκαιοτέρα

376 3442 431 3495 δὲ
464 3442 665 3508 μᾶλλον
696 3442 838 3514 αὕτη
879 3446 992 3508 τοῖς
1022 3446 1290 3516 διηνεκῶς
1328 3448 1607 3518 ἐγγίζουσι
1656 3454 1737 3524 τῷ
1777 3456 1954 3510 πάντα

377 3535 541 3587 εἰδότι
578 3534 717 3605 Θεῷ,
748 3538 839 3590 καὶ
870 3539 937 3607 τῇ
973 3539 1236 3610 μετανοίᾳ
1273 3539 1373 3612 τὴν
1425 3542 1622 3612 ἄφεσιν
1671 3546 1951 3602 δεδωκότι.

379 3624 442 3679 El
490 3626 546 3679 δέ
580 3643 641 3694 γε
679 3627 887 3690 πάθους
916 3628 1063 3691 τινὸς
1103 3631 1432 3700 ἐπικράτεια
1473 3634 1671 3701 μᾶλλον
1700 3640 1842 3693 κατά
1873 3658 1955 3695 τι-

379 3732 469 3778 νος
494 3716 733 3783 γένοιτο⁹
774 3718 935 3773 τοῦτο
963 3720 1019 3774 δὲ
1053 3722 1165 3784 τοῖς
1214 3727 1641 3794 μνησικακοῦσι’
1663 3730 1952 3798 συμϐαίνει

380 3806 543 3862 πλέον
571 3809 665 3863 καὶ
702 3813 815 3875 τοῖς
852 3812 1123 3885 βασκανία
1150 3817 1245 3887 καὶ
1271 3817 1450 3888 φθόνῳ
1478 3835 1911 3893 κεκρατημένοις
1935 3841 1951 3858 ο

376 3898 438 3949 οὔ
468 3898 585 3951 δέον
620 3901 718 3967 μὲν
754 3902 846 3954 τὸν
869 3902 948 3971 τῷ
982 3902 1147 3957 πάθει
1179 3906 1378 3960 ἁλόντα
1402 3908 1481 3978 τῷ
1508 3911 1699 3982 ἀγαθῷ
1730 3914 1826 3967 καὶ
1855 3916 1954 3985 τῆς

376 3987 602 4055 εἰρήνης
637 3989 862 4058 χορηγῷ
909 3995 1297 4060 προσεγγίσαι,
1328 3998 1560 4066 ὄργανον
1606 4006 1952 4060 καταστάντα

377 4074 455 4144 τῷ
480 4075 722 4145 πονηρῷ,
750 4078 826 4142 ὡς
868 4080 925 4131 ἐν
954 4080 1105 4150 αὐτῷ
1144 4083 1232 4136 διὰ
1264 4084 1359 4137 τοῦ
1391 4087 1599 4153 πάθους
1632 4094 1915 4163 οἰκήσαντι
1935 4113 1948 4126 ⁸

376 4166 693 4231 γινωσκέτω
728 4169 785 4223 δὲ
812 4168 988 4238 οὗτος,
1017 4172 1094 4236 ὼς
1139 4173 1232 4226 τὸν
1271 4177 1365 4229 τοῦ
1409 4180 1617 4244 πάθους
1658 4182 1818 4252 λόγον
1859 4189 1955 4241 καὶ

376 4264 474 4333 τῆς
504 4262 702 4335 ἀργίας
741 4266 1203 4338 άπαιτηθήσεται,
1237 4269 1575 4344 αὖτεξουσίῳ
1603 4276 1797 4350 γνώμῃ
1828 4279 1951 4331 ἑαυ-

376 4356 468 4408 τδν
497 4356 683 4419 ἐκδοὺς
723 4360 850 4421 ταῖς
892 4357 988 4412 τοῦ
1017 4361 1256 4431 πονηροῦ
1291 4355 1642 4433 συμϐουλαῖς.
1678 4367 1814 4420 Οὐδὲ
1843 4371 1951 4440 γὰρ

378 4447 534 4517 ίσκῖθς
574 4448 653 4515 τῷ
684 4449 866 4520 ἐχθρῷ
898 4452 1005 4521 ὅπη
1061 4422 1323 4524 βούλητὺν
1355 4422 1507 4525 αὐτῷ
1533 4422 1683 4527 ἡμᾶς
1716 4422 1952 4531 καταλιοέζ
1985 4422 2030 4481 D

377 4555 513 4606 ρειν’
592 4540 676 4592 ὃτι
707 4540 917 4594 δέδοται
938 4543 1073 4613 ἡμῖν
1098 4545 1316 4611 ἐξουσία
1338 4549 1532 4601 πατεῖν
1561 4550 1749 4605 ἐπάνω
1775 4551 1953 4619 ὄφεων

376 4630 471 4682 καὶ
506 4633 806 4701 σκορπίων,
837 4634 949 4688 τῶν
982 4637 1289 4692 ἐπιϐούλων
1329 4642 1426 4694 καὶ
1466 4642 1802 4713 νεκροποιῶν
1839 4647 1953 4701 δαι-

377 4720 576 4788 μόνων,
609 4723 703 4775 καὶ
732 4727 824 4776 ἐπὶ
857 4728 1040 4780 πᾶσαν
1071 4729 1237 4782 αὑτοῦ
1270 4730 1365 4784 τοῦ
1398 4734 1635 4804 πονηροῦ
1666 4735 1763 4807 τὴν
1797 4737 1955 4792 δύνα-

378 4829 491 4879 μιν.
527 4814 706 4867 Μόνον
748 4816 857 4885 γὰρ
907 4818 1270 4886 προσϐάλλειν
1303 4822 1489 4893 χώραν
1524 4826 1770 4895 εὑρίσκει
1797 4830 1825 4882 ὁ
1857 4833 1954 4900 τῆς

376 4905 577 4964 κακίας
605 4905 859 4977 εὖρέτης.
895 4909 986 4972 Εἰς
1015 4910 1246 4983 δοκιμὴν
1273 4915 1330 4968 δὲ
1361 4916 1654 4983 καὶτοῦτο,
1680 4919 1756 4984 ὡς
1785 4921 1954 4988 ἔγνω-

378 5011 502 5062 μεν,
529 4995 638 5047 τῶν
669 4999 878 5051 πιστῶν
904 5017 963 5052 τε
999 5003 1092 5055 καὶ
1124 5005 1397 5059 ἐκλεκτῶν
1423 5021 1436 5034 ·
1470 5008 1531 5061 οὐ
1569 5009 1677 5081 μὴν
1706 5012 1829 5079 βίαν
1858 5017 1955 5066 ὲπ-

377 5084 532 5152 άγειν
569 5088 705 5151 ὅλως
736 5090 832 5143 καὶ
861 5096 1163 5162 τυραννεῖν.
1196 5094 1323 5149 ’Ότι
1353 5098 1476 5152 οὐδὲ
1511 5103 1657 5155 κατὰ
1687 5104 1797 5156 τῶν
1824 5106 1951 5159 ἁλόο

379 5195 495 5244 γων
525 5181 719 5249 ἰσχύει,
750 5183 951 5252 κτίσμα
981 5186 1287 5257 τυγχάνων
1314 5188 1475 5242 Θεοῦ.
1520 5191 1597 5261 Τῇ
1628 5195 1951 5265 προαιρέσει

375 5273 554 5323 τοίνυν
579 5275 611 5342 ἡ
623 5274 741 5342 μῶν
771 5276 866 5328 καὶ
895 5276 1114 5347 θελήσει
1147 5283 1404 5350 κειμένου
1443 5283 1540 5336 τοῦ
1573 5287 1732 5356 νικᾷν
1764 5287 1950 5351 αὐτὸν.

375 5363 466 5415 καὶ
506 5363 603 5433 τὴν
638 5365 841 5435 ἀρετὴν
870 5369 1198 5440 κατορθοῦν,
1235 5373 1756 5445 κατακριθησόμεθα
1789 5379 1953 5431 νικώ-

378 5470 530 5517 μενοι
565 5456 694 5526 παρ’
729 5458 921 5521 αὐτοῦ,
952 5462 1040 5513 καὶ
1070 5461 1158 5514 διὰ
1190 5464 1365 5527 πάθος
1391 5482 1441 5518 τι
1470 5466 1779 5535 βδελυκτδν,
1805 5472 1954 5541 τηλι-

376 5545 585 5610 καύτης
626 5550 982 5619 στερούμενοι
1038 5553 1438 5624 ύπερουρανίου
1470 5557 1700 5629 δωρεᾶς,
1741 5563 1842 5630 τῆς
1892 5581 1953 5617 τε

379 5641 694 5708 ἱερουργίας
723 5643 890 5712 φημὶ,
916 5647 1010 5699 καὶ
1051 5645 1145 5698 τοῦ
1194 5647 1258 5700 ὲκ
1289 5648 1492 5720 ταύτης
1525 5651 1822 5723 άγιασμοῦ.
1856 5657 1956 5712 Διά

379 5729 537 5782 τοῦ.·ο
564 5737 656 5785 mi.
679 5734 979 5806 καθαρτέον
1002 5739 1175 5810 ὁπόση
1197 5740 1445 5811 δύναμις,
1468 5744 1561 5797 καὶ
1586 5724 1953 5805 σπουδαστέον

2058 3169 2112 3224 Si
2160 3170 2331 3239 igitur
2376 3172 2609 3243 alicujus
2670 3177 2749 3230 vis
2797 3178 3076 3246 passionis
3116 3188 3305 3235 contra
3345 3181 3642 3250 quemdam

2055 3252 2274 3327 saeviat;
2304 3263 2406 3318 hoc
2448 3273 2628 3318 autem
2671 3266 2841 3336 magis
2893 3267 3095 3323 accidit
3141 3270 3342 3323 amaris
3400 3271 3485 3325 vel
3537 3285 3643 3325 sa:-

2059 3351 2331 3408 vientibus
2361 3355 2488 3409 odio
2519 3356 2601 3409 vel
2631 3355 2833 3412 invidia
2858 3359 3199 3429 consumptis
3227 3374 3244 3426 ;
3280 3375 3388 3415 non
3417 3360 3638 3431 quidem

2055 3455 2270 3515 oportet
2289 3447 2548 3503 accedere
2574 3450 2641 3503 ad
2664 3464 2787 3503 eum
2809 3451 2900 3520 qui
2929 3452 3104 3506 bonus
3124 3463 3209 3508 est
3235 3460 3288 3507 et
3312 3453 3418 3508 dux
3451 3453 3641 3524 pacili-

2056 3551 2190 3600 cus;
2247 3553 2371 3593 eum
2414 3540 2507 3609 qui
2564 3541 2820 3608 passione
2865 3551 3170 3598 excmcatur
3221 3557 3344 3599 cum
3397 3544 3516 3623 ipse
3562 3546 3636 3601 sit

2057 3627 2234 3684 factus
2251 3629 2374 3684 mali
2405 3646 2668 3699 organum
2682 3622 2789 3701 'qui
2820 3632 2871 3685 in
2899 3649 2964 3688 eo
2992 3634 3176 3690 sedem
3204 3651 3302 3705 per
3326 3622 3633 3705 passionem

2055 3720 2241 3775 habet.
2265 3721 2568 3791 Coguoscat
2599 3731 2778 3777 autem
2803 3723 2891 3778 ille
2917 3726 3046 3795 quia
3076 3727 3349 3796 passionis
3377 3738 3431 3783 et
3456 3731 3629 3799 negli-

2054 3815 2247 3884 gentia)
2273 3814 2540 3868 rationem
2576 3814 2764 3869 reddet
2787 3854 2801 3879 ,
2843 3831 2903 3870 se
2928 3818 3238 3873 voluntarie
3286 3820 3639 3889 scienterque

2054 3907 2296 3961 subdens
2322 3907 2448 3961 mali
2483 3907 2948 3977 suggestionibus.
2976 3909 3092 3964 Non
3118 3919 3202 3966 cst
3231 3914 3378 3965 enim
3414 3913 3639 3967 inimico

2056 4007 2297 4068 potestas
2326 4015 2423 4055 nos
2454 4015 2801 4070 quocumque
2846 4001 3082 4057 voluerit
3127 4002 3407 4073 impellere
3435 4021 3451 4070 ;
3477 4006 3637 4059 nobis

2054 4091 2307 4160 equidem
2341 4091 2463 4146 data
2497 4101 2582 4147 est
2611 4092 2838 4147 libertas
2868 4093 3114 4149 calcandi
3147 4105 3460 4164 serpentes,
3488 4101 3637 4167 aspi-

2057 4183 2156 4235 des
2195 4190 2251 4235 et
2276 4183 2620 4251 scorpiones,
2671 4182 2947 4239 daemones
3007 4186 3217 4241 scilicet
3272 4196 3546 4242 tentantes
3583 4199 3640 4242 et

2056 4283 2288 4328 mortem
2314 4273 2637 4339 inferentes,
2667 4284 2721 4329 et
2747 4276 3035 4333 incedendi
3086 4293 3251 4348 super
3274 4294 3493 4335 omnem
3527 4285 3637 4336 vir-

2060 4377 2230 4421 tutem
2266 4367 2550 4425 daemonis.
2612 4367 2968 4423 Solummodo
3008 4369 3281 4425 licentiam
3332 4371 3487 4425 habet
3537 4390 3637 4427 nos

2061 4460 2414 4529 impugnandi
2440 4460 2658 4515 malitia:
2685 4461 2787 4516 istc
2812 4462 2986 4516 tristis
3020 4463 3292 4526 inventor.
3332 4464 3383 4517 in
3418 4467 3636 4535 experi-

2062 4560 2330 4615 mentum,
2359 4561 2430 4605 ut'
2472 4552 2728 4607 novimus
2777 4551 3014 4607 ﬁdelium
3062 4562 3118 4607 et
3163 4555 3484 4619 electorum,
3529 4573 3634 4610 non

2060 4653 2245 4698 autem
2274 4643 2441 4697 vitam
2465 4643 2659 4712 agendi
2699 4653 2753 4697 et
2798 4643 3079 4713 tyrannice
3125 4644 3352 4697 omnino
3389 4645 3634 4715 regendi.

2055 4732 2669 4791 Contra'irrationabilia
2691 4733 2826 4789 nihil
2852 4744 3047 4802 potest,
3079 4750 3200 4803 quive
3225 4736 3317 4789 Dei
3336 4746 3464 4791 sunt
3485 4751 3639 4792 crea-

2057 4836 2195 4881 tura.
2215 4827 2351 4881 Cum
2381 4827 2542 4898 igitur
2578 4842 2675 4896 per
2705 4841 2804 4880 nos
2829 4836 2935 4880 stet
2954 4835 3012 4880 ut
3038 4827 3393 4882 inclinatione
3432 4830 3634 4883 mentis

2056 4929 2110 4973 et
2140 4919 2416 4973 voluntate
2444 4920 2729 4974 vincamus
2781 4918 2929 4972 illum
2953 4927 3008 4974 et
3033 4920 3334 4973 secundum
3366 4920 3620 4975 virtutem

2056 5024 2204 5067 recte
2225 5012 2494 5074 vivamus,
2529 5013 3020 5066 condemnabimur
3061 5013 3105 5066 si
3152 5013 3220 5066 ab
3263 5012 3382 5081 ipso
3431 5022 3637 5068 attera-

2058 5120 2181 5159 mur
2203 5116 2260 5158 ct
2289 5103 2421 5158 illud
2449 5104 2777 5157 horrendum
2824 5104 3117 5157 subeamus
3148 5115 3208 5158 ut
3239 5120 3269 5157 a
3303 5112 3451 5158 tanta
3485 5104 3635 5157 deci-

2053 5196 2247 5252 damus
2301 5197 2474 5266 gratia
2515 5196 2890 5265 supcrcoelesti
2914 5234 2929 5257 .
2959 5194 3266 5251 sacerdotio
3297 5199 3543 5265 inquam,
3574 5206 3635 5252 et

2054 5288 2469 5343 consecratione
2488 5301 2607 5355 qua:
2635 5296 2720 5341 est
2767 5303 2833 5340 ex
2887 5288 2999 5340 illo.
3046 5285 3229 5352 Quare
3271 5301 3402 5356 ergo
3445 5298 3636 5341 sancte

2054 5394 2109 5436 et
2132 5397 2266 5451 pure
2289 5380 2446 5434 nobis
2473 5380 2764 5434 vivendum
2800 5390 2887 5435 est
2926 5378 3075 5432 omni
3108 5379 3399 5434 conamine
3434 5392 3489 5436 et
3517 5381 3633 5437 for-

2058 5472 2322 5537 tiludine;
2351 5471 2649 5526 etomnino
2671 5472 2953 5525 nitendum
2984 5485 3051 5525 ne
3076 5470 3381 5526 incidamus
3412 5472 3466 5526 in
3490 5474 3629 5529 retia

2058 5565 2211 5618 mali.
2237 5563 2625 5619 Custodiamus
2654 5563 3018 5632 nosmetipsos
3050 5564 3141 5632 qui
3188 5564 3498 5621 sacerdotio
3542 5565 3630 5620 di-

2058 5659 2146 5728 gni
2177 5671 2365 5711 sumus
2394 5656 2585 5720 habiti,
2616 5668 2677 5710 ut
2713 5656 3044 5710 immaculati
3084 5667 3350 5724 quantum
3389 5657 3447 5712 in
3477 5659 3633 5714 nobis

2057 5760 2133 5802 εει
2167 5746 2489 5801 assistamns
2530 5756 2583 5800 et
2627 5746 3003 5801 ministremtts
3046 5744 3155 5801 Deo
3195 5740 3545 5804 immaculato
3577 5761 3632 5806 et
