4078 6288
532 337 638 404 975

1029 338 1412 402 smmle
1442 340 2199 403 THESSALONICENSIS
2238 332 2603 402 ARCIIIEP.
2648 338 2748 400 DE
2803 314 3301 399 SACERDUTIO.
3690 329 3784 394 976

524 447 924 516 sanctissimo;
962 458 1021 505 ut
1073 452 1265 508 electis
1311 453 1432 522 ejus
1473 453 1655 509 verbis
1697 465 2007 520 satagamus
2040 454 2113 510 vi—

2225 456 2299 525 μὴ
2332 454 2687 525 περιπίπτειν
2740 454 2815 516 ὡς
2865 452 3030 523 378
3065 452 3222 522 ἔτυχε
3259 450 3379 514 ταῖς
3412 448 3507 502 τοῦ
3566 450 3783 519 πονηροῦ

522 552 632 598 tam
660 552 851 598 sancte
880 543 1137 599 ordinare
1168 545 1223 599 in
1269 544 1550 615 operibus,
1578 546 1635 600 in
1676 547 1880 613 verbis,
1916 548 1971 601 in
2017 562 2107 603 cev

519 636 904 707 gitationibus,
928 644 985 691 et
1022 636 1076 690 in
1101 637 1262 692 nobis
1304 637 1425 707 ejus
1477 638 1661 693 divina
1691 653 1883 708 gerere
1928 655 2113 693 exem-

520 728 631 797 pla.
671 727 934 794 Quaenam
986 738 1168 782 autem
1216 729 1334 783 haec
1381 728 1559 784 sunt?
1588 729 1770 798 Amor,
1810 731 2112 795 humilitas,

520 818 919 883 misericordia,
962 821 1205 876 charitas
1249 818 1302 875 in
1345 832 1562 887 omnes,
1635 837 1741 892 pax
1787 830 1844 876 et
1896 823 2114 877 divino-

523 928 643 966 rum
697 914 1087 983 contemplatio
1144 913 1417 970 donorum
1450 932 1465 968 :
1497 922 1626 969 ante
1687 925 1868 969 autem
1928 917 2110 970 omnia

520 1007 833 1061 communio
880 1009 1024 1062 inter
1074 1023 1175 1062 nos
1235 1016 1290 1063 et
1339 1007 1637 1074 sanctitas;
1693 1017 1916 1063 sanctus
1951 1009 2112 1073 _enim

520 1099 666 1154 Deus
694 1109 883 1155 noster
908 1111 963 1154 et
1014 1115 1109 1155 eos
1140 1102 1232 1170 qui
1281 1101 1727 1170 appropinquant
1763 1101 1838 1155 illi
1873 1103 2114 1157 sanctifi-

520 1204 635 1258 cat;
671 1200 727 1248 et
760 1193 912 1247 illum
941 1193 994 1247 in
1025 1195 1238 1250 sanctis
1267 1194 1522 1248 habitare
1551 1203 1605 1246 et
1639 1194 1895 1263 quisccre
1921 1195 2111 1264 juvat;

518 1285 607 1355 qui
645 1294 701 1340 et
726 1301 824 1343 nos
852 1286 1044 1356 dignos
1078 1285 1245 1340 faciet
1280 1292 1493 1355 partem
1535 1285 1740 1341 habere
1767 1301 1891 1340 cum
1923 1287 2114 1351 electis

525 1386 581 1431 et
631 1379 839 1432 sanctis
874 1380 1015 1449 ejus.
1050 1375 1149 1432 Hic
1183 1378 1328 1433 enim
1368 1378 1649 1432 constituit
1684 1379 2029 1448 custoditque
2058 1381 2114 1433 in

2224 549 2453 617 πάγαις.
2484 547 2849 619 Συντηρῶμεν
2877 548 2933 600 δὲ
2961 545 3191 609 ἑαυτοὺς
3224 544 3275 597 oi
3306 544 3611 613 ἱερωσύνης
3639 543 3785 612 ἠξιω-

2226 640 2379 709 μένοι
2412 637 2554 692 ὥστε
2584 637 2889 709 καθαροὺς,
2923 637 2999 700 ὡς
3041 636 3286 702 δυνατὸν,
3323 635 3659 705 παρεστάναι
3706 632 3785 685 καὶ

2223 733 2563 804 λειτουργεῖν
2616 732 2694 804 τῷ
2752 732 3152 802 καθαρωτάτῳ,
3200 731 3295 783 καὶ
3340 732 3451 791 τοῖς
3504 727 3787 798 ἐξαιρέτοις

2221 827 2333 880 τῶν
2381 827 2689 896 ἰδιωμάτων
2743 824 2912 878 αὺτοῦ
2958 821 3210 877 σπεύδειν
3236 818 3697 890 κατακοσμεῖσθαι
3738 819 3787 870 ὲν

2223 921 2411 990 ἔργοις
2448 936 2509 971 τε
2540 917 2633 972 καὶ
2661 918 2843 985 λόγοις
2876 917 2967 970 καὶ
2989 916 3292 985 λογισμοίς⁶
3337 914 3433 967 καὶ
3486 910 3670 965 τούτου
3701 909 3787 977 φέ-

2225 1026 2337 1078 ρειν
2380 1011 2440 1062 ὲν
2488 1010 2704 1081 ἑαυτοῖς
2735 1025 2857 1061 τινα
2887 1008 3286 1077 ὲκμιμήμοιτα.
3319 1000 3461 1059 Τίνα
3482 1004 3536 1057 δὲ
3565 1002 3631 1054 τά
3662 1001 3788 1054 ἐκείο

2221 1119 2348 1169 νου;
2395 1101 2806 1173 Φιλανθρωπία,
2847 1100 3198 1162 ταπείνωσις,
3238 1098 3413 1163 ἔλεος,
3449 1095 3634 1166 ἀγάπη
3666 1094 3786 1162 πρδς

2224 1195 2452 1260 πάντας,
2485 1196 2699 1266 εἰρήνη,
2738 1195 2832 1247 καὶ
2868 1194 3030 1247 θείων
3068 1192 3357 1262 μετάδοσις
3403 1189 3657 1259 δωρεῶν·
3694 1186 3815 1266 πρὸς

2220 1285 2276 1337 δὲ
2301 1284 2519 1338 πάντων
2548 1284 2807 1339 κοινωνία
2833 1282 2953 1352 μεθ’
2983 1281 3142 1353 ἡμῶν
3166 1282 3261 1333 καὶ
3284 1278 3589 1349 ἀγιωσύνη.
3613 1277 3781 1342 Ἄγιος

2219 1377 2328 1447 γὰρ
2370 1376 2448 1429 ὢν
2487 1376 2514 1430 ὁ
2545 1376 2676 1440 Θεὸς
2706 1375 2889 1446 ἡμῶν,
2926 1375 3023 1428 καὶ
3063 1370 3280 1441 ἁγιάζει
3326 1371 3456 1433 τοὺς
3488 1367 3784 1437 ὲγγίζοντας

2221 1471 2391 1539 αὐτῷ,
2417 1471 2512 1524 κα)⁸
2536 1473 2593 1524 ὲν
2623 1469 2802 1539 ἁγίοις
2824 1466 3206 1522 ἀναπαύεσθαι
3233 1465 3482 1519 εὐδοκεῖ·
3511 1464 3567 1527 ὃς
3592 1461 3680 1516 καὶ
3702 1460 3783 1531 τῆς

2225 1560 2446 1631 μερίδος
2505 1560 2657 1631 ἡμᾶς
2716 1559 2970 1625 ἀξιώσειε
3021 1557 3134 1612 τῶν
3186 1556 3466 1611 ἐκλεκτῶν
3505 1554 3662 1610 αὑτοῦ
3702 1552 3783 1606 καὶ

2221 1653 2414 1721 ἀγίων,
2475 1651 2712 1706 ἐνταῦθα
2779 1652 2879 1723 μὲν
2926 1649 3117 1716 ἀξίους
3172 1650 3656 1719 καταστησάμενος
3703 1645 3783 1698 καὶ

2224 1745 2524 1815 φυλάσσων
2562 1744 2688 1816 ἄχρι
2724 1744 2913 1807 τέλους
2968 1742 3076 1797 τῶν
3113 1741 3436 1810 ἁγιωτάτων
3494 1739 3654 1795 αὐτοῦ
3698 1756 3782 1809 μυ-

523 1469 962 1524 sanctitieatione
1013 1485 1187 1539 usque
1245 1472 1299 1524 in
1360 1471 1521 1525 ﬁnem
1578 1471 1773 1541 dignos
1831 1473 2119 1528 ministros

521 1561 997 1616 sanctissimorum
1038 1563 1460 1633 mysteriorum;
1502 1565 1861 1634 vicissimque
1888 1564 1998 1620 illic
2027 1567 2116 1620 in-

522 1654 685 1708 ducet
716 1654 768 1708 in
812 1654 1010 1710 Sancta
1050 1666 1390 1723 sanctorum,
1416 1670 1470 1713 et
1500 1674 1595 1714 eos
1615 1660 1705 1728 qui
1734 1658 2113 1714 communioni

521 1746 727 1801 intimae
761 1762 886 1803 cum
931 1747 1046 1817 ipso
1102 1749 1553 1820 partieipaverint
1604 1750 1846 1821 perﬁciet
1875 1751 2113 1806 uniendo

402 1897 413 1914 .
452 1888 455 1891 Α
521 1839 581 1892 in
612 1840 814 1895 saecula
858 1850 1086 1895 aterna.
1123 1842 1303 1907 Quare
1337 1844 1517 1897 omnis
1549 1847 1621 1898 sit
1671 1843 1864 1913 gloria.
1920 1844 2113 1910 honor,

2228 1838 2467 1909 στηρίων
2514 1838 2569 1890 ἐν
2611 1835 2872 1915 ἁγιασμῷ
2899 1836 3207 1908 ὑπηρέτας,
3242 1837 3421 1889 ἐκεῖσε
3451 1834 3508 1887 δὲ
3533 1833 3686 1887 πάλιν
3715 1832 3783 1893 είς

527 1931 913 2000 magniﬁcatio,
977 1941 1028 1987 et
1059 1932 1178 1988 laus
1211 1934 1313 2002 ipsi
1360 1932 1493 1989 Jesu
1542 1934 1782 1999 Christo,
1827 1930 1966 1988 Filio
2021 1933 2113 1990 Dei

2222 1932 2286 1984 τά
2321 1931 2490 2000 ’Ἅγια
2525 1930 2635 1983 τῶν
2666 1931 2841 1998 ἁγίων
2873 1929 3135 1998 εἰσαγὼν,
3167 1929 3263 1983 καὶ
3307 1928 3407 1994 τῆς
3441 1927 3646 1997 ἀμέσου
3684 1942 3783 1977 κοι-

524 2022 762 2077 viventis
797 2032 853 2077 et
912 2024 1024 2078 Deo
1070 2038 1288 2091 nostro,
1354 2027 1447 2095 qui
1512 2040 1611 2097 pro
1669 2026 1827 2081 nobis
1874 2026 2113 2096 seipsum

2222 2023 2415 2085 νωνίας
2466 2021 2634 2076 αὑτοῦ
2696 2023 2961 2092 μετόχους
3019 2020 3484 2090 ἀπεργαζόμενος
3547 2017 3778 2079 αἰωνίως’

524 2111 887 2167 sanetilicavit
920 2113 1102 2168 erucis
1171 2113 1469 2181 sacrificio,
1509 2122 1569 2167 ut
1624 2113 1724 2182 ipsi
1794 2112 2113 2167 sanctiﬁcati

2222 2114 2299 2169 ὅτι
2336 2115 2488 2186 αὐτῷ
2522 2116 2725 2186 πρέπει
2751 2117 2901 2170 πᾶσα
2933 2114 3082 2181 δόξα,
3107 2114 3275 2186 τιμὴ,
3317 2111 3675 2184 μεγαλωσύνη
3705 2110 3783 2162 καὶ

525 2204 700 2260 simus
733 2205 787 2259 in
825 2204 1054 2260 veritate
1098 2221 1218 2260 eum
1265 2205 1427 2259 Patre
1468 2181 1736 2275 ingenito,
1792 2215 1848 2259 et
1887 2205 2113 2259 sanctis-

2222 2208 2425 2270 αἴνεσις
2453 2181 2631 2278 ςΙησοῦ
2665 2206 2890 2279 Χριστῷ
2918 2207 2997 2276 τῷ
3031 2181 3147 2277 Titii
3175 2181 3270 2259 τοιῖ)
3301 2181 3510 2271 ζῶντος
3545 2201 3673 2257 Θεοῦ
3701 2201 3781 2253 καὶ

523 2297 666 2351 simo
695 2295 1007 2351 ethono-et
1039 2296 1349 2353 viviﬁcante
1375 2298 1603 2368 Spiritu,
1636 2313 1780 2352 nunc
1820 2308 1875 2352 et
1898 2312 2113 2367 semper

2223 2300 2341 2370 Θεῷ
2373 2300 2553 2371 ἡμῶν,
2580 2300 2658 2369 τῷ
2684 2299 2874 2355 ἑαυτὸν
2899 2299 3039 2370 ὑπὲρ
3067 2300 3224 2369 ἡμῶν
3262 2299 3562 2366 ἀγιάσαντι
3588 2296 3671 2350 διὰ
3697 2294 3781 2363 τῆς

523 2399 582 2445 et
609 2387 665 2443 in
702 2387 898 2443 saecula
933 2388 1286 2444 saeculorum.
1319 2391 1515 2446 Amen.

2222 2391 2320 2446 τοῦ
2358 2390 2594 2464 σταυροῦ
2623 2391 2839 2458 θυσίας,
2873 2392 2961 2445 ἵνα
2989 2392 3082 2445 καὶ
3106 2392 3267 2463 ἡμεῖς
3289 2385 3443 2461 ὦμεν
3478 2388 3781 2461 ἡγιασμένοι

527 2483 585 2534 ὲν
625 2478 876 2550 ἀληθείᾳ,
911 2477 1011 2532 σὺν
1048 2480 1127 2547 τῷ
1177 2479 1400 2551 ἀνάρχῳ
1450 2477 1616 2535 αὐτοῦ
1653 2481 1852 2551 Πατρὶ,
1893 2484 1987 2535 καὶ
2036 2481 2114 2554 τῷ
2155 2482 2409 2555 παναγίῳ
2440 2482 2538 2537 καὶ
2570 2483 2759 2556 ἀγαθῷ
2786 2484 2878 2537 καὶ
2904 2484 3155 2557 ζωοποιῷ
3189 2482 3495 2554 Πνεύματι,
3562 2481 3648 2535 νῦν
3703 2473 3782 2530 καὶ

524 2573 613 2629 ἀεὶ
645 2574 740 2628 καὶ
765 2574 845 2638 είς
868 2573 998 2638 τοὺς
1017 2574 1220 2640 αἰῶνας
1252 2575 1360 2629 τῶν
1386 2562 1622 2631 αἰώνων.
1666 2575 1723 2627 Ἀ
1733 2577 1863 2646 μήν.
3180 2564 3191 2573 ’
