4216 6432
239 159 432 170 V—

922 323 925 328 ι
1285 314 1291 325 Ι
1750 322 1758 331 σ

579 382 1586 393 —--—.———-_——-———-—
1619 389 1632 391 _
1651 382 3118 394 -———~--—~—.———_—.—_—__—___..——__..————-—
3137 383 3151 388 —

307 795 389 849 τό
1339 816 1344 826 ·

321 848 478 866 βῆμ’)
1146 857 1157 879 ,
1917 853 1926 870 .

1148 935 1154 951 ε
1620 851 1712 964 N
1722 848 1908 964 OT

815 955 820 960 .
1146 857 1157 951 :
1339 816 1344 826 ’
1620 795 2254 988 NOTITIA.

1332 1138 1427 1202 (Ex
1454 1139 1616 1190 Leone
1647 1134 1827 1190 Allatio
1855 1136 1903 1187 in
1930 1136 2146 1188 Dialriba
2185 1138 2258 1190 De
2300 1130 2684 1206 Symeonibus.)

398 1595 473 1650 De
499 1596 768 1667 Symeone
791 1590 1210 1661 archiepiscopo
1237 1588 1720 1645 Thessalonicensi
1753 1589 1868 1647 haec
1895 1588 2221 1658 scripseram
2250 1591 2306 1644 in
2342 1606 2507 1662 apere
2537 1610 2657 1650 meo
2687 1595 2754 1650 de
2787 1597 3075 1666 utriusque
3104 1598 3365 1657 Ecclesia:
3391 1600 3541 1656 Con-

319 1687 579 1739 sensione
611 1685 750 1737 libro
784 1697 848 1747 ιι,
887 1695 1011 1750 cap.
1045 1680 1133 1744 18,
1162 1695 1216 1733 ιι.
1260 1679 1329 1733 15
1362 1698 1376 1732 :
1417 1697 1437 1731 ι
1473 1676 1589 1733 Hoc
1631 1677 1820 1732 eodem
1871 1686 2114 1742 tempore
2158 1678 2386 1734 ﬂorebat
2438 1681 2670 1749 Symeon
2723 1683 3164 1755 archiepiscopus
3195 1687 3544 1754 Thessaloni-

316 1773 520 1826 censis.
550 1769 700 1825 Vixit
727 1769 873 1825 enim
907 1775 1032 1840 post
1062 1766 1432 1833 Barlaamum,
1460 1766 1825 1835 Acindynum,
1852 1764 2153 1829 Palamam,
2185 1764 2502 1834 Gregoram,
2556 1768 2901 1825 Philotlieum
2933 1774 3321 1841 patriarcham,
3358 1775 3540 1831 Nilum

317 1861 888 1922 Thessalonicensem,
933 1855 1214 1912 Nicolaum
1246 1855 1580 1916 Cabasilam,
1633 1852 1814 1908 Nilum
1848 1853 2218 1922 patriarcliam
2252 1854 2941 1926 Constantinopolitanum,
3001 1859 3266 1916 lsidorum
3306 1862 3544 1919 Thessa-

316 1949 674 2011 lonicensem,
709 1959 943 2016 quorum
981 1945 1223 1998 omnium
1257 1941 1379 2012 ipse
1434 1942 1490 1996 in
1541 1940 1766 2011 Dialogo
1804 1938 2189 1995 Ecclesiastico
2242 1951 2430 1996 contra
2470 1958 2663 2000 omnes
2705 1943 2967 2013 Haereses,
3000 1957 3056 2003 et
3100 1949 3168 2003 de
3221 1950 3345 2006 aliis
3379 1954 3541 2007 rebus

312 2035 706 2091 ecclesiasticis
748 2032 1019 2088 meminit.
1052 2031 1166 2085 lmo
1202 2034 1319 2102 ipse
1345 2030 1400 2085 in
1434 2030 1624 2084 eodem
1655 2028 1879 2095 Dialogo
1910 2028 1977 2097 (1]

1872 2046 1879 2076 ι
1910 2028 1988 2097 (1)
2035 2038 2248 2084 aetatem
2282 2046 2438 2085 suam
2472 2033 2675 2100 prodit.
2719 2034 3040 2102 Ἐξαιρέτως
3070 2037 3127 2088 δὲ
3158 2040 3217 2090 ὲν
3246 2041 3365 2103 ταῖς
3399 2042 3537 2109 ἠμέ-

319 2139 437 2188 ραις
458 2122 618 2190 ὴμῶν
643 2123 874 2182 ταύταις
905 2117 1038 2189 περ)⁸
1077 2117 1249 2187 αὐτῆς
1276 2115 1705 2186 συνεγράψαντο,
1746 2114 2021 2184 πνεύματι
2049 2118 2122 2180 ὡς
2160 2119 2255 2170 καὶ
2289 2119 2444 2171 αὐτοὶ⁵
2478 2119 2632 2182 ὅντες
2669 2122 2732 2172 ὲκ
2761 2122 2894 2173 Θεοῦ
2926 2123 2974 2174 οί
3002 2122 3274 2194 θεηγόροι,
3301 2130 3391 2179 καὶ
3421 2127 3543 2181 θεο-

313 2209 488 2279 φόροι,
513 2208 607 2261 καὶ
626 2206 1002 2276 χριστοφόροι,
1026 2207 1119 2258 καὶ
1141 2205 1320 2258 ἔνθεοι
1351 2206 1504 2266 ὄντες
1525 2200 1762 2271 ἀληθῶς,
1787 2201 1876 2254 ὅτε
1892 2204 1949 2254 ἐν
1969 2204 2145 2270 ἁγίοις
2174 2205 2362 2274 Πατὴρ
2385 2206 2544 2273 ἡμῶν
2581 2206 2906 2273 Κάλλιστος,
2946 2211 2973 2261 ὁ
3010 2210 3111 2277 τῆς
3163 2211 3533 2282 βασιλεούοης

311 2294 550 2362 γεγονὼς
581 2294 726 2356 Νέας
765 2292 984 2362 Ῥώμης
1014 2294 1076 2345 ἐκ
1119 2292 1256 2345 Θεοῦ
1290 2291 1658 2362 πατριάρχης,
1698 2288 1789 2338 καὶ
1818 2291 1845 2339 ὁ
1882 2289 2160 2359 σύμπνους
2203 2291 2350 2360 αὐτῷ
2407 2293 2502 2346 καὶ
2534 2295 2880 2364 συνασκητὴς
2929 2297 3075 2359 ὅσιος
3127 2297 3410 2364 Ἰγνάτιος,
3446 2303 3543 2353 καὶ

310 2381 480 2450 βίϐλῳ
515 2381 695 2450 οἰκείᾳ
730 2378 1054 2452 συντεθείσῃ
1086 2378 1217 2448 παρ’
1245 2379 1426 2432 αὐτῶν
1457 2382 1844 2448 πνευματικῶς
1871 2398 1930 2433 τε
1963 2382 2056 2434 καὶ
2086 2382 2413 2449 θεοφρόνως,
2443 2381 2540 2434 καὶ
2568 2381 2690 2436 λίαν
2722 2383 2940 2453 ὑψηλῶς
2973 2386 3378 2455 ἐφιλοσόφησαν
3404 2391 3460 2439 ἐν
3495 2406 3540 2458 ρο

311 2467 653 2536 κεφαλαίοις,
689 2467 768 2536 τῷ
816 2465 1025 2518 ὲντελεί
1067 2466 1288 2535 ἀριθμῷ
1321 2467 1533 2521 τελείαν
1561 2469 1660 2538 τὴν
1694 2470 1825 2537 περὶ
1857 2468 1976 2520 ταύπ

1877 2468 2061 2537 ταύτης
2094 2470 2296 2536 γνῶσιν
2328 2469 2640 2537 ὲκθὲμενοι.
2687 2468 3036 2524 Potissimum
3077 2489 3196 2526 vero
3224 2475 3323 2528 hac
3356 2466 3542 2528 nostra

317 2567 474 2614 etate
499 2559 560 2611 de
593 2557 699 2611 vita
744 2557 1037 2610 monastica
1068 2557 1511 2623 conscripserunt,
1546 2555 1754 2623 Spiritu
1793 2565 2045 2624 tanquam
2074 2559 2162 2624 qui
2193 2567 2241 2609 et
2276 2558 2375 2622 ipsi
2405 2571 2469 2608 ex
2503 2555 2610 2609 Deo
2636 2573 2756 2609 cum
2786 2559 2913 2618 sint,
2944 2557 3188 2629 Deiloqui
3220 2571 3268 2614 et
3315 2562 3539 2632 Deiferi,

311 2657 360 2702 et
389 2645 716 2712 Christiferi,
747 2654 794 2696 et
823 2660 854 2696 a
886 2643 990 2697 Deo
1025 2643 1192 2710 afﬂati
1227 2659 1340 2698 vere
1371 2645 1646 2706 exsistant,
1682 2653 1896 2697 sanctus
1931 2643 2092 2696 Pater
2140 2654 2320 2696 noster
2349 2643 2626 2708 Callistus,
2658 2661 2746 2713 qut
2791 2643 2966 2715 Regios
3005 2647 3150 2701 urbis
3185 2665 3329 2703 noua:
3367 2650 3544 2706 Roma:

309 2750 376 2787 ex
404 2735 508 2787 Deo
534 2733 635 2800 [ait
669 2730 1003 2800 patriarcha,
1031 2741 1080 2784 et
1103 2731 1192 2800 qui
1218 2747 1326 2784 una
1357 2747 1476 2784 sum
1517 2732 1631 2799 ipso
1664 2731 1901 2798 spirabat
1930 2742 1977 2783 et
2016 2731 2407 2783 exercitabatur
2434 2730 2709 2798 confessor
2736 2731 3005 2800 Ignatius,
3036 2743 3083 2786 et
3119 2735 3254 2788 libro
3282 2739 3545 2803 peculiari

311 2827 376 2876 ab
406 2822 515 2875 illis
546 2823 860 2889 composito,
896 2821 1276 2890 spiritualiter,
1309 2819 1502 2880 divine,
1529 2831 1577 2873 et
1612 2821 1808 2874 excelse
1835 2820 1989 2872 nimis
2024 2819 2378 2887 philos0phati
2409 2827 2554 2882 sunt,
2602 2829 2811 2872 centum
2843 2823 3125 2889 capitibus,
3164 2841 3383 2878 numero
3425 2843 3546 2894 per-

323 2911 482 2979 facta,
515 2910 804 2979 perfectam
846 2909 908 2962 de
947 2924 1009 2960 ea
1036 2909 1383 2976 cognitionem
1423 2907 1712 2962 tradentes.
1740 2906 1892 2975 Opus
1926 2906 2132 2959 Callisti
2167 2916 2219 2959 et
2258 2905 2451 2974 lgnatii
2497 2904 2730 2958 habetur
2773 2908 2825 2959 in
2885 2907 3216 2964 Bibliotheca
3247 2911 3541 2968 Barberina

312 2999 419 3051 sub
453 3000 554 3053 hoc
581 2999 738 3052 titulo
762 2997 842 3066 (2)
884 3013 898 3048 :
931 2996 1052 3048 Τῶν
1085 2999 1141 3049 ὲν
1166 2998 1517 3064 μονοιρόποις
1541 2997 1838 3065 ἐλαχίστων
1867 2992 2168 3046 Καλλίστου
2197 2994 2293 3044 καὶ
2333 2992 2371 3045 ‘l
2386 2991 2603 3059 γνατίου
2638 2992 2746 3045 τῶν
2778 2995 3167 3050 Ξανθοποωων
3190 3000 3408 3068 μέθοδος
3449 3004 3545 3054 καὶ

311 3086 494 3138 κανὼν
523 3087 783 3156 ἀκριϐὴς,
823 3088 918 3139 καὶ
952 3084 1103 3154 παρὰ
1132 3084 1238 3136 τῶν
1264 3085 1435 3150 ἁγίων
1466 3084 1608 3154 ἔχων
1639 3085 1738 3148 τὰς
1773 3082 2086 3151 μαρτυρίας
2119 3082 2246 3150 περὶ
2272 3079 2382 3133 τῶν
2415 3082 2761 3152 αἱρουμένων
2787 3083 3006 3153 ἡσύχως
3034 3084 3223 3154 βιῶναι
3253 3090 3346 3140 καὶ
3377 3107 3545 3156 μονα-

315 3171 539 3235 στικῶς,
585 3173 713 3242 περί
758 3189 818 3224 τε
848 3173 1097 3239 ἀγωγῆς,
1127 3173 1222 3224 καὶ
1249 3171 1530 3234 πολιτείας
1570 3173 1666 3223 καὶ
1695 3172 1905 3239 διαίτης
1949 3168 2150 3232 αὐτῶν,
2181 3171 2275 3222 καὶ
2311 3173 2444 3239 περὶ
2491 3169 2582 3221 τοῦ
2614 3171 2756 3222 ὅσων
2790 3172 2997 3238 ἡλίκων
3029 3175 3251 3239 ἀγαθῶν
3277 3176 3543 3245 πρόξενος

311 3262 345 3329 ἡ
389 3259 586 3329 ἡσυχία
633 3259 966 3313 καθίσταται
1012 3259 1126 3320 τοῖς
1162 3258 1305 3328 λόγῳ
1348 3258 1630 3326 μετιοῦσιν
1659 3260 1847 3326 αὑτήν.
1877 3251 2233 3324 Διακέκριτϊι
2277 3255 2333 3307 δὲ
2376 3258 2409 3324 ἡ
2445 3257 2700 3325 παροῦσα
2730 3258 2823 3309 τοῦ
2877 3258 3038 3326 λόγου
3086 3266 3440 3331 πραγματεία
3484 3265 3542 3316 ἐν

311 3349 630 3415 κεφαλαίοις
658 3355 723 3417 ρ’.
761 3345 960 3417 Ignatii
990 3357 1040 3400 et
1071 3343 1289 3400 Callisti
1322 3344 1790 3415 Xanthopulorum
1834 3342 2108 3396 metliodus
2139 3351 2188 3395 et
2233 3343 2414 3410 regula
2463 3344 2743 3408 exquisita,
2778 3347 3087 3399 testimoniis
3127 3346 3347 3402 Patrum
3395 3367 3542 3403 rom—

311 3435 531 3503 probata
570 3435 632 3486 de
665 3436 752 3498 iis,
777 3436 866 3502 qui
906 3434 1286 3503 eliguntvitam
1322 3434 1554 3502 quietam
1587 3441 1636 3485 et
1667 3431 2034 3496 monasticam,
2069 3442 2118 3485 et
2151 3433 2213 3484 de
2236 3433 2354 3484 vita:
2388 3431 2648 3498 instituto,
2695 3450 2757 3487 ac
2804 3437 3009 3489 ratione
3056 3440 3450 3503 praedictorum,
3492 3453 3542 3496 et

311 3538 531 3590 quorum
567 3523 818 3574 bonorum
855 3537 1018 3574 causa
1068 3522 1213 3590 quies
1263 3522 1354 3582 sit,
1394 3521 1462 3573 iis
1502 3520 1591 3586 qui
1622 3518 1912 3573 secundum
1942 3520 2200 3571 rationem
2230 3535 2346 3571 eam
2380 3519 2796 3587 amplectuntur.
2846 3522 2988 3589 Opus
3012 3524 3234 3577 divisum
3287 3529 3339 3580 in
3365 3530 3543 3597 capita

311 3621 539 3663 rentum.
583 3608 643 3662 P.
676 3609 822 3661 Ἔδει
859 3609 957 3676 μὲν
989 3610 1138 3678 ἡμᾶς
1166 3608 1306 3660 κατὰ
1351 3608 1479 3668 τοὺς
1504 3607 1680 3667 θείους
1705 3607 1869 3673 φάναι
1905 3623 1972 3675 χρ

1905 3606 2186 3675 χρησμοὺς
2215 3606 2589 3668 θεοδιδάκτους
2616 3611 3006 3676 τυγχάνοντας.
3035 3610 3099 3662 Et
3129 3627 3251 3666 cum
3289 3616 3398 3668 duo
3434 3619 3543 3669 sint

305 3699 543 3762 Callisti,
570 3700 707 3752 alter
730 3699 828 3752 sub
857 3697 1069 3751 Joanne
1099 3697 1506 3758 Cantacuzeno,
1537 3697 1670 3750 alter
1701 3697 1806 3750 sub
1834 3694 2080 3749 Mauuele
2105 3694 2430 3761 Palmologo,
2455 3709 2628 3750 annos
2659 3709 2779 3763 post
2811 3698 2920 3752 fere
2945 3700 3300 3770 quadraginta
3331 3719 3447 3765 sex,
3486 3707 3538 3758 in

311 3787 536 3841 dubium
570 3786 706 3839 verti
731 3794 937 3853 posset,
975 3785 1043 3838 de
1076 3799 1315 3853 quonam
1354 3785 1457 3837 iste
1499 3785 1724 3837 Callisto
1753 3782 1917 3836 verba
1953 3781 2111 3835 faciat
2144 3799 2157 3834 :
2219 3782 2311 3835 sed
2346 3797 2468 3834 cum
2504 3779 2710 3836 Nicolai
2747 3783 3017 3838 Cabasila:
3053 3790 3394 3852 meminerit,
3447 3796 3538 3860 qui

311 3880 414 3933 sub
446 3876 689 3930 Manuale
720 3874 968 3940 ﬂorebat,
1004 3889 1226 3929 necesse
1253 3884 1338 3928 est
1370 3889 1494 3927 eum
1527 3875 1592 3925 de
1623 3874 1865 3926 secundo
1897 3868 2140 3931 Callisto,
2167 3868 2258 3936 qui
2290 3869 2434 3921 circa
2468 3885 2671 3921 annum
2704 3870 2920 3924 Domini
2943 3872 3079 3925 1406
3103 3876 3536 3942 patriarcliatum

307 3963 552 4034 regebat,
582 3978 890 4016 sermonem
911 3960 1133 4014 habere.
1152 3965 1331 4024 Quare
1356 3960 1471 4027 ipse
1495 3961 1638 4012 circa
1664 3957 1891 4012 Joannis
1917 3956 2202 4023 Palmologi
2221 3965 2486 4023 tempora,
2517 3956 2601 4010 vel
2636 3958 2796 4026 paulo
2825 3969 2948 4011 ante
2977 3959 3178 4024 ﬂoruit,
3205 3978 3232 4014 a
3265 3965 3539 4032 Symeone

304 4051 522 4105 seniore
557 4049 1049 4102 Tliessalonicense
1083 4057 1208 4116 post
1231 4044 1522 4109 lsidorum,
1553 4045 1714 4115 cujus
1737 4046 1854 4112 ipse
1886 4043 2155 4108 meminit,
2192 4043 2388 4097 tertius
2415 4059 2430 4096 :
2457 4042 2603 4096 inter
2634 4045 2778 4096 enim
2818 4045 3084 4100 lsidorum
3121 4057 3176 4102 et
3210 4050 3385 4116 ipsum
3423 4063 3540 4104 tan‘

307 4151 420 4194 tum
451 4147 760 4192 recensetur
783 4137 1024 4191 Gabriel.
1058 4134 1199 4188 Hinc
1214 4133 1515 4201 colligitur,
1544 4145 1810 4202 quantmn
1847 4133 2212 4186 hallucinctur
2235 4129 2568 4184 Possevinus
2603 4131 2659 4184 in
2685 4134 2984 4200 Apparatn,
3017 4138 3110 4203 qui
3140 4136 3362 4190 immani
3406 4155 3540 4193 una-

306 4227 629 4281 clironismo
664 4223 882 4287 scribit,
925 4237 1049 4275 eum
1081 4222 1280 4276 vixisse
1303 4233 1427 4274 ante
1451 4236 1624 4275 annos
1651 4229 1964 4279 sexcentos,
1991 4218 2087 4285 qui
2114 4217 2332 4270 nonnisi
2370 4226 2495 4271 ante
2527 4233 2701 4272 annos
2743 4229 2969 4272 centum
3011 4222 3308 4288 octoginta,
3346 4221 3540 4276 Posse-

309 4316 420 4369 vini
454 4327 716 4380 tempore,
753 4312 986 4364 vixerat.
1020 4310 1076 4364 In
1108 4309 1362 4364 omnibus
1389 4310 1505 4364 suis
1529 4309 1744 4378 scriptis
1774 4308 1826 4362 in
1860 4306 2082 4363 LatinOs
2115 4304 2348 4374 iniurius
2377 4312 2480 4367 est,
2511 4319 2649 4373 quos
2681 4319 2822 4374 saepe
2859 4307 3054 4375 carpit,
3080 4322 3380 4377 eorumque
3403 4311 3541 4365 ritus

311 4419 434 4459 cum
477 4401 680 4456 Griecis
707 4414 1058 4469 comparans,
1085 4398 1407 4453 insectatur.
1445 4417 1465 4447 ι

376 4523 440 4575 Ει
474 4524 584 4575 haec
611 4519 826 4589 quidem
852 4515 919 4569 de
938 4531 1004 4569 eo
1033 4525 1160 4569 tunc
1189 4513 1449 4581 temporis
1475 4511 1711 4565 breviter
1741 4509 1960 4576 scripsi,
1980 4525 2124 4563 nunc
2176 4522 2300 4562 cum
2344 4517 2556 4575 tempus
2587 4507 2848 4576 locusque
2880 4510 3136 4576 postulat,
3167 4509 3271 4562 alia
3298 4511 3493 4563 addam
3519 4531 3531 4563 :

303 4620 612 4682 prmeatque
631 4608 774 4660 illius
792 4605 1046 4672 eleginm,
1069 4601 1212 4671 quod
1242 4600 1513 4669 Eugenius
1535 4598 1904 4667 Nomophylax
1925 4599 2053 4667 (qua
2075 4597 2124 4649 id
2147 4595 2405 4648 facultate
2427 4595 2616 4662 egerit,
2646 4595 2827 4650 dicent
2855 4597 3051 4650 similis
3070 4598 3239 4651 sortis
3271 4597 3538 4668 homines)

301 4704 358 4755 in
393 4698 662 4770 Synodico
704 4693 981 4748 Dominica
1016 4687 1364 4744 Ortliodoxia:
1393 4689 1446 4741 in
1479 4686 1720 4741 Ecclesia
1755 4685 2230 4740 'lhessaloniccnsi
2267 4682 2485 4736 recitari
2511 4682 2694 4748 solito,
2724 4683 2995 4751 appinxit.

372 4855 594 4925 Συμεὼν
621 4871 713 4906 του
746 4867 802 4903 εν
838 4849 1084 4919 μακαρίᾳ
1130 4850 1192 4917 τῇ
1230 4848 1379 4916 λήξει
1428 4847 1720 4914 γειοιιὲνου
1768 4860 1867 4914 αρ-

2044 4839 2334 4909 Symconis
2379 4839 2548 4892 beata:
2609 4837 2880 4891 memoriae
2921 4840 3258 4892 sanctissimi
3297 4839 3536 4892 Thcssa-

300 4947 660 5024 χιεπισκόπου
712 4942 1133 5010 Θεσσαλονίκης,
1168 4937 1264 4992 τοῦ
1314 4939 1412 5006 τῆς
1461 4937 1615 4998 ἐκτός
1664 4951 1724 4987 τε
1775 4935 1867 4987 καὶ

1975 4930 2265 4984 lonicensis
2290 4929 2715 4996 arcliiepiscOpi,
2755 4928 2850 4997 qni
2889 4937 3128 4982 externa:
3179 4939 3233 4983 et
3275 4932 3539 4998 Spiritalis

301 5043 399 5111 τῆς
434 5035 811 5105 πνευματικῆς
837 5033 1026 5100 σοφίας
1058 5031 1295 5100 πλήρους
1326 5028 1620 5098 ὑπερφυῶς
1642 5028 1865 5096 γενομέ-

1972 5019 2250 5093 sapientia:
2277 5034 2440 5086 super
2467 5019 2766 5071 humanum
2795 5028 3010 5086 captum
3044 5020 3276 5086 repletus
3305 5020 3356 5072 in
3388 5036 3541 5074 asce-

301 5109 418 5192 VO‘U.
448 5133 549 5183 κάν
581 5131 649 5196 τῇ
683 5127 954 5195 ἀσκητικῇ
989 5123 1083 5174 εἴτ’
1111 5120 1200 5173 οὖν
1250 5121 1517 5188 ἀγγελικῇ
1573 5120 1762 5186 ἀγωγῇ
1804 5133 1864 5168 τε

1976 5113 2104 5175 tico,
2135 5111 2249 5163 sive
2282 5111 2459 5176 potius
2500 5110 2744 5178 angelico
2795 5109 3065 5169 instituto.
3091 5120 3146 5163 et
3173 5111 3292 5164 vita:
3329 5113 3538 5164 ratione

300 5225 395 5278 καὶ
447 5219 693 5284 πολιτείᾳ.
738 5215 1156 5284 διαπρέψαντος,
1190 5212 1284 5263 καὶ
1310 5211 1512 5279 ταύτην
1556 5211 1637 5271 εἰς
1690 5208 1860 5276 ἄκρον

1971 5202 2248 5263 ελερίιυίι,
2301 5217 2532 5269 eamque
2576 5218 2700 5254 cum
2744 5217 2955 5253 summa
3009 5203 3209 5255 virtute
3266 5213 3319 5256 et
3377 5204 3536 5257 laude

300 5311 754 5379 κατωρθωκότος,
781 5311 846 5376 τῇ
879 5307 933 5358 δὲ
970 5305 1111 5357 κατὰ
1167 5303 1403 5372 Χριστὸν
1438 5300 1764 5352 ταπεινώσει
1795 5303 1859 5368 τῇ

1975 5293 2373 5362 perfectissime
2409 5294 2536 5358 egit,
2577 5302 2628 5345 et
2661 5294 2957 5345 secundum
3005 5292 3280 5346 Christum
3328 5296 3411 5347 Sui
3438 5296 3533 5348 de-

299 5408 408 5459 τῶν
437 5403 652 5473 ἀρετῶν
685 5399 906 5468 κρηπῖδι
947 5398 1086 5448 κατὰ
1115 5398 1209 5456 τὰς
1241 5393 1492 5462 ἀψευδεῖς
1529 5391 1863 5450 Δεσποτικὰς

1977 5387 2270 5454 pressione,
2322 5385 2578 5436 virtutum
2621 5385 2939 5438 excellentia
2987 5385 3139 5452 juxta
3194 5387 3375 5438 divina
3411 5403 3534 5452 pro-

300 5494 635 5563 ὲπαγγε).ίας
661 5490 1052 5560 ἀνυψωθέντος,
1097 5489 1190 5538 καὶ
1230 5485 1315 5538 διὰ
1345 5485 1596 5554 πράξεως
1633 5482 1868 5535 ἀναϐάν-

1978 5479 2140 5530 missa
2175 5475 2388 5528 mentiri
2451 5476 2636 5528 nescia
2698 5477 2996 5540 cxaltatus,
3050 5492 3143 5546 per
3178 5478 3447 5531 actionem
3481 5479 3534 5533 in

423 5704 440 5764 )
467 5705 517 5752 In
543 5702 669 5751 libro
691 5700 751 5750 de
771 5709 912 5764 sacra
929 5693 1226 5764 precatione,
1250 5706 1360 5764 cap;
1379 5693 1488 5764 293i,
1517 5705 1565 5752 p.
1588 5691 1676 5763 2l_0
1708 5691 1787 5764 ed.
1828 5688 2103 5764 lassensjs.‘
2127 5687 2261 5764 Epir.

424 5749 439 5828 ί
463 5749 660 5816 iditum
684 5767 763 5810 est
785 5764 836 5809 in
863 5749 1127 5818 Φιλοκαλία
1145 5749 1239 5802 τῶν
1262 5749 1396 5817 ἱερῶν
1427 5749 1704 5809 Νητὶτικῶν·
1743 5750 1962 5800 Venems
1987 5752 2089 5800 1'76:

1486 5749 1704 5809 qnttxibv.
1743 5750 1962 5800 Venetus
1987 5751 2122 5800 1762.
2161 5750 2282 5797 Vide.
2319 5756 2502 5798 tomum
2523 5757 2744 5799 nostrum
2770 5749 2991 5801 CXLVII.
3017 5749 3151 5800 Eorr.

621 5877 885 5936 Pnaoc.
917 5872 1030 5928 Gn.
1069 5864 1241 5929 CLV.
3126 5856 3151 5921 1
