4216 6432
335 383 401 449 13
518 404 519 413 ι
809 334 817 399 Ᾱ
1328 334 1367 427 ί
1456 348 1461 354 ’
1686 432 1691 439 .
1772 340 2107 447 ἱωΤιτιΑ.
2604 336 2607 427 ί
3493 384 3561 445 ιι

328 474 749 568 Θεσσαλονίκης,
778 496 873 578 τοῦ
922 498 1015 551 καὶ.
1067 497 1174 568 πρὸ
1221 497 1319 566 τῆς
1368 472 1782 569 ἀρχιερωσύνης
1835 499 1894 548 ἐν
1920 508 1969 560 Α

1920 508 1969 560 Α
1999 509 2106 563 tus,
2147 498 2295 567 prius
2356 499 2457 553 sibi
2526 498 2898 551 concreditum
2954 497 3093 551 ovile
3123 508 3265 552 recte
3314 501 3458 567 pavit
3494 492 3560 553 ct

328 592 440 651 τοῖς
470 591 711 659 πρώτοις
741 589 840 657 μὲν
868 590 975 644 τῶν
1003 590 1291 659 ὁμοταγῶν
1320 589 1555 642 ἐνταῦθα
1585 588 1889 652 τελοῦντος,

326 682 389 734 τὸ
411 681 470 734 δὲ
507 681 873 749 ὲμπιστευθὲν
902 682 1051 753 αὐτῷ
1085 683 1351 752 πρότερον
1381 682 1475 734 τοῦ
1505 682 1740 750 Χριστοῦ
1772 681 1891 732 ποί-

329 787 484 841 μνιον
544 771 719 833 καλῶς
759 772 1125 840 ποιμάναντος
1178 778 1269 826 καὶ
1326 772 1689 843 φυλάξαντος,
1749 772 1887 838 μετά

324 861 427 933 τὴν
454 862 655 915 ἅλωσιν
694 864 1035 930 τῆςπόλεως
1066 864 1266 934 ταύτης
1305 866 1384 926 εἰς
1415 864 1505 915 τὸν
1537 862 1680 930 ἱερὸν
1711 860 1884 926 αὐτῆς

326 952 517 1021 θρόνον
546 951 952 1026 μετατεθέντος,
978 956 1068 1006 καὶ
1103 954 1329 1024 μηδενὸς
1356 954 1472 1032 τῶν,
1508 955 1587 1016 εἰς
1624 944 1885 1011 σύστασιν

323 1047 530 1111 ταύτης
558 1037 895 1113 ἠμεληκόὶτα,
920 1040 999 1116 οἷς
1049 1042 1545 1115 ὲδύνρτοητςόποις,
1578 1043 1800 1112 βαθμοῖς
1825 1061 1881 1095 τε

327 1134 493 1203 ἱεροῖς
516 1134 608 1186 τὸν
636 1135 834 1212 κλῆρος]
864 1136 1052 1188 τοῦτον
1086 1136 1273 1205 σχεδὸν
1314 1139 1494 1190 πάντα
1525 1137 1887 1205 τετιμηκότος

323 1227 418 1276 καὶ
444 1220 623 1289 αὖθις,
652 1230 745 1277 καὶ
775 1216 953 1298 διοινῇ,
978 1229 1072 1281 καὶ
1117 1230 1225 1297 ἰδίᾳ
1256 1229 1388 1282 πᾶσι
1419 1228 1557 1297 πρὸς
1591 1227 1689 1289 τὰς
1725 1230 1884 1295 ἐπερο

324 1315 562 1384 χομένας
595 1317 840 1383 ἀνάγκας
870 1319 964 1371 καὶ
999 1316 1316 1388 βοηθοῦντος
1355 1319 1451 1370 καὶ
1494 1316 1887 1385 σὺνεργοῦντος

319 1407 553 1473 ἀόκνως,
596 1412 785 1464 καὶτὸ
834 1414 1050 1481 ἀφιέναι
1085 1415 1248 1467 πᾶσιν
1295 1412 1478 1482 ἔργοις
1522 1410 1689 1465 αὑτοῦ
1743 1411 1886 1463 κατὰ

319 1498 413 1551 τδν
438 1499 579 1554 θεῖον
610 1505 773 1571 νόμον
801 1505 1128 1571 δεικνύντος,
1163 1506 1356 1561 αἰωνία
1388 1508 1420 1574 ἡ
1460 1506 1671 1574 μνήμη.
1696 1505 1884 1572 Nigro-

1998 590 2355 652 conservavit,
2410 597 2532 655 post
2567 606 2695 644 vero
2761 589 2921 658 hujus
2971 590 3121 644 urbis
3170 589 3466 656 excidium,
3501 593 3556 644 in

1998 694 2214 753 sacrum
2265 679 2410 734 illius
2466 679 2718 733 thronum
2774 690 3050 745 evocatus,
3117 682 3247 733 nihil
3304 682 3448 751 quod
3493 683 3560 733 ad

2001 770 2587 825 illumstabiliendum
2651 770 2870 834 faceret,
2940 773 3098 829 modo
3157 787 3264 840 quo
3325 783 3557 851 poterat,

2002 863 2367 928 praaermisit,
2408 864 2773 930 gradibusque
2819 863 2990 916 sacris
3020 865 3222 917 clerum
3258 864 3402 919 hunc
3446 865 3560 919 fere

1998 956 2306 1026 univerﬁsum
2335 955 2629 1019 decoravit,
2671 972 2998 1024 rursumque
3035 956 3250 1024 publice
3293 968 3347 1011 et
3375 958 3559 1026 priva—

1994 1047 2083 1097 tim
2122 1045 2172 1097 in
2210 1047 2625 1101 necessitatibus
2665 1049 3075 1115 erumpentibus
3123 1049 3319 1102 auxilia
3374 1064 3559 1117 opem-

1992 1152 2095 1203 que
2122 1137 2327 1190 ferebat
2354 1141 2651 1203 diligenter,
2697 1141 2951 1194 omnibus
2983 1142 3403 1194 calidonandttm
3440 1144 3557 1197 suis

1992 1230 2318 1295 actionibus,
2348 1231 2608 1285 utdivina
2664 1233 2741 1284 lex
2796 1234 3035 1301 prwcipil
3089 1234 3380 1287 edocebat:
3415 1251 3555 1288 sent-

1995 1322 2203 1389 piterna
2232 1306 2528 1376 memoria.
2571 1320 2838 1390 Niphonis
2887 1325 3214 1378 sanctissimi
3250 1327 3419 1378 nostri
3456 1327 3557 1377 Du-

1992 1412 2123 1464 mini
2149 1411 2524 1480 Metaphrastze
2571 1415 3099 1480 'l‘hessalonieensis,
3148 1415 3443 1505 llypertitni
3474 1426 3557 1470 at-

1991 1520 2097 1572 que
2132 1505 2363 1559 Exarchi
2395 1511 2662 1559 universa:
2693 1506 2985 1561 Thessaliae
3008 1547 3022 1572 ,
3058 1509 3209 1560 multi
3242 1508 3391 1564 anni.

322 1575 533 1653 νος’τοῠ
566 1599 981 1665 παναγιωτάτου
1016 1600 1174 1668 ήμῶν
1222 1598 1505 1662 δεσπότου,
1530 1596 1624 1650 τοῦ
1664 1597 1962 1661 θειοτάτου,
1990 1596 2084 1649 τοῦ
2148 1599 2543 1667 μητροπολίτού
2605 1600 3028 1670 Θεσσαλονίκης,
3091 1601 3396 1669 ύπερτίμού
3456 1605 3551 1657 καὶ

322 1685 555 1757 ἐξάρχου
588 1671 768 1763 πάσης
800 1694 1116 1759 Θετταλίας,
1143 1694 1312 1747 πολλὰ
1336 1694 1454 1763 ἐτη.

392 1805 523 1869 Qua:
550 1808 616 1862 de
645 1809 896 1879 Niphone
931 1814 1019 1867 hic
1064 1815 1323 1868 dicuntur
1354 1824 1510 1868 erant
1540 1823 1818 1883 postrema
1861 1814 1913 1866 in
1948 1814 2039 1867 illo
2073 1810 2260 1865 codice
2302 1820 2355 1862 et
2386 1810 2488 1861 alia
2531 1823 2690 1861 manu
2726 1819 2974 1873 exarata,
3014 1821 3071 1862 ut
3104 1811 3228 1862 hinc
3265 1810 3553 1877 colligatur

316 1911 384 1950 eo
416 1900 532 1967 ipso
563 1910 800 1971 tempore
825 1904 1086 1974 Niphonis
1120 1908 1323 1983 scripta
1356 1906 1529 1961 fuisse
1556 1949 1570 1973 ,
1603 1914 1657 1960 et
1698 1905 1965 1975 praecipue
1996 1920 2116 1957 cuiu
2171 1904 2366 1955 mullos
2396 1916 2566 1954 annos
2604 1913 2872 1967 precatur,
2912 1916 3018 1953 non
3052 1912 3309 1953 aeternam
3350 1918 3553 1953 ιιιριιιο·

315 1991 479 2055 riam,
510 1996 655 2063 quod
688 2012 788 2065 pro
817 2001 1047 2054 mortuis
1085 2001 1448 2064 acclamatur,
1502 2007 1913 2053 commemorat.
1967 1997 2024 2050 In
2054 1997 2227 2064 elogio
2279 1994 2546 2047 Gabrielis
2587 1992 2642 2046 in
2676 1994 2919 2062 margine
2950 1994 3265 2047 adnotatum
3294 2007 3415 2047 erat
3449 1994 3552 2045 Σο-

316 2087 486 2153 μεὼν,
521 2087 768 2159 Symeon,
829 2093 910 2145 vel
960 2090 1232 2161 Symeom's
1266 2109 1284 2145 :
1316 2101 1371 2146 et
1420 2092 1465 2146 si
1506 2107 1616 2145 non
1652 2091 1789 2144 fallit
1829 2090 2167 2156 conjectura,
2210 2086 2446 2157 Symcon
2511 2088 2634 2151 iste,
2674 2086 2740 2138 de
2773 2100 2881 2154 quo
2920 2086 3083 2138 verba
3118 2084 3370 2151 facimus,
3400 2085 3549 2139 illius

317 2187 508 2229 auctor
546 2178 666 2243 fuit,
703 2184 1161 2250 quemadmodum
1200 2182 1484 2253 Sytneonis
1532 2182 1769 2250 elogium
1821 2180 2126 2249 Eugenicus
2185 2178 2473 2233 dictitarit.
2517 2176 2657 2231 Vixit
2689 2177 2872 2242 itaque
2910 2174 3147 2246 Symcon
3178 2186 3301 2229 ante
3333 2187 3546 2244 captam

315 2272 385 2324 ab
408 2274 667 2328 Amurate
722 2276 1193 2342 Thessalonicam,
1231 2290 1283 2331 et
1339 2286 1462 2330 ante
1511 2254 1792 2331 excidium
1852 2276 1997 2329 illius
2034 2274 2183 2329 urbis
2215 2289 2305 2329 sex
2349 2288 2564 2326 menses
2592 2271 2701 2325 fato
2751 2269 2968 2323 funt-tus
3002 2278 3092 2325 ,est
3126 2284 3139 2321 ε
3179 2269 3255 2322 illi
3302 2282 3423 2335 post
3454 2286 3553 2323 ca-

312 2375 465 2435 ptam
522 2371 787 2424 successit
825 2372 1141 2443 Gregorius.
1190 2373 1357 2441 Capta
1402 2382 1582 2423 autem
1646 2379 1733 2425 est
1765 2368 2155 2423 Thessalonica
2211 2369 2279 2420 ab
2338 2370 2599 2419 Atnurate
2662 2379 2805 2418 anno
2847 2364 2913 2417 ab
2961 2364 3092 2416 orbe
3131 2364 3349 2417 condito
3388 2364 3548 2429 6958,

318 2458 525 2513 Christi
558 2460 717 2513 1450.
768 2459 1004 2515 Joannes
1040 2463 1350 2531 Anagnosta
1382 2461 1629 2516 oculatus
1689 2474 1866 2513 rerum
1931 2462 2085 2512 testis
2121 2457 2449 2511 Narratione
2505 2457 2571 2509 de
2634 2468 2914 2524 postremo
2945 2456 3159 2509 excidio
3196 2454 3548 2511 Thessaloni-

316 2552 465 2602 censi
513 2568 525 2603 :
572 2550 827 2621 Ἐννάτην
865 2548 967 2620 ἦγε
998 2554 1090 2604 καὶ
1151 2552 1400 2623 εἰκοστὴν
1429 2554 1456 2605 ὁ
1482 2552 1722 2620 Μάρτιος
1771 2551 1893 2603 τότε
1919 2566 1933 2580 ·
1978 2552 2097 2613 ἔτος
2124 2551 2179 2602 δὲ
2224 2550 2551 2619 τριακοστὸν
2593 2548 2777 2615 ὄγδοον
2813 2547 2950 2616 πρὸς
2978 2548 3055 2616 τῷ
3094 2549 3545 2621 ἑξακισχιλιοστῷ

318 2642 626 2708 ivventas-rt}:
655 2643 960 2712 ἐνειστήκει
995 2659 1010 2696 :
1044 2641 1196 2696 Diem
1228 2643 1494 2712 aperiebat
1541 2643 1733 2696 mensis
1776 2641 1983 2693 Martia.

1886 2641 2003 2695 'tius
2038 2656 2232 2693 nonum
2260 2649 2309 2693 ct
2341 2640 2640 2693 vicesimum
2667 2638 2796 2690 anni
2832 2652 2923 2690 sea:
2962 2637 3231 2709 millesimi
3269 2655 3551 2708 nongenta-

315 2734 439 2787 simi
470 2733 721 2786 tricesimi
752 2736 943 2786 octavi.
982 2733 1120 2788 llinc
1153 2734 1361 2799 videas,
1390 2743 1659 2803 quantum
1718 2732 1940 2786 fallatur
1997 2734 2247 2785 Historia:
2298 2732 2530 2799 politicw
2565 2740 2759 2783 auctor
2792 2731 2932 2797 apud
2965 2729 3255 2785 Martinum
3289 2732 3545 2790 Crttsiuut

315 2839 370 2880 et
406 2842 528 2880 cum
558 2841 624 2881 eo
650 2826 1037 2890 Leuuclavius,
1067 2827 1305 2881 Jacobus
1335 2826 1613 2880 Pontanus
1639 2824 1793 2879 Notis
1820 2827 1870 2878 in
1900 2826 2374 2894 pt'Oloveslial‘ittttt
2411 2832 2464 2876 et
2498 2824 2611 2886 alii,
2644 2824 2736 2890 qtti
2759 2820 3163 2878 Thessalonicae
3190 2831 3550 2897 oppugnatio-

318 2937 439 2975 nem
471 2926 536 2975 ad
567 2939 773 2977 annum
800 2923 1004 2978 Christi
1040 2925 1169 2978 1451
1209 2922 1470 2978 referunt.
1530 2923 1635 2975 Alii
1694 2924 1884 2991 majori
1948 2923 2374 2975 anachronismo
2425 2921 2492 2973 ad
2553 2921 2642 2982 52,
2678 2922 2906 2988 primum
2942 2918 3224 2977 Amuratis
3248 2925 3540 2980 adventum

316 3032 441 3069 cum
478 3016 662 3070 urbem
690 3016 984 3085 Oppressit,
1010 3031 1133 3069 cum
1175 3016 1417 3072 secundo
1453 3016 1879 3079 confundentes;
1918 3027 2038 3082 post
2064 3014 2207 3067 enim
2237 3029 2410 3066 annos
2435 3014 2572 3068 duos
2604 3015 2653 3064 in
2688 3015 2931 3066 eamdem
2964 3016 3146 3081 rediit,
3190 3031 3242 3071 et
3270 3020 3541 3089 quidquid

316 3118 437 3175 post
473 3118 837 3176 expugnatam
880 3109 1067 3161 urbem
1118 3108 1398 3162 beneﬁcus
1442 3107 1770 3162 Christianis
1823 3109 2113 3169 concessit,
2161 3108 2260 3161 hoc
2315 3107 2554 3161 secundo
2604 3109 2838 3176 maligne
2870 3109 3163 3162 admodum
3198 3116 3457 3179 pervertit
3490 3129 3546 3173 et

316 3204 369 3257 in
402 3206 693 3271 pessimum
730 3213 931 3258 statum
972 3220 1055 3258 res
1086 3204 1461 3259 commutavit.
1498 3202 1621 3257 Fuit
1653 3203 1883 3273 Symcon
1927 3203 2112 3256 animo
2142 3204 2307 3265 virili,
2344 3203 2728 3271 praesentique,
2781 3206 2874 3273 qui
2932 3223 3029 3262 nee
3059 3211 3293 3278 praemiis
3343 3215 3542 3273 oblatis

314 3294 385 3345 ab
413 3295 711 3348 Amurathc
750 3293 1354 3358 'l‘hessalonicensibus,
1395 3309 1496 3347 nec
1532 3294 1694 3347 minis
1725 3297 1775 3347 in
1807 3310 1925 3348 eam
1960 3296 2282 3348 sententiam
2322 3296 2445 3348 duci
2498 3297 2689 3361 putuit,
2728 3307 2783 3349 tit
2814 3298 2986 3353 Graztti
3020 3291 3214 3370 ejectis
3243 3304 3449 3363 Latinis
3483 3311 3538 3365 in

312 3387 641 3442 deditionem
677 3386 953 3441 Amuratis
988 3386 1370 3447 concederent,
1426 3385 1655 3451 idquue
1690 3401 1719 3438 a
1775 3385 2053 3437 malevolis
2112 3387 2291 3438 aerius
2341 3396 2651 3438 accusatus.
2707 3388 2833 3442 Rem
2892 3392 3139 3459 pluribus
3189 3403 3539 3469 prosequitur

315 3485 455 3536 idem
484 3482 818 3551 Anaguosta,
854 3480 1036 3549 cujus,
1065 3494 1186 3531 cum
1222 3493 1376 3532 rarus
1409 3479 1480 3533 sit
1507 3492 1603 3529 nec
1639 3476 1892 3529 omnibus
1918 3475 2310 3537 obvius,verba
2348 3474 2474 3531 licet
2504 3478 2797 3545 prolixiora
2835 3480 2922 3536 hic
2961 3495 3252 3552 apponam.

383 3621 567 3682 Οὖτως
607 3614 699 3672 οὖν
730 3621 861 3687 ἡμῖν
906 3617 1141 3687 ἔχουσιν,
1172 3617 1294 3670 ὅσαι
1331 3634 1390 3669 τε
1421 3611 1559 3683 ὧραι
1599 3616 1767 3688 μυρία
1904 3626 1941 3678 Β
2042 3621 2048 3658 l

1904 3626 1941 3678 Β
2042 3611 2178 3667 Cum
2209 3616 2393 3682 itaque
2431 3630 2518 3668 res
2552 3626 2753 3672 nostra:
2800 3620 2872 3673 ita
2921 3637 2979 3675 se
3012 3624 3293 3689 haberent,
3335 3642 3387 3683 ct
3420 3634 3540 3687 sin-

310 3711 522 3781 χαλεπὰ
550 3710 794 3777 φέρουσι,
825 3710 919 3761 καὶ
969 3708 1065 3776 τὴν
1114 3708 1387 3776 σωτηρίαν
1442 3708 1865 3776 ἀπαγορεύουσι,

313 3802 481 3854 κακὸν
506 3801 759 3869 ἐξαίφνης
788 3798 1021 3865 ἐπῆλθεν
1052 3798 1260 3869 ἕτερον.
1294 3797 1366 3853 Τὸ
1395 3801 1438 3853 δ’
1465 3796 1532 3868 ἦν
1562 3801 1593 3866 ἡ
1625 3798 1719 3849 τοῦ
1771 3814 1867 3849 κα-

308 3892 402 3949 ὶοῦ
438 3894 717 3965 ποσμένος,
748 3892 843 3949 καὶ
886 3894 1029 3947 κατὰ
1076 3893 1166 3944 τὸν
1214 3891 1428 3959 πρῶτον
1477 3891 1710 3958 ποιμένα
1767 3888 1865 3957 τὴν

306 3987 487 4056 ψυχὴν
518 3986 604 4053 ἐφ’
629 3987 864 4053 ἑκάστης
897 3983 1134 4049 ἀφειδῶς
1171 3981 1313 4049 ὑπὲρ
1346 3980 1438 4031 τοῦ
1482 3980 1733 4045 ποιμνίου
1782 3994 1865 4028 τι·

308 4075 517 4137 θέντος,
551 4078 691 4128 κατὰ
722 4075 865 4127 Οείον
909 4073 1160 4142 βούλημα
1203 4071 1436 4139 τελευτή
1464 4071 1553 4120 ’ὲν
1589 4067 1737 4135 καλῷ
1770 4067 1866 4135 μὲν

306 4167 498 4235 ἐκείνῳ
555 4164 921 4233 γεγενημένη,
976 4161 1170 4229 βλάϐος
1221 4159 1264 4212 δ’
1313 4161 1445 4227 ἡμῖν
1493 4156 1865 4224 ὲπενεγκοῦτα

306 4260 464 4319 πολὺ,
517 4257 623 4308 τῶν
675 4256 885 4307 ἐκείνου
938 4253 1103 4305 λιτῶν
1141 4253 1276 4320 πρὸς
1312 4252 1444 4302 Θείν
1493 4251 1861 4317 στερηυεῖσιν,

303 4345 391 4411 αἷς
421 4346 757 4415 ὲσωζόμεθα.
791 4345 916 4397 Ὅτι
949 4346 1003 4397 δὲ
1043 4344 1181 4396 κατὰ
1214 4342 1363 4393 οειαν
1415 4340 1554 4409 αὕτη
1608 4339 1861 4408 βούλησιν

300 4434 390 4504 ἦν,
423 4439 588 4492 ἄκουε
615 4436 710 4489 τοῦ
739 4435 1000 4503 φανέντος
1029 4433 1105 4503 τῷ
1157 4432 1410 4501 μακαρίῳ
1453 4432 1696 4501 περιόντι
1739 4433 1858 4482 κατ’

300 4530 434 4596 ὄναρ
466 4528 677 4597 ἐκείνῳ.
710 4528 897 4591 Ἔδοξε
924 4527 1031 4596 πρὸ
1073 4525 1167 4578 τοῦ
1204 4527 1305 4590 τὴν
1345 4524 1501 4575 πόλιν
1526 4523 1604 4591 τῷ
1640 4522 1860 4591 πολέμῳ

300 4621 570 4691 ληφθῆναι
619 4618 768 4674 οἶκόν
802 4635 923 4681 τινα
965 4619 1216 4687 λαμπρὸν
1252 4617 1479 4670 εἰσιέναι
1514 4616 1608 4668 καὶ
1634 4631 1859 4683 παμμε-

300 4713 459 4781 γέθη,
512 4711 869 4780 περισκοπεῖν
907 4726 965 4762 τε
1001 4708 1163 4761 αὑτὸν
1206 4707 1348 4759 κατὰ
1380 4707 1565 4775 μέρος,
1605 4705 1700 4757 καὶ
1731 4706 1860 4757 θαυ-

302 4804 496 4871 μάζειν
527 4802 692 4855 αύτοῦ
726 4803 786 4854 τό
824 4817 883 4853 τε
915 4801 1107 4860 κάλλος
1144 4799 1237 4850 καὶ
1274 4798 1524 4866 μέγεθος.
1562 4794 1653 4847 Ἐν
1682 4797 1858 4863 τούτῳ

296 4894 340 4947 δ’
365 4893 483 4946 ὄντι
517 4894 699 4962 φωνὴν
728 4891 928 4957 ἔξωθεν
963 4890 1269 4958 ἐνεχθῆναι,
1296 4890 1581 4954 λέγουσιν,
1615 4905 1633 4937 ι
1674 4886 1731 4938 '0
1758 4888 1854 4953 μὲν

293 4982 441 5047 οἶκος
468 4979 643 5047 οὗτος,
666 4983 725 5036 οὗ
752 4985 818 5035 τά
854 4983 978 5036 καθ’
998 4984 1252 5044 ἕκαστον,
1279 4976 1323 5032 ὦ
1348 4982 1439 5033 δέσ
1454 4996 1605 5041 ποτα,
1632 4978 1707 5040 ὡς
1734 4978 1854 5028 λίαν

293 5076 525 5145 λαμπρά
566 5077 658 5127 καὶ
705 5076 884 5142 ὡραῖα
930 5072 1231 5141 θαυμάζεις
1278 5071 1612 5141 περιαορὼν,
1669 5071 1853 5121 πίπτει

297 5167 356 5219 τὸ
384 5168 547 5236 τάχος
570 5181 584 5196 ⁸
611 5169 703 5217 καί
733 5167 817 5219 ἵνα
855 5166 928 5235 μή
977 5182 1038 5215 σε
1084 5162 1297 5232 καλύψῃ
1330 5160 1537 5225 πεσὼν,
1561 5162 1699 5227 ἔξιθι
1730 5161 1854 5211 τού-

289 5276 384 5313 του
412 5261 642 5329 ταχέως.
684 5277 702 5309 ι
756 5257 940 5319 Οὕτως
986 5251 1135 5325 εἶχεν
1181 5258 1212 5319 ἡ
1264 5256 1385 5323 ὄψις
1416 5272 1427 5285 ·
1458 5257 1547 5306 καὶ
1582 5256 1661 5317 εἰς
1694 5254 1853 5323 ἔργον

288 5346 425 5422 ἧκεν
455 5353 555 5403 οὐκ
576 5353 654 5411 εις
688 5350 904 5420 μακράν
924 5364 937 5377 ⁸
972 5350 1176 5409 ἐκεῖνος
1205 5350 1304 5417 μὲν
1330 5350 1458 5416 γὰρ,
1487 5348 1573 5399 ἴνα
1603 5349 1850 5415 ἀναφανῇ

287 5443 520 5506 δίκαιος,
557 5444 655 5496 καὶ
693 5442 797 5495 τῶν
830 5441 1039 5492 πολλῶν
1071 5440 1168 5508 τῆς
1196 5440 1397 5507 ἀρετῆς
1434 5439 1641 5491 ἐκείνου
1672 5438 1850 5507 καμά-

283 5548 391 5585 των
430 5531 574 5604 λάϐῃ
620 5531 718 5594 τὰς
763 5529 1085 5590 ἀντιδόσεις,
1114 5531 1335 5590 εἰκότως
1388 5527 1551 5589 οὕτω,
1587 5530 1683 5580 καὶ
1746 5529 1850 5595 πρὸ

285 5624 384 5693 τῆς
415 5624 601 5693 κοινῆς
644 5623 956 5693 συμφορᾶς,
996 5621 1128 5691 πρὸς
1174 5619 1232 5671 ὃν
1276 5619 1462 5672 ἐπόθει
1497 5618 1698 5689 Κύριον
1734 5618 1849 5683 ἐξε-

285 5714 547 5785 δήμησεν.
574 5715 648 5769 ού
682 5716 788 5786 γὰρ
819 5714 1027 5767 δίκαιον
1061 5711 1233 5765 τοῦτο
1253 5712 1403 5780 παρά
1432 5711 1568 5763 Θεοῦ
1603 5711 1845 5782 κέκριτο,

284 5808 546 5865 τοιούτων
579 5808 665 5866 ἶνα
695 5806 882 5860 κακῶν
910 5808 1100 5875 πεῖραν
1132 5808 1251 5873 σχῇ,
1286 5806 1380 5857 καὶ
1403 5807 1706 5875 κοινωνήσῃ
1737 5805 1844 5859 τῶν

1973 3705 2096 3773 gula
2134 3714 2406 3759 momenta
2460 3708 2777 3761 innumeras
2826 3726 2992 3779 prope
3042 3729 3213 3769 noxas
3250 3718 3538 3786 inferrent,

1970 3795 2144 3862 deque
2192 3796 2368 3848 salute
2396 3795 2832 3863 desperaretnus,
2877 3800 3076 3853 malum
3126 3803 3268 3857 alul
3318 3822 3537 3874 repente

1972 3883 2201 3951 irrupit,
2258 3894 2312 3937 et
2372 3886 2685 3937 validiorem
2738 3889 3025 3943 adamante
3083 3894 3323 3947 animum
3382 3900 3559 3968 disjis

1969 3978 2142 4039 ciens,
2192 3978 2315 4029 boni
2376 3977 2584 4030 scilicet
2642 3981 2900 4045 pastoris,
2932 3994 2983 4034 et
3038 4000 3192 4052 reque
3218 4002 3280 4041 ac
3326 3991 3536 4055 primus

1970 4078 2156 4134 pastor
2189 4068 2435 4136 quotidie
2489 4069 2713 4130 profuse
2762 4073 2997 4125 animant
3043 4080 3316 4142 puneutis,
3351 4080 3537 4136 divino

1970 4157 2199 4209 consilio
2232 4158 2434 4223 obitus,
2495 4159 2569 4211 illi
2628 4160 2847 4227 quidem
2905 4162 3177 4217 fortunate
3214 4174 3534 4231 succedens,

1969 4250 2122 4301 nobis
2156 4265 2286 4301 vero
2316 4249 2512 4303 damna
2566 4269 2737 4320 eaque
2794 4256 3028 4323 ingentia
3080 4258 3402 4327 importatis,
3441 4266 3535 4333 qui

1966 4340 2109 4393 illius
2137 4340 2203 4394 ad
2248 4341 2412 4395 Deum
2447 4342 2721 4409 precibus.
2756 4347 2955 4414 quibus
2982 4349 3144 4403 saluti
3170 4362 3369 4406 nostra:
3403 4372 3531 4423 pre-

1968 4432 2268 4497 videbatur,
2336 4434 2633 4501 privamur.
2703 4433 2767 4487 Et
2830 4437 3015 4492 divino
3077 4442 3308 4495 consilio
3378 4446 3529 4499 illuni

1965 4524 2253 4587 contigisse
2280 4524 2539 4591 conjicies
2583 4541 2647 4578 ex
2679 4526 2784 4581 illis
2835 4545 2955 4597 qua:
3005 4532 3081 4584 illi
3129 4534 3306 4589 adhuc
3338 4551 3532 4604 super-

1964 4614 2073 4666 stiti
2108 4616 2249 4667 inter
2295 4615 2676 4668 somniandum
2714 4629 3028 4674 evenerant.
3085 4619 3247 4678 Visus
3279 4638 3361 4679 est
3396 4629 3528 4693 sibi,

1965 4716 2254 4773 antequam
2292 4709 2419 4760 urbs
2477 4708 2617 4761 bello
2670 4712 3006 4777 concideret,
3037 4716 3257 4769 domum
3312 4722 3535 4787 pra-ela-

1964 4811 2079 4848 tam
2108 4808 2160 4850 et
2196 4800 2486 4851 tnaxitnam
2548 4803 2815 4868 ingresso,
2875 4805 3119 4873 singulas
3173 4809 3320 4863 illius
3350 4826 3531 4880 partes

1964 4889 2252 4957 inspicere,
2287 4902 2341 4945 et
2370 4893 2586 4958 decora,
2638 4906 2692 4947 et
2746 4898 3169 4965 magnitudinem
3208 4920 3344 4971 mag:
3369 4919 3532 4971 opere

1912 4995 1927 5012 ι
1966 4986 2238 5039 demirari.
2278 4985 2371 5040 llis
2406 4989 2667 5042 intentum
2703 5007 2885 5045 vocem
2917 4993 3117 5050 deforis
3150 5000 3529 5053 advenientem

1965 5076 2263 5130 luattdisse.
2308 5098 2325 5128 ‹
2351 5079 2547 5133 Domus
2576 5082 2705 5145 hac,
2733 5083 2889 5152 cujus
2920 5099 3101 5153 partes
3136 5089 3380 5155 singulas
3408 5091 3529 5144 illit-

1963 5177 2104 5245 stres
2170 5179 2331 5237 atque
2389 5183 2643 5227 venustas
2699 5176 3054 5231 considerans
3096 5180 3524 5243 admiraris.ac-

1963 5270 2137 5314 tutum
2168 5264 2438 5329 concidet,
2467 5276 2518 5317 ct
2544 5282 2609 5318 ne
2640 5277 2689 5319 te
2718 5281 2815 5320 sua
2851 5271 3004 5322 ruina
3041 5273 3333 5340 Opprimat,
3361 5291 3523 5344 quam

1960 5353 2069 5404 cito
2103 5353 2248 5407 foras
2276 5356 2426 5422 eripe
2460 5366 2530 5409 te.
2565 5375 2582 5407 ι
2619 5357 2803 5411 Visum
2846 5361 2946 5412 hoc
2993 5362 3184 5415 eﬂ‘ertu
3219 5380 3323 5416 non
3356 5367 3528 5420 multo

1962 5454 2083 5507 post
2106 5448 2519 5509 comprobatum
2552 5456 2652 5500 est.
2715 5449 2805 5502 Illc
2858 5454 3078 5512 etenim,
3132 5464 3185 5505 ttt
3213 5454 3393 5522 justus
3433 5472 3525 5523 ap-
3570 5510 3577 5529 ι

1960 5543 2191 5599 pareret,
2217 5544 2270 5587 et
2296 5535 2509 5589 virtutis
2539 5552 2652 5592 sua:
2683 5541 2973 5593 multorum
3024 5543 3269 5596 laborum
3304 5549 3521 5613 prannia

1960 5624 2206 5687 referret,
2240 5628 2340 5690 sic,
2384 5629 2455 5680 uti
2496 5644 2590 5696 par
2619 5641 2735 5683 erat
2775 5641 2828 5684 et
2861 5643 2983 5687 ante
3027 5648 3318 5690 commune
3348 5636 3523 5690 infor-

1960 5717 2171 5769 tunium
2230 5718 2296 5770 ad
2353 5717 2544 5781 Deum,
2581 5736 2741 5790 quem
2795 5732 3077 5793 tantopere
3140 5729 3519 5796 concupiverat

1959 5808 2232 5876 migravit.
2270 5809 2456 5879 Neque
2481 5813 2624 5865 enim
2657 5815 2863 5883 justum
2913 5817 3053 5885 apttd
3094 5816 3257 5872 Deum
3299 5830 3518 5895 reputa»
