4216 6432
705 421 771 485 15
1548 425 1850 486 8ΥΜΕΟΝ
1891 426 2336 486 THESSALON
2346 428 2368 485 1

2261 426 2648 489 )NICENSIS
2690 427 3047 487 ARCHIEP.
3647 473 3660 486 .
3862 418 3926 480 16

707 537 887 600 batur,
949 535 1206 589 similium
1264 534 1529 586 malorum
1590 552 1712 588 eum
1751 536 2068 605 participem
2123 537 2260 590 ﬁeri.
2295 541 2372 596 At

2295 543 2340 596 Α
2371 537 2503 592 ἰσων
2531 539 2665 606 ἡμῖν
2689 553 2704 569 ⁸
2729 537 2987 605 ἀνόμοιος
3011 537 3120 604 γὰρ
3152 529 3218 602 ἦν
3246 535 3356 595 τοῖς
3382 530 3559 590 ἄλλοις
3590 529 3618 580 ό
3645 526 3756 594 βίος
3783 527 3925 579 ἑκεί-

706 627 827 683 Vita
858 629 1120 696 siquidem
1165 626 1308 681 illius
1351 641 1455 678 non
1512 636 1628 680 erat
1673 630 1796 683 aliis
1843 629 2060 690 similis,
2090 638 2143 681 et
2175 643 2264 680 se-

708 723 851 774 mita:
878 721 1124 784 diversm,
1161 728 1216 773 nt
1243 735 1365 771 eum
1416 717 1704 772 Salonium:
1760 722 1969 788 loquar.
2001 718 2109 773 Nos
2136 734 2262 772 vero

709 813 1052 881 improbitate
1086 814 1244 881 plane
1281 812 1488 881 repleti,
1529 811 1578 865 iii
1628 811 2054 880 eugitationtbus
2082 811 2262 865 cordis

707 904 875 956 nostri
908 903 1125 970 pessimi
1173 903 1537 957 ambulantes.
1583 910 1638 953 ut
1691 901 1954 955 Jeremias
1988 900 2179 970 inquit,
2209 909 2263 953 et

707 997 926 1062 perinde
974 1005 1134 1064 atque
1184 996 1440 1063 antiquus
1492 993 1676 1059 Israel,
1740 1004 2162 1058 murmurantes,
2201 1009 2231 1046 υ

705 1084 864 1138 nobis
921 1086 1222 1147 allubescit,
1286 1085 1448 1138 rebus
1502 1099 1608 1137 non
1672 1084 2089 1139 succedentibus
2141 1087 2263 1154 jure

707 1178 904 1230 merito
938 1176 1095 1237 mala,
1154 1185 1208 1228 et
1263 1173 1434 1228 solida
1467 1175 1780 1230 calamitate
1839 1186 2164 1237 mactamur,
2207 1186 2261 1229 et

706 1267 798 1320 tali
851 1266 964 1319 viro
1016 1265 1293 1330 orbamur,
1347 1265 1440 1333 qui
1491 1267 1641 1321 solus
1693 1265 2059 1319 amictissimis
2112 1266 2263 1318 hisce

708 1358 1048 1426 temporibus
1089 1366 1145 1410 et
1194 1355 1249 1408 in
1305 1358 1468 1410 tantis
1505 1370 1686 1410 rerum
1735 1355 2149 1409 discriminibus
2173 1371 2253 1408 so~

707 1450 892 1504 latium
925 1457 1282 1501 remanserat.
1323 1447 1521 1500 Omnes
1564 1445 1830 1514 siquidem
1877 1461 2026 1508 eum,
2073 1447 2148 1499 uti
2180 1447 2259 1497 vi-

707 1542 868 1594 talem
941 1539 995 1593 iu
1049 1539 1204 1592 nobis
1271 1537 1581 1590 faiztiltatem
1647 1537 2054 1604 reputabamus,
2117 1537 2262 1590 illius

707 1645 938 1688 mortem
993 1632 1370 1688 tantummodo
1441 1631 1774 1684 ducebamus
1831 1631 2094 1685 adversus
2161 1645 2261 1684 nos

703 1728 1019 1794 justissitm-
1061 1723 1309 1776 Numinis
1343 1723 1641 1788 partitionis
1690 1723 1993 1776 exordium.
2029 1721 2142 1775 Hoc
2168 1737 2262 1776 eos

709 1820 982 1884 redarguit
1022 1815 1382 1878 apertissime,
1451 1814 1543 1882 qui
1600 1813 1821 1882 indigna
1878 1813 2022 1866 dicta
2055 1813 2258 1866 incum

709 1910 962 1978 ingerunt
1007 1917 1062 1960 et
1108 1904 1350 1958 infamia
1387 1915 1636 1969 onerant,
1706 1903 1850 1972 quod
1901 1904 2262 1972 proditionem

709 2017 819 2054 non
851 1999 1099 2061 suaserit,
1134 2009 1186 2050 et
1213 1995 1357 2064 quod
1403 2010 1496 2048 eos
1533 1993 1768 2064 propriis
1817 1995 2058 2048 consiliis
2101 1996 2264 2050 altius

709 2092 986 2164 quidpiam
1041 2088 1362 2142 meditantes
1423 2089 1475 2140 in
1536 2103 1612 2150 se,
1678 2089 2013 2156 represserit.
2061 2088 2267 2156 Opinor

709 2185 960 2254 equidem
998 2196 1119 2250 ego,
1151 2196 1273 2233 cum
1309 2179 1465 2232 vellet
1501 2177 1660 2242 Deus,
1714 2190 1771 2230 ut
1816 2181 2065 2232 (minibus
2107 2181 2262 2232 inno-

711 2291 962 2335 lCSCCI'tzl,
997 2273 1119 2341 quis
1155 2272 1236 2324 vir
1281 2271 1368 2324 ille
1413 2285 1567 2323 sacer
1620 2278 1848 2322 essetet
1897 2287 2128 2338 quorutn
2178 2271 2265 2324 di-

711 2385 869 2439 guns,
903 2368 995 2435 qui
1032 2380 1157 2419 vero
1203 2380 1302 2416 nos
1350 2374 1400 2416 et
1434 2363 1630 2430 quibus
1672 2362 1846 2430 pinnis
1876 2363 2115 2428 obnoxii,
2146 2363 2267 2432 qui-

713 2461 816 2512 bus
867 2456 1102 2510 miseriis
1163 2455 1308 2521 justc
1378 2455 1750 2516 excrucianui,
1826 2453 1876 2504 td
1911 2465 2127 2520 prepter
2179 2468 2267 2508 res

713 2550 1013 2616 utriusque,
1061 2548 1110 2598 in
1162 2560 1273 2597 rem
1303 2545 1520 2611 utrique
1557 2545 1909 2612 disposuisse.
1943 2544 2128 2612 Itaque
2159 2554 2264 2597 tam

711 2641 831 2692 diro
865 2637 1026 2700 malo,
1060 2635 1208 2688 obitu
1238 2649 1428 2700 nempe
1459 2634 1604 2687 illius
1644 2635 1855 2688 adnexo
1908 2644 1963 2688 et
2009 2634 2267 2688 omnibus

714 2730 766 2782 in
812 2727 1028 2780 civitate
1087 2723 1239 2786 viris,
1296 2723 1636 2788 mulieribus,
1685 2725 1890 2790 pueris,
1918 2722 2141 2785 Latinis,
2171 2723 2267 2777 Ju-

712 2820 845 2874 dxis
880 2831 1095 2887 quoque
1142 2816 1275 2885 ipsis
1306 2816 1673 2870 miserandum
1704 2815 1759 2869 in
1792 2817 2011 2869 modum
2062 2831 2268 2870 sermo-

713 2926 811 2965 nes
848 2910 1272 2972 conferentibus,
1303 2917 1358 2961 et
1407 2907 1613 2976 reliqua
1647 2907 1849 2969 omnia,
1886 2923 2006 2978 qua:
2029 2924 2122 2963 eos
2153 2918 2264 2962 tum

717 3001 1052 3071 aﬂligebaut,
1085 3016 1113 3054 e
1140 2999 1400 3053 memoria
1433 2999 1846 3068 deponentibus,
1878 3002 2113 3069 pastOris
2151 3011 2269 3054 tan-

714 3103 827 3147 tum
867 3091 1221 3161 privationem
1258 3090 1312 3143 in
1345 3100 1577 3145 mentem
1612 3092 1991 3147 revocantibus
2028 3103 2082 3147 et
2125 3107 2268 3162 saepe

713 3185 916 3254 saepius
951 3183 1369 3253 proferentilius,
1416 3184 1920 3254 asserentibusque,
1948 3194 2005 3239 ut
2032 3185 2144 3253 jam
2188 3192 2267 3240 in-

723 3279 844 3342 nui,
886 3287 939 3330 ct
973 3292 1078 3330 non
1134 3284 1336 3328 temere
1382 3273 1753 3341 credentibus,
1819 3277 2080 3331 iudicium
2135 3278 2266 3332 illud

715 3386 834 3426 esse
857 3382 923 3422 er
944 3366 1138 3420 divina.-
1163 3365 1460 3435 punitionis
1487 3375 1540 3420 ct
1567 3367 1836 3421 subsecuti
1866 3367 2083 3432 excidii,
2115 3380 2267 3422 etc...

718 3464 824 3517 Sed
851 3476 976 3515 eum
1031 3460 1134 3512 liuc
1191 3457 1554 3528 pervenerim,
1581 3459 1769 3527 paucis
1796 3457 2131 3528 compellabo
2172 3460 2277 3513 ιω--

712 3555 825 3623 jus,
868 3551 1162 3606 alteriusve
1196 3550 1626 3604 insimulatores.
1670 3548 1903 3604 Ubinam
1950 3553 2119 3606 eratis
2154 3567 2269 3618 vos,

715 3660 839 3699 cum
875 3645 988 3697 haec
1023 3641 1257 3695 Murates
1289 3639 1548 3696 offerret?
1585 3639 1774 3694 Nonne
1818 3641 1873 3693 in
1913 3641 2067 3705 urbe,
2095 3651 2150 3696 et
2181 3657 2272 3696 ve-

718 3738 848 3792 stris
877 3750 937 3790 ea
966 3734 1186 3788 auribus
1219 3733 1558 3801 usurpastis?
1586 3732 1701 3798 Qua
1729 3732 1889 3802 igitur
1915 3735 2128 3787 ratione
2175 3749 2270 3787 co-

718 3829 899 3898 gitatis
929 3827 1011 3881 usi
1060 3841 1164 3879 nou
1207 3825 1377 3878 estis?
1407 3824 1583 3889 Quare
1615 3824 1682 3877 de
1716 3825 1914 3893 quibus
1947 3825 2083 3879 alius
2114 3825 2270 3879 iucuo

721 3922 878 3983 satis,
926 3918 1067 3987 quod
1125 3933 1231 3971 non
1286 3916 1658 3980 fecerint,‘vos
1693 3917 1794 3985 ipsi
1823 3918 2112 3971 occasione
2152 3932 2272 3986 pre-

722 4019 902 4063 mente
945 4015 1002 4059 ct
1040 4006 1191 4059 nulio
1239 4004 1567 4073 impediente
1623 4019 1730 4057 non
1766 4006 2105 4073 pertecistis?
2135 4004 2272 4059 Tum

719 4103 863 4153 enim
916 4096 1098 4149 nullus
1127 4105 1309 4163 pastor
1338 4107 1474 4149 erat.
1512 4095 1755 4164 Namque
1779 4107 1904 4151 ante
1931 4112 2024 4151 sex
2059 4113 2272 4153 menses

722 4192 861 4244 inter
891 4189 1038 4241 vivos
1080 4202 1202 4241 esse
1249 4186 1486 4240 desierat
1518 4203 1534 4240 :
1565 4203 1746 4258 neque
1790 4189 1921 4268 dira;
1965 4198 2144 4255 erant,
2177 4205 2274 4244 nec

721 4284 848 4345 alia,
879 4296 999 4348 qua:
1026 4294 1124 4333 vos
1176 4281 1471 4334 recensetis
1517 4287 1571 4334 et
1605 4295 1698 4348 per
1729 4280 1924 4350 digitos
1957 4292 2147 4336 exacte
2175 4298 2274 4335 nu-

724 4373 964 4426 meratis.
995 4370 1133 4435 Quid
1169 4371 1332 4440 igitur
1384 4373 1538 4425 vobis
1594 4372 1976 4441 impedimento
2008 4375 2150 4428 fuit?
2181 4387 2274 4428 aut

722 4464 881 4533 cujus
914 4477 1052 4531 opus
1088 4462 1351 4516 eventus?
1378 4461 1613 4524 Nullius,
1640 4464 1866 4532 quilibet
1895 4467 2272 4535 respondebit,

2368 646 2483 691 vou,
2510 630 2606 680 καὶ
2647 627 3042 697 ἐξηλλαγμέναι
3083 627 3137 678 αί
3173 623 3367 694 τρίσοι.
3389 623 3450 674 τὸ
3487 617 3828 686 Σολομῶντος
3851 619 3926 668 sl-

2367 724 2486 772 πεῖν
2507 737 2520 750 ·
2557 721 2710 789 ἡμεῖς
2736 720 2793 771 δὲ
2825 720 3024 780 κακίας
3048 718 3310 784 γέμοντες
3343 715 3476 776 ὅλως
3504 714 3597 764 καὶ
3622 710 3798 763 ὀπίσω
3817 709 3927 760 τῶν

2366 810 2766 880 ἐνθυμημάτων
2829 813 2926 878 τῆς
2991 807 3215 876 καρδίας
3271 805 3431 874 ἡμῶν
3494 802 3595 872 τῆς
3662 800 3922 868 πονηρᾶς.

2365 903 2537 954 Τοῦτο
2570 903 2632 972 δὴ
2663 902 2723 954 τὸ
2762 901 2856 954 τοῦ
2903 901 3196 969 Ἰερεμίου,
3230 899 3622 966 πορευόμενοι*
3655 895 3748 946 καὶ
3786 890 3929 944 κατὰ

2365 996 2455 1048 τὸν
2480 995 2648 1047 πάλαι
2673 994 2979 1061 γογγυσταὶ
3000 993 3358 1060 τυγχάνοντες
3401 986 3640 1055 Ἰσραὴλ,
3664 984 3808 1037 κατὰ
3828 984 3928 1050 τὴν

2363 1087 2637 1156 ἡμετέραν
2692 1086 2992 1155 ἐπιθυμίαν
3045 1081 3345 1136 ἀπολαύειν
3378 1081 3529 1142 ὅπως
3561 1079 3662 1131 οὐκ
3732 1077 3929 1144 ιχομιν

2363 1180 2473 1230 τῶν
2507 1180 2874 1246 πραγμάτων,
2900 1175 3124 1236 δικαίως
3161 1175 3305 1227 οὕτω
3341 1171 3706 1242 πεπράγαμεν
3739 1169 3930 1220 δυοτυ⁹

2365 1273 2619 1339 χέστατα,
2649 1270 2742 1321 καὶ
2776 1268 2968 1320 τούτου
2999 1266 3222 1335 τάνδρὸς
3262 1262 3623 1335 ἐστερήμεθα,
3655 1261 3815 1325 μόνου
3834 1275 3930 1312 πε-

2368 1360 2734 1429 ριλειφθέντος
2760 1361 2816 1411 έν
2841 1358 3098 1421 τοιούτοις
3123 1359 3332 1426 καιροῖς
3371 1355 3465 1408 καὶ
3492 1353 3763 1414 τοσούτοις
3780 1353 3931 1404 ἀνια-

2367 1454 2476 1516 ροῖς
2506 1451 2870 1520 παραμύθιον.
2905 1449 3111 1511 Πάντες
3159 1449 3267 1517 γὰρ
3300 1445 3491 1514 ὥσπερ
3537 1442 3658 1496 τινά
3701 1442 3929 1508 δύναμιν

2367 1543 2606 1611 ζωτικὴν
2635 1545 2692 1594 ὲν
2717 1545 2849 1612 ἡμῖν
2883 1541 3203 1610 ἐνομίζομεν
3251 1538 3462 1599 τοῦτον,
3493 1539 3586 1590 καὶ
3613 1533 3714 1603 τὴν
3740 1533 3930 1585 τελευ-

2364 1633 2462 1704 τὴν
2497 1633 2706 1686 ἐκείνου
2743 1633 2910 1702 μηδὲν
2940 1631 3069 1685 ἀλλο
3103 1631 3345 1698 νομίζειν
3381 1631 3620 1696 εἴχομεν,
3650 1625 3683 1696 ἢ
3716 1627 3811 1693 τῆς
3844 1623 3928 1690 ἐφ’

2364 1724 2511 1790 ἡμᾶς
2568 1722 2659 1773 τοῦ
2721 1719 2855 1772 Θεοῦ
2889 1721 3233 1789 δικαιοτάτης
3281 1717 3527 1778 παιδείας
3579 1710 3691 1768 οἷον
3747 1714 3931 1783 προοί-

2371 1807 2510 1882 μιονξ
2542 1813 2714 1865 Τοῦτο
2763 1813 2871 1864 τῶν
2923 1814 3205 1864 κατειπεῖν
3242 1811 3532 1881 ᾑρημένων
3578 1809 3787 1861 ἐκείνου
3836 1823 3931 1858 σα-

2372 1904 2637 1972 φέστατος
2690 1902 2932 1969 ἔλεγχος,
2982 1906 3076 1953 καὶ
3127 1903 3252 1963 τοὺς
3301 1901 3514 1953 ἀδικίαν
3564 1898 3685 1950 κατ’
3722 1898 3931 1948 ἐκείνου

2366 1994 2682 2057 λαλοῦντας,
2716 1996 2797 2046 ὅτι
2838 1994 2914 2064 μὴ
2962 1994 3250 2062 πριιδισίαν
3298 1993 3618 2060 ὲσκέσζναντο,
3656 1989 3790 2060 μηδὲ
3821 1988 3930 2039 τῶν

2369 2087 2520 2154 σφίσι
2553 2086 2853 2140 δοκούντων
2902 2088 3177 2145 συνιέντας
3213 2084 3509 2152 βαθύτερον
3542 2083 3764 2141 ἐνδίκως
3808 2081 3931 2132 ἔπι-

2369 2177 2614 2246 στομίζει
2636 2192 2649 2206 ·
2689 2173 2844 2246 οἶμαι
2876 2181 2984 2248 γάρ
3011 2177 3139 2244 ἐγὼ,
3192 2178 3362 2241 δεῖξαι
3406 2175 3682 2245 βουληθεὶς
3714 2175 3740 2225 ό
3775 2171 3930 2234 Θεὸς,

2365 2264 2476 2331 οἷος
2522 2270 2620 2338 μὲν
2644 2271 2670 2321 ὁ
2702 2271 2843 2338 ἱερὸς
2879 2272 3082 2330 ἐκεῖνος
3118 2269 3276 2338 ἀνὴρ,
3315 2271 3406 2322 καὶ
3441 2269 3602 2320 τίνων
3653 2268 3802 2331 ἄξιος
3841 2261 3930 2335 ἦν,

2366 2357 2468 2414 οἷοι
2497 2362 2542 2416 δ’
2565 2364 2747 2432 ἡμεῖς,
2771 2363 2868 2414 καὶ
2920 2361 3074 2423 τίνας
3107 2361 3512 2431 εἰσπραχθῆναι
3547 2361 3699 2420 δίκας
3731 2359 3932 2410 δίκαιοι

2366 2450 2529 2523 ἦμεν,
2555 2453 2641 2505 διὰ
2674 2454 2830 2506 τοῦτο
2858 2454 2925 2506 τά
2952 2453 3078 2506 καθ’
3102 2453 3360 2522 ἑκάτερον
3399 2456 3563 2521 μέρος
3594 2452 3764 2512 οὕτως
3797 2450 3934 2520 ᾠκτ-

2367 2543 2570 2613 νόμησε
2597 2545 3004 2615 συμφερόντως.
3023 2545 3225 2597 Τούτου
3255 2540 3348 2596 οὖν
3371 2543 3465 2595 τοῦ
3501 2542 3701 2609 δεινοῦ,
3719 2542 3817 2608 τῆς
3844 2558 3934 2594 τε·

2368 2636 2559 2705 λευτῆς
2613 2637 2822 2688 ἐκείνου
2875 2641 3041 2706 φημὶ,
3072 2635 3527 2706 προστεθειμένον
3572 2638 3681 2697 τοῖς
3727 2635 3926 2694 ἄλλοις.

2369 2728 2461 2779 καὶ
2484 2727 2701 2780 πάντων
2722 2727 2830 2780 τῶν
2860 2729 2917 2780 ἐν
2943 2729 3010 2798 τῇ
3046 2727 3199 2780 πόλει
3229 2727 3459 2796 ἀνδρῶν,
3483 2726 3774 2794 γυναικῶν,
3807 2726 3934 2777 παί-

2367 2817 2494 2881 δων,
2523 2817 2766 2870 Λατίνων
2795 2833 2853 2869 τε
2883 2817 2976 2868 καὶ
3005 2816 3185 2870 αὐτῶν
3221 2817 3488 2871 Ἰουδαίων
3517 2816 3758 2877 ἐλεεινῶς
3795 2817 3931 2885 προς

2369 2907 2626 2976 ἀλλήλους
2656 2908 3060 2977 διομιλυύντων,
3089 2909 3181 2961 καὶ
3217 2908 3284 2960 τά
3314 2909 3414 2977 μὲν
3443 2908 3555 2962 ἀλλ’
3576 2910 3675 2960 ὅσα
3709 2909 3930 2972 τούτους

2367 2999 2554 3062 ἐπίεζε
2590 2999 2832 3068 δηλονότι
2878 3003 2944 3068 τῇ
2983 2999 3121 3072 λήθῃ
3170 3000 3680 3069 παραπεμπόντων,
3707 3000 3804 3070 τὴν
3837 3001 3930 3052 τοῦ

2369 3091 2630 3160 ποιμένος
2659 3089 2718 3142 δὲ
2767 3093 3026 3160 στέρησιν
3076 3091 3168 3143 επὶ
3209 3091 3335 3144 νοῦν
3382 3091 3788 3157 λαμϐανόντων,
3837 3093 3934 3144 καὶ

2373 3181 2610 3251 συνεχῶς
2661 3183 3071 3252 προφερόντων,
3095 3183 3192 3252 τῆς
3240 3183 3335 3236 τοῦ
3370 3184 3504 3236 Θεοῦ
3549 3201 3606 3236 τε
3659 3185 3930 3248 παιδείας,

2370 3275 2445 3336 ὼς
2502 3274 2773 3344 προύφην,
2823 3275 2916 3326 καὶ
2961 3274 3059 3344 τῆς
3104 3276 3479 3345 γεγενημένης
3519 3275 3792 3340 ἁλώσεως,
3838 3277 3934 3328 καὶ

2371 3369 2634 3436 λεγόντων
2662 3369 2884 3435 σημεῖον
2901 3365 3076 3431 τοῦτο,
3103 3369 3194 3419 καὶ
3214 3367 3650 3423 πιστευόντων...
3676 3367 3740 3419 Et
3769 3368 3930 3422 infra:

2384 3461 2523 3516 Ἀλλ’
2551 3460 2782 3513 ἐνταῦθα
2817 3461 3012 3531 μικρὸν
3040 3463 3309 3532 ἐρήσομαι
3336 3467 3464 3524 τοὺς
3492 3463 3932 3533 κατηγοροῦντας

2372 3556 2464 3610 τοῦ
2496 3556 2686 3622 δεῖνος,
2715 3560 2808 3611 καὶ
2848 3558 2945 3626 τῆς
2991 3558 3183 3619 δεῖνος.
3233 3558 3340 3610 Ποῦ
3372 3557 3492 3611 ποθ’
3521 3560 3676 3628 ὑμεῖς
3709 3555 3825 3630 ἦτε,
3853 3562 3935 3614 ὅθ’

2372 3649 2400 3700 ὁ
2438 3649 2730 3719 Μουράτης
2759 3650 2826 3701 τά
2859 3649 3083 3703 τοιαῦτα
3124 3652 3392 3720 ὑπέσχετο
3417 3668 3431 3716 ;
3460 3652 3574 3704 Οὐκ
3601 3654 3656 3704 ὲν
3686 3655 3749 3722 τῇ
3782 3653 3934 3706 πόλει

2373 3742 2467 3794 καὶ
2499 3741 2758 3810 αὐτήκοοι
2785 3741 2893 3794 τῶν
2918 3744 3377 3811 κηρυττομένωνς
3405 3745 3523 3805 Πῶς
3544 3740 3637 3797 οῦν
3654 3745 3751 3797 οὐκ
3772 3747 3934 3814 ἐχρή-

2376 3833 2543 3884 σασθε
2576 3831 2652 3901 τῷ
2679 3833 2960 3902 λογισμῷ;
2987 3833 3106 3894 Πῶς
3137 3833 3172 3886 ἃ
3202 3833 3497 3886 διανοεῖσθε
3529 3836 3628 3888 οὐκ
3660 3836 3738 3897 είς
3762 3839 3932 3906 πέρας

2371 3925 2642 3992 ἠγάγετε;
2671 3926 2794 3987 Πῶς
2819 3924 2854 3978 ἀ
2884 3925 2990 3978 τῶν
3022 3925 3198 3978 ἀλλων
3225 3929 3583 3994 κατηγορεῖτε
3616 3927 3692 3996 μὴ
3721 3944 3933 3996 πεπρα-

2373 4015 2565 4083 χότων,
2593 4015 2746 4082 ὑμεῖς
2779 4017 2877 4066 οὐκ
2929 4016 3224 4084 ἐπράξατε,
3263 4016 3457 4087 καιροῦ
3497 4018 3804 4083 καλοῦντος,
3841 4021 3934 4073 καὶ

2372 4106 2481 4158 τῶν
2506 4107 2886 4174 άπειργόντων
2930 4107 3029 4158 οὑκ
3063 4106 3272 4173 ὅντωνς
3306 4108 3427 4159 τότε
3458 4108 3563 4177 γάρ
3597 4111 3800 4180 ποιμὴν
3835 4113 3933 4165 οὐκ

2373 4193 2440 4268 ἦν
2461 4214 2474 4227 ·
2517 4198 2693 4266 μῆνας
2725 4197 2834 4266 γάρ
2887 4194 3033 4266 εἶχεν
3081 4197 3140 4262 ἒξ
3177 4199 3469 4266 γενόμενος
3500 4199 3558 4263 ἐξ
3591 4200 3895 4271 ἀνθρώπων
3919 4221 3932 4234 ο

2375 4290 2497 4341 οὐδὲ
2561 4290 2713 4358 ἀραὶ,
2737 4288 2846 4340 οὐδ’
2879 4287 2958 4340 δσ⁹
2981 4287 3123 4352 ἓτερ⁹
3155 4287 3544 4357 ἀπαριθμεῖτε.
3569 4290 3633 4340 Τί
3665 4291 3849 4345 λοιπὸν
3875 4295 3936 4347 τὸ

2376 4381 2627 4434 κωλῦσαν
2668 4382 2811 4449 ἡμᾶς
2838 4375 2978 4449 ἦν,ἦ
3009 4379 3155 4442 τίνος
3193 4381 3370 4449 ἔργον,
3399 4383 3500 4433 ὅσα
3545 4382 3933 4453 συμϐέϐηκενς

2378 4474 2600 4534 Οὐδενὸς
2646 4474 2751 4533 πᾶς
2795 4489 2878 4533 τις
2926 4473 2991 4522 ἂν
3030 4470 3174 4522 εἴποι
3219 4470 3573 4542 λογιζόμενος
3606 4476 3866 4538 εὐσεϐῶς,
3903 4478 3934 4544 ἢ

725 4559 810 4625 pie
841 4569 953 4607 rem
1011 4561 1354 4621 computans,
1416 4569 1579 4621 quam
1644 4563 1845 4608 nostra:
1886 4556 2270 4624 improbitatis,
2302 4565 2390 4622 D1

2302 4565 2352 4622 Ι)
2377 4565 2478 4632 τῆς
2508 4565 2662 4632 ἡμῶν
2697 4563 2970 4630 ἁμαρτίας
2999 4564 3228 4616 ἑκάστου
3252 4563 3345 4616 τὸν
3371 4566 3638 4636 ἀόργητον
3666 4569 3744 4628 εἰς
3769 4567 3935 4636 ὀργὴν

723 4661 846 4716 quae
885 4645 952 4698 ab
989 4644 1265 4698 iracundia
1317 4645 1543 4697 liberum
1599 4647 1763 4699 Deum
1831 4647 1885 4699 in
1935 4648 2270 4702 iracundiam

726 4737 892 4792 movit
915 4746 967 4789 et
1018 4738 1081 4788 ad
1133 4736 1301 4788 nostri
1335 4737 1688 4804 pnnitiouem,
1740 4737 1833 4805 qui
1868 4739 2168 4792 incorrcete
2202 4741 2276 4792 la-

729 4833 929 4895 bimur,
960 4831 1235 4891 excitavit,
1289 4836 1348 4881 ut
1388 4831 1454 4882 ad
1502 4830 1864 4898 nosmetipsos
1895 4831 2186 4885 redeuntes
2221 4834 2274 4884 in

727 4933 998 4991 posterum
1031 4923 1327 4989 sapiamus.
1371 4921 1525 4984 Quod
1562 4921 1608 4974 si
1655 4922 1777 4990 quis
1807 4932 1932 4974 ante
1973 4932 2091 4975 aeta
2143 4936 2274 4975 tem-

725 5027 855 5083 pora
899 5027 1330 5066 commemorans
1362 5014 1553 5064 iterum
1597 5011 1754 5064 nobis
1791 5022 2047 5079 opponat,
2087 5022 2140 5065 et
2179 5011 2277 5065 Pa-

728 5104 860 5158 διοιί
899 5119 1116 5157 causam
1149 5104 1423 5171 appingat,
1466 5103 1557 5168 qui
1608 5102 1804 5155 dedere
1850 5118 1908 5156 se
1943 5104 2270 5168 volentibus,

726 5197 888 5248 etiam
929 5196 1194 5250 sententia
1221 5196 1364 5248 dicta
1393 5191 1745 5255 contradixit,
1777 5195 2098 5249 insanientis
2131 5197 2276 5265 cogi-

731 5290 962 5341 tationes
993 5287 1241 5354 suscipit.
1273 5285 1514 5339 Primum
1545 5285 1692 5339 enim
1745 5301 1850 5339 non
1896 5287 2121 5342 addecet
2151 5305 2281 5358 putt-

727 5380 921 5434 titicem
977 5393 1158 5432 rerum
1219 5377 1530 5430 militarium
1585 5377 1729 5445 jura,
1762 5387 1815 5430 et
1865 5377 2009 5430 bune
2058 5380 2277 5447 quidem

729 5483 1076 5539 tyraunurmn
1122 5484 1270 5522 more
1304 5469 1603 5536 principatu
1637 5469 1856 5535 pellere,
1903 5471 2052 5521 illum
2088 5481 2278 5524 contra

730 5567 783 5618 iu
823 5565 1218 5634 possessionem
1245 5562 1561 5626 immittere,
1592 5570 1646 5614 et
1673 5564 2032 5616 mutationum
2084 5574 2136 5617 et
2171 5579 2277 5618 eae-

726 5659 897 5718 dium,
927 5669 1136 5707 necnon
1160 5653 1505 5714 damnorum,
1557 5667 1676 5719 qua:
1711 5654 1838 5706 dum
1867 5669 2052 5707 rerum
2107 5666 2281 5709 status

729 5748 1065 5805 immolatur,
1093 5742 1366 5804 eveniunt,
1400 5750 1679 5794 auctorem
1732 5757 1874 5796 esse.
1916 5741 2100 5812 Neque
2129 5748 2274 5798 enim

727 5849 837 5902 ipse
886 5834 937 5885 in
990 5830 1350 5901 tytattlticnm,
1407 5831 1497 5883 sed
1559 5830 1609 5881 in
1667 5829 2002 5883 sacerdotale
2045 5840 2096 5884 et
2136 5833 2280 5886 mitis

2379 4657 2500 4710 καθ’
2543 4659 2698 4724 ἡμῶν
2745 4655 3065 4723 κινησάσης,
3110 4656 3359 4709 παιδείαν
3409 4659 3542 4726 ἡμῖν
3596 4661 3938 4726 ἐπενεγκεῖν,

2381 4749 2660 4801 πταίουσιν
2709 4748 3030 4815 ἀδιόρθωτα,
3087 4749 3174 4801 ἴνα
3227 4750 3358 4816 γοῦν
3399 4752 3608 4804 ἑαυτῶν
3655 4753 3938 4819 γενόμενοι

2381 4841 2471 4890 καὶ
2515 4839 2608 4891 τοῦ
2648 4838 2838 4892 λοιποῦ
2889 4841 3333 4909 σωφρονίσωμεν.
3386 4842 3449 4892 Εἰ
3477 4842 3530 4894 δέ
3561 4860 3642 4903 τις
3669 4843 3775 4895 τῶν
3809 4847 3938 4911 πρὶν

2379 4930 2845 4998 ἀπομνημονεύων
2879 4930 3106 4999 χρόνων,
3139 4933 3231 4983 καὶ
3282 4933 3444 4986 πάλιν
3498 4935 3628 5001 ἡμῖν
3661 4934 3937 5006 ἀντιλέγῃ,

2380 5020 2473 5070 καὶ
2501 5020 2588 5086 τῷ.
2609 5021 2830 5086 ποιμένι
2856 5021 2951 5088 τὴν
2982 5022 3160 5072 αἰτίαν
3196 5023 3394 5091 ἐπάγῃ,
3430 5025 3543 5082 τοῖς
3583 5025 3938 5091 προδεδόσθαι

2381 5108 2624 5161 ἐθέλουσι
2659 5109 2734 5177 μὴ
2770 5110 2835 5161 τά
2873 5110 2960 5161 ῐσα
2989 5111 3342 5180 φρονήσαντι,
3375 5113 3465 5163 καὶ
3497 5111 3940 5182 βουλευσαμένῳ,

2385 5202 2686 5270 μεμηνότος
2712 5198 2884 5269 οἶμαι,
2930 5204 3190 5269 κέκτηται
3237 5203 3552 5270 λογισμούς.
3583 5205 3804 5268 Πρῶτον
3847 5208 3946 5276 μὲν

2381 5294 2490 5360 γάρ
2520 5295 2580 5344 οὐ
2614 5293 2710 5344 τοῦ
2761 5295 3038 5361 σχήματος
3075 5294 3169 5347 τοῦ
3219 5296 3520 5364 ἀρχιερέως
3561 5301 3947 5365 στρατηγικῶν

2382 5387 2724 5454 πραγμάτων
2762 5387 3282 5455 άντιλαμὸάνεσθαι,
3311 5390 3406 5439 καὶ
3440 5393 3528 5440 τὸν
3571 5391 3668 5457 μὲν
3694 5406 3944 5458 τυραννι-

2382 5478 2491 5537 κῶς
2551 5476 2773 5540 ἐξωθεῖν
2831 5480 2928 5546 τῆς
2981 5480 3179 5550 ἀρχῆς,
3227 5483 3319 5532 τὸν
3350 5480 3404 5532 δὲ
3437 5481 3802 5548 ἀντεισάγειν,
3853 5486 3947 5537 καὶ

2383 5567 2747 5634 πραγμάτων,
2784 5567 2877 5618 καὶ
2909 5569 3090 5635 φόνου,
3117 5586 3208 5620 και
3249 5569 3485 5639 ζημιῶν,
3511 5571 3716 5623 τούτων
3743 5572 3808 5640 δὴ
3836 5572 3947 5625 τῶν

2383 5657 2442 5706 ὲν
2471 5659 2587 5715 ταῖς
2616 5657 2933 5723 ἐναλλαγαῖς
2968 5661 3076 5710 τῶν
3103 5661 3286 5728 ἀρχῶν
3317 5663 3746 5729 συμϐαινόντων,
3777 5665 3949 5717 αἰτιον

2383 5747 2716 5800 δείκνυσθαι.
2745 5749 2819 5800 Ού
2856 5753 2961 5816 γὰο
2997 5751 3088 5802 ἐπὶ
3125 5752 3315 5820 θρόνον
3339 5754 3503 5806 αὐτὸν
3530 5756 3824 5818 καθίζουσι
3858 5774 3944 5810 τυ-

2390 5839 2658 5907 ραννικδν,
2687 5838 2797 5889 ἀλλ’
2833 5843 2921 5892 ἐπὶ
2970 5841 3156 5909 θρόνον
3206 5846 3497 5912 ἱερατικὶν,
3549 5850 3640 5899 καί
3675 5848 3944 5899 Δεσπότιιυ
