4216 6432
327 440 389 501 Π
1604 445 1913 505 ΝΟΤΙΤΙΛ
1950 449 1990 502 Α

1882 447 1913 501 Α
1950 446 2261 504 ALTERA.
3478 438 3547 498 18’

319 556 538 623 πραέος,
584 557 673 607 καὶ
704 556 928 626 εἰρήνην
963 558 1290 623 διδάξαντος,
1330 562 1423 612 καὶ
1468 560 1546 610 δεῖ
1582 560 1770 612 τοῦτον
1806 563 1867 612 ἐκ
1898 570 1939 623 Α
1975 561 1984 613 1

1898 570 1939 623 Α
1975 561 2209 626 Domini,
2271 570 2325 614 et
2381 562 2471 629 qui
2530 574 2712 628 pacem
2752 548 3158 625 depraulicax'it,
3196 558 3351 624 cujus
3379 541 3540 609 vcsti-

317 649 516 707 παντὸς
569 649 770 715 τρόπου
821 651 1123 715 μιμεῖσθαι,
1172 653 1264 703 καὶ
1313 653 1491 718 λόγοις
1551 653 1644 704 καὶ
1691 653 1872 719 πρὰγο

321 753 504 802 μασιν.
564 738 791 790 Ἔπειτα
843 738 895 791 τί
941 740 1091 792 ἐστιν
1124 741 1262 809 ὅπερ
1299 741 1591 809 εἴργαστος
1632 741 1713 793 ὅτι
1763 741 1873 801 τοῖς

321 824 415 875 τοῦ
461 825 597 877 Θεοῦ
632 826 818 895 νόμοις
853 826 1111 896 ἐμμένειν
1157 829 1412 900 παρῄνει,
1441 830 1535 882 καὶ
1578 830 1676 897 τὴν
1722 829 1874 881 εὐσέ-

316 914 468 966 ϐειαν
501 916 848 969 συνεϐούλευε
896 919 971 987 μὴ
1014 919 1277 988 προέσθαι
1304 937 1318 984 ;
1347 921 1428 973 ὅτι
1465 920 1540 991 μὴ
1590 921 1875 985 κατεξανι-

319 1008 547 1061 στασθαι
577 1009 685 1061 τῶν
723 1010 1024 1079 ἀρχόντων,
1069 1012 1205 1064 ἀλλὰ
1259 1012 1502 1075 τούτους,
1540 1012 1615 1075 ὡς
1644 1014 1708 1065 ἐκ
1735 1012 1871 1064 Θεοῦ

319 1098 746 1168 προσληθέντας,
778 1101 1027 1154 ἐδίδασκε
1068 1103 1355 1172 στέργεινς
1392 1104 1503 1157 Καὶ
1533 1105 1583 1155 τί
1636 1121 1697 1170 γε
1748 1104 1875 1157 ἄλλο

318 1190 599 1254 προσῆκεν
631 1190 826 1259 ἐκείνῳ
873 1190 1050 1259 ψυχὰς
1106 1193 1407 1261 ἀνθρώπων
1452 1195 1588 1263 πρὸς
1615 1194 1751 1246 Θεοῦ
1788 1212 1877 1247 πιο

316 1276 627 1341 στευθέντι;
661 1278 851 1347 Ὅμως
884 1282 1089 1342 ἐκεῖνος
1140 1282 1232 1333 καὶ
1262 1281 1433 1343 οὕτως
1463 1282 1602 1351 ἔχων
1634 1283 1718 1349 ἐφ’
1745 1286 1873 1337 ἐκά-

318 1383 445 1419 στου
497 1371 689 1439 σχεδὸν
732 1374 883 1435 ἔτους
920 1374 1074 1441 ἠξίου
1109 1373 1207 1444 τὴν
1260 1375 1414 1426 πόλιν
1452 1376 1740 1427 ἀπολιπεῖν
1778 1378 1873 1429 καὶ

313 1462 450 1529 πρὸς
498 1463 597 1531 τὴν
648 1464 1024 1533 ὲνεγκαμένην
1072 1466 1363 1531 γενέσθαιο
1419 1466 1549 1528 ἴσως
1600 1468 1663 1519 ἶν’
1714 1469 1873 1536 ἡμεῖς

315 1552 455 1620 ὑπὲρ
480 1553 686 1604 ἑαυτῶν
710 1556 1069 1621 φρονήσωμεν
1088 1571 1101 1583 ·
1130 1553 1245 1605 ἀλλ’
1270 1552 1379 1605 οὐδ’
1401 1553 1573 1616 οὕτως
1596 1556 1871 1623 ὴνέχεσθε.

312 1642 469 1696 Οὕτω
496 1643 725 1712 γνώμης
770 1644 916 1705 τινὲς
969 1646 1339 1713 τετυχὴκεσαν
1388 1644 1525 1712 πρὸς
1559 1646 1667 1696 πᾶν
1696 1644 1874 1697 ὁτιοῦν

311 1735 372 1785 τὸ
429 1735 659 1803 τρεπτὺν
706 1738 1069 1803 κεκτημένης,
1122 1736 1216 1788 καὶ
1275 1736 1874 1806 συμμεταϐαλλομένης

311 1828 424 1887 τοῖς
454 1828 668 1894 καιροῖς
698 1827 794 1877 καὶ
825 1829 935 1887 τοῖς
969 1828 1308 1895 πράγμασιν.

1980 654 2080 720 giis
2121 654 2374 706 insistere
2434 653 2608 705 modis
2665 652 2921 704 omnibus
2977 654 3029 703 et
3082 651 3223 703 dicta
3287 649 3538 715 factaque

1977 746 2133 809 sequi
2191 744 2385 805 debet,
2442 743 2638 796 solium
2693 752 3061 809 promovetur.
3123 739 3381 803 Deinceps
3410 738 3538 805 quid

1978 833 2067 886 ille
2087 835 2308 888 molitus
2335 833 2462 887 est?
2506 834 2585 885 An
2626 833 2770 900 quod
2834 833 2885 884 in
2936 832 3143 898 legibus
3191 830 3388 882 divinis
3420 844 3540 900 per-

1976 926 2176 979 durare
2235 914 2662 979 adhortabatur?
2696 925 2811 977 Non
2869 939 2897 977 a
2956 922 3289 991 principibus
3338 922 3539 973 descis-

1977 1014 2232 1080 centium,
2271 1030 2406 1083 quos
2456 1016 2616 1069 veluti
2651 1030 2676 1065 a
2724 1015 2831 1068 Deo
2893 1023 3170 1082 promotos
3215 1013 3541 1065 exosculan~

1976 1105 2104 1159 dum
2138 1120 2257 1159 esse
2286 1107 2644 1160 docebat?Et
2695 1113 2874 1159 tamen
2932 1107 2981 1158 in
3036 1104 3180 1157 aliud
3223 1105 3542 1157 incumben-

1977 1199 2104 1250 dum
2136 1206 2275 1261 erat,
2306 1197 2391 1249 cui
2442 1198 2747 1250 mortalium
2809 1197 3004 1250 animae
3052 1212 3144 1265 per
3178 1195 3341 1248 Deum
3384 1200 3542 1246 erant

1976 1284 2322 1339 concreditae.
2354 1284 2725 1338 Nihilominus
2762 1287 2851 1338 ille
2902 1286 3007 1339 hoc
3053 1284 3214 1337 modo
3244 1282 3541 1350 diSpositus

1977 1375 2088 1429 fere
2117 1370 2347 1443 singulis
2378 1377 2535 1429 annis
2576 1377 2645 1429 ab
2688 1378 2820 1430 urbe
2865 1377 3117 1430 recedere
3157 1375 3368 1428 volebat
3393 1382 3445 1426 et
3484 1372 3536 1425 in

1975 1469 2201 1536 patriam
2232 1471 2449 1534 reverti,
2512 1470 2650 1523 forte
2696 1481 2750 1524 ut
2783 1486 2882 1524 nos
2920 1480 3101 1524 nostra
3131 1482 3535 1523 accurarcmus.

1977 1557 2081 1612 Sed
2115 1575 2288 1627 neque
2321 1561 2419 1613 hac
2455 1560 2662 1613 ratione
2709 1561 2857 1628 passi
2894 1562 3043 1612 estis.
3083 1558 3155 1613 Ita
3193 1567 3373 1611 mente
3401 1573 3533 1609 non-

1977 1650 2107 1703 nulli
2140 1652 2345 1718 prmtliti
2386 1660 2531 1713 sunt,
2573 1668 2695 1721 quae
2723 1667 2846 1705 cum
2881 1652 3123 1720 quolibet
3182 1649 3537 1703 mulationem

1975 1743 2227 1798 subiente
2249 1760 2369 1798 sese
2400 1745 2649 1798 immutat
2681 1753 2733 1797 et
2770 1744 2965 1797 variat.

383 1958 476 2015 llis
508 1960 793 2032 Symeonis
818 1964 1121 2020 certissima
1156 1974 1397 2034 tempora
1430 1976 1603 2021 teneo.
1630 1965 1799 2036 Capta
1826 1974 1910 2019 est
1946 1963 2331 2019 Thessalonica
2363 1980 2507 2019 anno
2542 1964 2751 2019 Domini
2790 1964 2947 2026 1450,
2981 1962 3153 2015 Martii
3188 1962 3272 2014 die
3306 1974 3444 2013 noua
3486 1966 3540 2013 et

314 2047 588 2111 vicesima,
616 2048 849 2119 Syuieon
889 2067 917 2105 e
950 2053 1089 2105 vivis
1122 2064 1437 2107 excesserat
1464 2064 1590 2107 ante
1616 2070 1711 2107 sex
1748 2060 1985 2116 menses,
2020 2068 2149 2120 ergo
2200 2054 2471 2120 praeterito
2504 2051 2831 2119 Septembri,
2866 2052 2956 2118 qui
2993 2052 3197 2117 primus
3226 2049 3349 2100 anui
3380 2046 3531 2099 Grie-

313 2148 501 2187 cnrum
526 2137 914 2204 supputatione
948 2147 1284 2193 numeratur.
1314 2139 1453 2209 Ergo
1508 2140 1612 2193 sub
1642 2138 1850 2194 Joanne
1874 2137 2134 2195 Manuelis
2159 2140 2269 2194 filio
2314 2138 2560 2193 Manuele
2614 2140 2749 2207 ipso,
2782 2152 2988 2191 necnon
3025 2137 3231 2190 Joanne
3261 2135 3535 2189 Cautacu-

319 2237 453 2274 z--no
482 2221 647 2275 vitam
675 2222 802 2294 egit.

323 2502 3485 2536 ww

1366 2744 1869 2839 NOTITIA

1995 2742 2495 2832 ALTERA.

1193 2991 1405 3055 (Fabric.
1448 2990 1678 3043 Biblioth.
1716 2993 1801 3043 Gr.
1829 2994 1907 3043 ed.
1935 2991 2151 3053 Harles.,
2187 2997 2303 3041 tom.
2330 2990 2410 3050 XI,
2435 3004 2482 3053 p.
2510 2990 2642 3042 528.l

382 3413 626 3478 Simeon,
657 3407 1161 3465 Thessalonicensis
1190 3406 1634 3477 archiepiscopus
1663 3408 1763 3477 (a),
1797 3415 1952 3461 sexto
1976 3420 2163 3461 mense
2184 3416 2310 3461 ante
2333 3415 2547 3475 captam
2585 3421 2612 3458 a
2646 3404 2851 3457 Mnrate
2882 3420 2931 3458 a.
2959 3406 3021 3458 (Ζ.
3058 3407 3207 3469 list),
3230 3406 3300 3460 29
3329 3405 3531 3471 Martii,

311 3502 755 3557 Thessalonicam
793 3497 866 3568 (b)
907 3496 1216 3557 defunctus.
1250 3496 1399 3548 varia
1454 3496 1695 3563 scripsit,
1748 3495 1949 3563 quibus
1997 3504 2051 3548 et
2104 3495 2244 3549 ritus
2293 3502 2346 3548 et
2381 3496 2631 3563 dogmata
2680 3492 2937 3546 Ecclesia:
2997 3494 3197 3547 Grmcae
3243 3495 3536 3547 illustravit

318 3589 629 3657 insigniter,
664 3595 717 3639 et
737 3583 1069 3654 oppugnavit
1096 3581 1344 3637 Latinos.
1368 3582 1557 3651 itaque
1588 3581 1708 3637 Nic.
1746 3581 2083 3645 Comnenus,
2117 3581 2338 3635 Graecus
2369 3580 2512 3641 licet,
2561 3580 2878 3633 Latinorum
2925 3591 3287 3649 propugnator
3329 3586 3535 3635 acerri-

312 3691 457 3739 mus,
492 3690 547 3740 p.
569 3673 676 3727 2l5
709 3672 943 3725 Praenot.
976 3678 1232 3739 mystag.,
1262 3667 1571 3722 Simeonem
1595 3668 1732 3721 inter
1758 3668 2048 3722 Photianos
2075 3685 2179 3722 non
2209 3668 2481 3721 Photiana'
2505 3669 2661 3735 plane
2688 3669 3003 3735 ignorantia:
3033 3671 3340 3736 participem
3364 3670 3532 3723 virum

312 3762 567 3829 appellat,
603 3768 651 3812 et
682 3760 734 3811 ni
763 3757 1072 3821 desipuisset
1098 3757 1153 3809 in
1180 3755 1536 3824 dogmatibus,
1570 3757 1767 3809 nemini
1804 3757 2148 3809 recentiorum
2181 3755 2534 3823 theologorum
2569 3758 2845 3822 imparent.
2882 3754 3097 3825 (Fabr.)
3152 3756 3313 3810 Conl.
3360 3756 3531 3809 Henr.

313 3847 581 3901 Wharton
615 3854 669 3899 et
700 3844 839 3898 Rob.
868 3842 1065 3897 Gerius
1090 3842 1153 3894 ad
1191 3841 1352 3894 Cavei
1390 3839 1531 3894 Hist.
1562 3840 1727 3898 Iitter.
1764 3842 1823 3897 S.
1862 3842 1922 3897 S.
1957 3842 2105 3895 Eccl.
2153 3852 2285 3895 tom.
2330 3842 2395 3906 ll,
2431 3859 2482 3909 p.
2518 3842 2616 3896 115
2646 3858 2787 3909 scq.;
2822 3855 3054 3911 uterque
3103 3844 3234 3897 citat
3268 3846 3531 3911 quosdam

312 3935 496 3998 codd;
557 3935 706 4004 prior
740 3939 920 3986 autem
968 3927 1205 3997 scripsit,
1237 3927 1375 3981 Sim.
1407 3925 1652 3980 Thessal.
1684 3926 1944 3981 claruisse
1970 3943 2021 3981 a.
2056 3927 2194 3980 MIO
2224 3938 2277 3981 et
2310 3927 2508 3981 obiisse
2543 3944 2595 3982 a.
2628 3928 2789 3995 1429,
2834 3945 3021 3983 mense
3053 3932 3224 3998 Scpt.,
3256 3946 3346 3985 sex
3380 3947 3534 3984 men-

315 4022 466 4075 sibus
514 4030 638 4073 ante
678 4015 1121 4071 Thessalonicam
1168 4014 1235 4067 ab
1277 4013 1535 4065 Amurate
1592 4012 1786 4065 iterum
1848 4023 2255 4083 expugnatam:
2308 4014 2575 4082 posterior
2624 4027 2809 4069 autem
2846 4018 3048 4084 prodit,
3103 4034 3225 4071 eum
3269 4019 3533 4083 claruisse

318 4124 369 4163 a.
402 4107 560 4169 £418,
588 4113 643 4159 et
669 4106 777 4157 vita
802 4102 1106 4157 decessisse
1132 4099 1296 4167 paulo
1319 4108 1448 4151 ante
1466 4109 1676 4175 captam
1701 4114 1858 4153 suam
1888 4100 2237 4169 metropolin,
2263 4116 2315 4153 a.
2346 4101 2506 4154 “30.
2530 4131 2594 4143 ——
2617 4102 2818 4155 Oudin.
2847 4102 3140 4157 Comment.
3167 4104 3230 4157 de
3252 4103 3353 4158 SS.
3384 4104 3530 4157 Eccl.

321 4193 561 4255 tom.lll,
584 4207 639 4261 p.
663 4189 807 4244 2242
838 4201 957 4257 seq.
979 4186 1047 4240 ad
1086 4200 1137 4239 a.
1176 4183 1339 4247 HlO,
1371 4184 1461 4251 qui
1499 4184 1704 4239 multus
1735 4195 1813 4239 est
1847 4186 1913 4239 de
1940 4194 2118 4250 aetate,
2160 4188 2505 4253 potissimum
2547 4188 2614 4239 de
2678 4189 2903 4257 scriptis
2946 4192 3249 4259 horumque
3280 4191 3440 4243 codd.
3481 4200 3534 4241 ct

316 4296 382 4334 ex
415 4281 538 4334 aliis
572 4278 837 4348 pracipue
870 4273 1158 4329 Lambecio
1186 4279 1239 4325 et
1264 4270 1445 4325 Goaro
1465 4271 1631 4324 multa
1666 4271 1972 4340 exscripsit.
1995 4302 2066 4314 —-
2096 4275 2423 4343 llantberger
2446 4274 2760 4329 Zuaerlress.
2800 4276 3002 4332 Nachr.
3059 4290 3191 4333 tom.
3221 4279 3311 4341 lV,
3335 4295 3387 4346 p.
3425 4278 3534 4331 682

320 4382 463 4436 seq.,
497 4366 563 4420 ad
589 4379 638 4417 a.
674 4362 869 4416 mortis
900 4357 1059 4424 “29,
1086 4366 1140 4413 et
1170 4358 1370 4411 Saxius
1398 4355 1452 4409 in
1493 4354 1681 4411 Onam.
1712 4357 1816 4411 litt.
1849 4366 1988 4427 part.
2021 4375 2083 4425 tt,
2119 4375 2172 4429 p.
2206 4361 2311 4416 390
2344 4377 2461 4430 seq.
2485 4363 2605 4430 qui,
2639 4378 2764 4417 eum
2806 4375 3084 4419 mortuum
3114 4382 3237 4419 esse
3275 4381 3326 4419 a.
3368 4367 3531 4427 H50,

318 4453 536 4524 adjecit.
564 4449 766 4523 (Harl.)

388 4565 443 4617 1.
487 4562 822 4630 Praecipuum
851 4560 970 4629 ejus
1008 4572 1149 4629 opus
1176 4565 1262 4612 est
1305 4554 1383 4611 De
1406 4556 1530 4624 ﬁde,
1568 4556 1758 4609 ritibus
1801 4565 1852 4609 et
1904 4558 2171 4624 mysteriis
2204 4558 2596 4622 ecclesiasticis,
2630 4561 2771 4628 quod
2820 4571 3091 4631 integrum
3132 4562 3319 4616 Graece
3355 4564 3532 4617 lucem

318 4650 452 4705 vidit
473 4648 633 4704 Jassii
665 4649 720 4701 in
754 4647 1017 4701 Moldavia
1036 4660 1090 4699 a.
1130 4644 1269 4698 1683
1307 4641 1429 4709 fol.,
1456 4654 1680 4697 curante
1704 4642 1988 4703 Dositheo,
2025 4640 2335 4707 patriarcha
2375 4641 2892 4711 Hierosolymitano,
2936 4652 2988 4695 et
3022 4645 3220 4697 merito
3280 4645 3536 4699 laudatur

319 4739 387 4791 ab
418 4736 483 4790 ﬂ.
520 4735 825 4790 Whartono
856 4733 911 4787 in
950 4729 1211 4786 Auctario
1252 4729 1494 4813 historiae
1528 4729 1844 4799 dogmaticte
1883 4726 2093 4783 Usserii
2127 4728 2193 4779 de
2226 4727 2525 4794 Scripturis
2573 4740 2627 4780 et
2678 4731 2850 4782 sacris
2883 4730 3191 4783 vernaculis
3226 4746 3278 4797 p.
3314 4732 3453 4793 44οι
3484 4743 3537 4785 ct

323 4825 483 4879 Rich.
516 4822 737 4877 Simone
760 4822 815 4876 in
840 4819 979 4875 Bibl.
1011 4818 1238 4883 Selecta,
1272 4826 1399 4872 tom.
1425 4814 1611 4886 licap.
1648 4818 1738 4881 29,
1767 4832 1888 4887 pag.
1914 4815 2015 4868 257
2075 4829 2192 4880 seq.
2229 4812 2445 4886 Ψιλὸν.)
2482 4814 2762 4869 Fabricius
2783 4825 2965 4869 uoster
2997 4816 3136 4868 infra
3173 4817 3224 4869 in
3256 4818 3362 4870 vol.
3394 4817 3532 4881 XIV,

323 4928 377 4977 p.
406 4910 475 4963 49
506 4924 620 4977 seq.
654 4916 763 4961 vet.
796 4908 885 4961 ed.
919 4904 1196 4960 Simeonis
1235 4902 1610 4958 Thessalonic.
1645 4902 1793 4971 Opus
1823 4903 2277 4969 ecclesiasticum,
2312 4904 2455 4970 quod
2490 4904 2754 4957 beneﬁcio
2804 4903 3229 4966 Maurocordati,
3280 4905 3535 4975 llungaro

321 4993 616 5048 Walachize
650 4992 931 5061 principis,
966 4996 1275 5057 acceperat,
1325 4988 1566 5043 curatius
1598 4998 1651 5043 et
1700 4990 1921 5043 uberius
1967 4988 2277 5056 descripsit,
2324 5000 2376 5039 ct
2422 4990 2656 5057 capitum
2692 4990 2809 5057 ejus
2859 4991 3148 5044 elenchum
3200 5000 3252 5045 et
3285 4993 3529 5059 qumdam

320 5080 621 5151 spccimina
655 5080 824 5133 dedit.
864 5074 1158 5147 Auspiciis,
1182 5076 1335 5140 ait,et
1365 5086 1580 5143 sumptu
1608 5075 1832 5129 Joannis
1862 5077 2039 5148 ducis,
2071 5077 2255 5129 labore
2277 5074 2501 5129 Joannis
2534 5075 2774 5140 Molihdi,
2813 5078 3211 5142 Heracleensis,
3237 5095 3525 5139 excusum,

319 5171 506 5226 Graece
530 5169 707 5223 lucem
740 5166 876 5220 vidit
906 5164 1069 5219 Jassii
1092 5162 1149 5217 in
1172 5162 1435 5217 Moldavia
1470 5180 1521 5218 a.
1549 5164 1683 5219 1685
1711 5164 1805 5217 l'ol.
1839 5179 1975 5223 opus

1863 5180 1975 5223 lpus
2004 5164 2273 5218 Simeonis
2296 5166 2398 5219 hoc
2420 5166 2578 5218 titulo
2604 5182 2617 5217 :
2656 5166 2881 5233 Συμεὼν
2908 5166 3001 5217 τοῦ
3031 5166 3307 5234 μακαρίου
3340 5171 3528 5235 ἀρχιε-

320 5258 589 5313 πισκόπου
615 5254 1015 5322 Θεσσαλονίκης
1035 5253 1176 5305 κατὰ
1204 5251 1486 5320 αἱρέσεων,
1522 5262 1570 5306 et
1601 5262 1788 5306 cratera
1820 5267 1935 5319 quas
1972 5252 1985 5304 i

1247 5251 1486 5320 ιρισεων,
1522 5262 1570 5306 et
1601 5262 1788 5306 cratera
1820 5267 1935 5319 quas
1972 5252 2028 5304 in
2067 5254 2235 5319 fronte
2272 5252 2442 5317 operis
2471 5251 2615 5317 infra
2651 5253 2912 5321 leguntur.

391 5482 467 5551 (a)
485 5482 759 5550 Eugenius
782 5481 1157 5553 Nomophyla}
1182 5482 1238 5536 in
1266 5480 1558 5550 Synodico,
1587 5484 1863 5536 Dominica

321 5549 654 5608 orthodoxia
710 5553 760 5606 in
816 5549 1051 5608 ecclesia
1106 5549 1580 5607 Thessalonicensi
1645 5553 1863 5604 recitari

323 5621 507 5686 solito,
562 5622 705 5689 apud
765 5622 1059 5683 Allatiutn,
1120 5621 1194 5672 De
1245 5619 1578 5674 Simeonibus
1633 5622 1861 5689 (supra),

324 5690 417 5743 tibi
470 5691 810 5745 celebrantur
863 5690 1260 5743 Thessalonica:
1316 5692 1702 5757 archiepiscopi
1762 5689 1863 5743 lsi-

322 5762 509 5820 dorus.
565 5759 801 5822 Gabriel,
866 5758 1124 5821 Simeon,
1176 5759 1470 5827 Gregorius
1522 5767 1576 5812 et
1625 5757 1860 5826 Niphon.

328 5827 497 5881 Etiam
522 5831 755 5884 senioris
786 5829 1054 5884 Situcouis
1084 5829 1586 5885 Thessalonicensis
1614 5828 1861 5881 meminit

1976 5483 2222 5554 Allatius,
2278 5485 2347 5537 De
2396 5500 2647 5537 consensu
2700 5488 2967 5551 utriusque
3008 5484 3275 5554 Ecclesiaj.
3309 5501 3361 5554 p.
3398 5486 3527 5540 863.

1971 5551 2026 5632 ls.
2056 5556 2276 5633 est,.qui
2313 5555 2580 5634 Isidor-uin
2618 5557 2667 5607 in
2711 5556 3177 5623 archiepiscopum
3234 5551 3527 5609 Thessalo-

1976 5636 2183 5674 ηιςειιδι
2217 5634 2529 5677 θιιιρουδςιι.

2041 5690 2113 5758 (b)
2146 5688 2381 5743 Joannes
2414 5694 2746 5758 Anagnosta.
2799 5694 2849 5745 in
2895 5692 3216 5746 Narratione
3251 5695 3316 5745 tle
3365 5704 3522 5759 capta

1971 5756 2379 5825 Thessalonica,
2412 5764 2463 5814 in
2500 5756 2678 5816 Allatii
2713 5762 3039 5831 ngmictis,
3075 5778 3125 5830 p.
3183 5762 3286 5816 516
3312 5773 3359 5815 et
3396 5756 3523 5815 531.
