4216 6432
311 454 375 517 21
911 433 914 437 ’
1593 448 1905 509 NOTITIA
1935 451 1976 506 A

1868 452 1905 505 Α
1935 450 2258 509 ALTERA.
3462 451 3533 514 22

312 564 434 626 110,
475 567 579 614 etc.
615 559 804 613 Exstat
845 574 976 614 mss.
1020 558 1073 613 in
1123 557 1265 614 Bibl.
1317 560 1582 624 Caesarea,
1611 559 1871 613 Vaticana
1923 559 2174 628 aliisque.
2208 557 2423 628 (Fabr.)
2469 553 2607 614 Add.
2644 561 2807 615 modo
2846 560 3166 616 memoratis
3199 560 3359 616 codd.
3392 534 3532 616 inter

311 664 449 704 mss.
479 648 639 700 codd.
669 645 844 699 Paris.
884 645 1020 701 bibl.
1077 646 1225 716 publ.
1249 661 1278 700 a
1313 645 1512 701 Sevino
1543 662 1606 698 ex
1632 644 1850 700 Oriente
1880 647 2092 710 allatos,
2123 647 2246 725 cod:
2279 648 2368 712 17,
2393 656 2529 702 teste
2547 647 2842 704 Montl'auc.
2886 650 2937 702 in
2965 648 3102 702 Bibl.
3125 647 3373 702 biblioth.
3400 665 3527 702 mss.

308 752 364 806 p.
396 735 527 790 1051
558 733 620 788 C.
661 745 714 787 et
746 731 902 787 Mart.
934 733 1186 788 Crusium
1224 732 1280 788 in
1314 733 1740 799 Turco-Grtecia,
1763 748 1948 802 supra,
1983 734 2035 786 in
2066 735 2174 787 vol.
2203 733 2337 800 VIII,
2367 750 2488 804 pag.
2527 734 2617 798 96,
2641 736 2745 790 sub
2776 736 2869 789 lin.
2901 734 3113 805 (Harl.)

380 843 458 897 De
483 852 676 912 septem
711 842 962 897 Ecclesia:
990 842 1367 908 Sacramentis,
1396 859 1554 914 quem
1588 844 1786 898 librum
1816 841 2128 898 Fridericus
2162 843 2359 896 Metius
2410 843 2704 897 Latinitate
2746 843 2992 910 donavit,
3039 853 3175 900 teste
3205 843 3525 908 Possevino,

311 931 405 986 sed
431 946 536 984 non
573 929 718 983 edita
747 939 826 984 est
861 930 980 999 ejus
1006 930 1382 1000 interpretatio
1416 947 1431 985 ε
1463 929 1736 999 dialogum
1783 928 1859 983 De
1888 929 2191 997 pwnilenlia
2229 928 2413 983 Graece
2442 940 2496 986 et
2524 930 2713 987 Latine
2742 931 2979 1001 vulgavit
3005 930 3246 987 Joannes
3283 932 3534 988 Morinus

313 1019 369 1072 in
397 1031 563 1088 opere
585 1016 659 1070 De
687 1027 1019 1072 sacramento
1047 1019 1387 1086 paenitentiae,
1416 1017 1595 1072 Paris.
1622 1016 1753 1072 1651
1784 1016 1878 1070 lol.
1902 1024 1978 1070 ett

1867 1057 1878 1070 .
1902 1024 1956 1070 et
1975 1031 2171 1070 recuso
2197 1015 2435 1071 Brusell.
2462 1016 2598 1072 1685
2619 1016 2879 1072 etVenet.
2909 1018 3049 1071 1702
3076 1017 3167 1071 fol.
3193 1034 3245 1088 p.
3266 1017 3530 1080 471-176,

314 1119 411 1160 nec
441 1119 548 1158 non
582 1105 709 1172 περὶ
738 1104 847 1158 τῶν
874 1107 1218 1174 χειροτονιῶν
1245 1105 1486 1160 libellum
1520 1105 1598 1160 De
1637 1105 1968 1159 ordinatione

1866 1108 1968 1156 'one
1990 1104 2041 1157 in
2071 1118 2238 1171 opere
2255 1103 2321 1159 de
2355 1105 2532 1158 sacris
2557 1104 2921 1159 orrlinatioois
2949 1106 3145 1160 ritibus
3173 1104 3348 1160 Paris.
3387 1104 3531 1158 1655

314 1191 408 1244 lol.
439 1190 677 1244 Brusell.
710 1190 847 1245 1686
891 1190 984 1244 fol.
1019 1192 1260 1262 Utraque
1298 1208 1366 1246 ex
1401 1192 1593 1247 Morini
1629 1194 1874 1247 versione
1917 1191 2172 1260 leguntur
2220 1191 2383 1246 etiam
2441 1191 2494 1246 in
2527 1191 2857 1247 Bibliotheca
2915 1192 3140 1246 Patrum
3175 1192 3309 1248 edit.
3359 1191 3531 1259 Lugd.

315 1275 448 1334 tom.
483 1278 651 1343 XXII,
687 1294 809 1346 pag.
843 1278 948 1335 792
973 1290 1025 1333 ct
1057 1280 1182 1334 793.
1211 1278 1510 1349 [Quosdam
1557 1282 1718 1335 codd.
1746 1281 1856 1348 jam
1891 1279 2052 1347 paulo
2087 1286 2214 1333 ante
2243 1279 2478 1334 laudavi.
2525 1281 2665 1337 Add.
2699 1282 2751 1335 in
2805 1280 2928 1335 cod.
2968 1281 3100 1334 bibl.
3138 1280 3403 1335 Escorial.
3459 1279 3534 1332 De

317 1364 572 1420 Ecclesia?
611 1368 958 1420 sacramentis
991 1368 1169 1436 capita
1207 1368 1273 1421 14
1309 1378 1448 1424 teste
1481 1368 1675 1422 Pluero
1707 1370 1760 1423 in
1812 1368 2063 1427 Itinerar.
2115 1388 2205 1439 per
2239 1370 2493 1438 'Ilispan.
2533 1387 2652 1440 pag.
2707 1371 2829 1427 190.
2866 1401 2936 1412 —
2967 1369 3286 1430 SVindobou.
3319 1370 3371 1424 in
3409 1371 3531 1422 cod.

317 1453 522 1507 Ctesar.
554 1453 643 1513 15,
692 1468 748 1505 n.
779 1451 834 1514 4,
889 1463 1019 1506 sunt
1052 1468 1272 1522 quoque
1314 1454 1490 1524 capita
1520 1455 1588 1508 14
1617 1454 1775 1508 Conf.
1807 1454 2010 1510 Kollnr.
2054 1458 2107 1511 in
2165 1456 2440 1526 Supplem.
2476 1459 2540 1512 ad
2593 1458 2848 1514 Lambec.
2896 1458 2987 1526 qui
3028 1458 3296 1526 pluribus.
3333 1457 3412 1510 vel
3469 1471 3533 1509 ex

317 1539 540 1594 disertis
568 1541 740 1594 nostri
778 1540 901 1594 cod.
953 1540 1137 1596 verbis
1169 1542 1223 1594 in
1258 1541 1365 1595 line
1397 1550 1588 1595 contra
1640 1538 1855 1596 Fabric.
1891 1551 2135 1597 nostrum
2187 1544 2364 1607 docet,
2399 1543 2527 1598 illud
2567 1555 2844 1615 syntagma
2879 1544 3014 1598 nihil
3075 1542 3216 1597 aliud
3253 1557 3397 1607 esse,
3433 1542 3535 1596 nisi

318 1633 524 1693 partem
554 1639 804 1694 magnam
842 1625 1025 1693 operis
1061 1625 1196 1680 Sim.
1232 1625 1481 1681 Thessal.
1545 1635 1668 1680 ante
1726 1631 2030 1691 memorati,
2087 1646 2131 1682 s.
2179 1629 2388 1700 Dialogi
2419 1635 2597 1684 eccles.
2639 1643 2824 1686 contra
2855 1632 3119 1684 haereses:
3169 1629 3314 1696 quod
3371 1628 3535 1682 etiam

317 1713 498 1782 colligi
528 1724 708 1782 potest
738 1729 804 1768 ex
843 1714 1034 1768 ordine
1092 1716 1328 1782 capitum
1391 1715 1450 1768 in
1509 1715 1595 1768 ed.
1649 1713 1910 1769 Dosithei.
1942 1715 2017 1768 Ex
2050 1731 2114 1769 eo
2153 1717 2315 1770 etiam
2351 1719 2754 1786 cognoscimus,
2791 1733 2934 1787 qtm,
2972 1719 3037 1771 ab
3077 1717 3277 1770 Allatio
3327 1730 3530 1769 memo-

321 1809 457 1866 rata,
485 1810 538 1855 et
574 1816 601 1852 a
643 1800 898 1855 Fabricio
927 1817 1025 1871 pro
1053 1802 1275 1856 ineditis
1308 1801 1512 1862 habita,
1547 1801 1600 1853 in
1633 1803 1722 1854 illa
1757 1802 1990 1856 editione
2027 1805 2199 1856 lucem
2232 1805 2482 1858 viderint.
2520 1805 2772 1877 (Harl.)]
2800 1836 2867 1849 —-
2899 1805 3146 1858 Laudant
3175 1803 3446 1857 Simetmis
3474 1803 3542 1855 de

320 1887 684 1942 sacramentis
717 1887 980 1942 Jeremias
1038 1889 1342 1956 patriarcha
1396 1887 1558 1942 CPoI.
1591 1887 1643 1940 in
1677 1887 2144 1956 Responsionibus
2175 1892 2241 1944 ad
2284 1892 2568 1962 theologos
2634 1891 3138 1961 Wirtcnbergenses
3164 1931 3178 1953 ,
3209 1888 3539 1942 Frauciscus

318 1972 626 2028 Turrianus
674 1974 741 2028 ad
773 1973 1087 2028 Constituti.
1133 1974 1360 2042 apostol.
1411 1972 1603 2030 Petrus
1653 1975 1922 2028 Arcudius
1957 1978 2008 2030 in
2039 1977 2356 2046 ConcOrdia,
2416 1995 2538 2049 pag.
2568 1980 2625 2042 6,
2659 1980 2709 2042 7,
2750 1978 2833 2044 19,
2867 1989 2920 2032 et
2947 1978 3182 2046 passim;
3225 1976 3536 2031 Gabrielem

319 2075 535 2129 quoque
564 2061 821 2116 Severum
852 2060 1386 2129 Philadelphiensem
1411 2063 1564 2129 plura
1592 2061 1660 2115 ab
1691 2077 1755 2114 eo
1787 2071 2087 2117 mutuatum
2123 2077 2338 2129 notans,
2363 2082 2483 2134 pag.
2519 2067 2606 2121 10.
2639 2066 2902 2120 Similiter
2932 2066 3164 2119 Allatitts
3200 2066 3253 2118 in
3281 2063 3536 2136 pluribus

319 2149 645 2214 scriptorum
687 2163 906 2202 suorum
945 2147 1098 2214 locis,
1159 2160 1216 2203 ut
1271 2148 1347 2202 De
1387 2165 1665 2213 consensu,
1703 2165 1823 2219 pag.
1865 2151 1984 2206 115E

1874 2151 1999 2206 1159
2042 2166 2183 2220 seq.,
2220 2153 2381 2219 1256,
2418 2154 2580 2216 1259,
2617 2151 2774 2218 1276,
2806 2163 2938 2213 etc.,
2967 2152 3032 2207 de
3064 2160 3221 2206 aetate
3261 2151 3539 2215 ordinum,

319 2252 447 2304 pag.
479 2236 548 2288 42
571 2251 711 2305 seq.,
748 2236 850 2290 156
878 2252 995 2305 seq.

390 2341 594 2395 Caetera
623 2343 786 2409 hujus
813 2343 1089 2397 Simeonis
1129 2342 1306 2397 adhuc
1341 2342 1484 2412 quod
1520 2343 1691 2396 sciam
1728 2344 1925 2398 inedita
1953 2345 2049 2415 (1),
2084 2346 2152 2399 ab
2176 2347 2364 2402 eodem
2389 2349 2590 2403 Allatio
2621 2357 3008 2404 memorantur
3035 2363 3087 2398 η.
3118 2347 3221 2402 19⁸5
3248 2361 3363 2402 seu.
3399 2346 3541 2400 libro

325 2428 398 2483 De
423 2428 776 2484 Simeonibus.

388 2539 442 2592 2.
487 2540 804 2608 Ἀπόκρισις
835 2539 967 2608 πρὸς
998 2539 1094 2602 τὰς
1123 2541 1420 2607 ἐρωτήσεις
1439 2540 1533 2593 τοῦ
1565 2544 1860 2611 ἱερωτάτου
1892 2545 2289 2612 μητροπολίτου
2324 2545 2713 2605 Πενταπόλεως
2738 2545 2840 2614 κῦρ
2868 2543 3129 2613 Γαϐριήλ.
3160 2543 3541 2612 Responsiones

321 2628 388 2678 ad
421 2627 750 2695 interrogata
777 2628 1103 2679 sanctissimi
1138 2629 1487 2693 metropolitte
1517 2628 1909 2697 Pentapolitani
1940 2631 1979 2686 (ἶ

1874 2633 1909 2681 ti
1940 2631 2220 2686 Gabrielis.
2261 2635 2317 2686 P.
2355 2635 2502 2686 Ἔδει
2534 2635 2633 2704 μὲν
2659 2637 2756 2695 τὰς
2784 2633 3039 2695 τοιαύτας
3071 2632 3181 2683 τῶν
3214 2633 3539 2699 ἐρωτήσεων

322 2713 681 2781 ὑψηλοτέρας,
716 2712 810 2764 καὶ
847 2712 987 2780 ὑπὲρ
1014 2715 1179 2781 ἡμᾶς.
1215 2715 1621 2782 Responsiones
1657 2728 1781 2769 sunt
1811 2733 1987 2772 numer

1889 2734 2035 2772 mero
2068 2720 2136 2772 85
2161 2722 2266 2790 (α).
2302 2721 2643 2790 Legebantur
2672 2721 2724 2774 in
2757 2720 3022 2784 Palatina,
3047 2732 3100 2774 et
3124 2735 3268 2774 nunc
3303 2721 3357 2773 in
3390 2718 3543 2771 Vati-

321 2815 479 2862 cana,
507 2797 588 2870 [et
627 2797 950 2868 Mosqucnsi,
982 2799 1103 2852 cod.
1131 2801 1256 2854 589.
1291 2798 1353 2853 γ.
1379 2800 1615 2854 Μοιιιιαξί
1641 2803 1798 2855 notit.
1836 2812 1964 2868 etc.,
2001 2822 2050 2873 p.
2082 2809 2205 2862 “218.
2238 2808 2437 2879 (l-lurl.)
2469 2809 2759 2873 Continent
2795 2807 3328 2877 multa-theologica,
3365 2822 3544 2859 mora-

329 2886 398 2939 lia
432 2896 485 2939 ct
519 2886 890 2940 ecclesiastica
912 2923 928 2951 ,
962 2893 1016 2940 et
1050 2894 1238 2941 essent
1274 2888 1511 2943 maxime
1541 2888 1723 2952 utiles,
1758 2889 1805 2942 si
1837 2891 2141 2946 ederentur.

391 2995 444 3048 3.
481 2994 736 3063 Ejusdem
767 3011 780 3047 :
814 2995 952 3065 Περὶ
989 2996 1286 3063 ἱερωσύνης
1326 2996 1463 3064 πρός
1493 3013 1612 3048 τινα
1643 2997 1749 3050 τῶν
1783 2997 2030 3053 εὖλαϐῶν
2067 3004 2318 3073 μοναχῶν
2355 3005 2506 3075 ἱερᾶς
2537 3005 2811 3068 διακονίας
2852 3004 3195 3074 ἠξιωμένων,
3228 3003 3307 3056 ἔτι
3337 3005 3428 3058 καὶ
3453 3004 3544 3056 τοῦ

321 3089 625 3155 ἀρχιερέως
657 3088 738 3149 εἰς
765 3086 857 3138 τὸν
880 3086 974 3139 τοῦ
1003 3086 1374 3155 πρεσϐυτέρου
1406 3087 1688 3150 τελοῦντος
1714 3089 1835 3139 τότε
1870 3088 1986 3156 Bal);

1877 3088 2097 3156 βαθμόν.
2132 3090 2207 3143 De
2256 3095 2550 3146 sacerdotio
2602 3093 2670 3145 ad
2727 3093 3004 3161 quemdam
3038 3094 3182 3157 pium
3226 3091 3542 3144 monachum

321 3191 474 3226 sacra
508 3175 803 3227 ministerio
841 3175 1171 3242 insignitum,
1209 3174 1380 3228 adhuc
1412 3175 1640 3243 praesule
1671 3177 1725 3227 in
1756 3175 1986 3243 presbytt

1881 3175 2045 3243 byteri
2080 3180 2262 3231 ordine
2309 3181 2612 3233 cxsistcnte.
2651 3179 2709 3232 P.
2753 3179 2841 3232 Ἑν
2897 3179 3118 3247 Χριστῷ
3155 3197 3243 3248 μοι
3291 3179 3542 3245 ἀγαπητέ

321 3264 416 3312 xa‘t
444 3260 784 3330 γνησιώτατε
820 3260 1016 3327 ἀδελφὲ
1040 3261 1138 3328 τὴν
1165 3259 1386 3328 ὀφειλὴν
1419 3261 1514 3327 τῆς
1543 3261 1726 3328 ἀγάπη
1744 3281 1778 3316 :.
1810 3261 1986 3331 (Fabr

1877 3262 2024 3328 'abr.)
2058 3280 2157 3318 ms.
2204 3266 2254 3316 in
2287 3268 2410 3319 ροίΙ.
2454 3269 2643 3319 Baroc.
2681 3268 2806 3329 991,
2845 3282 2897 3316 ιι.
2945 3269 3023 3320 13.
3061 3265 3115 3317 In
3150 3267 3280 3319 bibl.
3332 3266 3542 3320 Bndlci.

325 3351 473 3401 inter
494 3350 803 3402 adversaria
823 3347 952 3402 Ger.
981 3348 1314 3416 Langbaeni,
1351 3362 1414 3399 cx
1449 3350 1599 3416 Sym.
1631 3349 1872 3401 'l‘licssal.
1928 3342 2204 3419 responsis
2236 3357 2299 3404 de
2362 3355 2465 3405 lim:
2516 3358 2720 3416 smcuii,
2751 3367 2800 3408 et
2831 3373 2892 3408 ex
2929 3355 3106 3422 ejusd.
3145 3355 3547 3422 quaestionibus

321 3437 387 3489 de
421 3435 615 3504 typicis
655 3435 810 3489 Saba:
835 3444 888 3489 et
928 3433 1275 3488 Damasceni.
1309 3431 1372 3487 V.
1407 3435 1527 3487 Cat.
1564 3451 1692 3489 mss.
1723 3437 1879 3506 Angl.
1919 3445 2023 3490 etc.
2073 3437 2113 3500 l,
2157 3455 2210 3507 p.
2234 3439 2362 3494 268.
2393 3439 2598 3508 (Πανί.)

394 3554 449 3608 4.
491 3553 597 3616 Τοῦ
639 3554 801 3606 αὐτοῦ
843 3552 1140 3623 Ἐρμηνεία
1168 3555 1459 3624 συνοπτικὴ
1493 3556 1634 3608 κατὰ
1673 3554 1902 3622 δύναμιν
1935 3557 2016 3618 εἰς
2061 3555 2121 3607 τὸ
2157 3555 2256 3623 τῆς
2287 3555 2573 3621 ὀρθοδόξου
2624 3559 2716 3608 καὶ
2768 3559 3072 3626 ἀμωμήτου
3117 3558 3277 3625 ἡμῶν
3312 3557 3549 3616 πίστεως

325 3643 433 3696 τῶν
463 3641 804 3711 Χριστιανῶν
843 3640 988 3692 θεῖον
1041 3643 1135 3693 καὶ
1174 3643 1314 3710 ἱερὸν
1345 3643 1640 3710 Σύμϐηλον.
1675 3640 1990 3707 Expositioc

1877 3644 1946 3694 tio
1974 3643 2361 3707 conpendiosa,
2396 3646 2472 3695 uti
2505 3647 2696 3710 potuit,
2733 3647 2786 3696 in
2821 3647 3124 3698 orthodoxa:
3172 3657 3221 3696 et
3253 3643 3542 3708 inculpata:

335 3739 528 3784 nostris
574 3729 697 3797 ﬁdei
735 3727 1159 3781 Christianorum
1193 3742 1586 3782 sacrosanctum
1638 3727 1964 3796 Symbolum.

1871 3745 1964 3784 tm.
2001 3731 2062 3783 P.
2090 3732 2222 3797 Περὶ
2257 3730 2348 3782 τοῦ
2383 3732 2673 3800 ἱερωτάτου
2708 3733 2984 3801 Συμϐόλου
3016 3735 3113 3801 τῆς
3165 3732 3397 3800 ἀληθοῦς
3444 3732 3536 3781 καὶ

330 3821 498 3888 μόνης
524 3819 633 3870 τῶν
665 3818 1001 3886 Χριστιανῶν
1024 3818 1178 3887 ἡμῶν
1209 3819 1463 3880 πίστεως.
1522 3816 1758 3885 Mosquze
1786 3817 1838 3870 in
1877 3818 1995 3870 cod.

1881 3818 1997 3870 cod.
2035 3817 2340 3887 synod.81,
2367 3818 2418 3871 8.
2456 3817 2518 3871 V.
2561 3817 2796 3872 Matthrei
2825 3819 2990 3885 Notit.
3022 3819 3182 3871 codd.
3224 3819 3320 3876 Gr.
3375 3817 3546 3884 Mosq.

329 3925 382 3976 p.
423 3906 484 3960 61
509 3945 522 3968 ,
552 3917 609 3959 et
651 3921 701 3974 p.
732 3905 859 3968 5'21,
901 3905 957 3957 in
1004 3904 1127 3958 cod.
1174 3905 1262 3968 59,
1306 3905 1360 3957 in
1390 3919 1498 3974 quo
1533 3905 1693 3958 etiam
1728 3913 1855 3958 sunt
1886 3919 2121 3971 sequens
2156 3918 2316 3972 opus,
2358 3916 2410 3958 et
2438 3904 2522 3980 De
2550 3906 2791 3957 articulis
2823 3906 2967 3972 ﬁdei.
3009 3904 3242 3974 (Harl.)]

398 4022 452 4075 5.
492 4021 600 4074 Τοῦ
624 4019 788 4074 αὐτοῦ
827 4021 1085 4084 Ἐκθεσις
1119 4020 1519 4088 ἀναγκαιοτάτη
1549 4019 1676 4088 περὶ
1705 4018 1810 4070 τῶν
1841 4017 1934 4070 τοῦ
1968 4017 2114 4085 ἱεροῦ
2148 4017 2424 4086 Συμϐόλου
2460 4021 2687 4088 ῥήσεων,
2709 4020 2829 4072 ὅθεν
2867 4021 3251 4089 συνελέγησαν,
3283 4019 3554 4071 καὶικατὰ

326 4108 486 4160 τίνων
517 4107 676 4160 αὗται
709 4108 1057 4175 συγκείμεναί
1083 4109 1210 4160 εισι.
1240 4106 1515 4173 Expositio
1550 4120 1799 4172 perquam
1861 4120 1991 4157 necet

1884 4106 2156 4157 tecessaria
2204 4107 2582 4159 sententiarum
2635 4108 2776 4160 sacri
2831 4106 3084 4175 Symboli,
3125 4109 3261 4159 unde
3317 4107 3549 4159 collecta,

327 4193 470 4254 sunt,
492 4204 541 4246 et
580 4194 824 4247 adversus
853 4210 978 4262 quos
1005 4194 1242 4246 dictum.
1269 4194 1328 4246 P.
1356 4193 1534 4245 Καλὸν
1566 4191 1838 4253 ἐκθέσθαι,
1872 4192 1964 4242 καὶ

1886 4192 1964 4242 cal.
1992 4191 2110 4242 ὅθεν
2139 4192 2197 4242 τὸ
2226 4193 2516 4262 ἱερώτατον
2545 4195 2695 4263 παρὰ
2726 4194 2832 4245 τῶν
2859 4194 3019 4248 θείων
3054 4194 3312 4264 Πατέρων
3337 4197 3551 4245 συνετέ-

327 4281 394 4349 θη
422 4280 716 4348 Σύμϐολον.
750 4279 970 4350 (Fabr.)
997 4279 1234 4348 Mosqute
1263 4279 1316 4333 in
1341 4279 1461 4333 cod.
1495 4279 1686 4347 synod.
1721 4277 1845 4339 279,
1881 4278 1933 4331 8.
1972 4278 1992 4330 l

1263 4279 1316 4333 in
1341 4279 1461 4333 cod.
1495 4279 1686 4347 synod.
1721 4277 1845 4339 279,
1881 4278 1933 4331 8.
1972 4277 2028 4330 ν.
2059 4277 2293 4333 Mattbzei
2325 4281 2360 4332 l.
2391 4298 2438 4334 c.
2470 4296 2523 4350 p.
2557 4280 2679 4334 180.
2713 4281 2919 4350 (ΙΙαι-Ι.)

397 4391 452 4443 6.
485 4388 837 4458 Περιεκτικὰ,
872 4389 948 4450 ὡς
976 4389 1219 4453 δυνατὸν,
1271 4388 1373 4456 τῆς
1416 4386 1584 4456 μόνης
1625 4387 1735 4440 τῶν
1783 4388 2127 4455 Χριστιανῶν
2166 4389 2322 4458 ἡμῶν
2359 4391 2592 4451 πίστεως
2629 4391 2900 4459 κεφάλαια
2947 4390 3174 4453 δώδεκα,
3231 4392 3372 4459 ἅπερ
3409 4394 3552 4453 τινὲς

328 4477 509 4548 ἄρθρα
536 4475 759 4529 καλοῦσι
791 4478 888 4541 τῆς
914 4477 1172 4539 πίστεως,
1206 4475 1540 4543 σαφέστερον
1571 4474 1894 4528 συντεθέντα
1923 4475 2070 4542 παρὰ
2101 4475 2194 4526 τοῦ
2247 4477 2681 4546 ἀρχιεπισκόπου
2731 4478 3132 4548 Θεσσαλονίκης
3179 4479 3426 4545 Συμεὼν,
3465 4481 3554 4530 καὶ

327 4566 410 4617 δτι
437 4563 610 4616 ταῦτα
639 4563 882 4634 περιέχει
906 4563 966 4614 τὸ
995 4563 1137 4614 θεῖον
1165 4562 1458 4630 Σύμϐολον,
1491 4563 1585 4613 καὶ
1617 4563 1746 4630 περὶ
1771 4562 1876 4613 τῶν
1909 4578 1992 4628 πεί

1909 4561 2526 4632 περιεκτικῶνάρετῶν.
2557 4563 2912 4624 Conlinentia,
2939 4575 2992 4614 ut
3015 4564 3133 4629 ﬁeri
3162 4566 3355 4630 potuit,
3385 4565 3551 4617 solam

329 4651 742 4706 Christianorum
759 4651 915 4718 ﬁdem
935 4651 1111 4717 capita
1123 4648 1415 4709 duodecim,
1434 4663 1551 4716 qute
1571 4648 1806 4700 nonnulli
1829 4651 2074 4702 articulos
2093 4651 2215 4719 ﬁdei
2234 4661 2557 4720 nuncupant,
2577 4653 2772 4705 clarius
2788 4652 3052 4704 elucidata
3077 4652 3140 4704 ab
3165 4653 3553 4718 archiepiscopo

330 4721 773 4792 Thessalonicensi
795 4737 1078 4806 Symeone;
1107 4751 1267 4804 eaque
1293 4735 1721 4804 comprehendere
1738 4752 1944 4790 sacrant
1977 4737 2300 4807 Symbolum,
2327 4749 2372 4790 et
2396 4741 2459 4792 de
2486 4738 2917 4805 comprehensivis
2945 4737 3241 4791 virtutibus.
3265 4739 3320 4790 P.
3339 4736 3402 4789 'H
3426 4739 3555 4806 ἀλη-

333 4824 431 4895 θὴς
460 4828 554 4878 καὶ
587 4826 720 4894 μόνη
753 4826 859 4876 τῶν
892 4824 1240 4894 Χριστιανῶν
1273 4823 1431 4891 ἡμῶν
1458 4825 1640 4884 πίστις
1674 4823 1812 4893 ὑπὲρ
1844 4824 1967 4877 νοῦν

1885 4824 1967 4877 πῦν
1998 4825 2129 4878 οὖσα
2157 4826 2252 4878 καὶ
2275 4825 2450 4892 λόγον.
2501 4824 2716 4894 (Fubr.)
2771 4823 3009 4891 Mosquu:
3068 4823 3122 4876 in
3168 4823 3289 4876 cod.
3344 4823 3550 4893 Synod.

329 4912 436 4967 279
479 4913 534 4967 8.
575 4910 637 4967 V.
663 4911 895 4965 Matthaai
925 4911 960 4964 l.
990 4926 1039 4966 c.
1071 4925 1122 4979 p.
1154 4909 1274 4964 180.
1300 4909 1503 4980 (Πανί.)

403 5162 482 5232 (a)
521 5162 786 5216 Nonnulla
819 5178 883 5217 ex
914 5163 1001 5217 bis
1031 5163 1236 5231 profert
1272 5162 1521 5225 Allatius,
1549 5163 1644 5217 lib.
1679 5164 1753 5214 De
1769 5179 1896 5228 pur-
2002 5162 2092 5216 85.
2127 5193 2192 5203 —-
2223 5160 2526 5232 Vintlobon.
2572 5160 2624 5213 in
2660 5161 2798 5232 cod.
2851 5161 2953 5232 13._
2986 5178 3042 5214 n.
3074 5160 3127 5232 5,
3180 5166 3308 5212 sunt
3345 5165 3551 5232 tantum

334 5225 561 5303 gatorio.
601 5247 736 5303 pag.
772 5233 862 5294 '51,
911 5225 1193 5296 140,214,
1246 5243 1300 5286 et
1335 5232 1534 5303 Contra
1582 5225 1892 5303 gllottinger.

1885 5270 1892 5284 .
2001 5246 2262 5303 responsa
2304 5230 2514 5284 decem.
2558 5246 2620 5303 _v.
2658 5231 2896 5303 Ko_lla_r_.A
2922 5229 3374 5303 Supplem._pag_.
3447 5225 3550 5303 128

335 5247 561 5302 gatorio.
601 5247 736 5352 llpag.
773 5247 862 5294 δι,
911 5247 1034 5296 1w,
1066 5247 1193 5294 zu,
1246 5247 1300 5286 et
1335 5247 1534 5285 Lontra
1589 5247 1892 5303 uomnger.
2001 5247 2262 5299 responsa
2304 5247 2514 5284 uecem.
2569 5247 2620 5282 ν.
2658 5247 2866 5283 nouar.
2922 5247 3201 5298 auppiem.
3253 5247 3374 5294 pag.
3447 5247 3551 5278 πο

335 5318 461 5372 pag.
492 5301 546 5354 8.
573 5369 600 5372 _
648 5305 1044 5372 xstantretiam
1099 5318 1231 5356 mss.
1289 5303 1341 5353 in
1387 5302 1515 5354 bibl.
1548 5301 1891 5372 illodleiana,
2001 5314 2116 5364 seq.
2160 5300 2374 5372 Integra
2393 5309 2518 5354 sunt
2558 5298 2610 5372 in
2651 5297 3002 5372 cod.176,n.
3031 5300 3084 5352 ‘2.
3127 5297 3185 5372 ν,
3213 5297 3468 5372 Lambec.
3495 5295 3552 5357 ὃ,

336 5366 528 5424 codice
573 5369 798 5424 Barocc.
845 5371 937 5432 91,
981 5386 1011 5423 e
1061 5373 1258 5438 quibus
1284 5372 1444 5422 locus
1496 5371 1784 5422 adducitur
1827 5371 1894 5422 ab
2002 5384 2185 5436 supra,
2241 5371 2326 5420 ubi
2361 5371 2498 5438 jam__
2525 5368 2752 5420 aliorum
2798 5368 2956 5421 codd.
3011 5369 3218 5422 mentio
3255 5366 3392 5421 facta
3447 5375 3556 5430 est.

337 5439 638 5491 Ilumfredo
673 5438 823 5510 Hody
858 5440 909 5510 in
934 5434 1092 5510 libro
1114 5441 1320 5510 anglice
1348 5440 1531 5493 edito:
1561 5438 1813 5510 Trltehcasc
1841 5440 1901 5506 of
2003 5434 2382 5490 memoratum.
2426 5434 2633 5504 (Harl.)

339 5523 451 5562 sus
478 5517 687 5569 vacant,
725 5508 846 5578 pag.
881 5508 968 5562 86.
1008 5508 1224 5578 (Fabr.)
1254 5508 1389 5561 Item
1429 5512 1479 5559 in
1511 5509 1632 5561 cod.
1665 5508 1890 5560 throcc.

405 5756 478 5815 (1)
514 5754 782 5815 Sequenti:
807 5751 1064 5815 opuscula,
1086 5749 1176 5798 sub
1200 5749 1401 5815 num._2,
1433 5748 1552 5815 3,},
1584 5749 1630 5803 5,
1653 5749 1698 5806 6,
1723 5751 1748 5796 7
1775 5753 2060 5815 memorata,
2087 5749 2181 5805 jam
2209 5748 2266 5815 ab
2291 5746 2427 5794 armis
2450 5749 2559 5808 plus
2583 5751 2779 5795 centum
2824 5747 2952 5793 e‘lita
3000 5750 3278 5806 prostnbant
3304 5763 3410 5798 eum
3440 5750 3566 5802 [Iar-

344 5808 503 5867 Ieilds
525 5808 733 5867 Fabricii
756 5808 1098 5863 Bibliothecam
1123 5811 1435 5867 retractabat,
1473 5811 1534 5857 de
1566 5822 1662 5869 quo
1688 5821 1888 5857 monere
1918 5808 2186 5856 debuisset.
2224 5809 2354 5856 Εοιτ.
