4216 6432
664 340 734 406 23
1285 350 1588 413 SYMEON
1626 333 2392 412 l'I‘HESSALONICENSlS
2431 345 2793 407 ARCHIEP.
2826 370 2897 382 —
2927 342 3272 405 NOTITIA.
3831 342 3904 403 2t

736 465 787 516 7.
822 464 931 518 Τοῦ
957 465 1125 520 αὐτοῦ
1149 468 1279 534 περὶ
1319 463 1395 522 ὧν
1430 467 1814 538 καινοτομοῦσι
1865 468 2086 521 Λατῖνοι
2121 468 2223 536 (1).
2266 466 2343 520 De
2384 467 2401 519 i

2266 466 2343 520 De
2384 467 2475 530 iis,
2515 467 2659 520 circa
2692 480 2808 533 qua
2840 463 3023 518 Latini
3053 463 3327 518 innatant.
3360 459 3422 513 P.
3449 451 3673 530 Πρῶτον
3702 457 3804 528 μιν
3831 461 3891 512 τδ

665 549 795 620 περὶ
824 551 921 620 τὴν
949 552 1132 606 πίστιν
1158 555 1563 624 ἀποσφαλῆναι,
1596 556 1690 608 καὶ
1723 554 2044 624 προσθήκην
2076 553 2249 607 θεῖναι
2277 552 2358 622 τῷ
2391 552 2669 622 ἱερωτάτῳ
2701 551 2982 622 Συμϐόλῳ.

730 658 785 711 8.
816 658 1068 727 Ejusdem
1092 662 1248 730 plura
1283 662 1598 718 referuntur
1622 663 1692 718 ad
1719 662 1865 732 leges
1889 670 1945 717 et
1965 676 2201 717 canones
2230 660 2558 730 pertinentia
2582 673 2613 712 ι
2641 657 2889 713 Manuele
2918 655 3125 713 Malaxa
3159 657 3215 711 in
3242 656 3656 713 Nomocanone.

736 772 789 826 9.
824 770 1075 829 Canones
1111 775 1274 832 etiam
1296 787 1352 832 et
1384 776 1614 848 hymnos
1638 778 1690 830 in
1715 784 1936 832 sanctos
1965 773 2360 844 composuisse,

2232 773 2360 837 isse,
2411 787 2476 827 ex
2513 772 2756 842 Eugenio
2794 772 2992 843 colligo
3029 788 3044 826 :
3081 773 3193 827 Καὶ
3222 772 3386 841 ᾠδαῖς
3433 773 3606 842 ἱεραῖς
3631 770 3759 834 τοὺς
3785 770 3893 823 τῶν

667 858 837 925 ἁγίων
873 863 1092 928 χοροὺς,
1123 864 1221 916 καὶ
1244 864 1456 917 οἴκοθεν
1481 861 1941 933 καταστέψαντος,
1968 856 2043 916 ὧν
2068 863 2156 914 τὸν
2189 859 2306 928 βίον

2230 860 2306 914 [ον
2332 859 2597 931 ἐζήλωσε,
2631 861 2727 914 καὶ
2753 862 2993 929 διήνυσε.
3027 858 3094 912 Et
3112 861 3282 932 sacris
3311 859 3558 912 cantibus
3590 867 3895 911 sanctorum

666 945 870 1011 choros,
900 958 948 999 et
975 960 1040 1000 ca:
1067 950 1292 1017 propriis
1319 951 1612 1015 exornavit,
1636 966 1860 1020 quorum
1893 951 2054 1003 vitam
2078 947 2361 1001 tumulatus
2389 947 2634 1016 confecit.
2667 945 2869 1001 Horum
2917 953 3098 1000 tamen
3135 946 3251 1015 ipse
3279 943 3414 999 nihil
3437 943 3566 999 vidi.
3617 942 3893 998 Hactenus

661 1029 921 1086 Allatius.
957 1031 1161 1103 (Fabr.)
1198 1033 1264 1088 V.
1293 1036 1418 1090 cod.
1439 1035 1670 1090 Vindob.
1709 1036 1860 1089 citat.
1888 1051 1944 1089 n.
1973 1035 2004 1087 7
2030 1042 2085 1089 et
2114 1035 2170 1090 8.
2197 1033 2407 1105 (Πανί.)

732 1142 753 1214 [
786 1142 844 1197 ln
877 1154 985 1198 cat.
1014 1144 1176 1200 codd.
1208 1145 1304 1201 Gr.
1329 1146 1558 1202 Nanian.
1592 1162 1652 1216 p.
1683 1147 1806 1215 151,
1839 1164 1896 1202 ιι.
1933 1151 1988 1204 7.
2010 1149 2133 1209 cod.
2191 1146 2280 1212 74,
2311 1147 2553 1202 citantur
2597 1145 2870 1202 Simeonis
2921 1139 3247 1200 Thessalon.
3284 1142 3491 1208 Oratio,
3536 1157 3658 1212 quae
3713 1150 3893 1197 tamen

663 1238 939 1285 auctorem
971 1232 1131 1286 habet
1159 1232 1466 1287 Simeonem
1498 1232 1757 1289 Mamant.
1790 1234 1871 1304 (2)
1898 1243 1953 1289 et
1990 1248 2152 1303 supra
2185 1243 2504 1288 numeratur
2530 1249 2585 1287 n.
2608 1234 2717 1297 25;
2748 1243 2802 1287 et
2830 1248 2885 1302 p.
2911 1233 3032 1288 £52.
3062 1231 3212 1298 Opus
3251 1231 3430 1300 ejusd.
3465 1228 3603 1285 Sim.
3633 1229 3798 1283 Mam.
3824 1259 3896 1272 —

663 1317 800 1370 Sim.
833 1315 1081 1373 Thcssal.
1109 1318 1298 1375 Oratio
1325 1322 1380 1374 in
1410 1321 1825 1389 Assumptionem
1851 1323 2058 1386 Moriar,
2085 1322 2257 1376 Paris.
2288 1322 2342 1376 in
2370 1321 2502 1376 bibl.
2529 1320 2677 1390 publ.
2708 1319 2841 1374 Cod.
2868 1319 2994 1384 987,
3025 1334 3081 1373 n.
3103 1320 3156 1373 7.
3194 1315 3438 1388 (Harl.)]

735 1428 821 1482 10.
858 1426 1125 1485 Simeonis
1168 1428 1668 1485 Thessalonicensis
1695 1431 1987 1486 Chronicon
2018 1445 2123 1486 ms.
2155 1432 2209 1485 in
2244 1431 2548 1501 Philippica
2592 1430 2722 1499 imp.
2761 1429 2945 1486 laudat
2973 1431 3215 1502 Cangius
3261 1433 3316 1487 in
3349 1429 3624 1488 Glossario
3681 1426 3892 1489 Gra'co,

663 1514 901 1583 p.1606,
930 1517 1030 1570 nisi
1077 1516 1274 1572 calami
1325 1532 1508 1573 errore
1539 1518 2078 1574 Thessalonicensem
2113 1522 2313 1588 posuit,
2364 1527 2528 1586 atque
2570 1515 2834 1571 intellexit
2896 1513 3207 1573 Chronicon
3259 1517 3536 1572 Simeonis
3591 1514 3900 1584 Logotheta:

664 1599 806 1667 quod
833 1600 1274 1669 frequentissime
1308 1605 1438 1658 citat
1472 1603 1623 1668 alibi,
1665 1604 1801 1658 utin
1830 1605 1962 1659 diss.
1998 1606 2071 1660 De
2105 1605 2394 1671 hebdoma,
2423 1620 2548 1675 pag.
2584 1604 2707 1668 128,
2733 1604 2857 1667 129,
2886 1604 3010 1668 l5‘5,
3054 1606 3154 1662 154
3186 1624 3202 1673 ;
3232 1615 3287 1661 et
3315 1607 3461 1660 notis
3511 1603 3577 1682 ad
3629 1603 3896 1657 Zonaram

664 1700 719 1756 p.
747 1686 837 1746 28.
875 1688 964 1751 55,
994 1688 1082 1752 70,
1111 1698 1165 1744 et
1191 1689 1257 1742 79
1282 1705 1296 1753 ;
1330 1698 1383 1742 et
1410 1690 1462 1743 in
1497 1690 1808 1758 Appendice
1836 1692 1902 1745 ad
1929 1691 2175 1747 Glossar.
2208 1707 2264 1762 p.
2297 1693 2329 1748 4

2231 1708 2264 1746 ι.
2297 1693 2352 1758 4,
2377 1692 2431 1757 5,
2461 1691 2515 1756 6,
2543 1690 2594 1754 7,
2621 1690 2712 1756 22,
2739 1690 2832 1754 25,
2859 1692 2949 1755 36,
2981 1692 3073 1756 45,
3115 1694 3206 1755 56,
3234 1693 3325 1758 57,
3353 1693 3446 1758 58,
3506 1691 3593 1753 59,
3657 1688 3745 1754 72,
3806 1687 3896 1749 74,

665 1771 755 1838 75,
786 1773 876 1838 83,
910 1776 1001 1837 84.
1026 1774 1114 1838 86,
1137 1775 1228 1841 90,
1251 1776 1341 1837 92,
1375 1775 1496 1840 100,
1534 1776 1658 1840 101,
1690 1776 1808 1840 I05,
1844 1777 1970 1842 106,
2009 1778 2132 1845 110,
2167 1779 2290 1843 H5,

2236 1780 2290 1843 5,
2330 1779 2452 1844 ιη,
2491 1779 2616 1843 “5,
2647 1785 2755 1832 etc.
2791 1777 2866 1832 De
2894 1777 2996 1833 hoc
3021 1779 3130 1834 dixi
3165 1780 3268 1834 vol.
3296 1778 3386 1842 Vl,
3429 1794 3482 1849 p.
3528 1775 3634 1832 552
3680 1783 3735 1829 et
3770 1773 3895 1828 158.

664 1861 740 1930 ls.
774 1864 881 1918 vol.
903 1863 1019 1930 γη,
1049 1880 1105 1934 p.
1133 1865 1230 1919 471
1252 1881 1334 1933 sq.
1363 1874 1417 1922 et
1457 1883 1513 1936 p.
1539 1866 1644 1921 683
1664 1883 1749 1937 sq.
1775 1866 1862 1922 ed.
1886 1865 2060 1939 nov.],
2092 1867 2184 1923 ubi
2205 1867 2369 1923 etiam
2401 1865 2469 1921 de
2493 1864 2730 1920 Historia
2760 1863 3015 1920 chronica
3045 1865 3223 1920 adhuc
3244 1866 3426 1921 itidem
3452 1864 3652 1919 inedita
3681 1861 3896 1916 Simeo-

663 1950 753 2006 nis
812 1950 960 2006 Sethi
1019 1952 1202 2021 lingua
1237 1952 1548 2007 Graecorum
1609 1954 1837 2023 vulgari,
1887 1954 1955 2009 ab
1983 1955 2195 2026 origine
2239 1953 2429 2011 mundi
2458 1951 2525 2008 ad
2553 1952 2839 2022 imperium
2879 1967 3054 2024 usque
3083 1953 3428 2010 Constantini
3460 1953 3642 2019 Duce,
3686 1949 3755 2005 de
3780 1963 3887 2020 qua

662 2039 823 2106 paulo
873 2051 998 2094 ante
1047 2041 1115 2094 de
1155 2039 1409 2094 Simeone
1449 2041 1710 2108 Setho,n.
1735 2041 1785 2096 7.

727 2263 798 2330 tl)
832 2265 918 2330 Est
943 2275 1090 2330 caput
1123 2271 1411 2319 vicesimum
1437 2270 1549 2320 libri
1573 2275 1750 2324 Contra
1782 2275 2006 2330 lum-eses.
2031 2279 2167 2329 Eorr.

731 2325 800 2384 β)
826 2328 921 2377 Seu
946 2325 1216 2388 .lu'uiorem,
1233 2332 1331 2392 jam
1355 2347 1381 2381 a
1413 2333 1555 2382 nobis
1589 2325 2282 2392 recusumﬁtﬁomvfiili:'Em-r
