4216 6432
645 427 719 495 35
757 391 789 436 ’⁵

1489 412 1866 474 SYMEONIS
1902 409 2654 471 THESSALONICENSlS
2690 404 3032 471 ARClllEP.
3477 455 3485 472 .
3699 428 3702 430 ⁷
3808 415 3877 477 36

656 538 871 593 facilior
901 534 1004 588 erit
1030 540 1082 586 et
1112 529 1319 595 utilior,
1351 539 1405 582 et
1435 529 1501 582 ab
1529 541 1596 581 eo
1627 524 1754 594 quid
1783 522 2079 585 commodi,
2106 513 2215 595 Deo
2243 538 2289 593 Α

2243 538 2289 593 Α
2320 539 2378 576 τε
2406 521 2534 592 ὑμῖν
2565 521 2658 573 καὶ
2682 523 2795 580 τοῖς
2833 488 3018 584 ἀλλοις
3050 518 3294 588 ἀδελφοῖς
3323 520 3353 572 ό
3380 520 3536 589 λόγος
3566 521 3644 576 ἂν
3663 525 3749 593 εῐη
3784 526 3880 578 καὶ

649 631 886 692 volente,
925 624 1153 679 forsitan
1191 620 1518 694 percipietis.
2174 685 2190 711 .

1244 798 1600 858 CLERICUS.

723 900 880 957 Sicut
904 899 1012 969 jam
1049 896 1218 966 prius,
1244 893 1466 948 Domine
1501 904 1715 963 sancte,
1748 897 1816 951 de
1844 890 2217 966 spiritualibus

650 991 957 1060 divinisque
987 990 1150 1042 rebus
1186 995 1258 1052 ιο,
1294 995 1351 1040 ιιι
1379 994 1627 1042 nostrum
1652 987 1705 1041 in
1736 985 1940 1056 Spiritu
2000 984 2215 1037 Patrem

652 1082 1126 1149 interrogavimus,
1159 1078 1231 1132 ita
1258 1088 1312 1133 et
1338 1094 1481 1132 nunc
1513 1079 1581 1132 ad
1634 1078 1780 1133 hunc
1833 1079 2013 1139 linem.
2048 1073 2219 1129 conli-

652 1176 839 1231 denter
864 1170 1196 1226 accedirnus.
1220 1168 1358 1234 Quia
1390 1184 1519 1237 ergo
1568 1169 1621 1222 in
1687 1169 1950 1222 charitate
2010 1164 2215 1219 Christi

654 1279 932 1320 sermones
966 1272 1180 1316 nostros
1210 1261 1392 1314 animo
1418 1270 1643 1329 paterno
1671 1258 1894 1328 accipis,
1922 1270 2049 1311 ecce
2074 1269 2220 1309 nunc

653 1366 869 1426 quoque
915 1354 1240 1408 liiinrialiter
1293 1352 1345 1403 in
1386 1350 1603 1405 Christo
1648 1352 2069 1419 interrogamus.
2109 1346 2218 1401 Nos

652 1448 869 1516 quidem
920 1442 1212 1498 Christiani
1265 1450 1410 1495 recte
1455 1442 1732 1495 credimus
1788 1442 1843 1494 in
1898 1439 2065 1493 Deutu
2116 1437 2220 1490 Pa-

654 1548 788 1593 trem
818 1545 873 1592 et
898 1535 1089 1588 Filium
1125 1546 1178 1589 et
1198 1533 1453 1602 Spiritum
1470 1534 1719 1586 sanctum
1741 1547 1757 1599 ς
1782 1544 2023 1584 sanctam
2043 1528 2219 1583 Trini-

656 1635 819 1681 tatem
858 1625 1213 1694 praedicamus
1263 1623 1562 1675 secundum
1634 1620 1943 1689 Scriptus-as
2001 1620 2053 1673 in
2115 1635 2219 1673 una

654 1720 890 1773 essemia
918 1726 971 1769 et
1000 1716 1217 1778 deitate,
1262 1729 1471 1767 necnon
1511 1712 1733 1777 Christi,
1763 1715 1922 1766 unius
1938 1711 2220 1766 Trinitatis

658 1796 920 1877 personae,
952 1804 1042 1859 Dei
1070 1803 1247 1863 Verbi,
1284 1819 1348 1856 ex
1414 1801 1628 1871 Virgine
1656 1806 1737 1875 ,ιιι
1782 1801 1981 1869 Spiritu
2034 1809 2222 1853 saneto

2316 611 2780 680 λυσιτελέστερος,
2798 613 2863 664 ὲκ
2880 610 3085 663 -τούτου
3115 627 3174 663 τε
3199 610 3330 674 ῐσως
3360 610 3689 681 βουλομένου
3716 612 3877 681 Θεοῦ,

2317 707 2409 762 καί
2441 724 2495 760 τι
2527 705 2811 774 ὲπωφελὶς
2846 706 3308 775 προσγενήσεται.

2911 799 3293 854 ιιΑιιΡιιίοε.

2401 892 2596 961 Ἦμεῖς
2618 890 2989 961 θαρρούντως,
3025 890 3148 958 ἅγιε
3179 889 3444 956 Δέσποτα,
3482 892 3611 961 περὶ
3641 888 3718 945 ὢν
3754 890 3882 963 εζη-

2318 986 2567 1054 τήσαμεν
2598 965 2987 1050 πνευματικῶν
3013 998 3071 1035 τε
3104 982 3200 1036 καὶ⁵
3224 976 3407 1045 θείων,
3449 983 3548 1043 τὰς
3578 983 3877 1051 ἐρωτήσεις
3906 969 3912 975 ”

2318 1071 2695 1143 ἑποιησάμεθα
2758 1072 2834 1135 ὡς
2887 1072 3024 1140 πρὸς
3067 1072 3279 1141 πατέρα
3302 1071 3462 1140 ἡμῶν
3491 1072 3549 1123 ὲν
3578 1071 3877 1140 Πνεύματι,

2318 1166 2414 1216 καὶ
2448 1164 2582 1233 πρὸς
2630 1163 2789 1215 τοῦτο
2839 1162 2935 1215 νῦν
2967 1162 3043 1224 ὡς
3074 1164 3166 1215 καὶ
3210 1164 3401 1217 ἄλλοτε
3457 1164 3689 1233 ἥκομεν.
3730 1165 3883 1217 Ἐπεὶ

2318 1255 2411 1307 οῦν
2445 1256 2501 1307 ὲν
2535 1255 2726 1324 ἀγάπῃ
2774 1253 3014 1322 Χριστοῦ
3044 1256 3170 1317 τοὺς
3199 1255 3389 1323 λόγους
3416 1256 3576 1325 ἡμῶν
3607 1256 3733 1326 δέχῃ
3782 1274 3883 1307 πα-

2319 1337 2543 1417 τρικῶς,
2578 1351 2635 1402 ἐν
2674 1347 2895 1418 Χριστῷ
2958 1348 3255 1417 προθύμως
3299 1352 3393 1401 καὶ
3426 1349 3579 1402 αὐτοὶ
3605 1351 3705 1412 τὰς
3745 1352 3881 1420 ἐρω-

2319 1440 2506 1507 τήσεις
2529 1439 2637 1493 ἰδοὺ
2659 1441 2984 1508 ποιούμεθα.
3020 1442 3205 1511 Ἦμῶν
3235 1441 3335 1511 μὲν
3352 1443 3433 1503 είς
3449 1441 3582 1495 Θεὸν
3602 1445 3884 1494 πιστευόν-
3950 1496 3953 1497 ,

2320 1549 2427 1585 των
2461 1532 2638 1602 ὀρθῶς
2672 1533 2781 1585 τῶν
2833 1534 3189 1601 χριστιανῶν,
3222 1534 3313 1587 καὶ
3349 1533 3592 1603 Πατέρα,
3630 1534 3758 1586 Υίδν
3789 1535 3884 1586 καὶ

2322 1624 2483 1693 ἅγιον
2515 1625 2759 1695 Πνεῦμα,
2788 1625 2888 1695 τὴν
2922 1626 3086 1693 ἁγίαν
3112 1624 3318 1696 Τριὰδα
3346 1627 3488 1679 κατὰ
3530 1627 3627 1688 τὰς
3664 1625 3887 1696 Γραφας

2324 1718 2711 1785 κηρυσσόντων
2736 1719 2793 1769 ὲν
2826 1719 2923 1787 μιᾷ
2969 1718 3127 1787 οὐσίᾳ
3148 1734 3204 1769 τε
3242 1718 3337 1769 καὶ
3368 1717 3609 1787 θεότητι,
3645 1717 3737 1769 τοῦ
3768 1719 3886 1780 ἑνός

2323 1825 2384 1861 τε
2437 1811 2538 1878 τῆς
2592 1810 2822 1878 Τριάδος
2854 1810 3091 1880 Χριστοῦ
3145 1809 3237 1862 τοῦ
3269 1810 3403 1863 Θεοῦ
3442 1811 3641 1877 Λόγου,
3674 1810 3773 1881 τὴν
3821 1812 3885 1862 ἐκ

656 1901 1109 1961 incarnationem,
1140 1904 1195 1950 et
1225 1896 1504 1949 veritatem
1540 1910 1603 1946 ex
1637 1896 1816 1944 anima
1862 1893 2218 1956 coniileluur;
2255 1876 2295 1929 Β

2255 1876 2295 1929 Β
2328 1876 2603 1965 Παρθένου
2642 1876 2709 1949 -ὲν
2761 1876 2921 1967 ἁγίῳ⁷
2955 1899 3233 1967 Πνεύματι
3289 1876 3590 1967 σάρκωσιν,
3641 1876 3742 1954 καὶ.
3784 1901 3884 1970 τὴν

657 1992 748 2045 sed
782 2006 904 2045 cum
932 1991 1111 2042 multa:
1137 1988 1246 2040 sint
1291 1987 1576 2054 Opiniones
1630 1994 1736 2036 tam
1795 1994 2005 2037 veteres
2052 1996 2218 2051 quam

661 2092 929 2147 recentes,
954 2097 1075 2150 qua:
1101 2096 1238 2133 vera:
1275 2082 1397 2131 huic
1437 2078 1557 2130 lidei
1607 2088 1806 2129 nostra:
1844 2078 2219 2136 adiersentur,

655 2179 926 2249 quomodo
951 2177 1033 2230 vel
1061 2174 1301 2228 inﬁdeles
1328 2171 1767 2241 persuadebimus
1793 2171 1871 2221 vel
1896 2168 2222 2220 inﬁrmiores

658 2269 1104 2324 eonlirutabimus
1163 2264 1246 2319 vel
1306 2268 1515 2334 singula
1551 2262 1999 2329 intermgantiuni
2058 2258 2220 2311 dubia

658 2363 930 2417 solventus
957 2397 972 2423 ,
1002 2372 1125 2413 cum
1164 2357 1275 2424 jam
1302 2365 1358 2408 ut
1396 2354 1684 2407 l‘cddattttts
1733 2354 1994 2404 rationem
2045 2348 2113 2402 de
2158 2363 2219 2410 ea

658 2469 778 2523 qua:
806 2458 891 2505 est
915 2449 970 2503 in
1000 2434 1158 2502 nobis
1189 2462 1285 2516 spe
1311 2447 1486 2500 edocti
1520 2444 1825 2497 fuerimus?

737 2626 1000 2695 Pontifex.
1038 2624 1294 2680 Veritatis
1323 2622 1650 2693 pradicatin,
1672 2622 1859 2682 frater,
1910 2631 1960 2672 et
2009 2616 2222 2689 pietatis

662 2719 955 2779 confessio,
993 2725 1118 2771 ante
1151 2717 1334 2780 omnia
1366 2714 1522 2769 nobis
1551 2713 1968 2773 estnecessaria,
1991 2724 2224 2778 eamque

663 2824 846 2864 coram
876 2809 1131 2861 omnibus
1161 2806 1404 2860 conliteri
1437 2820 1658 2859 neCesse
1687 2812 1791 2865 est,
1823 2802 1925 2855 hoc
1944 2811 2029 2857 est
2075 2801 2223 2855 enim

664 2904 842 2954 omnis
905 2898 1177 2953 credentis
1232 2897 1667 2950 fundamentum.
1729 2895 1954 2963 l'ropter
2009 2894 2223 2947 confes~

669 2995 880 3046 sionem
915 2992 1106 3067 beatus
1128 2990 1325 3044 dicitur
1375 2987 1589 3052 Petrus,
1642 2988 1841 3055 Deique
1891 2988 2037 3055 regni
2083 2986 2225 3057 jani-

668 3095 750 3137 tor
779 3084 1125 3137 canstituitur
1154 3097 1171 3145 ;
1206 3081 1404 3136 Paulus
1428 3096 1558 3135 vero
1589 3090 1772 3150 sperat
1798 3094 2055 3133 coronam
2102 3081 2226 3133 vita;

666 3176 931 3244 accipere,
964 3175 1218 3243 quoniam
1253 3173 1491 3227 servavit
1522 3183 1578 3226 et.
1601 3172 1913 3241 praedicavit
1950 3172 2110 3225 tidem
2136 3188 2150 3238 ;
2174 3178 2225 3225 et

669 3278 815 3321 totus
845 3276 1155 3319 sanctorum
1176 3268 1399 3329 chorus,
1423 3266 1547 3333 quia
1572 3266 1642 3318 ita
1664 3266 1789 3320 fecit
1811 3275 1863 3318 et
1883 3278 2104 3318 cursum
2136 3262 2228 3316 be-

672 3375 742 3413 ne
762 3359 1159 3411 eonsummavit
1180 3357 1528 3424 gloriﬁcatur.
1550 3355 1779 3410 Necesse
1805 3366 1889 3409 est
1912 3356 2075 3408 etiam
2113 3369 2234 3423 pro-

667 3452 875 3505 ximum
909 3466 1006 3520 pro
1051 3464 1207 3518 posse
1236 3449 1523 3510 aediﬁcare,
1554 3449 1646 3502 sed
1674 3462 2013 3517 nequaquam
2048 3463 2234 3501 neces-

670 3527 875 3599 sarium
912 3554 993 3597 est
1015 3558 1225 3595 omnem
1282 3543 1548 3595 hominem
1579 3544 1921 3609 persuadere,
1961 3554 2079 3593 cum
2120 3553 2235 3591 om-

672 3654 770 3690 nes
818 3637 1146 3703 persuadere
1177 3634 1400 3687 minime
1442 3634 1514 3686 sit
1548 3633 1835 3702 possibile;
1866 3642 2128 3693 attamen,
2188 3631 2233 3684 si

673 3728 936 3798 quiveris,
964 3726 1189 3781 dicenda
1213 3729 1307 3779 tibi
1345 3737 1503 3778 erunt
1528 3741 1709 3778 omnia
1753 3741 1874 3792 qua:
1924 3726 2143 3790 puteris,
2190 3724 2234 3778 si

672 3822 888 3891 quidem
930 3835 1108 3874 sermo
1156 3819 1222 3871 ad
1269 3818 1680 3871 aediﬁcationem
1722 3824 1951 3886 spectat.
1991 3817 2142 3880 Quod
2188 3815 2235 3869 si

671 3910 1044 3973 a’dilicaveris,
1067 3910 1267 3961 multus
1299 3909 1401 3960 erit
1431 3917 1670 3975 quaestus
1703 3906 1796 3958 tibi
1824 3905 1938 3958 etei
1970 3920 2127 3971 quem
2160 3903 2238 3954 lu-

675 4011 859 4061 cratus
879 3999 1046 4053 lueris
1071 4014 1087 4065 ;
1114 4000 1157 4051 si
1188 4013 1317 4057 vero
1347 4013 1452 4050 non
1477 4000 1850 4059 :edilicaveris,
1900 3998 2029 4049 nihil
2080 3995 2238 4063 hujus

675 4094 847 4163 gratia
877 4092 984 4144 Deo
1007 4090 1230 4143 debebis
1264 4104 1277 4141 :
1303 4092 1444 4157 quod
1480 4100 1631 4141 luunt
1668 4100 1750 4140 est
1775 4088 1966 4141 fecisti.
2002 4088 2236 4140 liutsuut

677 4185 776 4237 tibi
801 4183 1099 4237 cavendum
1134 4192 1217 4236 est
1248 4197 1314 4235 ne
1350 4183 1480 4251 quid
1536 4196 1699 4249 supra
1761 4182 1906 4253 vires
1946 4181 2118 4253 d-t-as,
2172 4195 2239 4233 ne

679 4280 838 4342 forte,
872 4276 1000 4329 dunt
1033 4274 1525 4343 conarisjaeeutem
1557 4288 1785 4341 erigere,
1819 4288 1942 4325 cum
1979 4288 2043 4325 eo
2061 4275 2241 4325 conci-

680 4367 778 4437 das
802 4380 820 4432 ;
844 4381 964 4419 nam
984 4368 1284 4419 secundum
1309 4366 1708 4419 divinissimuni
1739 4365 2238 4429 Paultun,omniutu

676 4460 1022 4513 confessione
1068 4473 1321 4526 magnum
1377 4466 1460 4510 est
1512 4457 1728 4525 pietatis
1783 4457 2127 4525 mysterium,
2186 4465 2241 4509 et

2324 1987 2581 2055 ἀλήθειαν
2628 1990 2689 2040 ὲκ
2732 1989 2783 2057 2
2819 1988 3001 2059 ψυχῆς
3053 1991 3565 2059 ἀνομολογούντων·
3606 1994 3774 2058 δοξῶν
3820 1996 3883 2049 δὲ

2324 2078 2502 2130 οὐσῶν
2540 2077 2753 2131 πολλῶν
2785 2079 3035 2133 παλαιῶν
3064 2098 3122 2132 τε
3177 2081 3272 2133 καὶ
3306 2080 3463 2145 νέων,
3499 2082 3758 2135 ἐναντίων
3790 2102 3886 2136 κα-

2325 2169 2502 2235 θάπαξ
2533 2172 2597 2239 τῇ
2634 2170 2861 2241 ἀληθινῇ
2890 2172 3062 2243 ταύτῃ
3094 2173 3255 2241 ἡμῶν
3288 2173 3493 2238 πίστει,
3539 2173 3658 2237 πῶς
3697 2174 3729 2245 ἢ
3764 2177 3883 2227 πεί-

2326 2275 2508 2327 σωμεν
2541 2261 2668 2322 τοὺς
2702 2262 2987 2325 ἀπίστους,
3014 2262 3046 2330 ἣ
3080 2262 3519 2331 ἀσφαλισώμεθα
3568 2266 3693 2325 τοὺς
3723 2264 3887 2317 ἀσθε-

2324 2350 2634 2416 νεστέρους,
2661 2350 2693 2421 ἢ
2724 2350 3153 2420 θεραπεύσαιμεν
3187 2354 3315 2414 τοὺς
3345 2353 3741 2423 διερωτῶντας,
3764 2357 3887 2407 ἐπεὶ

2325 2442 2417 2493 καὶ
2454 2441 2655 2493 διδόναι
2712 2440 2869 2508 λόγον
2931 2442 3288 2511 ἐδιδάχθημεν
3339 2443 3602 2514 περὶτῆς
3638 2445 3695 2496 ἐν
3748 2445 3881 2514 ἠμί]

2323 2531 2536 2594 ἐλπίδος
2557 2550 2573 2597 ;

2407 2625 2764 2694 Ἀρχιερεύς.
2801 2625 2864 2678 Ἦ
2882 2630 2981 2695 τῆς
3004 2627 3262 2696 ἀληθείας
3280 2629 3457 2696 ἀνακή
3470 2630 3643 2698 ρυξις,
3666 2629 3882 2697 ἁδελφὲ,

2325 2716 2420 2768 καὶ
2449 2720 2547 2785 τῆς
2594 2717 2878 2780 εὐσεϐείας
2908 2719 3193 2787 ὁμολογία.
3246 2721 3523 2787 ἀναγκαία
3551 2724 3657 2790 πρὸ
3688 2723 3886 2785 παντὸς

2326 2811 2480 2879 ἡμῖν,
2507 2811 2602 2861 καὶ
2624 2810 2828 2879 ταύτην
2848 2810 3132 2878 ὁμολογεῖν
3156 2814 3385 2864 ἐνώπιον
3414 2814 3668 2866 ἁπάντων
3687 2816 3882 2884 χρεών.

2326 2902 2495 2954 Ὶόῦτο
2542 2902 2637 2956 καὶ
2680 2903 2789 2973 γὰρ
2823 2903 3015 2956 πιστοῦ
3061 2907 3259 2967 παντὸς
3312 2908 3339 2958 ό
3374 2906 3624 2974 Οεμὲλιος
3652 2922 3670 2939 ’
3700 2908 3770 2961 δι’
3817 2908 3886 2977 ἡν

2325 2993 2624 3060 ὁμολογίαν
2659 2993 3037 3061 μακαρίζεται
3082 2996 3179 3063 μὲν
3210 2997 3431 3064 Πέτρος,
3462 2996 3598 3049 Θεοῦ
3640 3015 3695 3049 τε
3732 2997 3886 3068 βασι-

2326 3087 2475 3148 λείας
2523 3085 2834 3153 κλειδοῦχος
2866 3086 3215 3148 καθίσταται,
3254 3090 3465 3151 Παῦλος
3519 3090 3576 3142 δὲ
3623 3090 3715 3142 τὸν
3762 3094 3888 3143 στέ-

2337 3193 2510 3243 φανον
2533 3175 2740 3241 ἐλπίζει
2768 3178 2952 3230 λαϐεῖν
2977 3182 3073 3248 τῆς
3107 3180 3271 3243 ζωῆς,
3296 3185 3538 3250 τηρήσας
3565 3187 3658 3233 καὶ
3708 3187 3883 3252 κηρύ-

2334 3269 2428 3333 ξας
2451 3269 2549 3337 τὴν
2577 3271 2780 3322 πίστιν.
2812 3270 2918 3321 Καὶ
2935 3272 3041 3332 πᾶς
3062 3271 3117 3323 δὲ
3144 3274 3171 3324 ὁ
3196 3272 3303 3323 τῶν
3336 3273 3508 3339 ἁγίων
3532 3274 3711 3343 χορὸς,
3748 3274 3893 3328 οὕτω

2333 3362 2588 3429 ποιήσας,
2617 3362 2712 3413 καὶ
2740 3361 2924 3423 καλῶς
2946 3361 3170 3425 τελέσας
3191 3362 3285 3414 τὸν
3308 3362 3530 3432 δρόμον,
3551 3364 3889 3429 δεδόξασται.

2332 3452 2524 3522 Χρεὼν
2576 3451 2635 3504 δὲ
2669 3454 2760 3504 καὶ
2783 3453 2874 3503 τὸν
2906 3452 3135 3522 πλησίον
3174 3453 3477 3523 οἰκοδομεῖν
3521 3455 3595 3518 ὡς
3617 3456 3847 3525 δύναμις
3876 3497 3891 3517 ,

2333 3544 2432 3595 οὐκ
2494 3543 2711 3611 ἀνάγκη
2751 3544 2805 3595 δὲ
2836 3545 3014 3595 πάντα
3037 3544 3321 3612 ἄνθρωπον
3347 3546 3571 3609 πείθειν,
3608 3548 3726 3598 ἐπεὶ
3758 3548 3895 3617 μηδὲ

2334 3635 2545 3696 πάντας
2576 3637 2763 3686 πεῖσαι
2803 3635 3053 3689 δυνατόν.
3089 3636 3281 3704 Ὅμως
3313 3636 3532 3689 λεκτέον
3587 3639 3635 3690 εί
3667 3638 3919 3707 δύναμίς·

2337 3743 2419 3778 σοι
2470 3727 2538 3777 τὰ
2589 3726 2731 3777 κατὰ
2770 3725 3024 3794 δύναμιν,
3086 3728 3135 3778 εί
3167 3728 3301 3796 πρὸς
3345 3729 3632 3799 οἰκοδομὴν
3670 3732 3698 3784 ό
3742 3731 3897 3799 λόγος

2338 3818 2463 3887 ὁρᾷ*
2500 3819 2596 3871 καὶ
2648 3818 2696 3870 εί
2730 3819 2830 3879 μὲν
2857 3818 3251 3886 οἰκοδομήσεις,
3284 3818 3417 3872 πολὺ
3453 3822 3534 3872 σοί
3565 3838 3622 3872 τε
3672 3824 3766 3874 καὶ
3819 3822 3896 3891 τῷ

2338 3908 2675 3977 ὠφελημένῳ
2732 3909 2882 3976 παρὰ
2936 3908 3029 3960 σοῦ
3084 3909 3143 3960 τὸ
3174 3910 3395 3975 ὄφελος·
3434 3913 3482 3962 εί
3522 3912 3565 3962 δ’
3620 3908 3745 3974 οὖν,
3794 3915 3896 3967 ούκ

2336 3999 2569 4066 ὀφείλεις
2598 4017 2652 4051 τι
2684 4000 2760 4068 τῷ
2806 4001 2925 4066 Θεῷ
2971 4002 3163 4053 τούτου
3215 4004 3372 4071 χάριν
3395 4018 3413 4036 '
3446 4005 3505 4055 τὸ
3541 4007 3738 4058 σαυτοῦ
3791 4008 3901 4076 γὰρ

2337 4090 2649 4152 τετέλεκας.
2702 4089 2874 4142 Πάλιν
2904 4090 2958 4141 δὲ
2997 4093 3091 4141 καὶ
3119 4092 3278 4142 τοῦτό
3327 4108 3408 4144 σοι
3461 4092 3783 4161 φυλακτέον
3823 4098 3900 4165 μὴ

2341 4184 2491 4249 παρα
2521 4183 2621 4250 τὴν
2650 4182 2882 4249 δύναμιν
2912 4184 3057 4249 λέγε,
3095 4184 3300 4250 μήποτ’
3334 4184 3630 4253 ἐπιχειρῶν
3662 4183 3755 4238 τὸν
3784 4190 3901 4241 κεί-

2344 4289 2505 4343 μενον
2540 4273 2785 4341 ἀνιστᾷν,
2830 4277 3255 4347 συγκαταπέσῃς
3286 4275 3454 4345 αὐτῷ.
3490 4278 3646 4330 Κατά
3672 4280 3779 4348 γὰρ
3808 4282 3902 4334 τὸν

2344 4368 2618 4419 υειότατον
2644 4349 3058 4436 Παῦ>.ον,’μέγα
3083 4370 3529 4439 ὁμολογουμένως
3564 4374 3681 4425 ἐστὶ
3714 4376 3774 4427 τὸ
3800 4375 3904 4443 τῆς

2345 4460 2627 4520 εὐσεϐείας
2678 4460 2983 4528 μυστήρισν
3010 4475 3025 4489 ο
3059 4462 3154 4514 καὶ
3198 4463 3304 4530 χρὴ
3342 4461 3460 4530 μετ’
3490 4464 3773 4527 εὐλαϐείας
3807 4445 3854 4518 τὶ
3882 4470 3905 4519 ‘t

678 4561 1040 4620 oportetcqu
1074 4552 1357 4620 prudentia
1387 4561 1441 4605 et
1500 4566 1663 4620 quam
1722 4554 1956 4603 maxima
2002 4535 2237 4615 cireuin-
2274 4569 2315 4623 ι)

2274 4569 2315 4623 ι)
2346 4550 2620 4617 προσοχῆς
2646 4550 2729 4600 ὅτι
2760 4548 3019 4618 πλείστης
3048 4550 3141 4602 τὸν
3161 4550 3545 4621 διαλεγόμενον
3578 4555 3706 4622 περὶ
3733 4555 3905 4624 αὐτῆς

679 4657 787 4709 spe.
811 4643 955 4694 tione
986 4642 1436 4695 bCl‘lllOt‘lllaﬂlelll
1463 4640 1529 4694 de
1551 4656 1614 4693 ea
1649 4640 1909 4709 colloqui,
1939 4640 2116 4709 ipsum
2147 4657 2241 4694 au-

681 4745 785 4788 tem
821 4736 1103 4802 probatum
1135 4748 1255 4788 esse
1281 4742 1335 4786 et
1360 4733 1601 4786 doctoris
1642 4733 1868 4801 gratiam
1923 4734 2241 4798 accepisse;

683 4838 751 4877 ne
773 4826 897 4891 quis
928 4825 994 4877 de
1027 4824 1111 4877 his
1160 4837 1281 4891 quae
1320 4824 1496 4877 nescit
1542 4824 1899 4885 contendens,
1929 4822 1983 4874 in
2024 4826 2245 4890 laqueos

681 4915 1051 4983 blaSphemiaa,
1081 4922 1174 4967 aut
1201 4915 1253 4966 in
1298 4915 1432 4967 retia
1463 4914 1843 4977 dubitationis,
1875 4925 1968 4967 aut
2005 4915 2058 4967 iu
2114 4916 2244 4983 dog-

686 5013 828 5058 mata
900 5005 1194 5073 impietatis
1241 5019 1307 5057 ex
1352 5002 1698 5058 sermonibus
1749 5004 2064 5071 irreligiosis
2104 5005 2250 5058 deci-

682 5102 792 5154 dat.
827 5097 965 5152 Nam
996 5098 1204 5151 scimus
1250 5096 1452 5150 multos
1499 5095 1747 5149 inﬁrmos
1789 5107 2074 5165 propterea
2129 5112 2250 5151 eor-

684 5206 877 5245 rutsse.

754 5283 1008 5339 Clericus.
1053 5280 1246 5336 Utrum
1271 5281 1441 5335 tutius
1471 5289 1555 5333 est
1580 5280 1846 5336 disserere
1894 5297 1957 5335 ex
1995 5270 2283 5336 naturali?

686 5378 787 5431 bus
821 5377 1234 5444 cngitationibus
1263 5390 1330 5429 an
1362 5389 1395 5429 ε
1426 5373 1644 5443 scriptis
1671 5374 1993 5429 testimoniis
2023 5375 2045 5427 ?

754 5468 1028 5539 Pontifex.
1085 5468 1126 5521 Ε
1178 5468 1395 5537 scriptis
1442 5467 1772 5522 testimoniis
1810 5469 1919 5533 ;ita
1978 5469 2122 5521 enim
2180 5468 2256 5520 ait

687 5563 990 5618 Dominus;
1027 5580 1046 5613 ι
1076 5560 1408 5614 Ser-utamini
1438 5562 1771 5629 Scripturas,
1830 5560 1957 5628 quia
2011 5574 2107 5613 vos
2160 5575 2256 5628 pu-

683 5655 812 5708 tatis
834 5654 891 5708 in
923 5654 1055 5723 ipsis
1081 5654 1245 5708 vitam
1299 5663 1555 5707 aeternam
1602 5653 1787 5707 haberi
1824 5668 1840 5715 ;
1871 5660 1926 5705 et
1978 5653 2080 5706 illae
2130 5662 2259 5707 sunt

684 5762 806 5815 qua:
846 5745 1214 5801 testimonium
1244 5744 1532 5814 perhibent
1559 5744 1626 5798 de
1651 5758 1756 5797 me.
1796 5762 1815 5794 ι
1852 5741 2063 5798 Poteris
2092 5745 2254 5797 etiam

684 5847 944 5911 praaterea
968 5853 1035 5893 ex
1075 5837 1458 5894 communibus
1497 5836 1917 5907 cogitationibus
1971 5845 2023 5891 et
2074 5850 2258 5891 exem-

2344 4638 2688 4705 διαλέγεσθαι
2716 4654 2731 4669 ο
2774 4637 2967 4693 τοῦτον
3009 4639 3066 4692 δὲ
3096 4641 3559 4712 δεδοκιμασμένον
3615 4641 3780 4710 εἶναι,
3815 4651 3909 4700 καὶ

2344 4730 2724 4783 διδασκαλικοῦ
2776 4733 3114 4802 τετυχηκότα
3147 4734 3487 4804 χαρίσματος
3514 4753 3528 4767 ·
3571 4739 3658 4791 ἵνα
3707 4742 3781 4810 μή
3824 4759 3907 4803 τις

2348 4822 2478 4889 περὶ
2511 4814 2586 4875 ῶν
2618 4822 2718 4873 οὐκ
2747 4819 2885 4875 οἶδεν
2913 4824 3130 4893 ἐρίζων,
3184 4826 3217 4895 ἦ
3267 4829 3382 4889 τοῖς
3433 4828 3530 4897 τῆς
3560 4828 3907 4899 βλασφημίας

2347 4912 2607 4975 δικτύοις,
2639 4913 2671 4981 ἢ
2706 4913 2917 4981 πάγαις
2940 4917 3228 4985 διχονοίας,
3257 4918 3289 4986 ἦ
3320 4919 3555 4988 δόγμασι
3593 4920 3911 4987 δυσσεϐείας

2349 5007 2413 5058 ἐκ
2466 5006 2579 5056 τῶν
2622 5007 2718 5075 τῆς
2752 5006 3005 5071 ἀσεϐείας
3039 5011 3314 5081 περιπέσῃ
3360 5012 3644 5081 ῥημάτων.
3677 5014 3913 5083 Οίδαμεν

2350 5095 2458 5164 γὰρ
2480 5098 2543 5148 ὲκ
2570 5097 2757 5148 τούτου
2782 5098 3242 5167 παραϐλαϐέντας
3270 5103 3379 5153 τῶν
3404 5105 3754 5172 ἀστηρίκτων
3785 5106 3905 5158 πολ-

2354 5203 2498 5249 λους.

2424 5288 2739 5354 Κληρικός.
2778 5290 2887 5342 Καὶ
2916 5292 3079 5343 πόθεν
3110 5293 3519 5364 ἀσςαλέστερον
3548 5294 3913 5363 διαλέγεσθαι,

2355 5380 2418 5430 ὲκ
2446 5380 2689 5446 φυσικῶν
2720 5383 2958 5447 ἐννοιῶν,
2990 5383 3022 5453 ἢ
3059 5384 3341 5453 γραςςικῶν
3383 5386 3739 5456 μαρτυριῶν;

2438 5473 2795 5539 Ἀρχιερεύς.
2838 5474 2968 5525 ’Δπὸ
2994 5476 3104 5526 τῶν
3131 5476 3300 5543 ἁγίων
3352 5477 3605 5547 Γραφῶν.
3627 5478 3783 5530 Οὕτω
3810 5478 3921 5549 γάρ

2359 5577 2492 5630 φησι
2529 5566 2624 5613 καὶ
2665 5564 2691 5613 ὁ
2726 5565 2952 5634 Κύριος·
2998 5585 3016 5617 ι
3069 5568 3358 5637 Ἐρευνᾶτε
3406 5570 3501 5634 τὰς
3558 5571 3801 5642 Γραφὰς,
3838 5574 3923 5625 ὅτι

2359 5654 2419 5705 ἐν
2474 5656 2659 5713 αὑταῖς
2691 5654 2901 5707 δοκεῖτε
2933 5657 3076 5727 ζωὴν
3134 5658 3351 5712 αἰώνιον
3385 5660 3529 5729 ἔχειν
3553 5677 3568 5692 ·
3624 5666 3717 5713 καὶ⁵
3758 5658 3922 5714 αὗταί

2361 5746 2499 5797 εἰσιν
2537 5748 2593 5806 αἱ
2629 5749 3007 5817 μαρτυροῦσαι
3039 5753 3169 5820 περὶ
3199 5751 3353 5819 ἐμοῦ.
3386 5770 3403 5802 ι
3448 5753 3601 5804 Ἐστι
3626 5752 3670 5803 δ’
3703 5755 3791 5804 ᾖτε
3830 5755 3922 5805 καὶ

2362 5838 2468 5889 ἀπὸ
2496 5838 2689 5889 κοινῶν
2713 5839 2929 5890 ἐννοιῶν
2954 5845 3046 5893 καὶ
3072 5844 3552 5913 παραδειγμάτων.
3575 5844 3717 5914 Πλὴν
3736 5846 3919 5897 ἐκεῖνα
