4216 6432
713 469 807 534 ’43
1585 462 1957 526 SYMEONIS
1987 458 2318 522 THESSAL

2410 458 2727 521 [ICENSIS
2755 459 3110 522 ARCHIEP.
3922 465 3991 531 ιι

737 585 1042 654 gubernare
1075 596 1089 646 ;
1140 591 1264 634 cum
1290 577 1406 633 sint
1445 577 1501 632 in
1549 578 1771 633 modum
1803 574 2194 638 multitudinis,
2231 586 2314 628 se-

2418 573 2512 626 καὶ
2537 573 2600 626 οῦ
2628 573 2845 628 δυνατοὶ⁷
2873 574 3087 628 ἔσονται
3117 576 3176 628 τὸ
3213 575 3321 629 πᾶν
3366 574 3636 647 συνέχειν*
3671 580 3764 633 καὶ
3795 576 3881 632 δτι
3911 581 3988 643 ὡς

732 673 912 730 ditiosi
941 678 1122 733 erunt.
1141 680 1195 725 et
1217 677 1482 740 potestate
1503 669 1785 733 contrarii,
1819 676 2000 723 etnon
2036 663 2320 735 dii.Quip—

733 780 800 834 pe
858 777 1020 817 verus
1053 760 1194 816 Deus
1249 769 1334 816 est
1355 761 1597 815 omnium
1620 759 1903 823 Dominus,
1929 756 2313 811 universorum

732 853 936 924 opifex,
971 866 1253 922 capasque
1284 851 1469 905 omnia
1511 848 1871 919 gubernandi.
1941 845 2047 902 Sed
2079 847 2125 902 si
2158 847 2314 901 multi

733 951 866 998 sunt
893 951 948 998 et
977 943 1200 1005 diversi,
1232 948 1392 995 erunt
1437 947 1490 993 et
1523 937 1696 1005 ﬁniti;
1723 949 1778 993 et
1808 939 1850 992 si
1878 937 2038 1004 flniti,
2068 936 2269 992 inlirmi
2295 953 2312 1004 ;

739 1041 797 1086 et
825 1032 1052 1103 proinde
1106 1041 1448 1100 nequaquam
1483 1029 1909 1097 omnipotentes.
1968 1027 2046 1082 Ex
2074 1040 2140 1081 eo
2166 1027 2312 1097 quod

731 1121 979 1176 diversas
1001 1119 1236 1174 habeant
1255 1126 1571 1188 potestates,
1592 1118 1900 1172 ostenditur
1920 1132 2015 1173 eos
2056 1131 2164 1171 non
2189 1130 2312 1171 esse

733 1212 1160 1281 omnipotentes,
1188 1219 1245 1266 et
1265 1221 1550 1281 propterea
1580 1209 1684 1265 sibi
1707 1210 1936 1264 invicem
1981 1208 2311 1275 contrarios,

737 1304 970 1373 ideoque
997 1302 1102 1358 sibi
1124 1309 1315 1357 mutuo
1349 1304 1718 1357 adversantes.
1751 1301 1980 1370 lnsuper
2012 1301 2079 1364 si,
2108 1308 2168 1354 ut
2221 1300 2308 1354 di-

731 1404 954 1462 xerunt,
979 1393 1210 1451 masculi
1241 1401 1369 1449 sunt
1413 1401 1468 1448 et
1501 1391 1736 1458 feminae,
1771 1401 1826 1447 et
1856 1391 2158 1447 secundum
2218 1406 2310 1462 ge-

732 1502 839 1542 nus
862 1487 1107 1542 distincti
1136 1494 1317 1549 erunt,
1351 1493 1405 1539 et
1429 1498 1658 1554 corpora
1681 1483 1883 1538 habent
1910 1483 2137 1556 (corpus
2161 1483 2306 1538 enim

729 1580 973 1649 implicat
1005 1593 1170 1635 sexus
1192 1577 1526 1648 diversitas),
1557 1584 1611 1632 et
1646 1576 1993 1646 passionibus
2053 1577 2304 1642 obnoxii,

730 1687 941 1726 necnon
987 1671 1240 1726 omnibus
1259 1683 1382 1740 quae
1413 1683 1476 1723 ex
1503 1670 1607 1724 hoc
1631 1668 1807 1722 ﬂuunt
1830 1668 2198 1738 :corruptioni
2253 1676 2308 1724 et

727 1762 1091 1817 immunditia‘.
1113 1772 1170 1817 et
1190 1760 1510 1831 pollutioni;
1537 1775 1658 1815 nam
1691 1759 1760 1814 ad
1780 1775 1953 1831 genus
1979 1775 2138 1815 suum
2156 1760 2306 1830 quis-

728 1854 1172 1927 quemovebitur.
1206 1852 1337 1909 Etsi
1363 1853 1513 1908 initia
1559 1853 1889 1916 habuerunt,
1933 1860 2095 1932 erunt
2142 1854 2300 1924 primi

2421 664 2623 735 πλῆθος
2670 663 2846 730 ὅντες,
2893 667 2988 719 καὶ
3036 666 3355 731 στασιώδεις
3401 666 3640 731 ἔσονται,
3695 669 3793 722 καὶ
3825 670 3984 725 ἔναν-

2419 755 2526 808 τίοι
2555 757 2624 826 τῇ
2668 756 2919 826 δυνάμει,
2968 757 3065 811 καὶ
3101 758 3163 810 οὐ
3199 758 3334 814 θεοί.
3380 760 3515 824 Θεὸς
3563 762 3672 832 γὰρ
3706 762 3914 832 ἀληθὴς
3959 764 3990 814 ό

2422 846 2642 901 πάντων
2693 849 2962 917 δεσπότης
2990 888 3005 914 ,
3061 851 3156 903 καὶ
3219 851 3425 914 παντὸς
3485 853 3846 923 δημιουργοὺς,
3893 856 3991 907 καὶ

2420 939 2601 993 πάντα
2645 941 3012 1012 διακυϐερνᾷν
3063 942 3348 1012 ἐξισχύων.
3393 943 3558 998 Ἀλλὰ
3595 946 3691 999 καὶ
3720 963 3992 1016 περιγρα-

2415 1031 2567 1099 πτοὶ,
2604 1036 2653 1086 si
2689 1034 2873 1088 πολλοί
2928 1035 3038 1088 εισι
3090 1035 3187 1089 καὶ
3236 1035 3507 1106 διάφοροι.
3553 1037 3666 1091 Καὶ
3720 1040 3769 1092 ει
3837 1057 3993 1108 περι-

2413 1121 2672 1188 γραπτοὶ,
2699 1122 2965 1185 ἀσθενεῖς,
3001 1124 3096 1177 καὶ
3143 1123 3204 1177 οῦ
3247 1124 3650 1196 παντοδύναμοι
3699 1128 3832 1197 ἄρα.
3879 1130 3995 1182 Καὶ

2411 1216 2475 1267 τὸ
2504 1215 2800 1285 διαφόρους
2848 1215 2907 1269 δὲ
2937 1216 3200 1287 δυνάμεις
3245 1216 3392 1287 ἔχειν
3432 1219 3495 1271 οὐ
3529 1214 3985 1289 ἀταντοδυνάμους

2413 1306 2614 1369 αὐτοὺς
2644 1306 2821 1376 δηλοῖ,
2851 1308 2947 1360 καὶ
2977 1309 3041 1360 ἐκ
3070 1308 3261 1360 τούτου
3285 1309 3558 1373 ἐναντίους
3586 1309 3862 1380 ἀλλήλοις,
3893 1313 3994 1364 καὶ

2416 1397 2756 1468 μαχομένους
2808 1399 2936 1469 ἄρα.
2998 1399 3060 1451 Εἰ
3105 1399 3161 1452 δὲ
3211 1400 3303 1453 καὶ
3351 1401 3580 1471 ᾶῤῥενες
3615 1404 3709 1454 καὶ
3745 1404 3992 1471 θήλεαι,

2411 1489 2487 1553 ὥς
2535 1506 2722 1558 φασιν,
2753 1492 2884 1557 εἰσὶ,
2937 1491 3033 1545 καὶ
3086 1491 3232 1546 atat}.
3287 1491 3348 1544 τὸ
3412 1493 3566 1560 γένος
3627 1496 3986 1565 ἠλλοιωμένον

2408 1580 2645 1644 τελοῦσι,
2675 1583 2770 1635 καὶ
2799 1583 3029 1654 σώματα
3059 1586 3392 1655 τυγχάνουσι
3425 1602 3439 1616 ο
3478 1587 3748 1656 σωμάτων
3782 1590 3890 1658 γὰρ
3930 1591 3992 1640 τὸ

2409 1676 2544 1746 Θῆλυ
2580 1677 2675 1730 καὶ
2710 1678 2881 1749 app“
2920 1695 2934 1710 ·
2969 1683 3066 1733 καὶ
3093 1680 3385 1749 ἐμπαθεῖς,
3421 1682 3515 1735 καὶ
3537 1681 3701 1755 τομὴ,
3738 1687 3832 1738 καὶ
3858 1685 3985 1754 pss-

2412 1783 2496 1830 σις
2545 1769 2609 1821 ὲκ
2663 1768 2878 1831 τούτου,
2912 1772 3006 1823 καὶ
3040 1770 3218 1842 φθορὰ
3258 1775 3389 1844 περὶ
3439 1774 3686 1838 τούτους.
3718 1777 3810 1830 καὶ
3843 1777 3987 1829 ἀκα-

2407 1857 2609 1928 θαρσία
2679 1861 2815 1930 παρ’
2847 1862 3030 1926 αὐτοῖς
3083 1862 3177 1916 καὶ
3234 1864 3528 1934 μολυσμός.
3563 1866 3704 1937 Πρὸς
3755 1867 3864 1937 γὰρ
3924 1869 3990 1920 τὸ

728 1959 783 2003 et
816 1948 1040 2020 posteri,
1067 1954 1120 2001 et
1141 1946 1233 2001 alii
1269 1935 1514 2016 qui'post
1543 1945 1701 2010 istos,
1721 1954 1780 1999 ut
1802 1943 2061 1999 effutiunt
2105 1942 2301 2009 Grieci,

2423 1950 2580 2016 γένος
2615 1951 2782 2006 αὑτοῦ
2818 1954 3136 2025 κινούμενος
3165 1956 3320 2011 ἔσται
3370 1935 3622 2022 εκαστοςέ
3673 1960 3733 2013 El
3783 1935 3846 2013 δι’
3889 1962 3988 2014 καὶ

732 2043 1052 2110 inceperunt
1089 2052 1228 2093 esse.
1246 2037 1604 2108 Atquomodo
1627 2037 1678 2090 hi
1708 2044 1834 2091 sunt
1851 2035 2307 2105 principes?qno-

727 2133 889 2187 modo
919 2130 1106 2185 mundi
1141 2128 1418 2184 rectores?
1451 2127 1517 2181 Et
1538 2127 1584 2183 si
1603 2127 1800 2183 cmlum
1849 2136 1932 2181 est
1996 2128 2114 2182 sine
2157 2128 2312 2198 prin-

709 2224 895 2295 Icipio,
928 2232 986 2277 ut
1026 2221 1208 2293 inepte
1231 2218 1480 2291 garriunt
1528 2219 1727 2284 Graeci,
1753 2221 2030 2290 quomodo
2081 2223 2302 2291 quidam

726 2318 922 2373 eadunt
953 2321 1168 2385 regunt,
1203 2311 1514 2382 coelumque
1530 2311 1800 2380 habitant,
1826 2312 1916 2383 qui
1953 2323 2072 2383 post
2100 2313 2304 2368 coelum

727 2413 854 2468 facti
881 2411 1051 2466 sunt?
1073 2407 1151 2462 Ex
1171 2408 1259 2464 his
1285 2415 1340 2464 et
1361 2405 1637 2462 similibus
1651 2406 1862 2462 ridendi
1892 2415 2020 2462 sunt
2038 2406 2302 2473 dicentes,

727 2504 912 2573 plures
961 2513 1084 2555 esse
1129 2498 1284 2553 deos.
1339 2494 1394 2550 Si
1429 2510 1558 2550 vero
1606 2503 1888 2550 creaturas
1943 2495 1998 2548 in
2075 2510 2304 2550 numero

726 2594 953 2650 deorum
982 2593 1295 2646 habuerunt
1315 2588 1516 2653 Graeci,
1549 2586 1721 2643 multo
1753 2587 1926 2658 magis
1943 2585 2122 2641 adhuc
2141 2597 2305 2642 erunt

731 2684 1074 2757 perridiculi;
1105 2698 1229 2738 nam
1257 2683 1387 2752 ipsa:
1432 2695 1530 2736 sua
1559 2686 1832 2749 potestate
1877 2688 1930 2733 et
1976 2678 2174 2733 virtute
2225 2689 2303 2732 te-

725 2789 941 2836 stantur
971 2792 1030 2832 se
1055 2790 1175 2831 esse
1198 2787 1406 2837 servas,
1463 2780 1517 2826 et
1573 2769 1800 2840 exiguas
1850 2777 1904 2823 et
1931 2768 2198 2833 infirmas,
2249 2778 2304 2825 et

725 2870 946 2926 aliunde
977 2868 1086 2922 vim
1112 2874 1167 2921 et
1191 2872 1397 2919 motum
1421 2874 1709 2930 accepere;
1746 2859 1878 2925 imo,
1898 2859 2158 2928 quoniam
2194 2858 2303 2912 vir-

725 2974 817 3017 tus
845 2974 1033 3016 earum
1049 2966 1102 3012 et
1130 2966 1308 3011 motus
1332 2953 1489 3008 nobis
1511 2950 1828 3005 hominibus
1856 2959 2295 3019 cognoscuntur;

725 3071 854 3110 nam
879 3053 1002 3108 caeli
1031 3049 1381 3115 siderumque
1411 3054 1620 3098 mulum
1649 3040 1831 3096 sciunt
1863 3040 2149 3105 homines;
2179 3040 2298 3095 ideo

717 3163 828 3203 nec
850 3147 1074 3208 malum,
1105 3156 1204 3196 nec
1230 3147 1379 3194 astra
1408 3151 1510 3191 nec
1525 3134 1823 3205 quidquam
1851 3146 2039 3186 eorum
2063 3148 2184 3202 qua:
2214 3133 2296 3187 vi-

2413 2042 2582 2111 ἀρχαὶ
2630 2043 2765 2114 παρ’
2797 2047 2983 2110 αὐτοῖς
3038 2049 3132 2101 καὶ
3185 2049 3394 2118 πρῶτοι
3445 2052 3540 2103 καὶ
3595 2050 3838 2120 ὕστεροι,
3887 2052 3986 2106 καὶ

2412 2134 2552 2202 μετὰ
2573 2133 2796 2199 τούτους
2829 2136 3003 2202 ἄλλοι,
3042 2137 3119 2201 ὡς
3149 2138 3413 2212 Ἕλληνες
3451 2142 3850 2214 φληναφοῦσιν,
3881 2146 3982 2214 ἀρ-

2407 2221 2508 2293 χὴν
2544 2225 2841 2295 ἐσχηκότες
2867 2227 2993 2282 εισι.
3019 2229 3130 2282 Καὶ
3159 2229 3276 2295 πῶς
3307 2231 3371 2285 ἂν
3399 2234 3659 2305 ἄρχοντες
3689 2233 3834 2288 οὗτοι
3862 2254 3876 2301 ;
3909 2238 3981 2290 Ἢ

2405 2314 2526 2376 πῶς
2545 2313 2818 2387 διοικηταὶ
2839 2317 2949 2370 τῶν
2979 2318 3073 2372 τοῦ
3103 2322 3309 2391 κόσμου
3333 2339 3347 2386 ;
3374 2324 3478 2377 Καὶ
3511 2327 3557 2378 εἰ
3581 2326 3810 2396 οὐρανός
3833 2330 3979 2382 ἐστιν

2404 2408 2662 2478 ἄναρχος,
2683 2407 2759 2470 ὡς
2781 2407 3041 2480 Ἕλληνες
3066 2410 3402 2484 ληδωροῦσι,
3422 2415 3538 2480 πῶς
3556 2417 3814 2487 ἡγοῦνταί
3834 2437 3979 2483 τινες

2402 2496 2497 2550 τοῦ
2530 2497 2787 2570 οὐρανοῦ,
2819 2500 2914 2554 καὶ
2958 2500 3050 2554 τὸν
3095 2503 3324 2574 οὐρανὸν
3353 2504 3594 2559 οἰκοῦσιν
3622 2510 3670 2561 oi
3712 2511 3852 2577 μετὰ
3883 2514 3975 2564 τὸν

2403 2589 2634 2659 οὐρανὸν
2659 2591 2944 2659 γεγονότες
2968 2610 2986 2660 ;
3031 2592 3128 2648 Ἐκ
3149 2595 3358 2650 τούτων
3381 2598 3474 2650 καὶ
3501 2598 3609 2651 τῶν
3630 2601 3831 2668 ὁμοίων
3859 2604 3975 2655 ἔστι

2405 2682 2741 2752 μυκτηρὶσαι
2779 2683 2904 2746 τοὺς
2931 2684 3160 2750 πολλοὺς
3188 2687 3345 2752 θεοὺς
3378 2688 3657 2757 λέγοντας.
3689 2693 3750 2746 Ei
3785 2693 3841 2746 δὲ
3878 2697 3974 2747 καὶ

2400 2773 2471 2828 τὰ
2527 2775 2805 2845 κτίσματα
2840 2775 2999 2840 θεοὺς
3049 2776 3421 2850 ὑπειλήφασιν
3467 2779 3756 2853 Ἕλληνες,
3802 2803 3976 2840 κατα-

2399 2863 2783 2931 γελαστότατοι
2809 2867 3034 2936 μᾶλλον.
3063 2868 3218 2922 Δὺτὰ
3251 2870 3362 2940 γὰρ
3397 2872 3617 2936 ἑαυτοῖς
3657 2876 3969 2949 μαρτυροῦ-

2401 2971 2455 3007 σι
2487 2958 2607 3019 sal;
2630 2959 2936 3027 ἐνεργείαις
2964 2976 3024 3012 τε
3057 2961 3155 3013 καὶ
3200 2961 3520 3033 δυνάμεσιν,
3557 2965 3631 3029 ὡς
3662 2966 3825 3021 δοῦλα
3871 2973 3967 3024 καὶ

2402 3048 2606 3117 μερικὰ
2663 3049 2835 3102 ταῦτα
2884 3053 2981 3104 καὶ
3032 3052 3236 3121 ἀσθενῆ
3295 3055 3551 3120 τελοῦσι,
3602 3061 3698 3116 καὶ
3745 3060 3972 3114 ἄλλοθεν

2398 3137 2511 3208 εχει
2545 3138 2645 3210 τὴν
2676 3138 2910 3212 δύναμιν
2967 3161 3025 3197 τε
3080 3147 3177 3199 καὶ
3231 3148 3481 3219 κίνησινο
3517 3155 3611 3206 καὶ
3646 3157 3851 3224 μᾶλλον
3885 3159 3970 3211 ὅτι

724 3241 951 3300 dentur,
978 3234 1124 3289 Dcus
1149 3241 1254 3296 εει,
1278 3238 1407 3284 sunt
1429 3234 1610 3282 autem
1629 3225 1723 3280 Dei
1748 3224 2128 3279 universorum
2147 3239 2299 3279 crea-

2410 3230 2498 3282 tta‘t
2528 3231 2560 3300 ἡ
2589 3230 2816 3302 δύναμις
2845 3237 3053 3288 τούτων
3103 3237 3200 3290 καὶ
3243 3241 3460 3309 κίνησις
3504 3247 3617 3308 τοῖς
3661 3247 3974 3317 ἀνθρώποις

725 3343 858 3386 tunc
884 3345 900 3393 ;
929 3329 1083 3381 abeo
1102 3324 1248 3378 enim
1280 3330 1332 3376 et
1353 3317 1649 3390 potentiam
1672 3325 1726 3372 et
1751 3314 2123 3371 exsistentiam
2146 3331 2299 3370 acce-

2410 3290 2812 3393 ﬁp‘t’v'vaatﬂ:
2845 3325 2953 3379 Καὶ
2984 3328 3219 3398 οὐρανοῦ
3253 3290 3472 3401 κεν-ἧσιζο
3523 3290 3634 3407 τάξ»

722 3431 939 3492 perunt.
961 3415 1145 3484 Neque
1164 3412 1325 3467 etiam
1348 3407 1658 3479 spirituales
1684 3405 1909 3460 virtutes
1927 3405 2002 3458 dii
2036 3413 2183 3499 sunt.
2200 3405 2292 3460 sed

2410 3425 2512 3478 ρων
2541 3409 2728 3465 ἴσασιν
2760 3413 3057 3485 ἄνθρωποι.
3085 3418 3201 3472 Οὐκ
3228 3419 3335 3490 ἄρα
3369 3405 3621 3494 οὐρανὸς,
3646 3428 3678 3499 ἢ
3717 3429 3969 3499 ἁττέρες,

722 3511 1034 3585 spirituales
1053 3505 1145 3560 Dei
1169 3512 1453 3562 creaturae,
1474 3513 1703 3569 quarum
1744 3496 1861 3550 alia}
1883 3495 2100 3564 quidem
2125 3495 2294 3550 Deum

2410 3499 2433 3569 ἡ
2466 3516 2519 3553 τι
2567 3502 2677 3556 τῶν
2715 3506 3010 3576 δρωμένων
3043 3512 3151 3565 εἰσὶ
3183 3511 3317 3580 θεοὶ,
3355 3515 3491 3570 ἀλλὰ
3537 3519 3631 3571 τοῦ
3666 3495 3815 3574 -Θεοῦ
3856 3495 3972 3576 τῶν

716 3607 973 3659 ινὶιιοτιιιεε
1013 3611 1178 3670 atque
1231 3595 1541 3657 laudantes,
1581 3588 1675 3645 Dei
1711 3596 1839 3643 sunt
1863 3587 2131 3652 ministri;
2176 3588 2296 3642 alia

2410 3592 2538 3644 ὅλων
2584 3595 2879 3665 κτίσματα,
2920 3603 3055 3670 παρ’
3085 3603 3252 3660 αὑτοῦ
3292 3607 3384 3660 καὶ
3418 3609 3477 3660 τὸ
3502 3610 3763 3665 δύνασθαί
3791 3631 3848 3666 τε
3877 3619 3974 3669 καὶ

733 3714 858 3754 vero
879 3695 1113 3768 pessima
1140 3689 1418 3744 voluntate
1429 3683 1498 3738 ab
1518 3696 1581 3736 eo
1602 3687 1947 3734 recesserunt
1962 3687 2014 3731 et
2032 3687 2296 3734 vocantur

2410 3683 2458 3736 τὸ
2491 3681 2632 3738 εῐναι
2656 3687 2912 3744 λαϐόντα.
2952 3692 3096 3746 Ἀλλ’
3124 3696 3245 3749 οὐδὲ
3285 3701 3474 3768 νοηται
3504 3718 3652 3766 τινες
3707 3703 3972 3774 δυνάμεις

721 3787 1143 3854 -da'monia,qu:c
1172 3791 1415 3835 errorem
1447 3771 1652 3826 Gracis
1679 3770 2078 3838 imposuerunt.

2410 3776 2508 3828 εἰσὶ
2535 3776 2670 3844 θεοὶ,
2701 3781 2976 3851 κτίσματα
3006 3785 3062 3838 δὲ
3087 3785 3221 3841 Θεοῦ
3253 3793 3437 3859 νοερά.
3471 3794 3581 3848 Καὶ
3623 3796 3692 3849 τὰ
3722 3796 3820 3866 μὲν
3848 3770 3970 3850 τού-

725 3899 856 3943 των,
880 3875 1015 3931 Θεδν
1045 3874 1259 3945 ὁρῶντα
1286 3871 1379 3922 καὶ
1411 3867 1706 3938 μᾶλποντα,
1735 3866 1785 3919 οἲ
1823 3866 1938 3963 καὶ.
1976 3865 2278 3963 λειτουργοὶ
2310 3867 2446 3922 Θεοῦ
2491 3873 2616 3939 εισι,
2652 3876 2718 3929 τὰ
2765 3875 2822 3929 δὲ
2869 3883 3189 3951 προαιρέσει
3224 3885 3457 3958 κακιστῃ
3511 3889 3969 3963 ἁποστατήσιντι

720 3976 935 4036 τούτου,
971 3967 1006 4022 ἃ
1041 3967 1135 4020 καὶ
1161 3964 1417 4032 δαιμόνια
1451 3959 1722 4025 λέλεκται,
1754 3959 1850 4012 καὶ
1887 3955 1986 4028 τὴν
2027 3956 2236 4030 πλάνην
2261 3962 2376 4022 τοῖς
2405 3961 2666 4035 Ἕλλησιν
2694 3965 2882 4040 ἔθηκε.
3431 3955 3455 3958 η
3750 3996 3755 4000 ·

1363 4093 1592 4152 CAPUT
1651 4092 1740 4149 Vl.

718 4247 925 4308 Contra
949 4259 1038 4300 eos
1055 4241 1144 4312 qui
1167 4238 1338 4308 fatum
1363 4245 1413 4290 et
1449 4234 1717 4356 [az-tunam
1738 4231 1896 4302 impie
1919 4233 2131 4299 docent,
2162 4243 2211 4288 et
2228 4234 2293 4290 de

1355 4315 1499 4356 astro
1523 4319 1664 4356 oma.

1355 4315 1664 4374 astrotogta.

791 4427 1025 4495 Quidam
1065 4436 1194 4478 vero
1221 4420 1289 4475 de
1317 4416 1535 4472 fortuna
1556 4423 1611 4469 et
1645 4412 1774 4480 fato,
1801 4414 1868 4468 de
1890 4413 2204 4484 genealogis
2238 4425 2294 4469 et

725 4516 1014 4587 astrologia
1056 4515 1237 4583 inepte
1266 4509 1549 4578 garriunt;
1584 4504 1731 4574 quod
1759 4513 1844 4558 est
1875 4505 2123 4559 maximae
2153 4507 2289 4560 stul-

2994 4111 3240 4168 ΚΕΦΛΛ.
3273 4115 3364 4183 cr.

2398 4237 2559 4292 Κατὰ
2603 4238 2722 4294 τῶν
2745 4242 2991 4327 ,ἀσεϐῶς
3031 4245 3419 4327 ,δοξαζόῂτων
3468 4254 3834 4327 εἱμαρμένην
3868 4261 3968 4316 καὶ

2690 4315 2903 4379 τύχην,
2950 4315 3047 4366 καὶ
3086 4323 3220 4383 περὶ
3249 4315 3672 4392 ἀστρολοᾷίᾶςῖ.

2467 4419 2541 4471 Τὸ
2581 4419 2635 4471 δὲ
2666 4422 2758 4473 καὶ
2787 4423 2915 4494 περὶ
2957 4424 3125 4494 τύχης
3160 4429 3257 4481 καὶ
3288 4431 3651 4506 εἱμαρμένης,
3689 4441 3967 4507 γενεθλια-

2397 4507 2580 4578 λογίας
2651 4529 2706 4564 τε
2767 4514 2862 4565 καὶ
2923 4516 3280 4587 ἀστρολογίας
3337 4525 3599 4594 φλυαρεῖν
3646 4548 3795 4593 τινας
3839 4536 3965 4588 ἁλο-

726 4612 855 4666 titiue
900 4619 956 4664 et
1013 4602 1309 4674 impietatis
1330 4599 1569 4669 signum.
1615 4595 1750 4650 Nam
1799 4597 2030 4666 primum
2067 4598 2286 4667 quidem

2410 4601 2638 4668 τώτατον
2673 4602 2792 4672 ἅμα
2832 4608 2926 4658 καὶ
2977 4609 3304 4669 ἁθεώτατον.
3341 4617 3563 4684 [Ιρῶτον
3613 4623 3713 4688 μὲν
3763 4628 3870 4694 γὰρ
3905 4629 3966 4680 τὸ

725 4701 1002 4760 Creatoris
1028 4699 1338 4753 libertatem
1384 4692 1641 4748 auferunt
1669 4690 1844 4759 quiea
1879 4705 1910 4743 e
1944 4690 2113 4743 nihilo
2145 4690 2290 4756 fecit,

725 4805 779 4848 et
825 4806 950 4845 vere
989 4789 1264 4859 justeque,
1321 4790 1480 4852 prout
1514 4779 1763 4843 voluerit,
1821 4781 2105 4848 gubernat.
2164 4780 2291 4833 Dein

725 4878 984 4936 auferunt
1013 4884 1066 4931 et
1092 4875 1394 4929 libertatem
1452 4868 1710 4932 hominis,
1756 4869 1957 4937 quippe
2003 4884 2126 4922 cum
2193 4870 2294 4923 ho-

729 4985 816 5024 n-o
848 4969 918 5024 sit
954 4964 1157 5022 animal
1193 4965 1399 5018 ratione
1448 4970 1502 5014 et
1543 4960 1791 5013 libertate
1842 4952 2161 5028 praeditum,”
2205 4961 2293 5024 illa

727 5075 858 5115 vero
908 5065 1132 5113 careant
1184 5054 1396 5108 ratione
1452 5059 1508 5106 et
1555 5050 1769 5115 anima;
1824 5053 2097 5120 quomodo
2165 5068 2295 5130 ergo

727 5154 908 5208 anima
943 5151 1012 5205 ab
1037 5149 1118 5203 eis
1161 5144 1386 5215 agetur?
1418 5143 1694 5214 quomodo
1723 5151 1873 5196 motu
1898 5158 2090 5197 eorum
2130 5136 2294 5200 ‘simul

725 5243 989 5301 translata
1019 5251 1184 5310 atque
1209 5237 1459 5309 portata?
1507 5251 1630 5291 nam
1661 5235 1817 5292 nefas
1842 5246 1922 5291 est
1955 5237 2294 5293 irration‘abi-
2348 5244 2352 5251 '

726 5336 797 5390 lia
825 5348 1040 5389 movere
1069 5329 1434 5386 rationabilia.
1458 5326 1613 5394 Quod
1648 5327 1692 5382 si
1731 5327 2006 5392 moveant,
2042 5328 2154 5398 jam
2187 5344 2293 5384 non

726 5437 810 5482 est
841 5425 1013 5480 virtus
1065 5437 1166 5477 nec
1196 5422 1384 5475 vitium
1416 5436 1430 5485 ;
1458 5419 1662 5472 frustra
1725 5417 1894 5487 leges,
1953 5418 2157 5474 frustra
2190 5421 2293 5475 do-

725 5514 939 5579 ctrinaz,
972 5512 1174 5567 frustra
1233 5510 1548 5580 prophetiae,
1578 5508 1774 5561 frustra
1813 5517 1992 5563 vetera
2049 5520 2103 5564 et
2135 5525 2295 5575 nova,

727 5607 927 5662 frustra
960 5605 1196 5676 denique
1227 5603 1364 5658 facta
1406 5613 1489 5657 est
1541 5600 1701 5655 Verbi
1756 5601 1846 5656 Dei
1880 5603 2179 5659 incarnatio
2229 5601 2319 5662 ad'

724 5697 1094 5752 renovandum
1139 5696 1384 5750 homines
1407 5705 1462 5749 et
1495 5701 1812 5758 creaturas;
1842 5693 1948 5762 jam
1995 5710 2168 5764 neque
2199 5698 2296 5752 de-

724 5790 812 5845 bet
856 5803 976 5844 esse
1033 5803 1193 5858 poma
1230 5802 1406 5856 neque
1434 5785 1670 5841 vindicta
1701 5799 1860 5854 quam
1893 5795 2148 5840 aeternam
2178 5803 2298 5845 esse

725 5879 976 5937 Salvator
1006 5882 1372 5946 demonstrat;
1405 5887 1729 5937 evertuntur
1760 5877 2134 5947 respublica;
2168 5880 2293 5947 hoc,

2397 4693 2487 4744 τοῦ
2517 4697 2857 4765 Δημιουργοῦ
2891 4699 3228 4762 αὐτεξούσιον
3251 4705 3485 4776 ἀναιρεῖ,
3509 4711 3605 4762 τοῦ
3636 4730 3699 4765 πο
3728 4718 3961 4782 nasuta;

2396 4783 2536 4835 αὐτὰ
2577 4789 2638 4835 ἐκ
2683 4786 2757 4855 μὴ
2796 4788 3001 4857 ὄντων,
3043 4793 3136 4844 καὶ
3186 4794 3515 4862 διοικοῦντος
3563 4803 3639 4866 ὡς
3686 4805 3963 4874 βούλεται,

2394 4875 2489 4926 καὶ
2525 4874 2746 4945 ἀληθῶς
2777 4881 2872 4934 καὶ
2897 4881 3142 4947 δικαίως.
3173 4887 3404 4941 Ἔπειτα
3434 4891 3487 4943 δὲ
3518 4895 3688 4946 καὶτὸ
3709 4899 3966 4962 αὐτεξού-

2399 4979 2513 5015 σιον
2541 4966 2634 5018 τοῦ
2668 4968 2958 5039 ἀνθρώπου
2991 4989 3006 5005 ο
3052 4975 3100 5026 εἰ
3128 4976 3236 5046 γὰρ
3267 4979 3554 5050 ἄνθρωπος
3582 4984 3796 5053 λογικὸν
3825 4989 3966 5051 ζῶον

2395 5059 2490 5108 καὶ
2545 5059 2915 5130 αὐτεξούσιον,
2950 5065 3126 5122 ταῦτα
3174 5069 3230 5122 δὲ
3283 5073 3351 5124 τὰ
3407 5074 3661 5144 ὁρώμενα
3702 5079 3871 5147 ἇλογά
3905 5101 3963 5136 τε

2395 5151 2490 5203 καὶ
2515 5152 2719 5222 ἄψυχα,
2748 5156 2869 5219 πῶς
2904 5158 3014 5228 ἄρα
3061 5161 3154 5213 ὑπ’
3190 5163 3373 5218 αὐτῶν
3405 5168 3559 5220 ἔσται
3596 5171 3627 5238 ή
3657 5172 3805 5241 ψυχὴ
3831 5175 3962 5242 aro-

2398 5243 2536 5312 μόνη
2566 5259 2581 5308 ;
2632 5248 2730 5299 καὶ
2760 5250 2825 5317 τῇ
2858 5253 3074 5320 κινήσει
3127 5257 3334 5310 τούτων
3383 5260 3832 5334 συνδιατιθεμένη
3869 5267 3963 5318 καὶ

2397 5336 2713 5408 φερομένη;
2759 5342 2833 5393 Οὐ
2869 5344 2977 5413 γὰρ
3020 5348 3080 5397 τὸ
3113 5345 3312 5414 ἄλογον
3363 5352 3577 5420 κινήσει
3609 5355 3669 5406 τὸ
3701 5355 3960 5422 λογικόνῤ

2396 5430 2445 5479 εἰ
2491 5427 2533 5480 δ’
2565 5429 2661 5482 οὖν
2720 5431 2874 5486 ἔσται
2920 5435 3226 5505 δυναστεία,
3263 5442 3358 5496 καὶ
3392 5442 3512 5496 οὔτε
3542 5445 3712 5516 ἀρετὴ
3743 5447 3960 5515 λοιπὸν,

2395 5515 2518 5570 οὔτε
2549 5522 2736 5585 κακία,
2771 5527 2863 5576 καὶ
2897 5526 2978 5589 εἰς
3011 5529 3167 5581 κενὸν
3198 5532 3380 5601 (νόμοι,
3409 5534 3490 5597 εῑς
3519 5538 3676 5588 κενὸν
3702 5515 3964 5592 διδασκα-

2399 5608 2534 5674 λίαι,
2591 5613 2670 5674 εἰς
2729 5615 2884 5669 κενὸν
2923 5623 3273 5692 προφητεῖαι,
3324 5625 3382 5695 6
3424 5627 3504 5688 εις
3553 5629 3708 5682 κενὸν
3741 5633 3807 5683 τὰ
3853 5648 3962 5685 πα-

2398 5698 2529 5754 λαιά
2563 5718 2619 5754 τε
2647 5704 2741 5756 καὶ
2770 5705 2886 5769 νέα,
2915 5711 3008 5760 καὶ
3044 5712 3078 5780 q
3127 5712 3219 5765 τοῦ
3251 5714 3386 5768 Θεοῦ
3426 5718 3606 5784 Λόγου
3654 5720 3960 5775 τελευταῖοι

2399 5793 2478 5852 εἱς
2527 5791 2921 5866 ἁνσκαινισμὺν
2973 5800 3084 5854 τῶν
3118 5803 3424 5874 ἀνθρώπων
3468 5810 3692 5879 καὶτῆς
3728 5814 3960 5877 κτίσεως

2401 5881 2672 5953 σάρκωσες
2696 5899 2709 5915 ο
2743 5887 2839 5944 καὶ
2868 5887 2992 5944 οὔτε
3043 5893 3284 5963 κόλασις,
3322 5897 3446 5952 οὔτε
3502 5906 3763 5972 τιμωρία,
3817 5903 3958 5977 ἅπερ
