4216 6432
291 447 361 508 45
1125 446 1130 458 ’
1348 449 1625 510 DIALOG
1637 450 1730 510 US
1762 449 2060 510 CONTRA
2102 449 2483 517 HERESES.
3448 450 3534 517 46

290 562 486 618 αἰώνια
514 557 652 616 εἶναι
694 565 720 615 ὁ
755 563 943 631 Σωτὴρ
979 564 1362 633 ἀποφαίνεται.
1408 569 1517 620 Καὶ
1549 569 1832 640 ἀνατροπὴ
1863 569 1908 625 Α
1940 581 1955 619 ι

1869 569 1908 625 Α
1940 575 1996 619 ιιι
2023 565 2262 622 breviter
2303 568 2508 629 dicant,
2545 562 2709 631 p'rava
2751 562 2856 618 erit
2913 560 3208 631 impietatis
3263 568 3318 616 et
3358 561 3534 617 irreli-

288 655 399 708 τῶν
428 654 682 716 καθόλου,
711 654 804 705 καὶ
843 654 1030 716 ὰθεῖας
1077 656 1234 709 τοῦτο
1271 660 1367 710 καὶ
1402 659 1653 722 ἀσεϐείας
1693 679 1860 733 πονη-

292 746 365 814 ρά
393 747 510 799 ἔστι
536 745 686 807 δόξα.
722 745 785 798 Et
818 745 876 798 δὲ
925 746 1015 798 καί
1052 761 1196 809 τινες
1227 748 1378 805 ἄθεοι
1434 749 1646 818 ἀλόγως
1690 753 1862 806 ταῦτα

287 837 540 906 λέγουσιν
565 835 783 906 ἔμψυχά
808 854 866 889 τε
901 840 998 891 καὶ
1039 840 1252 908 λογικὰ,
1293 842 1320 909 δ
1357 841 1510 911 λόγος
1538 843 1714 912 πάντη
1742 845 1861 898 ἀλο-

288 943 387 994 γος
432 927 529 980 καὶ
573 927 798 996 ψευδής.
841 929 1063 998 Πρῶτον
1095 929 1198 1000 μὲν
1235 931 1345 984 ἀπὸ
1379 933 1480 999 τῆς
1521 933 1686 1001 ἁγίας
1726 936 1864 1005 Γρα-

289 1016 421 1084 φῆς,
453 1016 648 1084 λογικὰ
680 1020 844 1087 μόνον
883 1018 1150 1096 ἀγγέλους
1185 1037 1242 1072 τε
1285 1012 1394 1076 ,καὶ
1424 1023 1749 1091 ἀνθρώπους
1778 1026 1863 1077 λε⁴

288 1109 516 1178 γοὺση,ο
548 1111 740 1162 ἔπειτα
791 1111 846 1163 δὲ
893 1114 987 1163 καὶ
1020 1113 1127 1164 ἀπὸ
1171 1113 1279 1165 τῶν
1327 1115 1622 1184 ἐνεργειῶν
1657 1116 1860 1182 αὐτῶν,

288 1200 384 1250 καὶ
417 1197 517 1268 τῆς
555 1200 646 1251 τοῦ
676 1202 905 1270 οὐρανοῦ
954 1205 1242 1271 κινήσεως.
1285 1205 1345 1256 Εἰ
1379 1209 1508 1273 γὶρ,
1556 1207 1696 1258 κατὰ
1728 1209 1857 1270 τοῦς

289 1290 580 1362 Ἕλληνας,
612 1294 807 1362 λογικὰ
841 1297 887 1346 oi
917 1297 1168 1365 ἀστέρες,
1202 1300 1310 1351 πᾶν
1337 1299 1392 1350 δὲ
1423 1299 1639 1367 λογικὸν
1661 1301 1856 1365 αὐτεξ-

287 1385 492 1450 ούσιον,
528 1385 700 1439 ταῦτα
736 1388 791 1440 δὲ
829 1389 926 1458 τὴν
985 1391 1154 1460 αὐτὴν
1204 1392 1291 1444 ἀεὶ
1330 1395 1424 1444 καὶ
1456 1393 1647 1461 ὁμοίαν
1679 1395 1851 1445 κινεῖ-

286 1490 380 1526 ται
410 1475 646 1546 κίνησιν,
681 1477 797 1539 πῶς
822 1478 1018 1545 λογικά
1056 1498 1115 1532 τε
1150 1485 1243 1534 καὶ
1280 1485 1676 1552 προαιρετικά;
1713 1485 1774 1536 ΕΞ
1800 1485 1857 1539 δὲ

285 1572 349 1617 τὸ
390 1568 530 1619 οῦτω
582 1569 848 1623 κινεῖσθαι
893 1573 993 1639 τὴν
1044 1572 1216 1641 καλὴν
1266 1575 1358 1626 καὶ
1401 1575 1579 1643 ἁπλῆν
1609 1576 1860 1644 λέγουσιν

286 1654 428 1712 εἶναι
456 1660 705 1727 κίνησιν,
753 1664 868 1724 πῶς
925 1665 957 1733 ἠ
1007 1665 1258 1733 ἐνέργεια
1316 1667 1416 1735 τῆς
1467 1670 1739 1738 κινήσεως
1792 1672 1860 1722 τὰ

286 1752 502 1821 πονηρὰ
529 1754 743 1822 ἐνεργεῖ
769 1755 910 1806 κατὰ
939 1757 1038 1824 τὴν
1066 1758 1246 1810 αὐτῶν
1268 1759 1449 1823 δόξαν,
1484 1761 1581 1813 καὶ
1607 1761 1707 1831 τὴν
1737 1762 1858 1814 κατ’

285 1842 467 1893 αὐτῶν
497 1843 604 1894 τῶν
636 1845 883 1912 ἀστέρων
914 1849 1128 1901 ἔννοιαν
1152 1849 1366 1901 πολλῶν
1397 1868 1455 1903 τε
1493 1852 1584 1904 καὶ
1611 1853 1852 1920 γνῶσιν;

287 1934 351 1986 Εἰ
382 1935 489 2002 γὰρ
526 1933 682 1998 θεοὺς
735 1937 874 1989 αὺτά
927 1937 1198 2005 λέγουσιν,
1252 1943 1301 1992 οἱ
1343 1942 1588 1996 πλεῖστοι
1639 1943 1695 1997 δὲ
1747 1945 1856 1998 τῶν

287 2023 593 2091 ἀνθρώπων
636 2028 697 2079 οὐ
729 2029 884 2091 θεοὺς
919 2031 1057 2083 αὑτὰ
1085 2033 1426 2099 νενομίκασι,
1447 2034 1621 2102 τὴνδὲ
1649 2036 1856 2103 πίστιν,

285 2112 360 2173 ῶς
393 2130 558 2180 φασιν
598 2117 884 2186 Ἕλληνες,
941 2120 1050 2172 τῶν
1096 2121 1402 2190 ἀνθρώπων
1437 2125 1529 2176 xa‘t
1578 2126 1677 2195 τὴν
1728 2126 1858 2196 θρη-

290 2205 483 2257 σκείαν
523 2208 586 2259 ἐκ
619 2209 717 2276 τῆς
749 2209 856 2261 τῶν
895 2211 1146 2279 ἀστέρων
1177 2208 1318 2265 εἶναι
1349 2214 1639 2280 κινήσεως,
1673 2216 1860 2268 λοιπὸν

285 2298 407 2349 καθ’
437 2300 648 2353 ἑαυτῶν
700 2303 1002 2368 κινοῦνται,
1034 2306 1130 2358 καὶ
1162 2307 1263 2374 τὴν
1295 2306 1415 2358 κατ’
1444 2307 1624 2360 αὐτῶν
1655 2309 1858 2376 γνῶσιν

284 2391 400 2450 τοῖς
451 2391 759 2460 ἀνθρώποις
813 2397 1140 2464 παρέχουσι.
1198 2397 1309 2449 Καὶ
1361 2397 1522 2466 δῆλον
1575 2397 1855 2464 ἐντεῦθεν,

285 2481 361 2543 ὡς
411 2483 470 2534 οὐ
513 2488 878 2554 προαιρετικα
937 2487 1060 2539 οὐδὲ
1122 2488 1334 2552 λογικά.
1385 2489 1499 2542 Πᾶν
1529 2489 1636 2559 γὰρ
1670 2507 1860 2560 προαι-

286 2575 505 2640 ρετικὸν
534 2576 629 2627 καὶ
657 2575 960 2645 δυνάμενον
989 2581 1056 2647 τῇ
1090 2579 1285 2632 ἑαυτοῦ
1320 2579 1572 2649 βουλήσει
1604 2583 1857 2635 κινεῖται.

299 2660 454 2713 Ἐπεὶ
492 2663 550 2714 δὲ
587 2667 700 2728 καὶ,
730 2663 804 2727 ὦς
836 2683 1025 2733 φασιν,
1063 2668 1278 2738 ἀγαθὴν
1306 2668 1587 2722 κινοῦνται
1619 2670 1856 2738 κίνησιν,

284 2751 380 2803 καὶ
431 2755 828 2823 προαιρετικὴν
873 2758 1101 2827 ταύτην,
1148 2761 1178 2825 ή
1230 2761 1446 2829 κίνησις
1481 2760 1538 2813 δὲ
1578 2760 1761 2814 αὐτῶν
1802 2763 1861 2815 ὲν

283 2843 498 2906 πολλοῖς
545 2848 744 2899 κακίαν
796 2850 1029 2919 ἐνεργεῖ,
1085 2852 1182 2903 καὶ
1227 2853 1326 2920 τὴν
1374 2853 1574 2922 ἀρετὴν
1621 2855 1857 2922 ἀναιρεῖ,

281 2940 380 2990 καὶ
413 2939 688 2992 ἀπώλειαν
721 2943 960 3010 ἐμποιεῖ.
1008 2945 1096 3006 Ὠς
1148 2946 1256 3014 γὰρ
1305 2945 1628 3013 δοξάζουσιν
1659 2949 1858 3020 Ἐλλη-

281 3048 396 3092 νες,
428 3033 515 3084 διὰ
565 3034 674 3087 τῶν
709 3037 953 3104 ἀστέρων
979 3040 1094 3090 ἐστὶ
1143 3040 1240 3092 καὶ
1276 3040 1335 3092 τὺ
1383 3043 1641 3111 ἐνάρετον
1679 3039 1847 3110 εἶναι,

282 3125 380 3174 καὶ
424 3124 484 3175 τὸ
532 3127 770 3195 πονηρὸν
803 3124 964 3193 εἶναι,
1013 3131 1326 3202 ἀκάθαρτον
1358 3150 1416 3186 τε
1454 3135 1549 3186 καὶ
1580 3136 1854 3204 σώφρονα,

285 3215 508 3279 φονικόν
559 3234 618 3269 τε
673 3221 769 3271 καὶ
820 3220 1051 3284 δίκαιον,
1089 3223 1184 3274 καὶ
1231 3223 1314 3276 ἔτι
1375 3226 1641 3288 θανάτους
1687 3227 1858 3281 ὲθνῶν

285 3307 381 3356 καὶ
426 3307 708 3377 αὐξήσεις,
749 3310 1027 3378 διωγμοὺς
1086 3316 1176 3365 καὶ
1229 3314 1488 3384 ὑψώσεις,
1543 3321 1637 3369 καὶ
1686 3319 1854 3388 μυρία

282 3396 355 3448 τὰ
408 3399 546 3450 κατά
601 3402 726 3462 τοὺς
768 3402 1092 3472 ἀνθρώπους
1141 3407 1548 3474 συμϐαίνοντα,
1594 3412 1856 3474 ἐναντίως

282 3488 477 3557 ἔχοντα
520 3493 617 3543 καὶ
665 3494 899 3545 πλεῖστα
950 3497 1312 3556 κακωτικῶςο
1349 3498 1458 3568 ἄρα
1514 3504 1606 3552 καὶ
1661 3503 1856 3566 κακίας

281 3581 509 3649 ἐργάται
543 3585 634 3635 καὶ
685 3587 972 3654 πονηρίας,
1023 3589 1117 3639 καὶ
1172 3588 1334 3656 φόνου
1390 3606 1473 3640 κα·
1515 3590 1719 3659 βλάϐης
1757 3594 1854 3644 καὶ

283 3672 487 3739 ἀρετῆς
516 3675 818 3742 ἀναιρέται,
853 3678 945 3728 καὶ
974 3678 1111 3739 ὅλως
1135 3680 1236 3730 οὑκ
1265 3680 1484 3746 ἀγαθοί.
1531 3680 1693 3734 Ἀλλα
1724 3683 1856 3734 ταῦ-

281 3781 350 3815 τα
382 3765 480 3832 μὲν
508 3764 613 3817 τῶν
645 3766 986 3837 βλασφήμων
1019 3786 1078 3821 τε
1103 3771 1197 3822 καὶ
1233 3772 1432 3824 ἀθέων.
1464 3770 1545 3824 Τὰ
1577 3774 1857 3843 κτίσματα

280 3855 340 3907 δέ
376 3873 438 3922 γε
467 3855 560 3908 τοῦ
595 3858 730 3911 Θεοῦ
779 3860 981 3925 ἀγαθὰ,
1031 3863 1155 3914 ἐπεὶ
1189 3863 1279 3914 καὶ
1314 3863 1520 3930 ἀγαθοῦ
1553 3869 1853 3934 κτίσματα,

280 3948 358 4008 ὡς
383 3950 479 4000 καὶ
513 3949 692 4002 πάντα
729 3946 869 4003 εἶδεν
917 3954 1100 4016 αὑτὸς,
1134 3955 1231 4006 καὶ
1268 3955 1377 4008 ἰδοὺ
1413 3955 1553 4009 καλὰ
1584 3957 1723 4009 Matr
1758 3959 1855 4011 καὶ

281 4036 504 4103 ἀγαθῶς
556 4042 821 4102 κινεῖται,
878 4043 954 4103 είς
1011 4041 1038 4094 ὃ
1099 4042 1259 4095 ἔλαϐε
1307 4043 1540 4113 δύναμιν
1595 4045 1850 4101 ἕκαστον.

283 4126 394 4177 Καὶ
417 4127 475 4177 οὗ
514 4130 706 4194 λογικὰ
732 4129 932 4194 ταῦτα,
967 4132 1104 4183 ἀλλά
1157 4133 1390 4202 σώματα
1437 4137 1603 4203 μόνον
1644 4137 1852 4206 ἄψυχα,

287 4218 385 4284 τὴν
418 4217 683 4287 αἰσθητὴν
720 4219 1026 4287 κινούμενα
1065 4223 1303 4292 κίνησιν,
1347 4227 1427 4286 εἰς
1477 4227 1857 4293 ὲξοικονομίαν

282 4305 378 4358 τοῦ
407 4308 710 4375 ἐρωμένου.
751 4311 855 4362 Καὶ
882 4311 1041 4380 δῆλον
1067 4313 1162 4381 ἀφ’
1191 4306 1266 4366 ὧν
1309 4315 1634 4384 ἐνεργοῦσιν
1664 4317 1854 4386 αἰσθη-

281 4399 410 4451 τῶν.
442 4400 523 4452 Τὰ
556 4401 611 4452 δὲ
655 4403 710 4453 ἐν
744 4404 876 4471 ἡμῖν
925 4404 1095 4456 κακία
1143 4407 1238 4456 καὶ
1269 4406 1438 4475 ἁρετὴ
1489 4407 1563 4475 τῷ
1600 4407 1856 4472 αὐτεξου-

282 4488 384 4557 σίῳ
437 4491 594 4556 ἡμῶν
647 4491 924 4554 τελεῖται,
984 4495 1084 4562 τῆς
1137 4496 1338 4566 ἀρετῆς
1371 4498 1469 4565 μὲν
1501 4500 1855 4569 ἐσπαρμένης

282 4577 434 4644 παρὰ
463 4579 621 4641 Θεοῦ,
665 4583 762 4647 τῆς
821 4583 1020 4645 κακίας
1065 4583 1120 4635 δὲ
1170 4585 1480 4656 μὴ-οὕσης,
1529 4589 1644 4641 ἀλλ’
1694 4593 1856 4656 ἐφευ·
1891 4617 1931 4671 D

283 4668 537 4737 ρεθείσης
566 4672 642 4738 τῷ
673 4672 896 4742 πονηρῷ
943 4677 1006 4743 τῇ
1057 4676 1227 4745 ἀργίᾳ
1261 4679 1357 4745 τῆς
1394 4679 1616 4747 ἀρετῆς.
1649 4681 1759 4733 Καὶ
1789 4681 1855 4734 τὰ

281 4763 341 4812 ἐν
372 4761 449 4826 τῷ
481 4762 670 4830 κόσμῳ
695 4764 752 4814 δὲ
782 4764 874 4816 καὶ
923 4766 981 4816 ἐν
1012 4768 1144 4834 ἡμῖν
1185 4772 1445 4836 γινόμενα
1493 4769 1745 4838 βουλήσει
1774 4772 1859 4840 γί-

284 4869 430 4903 νεται
461 4853 528 4904 δι’
558 4856 725 4922 ἡμᾶς,
759 4855 829 4906 τὰ
863 4858 960 4924 μὲν
999 4859 1365 4924 εὐδοκοῦντος,
1401 4862 1468 4912 τὰ
1503 4863 1558 4914 δὲ
1590 4881 1854 4932 παραχω-

285 4942 503 5012 ροῦντος
561 4946 620 4995 ἐκ
667 4947 766 5012 τῆς
811 4947 965 5015 ἡμῶν
1013 4950 1213 5010 αἰτίας.
1250 4952 1341 5005 Διὸ
1393 4953 1730 5020 ἁποὸλητέον
1760 4961 1858 5017 τὰς

281 5034 539 5096 τοιαύτας
571 5042 760 5105 μωρὰς
803 5039 1083 5107 ζητήσεις.
1146 5043 1255 5093 Καὶ
1305 5044 1431 5105 τοὺς
1488 5033 1590 5111 μὲν
1620 5046 1858 5113 ἀστέρας

283 5126 423 5177 κατὰ
453 5126 549 5194 τὴν
591 5127 751 5192 ἁγίαν
794 5128 1019 5198 Γραφὴν
1057 5133 1342 5196 γεγονέναι
1396 5134 1545 5201 παρὰ
1577 5133 1712 5186 Θεοῦ
1759 5136 1850 5186 δο-

285 5219 561 5286 ξαζωμεν,
595 5221 688 5270 καὶ
718 5219 808 5270 τὸν
848 5222 1000 5288 ἣλιον
1033 5223 1129 5274 καὶ
1163 5224 1396 5292 σελήνην
1425 5229 1504 5287 εὶς
1549 5225 1610 5277 τὸ
1645 5225 1859 5293 φαίνειν

286 5310 378 5360 ἐπὶ
409 5309 544 5374 γῆς,
579 5312 674 5361 καὶ
717 5310 807 5360 τὸν
843 5311 942 5378 μὲν
989 5311 1180 5380 ἄρχειν
1229 5315 1329 5382 τῆς
1388 5316 1627 5385 ἡμέρας,
1668 5317 1767 5386 τὴν
1799 5315 1856 5368 δὲ

285 5399 382 5467 τῆς
432 5400 651 5464 νυκτὸς,
706 5401 800 5453 καὶ
857 5401 1123 5455 κινεῖσθαι
1180 5404 1257 5466 εἰς
1297 5404 1715 5474 ὲξοικονὸμησιν
1751 5406 1860 5458 τῶν

286 5492 468 5558 qaut-7w
513 5508 568 5543 τε
629 5493 723 5544 καὶ
766 5492 876 5544 τῶν
930 5493 1242 5560 σωμάτων,
1295 5498 1388 5548 καὶ
1444 5499 1522 5558 είς
1582 5497 1857 5567 καιροὺς,

285 5583 466 5653 ἔαρος,
506 5584 717 5652 θέρους,
767 5586 1108 5655 φθινοπώρου
1163 5604 1218 5638 τε
1248 5589 1340 5639 καὶ
1395 5590 1664 5656 χειμῶνος
1699 5629 1714 5653 ,
1765 5593 1862 5643 καὶ

286 5678 363 5737 εἰς
427 5679 629 5743 σημεῖα
678 5677 901 5746 ὄμϐρων
963 5694 1020 5728 τε
1082 5682 1176 5730 καὶ
1233 5680 1448 5747 ἀνέμων
1507 5683 1600 5733 καὶ
1653 5682 1859 5735 λοιπῶν

286 5765 461 5819 ἄλλων
492 5766 802 5835 αἰσθητῶν,
852 5770 974 5822 ἐπεὶ
1028 5770 1125 5821 καὶ
1175 5769 1311 5822 αὐτὰ
1371 5768 1599 5840 σώματά
1647 5788 1707 5824 τε
1766 5775 1862 5828 καλ⁵

285 5857 543 5929 aloen-:1"
588 5859 678 5911 καὶ
717 5862 795 5923 εἰς
854 5860 1157 5926 ἐνιαυτοὺς,
1196 5861 1278 5914 ὅτι
1329 5862 1706 5934 πληρουμένου
1762 5864 1856 5919 τοῦ

1964 657 2140 724 gionis
2179 657 2383 726 opinio.
2428 657 2482 710 Si
2536 670 2659 709 vero
2705 655 2925 724 quidant
2977 654 3125 723 impii
3194 654 3360 709 stulte
3417 656 3533 709 bare

1963 745 2141 799 dicant
2177 761 2298 800 esse
2327 747 2566 800 animata
2599 754 2652 800 et
2685 743 3049 808 rationabilia,
3078 758 3255 798 sermo
3278 744 3381 798 erit
3415 759 3533 797 0m-

1963 837 2095 891 nino
2127 820 2456 891 irrationalis
2499 845 2553 891 ct
2587 836 2842 890 mendax.
2871 834 3055 888 Primo
3083 835 3300 903 quidem
3333 836 3532 904 proba-

1963 936 2053 982 tur
2103 943 2165 981 ex
2203 926 2503 996 Scriptura,
2551 943 2670 1000 qua:
2706 927 2926 996 angelos
2961 935 3170 979 tantum
3202 935 3257 980 et
3286 926 3533 979 homines

1962 1020 2093 1074 dicit
2117 1035 2241 1075 esse
2277 1012 2498 1075 ratione
2547 1020 2799 1085 donatos.
2837 1017 3038 1073 Deinde
3070 1034 3145 1084 rex
3187 1032 3372 1071 eorum
3424 1018 3534 1068 vir-

1965 1120 2075 1165 tute
2115 1122 2167 1164 et
2191 1122 2349 1164 motu
2392 1113 2536 1166 cmli.
2562 1091 2694 1164 Nam
2721 1111 2788 1175 si,
2825 1120 2984 1178 prout
3013 1107 3351 1177 obganniunt
3381 1104 3530 1160 Grae-

1964 1203 2034 1265 ci,
2070 1209 2216 1257 astra
2249 1202 2461 1256 ratione
2496 1202 2756 1272 gaudent,
2791 1216 2952 1255 omne
2984 1210 3162 1254 autem
3199 1197 3531 1252 rationabile

1964 1292 2219 1353 libertate,
2245 1293 2510 1362 potiatur,
2535 1307 2658 1346 cum
2681 1291 2916 1360 vero_i|la
2949 1283 3112 1343 simili
3142 1298 3290 1343 tuotu
3319 1302 3534 1356 semper

1965 1392 2306 1447 moveantur,
2346 1381 2622 1452 quomodo
2660 1380 3184 1437 sunt.rationabilia
3213 1388 3268 1434 et
3321 1377 3537 1432 libera?

1963 1475 2114 1542 Quod
2139 1477 2182 1529 si
2211 1475 2333 1530 talis
2359 1486 2536 1530 motus
2561 1475 2852 1544 pulchrum
2885 1474 3232 1528 etsincerum
3265 1487 3386 1526 esse
3422 1486 3532 1523 mo-

1962 1575 2076 1618 tuin
2096 1566 2352 1629 dixerint,
2382 1568 2655 1634 quomodo
2682 1581 2870 1620 eorum
2931 1575 3109 1619 motus
3129 1563 3362 1624 affectio.
3384 1564 3534 1632 ipso-

1961 1673 2080 1711 rum
2121 1657 2405 1727 gentilium
2434 1656 2664 1726 judicio,
2711 1656 2909 1710 malum
2951 1655 3242 1722 Operatur?
3274 1656 3353 1708 lta
3389 1653 3533 1707 enim

1963 1747 2112 1800 multi
2137 1747 2403 1802 adversus
2430 1747 2608 1802 sidera
2643 1747 2984 1802 somniantes
3007 1745 3284 1798 dixerunt.
3311 1743 3368 1796 Si
3391 1745 3534 1795 enim

1961 1838 2077 1894 haec
2104 1839 2236 1894 deos
2266 1839 2469 1906 dicant,
2503 1841 2745 1910 plerique
2780 1847 2962 1893 autem
2993 1837 3245 1890 homines
3279 1835 3370 1889 illa
3402 1835 3532 1888 deos

1963 1944 2085 1983 esse
2114 1945 2220 1983 non
2250 1940 2526 1996 censeant,
2547 1931 2615 1994 si,
2651 1942 2708 1983 ul
2733 1929 2888 1984 aiunt
2927 1927 3124 1991 Graeci,
3161 1926 3294 1980 ﬁdes
3326 1935 3379 1978 et
3402 1922 3532 1978 reli-

1963 2020 2051 2088 gio
2091 2019 2371 2074 hominum
2424 2036 2456 2076 e
2512 2020 2785 2074 sideribus
2835 2016 3059 2083 deﬂuat,
3118 2031 3248 2086 ergo
3292 2016 3534 2069 sibimet-

1964 2108 2098 2175 ipsis
2155 2108 2430 2162 contraria
2466 2109 2776 2173 volvuntur,
2837 2117 2890 2162 et
2921 2109 3167 2162 notitiam
3195 2107 3299 2162 sibi
3343 2105 3534 2160 adver-

1962 2213 2075 2252 sam
2120 2201 2430 2254 lioniinibus
2497 2201 2820 2270 largiuntur.
2883 2199 3036 2255 Unde
3093 2210 3238 2270 patet
3291 2216 3355 2256 ea
3411 2215 3534 2256 esse

1963 2305 2136 2359 neque
2166 2291 2503 2345 rationabilia
2530 2306 2702 2360 neque
2723 2290 2927 2357 libera;
2950 2306 3073 2345 nam
3098 2306 3263 2345 omne
3279 2292 3537 2353 liberum,

1960 2383 2004 2436 si
2037 2382 2232 2451 possit,
2266 2398 2362 2450 pro
2423 2398 2518 2439 sua
2551 2383 2830 2438 voluntate
2876 2393 3145 2438 movetur.
3199 2384 3269 2437 At
3301 2384 3451 2453 quia,
3481 2395 3540 2436 nt

1960 2473 2172 2538 dicunt,
2224 2474 2368 2529 bono
2403 2485 2552 2529 motu
2588 2475 2880 2530 volvuntur
2915 2482 2970 2529 et
3017 2485 3166 2529 motu
3218 2474 3413 2540 libero,
3447 2474 3536 2527 bic

1960 2579 2089 2619 vero
2107 2573 2287 2620 motus
2303 2568 2355 2621 in
2387 2568 2571 2622 multis
2592 2567 2888 2638 nequitiam
2908 2577 3184 2636 operatur,
3201 2576 3255 2621 et
3277 2567 3535 2621 virtutem

1963 2656 2121 2720 tollit,
2153 2666 2209 2712 et
2256 2658 2550 2726 perniciem
2611 2667 2925 2728 perpetrat;
2979 2669 3037 2713 ut
3075 2661 3218 2714 enim
3258 2661 3537 2730 desipiunt

1961 2745 2156 2810 Graeci,
2189 2763 2252 2802 cx
2282 2749 2445 2805 astris
2477 2751 2730 2818 sequitur
2757 2765 2878 2806 esse
2919 2752 3148 2820 probum
3175 2762 3230 2806 et
3270 2769 3529 2822 nequam,

1962 2838 2297 2894 immundum
2314 2851 2363 2895 et
2377 2852 2610 2907 castum,
2625 2841 2884 2897 latronem
2903 2853 2957 2896 et
2971 2842 3198 2909 justum,
3219 2856 3404 2914 gentes
3417 2845 3533 2898 dis-

1960 2932 2136 2998 perire
2151 2934 2422 3000 etaugeri,
2446 2935 2614 3002 premi
2635 2944 2690 2988 et
2710 2934 2960 3002 exaltari,
2979 2951 3189 2989 necnon
3207 2938 3387 2990 omnia
3413 2953 3537 3006 qua:

1961 3023 2274 3077 hominibus
2323 3026 2598 3092 accidunt,
2637 3041 2756 3096 quae
2794 3028 3115 3096 plerumque
3144 3030 3418 3084 contrarie
3481 3041 3536 3083 rt

1962 3114 2100 3168 male
2131 3118 2485 3185 contingunt;
2522 3116 2684 3186 igitur
2708 3128 2854 3172 astra
2885 3129 3010 3173 sunt
3051 3122 3306 3189 nequitia:
3344 3138 3538 3191 opera-

1966 3214 2108 3261 tores
2137 3219 2189 3262 et
2226 3210 2466 3274 malitias,
2493 3211 2656 3266 caedis
2682 3220 2735 3266 et
2765 3213 3067 3282 opprobrii,
3100 3225 3151 3269 et
3178 3215 3328 3270 nullo
3362 3217 3525 3270 modo

1967 3301 2121 3354 bona.
2156 3301 2258 3356 Sed
2288 3304 2402 3358 lizec
2430 3306 2646 3374 quidem
2692 3305 3272 3378 blaspliemantimpii;
3307 3309 3397 3364 Dei
3432 3326 3531 3364 au-

1965 3397 2071 3443 tem
2101 3402 2360 3447 creatura:
2382 3404 2504 3449 sunt
2533 3395 2706 3460 bonae,
2734 3413 2858 3450 eum
2883 3397 3056 3451 bonus
3084 3399 3356 3455 sitearum
3379 3418 3535 3456 erea-

1967 3491 2068 3544 tor,
2093 3487 2184 3552 qni
2209 3486 2321 3553 ipse
2351 3487 2530 3540 omnia
2551 3486 2715 3551 videt,
2734 3497 2786 3542 et
2809 3504 2935 3544 ecce
2962 3489 3115 3545 valde
3138 3491 3297 3559 bona,
3320 3505 3373 3546 et
3400 3494 3499 3549 ben
3523 3515 3534 3546 τ

1966 3583 2255 3627 moventur
2305 3576 2369 3630 ad
2418 3575 2577 3631 tinem
2648 3577 2715 3630 ad
2756 3594 2915 3648 quem
2956 3580 3168 3647 singula
3208 3593 3526 3650 potestatem

1966 3676 2312 3733 acceperunt.
2375 3665 2486 3722 Nec
2546 3670 2729 3722 omnia
2801 3681 2930 3725 sunt
2997 3683 3263 3726 creatura:
3327 3675 3538 3728 ratione

1965 3759 2224 3826 praeditae,
2256 3759 2347 3812 sed
2405 3775 2635 3828 corpora
2664 3762 2840 3816 solum
2874 3774 3002 3817 sunt
3061 3765 3387 3832 inanimata,
3422 3784 3542 3837 qua:

1966 3850 2214 3905 sensibili
2249 3864 2399 3905 motu
2442 3854 2506 3904 ad
2538 3855 2903 3907 (nconontiam
2938 3855 3172 3910 universi
3210 3868 3539 3922 moventur;

1963 3953 2018 3996 et
2073 3943 2293 3995 evidens
2322 3954 2403 3996 est
2430 3944 2499 3996 ab
2530 3944 2609 3998 eis
2642 3945 2915 4000 sensibilis
2949 3949 3197 4017 operari;
3237 3965 3299 4003 ea
3353 3960 3536 4005 autem

1964 4049 2085 4101 qua:
2113 4034 2164 4085 in
2204 4034 2359 4087 nobis
2394 4045 2522 4089 sunt
2552 4037 2756 4090 malitia
2785 4047 2839 4092 et
2872 4043 3042 4095 virtus
3076 4041 3320 4097 libertate
3354 4054 3538 4097 nostra

1962 4123 2307 4186 cllieiuntur;
2347 4125 2517 4178 virtus
2541 4125 2758 4194 quidem
2793 4141 2821 4180 ι
2859 4127 2964 4182 Deo
3017 4129 3372 4196 diﬂ‘unditur;
3434 4149 3540 4185 non

1965 4223 2145 4267 autem
2195 4215 2425 4280 malitia,
2460 4232 2580 4285 qum
2611 4233 2640 4271 a
2673 4219 2931 4287 maligno,
2967 4221 3248 4277 desidente
3314 4224 3539 4288 virtute,

1963 4305 2246 4376 procedit;
2279 4323 2340 4361 ea
2377 4324 2506 4363 vero
2535 4325 2657 4377 qua:
2692 4311 2743 4363 in
2779 4311 2984 4366 mundo
3013 4322 3068 4368 et
3116 4316 3166 4368 in
3198 4317 3354 4371 nobis
3383 4320 3539 4378 tium,

1965 4404 2184 4461 propter
2215 4410 2313 4449 nos
2342 4411 2372 4449 e
2402 4402 2681 4466 proposito
2717 4403 3060 4470 contingunt,
3093 4404 3214 4458 aliis
3261 4408 3478 4474 quidem
3511 4427 3539 4462 ιι

1965 4486 2122 4538 nobis
2155 4487 2575 4554 procedentibus
2601 4500 2657 4544 ut
2688 4506 2715 4543 a
2753 4495 3041 4561 principio,
3068 4497 3189 4550 aliis
3218 4508 3397 4552 autem
3435 4518 3538 4553 non

1964 4577 2399 4643 procedentibus.
2429 4577 2636 4634 Idcirco
2671 4582 2976 4650 rejieiendae
3031 4598 3159 4640 sunt
3213 4598 3320 4643 tam
3362 4593 3541 4645 stultae

1965 4667 2374 4735 inquisitiones,
2415 4679 2470 4724 et
2505 4672 2794 4728 credamus
2824 4663 2999 4730 sidera
3029 4692 3056 4729 a
3087 4677 3214 4745 Deo,
3245 4685 3538 4736 secundum

1962 4773 2172 4813 sacrum
2207 4761 2565 4830 Scriptiirain,
2592 4779 2712 4818 esse
2744 4778 2947 4830 creata,
2980 4769 3148 4822 solem
3194 4787 3323 4827 vero
3373 4786 3428 4828 et
3462 4777 3541 4828 ln~

1964 4866 2110 4912 nam,
2145 4861 2203 4904 ut
2239 4868 2399 4920 super
2433 4865 2632 4908 terram
2665 4857 2900 4923 luceant,
2933 4869 2985 4914 et
3006 4862 3142 4917 alius
3162 4866 3379 4933 quidem
3408 4869 3538 4929 diei,

1963 4944 2066 4995 alia
2093 4957 2218 4996 vero
2241 4950 2384 4998 nocti
2411 4949 2612 5014 praesit,
2644 4959 2697 5003 et
2737 4963 3057 5007 moveantur
3088 4956 3139 5008 in
3174 4961 3537 5014 σεεοιιοιιιίιιιιι

1963 5035 2267 5104 plantarum
2295 5050 2348 5093 et
2370 5040 2684 5095 animalium
2711 5059 2724 5107 ;
2762 5060 2974 5100 necnon
3000 5047 3052 5101 in
3084 5059 3431 5118 tempestates
3453 5070 3537 5106 νρ-

1964 5126 2060 5190 ιίε,
2083 5131 2309 5195 astatis,
2336 5132 2582 5183 autumni
2607 5140 2658 5185 et
2677 5133 2893 5199 bientis,
2914 5145 2965 5190 et
2991 5137 3044 5191 in
3064 5141 3214 5209 signa
3235 5143 3320 5211 plu
3333 5160 3535 5199 vrarunt

1963 5227 2016 5272 et
2052 5231 2334 5274 ventorum
2374 5222 2719 5293 aliorumque
2777 5237 3098 5284 caeterorum
3163 5235 3528 5293 sensibilium.

1963 5326 2088 5365 cum
2146 5323 2199 5367 et
2253 5315 2367 5382 ipsa
2401 5315 2512 5369 sint
2546 5328 2806 5386 corporea
2839 5329 2898 5373 et
2933 5322 3234 5391 sensibilis,
3265 5339 3317 5380 et
3356 5328 3408 5380 in
3440 5345 3534 5381 an-

1964 5418 2156 5456 norum
2209 5406 2433 5468 reditus,
2470 5420 2592 5459 nam
2644 5409 2914 5479 completo
2941 5426 3105 5479 anno,
3135 5431 3351 5471 rursum
3387 5432 3532 5472 motu

1965 5512 2152 5551 corum
2213 5498 2427 5551 initium
2485 5501 2702 5570 accipit,
2769 5512 2824 5558 et
2875 5504 2949 5558 ita
3005 5518 3264 5575 reguntur
3304 5511 3535 5566 visibilia

1965 5598 2128 5657 prout
2182 5589 2412 5644 voluerit
2478 5590 2621 5647 Deus
2680 5603 2734 5646 et
2812 5597 3171 5665 mandaverit,
3225 5603 3317 5655 sel
3385 5617 3536 5657 certo

1966 5693 2145 5749 neque
2176 5680 2458 5750 imperium
2494 5684 2696 5739 habent
2741 5699 3024 5758 creaturae,
3057 5709 3227 5762 neque
3287 5695 3537 5750 domina-

1969 5773 2115 5828 tione
2141 5775 2443 5845 potiuntur,
2477 5793 2575 5834 nec
2602 5781 2888 5849 opiniones
2941 5783 3171 5852 faciunt,
3206 5803 3304 5844 nec
3332 5802 3538 5859 cOgunt

1970 5867 2034 5922 ad
2097 5876 2380 5936 peccatum
2439 5885 2616 5942 neque
2671 5872 2925 5933 virtutem
2993 5889 3309 5948 cperantur,
3365 5897 3539 5952 neque
