  <div class='ocr_page' id='page_1' title='image "/cluster/home/n/w/nwhite01/storage/ocr_20150623/155/nnc1.0022106758/029.png"; bbox 0 0 4216 6432; ppageno 0'>
   <div class='ocr_carea' id='block_1_1' title="bbox 709 439 3946 503">
    <p class='ocr_par' dir='ltr' id='par_1_1' title="bbox 709 439 3946 503">
     <span class='ocr_line' id='line_1_1' title="bbox 709 439 3946 503; baseline -0.001 0"><span class='ocrx_word' id='word_1_1' title='bbox 709 439 781 503; x_wconf 66' lang='grc'><strong>47</strong></span> <span class='ocrx_word' id='word_1_2' title='bbox 1555 440 1934 500; x_wconf 77' lang='lat' dir='ltr'><strong>SYMEONIS</strong></span> <span class='ocrx_word' id='word_1_3' title='bbox 1971 440 2717 501; x_wconf 78' lang='lat' dir='ltr'><strong>THESSALONICENSIS</strong></span> <span class='ocrx_word' id='word_1_4' title='bbox 2771 439 3128 502; x_wconf 79' lang='lat' dir='ltr'><strong>ARCHIEP.</strong></span> <span class='ocrx_word' id='word_1_5' title='bbox 3874 439 3946 501; x_wconf 74' lang='grc' dir='ltr'>ιδ</span> 
     </span>
    </p>
   </div>
   <div class='ocr_carea' id='block_1_2' title="bbox 709 544 2374 628">
    <p class='ocr_par' dir='ltr' id='par_1_2' title="bbox 709 551 2345 628">
     <span class='ocr_line' id='line_1_2' title="bbox 709 551 2345 628; baseline -0.006 -17"><span class='ocrx_word' id='word_1_6' title='bbox 709 571 867 628; x_wconf 70' lang='lat' dir='ltr'><strong>reges</strong></span> <span class='ocrx_word' id='word_1_7' title='bbox 901 555 980 610; x_wconf 91' lang='lat' dir='ltr'><strong>vel</strong></span> <span class='ocrx_word' id='word_1_8' title='bbox 1008 553 1278 624; x_wconf 82' lang='lat' dir='ltr'><strong>principes</strong></span> <span class='ocrx_word' id='word_1_9' title='bbox 1301 553 1658 619; x_wconf 84' lang='lat' dir='ltr'><strong>constituunt,</strong></span> <span class='ocrx_word' id='word_1_10' title='bbox 1685 553 1942 622; x_wconf 79' lang='lat' dir='ltr'><strong>iuopesve</strong></span> <span class='ocrx_word' id='word_1_11' title='bbox 1969 562 2024 606; x_wconf 87' lang='lat' dir='ltr'><strong>et</strong></span> <span class='ocrx_word' id='word_1_12' title='bbox 2051 551 2269 615; x_wconf 94' lang='lat' dir='ltr'><strong>divites,</strong></span> <span class='ocrx_word' id='word_1_13' title='bbox 2299 557 2345 612; x_wconf 73' lang='grc' dir='ltr'>Α</span> 
     </span>
    </p>
   </div>
   <div class='ocr_carea' id='block_1_3' title="bbox 2272 544 3937 628">
    <p class='ocr_par' dir='ltr' id='par_1_3' title="bbox 2299 544 3937 621">
     <span class='ocr_line' id='line_1_3' title="bbox 2299 544 3937 621; baseline -0.001 -17"><span class='ocrx_word' id='word_1_14' title='bbox 2299 557 2345 612; x_wconf 75' lang='grc' dir='ltr'><strong>Α</strong></span> <span class='ocrx_word' id='word_1_15' title='bbox 2375 552 2550 615; x_wconf 73' lang='grc' dir='ltr'>ἔτους,</span> <span class='ocrx_word' id='word_1_16' title='bbox 2582 553 2646 620; x_wconf 77' lang='grc' dir='ltr'><strong>τῇ</strong></span> <span class='ocrx_word' id='word_1_17' title='bbox 2702 552 2914 621; x_wconf 84' lang='grc' dir='ltr'>κινήσε.</span> <span class='ocrx_word' id='word_1_18' title='bbox 2963 550 3170 603; x_wconf 67' lang='grc' dir='ltr'>τούτων</span> <span class='ocrx_word' id='word_1_19' title='bbox 3203 544 3356 613; x_wconf 70' lang='grc' dir='ltr'>αὖθις</span> <span class='ocrx_word' id='word_1_20' title='bbox 3412 550 3585 620; x_wconf 79' lang='grc' dir='ltr'>ἀρχὴν</span> <span class='ocrx_word' id='word_1_21' title='bbox 3633 549 3897 620; x_wconf 71' lang='grc' dir='ltr'>λαμϐάνει</span> <span class='ocrx_word' id='word_1_22' title='bbox 3926 596 3937 612; x_wconf 93' lang='grc'><strong>,</strong></span> 
     </span>
    </p>
   </div>
   <div class='ocr_carea' id='block_1_4' title="bbox 711 638 2275 715">
    <p class='ocr_par' dir='ltr' id='par_1_4' title="bbox 711 638 2275 715">
     <span class='ocr_line' id='line_1_4' title="bbox 711 638 2275 715; baseline -0.006 -16"><span class='ocrx_word' id='word_1_23' title='bbox 711 659 882 715; x_wconf 67' lang='lat' dir='ltr'><strong>aegros</strong></span> <span class='ocrx_word' id='word_1_24' title='bbox 919 653 972 699; x_wconf 89' lang='lat' dir='ltr'><strong>et</strong></span> <span class='ocrx_word' id='word_1_25' title='bbox 1000 657 1185 707; x_wconf 87' lang='lat' dir='ltr'><strong>sanos,</strong></span> <span class='ocrx_word' id='word_1_26' title='bbox 1222 643 1516 697; x_wconf 83' lang='lat' dir='ltr'><strong>morientes</strong></span> <span class='ocrx_word' id='word_1_27' title='bbox 1549 652 1600 696; x_wconf 86' lang='lat' dir='ltr'><strong>ct</strong></span> <span class='ocrx_word' id='word_1_28' title='bbox 1630 643 1894 702; x_wconf 77' lang='lat' dir='ltr'><strong>viventes.</strong></span> <span class='ocrx_word' id='word_1_29' title='bbox 1938 640 2064 693; x_wconf 92' lang='lat' dir='ltr'><strong>viles</strong></span> <span class='ocrx_word' id='word_1_30' title='bbox 2088 648 2140 692; x_wconf 89' lang='lat' dir='ltr'><strong>et</strong></span> <span class='ocrx_word' id='word_1_31' title='bbox 2175 638 2275 691; x_wconf 81' lang='lat' dir='ltr'><strong>lto-</strong></span> 
     </span>
    </p>
   </div>
   <div class='ocr_carea' id='block_1_5' title="bbox 711 732 2276 804">
    <p class='ocr_par' dir='ltr' id='par_1_5' title="bbox 711 732 2276 804">
     <span class='ocr_line' id='line_1_5' title="bbox 711 732 2276 804; baseline -0.004 -15"><span class='ocrx_word' id='word_1_32' title='bbox 711 734 1004 795; x_wconf 85' lang='lat' dir='ltr'><strong>norabiles.</strong></span> <span class='ocrx_word' id='word_1_33' title='bbox 1029 734 1221 788; x_wconf 80' lang='lat' dir='ltr'><strong>stultos</strong></span> <span class='ocrx_word' id='word_1_34' title='bbox 1245 743 1295 788; x_wconf 90' lang='lat' dir='ltr'><strong>et</strong></span> <span class='ocrx_word' id='word_1_35' title='bbox 1322 735 1614 804; x_wconf 75' lang='lat' dir='ltr'><strong>sapientes,</strong></span> <span class='ocrx_word' id='word_1_36' title='bbox 1633 733 1804 787; x_wconf 91' lang='lat' dir='ltr'><strong>bonos</strong></span> <span class='ocrx_word' id='word_1_37' title='bbox 1835 742 1888 785; x_wconf 89' lang='lat' dir='ltr'><strong>et</strong></span> <span class='ocrx_word' id='word_1_38' title='bbox 1921 732 2124 793; x_wconf 89' lang='lat' dir='ltr'><strong>malos;</strong></span> <span class='ocrx_word' id='word_1_39' title='bbox 2152 745 2276 783; x_wconf 88' lang='lat' dir='ltr'><strong>nam</strong></span> 
     </span>
    </p>
   </div>
   <div class='ocr_carea' id='block_1_6' title="bbox 717 821 2278 895">
    <p class='ocr_par' dir='ltr' id='par_1_6' title="bbox 717 821 2278 895">
     <span class='ocr_line' id='line_1_6' title="bbox 717 821 2278 895; baseline -0.004 -16"><span class='ocrx_word' id='word_1_40' title='bbox 717 826 1009 895; x_wconf 72' lang='lat' dir='ltr'><strong>impietatis</strong></span> <span class='ocrx_word' id='word_1_41' title='bbox 1041 835 1123 881; x_wconf 88' lang='lat' dir='ltr'><strong>est</strong></span> <span class='ocrx_word' id='word_1_42' title='bbox 1154 827 1373 880; x_wconf 84' lang='lat' dir='ltr'><strong>credere</strong></span> <span class='ocrx_word' id='word_1_43' title='bbox 1409 825 1532 878; x_wconf 90' lang='lat' dir='ltr'><strong>talia</strong></span> <span class='ocrx_word' id='word_1_44' title='bbox 1608 838 1768 893; x_wconf 85' lang='lat' dir='ltr'><strong>posse</strong></span> <span class='ocrx_word' id='word_1_45' title='bbox 1801 831 1944 877; x_wconf 84' lang='lat' dir='ltr'><strong>astra</strong></span> <span class='ocrx_word' id='word_1_46' title='bbox 2000 829 2053 876; x_wconf 91' lang='lat' dir='ltr'><strong>et</strong></span> <span class='ocrx_word' id='word_1_47' title='bbox 2085 821 2278 874; x_wconf 88' lang='lat' dir='ltr'><strong>nativi-</strong></span> 
     </span>
    </p>
   </div>
   <div class='ocr_carea' id='block_1_7' title="bbox 717 911 2278 982">
    <p class='ocr_par' dir='ltr' id='par_1_7' title="bbox 717 911 2278 982">
     <span class='ocr_line' id='line_1_7' title="bbox 717 911 2278 982; baseline -0.004 -11"><span class='ocrx_word' id='word_1_48' title='bbox 717 926 900 973; x_wconf 88' lang='lat' dir='ltr'><strong>tatem.</strong></span> <span class='ocrx_word' id='word_1_49' title='bbox 967 919 1165 971; x_wconf 80' lang='lat' dir='ltr'><strong>Sancta</strong></span> <span class='ocrx_word' id='word_1_50' title='bbox 1228 917 1370 971; x_wconf 93' lang='lat' dir='ltr'><strong>enim</strong></span> <span class='ocrx_word' id='word_1_51' title='bbox 1410 915 1544 968; x_wconf 83' lang='lat' dir='ltr'><strong>dixit</strong></span> <span class='ocrx_word' id='word_1_52' title='bbox 1601 913 1921 982; x_wconf 82' lang='lat' dir='ltr'><strong>Scriptura:</strong></span> <span class='ocrx_word' id='word_1_53' title='bbox 1965 930 1984 963; x_wconf 83' lang='grc' dir='ltr'><strong>ι</strong></span> <span class='ocrx_word' id='word_1_54' title='bbox 2019 911 2278 965; x_wconf 75' lang='lat' dir='ltr'><strong>Dominus</strong></span> 
     </span>
    </p>
   </div>
   <div class='ocr_carea' id='block_1_8' title="bbox 714 1001 2279 1073">
    <p class='ocr_par' dir='ltr' id='par_1_8' title="bbox 714 1001 2279 1073">
     <span class='ocr_line' id='line_1_8' title="bbox 714 1001 2279 1073; baseline -0.003 -13"><span class='ocrx_word' id='word_1_55' title='bbox 714 1007 930 1073; x_wconf 73' lang='lat' dir='ltr'><strong>inotiem</strong></span> <span class='ocrx_word' id='word_1_56' title='bbox 997 1007 1124 1060; x_wconf 77' lang='lat' dir='ltr'><strong>facit</strong></span> <span class='ocrx_word' id='word_1_57' title='bbox 1182 1015 1235 1060; x_wconf 91' lang='lat' dir='ltr'><strong>et</strong></span> <span class='ocrx_word' id='word_1_58' title='bbox 1273 1007 1426 1069; x_wconf 82' lang='lat' dir='ltr'><strong>ditat,</strong></span> <span class='ocrx_word' id='word_1_59' title='bbox 1479 1003 1724 1058; x_wconf 90' lang='lat' dir='ltr'><strong>ltumiliat</strong></span> <span class='ocrx_word' id='word_1_60' title='bbox 1754 1011 1810 1055; x_wconf 85' lang='lat' dir='ltr'><strong>et</strong></span> <span class='ocrx_word' id='word_1_61' title='bbox 1857 1001 2128 1065; x_wconf 80' lang='lat' dir='ltr'><strong>sublevat,</strong></span> <span class='ocrx_word' id='word_1_62' title='bbox 2171 1018 2190 1052; x_wconf 82' lang='grc' dir='ltr'><strong>ι</strong></span> <span class='ocrx_word' id='word_1_63' title='bbox 2226 1007 2279 1055; x_wconf 85' lang='lat' dir='ltr'><strong>et</strong></span> 
     </span>
    </p>
   </div>
   <div class='ocr_carea' id='block_1_9' title="bbox 716 1089 2275 1153">
    <p class='ocr_par' dir='ltr' id='par_1_9' title="bbox 716 1089 2275 1153">
     <span class='ocr_line' id='line_1_9' title="bbox 716 1089 2275 1153; baseline -0.006 -3"><span class='ocrx_word' id='word_1_64' title='bbox 716 1097 797 1150; x_wconf 89' lang='lat' dir='ltr'><strong>sic</strong></span> <span class='ocrx_word' id='word_1_65' title='bbox 816 1096 1030 1150; x_wconf 88' lang='lat' dir='ltr'><strong>deinde.</strong></span> <span class='ocrx_word' id='word_1_66' title='bbox 1057 1096 1117 1150; x_wconf 83' lang='lat' dir='ltr'><strong>Et</strong></span> <span class='ocrx_word' id='word_1_67' title='bbox 1149 1111 1162 1147; x_wconf 90' lang='lat'><strong>:</strong></span> <span class='ocrx_word' id='word_1_68' title='bbox 1194 1112 1211 1145; x_wconf 83' lang='grc' dir='ltr'><strong>ι</strong></span> <span class='ocrx_word' id='word_1_69' title='bbox 1239 1094 1500 1148; x_wconf 85' lang='lat' dir='ltr'><strong>Dominus</strong></span> <span class='ocrx_word' id='word_1_70' title='bbox 1524 1091 1878 1145; x_wconf 84' lang='lat' dir='ltr'><strong>tnortillcatet</strong></span> <span class='ocrx_word' id='word_1_71' title='bbox 1897 1091 2154 1153; x_wconf 84' lang='lat' dir='ltr'><strong>vivillcat,</strong></span> <span class='ocrx_word' id='word_1_72' title='bbox 2173 1089 2275 1142; x_wconf 82' lang='lat' dir='ltr'><strong>du-</strong></span> 
     </span>
    </p>
   </div>
   <div class='ocr_carea' id='block_1_10' title="bbox 712 1179 2278 1251">
    <p class='ocr_par' dir='ltr' id='par_1_10' title="bbox 712 1179 2278 1251">
     <span class='ocr_line' id='line_1_10' title="bbox 712 1179 2278 1251; baseline -0.004 -13"><span class='ocrx_word' id='word_1_73' title='bbox 712 1185 786 1238; x_wconf 89' lang='lat' dir='ltr'><strong>cit</strong></span> <span class='ocrx_word' id='word_1_74' title='bbox 814 1186 878 1238; x_wconf 87' lang='lat' dir='ltr'><strong>ad</strong></span> <span class='ocrx_word' id='word_1_75' title='bbox 910 1185 1115 1238; x_wconf 87' lang='lat' dir='ltr'><strong>inferos</strong></span> <span class='ocrx_word' id='word_1_76' title='bbox 1143 1194 1196 1238; x_wconf 84' lang='lat' dir='ltr'><strong>et</strong></span> <span class='ocrx_word' id='word_1_77' title='bbox 1221 1183 1452 1247; x_wconf 89' lang='lat' dir='ltr'><strong>reducit,</strong></span> <span class='ocrx_word' id='word_1_78' title='bbox 1487 1200 1506 1234; x_wconf 77' lang='grc' dir='ltr'><strong>ι</strong></span> <span class='ocrx_word' id='word_1_79' title='bbox 1535 1181 1783 1251; x_wconf 87' lang='lat' dir='ltr'><strong>equidem</strong></span> <span class='ocrx_word' id='word_1_80' title='bbox 1811 1181 1953 1250; x_wconf 89' lang='lat' dir='ltr'><strong>juste</strong></span> <span class='ocrx_word' id='word_1_81' title='bbox 1981 1179 2278 1234; x_wconf 85' lang='lat' dir='ltr'><strong>secundum</strong></span> 
     </span>
    </p>
   </div>
   <div class='ocr_carea' id='block_1_11' title="bbox 721 1272 2276 1344">
    <p class='ocr_par' dir='ltr' id='par_1_11' title="bbox 721 1272 2276 1344">
     <span class='ocr_line' id='line_1_11' title="bbox 721 1272 2276 1344; baseline -0.003 -16"><span class='ocrx_word' id='word_1_82' title='bbox 721 1276 1147 1344; x_wconf 86' lang='lat' dir='ltr'><strong>uniuscujusque</strong></span> <span class='ocrx_word' id='word_1_83' title='bbox 1212 1274 1535 1328; x_wconf 82' lang='lat' dir='ltr'><strong>electionem</strong></span> <span class='ocrx_word' id='word_1_84' title='bbox 1588 1281 1751 1342; x_wconf 82' lang='lat' dir='ltr'><strong>atque</strong></span> <span class='ocrx_word' id='word_1_85' title='bbox 1811 1272 2165 1335; x_wconf 85' lang='lat' dir='ltr'><strong>voluntatem,</strong></span> <span class='ocrx_word' id='word_1_86' title='bbox 2226 1275 2276 1324; x_wconf 87' lang='lat' dir='ltr'><strong>vi</strong></span> 
     </span>
    </p>
   </div>
   <div class='ocr_carea' id='block_1_12' title="bbox 715 1363 2278 1433">
    <p class='ocr_par' dir='ltr' id='par_1_12' title="bbox 715 1363 2278 1433">
     <span class='ocr_line' id='line_1_12' title="bbox 715 1363 2278 1433; baseline -0.003 -15"><span class='ocrx_word' id='word_1_87' title='bbox 715 1377 892 1420; x_wconf 81' lang='lat' dir='ltr'><strong>autem</strong></span> <span class='ocrx_word' id='word_1_88' title='bbox 929 1365 1173 1430; x_wconf 82' lang='lat' dir='ltr'><strong>minime,</strong></span> <span class='ocrx_word' id='word_1_89' title='bbox 1228 1363 1478 1433; x_wconf 89' lang='lat' dir='ltr'><strong>quoniam</strong></span> <span class='ocrx_word' id='word_1_90' title='bbox 1528 1363 1712 1432; x_wconf 81' lang='lat' dir='ltr'><strong>justus</strong></span> <span class='ocrx_word' id='word_1_91' title='bbox 1763 1372 1848 1417; x_wconf 89' lang='lat' dir='ltr'><strong>est</strong></span> <span class='ocrx_word' id='word_1_92' title='bbox 1909 1363 2171 1416; x_wconf 86' lang='lat' dir='ltr'><strong>Dominus</strong></span> <span class='ocrx_word' id='word_1_93' title='bbox 2224 1371 2278 1414; x_wconf 88' lang='lat' dir='ltr'><strong>et</strong></span> 
     </span>
    </p>
   </div>
   <div class='ocr_carea' id='block_1_13' title="bbox 708 1451 2279 1526">
    <p class='ocr_par' dir='ltr' id='par_1_13' title="bbox 708 1451 2279 1526">
     <span class='ocr_line' id='line_1_13' title="bbox 708 1451 2279 1526; baseline -0.003 -17"><span class='ocrx_word' id='word_1_94' title='bbox 708 1457 976 1526; x_wconf 74' lang='lat' dir='ltr'><strong>justitiam</strong></span> <span class='ocrx_word' id='word_1_95' title='bbox 1026 1455 1253 1519; x_wconf 79' lang='lat' dir='ltr'><strong>dilexit;</strong></span> <span class='ocrx_word' id='word_1_96' title='bbox 1291 1462 1365 1519; x_wconf 92' lang='lat' dir='ltr'><strong>et,</strong></span> <span class='ocrx_word' id='word_1_97' title='bbox 1399 1471 1417 1504; x_wconf 77' lang='grc' dir='ltr'><strong>ι</strong></span> <span class='ocrx_word' id='word_1_98' title='bbox 1462 1451 1540 1507; x_wconf 84' lang='lat' dir='ltr'><strong>Tu</strong></span> <span class='ocrx_word' id='word_1_99' title='bbox 1571 1453 1782 1517; x_wconf 87' lang='lat' dir='ltr'><strong>reddes,</strong></span> <span class='ocrx_word' id='word_1_100' title='bbox 1814 1452 2008 1522; x_wconf 86' lang='lat' dir='ltr'><strong>inquit,</strong></span> <span class='ocrx_word' id='word_1_101' title='bbox 2068 1452 2279 1505; x_wconf 82' lang='lat' dir='ltr'><strong>unicui-</strong></span> 
     </span>
    </p>
   </div>
   <div class='ocr_carea' id='block_1_14' title="bbox 714 1543 2278 1614">
    <p class='ocr_par' dir='ltr' id='par_1_14' title="bbox 714 1543 2278 1614">
     <span class='ocr_line' id='line_1_14' title="bbox 714 1543 2278 1614; baseline -0.001 -15"><span class='ocrx_word' id='word_1_102' title='bbox 714 1561 821 1614; x_wconf 91' lang='lat' dir='ltr'><strong>que</strong></span> <span class='ocrx_word' id='word_1_103' title='bbox 849 1545 1142 1599; x_wconf 90' lang='lat' dir='ltr'><strong>secundum</strong></span> <span class='ocrx_word' id='word_1_104' title='bbox 1174 1559 1331 1613; x_wconf 80' lang='lat' dir='ltr'><strong>opera</strong></span> <span class='ocrx_word' id='word_1_105' title='bbox 1373 1543 1516 1612; x_wconf 86' lang='lat' dir='ltr'><strong>ejus.</strong></span> <span class='ocrx_word' id='word_1_106' title='bbox 1558 1561 1578 1595; x_wconf 81' lang='grc' dir='ltr'><strong>ι</strong></span> <span class='ocrx_word' id='word_1_107' title='bbox 1635 1543 1917 1609; x_wconf 77' lang='lat' dir='ltr'><strong>Quomodo</strong></span> <span class='ocrx_word' id='word_1_108' title='bbox 1946 1551 2124 1596; x_wconf 87' lang='lat' dir='ltr'><strong>autem</strong></span> <span class='ocrx_word' id='word_1_109' title='bbox 2157 1543 2278 1597; x_wconf 74' lang='grc' dir='ltr'>νοό-</span> 
     </span>
    </p>
   </div>
   <div class='ocr_carea' id='block_1_15' title="bbox 714 1633 2275 1704">
    <p class='ocr_par' dir='ltr' id='par_1_15' title="bbox 714 1633 2275 1704">
     <span class='ocr_line' id='line_1_15' title="bbox 714 1633 2275 1704; baseline -0.003 -15"><span class='ocrx_word' id='word_1_110' title='bbox 714 1636 824 1699; x_wconf 87' lang='lat' dir='ltr'><strong>det,</strong></span> <span class='ocrx_word' id='word_1_111' title='bbox 860 1637 904 1689; x_wconf 93' lang='lat' dir='ltr'><strong>si</strong></span> <span class='ocrx_word' id='word_1_112' title='bbox 935 1636 1055 1703; x_wconf 86' lang='lat' dir='ltr'><strong>quis</strong></span> <span class='ocrx_word' id='word_1_113' title='bbox 1078 1634 1129 1688; x_wconf 92' lang='lat' dir='ltr'><strong>vi</strong></span> <span class='ocrx_word' id='word_1_114' title='bbox 1172 1646 1448 1704; x_wconf 71' lang='lat' dir='ltr'><strong>peccatum</strong></span> <span class='ocrx_word' id='word_1_115' title='bbox 1481 1635 1804 1689; x_wconf 86' lang='lat' dir='ltr'><strong>virtutemve</strong></span> <span class='ocrx_word' id='word_1_116' title='bbox 1835 1633 2123 1703; x_wconf 78' lang='lat' dir='ltr'><strong>Operatur?</strong></span> <span class='ocrx_word' id='word_1_117' title='bbox 2151 1647 2275 1686; x_wconf 88' lang='lat' dir='ltr'><strong>nam</strong></span> 
     </span>
    </p>
   </div>
   <div class='ocr_carea' id='block_1_16' title="bbox 716 1720 2281 1793">
    <p class='ocr_par' dir='ltr' id='par_1_16' title="bbox 716 1720 2281 1793">
     <span class='ocr_line' id='line_1_16' title="bbox 716 1720 2281 1793; baseline -0.002 -17"><span class='ocrx_word' id='word_1_118' title='bbox 716 1724 761 1778; x_wconf 89' lang='lat' dir='ltr'><strong>si</strong></span> <span class='ocrx_word' id='word_1_119' title='bbox 791 1724 838 1776; x_wconf 92' lang='lat' dir='ltr'><strong>vi</strong></span> <span class='ocrx_word' id='word_1_120' title='bbox 869 1734 1012 1793; x_wconf 74' lang='lat' dir='ltr'><strong>agat,</strong></span> <span class='ocrx_word' id='word_1_121' title='bbox 1063 1737 1238 1792; x_wconf 89' lang='lat' dir='ltr'><strong>neque</strong></span> <span class='ocrx_word' id='word_1_122' title='bbox 1275 1732 1462 1793; x_wconf 86' lang='lat' dir='ltr'><strong>peccat</strong></span> <span class='ocrx_word' id='word_1_123' title='bbox 1503 1722 1744 1792; x_wconf 86' lang='lat' dir='ltr'><strong>iniquus,</strong></span> <span class='ocrx_word' id='word_1_124' title='bbox 1782 1736 1957 1792; x_wconf 89' lang='lat' dir='ltr'><strong>neque</strong></span> <span class='ocrx_word' id='word_1_125' title='bbox 1988 1722 2123 1776; x_wconf 88' lang='lat' dir='ltr'><strong>bene</strong></span> <span class='ocrx_word' id='word_1_126' title='bbox 2150 1720 2281 1774; x_wconf 91' lang='lat' dir='ltr'><strong>facit</strong></span> 
     </span>
    </p>
   </div>
   <div class='ocr_carea' id='block_1_17' title="bbox 714 1812 2279 1884">
    <p class='ocr_par' dir='ltr' id='par_1_17' title="bbox 714 1812 2279 1884">
     <span class='ocr_line' id='line_1_17' title="bbox 714 1812 2279 1884; baseline -0.001 -17"><span class='ocrx_word' id='word_1_127' title='bbox 714 1813 917 1884; x_wconf 89' lang='lat' dir='ltr'><strong>justus,</strong></span> <span class='ocrx_word' id='word_1_128' title='bbox 944 1828 1117 1882; x_wconf 89' lang='lat' dir='ltr'><strong>neque</strong></span> <span class='ocrx_word' id='word_1_129' title='bbox 1140 1813 1371 1867; x_wconf 86' lang='lat' dir='ltr'><strong>trucidat</strong></span> <span class='ocrx_word' id='word_1_130' title='bbox 1395 1812 1724 1878; x_wconf 83' lang='lat' dir='ltr'><strong>interfector,</strong></span> <span class='ocrx_word' id='word_1_131' title='bbox 1744 1828 1844 1868; x_wconf 89' lang='lat' dir='ltr'><strong>nec</strong></span> <span class='ocrx_word' id='word_1_132' title='bbox 1862 1813 2129 1867; x_wconf 80' lang='lat' dir='ltr'><strong>adulterat</strong></span> <span class='ocrx_word' id='word_1_133' title='bbox 2149 1824 2279 1866; x_wconf 72' lang='lat' dir='ltr'><strong>mm-</strong></span> 
     </span>
    </p>
   </div>
   <div class='ocr_carea' id='block_1_18' title="bbox 2381 642 3946 712">
    <p class='ocr_par' dir='ltr' id='par_1_18' title="bbox 2381 642 3946 712">
     <span class='ocr_line' id='line_1_18' title="bbox 2381 642 3946 712; baseline -0.002 -15"><span class='ocrx_word' id='word_1_134' title='bbox 2381 642 2476 697; x_wconf 67' lang='grc' dir='ltr'>καὶ</span> <span class='ocrx_word' id='word_1_135' title='bbox 2513 642 2796 695; x_wconf 71' lang='grc' dir='ltr'><strong>διοικεῖται</strong></span> <span class='ocrx_word' id='word_1_136' title='bbox 2828 642 2895 694; x_wconf 73' lang='grc' dir='ltr'><strong>τὰ</strong></span> <span class='ocrx_word' id='word_1_137' title='bbox 2929 643 3184 710; x_wconf 80' lang='grc' dir='ltr'>δρώμενα</span> <span class='ocrx_word' id='word_1_138' title='bbox 3231 642 3396 705; x_wconf 79' lang='grc' dir='ltr'>οὑτω.</span> <span class='ocrx_word' id='word_1_139' title='bbox 3429 643 3646 712; x_wconf 82' lang='grc' dir='ltr'>θελήσει</span> <span class='ocrx_word' id='word_1_140' title='bbox 3679 643 3816 696; x_wconf 81' lang='grc' dir='ltr'>Θεοῦ</span> <span class='ocrx_word' id='word_1_141' title='bbox 3851 647 3946 695; x_wconf 71' lang='grc' dir='ltr'>καὶ</span> 
     </span>
    </p>
   </div>
   <div class='ocr_carea' id='block_1_19' title="bbox 2381 728 3945 800">
    <p class='ocr_par' dir='ltr' id='par_1_19' title="bbox 2381 728 3945 800">
     <span class='ocr_line' id='line_1_19' title="bbox 2381 728 3945 800; baseline 0.001 -19"><span class='ocrx_word' id='word_1_142' title='bbox 2381 728 2769 797; x_wconf 81' lang='grc' dir='ltr'>προστάγματι</span> <span class='ocrx_word' id='word_1_143' title='bbox 2822 730 3233 798; x_wconf 76' lang='grc' dir='ltr'><strong>συμφερόντως.</strong></span> <span class='ocrx_word' id='word_1_144' title='bbox 3268 732 3341 782; x_wconf 69' lang='grc' dir='ltr'><strong>Οὐ</strong></span> <span class='ocrx_word' id='word_1_145' title='bbox 3379 731 3485 800; x_wconf 81' lang='grc' dir='ltr'>μὴν</span> <span class='ocrx_word' id='word_1_146' title='bbox 3516 733 3572 785; x_wconf 75' lang='grc' dir='ltr'>δὲ</span> <span class='ocrx_word' id='word_1_147' title='bbox 3623 733 3797 800; x_wconf 73' lang='grc' dir='ltr'>ἀρχὴν</span> <span class='ocrx_word' id='word_1_148' title='bbox 3830 733 3945 799; x_wconf 74' lang='grc' dir='ltr'>ἔχει</span> 
     </span>
    </p>
   </div>
   <div class='ocr_carea' id='block_1_20' title="bbox 2378 819 3949 894">
    <p class='ocr_par' dir='ltr' id='par_1_20' title="bbox 2378 819 3949 894">
     <span class='ocr_line' id='line_1_20' title="bbox 2378 819 3949 894; baseline 0.001 -22"><span class='ocrx_word' id='word_1_149' title='bbox 2378 819 2449 873; x_wconf 85' lang='grc' dir='ltr'><strong>τά</strong></span> <span class='ocrx_word' id='word_1_150' title='bbox 2476 819 2774 888; x_wconf 83' lang='grc' dir='ltr'>κτίσματα,</span> <span class='ocrx_word' id='word_1_151' title='bbox 2801 820 2835 891; x_wconf 80' lang='grc' dir='ltr'><strong>ἢ</strong></span> <span class='ocrx_word' id='word_1_152' title='bbox 2862 820 3182 873; x_wconf 76' lang='grc' dir='ltr'><strong>δυναστείαν</strong></span> <span class='ocrx_word' id='word_1_153' title='bbox 3212 822 3405 883; x_wconf 79' lang='grc' dir='ltr'>ἐπάγει</span> <span class='ocrx_word' id='word_1_154' title='bbox 3429 861 3445 884; x_wconf 92' lang='grc'><strong>,</strong></span> <span class='ocrx_word' id='word_1_155' title='bbox 3481 825 3514 893; x_wconf 69' lang='grc' dir='ltr'>ἢ</span> <span class='ocrx_word' id='word_1_156' title='bbox 3553 823 3747 894; x_wconf 82' lang='grc' dir='ltr'>γνώμῃ</span> <span class='ocrx_word' id='word_1_157' title='bbox 3778 827 3949 889; x_wconf 72' lang='grc' dir='ltr'>ποιεῖ,</span> 
     </span>
    </p>
   </div>
   <div class='ocr_carea' id='block_1_21' title="bbox 2381 912 3946 984">
    <p class='ocr_par' dir='ltr' id='par_1_21' title="bbox 2381 912 3946 984">
     <span class='ocr_line' id='line_1_21' title="bbox 2381 912 3946 984; baseline 0 -18"><span class='ocrx_word' id='word_1_158' title='bbox 2381 913 2414 982; x_wconf 73' lang='grc' dir='ltr'>ἢ</span> <span class='ocrx_word' id='word_1_159' title='bbox 2445 914 2543 982; x_wconf 84' lang='grc' dir='ltr'>τῆς</span> <span class='ocrx_word' id='word_1_160' title='bbox 2570 913 2747 982; x_wconf 78' lang='grc' dir='ltr'>ψυχῆς</span> <span class='ocrx_word' id='word_1_161' title='bbox 2787 912 3073 982; x_wconf 83' lang='grc' dir='ltr'>κατάρχει,</span> <span class='ocrx_word' id='word_1_162' title='bbox 3103 913 3134 980; x_wconf 80' lang='grc' dir='ltr'>ἢ</span> <span class='ocrx_word' id='word_1_163' title='bbox 3184 913 3526 982; x_wconf 76' lang='grc' dir='ltr'><strong>ἁμαρτάνειν</strong></span> <span class='ocrx_word' id='word_1_164' title='bbox 3557 916 3876 983; x_wconf 74' lang='grc' dir='ltr'><strong>ἀναγκάζει,</strong></span> <span class='ocrx_word' id='word_1_165' title='bbox 3912 917 3946 984; x_wconf 73' lang='grc' dir='ltr'><strong>ἦ</strong></span> 
     </span>
    </p>
   </div>
   <div class='ocr_carea' id='block_1_22' title="bbox 2380 994 3942 1074">
    <p class='ocr_par' dir='ltr' id='par_1_22' title="bbox 2380 994 3942 1074">
     <span class='ocr_line' id='line_1_22' title="bbox 2380 994 3942 1074; baseline 0.001 -19"><span class='ocrx_word' id='word_1_166' title='bbox 2380 1002 2583 1072; x_wconf 81' lang='grc' dir='ltr'>ἀρετὴν</span> <span class='ocrx_word' id='word_1_167' title='bbox 2616 1004 2880 1072; x_wconf 76' lang='grc' dir='ltr'>ἐνεργεῖν,</span> <span class='ocrx_word' id='word_1_168' title='bbox 2905 1004 2935 1071; x_wconf 82' lang='grc' dir='ltr'>ἦ</span> <span class='ocrx_word' id='word_1_169' title='bbox 2970 1002 3210 1072; x_wconf 82' lang='grc' dir='ltr'>βασ.λεῖς</span> <span class='ocrx_word' id='word_1_170' title='bbox 3237 1002 3500 1073; x_wconf 69' lang='grc' dir='ltr'>καθιστᾷν</span> <span class='ocrx_word' id='word_1_171' title='bbox 3527 1021 3585 1056; x_wconf 89' lang='grc' dir='ltr'><strong>τε</strong></span> <span class='ocrx_word' id='word_1_172' title='bbox 3612 1008 3704 1058; x_wconf 71' lang='grc' dir='ltr'>καὶ</span> <span class='ocrx_word' id='word_1_173' title='bbox 3738 994 3942 1074; x_wconf 68' lang='grc' dir='ltr'>ἄρχον-</span> 
     </span>
    </p>
   </div>
   <div class='ocr_carea' id='block_1_23' title="bbox 2380 1093 3945 1162">
    <p class='ocr_par' dir='ltr' id='par_1_23' title="bbox 2380 1093 3945 1162">
     <span class='ocr_line' id='line_1_23' title="bbox 2380 1093 3945 1162; baseline -0.001 -17"><span class='ocrx_word' id='word_1_174' title='bbox 2380 1110 2500 1156; x_wconf 90' lang='grc' dir='ltr'>τας,</span> <span class='ocrx_word' id='word_1_175' title='bbox 2535 1093 2864 1162; x_wconf 80' lang='grc' dir='ltr'><strong>πενομένους</strong></span> <span class='ocrx_word' id='word_1_176' title='bbox 2893 1110 2951 1144; x_wconf 76' lang='grc' dir='ltr'><strong>τε</strong></span> <span class='ocrx_word' id='word_1_177' title='bbox 2999 1095 3094 1146; x_wconf 67' lang='grc' dir='ltr'>καὶ</span> <span class='ocrx_word' id='word_1_178' title='bbox 3131 1093 3386 1146; x_wconf 80' lang='grc' dir='ltr'>πλουσίου</span> <span class='ocrx_word' id='word_1_179' title='bbox 3403 1113 3439 1157; x_wconf 68' lang='grc' dir='ltr'><strong>τ,</strong></span> <span class='ocrx_word' id='word_1_180' title='bbox 3481 1094 3820 1159; x_wconf 70' lang='grc' dir='ltr'>ὑγιαίνοντας</span> <span class='ocrx_word' id='word_1_181' title='bbox 3851 1093 3945 1144; x_wconf 66' lang='grc' dir='ltr'>καὶ</span> 
     </span>
    </p>
   </div>
   <div class='ocr_carea' id='block_1_24' title="bbox 2380 1179 3947 1255">
    <p class='ocr_par' dir='ltr' id='par_1_24' title="bbox 2380 1179 3947 1255">
     <span class='ocr_line' id='line_1_24' title="bbox 2380 1179 3947 1255; baseline -0.003 -18"><span class='ocrx_word' id='word_1_182' title='bbox 2380 1184 2719 1255; x_wconf 73' lang='grc' dir='ltr'>ἀρρώστους,</span> <span class='ocrx_word' id='word_1_183' title='bbox 2751 1186 3087 1254; x_wconf 73' lang='grc' dir='ltr'>θνήσκοντας</span> <span class='ocrx_word' id='word_1_184' title='bbox 3121 1187 3213 1236; x_wconf 69' lang='grc' dir='ltr'>καὶ</span> <span class='ocrx_word' id='word_1_185' title='bbox 3241 1185 3469 1248; x_wconf 67' lang='grc' dir='ltr'>ζῶντας,</span> <span class='ocrx_word' id='word_1_186' title='bbox 3506 1179 3732 1252; x_wconf 74' lang='grc' dir='ltr'>ἀτίμους</span> <span class='ocrx_word' id='word_1_187' title='bbox 3758 1200 3813 1234; x_wconf 76' lang='grc' dir='ltr'><strong>τε</strong></span> <span class='ocrx_word' id='word_1_188' title='bbox 3849 1184 3947 1232; x_wconf 64' lang='grc' dir='ltr'>καὶ</span> 
     </span>
    </p>
   </div>
   <div class='ocr_carea' id='block_1_25' title="bbox 2380 1274 3946 1346">
    <p class='ocr_par' dir='ltr' id='par_1_25' title="bbox 2380 1274 3946 1346">
     <span class='ocr_line' id='line_1_25' title="bbox 2380 1274 3946 1346; baseline -0.002 -19"><span class='ocrx_word' id='word_1_189' title='bbox 2380 1278 2616 1344; x_wconf 80' lang='grc' dir='ltr'>τιμίους,</span> <span class='ocrx_word' id='word_1_190' title='bbox 2665 1275 2941 1346; x_wconf 80' lang='grc' dir='ltr'>έμφρονάς</span> <span class='ocrx_word' id='word_1_191' title='bbox 2977 1293 3035 1327; x_wconf 90' lang='grc' dir='ltr'><strong>τε</strong></span> <span class='ocrx_word' id='word_1_192' title='bbox 3065 1279 3156 1328; x_wconf 77' lang='grc' dir='ltr'>καὶ</span> <span class='ocrx_word' id='word_1_193' title='bbox 3188 1277 3450 1344; x_wconf 54' lang='grc' dir='ltr'>ἄφρονας,</span> <span class='ocrx_word' id='word_1_194' title='bbox 3485 1274 3722 1342; x_wconf 60' lang='grc' dir='ltr'>ἀγαθούς</span> <span class='ocrx_word' id='word_1_195' title='bbox 3750 1290 3807 1325; x_wconf 86' lang='grc' dir='ltr'><strong>τε</strong></span> <span class='ocrx_word' id='word_1_196' title='bbox 3845 1274 3946 1326; x_wconf 76' lang='grc' dir='ltr'>καὶ</span> 
     </span>
    </p>
   </div>
   <div class='ocr_carea' id='block_1_26' title="bbox 2381 1364 3950 1436">
    <p class='ocr_par' dir='ltr' id='par_1_26' title="bbox 2381 1364 3950 1436">
     <span class='ocr_line' id='line_1_26' title="bbox 2381 1364 3950 1436; baseline -0.004 -17"><span class='ocrx_word' id='word_1_197' title='bbox 2381 1367 2673 1436; x_wconf 86' lang='grc' dir='ltr'>πονηρούς.</span> <span class='ocrx_word' id='word_1_198' title='bbox 2722 1367 2937 1428; x_wconf 75' lang='grc' dir='ltr'>Ἀθεῖας</span> <span class='ocrx_word' id='word_1_199' title='bbox 2987 1368 3094 1436; x_wconf 78' lang='grc' dir='ltr'>γὰρ</span> <span class='ocrx_word' id='word_1_200' title='bbox 3147 1367 3210 1418; x_wconf 86' lang='grc' dir='ltr'><strong>τδ</strong></span> <span class='ocrx_word' id='word_1_201' title='bbox 3267 1367 3491 1418; x_wconf 75' lang='grc' dir='ltr'>τοιαῦτα</span> <span class='ocrx_word' id='word_1_202' title='bbox 3535 1364 3796 1418; x_wconf 81' lang='grc' dir='ltr'>δύνασθαι</span> <span class='ocrx_word' id='word_1_203' title='bbox 3844 1365 3950 1431; x_wconf 73' lang='grc' dir='ltr'>τὴν</span> 
     </span>
    </p>
   </div>
   <div class='ocr_carea' id='block_1_27' title="bbox 2380 1455 3950 1526">
    <p class='ocr_par' dir='ltr' id='par_1_27' title="bbox 2380 1455 3950 1526">
     <span class='ocr_line' id='line_1_27' title="bbox 2380 1455 3950 1526; baseline -0.002 -17"><span class='ocrx_word' id='word_1_204' title='bbox 2380 1458 2595 1525; x_wconf 82' lang='grc' dir='ltr'>γένεσιν</span> <span class='ocrx_word' id='word_1_205' title='bbox 2641 1458 2734 1510; x_wconf 76' lang='grc' dir='ltr'>καὶ</span> <span class='ocrx_word' id='word_1_206' title='bbox 2781 1460 2907 1519; x_wconf 67' lang='grc' dir='ltr'>τοὺς</span> <span class='ocrx_word' id='word_1_207' title='bbox 2955 1457 3190 1526; x_wconf 77' lang='grc' dir='ltr'><strong>ἀστέρας</strong></span> <span class='ocrx_word' id='word_1_208' title='bbox 3226 1457 3489 1521; x_wconf 75' lang='grc' dir='ltr'>δοξάζειν.</span> <span class='ocrx_word' id='word_1_209' title='bbox 3536 1457 3602 1508; x_wconf 81' lang='grc' dir='ltr'><strong>Ἠ</strong></span> <span class='ocrx_word' id='word_1_210' title='bbox 3659 1461 3768 1524; x_wconf 76' lang='grc' dir='ltr'><strong>γὰρ</strong></span> <span class='ocrx_word' id='word_1_211' title='bbox 3819 1455 3950 1522; x_wconf 81' lang='grc' dir='ltr'>ἁγία</span> 
     </span>
    </p>
   </div>
   <div class='ocr_carea' id='block_1_28' title="bbox 2381 1548 3954 1619">
    <p class='ocr_par' dir='ltr' id='par_1_28' title="bbox 2381 1548 3954 1619">
     <span class='ocr_line' id='line_1_28' title="bbox 2381 1548 3954 1619; baseline -0.002 -18"><span class='ocrx_word' id='word_1_212' title='bbox 2381 1549 2596 1617; x_wconf 73' lang='grc' dir='ltr'>Γραφὴ,</span> <span class='ocrx_word' id='word_1_213' title='bbox 2648 1549 2883 1617; x_wconf 81' lang='grc' dir='ltr'>Κύριος,</span> <span class='ocrx_word' id='word_1_214' title='bbox 2919 1549 3075 1617; x_wconf 67' lang='grc' dir='ltr'>φησι,</span> <span class='ocrx_word' id='word_1_215' title='bbox 3109 1550 3372 1619; x_wconf 79' lang='grc' dir='ltr'>πτωχίζει</span> <span class='ocrx_word' id='word_1_216' title='bbox 3404 1549 3497 1600; x_wconf 80' lang='grc' dir='ltr'>καὶ</span> <span class='ocrx_word' id='word_1_217' title='bbox 3523 1548 3794 1610; x_wconf 73' lang='grc' dir='ltr'>πλουτίζει</span> <span class='ocrx_word' id='word_1_218' title='bbox 3817 1589 3830 1608; x_wconf 86' lang='grc'><strong>,</strong></span> <span class='ocrx_word' id='word_1_219' title='bbox 3863 1563 3954 1598; x_wconf 69' lang='grc' dir='ltr'><strong>ςλ-</strong></span> 
     </span>
    </p>
   </div>
   <div class='ocr_carea' id='block_1_29' title="bbox 2385 1639 3951 1710">
    <p class='ocr_par' dir='ltr' id='par_1_29' title="bbox 2385 1639 3951 1710">
     <span class='ocr_line' id='line_1_29' title="bbox 2385 1639 3951 1710; baseline -0.005 -16"><span class='ocrx_word' id='word_1_220' title='bbox 2385 1644 2560 1695; x_wconf 83' lang='grc' dir='ltr'>πεινοῖ</span> <span class='ocrx_word' id='word_1_221' title='bbox 2606 1641 2699 1695; x_wconf 75' lang='grc' dir='ltr'>καὶ</span> <span class='ocrx_word' id='word_1_222' title='bbox 2729 1642 2941 1710; x_wconf 81' lang='grc' dir='ltr'>ἁνυψοῖ,</span> <span class='ocrx_word' id='word_1_223' title='bbox 2982 1643 3076 1694; x_wconf 74' lang='grc' dir='ltr'>καὶ</span> <span class='ocrx_word' id='word_1_224' title='bbox 3134 1642 3200 1694; x_wconf 89' lang='grc' dir='ltr'><strong>τά</strong></span> <span class='ocrx_word' id='word_1_225' title='bbox 3233 1641 3486 1710; x_wconf 79' lang='grc' dir='ltr'><strong>καθεξῆς.</strong></span> <span class='ocrx_word' id='word_1_226' title='bbox 3519 1641 3569 1710; x_wconf 82' lang='grc'>⁷</span> <span class='ocrx_word' id='word_1_227' title='bbox 3605 1641 3711 1692; x_wconf 62' lang='grc' dir='ltr'><strong>Καὶ</strong></span> <span class='ocrx_word' id='word_1_228' title='bbox 3747 1639 3951 1706; x_wconf 69' lang='grc' dir='ltr'>Κύριος</span> 
     </span>
    </p>
   </div>
   <div class='ocr_carea' id='block_1_30' title="bbox 2383 1731 3945 1802">
    <p class='ocr_par' dir='ltr' id='par_1_30' title="bbox 2383 1731 3945 1802">
     <span class='ocr_line' id='line_1_30' title="bbox 2383 1731 3945 1802; baseline -0.003 -18"><span class='ocrx_word' id='word_1_229' title='bbox 2383 1731 2602 1785; x_wconf 87' lang='grc' dir='ltr'>θανατοῖ</span> <span class='ocrx_word' id='word_1_230' title='bbox 2633 1734 2726 1784; x_wconf 70' lang='grc' dir='ltr'>καὶ</span> <span class='ocrx_word' id='word_1_231' title='bbox 2766 1733 3038 1798; x_wconf 77' lang='grc' dir='ltr'>ζωογονεῖ,</span> <span class='ocrx_word' id='word_1_232' title='bbox 3079 1735 3307 1799; x_wconf 77' lang='grc' dir='ltr'>κατάγει</span> <span class='ocrx_word' id='word_1_233' title='bbox 3365 1735 3442 1789; x_wconf 78' lang='grc' dir='ltr'><strong>είς</strong></span> <span class='ocrx_word' id='word_1_234' title='bbox 3493 1732 3620 1802; x_wconf 72' lang='grc' dir='ltr'>ᾅδου</span> <span class='ocrx_word' id='word_1_235' title='bbox 3671 1731 3764 1782; x_wconf 67' lang='grc' dir='ltr'>καὶ</span> <span class='ocrx_word' id='word_1_236' title='bbox 3812 1731 3945 1780; x_wconf 78' lang='grc' dir='ltr'>ἀνά-</span> 
     </span>
    </p>
   </div>
   <div class='ocr_carea' id='block_1_31' title="bbox 2384 1821 3945 1892">
    <p class='ocr_par' dir='ltr' id='par_1_31' title="bbox 2384 1821 3945 1892">
     <span class='ocr_line' id='line_1_31' title="bbox 2384 1821 3945 1892; baseline -0.003 -16"><span class='ocrx_word' id='word_1_237' title='bbox 2384 1839 2488 1890; x_wconf 79' lang='grc' dir='ltr'>γει.</span> <span class='ocrx_word' id='word_1_238' title='bbox 2519 1825 2617 1875; x_wconf 67' lang='grc' dir='ltr'>καὶ</span> <span class='ocrx_word' id='word_1_239' title='bbox 2666 1824 2824 1874; x_wconf 85' lang='grc' dir='ltr'>τοῦτο</span> <span class='ocrx_word' id='word_1_240' title='bbox 2873 1823 3099 1885; x_wconf 76' lang='grc' dir='ltr'>δικαίως</span> <span class='ocrx_word' id='word_1_241' title='bbox 3134 1823 3229 1876; x_wconf 75' lang='grc' dir='ltr'>καὶ</span> <span class='ocrx_word' id='word_1_242' title='bbox 3265 1824 3405 1876; x_wconf 81' lang='grc' dir='ltr'><strong>κατά</strong></span> <span class='ocrx_word' id='word_1_243' title='bbox 3455 1821 3776 1892; x_wconf 70' lang='grc' dir='ltr'>προαίρεσιν</span> <span class='ocrx_word' id='word_1_244' title='bbox 3811 1821 3945 1872; x_wconf 74' lang='grc' dir='ltr'>ἐκά-</span> 
     </span>
    </p>
   </div>
   <div class='ocr_carea' id='block_1_32' title="bbox 720 1897 2385 1983">
    <p class='ocr_par' dir='ltr' id='par_1_32' title="bbox 720 1897 2354 1971">
     <span class='ocr_line' id='line_1_32' title="bbox 720 1897 2354 1971; baseline -0.001 -18"><span class='ocrx_word' id='word_1_245' title='bbox 720 1901 854 1954; x_wconf 84' lang='lat' dir='ltr'><strong>chus</strong></span> <span class='ocrx_word' id='word_1_246' title='bbox 883 1917 899 1962; x_wconf 85' lang='lat'><strong>;</strong></span> <span class='ocrx_word' id='word_1_247' title='bbox 929 1901 1175 1969; x_wconf 86' lang='lat' dir='ltr'><strong>impurus</strong></span> <span class='ocrx_word' id='word_1_248' title='bbox 1198 1916 1304 1956; x_wconf 86' lang='lat' dir='ltr'><strong>non</strong></span> <span class='ocrx_word' id='word_1_249' title='bbox 1333 1897 1414 1956; x_wconf 83' lang='lat' dir='ltr'><strong>est</strong></span> <span class='ocrx_word' id='word_1_250' title='bbox 1443 1903 1708 1971; x_wconf 88' lang='lat' dir='ltr'><strong>impurus,</strong></span> <span class='ocrx_word' id='word_1_251' title='bbox 1740 1915 1807 1957; x_wconf 81' lang='lat' dir='ltr'><strong>ne</strong></span> <span class='ocrx_word' id='word_1_252' title='bbox 1827 1917 1912 1970; x_wconf 69' lang='lat' dir='ltr'><strong>[ne</strong></span> <span class='ocrx_word' id='word_1_253' title='bbox 1939 1900 2023 1956; x_wconf 87' lang='lat' dir='ltr'><strong>fur</strong></span> <span class='ocrx_word' id='word_1_254' title='bbox 2051 1899 2279 1964; x_wconf 86' lang='lat' dir='ltr'><strong>furatur,</strong></span> <span class='ocrx_word' id='word_1_255' title='bbox 2314 1898 2354 1952; x_wconf 84' lang='grc' dir='ltr'><strong><em>Β</em></strong></span> 
     </span>
    </p>
   </div>
   <div class='ocr_carea' id='block_1_33' title="bbox 2286 1897 3951 1983">
    <p class='ocr_par' dir='ltr' id='par_1_33' title="bbox 2314 1898 3951 1983">
     <span class='ocr_line' id='line_1_33' title="bbox 2314 1898 3951 1983; baseline -0.004 -15"><span class='ocrx_word' id='word_1_256' title='bbox 2314 1898 2354 1952; x_wconf 73' lang='grc' dir='ltr'><strong><em>Β</em></strong></span> <span class='ocrx_word' id='word_1_257' title='bbox 2389 1933 2515 1968; x_wconf 85' lang='grc' dir='ltr'>στου</span> <span class='ocrx_word' id='word_1_258' title='bbox 2565 1917 2655 1969; x_wconf 68' lang='grc' dir='ltr'><strong>καὶ</strong></span> <span class='ocrx_word' id='word_1_259' title='bbox 2699 1917 2936 1982; x_wconf 83' lang='grc' dir='ltr'>κίνησιν,</span> <span class='ocrx_word' id='word_1_260' title='bbox 2985 1917 3080 1966; x_wconf 71' lang='grc' dir='ltr'><strong>καὶ</strong></span> <span class='ocrx_word' id='word_1_261' title='bbox 3107 1917 3167 1967; x_wconf 91' lang='grc' dir='ltr'><strong>οὑ</strong></span> <span class='ocrx_word' id='word_1_262' title='bbox 3211 1918 3348 1969; x_wconf 78' lang='grc' dir='ltr'><strong>κατά</strong></span> <span class='ocrx_word' id='word_1_263' title='bbox 3405 1915 3546 1983; x_wconf 84' lang='grc' dir='ltr'>βίαν.</span> <span class='ocrx_word' id='word_1_264' title='bbox 3580 1914 3703 1966; x_wconf 85' lang='grc' dir='ltr'>Ὅτι</span> <span class='ocrx_word' id='word_1_265' title='bbox 3740 1912 3951 1972; x_wconf 68' lang='grc' dir='ltr'>δίκαιος</span> 
     </span>
    </p>
   </div>
   <div class='ocr_carea' id='block_1_34' title="bbox 719 1990 2276 2060">
    <p class='ocr_par' dir='ltr' id='par_1_34' title="bbox 719 1990 2276 2060">
     <span class='ocr_line' id='line_1_34' title="bbox 719 1990 2276 2060; baseline 0.001 -18"><span class='ocrx_word' id='word_1_266' title='bbox 719 2003 896 2056; x_wconf 85' lang='lat' dir='ltr'><strong>neque</strong></span> <span class='ocrx_word' id='word_1_267' title='bbox 923 1991 1092 2044; x_wconf 85' lang='lat' dir='ltr'><strong>salvat</strong></span> <span class='ocrx_word' id='word_1_268' title='bbox 1120 1991 1374 2054; x_wconf 81' lang='lat' dir='ltr'><strong>salvator,</strong></span> <span class='ocrx_word' id='word_1_269' title='bbox 1418 2005 1516 2045; x_wconf 93' lang='lat' dir='ltr'><strong>nec</strong></span> <span class='ocrx_word' id='word_1_270' title='bbox 1565 1990 1716 2060; x_wconf 78' lang='lat' dir='ltr'><strong>virgo</strong></span> <span class='ocrx_word' id='word_1_271' title='bbox 1747 1990 2053 2055; x_wconf 73' lang='lat' dir='ltr'><strong>virginitate</strong></span> <span class='ocrx_word' id='word_1_272' title='bbox 2090 1991 2276 2056; x_wconf 82' lang='lat' dir='ltr'><strong>claret,</strong></span> 
     </span>
    </p>
   </div>
   <div class='ocr_carea' id='block_1_35' title="bbox 725 2079 2284 2150">
    <p class='ocr_par' dir='ltr' id='par_1_35' title="bbox 725 2079 2284 2150">
     <span class='ocr_line' id='line_1_35' title="bbox 725 2079 2284 2150; baseline 0.001 -18"><span class='ocrx_word' id='word_1_273' title='bbox 725 2095 899 2149; x_wconf 89' lang='lat' dir='ltr'><strong>neque</strong></span> <span class='ocrx_word' id='word_1_274' title='bbox 931 2096 1066 2150; x_wconf 75' lang='lat' dir='ltr'><strong>sapt:</strong></span> <span class='ocrx_word' id='word_1_275' title='bbox 1089 2081 1624 2150; x_wconf 80' lang='lat' dir='ltr'><strong>sapiens.Quomodo</strong></span> <span class='ocrx_word' id='word_1_276' title='bbox 1640 2080 1867 2149; x_wconf 87' lang='lat' dir='ltr'><strong>denique</strong></span> <span class='ocrx_word' id='word_1_277' title='bbox 1898 2081 2084 2149; x_wconf 83' lang='lat' dir='ltr'><strong>puniet</strong></span> <span class='ocrx_word' id='word_1_278' title='bbox 2104 2079 2284 2133; x_wconf 85' lang='lat' dir='ltr'><strong>Domi-</strong></span> 
     </span>
    </p>
   </div>
   <div class='ocr_carea' id='block_1_36' title="bbox 723 2171 2282 2241">
    <p class='ocr_par' dir='ltr' id='par_1_36' title="bbox 723 2171 2282 2241">
     <span class='ocr_line' id='line_1_36' title="bbox 723 2171 2282 2241; baseline 0.003 -18"><span class='ocrx_word' id='word_1_279' title='bbox 723 2172 849 2224; x_wconf 84' lang='lat' dir='ltr'><strong>nus?</strong></span> <span class='ocrx_word' id='word_1_280' title='bbox 870 2176 1137 2241; x_wconf 89' lang='lat' dir='ltr'><strong>quomodo</strong></span> <span class='ocrx_word' id='word_1_281' title='bbox 1150 2172 1279 2240; x_wconf 88' lang='lat' dir='ltr'><strong>justi</strong></span> <span class='ocrx_word' id='word_1_282' title='bbox 1307 2182 1358 2225; x_wconf 86' lang='lat' dir='ltr'><strong>et</strong></span> <span class='ocrx_word' id='word_1_283' title='bbox 1380 2172 1546 2226; x_wconf 82' lang='lat' dir='ltr'><strong>multa</strong></span> <span class='ocrx_word' id='word_1_284' title='bbox 1566 2171 1678 2226; x_wconf 87' lang='lat' dir='ltr'><strong>sive</strong></span> <span class='ocrx_word' id='word_1_285' title='bbox 1699 2174 1893 2227; x_wconf 81' lang='lat' dir='ltr'><strong>veteris</strong></span> <span class='ocrx_word' id='word_1_286' title='bbox 1907 2188 2020 2227; x_wconf 81' lang='lat' dir='ltr'><strong>sive</strong></span> <span class='ocrx_word' id='word_1_287' title='bbox 2038 2189 2189 2227; x_wconf 80' lang='lat' dir='ltr'><strong>nova:</strong></span> <span class='ocrx_word' id='word_1_288' title='bbox 2211 2175 2282 2228; x_wconf 91' lang='lat' dir='ltr'><strong>le-</strong></span> 
     </span>
    </p>
   </div>
   <div class='ocr_carea' id='block_1_37' title="bbox 721 2262 2281 2331">
    <p class='ocr_par' dir='ltr' id='par_1_37' title="bbox 721 2262 2281 2331">
     <span class='ocr_line' id='line_1_37' title="bbox 721 2262 2281 2331; baseline 0.003 -18"><span class='ocrx_word' id='word_1_289' title='bbox 721 2263 802 2331; x_wconf 74' lang='lat' dir='ltr'><strong>gis</strong></span> <span class='ocrx_word' id='word_1_290' title='bbox 819 2264 1090 2328; x_wconf 77' lang='lat' dir='ltr'><strong>exempla?</strong></span> <span class='ocrx_word' id='word_1_291' title='bbox 1108 2262 1271 2318; x_wconf 84' lang='lat' dir='ltr'><strong>Nobis</strong></span> <span class='ocrx_word' id='word_1_292' title='bbox 1298 2277 1419 2318; x_wconf 85' lang='lat' dir='ltr'><strong>vero</strong></span> <span class='ocrx_word' id='word_1_293' title='bbox 1439 2262 1784 2317; x_wconf 78' lang='lat' dir='ltr'><strong>credentibus</strong></span> <span class='ocrx_word' id='word_1_294' title='bbox 1805 2279 1908 2317; x_wconf 92' lang='lat' dir='ltr'><strong>non</strong></span> <span class='ocrx_word' id='word_1_295' title='bbox 1938 2264 2281 2319; x_wconf 83' lang='lat' dir='ltr'><strong>solummodo</strong></span> 
     </span>
    </p>
   </div>
   <div class='ocr_carea' id='block_1_38' title="bbox 724 2353 2278 2421">
    <p class='ocr_par' dir='ltr' id='par_1_38' title="bbox 724 2353 2278 2421">
     <span class='ocr_line' id='line_1_38' title="bbox 724 2353 2278 2421; baseline 0.001 -14"><span class='ocrx_word' id='word_1_296' title='bbox 724 2355 1022 2408; x_wconf 87' lang='lat' dir='ltr'><strong>secundum</strong></span> <span class='ocrx_word' id='word_1_297' title='bbox 1109 2364 1351 2407; x_wconf 87' lang='lat' dir='ltr'><strong>naturam</strong></span> <span class='ocrx_word' id='word_1_298' title='bbox 1414 2353 1615 2408; x_wconf 89' lang='lat' dir='ltr'><strong>moveri</strong></span> <span class='ocrx_word' id='word_1_299' title='bbox 1682 2355 1974 2408; x_wconf 90' lang='lat' dir='ltr'><strong>creduntur</strong></span> <span class='ocrx_word' id='word_1_300' title='bbox 2027 2356 2278 2421; x_wconf 75' lang='lat' dir='ltr'><strong>visibilia,</strong></span> 
     </span>
    </p>
   </div>
   <div class='ocr_carea' id='block_1_39' title="bbox 722 2445 2282 2517">
    <p class='ocr_par' dir='ltr' id='par_1_39' title="bbox 722 2445 2282 2517">
     <span class='ocr_line' id='line_1_39' title="bbox 722 2445 2282 2517; baseline 0.002 -17"><span class='ocrx_word' id='word_1_301' title='bbox 722 2449 816 2500; x_wconf 79' lang='lat' dir='ltr'><strong>sed</strong></span> <span class='ocrx_word' id='word_1_302' title='bbox 871 2446 1030 2498; x_wconf 88' lang='lat' dir='ltr'><strong>etiam</strong></span> <span class='ocrx_word' id='word_1_303' title='bbox 1069 2446 1191 2512; x_wconf 89' lang='lat' dir='ltr'><strong>jure</strong></span> <span class='ocrx_word' id='word_1_304' title='bbox 1224 2461 1386 2514; x_wconf 82' lang='lat' dir='ltr'><strong>super</strong></span> <span class='ocrx_word' id='word_1_305' title='bbox 1438 2459 1708 2501; x_wconf 82' lang='lat' dir='ltr'><strong>naturam.</strong></span> <span class='ocrx_word' id='word_1_306' title='bbox 1751 2445 1884 2500; x_wconf 87' lang='lat' dir='ltr'><strong>Nam</strong></span> <span class='ocrx_word' id='word_1_307' title='bbox 1925 2448 2017 2517; x_wconf 89' lang='lat' dir='ltr'><strong>qui</strong></span> <span class='ocrx_word' id='word_1_308' title='bbox 2071 2459 2282 2503; x_wconf 88' lang='lat' dir='ltr'><strong>creatu-</strong></span> 
     </span>
    </p>
   </div>
   <div class='ocr_carea' id='block_1_40' title="bbox 724 2533 2284 2603">
    <p class='ocr_par' dir='ltr' id='par_1_40' title="bbox 724 2533 2284 2603">
     <span class='ocr_line' id='line_1_40' title="bbox 724 2533 2284 2603; baseline 0.002 -13"><span class='ocrx_word' id='word_1_309' title='bbox 724 2551 812 2590; x_wconf 88' lang='lat' dir='ltr'><strong>ras</strong></span> <span class='ocrx_word' id='word_1_310' title='bbox 855 2533 980 2590; x_wconf 79' lang='lat' dir='ltr'><strong>fecit</strong></span> <span class='ocrx_word' id='word_1_311' title='bbox 1016 2545 1189 2603; x_wconf 79' lang='lat' dir='ltr'><strong>potest</strong></span> <span class='ocrx_word' id='word_1_312' title='bbox 1233 2551 1346 2601; x_wconf 84' lang='lat' dir='ltr'><strong>eas,</strong></span> <span class='ocrx_word' id='word_1_313' title='bbox 1401 2547 1459 2590; x_wconf 92' lang='lat' dir='ltr'><strong>ttt</strong></span> <span class='ocrx_word' id='word_1_314' title='bbox 1517 2537 1767 2599; x_wconf 90' lang='lat' dir='ltr'><strong>voluerit,</strong></span> <span class='ocrx_word' id='word_1_315' title='bbox 1825 2537 2130 2591; x_wconf 91' lang='lat' dir='ltr'><strong>immutare.</strong></span> <span class='ocrx_word' id='word_1_316' title='bbox 2159 2539 2284 2593; x_wconf 84' lang='lat' dir='ltr'><strong>idco</strong></span> 
     </span>
    </p>
   </div>
   <div class='ocr_carea' id='block_1_41' title="bbox 726 2627 2281 2698">
    <p class='ocr_par' dir='ltr' id='par_1_41' title="bbox 726 2627 2281 2698">
     <span class='ocr_line' id='line_1_41' title="bbox 726 2627 2281 2698; baseline 0.002 -18"><span class='ocrx_word' id='word_1_317' title='bbox 726 2627 969 2698; x_wconf 75' lang='lat' dir='ltr'><strong>prodigia</strong></span> <span class='ocrx_word' id='word_1_318' title='bbox 1009 2627 1135 2681; x_wconf 86' lang='lat' dir='ltr'><strong>fecit</strong></span> <span class='ocrx_word' id='word_1_319' title='bbox 1165 2641 1328 2696; x_wconf 85' lang='lat' dir='ltr'><strong>supra</strong></span> <span class='ocrx_word' id='word_1_320' title='bbox 1361 2635 1608 2682; x_wconf 85' lang='lat' dir='ltr'><strong>naturam</strong></span> <span class='ocrx_word' id='word_1_321' title='bbox 1656 2629 1830 2697; x_wconf 89' lang='lat' dir='ltr'><strong>posita</strong></span> <span class='ocrx_word' id='word_1_322' title='bbox 1883 2637 1989 2682; x_wconf 92' lang='lat' dir='ltr'><strong>tam</strong></span> <span class='ocrx_word' id='word_1_323' title='bbox 2053 2640 2178 2684; x_wconf 87' lang='lat' dir='ltr'><strong>ante</strong></span> <span class='ocrx_word' id='word_1_324' title='bbox 2211 2631 2281 2684; x_wconf 88' lang='lat' dir='ltr'><strong>le-</strong></span> 
     </span>
    </p>
   </div>
   <div class='ocr_carea' id='block_1_42' title="bbox 724 2720 2284 2792">
    <p class='ocr_par' dir='ltr' id='par_1_42' title="bbox 724 2720 2284 2792">
     <span class='ocr_line' id='line_1_42' title="bbox 724 2720 2284 2792; baseline 0.003 -20"><span class='ocrx_word' id='word_1_325' title='bbox 724 2733 865 2787; x_wconf 73' lang='lat' dir='ltr'><strong>gem,</strong></span> <span class='ocrx_word' id='word_1_326' title='bbox 892 2734 1053 2789; x_wconf 87' lang='lat' dir='ltr'><strong>quam</strong></span> <span class='ocrx_word' id='word_1_327' title='bbox 1096 2720 1147 2772; x_wconf 91' lang='lat' dir='ltr'><strong>in</strong></span> <span class='ocrx_word' id='word_1_328' title='bbox 1182 2720 1318 2788; x_wconf 79' lang='lat' dir='ltr'><strong>lege,</strong></span> <span class='ocrx_word' id='word_1_329' title='bbox 1360 2732 1413 2774; x_wconf 90' lang='lat' dir='ltr'><strong>et</strong></span> <span class='ocrx_word' id='word_1_330' title='bbox 1447 2730 1569 2789; x_wconf 83' lang='lat' dir='ltr'><strong>post</strong></span> <span class='ocrx_word' id='word_1_331' title='bbox 1628 2721 1796 2788; x_wconf 69' lang='lat' dir='ltr'><strong>legem</strong></span> <span class='ocrx_word' id='word_1_332' title='bbox 1832 2721 2173 2776; x_wconf 86' lang='lat' dir='ltr'><strong>orationibus</strong></span> <span class='ocrx_word' id='word_1_333' title='bbox 2197 2723 2284 2792; x_wconf 90' lang='lat' dir='ltr'><strong>ju-</strong></span> 
     </span>
    </p>
   </div>
   <div class='ocr_carea' id='block_1_43' title="bbox 719 2809 2281 2883">
    <p class='ocr_par' dir='ltr' id='par_1_43' title="bbox 719 2809 2281 2883">
     <span class='ocr_line' id='line_1_43' title="bbox 719 2809 2281 2883; baseline 0.002 -18"><span class='ocrx_word' id='word_1_334' title='bbox 719 2821 953 2874; x_wconf 83' lang='lat' dir='ltr'><strong>storum,</strong></span> <span class='ocrx_word' id='word_1_335' title='bbox 985 2821 1040 2863; x_wconf 89' lang='lat' dir='ltr'><strong>et</strong></span> <span class='ocrx_word' id='word_1_336' title='bbox 1067 2810 1387 2865; x_wconf 82' lang='lat' dir='ltr'><strong>miraculum</strong></span> <span class='ocrx_word' id='word_1_337' title='bbox 1430 2809 1563 2867; x_wconf 83' lang='lat' dir='ltr'><strong>fecit</strong></span> <span class='ocrx_word' id='word_1_338' title='bbox 1594 2827 1846 2882; x_wconf 72' lang='lat' dir='ltr'><strong>magnum</strong></span> <span class='ocrx_word' id='word_1_339' title='bbox 1877 2828 2038 2883; x_wconf 89' lang='lat' dir='ltr'><strong>super</strong></span> <span class='ocrx_word' id='word_1_340' title='bbox 2065 2829 2281 2868; x_wconf 90' lang='lat' dir='ltr'><strong>omnem</strong></span> 
     </span>
    </p>
   </div>
   <div class='ocr_carea' id='block_1_44' title="bbox 723 2901 2284 2974">
    <p class='ocr_par' dir='ltr' id='par_1_44' title="bbox 723 2901 2284 2974">
     <span class='ocr_line' id='line_1_44' title="bbox 723 2901 2284 2974; baseline 0.003 -20"><span class='ocrx_word' id='word_1_341' title='bbox 723 2913 959 2956; x_wconf 86' lang='lat' dir='ltr'><strong>mentem</strong></span> <span class='ocrx_word' id='word_1_342' title='bbox 1012 2912 1174 2970; x_wconf 86' lang='lat' dir='ltr'><strong>atque</strong></span> <span class='ocrx_word' id='word_1_343' title='bbox 1237 2917 1569 2958; x_wconf 79' lang='lat' dir='ltr'><strong>sermonem.</strong></span> <span class='ocrx_word' id='word_1_344' title='bbox 1619 2901 1857 2959; x_wconf 80' lang='lat' dir='ltr'><strong>Verbum</strong></span> <span class='ocrx_word' id='word_1_345' title='bbox 1914 2914 2134 2974; x_wconf 82' lang='lat' dir='ltr'><strong>prOpter</strong></span> <span class='ocrx_word' id='word_1_346' title='bbox 2184 2920 2284 2960; x_wconf 90' lang='lat' dir='ltr'><strong>nos</strong></span> 
     </span>
    </p>
   </div>
   <div class='ocr_carea' id='block_1_45' title="bbox 726 2992 2281 3061">
    <p class='ocr_par' dir='ltr' id='par_1_45' title="bbox 726 2992 2281 3061">
     <span class='ocr_line' id='line_1_45' title="bbox 726 2992 2281 3061; baseline 0.001 -17"><span class='ocrx_word' id='word_1_347' title='bbox 726 2994 1063 3046; x_wconf 87' lang='lat' dir='ltr'><strong>incarnatnm</strong></span> <span class='ocrx_word' id='word_1_348' title='bbox 1098 3002 1152 3047; x_wconf 86' lang='lat' dir='ltr'><strong>et</strong></span> <span class='ocrx_word' id='word_1_349' title='bbox 1195 3007 1289 3061; x_wconf 88' lang='lat' dir='ltr'><strong>per</strong></span> <span class='ocrx_word' id='word_1_350' title='bbox 1337 2992 1499 3046; x_wconf 88' lang='lat' dir='ltr'><strong>vitam</strong></span> <span class='ocrx_word' id='word_1_351' title='bbox 1539 2992 1680 3047; x_wconf 86' lang='lat' dir='ltr'><strong>inter</strong></span> <span class='ocrx_word' id='word_1_352' title='bbox 1737 3007 1836 3048; x_wconf 88' lang='lat' dir='ltr'><strong>nos</strong></span> <span class='ocrx_word' id='word_1_353' title='bbox 1880 3002 2281 3056; x_wconf 86' lang='lat' dir='ltr'><strong>conversatum,</strong></span> 
     </span>
    </p>
   </div>
   <div class='ocr_carea' id='block_1_46' title="bbox 723 3080 2286 3150">
    <p class='ocr_par' dir='ltr' id='par_1_46' title="bbox 723 3080 2286 3150">
     <span class='ocr_line' id='line_1_46' title="bbox 723 3080 2286 3150; baseline 0 -16"><span class='ocrx_word' id='word_1_354' title='bbox 723 3092 778 3134; x_wconf 85' lang='lat' dir='ltr'><strong>et</strong></span> <span class='ocrx_word' id='word_1_355' title='bbox 809 3095 972 3133; x_wconf 84' lang='lat' dir='ltr'><strong>catne</strong></span> <span class='ocrx_word' id='word_1_356' title='bbox 1003 3094 1244 3150; x_wconf 88' lang='lat' dir='ltr'><strong>passum,</strong></span> <span class='ocrx_word' id='word_1_357' title='bbox 1273 3091 1326 3135; x_wconf 88' lang='lat' dir='ltr'><strong>et</strong></span> <span class='ocrx_word' id='word_1_358' title='bbox 1362 3080 1660 3134; x_wconf 86' lang='lat' dir='ltr'><strong>redivivum</strong></span> <span class='ocrx_word' id='word_1_359' title='bbox 1691 3088 1744 3135; x_wconf 90' lang='lat' dir='ltr'><strong>et</strong></span> <span class='ocrx_word' id='word_1_360' title='bbox 1775 3090 1898 3150; x_wconf 89' lang='lat' dir='ltr'><strong>post</strong></span> <span class='ocrx_word' id='word_1_361' title='bbox 1927 3081 2286 3136; x_wconf 80' lang='lat' dir='ltr'><strong>resurrectio-</strong></span> 
     </span>
    </p>
   </div>
   <div class='ocr_carea' id='block_1_47' title="bbox 725 3183 2283 3244">
    <p class='ocr_par' dir='ltr' id='par_1_47' title="bbox 725 3183 2283 3244">
     <span class='ocr_line' id='line_1_47' title="bbox 725 3183 2283 3244; baseline 0.001 -18"><span class='ocrx_word' id='word_1_362' title='bbox 725 3190 844 3227; x_wconf 91' lang='lat' dir='ltr'><strong>nem</strong></span> <span class='ocrx_word' id='word_1_363' title='bbox 927 3185 1304 3243; x_wconf 88' lang='lat' dir='ltr'><strong>conspectum,</strong></span> <span class='ocrx_word' id='word_1_364' title='bbox 1383 3183 1584 3229; x_wconf 87' lang='lat' dir='ltr'><strong>tactum</strong></span> <span class='ocrx_word' id='word_1_365' title='bbox 1677 3183 1840 3243; x_wconf 90' lang='lat' dir='ltr'><strong>atque</strong></span> <span class='ocrx_word' id='word_1_366' title='bbox 1915 3189 2283 3244; x_wconf 76' lang='lat' dir='ltr'><strong>progressum,</strong></span> 
     </span>
    </p>
   </div>
   <div class='ocr_carea' id='block_1_48' title="bbox 726 3248 2361 3337">
    <p class='ocr_par' dir='ltr' id='par_1_48' title="bbox 726 3248 2361 3337">
     <span class='ocr_line' id='line_1_48' title="bbox 726 3248 2361 3337; baseline 0.001 -17"><span class='ocrx_word' id='word_1_367' title='bbox 726 3283 930 3322; x_wconf 86' lang='lat' dir='ltr'><strong>necnon</strong></span> <span class='ocrx_word' id='word_1_368' title='bbox 991 3272 1045 3320; x_wconf 93' lang='lat' dir='ltr'><strong>in</strong></span> <span class='ocrx_word' id='word_1_369' title='bbox 1101 3267 1296 3321; x_wconf 66' lang='lat' dir='ltr'><strong>coelum</strong></span> <span class='ocrx_word' id='word_1_370' title='bbox 1346 3280 1469 3320; x_wconf 92' lang='lat' dir='ltr'><strong>cum</strong></span> <span class='ocrx_word' id='word_1_371' title='bbox 1533 3279 1698 3319; x_wconf 91' lang='lat' dir='ltr'><strong>carne</strong></span> <span class='ocrx_word' id='word_1_372' title='bbox 1749 3267 2069 3334; x_wconf 85' lang='lat' dir='ltr'><strong>ascendens,</strong></span> <span class='ocrx_word' id='word_1_373' title='bbox 2101 3277 2156 3322; x_wconf 91' lang='lat' dir='ltr'><strong>et</strong></span> <span class='ocrx_word' id='word_1_374' title='bbox 2192 3248 2361 3337; x_wconf 74' lang='lat' dir='ltr'><strong>perc</strong></span> 
     </span>
    </p>
   </div>
   <div class='ocr_carea' id='block_1_49' title="bbox 729 3356 2289 3428">
    <p class='ocr_par' dir='ltr' id='par_1_49' title="bbox 729 3356 2289 3428">
     <span class='ocr_line' id='line_1_49' title="bbox 729 3356 2289 3428; baseline 0.001 -17"><span class='ocrx_word' id='word_1_375' title='bbox 729 3359 1005 3428; x_wconf 64' lang='lat' dir='ltr'><strong>apostolos</strong></span> <span class='ocrx_word' id='word_1_376' title='bbox 1032 3368 1284 3410; x_wconf 88' lang='lat' dir='ltr'><strong>naturam</strong></span> <span class='ocrx_word' id='word_1_377' title='bbox 1305 3357 1596 3411; x_wconf 85' lang='lat' dir='ltr'><strong>humanam</strong></span> <span class='ocrx_word' id='word_1_378' title='bbox 1617 3357 1826 3425; x_wconf 89' lang='lat' dir='ltr'><strong>replens</strong></span> <span class='ocrx_word' id='word_1_379' title='bbox 1846 3356 2050 3427; x_wconf 88' lang='lat' dir='ltr'><strong>Spiritu</strong></span> <span class='ocrx_word' id='word_1_380' title='bbox 2072 3367 2289 3424; x_wconf 88' lang='lat' dir='ltr'><strong>sancto;</strong></span> 
     </span>
    </p>
   </div>
   <div class='ocr_carea' id='block_1_50' title="bbox 728 3448 2290 3520">
    <p class='ocr_par' dir='ltr' id='par_1_50' title="bbox 728 3448 2290 3520">
     <span class='ocr_line' id='line_1_50' title="bbox 728 3448 2290 3520; baseline 0 -18"><span class='ocrx_word' id='word_1_381' title='bbox 728 3451 956 3518; x_wconf 70' lang='lat' dir='ltr'><strong>etsigna</strong></span> <span class='ocrx_word' id='word_1_382' title='bbox 1010 3448 1134 3503; x_wconf 84' lang='lat' dir='ltr'><strong>fecit</strong></span> <span class='ocrx_word' id='word_1_383' title='bbox 1163 3448 1303 3504; x_wconf 87' lang='lat' dir='ltr'><strong>Deus</strong></span> <span class='ocrx_word' id='word_1_384' title='bbox 1367 3459 1530 3518; x_wconf 85' lang='lat' dir='ltr'><strong>atque</strong></span> <span class='ocrx_word' id='word_1_385' title='bbox 1578 3450 1843 3520; x_wconf 79' lang='lat' dir='ltr'><strong>prodigia,</strong></span> <span class='ocrx_word' id='word_1_386' title='bbox 1884 3458 2194 3519; x_wconf 86' lang='lat' dir='ltr'><strong>terramque</strong></span> <span class='ocrx_word' id='word_1_387' title='bbox 2225 3451 2290 3503; x_wconf 90' lang='lat' dir='ltr'><strong>ad</strong></span> 
     </span>
    </p>
   </div>
   <div class='ocr_carea' id='block_1_51' title="bbox 729 3539 2293 3609">
    <p class='ocr_par' dir='ltr' id='par_1_51' title="bbox 729 3539 2293 3609">
     <span class='ocr_line' id='line_1_51' title="bbox 729 3539 2293 3609; baseline 0.002 -18"><span class='ocrx_word' id='word_1_388' title='bbox 729 3543 884 3593; x_wconf 84' lang='lat' dir='ltr'><strong>tidem</strong></span> <span class='ocrx_word' id='word_1_389' title='bbox 929 3540 1094 3593; x_wconf 79' lang='lat' dir='ltr'><strong>traxit</strong></span> <span class='ocrx_word' id='word_1_390' title='bbox 1141 3539 1254 3595; x_wconf 86' lang='lat' dir='ltr'><strong>sola</strong></span> <span class='ocrx_word' id='word_1_391' title='bbox 1286 3539 1670 3609; x_wconf 68' lang='lat' dir='ltr'><strong>prmdicatione</strong></span> <span class='ocrx_word' id='word_1_392' title='bbox 1703 3551 1757 3594; x_wconf 88' lang='lat' dir='ltr'><strong>et</strong></span> <span class='ocrx_word' id='word_1_393' title='bbox 1807 3541 2111 3602; x_wconf 80' lang='lat' dir='ltr'><strong>miraculis,</strong></span> <span class='ocrx_word' id='word_1_394' title='bbox 2165 3555 2293 3594; x_wconf 86' lang='lat' dir='ltr'><strong>nec-</strong></span> 
     </span>
    </p>
   </div>
   <div class='ocr_carea' id='block_1_52' title="bbox 727 3630 2290 3700">
    <p class='ocr_par' dir='ltr' id='par_1_52' title="bbox 727 3630 2290 3700">
     <span class='ocr_line' id='line_1_52' title="bbox 727 3630 2290 3700; baseline 0.001 -18"><span class='ocrx_word' id='word_1_395' title='bbox 727 3647 835 3682; x_wconf 86' lang='lat' dir='ltr'><strong>non</strong></span> <span class='ocrx_word' id='word_1_396' title='bbox 873 3646 1043 3698; x_wconf 73' lang='lat' dir='ltr'><strong>usjue</strong></span> <span class='ocrx_word' id='word_1_397' title='bbox 1076 3630 1142 3684; x_wconf 87' lang='lat' dir='ltr'><strong>ad</strong></span> <span class='ocrx_word' id='word_1_398' title='bbox 1191 3633 1330 3684; x_wconf 89' lang='lat' dir='ltr'><strong>hanc</strong></span> <span class='ocrx_word' id='word_1_399' title='bbox 1389 3632 1577 3684; x_wconf 88' lang='lat' dir='ltr'><strong>horam</strong></span> <span class='ocrx_word' id='word_1_400' title='bbox 1637 3632 1880 3700; x_wconf 77' lang='lat' dir='ltr'><strong>prodigia</strong></span> <span class='ocrx_word' id='word_1_401' title='bbox 1937 3632 2190 3700; x_wconf 87' lang='lat' dir='ltr'><strong>patravit,</strong></span> <span class='ocrx_word' id='word_1_402' title='bbox 2237 3639 2290 3685; x_wconf 91' lang='lat' dir='ltr'><strong>et</strong></span> 
     </span>
    </p>
   </div>
   <div class='ocr_carea' id='block_1_53' title="bbox 734 3721 2286 3791">
    <p class='ocr_par' dir='ltr' id='par_1_53' title="bbox 734 3721 2286 3791">
     <span class='ocr_line' id='line_1_53' title="bbox 734 3721 2286 3791; baseline 0.002 -18"><span class='ocrx_word' id='word_1_403' title='bbox 734 3721 964 3775; x_wconf 85' lang='lat' dir='ltr'><strong>mortuis</strong></span> <span class='ocrx_word' id='word_1_404' title='bbox 992 3730 1304 3776; x_wconf 90' lang='lat' dir='ltr'><strong>sanctorum</strong></span> <span class='ocrx_word' id='word_1_405' title='bbox 1327 3721 1570 3790; x_wconf 86' lang='lat' dir='ltr'><strong>reliquiis</strong></span> <span class='ocrx_word' id='word_1_406' title='bbox 1592 3723 1952 3791; x_wconf 87' lang='lat' dir='ltr'><strong>precibusque</strong></span> <span class='ocrx_word' id='word_1_407' title='bbox 1973 3731 2286 3776; x_wconf 89' lang='lat' dir='ltr'><strong>sanctorum</strong></span> 
     </span>
    </p>
   </div>
   <div class='ocr_carea' id='block_1_54' title="bbox 735 3812 2291 3882">
    <p class='ocr_par' dir='ltr' id='par_1_54' title="bbox 735 3812 2291 3882">
     <span class='ocr_line' id='line_1_54' title="bbox 735 3812 2291 3882; baseline 0.002 -19"><span class='ocrx_word' id='word_1_408' title='bbox 735 3812 1000 3865; x_wconf 81' lang='lat' dir='ltr'><strong>mirabilia</strong></span> <span class='ocrx_word' id='word_1_409' title='bbox 1032 3821 1306 3880; x_wconf 89' lang='lat' dir='ltr'><strong>operatur,</strong></span> <span class='ocrx_word' id='word_1_410' title='bbox 1339 3823 1392 3866; x_wconf 90' lang='lat' dir='ltr'><strong>et</strong></span> <span class='ocrx_word' id='word_1_411' title='bbox 1442 3813 1644 3882; x_wconf 73' lang='lat' dir='ltr'><strong>ligandi</strong></span> <span class='ocrx_word' id='word_1_412' title='bbox 1680 3821 1845 3882; x_wconf 90' lang='lat' dir='ltr'><strong>atque</strong></span> <span class='ocrx_word' id='word_1_413' title='bbox 1899 3813 2142 3867; x_wconf 88' lang='lat' dir='ltr'><strong>solvendi</strong></span> <span class='ocrx_word' id='word_1_414' title='bbox 2196 3829 2291 3880; x_wconf 86' lang='lat' dir='ltr'><strong>po-</strong></span> 
     </span>
    </p>
   </div>
   <div class='ocr_carea' id='block_1_55' title="bbox 734 3903 2289 3972">
    <p class='ocr_par' dir='ltr' id='par_1_55' title="bbox 734 3903 2289 3972">
     <span class='ocr_line' id='line_1_55' title="bbox 734 3903 2289 3972; baseline 0.001 -17"><span class='ocrx_word' id='word_1_415' title='bbox 734 3913 902 3955; x_wconf 81' lang='lat' dir='ltr'><strong>testas</strong></span> <span class='ocrx_word' id='word_1_416' title='bbox 933 3903 1315 3957; x_wconf 82' lang='lat' dir='ltr'><strong>manifestatur</strong></span> <span class='ocrx_word' id='word_1_417' title='bbox 1347 3921 1362 3968; x_wconf 88' lang='lat'><strong>;</strong></span> <span class='ocrx_word' id='word_1_418' title='bbox 1400 3917 1519 3971; x_wconf 67' lang='lat' dir='ltr'><strong>quae</strong></span> <span class='ocrx_word' id='word_1_419' title='bbox 1549 3904 1730 3957; x_wconf 89' lang='lat' dir='ltr'><strong>omnia</strong></span> <span class='ocrx_word' id='word_1_420' title='bbox 1785 3913 1908 3957; x_wconf 86' lang='lat' dir='ltr'><strong>sunt</strong></span> <span class='ocrx_word' id='word_1_421' title='bbox 1940 3919 2101 3972; x_wconf 87' lang='lat' dir='ltr'><strong>supra</strong></span> <span class='ocrx_word' id='word_1_422' title='bbox 2135 3914 2289 3957; x_wconf 85' lang='lat' dir='ltr'><strong>natu-</strong></span> 
     </span>
    </p>
   </div>
   <div class='ocr_carea' id='block_1_56' title="bbox 731 3994 2287 4065">
    <p class='ocr_par' dir='ltr' id='par_1_56' title="bbox 731 3994 2287 4065">
     <span class='ocr_line' id='line_1_56' title="bbox 731 3994 2287 4065; baseline 0 -17"><span class='ocrx_word' id='word_1_423' title='bbox 731 4010 869 4056; x_wconf 85' lang='lat' dir='ltr'><strong>ram,</strong></span> <span class='ocrx_word' id='word_1_424' title='bbox 901 3995 1100 4063; x_wconf 80' lang='lat' dir='ltr'><strong>Deique</strong></span> <span class='ocrx_word' id='word_1_425' title='bbox 1127 4008 1290 4062; x_wconf 88' lang='lat' dir='ltr'><strong>opera</strong></span> <span class='ocrx_word' id='word_1_426' title='bbox 1321 3995 1735 4064; x_wconf 88' lang='lat' dir='ltr'><strong>omnipotentis.</strong></span> <span class='ocrx_word' id='word_1_427' title='bbox 1768 3994 2058 4065; x_wconf 79' lang='lat' dir='ltr'><strong>Propterea</strong></span> <span class='ocrx_word' id='word_1_428' title='bbox 2086 3997 2287 4050; x_wconf 76' lang='lat' dir='ltr'><strong>infirmi</strong></span> 
     </span>
    </p>
   </div>
   <div class='ocr_carea' id='block_1_57' title="bbox 731 4085 2290 4154">
    <p class='ocr_par' dir='ltr' id='par_1_57' title="bbox 731 4085 2290 4154">
     <span class='ocr_line' id='line_1_57' title="bbox 731 4085 2290 4154; baseline 0.003 -17"><span class='ocrx_word' id='word_1_429' title='bbox 731 4099 1014 4152; x_wconf 80' lang='lat' dir='ltr'><strong>precantur</strong></span> <span class='ocrx_word' id='word_1_430' title='bbox 1047 4093 1105 4137; x_wconf 88' lang='lat' dir='ltr'><strong>ut</strong></span> <span class='ocrx_word' id='word_1_431' title='bbox 1161 4085 1447 4138; x_wconf 79' lang='lat' dir='ltr'><strong>sanitatem</strong></span> <span class='ocrx_word' id='word_1_432' title='bbox 1504 4086 1855 4154; x_wconf 87' lang='lat' dir='ltr'><strong>accipiamus,</strong></span> <span class='ocrx_word' id='word_1_433' title='bbox 1902 4097 1957 4140; x_wconf 91' lang='lat' dir='ltr'><strong>et</strong></span> <span class='ocrx_word' id='word_1_434' title='bbox 2010 4090 2198 4142; x_wconf 90' lang='lat' dir='ltr'><strong>tentati</strong></span> <span class='ocrx_word' id='word_1_435' title='bbox 2232 4099 2290 4142; x_wconf 89' lang='grc' dir='ltr'><strong>ιιι</strong></span> 
     </span>
    </p>
   </div>
   <div class='ocr_carea' id='block_1_58' title="bbox 731 4175 2291 4245">
    <p class='ocr_par' dir='ltr' id='par_1_58' title="bbox 731 4175 2291 4245">
     <span class='ocr_line' id='line_1_58' title="bbox 731 4175 2291 4245; baseline 0.004 -17"><span class='ocrx_word' id='word_1_436' title='bbox 731 4177 1022 4229; x_wconf 79' lang='lat' dir='ltr'><strong>liberemur</strong></span> <span class='ocrx_word' id='word_1_437' title='bbox 1055 4191 1119 4228; x_wconf 88' lang='lat' dir='ltr'><strong>ex</strong></span> <span class='ocrx_word' id='word_1_438' title='bbox 1161 4175 1422 4240; x_wconf 86' lang='lat' dir='ltr'><strong>adversis,</strong></span> <span class='ocrx_word' id='word_1_439' title='bbox 1453 4185 1506 4229; x_wconf 89' lang='lat' dir='ltr'><strong>et</strong></span> <span class='ocrx_word' id='word_1_440' title='bbox 1538 4178 1664 4230; x_wconf 92' lang='lat' dir='ltr'><strong>dum</strong></span> <span class='ocrx_word' id='word_1_441' title='bbox 1695 4177 1961 4245; x_wconf 66' lang='lat' dir='ltr'><strong>elementa</strong></span> <span class='ocrx_word' id='word_1_442' title='bbox 1987 4179 2291 4234; x_wconf 85' lang='lat' dir='ltr'><strong>inordinate</strong></span> 
     </span>
    </p>
   </div>
   <div class='ocr_carea' id='block_1_59' title="bbox 733 4268 2348 4336">
    <p class='ocr_par' dir='ltr' id='par_1_59' title="bbox 733 4268 2348 4336">
     <span class='ocr_line' id='line_1_59' title="bbox 733 4268 2348 4336; baseline 0.001 -17"><span class='ocrx_word' id='word_1_443' title='bbox 733 4276 1035 4334; x_wconf 84' lang='lat' dir='ltr'><strong>moventur,</strong></span> <span class='ocrx_word' id='word_1_444' title='bbox 1070 4268 1410 4336; x_wconf 78' lang='lat' dir='ltr'><strong>postulamus</strong></span> <span class='ocrx_word' id='word_1_445' title='bbox 1454 4277 1511 4321; x_wconf 90' lang='lat' dir='ltr'><strong>ut</strong></span> <span class='ocrx_word' id='word_1_446' title='bbox 1533 4268 1831 4321; x_wconf 89' lang='lat' dir='ltr'><strong>secundum</strong></span> <span class='ocrx_word' id='word_1_447' title='bbox 1878 4269 2119 4322; x_wconf 90' lang='lat' dir='ltr'><strong>ordinem</strong></span> <span class='ocrx_word' id='word_1_448' title='bbox 2172 4287 2286 4322; x_wconf 86' lang='lat' dir='ltr'><strong>tno-</strong></span> <span class='ocrx_word' id='word_1_449' title='bbox 2344 4288 2348 4292; x_wconf 56' lang='grc' dir='ltr'><strong>λ</strong></span> 
     </span>
    </p>
   </div>
   <div class='ocr_carea' id='block_1_60' title="bbox 733 4362 2288 4432">
    <p class='ocr_par' dir='ltr' id='par_1_60' title="bbox 733 4362 2288 4432">
     <span class='ocr_line' id='line_1_60' title="bbox 733 4362 2288 4432; baseline -0.002 -15"><span class='ocrx_word' id='word_1_450' title='bbox 733 4373 996 4430; x_wconf 88' lang='lat' dir='ltr'><strong>veantur,</strong></span> <span class='ocrx_word' id='word_1_451' title='bbox 1067 4373 1121 4417; x_wconf 92' lang='lat' dir='ltr'><strong>et</strong></span> <span class='ocrx_word' id='word_1_452' title='bbox 1179 4363 1436 4432; x_wconf 85' lang='lat' dir='ltr'><strong>pleraque</strong></span> <span class='ocrx_word' id='word_1_453' title='bbox 1484 4362 1618 4415; x_wconf 81' lang='lat' dir='ltr'><strong>ﬁunt</strong></span> <span class='ocrx_word' id='word_1_454' title='bbox 1667 4364 1907 4415; x_wconf 91' lang='lat' dir='ltr'><strong>virorum</strong></span> <span class='ocrx_word' id='word_1_455' title='bbox 1972 4369 2288 4414; x_wconf 91' lang='lat' dir='ltr'><strong>sanctorum</strong></span> 
     </span>
    </p>
   </div>
   <div class='ocr_carea' id='block_1_61' title="bbox 732 4454 2288 4524">
    <p class='ocr_par' dir='ltr' id='par_1_61' title="bbox 732 4454 2288 4524">
     <span class='ocr_line' id='line_1_61' title="bbox 732 4454 2288 4524; baseline -0.001 -18"><span class='ocrx_word' id='word_1_456' title='bbox 732 4457 1002 4524; x_wconf 76' lang='lat' dir='ltr'><strong>precibus,</strong></span> <span class='ocrx_word' id='word_1_457' title='bbox 1053 4458 1197 4510; x_wconf 90' lang='lat' dir='ltr'><strong>velut</strong></span> <span class='ocrx_word' id='word_1_458' title='bbox 1254 4454 1435 4524; x_wconf 89' lang='lat' dir='ltr'><strong>pluvia</strong></span> <span class='ocrx_word' id='word_1_459' title='bbox 1497 4462 1617 4524; x_wconf 73' lang='lat' dir='ltr'><strong>pest</strong></span> <span class='ocrx_word' id='word_1_460' title='bbox 1671 4463 1883 4518; x_wconf 66' lang='lat' dir='ltr'><strong>aestum,</strong></span> <span class='ocrx_word' id='word_1_461' title='bbox 1943 4462 2002 4506; x_wconf 92' lang='lat' dir='ltr'><strong>ut</strong></span> <span class='ocrx_word' id='word_1_462' title='bbox 2049 4454 2288 4506; x_wconf 89' lang='lat' dir='ltr'><strong>hostium</strong></span> 
     </span>
    </p>
   </div>
   <div class='ocr_carea' id='block_1_62' title="bbox 726 4545 2284 4614">
    <p class='ocr_par' dir='ltr' id='par_1_62' title="bbox 726 4545 2284 4614">
     <span class='ocr_line' id='line_1_62' title="bbox 726 4545 2284 4614; baseline -0.004 -12"><span class='ocrx_word' id='word_1_463' title='bbox 726 4549 927 4614; x_wconf 83' lang='lat' dir='ltr'><strong>clades,</strong></span> <span class='ocrx_word' id='word_1_464' title='bbox 961 4556 1018 4601; x_wconf 92' lang='lat' dir='ltr'><strong>ut</strong></span> <span class='ocrx_word' id='word_1_465' title='bbox 1051 4546 1210 4601; x_wconf 86' lang='lat' dir='ltr'><strong>famis</strong></span> <span class='ocrx_word' id='word_1_466' title='bbox 1240 4555 1292 4600; x_wconf 87' lang='lat' dir='ltr'><strong>et</strong></span> <span class='ocrx_word' id='word_1_467' title='bbox 1340 4545 1508 4612; x_wconf 87' lang='lat' dir='ltr'><strong>pestis</strong></span> <span class='ocrx_word' id='word_1_468' title='bbox 1543 4545 1766 4610; x_wconf 88' lang='lat' dir='ltr'><strong>solutio,</strong></span> <span class='ocrx_word' id='word_1_469' title='bbox 1802 4554 1855 4598; x_wconf 91' lang='lat' dir='ltr'><strong>et</strong></span> <span class='ocrx_word' id='word_1_470' title='bbox 1896 4545 2153 4614; x_wconf 86' lang='lat' dir='ltr'><strong>pleraque</strong></span> <span class='ocrx_word' id='word_1_471' title='bbox 2182 4545 2284 4596; x_wconf 86' lang='lat' dir='ltr'><strong>alia</strong></span> 
     </span>
    </p>
   </div>
   <div class='ocr_carea' id='block_1_63' title="bbox 726 4635 2286 4696">
    <p class='ocr_par' dir='ltr' id='par_1_63' title="bbox 726 4635 2286 4696">
     <span class='ocr_line' id='line_1_63' title="bbox 726 4635 2286 4696; baseline -0.005 -3"><span class='ocrx_word' id='word_1_472' title='bbox 726 4649 778 4695; x_wconf 88' lang='lat' dir='ltr'><strong>et</strong></span> <span class='ocrx_word' id='word_1_473' title='bbox 812 4641 1150 4693; x_wconf 81' lang='lat' dir='ltr'><strong>infirmorum</strong></span> <span class='ocrx_word' id='word_1_474' title='bbox 1216 4636 1547 4696; x_wconf 88' lang='lat' dir='ltr'><strong>sanationes.</strong></span> <span class='ocrx_word' id='word_1_475' title='bbox 1601 4643 1652 4689; x_wconf 89' lang='lat' dir='ltr'><strong>et</strong></span> <span class='ocrx_word' id='word_1_476' title='bbox 1686 4635 2053 4688; x_wconf 83' lang='lat' dir='ltr'><strong>calamitatum</strong></span> <span class='ocrx_word' id='word_1_477' title='bbox 2085 4635 2286 4686; x_wconf 81' lang='lat' dir='ltr'><strong>exstin-</strong></span> 
     </span>
    </p>
   </div>
   <div class='ocr_carea' id='block_1_64' title="bbox 726 4724 2289 4798">
    <p class='ocr_par' dir='ltr' id='par_1_64' title="bbox 726 4724 2289 4798">
     <span class='ocr_line' id='line_1_64' title="bbox 726 4724 2289 4798; baseline -0.004 -14"><span class='ocrx_word' id='word_1_478' title='bbox 726 4731 958 4794; x_wconf 89' lang='lat' dir='ltr'><strong>c.iones,</strong></span> <span class='ocrx_word' id='word_1_479' title='bbox 999 4737 1215 4798; x_wconf 88' lang='lat' dir='ltr'><strong>pr0pter</strong></span> <span class='ocrx_word' id='word_1_480' title='bbox 1243 4741 1365 4796; x_wconf 66' lang='lat' dir='ltr'><strong>qua:</strong></span> <span class='ocrx_word' id='word_1_481' title='bbox 1421 4727 1748 4794; x_wconf 82' lang='lat' dir='ltr'><strong>deprecatur</strong></span> <span class='ocrx_word' id='word_1_482' title='bbox 1805 4724 2067 4778; x_wconf 79' lang='lat' dir='ltr'><strong>Ecclesia.</strong></span> <span class='ocrx_word' id='word_1_483' title='bbox 2122 4724 2289 4792; x_wconf 74' lang='lat' dir='ltr'><strong>Igitur</strong></span> 
     </span>
    </p>
   </div>
   <div class='ocr_carea' id='block_1_65' title="bbox 727 4815 2287 4891">
    <p class='ocr_par' dir='ltr' id='par_1_65' title="bbox 727 4815 2287 4891">
     <span class='ocr_line' id='line_1_65' title="bbox 727 4815 2287 4891; baseline -0.004 -15"><span class='ocrx_word' id='word_1_484' title='bbox 727 4837 877 4891; x_wconf 86' lang='lat' dir='ltr'><strong>spem</strong></span> <span class='ocrx_word' id='word_1_485' title='bbox 920 4821 974 4875; x_wconf 91' lang='lat' dir='ltr'><strong>in</strong></span> <span class='ocrx_word' id='word_1_486' title='bbox 1009 4821 1176 4874; x_wconf 89' lang='lat' dir='ltr'><strong>Dettm</strong></span> <span class='ocrx_word' id='word_1_487' title='bbox 1202 4820 1396 4873; x_wconf 90' lang='lat' dir='ltr'><strong>evertit</strong></span> <span class='ocrx_word' id='word_1_488' title='bbox 1424 4817 1558 4870; x_wconf 86' lang='lat' dir='ltr'><strong>falsa</strong></span> <span class='ocrx_word' id='word_1_489' title='bbox 1586 4817 1652 4871; x_wconf 82' lang='lat' dir='ltr'><strong>.le</strong></span> <span class='ocrx_word' id='word_1_490' title='bbox 1693 4819 1908 4870; x_wconf 80' lang='lat' dir='ltr'><strong>fortuna</strong></span> <span class='ocrx_word' id='word_1_491' title='bbox 1939 4827 1994 4871; x_wconf 90' lang='lat' dir='ltr'><strong>et</strong></span> <span class='ocrx_word' id='word_1_492' title='bbox 2027 4815 2138 4871; x_wconf 81' lang='lat' dir='ltr'><strong>fato</strong></span> <span class='ocrx_word' id='word_1_493' title='bbox 2171 4816 2287 4886; x_wconf 81' lang='lat' dir='ltr'><strong>Opi-</strong></span> 
     </span>
    </p>
   </div>
   <div class='ocr_carea' id='block_1_66' title="bbox 726 4908 2288 4983">
    <p class='ocr_par' dir='ltr' id='par_1_66' title="bbox 726 4908 2288 4983">
     <span class='ocr_line' id='line_1_66' title="bbox 726 4908 2288 4983; baseline -0.003 -16"><span class='ocrx_word' id='word_1_494' title='bbox 726 4916 837 4979; x_wconf 91' lang='lat' dir='ltr'><strong>nio,</strong></span> <span class='ocrx_word' id='word_1_495' title='bbox 871 4914 1158 4983; x_wconf 84' lang='lat' dir='ltr'><strong>ipsumque</strong></span> <span class='ocrx_word' id='word_1_496' title='bbox 1223 4910 1391 4966; x_wconf 90' lang='lat' dir='ltr'><strong>Deum</strong></span> <span class='ocrx_word' id='word_1_497' title='bbox 1455 4909 1706 4974; x_wconf 87' lang='lat' dir='ltr'><strong>destruit,</strong></span> <span class='ocrx_word' id='word_1_498' title='bbox 1763 4908 2115 4976; x_wconf 82' lang='lat' dir='ltr'><strong>divinamque</strong></span> <span class='ocrx_word' id='word_1_499' title='bbox 2170 4910 2288 4976; x_wconf 88' lang='lat' dir='ltr'><strong>ejus</strong></span> 
     </span>
    </p>
   </div>
   <div class='ocr_carea' id='block_1_67' title="bbox 727 4999 2289 5075">
    <p class='ocr_par' dir='ltr' id='par_1_67' title="bbox 727 4999 2289 5075">
     <span class='ocr_line' id='line_1_67' title="bbox 727 4999 2289 5075; baseline -0.006 -14"><span class='ocrx_word' id='word_1_500' title='bbox 727 5006 1048 5075; x_wconf 86' lang='lat' dir='ltr'><strong>potentiam,</strong></span> <span class='ocrx_word' id='word_1_501' title='bbox 1075 5015 1130 5059; x_wconf 92' lang='lat' dir='ltr'><strong>et</strong></span> <span class='ocrx_word' id='word_1_502' title='bbox 1159 5017 1376 5058; x_wconf 88' lang='lat' dir='ltr'><strong>omnem</strong></span> <span class='ocrx_word' id='word_1_503' title='bbox 1416 4999 1748 5068; x_wconf 88' lang='lat' dir='ltr'><strong>Scripturam</strong></span> <span class='ocrx_word' id='word_1_504' title='bbox 1785 5010 2047 5064; x_wconf 86' lang='lat' dir='ltr'><strong>sanctam,</strong></span> <span class='ocrx_word' id='word_1_505' title='bbox 2093 5010 2146 5054; x_wconf 92' lang='lat' dir='ltr'><strong>et</strong></span> <span class='ocrx_word' id='word_1_506' title='bbox 2185 4999 2289 5052; x_wconf 89' lang='lat' dir='ltr'><strong>ini-</strong></span> 
     </span>
    </p>
   </div>
   <div class='ocr_carea' id='block_1_68' title="bbox 725 5091 2286 5167">
    <p class='ocr_par' dir='ltr' id='par_1_68' title="bbox 725 5091 2286 5167">
     <span class='ocr_line' id='line_1_68' title="bbox 725 5091 2286 5167; baseline -0.004 -15"><span class='ocrx_word' id='word_1_507' title='bbox 725 5113 957 5167; x_wconf 90' lang='lat' dir='ltr'><strong>quorutn</strong></span> <span class='ocrx_word' id='word_1_508' title='bbox 1018 5111 1226 5166; x_wconf 69' lang='lat' dir='ltr'><strong>pmnas,</strong></span> <span class='ocrx_word' id='word_1_509' title='bbox 1262 5105 1313 5150; x_wconf 91' lang='lat' dir='ltr'><strong>et</strong></span> <span class='ocrx_word' id='word_1_510' title='bbox 1349 5095 1618 5164; x_wconf 86' lang='lat' dir='ltr'><strong>justorum</strong></span> <span class='ocrx_word' id='word_1_511' title='bbox 1665 5094 1990 5158; x_wconf 89' lang='lat' dir='ltr'><strong>mercedem,</strong></span> <span class='ocrx_word' id='word_1_512' title='bbox 2020 5105 2075 5147; x_wconf 89' lang='lat' dir='ltr'><strong>et</strong></span> <span class='ocrx_word' id='word_1_513' title='bbox 2108 5091 2286 5146; x_wconf 85' lang='lat' dir='ltr'><strong>omnia</strong></span> 
     </span>
    </p>
   </div>
   <div class='ocr_carea' id='block_1_69' title="bbox 726 5183 2288 5259">
    <p class='ocr_par' dir='ltr' id='par_1_69' title="bbox 726 5183 2288 5259">
     <span class='ocr_line' id='line_1_69' title="bbox 726 5183 2288 5259; baseline -0.004 -18"><span class='ocrx_word' id='word_1_514' title='bbox 726 5187 816 5242; x_wconf 90' lang='lat' dir='ltr'><strong>Dei</strong></span> <span class='ocrx_word' id='word_1_515' title='bbox 854 5187 1125 5259; x_wconf 81' lang='lat' dir='ltr'><strong>mysteria.</strong></span> <span class='ocrx_word' id='word_1_516' title='bbox 1159 5187 1277 5240; x_wconf 86' lang='lat' dir='ltr'><strong>Ideo</strong></span> <span class='ocrx_word' id='word_1_517' title='bbox 1303 5185 1467 5238; x_wconf 90' lang='lat' dir='ltr'><strong>nolite</strong></span> <span class='ocrx_word' id='word_1_518' title='bbox 1517 5183 1886 5238; x_wconf 88' lang='lat' dir='ltr'><strong>Christianum</strong></span> <span class='ocrx_word' id='word_1_519' title='bbox 1917 5183 2116 5236; x_wconf 88' lang='lat' dir='ltr'><strong>ducere</strong></span> <span class='ocrx_word' id='word_1_520' title='bbox 2165 5198 2288 5236; x_wconf 89' lang='lat' dir='ltr'><strong>eum</strong></span> 
     </span>
    </p>
   </div>
   <div class='ocr_carea' id='block_1_70' title="bbox 725 5275 2286 5349">
    <p class='ocr_par' dir='ltr' id='par_1_70' title="bbox 725 5275 2286 5349">
     <span class='ocr_line' id='line_1_70' title="bbox 725 5275 2286 5349; baseline -0.004 -15"><span class='ocrx_word' id='word_1_521' title='bbox 725 5279 818 5349; x_wconf 91' lang='lat' dir='ltr'><strong>qui</strong></span> <span class='ocrx_word' id='word_1_522' title='bbox 868 5281 931 5334; x_wconf 90' lang='lat' dir='ltr'><strong>de</strong></span> <span class='ocrx_word' id='word_1_523' title='bbox 995 5278 1104 5332; x_wconf 88' lang='lat' dir='ltr'><strong>fato</strong></span> <span class='ocrx_word' id='word_1_524' title='bbox 1133 5286 1186 5333; x_wconf 88' lang='lat' dir='ltr'><strong>et</strong></span> <span class='ocrx_word' id='word_1_525' title='bbox 1219 5277 1511 5346; x_wconf 83' lang='lat' dir='ltr'><strong>astrologia</strong></span> <span class='ocrx_word' id='word_1_526' title='bbox 1557 5285 1720 5344; x_wconf 91' lang='lat' dir='ltr'><strong>atque</strong></span> <span class='ocrx_word' id='word_1_527' title='bbox 1766 5275 2034 5330; x_wconf 87' lang='lat' dir='ltr'><strong>similibus</strong></span> <span class='ocrx_word' id='word_1_528' title='bbox 2085 5276 2286 5328; x_wconf 88' lang='lat' dir='ltr'><strong>studet.</strong></span> 
     </span>
    </p>
   </div>
   <div class='ocr_carea' id='block_1_71' title="bbox 728 5369 2291 5440">
    <p class='ocr_par' dir='ltr' id='par_1_71' title="bbox 728 5369 2291 5440">
     <span class='ocr_line' id='line_1_71' title="bbox 728 5369 2291 5440; baseline -0.001 -17"><span class='ocrx_word' id='word_1_529' title='bbox 728 5369 793 5426; x_wconf 87' lang='lat' dir='ltr'><strong>Et</strong></span> <span class='ocrx_word' id='word_1_530' title='bbox 825 5371 872 5427; x_wconf 85' lang='lat' dir='ltr'><strong>si</strong></span> <span class='ocrx_word' id='word_1_531' title='bbox 904 5372 1027 5440; x_wconf 75' lang='lat' dir='ltr'><strong>quia</strong></span> <span class='ocrx_word' id='word_1_532' title='bbox 1076 5369 1274 5424; x_wconf 75' lang='lat' dir='ltr'><strong>dixerit</strong></span> <span class='ocrx_word' id='word_1_533' title='bbox 1316 5383 1376 5424; x_wconf 87' lang='lat' dir='ltr'><strong>se</strong></span> <span class='ocrx_word' id='word_1_534' title='bbox 1430 5369 1630 5423; x_wconf 86' lang='lat' dir='ltr'><strong>talibus</strong></span> <span class='ocrx_word' id='word_1_535' title='bbox 1705 5369 1909 5432; x_wconf 87' lang='lat' dir='ltr'><strong>doceri,</strong></span> <span class='ocrx_word' id='word_1_536' title='bbox 1961 5386 1990 5423; x_wconf 89' lang='lat' dir='ltr'><strong>a</strong></span> <span class='ocrx_word' id='word_1_537' title='bbox 2044 5371 2291 5423; x_wconf 69' lang='lat' dir='ltr'><strong>daemone</strong></span> 
     </span>
    </p>
   </div>
   <div class='ocr_carea' id='block_1_72' title="bbox 725 5459 2291 5532">
    <p class='ocr_par' dir='ltr' id='par_1_72' title="bbox 725 5459 2291 5532">
     <span class='ocr_line' id='line_1_72' title="bbox 725 5459 2291 5532; baseline -0.003 -13"><span class='ocrx_word' id='word_1_538' title='bbox 725 5464 1001 5520; x_wconf 87' lang='lat' dir='ltr'><strong>deluditur</strong></span> <span class='ocrx_word' id='word_1_539' title='bbox 1046 5472 1099 5516; x_wconf 92' lang='lat' dir='ltr'><strong>et</strong></span> <span class='ocrx_word' id='word_1_540' title='bbox 1137 5461 1404 5532; x_wconf 84' lang='lat' dir='ltr'><strong>rejicitur,</strong></span> <span class='ocrx_word' id='word_1_541' title='bbox 1442 5471 1496 5515; x_wconf 93' lang='lat' dir='ltr'><strong>et</strong></span> <span class='ocrx_word' id='word_1_542' title='bbox 1530 5461 1598 5515; x_wconf 88' lang='lat' dir='ltr'><strong>ab</strong></span> <span class='ocrx_word' id='word_1_543' title='bbox 1637 5459 1876 5516; x_wconf 85' lang='lat' dir='ltr'><strong>Ecclesia</strong></span> <span class='ocrx_word' id='word_1_544' title='bbox 1910 5463 1966 5515; x_wconf 88' lang='lat' dir='ltr'><strong>lit</strong></span> <span class='ocrx_word' id='word_1_545' title='bbox 2003 5462 2212 5515; x_wconf 85' lang='lat' dir='ltr'><strong>alienus</strong></span> <span class='ocrx_word' id='word_1_546' title='bbox 2238 5470 2291 5516; x_wconf 88' lang='lat' dir='ltr'><strong>et</strong></span> 
     </span>
    </p>
   </div>
   <div class='ocr_carea' id='block_1_73' title="bbox 727 5552 2292 5620">
    <p class='ocr_par' dir='ltr' id='par_1_73' title="bbox 727 5552 2292 5620">
     <span class='ocr_line' id='line_1_73' title="bbox 727 5552 2292 5620; baseline -0.002 -10"><span class='ocrx_word' id='word_1_547' title='bbox 727 5555 980 5610; x_wconf 87' lang='lat' dir='ltr'><strong>mendax.</strong></span> <span class='ocrx_word' id='word_1_548' title='bbox 1039 5553 1230 5610; x_wconf 81' lang='lat' dir='ltr'><strong>Omnis</strong></span> <span class='ocrx_word' id='word_1_549' title='bbox 1298 5564 1476 5607; x_wconf 87' lang='lat' dir='ltr'><strong>autem</strong></span> <span class='ocrx_word' id='word_1_550' title='bbox 1538 5553 1619 5605; x_wconf 85' lang='lat' dir='ltr'><strong>vir</strong></span> <span class='ocrx_word' id='word_1_551' title='bbox 1679 5552 1984 5620; x_wconf 76' lang='lat' dir='ltr'><strong>religiosus,</strong></span> <span class='ocrx_word' id='word_1_552' title='bbox 2044 5569 2166 5606; x_wconf 90' lang='lat' dir='ltr'><strong>cum</strong></span> <span class='ocrx_word' id='word_1_553' title='bbox 2219 5555 2292 5607; x_wconf 91' lang='lat' dir='ltr'><strong>sit</strong></span> 
     </span>
    </p>
   </div>
   <div class='ocr_carea' id='block_1_74' title="bbox 726 5644 2289 5718">
    <p class='ocr_par' dir='ltr' id='par_1_74' title="bbox 726 5644 2289 5718">
     <span class='ocr_line' id='line_1_74' title="bbox 726 5644 2289 5718; baseline -0.004 -14"><span class='ocrx_word' id='word_1_554' title='bbox 726 5648 947 5712; x_wconf 80' lang='lat' dir='ltr'><strong>Christi,</strong></span> <span class='ocrx_word' id='word_1_555' title='bbox 975 5648 1066 5718; x_wconf 88' lang='lat' dir='ltr'><strong>qui</strong></span> <span class='ocrx_word' id='word_1_556' title='bbox 1107 5656 1190 5702; x_wconf 83' lang='lat' dir='ltr'><strong>est</strong></span> <span class='ocrx_word' id='word_1_557' title='bbox 1217 5645 1384 5701; x_wconf 89' lang='lat' dir='ltr'><strong>virtus</strong></span> <span class='ocrx_word' id='word_1_558' title='bbox 1421 5644 1616 5712; x_wconf 85' lang='lat' dir='ltr'><strong>Patris,</strong></span> <span class='ocrx_word' id='word_1_559' title='bbox 1638 5646 1860 5711; x_wconf 79' lang='lat' dir='ltr'><strong>veritas,</strong></span> <span class='ocrx_word' id='word_1_560' title='bbox 1898 5647 2127 5700; x_wconf 72' lang='lat' dir='ltr'><strong>Verbum</strong></span> <span class='ocrx_word' id='word_1_561' title='bbox 2175 5661 2289 5700; x_wconf 87' lang='lat' dir='ltr'><strong>om-</strong></span> 
     </span>
    </p>
   </div>
   <div class='ocr_carea' id='block_1_75' title="bbox 729 5737 2289 5810">
    <p class='ocr_par' dir='ltr' id='par_1_75' title="bbox 729 5737 2289 5810">
     <span class='ocr_line' id='line_1_75' title="bbox 729 5737 2289 5810; baseline 0 -17"><span class='ocrx_word' id='word_1_562' title='bbox 729 5741 1003 5810; x_wconf 87' lang='lat' dir='ltr'><strong>nipotens,</strong></span> <span class='ocrx_word' id='word_1_563' title='bbox 1029 5750 1208 5809; x_wconf 87' lang='lat' dir='ltr'><strong>speret</strong></span> <span class='ocrx_word' id='word_1_564' title='bbox 1238 5739 1292 5792; x_wconf 92' lang='lat' dir='ltr'><strong>in</strong></span> <span class='ocrx_word' id='word_1_565' title='bbox 1351 5737 1657 5804; x_wconf 86' lang='lat' dir='ltr'><strong>Dominum,</strong></span> <span class='ocrx_word' id='word_1_566' title='bbox 1694 5738 1785 5807; x_wconf 91' lang='lat' dir='ltr'><strong>qui</strong></span> <span class='ocrx_word' id='word_1_567' title='bbox 1818 5749 1899 5794; x_wconf 89' lang='lat' dir='ltr'><strong>est</strong></span> <span class='ocrx_word' id='word_1_568' title='bbox 1939 5754 2081 5793; x_wconf 91' lang='lat' dir='ltr'><strong>nunc</strong></span> <span class='ocrx_word' id='word_1_569' title='bbox 2109 5749 2162 5793; x_wconf 88' lang='lat' dir='ltr'><strong>et</strong></span> <span class='ocrx_word' id='word_1_570' title='bbox 2196 5755 2289 5807; x_wconf 90' lang='lat' dir='ltr'><strong>per</strong></span> 
     </span>
    </p>
   </div>
   <div class='ocr_carea' id='block_1_76' title="bbox 725 5829 2286 5904">
    <p class='ocr_par' dir='ltr' id='par_1_76' title="bbox 725 5829 2286 5904">
     <span class='ocr_line' id='line_1_76' title="bbox 725 5829 2286 5904; baseline 0.001 -18"><span class='ocrx_word' id='word_1_571' title='bbox 725 5847 887 5890; x_wconf 82' lang='lat' dir='ltr'><strong>omne</strong></span> <span class='ocrx_word' id='word_1_572' title='bbox 937 5831 1220 5900; x_wconf 69' lang='lat' dir='ltr'><strong>sacculum,</strong></span> <span class='ocrx_word' id='word_1_573' title='bbox 1269 5831 1527 5902; x_wconf 80' lang='lat' dir='ltr'><strong>quoniam</strong></span> <span class='ocrx_word' id='word_1_574' title='bbox 1590 5832 1844 5904; x_wconf 70' lang='lat' dir='ltr'><strong>prmerit</strong></span> <span class='ocrx_word' id='word_1_575' title='bbox 1895 5829 2064 5900; x_wconf 75' lang='lat' dir='ltr'><strong>ﬁgura</strong></span> <span class='ocrx_word' id='word_1_576' title='bbox 2125 5830 2286 5904; x_wconf 84' lang='lat' dir='ltr'><strong>hujus</strong></span> 
     </span>
    </p>
   </div>
   <div class='ocr_carea' id='block_1_77' title="bbox 2389 1996 3952 2076">
    <p class='ocr_par' dir='ltr' id='par_1_77' title="bbox 2389 1996 3952 2076">
     <span class='ocr_line' id='line_1_77' title="bbox 2389 1996 3952 2076; baseline -0.006 -16"><span class='ocrx_word' id='word_1_577' title='bbox 2389 2007 2583 2076; x_wconf 81' lang='grc' dir='ltr'>Κύριος</span> <span class='ocrx_word' id='word_1_578' title='bbox 2621 2006 2713 2057; x_wconf 76' lang='grc' dir='ltr'>καὶ</span> <span class='ocrx_word' id='word_1_579' title='bbox 2750 2007 3087 2066; x_wconf 68' lang='grc' dir='ltr'>δικαιοσύνας</span> <span class='ocrx_word' id='word_1_580' title='bbox 3117 2007 3398 2075; x_wconf 72' lang='grc' dir='ltr'>ἠγάπησε.</span> <span class='ocrx_word' id='word_1_581' title='bbox 3435 2006 3539 2057; x_wconf 78' lang='grc' dir='ltr'><strong>Καὶ</strong></span> <span class='ocrx_word' id='word_1_582' title='bbox 3570 1996 3650 2056; x_wconf 76' lang='grc' dir='ltr'>ὅτι</span> <span class='ocrx_word' id='word_1_583' title='bbox 3687 2002 3789 2053; x_wconf 71' lang='lat' dir='ltr'><strong>«Sb</strong></span> <span class='ocrx_word' id='word_1_584' title='bbox 3817 2003 3952 2052; x_wconf 80' lang='grc' dir='ltr'>ἀπο-</span> 
     </span>
    </p>
   </div>
   <div class='ocr_carea' id='block_1_78' title="bbox 2387 2093 3955 2168">
    <p class='ocr_par' dir='ltr' id='par_1_78' title="bbox 2387 2093 3955 2168">
     <span class='ocr_line' id='line_1_78' title="bbox 2387 2093 3955 2168; baseline -0.004 -19"><span class='ocrx_word' id='word_1_585' title='bbox 2387 2097 2573 2154; x_wconf 87' lang='grc' dir='ltr'>δώσεις</span> <span class='ocrx_word' id='word_1_586' title='bbox 2607 2099 2840 2168; x_wconf 78' lang='grc' dir='ltr'><strong>ἑκάστῳ,</strong></span> <span class='ocrx_word' id='word_1_587' title='bbox 2866 2103 3020 2164; x_wconf 66' lang='grc' dir='ltr'>φησι,</span> <span class='ocrx_word' id='word_1_588' title='bbox 3040 2101 3180 2152; x_wconf 73' lang='grc' dir='ltr'>κατὰ</span> <span class='ocrx_word' id='word_1_589' title='bbox 3205 2100 3269 2149; x_wconf 67' lang='grc' dir='ltr'><strong>τὰ</strong></span> <span class='ocrx_word' id='word_1_590' title='bbox 3297 2097 3434 2166; x_wconf 71' lang='grc' dir='ltr'>ἔργα</span> <span class='ocrx_word' id='word_1_591' title='bbox 3461 2095 3679 2152; x_wconf 75' lang='grc' dir='ltr'>αὑτοῦ.»</span> <span class='ocrx_word' id='word_1_592' title='bbox 3705 2096 3810 2146; x_wconf 68' lang='grc' dir='ltr'><strong>Καὶ</strong></span> <span class='ocrx_word' id='word_1_593' title='bbox 3834 2093 3955 2153; x_wconf 82' lang='grc' dir='ltr'><strong>πῶς</strong></span> 
     </span>
    </p>
   </div>
   <div class='ocr_carea' id='block_1_79' title="bbox 2396 2184 3954 2259">
    <p class='ocr_par' dir='ltr' id='par_1_79' title="bbox 2396 2184 3954 2259">
     <span class='ocr_line' id='line_1_79' title="bbox 2396 2184 3954 2259; baseline -0.003 -19"><span class='ocrx_word' id='word_1_594' title='bbox 2396 2187 2690 2250; x_wconf 80' lang='grc' dir='ltr'>ἀποδώσει,</span> <span class='ocrx_word' id='word_1_595' title='bbox 2725 2190 2774 2240; x_wconf 81' lang='grc' dir='ltr'><strong>εί</strong></span> <span class='ocrx_word' id='word_1_596' title='bbox 2813 2191 2952 2242; x_wconf 87' lang='grc' dir='ltr'><strong>κατά</strong></span> <span class='ocrx_word' id='word_1_597' title='bbox 3005 2189 3124 2257; x_wconf 80' lang='grc' dir='ltr'>βίαν</span> <span class='ocrx_word' id='word_1_598' title='bbox 3159 2189 3484 2259; x_wconf 76' lang='grc' dir='ltr'>ἁμαρτάνει,</span> <span class='ocrx_word' id='word_1_599' title='bbox 3532 2187 3565 2257; x_wconf 79' lang='grc' dir='ltr'>ἢ</span> <span class='ocrx_word' id='word_1_600' title='bbox 3602 2184 3894 2254; x_wconf 84' lang='grc' dir='ltr'>κατορθοί;</span> <span class='ocrx_word' id='word_1_601' title='bbox 3925 2185 3954 2235; x_wconf 86' lang='grc' dir='ltr'><strong>ό</strong></span> 
     </span>
    </p>
   </div>
   <div class='ocr_carea' id='block_1_80' title="bbox 2390 2273 3947 2350">
    <p class='ocr_par' dir='ltr' id='par_1_80' title="bbox 2390 2273 3947 2350">
     <span class='ocr_line' id='line_1_80' title="bbox 2390 2273 3947 2350; baseline -0.004 -19"><span class='ocrx_word' id='word_1_602' title='bbox 2390 2278 2500 2348; x_wconf 84' lang='grc' dir='ltr'>γὰρ</span> <span class='ocrx_word' id='word_1_603' title='bbox 2532 2282 2676 2332; x_wconf 81' lang='grc' dir='ltr'>κατὰ</span> <span class='ocrx_word' id='word_1_604' title='bbox 2708 2281 2833 2350; x_wconf 81' lang='grc' dir='ltr'>βίαν</span> <span class='ocrx_word' id='word_1_605' title='bbox 2866 2280 3036 2334; x_wconf 84' lang='grc' dir='ltr'>ποιῶν</span> <span class='ocrx_word' id='word_1_606' title='bbox 3063 2279 3185 2332; x_wconf 74' lang='grc' dir='ltr'>οὔτε</span> <span class='ocrx_word' id='word_1_607' title='bbox 3223 2280 3406 2342; x_wconf 81' lang='grc' dir='ltr'>ἄδικος</span> <span class='ocrx_word' id='word_1_608' title='bbox 3440 2277 3794 2347; x_wconf 75' lang='grc' dir='ltr'><strong>ἁμαρτάνων,</strong></span> <span class='ocrx_word' id='word_1_609' title='bbox 3825 2273 3947 2328; x_wconf 67' lang='grc' dir='ltr'>οὔτε</span> 
     </span>
    </p>
   </div>
   <div class='ocr_carea' id='block_1_81' title="bbox 2387 2364 3948 2445">
    <p class='ocr_par' dir='ltr' id='par_1_81' title="bbox 2387 2364 3948 2445">
     <span class='ocr_line' id='line_1_81' title="bbox 2387 2364 3948 2445; baseline 0.001 -19"><span class='ocrx_word' id='word_1_610' title='bbox 2387 2373 2592 2434; x_wconf 76' lang='grc' dir='ltr'>δίκαιος</span> <span class='ocrx_word' id='word_1_611' title='bbox 2621 2373 2903 2445; x_wconf 78' lang='grc' dir='ltr'>κατορθῶν</span> <span class='ocrx_word' id='word_1_612' title='bbox 2932 2391 2946 2404; x_wconf 88' lang='grc'><strong>·</strong></span> <span class='ocrx_word' id='word_1_613' title='bbox 2979 2375 3076 2426; x_wconf 75' lang='grc' dir='ltr'>καὶ</span> <span class='ocrx_word' id='word_1_614' title='bbox 3119 2372 3245 2425; x_wconf 76' lang='grc' dir='ltr'>οὔτε</span> <span class='ocrx_word' id='word_1_615' title='bbox 3280 2373 3308 2424; x_wconf 85' lang='grc' dir='ltr'><strong>ὁ</strong></span> <span class='ocrx_word' id='word_1_616' title='bbox 3343 2372 3612 2438; x_wconf 82' lang='grc' dir='ltr'>φονεύσας</span> <span class='ocrx_word' id='word_1_617' title='bbox 3643 2366 3857 2436; x_wconf 70' lang='grc' dir='ltr'>φονεὺς.</span> <span class='ocrx_word' id='word_1_618' title='bbox 3914 2364 3948 2433; x_wconf 73' lang='grc' dir='ltr'>ἢ</span> 
     </span>
    </p>
   </div>
   <div class='ocr_carea' id='block_1_82' title="bbox 2389 2457 3952 2535">
    <p class='ocr_par' dir='ltr' id='par_1_82' title="bbox 2389 2457 3952 2535">
     <span class='ocr_line' id='line_1_82' title="bbox 2389 2457 3952 2535; baseline 0.005 -22"><span class='ocrx_word' id='word_1_619' title='bbox 2389 2464 2417 2512; x_wconf 82' lang='grc' dir='ltr'><strong>ὁ</strong></span> <span class='ocrx_word' id='word_1_620' title='bbox 2475 2465 2767 2534; x_wconf 84' lang='grc' dir='ltr'>μοιχεύσας</span> <span class='ocrx_word' id='word_1_621' title='bbox 2829 2465 3050 2535; x_wconf 74' lang='grc' dir='ltr'>μοιχὸς,</span> <span class='ocrx_word' id='word_1_622' title='bbox 3096 2465 3130 2534; x_wconf 77' lang='grc' dir='ltr'>ἢ</span> <span class='ocrx_word' id='word_1_623' title='bbox 3176 2469 3203 2519; x_wconf 86' lang='grc' dir='ltr'><strong>ό</strong></span> <span class='ocrx_word' id='word_1_624' title='bbox 3235 2463 3546 2534; x_wconf 79' lang='grc' dir='ltr'>ἀκάθαρτος</span> <span class='ocrx_word' id='word_1_625' title='bbox 3599 2461 3696 2514; x_wconf 68' lang='grc' dir='ltr'><strong>καὶ</strong></span> <span class='ocrx_word' id='word_1_626' title='bbox 3741 2457 3952 2528; x_wconf 68' lang='grc' dir='ltr'>ἅρπαξ.</span> 
     </span>
    </p>
   </div>
   <div class='ocr_carea' id='block_1_83' title="bbox 2388 2550 3948 2627">
    <p class='ocr_par' dir='ltr' id='par_1_83' title="bbox 2388 2550 3948 2627">
     <span class='ocr_line' id='line_1_83' title="bbox 2388 2550 3948 2627; baseline -0.004 -17"><span class='ocrx_word' id='word_1_627' title='bbox 2388 2556 2694 2626; x_wconf 80' lang='grc' dir='ltr'>ἀκάθαρτος</span> <span class='ocrx_word' id='word_1_628' title='bbox 2744 2573 2804 2608; x_wconf 89' lang='grc' dir='ltr'><strong>τε</strong></span> <span class='ocrx_word' id='word_1_629' title='bbox 2847 2558 2937 2610; x_wconf 68' lang='grc' dir='ltr'>καὶ</span> <span class='ocrx_word' id='word_1_630' title='bbox 2985 2556 3192 2627; x_wconf 75' lang='grc' dir='ltr'>ἅρπαξ,</span> <span class='ocrx_word' id='word_1_631' title='bbox 3245 2555 3368 2610; x_wconf 74' lang='grc' dir='ltr'>οὔτε</span> <span class='ocrx_word' id='word_1_632' title='bbox 3420 2559 3448 2608; x_wconf 88' lang='grc' dir='ltr'>ὁ</span> <span class='ocrx_word' id='word_1_633' title='bbox 3501 2553 3690 2618; x_wconf 74' lang='grc' dir='ltr'>σώζων</span> <span class='ocrx_word' id='word_1_634' title='bbox 3743 2550 3948 2621; x_wconf 76' lang='grc' dir='ltr'>σωτὴρ,</span> 
     </span>
    </p>
   </div>
   <div class='ocr_carea' id='block_1_84' title="bbox 2391 2644 3950 2721">
    <p class='ocr_par' dir='ltr' id='par_1_84' title="bbox 2391 2644 3950 2721">
     <span class='ocr_line' id='line_1_84' title="bbox 2391 2644 3950 2721; baseline -0.005 -19"><span class='ocrx_word' id='word_1_635' title='bbox 2391 2650 2483 2702; x_wconf 78' lang='grc' dir='ltr'><strong>καὶ</strong></span> <span class='ocrx_word' id='word_1_636' title='bbox 2537 2652 2565 2702; x_wconf 85' lang='grc' dir='ltr'>ὁ</span> <span class='ocrx_word' id='word_1_637' title='bbox 2624 2650 2890 2720; x_wconf 80' lang='grc' dir='ltr'>παρθένος</span> <span class='ocrx_word' id='word_1_638' title='bbox 2946 2651 3234 2721; x_wconf 82' lang='grc' dir='ltr'>παρθένος,</span> <span class='ocrx_word' id='word_1_639' title='bbox 3303 2651 3399 2702; x_wconf 69' lang='grc' dir='ltr'><strong>καὶ</strong></span> <span class='ocrx_word' id='word_1_640' title='bbox 3471 2648 3702 2717; x_wconf 72' lang='grc' dir='ltr'>σώφρων</span> <span class='ocrx_word' id='word_1_641' title='bbox 3758 2646 3785 2696; x_wconf 82' lang='grc' dir='ltr'><strong>ὁ</strong></span> <span class='ocrx_word' id='word_1_642' title='bbox 3843 2644 3950 2696; x_wconf 74' lang='lat' dir='ltr'><strong>adi-</strong></span> 
     </span>
    </p>
   </div>
   <div class='ocr_carea' id='block_1_85' title="bbox 2390 2738 3954 2809">
    <p class='ocr_par' dir='ltr' id='par_1_85' title="bbox 2390 2738 3954 2809">
     <span class='ocr_line' id='line_1_85' title="bbox 2390 2738 3954 2809; baseline -0.003 -16"><span class='ocrx_word' id='word_1_643' title='bbox 2390 2757 2566 2809; x_wconf 78' lang='grc' dir='ltr'>φρων,</span> <span class='ocrx_word' id='word_1_644' title='bbox 2598 2741 2692 2795; x_wconf 73' lang='grc' dir='ltr'>καὶ</span> <span class='ocrx_word' id='word_1_645' title='bbox 2737 2744 2766 2794; x_wconf 85' lang='grc' dir='ltr'>ὁ</span> <span class='ocrx_word' id='word_1_646' title='bbox 2801 2743 3009 2806; x_wconf 86' lang='grc' dir='ltr'>δίκαιος</span> <span class='ocrx_word' id='word_1_647' title='bbox 3050 2743 3276 2804; x_wconf 86' lang='grc' dir='ltr'>δίκαιος.</span> <span class='ocrx_word' id='word_1_648' title='bbox 3330 2741 3439 2794; x_wconf 78' lang='grc' dir='ltr'><strong>Καὶ</strong></span> <span class='ocrx_word' id='word_1_649' title='bbox 3489 2741 3604 2802; x_wconf 87' lang='grc' dir='ltr'><strong>πῶς</strong></span> <span class='ocrx_word' id='word_1_650' title='bbox 3634 2738 3821 2790; x_wconf 81' lang='grc' dir='ltr'>λοιπὸν</span> <span class='ocrx_word' id='word_1_651' title='bbox 3859 2753 3954 2788; x_wconf 82' lang='grc' dir='ltr'>κο-</span> 
     </span>
    </p>
   </div>
   <div class='ocr_carea' id='block_1_86' title="bbox 2389 2830 3953 2897">
    <p class='ocr_par' dir='ltr' id='par_1_86' title="bbox 2389 2830 3953 2897">
     <span class='ocr_line' id='line_1_86' title="bbox 2389 2830 3953 2897; baseline -0.004 -13"><span class='ocrx_word' id='word_1_652' title='bbox 2389 2832 2541 2895; x_wconf 75' lang='grc' dir='ltr'>λάζει</span> <span class='ocrx_word' id='word_1_653' title='bbox 2584 2833 2748 2897; x_wconf 84' lang='grc' dir='ltr'>Θεός;</span> <span class='ocrx_word' id='word_1_654' title='bbox 2791 2833 2884 2885; x_wconf 76' lang='grc' dir='ltr'>καὶ</span> <span class='ocrx_word' id='word_1_655' title='bbox 2919 2834 3035 2895; x_wconf 87' lang='grc' dir='ltr'><strong>πῶς</strong></span> <span class='ocrx_word' id='word_1_656' title='bbox 3062 2833 3260 2886; x_wconf 84' lang='grc' dir='ltr'>δικαιοῖ</span> <span class='ocrx_word' id='word_1_657' title='bbox 3301 2833 3394 2885; x_wconf 77' lang='grc' dir='ltr'>καὶ</span> <span class='ocrx_word' id='word_1_658' title='bbox 3444 2833 3669 2883; x_wconf 81' lang='grc' dir='ltr'>πλεῖστα</span> <span class='ocrx_word' id='word_1_659' title='bbox 3712 2830 3767 2882; x_wconf 81' lang='grc' dir='ltr'>ἐν</span> <span class='ocrx_word' id='word_1_660' title='bbox 3796 2845 3855 2880; x_wconf 88' lang='grc' dir='ltr'><strong>τε</strong></span> <span class='ocrx_word' id='word_1_661' title='bbox 3887 2830 3953 2896; x_wconf 80' lang='grc' dir='ltr'>τῇ</span> 
     </span>
    </p>
   </div>
   <div class='ocr_carea' id='block_1_87' title="bbox 2392 2923 3957 2994">
    <p class='ocr_par' dir='ltr' id='par_1_87' title="bbox 2392 2923 3957 2994">
     <span class='ocr_line' id='line_1_87' title="bbox 2392 2923 3957 2994; baseline -0.004 -18"><span class='ocrx_word' id='word_1_662' title='bbox 2392 2924 2605 2994; x_wconf 74' lang='grc' dir='ltr'>Παλαιᾷ</span> <span class='ocrx_word' id='word_1_663' title='bbox 2632 2928 2729 2979; x_wconf 70' lang='grc' dir='ltr'>καὶ</span> <span class='ocrx_word' id='word_1_664' title='bbox 2758 2928 2932 2994; x_wconf 82' lang='grc' dir='ltr'>Καινῇ</span> <span class='ocrx_word' id='word_1_665' title='bbox 2961 2925 3030 2978; x_wconf 73' lang='grc' dir='ltr'><strong>τὰ</strong></span> <span class='ocrx_word' id='word_1_666' title='bbox 3077 2926 3454 2993; x_wconf 77' lang='grc' dir='ltr'>ὑποδείγματα</span> <span class='ocrx_word' id='word_1_667' title='bbox 3485 2943 3500 2990; x_wconf 86' lang='lat'><strong>;</strong></span> <span class='ocrx_word' id='word_1_668' title='bbox 3537 2923 3697 2977; x_wconf 59' lang='lat' dir='ltr'><strong>“Alia</strong></span> <span class='ocrx_word' id='word_1_669' title='bbox 3726 2923 3838 2984; x_wconf 81' lang='grc' dir='ltr'>τοῖς</span> <span class='ocrx_word' id='word_1_670' title='bbox 3871 2937 3957 2971; x_wconf 76' lang='grc' dir='ltr'>πιε-</span> 
     </span>
    </p>
   </div>
   <div class='ocr_carea' id='block_1_88' title="bbox 2393 3013 3953 3086">
    <p class='ocr_par' dir='ltr' id='par_1_88' title="bbox 2393 3013 3953 3086">
     <span class='ocr_line' id='line_1_88' title="bbox 2393 3013 3953 3086; baseline -0.003 -19"><span class='ocrx_word' id='word_1_671' title='bbox 2393 3017 2536 3078; x_wconf 88' lang='grc' dir='ltr'>στοῖς</span> <span class='ocrx_word' id='word_1_672' title='bbox 2559 3017 2691 3085; x_wconf 76' lang='grc' dir='ltr'>ἡμῖν</span> <span class='ocrx_word' id='word_1_673' title='bbox 2715 3017 2834 3069; x_wconf 74' lang='grc' dir='ltr'>οὐδὲ</span> <span class='ocrx_word' id='word_1_674' title='bbox 2862 3018 2919 3067; x_wconf 72' lang='grc' dir='ltr'><strong>τὸ</strong></span> <span class='ocrx_word' id='word_1_675' title='bbox 2943 3017 3084 3070; x_wconf 77' lang='grc' dir='ltr'><strong>κατά</strong></span> <span class='ocrx_word' id='word_1_676' title='bbox 3115 3019 3276 3086; x_wconf 75' lang='grc' dir='ltr'>φύσιν</span> <span class='ocrx_word' id='word_1_677' title='bbox 3308 3017 3573 3069; x_wconf 80' lang='grc' dir='ltr'>κινεῖσθαι</span> <span class='ocrx_word' id='word_1_678' title='bbox 3597 3015 3664 3066; x_wconf 80' lang='grc' dir='ltr'>τὰ</span> <span class='ocrx_word' id='word_1_679' title='bbox 3698 3013 3953 3082; x_wconf 74' lang='grc' dir='ltr'>ἑρὼμενα</span> 
     </span>
    </p>
   </div>
   <div class='ocr_carea' id='block_1_89' title="bbox 2395 3105 3956 3179">
    <p class='ocr_par' dir='ltr' id='par_1_89' title="bbox 2395 3105 3956 3179">
     <span class='ocr_line' id='line_1_89' title="bbox 2395 3105 3956 3179; baseline 0 -21"><span class='ocrx_word' id='word_1_680' title='bbox 2395 3107 2554 3175; x_wconf 90' lang='grc' dir='ltr'>μόνον</span> <span class='ocrx_word' id='word_1_681' title='bbox 2586 3107 2732 3173; x_wconf 83' lang='grc' dir='ltr'>δόξα,</span> <span class='ocrx_word' id='word_1_682' title='bbox 2785 3109 2920 3162; x_wconf 81' lang='grc' dir='ltr'><strong>ἀλλά</strong></span> <span class='ocrx_word' id='word_1_683' title='bbox 2969 3111 3065 3163; x_wconf 72' lang='grc' dir='ltr'><strong>καὶ</strong></span> <span class='ocrx_word' id='word_1_684' title='bbox 3111 3109 3249 3179; x_wconf 78' lang='grc' dir='ltr'>ὑπὲρ</span> <span class='ocrx_word' id='word_1_685' title='bbox 3283 3110 3444 3178; x_wconf 84' lang='grc' dir='ltr'>φύσιν</span> <span class='ocrx_word' id='word_1_686' title='bbox 3471 3109 3715 3168; x_wconf 86' lang='grc' dir='ltr'>δικαίως.</span> <span class='ocrx_word' id='word_1_687' title='bbox 3759 3107 3818 3158; x_wconf 83' lang='grc' dir='ltr'>Ὀ</span> <span class='ocrx_word' id='word_1_688' title='bbox 3847 3105 3956 3174; x_wconf 72' lang='grc' dir='ltr'>γὰρ</span> 
     </span>
    </p>
   </div>
   <div class='ocr_carea' id='block_1_90' title="bbox 2392 3195 3956 3267">
    <p class='ocr_par' dir='ltr' id='par_1_90' title="bbox 2392 3195 3956 3267">
     <span class='ocr_line' id='line_1_90' title="bbox 2392 3195 3956 3267; baseline -0.01 -6"><span class='ocrx_word' id='word_1_689' title='bbox 2392 3197 2625 3267; x_wconf 70' lang='grc' dir='ltr'><strong>ποιήσας</strong></span> <span class='ocrx_word' id='word_1_690' title='bbox 2670 3199 2768 3262; x_wconf 84' lang='grc' dir='ltr'>τὴν</span> <span class='ocrx_word' id='word_1_691' title='bbox 2799 3199 2978 3251; x_wconf 81' lang='grc' dir='ltr'>κτίσιν</span> <span class='ocrx_word' id='word_1_692' title='bbox 3027 3198 3201 3267; x_wconf 78' lang='grc' dir='ltr'>ἰσχύει</span> <span class='ocrx_word' id='word_1_693' title='bbox 3252 3198 3612 3267; x_wconf 75' lang='grc' dir='ltr'>μεταϐάλλειν</span> <span class='ocrx_word' id='word_1_694' title='bbox 3642 3197 3715 3258; x_wconf 81' lang='grc' dir='ltr'><strong>ὡς</strong></span> <span class='ocrx_word' id='word_1_695' title='bbox 3764 3195 3956 3264; x_wconf 76' lang='grc' dir='ltr'>βούλε-</span> 
     </span>
    </p>
   </div>
   <div class='ocr_carea' id='block_1_91' title="bbox 2391 3287 3958 3358">
    <p class='ocr_par' dir='ltr' id='par_1_91' title="bbox 2391 3287 3958 3358">
     <span class='ocr_line' id='line_1_91' title="bbox 2391 3287 3958 3358; baseline 0 -19"><span class='ocrx_word' id='word_1_696' title='bbox 2391 3304 2502 3341; x_wconf 82' lang='grc' dir='ltr'>ται.</span> <span class='ocrx_word' id='word_1_697' title='bbox 2539 3287 2628 3339; x_wconf 76' lang='grc' dir='ltr'><strong>Διὸ</strong></span> <span class='ocrx_word' id='word_1_698' title='bbox 2655 3289 2749 3340; x_wconf 78' lang='grc' dir='ltr'>καὶ</span> <span class='ocrx_word' id='word_1_699' title='bbox 2795 3289 2998 3358; x_wconf 82' lang='grc' dir='ltr'>τέρατα</span> <span class='ocrx_word' id='word_1_700' title='bbox 3045 3291 3342 3358; x_wconf 77' lang='grc' dir='ltr'>πεποίηκεν</span> <span class='ocrx_word' id='word_1_701' title='bbox 3371 3291 3511 3358; x_wconf 83' lang='grc' dir='ltr'>ὑπὲρ</span> <span class='ocrx_word' id='word_1_702' title='bbox 3543 3289 3724 3356; x_wconf 86' lang='grc' dir='ltr'>φύσιν,</span> <span class='ocrx_word' id='word_1_703' title='bbox 3752 3290 3820 3340; x_wconf 87' lang='grc' dir='ltr'><strong>τά</strong></span> <span class='ocrx_word' id='word_1_704' title='bbox 3854 3288 3958 3351; x_wconf 78' lang='grc' dir='ltr'>πρὸ</span> 
     </span>
    </p>
   </div>
   <div class='ocr_carea' id='block_1_92' title="bbox 2390 3376 3957 3449">
    <p class='ocr_par' dir='ltr' id='par_1_92' title="bbox 2390 3376 3957 3449">
     <span class='ocr_line' id='line_1_92' title="bbox 2390 3376 3957 3449; baseline -0.002 -18"><span class='ocrx_word' id='word_1_705' title='bbox 2390 3376 2485 3431; x_wconf 76' lang='grc' dir='ltr'><strong>τοῦ</strong></span> <span class='ocrx_word' id='word_1_706' title='bbox 2518 3379 2706 3448; x_wconf 88' lang='grc' dir='ltr'>νόμου,</span> <span class='ocrx_word' id='word_1_707' title='bbox 2738 3379 2806 3431; x_wconf 80' lang='grc' dir='ltr'><strong>τὰ</strong></span> <span class='ocrx_word' id='word_1_708' title='bbox 2829 3382 2886 3431; x_wconf 83' lang='grc' dir='ltr'>ὲν</span> <span class='ocrx_word' id='word_1_709' title='bbox 2929 3379 3008 3448; x_wconf 83' lang='grc' dir='ltr'>τῷ</span> <span class='ocrx_word' id='word_1_710' title='bbox 3035 3382 3209 3448; x_wconf 85' lang='grc' dir='ltr'>νόμῳ,</span> <span class='ocrx_word' id='word_1_711' title='bbox 3251 3382 3344 3432; x_wconf 62' lang='grc' dir='ltr'><strong>καλ⁵</strong></span> <span class='ocrx_word' id='word_1_712' title='bbox 3382 3382 3520 3449; x_wconf 86' lang='grc' dir='ltr'><strong>μετά</strong></span> <span class='ocrx_word' id='word_1_713' title='bbox 3571 3381 3736 3447; x_wconf 85' lang='grc' dir='ltr'>νόμον</span> <span class='ocrx_word' id='word_1_714' title='bbox 3777 3395 3957 3448; x_wconf 83' lang='grc' dir='ltr'>προσ-</span> 
     </span>
    </p>
   </div>
   <div class='ocr_carea' id='block_1_93' title="bbox 2390 3471 3959 3541">
    <p class='ocr_par' dir='ltr' id='par_1_93' title="bbox 2390 3471 3959 3541">
     <span class='ocr_line' id='line_1_93' title="bbox 2390 3471 3959 3541; baseline -0.001 -19"><span class='ocrx_word' id='word_1_715' title='bbox 2390 3472 2573 3540; x_wconf 86' lang='grc' dir='ltr'>ευχαῖς</span> <span class='ocrx_word' id='word_1_716' title='bbox 2609 3471 2718 3522; x_wconf 90' lang='grc' dir='ltr'><strong>τῶν</strong></span> <span class='ocrx_word' id='word_1_717' title='bbox 2754 3471 2976 3525; x_wconf 85' lang='grc' dir='ltr'>δικαίων</span> <span class='ocrx_word' id='word_1_718' title='bbox 3005 3511 3020 3534; x_wconf 94' lang='grc'><strong>,</strong></span> <span class='ocrx_word' id='word_1_719' title='bbox 3052 3477 3145 3524; x_wconf 68' lang='grc' dir='ltr'>καὶ</span> <span class='ocrx_word' id='word_1_720' title='bbox 3176 3473 3236 3526; x_wconf 83' lang='grc' dir='ltr'>τὸ</span> <span class='ocrx_word' id='word_1_721' title='bbox 3289 3473 3431 3541; x_wconf 83' lang='grc' dir='ltr'>μέγα</span> <span class='ocrx_word' id='word_1_722' title='bbox 3480 3472 3573 3524; x_wconf 73' lang='grc' dir='ltr'>καὶ</span> <span class='ocrx_word' id='word_1_723' title='bbox 3605 3471 3746 3539; x_wconf 79' lang='grc' dir='ltr'>ὑπὲρ</span> <span class='ocrx_word' id='word_1_724' title='bbox 3779 3472 3959 3523; x_wconf 86' lang='grc' dir='ltr'>πάντα</span> 
     </span>
    </p>
   </div>
   <div class='ocr_carea' id='block_1_94' title="bbox 2403 3561 3962 3636">
    <p class='ocr_par' dir='ltr' id='par_1_94' title="bbox 2403 3561 3962 3636">
     <span class='ocr_line' id='line_1_94' title="bbox 2403 3561 3962 3636; baseline -0.001 -23"><span class='ocrx_word' id='word_1_725' title='bbox 2403 3561 2528 3614; x_wconf 74' lang='grc' dir='ltr'>νοῦν</span> <span class='ocrx_word' id='word_1_726' title='bbox 2555 3579 2612 3614; x_wconf 88' lang='grc' dir='ltr'><strong>τε</strong></span> <span class='ocrx_word' id='word_1_727' title='bbox 2644 3565 2736 3615; x_wconf 71' lang='grc' dir='ltr'>καὶ</span> <span class='ocrx_word' id='word_1_728' title='bbox 2762 3562 2919 3630; x_wconf 77' lang='grc' dir='ltr'>λόγον</span> <span class='ocrx_word' id='word_1_729' title='bbox 2964 3567 3023 3617; x_wconf 74' lang='grc' dir='ltr'>τὸ</span> <span class='ocrx_word' id='word_1_730' title='bbox 3085 3565 3435 3636; x_wconf 74' lang='grc' dir='ltr'>σσρκωθῆναι</span> <span class='ocrx_word' id='word_1_731' title='bbox 3477 3565 3567 3616; x_wconf 66' lang='grc' dir='ltr'>τὶν</span> <span class='ocrx_word' id='word_1_732' title='bbox 3619 3563 3788 3630; x_wconf 83' lang='grc' dir='ltr'>Λόγον</span> <span class='ocrx_word' id='word_1_733' title='bbox 3819 3564 3962 3629; x_wconf 71' lang='grc' dir='ltr'>ὑπὲρ</span> 
     </span>
    </p>
   </div>
   <div class='ocr_carea' id='block_1_95' title="bbox 2391 3650 3960 3723">
    <p class='ocr_par' dir='ltr' id='par_1_95' title="bbox 2391 3650 3960 3723">
     <span class='ocr_line' id='line_1_95' title="bbox 2391 3650 3960 3723; baseline 0.001 -21"><span class='ocrx_word' id='word_1_734' title='bbox 2391 3650 2568 3721; x_wconf 77' lang='grc' dir='ltr'>ἡμῶν,</span> <span class='ocrx_word' id='word_1_735' title='bbox 2604 3653 2697 3704; x_wconf 75' lang='grc' dir='ltr'><strong>καὶ</strong></span> <span class='ocrx_word' id='word_1_736' title='bbox 2730 3652 3185 3722; x_wconf 79' lang='grc' dir='ltr'>ὲμπολιτευθῆναι</span> <span class='ocrx_word' id='word_1_737' title='bbox 3234 3651 3313 3721; x_wconf 80' lang='grc' dir='ltr'><strong>τῷ</strong></span> <span class='ocrx_word' id='word_1_738' title='bbox 3356 3653 3477 3723; x_wconf 79' lang='grc' dir='ltr'>βίῳ,</span> <span class='ocrx_word' id='word_1_739' title='bbox 3510 3652 3604 3705; x_wconf 72' lang='grc' dir='ltr'>καὶ</span> <span class='ocrx_word' id='word_1_740' title='bbox 3637 3652 3804 3722; x_wconf 78' lang='grc' dir='ltr'>σαρκὶ</span> <span class='ocrx_word' id='word_1_741' title='bbox 3854 3670 3960 3704; x_wconf 81' lang='grc' dir='ltr'>πα-</span> 
     </span>
    </p>
   </div>
   <div class='ocr_carea' id='block_1_96' title="bbox 2390 3743 3958 3816">
    <p class='ocr_par' dir='ltr' id='par_1_96' title="bbox 2390 3743 3958 3816">
     <span class='ocr_line' id='line_1_96' title="bbox 2390 3743 3958 3816; baseline 0.002 -22"><span class='ocrx_word' id='word_1_742' title='bbox 2390 3743 2528 3806; x_wconf 91' lang='grc' dir='ltr'>θεῖν,</span> <span class='ocrx_word' id='word_1_743' title='bbox 2559 3747 2650 3796; x_wconf 69' lang='grc' dir='ltr'><strong>καὶ</strong></span> <span class='ocrx_word' id='word_1_744' title='bbox 2681 3746 3010 3812; x_wconf 78' lang='grc' dir='ltr'>ἀναστῆναι,</span> <span class='ocrx_word' id='word_1_745' title='bbox 3057 3747 3150 3797; x_wconf 77' lang='grc' dir='ltr'>καὶ</span> <span class='ocrx_word' id='word_1_746' title='bbox 3180 3745 3448 3813; x_wconf 70' lang='grc' dir='ltr'>ὁραθῆναι</span> <span class='ocrx_word' id='word_1_747' title='bbox 3486 3745 3623 3814; x_wconf 75' lang='grc' dir='ltr'>μετὰ</span> <span class='ocrx_word' id='word_1_748' title='bbox 3667 3748 3766 3816; x_wconf 77' lang='grc' dir='ltr'>τὴν</span> <span class='ocrx_word' id='word_1_749' title='bbox 3800 3747 3958 3813; x_wconf 79' lang='grc' dir='ltr'>ἐγερ-</span> 
     </span>
    </p>
   </div>
   <div class='ocr_carea' id='block_1_97' title="bbox 2392 3831 3954 3902">
    <p class='ocr_par' dir='ltr' id='par_1_97' title="bbox 2392 3831 3954 3902">
     <span class='ocr_line' id='line_1_97' title="bbox 2392 3831 3954 3902; baseline 0 -20"><span class='ocrx_word' id='word_1_750' title='bbox 2392 3849 2497 3894; x_wconf 76' lang='grc' dir='ltr'>σιν,</span> <span class='ocrx_word' id='word_1_751' title='bbox 2534 3832 2624 3883; x_wconf 71' lang='grc' dir='ltr'>καὶ</span> <span class='ocrx_word' id='word_1_752' title='bbox 2645 3831 3061 3902; x_wconf 74' lang='grc' dir='ltr'>ψηλαφηθῆναι,</span> <span class='ocrx_word' id='word_1_753' title='bbox 3096 3835 3189 3884; x_wconf 71' lang='grc' dir='ltr'><strong>καὶ</strong></span> <span class='ocrx_word' id='word_1_754' title='bbox 3221 3832 3520 3901; x_wconf 66' lang='grc' dir='ltr'>τραφῆναι,</span> <span class='ocrx_word' id='word_1_755' title='bbox 3550 3844 3640 3884; x_wconf 79' lang='grc' dir='ltr'><strong>και</strong></span> <span class='ocrx_word' id='word_1_756' title='bbox 3673 3836 3751 3894; x_wconf 76' lang='grc' dir='ltr'>εἰς</span> <span class='ocrx_word' id='word_1_757' title='bbox 3787 3833 3954 3898; x_wconf 75' lang='grc' dir='ltr'>οὑραο</span> 
     </span>
    </p>
   </div>
   <div class='ocr_carea' id='block_1_98' title="bbox 2392 3923 3958 3992">
    <p class='ocr_par' dir='ltr' id='par_1_98' title="bbox 2392 3923 3958 3992">
     <span class='ocr_line' id='line_1_98' title="bbox 2392 3923 3958 3992; baseline 0.001 -18"><span class='ocrx_word' id='word_1_758' title='bbox 2392 3923 2514 3984; x_wconf 67' lang='grc' dir='ltr'>νοῦς</span> <span class='ocrx_word' id='word_1_759' title='bbox 2550 3925 2688 3992; x_wconf 87' lang='grc' dir='ltr'><strong>μετά</strong></span> <span class='ocrx_word' id='word_1_760' title='bbox 2724 3924 2821 3991; x_wconf 79' lang='grc' dir='ltr'>τῆς</span> <span class='ocrx_word' id='word_1_761' title='bbox 2862 3925 3064 3992; x_wconf 76' lang='grc' dir='ltr'>σαρκὸς</span> <span class='ocrx_word' id='word_1_762' title='bbox 3096 3925 3340 3976; x_wconf 80' lang='grc' dir='ltr'>ἀνελθεῖν</span> <span class='ocrx_word' id='word_1_763' title='bbox 3396 3926 3488 3977; x_wconf 76' lang='grc' dir='ltr'>καὶ</span> <span class='ocrx_word' id='word_1_764' title='bbox 3547 3923 3746 3991; x_wconf 71' lang='grc' dir='ltr'>πλῆσαι</span> <span class='ocrx_word' id='word_1_765' title='bbox 3789 3923 3958 3976; x_wconf 83' lang='grc' dir='ltr'>Πνεύ-</span> 
     </span>
    </p>
   </div>
   <div class='ocr_carea' id='block_1_99' title="bbox 2395 4013 3962 4086">
    <p class='ocr_par' dir='ltr' id='par_1_99' title="bbox 2395 4013 3962 4086">
     <span class='ocr_line' id='line_1_99' title="bbox 2395 4013 3962 4086; baseline 0.001 -22"><span class='ocrx_word' id='word_1_766' title='bbox 2395 4030 2559 4082; x_wconf 87' lang='grc' dir='ltr'>ματος</span> <span class='ocrx_word' id='word_1_767' title='bbox 2598 4013 2757 4082; x_wconf 84' lang='grc' dir='ltr'>ἁγίου</span> <span class='ocrx_word' id='word_1_768' title='bbox 2787 4015 2888 4083; x_wconf 81' lang='grc' dir='ltr'>τὴν</span> <span class='ocrx_word' id='word_1_769' title='bbox 2920 4015 3272 4086; x_wconf 82' lang='grc' dir='ltr'>ἀνθρωπίνην</span> <span class='ocrx_word' id='word_1_770' title='bbox 3313 4015 3477 4084; x_wconf 77' lang='grc' dir='ltr'>φύσιν</span> <span class='ocrx_word' id='word_1_771' title='bbox 3532 4016 3618 4068; x_wconf 74' lang='grc' dir='ltr'><strong>διὰ</strong></span> <span class='ocrx_word' id='word_1_772' title='bbox 3667 4015 3777 4066; x_wconf 91' lang='grc' dir='ltr'><strong>τῶν</strong></span> <span class='ocrx_word' id='word_1_773' title='bbox 3825 4017 3962 4066; x_wconf 82' lang='grc' dir='ltr'>ἀπο-</span> 
     </span>
    </p>
   </div>
   <div class='ocr_carea' id='block_1_100' title="bbox 2393 4105 3956 4178">
    <p class='ocr_par' dir='ltr' id='par_1_100' title="bbox 2393 4105 3956 4178">
     <span class='ocr_line' id='line_1_100' title="bbox 2393 4105 3956 4178; baseline 0 -22"><span class='ocrx_word' id='word_1_774' title='bbox 2393 4105 2615 4164; x_wconf 88' lang='grc' dir='ltr'>στόλων,</span> <span class='ocrx_word' id='word_1_775' title='bbox 2644 4107 2738 4158; x_wconf 75' lang='grc' dir='ltr'>καὶ</span> <span class='ocrx_word' id='word_1_776' title='bbox 2769 4107 2973 4175; x_wconf 88' lang='grc' dir='ltr'>σημεῖα</span> <span class='ocrx_word' id='word_1_777' title='bbox 3001 4108 3096 4160; x_wconf 75' lang='grc' dir='ltr'>καὶ</span> <span class='ocrx_word' id='word_1_778' title='bbox 3122 4109 3326 4178; x_wconf 80' lang='grc' dir='ltr'>τέρατα</span> <span class='ocrx_word' id='word_1_779' title='bbox 3357 4109 3680 4178; x_wconf 78' lang='grc' dir='ltr'>ἐνεργῆσαι,</span> <span class='ocrx_word' id='word_1_780' title='bbox 3708 4108 3801 4160; x_wconf 75' lang='grc' dir='ltr'>καὶ</span> <span class='ocrx_word' id='word_1_781' title='bbox 3853 4107 3956 4174; x_wconf 69' lang='grc' dir='ltr'>τὴν</span> 
     </span>
    </p>
   </div>
   <div class='ocr_carea' id='block_1_101' title="bbox 2390 4195 3961 4268">
    <p class='ocr_par' dir='ltr' id='par_1_101' title="bbox 2390 4195 3961 4268">
     <span class='ocr_line' id='line_1_101' title="bbox 2390 4195 3961 4268; baseline 0.001 -20"><span class='ocrx_word' id='word_1_782' title='bbox 2390 4195 2715 4266; x_wconf 71' lang='grc' dir='ltr'>οἰκουμένην</span> <span class='ocrx_word' id='word_1_783' title='bbox 2754 4199 2833 4260; x_wconf 86' lang='grc' dir='ltr'><strong>είς</strong></span> <span class='ocrx_word' id='word_1_784' title='bbox 2886 4197 2984 4268; x_wconf 76' lang='grc' dir='ltr'>τὴν</span> <span class='ocrx_word' id='word_1_785' title='bbox 3035 4198 3220 4252; x_wconf 88' lang='grc' dir='ltr'>πίστιν</span> <span class='ocrx_word' id='word_1_786' title='bbox 3273 4197 3501 4251; x_wconf 70' lang='grc' dir='ltr'>ἑλκύσαι</span> <span class='ocrx_word' id='word_1_787' title='bbox 3555 4198 3702 4268; x_wconf 84' lang='grc' dir='ltr'>μόνῳ</span> <span class='ocrx_word' id='word_1_788' title='bbox 3741 4198 3819 4266; x_wconf 85' lang='grc' dir='ltr'>τῷ</span> <span class='ocrx_word' id='word_1_789' title='bbox 3856 4215 3961 4266; x_wconf 86' lang='grc' dir='ltr'>κη-</span> 
     </span>
    </p>
   </div>
   <div class='ocr_carea' id='block_1_102' title="bbox 2393 4288 3957 4360">
    <p class='ocr_par' dir='ltr' id='par_1_102' title="bbox 2393 4288 3957 4360">
     <span class='ocr_line' id='line_1_102' title="bbox 2393 4288 3957 4360; baseline 0 -20"><span class='ocrx_word' id='word_1_790' title='bbox 2393 4288 2634 4356; x_wconf 79' lang='grc' dir='ltr'>ρύγματι</span> <span class='ocrx_word' id='word_1_791' title='bbox 2688 4289 2780 4341; x_wconf 79' lang='grc' dir='ltr'>καὶ</span> <span class='ocrx_word' id='word_1_792' title='bbox 2821 4292 2935 4352; x_wconf 78' lang='grc' dir='ltr'>τοῖς</span> <span class='ocrx_word' id='word_1_793' title='bbox 3008 4291 3273 4359; x_wconf 83' lang='grc' dir='ltr'>θαύμασι,</span> <span class='ocrx_word' id='word_1_794' title='bbox 3357 4291 3453 4344; x_wconf 80' lang='grc' dir='ltr'>καὶ</span> <span class='ocrx_word' id='word_1_795' title='bbox 3511 4292 3639 4360; x_wconf 81' lang='grc' dir='ltr'>ἄχρι</span> <span class='ocrx_word' id='word_1_796' title='bbox 3705 4289 3795 4341; x_wconf 83' lang='grc' dir='ltr'><strong>τού</strong></span> <span class='ocrx_word' id='word_1_797' title='bbox 3860 4288 3957 4341; x_wconf 84' lang='grc' dir='ltr'>νῦν</span> 
     </span>
    </p>
   </div>
   <div class='ocr_carea' id='block_1_103' title="bbox 2391 4377 3958 4451">
    <p class='ocr_par' dir='ltr' id='par_1_103' title="bbox 2391 4377 3958 4451">
     <span class='ocr_line' id='line_1_103' title="bbox 2391 4377 3958 4451; baseline 0 -21"><span class='ocrx_word' id='word_1_798' title='bbox 2391 4380 2449 4431; x_wconf 83' lang='grc' dir='ltr'>ὲν</span> <span class='ocrx_word' id='word_1_799' title='bbox 2504 4377 2779 4448; x_wconf 85' lang='grc' dir='ltr'>θαύμασιν</span> <span class='ocrx_word' id='word_1_800' title='bbox 2848 4381 3144 4449; x_wconf 71' lang='grc' dir='ltr'>ἐνεργεῖν,</span> <span class='ocrx_word' id='word_1_801' title='bbox 3216 4383 3316 4435; x_wconf 69' lang='grc' dir='ltr'>καὶ</span> <span class='ocrx_word' id='word_1_802' title='bbox 3399 4383 3612 4451; x_wconf 82' lang='grc' dir='ltr'>νεκροῖς</span> <span class='ocrx_word' id='word_1_803' title='bbox 3677 4380 3958 4446; x_wconf 78' lang='grc' dir='ltr'>λειψάνοις</span> 
     </span>
    </p>
   </div>
   <div class='ocr_carea' id='block_1_104' title="bbox 2393 4471 3954 4543">
    <p class='ocr_par' dir='ltr' id='par_1_104' title="bbox 2393 4471 3954 4543">
     <span class='ocr_line' id='line_1_104' title="bbox 2393 4471 3954 4543; baseline 0 -21"><span class='ocrx_word' id='word_1_804' title='bbox 2393 4471 2588 4538; x_wconf 84' lang='grc' dir='ltr'>ἁγίων,</span> <span class='ocrx_word' id='word_1_805' title='bbox 2632 4471 2725 4523; x_wconf 87' lang='grc' dir='ltr'>καί</span> <span class='ocrx_word' id='word_1_806' title='bbox 2756 4471 2941 4540; x_wconf 76' lang='grc' dir='ltr'>εὐχαῖς</span> <span class='ocrx_word' id='word_1_807' title='bbox 2980 4473 3172 4542; x_wconf 78' lang='grc' dir='ltr'>ἱερέων</span> <span class='ocrx_word' id='word_1_808' title='bbox 3217 4476 3609 4543; x_wconf 84' lang='grc' dir='ltr'>τερατουργεῖν</span> <span class='ocrx_word' id='word_1_809' title='bbox 3651 4472 3739 4523; x_wconf 82' lang='grc' dir='ltr'><strong>τὸν</strong></span> <span class='ocrx_word' id='word_1_810' title='bbox 3796 4471 3954 4531; x_wconf 75' lang='grc' dir='ltr'>Θεὸν,</span> 
     </span>
    </p>
   </div>
   <div class='ocr_carea' id='block_1_105' title="bbox 2392 4549 3954 4634">
    <p class='ocr_par' dir='ltr' id='par_1_105' title="bbox 2392 4549 3954 4634">
     <span class='ocr_line' id='line_1_105' title="bbox 2392 4549 3954 4634; baseline 0.002 -22"><span class='ocrx_word' id='word_1_811' title='bbox 2392 4561 2486 4613; x_wconf 78' lang='grc' dir='ltr'>καὶ</span> <span class='ocrx_word' id='word_1_812' title='bbox 2530 4562 2627 4630; x_wconf 82' lang='grc' dir='ltr'>τὴν</span> <span class='ocrx_word' id='word_1_813' title='bbox 2673 4561 2764 4614; x_wconf 72' lang='grc' dir='ltr'>τοῦ</span> <span class='ocrx_word' id='word_1_814' title='bbox 2796 4563 2945 4615; x_wconf 84' lang='grc' dir='ltr'>λύειν</span> <span class='ocrx_word' id='word_1_815' title='bbox 2993 4565 3088 4615; x_wconf 80' lang='grc' dir='ltr'>καὶ</span> <span class='ocrx_word' id='word_1_816' title='bbox 3133 4549 3352 4634; x_wconf 79' lang='grc' dir='ltr'>δεσμεῖν</span> <span class='ocrx_word' id='word_1_817' title='bbox 3395 4563 3763 4634; x_wconf 80' lang='grc' dir='ltr'>φανεροῦσθαι</span> <span class='ocrx_word' id='word_1_818' title='bbox 3793 4563 3954 4616; x_wconf 80' lang='grc' dir='ltr'>δύνα-</span> 
     </span>
    </p>
   </div>
   <div class='ocr_carea' id='block_1_106' title="bbox 2393 4652 3952 4724">
    <p class='ocr_par' dir='ltr' id='par_1_106' title="bbox 2393 4652 3952 4724">
     <span class='ocr_line' id='line_1_106' title="bbox 2393 4652 3952 4724; baseline 0.002 -22"><span class='ocrx_word' id='word_1_819' title='bbox 2393 4669 2505 4720; x_wconf 90' lang='grc' dir='ltr'>μιν,</span> <span class='ocrx_word' id='word_1_820' title='bbox 2540 4652 2683 4722; x_wconf 77' lang='grc' dir='ltr'>ἅπερ</span> <span class='ocrx_word' id='word_1_821' title='bbox 2715 4653 2891 4706; x_wconf 82' lang='grc' dir='ltr'>πάντα</span> <span class='ocrx_word' id='word_1_822' title='bbox 2930 4655 3211 4724; x_wconf 69' lang='grc' dir='ltr'>ὑπερφυῆ,</span> <span class='ocrx_word' id='word_1_823' title='bbox 3247 4656 3344 4707; x_wconf 66' lang='grc' dir='ltr'><strong>κα)⁸</strong></span> <span class='ocrx_word' id='word_1_824' title='bbox 3397 4655 3491 4708; x_wconf 80' lang='grc' dir='ltr'>τοῦ</span> <span class='ocrx_word' id='word_1_825' title='bbox 3538 4654 3952 4722; x_wconf 80' lang='grc' dir='ltr'>παντοδυνάμου</span> 
     </span>
    </p>
   </div>
   <div class='ocr_carea' id='block_1_107' title="bbox 2391 4742 3954 4816">
    <p class='ocr_par' dir='ltr' id='par_1_107' title="bbox 2391 4742 3954 4816">
     <span class='ocr_line' id='line_1_107' title="bbox 2391 4742 3954 4816; baseline 0.002 -23"><span class='ocrx_word' id='word_1_826' title='bbox 2391 4742 2525 4812; x_wconf 75' lang='grc' dir='ltr'>ἔργα</span> <span class='ocrx_word' id='word_1_827' title='bbox 2559 4743 2716 4798; x_wconf 83' lang='grc' dir='ltr'>Θεοῦ.</span> <span class='ocrx_word' id='word_1_828' title='bbox 2755 4743 2847 4796; x_wconf 85' lang='grc' dir='ltr'>Διδ</span> <span class='ocrx_word' id='word_1_829' title='bbox 2881 4745 2974 4796; x_wconf 78' lang='grc' dir='ltr'>καὶ</span> <span class='ocrx_word' id='word_1_830' title='bbox 3017 4745 3434 4814; x_wconf 73' lang='grc' dir='ltr'>ἀρρωστοῦντες</span> <span class='ocrx_word' id='word_1_831' title='bbox 3464 4746 3734 4816; x_wconf 80' lang='grc' dir='ltr'>εὐχόμεθα</span> <span class='ocrx_word' id='word_1_832' title='bbox 3765 4746 3954 4800; x_wconf 73' lang='grc' dir='ltr'>ὑγείαν</span> 
     </span>
    </p>
   </div>
   <div class='ocr_carea' id='block_1_108' title="bbox 2391 4836 3954 4908">
    <p class='ocr_par' dir='ltr' id='par_1_108' title="bbox 2391 4836 3954 4908">
     <span class='ocr_line' id='line_1_108' title="bbox 2391 4836 3954 4908; baseline 0.003 -23"><span class='ocrx_word' id='word_1_833' title='bbox 2391 4836 2592 4902; x_wconf 85' lang='grc' dir='ltr'>εὑρεῖν,</span> <span class='ocrx_word' id='word_1_834' title='bbox 2620 4838 2714 4887; x_wconf 75' lang='grc' dir='ltr'><strong>καὶ</strong></span> <span class='ocrx_word' id='word_1_835' title='bbox 2754 4837 3263 4905; x_wconf 79' lang='grc' dir='ltr'>περιστατούμενοι,</span> <span class='ocrx_word' id='word_1_836' title='bbox 3297 4838 3640 4908; x_wconf 85' lang='grc' dir='ltr'>λυτρωθῆναι</span> <span class='ocrx_word' id='word_1_837' title='bbox 3687 4837 3796 4891; x_wconf 85' lang='grc' dir='ltr'><strong>τῶν</strong></span> <span class='ocrx_word' id='word_1_838' title='bbox 3820 4838 3954 4890; x_wconf 90' lang='grc' dir='ltr'>δυσ-</span> 
     </span>
    </p>
   </div>
   <div class='ocr_carea' id='block_1_109' title="bbox 2391 4926 3957 5002">
    <p class='ocr_par' dir='ltr' id='par_1_109' title="bbox 2391 4926 3957 5002">
     <span class='ocr_line' id='line_1_109' title="bbox 2391 4926 3957 5002; baseline 0.004 -26"><span class='ocrx_word' id='word_1_839' title='bbox 2391 4926 2591 4995; x_wconf 82' lang='grc' dir='ltr'>χερῶν,</span> <span class='ocrx_word' id='word_1_840' title='bbox 2649 4929 2744 4978; x_wconf 71' lang='grc' dir='ltr'>καὶ</span> <span class='ocrx_word' id='word_1_841' title='bbox 2789 4927 2899 4982; x_wconf 90' lang='grc' dir='ltr'><strong>τῶν</strong></span> <span class='ocrx_word' id='word_1_842' title='bbox 2929 4931 3217 4999; x_wconf 84' lang='grc' dir='ltr'>στοιχείων</span> <span class='ocrx_word' id='word_1_843' title='bbox 3246 4931 3573 5002; x_wconf 74' lang='grc' dir='ltr'>παραλόγως</span> <span class='ocrx_word' id='word_1_844' title='bbox 3601 4931 3957 4998; x_wconf 84' lang='grc' dir='ltr'>κινουμένων,</span> 
     </span>
    </p>
   </div>
   <div class='ocr_carea' id='block_1_110' title="bbox 2392 5019 3958 5090">
    <p class='ocr_par' dir='ltr' id='par_1_110' title="bbox 2392 5019 3958 5090">
     <span class='ocr_line' id='line_1_110' title="bbox 2392 5019 3958 5090; baseline 0.003 -21"><span class='ocrx_word' id='word_1_845' title='bbox 2392 5020 2470 5080; x_wconf 82' lang='grc' dir='ltr'><strong>είς</strong></span> <span class='ocrx_word' id='word_1_846' title='bbox 2505 5019 2564 5070; x_wconf 85' lang='grc' dir='ltr'>τὸ</span> <span class='ocrx_word' id='word_1_847' title='bbox 2603 5019 2850 5088; x_wconf 73' lang='grc' dir='ltr'>εὐφόρως</span> <span class='ocrx_word' id='word_1_848' title='bbox 2876 5022 3170 5074; x_wconf 68' lang='grc' dir='ltr'>κινεῖσθαι.</span> <span class='ocrx_word' id='word_1_849' title='bbox 3204 5023 3313 5074; x_wconf 77' lang='grc' dir='ltr'><strong>Καὶ</strong></span> <span class='ocrx_word' id='word_1_850' title='bbox 3357 5022 3583 5074; x_wconf 85' lang='grc' dir='ltr'>πλεῖστα</span> <span class='ocrx_word' id='word_1_851' title='bbox 3630 5023 3838 5090; x_wconf 78' lang='grc' dir='ltr'>γίνεται</span> <span class='ocrx_word' id='word_1_852' title='bbox 3871 5025 3958 5074; x_wconf 74' lang='grc' dir='ltr'>εὑ-</span> 
     </span>
    </p>
   </div>
   <div class='ocr_carea' id='block_1_111' title="bbox 2391 5110 3958 5182">
    <p class='ocr_par' dir='ltr' id='par_1_111' title="bbox 2391 5110 3958 5182">
     <span class='ocr_line' id='line_1_111' title="bbox 2391 5110 3958 5182; baseline 0.002 -21"><span class='ocrx_word' id='word_1_853' title='bbox 2391 5111 2513 5178; x_wconf 85' lang='grc' dir='ltr'>χαῖς</span> <span class='ocrx_word' id='word_1_854' title='bbox 2539 5110 2764 5164; x_wconf 74' lang='grc' dir='ltr'>δικαίων</span> <span class='ocrx_word' id='word_1_855' title='bbox 2794 5112 3025 5182; x_wconf 75' lang='grc' dir='ltr'>ἀνδρῶν·</span> <span class='ocrx_word' id='word_1_856' title='bbox 3059 5112 3134 5172; x_wconf 82' lang='grc' dir='ltr'><strong>ὡς</strong></span> <span class='ocrx_word' id='word_1_857' title='bbox 3182 5113 3333 5174; x_wconf 80' lang='grc' dir='ltr'>ὑετὸς</span> <span class='ocrx_word' id='word_1_858' title='bbox 3374 5113 3432 5175; x_wconf 77' lang='grc' dir='ltr'>ἐξ</span> <span class='ocrx_word' id='word_1_859' title='bbox 3479 5113 3713 5182; x_wconf 74' lang='grc' dir='ltr'>α’)χμοῦ,</span> <span class='ocrx_word' id='word_1_860' title='bbox 3750 5113 3825 5176; x_wconf 87' lang='grc' dir='ltr'>ὠς</span> <span class='ocrx_word' id='word_1_861' title='bbox 3861 5131 3958 5164; x_wconf 81' lang='grc' dir='ltr'>κα-</span> 
     </span>
    </p>
   </div>
   <div class='ocr_carea' id='block_1_112' title="bbox 2391 5201 3948 5272">
    <p class='ocr_par' dir='ltr' id='par_1_112' title="bbox 2391 5201 3948 5272">
     <span class='ocr_line' id='line_1_112' title="bbox 2391 5201 3948 5272; baseline 0.002 -20"><span class='ocrx_word' id='word_1_862' title='bbox 2391 5202 2667 5271; x_wconf 80' lang='grc' dir='ltr'>ταστροφὴ</span> <span class='ocrx_word' id='word_1_863' title='bbox 2707 5201 3022 5270; x_wconf 86' lang='grc' dir='ltr'>πολεμίων,</span> <span class='ocrx_word' id='word_1_864' title='bbox 3070 5202 3145 5263; x_wconf 85' lang='grc' dir='ltr'>ὼς</span> <span class='ocrx_word' id='word_1_865' title='bbox 3190 5202 3351 5270; x_wconf 75' lang='grc' dir='ltr'>λιμοῦ</span> <span class='ocrx_word' id='word_1_866' title='bbox 3395 5203 3549 5263; x_wconf 80' lang='grc' dir='ltr'>λύσις</span> <span class='ocrx_word' id='word_1_867' title='bbox 3599 5204 3693 5254; x_wconf 70' lang='grc' dir='ltr'>καὶ</span> <span class='ocrx_word' id='word_1_868' title='bbox 3735 5203 3948 5272; x_wconf 80' lang='grc' dir='ltr'>λοιμοῦ,</span> 
     </span>
    </p>
   </div>
   <div class='ocr_carea' id='block_1_113' title="bbox 2393 5293 3957 5365">
    <p class='ocr_par' dir='ltr' id='par_1_113' title="bbox 2393 5293 3957 5365">
     <span class='ocr_line' id='line_1_113' title="bbox 2393 5293 3957 5365; baseline 0.001 -21"><span class='ocrx_word' id='word_1_869' title='bbox 2393 5293 2487 5344; x_wconf 63' lang='grc' dir='ltr'>καὶ</span> <span class='ocrx_word' id='word_1_870' title='bbox 2517 5293 2744 5346; x_wconf 77' lang='grc' dir='ltr'>πλεῖστα.</span> <span class='ocrx_word' id='word_1_871' title='bbox 2802 5295 2955 5346; x_wconf 74' lang='grc' dir='ltr'>ἀλλαο</span> <span class='ocrx_word' id='word_1_872' title='bbox 2991 5296 3087 5346; x_wconf 66' lang='grc' dir='ltr'>καὶ</span> <span class='ocrx_word' id='word_1_873' title='bbox 3151 5293 3394 5346; x_wconf 73' lang='grc' dir='ltr'>ἀσθενῶν</span> <span class='ocrx_word' id='word_1_874' title='bbox 3453 5295 3786 5365; x_wconf 59' lang='lat' dir='ltr'><strong>supponat,-</strong></span> <span class='ocrx_word' id='word_1_875' title='bbox 3813 5335 3828 5358; x_wconf 94' lang='lat'><strong>,</strong></span> <span class='ocrx_word' id='word_1_876' title='bbox 3866 5298 3957 5349; x_wconf 76' lang='grc' dir='ltr'>καὶ</span> 
     </span>
    </p>
   </div>
   <div class='ocr_carea' id='block_1_114' title="bbox 2391 5381 3958 5455">
    <p class='ocr_par' dir='ltr' id='par_1_114' title="bbox 2391 5381 3958 5455">
     <span class='ocr_line' id='line_1_114' title="bbox 2391 5381 3958 5455; baseline 0.004 -22"><span class='ocrx_word' id='word_1_877' title='bbox 2391 5381 2684 5452; x_wconf 70' lang='grc' dir='ltr'>ἀπαλλαγὴ</span> <span class='ocrx_word' id='word_1_878' title='bbox 2742 5383 3028 5454; x_wconf 79' lang='grc' dir='ltr'>λυπηρῶν,</span> <span class='ocrx_word' id='word_1_879' title='bbox 3059 5383 3125 5436; x_wconf 83' lang='grc' dir='ltr'><strong>δι’</strong></span> <span class='ocrx_word' id='word_1_880' title='bbox 3157 5383 3192 5437; x_wconf 75' lang='grc' dir='ltr'><strong>ἃ</strong></span> <span class='ocrx_word' id='word_1_881' title='bbox 3243 5385 3343 5437; x_wconf 85' lang='grc' dir='ltr'><strong>καί</strong></span> <span class='ocrx_word' id='word_1_882' title='bbox 3381 5388 3414 5455; x_wconf 84' lang='grc' dir='ltr'>ὴ</span> <span class='ocrx_word' id='word_1_883' title='bbox 3454 5387 3753 5454; x_wconf 78' lang='grc' dir='ltr'>Ἐκκλησία</span> <span class='ocrx_word' id='word_1_884' title='bbox 3790 5402 3958 5454; x_wconf 69' lang='grc' dir='ltr'>προσο</span> 
     </span>
    </p>
   </div>
   <div class='ocr_carea' id='block_1_115' title="bbox 2393 5473 3957 5547">
    <p class='ocr_par' dir='ltr' id='par_1_115' title="bbox 2393 5473 3957 5547">
     <span class='ocr_line' id='line_1_115' title="bbox 2393 5473 3957 5547; baseline 0.004 -24"><span class='ocrx_word' id='word_1_885' title='bbox 2393 5473 2633 5541; x_wconf 87' lang='grc' dir='ltr'>εύχεται.</span> <span class='ocrx_word' id='word_1_886' title='bbox 2679 5475 3003 5544; x_wconf 82' lang='grc' dir='ltr'>Ἀνατρέπει</span> <span class='ocrx_word' id='word_1_887' title='bbox 3036 5477 3220 5528; x_wconf 89' lang='grc' dir='ltr'>τοίνυν</span> <span class='ocrx_word' id='word_1_888' title='bbox 3254 5479 3352 5547; x_wconf 83' lang='grc' dir='ltr'>τὴν</span> <span class='ocrx_word' id='word_1_889' title='bbox 3383 5481 3461 5539; x_wconf 85' lang='grc' dir='ltr'><strong>είς</strong></span> <span class='ocrx_word' id='word_1_890' title='bbox 3497 5479 3630 5529; x_wconf 75' lang='grc' dir='ltr'>Θεὸν</span> <span class='ocrx_word' id='word_1_891' title='bbox 3658 5479 3848 5530; x_wconf 76' lang='grc' dir='ltr'>ἐλπίδα.</span> <span class='ocrx_word' id='word_1_892' title='bbox 3888 5478 3957 5530; x_wconf 73' lang='grc' dir='ltr'>τὰ</span> 
     </span>
    </p>
   </div>
   <div class='ocr_carea' id='block_1_116' title="bbox 2390 5563 3955 5634">
    <p class='ocr_par' dir='ltr' id='par_1_116' title="bbox 2390 5563 3955 5634">
     <span class='ocr_line' id='line_1_116' title="bbox 2390 5563 3955 5634; baseline 0.003 -18"><span class='ocrx_word' id='word_1_893' title='bbox 2390 5563 2489 5631; x_wconf 82' lang='grc' dir='ltr'>τῆς</span> <span class='ocrx_word' id='word_1_894' title='bbox 2522 5563 2690 5633; x_wconf 80' lang='grc' dir='ltr'>τύχης</span> <span class='ocrx_word' id='word_1_895' title='bbox 2742 5582 2800 5617; x_wconf 87' lang='grc' dir='ltr'><strong>τε</strong></span> <span class='ocrx_word' id='word_1_896' title='bbox 2846 5565 2939 5618; x_wconf 75' lang='grc' dir='ltr'>καὶ</span> <span class='ocrx_word' id='word_1_897' title='bbox 2989 5568 3258 5634; x_wconf 80' lang='grc' dir='ltr'>γενέσεως</span> <span class='ocrx_word' id='word_1_898' title='bbox 3302 5571 3395 5621; x_wconf 73' lang='grc' dir='ltr'>καὶ</span> <span class='ocrx_word' id='word_1_899' title='bbox 3450 5570 3612 5622; x_wconf 75' lang='grc' dir='ltr'>αὑτὸν</span> <span class='ocrx_word' id='word_1_900' title='bbox 3657 5571 3839 5623; x_wconf 84' lang='grc' dir='ltr'>ἀθετεῖ</span> <span class='ocrx_word' id='word_1_901' title='bbox 3865 5571 3955 5622; x_wconf 81' lang='grc' dir='ltr'>τὸν</span> 
     </span>
    </p>
   </div>
   <div class='ocr_carea' id='block_1_117' title="bbox 2393 5652 3956 5732">
    <p class='ocr_par' dir='ltr' id='par_1_117' title="bbox 2393 5652 3956 5732">
     <span class='ocr_line' id='line_1_117' title="bbox 2393 5652 3956 5732; baseline 0.006 -28"><span class='ocrx_word' id='word_1_902' title='bbox 2393 5652 2558 5718; x_wconf 83' lang='grc' dir='ltr'>Θεὸν,</span> <span class='ocrx_word' id='word_1_903' title='bbox 2589 5658 2683 5708; x_wconf 73' lang='grc' dir='ltr'>καὶ</span> <span class='ocrx_word' id='word_1_904' title='bbox 2731 5657 2830 5726; x_wconf 74' lang='grc' dir='ltr'>τὴν</span> <span class='ocrx_word' id='word_1_905' title='bbox 2883 5657 3048 5710; x_wconf 79' lang='grc' dir='ltr'>αὑτοῦ</span> <span class='ocrx_word' id='word_1_906' title='bbox 3089 5659 3241 5712; x_wconf 75' lang='grc' dir='ltr'>θείαν</span> <span class='ocrx_word' id='word_1_907' title='bbox 3291 5660 3522 5732; x_wconf 76' lang='grc' dir='ltr'>δύναμιν</span> <span class='ocrx_word' id='word_1_908' title='bbox 3551 5702 3565 5726; x_wconf 93' lang='grc'><strong>,</strong></span> <span class='ocrx_word' id='word_1_909' title='bbox 3630 5664 3724 5716; x_wconf 77' lang='grc' dir='ltr'><strong>καὶ</strong></span> <span class='ocrx_word' id='word_1_910' title='bbox 3775 5664 3956 5717; x_wconf 74' lang='grc' dir='ltr'>πᾶσαν</span> 
     </span>
    </p>
   </div>
   <div class='ocr_carea' id='block_1_118' title="bbox 2394 5745 3954 5819">
    <p class='ocr_par' dir='ltr' id='par_1_118' title="bbox 2394 5745 3954 5819">
     <span class='ocr_line' id='line_1_118' title="bbox 2394 5745 3954 5819; baseline 0.005 -23"><span class='ocrx_word' id='word_1_911' title='bbox 2394 5745 2552 5810; x_wconf 86' lang='grc' dir='ltr'>ἁγίαν</span> <span class='ocrx_word' id='word_1_912' title='bbox 2586 5745 2834 5816; x_wconf 75' lang='grc' dir='ltr'>Γραφὴν,</span> <span class='ocrx_word' id='word_1_913' title='bbox 2870 5747 2965 5800; x_wconf 72' lang='grc' dir='ltr'>καὶ</span> <span class='ocrx_word' id='word_1_914' title='bbox 3003 5748 3225 5802; x_wconf 78' lang='grc' dir='ltr'>κόλασιν</span> <span class='ocrx_word' id='word_1_915' title='bbox 3257 5751 3478 5819; x_wconf 84' lang='grc' dir='ltr'>ἀδίκων,</span> <span class='ocrx_word' id='word_1_916' title='bbox 3515 5755 3609 5805; x_wconf 78' lang='grc' dir='ltr'>καὶ</span> <span class='ocrx_word' id='word_1_917' title='bbox 3656 5752 3954 5806; x_wconf 79' lang='grc' dir='ltr'>ἀπόλαυσιν</span> 
     </span>
    </p>
   </div>
   <div class='ocr_carea' id='block_1_119' title="bbox 2396 5836 3952 5916">
    <p class='ocr_par' dir='ltr' id='par_1_119' title="bbox 2396 5836 3952 5916">
     <span class='ocr_line' id='line_1_119' title="bbox 2396 5836 3952 5916; baseline 0.004 -25"><span class='ocrx_word' id='word_1_918' title='bbox 2396 5836 2640 5906; x_wconf 75' lang='grc' dir='ltr'>δικαίων,</span> <span class='ocrx_word' id='word_1_919' title='bbox 2681 5841 2773 5892; x_wconf 76' lang='grc' dir='ltr'>καὶ</span> <span class='ocrx_word' id='word_1_920' title='bbox 2809 5839 2984 5896; x_wconf 76' lang='grc' dir='ltr'>πάντα</span> <span class='ocrx_word' id='word_1_921' title='bbox 3017 5839 3151 5894; x_wconf 86' lang='grc' dir='ltr'><strong>Θεοῦ</strong></span> <span class='ocrx_word' id='word_1_922' title='bbox 3182 5843 3486 5915; x_wconf 79' lang='grc' dir='ltr'>μυστήρια.</span> <span class='ocrx_word' id='word_1_923' title='bbox 3521 5846 3614 5901; x_wconf 87' lang='grc' dir='ltr'><strong>Διὸ</strong></span> <span class='ocrx_word' id='word_1_924' title='bbox 3640 5844 3734 5899; x_wconf 74' lang='grc' dir='ltr'>καὶ</span> <span class='ocrx_word' id='word_1_925' title='bbox 3765 5845 3952 5916; x_wconf 76' lang='grc' dir='ltr'>μηδεὶς</span> 
     </span>
    </p>
   </div>
  </div>
