4216 6432
283 386 353 451 19
467 419 470 423 -
1338 395 1716 477 DIALOGUS
1757 401 2059 460 CONTRA
2099 403 2485 466 I-L‘ERESES.
3453 408 3526 475 50

281 498 524 564 ἡγείσθω
570 499 916 567 Χριστιανὸν,
973 499 1063 551 τὸν
1096 503 1226 569 περὶ
1257 502 1473 569 γένεσιν
1520 508 1610 557 καὶ
1657 508 1854 575 ἀστρο-
1888 516 1932 572 Α

1888 516 1932 572 Α
1965 511 2170 570 mundi.
2206 521 2256 564 et
2295 525 2544 568 creatura
2597 517 2966 586 corrumpitur
3024 525 3186 586 atque
3229 525 3519 588 mutatur;

279 587 468 654 λογίαν
491 590 585 641 καὶ
614 590 681 641 τὰ
719 587 941 642 τοιαῦτα
975 590 1330 669 σχολάζοντα.
1367 594 1476 646 Καὶ
1506 597 1559 648 ετ
1589 613 1672 658 τις
1697 597 1843 650 εἴποι

1950 615 2050 656 nos
2084 612 2263 658 autem
2297 604 2350 657 in
2403 603 2623 661 Christo
2679 621 2787 662 non
2839 624 3028 664 sumus
3078 610 3180 665 sub
3236 611 3522 668 elementis

277 679 344 732 ἐκ
376 680 483 731 τῶν
517 681 780 733 τοιούτων
816 681 1136 749 μανθάνειν,
1173 684 1528 754 ἠπατημένος
1562 687 1684 746 ,ὑπὸ
1727 688 1844 741 δαι⁴

1948 694 2130 746 mundi
2167 695 2483 759 servientes,
2511 708 2672 766 prout
2728 699 2867 753 dixit
2925 700 3144 762 Paulus,
3177 701 3272 757 sed
3339 706 3520 757 anima

282 773 480 837 μόνων,
514 773 610 823 καὶ
664 772 994 837 ἀπόδλητος.
1048 777 1142 830 καὶ
1191 777 1288 844 τῆς
1329 777 1655 846 Ἑκκλησῑας
1686 780 1842 832 ἀλλόσ
1946 815 1947 821 η

1946 790 2000 835 et
2036 799 2199 839 carne
2237 790 2574 856 corruptiuui
2614 790 2924 858 superiores
2964 790 3090 846 facti
3119 808 3308 848 sumus
3343 796 3515 862 gratia

278 875 450 929 τριος,
481 864 574 916 καὶ
605 864 884 918 ἀπατεὼν.
913 867 1026 929 Πᾶς
1058 866 1114 919 δὲ
1150 867 1400 937 εὐσεϐὴς,
1428 866 1524 932 ’ὡς
1567 868 1661 921 τοῦ
1710 871 1845 940 Χρι-

1947 871 2184 943 Spiritus
2215 876 2667 949 incorrttptibilis.
2689 882 2858 951 lgitur
2897 884 3079 938 omnia
3111 895 3237 940 sunt
3265 884 3357 940 Dei
3388 884 3528 954 ope?

282 952 411 1003 στοῦ
444 950 539 1016 ὢν,
569 954 667 1022 τῆς
713 954 996 1022 δυνάμεως
1022 955 1117 1008 τοῦ
1149 956 1384 1025 Πατρὸς,
1421 960 1521 1027 τῆς
1559 959 1840 1027 ἀληθείας,
1944 979 1947 1016 ῑ

1369 997 1384 1021 ,
1421 960 1521 1027 τῆς
1559 959 1840 1027 ἀληθείας,
1944 978 2023 1028 ra,
2064 981 2161 1020 nec
2202 967 2497 1036 quidquam
2535 950 2728 1027 eorum
2765 973 2928 1028 Deus.

283 1042 376 1136 1τοῦ
434 1038 843 1113 παντοδυνάμου
895 1045 1092 1113 Λόγου,
1146 1047 1422 1100 ἑλπισάτω
1477 1046 1574 1101 ἐπὶ
1612 1049 1838 1117 ’Κύριον
1871 1052 1978 1106 ἀπὸ
2021 1055 2111 1107 τοῦ
2145 1056 2241 1109 νῦν
2289 1060 2385 1111 καὶ
2417 1059 2520 1123 ἓως
2575 1061 2670 1114 τοῦ
2721 1063 2948 1126 αἰῶνος·
3009 1066 3089 1117 ὅτι
3139 1064 3375 1134 παράγει
3453 1063 3513 1116 τὸ

283 1134 471 1226 ﬂii“
527 1134 620 1187 τοῦ
661 1137 869 1204 κόσμου
917 1138 1130 1204 τούτου,
1165 1141 1261 1191 καί
1318 1140 1351 1210 ἡ
1421 1140 1600 1202 κτίσις
1644 1140 1881 1213 φθαρτή,
1922 1148 2019 1200 καὶ
2079 1148 2520 1222 ἀλλοιωθήσεται.
2550 1155 2658 1206 Καὶ
2690 1155 2849 1224 ἡμεῖς
2884 1156 2940 1208 ὲν
2971 1156 3192 1226 Χριστῷ
3224 1158 3322 1210 οὐκ
3351 1157 3520 1226 ἐσμὲν

280 1224 389 1278 ὑπὸ
453 1229 518 1279 τὰ
577 1230 819 1296 στοιχεῖα.
885 1230 979 1284 τοῦ
1030 1231 1237 1301 κόσμου
1284 1232 1707 1302 δεδουλωμένοι,
1768 1234 1843 1298 ὥς
1884 1253 2017 1307 φησι
2052 1241 2285 1308 Παῦλοςο
2325 1247 2437 1300 ἀλλ’
2471 1249 2761 1317 ὑπέρτεροι
2788 1250 2852 1317 τῇ
2885 1224 3034 1319 ψυχῇ
3058 1224 3174 1303 καί⁷
3213 1252 3281 1320 τῇ
3351 1224 3520 1321 capul-

279 1319 979 1463 yfgélvapev-‘rﬁgrpgogaaﬁ
1047 1325 1112 1392 τῇ
1153 1322 1247 1377 τοῦ
1295 1325 1576 1395 ἀφθάρτου
1629 1327 1947 1398 Πνεύματος
2012 1333 2222 1405 χάριτι.·
2283 1339 2754 1410 Δημιουργήματα
2808 1336 2901 1394 οῦν
2975 1342 3153 1395 πάντα
3207 1319 3381 1407 Θεοῦ,
3425 1319 3518 1395 παὶ

280 1427 341 1463 ου
375 1427 402 1461 ε
432 1427 456 1463 :
489 1427 668 1463 αυτων
759 1429 782 1463 ε
818 1431 867 1463 ε.
2668 1427 2676 1437 ’

280 1427 456 1472 ουοεις
489 1427 668 1463 αυτων
713 1427 867 1476 υεος.
2668 1427 2676 1437 ’

879 1508 1129 1562 ΚΕΦΑΛ.
1177 1512 1248 1566 Z'.

546 1600 680 1653 Ὀτι
733 1599 922 1668 μόνας
954 1601 1095 1667 Θεὸς
1125 1602 1164 1669 ἠ
1205 1602 1344 1670 ἁγία
1383 1603 1576 1672 Τριάς.

353 1685 445 1754 Εἷς
499 1692 553 1744 δὲ
608 1693 766 1760 μόνος
819 1693 934 1745 ἐστὶ
991 1694 1085 1745 καὶ
1138 1695 1412 1763 ἀληθινὸς,
1468 1697 1496 1749 ὀ
1556 1696 1614 1749 ιν
1643 1696 1840 1768 Τριάδι

2544 1522 2771 1578 CAPUT
2808 1523 2920 1578 Vll.

2095 1610 2250 1676 Quod
2282 1624 2625 1666 sacrosancta
2656 1613 2893 1668 Trinitas
2938 1615 3085 1668 solus
3114 1617 3184 1668 sit
3219 1613 3380 1669 Deus.

2021 1697 2173 1756 Unus
2192 1716 2319 1758 vero
2341 1704 2488 1757 solus
2517 1715 2569 1759 et
2587 1722 2747 1780 verps
2775 1707 2866 1775 qui
2887 1716 2968 1761 est
2991 1708 3042 1760 in
3064 1709 3332 1762 Trinitate
3357 1704 3523 1769 Deus,

283 1782 437 1849 Θεὸς,
483 1783 576 1835 καὶ
604 1782 795 1836 τοῦτον
837 1785 989 1837 πᾶσα
1033 1784 1298 1852 κηρύττει
1337 1785 1533 1850 κτίσις.
1565 1783 1714 1841 Οῦσα
1736 1787 1846 1857 γάρ
1875 1813 1917 1867 Β
1945 1815 1948 1837 ι

1875 1813 1917 1867 Β
1945 1801 1998 1845 et
2036 1792 2139 1846 hoc
2168 1808 2356 1848 omnes
2403 1797 2694 1863 praedicant
2747 1809 3051 1864 creaturae;
3087 1807 3216 1853 sunt
3272 1798 3416 1853 enim
3457 1813 3523 1852 ex

283 1874 433 1924 ἐστιν
485 1875 545 1926 ἐκ
590 1875 681 1927 τοῦ
728 1873 879 1936 ὄντος
921 1875 1007 1928 ἀεὶ
1059 1875 1292 1944 Πατρδς,
1322 1877 1416 1928 καὶ
1442 1877 1587 1947 λόγῳ
1614 1878 1846 1932 διοικουυ

1948 1897 2013 1937 eo
2045 1885 2134 1954 qui
2166 1899 2378 1952 semper
2408 1896 2490 1939 est
2522 1886 2700 1954 Pater,
2743 1899 2796 1943 et
2829 1889 3009 1944 Verbo
3047 1891 3521 1954 administrantur,

287 1963 444 2030 μένη,
499 1964 561 2014 ὲκ
611 1962 705 2016 τοῦ
741 1964 940 2027 ζῶντος
988 1965 1160 2031 Λόγου
1216 1963 1313 2017 τοῦ
1354 1965 1440 2021 ἀεὶ
1484 1968 1720 2037 Πατρόςο
1757 1970 1848 2021 καὶ
1949 1999 1952 2019 ι

1949 1989 2071 2028 cum
2109 1984 2391 2042 generetur
2412 1977 2644 2030 Verbum
2670 1979 2738 2033 ab
2758 1993 2820 2033 eo
2847 1980 2940 2048 qui
2972 1995 3184 2050 semper
3223 1990 3307 2036 est
3338 1980 3524 2044 Pater,

286 2052 568 2122 ιινεύματι
616 2055 948 2123 συνεχομένη
999 2058 1094 2110 καὶ
1157 2057 1393 2120 μένουσα
1448 2058 1700 2128 ζωοποιῷ
1751 2060 1844 2112 τοῦ

1954 2071 2008 2120 et
2042 2065 2243 2134 Spiritu
2278 2067 2568 2122 viviﬁcanti
2622 2070 2793 2125 solius
2819 2071 2925 2126 vivi
2954 2071 3043 2126 Dei
3108 2073 3357 2132 adunatze
3403 2089 3527 2144 per-

286 2145 422 2198 Θεοῦ
461 2145 555 2198 τοῦ
589 2146 750 2214 μόνου
789 2147 883 2199 καὶ
923 2146 1146 2210 ζῶντος.
1199 2148 1308 2201 Καὶ
1351 2147 1670 2211 ’Δθανάσιος
1723 2150 1850 2220 περὶ

1953 2167 2189 2211 manent.
2251 2156 2406 2223 Quod
2465 2169 2515 2214 te
2562 2160 2835 2216 docebunt
2883 2164 3213 2220 Athanasius
3269 2180 3518 2236 magnus.

284 2237 475 2289 τούτου
526 2239 554 2290 ό
585 2237 784 2307 μέγας,
823 2239 918 2290 καὶ
962 2238 1267 2309 Γρηγόριός
1324 2256 1383 2292 σε
1439 2242 1468 2293 ὁ
1529 2240 1851 2313 θεορῥήμων

1950 2246 2243 2318 Gregorius
2276 2249 2582 2320 Theologus
2621 2255 2908 2323 caeterique
2943 2271 3066 2309 cutn
3128 2255 3262 2326 ipsis
3307 2255 3519 2312 Patres.

285 2328 597 2394 διδάξουσι,
654 2329 749 2384 καὶ
809 2330 856 2382 οι
909 2328 1089 2383 λοιποὶ
1145 2331 1242 2384 σὺν
1300 2331 1484 2396 αὐτοῖς
1524 2331 1635 2385 τῶν
1680 2333 1850 2387 Πατέ-

288 2437 421 2490 ρων.

367 2513 424 2580 8
449 2512 770 2576 Klnptxdc.
787 2512 1031 2575 Ἱκανῶς,
1058 2512 1315 2580 δέσποτα,
1347 2514 1442 2567 καὶ
1466 2514 1554 2567 τὸν
1582 2515 1738 2582 λόγον
1761 2516 1854 2568 τὸν

285 2607 428 2656 κατὰ
451 2605 556 2656 τῶν
573 2603 840 2675 Ἑλλήνων
857 2605 963 2656 τῶν
987 2605 1264 2659 πολυθέων
1299 2606 1639 2675 ἐπέγνωμεν.
1657 2607 1854 2674 ’Λνάγοο

282 2716 355 2766 κη
412 2697 467 2750 δὲ
520 2698 722 2764 γνῶναι
756 2698 849 2749 καὶ
905 2697 992 2749 τὸν
1049 2699 1178 2769 περὶ
1207 2700 1435 2768 Τριάδος
1484 2698 1858 2768 ἀριδηλότερον

285 2791 463 2856 λόγον,
495 2790 568 2852 ὡς
596 2788 659 2842 ἂν
687 2789 811 2850 τοὺς
840 2789 929 2840 τὸν
964 2789 1091 2842 Υἱὸν
1123 2791 1213 2842 καὶ
1250 2791 1308 2844 τὸ
1339 2790 1562 2859 Πνεῦμα
1589 2789 1682 2843 τοῦ
1721 2789 1856 2842 Θεοῦ

291 2880 622 2939 ἀθετοῦντας
655 2880 791 2945 πρὸς
822 2881 918 2948 τὴν
949 2881 1047 2947 τῆς
1079 2881 1339 2947 ἀληθείας
1373 2885 1574 2948 γνῶσιν
1619 2880 1861 2933 ἑλκύσω-

294 2990 416 3040 μεν.
455 2973 566 3025 Καὶ
613 2972 721 3039 γὰρ
758 2971 891 3038 πρὸς
922 2973 1080 3023 τοῦτο
1121 2972 1353 3040 μάλιστα
1382 2975 1410 3025 ὁ
1442 2973 1614 3039 ἀγὼν.
1649 2972 1862 3025 πολλῶν

287 3067 457 3115 ὅντων
488 3063 596 3114 τῶν
626 3063 841 3125 ἀσεϐῶς
891 3062 1232 3116 ἀθετούντων
1257 3061 1346 3115 τὸν
1377 3063 1467 3116 τοῦ
1504 3063 1640 3117 Θεοῦ
1691 3064 1862 3132 Λόγον

289 3153 384 3206 καὶ
407 3154 465 3205 τὸ
496 3152 718 3221 Πνεῦμα
743 3152 802 3203 τὸ
830 3153 1007 3218 ἅγιον.

884 3264 1133 3317 ΚΕΦΑΛ.
1188 3264 1271 3317 11'.

1886 3144 1933 3208 C

2024 2518 2274 2574 Clericus.
2312 2519 2480 2583 Satis,
2507 2522 2747 2588 domine,
2790 2524 3093 2579 orationem
3151 2533 3342 2579 contra
3371 2524 3528 2579 Gras-

1959 2624 2053 2664 cos
2085 2611 2239 2678 plura
2299 2613 2521 2665 numina
2574 2614 2867 2668 adorantes
2915 2618 3296 2684 percepimus;
3338 2626 3393 2669 at
3430 2631 3528 2671 ne-

1966 2715 2118 2755 cesse
2147 2712 2228 2755 est
2265 2702 2407 2755 scire
2463 2703 2707 2756 lucidum
2769 2707 2832 2758 de
2867 2704 3140 2760 Trinitate
3191 2721 3528 2769 Sermonem,

1962 2801 2022 2846 ut
2053 2807 2149 2848 eos
2199 2793 2289 2862 qui
2329 2792 2526 2847 Filium
2587 2803 2640 2848 et
2693 2795 2955 2863 Spiritum
3026 2797 3118 2851 Dei
3172 2797 3429 2866 rejiciunt
3461 2799 3528 2851 ad

1963 2885 2211 2938 notitiam
2248 2886 2497 2941 veritatis
2546 2887 2904 2942 adducamus.
2943 2888 3075 2941 Nam
3130 2890 3182 2942 in
3217 2891 3317 2944 hoc
3345 2891 3537 2958 praci-

1965 2991 2066 3043 pue
2094 2986 2315 3030 constat
2346 2993 2552 3046 pugna,
2587 2994 2712 3033 cum
2757 2979 2912 3033 multi
2946 2980 3058 3034 sint
3087 2979 3178 3035 Dei
3208 2981 3446 3036 Verbum
3478 2990 3533 3037 et

1969 3064 2233 3136 Spiritum
2268 3077 2518 3122 sanctum
2559 3069 2720 3139 impie
2758 3071 3111 3141 abuegantes.

2548 3264 2778 3320 CAPUT
2820 3265 2960 3322 VIII.

292 3357 456 3412 Κατὰ
491 3356 800 3411 Ἰουδαίων
828 3356 923 3408 καὶ
953 3357 1307 3428 Σαϐελλίου,
1345 3358 1445 3410 καὶ
1477 3356 1599 3411 τῶν
1630 3359 1858 3413 λοιπῶν

1958 3355 2152 3411 Contra
2182 3355 2399 3410 Judaros
2426 3366 2472 3409 et
2506 3355 2822 3424 Sabellium,
2855 3366 2904 3412 et
2928 3359 3062 3413 alios
3087 3360 3249 3428 impia
3270 3360 3531 3414 docentes.

980 3426 1190 3479 ἀθέων.

377 3520 724 3588 Ἀρχιερεὺςκ
758 3517 889 3570 Οὐδὲ
921 3517 1055 3584 πρὸς
1082 3516 1242 3569 τοῦτο
1272 3517 1509 3586 σπουδῆς
1553 3518 1662 3589 ἄρα
1702 3519 1860 3589 χρεία

296 3613 520 3680 πολλῆς,
557 3611 630 3674 ὡς
677 3609 777 3677 τῆς
812 3610 978 3674 ἁγίας
1029 3607 1524 3676 ἀπάσηςιΓραφῆς
1569 3609 1702 3677 περὶ
1763 3607 1858 3662 τοῦ

299 3707 472 3771 Λόγου
503 3704 594 3757 τοῦ
626 3701 762 3755 Θεοῦ
801 3702 895 3754 καὶ
950 3699 1042 3752 τοῦ
1099 3700 1257 3766 ἁγίου
1306 3699 1623 3767 Πνεύματος
1656 3717 1863 3770 μαρτυ-

299 3798 517 3865 ριύσης.
557 3796 658 3847 Ἦν
692 3794 867 3861 δήπερ
897 3791 1060 3858 ἀγίαν
1101 3791 1328 3860 Γραφὴν
1357 3790 1606 3860 δέχεσθαι
1642 3791 1863 3858 λέγουσι

291 3889 453 3956 δῆθεν
499 3890 546 3939 οἱ
578 3885 708 3937 Θεὸν
760 3885 882 3952 δίχα
924 3883 1096 3950 Λόγου
1132 3880 1457 3950 φρονοῦντες
1487 3882 1580 3956 καὶ
1614 3881 1864 3950 Πνεῦμα-

297 3953 414 4040 τος.
449 3976 638 4030 Ἀθεοι
667 3976 720 4027 δὲ
756 3975 849 4026 καὶ
880 3967 1048 4038 οὗτοι,
1084 3973 1130 4023 εί
1170 3973 1264 4023 καὶ
1308 3970 1442 4023 Θεὸν
1482 3953 1681 4023 εἰδέναι
1713 3970 1864 4039 νομί-

299 4073 505 4131 ζίιυσιν.
557 4066 613 4118 ’0
659 4057 869 4116 ἀθετῶν
901 4062 1031 4130 γὰρ,
1078 4061 1245 4129 φησι,
1286 4059 1378 4110 τὸν
1419 4059 1543 4111 Υἱὸν
1569 4059 1750 4111 ἀθετεῖ
1776 4058 1866 4110 τὸν

300 4163 518 4230 Πατέρα
552 4163 641 4212 τὸν
692 4157 988 4224 πέμψαντα
1037 4155 1220 4207 αὐτόν.
1257 4153 1367 4206 Καὶ
1399 4154 1594 4221 ἀλογον
1623 4153 1715 4207 καὶ
1747 4153 1869 4206 ἀτο-

297 4273 398 4321 ςον
442 4253 574 4304 Θεὸν
622 4250 798 4317 ἑαυτῷ
831 4248 1117 4316 κηρύσσει,
1177 4245 1273 4297 καὶ
1331 4244 1649 4312 ῐινεύματος
1700 4243 1870 4313 χωρὶς

292 4346 387 4396 τοῦ
439 4343 638 4407 ζῶντος
684 4341 777 4394 καὶ
811 4339 955 4407 ζωὴν
990 4341 1124 4391 πᾶσι
1165 4337 1443 4405 νέμοντος.
1481 4333 1647 4387 Ὅθεν
1699 4333 1870 4396 ἄθεοι,

293 4437 367 4496 ὡς
403 4434 635 4502 ἔφημεν,
693 4431 786 4482 καὶ
821 4423 965 4482 οῦτοί
1001 4431 1105 4481 εἰσι
1129 4469 1143 4492 ,
1189 4429 1280 4480 καὶ
1331 4426 1584 4489 καθάπαξ
1612 4424 1871 4477 ἀσεϐοῦν-

2038 3505 2306 3575 Pontifex.
2341 3506 2455 3561 Non
2517 3508 2688 3562 multo
2739 3509 2804 3562 ad
2863 3509 2966 3562 hoc
3003 3526 3142 3580 opus
3197 3520 3280 3566 est
3328 3512 3535 3575 studio,

1962 3612 2086 3652 cum
2121 3597 2402 3668 Scriptura
2441 3613 2596 3654 sacra
2633 3601 2832 3669 ubique
2862 3602 2928 3656 de
2959 3602 3137 3656 Verbo
3170 3603 3262 3656 Dei
3315 3610 3369 3657 et
3410 3602 3531 3673 Spi-

1963 3689 2069 3743 ritu
2101 3698 2289 3743 sancto
2323 3690 2697 3743 testimonium
2734 3689 2931 3754 faciat,
2965 3707 3126 3756 quam
3165 3694 3357 3747 saltem
3390 3693 3537 3748 Scri-

1965 3788 2173 3845 pturam
2213 3791 2422 3830 sacram
2483 3791 2708 3843 prorsus
2772 3788 3028 3831 asserunt
3057 3793 3114 3832 se
3163 3780 3412 3847 accipere
3440 3781 3536 3848 qui

1966 3869 2132 3922 Deum
2185 3868 2304 3922 sine
2367 3867 2543 3921 Verbo
2602 3882 2655 3921 et
2713 3868 2920 3936 Spiritu
2976 3870 3310 3938 excogitant.
3364 3868 3537 3923 Porro

1966 3959 2108 4013 athei
2141 3966 2271 4010 sunt
2335 3965 2388 4010 et
2447 3956 2570 4020 isti,
2634 3957 2738 4011 etsi
2794 3955 2962 4010 Deum
2999 3972 3224 4011 noscere
3248 3968 3531 4013 censeant.

1966 4050 2056 4102 Ait
2081 4050 2265 4103 enim:
2307 4067 2325 4099 ι
2374 4047 2478 4114 Qui
2520 4057 2681 4116 negat
2734 4047 2958 4110 Filium,
3017 4061 3175 4114 negat
3218 4059 3272 4103 et
3319 4049 3534 4104 Patrem

1969 4141 2062 4206 qui
2098 4139 2416 4201 misiteum,
2459 4155 2477 4188 ι
2517 4145 2570 4191 et
2605 4135 2769 4189 Denm
2819 4137 2939 4190 sine
2989 4134 3166 4189 Verbo
3210 4146 3264 4190 et
3296 4137 3416 4191 sine
3451 4152 3539 4191 sa-

1971 4227 2174 4295 pientia
2238 4224 2561 4292 sibimetipsi
2618 4226 2875 4292 praedicat
2934 4241 3145 4280 necnon
3180 4227 3297 4279 sine
3333 4225 3535 4292 Spiritu

1971 4317 2062 4385 qui
2092 4317 2220 4368 vivit
2252 4324 2306 4369 et
2339 4317 2503 4369 vitam
2560 4316 2819 4369 omnibus
2875 4317 3136 4385 impertit.
3176 4316 3536 4386 Quapropter,

1973 4418 2034 4462 ut
2065 4407 2326 4468 diximus,
2368 4406 2512 4460 alliei
2553 4415 2683 4461 sunt
2714 4416 2769 4460 et
2821 4407 2931 4470 isti,
2991 4415 3043 4460 et
3087 4421 3316 4494 prorsus
3363 4407 3540 4461 irreli-

296 4493 387 4587 15";
556 4493 651 4574 καί
678 4521 932 4575 ἀντίθεοι.
985 4521 1148 4588 Ἥμῖν
1204 4519 1259 4571 δὲ
1314 4512 1393 4576 εἷς
1423 4517 1554 4580 Θεὸς
1595 4516 1623 4567 ὁ
1664 4516 1867 4584 Πατῆρι
1906 4493 1950 4547 D

1906 4493 1950 4547 ι)
1981 4499 2116 4565 giosi
2153 4497 2370 4566 Deoque
2400 4497 2722 4551 adversarii.
2768 4495 2936 4551 Nobis
2988 4507 3166 4549 autem
3221 4493 3364 4552 unus
3399 4500 3538 4553 Deus

301 4614 438 4681 μετά
474 4613 566 4666 τοῦ
608 4612 970 4664 ὲνυποστάτου
1023 4607 1186 4662 αὐτοῦ
1239 4607 1410 4674 Λόγου
1434 4645 1449 4670 ,
1483 4606 1577 4660 καὶ
1609 4605 1701 4657 τοῦ
1736 4606 1872 4666 ζωο-

297 4705 452 4756 ποιοῦ
497 4702 812 4772 Πνεύματος
840 4740 854 4763 ,
901 4699 1082 4760 καθὼς
1123 4697 1530 4767 παρελάϐομεν,
1565 4695 1660 4748 καὶ
1693 4693 1873 4756 καθὼς

299 4796 446 4860 ’ἡμᾶς
505 4793 663 4854 αὐτὸς
721 4793 748 4844 ὁ
805 4791 898 4844 τοῦ
941 4789 1077 4842 Θεοῦ
1142 4789 1315 4856 Λόγος
1363 4786 1597 4849 ἐδίδαξεν
1671 4784 1875 4853 Ἰησοῦς

301 4885 539 4951 Χριστὸς
567 4922 581 4945 ,
622 4883 683 4933 τὸ
731 4880 1070 4947 ἀπαύγασμα
1123 4879 1216 4944 τῆς
1280 4875 1474 4942 δόξης,
1515 4875 1542 4926 6
1591 4873 1875 4945 χαρακτὴρ

298 4974 398 5038 τῆς
455 4971 802 5032 ὑποστάσεως
845 4968 938 5020 τοῦ
1001 4967 1214 5035 Πατρὺς
1282 4967 1339 5016 ὲν
1399 4964 1477 5032 τῷ
1530 4961 1877 5015 ἀποστέλλειν

293 5064 420 5122 τοὺς
487 5061 736 5130 μαθητὰς
804 5057 1129 5127 μαθητεύειν
1183 5058 1251 5108 τὰ
1311 5054 1458 5120 ἔθνη,
1495 5055 1874 5123 παραγγείλας

299 5153 581 5221 βαπτίζειν
655 5150 780 5213 τοὺς
855 5149 1212 5208 πιστεύοντας
1274 5147 1353 5207 εἰς
1413 5146 1620 5210 αὑτὸν,
1682 5147 1762 5206 εἰς
1816 5145 1876 5195 τὸ

296 5246 467 5312 ὄνομα
512 5241 606 5294 τοῦ
660 5240 903 5308 Πιτρὸς,
963 5241 1054 5290 καὶ
1116 5237 1210 5290 τοῦ
1259 5235 1414 5300 Υίοῦ,
1444 5236 1536 5288 καὶ
1583 5233 1678 5287 τοῦ
1718 5235 1874 5300 ἁγίου

306 5331 641 5399 Πνεύματος,
682 5329 798 5396 ἅμα
847 5328 957 5395 γὰρ
1013 5326 1108 5378 καὶ
1159 5325 1220 5377 τὸ
1261 5325 1458 5376 ὲνιαῖον
1515 5324 1609 5376 καὶ
1638 5323 1697 5374 τὸ
1726 5338 1877 5390 τρισ-

303 5425 392 5472 σὸν
441 5419 540 5487 τῆς
598 5419 828 5485 Τριάδος
882 5415 1043 5478 αὐτὸς
1090 5417 1117 5467 ό
1183 5411 1263 5475 εἷς
1318 5414 1418 5482 τῆς
1484 5414 1713 5480 Τριάδος
1773 5413 1876 5465 ιδι-

305 5511 455 5576 δαξε.
509 5511 619 5562 Καὶ
676 5511 732 5560 ὲν
775 5509 849 5576 τῷ
885 5509 1058 5559 εἰπεῖν
1115 5508 1212 5574 μὲν
1248 5525 1265 5556 ι
1309 5508 1385 5567 εἰς
1416 5505 1477 5557 τὺ
1513 5504 1681 5573 ὄνομα
1708 5545 1720 5565 ,
1764 5523 1781 5555 ι
1819 5505 1878 5556 τὸ

302 5603 402 5668 τῆς
430 5599 658 5668 Τριάδος
705 5597 968 5667 ἐκήρυξεν
1002 5598 1233 5648 ένιαῖονο
1271 5596 1330 5648 ἓν
1370 5595 1478 5663 γὰρ
1512 5598 1603 5646 καὶ
1642 5595 1877 5662 ἀδιαίρε-

304 5709 398 5743 τον
426 5692 518 5744 καὶ
550 5691 611 5742 τὸ
641 5689 830 5760 ὄνομα,
866 5691 938 5749 ὡς
969 5689 1062 5741 καὶ
1099 5689 1131 5756 ἡ
1170 5688 1328 5740 οὐσία
1364 5689 1461 5756 μία
1503 5687 1597 5738 καὶ
1643 5684 1876 5754 δύναμις

309 5784 405 5838 καὶ
438 5782 723 5854 ὶνέργειιν
760 5783 858 5845 τὰς
911 5783 1060 5849 τρεῖς
1106 5781 1161 5832 δὲ
1203 5777 1554 5841 ὑποστάσεις,
1583 5778 1640 5827 ἐν
1683 5776 1760 5846 τῷ
1793 5778 1870 5828 εἰ-

1976 4592 2160 4653 Pater,
2233 4603 2356 4642 enin
2403 4588 2860 4643 consubstantiali
2910 4588 3030 4658 ejus
3075 4588 3249 4642 Verbo
3278 4599 3332 4644 et
3363 4588 3542 4643 viviﬁ-

1977 4688 2136 4734 cante
2170 4680 2396 4746 Spiritu,
2440 4688 2601 4746 prout
2647 4679 2910 4732 traditum
2951 4688 3037 4732 est
3067 4678 3245 4742 nobis,
3295 4687 3349 4733 et
3380 4689 3542 4748 prout

1977 4773 2150 4841 ipsum
2211 4771 2301 4824 Dei
2343 4769 2570 4824 Verbum
2625 4785 2722 4824 nos
2767 4770 3207 4834 edocuit,Jesus
3266 4769 3542 4834 Christus,

1977 4860 2232 4929 splendor
2277 4861 2460 4928 gloria:
2490 4868 2546 4912 et
2581 4861 2750 4928 ligura
2781 4861 3102 4914 substantia:
3133 4859 3330 4923 Patris,
3369 4877 3545 4928 quan-

1977 4953 2046 5007 do
2079 4951 2374 5018 discipulos
2425 4949 2575 5004 misit
2634 4949 2701 5004 ad
2769 4950 3045 5005 docendas
3087 4959 3296 5018 gentes,
3342 4953 3542 5021 jubens

1979 5043 2251 5111 baptizare
2283 5042 2574 5094 credentes
2612 5041 2663 5094 in
2700 5056 2822 5095 eum
2880 5041 2934 5094 in
2995 5041 3213 5094 nomine
3256 5041 3455 5104 Patris,
3489 5051 3543 5095 (ιι

1979 5116 2213 5195 Εἱιίί,ἐι
2251 5131 2488 5200 Spiritus
2517 5131 2716 5186 sancti.
2769 5131 2980 5199 Quippe
3028 5130 3351 5186 Trinitatem
3383 5132 3544 5186 simul

1977 5231 2031 5277 et
2071 5222 2329 5275 unitatem
2364 5219 2576 5274 Triadis
2633 5222 2746 5289 ipse
2806 5237 2947 5274 unus
2986 5236 3051 5274 ex
3087 5220 3289 5274 Triade
3315 5222 3541 5274 demon-

1976 5314 2202 5375 stravit;
2225 5311 2455 5366 diremlo
2483 5312 2702 5379 quidem
2737 5329 2748 5363 :
2776 5330 2792 5362 ι
2817 5309 2872 5364 in
2892 5312 3112 5366 nomine
3137 5333 3153 5364 ι
3184 5311 3398 5367 Triardis
3422 5319 3543 5366 uni-

1982 5416 2146 5460 tatem
2180 5404 2512 5473 prmdicavit,
2536 5419 2700 5456 unum
2736 5404 2878 5457 enim
2906 5412 2988 5458 est
3022 5413 3070 5458 et
3093 5405 3418 5460 indivisibile
3450 5419 3545 5458 no-

1979 5513 2126 5560 men,
2179 5497 2321 5549 sicut
2371 5503 2423 5548 et
2459 5503 2648 5548 natura
2685 5511 2812 5558 una,
2862 5505 2913 5549 et
2966 5505 3202 5564 potestas
3251 5505 3303 5550 et
3345 5497 3539 5559 virtus.

1981 5597 2087 5642 tres
2119 5596 2298 5639 autem
2332 5601 2594 5654 personas
2630 5586 2832 5646 docuit,
2865 5586 3051 5639 dicens
3086 5605 3097 5639 :
3132 5584 3310 5640 Patris
3339 5596 3389 5640 et
3419 5583 3542 5640 Filii

1979 5687 2033 5732 et
2064 5677 2299 5745 Spiritus
2338 5671 2544 5739 sancti';
2587 5685 2638 5728 et
2691 5691 2907 5729 rursum
2943 5678 3105 5730 unius
3157 5675 3368 5729 Triadis
3398 5692 3546 5730 earn-

1981 5771 2104 5824 dent
2136 5777 2189 5823 rt
2224 5783 2383 5821 unam
2415 5776 2738 5835 potestatem
2789 5777 2948 5837 atque
3001 5773 3255 5823 virtutem
3305 5768 3542 5826 ostendit
