4216 6432
691 439 752 504 51
1520 443 1903 506 SYMEONIS
1952 445 2708 510 THESSALONICENCIS
2743 451 3096 511 ARCHIEP.
3881 445 3953 508 52

689 556 877 611 dicens
912 577 925 611 ι
962 577 981 609 ι
1023 557 1364 625 Baptizantes
1395 569 1519 624 eos;
1558 577 1575 606 ι
1607 574 1734 613 nam
1776 573 1886 614 non
1913 567 2122 613 tantum
2152 558 2265 628 agi-
2291 589 2339 642 Α

2291 589 2339 642 Δ
2372 562 2518 628 πεῖν,
2563 582 2578 612 ε
2619 561 2712 615 τοῦ
2753 565 2988 629 Πατρὺς,
3028 564 3123 615 καὶ
3179 561 3274 615 τοῦ
3326 563 3478 626 Υίοῦ,
3511 562 3608 616 καὶ
3659 561 3753 618 τοῦ
3788 560 3949 630 ἀγίου

693 658 776 703 tur
814 648 882 704 de
911 649 1250 718 baptizando,
1293 651 1384 702 sed
1425 648 1588 704 etiam
1635 649 1703 702 de
1755 648 2075 704 renovando
2108 657 2162 702 et
2193 648 2261 703 de

693 739 988 793 retieiendn
1019 740 1258 805 homine,
1299 739 1443 810 quod
1485 741 1545 794 lit
1580 740 1780 795 virtute
1821 748 1873 792 et
1901 746 2170 804 potestate
2208 747 2266 793 et

691 833 864 901 gratia
899 833 1059 888 unius
1108 833 1346 888 nominis
1379 833 1772 895 omnipotentis
1805 829 2126 893 Τίιιιιιαιίες
2165 830 2261 885 sed

693 938 1046 990 personarum
1083 925 1401 980 ‘i'rinitatem
1430 924 1725 979 declaravit
1758 923 1993 976 uiuendo
2019 941 2032 976 :
2060 921 2262 988 Patris,

693 1026 747 1069 et
772 1016 920 1084 Filii,
965 1033 1019 1071 et
1046 1017 1283 1088 Spiritus
1331 1023 1504 1073 san.ti
1571 1015 1725 1083 Quod
1774 1015 1938 1070 etiam
1973 1017 2264 1070 z-v-ntitetur

691 1107 931 1164 Joannes
962 1109 1289 1177 Τῐιτεοιοευρ,
1316 1109 1368 1160 in
1413 1108 1566 1162 initio
1603 1124 1682 1160 sm
1710 1105 1986 1172 Evangelii
2014 1106 2093 1159 sie
2128 1104 2266 1158 siri-

697 1200 828 1253 bens
869 1220 881 1252 :
924 1220 943 1250 σ
995 1200 1052 1253 In
1091 1201 1358 1269 priusipis
1408 1209 1523 1256 ..-,r.-it
1569 1198 1836 1264 Verbum,
1881 1217 1900 1252 3
1941 1196 2141 1251 Filium
2168 1211 2268 1250 an-

700 1292 985 1352 nuntians;
1025 1309 1045 1340 α
1079 1300 1135 1346 et
1160 1291 1402 1347 Verbum
1430 1299 1546 1346 erat
1583 1296 1725 1358 apud
1760 1289 1948 1351 Deum,
1984 1307 2001 1338 υ
2053 1288 2263 1342 Patrem

693 1382 930 1444 decens:
973 1401 992 1432 ε
1044 1392 1097 1437 et
1157 1384 1300 1440 Deus
1357 1396 1477 1439 erat
1527 1382 1790 1446 Verbum,
1829 1402 1846 1434 ι
1881 1380 2082 1435 Filium
2142 1394 2265 1434 esse

701 1472 846 1526 Patri
891 1476 1414 1531 mucubstantialem
1474 1477 1886 1530 demonstrans.
1926 1491 1945 1523 ι
1985 1471 2096 1525 Hoc
2145 1479 2268 1526 erat

696 1567 748 1618 iu
787 1566 1054 1634 ρνὶιξςετιιίο
1107 1568 1248 1634 agiqu
1301 1569 1494 1631 Deum,
1528 1585 1546 1619 ι
1582 1567 1836 1635 quoniam
1893 1564 2264 1620 consubstan-

694 1657 925 1710 tialem:
972 1659 1114 1711 Pani
1145 1667 1198 1712 et
1231 1669 1586 1715 cozeternum.
1633 1679 1652 1707 ι
1688 1658 1883 1713 Omnia
1933 1672 2028 1726 per
2090 1658 2262 1724 ipsum

697 1748 834 1802 facta
871 1758 1031 1813 sunt;
1071 1767 1089 1798 ι
1124 1751 1382 1817 quoniam
1425 1751 1632 1816 creanti
1666 1759 1992 1820 cooperatus
2043 1759 2126 1804 est
2162 1747 2263 1801 Pa-

697 1840 789 1904 tri,
817 1856 940 1894 nam
977 1858 991 1896 :
1028 1860 1047 1893 ι
1081 1839 1262 1896 Verbo
1305 1841 1520 1897 Domini
1568 1843 1694 1900 coeli
1729 1843 1923 1896 firmati
1956 1851 2107 1908 sunt,
2131 1861 2149 1893 ι
2191 1840 2268 1894 ait

2369 650 2705 718 Πνεύματος.
2744 669 2761 702 ι
2801 652 2910 702 Καὶ
2944 653 3106 704 πάλιν
3135 653 3233 720 τῆς
3269 654 3404 721 μιᾶς
3447 651 3679 723 Τριάδος
3710 650 3808 721 τὴν
3847 651 3952 704 αὖ·

2369 743 2470 812 τὴν
2505 748 2592 796 καί
2632 748 2759 812 μίαν
2793 747 3023 813 δύναμιν
3058 747 3153 800 καὶ
3184 747 3493 816 ἐνέργειαν.
3541 749 3600 801 ὲν
3642 746 3721 816 τῷ
3756 743 3946 810 λέγειν

2379 852 2398 885 ι
2446 834 2798 903 βαπτίζοντες
2829 836 3049 898 αὐτούς.
3091 855 3108 888 ι
3148 837 3281 890 Οὐδὲ
3315 841 3422 906 γὰρ
3450 835 3634 898 ἀπὶῶς
3665 834 3951 905 βαπτίζειν

2372 928 2544 988 ἐστὶν.
2586 927 2705 980 ἀλλ’
2739 926 3113 991 ἀνακαινίζειν
3165 927 3260 979 καί⁵
3319 926 3683 979 ἀναπλάττειν
3722 925 3813 978 τὸν
3849 925 3949 994 βα-

2375 1018 2704 1081 πτιζόμενον
2733 1035 2746 1049 ο
2778 1018 2807 1070 6
2833 1020 2896 1088 δὴ
2931 1017 3138 1084 γίνεται
3186 1020 3249 1086 τῇ
3309 1016 3558 1086 ἐνεργείᾳ
3593 1015 3688 1069 καὶ
3719 1015 3950 1084 δυνάμει

2371 1111 2465 1162 καὶ
2537 1113 2721 1180 χάριτι
2801 1111 2894 1162 τοῦ
2953 1111 3074 1174 ἐνὸς
3148 1109 3411 1176 ὀνόματος
3466 1111 3566 1178 τῆς
3617 1107 3950 1160 παντοδυνὰο

2372 1216 2476 1267 μου
2508 1200 2775 1270 Τριάδοςο
2808 1203 2869 1254 τὸ
2918 1201 3348 1271 τρισυπόστατον
3398 1200 3476 1264 δὲ,
3521 1198 3588 1252 ’ἑν
3635 1197 3713 1266 τῷ
3764 1197 3950 1264 λέγειν

2377 1311 2395 1347 ι
2431 1292 2535 1345 Τοῦ
2568 1294 2782 1363 Πατρὸς
2806 1294 2899 1347 καὶ
2931 1293 3026 1346 τοῦ
3065 1293 3190 1346 rio-3
3230 1293 3326 1346 καὶ
3359 1291 3453 1345 τοῦ
3489 1290 3650 1359 άγίου
3691 1291 3950 1359 ιινεύμα-

2369 1402 2479 1449 τος.
2523 1403 2543 1437 r
2581 1385 2799 1454 Ταύτην
2849 1385 2948 1455 πλὴν
2979 1384 3273 1452 ὁμολογίαν
3303 1385 3394 1435 καὶ
3431 1383 3684 1452 Ἰωάννης
3713 1383 3770 1434 ὲν
3801 1383 3947 1452 ἀρχῇ

2367 1477 2463 1530 τοῦ
2491 1478 2825 1546 Εὑαγγελίου
2857 1477 3119 1543 θοιολογεῐ.
3147 1475 3289 1529 οῦτω
3324 1476 3573 1546 γράφων·
3614 1493 3632 1523 ι
3683 1475 3772 1526 Ἑν
3801 1475 3946 1542 ἀρχῇ

2369 1562 2438 1638 ἦν
2472 1567 2499 1618 6
2535 1567 2730 1635 Λόγος.
2776 1589 2792 1617 ι
2823 1569 2915 1619 τὸν
2963 1568 3094 1620 Υἱῗιν
3130 1565 3516 1635 καταγγέλλων
3540 1605 3554 1627 .
3609 1583 3627 1617 ι
3664 1566 3755 1618 καὶ
3781 1565 3809 1616 6
3843 1565 3952 1616 A6-

2369 1675 2466 1724 γος
2495 1657 2562 1727 ἦν
2594 1657 2731 1727 πρὸς
2760 1659 2851 1711 τὸν
2880 1657 3036 1723 Θεὸν,
3067 1675 3085 1709 ι
3110 1658 3201 1712 τὸν
3235 1657 3451 1726 Πατέρα
3499 1656 3782 1718 διδάσκων,
3812 1674 3828 1705 ι
3857 1655 3953 1706 καὶ

2375 1749 2512 1813 Θεὸς
2548 1745 2618 1821 ἦν
2646 1752 2673 1802 6
2704 1749 2897 1817 Λόγυς,
2939 1768 2956 1800 ι
2991 1750 3050 1801 τὸ
3084 1748 3372 1818 ὁμοούσιον
3401 1747 3492 1801 τοῦ
3530 1747 3663 1801 Υίοῦ
3698 1747 3831 1816 πρὸς
3859 1745 3953 1797 τὸν

2375 1840 2596 1914 Πατέρα
2651 1839 2956 1910 παριστῶν.
3014 1834 3182 1898 Οὗτος
3229 1835 3297 1910 ἦν
3348 1841 3406 1891 ιν
3467 1839 3609 1908 ἀρχῇ
3657 1838 3794 1906 πρὸς
3857 1837 3952 1888 τὸν

702 1927 903 1995 David;
936 1939 1037 1985 et:
1075 1949 1094 1982 ι
1148 1930 1278 1987 Siue
1331 1933 1452 2001 ipso
1512 1932 1717 1988 factum
1782 1947 1866 1988 est
1923 1933 2056 1988 nihil
2111 1932 2367 2005 quodBt

2288 1944 2335 2005 Β
2362 1933 2514 1987 Θεόν.
2560 1931 2778 2003 Ἐπειδὴ
2803 1933 2897 1986 καὶ
2929 1931 3213 2001 ὁμοοὺσιός
3237 1933 3354 1984 ἐστι
3380 1930 3457 2000 τῷ
3488 1931 3662 2000 Πατρὶ
3690 1931 3781 1980 κιὶ
3820 1944 3951 1980 συν-

695 2016 898 2073 factum
931 2029 1033 2084 est,
1080 2039 1099 2074 ι
1140 2021 1290 2078 addit
1339 2021 1711 2095 Evangelium.
1751 2042 1769 2076 ι
1811 2023 2002 2078 Omnia
2032 2022 2202 2085 enim,
2237 2041 2257 2074 ι

695 2109 834 2163 dixit
863 2107 1027 2165 David
1063 2112 1131 2166 ad
1175 2111 1367 2176 Deum,
1405 2131 1424 2164 ι
1457 2113 1509 2166 in
1543 2112 1807 2181 sapientia
1841 2111 2043 2168 fecisti.
2093 2130 2112 2162 ι
2150 2112 2213 2166 Et
2245 2126 2262 2166 ι

699 2219 716 2249 ι
749 2199 805 2254 ln
839 2198 959 2268 ipso
1006 2202 1117 2256 vita
1159 2212 1296 2266 erat,
1327 2221 1345 2254 ι
1391 2202 1610 2257 divinus
1637 2200 1873 2273 Spiritus
1896 2217 1923 2255 a
1949 2201 2108 2256 Patre
2135 2216 2266 2270 pro-

694 2291 914 2354 cedens,
955 2311 973 2343 ι
1003 2292 1055 2346 in
1087 2308 1197 2362 quo
1240 2304 1294 2348 et
1355 2311 1455 2349 nos
1489 2295 1741 2358 vivimus,
1769 2307 2057 2348 movemur
2086 2302 2140 2348 et
2169 2307 2264 2347 su-

697 2398 852 2447 mus;
887 2401 906 2434 ι
939 2383 1032 2452 qui
1084 2383 1140 2437 in
1199 2384 1320 2454 ipso
1380 2394 1439 2441 ut
1493 2386 1675 2441 Verbo
1711 2396 1896 2440 manet
1923 2394 1976 2438 et
2008 2383 2265 2451 quiescit,

695 2473 764 2527 de
796 2488 904 2543 quo
964 2475 1076 2543 ipse
1131 2475 1328 2529 iterum
1383 2475 1524 2530 dixit
1558 2494 1572 2530 :
1610 2494 1630 2526 ι
1665 2475 1801 2529 Cum
1852 2473 2064 2529 venerit
2099 2471 2265 2526 Para-

700 2567 876 2620 rletus
905 2581 1066 2634 quem
1108 2583 1207 2638 ego
1245 2568 1458 2624 mittam
1487 2569 1644 2624 vobis
1701 2582 1732 2621 a
1764 2567 1946 2630 Patre,
2000 2565 2265 2634 Spiritum

701 2660 946 2714 veritatis
1000 2659 1092 2730 qui
1149 2675 1178 2714 a
1237 2658 1400 2714 Patre
1456 2658 1720 2727 procedit,
1773 2658 1862 2712 ille
1897 2657 2268 2711 testimonium

699 2751 1004 2820 perhibebit
1033 2753 1100 2808 de
1138 2767 1246 2808 me.
1297 2771 1316 2804 ι
1355 2752 1567 2818 Quibus
1610 2749 1872 2804 Dominus
1918 2764 2018 2803 nos
2053 2747 2269 2816 sapien-

698 2859 780 2901 ter
824 2846 981 2901 docet
1037 2845 1301 2915 Spiritum
1363 2845 1525 2900 etiam
1583 2859 1650 2898 ex
1724 2842 1887 2896 Patre
1969 2841 2270 2912 procedere

699 2942 988 3008 ipsumque
1010 2938 1076 2993 ad
1107 2953 1205 2994 nos
1232 2937 1440 3002 venire,
1479 2953 1583 2990 nou
1633 2935 1850 3004 quidem
1883 2949 1977 3003 per
2015 2933 2270 3004 hyposta-

697 3033 797 3086 sim
822 3030 1141 3096 habitando,
1166 3035 1261 3086 sed
1282 3030 1436 3100 quasi
1459 3028 1512 3083 in
1534 3026 1886 3081 tabernaculo
1915 3041 2010 3095 per
2032 3025 2263 3096 gratiam

698 3126 988 3180 manendo.
1019 3122 1206 3178 Videu’
1239 3120 1555 3192 mysterium
1584 3118 1747 3173 unius
1773 3118 1864 3172 Dei
1892 3115 2224 3173 iuTrinitatc
2249 3119 2273 3172 ?

2371 2030 2627 2096 άναρχος.
2663 2044 2682 2077 ¢
2729 2027 2912 2080 Πάντα
2941 2027 3006 2080 δι’
3043 2025 3208 2079 αὐτοῦ
3242 2027 3478 2095 ἐγένετο.
3513 2043 3531 2076 ι
3567 2023 3802 2075 "Omni.
3831 2037 3955 2072 συν-

2372 2117 2695 2185 δημιουργεῖ
2726 2114 2803 2184 τῷ
2831 2116 3025 2184 Πατρί.
3061 2134 3078 2167 t
3115 2115 3205 2186 Τῷ
3236 2133 3253 2166 ι
3279 2115 3387 2185 γὰρ
3422 2131 3440 2166 ι
3473 2113 3631 2180 Λόγῳ
3675 2112 3880 2178 Κυρίου
3903 2111 3953 2161 οί

2375 2207 2605 2276 οὐρανοὶ
2630 2206 3066 2278 ἐστερεώθησαν,
3109 2225 3129 2260 ι
3171 2207 3200 2260 6
3233 2207 3399 2260 Δασὶδ
3443 2205 3613 2273 λέγει.
3646 2204 3756 2258 Καὶ
3781 2202 3954 2272 χωρὶς

2374 2297 2540 2353 αὐτοῦ
2589 2300 2807 2367 ἐγένετο
2849 2299 2970 2352 οὐδὲ
3027 2299 3085 2354 ἓν
3145 2299 3173 2352 6
3236 2300 3463 2366 γέγονεο
3519 2297 3578 2350 τὸ
3624 2295 3954 2364 Εὐαγγέλιον

2376 2389 2542 2443 πάλιν
2561 2406 2576 2421 ο
2619 2408 2638 2441 ι
2672 2391 2856 2444 Πάντα
2893 2409 2911 2442 ι
2951 2391 3081 2463 γὰρ,
3110 2391 3140 2443 6
3160 2390 3328 2444 Aa6l6
3355 2406 3491 2460 φησι
3531 2389 3666 2458 πρὸς
3681 2389 3771 2442 τὸν
3797 2386 3952 2451 Θεὸν⁹

2379 2497 2398 2531 ι
2430 2481 2488 2533 ὲν
2523 2481 2686 2551 σοφίᾳ
2715 2481 2976 2552 ἐποίησας
2996 2498 3046 2534 σε
3075 2484 3168 2538 καὶ
3196 2501 3214 2535 t
3240 2483 3330 2536 'Ev
3354 2482 3500 2551 αύτῷ
3521 2482 3638 2554 ζωὴ
3657 2477 3775 2552 ἦν,»
3804 2479 3863 2532 τὸ
3891 2480 3955 2532 ἐκ

2373 2570 2469 2624 τοῦ
2502 2572 2714 2643 Πατρὸς
2737 2573 3180 2644 ἐκπορευόμενον
3224 2574 3366 2628 θεῖον
3405 2572 3655 2643 Πνεῦμα,
3692 2574 3750 2626 ιν
3789 2565 3832 2640 ᾧ
3861 2571 3956 2625 καὶ

2377 2664 2537 2733 ἡμεῖς
2573 2665 2756 2732 ζῶμεν
2799 2668 2895 2718 καὶ
2951 2666 3262 2737 κινούμεθα
3306 2667 3402 2720 καὶ
3451 2666 3637 2735 ἐσμὲν,
3672 2666 3729 2719 6v
3780 2663 3955 2731 τούτῳ

2384 2754 2550 2822 μένον
2585 2756 2771 2817 ἀϊδίως
2798 2756 2873 2819 ὡς
2905 2756 3068 2827 Λόγῳ
3095 2757 3190 2810 καὶ
3213 2759 3703 2826 ὶπαναπαυόμενον
3733 2755 3859 2824 περὶ
3891 2747 3955 2807 o6

2374 2845 2471 2900 καὶ
2502 2847 2663 2901 πάλιν
2709 2848 2868 2911 αὑτός
2918 2865 3106 2918 φησιν,
3151 2868 3171 2901 ε
3202 2849 3371 2903 Ὅταν
3421 2849 3477 2901 δὲ
3513 2848 3641 2919 ἔλθῃ
3699 2850 3727 2902 6
3771 2847 3956 2918 Παρά-

2371 2938 2600 3008 κλητος,
2630 2939 2688 2990 ὃν
2719 2938 2830 3005 εγὼ
2865 2939 3068 3009 πέμψω
3106 2941 3235 3009 ὑμῖν
3269 2941 3425 3009 παρά
3472 2939 3568 2993 τοῦ
3603 2939 3852 3008 Πατρὸς,
3892 2938 3956 2990 τὸ

2379 3027 2604 3098 Πνεῦμα
2633 3031 2732 3099 τῆς
2760 3031 3040 3100 ἀληθείας,
3089 3030 3118 3084 6
3161 3029 3314 3102 παρά
3361 3030 3456 3085 τοῦ
3514 3031 3732 3100 Πατρὸς
3787 3030 3957 3081 ἔκπο-

2376 3121 2610 3189 ρεύεται,
2645 3123 2851 3184 ἐκεῖνος
2879 3123 3221 3191 μαρτυρήσει
3251 3123 3383 3191 περὶ⁵
3414 3121 3571 3187 ἐμοῦ.
3615 3139 3632 3172 ι
3680 3118 3954 3174 Ἐνταῦθα

698 3221 885 3292 σαφῶς
911 3219 1153 3274 διδάσκει
1186 3219 1214 3271 6
1241 3215 1463 3286 Κύριος,
1495 3214 1577 3266 ὅτι
1625 3210 1724 3266 καὶ
1777 3213 1841 3264 εκ
1866 3209 1962 3264 τοῦ
1989 3213 2205 3283 Πατρὸς
2231 3215 2590 3284 ικπορεύεται
2621 3217 2682 3269 τὸ
2728 3216 2972 3285 Πνεῦμα,
3003 3218 3099 3269 καὶ
3131 3217 3264 3270 αὐτὸ
3305 3219 3439 3288 πρὸς
3505 3217 3651 3286 ἡμᾶς
3711 3216 3953 3287 ἔρχεται.

698 3314 797 3386 οὐχ
820 3309 1194 3373 ὑποστατικῶς
1215 3306 1478 3375 ἐνοικοῦν,
1507 3305 1643 3361 ἀλλὰ
1670 3305 1735 3375 τῇ
1769 3303 1951 3377 χάριτι
1981 3305 2298 3378 ινσκηνοῦν.
2334 3309 2496 3381 Ὁρᾷς
2525 3311 2584 3364 τὸ
2616 3312 2919 3383 μυστήριον
2954 3309 3047 3363 τοῦ
3085 3311 3250 3380 μόνου
3286 3313 3344 3364 ἐν
3371 3310 3564 3381 Τριάδι
3595 3310 3731 3364 Θεοῦ
3757 3327 3774 3375 ;

1323 3423 1549 3481 CAPUT
1586 3423 1677 3478 lx.

701 3517 1015 3589 Evangelica
1054 3518 1199 3589 dicta
1225 3517 1457 3571 Sabellio
1508 3519 1770 3583 opposita.
1823 3519 1946 3575 Alia
1975 3518 2059 3588 (ea:
2090 3518 2153 3572 V.
2182 3517 2270 3588 T.)

908 3601 1092 3641 contra
1131 3587 1349 3641 Judwos
1379 3597 1428 3640 et
1457 3589 1688 3658 reliquas
1719 3589 1905 3657 impias
1935 3587 2133 3659 gentes.

776 3679 1096 3749 Evangelica
1129 3679 1348 3747 quidem
1393 3677 1539 3733 dicta
1589 3689 1718 3735 sunt
1759 3689 1984 3749 propter
2013 3679 2270 3749 blasphe-

703 3773 842 3828 mias
872 3771 988 3826 Afri
1019 3770 1266 3830 Sabellii.
1298 3769 1394 3840 qui
1437 3769 1680 3839 profecto
1717 3770 2070 3843 Evangelium
2133 3774 2276 3828 acci-

706 3865 913 3932 piebat;
939 3865 1034 3918 tibi
1065 3873 1246 3918 autem
1271 3863 1557 3918 ostendam
1585 3878 1648 3920 ea
1669 3877 1789 3933 qua:
1807 3874 1961 3920 vetus
1992 3862 2274 3934 Scriptura

703 3957 770 4008 de
800 3953 906 4010 Deo
934 3956 988 4008 in
1024 3954 1199 4009 tribus
1241 3954 1491 4023 personis
1515 3952 1746 4023 profert.
1780 3952 1895 4009 Hoc
1925 3968 2034 4008 non
2070 3955 2274 4009 solum-

707 4048 868 4100 modo
910 4043 1284 4113 Evangelium,
1321 4043 1415 4099 sed
1444 4051 1499 4098 et
1555 4042 1770 4113 Moyses
1822 4044 1876 4098 in
1926 4044 2068 4114 lege,
2113 4055 2276 4113 atque

707 4136 988 4207 prophetat
1026 4134 1410 4204 praadicarunt.
1476 4139 1688 4205 Moyses
1736 4133 1957 4203 quidem
2015 4149 2137 4189 eum
2182 4133 2276 4204 qui

708 4244 925 4299 seinper
961 4235 1046 4281 est
1070 4229 1236 4280 Deum
1277 4235 1333 4280 et
1384 4223 1599 4281 Patrem
1632 4225 1833 4295 ubique
1861 4227 2143 4296 praedicat,
2183 4228 2275 4297 qui

711 4319 874 4376 Verbi
900 4320 993 4375 Dei
1031 4317 1155 4373 Filii
1190 4317 1508 4390 mysterium
1558 4317 1813 4386 intelligit
1840 4317 1894 4372 in
1924 4317 2110 4372 audita
2147 4333 2278 4374 voce

708 4415 888 4480 divina
941 4421 1002 4493 et
1052 4418 1307 4476 sust-cpta
1356 4411 1559 4463 virtute
1614 4407 1775 4462 Verbi
1834 4409 2098 4463 viventis.
2139 4407 2274 4464 Nam

710 4505 942 4563 audiens
966 4501 1172 4569 audivit
1207 4499 1446 4555 Verbum
1479 4498 1640 4569 cujus
1676 4499 2104 4554 incarnationem
2138 4515 2278 4569 pra:-

708 4595 983 4661 mgnovit.
1013 4590 1256 4644 Primum
1305 4589 1525 4659 quidem
1573 4589 1768 4643 rubum
1815 4589 1947 4644 vidit
1991 4590 2275 4644 ardentem

718 4698 768 4754 et
801 4695 982 4740 tamen
1012 4682 1234 4736 minime
1260 4689 1667 4749 consumptam,
1703 4682 1991 4751 ipsumque
2016 4681 2107 4736 Dei
2141 4681 2278 4737 Ver-

2309 3429 2356 3489 C

2939 3427 2997 3499 9
3022 3428 3271 3482 ΚΕΦΑΛ.
3321 3426 3399 3482 e'.

2387 3520 2462 3574 Τὰ
2496 3520 2858 3589 way-relati
2884 3519 3036 3573 κατὰ
3068 3521 3423 3589 Σαϐελλίου.
3451 3518 3676 3589 ,Ταῦτα
3707 3514 3959 3589 δὲ-κατὰ

2484 3586 2813 3655 Ἰουδαίων,
2855 3591 2955 3644 καί
3004 3589 3125 3642 τῶν
3165 3588 3399 3642 λοιπῶν
3429 3587 3623 3642 ἀθέων
3650 3586 3864 3640 ἐθνῶν.

2463 3682 2623 3736 Ἀλλὰ
2670 3681 2739 3734 τά
2793 3681 3129 3750 εὐαγγελικά
3185 3681 3285 3752 μὲν
3334 3679 3424 3733 διὰ
3459 3679 3556 3741 τὰς
3605 3675 3701 3731 τοῦ
3756 3677 3956 3739 Λίὸυος

2398 3771 2692 3828 Σαὸελλίου
2743 3771 2993 3825 λέλεκται
3056 3770 3402 3841 βλασφημίας
3427 3808 3443 3835 ,
3479 3770 3638 3840 δῆθεν
3683 3769 3744 3822 τὸ
3785 3768 3958 3836 Εὐαγ-

2383 3865 2562 3932 γέλιον
2591 3864 2902 3933 δεχομένου.
2948 3862 3286 3931 Ἕκθήσομαι
3331 3863 3390 3916 δέ
3443 3877 3528 3913 σοι
3580 3859 3676 3914 καὶ
3735 3861 3798 3912 ὲκ
3854 3861 3957 3926 τῆς

2385 3955 2621 4016 παλαιᾶς
2652 3954 2878 4025 Γραφῆς
2908 3955 2976 4008 τὰ
3004 3954 3134 4024 περὶ
3164 3952 3258 4006 τοῦ
3306 3955 3365 4006 ἐν
3395 3951 3587 4022 Τριάδι
3621 3950 3778 4006 Θεοῦ.
3819 3949 3958 4003 Τοῦ-

2387 4063 2484 4100 τον
2529 4049 2590 4100 οὑ
2641 4047 2701 4100 τὸ
2733 4045 3068 4112 Εὐαγγέλιον
3104 4045 3284 4113 μόνον,
3326 4042 3462 4096 ἀλλὰ
3508 4045 3600 4095 καί
3629 4043 3868 4104 Μωῦσῆς
3899 4041 3958 4094 ἐν

2383 4138 2458 4207 τῷ
2489 4139 2639 4206 νόμῳ
2680 4138 2776 4188 καὶ⁸
2834 4136 3114 4206 προφῆται
3167 4134 3368 4196 πάντες
3415 4131 3712 4202 ἐκήρυξαν.
3747 4132 3808 4184 '0
3855 4131 3956 4200 μὲν

2383 4230 2492 4298 γὰρ
2519 4227 2758 4296 Μωῦσῆς
2814 4226 2906 4280 τὸν
2961 4226 3051 4278 ἀεὶ
3104 4224 3230 4276 ὅντα
3288 4223 3421 4275 Θεὸν
3469 4225 3564 4276 καὶ
3599 4223 3816 4292 Πατέρα
3869 4221 3957 4273 διὰ

2388 4318 2608 4371 πάντων
2638 4315 2927 4384 κηρύσσει,
2977 4314 3035 4376 ὃς
3067 4315 3157 4365 καὶ
3209 4312 3303 4365 τοῦ
3345 4313 3522 4379 Λόγου
3577 4313 3826 4365 κατανοεῖ
3862 4309 3956 4362 τοῦ

2386 4405 2517 4459 Υίοῦ
2550 4404 2683 4458 Θεοῦ
2719 4405 2779 4457 τὸ
2813 4403 3148 4473 μυστήριον,
3195 4405 3252 4454 ὲν
3286 4402 3362 4471 τῷ
3392 4400 3544 4463 θείας
3590 4401 3811 4453 ἀκούειν
3843 4417 3957 4466 qna-

2386 4495 2504 4565 νῆς,
2536 4497 2632 4548 καὶ
2659 4495 2753 4546 τοῦ
2805 4494 2982 4560 Λόγου
3028 4493 3124 4546 τοῦ
3157 4491 3357 4555 ζῶντος
3383 4489 3633 4560 δέχεσθαι
3666 4489 3765 4557 τὴν
3795 4489 3953 4554 ὲνέρυ

2383 4605 2560 4656 γειαν.
2591 4586 2667 4639 Τὸ
2705 4585 2818 4656 γὰρ
2853 4585 3099 4650 ἀκούειν,
3131 4584 3306 4651 Λόγου
3335 4582 3480 4636 ἐστίν
3504 4578 3742 4643 ἀκούειν,
3781 4574 3840 4632 οῦ
3865 4579 3959 4630 καὶ

2385 4683 2484 4748 τὴν
2528 4680 2804 4750 σάρκωσιν
2845 4677 3135 4747 προέγνω,
3186 4677 3403 4746 πρῶτον
3437 4674 3537 4744 μὲν
3592 4673 3755 4741 βάτον
3811 4687 3956 4722 κατ-

723 4783 845 4832 hum
870 4777 970 4834 sub
999 4775 1232 4843 hominis
1269 4773 1442 4828 forma
1477 4772 1524 4827 ei
1554 4773 1892 4843 colloquens,
1923 4772 2049 4841 quia
2078 4788 2278 4828 seeuu-
2315 4777 2358 4832 ο

2315 4777 2358 4832 ι)
2391 4767 2512 4820 ιδὼν
2553 4765 2896 4836 φλεγομένην
2921 4804 2936 4829 ,
2972 4762 3236 4834 μηδαμῶς
3269 4762 3326 4814 δὲ
3371 4763 3690 4831 καιομένην,
3729 4760 3824 4812 καὶ
3867 4759 3959 4811 αύ-

720 4868 850 4932 dum
881 4868 1174 4924 Jeremiam
1232 4873 1455 4935 propter
1521 4863 1772 4919 homines
1820 4864 1872 4917 iu
1926 4873 2066 4919 terra
2102 4865 2277 4920 visum

723 4972 827 5024 est,
882 4970 936 5020 et
992 4960 1133 5014 inter
1185 4957 1437 5011 homines
1485 4964 1870 5010 conversatum
1930 4966 2052 5021 est,
2113 4965 2166 5011 et
2213 4957 2282 5012 ad

723 5067 894 5120 Ipsum
930 5047 1154 5118 Moysen
1193 5045 1329 5100 dixit
1365 5060 1380 5096 :
1429 5061 1448 5094 ι
1495 5045 1606 5113 Ego
1640 5060 1762 5099 sum
1813 5045 1954 5099 Deus
1985 5044 2280 5111 Abraham,

719 5155 769 5202 et
804 5141 945 5194 Deus
998 5141 1174 5198 Isaac,
1236 5143 1292 5189 et
1349 5133 1492 5188 Deus
1537 5133 1728 5195 Iacob,
1767 5152 1785 5185 ι
1821 5135 1963 5203 quod
2011 5143 2068 5187 ut
2117 5136 2280 5190 homo

723 5245 989 5303 apparens
1015 5239 1068 5283 et
1105 5225 1332 5296 angelus
1358 5239 1387 5277 a
1412 5222 1696 5293 Scriptura
1741 5225 2089 5292 appellatum,
2121 5225 2282 5279 simul

723 5308 1078 5390 semetipsum
1110 5327 1269 5372 vocat
1319 5315 1512 5378 Deum,
1566 5315 1844 5385 triumque
1893 5316 2136 5370 meminit
2185 5331 2284 5384 pa-

728 5414 1119 5472 triarcharum,
1155 5410 1342 5466 dicens
1376 5427 1390 5463 :
1437 5425 1456 5457 ι
1496 5406 1607 5477 Ego
1644 5421 1764 5460 sum
1817 5407 1957 5461 Deus
1985 5406 2284 5472 Abraham,

721 5517 768 5557 cl
805 5505 946 5558 Deus
978 5503 1147 5559 Isaac.
1189 5509 1245 5554 et
1289 5500 1430 5554 Deus
1457 5496 1646 5560 Iacob,
1693 5514 1712 5548 ι
1747 5507 1806 5550 ut
1849 5497 1974 5551 inde
2018 5507 2289 5551 monstra-

727 5610 827 5663 ret,
861 5599 1003 5650 sicut
1032 5605 1085 5650 et
1116 5596 1293 5665 ipsum
1320 5609 1350 5648 e
1385 5592 1603 5662 Virgine
1634 5592 1977 5658 inearnatuvm
2013 5601 2286 5646 monstra-

726 5695 823 5753 bit,
869 5687 1153 5743 Trinitatis
1199 5684 1543 5755 mysterium.
1600 5683 1800 5738 Deinde
1853 5683 1942 5736 Dei
2017 5685 2176 5737 verba
2232 5683 2284 5737 in

725 5781 926 5842 tubulis
956 5779 1184 5848 lapideis
1222 5777 1432 5848 Moyses
1475 5775 1703 5844 accepit,
1730 5775 1984 5828 virtutem
2019 5771 2178 5826 Verbi
2208 5772 2287 5825 vi-

729 5874 905 5935 ventis
941 5871 1233 5928 ostendens
1291 5879 1344 5927 et
1400 5875 1602 5926 docetis
1653 5882 1748 5923 oer
1795 5881 1959 5938 opera
2011 5865 2280 5920 mirabilia

2385 4860 2476 4913 τὸν
2529 4859 2621 4912 τὸν
2682 4856 2774 4911 τοῦ
2829 4856 2969 4911 Θεοῦ
3027 4857 3201 4922 Λόγον
3257 4853 3671 4923 διομιλούμενον
3715 4850 3862 4919 αὐτῷ
3895 4853 3958 4903 ἐν

2390 4951 2632 5020 σχήματι
2655 4947 3007 5019 ἀνθρωπίνῳ.
3052 4946 3205 4999 Ἐπεὶ
3234 4946 3331 4998 καὶ
3367 4944 3507 5014 ὑπὲρ
3537 4941 3838 5012 ἀνθρώπων
3866 4940 3960 4993 ἐπὶ

2387 5042 2486 5110 τῆς
2513 5040 2618 5110 γῆς
2645 5041 2786 5093 κατά
2831 5039 2923 5092 τὸν
2968 5037 3244 5107 Ἱερεμίαν
3274 5035 3451 5104 ὤφθη,
3488 5033 3714 5094 καὶτοῖς
3742 5030 3957 5100 ἀνθρώ.

2389 5151 2516 5196 ποις
2571 5129 3025 5198 συνανεστράφη,
3080 5127 3353 5197 καὶπρὸς
3391 5125 3552 5176 αὐτὸν
3608 5125 3818 5192 είρήκει
3866 5122 3959 5173 τὸν

2389 5225 2632 5288 Μωῦσῆν
2659 5238 2674 5254 ⁶
2715 5240 2735 5274 ι
2783 5221 2924 5288 Ἐγώ
2967 5220 3086 5289 είμι
3115 5221 3142 5271 6
3172 5218 3304 5279 Θεὸς
3347 5216 3620 5286 Ἁϐραάμ,
3645 5217 3739 5267 καὶ
3772 5217 3800 5266 6
3825 5213 3958 5276 Θεὸς

2401 5316 2720 5382 Ἰσαὰκ,καὶ
2751 5317 2778 5368 6
2806 5315 2936 5377 Θεὸς
2979 5311 3195 5365 Ἰακώϐ.
3221 5327 3239 5362 ι
3282 5309 3340 5362 ’0
3388 5308 3465 5370 ὡς
3511 5308 3650 5377 ἀνὴρ
3696 5306 3957 5374 φαινόμε-

2389 5427 2501 5474 νος,
2534 5411 2628 5462 καὶ
2655 5409 2886 5475 ἄγγελος
2934 5405 3085 5475 παρά
3116 5405 3183 5472 τῇ
3232 5401 3419 5471 Γραφῇ
3455 5401 3765 5468 λεγόμενος.
3799 5391 3959 5458 οὗτος

2392 5503 2542 5565 ὅμως
2592 5500 2785 5553 ἑαυτὸν
2843 5497 2976 5551 Θεὸν
3020 5493 3299 5564 ὀνομάζει,
3331 5495 3425 5545 καὶ
3474 5493 3640 5560 τριῶν
3683 5503 3959 5556 πατριαρ-

2395 5593 2506 5662 χῶν
2539 5592 2856 5661 μέμνηται,
2901 5608 2919 5641 ι
2969 5586 3112 5654 Ἐγώ
3172 5588 3285 5654 είμι
3321 5587 3348 5637 6
3390 5584 3520 5645 Θεὸς
3563 5581 3834 5650 Ἀϐραὰμ,
3863 5580 3958 5630 καὶ

2392 5685 2422 5736 6
2451 5683 2583 5744 Θεὸς
2627 5681 2838 5743 Ἰσαὰκ,
2890 5681 2985 5732 καὶ
3032 5677 3217 5738 όΘεὸς
3260 5674 3487 5736 ’1ακὼ6,
3543 5692 3562 5725 ι
3610 5672 3812 5738 λέγων,
3867 5669 3960 5724 ἵνα

2391 5773 2541 5846 δείξῃ
2573 5774 2676 5826 κάν
2707 5772 2906 5841 τούτῳ,
2932 5772 3003 5831 ὡς
3033 5767 3187 5829 οὗτος
3219 5766 3523 5835 σαρκωθεὶς
3556 5764 3619 5815 ἐκ
3655 5759 3954 5829 Παρθένου,

2387 5866 2448 5917 τὸ
2495 5863 2594 5932 τῆς
2630 5863 2858 5931 Τριάδος
2905 5860 3207 5929 φανερώσει
3254 5857 3569 5925 pus-tiliam}.
3611 5853 3842 5899 "EI-tvm
3888 5848 3954 5915 ες
