4216 6432
286 409 356 470 53
1334 408 1716 470 DIALOGUS
1761 408 2062 470 CONTRA
2105 411 2502 473 ILERERES.
3465 404 3551 469 54'

278 524 376 575 καὶ
415 524 541 583 τοὺς
577 524 670 576 τοῦ
719 521 854 575 Θεοῦ
894 521 1082 590 λόγους
1123 522 1181 574 tv
1233 521 1398 586 πλαξὶ
1428 523 1655 584 λιθίναις
1699 522 1862 574 Μωῦ-
1890 523 1934 579 Α

1965 524 2203 579 Verbum
2234 540 2352 581 esse
2378 527 2430 582 in
2465 526 2596 590 Deo,
2646 534 2700 578 et
2757 522 2917 578 istum
2952 529 3141 590 postea
3177 533 3299 575 esse
3348 520 3536 576 incar-

282 614 383 684 οἷς
415 615 734 680 ὑπεδέξατο,
766 615 866 684 τὴν
914 614 1142 683 δύναμιν
1171 615 1264 667 τοῦ
1294 615 1496 680 ζῶντος
1527 616 1702 684 Λόγου
1742 618 1849 670 δει-

279 705 432 768 κνὺς,
467 705 799 757 ἐκδιδάσκων
825 721 881 757 τε
909 705 976 756 δι’
1004 706 1186 774 ἔργων
1211 706 1621 775 Θαυμαστικῶν,
1650 708 1727 767 ὡς
1755 709 1852 761 καὶ

280 796 452 861 Λόγος
485 796 632 848 εστὶν
683 797 740 848 ἐν
772 796 850 864 τῷ
902 795 1041 866 Θεῷ,
1083 800 1180 850 καὶ
1216 798 1635 866 σαρκωθήσεται
1673 794 1849 864 οὗτος,

1952 615 2193 672 nandum
2256 629 2463 671 necnon
2527 618 2577 670 in
2623 631 2854 684 corpore
2927 613 3402 682 conspiciendum,
3481 629 3536 667 tn

1956 717 2110 760 utero
2149 705 2386 774 Deiparte
2437 702 2673 775 Virginis
2703 707 2850 784 velut
2901 706 2952 760 in
3005 705 3190 760 tabula
3243 708 3535 773 scriptum.

1954 797 2153 852 Vocem
2184 798 2420 854 divinam
2452 797 2656 866 pluries
2688 797 2898 851 audivit.
2941 796 3154 867 Moyses
3184 797 3240 850 in
3271 796 3531 851 taberna-

279 889 374 939 καὶ
403 887 813 957 παχυνθήσεται
843 887 1091 958 ὕστερον,
1124 888 1200 950 ὡς
1227 891 1284 942 ὲν
1319 889 1488 942 πλακὶ
1517 891 1748 960 γραφεὶς
1779 893 1846 962 τῇ
1953 908 1958 935 t

1957 889 2100 953 culo,
2133 889 2184 942 in
2220 890 2399 944 medio
2428 902 2587 945 are-.e.
2643 887 2754 942 Vox
2787 901 2964 943 autem
2995 889 3129 943 nihil
3171 896 3255 943 est
3293 887 3438 941 aliud
3467 901 3533 941 ac

279 979 532 1052 Θεοτόκῳ
589 979 876 1049 Παρθένῳ.
933 978 1044 1032 Καὶ
1079 980 1264 1048 φωνῆς
1323 977 1379 1032 δὲ
1437 979 1589 1042 Θείας
1648 981 1853 1050 ἤκουσε

281 1071 544 1132 πολλάκις
599 1072 840 1137 Μωῦσῆς
879 1073 934 1123 ὲν
961 1074 1024 1139 τῇ
1073 1074 1246 1142 σκηνῇ
1282 1073 1385 1126 ἀνά
1437 1073 1602 1140 μέσον
1635 1072 1736 1140 τῆς
1769 1091 1854 1126 κιο

283 1162 480 1214 ῦοιτοῦ.
515 1162 672 1231 Φωνὴ
726 1163 784 1215 δὶ
833 1161 991 1230 λόγου
1037 1163 1182 1216 ἐστὶν
1230 1164 1519 1233 ἀπήχημα.
1551 1165 1616 1218 ’0
1655 1164 1718 1234 δὴ
1761 1165 1855 1217 τὸν

287 1251 467 1315 ζῶντα
512 1254 688 1320 Λόγον
715 1254 809 1307 τοῦ
842 1253 1043 1318 ζῶντος
1085 1255 1299 1324 Πατρὸς
1329 1255 1651 1325 ἐμαρτύρει.
1698 1255 1856 1309 ’Υπε-

289 1345 480 1407 δέξιιτο
506 1346 563 1397 δὲ
597 1348 693 1399 καὶ
725 1346 948 1416 Πνεῦμα
977 1348 1134 1415 άγιον
1165 1347 1428 1416 Μωῦσῆς.
1469 1347 1574 1401 Καὶ
1621 1347 1730 1401 ἀπὸ
1760 1347 1853 1400 τοῦ

287 1434 608 1504 Πιεύματος
647 1438 704 1490 δὲ
747 1436 841 1492 τοῦ
885 1437 971 1490 ἐπ’
1004 1439 1151 1506 αὑτῷ
1202 1438 1418 1507 ἀφελὼν
1448 1441 1476 1492 0
1507 1439 1662 1504 Θεὸς,
1696 1441 1855 1508 μετέ·

284 1528 456 1579 διοκεν
477 1530 703 1598 ἀνδράσι
732 1534 965 1594 πιστοῖς,
989 1532 1064 1594 ὼς
1087 1531 1395 1599 γέγραπται
1426 1531 1855 1601 Ἐὄδομήκονταο

288 1619 396 1671 Καὶ
447 1619 594 1672 οὗτοι
640 1621 704 1690 δὴ
749 1623 1146 1689 προεφήτευον,
1182 1621 1322 1675 ὥστε
1364 1623 1581 1675 καὶτὸν
1616 1620 1856 1691 Πατέρα,

1957 998 2127 1039 sonus
2172 985 2360 1048 verbi;
2395 984 2541 1052 quod
2581 982 2812 1038 Verbum
2853 983 3044 1039 vivens
3090 984 3327 1038 viventis
3359 985 3541 1036 Patris

1957 1077 2278 1132 testabatur.
2343 1074 2572 1142 Insuper
2617 1074 2830 1144 Moyses
2864 1085 3114 1130 sanctum
3159 1089 3381 1144 quoque
3415 1073 3540 1142 Spi-

1959 1169 2123 1222 ritum
2152 1167 2378 1235 accepit,
2427 1166 2493 1219 de
2541 1181 2648 1234 quo
2678 1165 2908 1235 Spiritu,
2938 1166 3082 1219 sicut
3117 1165 3384 1232 scriptum
3423 1173 3532 1230 est,

1963 1262 2103 1314 Deus
2118 1272 2402 1312 assumens
2436 1267 2665 1325 partem,
2686 1257 2838 1312 dedit
2868 1258 3000 1312 viris
3031 1258 3288 1312 fidelibus
3312 1258 3542 1325 Septua-

1958 1351 2128 1423 ginta,
2192 1357 2245 1404 et
2303 1348 2392 1403 isti
2454 1353 2938 1418 pmpltetaverunt,
2986 1349 3058 1404 ita
3114 1349 3409 1422 utMoyses
3438 1347 3540 1404 Pa-

1962 1453 2096 1498 trem
2126 1452 2179 1499 et
2204 1444 2399 1499 Filium
2455 1442 2543 1510 qui
2574 1450 2658 1495 est
2695 1441 2950 1505 Verbum,
3001 1451 3055 1495 et
3111 1441 3379 1512 Spiritum
3413 1458 3542 1497 san-

1959 1545 2107 1593 ctum
2137 1538 2563 1609 prmcognovcrit
2599 1544 2762 1603 atque
2794 1535 3128 1604 praedixerit.
3165 1533 3402 1590 Dicendo
3440 1549 3546 1588 auo

1962 1638 2069 1682 tem
2098 1644 2111 1681 :
2144 1647 2161 1679 t
2194 1627 2339 1682 Dixit
2367 1629 2507 1682 Deus
2537 1627 2690 1682 :Fiat
2713 1627 2828 1687 lux,
2851 1646 2866 1676 ι
2896 1633 2972 1688 et,
3003 1645 3020 1676 t
3053 1624 3196 1680 Dixit
3223 1619 3362 1680 Deus
3385 1645 3399 1679 :
3421 1624 3546 1680 Fiat

285 1717 380 1764 καὶ
427 1715 519 1764 τὸν
574 1715 724 1780 Υίὸν,
759 1716 819 1777 ὃς
872 1718 1018 1769 ἐστιν
1053 1719 1080 1769 0
1110 1716 1304 1782 Λόγος,
1338 1715 1431 1770 καὶ
1462 1715 1521 1767 τὸ
1547 1715 1768 1783 Πνεῦμα
1799 1716 1859 1767 τὸ

1963 1718 2369 1772 firmamentum
2397 1737 2409 1783 ;
2435 1737 2452 1770 ι
2479 1727 2549 1779 et,
2589 1736 2606 1768 t
2634 1715 2780 1770 Dixit
2806 1716 2947 1771 Deus
2981 1731 2995 1771 :
3028 1714 3492 1781 Germinetterra,
3516 1735 3536 1770 ι

287 1808 467 1874 ἅγιον,
520 1811 773 1880 προέγνω
822 1813 916 1863 καὶ
969 1811 1317 1881 προεκήρυξε
1362 1809 1617 1879 Μωῦσῆς.
1650 1811 1760 1864 Καὶ
1801 1812 1859 1862 ὲν
1889 1847 1938 1907 Β

1967 1807 2059 1863 Dei
2093 1807 2332 1863 Verbum
2400 1809 2734 1874 manifestat,
2787 1811 2934 1878 quod
2993 1817 3076 1865 est
3120 1810 3336 1871 vivens.
3372 1825 3542 1864 unum

286 1899 361 1968 τῷ
394 1900 596 1967 λέγειν,
645 1921 662 1954 t
702 1897 869 1956 Εἶπεν
917 1907 944 1957 0
990 1904 1144 1966 Θεὸς,
1177 1903 1465 1974 Γενηθήτω
1511 1903 1650 1972 φῶς,
1690 1922 1708 1955 ι
1744 1905 1861 1967 καλ,
1891 1897 1933 1907 ”

1966 1911 2020 1954 et
2065 1900 2435 1971 unigenitum,
2490 1902 2950 1970 quemadmodum
2997 1900 3138 1956 Deus
3185 1902 3350 1955 Pater
3399 1909 3542 1956 unus

293 2009 311 2043 ι
353 1988 517 2045 Εἶπεν
543 1995 569 2046 ό
590 1995 749 2059 Θεὸς,
778 1995 1070 2064 Γενηθήτω
1088 1995 1392 2065 στερέωμα,
1433 2015 1451 2046 ι
1481 1995 1599 2058 καὶ,
1639 2012 1658 2046 ι
1699 1989 1867 2046 Εἶπεν

287 2084 314 2134 0
343 2085 495 2150 Θεὸς,
534 2083 901 2152 Βλαστησάτω
932 2086 964 2154 ἡ
996 2085 1091 2154 γῆ,
1128 2103 1146 2136 ι
1187 2087 1277 2138 τὸν
1299 2083 1395 2138 τοῦ
1418 2083 1556 2137 Θεοῦ
1581 2085 1756 2152 Λόγον
1785 2083 1865 2135 δι-

294 2177 502 2230 δάσκει.
547 2179 657 2233 Καὶ
700 2173 856 2242 οὗτος
900 2178 1007 2242 ζῶν
1055 2179 1149 2232 καὶ
1179 2174 1261 2241 εἷς
1292 2178 1386 2232 καὶ
1420 2175 1746 2248 μονογενὴς,
1785 2175 1862 2238 ὡς

289 2270 384 2322 καὶ
419 2270 447 2320 0
482 2269 614 2330 Θεὸς
656 2273 749 2323 καὶ
787 2269 980 2342 Πατὴρ
1029 2264 1108 2334 εἷς
1133 2271 1228 2322 καὶ
1260 2269 1368 2332 ζῶν
1399 2271 1496 2322 καὶ
1533 2268 1693 2338 μόνος
1726 2269 1866 2322 ἐστί.

296 2364 404 2416 Καὶ
440 2365 569 2432 περὶ
619 2364 714 2416 τοῦ
747 2364 1064 2432 Πνεύματος
1104 2362 1200 2416 τοῦ
1228 2364 1410 2428 ἁγίου,
1451 2381 1469 2414 ι
1505 2364 1615 2418 Καὶ
1643 2363 1870 2432 Πνεῦμα

295 2455 432 2507 Θεοῦ
495 2457 798 2526 ἐπεφέρετο
857 2458 1042 2510 ἐπάνω
1089 2455 1186 2510 τοῦ
1241 2455 1475 2520 ὓδατος,
1523 2475 1542 2508 ι
1583 2455 1740 2525 φησί’
1775 2455 1871 2507 καὶ

295 2549 424 2617 περὶ
452 2548 547 2601 τοῦ
580 2549 891 2618 ἀνθρώπουο
927 2570 945 2601 ι
977 2551 1090 2602 Καὶ
1127 2549 1466 2617 ἐνεφύσησεν
1492 2547 1572 2609 είς
1608 2546 1668 2598 τὸ
1694 2545 1872 2614 πρόσ-

294 2655 444 2692 ωπον
479 2641 644 2692 αὑτοῦ
677 2640 844 2707 πνοὴν
887 2641 1032 2709 ζωῆς
1057 2657 1072 2672 ο
1129 2659 1147 2693 ι
1183 2641 1276 2693 καὶ
1308 2641 1399 2694 ἐπὶ
1433 2639 1528 2693 τοῦ
1560 2638 1707 2700 Νῶε,
1745 2658 1762 2690 ι
1793 2638 1869 2692 Οὐ

301 2735 374 2801 μὴ
427 2733 731 2804 καταμείνῃ
760 2733 821 2785 τὸ
865 2731 1091 2802 Πνεῦμά
1145 2749 1247 2802 μου
1300 2733 1358 2784 ιν
1407 2732 1520 2793 τοῖς
1565 2728 1874 2798 ἀνθρώποις

297 2824 514 2886 αὐτοῖς
546 2842 557 2854 ·
604 2843 623 2875 t
691 2825 825 2887 καὶ,
871 2843 888 2874 ι
952 2823 1265 2892 Πνεύματος
1322 2822 1478 2890 ἁγίου
1547 2820 1790 2891 ἐπλήσθη
1837 2821 1872 2886 ἡ

302 2919 500 2984 σκηνή.
535 2935 552 2968 ι
602 2916 762 2970 Οὕτω
814 2915 1006 2984 σαφῶς
1051 2915 1256 2982 Μωσῆς
1302 2913 1390 2967 διὰ
1456 2911 1671 2966 πολλῶν
1740 2912 1871 2982 περὶ

303 3009 398 3058 τοῦ
457 3008 630 3071 Λόγου
672 3006 765 3058 τοῦ
814 3007 1015 3069 ζῶντος
1064 3003 1294 3073 ἐκήρυξε
1334 3001 1430 3056 τοῦ
1477 3003 1613 3056 Θεοῦ
1650 3004 1742 3056 καὶ
1777 3003 1872 3056 τοῦ

303 3097 462 3162 ἁγίου
511 3097 848 3161 Πνεύματος.
885 3096 1046 3149 Ἀλλά
1097 3096 1193 3149 καὶ
1234 3096 1339 3164 πρὸ
1392 3093 1558 3149 αὐτοῦ
1602 3094 1869 3165 Ἀϐραὰμ,

302 3192 427 3249 τοὺς
499 3191 637 3254 τρεῖς
717 3187 1114 3254 ὑποδεξάμενος

306 3283 370 3348 τῇ
422 3278 690 3348 Μαμϐρῆ,
727 3277 813 3341 οὓς
846 3279 937 3330 καὶ
994 3276 1128 3329 Θεὸν
1187 3275 1284 3327 ἕνα
1329 3273 1514 3340 σαφῶς
1545 3271 1875 3343 ἀνεκήρυξε,

306 3371 402 3420 τὸν
466 3371 521 3420 ὲν
592 3369 783 3436 Τριάδι
834 3367 968 3418 Θεὸν
1027 3364 1332 3434 ἐκήρυξεν,
1373 3362 1572 3431 ἄνδρας
1607 3363 1705 3430 μὲν
1733 3363 1881 3431 τρεῖς

306 3460 632 3528 φαινόμενον
686 3458 772 3510 διὰ
830 3457 892 3507 τὸ
955 3453 1156 3519 ἰδιάζον
1206 3452 1314 3505 τῶν
1360 3451 1752 3514 ὑποστάσεων,
1789 3450 1884 3502 ἕνα

307 3554 364 3606 δὲ
434 3551 838 3620 κηρυττόμενον
907 3548 1011 3599 ὑπὸ
1082 3544 1331 3616 Ἀϐραὰμ
1388 3544 1475 3596 διὰ
1554 3543 1615 3594 τὸ
1685 3543 1883 3595 ἐνιαῖον

306 3645 404 3712 τῆς
458 3641 722 3708 φύσεως,
785 3637 851 3692 δι’
911 3631 986 3691 ὧν
1056 3635 1118 3688 τὸ
1181 3633 1400 3704 τρισσὸν
1465 3630 1598 3700 ὁμοῦ
1664 3631 1761 3683 καὶ
1825 3630 1885 3682 τὸ

311 3734 597 3804 μοναδικὸν
681 3729 1005 3800 ἐσημαίνετο
1084 3726 1182 3796 τῆς
1256 3723 1508 3794 Τριάδος.
1564 3723 1721 3775 Ἀλλὰ
1791 3722 1885 3773 καὶ

320 3824 558 3887 Ἰσαὰκ,
610 3823 671 3874 τὸ
724 3821 822 3887 τῆς
874 3818 1101 3886 Τριάδος
1145 3817 1242 3870 καὶ
1288 3815 1384 3883 τῆς
1439 3816 1766 3882 σαρκιίισεως
1792 3812 1883 3866 τοῦ

310 3921 487 3984 Λόγου
569 3915 777 3982 ἐπέγνω
868 3931 927 3966 τε
999 3913 1095 3965 καὶ
1179 3908 1440 3977 διέγραψε
1522 3907 1822 3976 μυστήριον
1865 3945 1878 3968 ,

310 4007 596 4078 γεννηθεὶς
637 4007 734 4075 μὲν
760 4047 774 4070 ,
825 4003 989 4072 ἡνίκα
1024 4001 1153 4064 τοὺς
1206 4003 1354 4070 τρεῖς
1398 3998 1593 4066 ἄνδρας
1637 3995 1885 4064 Ἀϐραὰμ

310 4097 443 4163 εἶδε,
479 4101 578 4166 τὴν
616 4098 894 4164 σάρκωσιν
936 4093 993 4146 δὲ
1046 4092 1264 4161 δηλῶν,
1317 4089 1628 4158 σταύρωσίν
1677 4103 1736 4138 τε
1789 4086 1884 4138 καὶ

310 4191 608 4244 ἀνάστασιν
649 4185 742 4239 τοῦ
794 4183 1056 4254 Χριστοῦ,
1110 4185 1167 4236 ὲν
1225 4181 1304 4251 τῷ
1376 4179 1677 4248 ἀναχθῆναι
1736 4177 1886 4244 παρὰ

313 4283 539 4349 πατρὸς,
566 4281 634 4331 τὰ
671 4277 803 4342 ξύλα
831 4277 944 4339 τοῖς
974 4275 1147 4342 ὤμοις
1177 4272 1483 4342 βαστάζων,
1513 4271 1606 4323 τὸν
1637 4269 1884 4334 Σταυρὸν

312 4372 667 4428 ἐκτυποῦντα.
719 4371 814 4423 καὶ
862 4371 918 4421 ὲν
960 4369 1143 4430 αὐτοῖς
1198 4363 1630 4434 συμποδίξεσθαι
1661 4401 1674 4423 ,
1743 4360 1884 4413 ὥστε

313 4464 504 4516 Θυσίαν
529 4458 784 4525 γενέσθαι
820 4456 942 4526 Θεῷ
992 4458 1086 4509 καὶ
1135 4452 1567 4522 σραγιασθῆναι,
1598 4452 1784 4518 φωνῆς
1821 4466 1880 4502 τε

315 4558 609 4626 ἀκηκοέναι
639 4551 796 4617 Θεοῦ,
845 4551 878 4620 ἢ
915 4524 1019 4602 τὸν
1074 4548 1168 4601 τοῦ
1221 4545 1357 4600 Θεοῦ
1411 4545 1586 4612 Λόγον
1615 4544 1880 4607 διδάσκει,
1916 4524 1958 4577 1)

319 4649 424 4718 ιο
454 4648 703 4713 λέγοντος
729 4643 808 4711 τῷ
843 4640 1023 4710 Πατρὶ
1055 4639 1247 4701 αὐτοῦ,
1288 4655 1306 4688 ι
1344 4637 1436 4703 Μὴ
1481 4633 1748 4703 ὲπιόάλῃς
1789 4631 1887 4700 τὴν

315 4739 474 4810 χεῖρά
506 4756 599 4790 σου
630 4738 722 4789 ἐπὶ
752 4735 813 4789 τὸ
852 4732 1161 4801 παιδάριον.
1193 4748 1211 4782 ι
1253 4730 1374 4782 Ὀτι
1400 4728 1455 4780 δὲ
1500 4728 1528 4779 ὁ
1559 4726 1690 4786 Θεὸς
1718 4723 1888 4788 Λόγος

316 4829 384 4900 ἦν
417 4835 444 4881 0
469 4829 668 4889 λαλῶν,
701 4828 856 4896 δῆλον
908 4825 967 4887 ἐξ
993 4817 1067 4875 ὧν
1101 4839 1235 4892 φησι
1285 4818 1423 4888 πρὸς
1463 4817 1556 4869 τὸν
1596 4815 1848 4884 Ἀϐραάμ
1871 4829 1884 4842 ο

324 4940 344 4974 ι
383 4921 499 4974 Νῦν
544 4920 735 4985 ἔγνων,
786 4917 869 4969 ὅτι
924 4915 1022 4966 οὐκ
1077 4914 1278 4978 ἐφείσω
1321 4910 1419 4962 τοῦ
1475 4909 1593 4960 υἱοῦ
1640 4923 1735 4959 σου
1787 4903 1885 4984 τοῦ

318 5017 605 5084 ἀγαπητοῦ
652 5013 719 5065 δι’
745 5012 866 5080 ἒμέ.
901 5029 919 5061 ι
961 5002 1129 5069 Οὗτος
1180 5007 1288 5075 ἄρα
1337 4999 1406 5074 ἦν
1436 5005 1462 5055 0
1500 5003 1598 5070 τῆς
1649 5000 1887 5068 μεγάλης

323 5107 518 5176 βουλῆς
568 5103 858 5170 Ἄγγελος,
887 5103 913 5154 0
947 5100 1072 5162 Υίὸς
1121 5097 1216 5149 τοῦ
1274 5095 1534 5162 Ὑψίστου
1565 5132 1578 5154 ,
1614 5094 1642 5145 0
1689 5091 1779 5142 καὶ
1812 5088 1888 5158 τῷ

319 5196 495 5266 Πατρὶ
520 5193 686 5247 αὐτοῦ
730 5191 983 5260 Ἀϐραὰμ
1018 5187 1426 5254 διαλεγόμενος,
1458 5186 1486 5236 0
1536 5184 1632 5235 καὶ
1659 5179 1737 5249 τῷ
1782 5179 1890 5231 Ἰα-

319 5287 437 5342 κὼό
467 5288 564 5355 τὴν
605 5284 781 5353 πάλην
811 5281 1173 5350 στησάμενος,
1204 5278 1298 5329 καὶ
1333 5275 1467 5327 Θεὸν
1497 5274 1604 5324 τῶν
1639 5270 1890 5339 πατέρων

320 5377 488 5432 αὑτοῦ
549 5375 740 5428 ἑαυτὸν
807 5372 1123 5440 ὀνομάσας,
1174 5370 1202 5419 0
1252 5368 1347 5419 καὶ
1404 5362 1682 5432 Πεεεύματι
1747 5361 1889 5429 ἁγίῳ

322 5470 460 5538 πρὸς
495 5465 730 5535 θεωρίας
771 5463 905 5531 ῦψος
941 5461 1102 5512 αὑτὸν
1136 5457 1454 5524 ἀναγαγὼν,
1483 5454 1548 5506 δι’
1583 5449 1643 5504 οῦ
1677 5452 1770 5502 καὶ
1801 5451 1889 5501 λό-

325 5576 422 5628 γον
449 5560 475 5609 ὁ
523 5553 722 5608 Ἰακὼϐ
775 5550 1080 5617 ξενιτεῦσαι
1127 5548 1368 5611 ἐδέξατο,
1397 5545 1492 5596 καὶ
1525 5544 1748 5613 φεύγειν
1784 5540 1891 5592 ἀπὸ

336 5644 532 5708 Ἦσαῦ,
567 5647 662 5697 καὶ
694 5643 935 5713 κλίμακα
970 5636 1118 5692 εἶδεν
1147 5641 1205 5692 ὲν
1243 5637 1431 5696 ῦπνοις
1461 5636 1540 5697 είς
1571 5633 1695 5693 τοὺς
1727 5631 1891 5699 οὖρα-

327 5735 450 5799 νοῦς
481 5735 810 5803 φθάνουσαν,
847 5731 943 5784 καὶ
983 5729 1069 5782 ἐπ’
1098 5729 1291 5797 αὐτῆς,
1334 5728 1454 5796 ἥτις
1486 5721 1557 5793 ἦν
1589 5722 1751 5777 εἰκὼν
1792 5723 1890 5788 τῆς

330 5823 426 5880 τοῦ
463 5823 829 5896 σαρκωθὲντος
871 5823 1043 5890 Λόγου
1078 5818 1324 5890 Μητρὸς,
1370 5817 1460 5872 τὸν
1490 5817 1622 5870 Θεὸν
1658 5813 1884 5876 καθεζό-

1969 2003 2054 2048 est
2081 1999 2134 2047 et
2165 1992 2352 2047 vivens
2382 2001 2433 2046 et
2465 1992 2633 2046 solus.
2664 1992 2727 2046 Et
2771 1993 2837 2046 de
2883 1992 3089 2060 Spiritu
3142 2001 3336 2047 sancto
3367 2011 3380 2046 :
3423 2011 3441 2044 ι
3473 1990 3541 2046 Ει

1972 2085 2209 2154 Spiritus
2229 2083 2324 2138 Dei
2358 2083 2628 2139 ferebatur
2661 2099 2826 2152 super
2862 2097 3058 2153 aquas,
3095 2101 3114 2134 ι
3150 2083 3362 2151 inquit;
3401 2083 3544 2137 etde

1971 2176 2192 2230 homine
2227 2193 2241 2230 :
2283 2193 2302 2227 t
2337 2175 2631 2229 lnsuﬂlavit
2672 2176 2726 2230 in
2753 2174 2946 2229 faciem
2997 2174 3117 2244 ejus
3161 2174 3423 2244 Spiritum
3466 2174 3542 2226 vi-

1971 2278 2071 2333 tae;
2110 2287 2128 2320 ι
2167 2277 2220 2322 et
2251 2268 2318 2322 de
2347 2265 2498 2322 Noe:
2531 2286 2551 2319 t
2586 2267 2704 2322 Non
2741 2267 3079 2335 permanebit
3112 2265 3352 2334 Spiritus
3388 2280 3546 2320 meus

1971 2361 2025 2416 in
2053 2358 2367 2415 hominibus
2398 2359 2554 2425 istis;
2592 2379 2610 2412 ι
2645 2369 2718 2425 et,
2747 2377 2764 2410 t
2814 2358 3024 2428 Spiritu
3061 2369 3252 2412 sancto
3278 2359 3543 2428 repletum

1971 2463 2056 2508 est
2085 2452 2516 2508 tabernaculum.
2561 2469 2580 2504 ι
2618 2448 2692 2504 Ita
2721 2450 2996 2510 sapienter
3025 2450 3237 2521 Moyses
3269 2451 3322 2504 in
3361 2451 3548 2506 multis

1973 2542 2110 2598 locis
2145 2541 2380 2597 Verbum
2406 2542 2598 2596 vivens
2623 2549 2680 2595 et
2702 2540 2967 2608 Spiritum
3005 2549 3254 2594 sanctum
3287 2540 3549 2608 praedica-

1975 2633 2075 2686 vit.
2104 2633 2174 2688 At
2215 2641 2341 2686 ante
2369 2646 2492 2686 eutn
2543 2631 2821 2685 Abraham
2869 2639 2980 2684 tres
3031 2631 3180 2685 viros
3214 2632 3316 2684 sub
3340 2645 3546 2699 quercu

1979 2724 2223 2778 Mambre
2252 2723 2562 2792 suscipiens
2594 2735 2734 2790 quos
2778 2737 2942 2776 unum
2974 2721 3147 2776 Deum
3174 2731 3322 2776 recte
3355 2721 3552 2790 praadi—

1980 2815 2144 2879 cavit,
2190 2813 2359 2870 Deum
2405 2813 2458 2867 in
2493 2814 2763 2868 Trinitate
2813 2814 3170 2883 proclamavit
3217 2813 3320 2868 sub
3370 2813 3553 2881 specie

1981 2908 2145 2963 trium
2185 2909 2427 2962 virorum
2470 2915 2848 2976 apparentem,
2896 2917 3115 2975 propter
3163 2907 3550 2976 proprietatem

1976 3015 2357 3071 personarum.
2393 3015 2561 3053 unum
2613 3009 2792 3053 tamen
2855 2999 2924 3050 ab
2967 2999 3240 3052 Abraham
3289 2999 3553 3067 praedica-

1979 3101 2092 3145 tum
2128 3099 2350 3159 propter
2379 3091 2643 3142 uuitatem
2697 3098 2925 3154 naturas,
2977 3089 3179 3156 quibus
3226 3087 3552 3144 Trinitatem

1209 3184 1410 3252 ἄνδρας
1491 3183 1550 3236 ἑν
1604 3185 1670 3252 τῇ
1751 3175 1952 3249 δρυῒο

1984 3185 2146 3238 simul
2189 3193 2240 3238 et
2268 3185 2528 3237 unitatem
2563 3180 2775 3236 Triadis
2810 3181 3065 3250 signavit.
3101 3181 3204 3236 Sed
3237 3179 3386 3235 Isaac
3417 3195 3554 3248 quo-

1985 3291 2092 3346 que
2132 3275 2410 3330 Trinitatis
2467 3286 2522 3329 et
2578 3274 2973 3329 lncarnationis
3018 3273 3179 3330 Verbi
3237 3275 3552 3345 mysterium

1985 3366 2372 3435 praecognitum
2423 3366 2732 3433 descripsit,
2791 3365 3010 3433 genitus
3061 3365 3283 3433 quidem
3337 3367 3555 3432 quando

1987 3466 2099 3510 tres
2165 3457 2312 3510 viros
2372 3456 2646 3510 Abraham
2701 3456 2855 3520 vidit,
2906 3455 3344 3510 incarnationem
3400 3471 3552 3520 vero,

1986 3546 2393 3601 crucifixionem
2426 3556 2479 3598 et
2506 3547 2963 3599 resurrectionem
3014 3545 3218 3600 Christi
3250 3546 3551 3607 declarans,

1986 3639 2206 3709 quando
2232 3638 2496 3691 adductus
2534 3645 2617 3691 est
2665 3652 2693 3689 a
2740 3646 2919 3706 patre,
2965 3637 3175 3706 lignum
3203 3637 3384 3691 erucis
3416 3638 3551 3706 ligu-

1987 3746 2103 3785 ram
2141 3730 2195 3783 in
2243 3729 2496 3782 humeris
2543 3740 2786 3796 portans,
2821 3739 2872 3782 et
2902 3729 2954 3782 in
2990 3729 3110 3798 ipso
3143 3729 3436 3797 ligatus,ut
3472 3729 3552 3782 vi-

1985 3826 2144 3879 ctima
2180 3825 2287 3876 Deo
2334 3823 2486 3876 fieret
2529 3832 2581 3877 et
2626 3823 2987 3886 occideretur,
3046 3831 3210 3890 atque
3248 3823 3429 3877 audita
3469 3832 3551 3876 est

1988 3931 2089 3968 vox
2122 3915 2212 3968 Dei
2269 3929 2389 3980 quae
2441 3911 2533 3965 Dei
2591 3912 2828 3966 Verbum
2883 3913 3177 3982 significat,
3235 3929 3354 3983 quin
3410 3913 3550 3984 patri

1985 4007 2102 4074 ejus
2143 4005 2320 4058 dixit:
2361 4021 2379 4056 t
2418 4001 2534 4056 Non
2589 4003 2852 4056 extendas
2915 4019 3138 4058 manum
3203 4013 3348 4058 tuam
3386 4020 3552 4074 super

1987 4110 2236 4164 puerum.
2278 4113 2295 4145 ι
2331 4093 2483 4160 Quod
2521 4101 2668 4147 esset
2713 4095 2945 4148 Verbum
2987 4093 3128 4148 Deus
3163 4095 3255 4164 qui
3284 4095 3551 4164 loqueba-

1989 4197 2076 4241 tur
2110 4194 2257 4255 patct
2290 4201 2354 4239 cx
2386 4185 2467 4240 eis
2513 4200 2633 4254 quas
2674 4185 2739 4239 ad
2787 4185 3059 4238 Abraham
3105 4184 3242 4238 dixit
3281 4201 3294 4237 :
3347 4203 3366 4236 t
3400 4183 3556 4242 Nunc

1986 4278 2217 4346 cognovi
2257 4275 2401 4345 quod
2455 4276 2613 4329 times
2667 4276 2859 4337 Deum,
2905 4286 2958 4328 et
2991 4291 3098 4328 non
3129 4277 3419 4345 pepercisti
3469 4277 3552 4330 di-

1988 4371 2129 4422 lecto
2158 4368 2266 4421 filio
2295 4377 2388 4420 tuo
2413 4375 2633 4436 propter
2657 4381 2762 4418 me.
2798 4383 2817 4417 ι
2849 4367 2950 4421 llic
2984 4366 3147 4435 igitur
3175 4377 3293 4420 erat
3315 4367 3556 4436 Angelus

1992 4458 2170 4525 magni
2223 4455 2456 4538 consilii,
2499 4455 2667 4508 Filius
2729 4455 3019 4519 Altissimi,
3091 4457 3181 4523 qui
3232 4458 3372 4525 patri
3439 4459 3560 4526 ejus

1991 4548 2269 4601 Abraham
2337 4547 2559 4601 locutus
2638 4555 2743 4610 est,
2807 4548 3060 4614 idemque
3105 4545 3275 4601 Jacob
3355 4548 3555 4602 luctam

1991 4638 2188 4701 intulit,
2227 4648 2278 4691 et
2315 4637 2664 4706 semetipsum
2714 4646 2928 4705 patrum
2996 4639 3115 4704 ejus
3174 4637 3339 4690 Deum
3371 4638 3559 4706 appel-

1992 4730 2137 4792 |a\it,
2175 4743 2410 4796 eumque
2440 4727 2504 4781 ad
2547 4728 2752 4795 apicem
2807 4727 3285 4796 contemplationis
3315 4744 3409 4797 per
3437 4729 3559 4798 Spi-

1993 4819 2154 4871 ritum
2213 4830 2457 4873 sanctum
2495 4816 2743 4881 adduxit,
2780 4831 2809 4870 a
2866 4832 2976 4886 quo
3036 4817 3203 4872 Jacob
3254 4819 3440 4885 jussus
3473 4830 3559 4874 cst

1991 4911 2058 4964 ab
2114 4910 2255 4965 Esau
2309 4910 2568 4980 aufugere
2612 4919 2667 4964 et
2714 4909 2780 4963 ad
2833 4910 3169 4979 alienigenas
3209 4912 3555 4980 perigrinari,

1991 5001 2305 5068 scalamque
2333 4999 2559 5053 viditad
2593 5001 2789 5055 cmlum
2834 5002 3250 5069 pertingeutcui,
3301 5011 3354 5055 et
3395 5003 3446 5054 itt
3492 5018 3555 5055 ea

1991 5107 2110 5159 qua:
2141 5092 2311 5154 figura
2345 5100 2460 5144 erat
2517 5089 2674 5144 Verbi
2716 5091 3009 5154 incarnati,
3049 5091 3218 5147 Deum
3253 5094 3553 5156 sedentem,

1991 5196 2047 5240 et
2077 5199 2294 5237 rursum
2329 5183 2522 5251 jussus
2574 5192 2658 5236 est
2706 5184 3073 5252 propinquum
3125 5184 3330 5250 fugere.
3365 5187 3556 5239 miras-

1991 5290 2098 5345 que
2127 5276 2264 5328 vidit
2294 5274 2674 5328 revelationes.
2722 5274 2855 5339 Quaa
2911 5277 3094 5329 omnia
3122 5275 3282 5329 Verbi
3318 5277 3410 5331 Dei
3446 5279 3560 5330 vir-

1995 5373 2162 5418 tutem
2212 5374 2264 5418 et
2327 5363 2562 5432 Spiritus
2600 5363 2692 5416 Dei
2746 5365 3043 5432 potentiam
3109 5366 3161 5418 itt
3211 5365 3375 5433 justis
3439 5368 3559 5422 iStis

1993 5463 2307 5524 operantem
2385 5455 2834 5522 praedicaverunt.
2899 5455 3040 5520 Quid
3113 5472 3240 5512 vero
3311 5458 3562 5523 .losepb?

1994 5544 2182 5597 Nonne
2235 5559 2328 5612 per
2365 5543 2574 5596 somnia
2631 5543 2867 5598 Verbum
2925 5545 3018 5598 Dei
3059 5535 3340 5614 suscepit?
3369 5547 3561 5601 Nonne

1997 5633 2202 5701 Spiritu
2248 5633 2339 5684 Dei
2375 5633 2742 5686 movebatur?
2786 5633 2939 5688 Unde
2969 5635 3069 5703 ipsi
3105 5637 3371 5702 sapiu-utin
3398 5639 3556 5706 cujus

1993 5739 2098 5793 ope
2165 5722 2232 5776 ab
2296 5722 2566 5793 Egyptiis
2610 5723 2678 5777 ad
2729 5739 2907 5792 regem
2971 5725 3195 5795 ejusque
3273 5729 3556 5785 ministros

1996 5812 2402 5869 transeuntibus
2449 5813 2712 5871 liberatus
2764 5813 2888 5872 est?
2940 5813 3131 5872 Nonne
3159 5816 3357 5873 virtute
3384 5810 3547 5873 divini
