4216 6432
665 372 734 435 55
1503 369 1878 429 SYMEONIS
1906 365 2650 427 THESSALONICENSIS
2681 367 3038 429 ARCIIIEP.
3833 364 3903 428 56

668 480 904 549 Spiritus
926 481 950 518 ν
975 481 1168 536 Nonne
1203 481 1564 548 omnipotenti
1611 478 1840 549 imperio
1869 479 2106 534 viventis
2136 494 2227 533 sa-
2258 478 2302 533 Λ
2330 503 2333 548 λ

2258 478 2302 533 Λ
2330 497 2510 548 μενον,
2546 481 2637 532 καὶ
2681 479 2773 532 τὸν
2809 478 3076 547 κηδεστὴν
3121 478 3177 531 δὲ
3227 476 3452 545 φεύγειν
3507 475 3664 542 λόγον
3709 473 3901 537 ἐδέξα-

667 572 884 638 pientiae
914 587 1006 625 seu
1041 571 1130 625 Dei
1159 570 1362 625 Verbi?
1407 570 1482 623 Ita
1510 570 1673 624 etiam
1707 569 1821 625 fere
1863 571 1916 624 in
1974 570 2233 627 omnibus

670 661 946 729 prophetis
1000 663 1263 729 scriptum
1295 668 1379 715 est
1415 678 1430 716 :
1472 680 1489 712 ι
1535 661 1771 715 Verbum
1818 661 2035 716 Domini
2087 662 2233 730 quod

671 753 870 803 factum
889 761 971 805 est
1005 753 1068 804 ad
1094 750 1286 804 Isaiam
1315 750 1483 804 [ilium
1516 753 1700 806 Amos.
1741 770 1760 804 ι
1796 751 1862 805 Ει
1894 770 1908 806 :
1945 771 1963 804 ι
2003 751 2232 805 Verbum

673 842 882 895 lluniini
914 842 1058 909 quod
1106 842 1308 895 factum
1341 852 1421 896 est
1453 843 1518 897 ad
1551 843 1846 897 Jeremiam
1878 842 2047 896 tilium
2096 841 2238 895 Hel-

670 935 789 984 cim.
833 950 851 981 ›
886 931 946 984 Et
991 934 1069 986 sic
1115 932 1182 986 de
1223 935 1432 988 caeteris
1471 951 1485 988 :
1538 955 1556 986 ι
1607 933 1936 1002 Principium
1975 931 2135 986 Verbi
2168 932 2235 985 ad

677 1025 842 1085 Osee;
885 1041 900 1073 ι
936 1032 990 1077 et
1025 1042 1039 1078 :
1070 1043 1088 1074 ι
1119 1023 1293 1078 Verba
1314 1028 1477 1080 Amos
1509 1041 1627 1093 qua:
1667 1026 1798 1078 vidit
1839 1041 2002 1093 super
2020 1029 2240 1079 Jerusa-

674 1113 687 1162 l
732 1129 810 1173 in;
838 1131 856 1163 ι
877 1122 928 1166 et
955 1131 968 1165 :
998 1132 1016 1165 ι
1042 1113 1263 1167 Factum
1286 1126 1367 1168 est
1385 1113 1618 1167 Verbum
1641 1114 1854 1168 Domini
1873 1118 1937 1169 ad
1958 1115 2237 1172 .‘lliclia‘am

676 1201 1029 1266 Murathiten;
1067 1222 1085 1254 ι
1116 1214 1209 1257 et:
1263 1223 1280 1254 ι
1317 1203 1548 1256 Verbum
1589 1203 1802 1258 Domini
1841 1210 1984 1276 quod
2034 1207 2236 1261 factum

672 1299 754 1342 est
784 1291 849 1341 ad
880 1289 995 1345 Joel
1030 1292 1196 1344 lilium
1228 1291 1488 1356 Phatuel;
1515 1310 1532 1341 ι
1571 1300 1660 1346 et:
1689 1310 1708 1343 ι
1749 1292 1870 1347 llaec
1895 1296 2026 1348 dicit
2057 1295 2239 1348 Domi-

675 1395 776 1433 nus
831 1380 992 1437 Deus.
1056 1382 1228 1449 inquit
1261 1381 1707 1452 Abdias,iquod
1767 1393 1846 1436 est
1906 1385 1972 1439 de
2031 1384 2233 1451 Verbo,

673 1470 1126 1535 quemadmodum
1159 1486 1348 1525 omnes
1382 1474 1655 1540 prolihetae
1673 1473 1839 1527 locuti
1871 1484 1999 1529 sunt
2029 1495 2041 1528 :
2072 1495 2089 1528 ι
2117 1475 2242 1533 Haec

673 1562 806 1613 dicit
843 1562 1120 1623 Dominus,
1144 1579 1162 1611 ο
1205 1561 1436 1614 Verbum
1466 1563 1607 1617 illius
1642 1566 1828 1620 vivens
1851 1567 2238 1634 praedicantes:

2333 588 2416 634 το,
2448 569 2542 622 καὶ
2569 570 2944 638 ἀποκαλύψεις
2975 568 3162 635 σαφῶς
3202 567 3484 622 ἐθεάσατο.
3531 567 3597 618 Ἀ
3623 564 3687 632 δὴ
3723 564 3899 618 πάντα

2333 661 2433 728 τὴν
2463 659 2556 712 τοῦ
2605 659 2742 712 Θεοῦ
2797 660 2971 726 Λόγου
3006 658 3239 727 δύναμιν
3290 658 3384 712 καὶ
3439 656 3542 711 τοῦ
3581 656 3902 723 Πνεύματος

2335 750 2469 803 Θεοῦ
2510 752 2609 818 τὴν
2640 752 2921 821 ἐνέργειαν
2951 751 3008 802 ὲν
3052 752 3164 813 τοῖς
3193 750 3426 814 δικαίοις
3474 749 3706 810 ἐκείνοις
3752 750 3901 817 ὲνερ-

2339 843 2544 910 γοΰσαν
2574 841 2828 912 ἐκήρυξε.
2865 841 2929 896 Τί
2969 842 3024 894 δὲ
3065 842 3305 911 Ἰωσήφς
3339 841 3400 895 οὐ
3442 840 3510 894 δι’
3545 841 3769 910 ὀνείρων
3805 823 3897 892 λόο

2335 950 2466 1000 γους
2503 934 2637 985 Θεοῦ
2668 934 2886 1001 ἐδέξατο
2916 951 2929 998 ;
2963 934 3025 987 οὐ
3057 933 3566 1002 πνευματοκίνητος
3591 929 3659 1002 ἦν
3687 948 3701 990 ς
3734 931 3904 986 Πόθεν

2337 1024 2485 1090 αὐτῷ
2519 1026 2550 1091 ἠ
2587 1024 2772 1090 σοφία,
2825 1026 2920 1077 καὶ
2956 1025 3044 1078 διὰ
3071 1023 3279 1090 ταύτης
3315 1024 3423 1076 τῶν
3455 1024 3902 1091 διαπορουμένων

2341 1115 2419 1182 τῷ
2448 1115 2659 1182 βασιλεῖ
2698 1117 3015 1182 Αἰγυπτίων
3065 1117 3158 1168 καὶ
3211 1115 3318 1168 τῶν
3360 1096 3552 1169 τούτου
3611 1112 3902 1182 ὑπηρετῶν

2337 1210 2391 1260 αἱ
2419 1207 2599 1268 λύςεις
2628 1223 2643 1271 ;
2677 1207 2752 1258 Οὐ
2783 1207 3012 1276 δυνάμει
3044 1206 3138 1260 τοῦ
3160 1207 3304 1260 θείου
3335 1204 3649 1274 Πνεύματος
3673 1220 3687 1268 ;
3713 1203 3771 1255 οὐ
3801 1203 3902 1270 τῆς

2339 1298 2520 1367 ζώσης
2555 1301 2753 1366 σοφίας
2787 1298 2883 1350 τοῦ
2929 1297 3067 1350 Θεοῦ
3101 1299 3278 1365 Λόγου
3308 1299 3373 1365 τῇ
3405 1295 3779 1364 παντουργικῇ
3813 1294 3904 1346 δυ-

2339 1388 2563 1457 ναστείᾳ
2592 1405 2606 1452 ;
2646 1386 2807 1442 Οὕτω
2840 1389 2932 1441 καὶ
2964 1390 3020 1441 ὲν
3059 1392 3170 1450 τοῖς
3215 1388 3527 1457 προφήταις
3556 1385 3741 1454 σχεδὸν
3770 1385 3905 1438 ἄπα·

2340 1497 2394 1531 σι
2428 1479 2738 1549 γέγραπται
2768 1495 2782 1509 ’
2825 1499 2844 1532 ι
2890 1480 3060 1546 Λόγος
3098 1480 3303 1547 Κυρίου
3332 1521 3346 1544 ,
3396 1479 3454 1542 ὃς
3497 1478 3713 1546 ἐγένετο
3769 1475 3906 1546 πρὸς

2350 1569 2576 1620 Ἦσαῖαν
2603 1568 2932 1638 υίὸνἊμώς.
2958 1568 3296 1634 Καὶ,ιΛόγος
3329 1567 3551 1634 Κυρίου,
3583 1566 3641 1629 ὃς
3678 1566 3906 1632 ἐγένετο

680 1670 697 1699 ι
743 1651 804 1702 Et
842 1649 1042 1702 factum
1075 1659 1159 1704 est
1199 1649 1432 1705 Verbum
1475 1652 1685 1706 Domini
1730 1654 1795 1707 ad
1840 1653 2032 1709 Ionam
2068 1657 2236 1710 [ilium

2345 1659 2485 1727 πρὸς
2529 1660 2801 1727 Ἰερεμίαν
2833 1662 2929 1711 τὸν
2952 1659 3046 1712 τοῦ
3090 1659 3345 1714 Χελκίου.
3379 1678 3397 1710 ι
3437 1660 3544 1711 Kal
3577 1662 3634 1711 ἐν
3659 1661 3768 1722 τοῖς
3798 1659 3907 1711 λοι-

674 1734 888 1787 Amathi
919 1735 1137 1800 dicens;
1180 1755 1198 1786 ι
1243 1737 1452 1791 Nahum
1480 1748 1658 1792 autem
1704 1758 1716 1793 :
1751 1762 1768 1792 ι
1800 1740 1949 1797 Onus
1976 1743 2187 1808 Ninive,
2215 1764 2234 1797 ι
2276 1807 2309 1819 ,ι

2276 1807 2309 1819 ,ι
2343 1753 2461 1811 ποίς
2492 1749 2634 1802 οὕτω
2655 1765 2669 1779 ·
2697 1770 2715 1801 ι
2741 1752 2905 1819 Ἀρχὴ
2924 1752 3081 1818 λόγου
3110 1752 3244 1819 προς
3269 1750 3450 1819 Ὠσηὲ.
3487 1768 3505 1800 ι
3534 1750 3698 1815 Kal,»
3742 1750 3906 1817 Λόγοι

676 1825 887 1894 inquit;
928 1828 1073 1896 quod
1129 1844 1266 1882 onus
1318 1828 1530 1884 dicendi
1575 1829 1840 1888 Jeremias
1875 1851 1979 1889 non
2013 1839 2232 1905 accipit,
2274 1807 2313 1861 Β

2274 1807 2313 1861 Β
2354 1807 2555 1907 Ἀμὼς,
2578 1839 2672 1903 οὓς
2703 1807 3009 1910 sumlib-asp.
3047 1807 3427 1910 Ἰερουσαλήμ.
3466 1859 3483 1891 ι
3514 1807 3700 1903 Καὶ,ἰ
3749 1807 3905 1906 Ἐγέ-

677 1919 769 1971 sed
805 1916 1076 1984 Verbum;
1121 1919 1371 1975 similiter
1403 1932 1456 1976 et
1495 1923 1707 1977 Nahum
1741 1940 2009 1995 pergens:
2055 1947 2072 1980 ι
2112 1928 2236 1985 HERC

678 2011 807 2063 dicit
841 2009 1119 2076 Dominus,
1158 2013 1253 2078 ait,
1285 2015 1375 2082 qui
1408 2014 1723 2069 dominatur
1758 2019 1916 2085 aquis
1953 2021 2175 2088 multis;
2213 2042 2230 2074 ι

674 2114 727 2157 et
768 2117 957 2156 rursus
985 2120 998 2157 :
1035 2123 1052 2154 ι
1083 2103 1219 2157 Ecce
1242 2120 1339 2173 ego
1372 2122 1539 2174 super
1563 2116 1634 2173 te,
1662 2111 1735 2161 ait
1767 2110 2028 2167 Dominus
2063 2115 2240 2168 omni-

675 2207 904 2263 potens;
953 2215 971 2246 ι
1005 2205 1106 2251 et:
1155 2216 1173 2248 ‹
1216 2196 1369 2255 Onus
1419 2201 1562 2268 quod
1623 2201 1754 2256 vidit
1804 2201 2056 2260 Habscuc
2113 2223 2240 2276 pro-

683 2291 867 2354 pheta.
911 2309 925 2336 ι
963 2286 1116 2352 Quod
1147 2290 1284 2362 idem
1313 2302 1397 2344 est
1429 2307 1491 2344 ac
1524 2292 1566 2344 si
1601 2293 1746 2347 dicat
1775 2309 1834 2348 se
1867 2295 1977 2365 regi
2008 2307 2062 2350 et
2115 2297 2241 2352 ferri

680 2383 905 2450 Spiritu.
953 2383 1106 2448 Quod
1155 2399 1298 2438 onus
1343 2385 1414 2438 sit
1460 2386 1695 2453 Spiritus
1749 2389 1948 2455 sancti,
2005 2391 2131 2445 audi
2160 2392 2241 2446 di-

678 2485 915 2527 centem:
940 2491 958 2524 ι
979 2472 1256 2528 Terribilis
1291 2475 1539 2543 egregius
1570 2483 1703 2541 est,»
1737 2477 1786 2531 id
1810 2488 1893 2534 est
1927 2481 2091 2534 Deus.
2119 2499 2138 2532 ι
2167 2480 2242 2535 Ex

680 2566 973 2633 semetipso
1021 2564 1286 2630 judicium
1346 2567 1464 2631 ejus
1536 2570 1656 2630 erit,
1696 2586 1716 2620 ι
1749 2569 1954 2625 scilicet
2005 2569 2242 2626 Verbum

682 2655 818 2726 ejus,
859 2672 979 2709 nam
1016 2655 1283 2724 judicium
1314 2665 1396 2710 est
1423 2656 1768 2725 Verbum,et,
1801 2680 1819 2711 ι
1849 2659 2000 2717 Onus
2033 2662 2154 2732 ejus
2181 2679 2244 2717 ex

685 2747 803 2812 ipso
835 2746 1163 2814 egredietur.
1196 2765 1214 2796 ι
1255 2744 1442 2799 Viden’
1496 2747 1751 2802 virtutem
1811 2749 2050 2821 Spiritus
2085 2769 2114 2807 a
2144 2753 2247 2806 Pa-

687 2846 768 2888 tre
797 2835 1176 2904 procedentis?
1227 2834 1292 2888 Et
1353 2851 1571 2890 rursum
1607 2856 1622 2892 :
1666 2855 1682 2890 ι
1717 2837 1893 2907 Super
1941 2843 2246 2897 custodiam

691 2942 868 2980 meum
908 2928 1172 2994 staho;et
1198 2928 1612 2997 contemplabor
1645 2939 1704 2984 ut
1739 2931 1949 2986 videam
1984 2933 2128 3003 quod
2164 2935 2249 2988 di-

695 3031 854 3071 catur
913 3019 1067 3080 mihi,
1109 3028 1162 3071 et
1202 3019 1478 3087 respondit
1530 3020 1595 3072 ad
1646 3036 1731 3075 me
1787 3021 2082 3089 Dominus;
2124 3043 2142 3076 ι
2179 3041 2246 3080 en

2340 1947 2460 1982 νετο
2489 1930 2648 1997 λόγος
2682 1931 2888 1999 Κυρίου
2913 1931 3047 2000 πρὸς
3080 1932 3319 2000 Μιχαίαν
3344 1933 3431 1984 τὸν
3461 1931 3552 1984 τοῦ
3592 1932 3846 1994 Μωραοί.
3881 1950 3898 1983 ι

2340 2021 2469 2083 Kal,
2509 2039 2526 2071 ι
2565 2021 2735 2088 Λόγος
2774 2022 3010 2090 Κυρίου,
3048 2022 3106 2082 ὃς
3140 2022 3373 2090 ἐγενήθη
3429 2021 3565 2092 πρὸς
3600 2022 3753 2090 Ἰωήλ
3806 2020 3898 2072 τον

2337 2112 2430 2164 τοῦ
2466 2111 2736 2182 Βαθουήλ.
2771 2130 2790 2164 ι
2825 2114 2954 2174 Kal,
2993 2133 3010 2164 ι
3051 2113 3188 2167 Τάδε
3225 2114 3371 2179 λέγει
3411 2113 3614 2184 Κύριος
3636 2115 3664 2166 6
3691 2113 3842 2176 Θεὸς,
3874 2132 3892 2165 ι

2352 2201 2561 2254 Ἀϐδιοῦ
2597 2219 2783 2270 φησιν,
2818 2203 2846 2256 6
2875 2204 3004 2272 περὶ
3051 2204 3146 2257 τοῦ
3201 2204 3375 2272 Λόγου
3426 2206 3580 2267 ἐστὶ,
3621 2203 3763 2258 καθᾶ
3808 2206 3905 2258 καὶ

2343 2293 2540 2356 πάντες
2585 2295 2634 2346 οἱ
2669 2296 2944 2365 προφῆταί
2995 2313 3148 2364 φασι.
3191 2315 3208 2348 ι
3249 2297 3388 2350 Τάδε
3422 2297 3572 2365 λέγει
3606 2296 3838 2367 Κύριος,
3876 2313 3898 2349 ι

2347 2385 2438 2438 τὸν
2494 2385 2666 2454 Λόγον
2712 2387 2878 2439 αὑτοῦ
2940 2388 3030 2439 τὸν
3078 2388 3258 2451 ζῶντα
3327 2387 3712 2456 κηρύττοντες.
3774 2387 3906 2450 Kal,

2349 2494 2368 2527 ι
2434 2475 2682 2544 Ἐγένετο
2740 2475 2902 2544 λόγος
2971 2478 3172 2546 Κυρίου
3235 2478 3370 2546 πρὸς
3433 2479 3616 2530 Ὶωνᾶν
3670 2477 3763 2530 τὸν
3819 2477 3913 2531 τοῦ

2357 2564 2576 2634 ’Λμαθλη
2623 2567 2818 2633 λέγων.
2860 2587 2878 2618 ι
2917 2568 3025 2619 Kal
3057 2567 3246 2638 Naobp.
3279 2568 3398 2636 μὲν,
3431 2587 3450 2619 ι
3489 2571 3718 2637 Λῆμμα,
3759 2571 3914 2638 φησὶ,

2346 2660 2556 2713 Νινευῖ”
2603 2660 2679 2712 »ὃ
2747 2660 2940 2728 λῆμμα
2996 2661 3172 2727 λέγειν
3232 2660 3586 2728 Ἰερεμίαςού
3644 2660 3912 2729 δέχεται,

2350 2749 2486 2802 ἀλλὰ
2539 2749 2735 2817 Λόγον.
2795 2750 2982 2816 ’Ὁμως
3038 2751 3132 2802 καί
3185 2749 3378 2817 Ναοὺμ
3433 2747 3678 2818 προῖὼν,
3714 2768 3732 2800 ι
3775 2749 3914 2802 Τάδε

2351 2843 2499 2910 λέγει
2531 2841 2757 2910 Κύριος,
2807 2843 2958 2909 φησὶ,
3010 2841 3299 2910 κατάρχων
3355 2843 3563 2894 ὑδάτων
3622 2841 3853 2896 πολλῶν.
3888 2860 3907 2892 ι

2351 2935 2462 2987 Kal
2488 2933 2672 2998 πόλιν,
2714 2952 2732 2985 ι
2786 2934 2918 2986 Ἰδοὺ
2953 2933 3063 3000 ἐγὼ
3114 2935 3204 2986 ἐπὶ
3251 2933 3329 2998 σὲ,
3365 2933 3514 3000 λέγει
3548 2934 3748 3000 Κύριος
3781 2950 3920 2988 παν-

2350 3027 2655 3095 τοκράτωρ.
2691 3044 2710 3078 ι
2740 3026 2872 3087 Kal,
2908 3043 2926 3075 ι
2963 3025 3038 3077 T6
3082 3025 3275 3094 λῆμμα
3301 3025 3329 3076 6
3358 3022 3498 3077 εἶδεν
3528 3025 3848 3094 ’Λεϐακοὺμ
3887 3029 3918 3079 6

693 3124 883 3161 rursus
919 3106 1179 3162 Verbum.
1213 3107 1315 3174 Qui
1345 3111 1568 3178 insuper
1611 3110 1679 3163 de
1714 3111 2125 3180 dispensatione
2156 3114 2246 3170 Dei
2273 3137 2320 3200 ο
2355 3139 2358 3151 ι

2273 3137 2320 3200 c
2355 3119 2660 3187 προφήτης.
2689 3134 2707 3168 ι
2735 3115 2906 3168 Τοῦτο
2933 3115 2989 3167 δέ
3023 3118 3165 3169 ἐστιν
3197 3117 3366 3168 εἰπεῖν
3396 3116 3454 3167 τὸ
3470 3116 3804 3185 κρατηθῆναι
3822 3117 3916 3169 καὶ

693 3199 854 3253 Verbi
883 3216 979 3254 nos
1005 3202 1160 3253 docet
1190 3238 1206 3260 .
1249 3209 1303 3253 et
1345 3218 1359 3254 :
1404 3220 1421 3252 ι
1459 3203 1658 3256 Audivi
1709 3205 2046 3260 auditionem
2080 3215 2248 3272 tuam,

691 3303 745 3344 et
796 3293 971 3356 timui,
1026 3311 1042 3342 ι
1108 3291 1317 3359 inquit;
1369 3300 1471 3346 et:
1508 3311 1525 3344 ι
1575 3295 1717 3348 Deus
1764 3312 1830 3349 ex
1886 3296 2099 3352 Pharan
2163 3314 2254 3352 ve-

700 3384 848 3448 niet;
921 3403 939 3434 ι
1015 3391 1068 3437 et
1128 3393 1322 3436 emtera
1385 3385 1617 3452 plurima
1683 3388 1749 3440 de
1808 3387 1950 3442 illius
2006 3389 2253 3444 incarna-

698 3479 868 3530 tione.
908 3476 1059 3539 Quoil
1104 3476 1332 3528 Verbum
1389 3475 1479 3539 Dei
1537 3486 1682 3529 esset
1730 3493 1948 3531 carnem
2006 3495 2253 3546 sumptu-

698 3583 814 3621 r-um
853 3576 1080 3620 testatur
1131 3567 1314 3619 dicens
1345 3581 1358 3618 :
1397 3582 1414 3615 ι
1454 3567 1592 3620 Ante
1628 3567 1819 3620 faciem
1846 3568 1965 3636 ejus
2003 3569 2100 3623 ibit
2125 3572 2254 3624 Ver-

700 3662 846 3722 bum;
885 3679 901 3709 ι
938 3669 989 3711 et
1020 3677 1032 3709 :
1074 3677 1089 3707 ι
1125 3656 1360 3711 Verbum
1406 3655 1615 3710 Domini
1644 3658 1786 3726 quod
1835 3658 2036 3712 factum
2073 3669 2156 3714 est
2187 3663 2254 3715 ad

701 3749 1031 3817 Snphouiam
1063 3748 1231 3801 lilium
1276 3747 1472 3811 Cillhi;
1505 3766 1522 3798 ι
1549 3756 1601 3801 et
1645 3765 1656 3800 :
1695 3766 1712 3798 ι
1753 3746 1975 3802 Factum
2008 3761 2089 3803 est
2128 3753 2258 3806 Ver-

702 3842 826 3898 bum
863 3837 1072 3890 Domini
1121 3838 1173 3891 in
1214 3851 1375 3888 manu
1422 3837 1598 3904 Λαεκί
1637 3838 1931 3905 prophetae.
1963 3839 2185 3905 dicens;
2234 3860 2252 3892 ι

699 3942 752 3983 et
785 3946 798 3982 :
839 3949 856 3980 ι
896 3929 1118 3982 Factum
1153 3937 1242 3983 est
1287 3926 1518 3980 Verbum
1573 3927 1787 3980 Domini
1825 3930 1888 3982 ad
1940 3929 2257 3986 Zachariam

703 4023 868 4072 lilium
917 4019 1215 4082 Bai-achiae,
1267 4019 1490 4082 dicens;
1537 4038 1555 4069 ι
1602 4023 1689 4073 hic
1735 4035 1951 4089 quoque
1985 4024 2050 4076 de
2085 4025 2263 4076 incar-

703 4115 922 4166 natione
953 4111 1113 4164 Verbi
1171 4111 1321 4178 plura
1387 4112 1649 4179 praedixit.
1697 4113 1759 4165 Et
1804 4130 1818 4167 :
1858 4113 2071 4181 c.0nus
2100 4114 2258 4168 Verbi

706 4205 918 4257 Dumiui
951 4205 1015 4254 ad
1050 4202 1213 4255 Israel
1253 4203 1305 4254 in
1344 4218 1506 4254 manu
1552 4204 1727 4271 angeli
1764 4204 1880 4269 ejus
1907 4246 1921 4268 ,
1965 4224 1981 4256 ι
2022 4222 2116 4259 seu
2149 4206 2262 4258 Μυ-

705 4296 912 4356 liichim.
945 4294 1020 4346 En
1059 4296 1251 4348 iterum
1286 4310 1421 4347 unus
1467 4293 1646 4355 Verbi,
1706 4304 1758 4347 et
1819 4297 1988 4348 virtus
2022 4297 2262 4365 Spiritus

704 4400 868 4452 atque
901 4385 1082 4439 Verbi.
1117 4385 1219 4448 Qui
1265 4384 1556 4438 illaiaebius
1605 4401 1800 4438 nomen
1864 4390 1952 4439 Dei
2006 4403 2260 4454 magnum

2353 3205 2580 3272 ἄγεσθαι
2626 3205 2924 3271 Πνεύματι.
2983 3204 3105 3256 Ὅτι
3159 3205 3215 3256 δὲ
3277 3205 3590 3271 Πνεύματος
3643 3205 3801 3272 ἁγίου
3855 3204 3918 3257 τὸ

2353 3298 2566 3366 λῆμμα,
2629 3298 2860 3349 ἄκουσον
2922 3296 3203 3361 λέγοντοςο
3259 3313 3276 3346 ι
3344 3295 3576 3364 Φοῆερδς
3637 3295 3916 3362 ἐπιφανής

2354 3390 2498 3440 ἐστιν
2530 3429 2544 3452 ,
2583 3406 2600 3438 ι
2640 3391 2666 3440 6
2718 3390 2849 3450 Θεῆς
2898 3387 3164 3456 δηλονότι.
3203 3403 3220 3436 ι
3262 3386 3352 3450 ἘΞ
3402 3385 3567 3438 αὐτοῦ
3623 3385 3684 3436 τὸ
3736 3385 3915 3452 κρίμα.

2355 3478 2517 3532 αὑτοῦ
2559 3477 2736 3528 ἔσται·
2771 3498 2788 3527 ι
2833 3477 3108 3530 τουτέστιν
3167 3477 3195 3529 6
3252 3477 3422 3543 Λόγος
3491 3475 3652 3527 αὑτοῦ
3682 3491 3697 3506 ο
3740 3475 3918 3542 κρίμα

2356 3572 2464 3639 γὰρ
2487 3571 2514 3622 6
2544 3571 2730 3636 Λόγος.
2767 3570 2894 3630 Kal,
2933 3587 2949 3618 ι
2986 3569 3060 3621 Τὸ
3097 3568 3292 3636 λῆμμα
3323 3567 3488 3621 αὑτοῦ
3524 3567 3580 3634 ἑξ
3622 3565 3791 3620 αὑτοῦ
3827 3566 3917 3632 EE.-

2357 3661 2689 3714 ελεύσεται.ι
2735 3661 2899 3729 Ὀρᾷς
2937 3662 3037 3728 τὴν
3068 3658 3161 3712 τοῦ
3205 3659 3530 3728 Πνεύμῖιτος
3558 3658 3790 3729 δύναμιν
3825 3659 3921 3711 τοῦ

2358 3753 2421 3805 ὲκ
2450 3752 2544 3804 τοῦ
2596 3752 2802 3820 [ἰατρὸς
2837 3751 3320 3820 ὲκπορευομένου;
3371 3750 3469 3803 xal
3508 3750 3692 3803 πάλινο
3730 3769 3748 3801 ι
3795 3749 3918 3804 Ἐπὶ

2357 3845 2454 3912 τῆς
2509 3841 2751 3910 φυλακῆς
2799 3857 2900 3908 μου
2947 3841 3237 3910 στήσομαι,
3277 3840 3372 3893 τοῦ
3411 3841 3539 3893 ἰδεῖν
3593 3857 3642 3893 τι
3689 3839 3915 3909 λαλήσει

2360 3937 2418 3986 ὲν
2447 3931 2570 4001 ἐμοὶ
2595 3972 2610 3994 ,
2655 3950 2674 3982 ι
2710 3933 2802 3983 xal
2834 3970 2849 3991 ,
2890 3948 2908 3981 ι
2950 3930 3250 3999 Ἀπεκρίθη
3307 3930 3444 3999 πρός
3503 3947 3570 4000 με
3638 3930 3862 4000 Κύριος.
3892 3949 3912 3983 ι

2359 4025 2492 4077 Ἰδοὺ
2526 4024 2684 4074 πάλιν
2714 4024 2741 4073 6
2768 4022 2963 4087 Λόγος.
2997 4021 3164 4083 Οὗτος
3204 4021 3295 4073 καὶ
3325 4023 3452 4089 περὶ
3480 4022 3578 4092 τῆς
3610 4023 3924 4091 οἰκονομίας

2360 4114 2452 4167 τοῦ
2484 4114 2618 4165 Θεοῦ
2652 4113 2827 4180 Λόγου
2873 4111 3138 4165 διδάσκει.
3169 4112 3298 4176 Kal,
3331 4131 3348 4163 ι
3387 4111 3581 4181 Κύριε,
3617 4113 3925 4180 είσακήκοα

2361 4206 2456 4274 τὴν
2483 4204 2652 4272 ἀκοήν
2681 4219 2776 4256 σου
2799 4203 2892 4255 καὶ
2917 4200 3210 4269 ἐφοϐήθην,
3241 4220 3258 4252 ι
3289 4203 3443 4270 φησι.
3477 4202 3606 4266 Καὶ,
3644 4219 3662 4252 ι
3703 4203 3765 4254 '0
3795 4201 3927 4264 Θεὸς

2362 4296 2470 4350 ἀπὸ
2501 4297 2716 4362 Θαιμὰν
2761 4293 2901 4362 ἥξει.
2942 4312 2958 4343 ›
3010 4293 3119 4344 Καὶ
3170 4292 3336 4345 λοιπὰ
3394 4291 3623 4345 πλεῖστα
3673 4292 3929 4360 περὶτῆς

2367 4384 2692 4453 σαρκώσεως
2742 4380 2934 4434 αὐτοῦ.
2972 4381 3079 4434 Kal
3115 4382 3198 4433 ὅτι
3244 4383 3273 4434 6
3308 4381 3479 4448 Λόγος
3509 4380 3930 4450 σαρκωθήσεται

703 4495 825 4528 esse
857 4477 909 4529 in
946 4475 1198 4543 gentibus
1240 4474 1397 4528 dixit.
1452 4474 1702 4526 Vidistiu‘
1752 4492 1942 4528 omnes
1975 4482 2264 4545 prophetas
2297 4458 2342 4517 θ

2297 4458 2342 4517 ο
2369 4473 2463 4526 τοῦ
2493 4473 2649 4532 Θεοῦ,
2681 4472 2854 4538 λέγει,
2895 4488 2914 4522 ι
2951 4470 3061 4540 Πρὸ
3099 4469 3392 4539 προσώπου
3430 4470 3594 4523 αὐτοῦ
3626 4470 3931 4538 προπορεύ-

706 4566 943 4620 Verbum
975 4567 1061 4619 Dei
1093 4575 1146 4618 et
1180 4564 1436 4632 Spiritum
1468 4565 1893 4633 prmdieavissc?
1926 4568 2131 4619 Atheus
2159 4568 2258 4633 igi-

709 4672 796 4709 ιιιι·
822 4658 914 4725 qui
944 4672 1020 4710 ea.
1047 4672 1155 4709 non
1189 4655 1467 4723 praedicat.
1507 4654 1571 4706 Ει
1613 4655 1726 4722 ipse
1763 4655 1926 4707 David
1958 4673 1970 4708 :
2015 4676 2030 4704 ι
2073 4656 2265 4710 Omnia

710 4751 763 4802 in
821 4747 1086 4816 sapientia
1144 4745 1340 4808 fecisti,
1396 4765 1414 4796 ι
1460 4744 1526 4797 ad
1585 4745 1750 4796 Deum
1809 4745 2102 4809 clamavit;
2161 4755 2262 4800 et:

713 4857 732 4886 ι
785 4837 1019 4890 Verbum
1073 4846 1246 4900 tuum,
1309 4836 1551 4898 Domine,
1599 4845 1877 4902 permanet
1936 4834 1987 4887 in
2038 4836 2178 4889 uelo
2211 4836 2262 4888 in

711 4931 1110 4996 generationem
1139 4935 1191 4978 et
1218 4926 1620 4992 generationem
1650 4941 1817 4994 usque
1849 4927 1898 4977 iu
1927 4927 2184 4978 saeculum
2210 4941 2258 4988 ς»

707 5031 762 5071 et
793 5016 968 5071 Veibo
1007 5017 1217 5070 Domini
1246 5017 1412 5069 caelos
1453 5017 1692 5072 [innatus
1724 5030 1842 5069 esse
1875 5025 2122 5078 testatur,
2155 5018 2264 5068 vir-

712 5119 992 5175 tutemque
1028 5124 1216 5159 eorum
1243 5125 1272 5160 ιε
1303 5107 1507 5170 Spintu
1542 5108 1654 5159 oris
1686 5107 1871 5170 illius;
1902 5121 2058 5174 quem
2092 5106 2266 5173 Spiri-

2373 4581 2524 4617 σεται
2557 4563 2747 4629 Λόγος.
2786 4579 2804 4612 ι
2839 4561 3176 4628 Καὶ,ιΛόγος
3203 4562 3406 4632 Κυρίου
3436 4562 3493 4623 ὃς
3528 4561 3758 4631 ἐγενήθη
3794 4563 3931 4630 πρὸς

2371 4655 2632 4721 Σοφονίαν
2663 4654 2753 4706 τὸν
2783 4653 2876 4704 τοῦ
2925 4652 3114 4706 Χουσί.
3161 4671 3180 4705 ι
3216 4654 3370 4718 Kal,
3418 4671 3437 4704 ι
3485 4653 3731 4720 Ἐγένετο
3761 4652 3930 4718 Λόγος

2374 4743 2578 4811 Κυρίου
2624 4745 2683 4794 ὲν
2712 4744 2858 4811 χειρὶ
2903 4742 3162 4809 ’Λγγαίου
3197 4742 3293 4794 τοῦ
3339 4744 3645 4812 προφήτου,
3679 4742 3873 4807 λέγων.
3905 4760 3925 4791 ι

2377 4835 2508 4896 Kal,
2552 4852 2569 4884 ι
2615 4833 2862 4899 Ἐγένετο
2915 4833 3086 4898 Λόγος
3133 4833 3340 4902 Κυρίου
3374 4833 3508 4902 πρὸς
3536 4833 3812 4901 Ζαχαρίαν
3843 4833 3933 4885 τὸν

2374 4923 2672 4991 Βαραχίου,
2707 4922 2900 4988 λέγων,
2953 4943 2970 4972 ο
3005 4915 3171 4984 Οὗτος
3211 4925 3302 4976 καὶ
3334 4927 3460 4987 περὶ
3493 4925 3591 4992 τῆς
3633 4923 3728 4976 τοῦ
3757 4923 3934 4990 Λόγου

2375 5013 2703 5082 σαρκώσεως
2741 5016 2965 5065 πλεῖστα
2997 5016 3391 5084 προεφήτευσε.
3434 5033 3452 5064 ι
3483 5015 3628 5075 Kal,
3668 5033 3685 5064 ι
3728 5014 3937 5082 Λῆμμα

2374 5103 2532 5169 λόγου
2575 5102 2782 5171 Κυρίου
2820 5103 2912 5155 ἐπὶ
2944 5103 3034 5157 τὸν
3065 5103 3281 5173 Ἰσραὴλ
3321 5106 3379 5157 ἐν
3405 5107 3548 5173 χειρὶ
3573 5104 3809 5170 ἀγγέλου
3843 5104 3938 5156 αὺ-

715 5214 825 5254 tutn
859 5200 1095 5269 postulat
1148 5200 1201 5252 iti
1259 5199 1556 5251 visceribus
1605 5199 1718 5250 suis
1773 5198 2040 5257 reuomi'i,
2070 5207 2123 5250 et
2156 5211 2269 5249 asc
2371 5211 2380 5228 ·

2371 5195 2489 5254 τοῦ,
2533 5212 2551 5244 ι
2586 5194 2705 5264 ήτοι
2739 5195 2832 5246 τοῦ
2864 5194 3167 5264 Μαλαχίου.
3212 5195 3342 5247 Ἰδοὺ
3388 5195 3483 5248 καὶ
3533 5195 3728 5264 λῆμμα
3759 5195 3935 5261 Λόγου

717 5279 823 5344 utin
854 5293 1052 5345 atiferri
1083 5309 1097 5356 ;
1131 5301 1183 5344 et
1215 5305 1356 5343 reete
1393 5291 1556 5342 Deum
1596 5289 1807 5340 Patrem
1857 5287 2111 5357 praedicat
2144 5303 2265 5340 cum
2376 5308 2382 5339 π

2376 5290 2408 5357 ή
2457 5286 2684 5356 δύναμις
2716 5288 2809 5340 τοῦ
2849 5288 3169 5356 Πνεύματος
3215 5289 3311 5341 καὶ
3364 5289 3456 5340 τοῦ
3499 5289 3695 5354 Λόγου,
3728 5287 3783 5350 ὃς
3819 5287 3937 5340 Μα-

714 5385 888 5436 Verbo
907 5396 953 5436 et
981 5383 1208 5452 Spiritu.
1243 5383 1304 5435 Et
1337 5383 1513 5433 munis
1541 5383 1756 5450 quidem
1779 5382 2049 5448 justorum
2069 5380 2269 5433 chorus
2375 5380 2379 5429 ἶ

2262 5396 2269 5432 l
2375 5379 2563 5446 λαχίας
2615 5380 2708 5432 καὶ
2756 5380 2814 5432 τὸ
2858 5380 3027 5449 ὄνομα
3081 5379 3177 5432 τοῦ
3234 5379 3368 5432 Θεοῦ
3417 5381 3677 5449 ἐπιφανὲς
3723 5381 3779 5430 ὲν
3813 5381 3927 5438 τοῖς

713 5476 946 5528 Verbum
986 5479 1074 5529 Dei
1108 5487 1268 5544 atque
1313 5476 1571 5540 Spiritum
1607 5474 1889 5526 manifeste
1915 5475 2270 5528 deinutisn'al.

2385 5471 2564 5523 ἔθνεσί
2615 5489 2801 5541 φησιν.
2862 5471 3028 5541 Ὀρᾷς
3077 5473 3158 5524 ὅτι
3205 5471 3403 5534 πάντες
3444 5472 3493 5522 οἱ
3529 5471 3801 5541 προφῆται
3845 5468 3935 5521 τὸν

715 5575 807 5622 τοῦ
844 5571 975 5622 Θεοῦ
1012 5572 1179 5634 Λόγον
1214 5575 1310 5620 καὶ
1357 5570 1415 5619 τε,
1453 5568 1674 5634 Πνεῦμα
1726 5569 2035 5638 ἐκήρυξανς
2079 5568 2268 5627 Ἀοεος

719 5666 904 5728 Δαὸῑδ,
955 5683 971 5712 ι
1020 5663 1198 5713 lla/ta
1250 5664 1306 5712 ὲν
1363 5660 1523 5730 σοφία
1573 5661 1832 5729 ἐποίησας
1863 5699 1877 5719 ,

2348 5567 2635 5636 τίιιγαροέν
2678 5567 2705 5618 6
2753 5567 2827 5636 μὴ
2877 5567 3049 5619 ταῖιτα
3129 5566 3434 5634 κηρύττων.
3471 5565 3577 5617 Kal
3627 5565 3786 5624 αὐτὸς
3819 5563 3875 5616 δὲ
3906 5564 3936 5614 6

1939 5679 1957 5711 ι
2012 5661 2146 5728 πρ“.ς
2177 5661 2266 5709 τὸν
2305 5658 2438 5709 Θεὸν
2474 5658 2786 5726 ἁνακράζει.
2843 5660 2973 5721 Kal,
3015 5676 3033 5708 ι
3072 5657 3131 5708 ’0
3164 5657 3332 5723 Λόγος
3366 5673 3458 5708 σου
3483 5697 3498 5721 ,
3564 5655 3757 5724 Κύριε,
3815 5655 3932 5708 δια-

732 5761 880 5826 μένει
909 5760 965 5810 ἐν
998 5757 1074 5825 τῷ
1103 5754 1314 5825 οὑρκνῷ
1355 5757 1429 5817 εἰς
1461 5755 1656 5820 γενεὰν
1691 5755 1779 5805 καὶ
1817 5753 2004 5820 γενεὰν
2044 5753 2146 5812 ἕως
2186 5751 2275 5804 τοῦ
2316 5750 2529 5812 αἰῶνος.
2577 5770 2593 5801 i
2643 5751 2746 5803 Kal
2787 5749 2862 5818 τῷ
2901 5749 3042 5819 λόγῳ
3077 5750 3282 5820 Κυρίου
3319 5750 3442 5810 τοὺς
3487 5749 3745 5816 0:39sz);
3778 5749 3927 5802 ἐστε-
