4216 6432
318 391 382 451 57
1367 383 1646 446 DlALOG
1658 382 1753 444 US
1790 375 2096 439 CONTRA
2136 369 2527 434 H/ERESES.
3047 381 3055 388 ·
3492 350 3561 412 58

321 506 557 581 ρεῶσθαι
615 505 903 576 μαρτυρεῐ,
947 504 1043 572 ιι
1117 502 1210 554 καὶ
1280 498 1378 569 τὴν
1432 498 1660 566 δύναμιν
1729 491 1908 545 αὐτῶν

2011 481 2149 539 εἶναι
2211 485 2290 551 τῷ
2381 479 2652 548 πνεύματι
2727 470 2822 526 τοῦ
2905 470 3171 537 στόματος
3255 462 3417 516 αὐτοῦ
3499 464 3565 514 Ὀ

326 553 548 670 ἷὲνεῦμα
591 553 1164 667 ὲὲκὲινιὲθῆνέἴτοῖς
1219 553 1470 658 ἑγκότοις
1514 553 1683 641 αότοῦ
1717 579 1987 645 δυσωπεῖ,
2019 581 2116 632 καὶ
2271 567 2695 670 ἀπολειφθῆναι-
2732 562 2956 670 τούτοικὴ
2983 666 2990 670 _
3017 555 3410 670 Kal-Latitit‘k‘

317 695 452 747 Θεὸν
483 694 575 745 καὶ
601 689 821 759 Πατέρα
849 687 1114 757 κηρύσσει
1147 685 1244 737 σὺν
1274 683 1354 752 τῷ
1387 682 1544 748 Λόγῳ
1608 677 1703 731 καὶ
1767 671 2073 740 Πνεύματι.

316 785 412 841 τοῦ
444 785 579 840 Θεοῦ
610 783 706 840 καὶ
739 787 797 839 16
835 783 1061 851 Πνεῦμα
1087 778 1358 850 ἀριδήλως
1397 776 1668 830 διδάσκει.

952 900 1204 953 ΚΕΦΛΛ.
1258 897 1317 950 1’.

323 999 463 1068 Περὶ
515 996 621 1051 τοῦ
671 993 1045 1068 μονογενοῦς
1108 993 1247 1068 Υῐ-οῦ
1285 989 1391 1045 τοῦ
1434 987 1585 1043 Θεοῦ
1623 984 1721 1040 και
1775 981 1885 1037 τοῦ

831 1065 1003 1135 ἁγίου
1027 1064 1390 1132 Πνεύματος.

391 1160 453 1213 Εἰ
494 1159 592 1227 μὲν
625 1175 718 1211 ουν
761 1157 882 1219 ταῖς
935 1154 1107 1211 Θείαις
1143 1152 1386 1221 Γραφαῖς
1437 1149 1464 1200 6
1508 1144 1884 1213 ἀντικείμενος

318 1253 534 1314 ἕπεται,
572 1253 635 1303 ἐκ
668 1249 874 1301 τούτων
907 1248 1002 1299 καὶ
1033 1243 1144 1296 τῶν
1191 1243 1395 1312 όμοίων
1425 1239 1521 1293 τοῦ
1557 1237 1885 1305 φιλονεικεῖν

322 1344 592 1394 παύσεται
614 1357 629 1371 ο
661 1339 873 1410 πλήρης
896 1339 1003 1405 γὰρ
1033 1335 1240 1389 τούτων
1271 1336 1302 1402 ὴ
1333 1333 1452 1385 θεία
1490 1329 1680 1400 Γραφή
1705 1344 1718 1357 ·
1749 1326 1797 1378 εἰ
1843 1325 1886 1376 δ’

321 1429 442 1496 οὖν,
468 1438 563 1486 καὶ
607 1433 714 1486 ἀπὸ
745 1431 846 1498 τῆς
882 1431 1113 1490 κτίσεως
1143 1428 1313 1495 αὐτῆς
1342 1427 1436 1479 καὶ
1461 1425 1562 1490 τῆς
1613 1417 1888 1490 ἀνθρωπί-

319 1543 415 1591 νης
439 1523 653 1591 φύσεως
684 1521 1043 1588 ἐπιγνώσεται
1074 1521 1174 1588 τὴν
1221 1518 1500 1587 ἀλήθειαν.
1538 1517 1601 1568 Et
1642 1514 1750 1584 γὰρ
1796 1511 1890 1581 δη-

328 1615 588 1682 μιουργὸς
618 1615 725 1666 τῶν
767 1613 902 1665 ὅλων
951 1612 1066 1665 ἐστὶ
1123 1611 1276 1676 Θεὸς,
1311 1608 1455 1663 διατι
1490 1608 1619 1675 ,ἄρα
1649 1606 1718 1659 τὰ
1769 1603 1889 1658 κτί-

323 1721 504 1767 σςιατα
530 1704 753 1769 γέγονε;
789 1701 928 1754 διατί
961 1697 1054 1754 οὖν
1083 1718 1098 1763 ;
1142 1702 1262 1752 Ἰνα
1287 1699 1422 1752 Θεοῦ
1451 1695 1722 1767 ἀπολαύῃ.
1752 1695 1889 1748 Τίνα

322 1796 378 1846 re
409 1795 544 1846 Θεοῦ
595 1794 881 1857 ἀπολαύει,
915 1793 1010 1846 καὶ
1055 1794 1288 1860 δύναμιν
1329 1791 1443 1860 ἔχει
1479 1790 1610 1842 Θεὸν
1643 1787 1843 1840 εἰδέναι
1872 1803 1888 1853 ;

322 1885 407 1934 Τὰ
441 1885 598 1949 λόγον
623 1884 835 1950 ἔχοντα.
864 1884 962 1935 Διὰ
999 1882 1094 1936 106
1124 1883 1283 1949 λόγου
1320 1884 1426 1951 γὰρ
1472 1883 1505 1951 ἠ
1560 1879 1785 1948 γνῶσις.
1826 1876 1890 1931 Εἰ

320 1972 414 2027 οὖν
440 1976 527 2028 διὰ
556 1975 663 2027 τῶν
691 1976 926 2040 λογικῶν
961 1978 993 2045 ἡ
1053 1974 1277 2043 γνῶσις,
1319 1974 1478 2041 λόγος
1528 1974 1634 2042 ἄρα
1690 1969 1891 2040 μᾶλλον

322 2071 378 2119 ἐν
404 2069 482 2135 τῷ
531 2069 670 2134 θεῷ.
709 2069 817 2121 και
845 2069 890 2119 εί
919 2067 1004 2119 διὰ
1054 2069 1122 2121 τὰ
1175 2065 1368 2134 λογικὰ
1397 2068 1424 2118 ό
1455 2053 1738 2132 ἅρώμενος
1793 2061 1890 2113 κό-

323 2161 595 2227 σμος,.διὰ
625 2162 716 2213 τὶν
741 2161 911 2228 Λόγον
937 2163 1043 2227 ἄρα
1069 2161 1164 2214 καὶ
1197 2160 1284 2212 διὰ
1313 2159 1407 2211 106
1429 2159 1605 2226 Λόγου
1630 2158 1662 2226 ἢ
1689 2155 1889 2218 κτίσις·

325 2254 419 2304 καὶ
449 2255 647 2322 μᾶλλον
676 2255 702 2306 ό
732 2256 905 2320 Λόγος
939 2255 1091 2306 ἔσται
1120 2256 1176 2305 ἐν
1215 2252 1293 2321 τῷ
1324 2251 1443 2322 Θεῷ
1463 2268 1476 2282 ·
1516 2251 1609 2304 καὶ
1641 2249 1804 2303 αὐτὸν
1825 2244 1894 2318 ἦν
1925 2229 1967 2285 Β

323 2348 545 2416 θεωρῶν
589 2348 616 2398 6
653 2348 840 2414 Πατὴρ
886 2346 993 2414 πρδ
1029 2345 1122 2398 106
1159 2345 1418 2412 γενέσθαι
1457 2344 1524 2397 τὰ
1574 2342 1754 2397 πάντα
1811 2342 1890 2404 ὼς

321 2442 504 2492 εἰκόνα
532 2440 709 2502 ζῶσαν
741 2438 929 2501 αὐτοῦ,
977 2441 1072 2491 καὶ
1122 2439 1446 2508 χαρακτῆρα
1480 2438 1757 2506 ἀκίνητον,
1799 2451 1892 2488 σο·

325 2534 454 2596 (ρίαν
508 2549 564 2583 τε
598 2535 690 2585 καὶ
734 2531 1095 2600 ἀπαύγασμα,
1139 2533 1232 2584 καὶ
1289 2532 1462 2596 Λόγον
1492 2531 1589 2582 καὶ
1635 2528 1889 2597 δύναμιν,

324 2625 420 2675 καὶ
451 2624 740 2691 ἀγαπητὸν
791 2622 942 2686 Υίὸν,
977 2624 1070 2676 καὶ
1104 2623 1164 2674 τὸ
1219 2623 1484 2688 πανᾶγιον
1533 2618 1779 2689 Πνεῦμα,
1817 2619 1892 2682 ὡς

325 2716 620 2784 ἁγιασμόν,
652 2713 727 2772 ὡς
760 2717 945 2784 πηγὴν
974 2715 1217 2784 ἀγάπης,
1250 2713 1324 2775 ὡς
1355 2713 1502 2783 ζωὴν
1531 2715 1592 2765 ὲκ
1617 2711 1785 2782 ζωῆς.
1815 2712 1892 2773 ὡς

325 2805 614 2869 ζωοποιὸν,
640 2807 714 2863 ὼς
739 2807 1022 2876 θησαυρὸν
1052 2807 1408 2876 ἀγαυότητος.
1433 2810 1545 2862 Καὶ
1570 2806 1728 2861 10616
1745 2811 1892 2861 ἐστιν

322 2899 460 2967 ὅπερ
492 2899 519 2949 6
558 2898 817 2966 Θεολόγος
857 2900 1024 2969 φησὶν
1060 2899 1387 2968 Γρηγόριος,
1415 2900 1474 2955 τὸ
1521 2901 1613 2954 τὸν
1642 2900 1776 2953 Θεὸν
1807 2917 1893 2952 κι-

324 2990 535 3042 νεῖσθαι
567 2994 630 3059 τῇ
665 2991 860 3044 ἑαυτοῦ
893 2990 1120 3060 Θεωρία.
1174 2994 1278 3044 Καὶ
1311 2993 1358 3042 εί
1383 2993 1449 3046 τὰ
1496 2992 1768 3059 κτίσματα
1807 2992 1892 3045 λό-

325 3098 425 3144 γου
458 3081 702 3150 μετέχει,
738 3081 825 3133 ἵνα
861 3083 1108 3151 γινώσκῃ
1140 3081 1295 3146 Θεδν,
1329 3081 1510 3151 πολλῷ
1556 3083 1759 3152 μᾶλλον
1791 3083 1894 3136 Λό-

232 3195 240 3201 ·
323 3190 419 3234 70;
446 3172 599 3226 ἔσται
649 3176 705 3226 ὲν
739 3175 817 3242 τῷ
849 3174 986 3243 Θεῷ,
1027 3176 1085 3227 ἐν
1111 3167 1154 3242 ᾧ
1191 3177 1286 3227 καὶ
1332 3176 1399 3228 δι’
1431 3169 1490 3228 οὗ
1518 3178 1612 3229 καὶ
1667 3177 1774 3247 πρὸ
1798 3175 1891 3229 106

321 3265 577 3330 γενέσθαι
609 3267 674 3317 τὰ
708 3266 887 3318 πάντα
942 3263 1073 3320 οἶδε.
1112 3268 1221 3320 Καὶ
1247 3271 1291 3320 εί
1331 3269 1473 3320 κατὰ
1501 3267 1657 3335 λόγον
1687 3269 1719 3337 ἠ
1771 3267 1893 3320 κτί-

327 3376 410 3420 σις
441 3359 685 3425 γέγονεν,
715 3359 746 3427 ή
780 3358 879 3426 μιν
901 3357 1116 3427 λογικὴ,
1154 3359 1187 3426 ή
1217 3359 1275 3411 δὲ
1326 3361 1406 3422 είς
1440 3359 1749 3428 ὑπηρεσίαν
1784 3358 1893 3413 τῶν

322 3454 580 3520 λογικῶν,
609 3453 715 3523 ἄρα
740 3455 834 3505 καὶ
869 3453 1040 3521 Λόγος
1086 3454 1144 3504 ἐν
1170 3453 1248 3520 τῷ
1279 3453 1417 3522 Θεῷ.
1456 3454 1563 3507 Καὶ
1626 3454 1675 3505 εί
1708 3453 1775 3506 τὰ
1805 3453 1895 3504 λο-

325 3545 458 3612 γικὰ
494 3548 604 3596 νοεῖ
635 3546 727 3596 καὶ
759 3545 814 3595 16
832 3544 1183 3606 αὐτεξούσιον
1211 3544 1322 3612 ἔχει
1355 3547 1449 3597 καὶ
1480 3545 1566 3597 ἀεὶ
1712 3542 1892 3613 πολλῷ

327 3654 387 3698 γε
428 3637 630 3704 μᾶλλον
669 3638 696 3689 6
727 3636 902 3689 ταῦτα
953 3637 1190 3706 ποιήσας
1241 3636 1438 3705 λογικὰ
1472 3635 1628 3704 λόγον
1660 3635 1772 3705 ἔχει
1806 3636 1893 3689 ἀεὶ

324 3732 379 3777 ἐκ
413 3729 617 3795 ἑαυτῷ·
687 3729 887 3794 μᾶλλον
933 3727 988 3780 δὲ
1039 3727 1128 3780 διὰ
1161 3727 1318 3782 10610
1354 3729 1451 3780 καὶ
1490 3729 1767 3798 κτίσματα
1806 3729 1893 3778 λο-

324 3823 485 3885 γικὰ,
511 3821 591 3873 ὅτι
615 3821 776 3888 λόγον
808 3819 919 3888 ἔχει
948 3818 1104 3883 Θεός.
1126 3820 1237 3871 Καὶ
1264 3821 1405 3873 αὑτὰ
1434 3821 1491 3872 δὲ
1522 3822 1589 3872 1'1
1625 3819 1698 3890 μὴ
1729 3819 1890 3887 λόγου

327 3914 624 3981 μετέχοντα
655 3911 794 3964 κατὰ
834 3912 994 3978 λόγον
1025 3913 1133 3964 eici
1168 3911 1481 3965 συνεστῶτα
1526 3913 1623 3965 xui.
1661 3912 1892 3981 μένοντα

323 4009 418 4055 καὶ
453 4004 750 4070 κινούμενα
775 4020 788 4033 °
824 4003 904 4056 ὅτι
937 4002 1095 4070 λόγον
1128 4004 1241 4074 ἔχει
1267 4004 1422 4070 Θεός.
1463 4003 1625 4057 Ἀλλὰ
1657 4005 1892 4075 διάφορα.

329 4097 425 4163 μὲν
463 4096 526 4146 1‘2
553 4096 852 4163 κτίσματα,
888 4097 1004 4164 ἐρεῖ
1035 4113 1143 4160 τις,
1171 4100 1263 4149 καὶ
1295 4096 1554 4166 διάφορος
1596 4097 1649 4150 δὲ
1678 4100 1706 4151 6
1736 4097 1895 4165 λόγος

324 4210 346 4240 c
364 4188 540 4251 616w;
585 4188 895 4240 Ἀκουσάτω
934 4181 1109 4252 0610;,
1137 4190 1220 4241 ὅτι
1258 4189 1427 4242 πολλὰ
1460 4189 1633 4242 ταῦτα
1670 4189 1745 4252 ὡς
1776 4188 1893 4242 κτί-

329 4299 514 4348 σματα
547 4281 639 4333 καὶ⁸
699 4279 982 4349 ἀρξάμενα
1014 4282 1108 4333 καὶ
1160 4281 1394 4351 διάφορα
1426 4286 1492 4352 τῇ
1551 4280 1747 4351 γνώμῃ
1801 4283 1894 4334 καὶ

325 4371 510 4435 φύσει,
542 4371 636 4423 καὶ
660 4372 724 4423 ἐκ
763 4371 835 4439 μὴ
856 4369 1024 4421 όντων
1047 4385 1059 4400 ·
1117 4371 1198 4422 διὸ
1235 4371 1330 4423 καὶ
1385 4371 1756 4423 ἀνυπόστατον
1800 4371 1893 4424 καὶ

325 4461 573 4515 ποικίλον
607 4464 697 4513 τὸν
728 4462 888 4528 λόγον
921 4461 1012 4512 καὶ
1034 4462 1132 4513 οὐκ
1157 4461 1525 4514 ὲνυπόστατον
1556 4460 1689 4530 ἔχει.
1738 4460 1894 4514 Ἐπεὶ

322 4556 376 4606 δὲ
404 4554 512 4617 ζῶν
548 4555 645 4606 καὶ
677 4550 754 4615 εἷς
791 4556 926 4617 Θεὶς
960 4557 988 4606 6
1015 4554 1224 4622 Πατὴρ,
1260 4553 1356 4606 καὶ
1386 4553 1475 4606 ἀεὶ
1507 4552 1604 4619 ὢν,
1668 4554 1765 4605 καὶ
1813 4549 1893 4614 εἷς

321 4649 349 4699 ὁ
383 4645 552 4710 Λόγος
580 4646 728 4697 ἐστὶν
755 4644 946 4708 αὐτοῦ,
978 4649 1073 4700 καὶ
1105 4645 1212 4707 ζῶν
1244 4645 1316 4704 ὡς
1351 4646 1444 4697 καὶ
1473 4645 1500 4697 ό
1550 4643 1762 4714 Πατὴρ,
1800 4647 1894 4696 καὶ

325 4741 412 4790 ἀεὶ
450 4736 546 4800 ὣν,
585 4738 658 4798 ὡς
692 4739 720 4788 6
746 4737 933 4805 Πατὴρ
969 4735 1065 4800 ὢν,
1094 4737 1192 4788 καὶ
1242 4736 1470 4802 τέλειος,
1520 4736 1644 4788 ἐπεὶ
1681 4739 1775 4788 καὶ
1808 4737 1894 4791 τέ-

323 4831 470 4891 isto;
500 4830 528 4880 6
562 4829 752 4897 Πατήρ
774 4845 786 4858 ·
820 4829 899 4880 διδ
932 4830 1026 4881 καὶ
1066 4830 1128 4880 οὐ
1182 4829 1331 4897 λόγοι
1382 4830 1592 4896 πολλοὶ,
1627 4832 1736 4883 οὐδ’
1767 4832 1892 4883 ἀνυ-

1925 885 1973 944 Α

2146 644 2255 721 Kal.
2302 665 2412 720 πᾶς
2447 662 2504 714 δὲ
2569 657 2736 722 ὁτῶν
2771 649 2990 705 δικαίων
3044 647 3202 717 χορδς
3243 646 3335 698 τὸν
3379 644 3554 712 Λόγοθ

2619 867 2846 928 CAPUT
2883 866 2955 920 Χ.
3498 950 3500 952 γ

2139 968 2218 1024 De
2259 966 2405 1022 Filio
2452 965 2551 1020 Dei
2585 963 2854 1033 unigenito
2911 971 2960 1014 et
2993 966 3175 1013 sancto
3205 955 3425 1023 Spiritu.

2059 1121 2227 1190 Igitur
2261 1120 2304 1173 si
2337 1118 2684 1173 adversarius
2737 1116 2950 1170 divinas
2995 1121 3260 1181 sequatur
3319 1108 3560 1175 Scriptu-

1987 1230 2098 1275 ras,
2132 1227 2198 1268 ex
2225 1214 2384 1267 dictis
2431 1221 2483 1265 et
2518 1212 2786 1264 similibus
2821 1225 3014 1263 suasus
3038 1223 3067 1260 a
3129 1208 3270 1259 lucta
3311 1204 3563 1262 desistet.

1987 1322 2111 1360 nam
2149 1305 2430 1373 Scriptura
2455 1303 2632 1356 divina
2654 1302 2846 1354 talibus
2871 1299 3067 1374 referta
3094 1307 3175 1350 est
3211 1294 3566 1362 argumentis.

1989 1395 2115 1452 lnsu
2132 1412 2228 1467 per
2260 1411 2322 1450 ex
2379 1396 2495 1463 ipsa
2528 1394 2802 1448 creatione
2845 1393 3194 1457 humanaque
3223 1397 3418 1440 natura
3467 1401 3566 1438 eo-

1989 1496 2214 1557 gnoscet
2271 1486 2576 1540 veritatem.
2625 1482 2837 1552 Quippe
2886 1483 2929 1537 si
2973 1482 3113 1534 Deus
3149 1487 3231 1533 est
3287 1478 3567 1531 universo-

1990 1592 2109 1630 rum
2145 1576 2417 1636 conditor,
2473 1589 2644 1642 quare
2692 1588 2820 1641 ergo
2878 1571 3031 1623 factio
3084 1577 3213 1620 sunt
3271 1564 3568 1619 creatum?

1991 1666 2211 1732 Quare?
2243 1665 2312 1719 Ut
2345 1666 2452 1718 Deo
2489 1664 2776 1726 fruantur;
2809 1660 2904 1714 sed
2967 1673 3213 1728 qua-nam
3251 1656 3357 1708 Deo
3382 1655 3566 1706 fruen-

1993 1765 2101 1818 tur,
2136 1766 2191 1812 et
2229 1765 2552 1825 potestatem
2601 1755 2876 1808 habebunt
2917 1751 3134 1804 videndi
3193 1745 3403 1800 Deum?
3463 1743 3566 1797 Illa:

1992 1862 2112 1916 quin
2147 1850 2356 1902 ratione
2409 1859 2534 1901 sunt
2563 1845 2818 1914 prteditze.
2857 1842 2991 1896 Nam
3023 1857 3119 1908 per
3153 1840 3419 1894 rationem
3470 1852 3570 1890 co—

1993 1936 2200 2006 gnitio;
2236 1937 2402 2004 igitur
2436 1937 2482 1990 si
2534 1950 2630 2005 per
2662 1933 2946 1987 facultates
2977 1931 3269 1985 rationales
3301 1929 3356 1980 tit
3390 1926 3573 1995 cogni-

1993 2029 2094 2092 tio,
2125 2036 2330 2097 quanto
2358 2027 2533 2096 magis
2560 2026 2699 2079 ratio
2725 2040 2817 2078 seu
2857 2023 3095 2077 Verbum
3137 2023 3188 2073 in
3224 2020 3335 2077 Deo
3358 2020 3476 2072 est!
3520 2029 3573 2071 et

1996 2113 2043 2169 si
2091 2113 2328 2168 mundus
2369 2113 2605 2167 visibilis
2655 2120 2876 2182 propter
2933 2110 3229 2164 rationales
3291 2116 3572 2162 creaturas

1999 2203 2176 2260 factus
2216 2213 2316 2267 est,
2354 2203 2518 2273 igitur
2547 2213 2769 2273 propter
2805 2203 3066 2257 rationem
3098 2210 3152 2255 et
3181 2217 3274 2269 per
3307 2200 3568 2253 rationem

1996 2296 2226 2349 conditae
2252 2303 2380 2350 sunt
2409 2303 2708 2361 creaturae;
2752 2304 2805 2348 et
2859 2305 3066 2362 quanto
3096 2291 3267 2360 magis
3321 2290 3460 2343 ratio
3515 2289 3568 2340 in

1995 2385 2108 2441 Deo
2137 2395 2240 2451 est,
2265 2396 2320 2440 et
2341 2385 2487 2440 illam
2519 2385 2895 2454 contemplans
2919 2392 3036 2438 erat
3058 2381 3218 2436 Pater
3250 2382 3568 2452 priusquam

1995 2475 2188 2531 tierent
2239 2476 2446 2540 omnia,
2485 2484 2544 2529 ut
2571 2488 2726 2528 suam
2776 2474 3069 2542 imaginem
3122 2473 3326 2530 vivam.
3359 2482 3413 2526 et
3444 2472 3573 2527 cha-

1995 2574 2260 2622 racterem
2318 2563 2682 2627 ittdelebiletn,
2719 2562 3044 2630 sapientiam
3097 2571 3258 2629 atque
3319 2561 3572 2628 ﬁguram,

1995 2657 2227 2712 verbum
2256 2666 2310 2710 et
2333 2656 2591 2708 virtutem
2618 2664 2779 2723 atque
2814 2653 3070 2706 dilectum
3098 2651 3318 2715 Filium,
3356 2668 3570 2704 necnon

1999 2748 2259 2820 Spiritum
2297 2747 2703 2803 sanctissimum
2737 2756 2794 2800 ut
2827 2746 3202 2809 sanctitatem,
3246 2755 3305 2797 ut
3335 2746 3576 2798 cbarita-

1996 2843 2066 2898 tis
2092 2841 2313 2905 fontem,
2351 2840 2595 2893 utvitam
2654 2853 2716 2891 ex
2775 2836 2904 2901 vita,
2942 2847 3003 2890 ut
3062 2837 3450 2901 viviﬁcantem,
3515 2845 3576 2889 ιιι

1996 2934 2313 2988 thesaurum
2346 2930 2625 2986 bonitatis.
2661 2927 2776 2983 lloc
2806 2938 2887 2982 est
2927 2934 3068 2996 quod
3104 2926 3413 2995 Theologns
3442 2927 3579 2981 dixit

1998 3023 2296 3093 Gregorius
2337 3040 2351 3077 :
2413 3021 2557 3076 Deus
2585 3030 2834 3075 movetur
2869 3035 2966 3073 sua
3028 3020 3202 3088 ipsius
3237 3020 3574 3088 contempla-

1997 3115 2184 3181 tione;
2222 3114 2356 3169 etsi
2399 3124 2665 3167 creaturae
2704 3113 2937 3166 rationis
2994 3122 3122 3166 sunt
3178 3112 3472 3181 participes
3519 3121 3577 3166 ut

1997 3203 2167 3259 Deum
2197 3213 2550 3275 cognoscant,
2575 3213 2782 3273 quanto
2813 3205 2993 3272 potius
3020 3204 3158 3256 ratio
3187 3203 3292 3256 erit
3325 3203 3377 3257 in
3439 3203 3574 3269 Dt-o,

1995 3296 2050 3352 in
2089 3312 2196 3366 qua
2225 3305 2276 3350 et
2305 3312 2397 3365 per
2415 3311 2576 3366 quam
2601 3295 2769 3359 novit,
2801 3296 3117 3363 priusquam
3150 3296 3342 3348 tierent
3363 3293 3573 3348 omnia.

1996 3385 2060 3439 Et
2088 3386 2131 3440 si
2165 3395 2431 3438 creatura:
2479 3383 2776 3438 secundum
2839 3384 3104 3437 rationem
3157 3383 3387 3438 conditae
3425 3395 3572 3446 sunt,

2000 3476 2116 3529 aliae
2136 3475 2356 3544 quidem
2383 3474 2701 3537 rationales,
2725 3474 2843 3528 alia:
2867 3483 3046 3527 autem
3069 3491 3190 3542 quae
3213 3474 3574 3528 rationalibus

1922 3583 1967 3643 α
2005 3569 2331 3633 inserviant,
2366 3583 2497 3635 ergo
2530 3565 2668 3621 ratio
2703 3567 2755 3620 in
2794 3567 2902 3621 Deo
2934 3577 3038 3622 εει.
3077 3565 3229 3631 Quod
3261 3568 3304 3618 si
3341 3583 3423 3621 res
3487 3581 3575 3620 ra-

1999 3661 2145 3715 tione
2166 3661 2378 3714 donata:
2411 3661 2744 3728 cogitant,et
2773 3659 3026 3713 libertate
3046 3658 3309 3728 gaudent,
3343 3668 3396 3712 et
3423 3674 3572 3714 sem-

1996 3768 2093 3824 per
2125 3754 2332 3816 vivunt,
2366 3762 2574 3821 quanto
2624 3753 2792 3819 magis
2824 3753 2916 3822 qui
2951 3768 3044 3807 eas
3096 3751 3391 3805 rationales
3445 3750 3573 3805 fecit

1997 3843 2260 3896 rationem
2295 3857 2510 3911 semper
2547 3841 2708 3895 habet
2750 3843 2801 3893 in
2836 3842 3163 3910 semetipso!
3197 3856 3316 3903 seu,
3369 3849 3576 3895 ιιι-πιε-

1995 3933 2104 3988 lius
2134 3933 2334 3997 dicam,
2369 3943 2496 3986 sunt
2530 3943 2800 3987 creatura:
2828 3932 3114 3987 rationales
3139 3932 3264 4000 quia
3316 3930 3458 3985 Deus
3490 3947 3574 3985 ra-

1995 4023 2199 4078 tionem
2233 4023 2417 4088 habet,
2448 4022 2566 4076 alia:
2599 4037 2728 4077 vero
2760 4037 2880 4091 qua!
2913 4037 3016 4074 non
3053 4033 3178 4075 sunt
3201 4021 3427 4075 rationis
3453 4037 3576 4091 par-

1997 4115 2209 4184 ticipes,
2270 4113 2568 4169 secundum
2625 4116 2888 4166 rationem
2919 4123 3191 4176 consrant,
3256 4121 3574 4182 permanent

1998 4215 2162 4271 atque
2213 4214 2519 4267 moventur,
2553 4204 2809 4272 quoniam
2869 4205 3130 4256 rationem
3197 4204 3357 4257 habet
3410 4203 3572 4257 Deus.

1997 4296 2100 4351 Sed
2132 4297 2364 4351 fortasse
2393 4297 2535 4350 dicet
2570 4297 2767 4363 aliquis
2799 4297 3044 4370 diversas
3081 4312 3202 4348 esse
3269 4305 3570 4356 creaturas,

1995 4387 2376 4455 diversamque
2439 4400 2627 4439 earum
2711 4386 3002 4437 rationem.
3062 4383 3243 4438 Discat
3287 4384 3385 4437 iste
3440 4398 3575 4452 quo-

1996 4477 2141 4532 niam
2174 4477 2256 4530 ba:
2290 4491 2376 4530 res
2413 4476 2615 4540 multae,
2651 4489 2714 4528 eo
2739 4475 2858 4543 ipso
2892 4476 3035 4544 quod
3077 4477 3185 4529 sint
3212 4484 3473 4530 creaturae
3520 4484 3576 4528 et

2000 4569 2304 4638 inceperint
2364 4585 2507 4634 esse,
2541 4580 2593 4622 et
2656 4569 2884 4622 diversae
2947 4569 3058 4623 sint
3123 4577 3229 4620 tam
3304 4566 3588 4620 sententia.

1997 4679 2159 4734 quam
2186 4672 2398 4724 natura,
2442 4677 2654 4716 necnon
2687 4677 2716 4716 e
2747 4662 2913 4715 nihilo
2947 4660 3146 4715 fuerint
3194 4661 3422 4725 eductae,
3452 4659 3574 4713 ideo

2010 4754 2318 4808 instabilem
2377 4763 2432 4806 et
2489 4753 2759 4806 diversam
2797 4753 3086 4815 rationem,
3152 4753 3376 4806 minime
3442 4767 3588 4807 vero-

1999 4843 2415 4900 substantialem
2450 4843 2670 4896 habent.
2704 4845 2772 4897 At
2801 4859 2926 4897 cum
2961 4857 3104 4897 unus
3136 4844 3205 4897 sit
3243 4844 3384 4898 Deus
3416 4843 3580 4898 vivus.

332 4923 596 4972 πόστατοι
625 4921 681 4970 ὲν
705 4917 844 4988 Θεῷ,
869 4918 954 4971 ἵνα
982 4918 1057 4988 μὴ
1085 4921 1280 4990 ἀτελὴς
1315 4924 1510 4991 φανείη
1539 4922 1628 4974 καὶ
1654 4921 1892 4976 ἀλλοιού-

1997 4939 2089 5007 qni
2125 4945 2178 4992 et
2211 4937 2368 4990 Pater
2402 4951 2616 5004 seraper
2667 4936 2815 4999 vivit,
2847 4950 3014 4990 unum
3067 4951 3284 5005 quoque
3323 4943 3404 4990 est
3452 4935 3573 5004 ejus

329 5030 514 5082 μενος,
543 5014 636 5063 καὶ
662 5012 794 5080 πρδς
828 5010 985 5075 λόγον
1020 5011 1364 5082 ὑψηλότερον
1408 5014 1766 5079 ἀναγόμενος,
1802 5015 1894 5066 καὶ

323 5102 766 5174 προσλαμϐάνων
797 5103 1008 5169 σοφίαν·
1043 5104 1178 5156 ἀλλᾶ
1209 5105 1304 5172 μία
1333 5106 1428 5156 καὶ
1453 5106 1634 5158 τελεία
1668 5106 1761 5158 καὶ
1813 5107 1895 5159 ἐν·

324 5196 632 5258 υπόστατος
697 5197 791 5248 καὶ
847 5195 997 5258 ζῶσα
1051 5197 1149 5248 καὶ
1201 5198 1470 5259 συναῖδιος
1520 5199 1678 5263 σοφία
1729 5201 1785 5252 ὲν
1816 5198 1894 5268 τῷ

326 5288 516 5356 Θεῷ,ό
548 5288 843 5357 μονογενὴς
878 5287 1042 5340 αὑτοῦ
1074 5289 1265 5353 Λόγος,
1295 5292 1353 5341 ἐν
1375 5286 1418 5356 ᾧ
1450 5291 1647 5353 πάντες
1677 5292 1726 5342 οἱ
1744 5291 1892 5359 λόγοι

327 5381 435 5448 πρὸ
484 5379 596 5430 τῶν
656 5378 868 5430 αἰώνων
924 5378 1052 5434 eici.
1120 5380 1227 5430 Καὶ
1266 5380 1325 5433 τὸ
1374 5381 1668 5450 ζωοποιοῦν
1713 5383 1767 5433 δὲ
1822 5381 1891 5434 τὰ

326 5474 509 5524 πάντα
538 5470 762 5539 Πνεῦμα
791 5471 946 5540 ἅγιον
987 5470 1045 5524 ἓν
1074 5472 1221 5524 ἐστιν
1269 5470 1329 5536 ἐξ
1366 5473 1484 5536 ἑνὸς
1530 5473 1625 5526 106
1675 5474 1890 5542 Πατρός

323 5565 432 5628 ἀεὶ,
475 5563 568 5615 καὶ
622 5562 752 5628 ζῶν,
811 5563 904 5616 καὶ
951 5563 1274 5627 ζωοποιοῦν.
1343 5565 1452 5616 Καὶ
1511 5566 1568 5616 ὲν
1616 5563 1692 5634 τῷ
1754 5567 1895 5634 ἁγίῳ

326 5655 611 5722 Πνεύματι
662 5655 754 5707 καὶ
785 5655 854 5706 τὰ
901 5654 1095 5722 λογικὰ
1164 5654 1325 5721 ζῶσι,
1365 5657 1460 5709 καὶ
1512 5658 1711 5724 μᾶλλόν
1756 5661 1894 5713 εἰσιν

324 5746 588 5799 ἀθάναταο
619 5746 812 5814 ὅτιπερ
861 5745 987 5798 οὐδὲ
1035 5745 1230 5813 λογικᾶ
1262 5751 1433 5816 χωρὶς
1474 5749 1789 5820 [Ινεύματος
1814 5746 1891 5803 εἷ-

333 5853 422 5890 ναι
452 5837 696 5890 δύναται.
726 5838 826 5890 Τὰς
848 5837 945 5907 μιν
984 5836 1076 5889 οὖν
1113 5837 1302 5907 λογικᾶι
1329 5840 1505 5902 ζῶντά
1535 5847 1670 5899 εἰσιν
1703 5847 1765 5896 ἐκ
1794 5843 1885 5896 τοῦ

2000 5029 2258 5093 Verbum,
2295 5043 2388 5082 seu
2419 5045 2526 5083 una
2547 5029 2706 5092 ratio,
2737 5030 2926 5082 vivens
2959 5027 3102 5082 sicut
3133 5037 3188 5081 et
3218 5026 3396 5089 Pater,
3425 5041 3571 5080 sent-

1999 5136 2203 5190 perque
2252 5121 2463 5186 vivens,
2502 5124 2644 5176 sicut
2691 5122 2854 5176 Pater
2910 5119 3004 5190 qni
3064 5129 3169 5182 est,
3221 5126 3278 5172 et
3332 5117 3572 5186 perfecta

1999 5215 2124 5281 quia
2159 5211 2318 5265 Pater
2349 5211 2624 5282 perfectus
2649 5221 2766 5280 est;
2802 5213 2923 5267 ideo
2962 5227 3070 5265 non
3102 5211 3284 5265 multat
3350 5220 3478 5264 sunt
3513 5211 3572 5264 in

2002 5303 2110 5356 Deo
2130 5302 2366 5358 rationes
2390 5320 2512 5374 quae
2542 5320 2648 5358 non
2679 5305 2790 5359 sint
2821 5302 3230 5362 substantiales,
3290 5317 3357 5354 ne
3387 5299 3572 5353 videa-

1999 5406 2092 5449 tur
2124 5394 2478 5463 imperfectus
2509 5405 2563 5451 et
2593 5395 2891 5459 mutabilis,
2953 5403 3007 5447 et
3065 5394 3132 5447 ad
3195 5393 3569 5447 sublimiorem

2002 5487 2265 5540 rationem
2321 5498 2564 5550 evectus,
2617 5486 3047 5555 sapientiamque
3111 5485 3418 5553 accipiens;
3470 5483 3569 5538 sed

1999 5590 2107 5630 una
2141 5586 2221 5629 est
2255 5576 2392 5629 ratio
2418 5575 2681 5644 perfecta,
2714 5582 2769 5627 ει
2809 5576 3212 5638 substantialis,
3268 5584 3321 5628 et
3382 5575 3570 5628 vivens

1996 5675 2052 5720 et
2103 5674 2374 5722 coaetcrna
2428 5667 2694 5736 sapientia
2755 5667 2808 5720 in
2864 5666 2995 5731 Deo,
3043 5665 3379 5734 unigenitum
3449 5664 3577 5732 ejus.

1996 5757 2257 5824 Verbum,
2305 5759 2359 5813 in
2389 5771 2500 5828 quo
2521 5772 2713 5814 omnes
2748 5757 2988 5812 rationes
3030 5765 3157 5813 sunt
3189 5768 3313 5811 ante
3343 5757 3569 5813 saecula.

1995 5849 2219 5921 Insuper
2248 5849 2483 5920 Spiritus
2509 5858 2732 5908 sanctus
2780 5851 2964 5906 omnia
2998 5851 3277 5906 viviticans
3310 5863 3452 5904 unus
3481 5859 3568 5905 est
