4216 6432
709 454 780 517 59
1553 451 1931 512 SYMEONIS
1965 450 2723 515 THESSALONICENSIS
2751 457 3116 518 ARCHIEP.
3861 453 3935 516 60

710 582 776 621 ex
803 580 910 629 uno
949 563 1038 631 qui
1066 577 1283 633 semper
1305 573 1392 619 est
1427 563 1612 629 Patre,
1646 574 1701 619 et
1754 566 1942 621 vivens
1992 575 2049 621 et
2102 566 2269 620 viviﬁ~
2305 573 2347 628 Α

2266 596 2269 604 ι
2305 573 2347 628 Α
2382 567 2539 632 ἁγίου
2593 567 2946 635 Πνεύματοςο
3000 567 3211 638 λογικὰ,
3252 562 3307 631 δί
3352 569 3414 622 ἐκ
3450 566 3559 653 βιοῦ
3614 565 3789 632 Λόγου
3836 561 3931 617 τοῦ

711 670 846 711 caus
872 696 889 721 ,
919 654 1053 707 etin
1091 653 1292 721 Spiritu
1327 664 1516 708 sancto
1540 657 1706 707 vitam
1743 655 1943 708 habent
1998 663 2264 709 creaturas

712 744 1083 809 rationabiles,
1108 745 1191 797 Vt'l
1246 747 1425 813 potius
1480 745 1959 810 immortalitatem,
2007 746 2264 813 quoniam

711 835 1047 890 rationabilia
1081 834 1199 889 sine
1240 835 1442 901 Spiritu
1488 850 1610 889 esse
1640 850 1743 887 non
1781 843 2049 902 possunt;
2124 835 2265 890 unde

711 943 796 980 res
830 926 1039 979 ratione
1070 926 1303 995 praedita:
1328 930 1487 978 vitam
1518 924 1732 991 quidem
1752 924 1953 979 habent
1982 940 2045 980 ex
2078 936 2267 981 sancto

713 1020 941 1086 Spiritu,
975 1021 1237 1072 rationem
1270 1033 1399 1071 vero
1444 1033 1511 1070 ex
1542 1015 1719 1071 Verbo
1754 1020 1964 1072 vivente
2018 1028 2071 1072 et
2116 1018 2267 1071 exsi-

716 1108 969 1162 Steutiam
1001 1122 1066 1159 ex
1089 1122 1151 1160 eo
1182 1108 1271 1175 qui
1306 1114 1387 1157 est
1413 1105 1604 1171 Patre;
1646 1121 1832 1159 verum
1874 1106 2265 1159 irrationabilia

713 1213 776 1250 ex
800 1213 865 1252 eo
894 1197 986 1265 qui
1015 1212 1223 1265 semper
1268 1205 1351 1250 est
1400 1195 1555 1259 Patre
1591 1198 1793 1251 habent
1826 1196 1969 1266 quod
2022 1198 2152 1259 sint,
2197 1211 2265 1249 ex

716 1289 835 1339 vivo
869 1288 984 1342 Ρίιιι
1005 1290 1047 1340 is
1078 1287 1249 1341 Verbo
1274 1287 1419 1357 quod
1449 1288 1559 1342 sint
1589 1289 1748 1342 modo
1790 1287 1983 1341 rationi
2033 1302 2266 1340 consen—

715 1390 892 1443 tanro,
952 1387 1005 1431 et
1079 1379 1348 1446 propriam
1408 1380 1633 1446 singulae
1694 1388 1941 1431 naturam
2006 1378 2264 1438 habeant,

714 1484 920 1521 necnon
968 1484 1033 1522 ex
1082 1470 1293 1523 vivente
1346 1470 1633 1533 omniaque
1682 1470 2021 1523 coadunante
2078 1479 2267 1521 sancto

713 1560 917 1629 Spiritu
946 1564 1088 1630 quod
1122 1570 1442 1616 moveantur
1470 1574 1523 1614 et
1559 1571 1933 1630 permaneant,
1965 1561 2267 1629 propriam-

712 1667 818 1721 que
852 1653 1074 1720 singulae
1102 1658 1351 1707 virtutem
1410 1662 1842 1724 consequantur.
1900 1651 2106 1704 Etenim
2136 1650 2265 1718 quid

711 1751 798 1797 est
824 1760 886 1798 ex
922 1745 1173 1799 omnibus
1206 1761 1327 1813 qute
1357 1746 1633 1800 exsistunt
1661 1742 1797 1812 quod
1836 1760 1939 1797 non
1970 1744 2035 1797 sit
2072 1756 2265 1795 secun-

712 1837 839 1890 dtnn
893 1837 1304 1892 rationemivel
1339 1838 1469 1906 quid
1522 1848 1605 1893 est
1641 1837 1783 1906 quod
1849 1845 2049 1889 motum
2106 1848 2262 1888 suum

2373 655 2600 720 ζῶντος,
2626 660 2720 711 καὶ
2743 660 2871 713 ὄντα
2898 661 2962 712 ἐκ
2986 660 3080 715 τοῦ
3100 661 3255 729 ὄντος
3289 658 3522 733 Πατρέες.
3545 659 3656 711 Καὶ
3676 654 3745 711 τὰ
3763 657 3935 724 ἄλογα

2367 745 2423 798 δὲ
2461 747 2521 798 τὸ
2551 742 2692 801 εἶναι
2723 750 2785 801 ἐκ
2823 750 2918 803 τοῦ
2950 752 3038 803 ἀεὶ
3078 753 3232 815 ὄντος
3261 751 3376 823 ἔχει
3436 753 3666 821 Πατρδς.
3703 752 3797 804 καὶ
3852 749 3932 818 τῷ

2366 836 2522 906 Λόγῳ
2550 838 2606 891 δὲ
2666 836 2825 905 εἶναι,
2858 843 2949 896 καὶ
2980 841 3124 897 οὕτω
3173 860 3287 904 πως
3318 845 3461 915 ἔχειν
3515 844 3747 897 ἕκαστον
3792 841 3935 893 κατὰ

2370 926 2532 994 φύσιν
2563 928 2626 980 ἐκ
2654 928 2746 980 τοῦ
2784 930 2984 994 ζῶντος
3004 931 3176 1000 Λόγου
3209 930 3302 984 τοῦ
3342 932 3575 1001 Βατρδς,
3633 930 3726 982 καὶ
3754 929 3813 980 τὸ
3846 946 3934 979 κιο

2368 1017 2574 1070 νεῖσθαι
2603 1018 2658 1071 δὲ
2688 1020 2780 1072 καὶ
2831 1021 3012 1089 μένειν
3044 1025 3139 1074 καὶ
3203 1021 3432 1088 δύναμιν
3464 1020 3673 1073 οίκείαν
3739 1015 3935 1083 κεκτῆ-

2371 1107 2495 1159 σθαι
2530 1108 2761 1160 ἕκαστον
2792 1111 2856 1162 ἐκ
2875 1110 2967 1163 τοῦ
3002 1111 3270 1175 ζωοῦντος
3296 1112 3390 1165 καὶ
3423 1111 3733 1181 συνέχοντος
3758 1114 3935 1174 πᾲντα

2374 1197 2531 1264 ἁγίου
2578 1199 2921 1268 Πνεύματος.
2976 1202 3040 1253 Τί
3090 1202 3198 1272 γὰρ
3222 1202 3330 1255 τῶν
3362 1203 3554 1265 ὄντων,
3588 1203 3616 1255 ὃ
3674 1204 3747 1271 μὴ
3792 1203 3935 1256 κατὰ

2368 1288 2522 1357 λόγον
2554 1291 2736 1355 ὲστίν;
2777 1292 2850 1343 Ἦ
2883 1293 2933 1344 τί
2957 1292 2985 1344 δ
3026 1294 3100 1362 μὴ
3139 1295 3353 1364 κίνησιν
3391 1295 3529 1348 ἰδίαν
3580 1294 3694 1364 ἔχει
3728 1295 3822 1347 καὶ
3846 1296 3936 1347 δύο

2370 1399 2538 1449 ναμιν
2570 1399 2582 1447 ;
2613 1381 2834 1435 Πάντων
2855 1384 2910 1435 δὲ
2933 1383 3140 1437 τούτων
3170 1386 3341 1448 αἴτιος
3372 1388 3405 1456 η
3445 1386 3638 1455 Τριὰς,
3672 1387 3771 1454 12
3800 1388 3825 1437 ὁ
3846 1388 3936 1438 ἀεὶ

2370 1470 2447 1521 ὢν
2478 1470 2571 1523 καὶ
2620 1471 2727 1535 ζῶν
2760 1473 2854 1526 καὶ
2888 1473 3065 1543 μένων
3106 1475 3317 1546 Πατήρ.
3357 1476 3468 1529 Καὶ
3506 1478 3534 1530 ὁ
3587 1478 3673 1529 ἀεὶ
3702 1476 3777 1528 ὣν
3833 1476 3934 1527 σὺν

2368 1560 2445 1630 τῷ
2477 1561 2653 1627 Πατρὶ
2681 1562 2857 1631 Λόγος
2890 1565 2985 1617 καὶ
3022 1566 3146 1628 Υίὸς
3186 1566 3441 1635 συμφυὴς
3473 1566 3567 1619 καὶ
3618 1567 3933 1635 ἀσώματος,

2371 1652 2431 1703 τὸ
2470 1652 2840 1721 ἀπαύγασμα,
2869 1655 2897 1706 δ
2927 1655 3235 1725 χαρακτὴρ,
3267 1658 3299 1725 ἠ
3334 1657 3495 1724 σοφία
3540 1657 3632 1709 καὶ
3678 1658 3933 1725 δύνιμις.

2370 1744 2481 1796 Καὶ
2506 1743 2565 1796 τὸ
2599 1746 2663 1797 ὲκ
2694 1745 2830 1799 Θεοῦ
2865 1748 2959 1799 καὶ
3001 1748 3057 1798 ὲν
3088 1747 3164 1814 τῷ
3218 1747 3337 1817 Θεῷ
3370 1747 3634 1809 ζωοποιὸν
3687 1750 3933 1816 Πνεῦμα,

2372 1834 2554 1895 ἀῖδίως
2578 1833 2828 1904 ὑπάρχον
2854 1836 2910 1887 ἐν
2938 1835 3115 1904 αὐτῷ,
3152 1835 3451 1900 ζωοποιοῦν
3484 1853 3543 1889 τε
3581 1837 3674 1889 καὶ
3708 1836 3934 1904 συνέχον

716 1927 1093 1996 Ριοῐπῖλὶηιίιυίξ
1128 1928 1377 1981 virtutem
1432 1943 1538 1982 non
1589 1928 1833 1982 habeat?
1879 1926 2084 1980 [lorum
2145 1936 2273 1976 vero
2306 1914 2381 1971 Bt

1138 1928 1377 1981 virtutem
1432 1943 1538 1982 non
1589 1928 1833 1982 habeat?
1879 1926 2084 1980 [lorum
2145 1936 2273 1976 vero
2306 1914 2349 1971 Β
2377 1925 2446 1975 τὰ
2489 1923 2803 1994 σύμπαντα.

714 2024 1089 2081 universorum
1119 2042 1305 2081 auctor
1331 2034 1414 2080 est
1466 2025 1727 2086 Trinitas,
1766 2024 1858 2093 qui
1918 2037 2132 2092 semper
2182 2029 2283 2085 est,
2321 2020 2452 2073 vivit
2478 2030 2531 2074 et
2563 2028 2745 2074 manet
2769 2018 2946 2085 Pater,
2977 2030 3032 2076 et
3086 2019 3323 2077 Verbum
3369 2023 3508 2092 quod
3574 2037 3789 2091 semper
3845 2032 3929 2078 est

713 2136 835 2177 cum
867 2120 1042 2184 Patre,
1099 2121 1266 2176 Filius
1302 2120 1778 2175 consubstantialis
1816 2128 1870 2173 et
1926 2118 2298 2185 incorporeus,
2335 2113 2609 2183 splendor,
2638 2114 2830 2183 ﬁgura,
2860 2116 3125 2184 sapientia
3154 2126 3208 2185 et
3257 2116 3426 2171 virtus
3451 2157 3465 2181 ,
3498 2125 3659 2187 atque
3700 2118 3938 2187 Spiritus

711 2234 775 2271 ex
809 2216 914 2269 Deo
948 2218 1244 2284 procedens
1272 2226 1326 2271 et
1377 2218 1429 2271 in
1470 2218 1576 2272 Deo
1606 2219 1904 2279 viviﬁcans,
1944 2215 2009 2269 ab
2035 2223 2236 2268 :eterno
2269 2209 2323 2262 in
2372 2223 2440 2262 eo
2476 2210 2680 2274 vivens,
2713 2210 3069 2276 universaque
3096 2211 3373 2265 viviﬁcans
3405 2222 3458 2266 et
3492 2214 3830 2267 coadunans.

782 2315 852 2367 At
888 2328 1009 2366 cum
1041 2328 1104 2367 ex
1143 2316 1399 2369 euntibus
1439 2316 1560 2369 istis
1613 2314 1918 2367 visihilibus
1972 2314 2135 2365 homo
2191 2309 2264 2363 sit

713 2402 1161 2476 pulcherrimum,
1195 2404 1261 2455 ad
1306 2402 1591 2472 imaginem
1645 2403 1734 2455 Dei
1772 2410 2007 2465 creatus,
2045 2401 2112 2454 ab
2147 2399 2266 2469 ejus

713 2491 872 2545 etiam
891 2492 1165 2545 creatione
1202 2504 1255 2547 et
1282 2503 1477 2547 natura
1508 2493 1790 2548 Trinitatis
1824 2494 2111 2563 imaginem
2146 2508 2268 2561 per-

713 2584 1012 2652 pendamus
1033 2600 1195 2654 ,nam
1220 2585 1332 2652 ipse
1358 2600 1698 2653 nequaquam
1737 2586 1912 2640 factus
1937 2595 2019 2639 est
2044 2594 2273 2654 prepter

717 2676 978 2727 mundum
1013 2640 1307 2739 visibilem,
1338 2691 1460 2728 cum
1514 2676 1616 2729 iste
1679 2678 1749 2730 sit
1801 2678 2028 2731 rationis
2079 2692 2269 2745 expers

717 2779 771 2818 et
803 2765 921 2833 ejus
972 2775 1150 2819 motus
1187 2767 1457 2834 perfectus
1517 2769 1782 2837 nobisque
1823 2769 2089 2833 cognitus,
2152 2770 2269 2837 ipse

718 2860 898 2928 potius
929 2868 1146 2926 propter
1171 2857 1441 2913 hominem
1480 2862 1652 2915 fartus
1685 2870 1791 2927 est,
1820 2870 1879 2914 nt
1930 2871 2076 2915 tnotu
2125 2862 2270 2916 illius

718 2962 923 3006 constet
947 2952 1179 3007 hominis
1215 2967 1451 3020 corpus;
1482 2955 1660 3008 anima
1692 2962 1869 3007 autem
1903 2953 2066 3007 homo
2101 2952 2264 3021 spiri-

715 3044 896 3129 taliter
970 3055 1250 3106 movetur,
1323 3053 1379 3097 et
1440 3045 1755 3098 Creatorem
1832 3044 2262 3113 contemplatur,

716 3136 1006 3202 ipsumque
1052 3148 1161 3202 pra:
1215 3134 1428 3189 caeteris
1458 3132 1523 3187 ad
1566 3132 1858 3203 imaginem
1896 3131 1986 3184 Dei
2019 3141 2259 3186 creatum

713 3240 832 3277 esse
867 3224 1129 3292 scriptum
1174 3231 1277 3286 est,
1312 3231 1474 3292 prout
1523 3223 1696 3278 sancti
1734 3222 1889 3276 multi
1919 3222 1986 3276 de
2049 3223 2148 3276 hac
2206 3235 2266 3276 re

712 3322 1039 3379 senserunt;
1097 3313 1295 3367 etenim
1366 3312 1609 3366 invenies
1655 3310 1975 3366 Trinitatem
2036 3311 2106 3365 ab
2147 3312 2265 3381 ipso

713 3408 1079 3463 testimonium
1113 3407 1403 3475 accipiens,
1427 3407 1569 3463 sicut
1602 3408 1703 3463 hac
1732 3422 1897 3471 super
1942 3422 2000 3459 re
2035 3406 2101 3460 de
2146 3406 2267 3461 aliis

715 3502 879 3555 latius
908 3500 1162 3554 diximus.
1197 3497 1332 3552 Nam
1365 3508 1545 3553 mente
1594 3499 1772 3552 anima
1812 3509 2069 3552 aaternam
2118 3513 2270 3550 men-

714 3604 820 3648 tem
849 3603 1077 3647 testatur
1106 3592 1341 3656 Patrem,
1372 3590 1577 3643 ratione
1613 3588 1841 3642 Verbum
1889 3597 1945 3642 et
1993 3587 2141 3641 vitali
2174 3601 2271 3655 po-

716 3684 885 3737 tentia
915 3682 1178 3751 Spiritum
1217 3683 1396 3735 omnia
1446 3681 1833 3734 viviﬁcantem.
1892 3678 2078 3747 Angeii
2137 3692 2272 3746 quo-

721 3789 851 3840 que,
883 3789 1005 3829 cum
1034 3772 1141 3828 sint
1164 3771 1549 3838 intelligentiae,
1606 3779 1860 3823 arternam
1893 3778 2122 3822 mentem
2174 3767 2274 3821 Pa-

715 3877 849 3920 trem
886 3861 1459 3934 supetsubstantialem
1489 3862 1815 3931 prmdicant;
1851 3875 1974 3914 cum
2021 3860 2129 3913 sint
2183 3872 2271 3911 ra-

721 3955 1006 4009 tionabiies
1060 3961 1115 4008 et
1186 3951 1484 4020 sapientes,
1550 3950 1787 4004 Verbum
1839 3960 1893 4003 et
1950 3948 2270 4017 sapientiam

723 4047 992 4101 viventem
1054 4052 1472 4111 manentemque
1525 4042 1577 4094 in
1634 4055 1822 4108 magna
1870 4049 2051 4094 mente
2089 4038 2273 4092 declao

720 4149 870 4205 rant;
900 4149 953 4191 et
991 4152 1115 4191 cum
1167 4136 1273 4189 vita
1308 4134 1601 4203 gaudeant,
1635 4132 1949 4199 donumque
2005 4130 2273 4183 lumintttn

725 4232 976 4293 Izaheaat,
1008 4228 1061 4281 in
1085 4228 1294 4280 vivente
1334 4235 1630 4289 sanctoque
1692 4221 1854 4275 Patre
1905 4220 2176 4293 'viventem
2223 4226 2278 4270 et

721 4319 1152 4376 Sanctitieantem
1206 4315 1258 4368 et
1306 4314 1572 4366 viviﬁcam
1640 4310 2046 4365 substantialetn
2104 4309 2275 4361 virtu-

720 4420 828 4463 tem
864 4408 1211 4461 manifestant
1258 4404 1517 4472 Spiritum
1553 4411 1800 4455 sanctum
1858 4401 1949 4469 qui
2015 4409 2097 4452 est
2154 4397 2275 4451 fons

722 4499 1040 4563 gratiarum.
1065 4498 1177 4551 luto
1206 4505 1454 4549 creatura
1508 4494 1734 4545 rationis
1779 4506 2002 4557 exspers
2054 4488 2276 4542 Creatoo

2445 2305 2598 2357 Ἐπεὶ
2652 2306 2709 2359 δὲ
2764 2308 2858 2358 καὶ
2914 2305 3023 2357 τῶν
3066 2307 3378 2375 δρωμένων
3428 2311 3656 2360 τουτωνὶ
3708 2309 3769 2361 τὸ
3800 2310 3935 2363 κάλ-

2367 2393 2553 2448 λιστον
2608 2396 2893 2464 ἄνθρωπος
2918 2436 2933 2459 ,
2968 2397 3061 2449 καὶ
3125 2396 3243 2448 κατ’
3272 2397 3454 2450 εἰκόνα
3485 2398 3618 2450 Θεοῦ
3676 2400 3937 2465 κτισθεὶς,

2370 2488 2464 2540 καὶ
2505 2487 2612 2541 ἀπὸ
2645 2487 2741 2551 τῆς
2793 2486 3155 2556 δημιουργίας
3200 2488 3390 2540 τούτου
3436 2489 3528 2541 καὶ
3586 2489 3799 2557 φύσεως
3858 2494 3937 2542 εἰ·

2370 2579 2501 2631 κόνι
2560 2578 2662 2645 τῆς
2696 2577 2926 2648 Τριάὸος
2977 2580 3428 2648 κατανοήσωμεν.
3462 2579 3593 2632 Οὐδὲ
3619 2582 3726 2648 γὰρ
3774 2582 3938 2644 αὐτὸς

2374 2667 2460 2721 διὰ
2485 2667 2575 2720 τὸν
2608 2667 2887 2737 ὁρώμενον
2915 2669 3142 2738 κόσμον,
3174 2671 3294 2722 ἐπεὶ
3320 2670 3514 2737 ἄλογος
3574 2671 3600 2721 ὁ
3631 2670 3934 2738 ὁρώμενος.

2375 2760 2468 2813 καὶ
2520 2762 2911 2831 πεπερασμένη
2964 2762 3155 2814 τούτου
3199 2762 3294 2815 καὶ
3357 2762 3674 2832 ἑγνωσμένη
3733 2764 3867 2831 ἡμῖν
3902 2765 3935 2833 ἡ

2378 2851 2616 2919 κίνησις,
2681 2852 2777 2904 καὶ
2824 2851 2979 2915 οὗτος
3029 2851 3103 2905 δι’
3152 2852 3314 2904 αὐτὸν
3368 2853 3460 2904 τδν
3494 2852 3783 2920 ἄνθρωπον
3819 2854 3936 2905 ἔστι

2376 2940 2602 3010 μᾶλλον,
2641 2940 2727 2993 ἶνα
2791 2941 2991 3012 συνέχῃ
3043 2941 3237 2994 τούτου
3289 2943 3354 3011 τῇ
3390 2942 3602 3011 κινήσει
3633 2941 3694 2994 τὸ
3752 2942 3935 3009 σῶμα.

2373 3027 2452 3099 Τῇ
2477 3030 2622 3100 ψυχῇ
2655 3029 2708 3083 δὲ
2758 3030 3046 3100 ἄνθρωπος
3083 3032 3285 3100 νοερῶς
3336 3034 3568 3084 κινεῖται
3616 3033 3708 3084 καὶ
3735 3032 3938 3102 θεωρεῖ

2371 3122 2465 3174 τὸν
2493 3120 2781 3186 κτίσαντα,
2812 3122 2909 3174 καὶ
2934 3122 3091 3184 αὐτὸς
3120 3122 3222 3191 πρδ
3253 3122 3359 3176 τῶν
3391 3122 3567 3177 ἄλλων
3598 3124 3718 3175 κατ’
3748 3124 3933 3176 εἰκόνα

2372 3214 2683 3283 γέγραπται
2738 3213 3025 3283 κτισθῆναι
3071 3212 3229 3280 Θεοῦ,
3269 3213 3342 3275 ὡς
3399 3216 3493 3271 καὶ
3556 3214 3766 3276 πολλοῖς
3825 3216 3934 3268 τῶν

2373 3304 2543 3370 ἁγίων
2568 3304 2695 3373 περὶ
2723 3303 2916 3357 τούτου
2941 3302 3265 3372 διείληπται.
3302 3303 3575 3374 Εῦρήσεις
3602 3304 3709 3373 γὰρ
3744 3307 3835 3357 καὶ
3875 3306 3933 3370 ἐξ

2369 3394 2533 3449 αὐτοῦ
2566 3394 3021 3466 μαρτυρουμένην
3050 3394 3147 3464 τὴν
3169 3395 3396 3463 Τριάδα,
3431 3395 3575 3448 καθὰ
3607 3396 3699 3448 καὶ
3748 3397 3806 3447 ἐν
3831 3396 3929 3449 ἆλ-

2368 3484 2478 3546 λοις
2511 3487 2640 3554 περὶ
2663 3483 2856 3539 τούτου
2889 3487 3023 3554 ἡμῖν
3052 3485 3387 3555 πλατύτερον
3411 3485 3650 3554 εἴρηται.
3683 3485 3747 3537 Ἦ
3781 3484 3929 3555 ψυχὴ

2371 3575 2483 3645 γὰρ
2511 3576 2587 3646 τῷ
2611 3577 2692 3629 νοτ
2720 3575 2810 3631 τὸν
2837 3576 3076 3645 ἄναρχον
3101 3576 3226 3629 νοῦν
3254 3577 3544 3647 μαρτυρεῖ,
3580 3575 3668 3628 τὸν
3691 3578 3929 3645 Πατέρα,

2374 3666 2468 3719 καὶ
2498 3666 2574 3734 τῷ
2606 3666 2754 3735 λόγῳ
2803 3666 2895 3718 τὸν
2920 3667 3114 3733 Λόγον,
3156 3667 3248 3718 καὶ
3276 3669 3343 3734 τῇ
3385 3666 3588 3735 ζωτικῇ
3612 3666 3838 3734 δυνάμει
3865 3665 3927 3717 τὸ

2377 3755 2680 3818 ζωοποιοῦν
2709 3756 2890 3810 πάντα
2917 3755 3164 3827 Πνεῦμα.
3205 3757 3314 3810 Kai
3338 3756 3563 3824 ἄγγελοι
3592 3757 3646 3809 δὲ
3678 3756 3796 3820 νόες
3832 3757 3932 3826 μὲν

2372 3848 2529 3910 ὄντες
2558 3847 2701 3901 οὕτω
2763 3847 3098 3916 κηρύττουσι
3145 3849 3236 3900 τὸν
3288 3845 3612 3917 προαιὼνιον
3661 3845 3785 3900 νοῦν
3840 3847 3932 3899 τὸν

2376 3939 2602 4008 Πατέρα
2651 3940 2743 3991 τδν
2776 3938 3102 4009 ύπερούσιον
3124 3953 3138 3968 ·
3163 3939 3373 4006 λογικοὶ
3398 3938 3454 3990 δὲ
3493 3938 3645 4000 ὄντες
3706 3939 3797 3995 καὶ
3839 3955 3933 3990 σο⁹

2377 4031 2489 4097 φοὶ,
2528 4031 2619 4082 τὸν
2647 4031 2817 4097 Λόγον
2848 4029 2942 4082 καὶ
2969 4028 3066 4100 τὴν
3099 4031 3298 4098 σοφίαν
3326 4029 3426 4098 τὴν
3451 4028 3635 4093 ζῶσαν
3695 4029 3790 4081 καὶ
3838 4030 3934 4098 μέ-

2377 4139 2576 4175 νουσαν
2611 4124 2667 4174 ὲν
2706 4122 2784 4189 τῷ
2818 4121 3038 4191 μεγάλῳ
3072 4122 3172 4176 νοῒ.
3210 4120 3323 4175 ’Δεὶ
3349 4121 3405 4174 δὲ
3438 4119 3660 4183 ζῶντες.
3709 4120 3799 4171 καὶ
3825 4137 3936 4187 φω·

2377 4214 2662 4279 τισμάτων
2714 4210 2923 4280 δωρεὰς
2978 4211 3212 4280 ἔχοντες,
3262 4209 3362 4280 τὴν
3419 4212 3476 4263 ὲν
3517 4208 3593 4278 τῷ
3645 4209 3809 4273 ζῶντι
3840 4207 3938 4262 καὶ

2381 4302 2521 4370 ἁγίῳ
2560 4303 2731 4371 Πατρὶ
2784 4301 2968 4364 ζῶσαν
3014 4302 3106 4355 καὶ
3153 4299 3415 4366 ζωοποιδν
3462 4302 3557 4354 καὶ
3602 4301 3935 4367 ἁγιαστικὴν

2384 4394 2745 4446 ὲιιυπὸστατον
2767 4392 3019 4457 δύναμιν,
3052 4393 3112 4445 τὸ
3137 4392 3403 4459 πανάγιον
3436 4390 3679 4459 Πνεῦμα,
3728 4390 3867 4458 ὅπερ
3901 4391 3932 4456 ὴ

2384 4484 2538 4554 πηγὴ
2571 4482 2678 4535 τῶν
2731 4482 3085 4553 χαρισμάτων
3133 4483 3303 4536 ἐστίν.
3346 4481 3510 4535 Ἀλλὰ
3546 4482 3640 4534 καὶ
3682 4480 3938 4549 ἠᾶ).ογος

725 4606 834 4642 rem
864 4597 1090 4641 testatur
1119 4601 1276 4650 ;nam
1310 4585 1436 4639 dum
1467 4583 1697 4636 viventia
1731 4598 1793 4634 ex
1829 4580 2132 4634 viventibus
2178 4593 2272 4647 ge-
2303 4602 2358 4663 Β
2386 4596 2390 4609 ι

2303 4602 2358 4663 D
2386 4578 2532 4629 πᾶσα
2563 4575 2738 4638 κτίσις
2778 4576 3045 4645 μαρτυρεῖ
3068 4574 3155 4626 τὸν
3187 4571 3560 4643 Δημιουργόν⁶
3593 4571 3650 4624 τὸ
3679 4570 3786 4639 γὰρ
3814 4585 3939 4636 γεν-

725 4688 984 4732 nerantur
1048 4687 1101 4730 et
1150 4685 1415 4744 generant
1460 4675 1561 4727 etsi
1625 4672 1771 4727 brevi
1831 4681 2093 4739 tempore,
2151 4669 2277 4722 dum

723 4784 948 4838 corpora
981 4784 1045 4821 ex
1081 4769 1304 4821 materia
1339 4775 1392 4820 et
1421 4767 1705 4819 elementis
1731 4763 1925 4818 similia
1951 4778 1980 4817 e
2010 4761 2281 4815 similibus

724 4869 975 4915 constant
999 4869 1049 4913 et
1087 4857 1296 4926 singula
1320 4856 1778 4910 immortalitatem
1801 4862 2078 4923 appetunt,
2115 4851 2280 4903 Deum

725 4953 818 5021 qui
881 4950 1040 5003 Pater
1093 4958 1177 5004 est
1226 4956 1280 5001 et
1339 4947 1576 5002 Verbum
1613 4947 1732 5001 sine
1781 4944 1966 4998 dolore
2017 4954 2283 5011 generatis

729 5058 939 5097 necnon
969 5056 1030 5096 ex
1066 5041 1183 5109 ipso
1210 5041 1567 5094 viviﬁcantem
1623 5044 1984 5103 sanctumque
2015 5032 2279 5101 Spiritum

728 5132 1044 5203 praedicant,
1085 5132 1344 5199 illumque
1381 5140 1440 5183 ut
1469 5129 1807 5183 conditorem
1833 5140 1989 5180 suum
2020 5132 2285 5178 testantur

731 5232 991 5278 creatura:
1013 5236 1223 5275 omnes.
1266 5219 1357 5275 Sol
1392 5234 1521 5273 vero
1552 5233 1674 5271 eum
1738 5214 2049 5269 manifestat
2103 5212 2287 5265 radios

734 5318 1026 5383 lumenque
1061 5314 1337 5375 etnitteus,
1386 5316 1697 5365 monstrant
1736 5318 1789 5361 et
1830 5316 1976 5360 astra
2032 5303 2287 5357 universa

2384 4671 2483 4740 νᾷν
2512 4672 2600 4722 καὶ
2628 4670 2924 4738 γεννᾶσθαι
2949 4668 3129 4733 ζῶντα
3170 4669 3231 4721 ὲκ
3260 4667 3500 4730 ζώντων,
3550 4666 3600 4718 εί
3644 4664 3738 4717 καὶ
3809 4665 3940 4730 ρευο

2387 4761 2549 4823 στῶς,
2580 4760 2666 4812 διὰ
2693 4760 2750 4813 τὸ
2781 4762 2843 4811 ὲκ
2874 4759 2970 4825 τῆς
3000 4758 3134 4825 ὕλης
3170 4758 3265 4810 καὶ
3296 4756 3405 4808 τῶν
3462 4752 3734 4824 στοιχείων
3791 4752 3941 4821 ἔχειν

2384 4851 2452 4906 τὰ
2489 4851 2737 4920 σώματα,
2777 4851 2870 4902 καὶ
2906 4849 3069 4916 ὅμοια
3096 4847 3156 4910 ἐξ
3188 4846 3415 4915 ὁμοίων,
3443 4844 3538 4897 καὶ
3591 4842 3690 4911 τὴν
3743 4843 3947 4894 ἀθανα-

2384 4940 2507 4994 σίαν
2538 4937 2768 4992 ἕκαστον
2825 4938 3029 4990 τούτων
3078 4933 3375 5003 ἐπιζητεῖν,
3416 4934 3508 4984 τὴν
3561 4929 3692 4984 ὄντα
3726 4929 3951 4996 Πατέρα

2384 5030 2540 5095 Θεὸν,
2566 5029 2662 5083 καὶ
2695 5024 2923 5090 ἀπαθῶς
2961 5027 3212 5080 τίκτοντα
3246 5023 3443 5090 Λόγον,
3475 5022 3569 5075 καὶ
3606 5022 3667 5073 τὸ
3692 5021 3748 5085 ἐξ
3775 5017 3945 5073 αὑτοῦ

2386 5121 2648 5187 ζωοποιὺν
2681 5119 2777 5172 και)⁸
2816 5119 2971 5185 ἆγιον
3034 5117 3258 5185 Πνεῦμα
3294 5114 3621 5184 κηρύττουσι
3644 5126 3659 5142 ο
3694 5111 3788 5163 καὶ
3818 5110 3946 5163 τοῦ-

2385 5225 2477 5263 τον
2507 5209 2581 5271 ὠς
2620 5209 2848 5276 κτίστην
2906 5206 3099 5265 ὲαυτίς
3137 5207 3168 5271 ἠ
3209 5203 3380 5263 κτίσις
3415 5201 3600 5254 απασα
3659 5200 3947 5267 μαρτυρεῖ.

2391 5301 2500 5354 Καὶ
2525 5300 2675 5370 ἧ).ιος
2697 5299 2753 5351 δὲ
2774 5297 2933 5351 τοῦτο
2952 5295 3249 5357 δείκνυσιν,
3286 5292 3508 5353 ἀκτῖνας
3533 5292 3834 5357 ἐκπέμπων
3856 5290 3950 5342 καὶ

736 5409 912 5475 ignem
938 5379 1226 5458 vibrantia.
1258 5403 1387 5457 Item
1411 5401 1478 5454 de
1506 5398 1794 5453 arboribus
1838 5405 1891 5451 et
1939 5396 2141 5465 plantis
2171 5407 2291 5461 qua
2390 5409 2401 5443 ι

2271 5407 2291 5446 e
2390 5390 2524 5459 φῶς,
2551 5390 2642 5443 καὶ
2662 5390 2889 5457 ἀστέρες
2921 5385 3152 5445 πᾶιντες⁹
3196 5383 3397 5450 ὁμοίως
3430 5397 3487 5432 τε
3540 5381 3635 5431 καὶ
3677 5379 3740 5431 τὸ
3800 5379 3936 5446 πῦρ.

738 5497 897 5550 ﬁures
948 5493 1263 5561 fructusque
1324 5489 1649 5559 producunt.
1712 5486 1876 5541 Terra
1922 5494 2101 5537 autem
2157 5484 2284 5535 dum

736 5585 1008 5642 sr-xreutis
1074 5583 1371 5637 viventium
1435 5581 1737 5649 plantarum
1791 5575 2078 5646 generibus
2133 5572 2291 5625 lutu-

742 5680 869 5740 riat,
910 5685 964 5730 et
996 5691 1104 5730 uno
1134 5675 1297 5727 verbo
1322 5686 1511 5725 omnes
1541 5681 1805 5722 creatura:
1848 5666 2021 5722 solum
2074 5664 2294 5716 univer-

744 5784 930 5824 sorum
983 5765 1148 5818 licunt
1197 5764 1249 5816 in
1302 5759 1573 5814 Trinitate
1613 5756 1939 5825 gloritica'ut,
1992 5753 2291 5822 prazsertim

754 5873 880 5913 vero
905 5872 965 5912 ex
1001 5855 1252 5911 omnibus
1274 5867 1394 5921 quae
1420 5848 1659 5920 perfecta
1692 5856 1891 5902 suntet
1942 5843 2296 5915 perﬁciuntur

2403 5480 2565 5534 Ἀ).λὰ
2597 5479 2691 5531 καὶ
2736 5478 2804 5529 τὰ
2835 5475 2982 5543 φυτὰ
3024 5475 3117 5527 καὶ⁵
3155 5472 3399 5542 βοτάναι,
3448 5469 3583 5539 ἄνθη
3640 5469 3949 5538 προάγοντι

2394 5570 2487 5624 καὶ
2519 5567 2784 5636 καρπούς.
2818 5567 2929 5618 Καὶ
2964 5564 3034 5632 γῆ
3069 5563 3146 5625 δὲ,
3207 5561 3377 5631 μυρία
3414 5559 3794 5627 βλαστάνουσα
3849 5572 3952 5623 φυ-

2395 5661 2502 5715 τῶν
2536 5660 2652 5728 εῑδη
2682 5658 2884 5720 ζῶντα.
2949 5655 3056 5707 Καὶ
3096 5654 3283 5709 ἁπλῶς
3332 5652 3479 5702 πᾶσα
3526 5649 3701 5709 κτίσις
3753 5647 3841 5697 τὸν
3896 5648 3953 5698 ἑν

2396 5750 2589 5819 Τριάδι
2627 5748 2786 5815 μόνον
2808 5746 2941 5813 Θερν
2977 5744 3083 5797 τῶν
3113 5743 3251 5795 ὅλων
3291 5738 3582 5807 δοξολογεί.
3629 5735 3954 5803 Ἐξαιρέτως

2399 5842 2454 5894 δὲ
2483 5843 2546 5894 ἑκ
2569 5839 2677 5893 τῶν
2726 5836 3122 5901 τελεσθέντων,
3156 5834 3249 5886 καὶ
3300 5832 3379 5884 ἔτι
3439 5829 3795 5896 τελουμένων,
3860 5822 3951 5875 καὶ
