4216 6432
281 361 344 426 61
1231 412 1235 415 -
1321 381 1704 447 DIALOGUS
1725 383 2025 451 CONTRA
2062 388 2456 456 lI.ERESES.
3448 401 3517 462 62

281 478 527 546 εναργῶς
552 481 922 552 δεικνυμένων
945 487 1242 558 θαυμάτων
1267 494 1360 544 καὶ
1393 495 1564 559 λόγων
1591 497 1684 549 καὶ
1706 497 1843 564 2:901—
1874 499 1922 558 Δ

1874 499 2000 558 Aet
2053 505 2226 570 palan)
2282 510 2649 567 ostenduntur
2705 515 3001 581 miraculis,
3058 516 3404 571 sermonibus
3463 531 3514 568 et

283 564 418 626 ξεων
451 571 507 620 ἐν
539 573 606 639 τῇ
639 571 734 625 τοῦ
769 575 1007 642 Χριστοῦ
1046 578 1369 653 Ἐκκλησία,
1400 586 1432 654 ἡ
1476 587 1572 650 τῆς
1613 586 1839 652 Τριαδος

282 657 657 747 ἀναδείκνυται
689 665 782 716 καὶ
805 666 1136 736 κηρύσσεται
1192 671 1445 740 δύναμις,
1501 677 1596 738 Τίς
1660 679 1766 747 γάρ
1816 682 1843 731 ό

280 745 604 812 ὲξαπλώσας
635 755 694 807 ἐν
732 756 839 825 ὅλῳ
889 758 966 826 τῷ
999 761 1191 828 κόσμῳ
1223 767 1279 815 16
1317 766 1415 832 τῆς
1475 769 1701 834 Τριάδυς

286 856 493 907 ρυγμα,
529 844 622 895 καὶ
671 845 770 915 τὴν
824 850 1102 919 σάρκωσιν
1146 853 1239 906 τοῦ
1295 855 1561 924 Χριστούς
1603 860 1709 911 Καὶ
1760 859 1842 912 ἔτι

283 931 532 992 ἑξαπλῶν
575 934 669 986 καὶ
711 940 984 1008 συνέχων,
1036 942 1363 1011 ἀμετρήτων
1407 947 1712 1013 ἀνθρώπων
1752 950 1844 1002 καὶ

285 1020 550 1089 βασιλέων
580 1028 675 1080 καὶ
710 1027 882 1083 ἐθνῶν
941 1034 1376 1089 ὲναντ-ωθέντων
1435 1039 1584 1106 αὐτῷ
1617 1040 1695 1110 τῷ
1745 1058 1846 1108 κη-

288 1112 529 1181 ρύγματι
560 1118 653 1168 καὶ
675 1118 1007 1186 διωξάντων,
1059 1126 1152 1176 καὶ
1185 1126 1348 1195 μέχρι
1378 1128 1472 1180 νῦν
1501 1129 1839 1194 διωκόντων;

286 1204 456 1256 Πόθεν
485 1208 512 1259 ό
545 1209 707 1272 πόθος
732 1211 834 1279 τῆς
861 1215 1161 1284 παρθενίας
1193 1219 1248 1270 ὲν
1291 1223 1403 1280 τοῖς
1437 1224 1649 1284 πιστοῖς
1679 1240 1694 1288 ;
1742 1224 1846 1275 Πό-

285 1295 378 1347 θεν
412 1299 439 1349 ό
474 1297 614 1368 ἔρως
653 1302 752 1370 τῆς
779 1305 1155 1375 σωφροσύνης.
1187 1309 1364 1360 καὶτὸ
1416 1310 1642 1376 φεύγειν
1684 1312 1751 1364 τὰ
1789 1312 1846 1362 ἐν

283 1386 364 1449 τῷ
387 1391 613 1460 κόσμῳ,ῗ
646 1393 738 1444 καὶ
761 1394 795 1462 ἡ
833 1396 890 1447 ἐν
920 1396 1149 1464 ἐρήμοις
1194 1399 1404 1451 πολλῶν
1448 1400 1794 1469 ἀναχώρησις
1828 1420 1844 1469 ;

287 1476 459 1529 Πόθεν
491 1480 523 1547 ἡ
559 1480 717 1549 χάρις
741 1482 850 1535 τῶν
881 1484 1093 1552 ίερέων,
1147 1489 1238 1540 καὶ
1291 1489 1358 1541 τὰ
1402 1490 1486 1541 διὰ
1521 1491 1625 1542 τῶν
1659 1492 1846 1559 ἱερέων

284 1568 565 1635 γινόμενα,
601 1571 782 1636 λύσεις
811 1574 902 1627 καὶ
932 1575 1120 1645 δεσμοὶ
1150 1577 1257 1629 τῶν
1290 1579 1737 1650 ἁμαρτημάτων;
1779 1583 1846 1633 Ἀ

286 1661 382 1712 καὶ
412 1661 482 1714 δι’
511 1663 786 1733 αίσθητῶν
821 1667 917 1721 καὶ
944 1668 1155 1739 νεκρῶν
1182 1673 1450 1740 σωμάτων
1479 1675 1848 1743 ἐπιμαρτυρεί

286 1752 314 1802 ό
345 1750 498 1814 Θεός.
537 1754 704 1807 Πόθεν
732 1756 767 1826 ἠ
794 1758 850 1808 ὲν
881 1760 992 1821 τοῖς
1032 1759 1211 1828 ἁγίοις
1237 1760 1515 1830 λειψάνοις
1545 1763 1656 1815 τῶν
1685 1765 1845 1832 ἰαμάο

285 1860 398 1895 των
421 1845 671 1915 ἐνέργεια
698 1865 712 1912 ;
749 1849 852 1901 Ἢν
881 1853 976 1903 καὶ
1010 1849 1335 1917 ἀσεὸοὗντες
1367 1854 1554 1922 ὁρῶσι,
1575 1855 1668 1907 καὶ
1694 1855 1852 1909 ἅκον-
1886 1835 1927 1891 Β

286 1952 379 1999 τες
429 1939 822 2007 καθομολογεῖν
868 1943 1293 2011 ἀναγκάζονται.
1365 1947 1534 1999 Πόθεν
1590 1948 1772 2010 αὺτοῖς
1814 1949 1848 2019 ἡ

289 2028 487 2083 εὐωδία
535 2031 630 2084 καὶ
683 2032 744 2085 16
776 2032 961 2102 μένειν
994 2035 1287 2106 meam;
1333 2037 1411 2090 Τά
1451 2038 1567 2090 θεῖα
1619 2039 1674 2092 δὲ
1704 2041 1854 2108 ἐνερ-

288 2123 522 2188 γήματα
548 2125 614 2177 τά
643 2124 731 2178 διὰ
765 2126 874 2180 τῶν
906 2128 1076 2194 ἁγίων
1106 2131 1331 2184 εἰκόνων
1366 2133 1460 2184 καὶ
1503 2131 1667 2200 ιερῶν
1689 2131 1850 2196 ναῶν,

289 2211 385 2262 καὶ
404 2213 754 2282 ἡγιασμένων
784 2217 992 2270 ὑδάτων
1036 2219 1234 2283 πόθεν;
1264 2221 1338 2274 Οὐ
1370 2219 1539 2274 ταῦτα
1567 2221 1729 2291 μέχρι
1759 2220 1850 2274 τοῦ

289 2303 386 2358 νῦν
422 2306 480 2357 ὲν
512 2307 577 2375 τῇ
600 2304 898 2379 Ἐκκλησία
930 2309 1204 2378 ἀριδήλως
1251 2310 1511 2374 τελεῖται,
1543 2315 1607 2379 τῇ
1640 2311 1852 2381 ὁρθοδό-

292 2393 396 2457 ειυς
425 2395 762 2468 ὁμολογούσῃ
812 2399 904 2452 τδν
935 2401 993 2453 ὲν
1016 2401 1209 2468 Τριάδι
1234 2402 1403 2466 Θεό-ις
1457 2402 1618 2456 Ἀλλὰ
1640 2404 1734 2455 καὶ
1783 2404 1853 2456 τὰ

289 2488 354 2540 ὲκ
392 2491 747 2560 μαρτυρικῶν
786 2491 932 2562 μύρα
960 2492 1249 2561 λειψάνων,
1278 2495 1373 2546 καὶ
1415 2496 1472 2546 at
1508 2493 1853 2564 θαυματουρ-

289 2581 429 2646 γίαι,
463 2581 558 2634 καὶ
586 2583 642 2634 αί
708 2582 965 2653 πρόδηλοι
1020 2583 1125 2635 τῶν
1169 2584 1341 2651 ἁγίων
1396 2585 1576 2637 αὐτῶν
1625 2587 1847 2636 ἐπιστα-

291 2672 405 2725 σίαι
436 2673 533 2724 καὶ
566 2672 808 2741 φυλακαὶ
840 2673 1000 2742 ἡμῶν
1023 2675 1130 2727 τῶν
1155 2675 1364 2728 πιστῶν
1410 2676 1540 2744 παρ’
1595 2677 1852 2729 ἀσεϐούνο

291 2782 404 2817 των
434 2765 804 2833 διωκομένων,
837 2768 931 2821 καὶ
966 2768 1022 2820 al
1064 2768 1173 2821 τῶν
1228 2769 1405 2823 ἀθέων
1461 2770 1643 2823 αὐτῶν
1689 2788 1858 2824 κατα-

293 2859 530 2927 στροφαὶ
553 2859 816 2922 πολλάκις
850 2859 975 2913 καθ’
1009 2858 1168 2928 ήμῶν
1199 2861 1533 2931 κινουμένων
1573 2862 1741 2935 μανίᾳ
1761 2862 1856 2914 καὶ

294 2951 584 3022 συνεργείᾳ
635 2955 924 3022 σατανικῇ,
970 2952 1240 3023 λαμπρῶς
1280 2954 1612 3024 ’παρεστῶσιΔ
1646 2955 1706 3007 16
1757 2957 1855 3023 τῆς

290 3040 575 3103 εὐσεϐείας
605 3041 785 3095 αὐτῶν
813 3043 922 3094 τῶν
950 3044 1297 3112 Χριστιανῶν
1348 3044 1492 3097 θεῖον
1554 3050 1650 3099 καὶ
1710 3045 1856 3113 μέγα

1950 604 2114 664 αι’ςιίε
2183 600 2234 652 in
2303 601 2540 656 Ecclesia
2600 604 2800 660 Christi
2877 607 3114 660 revelata
3191 615 3512 675 prtccsws-Int-

1952 687 2236 744 Trinitatis
2265 703 2522 759 potestas.
2555 696 2688 750 Nam
2736 699 2858 766 quis
2909 701 2962 752 in
3009 699 3261 753 universo
3314 697 3516 752 nms'do

1952 781 2391 847 prmdicalioncm
2422 785 2707 842 Trinitatis
2751 799 2803 841 et
2833 790 3261 843 ittcart'.atiozn~v--t
3312 793 3384 840 1.2-
3425 803 3509 838 νει.

1951 875 2308 942 propagavit?
2339 875 2474 940 Quis
2505 895 2649 931 nunc
2674 895 2890 947 quoque
2919 896 3216 948 propagwns
3253 893 3297 932 et
3358 900 3382 927 μδ·
3431 884 3514 924 τις-

1953 981 2104 1032 gens,
2138 966 2439 1022 innumeris
2473 971 2785 1024 hOminihus
2831 972 3154 1041 regibusth
3183 982 3228 1024 et
3265 976 3514 1034 g=-::t=bt:s

1953 1058 2394 1126 praedicationem
2430 1063 2839 1128 repellentibus,
2894 1066 3204 1131 persecutis
3255 1074 3308 1116 ct
3372 1079 3516 1115 nunc

1954 1149 2118 1204 etiam
2155 1153 2651 1217 persequentilms?
2689 1152 2845 1208 Unde
2909 1154 2960 1207 in
2997 1155 3250 1208 ﬁdelibus
3299 1154 3522 1221 Virgini-

1957 1239 2084 1292 tatis
2118 1239 2500 1296 desiderium?
2534 1243 2688 1296 Unde
2724 1259 2878 1298 amor
2903 1245 3259 1307 castimonia,
3287 1254 3340 1296 et
3391 1245 3514 1310 fuga

1953 1345 2141 1384 eorum
2169 1345 2287 1399 qua:
2321 1333 2373 1386 in
2403 1334 2603 1388 mundo
2627 1343 2774 1398 sunt,
2803 1346 2855 1389 et
2884 1335 3178 1390 multorum
3226 1335 3278 1388 in
3303 1336 3516 1387 deserta

1958 1421 2249 1475 secessus?
2277 1422 2431 1477 Unde
2457 1425 2626 1493 gratia
2655 1426 3020 1486 sacerdotum,
3067 1437 3120 1479 et
3153 1441 3214 1478 ea
3267 1441 3386 1494 ane
3427 1441 3519 1490 per

1955 1512 2264 1566 sacerdotes
2296 1515 2434 1567 facta
2468 1524 2616 1578 sunt,
2650 1517 2877 1570 dimissa
2931 1527 3248 1584 retentaque
3271 1525 3514 1584 peccata.

1954 1617 2076 1668 quae
2124 1603 2458 1657 sensibilium
2525 1613 2974 1675 mortuorumque
3042 1622 3330 1675 corporum
3412 1620 3516 1673 ope

1958 1701 2187 1747 testatur
2213 1692 2393 1748 Deus?
2428 1693 2580 1750 Unde
2613 1696 2664 1748 in
2704 1698 2911 1751 sam~tis
2944 1697 3189 1765 reliquiis
3219 1697 3511 1751 sanitatum

1960 1783 2173 1836 virtus?
2205 1781 2354 1838 ll-anc
2385 1796 2436 1839 et
2464 1786 2564 1854 ipsi
2591 1794 2822 1840 cernunt
2851 1788 3023 1854 impii,
3051 1797 3105 1840 et
3136 1787 3286 1840 inviti
3317 1801 3519 1855 cogun-

1961 1884 2048 1928 tur
2077 1874 2340 1929 cozditeri.
2375 1875 2527 1930 Unde
2550 1877 2694 1930 bono
2736 1878 2904 1930 odore
2932 1879 3177 1933 redolent
3213 1879 3520 1946 intactaque

1955 1974 2175 2019 manent
2204 1967 2469 2027 corpora?
2525 1965 2680 2020 Unde
2752 1967 2951 2024 divina:
3004 1969 3347 2038 Operationes
3428 1981 3521 2036 per

1954 2065 2174 2109 sanctas
2213 2055 2497 2124 imagines,
2553 2072 2648 2126 per
2701 2058 2897 2126 templa
2963 2073 3142 2119 sacra,
3200 2075 3295 2128 per
3351 2073 3520 2126 aquas

1956 2146 2367 2200 sanctiticatas?
2393 2146 2581 2201 Nonne
2606 2147 2720 2203 haec
2749 2152 2931 2204 omnia
2965 2165 3137 2219 usque
3179 2151 3244 2203 ad
3282 2165 3427 2204 nunc
3465 2150 3518 2204 iu

1957 2235 2195 2290 Ecclesia
2224 2236 2460 2304 perfecta
2492 2246 2639 2302 sunt,
2703 2239 2755 2292 in
2799 2253 2860 2294 ea
2895 2255 3036 2309 quae,
3093 2249 3150 2294 ut
3211 2249 3360 2293 recta
3420 2239 3517 2294 l‘ert

1952 2331 2222 2397 doctrina,
2267 2330 2430 2385 Deum
2462 2332 2514 2385 in
2544 2331 2809 2388 'l‘rinitate
2841 2335 3168 2387 confitetur?
3202 2332 3305 2387 Sed
3357 2333 3518 2386 etiam

1955 2430 2230 2489 unguenta
2262 2437 2292 2475 e
2338 2434 2636 2493 martyrum
2671 2424 2918 2492 reliquiis
2958 2426 3257 2486 manantia,
3306 2433 3360 2477 et
3396 2439 3523 2492 pro-

1954 2511 2122 2578 digia,
2156 2522 2211 2565 et
2242 2511 2530 2566 manifesta
2565 2524 2880 2567 sanctorum
2914 2515 3154 2583 ipsorum
3188 2515 3436 2583 prmsidia
3460 2529 3522 2567 ac

1954 2602 2215 2657 custodiae
2247 2603 2444 2671 quibus
2481 2619 2581 2657 nos
2617 2604 2799 2659 lidelcs
2829 2607 2898 2658 ah
2932 2604 3246 2658 inﬁdelibus
3278 2606 3524 2672 exagita-

1958 2704 2040 2746 tos
2086 2702 2327 2755 tuentur,
2403 2696 2752 2765 ipsorumque
2816 2698 3105 2766 impiorum
3173 2697 3355 2753 clades
3424 2711 3524 2751 nos

1956 2786 2155 2855 smpius
2225 2787 2490 2840 diabolica
2551 2786 2766 2843 feritate
2833 2790 2913 2841 vel
2980 2805 3081 2858 ope
3142 2789 3388 2843 satanica
3442 2787 3524 2842 iu-

1957 2877 2306 2939 sectantium,
2344 2879 2625 2932 evidenter
2677 2880 2922 2932 divinum
2978 2894 3346 2951 magnumque
3405 2878 3524 2948 pie-

1958 2970 2085 3023 tatis
2129 2970 2565 3024 Christianorum
2622 2968 2958 3039 patefaciunt
3018 2970 3375 3040 mysterium;
3428 2967 3521 3022 sed

1959 3073 2025 3112 eo
2048 3058 2165 3128 ipso
2193 3059 2336 3128 quod
2370 3071 2471 3112 nos
2520 3064 2579 3111 ut
2620 3057 2804 3111 ﬁdeles
2863 3066 2917 3112 et
2968 3057 3259 3112 orthodoxi
3311 3055 3378 3109 ah
3419 3052 3528 3108 ini-

296 3134 622 3203 μυστήριον.
656 3133 821 3186 Ἀλλά
851 3134 953 3204 13
988 3136 1082 3188 καὶ
1111 3135 1245 3188 αύτὺ
1264 3136 1326 3189 16
1379 3135 1674 3190 διώκεσθαι
1708 3137 1855 3207 ἡμᾶς
1881 3159 1926 3214 c
1960 3170 1961 3176 η

1881 3159 1926 3214 c
1960 3152 2119 3204 micis
2174 3165 2430 3204 vexamur
2504 3159 2559 3204 et
2615 3149 2950 3203 cruciatibus
3020 3147 3203 3201 amicti
3267 3146 3525 3216 patimur,

290 3225 368 3286 ὡς
399 3224 626 3288 πιστούς
652 3242 711 3277 τε
739 3226 835 3279 καὶ
861 3225 1176 3294 όρθοδόξους
1231 3228 1381 3298 παρὰ
1429 3227 1542 3282 τῶν
1571 3231 1854 3293 ἐναντίων,

291 3317 386 3367 καὶ
415 3316 477 3369 16
510 3319 980 3386 ταλαιπωρεῖσθαι
1013 3323 1113 3373 καὶ
1147 3319 1380 3388 πάσχειν
1430 3319 1491 3372 τὸ
1549 3321 1667 3390 μεθ’
1699 3321 1853 3390 ἡμῶν

293 3403 436 3460 εἶναι
481 3408 574 3461 16v
603 3408 775 3478 άληθῆ
820 3411 919 3463 καὶ
950 3410 1108 3478 μόνον
1141 3409 1200 3463 ὲν
1229 3410 1421 3481 Τριάδι
1442 3410 1573 3465 Θεὸν
1593 3412 1860 3481 παρίστη-

294 3515 401 3550 σιν.
440 3498 573 3551 Οὐδὲ
605 3500 713 3569 γάρ
737 3499 1046 3562 ἀνάπαυσις
1075 3499 1194 3570 Θεῷ
1218 3501 1277 3553 ἐν
1314 3500 1393 3570 τῷ
1420 3501 1612 3572 κόσμῳ
1658 3502 1855 3573 τούτῳ,

290 3594 416 3647 οὐδὲ
443 3594 502 3643 ὲν
546 3593 656 3654 τοῖς
695 3591 1018 3660 ὁρωμένοις,
1054 3591 1149 3644 καὶ
1183 3592 1495 3662 ζητοῦσιτὰ
1526 3593 1618 3646 τοῦ
1654 3595 1858 3663 κόσμου

292 3685 490 3738 τούτου
515 3684 610 3736 καὶ
641 3683 901 3737 ποθοῦσιν
924 3685 1255 3754 ἀνθρώποις,
1277 3684 1392 3739 ἀλλ’
1413 3687 1468 3737 ὲν
1499 3689 1610 3748 τοῖς
1636 3686 1859 3754 ἀγαπῶ-

299 3794 386 3829 σιν
423 3777 585 3830 αύτδν
623 3779 717 3832 καὶ
762 3775 990 3846 ζητοῦσι
1022 3778 1122 3847 τὴν
1153 3775 1309 3840 δόξαν
1353 3777 1539 3840 αὑτοῦ,
1593 3781 1686 3832 καὶ
1719 3779 1861 3850 ὑπὲρ

295 3869 461 3921 αὑτοῦ
492 3868 940 3937 ἀγωνιζομένοις,
972 3868 1164 3931 οἵτινές
1201 3868 1339 3921 είσιν
1364 3868 1412 3921 οί
1445 3870 1585 3922 κατὰ
1609 3870 1732 3932 τοὺς
1754 3872 1863 3925 πά-

293 3963 388 4014 )..:t
441 3960 685 4024 δικαίως
741 3957 1076 4028 θλιὸόμενοι,
1141 3958 1484 4028 διωκόμενοι,
1549 3966 1859 4032 πενόμενοι,

295 4053 752 4122 κακουχούμενοι,
796 4052 1254 4120 ἀποθνήσκοντες,
1313 4052 1698 4120 ξενιτεύοντες,
1737 4056 1812 4115 ὡς
1836 4058 1864 4110 6

300 4145 470 4199 Ἅϐελ
493 4145 586 4197 καὶ
612 4143 754 4202 Νῶε.
779 4147 874 4197 καὶ
903 4143 1156 4213 Ἀϐραάμ
1177 4161 1235 4196 τε
1268 4146 1364 4198 καὶ
1390 4145 1598 4212 Ἰσαὰκ,
1631 4150 1724 4202 καὶ
1754 4148 1861 4203 Ία-

298 4239 415 4291 κιῖρδ
446 4240 538 4293 καὶ
559 4242 609 4292 οί
631 4238 798 4292 αὐτοῦ
827 4239 1016 4300 παῖδες
1040 4255 1056 4271 ο
1090 4238 1170 4292 ἔτι
1201 4239 1258 4293 δὲ
1299 4240 1535 4309 Μωῦσῆς
1553 4246 1644 4294 καὶ
1676 4243 1864 4308 Ἠλίας

296 4334 392 4384 καὶ
424 4330 647 4398 Δανιὴλ,
678 4334 775 4382 καὶ
804 4331 851 4382 οἱ
881 4333 1032 4398 τρεῖς
1066 4331 1276 4395 παῖδες,
1313 4332 1407 4384 καὶ
1451 4332 1864 4402 Ἰερεμίας,καὶ

307 4425 414 4482 πρὸ
448 4422 616 4476 αὐτοῦ
669 4423 898 4485 Ἡσαΐας
931 4421 1025 4475 καὶ
1064 4421 1348 4492 Ἰεζεκιὴλ,
1385 4423 1479 4477 καὶ
1511 4425 1862 4480 Μακκαόαϊοι

296 4517 353 4568 δὲ
387 4515 637 4582 ὕστερον,
661 4514 755 4566 καὶ
781 4512 835 4565 εἴ
860 4530 944 4576 τις
983 4512 1106 4565 κατ’
1134 4482 1346 4576 ἀὑτοίις
1377 4513 1586 4583 ἕτερος.
1640 4514 1742 4567 Καὶ
1803 4516 1866 4569 16
1895 4482 1940 4538 Β

298 4607 596 4674 ὑπομένειν
627 4605 684 4658 δὲ
723 4607 1031 4673 πάσχοντας
1074 4607 1241 4672 ἡμᾶς.
1306 4610 1402 4658 καὶ
1449 4607 1626 4660 πάντα
1676 4608 1863 4676 φέρειν

299 4697 440 4765 ὑπὲρ
467 4694 732 4765 Χριστοῦ,
771 4695 870 4764 τὴν
903 4695 1067 4748 αὐτοῦ
1119 4697 1504 4767 ἀληθεστάτην
1536 4701 1636 4751 κα)⁵
1695 4703 1863 4768 μόνην

297 4787 668 4856 καταγγέλλει
702 4787 911 4850 πίστιν,
951 4787 1198 4847 καὶτοὺς
1252 4787 1444 4855 λόγους
1506 4790 1723 4857 ἀληθεῖς
1765 4790 1866 4858 τῆς

297 4877 654 4940 διδασκαλίας
683 4877 850 4930 αὑτοῦ
874 4894 888 4909 ο
910 4877 992 4930 ὅτι
1024 4877 1118 4929 καὶ
1152 4879 1286 4946 περὶ
1313 4878 1406 4930 τοῦ
1436 4881 1666 4948 πάσχειν
1718 4882 1866 4950 ἡμᾶς

298 4971 358 5021 ἐν
385 4971 560 5036 τούτῳ
585 4967 663 5035 τῷ
702 4968 893 5032 κόσμῳ
953 4968 1320 5038 προήγγειὶεν
1345 4985 1357 4998 ·
1410 4972 1531 5023 ἐπεὶ
1568 4973 1660 5022 καὶ
1702 4972 1866 5035 αὐτὸς

298 5059 504 5111 ἔπαθεν
545 5059 685 5128 ὑπὲρ
708 5060 890 5127 ἡμῶν.
926 5061 1036 5112 Καὶ
1061 5061 1094 5128 ή
1128 5061 1225 5126 τῆς
1252 5061 1454 5131 Ἐκκλη
1468 5064 1583 5124 τίσις
1612 5065 1666 5116 δὲ
1702 5064 1864 5116 αὑτοῦ

298 5151 594 5216 νομοθεσία
621 5152 715 5202 καὶ
746 5150 952 5217 γνῶσις
992 5154 1088 5204 καὶ
1122 5153 1420 5222 παρθενίαν
1455 5154 1719 5218 διδάσκει,
1773 5156 1868 5209 καὶ

303 5241 533 5309 ἁγνείαν
599 5243 692 5292 καὶ
736 5240 1108 5308 καθαρότητα,
1164 5243 1244 5295 ἔτι
1285 5260 1342 5295 τε
1388 5247 1722 5296 ταπείνωσιν
1771 5247 1868 5300 καὶ

301 5332 583 5402 ὑπομονὴν
618 5332 735 5400 μετ’
767 5332 1118 5401 εὐχαριστίας
1148 5332 1288 5401 πρός
1316 5334 1406 5384 τὸν
1435 5335 1588 5396 Θεὸν,
1625 5337 1868 5403 άκτημο-

301 5423 474 5490 σύνης
507 5438 567 5474 τε
597 5421 692 5473 καὶ
730 5420 826 5473 τοῦ
866 5419 1094 5486 φεύγειν
1139 5421 1229 5472 τὸν
1267 5420 1470 5488 κόσμον
1520 5423 1865 5490 παραίνεσιν.

301 5514 416 5566 Καὶ
443 5513 506 5565 οὐ
540 5513 700 5579 μόνον
735 5511 809 5580 μὴ
838 5513 898 5562 16
937 5509 1172 5580 πονηρόν
1207 5512 1476 5578 ἐνεργεῖν,
1511 5511 1637 5580 μηδ’
1671 5515 1866 5565 άποδι-

301 5606 450 5658 δόναι
496 5604 668 5656 κακὶν
722 5604 842 5654 ἀντὶ
901 5601 1098 5663 κακοῦ,
1136 5601 1272 5654 ἀλλά
1333 5603 1427 5653 καὶ
1481 5603 1699 5668 ἀφιέναι
1755 5607 1867 5668 τοῖς

303 5694 590 5746 πταίσασι.
618 5692 726 5746 Καὶ
747 5694 972 5763 ἀγαπᾷν
1025 5694 1150 5754 τοὺς
1187 5692 1435 5762 ἐχθροὺς,
1474 5695 1569 5744 καὶ
1624 5694 1698 5761 μὴ
1736 5712 1867 5764 μνη-

308 5787 558 5838 σικακεῖν
600 5785 757 5850 ὅλως,
811 5784 930 5854 μηδ’
960 5782 1296 5854 ὀργίζεσθαι,
1333 5783 1466 5835 ά).λὰ
1529 5786 1622 5836 καί
1679 5785 1858 5848 καλῶς

1961 3243 2134 3298 solum
2169 3250 2222 3297 et
2249 3257 2435 3297 verum
2484 3241 2539 3296 in
2589 3240 2854 3295 Trinitate
2890 3241 3057 3294 Deum
3089 3254 3212 3294 esse
3242 3239 3527 3292 nobiscum

1960 3333 2258 3401 probatur;
2289 3346 2396 3384 non
2430 3331 2573 3384 enim
2606 3329 2838 3397 quiescit
2875 3327 3015 3382 Deus
3052 3329 3106 3381 in
3148 3329 3248 3381 hoc
3301 3327 3526 3389 mundo,

1961 3437 2062 3475 nec
2094 3423 2146 3474 in
2183 3421 2268 3475 his
2302 3435 2420 3490 qua:
2445 3419 2720 3483 videntur,
2757 3434 2934 3487 neque
2969 3419 3021 3472 in
3057 3418 3369 3471 hominibus
3429 3418 3520 3485 qui

1960 3528 2048 3567 res
2079 3513 2262 3566 mundi
2298 3520 2554 3581 quaerunt
2603 3521 2656 3565 et
2702 3512 3034 3570 desiderant,
3064 3509 3161 3565 sed
3219 3510 3273 3564 in
3321 3509 3399 3563 eis
3433 3510 3527 3578 qui

1959 3619 2086 3660 eum
2122 3604 2354 3674 diligunt
2382 3613 2436 3657 et
2465 3603 2691 3671 gloriam
2724 3602 2844 3671 ejus
2885 3611 3155 3672 quzerunt,
3200 3611 3252 3655 et
3309 3610 3531 3671 prapter

1961 3711 2088 3752 eum
2112 3696 2374 3750 dimicant
2404 3711 2419 3761 ;
2458 3695 2512 3749 hi
2545 3703 2723 3749 autem
2763 3704 2889 3748 sunt
2926 3694 3018 3764 qui
3051 3692 3351 3749 secundum
3382 3703 3528 3746 rete-

1962 3803 2050 3843 res
2083 3788 2262 3858 justos
2319 3786 2561 3854 contriti,
2617 3786 2822 3849 amicti,
2877 3785 2944 3839 ad
3008 3784 3243 3854 inopiam
3303 3783 3529 3847 redacti,

1963 3881 2105 3935 male
2142 3879 2333 3944 habiti,
2374 3878 2566 3941 occisi,
2627 3879 2680 3931 in
2713 3877 2964 3931 exsilium
2997 3875 3151 3929 missi
3193 3883 3341 3938 sunt,
3389 3873 3532 3926 velut

1962 3971 2116 4035 Abel,
2145 3981 2198 4025 et
2231 3970 2362 4037 Noe,
2391 3977 2445 4024 et
2479 3969 2774 4031 Abraham,
2800 3977 2853 4022 et
2908 3966 3079 4030 Isaac,
3115 3974 3167 4021 et
3193 3964 3357 4020 Jaeoh
3389 3965 3533 4033 ejus-

1965 4080 2069 4134 que
2091 4064 2271 4133 pueri,
2309 4071 2363 4117 et
2395 4063 2616 4131 insuper
2651 4060 2888 4131 Moyses,
2929 4058 3130 4121 llelias,
3175 4057 3386 4116 Daniel.
3418 4068 3530 4110 tres

1967 4155 2141 4224 pueri.
2172 4152 2456 4216 Jeremias,
2490 4165 2700 4206 necnon
2733 4160 2858 4204 ante
2891 4148 3056 4203 istum
3098 4146 3266 4202 Isaias
3308 4157 3360 4201 et
3393 4147 3528 4199 Eze-

1965 4246 2128 4312 chiei,
2159 4253 2346 4314 postea
2378 4242 2702 4297 Macchabaei
2731 4251 2784 4296 et
2828 4256 3021 4295 omnes
3055 4239 3146 4293 alii
3182 4239 3249 4293 iis
3300 4238 3528 4292 similes.

1965 4337 2103 4392 Dum
2128 4349 2228 4389 nos
2253 4334 2491 4403 patimur
2537 4339 2591 4387 et
2629 4333 2920 4403 allligimur
2974 4341 3028 4386 et
3076 4330 3258 4386 omnia
3315 4338 3534 4398 propter

1966 4426 2240 4481 Christum
2274 4423 2592 4490 toleramus,
2636 4421 2922 4476 verissima
2973 4418 3198 4487 solaque
3226 4415 3344 4487 ejus
3400 4415 3530 4467 ﬁdes

1967 4518 2401 4578 demonstratur,
2436 4526 2646 4567 necnon
2711 4511 2824 4566 veri
2860 4511 2979 4578 ejus
3041 4523 3323 4564 sermones
3365 4517 3532 4576 atque

1965 4606 2264 4671 doctrinae;
2298 4602 2556 4673 quoniam
2590 4617 2690 4656 nos
2733 4602 2787 4656 in
2818 4601 3022 4655 mundo
3051 4613 3310 4668 passuros
3334 4597 3528 4665 praedi-

1965 4699 2044 4752 xit
2078 4697 2217 4752 sicut
2241 4696 2427 4764 etipse
2455 4708 2555 4763 pro
2588 4692 2748 4748 nobis
2781 4707 2975 4762 passus
3007 4701 3109 4746 est.
3137 4690 3371 4759 Ipsaque
3413 4689 3533 4758 ejus

1966 4789 2229 4852 Ecclesia,
2262 4796 2315 4841 et
2345 4787 2508 4854 hujus
2535 4784 2806 4839 institutio
2838 4791 3002 4852 atque
3031 4782 3282 4836 doctrina
3319 4790 3373 4834 et
3425 4780 3535 4834 vir-

1966 4877 2250 4948 ginitatcm
2303 4875 2479 4938 docet,
2507 4882 2561 4928 et
2594 4873 2901 4928 castitatem
2929 4880 3090 4942 atque
3121 4872 3414 4941 puritatem
3447 4871 3536 4924 in-

1969 4982 2131 5037 super
2163 4975 2219 5020 et
2280 4965 2642 5020 humilitatem
2693 4972 2857 5034 atque
2890 4963 3233 5035 patientiam,
3278 4964 3534 5016 hortatur

1967 5061 2131 5114 etiam
2155 5069 2210 5112 ut
2233 5059 2434 5128 gratias
2453 5057 2563 5111 Deo
2583 5073 2835 5127 agamus,
2867 5065 3238 5126 paupertatem
3267 5069 3532 5118 amemus,

1967 5160 2022 5204 et
2075 5149 2336 5203 mundum
2401 5147 2693 5218 iugiamus,
2756 5149 2868 5202 imo
2922 5155 2982 5201 ut
3029 5161 3138 5201 non
3191 5148 3537 5202 solummodo

1969 5237 2169 5292 malum
2224 5253 2330 5292 non
2388 5236 2678 5299 faciamus,
2746 5251 2926 5305 neque
2979 5236 3182 5290 malum
3237 5249 3334 5304 pro
3392 5233 3537 5289 malo

1969 5329 2282 5393 reddamus,
2310 5328 2403 5384 sed
2453 5328 2615 5382 etiam
2646 5338 2703 5382 ut
2733 5342 2833 5382 nos
2856 5325 3254 5381 offendentibus
3294 5325 3537 5380 dimitta-

1973 5435 2117 5484 mus,
2181 5428 2239 5473 ut
2279 5418 2530 5473 inimicos
2579 5418 2898 5485 diligamus,
2933 5427 2987 5471 et
3036 5433 3143 5472 non
3206 5427 3416 5471 tantum
3479 5423 3538 5470 ut

1969 5509 2116 5563 nullo
2149 5509 2308 5561 modo
2334 5508 2563 5576 injurias
2589 5510 2957 5572 recordemur,
2990 5523 3164 5577 neque
3211 5510 3534 5572 irascamur,

1970 5600 2063 5654 sed
2095 5600 2314 5668 insuper
2351 5610 2411 5654 ut
2453 5599 2866 5654 benefaciamus
2908 5600 2973 5653 iis
3000 5601 3093 5668 qui
3123 5601 3357 5654 oderunt
3409 5615 3534 5665 nos,

1969 5701 2022 5746 et
2053 5707 2144 5760 pro
2175 5691 2278 5744 illis
2308 5691 2681 5759 deprecemur.
2714 5689 2845 5756 Qum
2900 5699 2952 5744 ct
3007 5691 3202 5744 similia
3259 5691 3532 5743 caelestem

1970 5793 2021 5838 et
2061 5786 2298 5839 duinatn
2347 5794 2398 5837 et
2451 5799 2629 5837 verant
2664 5795 2713 5838 et
2744 5784 2912 5839 solam
2976 5783 3404 5838 Christianorum
3441 5797 3535 5836 n0-
