4216 6432
301 397 374 458 65
1363 407 1748 470 DIALOGUS
1779 408 2081 469 CONTRA
2121 411 2169 468 H
2260 412 2514 476 RESES.
3472 415 3543 475 66

300 509 478 578 τέροις
510 510 747 578 ὠφέλεια
769 528 782 543 ’
811 513 903 566 καὶ
929 513 1317 585 συναιρομένου
1374 517 1532 584 Θεοῦ,
1574 520 1606 590 ἢ
1641 521 1736 574 καὶ
1775 523 1863 574 τὸν
1894 528 1940 586 Α

1894 528 1940 586 Α
1970 523 2117 577 illum
2147 525 2325 578 studio
2351 527 2511 581 simul
2542 537 2594 581 et
2624 529 2802 583 divina
2826 531 3088 588 cliaritate
3143 535 3400 603 corriges,
3458 541 3537 590 vel

302 599 660 672 πλανώμενον
719 602 926 659 ἐκεῖνον
984 604 1114 668 ῐσως
1141 609 1207 677 τῇ
1242 609 1443 679 σπουδῇ
1478 611 1569 662 καὶ
1620 615 1686 682 τῇ
1742 611 1863 683 θεία

304 690 495 762 ἀγάπῃ
544 692 926 762 Δδιορθώσεις,
979 694 1012 766 ἢ
1076 698 1288 767 σεαυτῷ
1345 699 1536 768 μισθὸν
1599 702 1868 775 προξενή-

302 795 457 845 στις,
496 784 592 837 καὶ
643 784 764 837 ἀντὶ
817 785 911 840 τοῦ
953 788 1123 841 κόπου
1172 789 1333 859 χάριν
1391 791 1646 863 εὑρήσεις
1716 796 1869 866 παρὰ

298 873 434 928 Θεοῦ
447 914 463 930 .

369 967 687 1033 lampade.
733 969 843 1021 Καὶ
891 969 1022 1023 ποίά
1054 972 1162 1024 τῶν
1197 975 1464 1044 αἱρέσεων
1492 977 1723 1048 χείρων;

388 1055 736 1125 Ἀρχιερεύς.
769 1060 973 1125 ’Δπαν,
1012 1062 1229 1130 ἀδελφέ,
1286 1068 1422 1139 ὅπερ
1459 1072 1540 1133 είς
1594 1070 1867 1140 βάραθρον

298 1144 576 1208 ἀπωλείας
612 1147 864 1211 συνωθεῖ,
900 1149 1004 1220 τῆς
1041 1156 1288 1224 πονηρᾶς
1342 1159 1460 1210 ἐστι
1493 1159 1716 1228 μοίρας·
1775 1161 1866 1212 καὶ

301 1238 410 1291 πᾶν
439 1239 578 1309 ὅπερ
622 1239 723 1308 τὴν
764 1243 1046 1310 σωτηρίαν
1090 1243 1302 1313 ζημιοῖ,
1353 1251 1452 1319 τῆς
1484 1251 1864 1320 ἀπολλυμένης

298 1330 559 1398 τυγχάνει
591 1331 821 1395 τάξεως.
857 1333 1005 1386 Ἀλλ’
1062 1334 1213 1404 ὅμως
1264 1337 1454 1408 ὥσπερ
1501 1342 1756 1412 διαφοραὶ
1810 1343 1866 1395 ὲν

293 1422 407 1482 τοῖς
435 1422 681 1489 ἀγαθοῖς,
713 1424 806 1478 καὶ
837 1424 895 1476 ὲν
936 1425 1162 1495 ἀρεταῖς
1197 1430 1518 1485 ἀναϐάσεων
1557 1434 1862 1501 ἐπιδόσεις,

295 1508 390 1562 καὶ
417 1512 560 1564 κατά
591 1513 693 1576 τὰς
733 1514 962 1582 πράξεις
993 1519 1050 1570 αἱ
1072 1519 1395 1584 ἀντιδόσεις,
1429 1523 1508 1577 διὸ
1545 1525 1638 1579 καί
1697 1542 1866 1594 φησιν

295 1603 324 1655 ὁ
354 1603 565 1671 Κύριος
586 1620 602 1637 ⁸
631 1624 650 1658 ε
701 1605 792 1659 Ἐν
815 1610 881 1678 τῇ
930 1610 1080 1681 οἰκίᾳ
1113 1612 1210 1666 τοῦ
1267 1615 1481 1685 Πατρός
1516 1633 1615 1686 μου
1673 1617 1864 1670 πολλαὶ

299 1695 459 1763 μοναί
489 1697 630 1750 είσιν
648 1713 663 1728 ο
691 1715 708 1748 ι
737 1696 935 1766 οὕτως,
961 1696 1139 1770 οἶμαι,
1167 1703 1260 1756 καὶ
1280 1707 1336 1756 ὲν
1362 1708 1475 1768 τοῖς
1511 1707 1796 1773 ἐναντίοις,
1814 1710 1863 1762 εί

295 1787 392 1838 καὶ
412 1786 610 1850 ἀταξία
634 1789 782 1841 πᾶσα
818 1789 989 1854 ὅντως
1024 1793 1172 1846 ἐστὶν
1201 1797 1259 1847 ἐν
1293 1797 1497 1861 αὐτοῖς,
1557 1800 1709 1852 οὐδὲν
1755 1800 1863 1871 γὰρ

1971 616 2294 684 tibimctipsi
2327 620 2633 672 mercedem
2665 624 3029 691 ’comparabis,
3098 636 3151 681 ct
3208 642 3304 682 oro
3353 627 3534 682 Iabere

1969 709 2198 778 gratiam
2235 710 2376 779 apud
2416 709 2583 765 Deum
2617 713 2879 770 invenies.

2044 969 2307 1025 Clericus.
2342 971 2403 1026 Et
2429 991 2675 1042 quamam
2708 989 2789 1031 est
2817 994 2880 1030 ex
2909 979 3207 1034 lta'resibns
3239 985 3387 1053 [πίοι-
3413 986 3435 1038 ?

2040 1058 2311 1129 Pontifex.
2347 1063 2537 1126 Omne,
2570 1065 2755 1131 frater,
2791 1073 2930 1136 quod
2963 1071 3014 1124 in
3073 1076 3329 1141 aliysmm
3389 1062 3536 1130 exitii

1970 1150 2245 1219 immergit
2273 1156 2436 1207 sortis
2468 1165 2550 1209 est
2585 1159 2851 1224 pessinnc,
2881 1171 3108 1214 ctmnnn
3136 1165 3278 1232 quod
3311 1168 3537 1219 ςτιΙιιῑιιιιι

1971 1244 2188 1312 perimit
2216 1248 2453 1313 iniquum
2482 1249 2632 1301 habet
2665 1249 2972 1318 fortunam;
3035 1258 3126 1309 Sed
3189 1262 3542 1326 (ιιιίεηιςιιιηιο-

1968 1331 2095 1385 dum
2125 1342 2250 1386 sunt
2277 1335 2656 1404 discrepantia:
2690 1340 2739 1392 in
2771 1341 2926 1396 bonis
2960 1347 3221 1414 multique
3247 1357 3371 1400 sunt
3420 1366 3541 1415 gra-

1968 1422 2070 1476 dus
2107 1425 2171 1477 ait
2231 1426 2482 1479 virtutem
2522 1432 2879 1486 ascendentes
2934 1443 2986 1485 et
3038 1452 3202 1488 variae
3243 1441 3540 1491 scr-ttttdtitzt

1967 1530 2130 1583 opera
2165 1518 2570 1585 retributiones,
2611 1535 2895 1590 propterea
2959 1527 3103 1579 enim
3159 1529 3299 1582 dixit
3361 1532 3546 1584 Duilli-

1976 1623 2083 1663 nus
2117 1624 2132 1662 :
2168 1627 2186 1659 ι
2228 1608 2283 1662 In
2305 1611 2465 1664 domo
2490 1613 2666 1667 Putris
2688 1615 2790 1668 nzci
2815 1618 3311 1674 Innltzemausionrs
3334 1636 3493 1688 sunt;
3523 1649 3541 1673 ο

1969 1697 2062 1757 ita,
2095 1713 2179 1751 me
2205 1699 2408 1768 judice,
2441 1703 2492 1753 in
2534 1706 2842 1771 contrariis,
2903 1708 3024 1762 licet
3057 1711 3106 1763 in
3137 1712 3269 1780 ipsis
3300 1715 3370 1768 sit
3433 1731 3547 1768 orn-

1967 1783 2054 1838 nis
2089 1789 2442 1852 perturbatio,
2499 1792 2630 1844 nihil
2685 1796 2830 1846 enim
2894 1798 3015 1850 mali
3070 1811 3153 1852 est
3215 1803 3267 1853 in
3326 1803 3543 1868 ordme,

293 1875 403 1927 τῶν
432 1878 687 1946 πονηρῶν
712 1880 769 1930 έν
791 1879 967 1945 τάξει,
1001 1883 1126 1935 ἐπεὶ
1180 1885 1275 1938 καὶ
1306 1885 1540 1949 ἄτακτος
1588 1891 1616 1942 ὁ
1680 1867 1860 1962 πατὴρ
1897 1867 1939 1920 Β

1897 1867 1939 1920 Β
1968 1890 2092 1929 cum
2129 1878 2382 1934 inimicus
2413 1882 2480 1935 sit
2512 1885 2716 1937 ordinis
2763 1897 2913 1951 pater
2970 1893 3250 1954 mendacii,
3307 1906 3541 1949 attamen

293 1964 385 2018 τοῦ
415 1966 647 2034 ψεύδους
677 1969 847 2033 ἐστὶν,
884 1971 1003 2023 ἀλλ’
1029 1972 1180 2042 ὅμως
1219 1975 1422 2045 χείρων
1460 1978 1558 2045 μὲν
1592 1979 1860 2052 αἴρεσιςή

296 2055 424 2125 περὶ
443 2055 580 2108 Θεοῦ
616 2056 864 2122 πλείονας
913 2059 1112 2129 ἔχουσα
1156 2062 1529 2135 βλασφημίας.
1583 2069 1781 2138 ἑφεξῆς
1802 2069 1862 2122 δὲ

298 2147 458 2215 μέσαι
482 2163 542 2199 τε
577 2149 673 2200 καὶ
701 2150 936 2219 ισχάται
967 2155 1024 2206 αι
1075 2154 1374 2209 ἐλάττωσιν
1404 2156 1659 2212 δοκοῦσαι
1717 2159 1862 2230 ἔχειν

292 2240 412 2290 τινά
445 2238 540 2292 τοῦ
569 2241 672 2310 τῆς
694 2241 1049 2314 βλασφημίας
1107 2246 1303 2302 κακοῦ.
1355 2249 1528 2306 Τοῦτο
1576 2251 1632 2305 δὲ
1667 2253 1763 2306 καὶ
1801 2255 1861 2307 ἐν

294 2330 405 2390 τοῖς
427 2329 693 2385 ἀσεϐέσιν
715 2330 854 2387 εἶναι
885 2334 1196 2405 λογίζομαι.
1222 2338 1445 2408 Πρῶτος
1477 2341 1576 2411 μὲν
1613 2343 1722 2414 γὰρ
1752 2345 1862 2400 τῶν

294 2419 471 2474 ἀθέων
496 2425 523 2476 ό
551 2423 628 2494 μὴ
659 2425 793 2478 Θεὸν
846 2428 984 2490 ὅλως
1033 2430 1210 2498 εἰδὼς,
1257 2435 1353 2486 καὶ
1387 2433 1469 2487 ἔτι
1503 2435 1531 2487 ὁ
1579 2439 1646 2507 τῇ
1695 2439 1862 2493 πολυ-

296 2505 402 2576 θέῳ
436 2509 614 2595 πλάνῃ
669 2515 1062 2584 κρατούμενος.
1118 2521 1193 2572 Οὑ
1227 2521 1337 2590 γὰρ
1385 2505 1861 2595 διαφορὰ-τούτοις

296 2590 552 2663 ἀσεϐείας
585 2604 755 2669 ἐστὶν,
787 2608 908 2660 ἐπεὶ
953 2611 1046 2663 καὶ
1091 2611 1206 2664 ῐσον
1245 2615 1305 2665 τὸ
1353 2615 1427 2684 μὴ
1475 2590 1676 2671 είϐέναι
1722 2590 1861 2683 ὅλως

298 2690 431 2742 Θεὸν
462 2692 558 2745 τοῦ
584 2696 784 2750 είδέναι
815 2697 1018 2767 λέγειν,
1048 2705 1142 2755 καὶ
1163 2702 1346 2758 σέϐειν
1384 2706 1558 2770 ἀθέως
1583 2708 1658 2771 ώς
1704 2709 1862 2773 θεοὺς

300 2781 368 2833 τὰ
397 2783 493 2836 τοῦ
526 2784 662 2838 Θεοῦ
693 2788 990 2860 κτίσματα,
1023 2791 1055 2857 ἢ
1087 2793 1157 2845 τὰ
1207 2793 1460 2864 ὁρώμενα
1493 2797 1679 2864 ταῦτα,
1715 2799 1748 2870 ἢ
1791 2799 1861 2852 τὰ

299 2869 471 2941 ἕναγῆ
518 2873 808 2943 δαιμόνια·
862 2881 998 2950 μετά
1027 2883 1085 2936 δὲ
1133 2884 1259 2948 τοὺς
1305 2886 1556 2957 πρώτους
1586 2869 1779 2955 ἀθέους
1810 2894 1860 2945 oi

294 2959 428 3011 Θεὸν
480 2964 580 3031 μὲν
608 2964 768 3034 δῆθεν
799 2967 1049 3035 λέγοντες
1074 2973 1278 3043 Κύριον
1310 2977 1546 3047 οὐρανοῦ
1598 2982 1693 3034 καὶ
1724 2982 1850 3051 γῆς.

299 3051 472 3138 χωρὶς
522 3052 577 3105 δὲ
636 3057 810 3125 Λόγου
865 3060 1072 3126 ζῶντος
1131 3065 1226 3118 καὶ
1281 3067 1612 3138 Πνεύματος.
1673 3072 1858 3126 ’Δθεοι

294 3136 392 3195 οῦν
423 3144 518 3197 καὶ
547 3144 718 3213 οῦτοι,
747 3150 823 3213 ώς
850 3153 910 3203 οὐ
945 3153 1034 3208 τὸν
1068 3155 1244 3225 ἀληθῆ
1269 3159 1361 3211 καὶ
1413 3136 1572 3230 μόνον
1603 3163 1737 3217 Θεὸν
1763 3182 1863 3235 κη-

297 3234 606 3302 ρύττοντες.
640 3240 772 3305 Θεὸς
800 3243 910 3314 γὰρ
941 3247 1101 3314 μόνος
1147 3249 1353 3319 ἀληθὴς
1387 3254 1413 3305 ὁ
1475 3254 1664 3324 Πατὴρ
1720 3234 1859 3326 μετά

291 3327 387 3381 τοῦ
423 3333 745 3398 μονογενοῦς
769 3337 957 3402 {coma
984 3339 1115 3393 Υίοῦ
1147 3344 1242 3395 καὶ
1272 3344 1364 3397 τοῦ
1399 3346 1664 3410 ζωοποιοῦ
1690 3347 1860 3401 Πνεύ-

295 3436 486 3488 ματος.
525 3423 588 3475 Ei
628 3423 722 3479 οὖν
763 3428 858 3480 καὶ
891 3423 1039 3484 οῦτοι
1091 3435 1318 3489 καθόλου
1352 3438 1520 3500 ἄθεοι,
1569 3440 1684 3492 ἀλλ’
1711 3442 1860 3509 ὅμως

289 3509 354 3561 ού
385 3514 746 3580 προσκυνοῦσι
778 3517 836 3568 τὸ
854 3518 985 3588 πῦρ,
1021 3520 1052 3592 ἢ
1084 3525 1174 3574 τὸν
1203 3526 1372 3596 ἥλιον,
1393 3529 1510 3582 οὐδὲ
1534 3530 1656 3592 τοὺς
1676 3531 1861 3600 δαίμο·

290 3617 387 3663 νας
403 3601 619 3670 λέγουσι
635 3605 812 3671 θεούςο
833 3610 927 3662 καὶ
943 3613 1031 3666 διὰ
1054 3613 1209 3668 τοῦτο
1230 3617 1507 3683 ἐλάττονος
1527 3624 1723 3685 κακίας
1737 3624 1863 3678 εἰσί.

361 3696 679 3763 Κληρικός.
709 3698 860 3755 Μετά
907 3704 1131 3768 τούτους
1172 3707 1229 3760 δὲ
1273 3709 1417 3773 τίνες
1474 3713 1582 3764 εἰσὶ
1611 3713 1856 3783 χείρονες

288 3787 398 3841 τῶν
425 3789 602 3843 ἀλλων
627 3791 706 3854 είς
735 3793 994 3849 ἀσέϐειαν
1018 3813 1034 3862 ;

875 3911 1128 3967 ΚΕΦΑΛ.
1179 3913 1280 3968 IA'.

290 4015 453 4095 Κατᾴ
480 4019 747 4098 Σίμωνος
795 4022 902 4098 τοῦ
949 4002 1167 4098 μάγου.
1215 4028 1316 4098 καί
1371 4029 1700 4098 Μάνεντσς,
1747 4036 1846 4089 καί

368 4087 486 4173 τῶν
515 4090 752 4173 ὀέιοίωτς,
782 4093 880 4173 καί
909 4087 1058 4173 κᾶτςᾶ
1078 4087 1195 4150 τῶν
1215 4097 1535 4154 δυσσεϐῶν
1589 4087 1855 4173 Boi-opti-

358 4160 507 4221 λων,
536 4157 665 4226 ἢτοι
701 4160 1153 4231 Κουόουγέρων.

359 4246 719 4315 Ἀρχιερεύς.
749 4251 904 4304 Μετὰ
928 4254 1151 4319 τούτους
1187 4257 1244 4311 ai
1284 4259 1344 4324 ἐξ
1378 4261 1551 4331 ἀρχῆς
1590 4263 1856 4334 αἱρέσεις,

286 4337 408 4389 ὅσαι
439 4339 529 4390 τὸν
572 4339 810 4412 Χριστ¹ιν
870 4342 1034 4412 δῆθεν
1072 4345 1321 4410 ἐδέξαντο
1359 4351 1480 4419 μὲν,
1516 4355 1614 4405 οὐκ
1671 4355 1852 4423 ὀρθῶς

290 4429 394 4498 15
421 4431 499 4494 δὲ,
527 4431 645 4484 οὐδὲ
697 4432 774 4495 ώς
805 4433 867 4486 τὸ
895 4435 1004 4486 τῶν
1060 4438 1376 4492 ἀποστόλων
1410 4442 1694 4510 παρέδωκε
1746 4446 1852 4515 κη-

1977 1967 2221 2034 pessima
2253 1977 2336 2023 est
2374 1971 2514 2025 inter
2544 1973 2776 2028 haereses
2815 1992 2934 2044 qua}
2967 1978 3144 2046 plures
3165 1981 3231 2034 de
3254 1983 3546 2038 Deoconti-

1969 2066 2064 2113 net
2119 2061 2536 2129 blasphemins;
2577 2066 2771 2120 deinde
2823 2083 2944 2135 quae
3004 2073 3286 2140 pauciores
3349 2077 3546 2130 habent

1971 2153 2158 2207 media:
2209 2163 2356 2219 sunt,
2406 2163 2457 2208 et
2530 2157 2727 2210 nltitnze
2794 2175 2915 2227 qua:
2968 2178 3129 2230 quam
3183 2167 3534 2232 paucissimis

1969 2241 2320 2312 blasphemiis
2348 2255 2576 2299 scatent.
2621 2248 2772 2313 Quod
2827 2251 2990 2303 etiam
3046 2253 3098 2305 in
3171 2255 3543 2324 impietatibus

1968 2336 2198 2390 inveniri
2227 2353 2443 2393 censeo.
2477 2338 2692 2393 Primus
2713 2342 2928 2408 quidem
2957 2343 3238 2398 atheorum
3259 2349 3349 2416 qui
3376 2349 3542 2403 Deum

1969 2443 2198 2497 prorsus
2232 2433 2424 2494 nescit,
2465 2442 2518 2485 et.
2561 2434 2652 2501 qui
2712 2435 2947 2502 plurium
3009 2439 3294 2491 numinum
3352 2442 3541 2496 falsam

1968 2521 2280 2590 Opinionem
2319 2524 2601 2589 sequitur;
2633 2540 2753 2576 nam
2777 2525 2915 2578 inter
2938 2527 3052 2580 haec
3071 2530 3218 2582 nulla
3245 2543 3325 2585 est
3349 2532 3540 2602 impie-

1970 2611 2094 2665 tatis
2113 2611 2502 2682 discrepantia,
2522 2629 2644 2668 cum
2678 2631 2770 2684 par
2791 2617 2859 2669 sit
2882 2617 3046 2671 Deum
3071 2636 3294 2688 prorsus
3315 2639 3420 2676 non
3447 2641 3543 2678 no-

1968 2717 2121 2757 scere
2149 2712 2203 2756 ct
2224 2705 2401 2758 dicere
2432 2721 2489 2759 se
2521 2723 2718 2760 numen
2762 2725 3079 2777 agnoscere,
3113 2714 3205 2766 sed
3244 2714 3543 2784 irrcligiose

1969 2801 2028 2846 ut
2060 2793 2190 2848 deos
2226 2794 2503 2848 adorando
2547 2812 2828 2853 creaturas
2863 2801 2976 2855 sive
3010 2818 3093 2856 res
3121 2821 3240 2872 quae
3287 2809 3542 2861 videntur

1968 2885 2082 2939 sive
2113 2887 2396 2940 maledicta
2425 2889 2712 2944 dazmonia.
2746 2891 2871 2946 Post
2935 2896 3067 2950 istos
3113 2898 3303 2953 alilCOS
3337 2901 3542 2966 primos

1969 2978 2336 3045 acceduntqui
2365 2979 2527 3031 Deum
2558 2983 2774 3047 quidem
2811 2984 3302 3042 dicuntDotninum
3331 2993 3453 3043 coeli
3488 3002 3543 3046 et

1967 3077 2151 3132 terrm,
2174 3071 2267 3123 sed
2297 3070 2501 3138 absque
2541 3069 2722 3124 Verbo
2770 3073 2982 3129 vivente
3012 3086 3064 3130 et
3094 3078 3322 3146 Spiritu.
3377 3081 3544 3150 Igitur

1969 3159 2114 3214 atbei
2133 3171 2260 3215 sunt
2288 3163 2373 3215 isti
2394 3165 2484 3231 qui
2513 3163 2670 3216 talem
2699 3181 2881 3219 verum
2908 3168 3190 3238 solumque
3217 3171 3380 3225 Deum
3407 3190 3544 3243 pra:—

1967 3253 2189 3319 dicant;
2236 3252 2374 3306 Deus
2400 3257 2541 3307 enim
2568 3256 2718 3310 solus
2765 3273 2920 3311 verus
2953 3269 3034 3312 est
3065 3261 3220 3315 Pater
3253 3278 3375 3316 cum
3411 3267 3536 3319 titti-

1967 3345 2148 3414 genito
2177 3346 2294 3412 ejus
2324 3344 2458 3398 Filio
2482 3356 2534 3399 et
2564 3347 2872 3401 viviﬁcante
2897 3351 3126 3418 Spiritu.
3162 3353 3298 3421 Ergo
3326 3358 3376 3408 lii
3404 3373 3543 3426 quo-

1969 3451 2074 3505 que
2098 3439 2414 3502 suntatlici;
2448 3438 2536 3490 sed
2560 3452 2680 3491 cum
2705 3454 2810 3493 non
2834 3441 3015 3494 colant
3039 3442 3214 3511 ignem
3241 3448 3321 3499 vel
3346 3448 3537 3516 solem,

1979 3543 2157 3596 neque
2214 3528 2392 3581 dicant
2443 3531 2573 3583 deos
2631 3545 2752 3585 esse
2805 3533 3100 3600 daemones,
3169 3536 3290 3590 ideo
3343 3541 3539 3595 minori

1974 3620 2176 3673 malitia
2210 3621 2553 3673 horrescunt.

2037 3712 2294 3766 Clericus.
2335 3713 2527 3766 Verum
2556 3715 2778 3780 abistis,
2818 3716 3038 3785 quinam
3076 3732 3106 3772 e
3148 3721 3362 3776 caeteris
3411 3734 3540 3778 sunt

1963 3804 2175 3874 pejores
2202 3805 2253 3856 in
2311 3805 2626 3873 impietate?

2560 3918 2788 3973 CAPUT
2814 3921 2908 3976 XI.

1967 4030 2164 4084 Contra
2220 4028 2482 4106 Simonem
2535 4050 2762 4106 magum.
2804 4035 3063 4089 Monetam
3103 4048 3152 4090 et
3201 4042 3416 4106 similes,
3449 4062 3545 4099 nec

2076 4117 2175 4152 non
2214 4112 2394 4154 contra
2426 4103 2611 4168 impio;
2637 4103 2934 4173 Bogomilos
2963 4108 3066 4159 sive
3083 4103 3408 4178 Cudugeros.

2033 4251 2302 4320 Pontifex.
2331 4252 2412 4319 Ab
2440 4253 2557 4306 istis
2579 4254 2790 4323 pejores
2833 4257 2899 4309 ab
2936 4259 3092 4312 initio
3125 4261 3356 4317 luereses
3410 4276 3537 4320 sunt

1959 4343 2063 4397 illa:
2091 4358 2212 4412 quae
2249 4343 2527 4396 Christum
2563 4347 2781 4412 quidem
2819 4362 3167 4417 acceperunt,
3204 4370 3308 4406 non
3354 4369 3534 4411 autem

1960 4443 2105 4489 recte
2133 4450 2312 4502 neque
2366 4435 2508 4488 sicut
2563 4436 2861 4503 apostolica
2929 4439 3150 4493 tradidit
3202 4446 3534 4511 pratdicalio,

288 4539 474 4590 ρυγμα
505 4539 518 4552 ·
558 4525 692 4578 α).λά
729 4528 823 4579 καὶ
875 4529 1004 4597 περὶ
1046 4530 1148 4600 τῆς
1193 4533 1492 4602 ἐμφανείας
1555 4537 1722 4590 αὑτοῦ
1764 4539 1857 4591 καὶ
1885 4531 1935 4591 D

1885 4531 1935 4591 D
1964 4529 2054 4582 sed
2079 4528 2146 4582 de
2173 4528 2618 4584 manifestatione
2649 4530 2770 4598 ejus
2802 4543 2854 4586 et
2884 4534 3253 4590 incarnatione
3294 4540 3535 4596 diversas

287 4613 622 4683 σαρκώσεως
651 4617 946 4687 διαφόρους
977 4621 1228 4687 ἐδέξαντο
1265 4626 1445 4690 δὸξις.
1493 4629 1613 4681 Ἔτι
1661 4630 1718 4682 δὲ
1760 4632 1854 4683 καὶ

284 4705 376 4755 τὸν
408 4707 537 4774 περὶ
569 4708 668 4776 τῆς
693 4709 854 4776 ἀγίας
881 4711 1111 4780 Τριάδος
1157 4714 1318 4784 ὀρθὸν
1359 4717 1634 4787 ἠθέτησαν
1671 4721 1852 4788 λόγον.

285 4797 349 4848 Οἱ
372 4797 540 4849 δὲκαὶ
569 4798 963 4874 Παρακλήτους
989 4805 1218 4864 ἑαυτοὺς
1245 4809 1591 4862 ἀπεκαλεσαν
1619 4811 1854 4874 ἀσεϐῶς,

284 4888 380 4937 καὶ
404 4886 637 4955 δύναμιν
661 4889 822 4956 Θεοῦ,
872 4891 949 4954 ώς
1001 4894 1186 4964 Σίμων
1215 4897 1244 4946 ό
1289 4897 1483 4966 μάγος,
1518 4899 1731 4952 διώκων
1763 4902 1855 4953 τὸν

287 4977 461 5045 μέγαν
493 4979 717 5048 Σίμωνα
772 4983 999 5052 Πέτρον,
1034 4987 1129 5037 καὶ
1180 4987 1373 5057 Μάνης
1413 5008 1495 5052 τις
1544 4991 1846 5063 ἀλιτήριος,

283 5071 334 5121 οἳ
367 5074 611 5139 χείρονες
650 5075 878 5127 καὶτῶν
927 5076 1109 5130 ἀθέων
1162 5080 1323 5135 είσίν.
1358 5083 1480 5136 Ἐτι
1533 5083 1588 5136 δὲ
1644 5085 1852 5153 Κήριν-

283 5156 373 5218 05,-
406 5176 490 5221 τις
524 5161 617 5213 καὶ
653 5162 1063 5237 Καρποκράτης
1090 5168 1140 5220 οί
1187 5171 1398 5239 μιαροὶ,
1457 5173 1693 5227 ἐναντίοι
1740 5179 1854 5240 τοῖς

282 5250 610 5314 ἀποστόλοις
662 5254 903 5323 Χριστοῦ
936 5272 949 5286 ⁸
979 5262 1075 5310 καὶ
1100 5259 1345 5314 πλεῖστοι
1380 5263 1531 5316 ἄλλοι
1560 5265 1657 5333 τῆς
1713 5268 1853 5338 ἀλη-

283 5340 435 5404 θείας
492 5343 700 5411 έχθροὶ,
733 5345 928 5409 οἵτινες
951 5350 1045 5400 καὶ
1068 5351 1242 5413 ἀθέως
1285 5353 1378 5405 δύο
1411 5355 1582 5423 ἀρχὰς
1614 5357 1853 5425 ἐδογμά-

281 5434 451 5496 τιζον.
490 5435 576 5499 Ἐξ
602 5433 679 5492 ὧν
711 5439 802 5490 καὶ
834 5439 928 5492 νῦν
961 5443 1103 5495 είσιν
1133 5444 1182 5495 oi
1219 5445 1539 5514 Βογόμυλοι,
1567 5449 1854 5518 ἀνθρώπια

280 5524 545 5595 δυσσεϐῆ,
576 5529 750 5582 οἱκαὶ
797 5531 1163 5604 Κουδούγεροι
1211 5537 1562 5606 καλούμενοι.
1620 5541 1713 5593 Διὸ
1759 5543 1856 5596 καὶ

285 5614 430 5683 ὑμᾶς
455 5622 582 5687 περὶ
614 5620 790 5674 αὐτῶν
820 5623 1034 5696 ἀνάγκη
1092 5626 1309 5694 μαθεῖν,
1366 5629 1440 5692 ώς
1474 5634 1564 5682 καὶ
1623 5632 1850 5700 πλησίον

281 5707 453 5762 ὅντων
486 5714 548 5780 τῇ
583 5717 857 5785 κατοικία.
886 5717 980 5772 Ἐν
1028 5719 1198 5790 πολλῇ
1253 5722 1362 5790 γὰρ
1407 5723 1698 5792 ὑποκρίσει
1754 5725 1852 5777 καὶ

283 5801 362 5870 τῷ
391 5804 788 5876 προσεύχεσθαι
815 5809 1264 5882 σχηματίζονται,
1296 5814 1392 5868 καὶ
1423 5815 1482 5868 τὸ
1512 5815 1848 5886 Εὑαγγέλιον

1960 4629 2257 4675 tenuerunt
2283 4623 2590 4691 opiniones,
2627 4631 2681 4676 ct
2714 4624 2936 4692 insuper
2967 4637 3172 4680 reetnm
3231 4631 3300 4686 de
3349 4646 3535 4688 sancta

1958 4712 2223 4778 Trinitate
2256 4729 2561 4768 sermonem
2596 4716 2920 4784 rejecerunt.
2947 4718 3046 4784 Qui
3083 4720 3244 4788 impie
3271 4728 3530 4793 semetip-

1955 4819 2047 4860 sos
2077 4813 2407 4858 vocaverunt
2437 4806 2742 4872 paracletos
2775 4818 2830 4860 et
2869 4807 2960 4862 Dei
3021 4810 3298 4877 virtutem,
3337 4823 3396 4868 ut
3445 4815 3531 4869 Si-

1955 4912 2082 4951 mon
2125 4911 2314 4966 magus
2352 4896 2444 4965 qui
2472 4912 2726 4965 magnum
2767 4899 3042 4954 Simonem
3088 4902 3303 4956 l'etrum
3354 4921 3538 4974 perse-

1956 4991 2244 5059 quebatur,
2284 4999 2336 5043 et
2366 4989 2551 5043 Manes
2585 5007 2839 5057 nequam,
2877 4998 2968 5064 qui
3019 4998 3153 5063 ipsis
3219 5000 3395 5053 atlieis
3446 5017 3536 5068 pe-

1949 5081 2100 5150 jorcs
2131 5089 2281 5145 sunt,
2309 5081 2529 5149 insuper
2566 5081 2861 5138 Cerintlins
2905 5097 2958 5140 ct
3000 5087 3360 5157 Carpocrutes
3397 5138 3404 5144 .
3435 5095 3535 5148 im-

1959 5175 2165 5240 mundi,
2196 5175 2289 5244 qui
2319 5175 2527 5229 Cbristi
2565 5178 2827 5244 apostolis
2852 5180 3307 5249 adversabantur,
3333 5186 3539 5254 aliique

1957 5266 2452 5334 plurivaeri‘tatis
2487 5268 2688 5320 inimici
2725 5272 2815 5336 qui
2860 5273 3065 5324 nefarie
3093 5275 3198 5326 duo
3251 5279 3530 5346 principia

1957 5367 2219 5426 ponentes
2267 5355 2404 5411 falso
2432 5359 2889 5426 dogmatizabant.
2931 5361 3002 5414 Ex
3036 5365 3234 5430 quibus
3267 5383 3410 5421 nunc
3435 5371 3536 5423 ad-

1960 5447 2065 5500 L'uc
2102 5455 2230 5500 sunt
2266 5446 2548 5515 Bogomili,
2598 5450 2898 5519 irreligioso
2945 5455 3259 5520 tnul.itudo,
3311 5461 3409 5526 qui
3477 5469 3534 5514 et

1956 5537 2224 5607 Cudogeri
2282 5539 2639 5608 appellantur.
2669 5540 2964 5611 Propterea
3023 5561 3245 5602 necesse
3301 5560 3383 5604 est
3435 5565 3539 5605 vos

1958 5632 2024 5682 de
2061 5631 2191 5698 ipsis
2223 5631 2429 5694 doceri,
2455 5648 2577 5685 cum
2607 5648 2711 5686 non
2745 5637 2980 5702 procula
3011 5639 3162 5692 vobis
3209 5652 3531 5708 morentur;

1959 5738 2084 5776 nam
2113 5725 2457 5780 simulatione
2497 5726 2662 5782 multa
2720 5731 2927 5797 lingunt
2985 5747 3044 5784 se
3107 5731 3411 5801 deprecari,
3475 5745 3532 5788 et

1961 5816 2309 5887 Evangelium
2344 5817 2562 5889 quidem
2591 5834 2649 5878 se
2693 5823 2824 5879 tueri
2845 5818 3286 5896 sitnulant'atque
3307 5835 3528 5897 aposto-
