4216 6432
681 475 749 537 57
1538 466 1920 526 SHIEONIS
1945 467 2700 529 THESSALONICENSIS
2740 465 3099 528 ARCHIEP.
3876 459 3950 523 68

682 583 858 636 lorum
887 575 1143 647 epistolas
1171 583 1224 628 ct
1271 576 1458 636 Actus,
1487 574 1579 626 sed
1638 584 1832 642 praeter
1890 575 1991 628 ista
2042 585 2265 627 cmteras
2297 586 2340 638 Α

2297 586 2340 638 Α
2374 575 2472 645 μὲν
2497 576 2880 645 ὑποκρίνονται
2934 574 3207 642 στέργειν,
3268 571 3360 623 καὶ
3413 569 3509 632 τὰς
3560 569 3667 622 τῶν
3701 569 3946 623 ἀποστό-

684 685 910 743 prorsns
934 666 1185 735 rejiciunt
1211 665 1543 731 Scripturas,
1573 681 1674 717 nec
1694 667 1992 735 quidquam
2027 679 2256 732 evange-

687 764 912 816 licorum
939 768 992 811 et
1017 757 1442 825 apostolicorum
1464 755 1690 821 faciunt,
1714 756 1807 810 sed
1836 757 2013 824 potius
2047 763 2260 808 contra-

687 852 764 906 ria
799 849 1167 913 committunt,
1199 849 1397 916 quippe
1435 848 1502 900 ab
1523 847 1840 900 adversario
1861 846 1967 897 acti
1994 845 2256 898 omnibus

689 942 900 996 Domini
932 940 1132 1002 verbis,
1187 939 1444 1006 Operibus
1497 948 1553 990 et
1615 936 2002 991 traditionibus
2065 936 2261 987 adver-

687 1021 900 1088 santur.
934 1034 1127 1086 Verniu
1163 1033 1341 1100 potius
1374 1031 1600 1083 student
1637 1037 1748 1082 toto
1779 1030 1942 1082 corde
1976 1026 2262 1094 cogitatio-

687 1125 849 1178 nibus
902 1123 1264 1192 operibusque
1317 1121 1552 1187 partium
1633 1118 1975 1178 Antichristi,
2039 1116 2264 1186 quibus-

686 1219 809 1272 dam
844 1216 1117 1269 furoribus
1146 1222 1402 1280 aguntur,
1437 1226 1627 1280 preces
1656 1213 1708 1263 in
1743 1220 1957 1265 secreto
2009 1210 2263 1262 lascivos-

687 1323 790 1376 que
822 1319 1014 1360 cantus
1050 1305 1266 1370 aliaque
1297 1303 1461 1370 impia
1495 1311 1548 1354 et
1583 1300 1760 1369 turpia
1791 1309 1955 1368 atque
2015 1301 2258 1350 immun-

687 1401 913 1454 dissima
979 1403 1316 1464 operantur,
1367 1409 1489 1462 quae
1544 1409 1650 1446 non
1707 1393 1789 1446 las
1849 1400 1933 1446 est
1983 1392 2264 1458 scriptura:

689 1493 1053 1546 committere.
1086 1487 1351 1556 chicinut
1376 1487 1541 1538 etiam
1575 1499 1696 1537 eum
1736 1484 1838 1536 ﬁde
1854 1483 2034 1535 omnia
2060 1481 2262 1535 Christi

691 1579 1107 1652 mysteria,etin
1133 1593 1196 1630 ca
1213 1583 1472 1630 evomunt
1496 1573 1884 1641 blasphemias,
1905 1573 1958 1624 in
1986 1572 2260 1625 divinissi-

691 1689 839 1727 mum
868 1672 1162 1738 baptisma.
1192 1682 1404 1722 sacram
1433 1665 1896 1725 communionem,
1933 1662 2262 1716 crueisado-

691 1764 874 1819 lauda:
906 1763 1122 1830 signqu
1149 1798 1166 1824 ,
1193 1773 1381 1811 sacras
1416 1757 1702 1825 imagines,
1766 1754 1962 1822 templa
2017 1764 2268 1822 angusta,

692 1861 903 1914 divinas
933 1858 1064 1926 legis
1095 1864 1150 1908 et
1182 1853 1570 1923 prophetarum
1608 1849 1939 1919 Scripturas,
1961 1850 2271 1916 jttslosom-

2367 665 2476 720 λων
2499 667 2552 719 δὲ
2580 666 2867 728 ἐπιστολάς
2904 682 2961 717 τε
2993 667 3087 718 καὶ
3116 664 3372 731 ῐιραξεις.
3434 662 3580 732 Πλὴν
3631 663 3723 714 καὶ
3773 661 3948 722 αὑτὰς

2368 756 2463 810 καὶ
2502 757 2602 820 τὰς
2631 757 2795 820 ἄλλας
2829 755 3080 821 καθάπαξ
3105 753 3359 808 ἀθετοῦσι
3392 755 3634 822 Γραςάς.
3689 754 3798 805 Kal.
3854 754 3950 805 οὖ-

2365 851 2452 902 δὲν
2503 850 2552 901 οἱ
2604 849 2756 902 ἄθεοι
2823 846 3109 918 ἐνεργοῦσι
3156 846 3266 898 τῶν
3317 846 3699 914 εὐαγγελικῶν
3737 861 3793 898 τε
3852 831 3949 896 καὶ

2367 942 2769 1004 ἀποστολικῶν,
2833 941 2972 995 ἀλλὰ
3021 938 3279 993 τάναντία
3328 938 3552 1008 μᾶλλον,
3608 940 3668 990 hx.
3705 937 3804 1006 τῆς
3846 938 3949 989 τοῦ

2367 1033 2614 1085 ἐναντίου
2675 1032 2946 1102 κινήσεως
3035 1028 3442 1096 ἐναντιούμενοι
3501 1030 3634 1080 πᾶσι
3681 1029 3796 1088 τοῖς
3849 1025 3947 1078 τοῦ

2367 1127 2577 1194 Κυρίου
2606 1125 2790 1192 λόγοις
2823 1126 2920 1176 καὶ
2953 1123 3136 1192 ἔργοις
3173 1121 3268 1174 καὶ
3298 1120 3650 1190 παραδόσεσι.
3712 1117 3948 1171 Τελοῦσι

2368 1216 2423 1268 δὲ
2459 1217 2660 1284 μᾶλλον
2691 1212 3006 1282 ὁλοσχερῶς
3038 1214 3270 1274 ἐννοίαις
3296 1229 3354 1265 τε
3387 1211 3480 1262 καὶ
3515 1210 3697 1280 ἔργοις
3726 1209 3823 1278 τῆς
3849 1208 3947 1260 τοῦ

2383 1306 2758 1376 Ἀιτιχρίστου
2826 1306 3068 1376 μερίδος,
3135 1301 3567 1368 ἐνθουσιασμούς
3633 1318 3784 1361 τινας
3850 1300 3949 1351 καὶ

2373 1398 2681 1468 προσευχὰς
2716 1399 2772 1449 ὲν
2803 1395 3031 1466 κρυπτῷ
3068 1395 3159 1446 καὶ
3193 1395 3404 1462 ἐπῳδὰς
3436 1391 3659 1459 μιαρὰς,
3681 1393 3775 1444 καὶ
3809 1391 3946 1442 ἄ>.)α

2369 1489 2502 1542 ἄθεα
2536 1489 2880 1559 ἐνεργοῦντες
2909 1488 3000 1540 καὶ
3033 1487 3196 1554 ἐναγῆ
3234 1488 3329 1536 καὶ
3368 1482 3722 1550 παμϐἐὸηλα,
3787 1483 3948 1534 ὅτινα

2369 1582 2490 1634 οὐδὲ
2519 1582 2742 1652 θεμιτὸν
2773 1584 2960 1650 γραφῇ
2996 1577 3355 1646 παραδοῦναι.
3402 1575 3683 1628 Ἀθετοῦσι
3739 1575 3794 1627 δὲ
3848 1575 3949 1627 σὺν

2371 1675 2436 1743 τῇ
2463 1673 2645 1725 πίστει
2671 1673 2765 1725 καὶ
2793 1673 2971 1725 πάντα
3013 1670 3105 1723 τοῦ
3141 1669 3380 1738 Χριστοῦ
3427 1667 3496 1719 τὰ
3520 1667 3814 1735 μυστήρια.
3852 1664 3950 1718 καὶ

2372 1766 2452 1827 είς
2483 1765 2625 1817 αὺτά
2663 1762 3100 1834 βλασφημοῦσιν,
3131 1763 3210 1821 εἷς
3250 1777 3308 1811 τε
3337 1760 3396 1810 τὸ
3433 1758 3711 1810 θειότατον
3747 1755 3950 1825 βάπτι-

2370 1872 2484 1924 σμα
2539 1853 2638 1907 καὶ
2680 1855 2778 1923 τὴν
2819 1854 2968 1924 ἱερὰν
3013 1851 3328 1916 κοινωνίαν,
3358 1850 3453 1901 καὶ
3479 1849 3565 1901 τὸν
3625 1847 3796 1899 τύπον
3850 1846 3947 1898 τοῦ

694 1969 790 2008 nes
823 1960 877 2005 et
904 1960 1189 2020 martyres,
1216 1943 1574 2000 biera‘rchiam
1604 1953 1656 1996 et
1676 1951 1912 2003 sanctos,
1949 1955 2054 1992 uno
2079 1939 2264 2002 verbo,
2300 1929 2342 1981 Β

2300 1929 2342 1981 Β
2371 1945 2552 2015 τιμίου
2585 1946 2848 2015 σταυροῦ,
2874 1944 2970 2004 τὰς
3007 1944 3157 2013 ἱεράς
3185 1960 3245 1995 τε
3292 1942 3530 2004 εἰκόνας,
3569 1941 3698 2002 τοὺς
3782 1939 3949 1991 σεϐα-

695 2046 750 2098 in
781 2043 964 2096 omnia
993 2055 1112 2109 qua:
1138 2047 1322 2092 sancta
1345 2046 1496 2101 sunt,
1526 2033 1823 2088 secundum
1866 2031 2033 2086 Satan
2056 2040 2271 2098 aposta-

693 2147 803 2192 tam
827 2144 880 2187 et
911 2134 1209 2195 dreuiones,
1239 2129 1438 2197 quibus
1474 2126 1683 2180 incitati
1726 2125 1903 2180 solum
1960 2124 2017 2177 in
2072 2115 2270 2176 Trini-

695 2237 804 2281 tate
830 2226 1020 2286 Deum,
1055 2223 1325 2291 Verbiqne
1356 2219 1790 2272 Incarnationem
1826 2226 1880 2271 et
1911 2215 2096 2270 omnia
2148 2227 2272 2284 qua:

696 2320 792 2376 Dei
827 2325 954 2373 sunt
976 2316 1206 2384 turpiter
1243 2313 1640 2382 blasphemant.
1692 2307 1818 2363 lla‘e
1881 2318 2063 2362 autem
2116 2307 2274 2360 nobis

700 2410 922 2478 tradidit
950 2407 1197 2464 Salvator
1226 2413 1414 2459 noster
1474 2402 1566 2470 qui
1618 2399 1990 2470 apostolorum
2045 2412 2271 2452 suorum

700 2504 960 2574 operibus
998 2509 1052 2554 et
1077 2497 1423 2553 sermonibus
1457 2493 1705 2549 divinum
1745 2493 2013 2559 baptisma
2042 2489 2274 2544 commi-

701 2599 794 2661 sit,
817 2594 1262 2661 tremendamqne
1281 2588 1524 2657 corporis
1548 2599 1597 2641 et
1617 2585 1902 2656 sanguinis
1923 2585 2007 2637 sui
2033 2598 2276 2634 commu-

704 2690 921 2743 nionem
945 2697 1276 2752 sacrumque
1305 2679 1692 2742 ministerium,
1717 2687 1770 2729 et
1807 2685 2000 2729 extera
2033 2675 2152 2742 ejus
2197 2674 2274 2726 di-

706 2780 831 2832 vina
859 2773 1140 2846 mysteria.
1199 2773 1321 2840 Ipse
1363 2771 1529 2825 etiam
1595 2785 1697 2823 nos
1746 2767 2092 2820 orationem:
2122 2763 2280 2816 Pater

707 2879 902 2932 noster,
935 2866 1182 2935 aliasque
1209 2864 1399 2918 docuit
1437 2877 1628 2932 preces
1653 2860 1854 2928 quibus
1891 2859 2004 2923 ipse
2063 2855 2277 2909 Patrem

707 2959 1123 3030 deprecabatur.
1155 2956 1424 3009 Debemus
1448 2952 1614 3006 etiam
1649 2951 1820 3020 legem
1883 2957 1938 3002 et
1989 2947 2279 3016 prophetas

705 3055 952 3121 accipere
980 3064 1101 3118 qua:
1153 3049 1274 3116 ejus
1325 3046 1495 3114 gratia
1545 3043 1823 3112 praemissa
1880 3049 2026 3094 sunt.
2089 3038 2279 3089 Divina

705 3155 922 3210 quoque
957 3151 1284 3192 veneremur
1312 3134 1510 3202 templa
1550 3149 1565 3197 ;
1599 3132 1698 3184 hoc
1724 3129 1867 3182 enim
1898 3127 2056 3181 nobis
2092 3134 2278 3210 esten.—

709 3235 790 3288 dit
828 3249 891 3285 ex
923 3232 1016 3285 illo
1045 3227 1245 3296 templo
1284 3234 1487 3288 vetere,
1521 3222 1577 3276 in
1618 3236 1729 3290 quo
1757 3219 1962 3272 nefarie
1991 3198 2282 3270 vendente's

2376 2038 2568 2106 σμίους
2616 2037 2800 2099 ναοὺς,
2825 2038 2922 2098 τὰς
2954 2037 3101 2095 θείας
3125 2033 3219 2086 τοῦ
3256 2033 3420 2101 νόμου
3453 2034 3547 2086 καὶ
3586 2034 3700 2088 τῶν
3734 2049 3951 2103 προφη-

2373 2133 2480 2184 τῶν
2504 2132 2744 2201 Γραφὰς,
2773 2134 2900 2195 τοὺς
2931 2133 3178 2195 δικαίους
3213 2133 3426 2196 πάντας
3475 2132 3570 2186 καὶ
3631 2131 3941 2201 μάρτυρας,

2377 2226 2640 2294 ίεράρχας
2673 2241 2732 2278 τε
2765 2225 2860 2278 xal.
2890 2225 3070 2288 ὁσίους
3094 2241 3108 2256 ·
3141 2227 3236 2279 καὶ
3287 2225 3480 2287 ἁπλῶς
3525 2225 3605 2286 είς
3657 2225 3838 2276 πάντα
3879 2225 3950 2276 τὰ

2375 2318 2528 2384 ἅγια,
2565 2319 2705 2371 κατά
2736 2320 2827 2371 τὸν
2877 2322 3194 2390 ἀποστάτην
3233 2321 3411 2373 sum
3459 2321 3554 2373 καὶ
3599 2321 3726 2382 τοὺς
3755 2319 3949 2388 δαίμο-

2377 2429 2494 2474 νας,
2531 2413 2595 2480 τῇ
2646 2412 2836 2465 τούτου
2891 2413 3106 2481 κινήσει
3141 2413 3220 2474 εἰς
3295 2411 3387 2464 τὸν
3435 2411 3493 2464 ιν
3533 2411 3724 2480 Τριάδι
3785 2410 3952 2479 μόνον

2377 2503 2528 2563 Θεὶν,
2567 2504 2661 2556 καὶ
2707 2501 2800 2555 τοῦ
2841 2504 3015 2570 Λόγου
3061 2503 3159 2572 τὴν
3225 2503 3524 2571 σάρκωσιν,
3590 2501 3685 2554 καὶ
3738 2500 3808 2554 τὰ
3853 2499 3950 2554 τοῦ

2377 2593 2514 2646 Θεοῦ
2580 2597 2758 2648 πάντα
2804 2594 2911 2646 sla!
2972 2594 3424 2664 βλασφημοῦντες
3472 2593 3521 2646 ol.
3570 2593 3798 2662 μιαροίο
3853 2594 3953 2644 καὶ

2377 2683 2551 2737 ταῦτα
2578 2685 2670 2737 τοῦ
2697 2687 2950 2755 Σωτῆρος
2981 2686 3161 2755 ἡμῶν,
3195 2687 3290 2738 καὶ
3348 2686 3457 2738 τῶν
3511 2687 3825 2739 ἀποστόλων
3855 2686 3952 2736 αὖ-

2379 2775 2472 2826 τοῦ
2505 2776 2946 2843 παραδεδωκότος
2978 2777 3158 2846 ἔργοις
3218 2778 3314 2830 καὶ
3344 2777 3524 2843 λόγοις
3553 2777 3613 2829 τὸ
3657 2776 3804 2828 θεῖον
3852 2775 3953 2844 βά-

2383 2885 2631 2936 τιτισμα,
2660 2870 2754 2921 καὶ
2817 2871 2914 2934 τὴν
2948 2872 3181 2940 φρικτὴν
3227 2870 3316 2921 τοῦ
3350 2870 3596 2939 σώματος
3660 2868 3825 2922 αὐτοῦ
3859 2868 3953 2920 καὶ

2381 2960 2610 3026 αἵματος
2641 2961 2924 3013 κοινωνίαν
2953 2979 3009 3012 τε
3043 2965 3134 3013 καὶ
3163 2962 3503 3030 ἱερουργίαν,
3549 2963 3646 3013 καὶ
3675 2961 3743 3013 τὰ
3785 2959 3950 3011 λοιπὰ

2381 3051 2571 3104 τούτου
2625 3053 2742 3104 θεῖα
2797 3055 3106 3122 μυστήρια·
3172 3055 3266 3104 καὶ
3325 3053 3406 3104 ἔτι
3475 3055 3535 3105 οὐ
3593 3054 3692 3116 τὸ,
3759 3052 3954 3118 Πάτερ

2383 3141 2572 3208 ἡμῶν,
2630 3143 2812 3209 μόνον,
2846 3143 2978 3194 ἀλλὰ
3037 3143 3128 3195 καὶ
3168 3143 3357 3211 ἐτέρας
3394 3143 3723 3210 προσευχὰς,
3779 3141 3846 3194 δι’
3878 3136 3954 3192 ὢν

2387 3234 2482 3286 καὶ
2548 3233 2712 3295 αὐτὸς
2776 3233 2911 3301 πρὸς
2978 3233 3069 3285 τὸν
3145 3233 3362 3301 Πατέρα
3423 3234 3801 3301 προσηύχετοο
3857 3231 3956 3283 καὶ

709 3321 1160 3393 ﬂagelloexpulit,
1183 3317 1326 3385 quod
1350 3314 1617 3368 orationis
1639 3312 1886 3372 domum,
1905 3308 2094 3374 suique
2109 3306 2286 3358 Patris
2311 3283 2353 3341 (ἶ

2311 3283 2353 3341 C
2387 3323 2446 3374 τὸ
2499 3283 2857 3392 ἀποδέχεσθαι
2886 3283 2952 3376 τὰ
2985 3322 3079 3376 τοῦ
3142 3283 3309 3392 νόμου
3343 3340 3399 3375 τε
3740 3338 3956 3389 προφη·

709 3417 929 3469 domntn
966 3409 1276 3479 appellavit.
1314 3425 1332 3457 ι
1364 3406 1429 3459 Et
1461 3421 1568 3457 non
1599 3405 1837 3462 sinebat,
1863 3403 1939 3452 ait
1963 3397 2197 3460 Murcus,
2228 3405 2286 3446 ιιι

711 3499 1447 3574 quisquamtransferretvas
1474 3510 1568 3564 per
1593 3493 1875 3560 templum,
1919 3490 2154 3556 aquibus
2188 3502 2285 3539 nos

712 3597 901 3653 docuit
927 3593 1329 3646 venerationem
1353 3587 1551 3640 divinis
1569 3584 1785 3652 templis
1800 3582 2061 3634 debitam.
2094 3578 2286 3632 Crueis

715 3697 894 3743 autem
923 3685 1150 3753 ﬁgurant
1175 3685 1387 3750 s‘gnttnt
1419 3692 1578 3732 suum
1603 3676 1840 3736 vocavit,
1862 3683 1915 3726 et
1941 3684 2063 3725 ante
2090 3673 2289 3723 advrti-

717 3791 832 3834 tum
856 3794 1013 3831 suum
1042 3777 1396 3843 posteriorem
1419 3785 1538 3824 eam
1560 3766 1843 3821 videndam
1863 3781 1982 3819 esse
2005 3764 2243 3832 piae-dixit
2271 3778 2283 3812 :

723 3890 740 3922 ι
783 3869 954 3930 Tunc,
987 3867 1182 3933 inquit,
1227 3863 1509 3931 apparebit
1545 3860 1760 3928 signum
1799 3855 1921 3908 Filii
1964 3855 2195 3908 hominis
2235 3854 2284 3904 in

718 3963 878 4022 cmlo,
921 3978 939 4012 ι
978 3960 1028 4011 id
1065 3967 1148 4010 est
1191 3971 1348 4016 crux,
1377 3968 1540 4022 quam
1573 3949 1891 4018 imperatori
1925 3946 2286 4000 Constantino

720 4071 934 4110 sursum
960 4049 1216 4113 ostenlit,
1244 4056 1297 4100 et
1351 4047 1431 4100 sie
1473 4060 1598 4098 eum
1648 4042 1713 4095 ad
1757 4041 1915 4094 fidem
1941 4054 2093 4093 suam
2131 4038 2287 4106 quasi

722 4161 885 4200 manu
923 4142 1195 4213 perduxit,
1223 4153 1388 4207 quam
1421 4137 1585 4190 etiam
1610 4149 1772 4202 supra
1796 4131 2208 4187 Constantinum
2237 4130 2286 4180 in

723 4237 900 4291 inedia
968 4234 1054 4286 die
1110 4229 1449 4283 monstravit.
1510 4226 1568 4279 In
1630 4226 1729 4277 hac
1780 4238 1941 4287 crure
1989 4231 2040 4274 et
2090 4220 2289 4272 Paulus

721 4328 1002 4398 gleiintur,
1059 4336 1358 4388 ontnesque
1419 4318 1593 4372 sancti
1659 4317 1750 4385 qui
1801 4331 1908 4368 non
1974 4315 2290 4382 spiritaaiter

721 4429 953 4482 tantum,
979 4417 1068 4470 sed
1099 4424 1152 4467 et
1195 4413 1484 4467 visibiliter
1525 4424 1645 4463 eam
1688 4409 1980 4460 coluerunt
2001 4414 2053 4457 et
2085 4404 2291 4472 ample-

721 4512 831 4568 xati
862 4519 1008 4564 sunt.
1050 4506 1274 4576 Ipseque
1303 4503 1497 4556 Petrus
1534 4501 1679 4553 illam
1725 4498 1858 4567 pati,
1911 4497 1961 4549 id
1990 4505 2094 4560 est,
2140 4494 2285 4548 cruci

2389 3415 2518 3478 τῶν,
2569 3417 2727 3485 χάριν
2787 3416 2950 3468 αὑτοῦ
3009 3417 3487 3484 προαγορενθέντα
3551 3416 3640 3467 καὶ
3691 3414 3752 3464 τδ
3807 3414 3960 3465 σέϐε-

2392 3506 2515 3558 σθαι
2541 3506 2598 3557 δὲ
2626 3508 2748 3568 τοὺς
2780 3508 2958 3568 θείους
3013 3509 3194 3568 ναοὺς,
3253 3506 3362 3558 ἀπὸ
3408 3504 3500 3556 τοῦ
3565 3503 3714 3572 ίεροῦ
3749 3504 3958 3555 ἐκείνου

2392 3597 2484 3648 τοῦ
2536 3597 2768 3649 παλαιοῦ
2800 3598 2957 3650 τοῦτο
2986 3598 3393 3660 ἀποδείξαντος,
3444 3595 3572 3647 ἔνθα
3607 3597 3732 3657 τοῦς
3767 3595 3961 3646 θεοκα-

2391 3689 2596 3753 πήλους
2627 3689 2869 3749 ἐκείνους
2930 3687 3175 3751 ὲξεδέωξε
3205 3688 3541 3755 φραγγεῖλῳ,
3591 3688 3684 3738 καὶ
3719 3702 3959 3752 προσευ-

2394 3781 2495 3850 χῆς
2528 3777 2696 3842 οἷκον,
2732 3781 2827 3833 καὶ
2868 3782 3077 3850 Πατρδς
3105 3779 3270 3832 αὑτοῦ
3304 3777 3452 3831 οἷκον
3477 3779 3666 3831 τοῦτον
3705 3779 3954 3831 ἐκάλεσε.

2399 3873 2506 3925 Καὶ
2531 3873 2629 3924 οὐκ
2672 3874 2825 3940 ἦψιε,
2853 3873 3038 3939 φησὶν,
3077 3873 3162 3924 ἴνα
3192 3888 3273 3932 τις
3307 3870 3498 3932 σκεῦος
3542 3868 3629 3920 διὰ
3682 3868 3774 3920 τοῦ
3809 3869 3959 3938 ἱεροῦ

2394 3964 2700 4034 είσενὲγκῃ,
2729 3963 2824 4030 τὴν
2858 3964 2990 4032 πρὸς
3030 3965 3153 4024 τοὺς
3184 3962 3356 4023 θείους
3409 3963 3567 4021 ναοὺς
3601 3962 3960 4030 ὀφειλομένην

2391 4053 2656 4106 διδάσκων
2694 4048 3001 4106 εὐλάϐειαν.
3031 4053 3138 4103 Kal.
3169 4051 3260 4102 τον
3285 4052 3452 4103 τύπον
3479 4050 3533 4101 δὲ
3574 4049 3667 4101 τοῦ
3720 4051 3958 4115 σταυροῦ

2395 4146 2619 4211 σημεῖον
2688 4141 2882 4194 ἑαυτοῦ
2931 4143 3188 4194 ἐκάλεσεν
3218 4143 3245 4193 ὁ
3307 4141 3521 4208 Σω;ὴρ,
3562 4139 3654 4191 καὶ
3713 4139 3820 4206 πρὸ
3859 4139 3961 4207 τῆς

2399 4235 2704 4303 παρουσίας
2725 4233 2890 4286 αὐτοῦ
2910 4234 3007 4300 τῆς
3029 4233 3287 4301 δευτέρας
3303 4235 3534 4299 φανῆναι
3555 4231 3959 4300 προηγόρευσε,

2393 4327 2514 4378 τότε
2545 4329 2871 4393 φανήσεται.
2909 4322 3100 4390 είπὼν,
3134 4325 3194 4378 τὸ
3241 4325 3466 4392 σημεῖον
3518 4322 3612 4375 τοῦ
3669 4321 3801 4375 Υίοῦ
3863 4322 3960 4374 τοῦ

2395 4416 2683 4485 ἀνθρώπου
2717 4418 2773 4466 ὲν
2825 4416 2901 4484 τῷ
2957 4415 3190 4484 οὐρανῷ,
3226 4420 3252 4467 ὸ
3307 4417 3536 4482 σταυρὸς
3595 4415 3859 4484 δηλονότι,
3904 4415 3963 4467 ὃν

2396 4511 2496 4563 καὶ
2548 4508 2624 4577 τῷ
2657 4509 3053 4578 Κωνσταντίνῳ
3099 4509 3308 4578 βασιλεῖ
3360 4508 3634 4574 ὑπέδειξεν
3689 4509 3821 4570 ἄνω,
3871 4509 3964 4560 καὶ

721 4601 863 4671 aﬂigi
889 4599 1162 4667 cupiebat,
1181 4594 1326 4663 quod
1346 4590 1643 4646 secundum
1665 4587 1965 4641 Salvatoris
1984 4584 2288 4653 praidictio-
2320 4625 2372 4682 υ

2320 4625 2372 4682 υ
2399 4599 2535 4668 πρὸς
2566 4599 2664 4664 τὴν
2686 4596 2851 4650 αὑτοῦ
2885 4599 3069 4650 πίστιν
3096 4597 3529 4668 ἐχειραγώγησε,
3565 4601 3656 4651 καὶ
3686 4600 3777 4650 ἐπὶ
3811 4600 3966 4650 Kon-

722 4709 843 4747 netn
871 4690 1128 4752 obtinuit,
1163 4701 1371 4740 necnon
1395 4683 1638 4736 Andreas
1658 4681 1774 4749 ejus
1790 4679 1975 4740 frater,
2007 4675 2296 4745 exterique

721 4798 912 4840 omnes
946 4779 1174 4850 apostoli
1209 4788 1263 4830 et
1296 4784 1560 4844 martyres
1583 4773 1676 4841 qui
1714 4772 1819 4825 hoc
1842 4771 2053 4840 signum
2095 4767 2296 4820 Christi

724 4875 960 4945 sigillum
1006 4871 1367 4940 appellabant.
1414 4865 1721 4919 Tremenda
1757 4877 1883 4916 vero
1930 4870 1983 4914 et
2018 4859 2297 4914 salutifera

722 4967 1094 5029 divinitusque
1114 4961 1234 5014 data
1253 4958 1506 5028 mysteria
1532 4954 1734 5008 Paulus
1755 4952 1977 5007 tradidit
1996 4967 2115 5020 qua:
2134 4954 2250 5020 ipse
2269 4965 2296 5003 a

725 5059 952 5114 Domino
979 5055 1207 5122 accepit.
1227 5051 1486 5104 Dominus
1519 5049 1682 5102 etiam
1709 5063 1812 5100 non
1839 5045 2179 5098 solummodo
2203 5059 2300 5098 nos

723 5167 881 5207 orare
909 5148 1090 5202 docuit
1114 5145 1372 5206 dicendo,
1394 5139 1556 5193 Pater
1582 5147 1777 5201 noster,
1801 5135 1894 5189 sed
1928 5147 1981 5189 et
2009 5134 2143 5186 alias
2165 5146 2301 5201 quas

726 5246 828 5314 ipsi
855 5243 1102 5297 dedecori
1126 5239 1345 5299 habent,
1383 5248 1570 5302 preces
1605 5231 1881 5290 indicavit,
1907 5227 2054 5280 verbi
2083 5225 2252 5294 gratia
2284 5241 2296 5276 :

733 5356 751 5388 ι
779 5334 940 5397 Deus,
961 5329 1227 5400 propitius
1252 5336 1369 5380 esto
1397 5324 1530 5378 mihi
1559 5319 1854 5391 peceatori,
1891 5337 1908 5368 ι
1932 5333 2041 5386 quo
2065 5316 2304 5369 salvatus

726 5437 811 5482 est
831 5425 1152 5480 Publicanns
1176 5439 1189 5486 ;
1214 5432 1300 5474 et:
1331 5437 1349 5470 ι
1379 5416 1603 5471 Peccavi
1623 5413 1890 5468 incozlum
1911 5421 1964 5465 et
1981 5423 2162 5464 coram
2187 5417 2297 5472 te;i

727 5530 782 5576 et
836 5520 1078 5573 salvatus
1116 5522 1198 5568 est
1230 5513 1372 5566 [ilius
1413 5509 1696 5580 prodigus,
1730 5507 1930 5576 quippe
1968 5504 2130 5572 hujus
2154 5491 2302 5554 verbi

729 5613 900 5684 gratia
938 5619 1221 5676 susceptus
1248 5612 1475 5672 estpost
1520 5599 1998 5656 conversionemet
2047 5593 2302 5647 reditum.

730 5705 797 5758 Et
831 5723 843 5756 :
871 5722 888 5755 ι
920 5701 1184 5755 Memento
1209 5699 1338 5761 mei,
1367 5696 1757 5759 Domine,cntn
1781 5689 1989 5745 veneris
2008 5690 2060 5741 iu
2081 5700 2304 5756 regnum

731 5807 903 5859 tuum,
931 5813 948 5845 ι
973 5805 1186 5862 pr0pter
1203 5789 1346 5860 quod
1367 5789 1505 5843 latro
1527 5786 1841 5858 paradisum
1867 5781 2094 5850 accepit.
2153 5778 2308 5834 Insu-

732 5904 827 5961 per
850 5896 1032 5959 petere
1055 5885 1313 5941 debemus
1336 5884 1389 5939 iti
1415 5882 1632 5937 nomine
1645 5880 1868 5942 Christi,
1894 5876 2034 5945 quod
2063 5874 2178 5943 ipse
2205 5871 2302 5926 do-

2403 4689 2680 4740 σταντίνου
2720 4689 2779 4739 ἐν
2813 4689 3027 4757 οὐρανῷ
3062 4691 3120 4740 ὲν
3167 4690 3306 4759 μέσῃ
3369 4689 3568 4750 ἔδειξεν
3626 4689 3830 4758 ἡμέρᾳ.
3877 4688 3968 4738 Ἐν

2402 4780 2578 4849 τούτῳ
2637 4780 2693 4831 δὲ
2724 4780 2800 4848 τῷ
2844 4780 3062 4850 σταυρῷ
3113 4781 3208 4832 καὶ
3272 4779 3480 4841 Παῦλος
3532 4781 3820 4849 καυχᾶται,
3873 4781 3968 4831 καὶ

2400 4874 2601 4932 πάντες
2633 4873 2798 4936 ᾰγιοι,
2825 4871 2885 4923 οὐ
2921 4870 3126 4938 νοητῶς
3150 4872 3336 4938 μόνον,
3372 4871 3508 4923 ἀλλά
3539 4873 3632 4923 καὶ
3684 4871 3964 4941 αἰσθητῶς

2400 4963 2564 5014 αὑτὸν
2585 4962 2853 5029 τιμῶντες
2885 4964 2976 5014 καὶ
3004 4963 3416 5032 ἀσπαζόμενοι⁹
3471 4965 3564 5014 καί
3609 4963 3812 5031 Πέτρος
3873 4963 3968 5014 αὺ-

2401 5053 2514 5116 τὸς,
2544 5051 2702 5104 τοῦτο
2729 5051 2964 5122 ζητήσας
2995 5053 3207 5116 παθεῖν,
3272 5055 3331 5105 τὸ
3366 5053 3772 5122 σταυρωθῆναι,
3803 5053 3830 5105 ὃ
3872 5056 3968 5105 καὶ

2405 5145 2560 5212 παρὰ
2586 5145 2678 5198 τοῦ
2734 5147 2981 5214 Σωτῆρος
3014 5145 3418 5216 προαγόρευσιν
3460 5148 3648 5213 εἴληφε
3678 5162 3693 5175 ο
3720 5148 3812 5198 καὶ
3847 5146 3970 5197 Ἀι-

2403 5237 2563 5307 δρέας
2614 5236 2859 5288 ὁτούτου
2917 5237 3164 5311 ἀδελφὸς,
3208 5238 3297 5289 καὶ
3355 5237 3592 5289 πλεῖστοι
3651 5237 3798 5289 ἄλὶοι
3863 5238 3973 5288 τῶν

2408 5329 2724 5380 ἀποστόλων
2751 5328 2845 5379 καὶ
2871 5329 3185 5396 μαρτύρων.
3239 5330 3350 5382 Kal.
3407 5328 3678 5398 σφραγῖδα
3731 5327 3973 5396 Χριστοῦ

2407 5419 2502 5471 καὶ
2535 5421 2756 5487 σημεῖον
2788 5419 2978 5471 τοῦτον
3033 5419 3341 5488 ὠνόμαζον.
3378 5420 3461 5472 Τὰ
3522 5421 3723 5489 φρικτὰ
3758 5419 3814 5470 δὲ
3877 5418 3976 5469 καὶ

2408 5509 2650 5576 σωτήρια
2713 5510 2803 5560 καὶ
2847 5508 3217 5574 θεοπαρὰδοτα
3281 5512 3556 5578 μυστήρια
3605 5511 3700 5562 καὶ
3759 5507 3977 5569 Παῦλος

2411 5602 2727 5670 παρέδωκεν
2760 5602 2920 5664 αὐτὸς
2948 5600 3124 5652 λασὼν
3149 5601 3256 5654 ἀπὸ
3286 5600 3380 5653 τοῦ
3411 5603 3638 5670 Κυρίου.
3684 5600 3742 5652 '0
3767 5599 3976 5668 Κύριος

2408 5695 2464 5746 δὲ
2513 5692 2586 5762 μὴ
2620 5693 2780 5760 μόνον
2805 5692 3205 5762 προσεύχεσθαι
3231 5694 3331 5762 τὴν
3367 5692 3483 5757 τοῦ,
3517 5711 3534 5742 ι
3569 5685 3750 5761 Πάτερ
3791 5692 3975 5760 ἡμῶν,

2408 5789 2435 5838 ὁ
2467 5787 2522 5836 ὲν
2545 5789 2653 5845 τοῖς
2680 5786 2947 5855 οὐρανοῖς,
2980 5804 2997 5836 ι
3025 5786 3305 5854 παρέδωκε
3333 5785 3437 5855 16
3481 5784 3812 5854 προσευχὴν,
3840 5784 3980 5836 ἀλλα

2414 5878 2504 5927 καὶ
2547 5875 2755 5942 ἐτέρας,
2804 5873 2866 5938 ἃς
2929 5875 3080 5928 αὑτοὶ
3143 5875 3535 5943 ἀτιμάζουσιν
3593 5873 3667 5935 ὡς
3722 5871 3808 5938 τδ,
3843 5889 3862 5924 ι
3918 5871 3980 5926 '0
