  <div class='ocr_page' id='page_1' title='image "/cluster/home/n/w/nwhite01/storage/ocr_20150623/155/nnc1.0022106758/040.png"; bbox 0 0 4216 6432; ppageno 0'>
   <div class='ocr_carea' id='block_1_1' title="bbox 276 385 386 448">
    <p class='ocr_par' dir='ltr' id='par_1_1' title="bbox 276 385 386 448">
     <span class='ocr_line' id='line_1_1' title="bbox 276 385 386 448; baseline -0.009 0"><span class='ocrx_word' id='word_1_1' title='bbox 276 385 386 448; x_wconf 53' lang='grc'><strong>69⁷</strong></span> 
     </span>
    </p>
   </div>
   <div class='ocr_carea' id='block_1_2' title="bbox 1330 385 3524 460">
    <p class='ocr_par' dir='ltr' id='par_1_2' title="bbox 1330 385 3524 460">
     <span class='ocr_line' id='line_1_2' title="bbox 1330 385 3524 460; baseline 0.005 -12"><span class='ocrx_word' id='word_1_2' title='bbox 1330 385 1712 448; x_wconf 82' lang='lat' dir='ltr'><strong>DIALOGUS</strong></span> <span class='ocrx_word' id='word_1_3' title='bbox 1742 385 2042 449; x_wconf 80' lang='lat' dir='ltr'><strong>CONTRA</strong></span> <span class='ocrx_word' id='word_1_4' title='bbox 2074 387 2465 451; x_wconf 46' lang='lat' dir='ltr'><strong>HtﬂllESES.</strong></span> <span class='ocrx_word' id='word_1_5' title='bbox 3454 402 3524 460; x_wconf 83' lang='lat'><strong>70</strong></span> 
     </span>
    </p>
   </div>
   <div class='ocr_carea' id='block_1_3' title="bbox 274 497 1939 587">
    <p class='ocr_par' dir='ltr' id='par_1_3' title="bbox 274 497 1915 570">
     <span class='ocr_line' id='line_1_3' title="bbox 274 497 1915 570; baseline 0.004 -22"><span class='ocrx_word' id='word_1_6' title='bbox 274 498 431 561; x_wconf 82' lang='grc' dir='ltr'><strong>Θεὸς,</strong></span> <span class='ocrx_word' id='word_1_7' title='bbox 466 498 714 567; x_wconf 81' lang='grc' dir='ltr'><strong>ίλάσθητί</strong></span> <span class='ocrx_word' id='word_1_8' title='bbox 746 515 837 567; x_wconf 89' lang='grc' dir='ltr'><strong>μοι</strong></span> <span class='ocrx_word' id='word_1_9' title='bbox 871 497 949 569; x_wconf 88' lang='grc' dir='ltr'>τῷ</span> <span class='ocrx_word' id='word_1_10' title='bbox 989 498 1320 570; x_wconf 80' lang='grc' dir='ltr'><strong>ἁμαρτωλῷ,</strong></span> <span class='ocrx_word' id='word_1_11' title='bbox 1372 520 1390 553; x_wconf 72' lang='grc' dir='ltr'><strong>ι</strong></span> <span class='ocrx_word' id='word_1_12' title='bbox 1420 501 1487 554; x_wconf 80' lang='grc' dir='ltr'><strong>δι’</strong></span> <span class='ocrx_word' id='word_1_13' title='bbox 1544 500 1605 553; x_wconf 82' lang='grc' dir='ltr'><strong>οὗ</strong></span> <span class='ocrx_word' id='word_1_14' title='bbox 1656 501 1840 570; x_wconf 77' lang='grc' dir='ltr'><strong>ἐσώθη</strong></span> <span class='ocrx_word' id='word_1_15' title='bbox 1872 510 1915 567; x_wconf 77' lang='grc' dir='ltr'><strong>Α</strong></span> 
     </span>
    </p>
   </div>
   <div class='ocr_carea' id='block_1_4' title="bbox 1860 497 3525 587">
    <p class='ocr_par' dir='ltr' id='par_1_4' title="bbox 1872 503 3525 578">
     <span class='ocr_line' id='line_1_4' title="bbox 1872 503 3525 578; baseline 0.005 -23"><span class='ocrx_word' id='word_1_16' title='bbox 1872 510 1915 567; x_wconf 77' lang='grc' dir='ltr'><strong>Α</strong></span> <span class='ocrx_word' id='word_1_17' title='bbox 1947 503 2061 557; x_wconf 99' lang='lat' dir='ltr'><strong>cuit</strong></span> <span class='ocrx_word' id='word_1_18' title='bbox 2083 504 2134 557; x_wconf 91' lang='lat' dir='ltr'><strong>in</strong></span> <span class='ocrx_word' id='word_1_19' title='bbox 2160 513 2273 559; x_wconf 90' lang='lat' dir='ltr'><strong>toto</strong></span> <span class='ocrx_word' id='word_1_20' title='bbox 2294 504 2589 574; x_wconf 82' lang='lat' dir='ltr'><strong>Evangelia</strong></span> <span class='ocrx_word' id='word_1_21' title='bbox 2615 522 2628 571; x_wconf 88' lang='lat'><strong>;</strong></span> <span class='ocrx_word' id='word_1_22' title='bbox 2654 521 2836 560; x_wconf 89' lang='lat' dir='ltr'><strong>verum</strong></span> <span class='ocrx_word' id='word_1_23' title='bbox 2858 518 3138 577; x_wconf 70' lang='lat' dir='ltr'><strong>precantes</strong></span> <span class='ocrx_word' id='word_1_24' title='bbox 3162 523 3284 564; x_wconf 90' lang='lat' dir='ltr'><strong>cum</strong></span> <span class='ocrx_word' id='word_1_25' title='bbox 3302 509 3401 562; x_wconf 69' lang='lat' dir='ltr'><strong>ﬁdo.</strong></span> <span class='ocrx_word' id='word_1_26' title='bbox 3436 527 3525 578; x_wconf 82' lang='lat' dir='ltr'><strong>pc-</strong></span> 
     </span>
    </p>
   </div>
   <div class='ocr_carea' id='block_1_5' title="bbox 273 589 1840 663">
    <p class='ocr_par' dir='ltr' id='par_1_5' title="bbox 273 589 1840 663">
     <span class='ocr_line' id='line_1_5' title="bbox 273 589 1840 663; baseline 0.003 -23"><span class='ocrx_word' id='word_1_27' title='bbox 273 589 513 655; x_wconf 85' lang='grc' dir='ltr'><strong>τελὼνης</strong></span> <span class='ocrx_word' id='word_1_28' title='bbox 537 606 552 621; x_wconf 80' lang='grc' dir='ltr'><strong>ο</strong></span> <span class='ocrx_word' id='word_1_29' title='bbox 585 590 678 643; x_wconf 79' lang='grc' dir='ltr'><strong>καὶ</strong></span> <span class='ocrx_word' id='word_1_30' title='bbox 699 589 781 653; x_wconf 80' lang='grc' dir='ltr'><strong>τὸ,</strong></span> <span class='ocrx_word' id='word_1_31' title='bbox 824 607 844 640; x_wconf 86' lang='grc'><em>‹</em></span> <span class='ocrx_word' id='word_1_32' title='bbox 882 590 1170 661; x_wconf 78' lang='grc' dir='ltr'><strong>Ἥμαρτον</strong></span> <span class='ocrx_word' id='word_1_33' title='bbox 1223 593 1305 656; x_wconf 88' lang='grc' dir='ltr'><strong>είς</strong></span> <span class='ocrx_word' id='word_1_34' title='bbox 1337 594 1428 645; x_wconf 76' lang='grc' dir='ltr'><strong>τὸν</strong></span> <span class='ocrx_word' id='word_1_35' title='bbox 1468 592 1696 663; x_wconf 82' lang='grc' dir='ltr'><strong>οὐρανὸν</strong></span> <span class='ocrx_word' id='word_1_36' title='bbox 1745 595 1840 645; x_wconf 79' lang='grc' dir='ltr'><strong>καὶ</strong></span> 
     </span>
    </p>
   </div>
   <div class='ocr_carea' id='block_1_6' title="bbox 272 680 1840 755">
    <p class='ocr_par' dir='ltr' id='par_1_6' title="bbox 272 680 1840 755">
     <span class='ocr_line' id='line_1_6' title="bbox 272 680 1840 755; baseline 0.002 -22"><span class='ocrx_word' id='word_1_37' title='bbox 272 682 503 734; x_wconf 72' lang='grc' dir='ltr'><strong>ἐνώπιόν</strong></span> <span class='ocrx_word' id='word_1_38' title='bbox 532 699 648 744; x_wconf 87' lang='grc' dir='ltr'><strong>σου,</strong></span> <span class='ocrx_word' id='word_1_39' title='bbox 697 701 716 733; x_wconf 68' lang='grc' dir='ltr'><strong>ι</strong></span> <span class='ocrx_word' id='word_1_40' title='bbox 752 680 820 735; x_wconf 81' lang='grc' dir='ltr'><strong>δι’</strong></span> <span class='ocrx_word' id='word_1_41' title='bbox 853 681 914 734; x_wconf 85' lang='grc' dir='ltr'><strong>οῦ</strong></span> <span class='ocrx_word' id='word_1_42' title='bbox 957 681 1137 752; x_wconf 77' lang='grc' dir='ltr'><strong>ἐσώθη</strong></span> <span class='ocrx_word' id='word_1_43' title='bbox 1167 686 1195 736; x_wconf 89' lang='grc' dir='ltr'><strong>ό</strong></span> <span class='ocrx_word' id='word_1_44' title='bbox 1229 683 1439 746; x_wconf 78' lang='grc' dir='ltr'><strong>ἄσωτος</strong></span> <span class='ocrx_word' id='word_1_45' title='bbox 1463 701 1478 717; x_wconf 80' lang='grc' dir='ltr'><strong><em>ο</em></strong></span> <span class='ocrx_word' id='word_1_46' title='bbox 1514 685 1678 755; x_wconf 82' lang='grc' dir='ltr'>χάριν</span> <span class='ocrx_word' id='word_1_47' title='bbox 1742 686 1840 754; x_wconf 84' lang='grc' dir='ltr'><strong>τῆς</strong></span> 
     </span>
    </p>
   </div>
   <div class='ocr_carea' id='block_1_7' title="bbox 276 771 1837 845">
    <p class='ocr_par' dir='ltr' id='par_1_7' title="bbox 276 771 1837 845">
     <span class='ocr_line' id='line_1_7' title="bbox 276 771 1837 845; baseline 0.003 -24"><span class='ocrx_word' id='word_1_48' title='bbox 276 772 460 839; x_wconf 81' lang='grc' dir='ltr'><strong>φωνῆς</strong></span> <span class='ocrx_word' id='word_1_49' title='bbox 500 772 703 840; x_wconf 78' lang='grc' dir='ltr'><strong>ταύτης</strong></span> <span class='ocrx_word' id='word_1_50' title='bbox 731 771 840 842; x_wconf 72' lang='grc' dir='ltr'><strong>γὰρ</strong></span> <span class='ocrx_word' id='word_1_51' title='bbox 863 774 1201 843; x_wconf 78' lang='grc' dir='ltr'><strong>προσεδέχθη</strong></span> <span class='ocrx_word' id='word_1_52' title='bbox 1234 774 1373 843; x_wconf 83' lang='grc' dir='ltr'><strong>μετά</strong></span> <span class='ocrx_word' id='word_1_53' title='bbox 1402 777 1732 845; x_wconf 76' lang='grc' dir='ltr'><strong>ἐπιστροφῆς</strong></span> <span class='ocrx_word' id='word_1_54' title='bbox 1780 792 1837 827; x_wconf 91' lang='grc' dir='ltr'><strong>τε</strong></span> 
     </span>
    </p>
   </div>
   <div class='ocr_carea' id='block_1_8' title="bbox 276 863 1840 937">
    <p class='ocr_par' dir='ltr' id='par_1_8' title="bbox 276 863 1840 937">
     <span class='ocr_line' id='line_1_8' title="bbox 276 863 1840 937; baseline 0.003 -23"><span class='ocrx_word' id='word_1_55' title='bbox 276 864 375 916; x_wconf 79' lang='grc' dir='ltr'><strong>καὶ</strong></span> <span class='ocrx_word' id='word_1_56' title='bbox 400 863 814 924; x_wconf 74' lang='grc' dir='ltr'><strong>ταπεινώσεως⁶</strong></span> <span class='ocrx_word' id='word_1_57' title='bbox 852 866 955 921; x_wconf 60' lang='grc' dir='ltr'><strong>,καὶ</strong></span> <span class='ocrx_word' id='word_1_58' title='bbox 989 865 1070 931; x_wconf 82' lang='grc' dir='ltr'><strong>τὸ,</strong></span> <span class='ocrx_word' id='word_1_59' title='bbox 1112 884 1131 917; x_wconf 78' lang='lat' dir='ltr'><strong>t</strong></span> <span class='ocrx_word' id='word_1_60' title='bbox 1177 866 1462 937; x_wconf 80' lang='grc' dir='ltr'><strong>Μνήσθητί</strong></span> <span class='ocrx_word' id='word_1_61' title='bbox 1489 884 1612 936; x_wconf 89' lang='grc' dir='ltr'><strong>μου,</strong></span> <span class='ocrx_word' id='word_1_62' title='bbox 1644 868 1840 935; x_wconf 83' lang='grc' dir='ltr'><strong>Κύριε,</strong></span> 
     </span>
    </p>
   </div>
   <div class='ocr_carea' id='block_1_9' title="bbox 274 951 1831 1029">
    <p class='ocr_par' dir='ltr' id='par_1_9' title="bbox 274 951 1831 1029">
     <span class='ocr_line' id='line_1_9' title="bbox 274 951 1831 1029; baseline 0.003 -23"><span class='ocrx_word' id='word_1_63' title='bbox 274 956 404 1007; x_wconf 83' lang='grc' dir='ltr'><strong>όταν</strong></span> <span class='ocrx_word' id='word_1_64' title='bbox 433 955 588 1025; x_wconf 75' lang='grc' dir='ltr'><strong>ἔλθῃς</strong></span> <span class='ocrx_word' id='word_1_65' title='bbox 617 958 674 1008; x_wconf 74' lang='grc' dir='ltr'><strong>ἐν</strong></span> <span class='ocrx_word' id='word_1_66' title='bbox 710 958 777 1026; x_wconf 81' lang='grc' dir='ltr'><strong>τῇ</strong></span> <span class='ocrx_word' id='word_1_67' title='bbox 807 956 1053 1027; x_wconf 77' lang='grc' dir='ltr'><strong>βασιλείᾳ</strong></span> <span class='ocrx_word' id='word_1_68' title='bbox 1110 974 1229 1021; x_wconf 91' lang='grc' dir='ltr'><strong>σου,</strong></span> <span class='ocrx_word' id='word_1_69' title='bbox 1266 976 1285 1009; x_wconf 73' lang='grc' dir='ltr'><strong>ι</strong></span> <span class='ocrx_word' id='word_1_70' title='bbox 1325 957 1391 1009; x_wconf 80' lang='grc' dir='ltr'><strong>δι’</strong></span> <span class='ocrx_word' id='word_1_71' title='bbox 1421 951 1481 1009; x_wconf 79' lang='grc' dir='ltr'><strong>οῦ</strong></span> <span class='ocrx_word' id='word_1_72' title='bbox 1539 958 1566 1008; x_wconf 87' lang='grc' dir='ltr'><strong>ό</strong></span> <span class='ocrx_word' id='word_1_73' title='bbox 1621 958 1831 1029; x_wconf 78' lang='grc' dir='ltr'><strong>λῃστὴς</strong></span> 
     </span>
    </p>
   </div>
   <div class='ocr_carea' id='block_1_10' title="bbox 275 1047 1845 1117">
    <p class='ocr_par' dir='ltr' id='par_1_10' title="bbox 275 1047 1845 1117">
     <span class='ocr_line' id='line_1_10' title="bbox 275 1047 1845 1117; baseline 0.001 -20"><span class='ocrx_word' id='word_1_74' title='bbox 275 1047 370 1097; x_wconf 77' lang='grc' dir='ltr'><strong>τδν</strong></span> <span class='ocrx_word' id='word_1_75' title='bbox 403 1048 732 1117; x_wconf 74' lang='grc' dir='ltr'><strong>παράδεισον</strong></span> <span class='ocrx_word' id='word_1_76' title='bbox 759 1048 920 1100; x_wconf 76' lang='grc' dir='ltr'><strong>ἔλαϐε</strong></span> <span class='ocrx_word' id='word_1_77' title='bbox 945 1066 958 1079; x_wconf 75' lang='grc' dir='ltr'><strong>ο</strong></span> <span class='ocrx_word' id='word_1_78' title='bbox 988 1050 1083 1103; x_wconf 80' lang='grc' dir='ltr'><strong>καὶ</strong></span> <span class='ocrx_word' id='word_1_79' title='bbox 1112 1048 1172 1101; x_wconf 77' lang='grc' dir='ltr'><strong>τὸ</strong></span> <span class='ocrx_word' id='word_1_80' title='bbox 1227 1048 1496 1102; x_wconf 79' lang='grc' dir='ltr'><strong>αἰτεῖσθαι</strong></span> <span class='ocrx_word' id='word_1_81' title='bbox 1553 1049 1608 1101; x_wconf 74' lang='grc' dir='ltr'><strong>δὲ</strong></span> <span class='ocrx_word' id='word_1_82' title='bbox 1658 1050 1715 1100; x_wconf 84' lang='grc' dir='ltr'><strong>ὲν</strong></span> <span class='ocrx_word' id='word_1_83' title='bbox 1767 1048 1845 1117; x_wconf 83' lang='grc' dir='ltr'><strong>τῷ</strong></span> 
     </span>
    </p>
   </div>
   <div class='ocr_carea' id='block_1_11' title="bbox 275 1138 1841 1210">
    <p class='ocr_par' dir='ltr' id='par_1_11' title="bbox 275 1138 1841 1210">
     <span class='ocr_line' id='line_1_11' title="bbox 275 1138 1841 1210; baseline 0.003 -21"><span class='ocrx_word' id='word_1_84' title='bbox 275 1138 501 1205; x_wconf 72' lang='grc' dir='ltr'><strong>ὸνόματι</strong></span> <span class='ocrx_word' id='word_1_85' title='bbox 521 1138 906 1209; x_wconf 83' lang='grc' dir='ltr'><strong>τοῦ-Χριστοῦ,</strong></span> <span class='ocrx_word' id='word_1_86' title='bbox 936 1141 1071 1210; x_wconf 86' lang='grc' dir='ltr'><strong>ὅπερ</strong></span> <span class='ocrx_word' id='word_1_87' title='bbox 1097 1140 1258 1203; x_wconf 76' lang='grc' dir='ltr'><strong>αὐτὸς</strong></span> <span class='ocrx_word' id='word_1_88' title='bbox 1290 1141 1356 1192; x_wconf 80' lang='grc' dir='ltr'><strong>δι’</strong></span> <span class='ocrx_word' id='word_1_89' title='bbox 1379 1141 1502 1194; x_wconf 83' lang='grc' dir='ltr'>ὅλου</span> <span class='ocrx_word' id='word_1_90' title='bbox 1527 1139 1621 1193; x_wconf 92' lang='grc' dir='ltr'><strong>τοῦ</strong></span> <span class='ocrx_word' id='word_1_91' title='bbox 1660 1138 1841 1208; x_wconf 83' lang='grc' dir='ltr'><strong>Εὐαγ-</strong></span> 
     </span>
    </p>
   </div>
   <div class='ocr_carea' id='block_1_12' title="bbox 274 1230 1841 1302">
    <p class='ocr_par' dir='ltr' id='par_1_12' title="bbox 274 1230 1841 1302">
     <span class='ocr_line' id='line_1_12' title="bbox 274 1230 1841 1302; baseline 0.001 -20"><span class='ocrx_word' id='word_1_92' title='bbox 274 1230 460 1297; x_wconf 78' lang='grc' dir='ltr'><strong>γελίου</strong></span> <span class='ocrx_word' id='word_1_93' title='bbox 493 1230 736 1295; x_wconf 68' lang='grc' dir='ltr'><strong>ἐδίδαξε*</strong></span> <span class='ocrx_word' id='word_1_94' title='bbox 790 1234 885 1286; x_wconf 81' lang='grc' dir='ltr'><strong>καὶ</strong></span> <span class='ocrx_word' id='word_1_95' title='bbox 944 1232 1004 1284; x_wconf 82' lang='grc' dir='ltr'><strong>τὸ</strong></span> <span class='ocrx_word' id='word_1_96' title='bbox 1052 1231 1522 1302; x_wconf 77' lang='grc' dir='ltr'><strong>προσευχομένους</strong></span> <span class='ocrx_word' id='word_1_97' title='bbox 1570 1231 1841 1284; x_wconf 72' lang='grc' dir='ltr'><strong>αἰτεῖσθαι</strong></span> 
     </span>
    </p>
   </div>
   <div class='ocr_carea' id='block_1_13' title="bbox 277 1320 1841 1391">
    <p class='ocr_par' dir='ltr' id='par_1_13' title="bbox 277 1320 1841 1391">
     <span class='ocr_line' id='line_1_13' title="bbox 277 1320 1841 1391; baseline 0.001 -19"><span class='ocrx_word' id='word_1_98' title='bbox 277 1322 417 1387; x_wconf 85' lang='grc' dir='ltr'><strong>μετά</strong></span> <span class='ocrx_word' id='word_1_99' title='bbox 451 1323 687 1383; x_wconf 84' lang='grc' dir='ltr'><strong>πίστεως</strong></span> <span class='ocrx_word' id='word_1_100' title='bbox 741 1324 834 1375; x_wconf 70' lang='grc' dir='ltr'><strong>καὶ</strong></span> <span class='ocrx_word' id='word_1_101' title='bbox 886 1321 1186 1391; x_wconf 80' lang='grc' dir='ltr'><strong>λαμϐάνειν</strong></span> <span class='ocrx_word' id='word_1_102' title='bbox 1215 1338 1226 1351; x_wconf 86' lang='grc'><em>’</em></span> <span class='ocrx_word' id='word_1_103' title='bbox 1290 1322 1387 1375; x_wconf 73' lang='grc' dir='ltr'><strong>καὶ</strong></span> <span class='ocrx_word' id='word_1_104' title='bbox 1426 1320 1589 1374; x_wconf 81' lang='grc' dir='ltr'><strong>αὑτοῦ</strong></span> <span class='ocrx_word' id='word_1_105' title='bbox 1642 1321 1708 1391; x_wconf 80' lang='grc' dir='ltr'><strong>δὴ</strong></span> <span class='ocrx_word' id='word_1_106' title='bbox 1747 1320 1841 1374; x_wconf 90' lang='grc' dir='ltr'><strong>τοῦ</strong></span> 
     </span>
    </p>
   </div>
   <div class='ocr_carea' id='block_1_14' title="bbox 273 1411 1839 1484">
    <p class='ocr_par' dir='ltr' id='par_1_14' title="bbox 273 1411 1839 1484">
     <span class='ocr_line' id='line_1_14' title="bbox 273 1411 1839 1484; baseline 0.002 -22"><span class='ocrx_word' id='word_1_107' title='bbox 273 1411 516 1479; x_wconf 71' lang='grc' dir='ltr'><strong>Χριστοῦ</strong></span> <span class='ocrx_word' id='word_1_108' title='bbox 550 1413 778 1466; x_wconf 79' lang='grc' dir='ltr'><strong>πλεῖστα</strong></span> <span class='ocrx_word' id='word_1_109' title='bbox 803 1415 900 1467; x_wconf 82' lang='grc' dir='ltr'><strong>καὶ</strong></span> <span class='ocrx_word' id='word_1_110' title='bbox 928 1413 1034 1482; x_wconf 80' lang='grc' dir='ltr'><strong>πρὸ</strong></span> <span class='ocrx_word' id='word_1_111' title='bbox 1060 1414 1158 1483; x_wconf 90' lang='grc' dir='ltr'><strong>τῆς</strong></span> <span class='ocrx_word' id='word_1_112' title='bbox 1204 1413 1503 1483; x_wconf 84' lang='grc' dir='ltr'><strong>Διαθήκης,</strong></span> <span class='ocrx_word' id='word_1_113' title='bbox 1549 1414 1641 1465; x_wconf 84' lang='grc' dir='ltr'><strong>καὶ</strong></span> <span class='ocrx_word' id='word_1_114' title='bbox 1672 1416 1727 1465; x_wconf 78' lang='grc' dir='ltr'><strong>ὲν</strong></span> <span class='ocrx_word' id='word_1_115' title='bbox 1773 1418 1839 1484; x_wconf 87' lang='grc' dir='ltr'><strong>τῇ</strong></span> 
     </span>
    </p>
   </div>
   <div class='ocr_carea' id='block_1_15' title="bbox 274 1504 1841 1576">
    <p class='ocr_par' dir='ltr' id='par_1_15' title="bbox 274 1504 1841 1576">
     <span class='ocr_line' id='line_1_15' title="bbox 274 1504 1841 1576; baseline 0.002 -20"><span class='ocrx_word' id='word_1_116' title='bbox 274 1504 521 1576; x_wconf 83' lang='grc' dir='ltr'><strong>Διαθήκῃ</strong></span> <span class='ocrx_word' id='word_1_117' title='bbox 548 1506 1019 1575; x_wconf 80' lang='grc' dir='ltr'><strong>προσευξαμένου,</strong></span> <span class='ocrx_word' id='word_1_118' title='bbox 1066 1507 1162 1560; x_wconf 73' lang='grc' dir='ltr'><strong>καὶ</strong></span> <span class='ocrx_word' id='word_1_119' title='bbox 1192 1506 1463 1559; x_wconf 76' lang='grc' dir='ltr'><strong>αἰτεῖσθαι</strong></span> <span class='ocrx_word' id='word_1_120' title='bbox 1498 1507 1593 1559; x_wconf 71' lang='grc' dir='ltr'><strong>καὶ</strong></span> <span class='ocrx_word' id='word_1_121' title='bbox 1626 1506 1841 1571; x_wconf 81' lang='grc' dir='ltr'><strong>λαμϐά-</strong></span> 
     </span>
    </p>
   </div>
   <div class='ocr_carea' id='block_1_16' title="bbox 273 1598 1839 1667">
    <p class='ocr_par' dir='ltr' id='par_1_16' title="bbox 273 1598 1839 1667">
     <span class='ocr_line' id='line_1_16' title="bbox 273 1598 1839 1667; baseline 0.001 -19"><span class='ocrx_word' id='word_1_122' title='bbox 273 1613 391 1649; x_wconf 76' lang='grc' dir='ltr'><strong>νειν</strong></span> <span class='ocrx_word' id='word_1_123' title='bbox 421 1598 563 1665; x_wconf 72' lang='grc' dir='ltr'><strong>ἡμᾶς</strong></span> <span class='ocrx_word' id='word_1_124' title='bbox 598 1598 1038 1667; x_wconf 73' lang='grc' dir='ltr'><strong>ἐγγυησαμένου,</strong></span> <span class='ocrx_word' id='word_1_125' title='bbox 1070 1600 1164 1651; x_wconf 73' lang='grc' dir='ltr'><strong>καὶ</strong></span> <span class='ocrx_word' id='word_1_126' title='bbox 1191 1599 1366 1651; x_wconf 77' lang='grc' dir='ltr'><strong>πάντα</strong></span> <span class='ocrx_word' id='word_1_127' title='bbox 1394 1599 1492 1650; x_wconf 82' lang='grc' dir='ltr'><strong>ὅσα</strong></span> <span class='ocrx_word' id='word_1_128' title='bbox 1550 1598 1617 1651; x_wconf 80' lang='grc' dir='ltr'><strong>ἂν</strong></span> <span class='ocrx_word' id='word_1_129' title='bbox 1668 1600 1725 1651; x_wconf 85' lang='grc' dir='ltr'><strong>ὲν</strong></span> <span class='ocrx_word' id='word_1_130' title='bbox 1774 1600 1839 1666; x_wconf 82' lang='grc' dir='ltr'><strong>τῇ</strong></span> 
     </span>
    </p>
   </div>
   <div class='ocr_carea' id='block_1_17' title="bbox 272 1689 1841 1758">
    <p class='ocr_par' dir='ltr' id='par_1_17' title="bbox 272 1689 1841 1758">
     <span class='ocr_line' id='line_1_17' title="bbox 272 1689 1841 1758; baseline 0.002 -18"><span class='ocrx_word' id='word_1_131' title='bbox 272 1692 549 1758; x_wconf 80' lang='grc' dir='ltr'><strong>προσευχῇ</strong></span> <span class='ocrx_word' id='word_1_132' title='bbox 604 1689 904 1758; x_wconf 73' lang='grc' dir='ltr'><strong>αἰτώμεθα,</strong></span> <span class='ocrx_word' id='word_1_133' title='bbox 951 1694 1303 1752; x_wconf 77' lang='grc' dir='ltr'><strong>πιστεύοντας</strong></span> <span class='ocrx_word' id='word_1_134' title='bbox 1352 1691 1649 1758; x_wconf 73' lang='grc' dir='ltr'><strong>λαμϐάνειν</strong></span> <span class='ocrx_word' id='word_1_135' title='bbox 1695 1691 1841 1743; x_wconf 83' lang='grc' dir='ltr'><strong>διδά-</strong></span> 
     </span>
    </p>
   </div>
   <div class='ocr_carea' id='block_1_18' title="bbox 275 1776 1838 1852">
    <p class='ocr_par' dir='ltr' id='par_1_18' title="bbox 275 1776 1838 1852">
     <span class='ocr_line' id='line_1_18' title="bbox 275 1776 1838 1852; baseline 0.004 -23"><span class='ocrx_word' id='word_1_136' title='bbox 275 1776 624 1841; x_wconf 77' lang='grc' dir='ltr'><strong>ξαντοςοκαὶ</strong></span> <span class='ocrx_word' id='word_1_137' title='bbox 681 1780 789 1833; x_wconf 88' lang='grc' dir='ltr'><strong>τῶν</strong></span> <span class='ocrx_word' id='word_1_138' title='bbox 828 1781 1144 1834; x_wconf 83' lang='grc' dir='ltr'><strong>ἀποστόλων</strong></span> <span class='ocrx_word' id='word_1_139' title='bbox 1189 1781 1347 1835; x_wconf 90' lang='grc' dir='ltr'><strong>τοῦτο</strong></span> <span class='ocrx_word' id='word_1_140' title='bbox 1393 1782 1838 1852; x_wconf 79' lang='grc' dir='ltr'><strong>διενεργούντων,</strong></span> 
     </span>
    </p>
   </div>
   <div class='ocr_carea' id='block_1_19' title="bbox 274 1870 1843 1943">
    <p class='ocr_par' dir='ltr' id='par_1_19' title="bbox 274 1870 1843 1943">
     <span class='ocr_line' id='line_1_19' title="bbox 274 1870 1843 1943; baseline 0.003 -22"><span class='ocrx_word' id='word_1_141' title='bbox 274 1872 371 1921; x_wconf 80' lang='grc' dir='ltr'><strong>καὶ</strong></span> <span class='ocrx_word' id='word_1_142' title='bbox 423 1872 483 1922; x_wconf 79' lang='grc' dir='ltr'><strong>ού</strong></span> <span class='ocrx_word' id='word_1_143' title='bbox 550 1871 713 1940; x_wconf 90' lang='grc' dir='ltr'><strong>μόνον</strong></span> <span class='ocrx_word' id='word_1_144' title='bbox 765 1870 849 1937; x_wconf 85' lang='grc' dir='ltr'><strong>τδ,</strong></span> <span class='ocrx_word' id='word_1_145' title='bbox 888 1873 1077 1941; x_wconf 84' lang='grc' dir='ltr'><strong>Πάτερ</strong></span> <span class='ocrx_word' id='word_1_146' title='bbox 1135 1873 1325 1941; x_wconf 77' lang='grc' dir='ltr'><strong>ἡμῶν,</strong></span> <span class='ocrx_word' id='word_1_147' title='bbox 1375 1875 1843 1943; x_wconf 76' lang='grc' dir='ltr'><strong>προσευχομένων,</strong></span> 
     </span>
    </p>
   </div>
   <div class='ocr_carea' id='block_1_20' title="bbox 272 1962 1841 2033">
    <p class='ocr_par' dir='ltr' id='par_1_20' title="bbox 272 1962 1841 2033">
     <span class='ocr_line' id='line_1_20' title="bbox 272 1962 1841 2033; baseline 0.001 -18"><span class='ocrx_word' id='word_1_148' title='bbox 272 1962 411 2015; x_wconf 84' lang='grc' dir='ltr'><strong>ἀλλὰ</strong></span> <span class='ocrx_word' id='word_1_149' title='bbox 441 1964 531 2015; x_wconf 78' lang='grc' dir='ltr'><strong>καὶ</strong></span> <span class='ocrx_word' id='word_1_150' title='bbox 571 1964 768 2031; x_wconf 84' lang='grc' dir='ltr'><strong>μυρίας</strong></span> <span class='ocrx_word' id='word_1_151' title='bbox 794 1964 961 2028; x_wconf 69' lang='grc' dir='ltr'><strong>ἄλλας</strong></span> <span class='ocrx_word' id='word_1_152' title='bbox 988 1964 1171 2033; x_wconf 81' lang='grc' dir='ltr'><strong>εὐχὰς,</strong></span> <span class='ocrx_word' id='word_1_153' title='bbox 1241 1966 1315 2027; x_wconf 84' lang='grc' dir='ltr'><strong>ὡς</strong></span> <span class='ocrx_word' id='word_1_154' title='bbox 1357 1966 1453 2018; x_wconf 77' lang='grc' dir='ltr'><strong>καὶ</strong></span> <span class='ocrx_word' id='word_1_155' title='bbox 1510 1965 1569 2016; x_wconf 74' lang='grc' dir='ltr'><strong>ὲν</strong></span> <span class='ocrx_word' id='word_1_156' title='bbox 1627 1966 1693 2033; x_wconf 76' lang='grc' dir='ltr'><strong>τῇ</strong></span> <span class='ocrx_word' id='word_1_157' title='bbox 1747 1963 1841 2017; x_wconf 91' lang='grc' dir='ltr'><strong>τοῦ</strong></span> 
     </span>
    </p>
   </div>
   <div class='ocr_carea' id='block_1_21' title="bbox 272 2056 1843 2127">
    <p class='ocr_par' dir='ltr' id='par_1_21' title="bbox 272 2056 1843 2127">
     <span class='ocr_line' id='line_1_21' title="bbox 272 2056 1843 2127; baseline 0.002 -20"><span class='ocrx_word' id='word_1_158' title='bbox 272 2056 519 2108; x_wconf 75' lang='grc' dir='ltr'><strong>Ματθίου</strong></span> <span class='ocrx_word' id='word_1_159' title='bbox 553 2057 751 2126; x_wconf 82' lang='grc' dir='ltr'>ἐκλογῇ</span> <span class='ocrx_word' id='word_1_160' title='bbox 811 2057 1103 2113; x_wconf 84' lang='grc' dir='ltr'><strong>δείκνυται.</strong></span> <span class='ocrx_word' id='word_1_161' title='bbox 1152 2057 1261 2109; x_wconf 82' lang='grc' dir='ltr'><strong>Καὶ</strong></span> <span class='ocrx_word' id='word_1_162' title='bbox 1292 2059 1350 2110; x_wconf 82' lang='grc' dir='ltr'><strong>ὲν</strong></span> <span class='ocrx_word' id='word_1_163' title='bbox 1398 2058 1472 2127; x_wconf 85' lang='grc' dir='ltr'><strong>τῷ</strong></span> <span class='ocrx_word' id='word_1_164' title='bbox 1506 2059 1843 2127; x_wconf 79' lang='grc' dir='ltr'><strong>ὑποστρέψαι</strong></span> 
     </span>
    </p>
   </div>
   <div class='ocr_carea' id='block_1_22' title="bbox 275 2147 1839 2219">
    <p class='ocr_par' dir='ltr' id='par_1_22' title="bbox 275 2147 1839 2219">
     <span class='ocr_line' id='line_1_22' title="bbox 275 2147 1839 2219; baseline 0.003 -20"><span class='ocrx_word' id='word_1_165' title='bbox 275 2147 404 2210; x_wconf 76' lang='grc' dir='ltr'><strong>τοὺς</strong></span> <span class='ocrx_word' id='word_1_166' title='bbox 430 2148 762 2210; x_wconf 80' lang='grc' dir='ltr'><strong>ἀποστόλους</strong></span> <span class='ocrx_word' id='word_1_167' title='bbox 790 2148 1054 2219; x_wconf 84' lang='grc' dir='ltr'><strong>δαρέντας</strong></span> <span class='ocrx_word' id='word_1_168' title='bbox 1080 2148 1187 2201; x_wconf 80' lang='grc' dir='ltr'><strong>ὑπὸ</strong></span> <span class='ocrx_word' id='word_1_169' title='bbox 1209 2150 1314 2201; x_wconf 87' lang='grc' dir='ltr'><strong>τῶν</strong></span> <span class='ocrx_word' id='word_1_170' title='bbox 1344 2148 1644 2215; x_wconf 86' lang='grc' dir='ltr'><strong>Ἰουδαίων,</strong></span> <span class='ocrx_word' id='word_1_171' title='bbox 1673 2150 1760 2204; x_wconf 80' lang='grc' dir='ltr'><strong>ὅτε</strong></span> <span class='ocrx_word' id='word_1_172' title='bbox 1778 2152 1839 2203; x_wconf 90' lang='grc' dir='ltr'><strong>ού</strong></span> 
     </span>
    </p>
   </div>
   <div class='ocr_carea' id='block_1_23' title="bbox 276 2238 1841 2309">
    <p class='ocr_par' dir='ltr' id='par_1_23' title="bbox 276 2238 1841 2309">
     <span class='ocr_line' id='line_1_23' title="bbox 276 2238 1841 2309; baseline 0.003 -19"><span class='ocrx_word' id='word_1_173' title='bbox 276 2239 359 2300; x_wconf 85' lang='grc' dir='ltr'><strong>τὸ,</strong></span> <span class='ocrx_word' id='word_1_174' title='bbox 397 2239 589 2305; x_wconf 82' lang='grc' dir='ltr'><em>Πάτερ</em></span> <span class='ocrx_word' id='word_1_175' title='bbox 636 2238 838 2309; x_wconf 77' lang='grc' dir='ltr'><strong>ἡμῶν,</strong></span> <span class='ocrx_word' id='word_1_176' title='bbox 884 2238 1289 2309; x_wconf 82' lang='grc' dir='ltr'><strong>προσεύξασθαι</strong></span> <span class='ocrx_word' id='word_1_177' title='bbox 1341 2241 1668 2305; x_wconf 80' lang='grc' dir='ltr'><strong>δείκνυνται,</strong></span> <span class='ocrx_word' id='word_1_178' title='bbox 1727 2243 1841 2294; x_wconf 80' lang='grc' dir='ltr'><strong>ἀλλ’</strong></span> 
     </span>
    </p>
   </div>
   <div class='ocr_carea' id='block_1_24' title="bbox 273 2328 1839 2399">
    <p class='ocr_par' dir='ltr' id='par_1_24' title="bbox 273 2328 1839 2399">
     <span class='ocr_line' id='line_1_24' title="bbox 273 2328 1839 2399; baseline 0.001 -19"><span class='ocrx_word' id='word_1_179' title='bbox 273 2328 470 2398; x_wconf 63' lang='grc' dir='ltr'><strong>ἑτέραν</strong></span> <span class='ocrx_word' id='word_1_180' title='bbox 526 2331 595 2398; x_wconf 76' lang='grc' dir='ltr'><strong>ἣν</strong></span> <span class='ocrx_word' id='word_1_181' title='bbox 629 2329 902 2397; x_wconf 80' lang='grc' dir='ltr'><strong>γράφουσι</strong></span> <span class='ocrx_word' id='word_1_182' title='bbox 964 2329 1273 2399; x_wconf 82' lang='grc' dir='ltr'><strong>προσευχὴν</strong></span> <span class='ocrx_word' id='word_1_183' title='bbox 1330 2328 1386 2381; x_wconf 84' lang='grc' dir='ltr'><strong>αί</strong></span> <span class='ocrx_word' id='word_1_184' title='bbox 1434 2329 1688 2397; x_wconf 81' lang='grc' dir='ltr'><strong>Πράξεις,</strong></span> <span class='ocrx_word' id='word_1_185' title='bbox 1746 2329 1839 2383; x_wconf 76' lang='grc' dir='ltr'><strong>καὶ</strong></span> 
     </span>
    </p>
   </div>
   <div class='ocr_carea' id='block_1_25' title="bbox 274 2419 1837 2489">
    <p class='ocr_par' dir='ltr' id='par_1_25' title="bbox 274 2419 1837 2489">
     <span class='ocr_line' id='line_1_25' title="bbox 274 2419 1837 2489; baseline 0.001 -18"><span class='ocrx_word' id='word_1_186' title='bbox 274 2419 627 2489; x_wconf 67' lang='grc' dir='ltr'><strong>ἐπλήσθησαν</strong></span> <span class='ocrx_word' id='word_1_187' title='bbox 658 2421 816 2488; x_wconf 82' lang='grc' dir='ltr'><strong>ἁγίου</strong></span> <span class='ocrx_word' id='word_1_188' title='bbox 844 2422 1185 2489; x_wconf 85' lang='grc' dir='ltr'><strong>Πνεύματος,</strong></span> <span class='ocrx_word' id='word_1_189' title='bbox 1224 2421 1317 2475; x_wconf 83' lang='grc' dir='ltr'><strong>καὶ</strong></span> <span class='ocrx_word' id='word_1_190' title='bbox 1369 2420 1638 2488; x_wconf 77' lang='grc' dir='ltr'><strong>ἐσαλεύθη</strong></span> <span class='ocrx_word' id='word_1_191' title='bbox 1688 2422 1715 2472; x_wconf 86' lang='grc' dir='ltr'><strong>ό</strong></span> <span class='ocrx_word' id='word_1_192' title='bbox 1747 2420 1837 2472; x_wconf 71' lang='grc' dir='ltr'><strong>τό·</strong></span> 
     </span>
    </p>
   </div>
   <div class='ocr_carea' id='block_1_26' title="bbox 277 2506 1840 2582">
    <p class='ocr_par' dir='ltr' id='par_1_26' title="bbox 277 2506 1840 2582">
     <span class='ocr_line' id='line_1_26' title="bbox 277 2506 1840 2582; baseline 0.001 -18"><span class='ocrx_word' id='word_1_193' title='bbox 277 2528 383 2575; x_wconf 90' lang='grc' dir='ltr'><strong>πος</strong></span> <span class='ocrx_word' id='word_1_194' title='bbox 409 2514 467 2565; x_wconf 80' lang='grc' dir='ltr'><strong>ἑν</strong></span> <span class='ocrx_word' id='word_1_195' title='bbox 501 2506 652 2582; x_wconf 78' lang='grc' dir='ltr'><strong>ᾧπερ</strong></span> <span class='ocrx_word' id='word_1_196' title='bbox 698 2512 1049 2582; x_wconf 87' lang='grc' dir='ltr'><strong>είστήκεσαν,</strong></span> <span class='ocrx_word' id='word_1_197' title='bbox 1102 2515 1197 2566; x_wconf 75' lang='grc' dir='ltr'><strong>καὶ</strong></span> <span class='ocrx_word' id='word_1_198' title='bbox 1245 2512 1325 2565; x_wconf 81' lang='grc' dir='ltr'><strong>ἔτι</strong></span> <span class='ocrx_word' id='word_1_199' title='bbox 1374 2514 1633 2574; x_wconf 82' lang='grc' dir='ltr'><strong>πλείστας</strong></span> <span class='ocrx_word' id='word_1_200' title='bbox 1673 2512 1840 2575; x_wconf 81' lang='grc' dir='ltr'><strong>ἀλλας</strong></span> 
     </span>
    </p>
   </div>
   <div class='ocr_carea' id='block_1_27' title="bbox 275 2599 1844 2675">
    <p class='ocr_par' dir='ltr' id='par_1_27' title="bbox 275 2599 1844 2675">
     <span class='ocr_line' id='line_1_27' title="bbox 275 2599 1844 2675; baseline 0.001 -20"><span class='ocrx_word' id='word_1_201' title='bbox 275 2604 590 2674; x_wconf 66' lang='grc' dir='ltr'><strong>προσευχὰς</strong></span> <span class='ocrx_word' id='word_1_202' title='bbox 617 2606 990 2675; x_wconf 78' lang='grc' dir='ltr'><strong>πεποιήκεσαν</strong></span> <span class='ocrx_word' id='word_1_203' title='bbox 1005 2599 1153 2659; x_wconf 75' lang='grc' dir='ltr'><strong>οῦτοι</strong></span> <span class='ocrx_word' id='word_1_204' title='bbox 1179 2621 1193 2636; x_wconf 75' lang='grc' dir='ltr'><strong>ο</strong></span> <span class='ocrx_word' id='word_1_205' title='bbox 1216 2605 1308 2658; x_wconf 77' lang='grc' dir='ltr'><strong>καὶ</strong></span> <span class='ocrx_word' id='word_1_206' title='bbox 1331 2605 1391 2657; x_wconf 71' lang='grc' dir='ltr'><strong>τὸ</strong></span> <span class='ocrx_word' id='word_1_207' title='bbox 1423 2606 1511 2657; x_wconf 77' lang='grc' dir='ltr'><strong>διὰ</strong></span> <span class='ocrx_word' id='word_1_208' title='bbox 1529 2605 1622 2657; x_wconf 92' lang='grc' dir='ltr'><strong>τοῦ</strong></span> <span class='ocrx_word' id='word_1_209' title='bbox 1648 2606 1844 2674; x_wconf 84' lang='grc' dir='ltr'><strong>ὀνόμα-</strong></span> 
     </span>
    </p>
   </div>
   <div class='ocr_carea' id='block_1_28' title="bbox 273 2690 1841 2765">
    <p class='ocr_par' dir='ltr' id='par_1_28' title="bbox 273 2690 1841 2765">
     <span class='ocr_line' id='line_1_28' title="bbox 273 2690 1841 2765; baseline 0.002 -22"><span class='ocrx_word' id='word_1_210' title='bbox 273 2708 366 2754; x_wconf 89' lang='grc' dir='ltr'><strong>τος</strong></span> <span class='ocrx_word' id='word_1_211' title='bbox 406 2692 461 2744; x_wconf 74' lang='grc' dir='ltr'><strong>δὲ</strong></span> <span class='ocrx_word' id='word_1_212' title='bbox 488 2690 582 2745; x_wconf 90' lang='grc' dir='ltr'><strong>τοῦ</strong></span> <span class='ocrx_word' id='word_1_213' title='bbox 608 2694 812 2764; x_wconf 81' lang='grc' dir='ltr'><strong>Κυρίου</strong></span> <span class='ocrx_word' id='word_1_214' title='bbox 842 2693 999 2765; x_wconf 85' lang='grc' dir='ltr'><strong>ήμῶν</strong></span> <span class='ocrx_word' id='word_1_215' title='bbox 1026 2694 1202 2763; x_wconf 83' lang='grc' dir='ltr'><strong>Ἰησοῦ</strong></span> <span class='ocrx_word' id='word_1_216' title='bbox 1231 2694 1328 2756; x_wconf 76' lang='grc' dir='ltr'><strong>τὰς</strong></span> <span class='ocrx_word' id='word_1_217' title='bbox 1348 2693 1677 2763; x_wconf 87' lang='grc' dir='ltr'><strong>θεοσημείας</strong></span> <span class='ocrx_word' id='word_1_218' title='bbox 1705 2697 1841 2764; x_wconf 81' lang='grc' dir='ltr'><strong>μᾶλ-</strong></span> 
     </span>
    </p>
   </div>
   <div class='ocr_carea' id='block_1_29' title="bbox 275 2783 1850 2856">
    <p class='ocr_par' dir='ltr' id='par_1_29' title="bbox 275 2783 1850 2856">
     <span class='ocr_line' id='line_1_29' title="bbox 275 2783 1850 2856; baseline 0.002 -22"><span class='ocrx_word' id='word_1_219' title='bbox 275 2783 579 2847; x_wconf 74' lang='grc' dir='ltr'><strong>ὶοναύτοὺς</strong></span> <span class='ocrx_word' id='word_1_220' title='bbox 604 2786 867 2854; x_wconf 80' lang='grc' dir='ltr'><strong>ὲνεργείν⁶</strong></span> <span class='ocrx_word' id='word_1_221' title='bbox 887 2786 980 2839; x_wconf 76' lang='grc' dir='ltr'><strong>καὶ</strong></span> <span class='ocrx_word' id='word_1_222' title='bbox 1026 2786 1119 2841; x_wconf 90' lang='grc' dir='ltr'><strong>τοῦ</strong></span> <span class='ocrx_word' id='word_1_223' title='bbox 1142 2787 1346 2856; x_wconf 82' lang='grc' dir='ltr'><strong>Κυρίου</strong></span> <span class='ocrx_word' id='word_1_224' title='bbox 1385 2787 1447 2840; x_wconf 87' lang='grc' dir='ltr'><strong>ού</strong></span> <span class='ocrx_word' id='word_1_225' title='bbox 1490 2787 1649 2856; x_wconf 90' lang='grc' dir='ltr'><strong>μόνον</strong></span> <span class='ocrx_word' id='word_1_226' title='bbox 1681 2802 1850 2856; x_wconf 89' lang='grc' dir='ltr'><strong>προσ-</strong></span> 
     </span>
    </p>
   </div>
   <div class='ocr_carea' id='block_1_30' title="bbox 1951 598 3522 669">
    <p class='ocr_par' dir='ltr' id='par_1_30' title="bbox 1951 598 3522 669">
     <span class='ocr_line' id='line_1_30' title="bbox 1951 598 3522 669; baseline 0.004 -20"><span class='ocrx_word' id='word_1_227' title='bbox 1951 603 2156 662; x_wconf 90' lang='lat' dir='ltr'><strong>tamus,</strong></span> <span class='ocrx_word' id='word_1_228' title='bbox 2173 605 2227 650; x_wconf 90' lang='lat' dir='ltr'><strong>et</strong></span> <span class='ocrx_word' id='word_1_229' title='bbox 2250 598 2583 666; x_wconf 82' lang='lat' dir='ltr'><strong>accipiemus</strong></span> <span class='ocrx_word' id='word_1_230' title='bbox 2610 615 2623 663; x_wconf 90' lang='lat'><strong>;</strong></span> <span class='ocrx_word' id='word_1_231' title='bbox 2647 614 2769 652; x_wconf 90' lang='lat' dir='ltr'><strong>nam</strong></span> <span class='ocrx_word' id='word_1_232' title='bbox 2797 599 3045 654; x_wconf 74' lang='lat' dir='ltr'><strong>Christus</strong></span> <span class='ocrx_word' id='word_1_233' title='bbox 3070 600 3181 669; x_wconf 90' lang='lat' dir='ltr'><strong>ipse</strong></span> <span class='ocrx_word' id='word_1_234' title='bbox 3202 602 3353 667; x_wconf 89' lang='lat' dir='ltr'><strong>plura</strong></span> <span class='ocrx_word' id='word_1_235' title='bbox 3375 605 3522 669; x_wconf 81' lang='lat' dir='ltr'><strong>prius</strong></span> 
     </span>
    </p>
   </div>
   <div class='ocr_carea' id='block_1_31' title="bbox 1946 689 3525 763">
    <p class='ocr_par' dir='ltr' id='par_1_31' title="bbox 1946 689 3525 763">
     <span class='ocr_line' id='line_1_31' title="bbox 1946 689 3525 763; baseline 0.003 -20"><span class='ocrx_word' id='word_1_236' title='bbox 1946 704 2106 758; x_wconf 88' lang='lat' dir='ltr'><strong>quam</strong></span> <span class='ocrx_word' id='word_1_237' title='bbox 2128 689 2533 744; x_wconf 89' lang='lat' dir='ltr'><strong>Testamentum</strong></span> <span class='ocrx_word' id='word_1_238' title='bbox 2564 703 2738 745; x_wconf 89' lang='lat' dir='ltr'><strong>morte</strong></span> <span class='ocrx_word' id='word_1_239' title='bbox 2760 694 3000 747; x_wconf 85' lang='lat' dir='ltr'><strong>ﬁrmaret</strong></span> <span class='ocrx_word' id='word_1_240' title='bbox 3027 704 3078 748; x_wconf 74' lang='lat' dir='ltr'><strong>et</strong></span> <span class='ocrx_word' id='word_1_241' title='bbox 3106 696 3156 747; x_wconf 93' lang='lat' dir='ltr'><strong>in</strong></span> <span class='ocrx_word' id='word_1_242' title='bbox 3190 696 3303 763; x_wconf 86' lang='lat' dir='ltr'><strong>ipsa</strong></span> <span class='ocrx_word' id='word_1_243' title='bbox 3332 696 3525 748; x_wconf 84' lang='lat' dir='ltr'><strong>mortis</strong></span> 
     </span>
    </p>
   </div>
   <div class='ocr_carea' id='block_1_32' title="bbox 1932 778 3526 860">
    <p class='ocr_par' dir='ltr' id='par_1_32' title="bbox 1932 778 3526 860">
     <span class='ocr_line' id='line_1_32' title="bbox 1932 778 3526 860; baseline 0.004 -29"><span class='ocrx_word' id='word_1_244' title='bbox 1932 778 2083 860; x_wconf 27' lang='lat' dir='ltr'><strong>&#39;hora</strong></span> <span class='ocrx_word' id='word_1_245' title='bbox 2116 779 2295 846; x_wconf 82' lang='lat' dir='ltr'><strong>petiit,</strong></span> <span class='ocrx_word' id='word_1_246' title='bbox 2326 787 2380 833; x_wconf 93' lang='lat' dir='ltr'><strong>et</strong></span> <span class='ocrx_word' id='word_1_247' title='bbox 2412 794 2509 833; x_wconf 92' lang='lat' dir='ltr'><strong>nos</strong></span> <span class='ocrx_word' id='word_1_248' title='bbox 2539 792 2856 849; x_wconf 85' lang='lat' dir='ltr'><strong>accepturos</strong></span> <span class='ocrx_word' id='word_1_249' title='bbox 2879 785 3147 850; x_wconf 77' lang='lat' dir='ltr'><strong>promisit,</strong></span> <span class='ocrx_word' id='word_1_250' title='bbox 3174 787 3334 837; x_wconf 88' lang='lat' dir='ltr'><strong>modo</strong></span> <span class='ocrx_word' id='word_1_251' title='bbox 3359 788 3526 853; x_wconf 85' lang='lat' dir='ltr'><strong>petie-</strong></span> 
     </span>
    </p>
   </div>
   <div class='ocr_carea' id='block_1_33' title="bbox 1946 868 3522 943">
    <p class='ocr_par' dir='ltr' id='par_1_33' title="bbox 1946 868 3522 943">
     <span class='ocr_line' id='line_1_33' title="bbox 1946 868 3522 943; baseline 0.004 -23"><span class='ocrx_word' id='word_1_252' title='bbox 1946 868 2137 933; x_wconf 91' lang='lat' dir='ltr'><strong>rimus,</strong></span> <span class='ocrx_word' id='word_1_253' title='bbox 2156 869 2447 937; x_wconf 86' lang='lat' dir='ltr'><strong>omniaque</strong></span> <span class='ocrx_word' id='word_1_254' title='bbox 2466 885 2801 939; x_wconf 68' lang='lat' dir='ltr'><strong>quaecunque</strong></span> <span class='ocrx_word' id='word_1_255' title='bbox 2844 874 2895 925; x_wconf 88' lang='lat' dir='ltr'><strong>in</strong></span> <span class='ocrx_word' id='word_1_256' title='bbox 2922 875 3165 925; x_wconf 83' lang='lat' dir='ltr'><strong>oratione</strong></span> <span class='ocrx_word' id='word_1_257' title='bbox 3185 872 3522 943; x_wconf 64' lang='lat' dir='ltr'><strong>petierimus,</strong></span> 
     </span>
    </p>
   </div>
   <div class='ocr_carea' id='block_1_34' title="bbox 1946 962 3530 1034">
    <p class='ocr_par' dir='ltr' id='par_1_34' title="bbox 1946 962 3530 1034">
     <span class='ocr_line' id='line_1_34' title="bbox 1946 962 3530 1034; baseline 0.004 -22"><span class='ocrx_word' id='word_1_258' title='bbox 1946 972 2047 1014; x_wconf 88' lang='lat' dir='ltr'><strong>nos</strong></span> <span class='ocrx_word' id='word_1_259' title='bbox 2066 962 2349 1015; x_wconf 84' lang='lat' dir='ltr'><strong>credentes</strong></span> <span class='ocrx_word' id='word_1_260' title='bbox 2368 972 2686 1030; x_wconf 85' lang='lat' dir='ltr'><strong>accepturos</strong></span> <span class='ocrx_word' id='word_1_261' title='bbox 2709 963 2915 1018; x_wconf 82' lang='lat' dir='ltr'><strong>docuit.</strong></span> <span class='ocrx_word' id='word_1_262' title='bbox 2939 964 3093 1029; x_wconf 82' lang='lat' dir='ltr'><strong>Quod</strong></span> <span class='ocrx_word' id='word_1_263' title='bbox 3118 968 3345 1033; x_wconf 84' lang='lat' dir='ltr'><strong>apostoli</strong></span> <span class='ocrx_word' id='word_1_264' title='bbox 3393 984 3530 1034; x_wconf 80' lang='lat' dir='ltr'><strong>quo-</strong></span> 
     </span>
    </p>
   </div>
   <div class='ocr_carea' id='block_1_35' title="bbox 1946 1048 3526 1125">
    <p class='ocr_par' dir='ltr' id='par_1_35' title="bbox 1946 1048 3526 1125">
     <span class='ocr_line' id='line_1_35' title="bbox 1946 1048 3526 1125; baseline 0.006 -23"><span class='ocrx_word' id='word_1_265' title='bbox 1946 1064 2051 1117; x_wconf 91' lang='lat' dir='ltr'><strong>que</strong></span> <span class='ocrx_word' id='word_1_266' title='bbox 2072 1048 2337 1115; x_wconf 77' lang='lat' dir='ltr'><strong>fecerunt,</strong></span> <span class='ocrx_word' id='word_1_267' title='bbox 2362 1052 2454 1119; x_wconf 86' lang='lat' dir='ltr'><strong>qui</strong></span> <span class='ocrx_word' id='word_1_268' title='bbox 2480 1069 2583 1107; x_wconf 92' lang='lat' dir='ltr'><strong>non</strong></span> <span class='ocrx_word' id='word_1_269' title='bbox 2611 1065 2816 1108; x_wconf 83' lang='lat' dir='ltr'><strong>tantum</strong></span> <span class='ocrx_word' id='word_1_270' title='bbox 2843 1055 3000 1109; x_wconf 87' lang='lat' dir='ltr'><strong>Pater</strong></span> <span class='ocrx_word' id='word_1_271' title='bbox 3033 1067 3211 1111; x_wconf 81' lang='lat' dir='ltr'><strong>uoster</strong></span> <span class='ocrx_word' id='word_1_272' title='bbox 3241 1070 3526 1125; x_wconf 78' lang='lat' dir='ltr'><strong>prcCuulCS</strong></span> 
     </span>
    </p>
   </div>
   <div class='ocr_carea' id='block_1_36' title="bbox 1946 1141 3526 1217">
    <p class='ocr_par' dir='ltr' id='par_1_36' title="bbox 1946 1141 3526 1217">
     <span class='ocr_line' id='line_1_36' title="bbox 1946 1141 3526 1217; baseline 0.004 -22"><span class='ocrx_word' id='word_1_273' title='bbox 1946 1141 2226 1206; x_wconf 83' lang='lat' dir='ltr'><strong>dixerunt,</strong></span> <span class='ocrx_word' id='word_1_274' title='bbox 2252 1143 2344 1197; x_wconf 83' lang='lat' dir='ltr'><strong>sed</strong></span> <span class='ocrx_word' id='word_1_275' title='bbox 2369 1154 2422 1198; x_wconf 92' lang='lat' dir='ltr'><strong>et</strong></span> <span class='ocrx_word' id='word_1_276' title='bbox 2451 1157 2735 1201; x_wconf 74' lang='lat' dir='ltr'><strong>sescentas</strong></span> <span class='ocrx_word' id='word_1_277' title='bbox 2767 1163 2955 1215; x_wconf 79' lang='lat' dir='ltr'><strong>preces</strong></span> <span class='ocrx_word' id='word_1_278' title='bbox 2982 1149 3137 1208; x_wconf 89' lang='lat' dir='ltr'><strong>alias.</strong></span> <span class='ocrx_word' id='word_1_279' title='bbox 3162 1159 3322 1217; x_wconf 85' lang='lat' dir='ltr'><strong>prout</strong></span> <span class='ocrx_word' id='word_1_280' title='bbox 3372 1165 3526 1202; x_wconf 85' lang='lat' dir='ltr'><strong>mou-</strong></span> 
     </span>
    </p>
   </div>
   <div class='ocr_carea' id='block_1_37' title="bbox 1946 1232 3529 1307">
    <p class='ocr_par' dir='ltr' id='par_1_37' title="bbox 1946 1232 3529 1307">
     <span class='ocr_line' id='line_1_37' title="bbox 1946 1232 3529 1307; baseline 0.003 -21"><span class='ocrx_word' id='word_1_281' title='bbox 1946 1241 2173 1286; x_wconf 88' lang='lat' dir='ltr'><strong>stratum</strong></span> <span class='ocrx_word' id='word_1_282' title='bbox 2196 1232 2249 1286; x_wconf 91' lang='lat' dir='ltr'><strong>in</strong></span> <span class='ocrx_word' id='word_1_283' title='bbox 2269 1234 2530 1288; x_wconf 84' lang='lat' dir='ltr'><strong>electione</strong></span> <span class='ocrx_word' id='word_1_284' title='bbox 2549 1236 2802 1301; x_wconf 63' lang='lat' dir='ltr'><strong>Matthiae,</strong></span> <span class='ocrx_word' id='word_1_285' title='bbox 2833 1241 2911 1291; x_wconf 76' lang='lat' dir='ltr'><strong>vel</strong></span> <span class='ocrx_word' id='word_1_286' title='bbox 2928 1240 3089 1291; x_wconf 83' lang='lat' dir='ltr'><strong>etiam</strong></span> <span class='ocrx_word' id='word_1_287' title='bbox 3109 1242 3324 1307; x_wconf 86' lang='lat' dir='ltr'><strong>quando</strong></span> <span class='ocrx_word' id='word_1_288' title='bbox 3346 1256 3529 1293; x_wconf 83' lang='lat' dir='ltr'><strong>rever-</strong></span> 
     </span>
    </p>
   </div>
   <div class='ocr_carea' id='block_1_38' title="bbox 1947 1325 3530 1398">
    <p class='ocr_par' dir='ltr' id='par_1_38' title="bbox 1947 1325 3530 1398">
     <span class='ocr_line' id='line_1_38' title="bbox 1947 1325 3530 1398; baseline 0.005 -18"><span class='ocrx_word' id='word_1_289' title='bbox 1947 1325 1992 1380; x_wconf 85' lang='lat' dir='ltr'><strong>si</strong></span> <span class='ocrx_word' id='word_1_290' title='bbox 2007 1332 2131 1379; x_wconf 88' lang='lat' dir='ltr'><strong>sunt</strong></span> <span class='ocrx_word' id='word_1_291' title='bbox 2158 1327 2384 1393; x_wconf 86' lang='lat' dir='ltr'><strong>apostoli</strong></span> <span class='ocrx_word' id='word_1_292' title='bbox 2408 1343 2436 1381; x_wconf 93' lang='lat' dir='ltr'><strong>a</strong></span> <span class='ocrx_word' id='word_1_293' title='bbox 2450 1328 2651 1383; x_wconf 73' lang='lat' dir='ltr'><strong>Judteis</strong></span> <span class='ocrx_word' id='word_1_294' title='bbox 2665 1331 2861 1397; x_wconf 78' lang='lat' dir='ltr'><strong>pressi;</strong></span> <span class='ocrx_word' id='word_1_295' title='bbox 2883 1341 2993 1384; x_wconf 91' lang='lat' dir='ltr'><strong>tum</strong></span> <span class='ocrx_word' id='word_1_296' title='bbox 3008 1331 3151 1385; x_wconf 87' lang='lat' dir='ltr'><strong>enim</strong></span> <span class='ocrx_word' id='word_1_297' title='bbox 3175 1332 3431 1398; x_wconf 81' lang='lat' dir='ltr'><strong>scriptum</strong></span> <span class='ocrx_word' id='word_1_298' title='bbox 3446 1343 3530 1387; x_wconf 86' lang='lat' dir='ltr'><strong>est</strong></span> 
     </span>
    </p>
   </div>
   <div class='ocr_carea' id='block_1_39' title="bbox 1944 1418 3527 1490">
    <p class='ocr_par' dir='ltr' id='par_1_39' title="bbox 1944 1418 3527 1490">
     <span class='ocr_line' id='line_1_39' title="bbox 1944 1418 3527 1490; baseline 0.003 -19"><span class='ocrx_word' id='word_1_299' title='bbox 1944 1432 2040 1472; x_wconf 87' lang='lat' dir='ltr'><strong>eos</strong></span> <span class='ocrx_word' id='word_1_300' title='bbox 2064 1418 2330 1481; x_wconf 88' lang='lat' dir='ltr'><strong>oravisse,</strong></span> <span class='ocrx_word' id='word_1_301' title='bbox 2362 1434 2469 1473; x_wconf 88' lang='lat' dir='ltr'><strong>non</strong></span> <span class='ocrx_word' id='word_1_302' title='bbox 2496 1421 2725 1474; x_wconf 86' lang='lat' dir='ltr'><strong>dicendo</strong></span> <span class='ocrx_word' id='word_1_303' title='bbox 2748 1423 2988 1490; x_wconf 74' lang='lat' dir='ltr'><strong>quidem,</strong></span> <span class='ocrx_word' id='word_1_304' title='bbox 3018 1422 3177 1475; x_wconf 83' lang='lat' dir='ltr'><strong>Pater</strong></span> <span class='ocrx_word' id='word_1_305' title='bbox 3196 1434 3394 1485; x_wconf 79' lang='lat' dir='ltr'><strong>noster,</strong></span> <span class='ocrx_word' id='word_1_306' title='bbox 3432 1422 3527 1475; x_wconf 88' lang='lat' dir='ltr'><strong>scd</strong></span> 
     </span>
    </p>
   </div>
   <div class='ocr_carea' id='block_1_40' title="bbox 1946 1506 3527 1580">
    <p class='ocr_par' dir='ltr' id='par_1_40' title="bbox 1946 1506 3527 1580">
     <span class='ocr_line' id='line_1_40' title="bbox 1946 1506 3527 1580; baseline 0.004 -21"><span class='ocrx_word' id='word_1_307' title='bbox 1946 1506 2105 1560; x_wconf 83' lang='lat' dir='ltr'><strong>aliam</strong></span> <span class='ocrx_word' id='word_1_308' title='bbox 2130 1507 2433 1563; x_wconf 86' lang='lat' dir='ltr'><strong>orationem</strong></span> <span class='ocrx_word' id='word_1_309' title='bbox 2453 1526 2614 1579; x_wconf 86' lang='lat' dir='ltr'><strong>quam</strong></span> <span class='ocrx_word' id='word_1_310' title='bbox 2635 1512 2875 1565; x_wconf 82' lang='lat' dir='ltr'><strong>referunt</strong></span> <span class='ocrx_word' id='word_1_311' title='bbox 2899 1513 3086 1577; x_wconf 84' lang='lat' dir='ltr'><strong>Actus,</strong></span> <span class='ocrx_word' id='word_1_312' title='bbox 3111 1526 3162 1567; x_wconf 89' lang='lat' dir='ltr'><strong>et</strong></span> <span class='ocrx_word' id='word_1_313' title='bbox 3190 1515 3375 1580; x_wconf 65' lang='lat' dir='ltr'><strong>repleti</strong></span> <span class='ocrx_word' id='word_1_314' title='bbox 3398 1525 3527 1567; x_wconf 90' lang='lat' dir='ltr'><strong>sunt</strong></span> 
     </span>
    </p>
   </div>
   <div class='ocr_carea' id='block_1_41' title="bbox 1949 1592 3525 1673">
    <p class='ocr_par' dir='ltr' id='par_1_41' title="bbox 1949 1592 3525 1673">
     <span class='ocr_line' id='line_1_41' title="bbox 1949 1592 3525 1673; baseline 0.005 -24"><span class='ocrx_word' id='word_1_315' title='bbox 1949 1596 2157 1665; x_wconf 84' lang='lat' dir='ltr'><strong>Spiritu</strong></span> <span class='ocrx_word' id='word_1_316' title='bbox 2181 1608 2391 1662; x_wconf 88' lang='lat' dir='ltr'><strong>sancto,</strong></span> <span class='ocrx_word' id='word_1_317' title='bbox 2413 1608 2465 1654; x_wconf 90' lang='lat' dir='ltr'><strong>et</strong></span> <span class='ocrx_word' id='word_1_318' title='bbox 2484 1607 2807 1656; x_wconf 85' lang='lat' dir='ltr'><strong>contremuit</strong></span> <span class='ocrx_word' id='word_1_319' title='bbox 2825 1604 3019 1658; x_wconf 88' lang='lat' dir='ltr'><strong>domus</strong></span> <span class='ocrx_word' id='word_1_320' title='bbox 3046 1605 3095 1657; x_wconf 91' lang='lat' dir='ltr'><strong>iu</strong></span> <span class='ocrx_word' id='word_1_321' title='bbox 3117 1620 3279 1672; x_wconf 79' lang='lat' dir='ltr'><strong>quam</strong></span> <span class='ocrx_word' id='word_1_322' title='bbox 3297 1592 3525 1673; x_wconf 76' lang='lat' dir='ltr'><strong>ingrcssi</strong></span> 
     </span>
    </p>
   </div>
   <div class='ocr_carea' id='block_1_42' title="bbox 1946 1687 3529 1763">
    <p class='ocr_par' dir='ltr' id='par_1_42' title="bbox 1946 1687 3529 1763">
     <span class='ocr_line' id='line_1_42' title="bbox 1946 1687 3529 1763; baseline 0.004 -21"><span class='ocrx_word' id='word_1_323' title='bbox 1946 1687 2507 1763; x_wconf 77' lang='lat' dir='ltr'><strong>fuerant,multasquc</strong></span> <span class='ocrx_word' id='word_1_324' title='bbox 2537 1697 2714 1749; x_wconf 89' lang='lat' dir='ltr'><strong>adhuc</strong></span> <span class='ocrx_word' id='word_1_325' title='bbox 2745 1698 2878 1750; x_wconf 88' lang='lat' dir='ltr'><strong>alias</strong></span> <span class='ocrx_word' id='word_1_326' title='bbox 2909 1698 2992 1750; x_wconf 92' lang='lat' dir='ltr'><strong>isti</strong></span> <span class='ocrx_word' id='word_1_327' title='bbox 3036 1696 3281 1751; x_wconf 81' lang='lat' dir='ltr'><strong>fecerunt</strong></span> <span class='ocrx_word' id='word_1_328' title='bbox 3328 1700 3529 1751; x_wconf 81' lang='lat' dir='ltr'><strong>oratio-</strong></span> 
     </span>
    </p>
   </div>
   <div class='ocr_carea' id='block_1_43' title="bbox 1948 1780 3522 1842">
    <p class='ocr_par' dir='ltr' id='par_1_43' title="bbox 1948 1780 3522 1842">
     <span class='ocr_line' id='line_1_43' title="bbox 1948 1780 3522 1842; baseline 0.005 -8"><span class='ocrx_word' id='word_1_329' title='bbox 1948 1796 2065 1836; x_wconf 86' lang='lat' dir='ltr'><strong>nes.</strong></span> <span class='ocrx_word' id='word_1_330' title='bbox 2096 1780 2363 1838; x_wconf 70' lang='lat' dir='ltr'><strong>I‘raaterea</strong></span> <span class='ocrx_word' id='word_1_331' title='bbox 2394 1785 2444 1838; x_wconf 91' lang='lat' dir='ltr'><strong>in</strong></span> <span class='ocrx_word' id='word_1_332' title='bbox 2470 1786 2692 1841; x_wconf 89' lang='lat' dir='ltr'><strong>nomine</strong></span> <span class='ocrx_word' id='word_1_333' title='bbox 2732 1785 2859 1841; x_wconf 82' lang='lat' dir='ltr'><strong>Jesu</strong></span> <span class='ocrx_word' id='word_1_334' title='bbox 2902 1788 3114 1841; x_wconf 88' lang='lat' dir='ltr'><strong>Domini</strong></span> <span class='ocrx_word' id='word_1_335' title='bbox 3143 1790 3312 1842; x_wconf 84' lang='lat' dir='ltr'><strong>nostri</strong></span> <span class='ocrx_word' id='word_1_336' title='bbox 3342 1791 3522 1842; x_wconf 70' lang='lat' dir='ltr'><strong>divina</strong></span> 
     </span>
    </p>
   </div>
   <div class='ocr_carea' id='block_1_44' title="bbox 1951 1874 3522 1945">
    <p class='ocr_par' dir='ltr' id='par_1_44' title="bbox 1951 1874 3522 1945">
     <span class='ocr_line' id='line_1_44' title="bbox 1951 1874 3522 1945; baseline 0.002 -18"><span class='ocrx_word' id='word_1_337' title='bbox 1951 1874 2123 1944; x_wconf 87' lang='lat' dir='ltr'><strong>magis</strong></span> <span class='ocrx_word' id='word_1_338' title='bbox 2157 1877 2263 1944; x_wconf 87' lang='lat' dir='ltr'><strong>ipsi</strong></span> <span class='ocrx_word' id='word_1_339' title='bbox 2314 1877 2520 1944; x_wconf 84' lang='lat' dir='ltr'><strong>operati</strong></span> <span class='ocrx_word' id='word_1_340' title='bbox 2575 1888 2703 1930; x_wconf 90' lang='lat' dir='ltr'><strong>sunt</strong></span> <span class='ocrx_word' id='word_1_341' title='bbox 2758 1879 3065 1945; x_wconf 83' lang='lat' dir='ltr'><strong>miracula;</strong></span> <span class='ocrx_word' id='word_1_342' title='bbox 3104 1889 3157 1933; x_wconf 85' lang='lat' dir='ltr'><strong>et</strong></span> <span class='ocrx_word' id='word_1_343' title='bbox 3214 1896 3319 1933; x_wconf 84' lang='lat' dir='ltr'><strong>non</strong></span> <span class='ocrx_word' id='word_1_344' title='bbox 3350 1881 3522 1933; x_wconf 85' lang='lat' dir='ltr'><strong>solum</strong></span> 
     </span>
    </p>
   </div>
   <div class='ocr_carea' id='block_1_45' title="bbox 1951 1962 3529 2038">
    <p class='ocr_par' dir='ltr' id='par_1_45' title="bbox 1951 1962 3529 2038">
     <span class='ocr_line' id='line_1_45' title="bbox 1951 1962 3529 2038; baseline 0.003 -22"><span class='ocrx_word' id='word_1_345' title='bbox 1951 1962 2213 2019; x_wconf 85' lang='lat' dir='ltr'><strong>Dominus</strong></span> <span class='ocrx_word' id='word_1_346' title='bbox 2245 1981 2433 2035; x_wconf 81' lang='lat' dir='ltr'><strong>preces</strong></span> <span class='ocrx_word' id='word_1_347' title='bbox 2469 1966 2807 2035; x_wconf 84' lang='lat' dir='ltr'><strong>hymnosque</strong></span> <span class='ocrx_word' id='word_1_348' title='bbox 2851 1969 3064 2023; x_wconf 86' lang='lat' dir='ltr'><strong>tradidit</strong></span> <span class='ocrx_word' id='word_1_349' title='bbox 3104 1987 3121 2033; x_wconf 86' lang='lat'><strong><em>;</em></strong></span> <span class='ocrx_word' id='word_1_350' title='bbox 3156 1978 3414 2038; x_wconf 53' lang='lat' dir='ltr'><strong>scriptum</strong></span> <span class='ocrx_word' id='word_1_351' title='bbox 3445 1980 3529 2022; x_wconf 78' lang='lat' dir='ltr'><strong>est</strong></span> 
     </span>
    </p>
   </div>
   <div class='ocr_carea' id='block_1_46' title="bbox 1946 2058 3528 2129">
    <p class='ocr_par' dir='ltr' id='par_1_46' title="bbox 1946 2058 3528 2129">
     <span class='ocr_line' id='line_1_46' title="bbox 1946 2058 3528 2129; baseline -0.001 -17"><span class='ocrx_word' id='word_1_352' title='bbox 1946 2058 2092 2112; x_wconf 88' lang='lat' dir='ltr'><strong>enim</strong></span> <span class='ocrx_word' id='word_1_353' title='bbox 2127 2058 2182 2111; x_wconf 92' lang='lat' dir='ltr'><strong>in</strong></span> <span class='ocrx_word' id='word_1_354' title='bbox 2222 2058 2516 2126; x_wconf 81' lang='lat' dir='ltr'><strong>Evangelio</strong></span> <span class='ocrx_word' id='word_1_355' title='bbox 2562 2076 2578 2112; x_wconf 87' lang='lat'><strong><em>:</em></strong></span> <span class='ocrx_word' id='word_1_356' title='bbox 2621 2076 2638 2108; x_wconf 83' lang='lat' dir='ltr'><strong>t</strong></span> <span class='ocrx_word' id='word_1_357' title='bbox 2679 2059 2741 2113; x_wconf 79' lang='lat' dir='ltr'><strong>Et</strong></span> <span class='ocrx_word' id='word_1_358' title='bbox 2795 2061 2994 2129; x_wconf 82' lang='lat' dir='ltr'><strong>hymno</strong></span> <span class='ocrx_word' id='word_1_359' title='bbox 3054 2060 3221 2123; x_wconf 89' lang='lat' dir='ltr'><strong>dicto,</strong></span> <span class='ocrx_word' id='word_1_360' title='bbox 3279 2063 3528 2112; x_wconf 70' lang='lat' dir='ltr'><strong>exierunt</strong></span> 
     </span>
    </p>
   </div>
   <div class='ocr_carea' id='block_1_47' title="bbox 1954 2149 3529 2222">
    <p class='ocr_par' dir='ltr' id='par_1_47' title="bbox 1954 2149 3529 2222">
     <span class='ocr_line' id='line_1_47' title="bbox 1954 2149 3529 2222; baseline 0.001 -19"><span class='ocrx_word' id='word_1_361' title='bbox 1954 2150 2010 2203; x_wconf 91' lang='lat' dir='ltr'><strong>in</strong></span> <span class='ocrx_word' id='word_1_362' title='bbox 2038 2159 2275 2204; x_wconf 88' lang='lat' dir='ltr'><strong>montem</strong></span> <span class='ocrx_word' id='word_1_363' title='bbox 2300 2149 2409 2204; x_wconf 74' lang='grc' dir='ltr'><strong>Οιὶι</strong></span> <span class='ocrx_word' id='word_1_364' title='bbox 2425 2164 2578 2203; x_wconf 90' lang='lat' dir='ltr'><strong>arum</strong></span> <span class='ocrx_word' id='word_1_365' title='bbox 2605 2167 2621 2218; x_wconf 85' lang='lat'><strong>;</strong></span> <span class='ocrx_word' id='word_1_366' title='bbox 2662 2170 2679 2202; x_wconf 74' lang='grc' dir='ltr'><strong>ι</strong></span> <span class='ocrx_word' id='word_1_367' title='bbox 2714 2152 2806 2205; x_wconf 82' lang='lat' dir='ltr'><strong>sed</strong></span> <span class='ocrx_word' id='word_1_368' title='bbox 2839 2152 2937 2220; x_wconf 82' lang='lat' dir='ltr'><strong>ipsi</strong></span> <span class='ocrx_word' id='word_1_369' title='bbox 2971 2152 3143 2222; x_wconf 88' lang='lat' dir='ltr'><strong>angeli</strong></span> <span class='ocrx_word' id='word_1_370' title='bbox 3174 2160 3225 2204; x_wconf 89' lang='lat' dir='ltr'><strong>et</strong></span> <span class='ocrx_word' id='word_1_371' title='bbox 3284 2162 3529 2220; x_wconf 72' lang='lat' dir='ltr'><strong>pastores</strong></span> 
     </span>
    </p>
   </div>
   <div class='ocr_carea' id='block_1_48' title="bbox 1946 2241 3523 2309">
    <p class='ocr_par' dir='ltr' id='par_1_48' title="bbox 1946 2241 3523 2309">
     <span class='ocr_line' id='line_1_48' title="bbox 1946 2241 3523 2309; baseline -0.001 -13"><span class='ocrx_word' id='word_1_372' title='bbox 1946 2241 2048 2297; x_wconf 89' lang='lat' dir='ltr'><strong>hoc</strong></span> <span class='ocrx_word' id='word_1_373' title='bbox 2110 2243 2474 2296; x_wconf 80' lang='lat' dir='ltr'><strong>exhibuerunt</strong></span> <span class='ocrx_word' id='word_1_374' title='bbox 2506 2244 2557 2296; x_wconf 93' lang='lat' dir='ltr'><strong>in</strong></span> <span class='ocrx_word' id='word_1_375' title='bbox 2590 2243 2872 2296; x_wconf 88' lang='lat' dir='ltr'><strong>nativitate</strong></span> <span class='ocrx_word' id='word_1_376' title='bbox 2930 2243 3226 2297; x_wconf 79' lang='lat' dir='ltr'><strong>Sulvatoris</strong></span> <span class='ocrx_word' id='word_1_377' title='bbox 3281 2244 3523 2309; x_wconf 87' lang='lat' dir='ltr'><strong>Christi;</strong></span> 
     </span>
    </p>
   </div>
   <div class='ocr_carea' id='block_1_49' title="bbox 1944 2332 3529 2401">
    <p class='ocr_par' dir='ltr' id='par_1_49' title="bbox 1944 2332 3529 2401">
     <span class='ocr_line' id='line_1_49' title="bbox 1944 2332 3529 2401; baseline -0.001 -13"><span class='ocrx_word' id='word_1_378' title='bbox 1944 2332 2123 2400; x_wconf 83' lang='lat' dir='ltr'><strong>angeli</strong></span> <span class='ocrx_word' id='word_1_379' title='bbox 2186 2333 2425 2401; x_wconf 87' lang='lat' dir='ltr'><strong>quidem,</strong></span> <span class='ocrx_word' id='word_1_380' title='bbox 2460 2348 2583 2387; x_wconf 91' lang='lat' dir='ltr'><strong>cum</strong></span> <span class='ocrx_word' id='word_1_381' title='bbox 2647 2334 3001 2387; x_wconf 87' lang='lat' dir='ltr'><strong>cecinerunt:</strong></span> <span class='ocrx_word' id='word_1_382' title='bbox 3040 2351 3057 2383; x_wconf 83' lang='lat' dir='ltr'><strong>t</strong></span> <span class='ocrx_word' id='word_1_383' title='bbox 3093 2332 3273 2386; x_wconf 77' lang='lat' dir='ltr'><strong>Gloria</strong></span> <span class='ocrx_word' id='word_1_384' title='bbox 3331 2334 3382 2385; x_wconf 92' lang='lat' dir='ltr'><strong>in</strong></span> <span class='ocrx_word' id='word_1_385' title='bbox 3437 2350 3529 2386; x_wconf 66' lang='lat' dir='ltr'><strong>es-</strong></span> 
     </span>
    </p>
   </div>
   <div class='ocr_carea' id='block_1_50' title="bbox 1953 2421 3532 2491">
    <p class='ocr_par' dir='ltr' id='par_1_50' title="bbox 1953 2421 3532 2491">
     <span class='ocr_line' id='line_1_50' title="bbox 1953 2421 3532 2491; baseline -0.005 -11"><span class='ocrx_word' id='word_1_386' title='bbox 1953 2423 2113 2480; x_wconf 83' lang='lat' dir='ltr'><strong>celsis</strong></span> <span class='ocrx_word' id='word_1_387' title='bbox 2134 2422 2276 2489; x_wconf 87' lang='lat' dir='ltr'><strong>Deo;</strong></span> <span class='ocrx_word' id='word_1_388' title='bbox 2312 2440 2330 2473; x_wconf 74' lang='grc' dir='ltr'><strong>ι</strong></span> <span class='ocrx_word' id='word_1_389' title='bbox 2366 2432 2613 2491; x_wconf 77' lang='lat' dir='ltr'><strong>pastores</strong></span> <span class='ocrx_word' id='word_1_390' title='bbox 2632 2431 2811 2475; x_wconf 91' lang='lat' dir='ltr'><strong>autem</strong></span> <span class='ocrx_word' id='word_1_391' title='bbox 2842 2422 3205 2490; x_wconf 78' lang='lat' dir='ltr'><strong>gloriﬁcantes</strong></span> <span class='ocrx_word' id='word_1_392' title='bbox 3226 2433 3276 2475; x_wconf 89' lang='lat' dir='ltr'><strong>et</strong></span> <span class='ocrx_word' id='word_1_393' title='bbox 3304 2421 3532 2475; x_wconf 72' lang='lat' dir='ltr'><strong>laudauo</strong></span> 
     </span>
    </p>
   </div>
   <div class='ocr_carea' id='block_1_51' title="bbox 1949 2513 3530 2582">
    <p class='ocr_par' dir='ltr' id='par_1_51' title="bbox 1949 2513 3530 2582">
     <span class='ocr_line' id='line_1_51' title="bbox 1949 2513 3530 2582; baseline -0.004 -13"><span class='ocrx_word' id='word_1_394' title='bbox 1949 2523 2030 2571; x_wconf 83' lang='lat' dir='ltr'><strong>tes</strong></span> <span class='ocrx_word' id='word_1_395' title='bbox 2058 2516 2222 2569; x_wconf 88' lang='lat' dir='ltr'><strong>Deum</strong></span> <span class='ocrx_word' id='word_1_396' title='bbox 2244 2514 2296 2567; x_wconf 93' lang='lat' dir='ltr'><strong>in</strong></span> <span class='ocrx_word' id='word_1_397' title='bbox 2315 2513 2569 2568; x_wconf 88' lang='lat' dir='ltr'><strong>omnibus</strong></span> <span class='ocrx_word' id='word_1_398' title='bbox 2586 2528 2707 2582; x_wconf 61' lang='lat' dir='ltr'><strong>qua</strong></span> <span class='ocrx_word' id='word_1_399' title='bbox 2724 2513 3010 2566; x_wconf 82' lang='lat' dir='ltr'><strong>audierant</strong></span> <span class='ocrx_word' id='word_1_400' title='bbox 3029 2523 3080 2567; x_wconf 89' lang='lat' dir='ltr'><strong>et</strong></span> <span class='ocrx_word' id='word_1_401' title='bbox 3097 2515 3337 2567; x_wconf 81' lang='lat' dir='ltr'><strong>viderant</strong></span> <span class='ocrx_word' id='word_1_402' title='bbox 3361 2530 3375 2576; x_wconf 92' lang='lat'><strong>;</strong></span> <span class='ocrx_word' id='word_1_403' title='bbox 3402 2529 3530 2582; x_wconf 56' lang='lat' dir='ltr'><strong>apa-</strong></span> 
     </span>
    </p>
   </div>
   <div class='ocr_carea' id='block_1_52' title="bbox 1949 2604 3530 2674">
    <p class='ocr_par' dir='ltr' id='par_1_52' title="bbox 1949 2604 3530 2674">
     <span class='ocr_line' id='line_1_52' title="bbox 1949 2604 3530 2674; baseline -0.003 -13"><span class='ocrx_word' id='word_1_404' title='bbox 1949 2606 2075 2661; x_wconf 89' lang='lat' dir='ltr'><strong>stoli</strong></span> <span class='ocrx_word' id='word_1_405' title='bbox 2099 2621 2226 2659; x_wconf 80' lang='lat' dir='ltr'><strong>vero</strong></span> <span class='ocrx_word' id='word_1_406' title='bbox 2249 2606 2318 2659; x_wconf 89' lang='lat' dir='ltr'><strong>ita</strong></span> <span class='ocrx_word' id='word_1_407' title='bbox 2347 2604 2591 2659; x_wconf 80' lang='lat' dir='ltr'><strong>fecerunt</strong></span> <span class='ocrx_word' id='word_1_408' title='bbox 2616 2613 2739 2674; x_wconf 89' lang='lat' dir='ltr'><strong>post</strong></span> <span class='ocrx_word' id='word_1_409' title='bbox 2764 2606 3155 2659; x_wconf 79' lang='lat' dir='ltr'><strong>Ascensiouem</strong></span> <span class='ocrx_word' id='word_1_410' title='bbox 3209 2606 3439 2668; x_wconf 89' lang='lat' dir='ltr'><strong>Domini,</strong></span> <span class='ocrx_word' id='word_1_411' title='bbox 3472 2615 3530 2657; x_wconf 91' lang='lat' dir='ltr'><strong>ut</strong></span> 
     </span>
    </p>
   </div>
   <div class='ocr_carea' id='block_1_53' title="bbox 1950 2694 3531 2766">
    <p class='ocr_par' dir='ltr' id='par_1_53' title="bbox 1950 2694 3531 2766">
     <span class='ocr_line' id='line_1_53' title="bbox 1950 2694 3531 2766; baseline -0.002 -15"><span class='ocrx_word' id='word_1_412' title='bbox 1950 2700 2214 2766; x_wconf 88' lang='lat' dir='ltr'><strong>scriptum</strong></span> <span class='ocrx_word' id='word_1_413' title='bbox 2243 2704 2325 2750; x_wconf 88' lang='lat' dir='ltr'><strong>est</strong></span> <span class='ocrx_word' id='word_1_414' title='bbox 2356 2696 2407 2749; x_wconf 94' lang='lat' dir='ltr'><strong>in</strong></span> <span class='ocrx_word' id='word_1_415' title='bbox 2451 2694 2780 2764; x_wconf 70' lang='lat' dir='ltr'><strong>Evangelio:</strong></span> <span class='ocrx_word' id='word_1_416' title='bbox 2821 2715 2836 2747; x_wconf 82' lang='grc' dir='ltr'><strong>ι</strong></span> <span class='ocrx_word' id='word_1_417' title='bbox 2869 2694 3054 2759; x_wconf 81' lang='lat' dir='ltr'><strong>Erant,</strong></span> <span class='ocrx_word' id='word_1_418' title='bbox 3090 2695 3284 2764; x_wconf 81' lang='lat' dir='ltr'><strong>inquit.</strong></span> <span class='ocrx_word' id='word_1_419' title='bbox 3317 2709 3531 2762; x_wconf 76' lang='lat' dir='ltr'><strong>semper</strong></span> 
     </span>
    </p>
   </div>
   <div class='ocr_carea' id='block_1_54' title="bbox 1956 2785 3524 2856">
    <p class='ocr_par' dir='ltr' id='par_1_54' title="bbox 1956 2785 3524 2856">
     <span class='ocr_line' id='line_1_54' title="bbox 1956 2785 3524 2856; baseline -0.004 -14"><span class='ocrx_word' id='word_1_420' title='bbox 1956 2788 2010 2843; x_wconf 92' lang='lat' dir='ltr'><strong>in</strong></span> <span class='ocrx_word' id='word_1_421' title='bbox 2040 2787 2257 2856; x_wconf 88' lang='lat' dir='ltr'><strong>templo,</strong></span> <span class='ocrx_word' id='word_1_422' title='bbox 2287 2787 2567 2841; x_wconf 85' lang='lat' dir='ltr'><strong>laudantes</strong></span> <span class='ocrx_word' id='word_1_423' title='bbox 2584 2795 2637 2839; x_wconf 86' lang='lat' dir='ltr'><strong>et</strong></span> <span class='ocrx_word' id='word_1_424' title='bbox 2663 2786 3039 2840; x_wconf 86' lang='lat' dir='ltr'><strong>benedicentes</strong></span> <span class='ocrx_word' id='word_1_425' title='bbox 3072 2785 3259 2839; x_wconf 84' lang='lat' dir='ltr'><strong>Deum.</strong></span> <span class='ocrx_word' id='word_1_426' title='bbox 3280 2786 3469 2837; x_wconf 74' lang='lat' dir='ltr'><strong>Amen.</strong></span> <span class='ocrx_word' id='word_1_427' title='bbox 3504 2803 3524 2835; x_wconf 71' lang='grc' dir='ltr'><strong>ι</strong></span> 
     </span>
    </p>
   </div>
   <div class='ocr_carea' id='block_1_55' title="bbox 275 2879 3525 2955">
    <p class='ocr_par' dir='ltr' id='par_1_55' title="bbox 275 2879 3525 2955">
     <span class='ocr_line' id='line_1_55' title="bbox 275 2879 3525 2955; baseline 0.004 -23"><span class='ocrx_word' id='word_1_428' title='bbox 275 2879 444 2949; x_wconf 83' lang='grc' dir='ltr'><strong>ευχάς</strong></span> <span class='ocrx_word' id='word_1_429' title='bbox 485 2882 581 2935; x_wconf 73' lang='grc' dir='ltr'><strong>καὶ</strong></span> <span class='ocrx_word' id='word_1_430' title='bbox 631 2881 833 2953; x_wconf 80' lang='grc' dir='ltr'><strong>ὕμνους</strong></span> <span class='ocrx_word' id='word_1_431' title='bbox 868 2884 1330 2955; x_wconf 80' lang='grc' dir='ltr'><strong>παραδεδωκότος,</strong></span> <span class='ocrx_word' id='word_1_432' title='bbox 1383 2903 1401 2936; x_wconf 80' lang='grc' dir='ltr'><strong>ι</strong></span> <span class='ocrx_word' id='word_1_433' title='bbox 1445 2886 1810 2955; x_wconf 82' lang='grc' dir='ltr'><strong>Ὑμνήσαντες</strong></span> <span class='ocrx_word' id='word_1_434' title='bbox 1836 2904 1855 2938; x_wconf 80' lang='lat' dir='ltr'><strong>s</strong></span> <span class='ocrx_word' id='word_1_435' title='bbox 1892 2887 2021 2955; x_wconf 80' lang='grc' dir='ltr'><strong>γὰρ,</strong></span> <span class='ocrx_word' id='word_1_436' title='bbox 2048 2886 2211 2954; x_wconf 79' lang='grc' dir='ltr'><strong>φησὶν</strong></span> <span class='ocrx_word' id='word_1_437' title='bbox 2240 2885 2296 2937; x_wconf 77' lang='grc' dir='ltr'><strong>ἐν</strong></span> <span class='ocrx_word' id='word_1_438' title='bbox 2318 2885 2395 2952; x_wconf 86' lang='grc' dir='ltr'><strong>τῷ</strong></span> <span class='ocrx_word' id='word_1_439' title='bbox 2427 2882 2762 2953; x_wconf 75' lang='grc' dir='ltr'><strong>Εὐαγγελίῳ,</strong></span> <span class='ocrx_word' id='word_1_440' title='bbox 2793 2902 2812 2934; x_wconf 84' lang='grc'><em>‹</em></span> <span class='ocrx_word' id='word_1_441' title='bbox 2842 2882 3063 2951; x_wconf 75' lang='grc' dir='ltr'><strong>ἐξῆλθον</strong></span> <span class='ocrx_word' id='word_1_442' title='bbox 3085 2885 3162 2944; x_wconf 76' lang='grc' dir='ltr'><strong>εἰς</strong></span> <span class='ocrx_word' id='word_1_443' title='bbox 3188 2883 3245 2934; x_wconf 80' lang='grc' dir='ltr'><strong>τὸ</strong></span> <span class='ocrx_word' id='word_1_444' title='bbox 3275 2882 3395 2952; x_wconf 61' lang='grc' dir='ltr'><strong>δρῦς</strong></span> <span class='ocrx_word' id='word_1_445' title='bbox 3416 2880 3525 2934; x_wconf 74' lang='grc' dir='ltr'><strong>τῶν</strong></span> 
     </span>
    </p>
   </div>
   <div class='ocr_carea' id='block_1_56' title="bbox 275 2972 3525 3049">
    <p class='ocr_par' dir='ltr' id='par_1_56' title="bbox 275 2972 3525 3049">
     <span class='ocr_line' id='line_1_56' title="bbox 275 2972 3525 3049; baseline -0 -24"><span class='ocrx_word' id='word_1_446' title='bbox 275 2972 531 3038; x_wconf 80' lang='grc' dir='ltr'><strong>Ἐλαιῶν,</strong></span> <span class='ocrx_word' id='word_1_447' title='bbox 564 2992 581 3025; x_wconf 80' lang='grc' dir='ltr'><strong>ι</strong></span> <span class='ocrx_word' id='word_1_448' title='bbox 607 2974 741 3029; x_wconf 84' lang='grc' dir='ltr'><strong>ἀλλά</strong></span> <span class='ocrx_word' id='word_1_449' title='bbox 762 2976 818 3029; x_wconf 74' lang='grc' dir='ltr'><strong>δὲ</strong></span> <span class='ocrx_word' id='word_1_450' title='bbox 848 2977 1068 3032; x_wconf 74' lang='grc' dir='ltr'><strong>καὶτῶν</strong></span> <span class='ocrx_word' id='word_1_451' title='bbox 1089 2978 1336 3045; x_wconf 87' lang='grc' dir='ltr'><strong>ἀγγέλων</strong></span> <span class='ocrx_word' id='word_1_452' title='bbox 1371 2977 1466 3030; x_wconf 79' lang='grc' dir='ltr'><strong>καὶ</strong></span> <span class='ocrx_word' id='word_1_453' title='bbox 1496 2979 1768 3042; x_wconf 84' lang='grc' dir='ltr'><strong>ποιμένων</strong></span> <span class='ocrx_word' id='word_1_454' title='bbox 1799 2978 1957 3032; x_wconf 84' lang='grc' dir='ltr'><strong>τοῦτο</strong></span> <span class='ocrx_word' id='word_1_455' title='bbox 1976 2976 2410 3049; x_wconf 80' lang='grc' dir='ltr'><strong>παραδειξάντων</strong></span> <span class='ocrx_word' id='word_1_456' title='bbox 2425 2978 2480 3028; x_wconf 85' lang='grc' dir='ltr'><strong>ὲν</strong></span> <span class='ocrx_word' id='word_1_457' title='bbox 2510 2979 2575 3045; x_wconf 79' lang='grc' dir='ltr'><strong>τῇ</strong></span> <span class='ocrx_word' id='word_1_458' title='bbox 2599 2977 2851 3042; x_wconf 79' lang='grc' dir='ltr'><strong>γεννήσει</strong></span> <span class='ocrx_word' id='word_1_459' title='bbox 2872 2974 2963 3027; x_wconf 89' lang='grc' dir='ltr'><strong>τοῦ</strong></span> <span class='ocrx_word' id='word_1_460' title='bbox 2990 2976 3237 3045; x_wconf 81' lang='grc' dir='ltr'><strong>Σωτῆρος</strong></span> <span class='ocrx_word' id='word_1_461' title='bbox 3268 2974 3525 3045; x_wconf 77' lang='grc' dir='ltr'><strong>Χριστοῦ,</strong></span> 
     </span>
    </p>
   </div>
   <div class='ocr_carea' id='block_1_57' title="bbox 276 3062 3527 3139">
    <p class='ocr_par' dir='ltr' id='par_1_57' title="bbox 276 3062 3527 3139">
     <span class='ocr_line' id='line_1_57' title="bbox 276 3062 3527 3139; baseline 0.002 -25"><span class='ocrx_word' id='word_1_462' title='bbox 276 3062 527 3134; x_wconf 86' lang='grc' dir='ltr'><strong>ἀγγέλων</strong></span> <span class='ocrx_word' id='word_1_463' title='bbox 552 3068 651 3137; x_wconf 73' lang='grc' dir='ltr'><strong>μὶν</strong></span> <span class='ocrx_word' id='word_1_464' title='bbox 672 3067 753 3132; x_wconf 80' lang='grc' dir='ltr'><strong>τὸ,</strong></span> <span class='ocrx_word' id='word_1_465' title='bbox 776 3085 794 3119; x_wconf 76' lang='grc' dir='ltr'><strong>ι</strong></span> <span class='ocrx_word' id='word_1_466' title='bbox 822 3067 958 3132; x_wconf 82' lang='grc' dir='ltr'><strong>Δόξα</strong></span> <span class='ocrx_word' id='word_1_467' title='bbox 982 3069 1041 3121; x_wconf 73' lang='grc' dir='ltr'><strong>ὲν</strong></span> <span class='ocrx_word' id='word_1_468' title='bbox 1063 3068 1308 3138; x_wconf 77' lang='grc' dir='ltr'><strong>ὑψίστοις</strong></span> <span class='ocrx_word' id='word_1_469' title='bbox 1333 3070 1472 3138; x_wconf 88' lang='grc' dir='ltr'><strong>Θεῷ,</strong></span> <span class='ocrx_word' id='word_1_470' title='bbox 1506 3088 1526 3123; x_wconf 72' lang='lat' dir='ltr'><strong>s</strong></span> <span class='ocrx_word' id='word_1_471' title='bbox 1552 3070 1995 3139; x_wconf 83' lang='grc' dir='ltr'><strong>δοξολογούντων,</strong></span> <span class='ocrx_word' id='word_1_472' title='bbox 2016 3071 2287 3138; x_wconf 81' lang='grc' dir='ltr'><strong>ποιμένων</strong></span> <span class='ocrx_word' id='word_1_473' title='bbox 2305 3069 2362 3122; x_wconf 75' lang='grc' dir='ltr'><strong>δὲ</strong></span> <span class='ocrx_word' id='word_1_474' title='bbox 2381 3069 2673 3121; x_wconf 78' lang='grc' dir='ltr'><strong>αἰνούντων</strong></span> <span class='ocrx_word' id='word_1_475' title='bbox 2693 3068 2789 3121; x_wconf 82' lang='grc' dir='ltr'><strong>καὶ</strong></span> <span class='ocrx_word' id='word_1_476' title='bbox 2807 3068 3137 3132; x_wconf 74' lang='grc' dir='ltr'><strong>δοξαζόντων</strong></span> <span class='ocrx_word' id='word_1_477' title='bbox 3167 3068 3260 3121; x_wconf 76' lang='grc' dir='ltr'><strong>τὸν</strong></span> <span class='ocrx_word' id='word_1_478' title='bbox 3279 3069 3409 3120; x_wconf 62' lang='grc' dir='ltr'><strong>Θεὸν</strong></span> <span class='ocrx_word' id='word_1_479' title='bbox 3435 3072 3527 3121; x_wconf 75' lang='grc' dir='ltr'><strong>ἐπὶ</strong></span> 
     </span>
    </p>
   </div>
   <div class='ocr_carea' id='block_1_58' title="bbox 278 3155 3528 3235">
    <p class='ocr_par' dir='ltr' id='par_1_58' title="bbox 278 3155 3528 3235">
     <span class='ocr_line' id='line_1_58' title="bbox 278 3155 3528 3235; baseline 0.001 -21"><span class='ocrx_word' id='word_1_480' title='bbox 278 3162 447 3214; x_wconf 78' lang='grc' dir='ltr'><strong>πᾶσιν</strong></span> <span class='ocrx_word' id='word_1_481' title='bbox 474 3155 555 3221; x_wconf 75' lang='grc' dir='ltr'><strong>οἷς</strong></span> <span class='ocrx_word' id='word_1_482' title='bbox 588 3162 827 3231; x_wconf 78' lang='grc' dir='ltr'><strong>ήκουσαν</strong></span> <span class='ocrx_word' id='word_1_483' title='bbox 856 3160 950 3212; x_wconf 75' lang='grc' dir='ltr'><strong>καὶ</strong></span> <span class='ocrx_word' id='word_1_484' title='bbox 972 3155 1115 3212; x_wconf 77' lang='grc' dir='ltr'><strong>εἶδον</strong></span> <span class='ocrx_word' id='word_1_485' title='bbox 1134 3175 1148 3189; x_wconf 81' lang='grc'>⁶</span> <span class='ocrx_word' id='word_1_486' title='bbox 1182 3160 1276 3212; x_wconf 76' lang='grc' dir='ltr'><strong>καὶ</strong></span> <span class='ocrx_word' id='word_1_487' title='bbox 1312 3161 1419 3213; x_wconf 89' lang='grc' dir='ltr'><strong>τῶν</strong></span> <span class='ocrx_word' id='word_1_488' title='bbox 1444 3162 1759 3214; x_wconf 80' lang='grc' dir='ltr'><strong>ἀποστόλων</strong></span> <span class='ocrx_word' id='word_1_489' title='bbox 1786 3160 1943 3214; x_wconf 92' lang='grc' dir='ltr'><strong>τοῦτο</strong></span> <span class='ocrx_word' id='word_1_490' title='bbox 1972 3160 2269 3213; x_wconf 86' lang='grc' dir='ltr'><strong>ποιούντων</strong></span> <span class='ocrx_word' id='word_1_491' title='bbox 2289 3160 2424 3228; x_wconf 72' lang='grc' dir='ltr'><strong>μετὰ</strong></span> <span class='ocrx_word' id='word_1_492' title='bbox 2452 3158 2550 3228; x_wconf 81' lang='grc' dir='ltr'><strong>τὴν</strong></span> <span class='ocrx_word' id='word_1_493' title='bbox 2584 3160 2853 3228; x_wconf 69' lang='grc' dir='ltr'><strong>ἀνάληψιν</strong></span> <span class='ocrx_word' id='word_1_494' title='bbox 2878 3159 2973 3212; x_wconf 81' lang='grc' dir='ltr'><strong>τοῦ</strong></span> <span class='ocrx_word' id='word_1_495' title='bbox 3008 3162 3231 3229; x_wconf 81' lang='grc' dir='ltr'><strong>Κυρίου,</strong></span> <span class='ocrx_word' id='word_1_496' title='bbox 3266 3162 3341 3222; x_wconf 87' lang='grc' dir='ltr'><strong>ὡς</strong></span> <span class='ocrx_word' id='word_1_497' title='bbox 3366 3165 3421 3215; x_wconf 83' lang='grc' dir='ltr'><strong>ἐν</strong></span> <span class='ocrx_word' id='word_1_498' title='bbox 3448 3164 3528 3235; x_wconf 84' lang='grc' dir='ltr'><strong>τῷ</strong></span> 
     </span>
    </p>
   </div>
   <div class='ocr_carea' id='block_1_59' title="bbox 281 3247 3523 3326">
    <p class='ocr_par' dir='ltr' id='par_1_59' title="bbox 281 3247 3523 3326">
     <span class='ocr_line' id='line_1_59' title="bbox 281 3247 3523 3326; baseline -0.001 -18"><span class='ocrx_word' id='word_1_499' title='bbox 281 3252 606 3323; x_wconf 80' lang='grc' dir='ltr'><strong>Εὑαγγελίῳ</strong></span> <span class='ocrx_word' id='word_1_500' title='bbox 636 3253 968 3321; x_wconf 71' lang='grc' dir='ltr'><strong>γέγραπται·</strong></span> <span class='ocrx_word' id='word_1_501' title='bbox 997 3268 1016 3302; x_wconf 80' lang='lat' dir='ltr'><strong>t</strong></span> <span class='ocrx_word' id='word_1_502' title='bbox 1048 3251 1175 3305; x_wconf 83' lang='grc' dir='ltr'><strong>Ὀτι</strong></span> <span class='ocrx_word' id='word_1_503' title='bbox 1197 3258 1292 3305; x_wconf 76' lang='grc' dir='ltr'><strong>καὶ</strong></span> <span class='ocrx_word' id='word_1_504' title='bbox 1318 3247 1459 3322; x_wconf 77' lang='grc' dir='ltr'><strong>ἦσαν</strong></span> <span class='ocrx_word' id='word_1_505' title='bbox 1491 3252 1581 3306; x_wconf 92' lang='grc' dir='ltr'><strong>διά</strong></span> <span class='ocrx_word' id='word_1_506' title='bbox 1602 3252 1801 3316; x_wconf 78' lang='grc' dir='ltr'><strong>παντὸς</strong></span> <span class='ocrx_word' id='word_1_507' title='bbox 1824 3255 1883 3307; x_wconf 76' lang='grc' dir='ltr'><strong>ὲν</strong></span> <span class='ocrx_word' id='word_1_508' title='bbox 1905 3252 1983 3322; x_wconf 81' lang='grc' dir='ltr'><strong>τῷ</strong></span> <span class='ocrx_word' id='word_1_509' title='bbox 2012 3252 2160 3322; x_wconf 83' lang='grc' dir='ltr'><strong>ίερῷ,</strong></span> <span class='ocrx_word' id='word_1_510' title='bbox 2190 3249 2466 3313; x_wconf 76' lang='grc' dir='ltr'><strong>αἰνοῦντες</strong></span> <span class='ocrx_word' id='word_1_511' title='bbox 2488 3251 2580 3302; x_wconf 76' lang='grc' dir='ltr'><strong>καὶ</strong></span> <span class='ocrx_word' id='word_1_512' title='bbox 2602 3249 2952 3317; x_wconf 81' lang='grc' dir='ltr'><strong>εὐλογοῦντες</strong></span> <span class='ocrx_word' id='word_1_513' title='bbox 2975 3252 3064 3303; x_wconf 82' lang='grc' dir='ltr'><strong>τὸν</strong></span> <span class='ocrx_word' id='word_1_514' title='bbox 3085 3250 3241 3305; x_wconf 84' lang='grc' dir='ltr'><strong>Θεὸν.</strong></span> <span class='ocrx_word' id='word_1_515' title='bbox 3269 3253 3466 3323; x_wconf 80' lang='grc' dir='ltr'><strong>Ἀμήν.</strong></span> <span class='ocrx_word' id='word_1_516' title='bbox 3503 3294 3523 3326; x_wconf 72' lang='grc'><strong>,</strong></span> 
     </span>
    </p>
   </div>
   <div class='ocr_carea' id='block_1_60' title="bbox 373 3340 2038 3416">
    <p class='ocr_par' dir='ltr' id='par_1_60' title="bbox 373 3340 2036 3416">
     <span class='ocr_line' id='line_1_60' title="bbox 373 3340 2036 3416; baseline 0 -16"><span class='ocrx_word' id='word_1_517' title='bbox 373 3340 534 3400; x_wconf 69' lang='grc' dir='ltr'><strong>Οὗτοι</strong></span> <span class='ocrx_word' id='word_1_518' title='bbox 606 3343 698 3397; x_wconf 85' lang='grc' dir='ltr'><strong>οῦν</strong></span> <span class='ocrx_word' id='word_1_519' title='bbox 781 3346 961 3407; x_wconf 79' lang='grc' dir='ltr'><strong>πάσας</strong></span> <span class='ocrx_word' id='word_1_520' title='bbox 1034 3345 1133 3409; x_wconf 86' lang='grc' dir='ltr'><strong>τάς</strong></span> <span class='ocrx_word' id='word_1_521' title='bbox 1222 3346 1540 3416; x_wconf 83' lang='grc' dir='ltr'><strong>προσευχὰς</strong></span> <span class='ocrx_word' id='word_1_522' title='bbox 1611 3346 1915 3411; x_wconf 72' lang='grc' dir='ltr'><strong>ταύτας,ο</strong></span> <span class='ocrx_word' id='word_1_523' title='bbox 2020 3346 2036 3400; x_wconf 92' lang='lat' dir='ltr'><strong>l</strong></span> 
     </span>
    </p>
   </div>
   <div class='ocr_carea' id='block_1_61' title="bbox 1861 3340 3526 3416">
    <p class='ocr_par' dir='ltr' id='par_1_61' title="bbox 1872 3344 3526 3414">
     <span class='ocr_line' id='line_1_61' title="bbox 1872 3344 3526 3414; baseline -0.002 -14"><span class='ocrx_word' id='word_1_524' title='bbox 1872 3352 1915 3411; x_wconf 85' lang='lat' dir='ltr'>c</span> <span class='ocrx_word' id='word_1_525' title='bbox 2020 3346 2187 3414; x_wconf 85' lang='lat' dir='ltr'><strong>Igitur</strong></span> <span class='ocrx_word' id='word_1_526' title='bbox 2213 3345 2289 3400; x_wconf 89' lang='lat' dir='ltr'><strong>illi</strong></span> <span class='ocrx_word' id='word_1_527' title='bbox 2334 3344 2619 3414; x_wconf 64' lang='lat' dir='ltr'><strong>(haeretici)</strong></span> <span class='ocrx_word' id='word_1_528' title='bbox 2649 3359 2841 3398; x_wconf 87' lang='lat' dir='ltr'><strong>omnes</strong></span> <span class='ocrx_word' id='word_1_529' title='bbox 2896 3344 3032 3399; x_wconf 86' lang='lat' dir='ltr'><strong>istas</strong></span> <span class='ocrx_word' id='word_1_530' title='bbox 3062 3360 3253 3412; x_wconf 81' lang='lat' dir='ltr'><strong>preces</strong></span> <span class='ocrx_word' id='word_1_531' title='bbox 3282 3348 3526 3400; x_wconf 73' lang='lat' dir='ltr'><strong>divinas-</strong></span> 
     </span>
    </p>
   </div>
   <div class='ocr_carea' id='block_1_62' title="bbox 280 3433 1850 3504">
    <p class='ocr_par' dir='ltr' id='par_1_62' title="bbox 280 3433 1850 3504">
     <span class='ocr_line' id='line_1_62' title="bbox 280 3433 1850 3504; baseline 0 -15"><span class='ocrx_word' id='word_1_532' title='bbox 280 3438 374 3490; x_wconf 66' lang='grc' dir='ltr'><strong>καὶ</strong></span> <span class='ocrx_word' id='word_1_533' title='bbox 418 3439 543 3497; x_wconf 77' lang='grc' dir='ltr'><strong>τοὺς</strong></span> <span class='ocrx_word' id='word_1_534' title='bbox 574 3436 747 3497; x_wconf 90' lang='grc' dir='ltr'><strong>θείους</strong></span> <span class='ocrx_word' id='word_1_535' title='bbox 776 3435 1122 3488; x_wconf 87' lang='grc' dir='ltr'><strong>ἀποσείονται</strong></span> <span class='ocrx_word' id='word_1_536' title='bbox 1186 3433 1409 3504; x_wconf 75' lang='grc' dir='ltr'><strong>ὕμνους.</strong></span> <span class='ocrx_word' id='word_1_537' title='bbox 1477 3439 1586 3490; x_wconf 76' lang='grc' dir='ltr'><strong>Καὶ</strong></span> <span class='ocrx_word' id='word_1_538' title='bbox 1619 3438 1696 3503; x_wconf 86' lang='grc' dir='ltr'><strong>τὸ,</strong></span> <span class='ocrx_word' id='word_1_539' title='bbox 1732 3435 1850 3489; x_wconf 75' lang='grc' dir='ltr'><strong>Πά-</strong></span> 
     </span>
    </p>
   </div>
   <div class='ocr_carea' id='block_1_63' title="bbox 280 3525 1848 3595">
    <p class='ocr_par' dir='ltr' id='par_1_63' title="bbox 280 3525 1848 3595">
     <span class='ocr_line' id='line_1_63' title="bbox 280 3525 1848 3595; baseline -0.001 -15"><span class='ocrx_word' id='word_1_540' title='bbox 280 3544 382 3594; x_wconf 72' lang='lat' dir='ltr'><strong>np</strong></span> <span class='ocrx_word' id='word_1_541' title='bbox 434 3525 627 3595; x_wconf 79' lang='grc' dir='ltr'><strong>ἡμῶν,</strong></span> <span class='ocrx_word' id='word_1_542' title='bbox 682 3525 844 3595; x_wconf 88' lang='grc' dir='ltr'><strong>μόνον</strong></span> <span class='ocrx_word' id='word_1_543' title='bbox 900 3528 979 3588; x_wconf 76' lang='grc' dir='ltr'><strong>είς</strong></span> <span class='ocrx_word' id='word_1_544' title='bbox 1037 3526 1297 3594; x_wconf 81' lang='grc' dir='ltr'><strong>ἀθέτησιν</strong></span> <span class='ocrx_word' id='word_1_545' title='bbox 1354 3528 1463 3579; x_wconf 90' lang='grc' dir='ltr'><strong>τῶν</strong></span> <span class='ocrx_word' id='word_1_546' title='bbox 1508 3528 1682 3581; x_wconf 80' lang='grc' dir='ltr'><strong>ἄλλων</strong></span> <span class='ocrx_word' id='word_1_547' title='bbox 1760 3526 1848 3579; x_wconf 87' lang='grc' dir='ltr'><strong>δέ-</strong></span> 
     </span>
    </p>
   </div>
   <div class='ocr_carea' id='block_1_64' title="bbox 277 3617 1846 3690">
    <p class='ocr_par' dir='ltr' id='par_1_64' title="bbox 277 3617 1846 3690">
     <span class='ocr_line' id='line_1_64' title="bbox 277 3617 1846 3690; baseline -0.001 -19"><span class='ocrx_word' id='word_1_548' title='bbox 277 3619 675 3689; x_wconf 83' lang='grc' dir='ltr'><strong>χονταιδῆθεν.</strong></span> <span class='ocrx_word' id='word_1_549' title='bbox 729 3617 889 3670; x_wconf 77' lang='grc' dir='ltr'><strong>Ἀλλὰ</strong></span> <span class='ocrx_word' id='word_1_550' title='bbox 940 3617 1033 3670; x_wconf 75' lang='grc' dir='ltr'><strong>καὶ</strong></span> <span class='ocrx_word' id='word_1_551' title='bbox 1085 3619 1195 3670; x_wconf 83' lang='grc' dir='ltr'><strong>τῶν</strong></span> <span class='ocrx_word' id='word_1_552' title='bbox 1261 3620 1554 3690; x_wconf 73' lang='grc' dir='ltr'><strong>προφητῶν</strong></span> <span class='ocrx_word' id='word_1_553' title='bbox 1604 3620 1696 3671; x_wconf 73' lang='grc' dir='ltr'><strong>καὶ</strong></span> <span class='ocrx_word' id='word_1_554' title='bbox 1751 3618 1846 3670; x_wconf 88' lang='grc' dir='ltr'><strong>τοῦ</strong></span> 
     </span>
    </p>
   </div>
   <div class='ocr_carea' id='block_1_65' title="bbox 276 3707 1839 3774">
    <p class='ocr_par' dir='ltr' id='par_1_65' title="bbox 276 3707 1839 3774">
     <span class='ocr_line' id='line_1_65' title="bbox 276 3707 1839 3774; baseline -0.001 -13"><span class='ocrx_word' id='word_1_555' title='bbox 276 3708 561 3769; x_wconf 80' lang='grc' dir='ltr'><strong>Μωῦσέως</strong></span> <span class='ocrx_word' id='word_1_556' title='bbox 589 3709 714 3771; x_wconf 89' lang='grc' dir='ltr'><strong>τοὺς</strong></span> <span class='ocrx_word' id='word_1_557' title='bbox 752 3707 971 3770; x_wconf 64' lang='grc' dir='ltr'><strong>ἐνθέους</strong></span> <span class='ocrx_word' id='word_1_558' title='bbox 1011 3707 1221 3774; x_wconf 71' lang='grc' dir='ltr'><strong>λόγους,</strong></span> <span class='ocrx_word' id='word_1_559' title='bbox 1260 3709 1355 3761; x_wconf 68' lang='grc' dir='ltr'><strong>καὶ</strong></span> <span class='ocrx_word' id='word_1_560' title='bbox 1378 3707 1472 3760; x_wconf 89' lang='grc' dir='ltr'><strong>τοῦ</strong></span> <span class='ocrx_word' id='word_1_561' title='bbox 1507 3709 1670 3761; x_wconf 71' lang='grc' dir='ltr'><strong>Δαϐὶδ</strong></span> <span class='ocrx_word' id='word_1_562' title='bbox 1711 3708 1839 3772; x_wconf 77' lang='grc' dir='ltr'><strong>τοὺς</strong></span> 
     </span>
    </p>
   </div>
   <div class='ocr_carea' id='block_1_66' title="bbox 277 3798 1841 3871">
    <p class='ocr_par' dir='ltr' id='par_1_66' title="bbox 277 3798 1841 3871">
     <span class='ocr_line' id='line_1_66' title="bbox 277 3798 1841 3871; baseline 0.001 -19"><span class='ocrx_word' id='word_1_563' title='bbox 277 3800 572 3868; x_wconf 79' lang='grc' dir='ltr'><strong>πανιέρους</strong></span> <span class='ocrx_word' id='word_1_564' title='bbox 620 3798 869 3868; x_wconf 77' lang='grc' dir='ltr'><strong>ψαλμοὺς</strong></span> <span class='ocrx_word' id='word_1_565' title='bbox 930 3799 1336 3868; x_wconf 82' lang='grc' dir='ltr'><strong>ἀποδεχομένου</strong></span> <span class='ocrx_word' id='word_1_566' title='bbox 1391 3800 1484 3853; x_wconf 83' lang='grc' dir='ltr'><strong>τοῦ</strong></span> <span class='ocrx_word' id='word_1_567' title='bbox 1556 3802 1841 3871; x_wconf 80' lang='grc' dir='ltr'><strong>Σωτῆρος,</strong></span> 
     </span>
    </p>
   </div>
   <div class='ocr_carea' id='block_1_67' title="bbox 280 3887 1846 3960">
    <p class='ocr_par' dir='ltr' id='par_1_67' title="bbox 280 3887 1846 3960">
     <span class='ocr_line' id='line_1_67' title="bbox 280 3887 1846 3960; baseline 0.003 -20"><span class='ocrx_word' id='word_1_568' title='bbox 280 3890 343 3940; x_wconf 67' lang='grc' dir='ltr'><strong>ἐν</strong></span> <span class='ocrx_word' id='word_1_569' title='bbox 376 3889 459 3958; x_wconf 81' lang='grc' dir='ltr'><strong>τῷ</strong></span> <span class='ocrx_word' id='word_1_570' title='bbox 488 3888 667 3956; x_wconf 86' lang='grc' dir='ltr'><strong>λέγειν</strong></span> <span class='ocrx_word' id='word_1_571' title='bbox 698 3887 758 3940; x_wconf 79' lang='grc' dir='ltr'><strong>τὸ</strong></span> <span class='ocrx_word' id='word_1_572' title='bbox 788 3887 928 3955; x_wconf 75' lang='grc' dir='ltr'><strong>ἱερὸν</strong></span> <span class='ocrx_word' id='word_1_573' title='bbox 956 3887 1289 3955; x_wconf 82' lang='grc' dir='ltr'><strong>Εὐαγγέλιον</strong></span> <span class='ocrx_word' id='word_1_574' title='bbox 1341 3891 1469 3960; x_wconf 83' lang='grc' dir='ltr'><strong>περὶ</strong></span> <span class='ocrx_word' id='word_1_575' title='bbox 1514 3890 1677 3943; x_wconf 77' lang='grc' dir='ltr'><strong>αὑτοῦ</strong></span> <span class='ocrx_word' id='word_1_576' title='bbox 1700 3931 1715 3955; x_wconf 88' lang='grc'><strong>,</strong></span> <span class='ocrx_word' id='word_1_577' title='bbox 1764 3894 1846 3944; x_wconf 78' lang='grc' dir='ltr'><strong>δτι</strong></span> 
     </span>
    </p>
   </div>
   <div class='ocr_carea' id='block_1_68' title="bbox 282 3976 1844 4045">
    <p class='ocr_par' dir='ltr' id='par_1_68' title="bbox 282 3976 1844 4045">
     <span class='ocr_line' id='line_1_68' title="bbox 282 3976 1844 4045; baseline 0.002 -17"><span class='ocrx_word' id='word_1_578' title='bbox 282 3994 305 4028; x_wconf 76' lang='grc' dir='ltr'><strong>ε</strong></span> <span class='ocrx_word' id='word_1_579' title='bbox 347 3978 458 4030; x_wconf 77' lang='grc' dir='ltr'><strong>Καὶ</strong></span> <span class='ocrx_word' id='word_1_580' title='bbox 480 3976 785 4045; x_wconf 80' lang='grc' dir='ltr'><strong>ἀρξάμενος</strong></span> <span class='ocrx_word' id='word_1_581' title='bbox 843 3977 953 4029; x_wconf 85' lang='grc' dir='ltr'><strong>ἀπὸ</strong></span> <span class='ocrx_word' id='word_1_582' title='bbox 990 3977 1273 4040; x_wconf 83' lang='grc' dir='ltr'><strong>Μωῦσέως</strong></span> <span class='ocrx_word' id='word_1_583' title='bbox 1315 3980 1411 4031; x_wconf 77' lang='grc' dir='ltr'><strong>καὶ</strong></span> <span class='ocrx_word' id='word_1_584' title='bbox 1451 3979 1559 4031; x_wconf 84' lang='grc' dir='ltr'><strong>ἀπὸ</strong></span> <span class='ocrx_word' id='word_1_585' title='bbox 1624 3981 1844 4033; x_wconf 80' lang='grc' dir='ltr'><strong>πάντων</strong></span> 
     </span>
    </p>
   </div>
   <div class='ocr_carea' id='block_1_69' title="bbox 271 4067 1843 4139">
    <p class='ocr_par' dir='ltr' id='par_1_69' title="bbox 271 4067 1843 4139">
     <span class='ocr_line' id='line_1_69' title="bbox 271 4067 1843 4139; baseline 0.002 -19"><span class='ocrx_word' id='word_1_586' title='bbox 271 4067 391 4120; x_wconf 83' lang='grc' dir='ltr'><strong>τῶν</strong></span> <span class='ocrx_word' id='word_1_587' title='bbox 433 4068 752 4139; x_wconf 80' lang='grc' dir='ltr'><strong>προφητῶν,</strong></span> <span class='ocrx_word' id='word_1_588' title='bbox 775 4068 1144 4138; x_wconf 83' lang='grc' dir='ltr'><strong>διηρμήνευεν</strong></span> <span class='ocrx_word' id='word_1_589' title='bbox 1192 4070 1374 4133; x_wconf 79' lang='grc' dir='ltr'><strong>αὐτοῖς</strong></span> <span class='ocrx_word' id='word_1_590' title='bbox 1396 4070 1454 4121; x_wconf 74' lang='grc' dir='ltr'><strong>ὲν</strong></span> <span class='ocrx_word' id='word_1_591' title='bbox 1482 4071 1688 4133; x_wconf 84' lang='grc' dir='ltr'><strong>πάσαις</strong></span> <span class='ocrx_word' id='word_1_592' title='bbox 1721 4074 1843 4131; x_wconf 75' lang='grc' dir='ltr'><strong>ταῖς</strong></span> 
     </span>
    </p>
   </div>
   <div class='ocr_carea' id='block_1_70' title="bbox 276 4159 1844 4229">
    <p class='ocr_par' dir='ltr' id='par_1_70' title="bbox 276 4159 1844 4229">
     <span class='ocr_line' id='line_1_70' title="bbox 276 4159 1844 4229; baseline 0.003 -17"><span class='ocrx_word' id='word_1_593' title='bbox 276 4159 525 4228; x_wconf 75' lang='grc' dir='ltr'><strong>Γραφαῐς</strong></span> <span class='ocrx_word' id='word_1_594' title='bbox 581 4159 652 4213; x_wconf 87' lang='grc' dir='ltr'><strong>τά</strong></span> <span class='ocrx_word' id='word_1_595' title='bbox 699 4160 829 4228; x_wconf 78' lang='grc' dir='ltr'><strong>περὶ</strong></span> <span class='ocrx_word' id='word_1_596' title='bbox 862 4159 1097 4214; x_wconf 77' lang='grc' dir='ltr'><strong>ἑαυτοῦο</strong></span> <span class='ocrx_word' id='word_1_597' title='bbox 1142 4178 1161 4211; x_wconf 73' lang='grc' dir='ltr'><strong>ι</strong></span> <span class='ocrx_word' id='word_1_598' title='bbox 1217 4162 1310 4215; x_wconf 78' lang='grc' dir='ltr'><strong>καὶ</strong></span> <span class='ocrx_word' id='word_1_599' title='bbox 1345 4161 1512 4215; x_wconf 80' lang='grc' dir='ltr'><strong>αὑτοῦ</strong></span> <span class='ocrx_word' id='word_1_600' title='bbox 1572 4162 1844 4229; x_wconf 76' lang='grc' dir='ltr'><strong>λέγοντος,</strong></span> 
     </span>
    </p>
   </div>
   <div class='ocr_carea' id='block_1_71' title="bbox 284 4243 1840 4322">
    <p class='ocr_par' dir='ltr' id='par_1_71' title="bbox 284 4243 1840 4322">
     <span class='ocr_line' id='line_1_71' title="bbox 284 4243 1840 4322; baseline 0.003 -20"><span class='ocrx_word' id='word_1_601' title='bbox 284 4269 305 4302; x_wconf 73' lang='grc' dir='ltr'><strong>ε</strong></span> <span class='ocrx_word' id='word_1_602' title='bbox 331 4243 492 4304; x_wconf 80' lang='grc' dir='ltr'><strong>Οῦτοι</strong></span> <span class='ocrx_word' id='word_1_603' title='bbox 530 4251 581 4304; x_wconf 82' lang='grc' dir='ltr'><strong>οἱ</strong></span> <span class='ocrx_word' id='word_1_604' title='bbox 607 4251 755 4319; x_wconf 88' lang='grc' dir='ltr'><strong>λόγοι</strong></span> <span class='ocrx_word' id='word_1_605' title='bbox 785 4249 880 4312; x_wconf 82' lang='grc' dir='ltr'><strong>οὓς</strong></span> <span class='ocrx_word' id='word_1_606' title='bbox 909 4250 1148 4320; x_wconf 70' lang='grc' dir='ltr'><strong>ἐλάλησα</strong></span> <span class='ocrx_word' id='word_1_607' title='bbox 1176 4254 1312 4321; x_wconf 73' lang='grc' dir='ltr'><strong>πρὸς</strong></span> <span class='ocrx_word' id='word_1_608' title='bbox 1341 4252 1484 4322; x_wconf 78' lang='grc' dir='ltr'><strong>ὑμᾶς</strong></span> <span class='ocrx_word' id='word_1_609' title='bbox 1513 4252 1593 4305; x_wconf 75' lang='grc' dir='ltr'><strong>ἔτι</strong></span> <span class='ocrx_word' id='word_1_610' title='bbox 1623 4253 1697 4305; x_wconf 87' lang='grc' dir='ltr'><strong>ῶν</strong></span> <span class='ocrx_word' id='word_1_611' title='bbox 1740 4256 1840 4306; x_wconf 76' lang='grc' dir='ltr'><strong>σὺν</strong></span> 
     </span>
    </p>
   </div>
   <div class='ocr_carea' id='block_1_72' title="bbox 278 4339 1843 4410">
    <p class='ocr_par' dir='ltr' id='par_1_72' title="bbox 278 4339 1843 4410">
     <span class='ocr_line' id='line_1_72' title="bbox 278 4339 1843 4410; baseline 0.001 -18"><span class='ocrx_word' id='word_1_612' title='bbox 278 4341 431 4409; x_wconf 73' lang='grc' dir='ltr'><strong>ὑμῖν,</strong></span> <span class='ocrx_word' id='word_1_613' title='bbox 462 4340 545 4393; x_wconf 83' lang='grc' dir='ltr'><strong>ὅτι</strong></span> <span class='ocrx_word' id='word_1_614' title='bbox 565 4340 646 4392; x_wconf 79' lang='grc' dir='ltr'><strong>δεῖ</strong></span> <span class='ocrx_word' id='word_1_615' title='bbox 669 4339 1028 4409; x_wconf 80' lang='grc' dir='ltr'><strong>πληρωθῆναι</strong></span> <span class='ocrx_word' id='word_1_616' title='bbox 1060 4340 1241 4393; x_wconf 84' lang='grc' dir='ltr'><strong>πάντα</strong></span> <span class='ocrx_word' id='word_1_617' title='bbox 1271 4342 1339 4393; x_wconf 87' lang='grc' dir='ltr'><strong>τά</strong></span> <span class='ocrx_word' id='word_1_618' title='bbox 1383 4343 1747 4410; x_wconf 81' lang='grc' dir='ltr'><strong>γεγραμμένα</strong></span> <span class='ocrx_word' id='word_1_619' title='bbox 1785 4344 1843 4393; x_wconf 81' lang='grc' dir='ltr'><strong>ὲν</strong></span> 
     </span>
    </p>
   </div>
   <div class='ocr_carea' id='block_1_73' title="bbox 272 4431 1844 4502">
    <p class='ocr_par' dir='ltr' id='par_1_73' title="bbox 272 4431 1844 4502">
     <span class='ocr_line' id='line_1_73' title="bbox 272 4431 1844 4502; baseline 0 -18"><span class='ocrx_word' id='word_1_620' title='bbox 272 4431 354 4501; x_wconf 83' lang='grc' dir='ltr'><strong>τῷ</strong></span> <span class='ocrx_word' id='word_1_621' title='bbox 385 4432 534 4501; x_wconf 86' lang='grc' dir='ltr'><strong>νόμῳ</strong></span> <span class='ocrx_word' id='word_1_622' title='bbox 570 4431 814 4492; x_wconf 81' lang='grc' dir='ltr'><strong>Μωσέως</strong></span> <span class='ocrx_word' id='word_1_623' title='bbox 845 4432 939 4482; x_wconf 77' lang='grc' dir='ltr'><strong>καὶ</strong></span> <span class='ocrx_word' id='word_1_624' title='bbox 971 4432 1281 4501; x_wconf 82' lang='grc' dir='ltr'><strong>προφήταις</strong></span> <span class='ocrx_word' id='word_1_625' title='bbox 1315 4433 1407 4484; x_wconf 75' lang='grc' dir='ltr'><strong>καὶ</strong></span> <span class='ocrx_word' id='word_1_626' title='bbox 1455 4432 1687 4501; x_wconf 74' lang='grc' dir='ltr'><strong>ψαλμοῖς</strong></span> <span class='ocrx_word' id='word_1_627' title='bbox 1713 4433 1844 4502; x_wconf 81' lang='grc' dir='ltr'><strong>περὶ</strong></span> 
     </span>
    </p>
   </div>
   <div class='ocr_carea' id='block_1_74' title="bbox 273 4516 1844 4593">
    <p class='ocr_par' dir='ltr' id='par_1_74' title="bbox 273 4516 1844 4593">
     <span class='ocr_line' id='line_1_74' title="bbox 273 4516 1844 4593; baseline -0.001 -18"><span class='ocrx_word' id='word_1_628' title='bbox 273 4522 438 4592; x_wconf 70' lang='grc' dir='ltr'><strong>ἐμοῦ,</strong></span> <span class='ocrx_word' id='word_1_629' title='bbox 479 4540 498 4574; x_wconf 72' lang='grc' dir='ltr'><strong>ι</strong></span> <span class='ocrx_word' id='word_1_630' title='bbox 533 4516 681 4575; x_wconf 82' lang='grc' dir='ltr'><strong>οῦτοι</strong></span> <span class='ocrx_word' id='word_1_631' title='bbox 752 4521 965 4585; x_wconf 89' lang='grc' dir='ltr'><strong>ἀσεϐῶς</strong></span> <span class='ocrx_word' id='word_1_632' title='bbox 1013 4521 1261 4574; x_wconf 86' lang='grc' dir='ltr'><strong>ἀθετοῦσι</strong></span> <span class='ocrx_word' id='word_1_633' title='bbox 1308 4521 1520 4575; x_wconf 86' lang='grc' dir='ltr'><strong>ταῦτα⁹</strong></span> <span class='ocrx_word' id='word_1_634' title='bbox 1568 4523 1663 4576; x_wconf 76' lang='grc' dir='ltr'><strong>καὶ</strong></span> <span class='ocrx_word' id='word_1_635' title='bbox 1715 4525 1844 4593; x_wconf 80' lang='grc' dir='ltr'><strong>περὶ</strong></span> 
     </span>
    </p>
   </div>
   <div class='ocr_carea' id='block_1_75' title="bbox 1951 3435 3525 3507">
    <p class='ocr_par' dir='ltr' id='par_1_75' title="bbox 1951 3435 3525 3507">
     <span class='ocr_line' id='line_1_75' title="bbox 1951 3435 3525 3507; baseline 0.001 -17"><span class='ocrx_word' id='word_1_636' title='bbox 1951 3454 2057 3507; x_wconf 85' lang='lat' dir='ltr'><strong>que</strong></span> <span class='ocrx_word' id='word_1_637' title='bbox 2096 3446 2359 3505; x_wconf 83' lang='lat' dir='ltr'><strong>respuunt</strong></span> <span class='ocrx_word' id='word_1_638' title='bbox 2390 3437 2636 3506; x_wconf 85' lang='lat' dir='ltr'><strong>hymnos,</strong></span> <span class='ocrx_word' id='word_1_639' title='bbox 2665 3435 2987 3504; x_wconf 53' lang='lat' dir='ltr'><strong>exterisque</strong></span> <span class='ocrx_word' id='word_1_640' title='bbox 3049 3437 3314 3504; x_wconf 90' lang='lat' dir='ltr'><strong>abjectis,</strong></span> <span class='ocrx_word' id='word_1_641' title='bbox 3356 3440 3525 3492; x_wconf 85' lang='lat' dir='ltr'><strong>solam</strong></span> 
     </span>
    </p>
   </div>
   <div class='ocr_carea' id='block_1_76' title="bbox 1951 3526 3527 3597">
    <p class='ocr_par' dir='ltr' id='par_1_76' title="bbox 1951 3526 3527 3597">
     <span class='ocr_line' id='line_1_76' title="bbox 1951 3526 3527 3597; baseline 0.001 -15"><span class='ocrx_word' id='word_1_642' title='bbox 1951 3528 2250 3582; x_wconf 88' lang='lat' dir='ltr'><strong>orationem</strong></span> <span class='ocrx_word' id='word_1_643' title='bbox 2277 3526 2436 3580; x_wconf 82' lang='lat' dir='ltr'><strong>Pater</strong></span> <span class='ocrx_word' id='word_1_644' title='bbox 2484 3536 2658 3579; x_wconf 84' lang='lat' dir='ltr'><strong>noster</strong></span> <span class='ocrx_word' id='word_1_645' title='bbox 2707 3526 3026 3596; x_wconf 87' lang='lat' dir='ltr'><strong>accipiunt;</strong></span> <span class='ocrx_word' id='word_1_646' title='bbox 3067 3528 3292 3597; x_wconf 87' lang='lat' dir='ltr'><strong>insuper</strong></span> <span class='ocrx_word' id='word_1_647' title='bbox 3344 3530 3527 3583; x_wconf 77' lang='lat' dir='ltr'><strong>divina</strong></span> 
     </span>
    </p>
   </div>
   <div class='ocr_carea' id='block_1_77' title="bbox 1949 3619 3527 3691">
    <p class='ocr_par' dir='ltr' id='par_1_77' title="bbox 1949 3619 3527 3691">
     <span class='ocr_line' id='line_1_77' title="bbox 1949 3619 3527 3691; baseline -0.001 -17"><span class='ocrx_word' id='word_1_648' title='bbox 1949 3626 2333 3691; x_wconf 86' lang='lat' dir='ltr'><strong>prophetarum</strong></span> <span class='ocrx_word' id='word_1_649' title='bbox 2361 3619 2668 3690; x_wconf 83' lang='lat' dir='ltr'><strong>Muysisque</strong></span> <span class='ocrx_word' id='word_1_650' title='bbox 2704 3620 2867 3673; x_wconf 76' lang='lat' dir='ltr'><strong>verba</strong></span> <span class='ocrx_word' id='word_1_651' title='bbox 2906 3620 3393 3690; x_wconf 86' lang='lat' dir='ltr'><strong>sanctissimosque</strong></span> <span class='ocrx_word' id='word_1_652' title='bbox 3426 3621 3527 3673; x_wconf 70' lang='lat' dir='ltr'><strong>Du-</strong></span> 
     </span>
    </p>
   </div>
   <div class='ocr_carea' id='block_1_78' title="bbox 1948 3710 3524 3781">
    <p class='ocr_par' dir='ltr' id='par_1_78' title="bbox 1948 3710 3524 3781">
     <span class='ocr_line' id='line_1_78' title="bbox 1948 3710 3524 3781; baseline 0.001 -16"><span class='ocrx_word' id='word_1_653' title='bbox 1948 3712 2087 3766; x_wconf 82' lang='lat' dir='ltr'><strong>vidis</strong></span> <span class='ocrx_word' id='word_1_654' title='bbox 2120 3712 2371 3777; x_wconf 83' lang='lat' dir='ltr'><strong>psalmos,</strong></span> <span class='ocrx_word' id='word_1_655' title='bbox 2392 3712 2765 3781; x_wconf 64' lang='lat' dir='ltr'><strong>quaalaudavit</strong></span> <span class='ocrx_word' id='word_1_656' title='bbox 2794 3710 3038 3765; x_wconf 82' lang='lat' dir='ltr'><strong>Salvator</strong></span> <span class='ocrx_word' id='word_1_657' title='bbox 3066 3714 3524 3781; x_wconf 74' lang='lat' dir='ltr'><strong>quemadmodum</strong></span> 
     </span>
    </p>
   </div>
   <div class='ocr_carea' id='block_1_79' title="bbox 1947 3801 3526 3873">
    <p class='ocr_par' dir='ltr' id='par_1_79' title="bbox 1947 3801 3526 3873">
     <span class='ocr_line' id='line_1_79' title="bbox 1947 3801 3526 3873; baseline -0.001 -16"><span class='ocrx_word' id='word_1_658' title='bbox 1947 3803 2014 3857; x_wconf 83' lang='lat' dir='ltr'><strong>de</strong></span> <span class='ocrx_word' id='word_1_659' title='bbox 2034 3818 2099 3856; x_wconf 90' lang='lat' dir='ltr'><strong>eo</strong></span> <span class='ocrx_word' id='word_1_660' title='bbox 2124 3803 2254 3857; x_wconf 83' lang='lat' dir='ltr'><strong>dicit</strong></span> <span class='ocrx_word' id='word_1_661' title='bbox 2288 3803 2668 3872; x_wconf 81' lang='lat' dir='ltr'><strong>Evangelium:</strong></span> <span class='ocrx_word' id='word_1_662' title='bbox 2698 3820 2716 3852; x_wconf 81' lang='grc' dir='ltr'><strong>ι</strong></span> <span class='ocrx_word' id='word_1_663' title='bbox 2756 3801 3021 3870; x_wconf 87' lang='lat' dir='ltr'><strong>Incipiens</strong></span> <span class='ocrx_word' id='word_1_664' title='bbox 3054 3818 3085 3855; x_wconf 90' lang='lat' dir='ltr'><strong>a</strong></span> <span class='ocrx_word' id='word_1_665' title='bbox 3112 3802 3291 3873; x_wconf 78' lang='lat' dir='ltr'><strong>Moyse</strong></span> <span class='ocrx_word' id='word_1_666' title='bbox 3320 3813 3372 3855; x_wconf 90' lang='lat' dir='ltr'><strong>et</strong></span> <span class='ocrx_word' id='word_1_667' title='bbox 3402 3820 3526 3855; x_wconf 87' lang='lat' dir='ltr'><strong>om-</strong></span> 
     </span>
    </p>
   </div>
   <div class='ocr_carea' id='block_1_80' title="bbox 1947 3891 3530 3961">
    <p class='ocr_par' dir='ltr' id='par_1_80' title="bbox 1947 3891 3530 3961">
     <span class='ocr_line' id='line_1_80' title="bbox 1947 3891 3530 3961; baseline -0.001 -16"><span class='ocrx_word' id='word_1_668' title='bbox 1947 3892 1999 3945; x_wconf 91' lang='lat' dir='ltr'><strong>ni</strong></span> <span class='ocrx_word' id='word_1_669' title='bbox 2014 3908 2106 3944; x_wconf 85' lang='lat' dir='ltr'><strong>uus</strong></span> <span class='ocrx_word' id='word_1_670' title='bbox 2129 3894 2422 3961; x_wconf 87' lang='lat' dir='ltr'><strong>pr0phetis,</strong></span> <span class='ocrx_word' id='word_1_671' title='bbox 2444 3891 2904 3961; x_wconf 86' lang='lat' dir='ltr'><strong>interpretabatur</strong></span> <span class='ocrx_word' id='word_1_672' title='bbox 2922 3893 3028 3948; x_wconf 89' lang='lat' dir='ltr'><strong>illis</strong></span> <span class='ocrx_word' id='word_1_673' title='bbox 3044 3894 3095 3946; x_wconf 95' lang='lat' dir='ltr'><strong>in</strong></span> <span class='ocrx_word' id='word_1_674' title='bbox 3116 3896 3364 3947; x_wconf 87' lang='lat' dir='ltr'><strong>omnibus</strong></span> <span class='ocrx_word' id='word_1_675' title='bbox 3381 3894 3530 3947; x_wconf 83' lang='lat' dir='ltr'><strong>Scri.</strong></span> 
     </span>
    </p>
   </div>
   <div class='ocr_carea' id='block_1_81' title="bbox 1952 3987 3519 4056">
    <p class='ocr_par' dir='ltr' id='par_1_81' title="bbox 1952 3987 3519 4056">
     <span class='ocr_line' id='line_1_81' title="bbox 1952 3987 3519 4056; baseline 0.002 -16"><span class='ocrx_word' id='word_1_676' title='bbox 1952 3988 2125 4056; x_wconf 85' lang='lat' dir='ltr'><strong>pturis</strong></span> <span class='ocrx_word' id='word_1_677' title='bbox 2142 4003 2257 4056; x_wconf 73' lang='lat' dir='ltr'><strong>quzr</strong></span> <span class='ocrx_word' id='word_1_678' title='bbox 2283 3989 2349 4039; x_wconf 86' lang='lat' dir='ltr'><strong>de</strong></span> <span class='ocrx_word' id='word_1_679' title='bbox 2386 3989 2501 4054; x_wconf 84' lang='lat' dir='ltr'><strong>ipso</strong></span> <span class='ocrx_word' id='word_1_680' title='bbox 2530 3999 2737 4041; x_wconf 73' lang='lat' dir='ltr'><strong>erant.)</strong></span> <span class='ocrx_word' id='word_1_681' title='bbox 2770 3987 2886 4056; x_wconf 90' lang='lat' dir='ltr'><strong>Ipse</strong></span> <span class='ocrx_word' id='word_1_682' title='bbox 2912 3988 3074 4042; x_wconf 86' lang='lat' dir='ltr'><strong>etiam</strong></span> <span class='ocrx_word' id='word_1_683' title='bbox 3094 3990 3265 4043; x_wconf 83' lang='lat' dir='ltr'><strong>dixit:</strong></span> <span class='ocrx_word' id='word_1_684' title='bbox 3298 4007 3316 4041; x_wconf 76' lang='grc' dir='ltr'><strong>ι</strong></span> <span class='ocrx_word' id='word_1_685' title='bbox 3346 3992 3468 4043; x_wconf 57' lang='lat' dir='ltr'><strong>[hoc</strong></span> <span class='ocrx_word' id='word_1_686' title='bbox 3500 4011 3519 4043; x_wconf 71' lang='grc' dir='ltr'><strong>ε</strong></span> 
     </span>
    </p>
   </div>
   <div class='ocr_carea' id='block_1_82' title="bbox 1949 4078 3522 4145">
    <p class='ocr_par' dir='ltr' id='par_1_82' title="bbox 1949 4078 3522 4145">
     <span class='ocr_line' id='line_1_82' title="bbox 1949 4078 3522 4145; baseline 0.001 -13"><span class='ocrx_word' id='word_1_687' title='bbox 1949 4088 2078 4132; x_wconf 86' lang='lat' dir='ltr'><strong>sunt</strong></span> <span class='ocrx_word' id='word_1_688' title='bbox 2121 4095 2139 4129; x_wconf 86' lang='lat' dir='ltr'><strong>t</strong></span> <span class='ocrx_word' id='word_1_689' title='bbox 2182 4078 2343 4131; x_wconf 85' lang='lat' dir='ltr'><strong>verba</strong></span> <span class='ocrx_word' id='word_1_690' title='bbox 2368 4093 2489 4145; x_wconf 65' lang='lat' dir='ltr'><strong>quae</strong></span> <span class='ocrx_word' id='word_1_691' title='bbox 2531 4079 2742 4132; x_wconf 71' lang='lat' dir='ltr'><strong>let-ntus</strong></span> <span class='ocrx_word' id='word_1_692' title='bbox 2788 4094 2909 4132; x_wconf 89' lang='lat' dir='ltr'><strong>sum</strong></span> <span class='ocrx_word' id='word_1_693' title='bbox 2942 4079 3005 4131; x_wconf 89' lang='lat' dir='ltr'><strong>ad</strong></span> <span class='ocrx_word' id='word_1_694' title='bbox 3039 4094 3154 4143; x_wconf 83' lang='lat' dir='ltr'><strong>vos,</strong></span> <span class='ocrx_word' id='word_1_695' title='bbox 3189 4095 3311 4133; x_wconf 84' lang='lat' dir='ltr'><strong>cum</strong></span> <span class='ocrx_word' id='word_1_696' title='bbox 3344 4082 3522 4134; x_wconf 86' lang='lat' dir='ltr'><strong>adhuc</strong></span> 
     </span>
    </p>
   </div>
   <div class='ocr_carea' id='block_1_83' title="bbox 1946 4170 3520 4240">
    <p class='ocr_par' dir='ltr' id='par_1_83' title="bbox 1946 4170 3520 4240">
     <span class='ocr_line' id='line_1_83' title="bbox 1946 4170 3520 4240; baseline 0.002 -17"><span class='ocrx_word' id='word_1_697' title='bbox 1946 4182 2121 4223; x_wconf 89' lang='lat' dir='ltr'><strong>essem</strong></span> <span class='ocrx_word' id='word_1_698' title='bbox 2188 4170 2490 4234; x_wconf 84' lang='lat' dir='ltr'><strong>vobiscum,</strong></span> <span class='ocrx_word' id='word_1_699' title='bbox 2557 4171 2812 4238; x_wconf 84' lang='lat' dir='ltr'><strong>quoniam</strong></span> <span class='ocrx_word' id='word_1_700' title='bbox 2889 4185 3108 4224; x_wconf 85' lang='lat' dir='ltr'><strong>necessc</strong></span> <span class='ocrx_word' id='word_1_701' title='bbox 3164 4182 3245 4225; x_wconf 87' lang='lat' dir='ltr'><strong>est</strong></span> <span class='ocrx_word' id='word_1_702' title='bbox 3305 4172 3520 4240; x_wconf 72' lang='grc' dir='ltr'><strong>ἱιιιριιςτί</strong></span> 
     </span>
    </p>
   </div>
   <div class='ocr_carea' id='block_1_84' title="bbox 1946 4255 3517 4326">
    <p class='ocr_par' dir='ltr' id='par_1_84' title="bbox 1946 4255 3517 4326">
     <span class='ocr_line' id='line_1_84' title="bbox 1946 4255 3517 4326; baseline 0 -15"><span class='ocrx_word' id='word_1_703' title='bbox 1946 4258 2126 4311; x_wconf 89' lang='lat' dir='ltr'><strong>omnia</strong></span> <span class='ocrx_word' id='word_1_704' title='bbox 2160 4272 2279 4324; x_wconf 66' lang='lat' dir='ltr'><strong>qua:</strong></span> <span class='ocrx_word' id='word_1_705' title='bbox 2312 4258 2512 4326; x_wconf 85' lang='lat' dir='ltr'><strong>scripta</strong></span> <span class='ocrx_word' id='word_1_706' title='bbox 2540 4267 2662 4311; x_wconf 91' lang='lat' dir='ltr'><strong>sunt</strong></span> <span class='ocrx_word' id='word_1_707' title='bbox 2707 4257 2758 4310; x_wconf 91' lang='lat' dir='ltr'><strong>in</strong></span> <span class='ocrx_word' id='word_1_708' title='bbox 2783 4257 2897 4325; x_wconf 81' lang='lat' dir='ltr'><strong>lege</strong></span> <span class='ocrx_word' id='word_1_709' title='bbox 2926 4257 3093 4325; x_wconf 83' lang='lat' dir='ltr'><strong>Moysi</strong></span> <span class='ocrx_word' id='word_1_710' title='bbox 3125 4267 3174 4311; x_wconf 92' lang='lat' dir='ltr'><strong>ct</strong></span> <span class='ocrx_word' id='word_1_711' title='bbox 3214 4255 3517 4325; x_wconf 78' lang='lat' dir='ltr'><strong>Prophetis,</strong></span> 
     </span>
    </p>
   </div>
   <div class='ocr_carea' id='block_1_85' title="bbox 1944 4347 3525 4419">
    <p class='ocr_par' dir='ltr' id='par_1_85' title="bbox 1944 4347 3525 4419">
     <span class='ocr_line' id='line_1_85' title="bbox 1944 4347 3525 4419; baseline -0.001 -15"><span class='ocrx_word' id='word_1_712' title='bbox 1944 4358 1998 4404; x_wconf 88' lang='lat' dir='ltr'><strong>et</strong></span> <span class='ocrx_word' id='word_1_713' title='bbox 2028 4348 2260 4402; x_wconf 83' lang='lat' dir='ltr'><strong>Psalmis</strong></span> <span class='ocrx_word' id='word_1_714' title='bbox 2305 4349 2372 4403; x_wconf 91' lang='lat' dir='ltr'><strong>de</strong></span> <span class='ocrx_word' id='word_1_715' title='bbox 2432 4365 2536 4402; x_wconf 91' lang='lat' dir='ltr'><strong>me.</strong></span> <span class='ocrx_word' id='word_1_716' title='bbox 2569 4367 2587 4399; x_wconf 77' lang='grc' dir='ltr'><strong>ι</strong></span> <span class='ocrx_word' id='word_1_717' title='bbox 2624 4347 2700 4401; x_wconf 89' lang='lat' dir='ltr'><strong>llli</strong></span> <span class='ocrx_word' id='word_1_718' title='bbox 2762 4359 2940 4401; x_wconf 80' lang='lat' dir='ltr'><strong>autem</strong></span> <span class='ocrx_word' id='word_1_719' title='bbox 2972 4348 3134 4416; x_wconf 80' lang='lat' dir='ltr'><strong>impie</strong></span> <span class='ocrx_word' id='word_1_720' title='bbox 3167 4349 3279 4403; x_wconf 75' lang='lat' dir='ltr'><strong>haec</strong></span> <span class='ocrx_word' id='word_1_721' title='bbox 3333 4365 3525 4419; x_wconf 63' lang='lat' dir='ltr'><strong>asper-</strong></span> 
     </span>
    </p>
   </div>
   <div class='ocr_carea' id='block_1_86' title="bbox 1945 4437 3523 4507">
    <p class='ocr_par' dir='ltr' id='par_1_86' title="bbox 1945 4437 3523 4507">
     <span class='ocr_line' id='line_1_86' title="bbox 1945 4437 3523 4507; baseline -0.001 -15"><span class='ocrx_word' id='word_1_722' title='bbox 1945 4448 2167 4492; x_wconf 91' lang='lat' dir='ltr'><strong>nantur.</strong></span> <span class='ocrx_word' id='word_1_723' title='bbox 2205 4437 2374 4492; x_wconf 88' lang='lat' dir='ltr'><strong>Porro</strong></span> <span class='ocrx_word' id='word_1_724' title='bbox 2416 4440 2481 4492; x_wconf 89' lang='lat' dir='ltr'><strong>de</strong></span> <span class='ocrx_word' id='word_1_725' title='bbox 2522 4441 2725 4492; x_wconf 70' lang='lat' dir='ltr'><strong>sam-tis</strong></span> <span class='ocrx_word' id='word_1_726' title='bbox 2757 4440 3104 4505; x_wconf 70' lang='lat' dir='ltr'><strong>imaginibus,</strong></span> <span class='ocrx_word' id='word_1_727' title='bbox 3146 4456 3250 4492; x_wconf 88' lang='lat' dir='ltr'><strong>non</strong></span> <span class='ocrx_word' id='word_1_728' title='bbox 3310 4440 3523 4507; x_wconf 76' lang='lat' dir='ltr'><strong>Moyses</strong></span> 
     </span>
    </p>
   </div>
   <div class='ocr_carea' id='block_1_87' title="bbox 1956 4529 3525 4600">
    <p class='ocr_par' dir='ltr' id='par_1_87' title="bbox 1956 4529 3525 4600">
     <span class='ocr_line' id='line_1_87' title="bbox 1956 4529 3525 4600; baseline -0.001 -14"><span class='ocrx_word' id='word_1_729' title='bbox 1956 4541 2166 4586; x_wconf 88' lang='lat' dir='ltr'><strong>tantum</strong></span> <span class='ocrx_word' id='word_1_730' title='bbox 2192 4529 2355 4600; x_wconf 74' lang='lat' dir='ltr'><strong>jussit</strong></span> <span class='ocrx_word' id='word_1_731' title='bbox 2391 4530 2443 4582; x_wconf 94' lang='lat' dir='ltr'><strong>in</strong></span> <span class='ocrx_word' id='word_1_732' title='bbox 2470 4530 2671 4582; x_wconf 88' lang='lat' dir='ltr'><strong>honore</strong></span> <span class='ocrx_word' id='word_1_733' title='bbox 2697 4530 2880 4581; x_wconf 79' lang='lat' dir='ltr'><strong>haben</strong></span> <span class='ocrx_word' id='word_1_734' title='bbox 2912 4545 2976 4582; x_wconf 82' lang='lat' dir='ltr'><strong>ex</strong></span> <span class='ocrx_word' id='word_1_735' title='bbox 3002 4532 3315 4584; x_wconf 65' lang='lat' dir='ltr'><strong>caele-tibus</strong></span> <span class='ocrx_word' id='word_1_736' title='bbox 3339 4548 3525 4584; x_wconf 79' lang='lat' dir='ltr'><strong>exent-</strong></span> 
     </span>
    </p>
   </div>
   <div class='ocr_carea' id='block_1_88' title="bbox 274 4615 1939 4691">
    <p class='ocr_par' dir='ltr' id='par_1_88' title="bbox 274 4615 1914 4691">
     <span class='ocr_line' id='line_1_88' title="bbox 274 4615 1914 4691; baseline 0.001 -21"><span class='ocrx_word' id='word_1_737' title='bbox 274 4616 388 4670; x_wconf 83' lang='grc' dir='ltr'><strong>τῶν</strong></span> <span class='ocrx_word' id='word_1_738' title='bbox 440 4615 613 4683; x_wconf 82' lang='grc' dir='ltr'><strong>ἁγίων</strong></span> <span class='ocrx_word' id='word_1_739' title='bbox 668 4616 1089 4684; x_wconf 81' lang='grc' dir='ltr'><strong>είκονισμὰτων,</strong></span> <span class='ocrx_word' id='word_1_740' title='bbox 1144 4616 1205 4668; x_wconf 90' lang='grc' dir='ltr'><strong>ού</strong></span> <span class='ocrx_word' id='word_1_741' title='bbox 1243 4617 1333 4669; x_wconf 88' lang='grc' dir='ltr'><strong>τοῦ</strong></span> <span class='ocrx_word' id='word_1_742' title='bbox 1394 4618 1640 4681; x_wconf 82' lang='grc' dir='ltr'><strong>Μωσέως</strong></span> <span class='ocrx_word' id='word_1_743' title='bbox 1678 4619 1841 4685; x_wconf 88' lang='grc' dir='ltr'><strong>μόνον</strong></span> <span class='ocrx_word' id='word_1_744' title='bbox 1876 4680 1914 4691; x_wconf 85' lang='lat'>_</span> 
     </span>
    </p>
   </div>
   <div class='ocr_carea' id='block_1_89' title="bbox 1850 4615 3515 4691">
    <p class='ocr_par' dir='ltr' id='par_1_89' title="bbox 1876 4619 3515 4691">
     <span class='ocr_line' id='line_1_89' title="bbox 1876 4619 3515 4691; baseline 0.001 -17"><span class='ocrx_word' id='word_1_745' title='bbox 1876 4680 1914 4691; x_wconf 86' lang='lat'>_</span> <span class='ocrx_word' id='word_1_746' title='bbox 1947 4622 2189 4691; x_wconf 88' lang='lat' dir='ltr'><strong>plaribus</strong></span> <span class='ocrx_word' id='word_1_747' title='bbox 2240 4635 2359 4690; x_wconf 81' lang='lat' dir='ltr'><strong>qua:</strong></span> <span class='ocrx_word' id='word_1_748' title='bbox 2418 4628 2578 4673; x_wconf 89' lang='lat' dir='ltr'><strong>erant</strong></span> <span class='ocrx_word' id='word_1_749' title='bbox 2632 4619 2686 4672; x_wconf 90' lang='lat' dir='ltr'><strong>in</strong></span> <span class='ocrx_word' id='word_1_750' title='bbox 2721 4634 2844 4671; x_wconf 84' lang='lat' dir='ltr'><strong>arca</strong></span> <span class='ocrx_word' id='word_1_751' title='bbox 2891 4628 2943 4672; x_wconf 89' lang='lat' dir='ltr'><strong>et</strong></span> <span class='ocrx_word' id='word_1_752' title='bbox 2995 4622 3374 4685; x_wconf 86' lang='lat' dir='ltr'><strong>tabernaculo;</strong></span> <span class='ocrx_word' id='word_1_753' title='bbox 3427 4622 3515 4675; x_wconf 86' lang='lat' dir='ltr'><strong>illa</strong></span> 
     </span>
    </p>
   </div>
   <div class='ocr_carea' id='block_1_90' title="bbox 276 4707 1841 4782">
    <p class='ocr_par' dir='ltr' id='par_1_90' title="bbox 276 4707 1841 4782">
     <span class='ocr_line' id='line_1_90' title="bbox 276 4707 1841 4782; baseline -0.002 -19"><span class='ocrx_word' id='word_1_754' title='bbox 276 4708 743 4779; x_wconf 80' lang='grc' dir='ltr'><strong>νομοθετήσαντος</strong></span> <span class='ocrx_word' id='word_1_755' title='bbox 799 4707 1066 4776; x_wconf 82' lang='grc' dir='ltr'><strong>τιμᾶσθαι</strong></span> <span class='ocrx_word' id='word_1_756' title='bbox 1142 4707 1316 4760; x_wconf 75' lang='grc' dir='ltr'><strong>ταῦτα</strong></span> <span class='ocrx_word' id='word_1_757' title='bbox 1368 4709 1455 4762; x_wconf 84' lang='grc' dir='ltr'><strong>διὰ</strong></span> <span class='ocrx_word' id='word_1_758' title='bbox 1504 4710 1614 4762; x_wconf 88' lang='grc' dir='ltr'><strong>τῶν</strong></span> <span class='ocrx_word' id='word_1_759' title='bbox 1663 4712 1720 4762; x_wconf 86' lang='grc' dir='ltr'><strong>ὲν</strong></span> <span class='ocrx_word' id='word_1_760' title='bbox 1778 4714 1841 4782; x_wconf 80' lang='grc' dir='ltr'><strong>τῇ</strong></span> 
     </span>
    </p>
   </div>
   <div class='ocr_carea' id='block_1_91' title="bbox 279 4800 1846 4872">
    <p class='ocr_par' dir='ltr' id='par_1_91' title="bbox 279 4800 1846 4872">
     <span class='ocr_line' id='line_1_91' title="bbox 279 4800 1846 4872; baseline -0.003 -15"><span class='ocrx_word' id='word_1_761' title='bbox 279 4804 457 4872; x_wconf 77' lang='grc' dir='ltr'><strong>σκηνῇ</strong></span> <span class='ocrx_word' id='word_1_762' title='bbox 484 4802 574 4854; x_wconf 77' lang='grc' dir='ltr'><strong>καὶ</strong></span> <span class='ocrx_word' id='word_1_763' title='bbox 604 4803 669 4871; x_wconf 81' lang='grc' dir='ltr'><strong>τῇ</strong></span> <span class='ocrx_word' id='word_1_764' title='bbox 698 4800 920 4869; x_wconf 88' lang='grc' dir='ltr'><strong>κιϐωτῷ</strong></span> <span class='ocrx_word' id='word_1_765' title='bbox 958 4801 1228 4869; x_wconf 84' lang='grc' dir='ltr'><strong>οὐρανίων</strong></span> <span class='ocrx_word' id='word_1_766' title='bbox 1292 4802 1716 4871; x_wconf 81' lang='grc' dir='ltr'><strong>ἑκμιμημάτων,</strong></span> <span class='ocrx_word' id='word_1_767' title='bbox 1766 4805 1846 4865; x_wconf 82' lang='grc' dir='ltr'><strong>εἰς</strong></span> 
     </span>
    </p>
   </div>
   <div class='ocr_carea' id='block_1_92' title="bbox 275 4888 1847 4963">
    <p class='ocr_par' dir='ltr' id='par_1_92' title="bbox 275 4888 1847 4963">
     <span class='ocr_line' id='line_1_92' title="bbox 275 4888 1847 4963; baseline 0 -16"><span class='ocrx_word' id='word_1_768' title='bbox 275 4896 451 4947; x_wconf 85' lang='grc' dir='ltr'><strong>τύπον</strong></span> <span class='ocrx_word' id='word_1_769' title='bbox 476 4895 584 4961; x_wconf 88' lang='grc' dir='ltr'><strong>γάρ</strong></span> <span class='ocrx_word' id='word_1_770' title='bbox 604 4888 745 4963; x_wconf 81' lang='grc' dir='ltr'><strong>ἦσαν</strong></span> <span class='ocrx_word' id='word_1_771' title='bbox 794 4893 977 4945; x_wconf 70' lang='grc' dir='ltr'><strong>ικεῐνα</strong></span> <span class='ocrx_word' id='word_1_772' title='bbox 1005 4892 1098 4945; x_wconf 91' lang='grc' dir='ltr'><strong>τοῦ</strong></span> <span class='ocrx_word' id='word_1_773' title='bbox 1137 4892 1394 4961; x_wconf 79' lang='grc' dir='ltr'><strong>ούρανοῦ,</strong></span> <span class='ocrx_word' id='word_1_774' title='bbox 1430 4894 1567 4947; x_wconf 81' lang='grc' dir='ltr'><strong>ἀλλᾶ</strong></span> <span class='ocrx_word' id='word_1_775' title='bbox 1617 4895 1711 4946; x_wconf 76' lang='grc' dir='ltr'><strong>καὶ</strong></span> <span class='ocrx_word' id='word_1_776' title='bbox 1759 4895 1847 4948; x_wconf 86' lang='grc' dir='ltr'><strong>διά</strong></span> 
     </span>
    </p>
   </div>
   <div class='ocr_carea' id='block_1_93' title="bbox 277 4983 1844 5054">
    <p class='ocr_par' dir='ltr' id='par_1_93' title="bbox 277 4983 1844 5054">
     <span class='ocr_line' id='line_1_93' title="bbox 277 4983 1844 5054; baseline 0 -18"><span class='ocrx_word' id='word_1_777' title='bbox 277 4986 391 5037; x_wconf 84' lang='grc' dir='ltr'><strong>τῶν</strong></span> <span class='ocrx_word' id='word_1_778' title='bbox 426 4983 678 5050; x_wconf 87' lang='grc' dir='ltr'><strong>γλυπτῶν</strong></span> <span class='ocrx_word' id='word_1_779' title='bbox 717 4984 827 5034; x_wconf 85' lang='grc' dir='ltr'><strong>τῶν</strong></span> <span class='ocrx_word' id='word_1_780' title='bbox 876 4984 1061 5035; x_wconf 79' lang='grc' dir='ltr'><strong>ἐπάνω</strong></span> <span class='ocrx_word' id='word_1_781' title='bbox 1104 4985 1203 5052; x_wconf 78' lang='grc' dir='ltr'><strong>τῆς</strong></span> <span class='ocrx_word' id='word_1_782' title='bbox 1242 4984 1481 5036; x_wconf 84' lang='grc' dir='ltr'><strong>κιϐωτοῦ</strong></span> <span class='ocrx_word' id='word_1_783' title='bbox 1538 4986 1804 5054; x_wconf 84' lang='grc' dir='ltr'><strong>χερουϐίμ</strong></span> <span class='ocrx_word' id='word_1_784' title='bbox 1830 5002 1844 5016; x_wconf 89' lang='grc'><strong>·</strong></span> 
     </span>
    </p>
   </div>
   <div class='ocr_carea' id='block_1_94' title="bbox 281 5073 1838 5144">
    <p class='ocr_par' dir='ltr' id='par_1_94' title="bbox 281 5073 1838 5144">
     <span class='ocr_line' id='line_1_94' title="bbox 281 5073 1838 5144; baseline 0 -16"><span class='ocrx_word' id='word_1_785' title='bbox 281 5077 363 5129; x_wconf 73' lang='grc' dir='ltr'><strong>ιτι</strong></span> <span class='ocrx_word' id='word_1_786' title='bbox 389 5076 446 5128; x_wconf 73' lang='grc' dir='ltr'><strong>δὲ</strong></span> <span class='ocrx_word' id='word_1_787' title='bbox 469 5073 681 5127; x_wconf 75' lang='grc' dir='ltr'><strong>καὶτοῦ</strong></span> <span class='ocrx_word' id='word_1_788' title='bbox 714 5073 863 5126; x_wconf 91' lang='grc' dir='ltr'><strong>θείου</strong></span> <span class='ocrx_word' id='word_1_789' title='bbox 920 5073 1137 5126; x_wconf 85' lang='grc' dir='ltr'><strong>Παύλου</strong></span> <span class='ocrx_word' id='word_1_790' title='bbox 1191 5075 1365 5127; x_wconf 87' lang='grc' dir='ltr'><strong>ταῦτα</strong></span> <span class='ocrx_word' id='word_1_791' title='bbox 1405 5075 1838 5144; x_wconf 80' lang='grc' dir='ltr'><strong>ἀποδεχομένου,</strong></span> 
     </span>
    </p>
   </div>
   <div class='ocr_carea' id='block_1_95' title="bbox 276 5162 1843 5237">
    <p class='ocr_par' dir='ltr' id='par_1_95' title="bbox 276 5162 1843 5237">
     <span class='ocr_line' id='line_1_95' title="bbox 276 5162 1843 5237; baseline -0.001 -15"><span class='ocrx_word' id='word_1_792' title='bbox 276 5162 372 5222; x_wconf 76' lang='grc' dir='ltr'><strong>καὶ</strong></span> <span class='ocrx_word' id='word_1_793' title='bbox 398 5166 622 5237; x_wconf 84' lang='grc' dir='ltr'><strong>πρώτην</strong></span> <span class='ocrx_word' id='word_1_794' title='bbox 649 5166 853 5236; x_wconf 82' lang='grc' dir='ltr'><strong>σκηνὴν</strong></span> <span class='ocrx_word' id='word_1_795' title='bbox 879 5166 1058 5221; x_wconf 86' lang='grc' dir='ltr'><strong>ταῦτα</strong></span> <span class='ocrx_word' id='word_1_796' title='bbox 1115 5167 1424 5231; x_wconf 80' lang='grc' dir='ltr'><strong>καλοῦντος,</strong></span> <span class='ocrx_word' id='word_1_797' title='bbox 1458 5169 1553 5220; x_wconf 81' lang='grc' dir='ltr'><strong>καὶ</strong></span> <span class='ocrx_word' id='word_1_798' title='bbox 1587 5170 1653 5221; x_wconf 75' lang='grc' dir='ltr'><strong>τὰ</strong></span> <span class='ocrx_word' id='word_1_799' title='bbox 1708 5168 1843 5233; x_wconf 82' lang='grc' dir='ltr'><strong>ἐξώ-</strong></span> 
     </span>
    </p>
   </div>
   <div class='ocr_carea' id='block_1_96' title="bbox 274 5258 1844 5330">
    <p class='ocr_par' dir='ltr' id='par_1_96' title="bbox 274 5258 1844 5330">
     <span class='ocr_line' id='line_1_96' title="bbox 274 5258 1844 5330; baseline -0.001 -16"><span class='ocrx_word' id='word_1_800' title='bbox 274 5277 413 5330; x_wconf 77' lang='grc' dir='ltr'><strong>τερα</strong></span> <span class='ocrx_word' id='word_1_801' title='bbox 447 5259 545 5329; x_wconf 68' lang='grc' dir='ltr'><strong>μιν</strong></span> <span class='ocrx_word' id='word_1_802' title='bbox 564 5258 717 5327; x_wconf 66' lang='lat' dir='ltr'><strong>am.</strong></span> <span class='ocrx_word' id='word_1_803' title='bbox 749 5259 815 5311; x_wconf 83' lang='grc' dir='ltr'><strong>τά</strong></span> <span class='ocrx_word' id='word_1_804' title='bbox 848 5258 1102 5326; x_wconf 70' lang='grc' dir='ltr'><strong>ἑνδύτερα</strong></span> <span class='ocrx_word' id='word_1_805' title='bbox 1136 5258 1190 5310; x_wconf 82' lang='grc' dir='ltr'><strong>δὲ</strong></span> <span class='ocrx_word' id='word_1_806' title='bbox 1224 5258 1395 5325; x_wconf 77' lang='grc' dir='ltr'><strong>Ἀγια</strong></span> <span class='ocrx_word' id='word_1_807' title='bbox 1424 5259 1618 5325; x_wconf 68' lang='grc' dir='ltr'><strong>ἁγίων.</strong></span> <span class='ocrx_word' id='word_1_808' title='bbox 1639 5260 1745 5311; x_wconf 79' lang='grc' dir='ltr'><strong>Καὶ</strong></span> <span class='ocrx_word' id='word_1_809' title='bbox 1778 5260 1844 5313; x_wconf 85' lang='grc' dir='ltr'><strong>τά</strong></span> 
     </span>
    </p>
   </div>
   <div class='ocr_carea' id='block_1_97' title="bbox 275 5348 1845 5422">
    <p class='ocr_par' dir='ltr' id='par_1_97' title="bbox 275 5348 1845 5422">
     <span class='ocr_line' id='line_1_97' title="bbox 275 5348 1845 5422; baseline 0 -19"><span class='ocrx_word' id='word_1_810' title='bbox 275 5353 496 5422; x_wconf 79' lang='grc' dir='ltr'><strong>γλυπτά</strong></span> <span class='ocrx_word' id='word_1_811' title='bbox 524 5351 580 5403; x_wconf 76' lang='grc' dir='ltr'><strong>δὲ</strong></span> <span class='ocrx_word' id='word_1_812' title='bbox 609 5350 697 5404; x_wconf 67' lang='grc' dir='ltr'><strong>διὰ</strong></span> <span class='ocrx_word' id='word_1_813' title='bbox 724 5351 781 5404; x_wconf 73' lang='grc' dir='ltr'><strong>τὸ</strong></span> <span class='ocrx_word' id='word_1_814' title='bbox 816 5350 977 5403; x_wconf 85' lang='grc' dir='ltr'><strong>θείων</strong></span> <span class='ocrx_word' id='word_1_815' title='bbox 1005 5350 1206 5412; x_wconf 84' lang='grc' dir='ltr'><strong>τύπους</strong></span> <span class='ocrx_word' id='word_1_816' title='bbox 1234 5348 1397 5413; x_wconf 83' lang='grc' dir='ltr'><strong>εἶναι,</strong></span> <span class='ocrx_word' id='word_1_817' title='bbox 1425 5354 1519 5405; x_wconf 70' lang='grc' dir='ltr'><strong>καὶ</strong></span> <span class='ocrx_word' id='word_1_818' title='bbox 1557 5353 1618 5403; x_wconf 84' lang='grc' dir='ltr'><strong>ού</strong></span> <span class='ocrx_word' id='word_1_819' title='bbox 1653 5352 1845 5421; x_wconf 77' lang='grc' dir='ltr'><strong>δαιμοο</strong></span> 
     </span>
    </p>
   </div>
   <div class='ocr_carea' id='block_1_98' title="bbox 275 5440 1838 5511">
    <p class='ocr_par' dir='ltr' id='par_1_98' title="bbox 275 5440 1838 5511">
     <span class='ocr_line' id='line_1_98' title="bbox 275 5440 1838 5511; baseline -0.003 -14"><span class='ocrx_word' id='word_1_820' title='bbox 275 5443 447 5497; x_wconf 86' lang='grc' dir='ltr'><strong>νικῶν</strong></span> <span class='ocrx_word' id='word_1_821' title='bbox 474 5441 730 5507; x_wconf 83' lang='grc' dir='ltr'><strong>είδώλων,</strong></span> <span class='ocrx_word' id='word_1_822' title='bbox 780 5440 813 5511; x_wconf 82' lang='grc' dir='ltr'>ἦ</span> <span class='ocrx_word' id='word_1_823' title='bbox 866 5440 1196 5511; x_wconf 81' lang='grc' dir='ltr'><strong>ἀστέρων,ἧ</strong></span> <span class='ocrx_word' id='word_1_824' title='bbox 1257 5446 1571 5510; x_wconf 69' lang='grc' dir='ltr'><strong>κτισμάτων</strong></span> <span class='ocrx_word' id='word_1_825' title='bbox 1615 5441 1838 5507; x_wconf 83' lang='grc' dir='ltr'><strong>λοιπῶν,</strong></span> 
     </span>
    </p>
   </div>
   <div class='ocr_carea' id='block_1_99' title="bbox 274 5531 1840 5603">
    <p class='ocr_par' dir='ltr' id='par_1_99' title="bbox 274 5531 1840 5603">
     <span class='ocr_line' id='line_1_99' title="bbox 274 5531 1840 5603; baseline -0.002 -14"><span class='ocrx_word' id='word_1_826' title='bbox 274 5534 451 5589; x_wconf 84' lang='grc' dir='ltr'><strong>ταῦτα</strong></span> <span class='ocrx_word' id='word_1_827' title='bbox 498 5533 606 5603; x_wconf 83' lang='grc' dir='ltr'><strong>γὰρ</strong></span> <span class='ocrx_word' id='word_1_828' title='bbox 664 5531 839 5602; x_wconf 88' lang='grc' dir='ltr'><strong>μιαρά</strong></span> <span class='ocrx_word' id='word_1_829' title='bbox 891 5534 986 5583; x_wconf 76' lang='grc' dir='ltr'><strong>καὶ</strong></span> <span class='ocrx_word' id='word_1_830' title='bbox 1035 5531 1344 5601; x_wconf 82' lang='grc' dir='ltr'><strong>πανασεϐῆ,</strong></span> <span class='ocrx_word' id='word_1_831' title='bbox 1378 5532 1494 5584; x_wconf 79' lang='grc' dir='ltr'><strong>ἀλλ’</strong></span> <span class='ocrx_word' id='word_1_832' title='bbox 1528 5533 1840 5599; x_wconf 87' lang='grc' dir='ltr'><strong>ἀγγελικῶν</strong></span> 
     </span>
    </p>
   </div>
   <div class='ocr_carea' id='block_1_100' title="bbox 273 5622 1832 5695">
    <p class='ocr_par' dir='ltr' id='par_1_100' title="bbox 273 5622 1832 5695">
     <span class='ocr_line' id='line_1_100' title="bbox 273 5622 1832 5695; baseline -0.003 -15"><span class='ocrx_word' id='word_1_833' title='bbox 273 5627 560 5694; x_wconf 81' lang='grc' dir='ltr'><strong>δυνάμεων</strong></span> <span class='ocrx_word' id='word_1_834' title='bbox 595 5624 749 5695; x_wconf 80' lang='grc' dir='ltr'><strong>ἱερὰς</strong></span> <span class='ocrx_word' id='word_1_835' title='bbox 772 5622 1009 5685; x_wconf 86' lang='grc' dir='ltr'><strong>είκόνας,</strong></span> <span class='ocrx_word' id='word_1_836' title='bbox 1037 5622 1310 5692; x_wconf 79' lang='grc' dir='ltr'><strong>χερουϐὶμ</strong></span> <span class='ocrx_word' id='word_1_837' title='bbox 1349 5622 1508 5693; x_wconf 81' lang='grc' dir='ltr'><strong>δόξης</strong></span> <span class='ocrx_word' id='word_1_838' title='bbox 1537 5623 1832 5688; x_wconf 84' lang='grc' dir='ltr'><strong>καλοῦντος</strong></span> 
     </span>
    </p>
   </div>
   <div class='ocr_carea' id='block_1_101' title="bbox 274 5714 1845 5785">
    <p class='ocr_par' dir='ltr' id='par_1_101' title="bbox 274 5714 1845 5785">
     <span class='ocr_line' id='line_1_101' title="bbox 274 5714 1845 5785; baseline -0.002 -13"><span class='ocrx_word' id='word_1_839' title='bbox 274 5715 717 5780; x_wconf 76' lang='grc' dir='ltr'><strong>κατασκιάζοντα</strong></span> <span class='ocrx_word' id='word_1_840' title='bbox 750 5714 811 5769; x_wconf 81' lang='grc' dir='ltr'><strong>τὸ</strong></span> <span class='ocrx_word' id='word_1_841' title='bbox 840 5714 1173 5785; x_wconf 84' lang='grc' dir='ltr'><strong>ίλαστήριον,</strong></span> <span class='ocrx_word' id='word_1_842' title='bbox 1213 5717 1307 5770; x_wconf 80' lang='grc' dir='ltr'><strong>καὶ</strong></span> <span class='ocrx_word' id='word_1_843' title='bbox 1359 5714 1448 5767; x_wconf 74' lang='grc' dir='ltr'><strong>διὰ</strong></span> <span class='ocrx_word' id='word_1_844' title='bbox 1484 5714 1703 5768; x_wconf 86' lang='grc' dir='ltr'><strong>πάντων</strong></span> <span class='ocrx_word' id='word_1_845' title='bbox 1732 5732 1845 5769; x_wconf 79' lang='grc' dir='ltr'><strong>πα-</strong></span> 
     </span>
    </p>
   </div>
   <div class='ocr_carea' id='block_1_102' title="bbox 284 5807 1843 5882">
    <p class='ocr_par' dir='ltr' id='par_1_102' title="bbox 284 5807 1843 5882">
     <span class='ocr_line' id='line_1_102' title="bbox 284 5807 1843 5882; baseline -0.001 -16"><span class='ocrx_word' id='word_1_846' title='bbox 284 5809 654 5882; x_wconf 70' lang='grc' dir='ltr'><strong>ραδεδομένων</strong></span> <span class='ocrx_word' id='word_1_847' title='bbox 699 5807 1124 5880; x_wconf 72' lang='grc' dir='ltr'><strong>προσκυνεῖσθαι</strong></span> <span class='ocrx_word' id='word_1_848' title='bbox 1161 5808 1272 5863; x_wconf 82' lang='grc' dir='ltr'><strong>τῶν</strong></span> <span class='ocrx_word' id='word_1_849' title='bbox 1324 5808 1484 5864; x_wconf 84' lang='grc' dir='ltr'><strong>θείων</strong></span> <span class='ocrx_word' id='word_1_850' title='bbox 1542 5808 1843 5880; x_wconf 78' lang='grc' dir='ltr'><strong>μορφωμά-</strong></span> 
     </span>
    </p>
   </div>
   <div class='ocr_carea' id='block_1_103' title="bbox 1955 4708 3519 4778">
    <p class='ocr_par' dir='ltr' id='par_1_103' title="bbox 1955 4708 3519 4778">
     <span class='ocr_line' id='line_1_103' title="bbox 1955 4708 3519 4778; baseline 0.001 -14"><span class='ocrx_word' id='word_1_851' title='bbox 1955 4712 2101 4765; x_wconf 86' lang='lat' dir='ltr'><strong>enim</strong></span> <span class='ocrx_word' id='word_1_852' title='bbox 2164 4713 2217 4765; x_wconf 84' lang='lat' dir='ltr'><strong>in</strong></span> <span class='ocrx_word' id='word_1_853' title='bbox 2253 4709 2478 4778; x_wconf 85' lang='lat' dir='ltr'><strong>ﬁguram</strong></span> <span class='ocrx_word' id='word_1_854' title='bbox 2536 4708 2660 4763; x_wconf 60' lang='lat' dir='ltr'><strong>caeli</strong></span> <span class='ocrx_word' id='word_1_855' title='bbox 2693 4708 2831 4762; x_wconf 75' lang='lat' dir='ltr'><strong>facta</strong></span> <span class='ocrx_word' id='word_1_856' title='bbox 2879 4720 3034 4764; x_wconf 85' lang='lat' dir='ltr'><strong>erant</strong></span> <span class='ocrx_word' id='word_1_857' title='bbox 3063 4727 3078 4775; x_wconf 89' lang='lat'><strong>;</strong></span> <span class='ocrx_word' id='word_1_858' title='bbox 3108 4711 3199 4763; x_wconf 87' lang='lat' dir='ltr'><strong>sed</strong></span> <span class='ocrx_word' id='word_1_859' title='bbox 3234 4712 3394 4763; x_wconf 89' lang='lat' dir='ltr'><strong>ctiam</strong></span> <span class='ocrx_word' id='word_1_860' title='bbox 3453 4727 3519 4765; x_wconf 81' lang='lat' dir='ltr'><strong>ex</strong></span> 
     </span>
    </p>
   </div>
   <div class='ocr_carea' id='block_1_104' title="bbox 1961 4800 3518 4870">
    <p class='ocr_par' dir='ltr' id='par_1_104' title="bbox 1961 4800 3518 4870">
     <span class='ocr_line' id='line_1_104' title="bbox 1961 4800 3518 4870; baseline 0.001 -14"><span class='ocrx_word' id='word_1_861' title='bbox 1961 4802 2241 4856; x_wconf 84' lang='lat' dir='ltr'><strong>cherubim</strong></span> <span class='ocrx_word' id='word_1_862' title='bbox 2292 4815 2451 4870; x_wconf 87' lang='lat' dir='ltr'><strong>super</strong></span> <span class='ocrx_word' id='word_1_863' title='bbox 2481 4815 2662 4853; x_wconf 87' lang='lat' dir='ltr'><strong>arcam</strong></span> <span class='ocrx_word' id='word_1_864' title='bbox 2691 4800 3023 4868; x_wconf 73' lang='lat' dir='ltr'><strong>exsculptis:</strong></span> <span class='ocrx_word' id='word_1_865' title='bbox 3060 4809 3114 4854; x_wconf 87' lang='lat' dir='ltr'><strong>et</strong></span> <span class='ocrx_word' id='word_1_866' title='bbox 3136 4801 3294 4856; x_wconf 82' lang='lat' dir='ltr'><strong>divus</strong></span> <span class='ocrx_word' id='word_1_867' title='bbox 3318 4800 3518 4857; x_wconf 86' lang='lat' dir='ltr'><strong>Paulus</strong></span> 
     </span>
    </p>
   </div>
   <div class='ocr_carea' id='block_1_105' title="bbox 1956 4872 3522 4961">
    <p class='ocr_par' dir='ltr' id='par_1_105' title="bbox 1956 4872 3522 4961">
     <span class='ocr_line' id='line_1_105' title="bbox 1956 4872 3522 4961; baseline 0 -14"><span class='ocrx_word' id='word_1_868' title='bbox 1956 4893 2069 4947; x_wconf 67' lang='lat' dir='ltr'><strong>lucc</strong></span> <span class='ocrx_word' id='word_1_869' title='bbox 2103 4892 2360 4957; x_wconf 86' lang='lat' dir='ltr'><strong>laudavit,</strong></span> <span class='ocrx_word' id='word_1_870' title='bbox 2398 4892 2485 4944; x_wconf 88' lang='lat' dir='ltr'><strong>illa</strong></span> <span class='ocrx_word' id='word_1_871' title='bbox 2511 4906 2713 4945; x_wconf 85' lang='lat' dir='ltr'><strong>vocans</strong></span> <span class='ocrx_word' id='word_1_872' title='bbox 2743 4892 2890 4961; x_wconf 90' lang='lat' dir='ltr'><strong>prius</strong></span> <span class='ocrx_word' id='word_1_873' title='bbox 2920 4893 3328 4947; x_wconf 82' lang='lat' dir='ltr'><strong>tabernaculum</strong></span> <span class='ocrx_word' id='word_1_874' title='bbox 3356 4903 3408 4947; x_wconf 91' lang='lat' dir='ltr'><strong>et</strong></span> <span class='ocrx_word' id='word_1_875' title='bbox 3428 4872 3522 4948; x_wconf 49' lang='lat' dir='ltr'><strong>es-</strong></span> 
     </span>
    </p>
   </div>
   <div class='ocr_carea' id='block_1_106' title="bbox 1955 4982 3518 5052">
    <p class='ocr_par' dir='ltr' id='par_1_106' title="bbox 1955 4982 3518 5052">
     <span class='ocr_line' id='line_1_106' title="bbox 1955 4982 3518 5052; baseline 0.001 -15"><span class='ocrx_word' id='word_1_876' title='bbox 1955 4983 2149 5038; x_wconf 89' lang='lat' dir='ltr'><strong>teriora</strong></span> <span class='ocrx_word' id='word_1_877' title='bbox 2176 4982 2392 5052; x_wconf 87' lang='lat' dir='ltr'><strong>quidem</strong></span> <span class='ocrx_word' id='word_1_878' title='bbox 2419 4994 2604 5036; x_wconf 81' lang='lat' dir='ltr'><strong>sancta</strong></span> <span class='ocrx_word' id='word_1_879' title='bbox 2631 4982 2835 5046; x_wconf 87' lang='lat' dir='ltr'><strong>dicens,</strong></span> <span class='ocrx_word' id='word_1_880' title='bbox 2869 4984 3125 5037; x_wconf 89' lang='lat' dir='ltr'><strong>interiora</strong></span> <span class='ocrx_word' id='word_1_881' title='bbox 3159 5000 3287 5039; x_wconf 90' lang='lat' dir='ltr'><strong>vero</strong></span> <span class='ocrx_word' id='word_1_882' title='bbox 3319 4985 3518 5039; x_wconf 76' lang='lat' dir='ltr'><strong>Sancta</strong></span> 
     </span>
    </p>
   </div>
   <div class='ocr_carea' id='block_1_107' title="bbox 1954 5076 3521 5145">
    <p class='ocr_par' dir='ltr' id='par_1_107' title="bbox 1954 5076 3521 5145">
     <span class='ocr_line' id='line_1_107' title="bbox 1954 5076 3521 5145; baseline 0.001 -14"><span class='ocrx_word' id='word_1_883' title='bbox 1954 5085 2302 5140; x_wconf 77' lang='lat' dir='ltr'><strong>Sanctorum;</strong></span> <span class='ocrx_word' id='word_1_884' title='bbox 2337 5090 2498 5144; x_wconf 86' lang='lat' dir='ltr'><strong>opera</strong></span> <span class='ocrx_word' id='word_1_885' title='bbox 2538 5083 2719 5129; x_wconf 85' lang='lat' dir='ltr'><strong>autem</strong></span> <span class='ocrx_word' id='word_1_886' title='bbox 2758 5077 3027 5145; x_wconf 79' lang='lat' dir='ltr'><strong>seulptilin</strong></span> <span class='ocrx_word' id='word_1_887' title='bbox 3089 5076 3393 5130; x_wconf 83' lang='lat' dir='ltr'><strong>divinarum</strong></span> <span class='ocrx_word' id='word_1_888' title='bbox 3436 5092 3521 5132; x_wconf 85' lang='lat' dir='ltr'><strong>re-</strong></span> 
     </span>
    </p>
   </div>
   <div class='ocr_carea' id='block_1_108' title="bbox 1953 5164 3515 5235">
    <p class='ocr_par' dir='ltr' id='par_1_108' title="bbox 1953 5164 3515 5235">
     <span class='ocr_line' id='line_1_108' title="bbox 1953 5164 3515 5235; baseline 0.001 -15"><span class='ocrx_word' id='word_1_889' title='bbox 1953 5181 2073 5220; x_wconf 90' lang='lat' dir='ltr'><strong>rum</strong></span> <span class='ocrx_word' id='word_1_890' title='bbox 2097 5172 2252 5218; x_wconf 86' lang='lat' dir='ltr'><strong>erant</strong></span> <span class='ocrx_word' id='word_1_891' title='bbox 2283 5164 2495 5234; x_wconf 67' lang='lat' dir='ltr'><strong>ﬁguras,</strong></span> <span class='ocrx_word' id='word_1_892' title='bbox 2560 5180 2669 5218; x_wconf 89' lang='lat' dir='ltr'><strong>non</strong></span> <span class='ocrx_word' id='word_1_893' title='bbox 2722 5166 2995 5219; x_wconf 89' lang='lat' dir='ltr'><strong>idolorum</strong></span> <span class='ocrx_word' id='word_1_894' title='bbox 3050 5166 3270 5235; x_wconf 87' lang='lat' dir='ltr'><strong>quidem</strong></span> <span class='ocrx_word' id='word_1_895' title='bbox 3314 5167 3515 5221; x_wconf 68' lang='lat' dir='ltr'><strong>daemo-</strong></span> 
     </span>
    </p>
   </div>
   <div class='ocr_carea' id='block_1_109' title="bbox 1953 5255 3516 5319">
    <p class='ocr_par' dir='ltr' id='par_1_109' title="bbox 1953 5255 3516 5319">
     <span class='ocr_line' id='line_1_109' title="bbox 1953 5255 3516 5319; baseline 0.001 -11"><span class='ocrx_word' id='word_1_896' title='bbox 1953 5256 2257 5317; x_wconf 83' lang='lat' dir='ltr'><strong>niacorutn,</strong></span> <span class='ocrx_word' id='word_1_897' title='bbox 2307 5269 2406 5308; x_wconf 86' lang='lat' dir='ltr'><strong>nec</strong></span> <span class='ocrx_word' id='word_1_898' title='bbox 2446 5255 2707 5319; x_wconf 87' lang='lat' dir='ltr'><strong>siderum,</strong></span> <span class='ocrx_word' id='word_1_899' title='bbox 2743 5271 2839 5309; x_wconf 88' lang='lat' dir='ltr'><strong>nec</strong></span> <span class='ocrx_word' id='word_1_900' title='bbox 2856 5256 3086 5309; x_wconf 79' lang='lat' dir='ltr'><strong>aliarum</strong></span> <span class='ocrx_word' id='word_1_901' title='bbox 3115 5266 3516 5319; x_wconf 75' lang='lat' dir='ltr'><strong>creaturarum,</strong></span> 
     </span>
    </p>
   </div>
   <div class='ocr_carea' id='block_1_110' title="bbox 1951 5344 3519 5415">
    <p class='ocr_par' dir='ltr' id='par_1_110' title="bbox 1951 5344 3519 5415">
     <span class='ocr_line' id='line_1_110' title="bbox 1951 5344 3519 5415; baseline 0.003 -18"><span class='ocrx_word' id='word_1_902' title='bbox 1951 5360 2072 5415; x_wconf 67' lang='lat' dir='ltr'><strong>quae</strong></span> <span class='ocrx_word' id='word_1_903' title='bbox 2100 5344 2240 5399; x_wconf 67' lang='lat' dir='ltr'><strong>taeda</strong></span> <span class='ocrx_word' id='word_1_904' title='bbox 2274 5355 2429 5399; x_wconf 87' lang='lat' dir='ltr'><strong>erant</strong></span> <span class='ocrx_word' id='word_1_905' title='bbox 2454 5359 2504 5399; x_wconf 91' lang='lat' dir='ltr'><strong>et</strong></span> <span class='ocrx_word' id='word_1_906' title='bbox 2540 5346 2787 5399; x_wconf 67' lang='lat' dir='ltr'><strong>maximae</strong></span> <span class='ocrx_word' id='word_1_907' title='bbox 2820 5346 3139 5414; x_wconf 88' lang='lat' dir='ltr'><strong>impietatis,</strong></span> <span class='ocrx_word' id='word_1_908' title='bbox 3194 5348 3288 5400; x_wconf 88' lang='lat' dir='ltr'><strong>sed</strong></span> <span class='ocrx_word' id='word_1_909' title='bbox 3317 5360 3519 5402; x_wconf 78' lang='lat' dir='ltr'><strong>sancta:</strong></span> 
     </span>
    </p>
   </div>
   <div class='ocr_carea' id='block_1_111' title="bbox 1950 5437 3571 5507">
    <p class='ocr_par' dir='ltr' id='par_1_111' title="bbox 1950 5437 3571 5507">
     <span class='ocr_line' id='line_1_111' title="bbox 1950 5437 3571 5507; baseline -0.002 -14"><span class='ocrx_word' id='word_1_910' title='bbox 1950 5446 2105 5493; x_wconf 78' lang='lat' dir='ltr'><strong>erant</strong></span> <span class='ocrx_word' id='word_1_911' title='bbox 2161 5437 2526 5507; x_wconf 86' lang='lat' dir='ltr'><strong>angelicarum</strong></span> <span class='ocrx_word' id='word_1_912' title='bbox 2546 5448 2873 5507; x_wconf 84' lang='lat' dir='ltr'><strong>potestatum</strong></span> <span class='ocrx_word' id='word_1_913' title='bbox 2908 5439 3190 5506; x_wconf 80' lang='lat' dir='ltr'><strong>imagines,</strong></span> <span class='ocrx_word' id='word_1_914' title='bbox 3212 5438 3350 5492; x_wconf 89' lang='lat' dir='ltr'><strong>sicut</strong></span> <span class='ocrx_word' id='word_1_915' title='bbox 3376 5439 3519 5506; x_wconf 80' lang='lat' dir='ltr'><strong>Apo-</strong></span> <span class='ocrx_word' id='word_1_916' title='bbox 3560 5442 3571 5453; x_wconf 85' lang='lat'>&#39;</span> 
     </span>
    </p>
   </div>
   <div class='ocr_carea' id='block_1_112' title="bbox 1953 5529 3519 5598">
    <p class='ocr_par' dir='ltr' id='par_1_112' title="bbox 1953 5529 3519 5598">
     <span class='ocr_line' id='line_1_112' title="bbox 1953 5529 3519 5598; baseline -0.003 -15"><span class='ocrx_word' id='word_1_917' title='bbox 1953 5530 2125 5585; x_wconf 82' lang='lat' dir='ltr'><strong>stolus</strong></span> <span class='ocrx_word' id='word_1_918' title='bbox 2178 5529 2466 5598; x_wconf 84' lang='lat' dir='ltr'><strong>appellavit</strong></span> <span class='ocrx_word' id='word_1_919' title='bbox 2509 5529 2787 5583; x_wconf 88' lang='lat' dir='ltr'><strong>cherubim</strong></span> <span class='ocrx_word' id='word_1_920' title='bbox 2843 5529 3274 5598; x_wconf 85' lang='lat' dir='ltr'><strong>propitiatorium</strong></span> <span class='ocrx_word' id='word_1_921' title='bbox 3323 5529 3519 5583; x_wconf 81' lang='lat' dir='ltr'><strong>obum-</strong></span> 
     </span>
    </p>
   </div>
   <div class='ocr_carea' id='block_1_113' title="bbox 1952 5619 3518 5691">
    <p class='ocr_par' dir='ltr' id='par_1_113' title="bbox 1952 5619 3518 5691">
     <span class='ocr_line' id='line_1_113' title="bbox 1952 5619 3518 5691; baseline 0.001 -18"><span class='ocrx_word' id='word_1_922' title='bbox 1952 5620 2137 5674; x_wconf 82' lang='lat' dir='ltr'><strong>brans.</strong></span> <span class='ocrx_word' id='word_1_923' title='bbox 2168 5620 2310 5675; x_wconf 83' lang='lat' dir='ltr'><strong>Idem</strong></span> <span class='ocrx_word' id='word_1_924' title='bbox 2335 5621 2494 5674; x_wconf 89' lang='lat' dir='ltr'><strong>etiam</strong></span> <span class='ocrx_word' id='word_1_925' title='bbox 2531 5621 2724 5675; x_wconf 77' lang='lat' dir='ltr'><strong>indixit</strong></span> <span class='ocrx_word' id='word_1_926' title='bbox 2760 5619 2965 5691; x_wconf 75' lang='lat' dir='ltr'><strong>Moyses</strong></span> <span class='ocrx_word' id='word_1_927' title='bbox 2996 5636 3060 5674; x_wconf 74' lang='lat' dir='ltr'><strong>ex</strong></span> <span class='ocrx_word' id='word_1_928' title='bbox 3088 5621 3339 5675; x_wconf 87' lang='lat' dir='ltr'><strong>omnibus</strong></span> <span class='ocrx_word' id='word_1_929' title='bbox 3382 5622 3518 5674; x_wconf 88' lang='lat' dir='ltr'><strong>divi-</strong></span> 
     </span>
    </p>
   </div>
   <div class='ocr_carea' id='block_1_114' title="bbox 1955 5712 3518 5785">
    <p class='ocr_par' dir='ltr' id='par_1_114' title="bbox 1955 5712 3518 5785">
     <span class='ocr_line' id='line_1_114' title="bbox 1955 5712 3518 5785; baseline -0.001 -18"><span class='ocrx_word' id='word_1_930' title='bbox 1955 5712 2039 5767; x_wconf 90' lang='lat' dir='ltr'><strong>nis</strong></span> <span class='ocrx_word' id='word_1_931' title='bbox 2065 5714 2249 5784; x_wconf 83' lang='lat' dir='ltr'><strong>ﬁguris</strong></span> <span class='ocrx_word' id='word_1_932' title='bbox 2274 5728 2412 5782; x_wconf 89' lang='lat' dir='ltr'><strong>quas</strong></span> <span class='ocrx_word' id='word_1_933' title='bbox 2443 5714 2782 5769; x_wconf 86' lang='lat' dir='ltr'><strong>venerationi</strong></span> <span class='ocrx_word' id='word_1_934' title='bbox 2817 5714 3120 5785; x_wconf 90' lang='lat' dir='ltr'><strong>proposuit,</strong></span> <span class='ocrx_word' id='word_1_935' title='bbox 3146 5723 3201 5767; x_wconf 90' lang='lat' dir='ltr'><strong>ut</strong></span> <span class='ocrx_word' id='word_1_936' title='bbox 3236 5713 3380 5767; x_wconf 88' lang='lat' dir='ltr'><strong>sicut</strong></span> <span class='ocrx_word' id='word_1_937' title='bbox 3400 5712 3518 5767; x_wconf 83' lang='lat' dir='ltr'><strong>ani-</strong></span> 
     </span>
    </p>
   </div>
   <div class='ocr_carea' id='block_1_115' title="bbox 1954 5801 3520 5879">
    <p class='ocr_par' dir='ltr' id='par_1_115' title="bbox 1954 5801 3520 5879">
     <span class='ocr_line' id='line_1_115' title="bbox 1954 5801 3520 5879; baseline -0.001 -16"><span class='ocrx_word' id='word_1_938' title='bbox 1954 5818 2041 5863; x_wconf 84' lang='lat' dir='ltr'><strong>ma</strong></span> <span class='ocrx_word' id='word_1_939' title='bbox 2069 5818 2163 5873; x_wconf 84' lang='lat' dir='ltr'><strong>per</strong></span> <span class='ocrx_word' id='word_1_940' title='bbox 2197 5801 2621 5874; x_wconf 78' lang='lat' dir='ltr'><strong>confessionem,</strong></span> <span class='ocrx_word' id='word_1_941' title='bbox 2661 5806 2737 5865; x_wconf 82' lang='lat' dir='ltr'><strong>ita</strong></span> <span class='ocrx_word' id='word_1_942' title='bbox 2769 5821 2995 5874; x_wconf 87' lang='lat' dir='ltr'><strong>corpore</strong></span> <span class='ocrx_word' id='word_1_943' title='bbox 3027 5821 3124 5879; x_wconf 83' lang='lat' dir='ltr'><strong>per</strong></span> <span class='ocrx_word' id='word_1_944' title='bbox 3153 5822 3214 5864; x_wconf 86' lang='lat' dir='ltr'><strong>ca</strong></span> <span class='ocrx_word' id='word_1_945' title='bbox 3238 5821 3355 5878; x_wconf 79' lang='lat' dir='ltr'><strong>quae</strong></span> <span class='ocrx_word' id='word_1_946' title='bbox 3388 5819 3520 5863; x_wconf 72' lang='grc' dir='ltr'><strong>δοτι-</strong></span> 
     </span>
    </p>
   </div>
  </div>
