4216 6432
710 416 805 477 ῙιΠ

1557 416 1934 476 SYMEONIS
1970 417 2074 475 ΤΠ
2089 415 2258 474 ESSA
2271 417 2720 477 LONICENSIS
2771 418 3124 481 ARCHIEP.

3848 421 3947 482 148

701 541 799 592 tati
831 539 975 593 enim
1031 549 1276 591 creatura
1327 535 1571 604 subjecta
1629 544 1735 600 est,
1774 552 1880 590 non
1923 534 2129 594 Vulens,
2172 531 2264 585 scd
2299 535 2340 591 Α

2299 535 2340 591 Α
2372 536 2547 596 κτίσις
2577 536 2719 604 αῦτη
2769 538 3082 604 γεγένηται,
3139 539 3230 590 καὶ
3283 539 3352 591 δι’
3401 539 3560 591 αὑτὸν
3597 539 3844 608 ὑπέκυψε
3875 544 3942 608 τῇ

699 639 921 698 propter
967 644 1090 682 eum
1126 629 1216 696 qui
1279 627 1509 695 subjecit
1562 644 1681 682 eam
1736 629 1788 680 in
1840 643 1954 695 Spe.
2001 645 2017 676 ι
2056 626 2268 678 Stultus

705 725 887 768 autem
915 715 1159 768 Barlaam
1206 727 1441 769 mentem
1473 717 1524 769 in
1563 717 1872 785 disciplinis
1903 731 2022 784 qua:
2066 714 2130 767 ad
2175 731 2265 765 ar-

703 819 806 861 tem
846 807 1116 873 pertinent
1149 809 1335 862 rudem
1363 818 1594 863 mentem
1627 809 1995 862 irrationaletn
2027 817 2082 860 et
2119 818 2269 860 tene-

702 902 915 952 brosam
947 901 1174 955 vocabat
1233 902 1319 956 ille
1365 902 1759 971 nequissimus,
1810 899 2060 957 nesciens
2107 892 2269 955 bom'o

700 1005 872 1043 vanus
897 994 1153 1060 quoniam
1185 994 1282 1046 ista
1315 995 1530 1062 quidem
1577 1005 1799 1062 propter
1832 1009 1933 1048 nos
1966 1005 2023 1048 ut
2051 994 2266 1061 corpori

703 1083 1055 1150 providentur
1090 1087 1448 1154 prmsentique
1484 1087 1604 1140 vita:
1651 1098 1848 1142 nostrtc
1886 1089 2096 1158 prosint
2128 1086 2264 1141 facta

705 1184 852 1239 sunt,
903 1177 1004 1230 alia
1057 1193 1187 1232 vero
1239 1188 1420 1232 sunta
1456 1179 1563 1234 Deo
1613 1180 1766 1235 nobis
1810 1190 2108 1249 [raiparata
2144 1189 2268 1232 ante

703 1271 1172 1332 constitutionem,
1215 1283 1376 1340 prout
1430 1273 1546 1342 ipse
1596 1275 1722 1327 olim
1772 1274 1950 1326 dixit:
1999 1292 2016 1324 ι
2057 1271 2264 1336 Venite,

702 1361 976 1416 benedicti
1008 1360 1186 1418 Putris
1229 1366 1354 1427 mei,
1407 1367 1676 1433 possidete
1713 1375 1960 1434 paratum
1998 1366 2150 1418 vobis
2187 1382 2268 1418 re-

703 1468 864 1519 gnum
898 1468 925 1505 a
959 1454 1357 1509 constitutione
1401 1458 1608 1510 mundi.
1659 1477 1677 1509 ι
1720 1458 1864 1510 Bona
1905 1466 2086 1510 autem
2122 1457 2268 1510 illius

706 1543 874 1610 regni.
906 1544 978 1596 ait
1004 1543 1222 1607 Paulus,
1279 1548 1401 1600 talia
1459 1559 1585 1600 sunt
1633 1558 1690 1600 ut
1729 1569 1746 1599 ι
1785 1563 1881 1602 nec
1933 1549 2128 1604 oculus
2157 1549 2270 1603 hazc

705 1633 899 1687 viderit
962 1650 1063 1690 nec
1123 1638 1269 1690 auris
1329 1638 1600 1692 audiverit
1642 1654 1743 1693 nec
1786 1640 1838 1693 in
1895 1655 1990 1693 cor
2028 1640 2268 1694 hominis

705 1729 1011 1784 ascenderit
1049 1747 1168 1798 quae
1200 1733 1524 1799 praeparavit
1558 1730 1700 1786 Deus
1735 1732 2089 1800 diligentibus
2120 1749 2198 1787 se.
2244 1752 2262 1784 ι

706 1820 828 1873 I.b-o
887 1823 1043 1876 docet
1084 1822 1342 1878 Dominus
1387 1843 1399 1878 :
1447 1843 1464 1876 ι
1502 1825 1708 1880 (Icelum
1763 1835 1816 1878 et
1865 1835 2003 1879 terra
2064 1825 2270 1879 transi-

708 1918 834 1969 bunt
862 1932 875 1981 ;
908 1935 922 1966 ο
956 1917 1311 1986 prohibetque
1344 1917 1544 1974 Paulus
1574 1933 1640 1973 ne
1665 1919 1730 1972 de
1762 1918 1844 1972 his
1877 1935 1997 1988 qua».
2025 1920 2272 1975 videntur

709 2007 925 2061 solliciti
957 2009 1165 2075 simus;
1201 2026 1322 2064 nam
1356 2026 1476 2080 quae
1499 2013 1755 2066 videntur
1782 2013 2100 2080 temporalia
2124 2023 2269 2078 sunt,

706 2115 828 2163 quae
859 2111 1035 2154 autem
1068 2117 1173 2155 non
1207 2105 1458 2157 videntur
1496 2115 1696 2158 acterna
1732 2116 1877 2159 sunt.
1929 2104 2030 2158 Et:
2078 2125 2095 2156 ι
2137 2105 2271 2160 (ΣωΙί

707 2192 849 2247 sicut
874 2194 1007 2247 liber
1033 2194 1524 2262 complicabuntur;
1548 2216 1564 2248 ι
1591 2197 1835 2266 dixitque
1862 2197 2080 2252 Petrus:
2109 2199 2271 2254 «Caeli

707 2285 923 2354 quidem
960 2302 1155 2356 magno
1183 2288 1412 2341 stridore
1446 2289 1782 2353 transibunt,
1825 2291 2091 2345 elementa
2146 2308 2274 2345 vero

708 2382 887 2431 calore
930 2379 1241 2444 solventur;
1276 2389 1416 2434 terra
1463 2389 1643 2436 autem
1680 2392 1734 2436 et
1763 2398 1885 2452 quze
1917 2385 1966 2436 in
1999 2384 2110 2451 ipsa
2147 2397 2274 2438 sunt

711 2485 872 2537 opera
926 2481 1246 2528 exurentur.
1285 2493 1302 2524 ›
1339 2476 1403 2527 At
1461 2475 1545 2529 his
1591 2476 1846 2530 omnibus
1886 2478 2272 2542 dissolvendis,

710 2564 901 2632 quales
927 2579 1024 2618 nos
1051 2579 1169 2619 esse
1198 2567 1453 2634 oportet?
1477 2566 1726 2621 Profecto
1759 2568 1811 2621 in
1841 2580 2026 2623 sancta
2051 2585 2276 2624 convcr-

713 2658 927 2712 satione
979 2659 1347 2728 operibusque
1383 2661 1614 2728 pietatis
1649 2671 2028 2730 exspectantes
2065 2664 2275 2717 Domini

715 2749 884 2802 nostri
920 2745 1046 2803 Jesu
1074 2749 1278 2804 Christi
1311 2750 1624 2813 adventum,
1656 2751 1723 2804 de
1757 2767 1864 2820 quo
1894 2767 1994 2806 nos
2025 2768 2144 2807 esse
2169 2755 2274 2807 Si)“

714 2841 892 2894 lii-ilos
919 2849 1156 2909 oportet.
1192 2840 1448 2906 Quaenam
1494 2845 1636 2896 enim
1691 2843 1896 2897 utilitas
1927 2860 1989 2898 ex
2039 2855 2279 2898 contem-

717 2936 952 3001 [lauicoe
983 2946 1360 2988 creaturarum
1381 2936 1404 2987 ?
1424 2938 1699 3001 Quantum
1728 2937 1848 2990 inde
1867 2945 2043 3002 torpet
2064 2939 2274 2991 anima!

715 3024 988 3090 Quantum
1024 3025 1146 3079 inde
1179 3028 1522 3081 conteritur!
1558 3029 1660 3081 nisi
1703 3029 1865 3082 etiam
1903 3028 2027 3082 inde
2066 3039 2279 3083 crescat

719 3118 1092 3188 prasumptio,
1119 3120 1394 3190 impiaqne
1428 3121 1645 3189 superbi
1679 3122 2024 3176 tenebrarum
2056 3124 2283 3191 spiritus

2376 626 2572 698 φθορᾷ,
2605 628 2748 682 καθά
2782 646 2885 681 που
2925 631 3018 682 καί
3071 631 3282 692 Παῦλος
3329 634 3461 700 περὶ
3506 633 3696 685 τούτου
3764 634 3945 700 φησὶ,

2379 738 2396 770 ι
2436 721 2513 790 Τῇ
2549 721 2658 788 γὰρ
2714 722 3034 790 ματαιότητι
3062 724 3094 790 ἡ
3125 723 3302 784 κτίσις
3356 724 3626 794 ὑπετάγη,
3667 743 3683 774 ι
3745 724 3944 791 λέγων,

2378 829 2396 861 ι
2431 813 2527 879 οὑχ
2561 811 2783 876 ἑκοῦσα,
2816 813 2949 866 ἀλλὰ
2971 815 3058 866 δια
3085 818 3174 867 τ³ρν
3197 815 3542 881 ὑποτάξαντα.
3573 818 3658 869 ἐπ’
3686 816 3865 869 ἐλπίδι
3896 836 3941 871 ο.

2383 903 2443 954 '0
2476 903 2532 954 δέ
2573 921 2634 970 γε
2671 905 2929 967 ἀσύνετος
2960 905 3227 976 Βαρλαὰμ
3256 907 3379 959 νοῦν
3434 908 3526 960 τον
3562 910 3636 977 μὴ
3672 909 3800 979 περὶ
3835 907 3946 960 τῶν

2376 998 2716 1067 μαθημάτων
2772 991 2881 1052 τῶν
2936 1000 3200 1069 ἐντέχνων
3253 1001 3432 1054 εἰδότα
3494 1001 3618 1054 νοῦν
3673 1003 3865 1066 ἄλογον
3920 1005 3948 1053 6

2370 1086 2599 1154 δείλᾶιος
2621 1092 2885 1144 ἀπεκάλει
2914 1094 3005 1145 καὶ
3027 1093 3323 1151 σκοτεινὸν,
3352 1095 3426 1162 μὴ
3451 1091 3604 1154 εἰδὼς
3631 1095 3658 1145 6
3690 1095 3944 1158 μάταιος,

2370 1180 2446 1243 ὠς
2476 1182 2648 1232 ταῦτα
2691 1182 2790 1249 μὶν
2843 1181 2910 1234 δι’
2941 1183 3108 1251 ἡμᾶς,
3144 1183 3239 1235 καὶ
3291 1183 3378 1235 ἵνα
3435 1184 3504 1236 τὰ
3530 1182 3638 1236 ’τοῦ
3693 1180 3946 1250 σώματος

2323 1344 2331 1352 1
2371 1273 2660 1341 διοικῆται,
2691 1274 2782 1325 καὶ
2815 1275 2891 1334 εἰς
2924 1273 3123 1344 χρῆσιν
3167 1268 3268 1327 ὦσι
3305 1275 3404 1344 τῆς
3458 1275 3742 1343 παρούσης
3787 1275 3945 1343 ἡμῶν

2373 1361 2538 1433 ζωῆς,
2572 1365 2735 1433 ἕτερα
2761 1364 2804 1419 δ’
2833 1367 2940 1418 εἰσὶ
2970 1366 3039 1418 τὰ
3072 1366 3178 1432 πρὸ
3212 1366 3520 1447 καταϐολῆς
3546 1365 3750 1432 κόσμου
3799 1368 3946 1433 ἡτοι-

2375 1456 2628 1525 μασμένα
2656 1457 2785 1525 ἡμῖν
2834 1458 2986 1528 παρὰ
3013 1456 3107 1511 τοῦ
3139 1457 3296 1522 Θεοῦ,
3326 1458 3400 1520 ὡς
3437 1457 3598 1521 αὑτδς
3630 1458 3746 1526 ἐρεῖ
3771 1461 3892 1509 τότε
3927 1473 3944 1488 ο

2379 1563 2398 1598 ι
2423 1545 2610 1612 Δεῦτε,
2632 1549 2680 1600 oi
2707 1547 3074 1620 εὐλογημένοι·
3095 1549 3188 1601 τοῦ
3219 1549 3428 1619 Πατρός
3458 1566 3580 1618 μου,
3608 1550 3947 1620 κληρονομή-

2374 1651 2502 1689 σατε
2556 1636 2654 1707 τὴν
2703 1639 3118 1708 ἡτοιμασμένην
3151 1640 3279 1708 ὑμῖν
3318 1639 3593 1709 βασιλείαν
3627 1642 3733 1694 ἀπὸ
3776 1658 3941 1692 κατα-

2374 1729 2537 1800 ϐολῆς
2571 1731 2794 1799 κότμου.
2827 1750 2845 1782 ι
2888 1733 2967 1786 Τὰ
2995 1733 3050 1785 δὲ
3083 1731 3181 1801 τῆς
3206 1733 3480 1802 βασιλείας
3501 1733 3711 1802 ἐκείνης
3743 1731 3942 1798 ἀγαθὰ,

2376 1824 2511 1889 φησὶ
2547 1821 2782 1885 Παῦλος,
2810 1823 3056 1886 τοιαῦτα,
3085 1824 3167 1876 ὅτι
3204 1843 3222 1876 ι
3273 1824 3583 1893 Ὀφθαλμος
3637 1822 3808 1876 ταῦτα
3845 1825 3944 1875 οὑκ

2375 1911 2504 1977 οἶδε,
2539 1918 2631 1968 καὶ
2659 1912 2751 1978 οῦς
2789 1917 2887 1968 οὑκ
2918 1919 3142 1987 ἢκουσε,
3193 1918 3288 1970 καὶ
3349 1918 3439 1969 ἐπὶ
3472 1917 3696 1984 καρδίαν
3736 1916 3947 1982 ἀνθρώ-

2376 2025 2478 2062 που
2510 2011 2610 2062 οὑκ
2635 2010 2822 2078 ἀνέϐη,
2855 2009 2888 2063 ἃ
2925 2010 3225 2078 ἡτοίμασεν
3271 2012 3298 2063 6
3345 2009 3478 2070 Θεὸς
3515 2013 3625 2068 τοῖς
3657 2009 3948 2075 ἀγαπῶσιν

2376 2101 2534 2154 αὑτὸν
2575 2121 2616 2154 ι.
2660 2103 2764 2154 Καὶ
2784 2103 2863 2154 ὄτι
2893 2102 2920 2153 6
2961 2102 3190 2170 οὐρανὸς
3226 2105 3373 2174 καὶὴ
3403 2105 3471 2171 γῆ
3511 2103 3943 2170 παρελεύσονται

2376 2195 2617 2247 διδάσκει
2642 2195 2669 2246 6
2697 2195 2918 2265 Κύριος.
2949 2197 3060 2248 Καὶ
3088 2197 3149 2248 οὑ
3178 2195 3259 2248 δεῖ
3283 2197 3408 2263 περὶ
3435 2194 3542 2248 τῶν
3594 2193 3948 2264 βλεπομένων

2377 2290 2547 2356 ἡμᾶς,
2585 2287 2792 2348 Παῦλος
2827 2304 2981 2355 φησι,
3025 2289 3317 2356 μεριμνᾷν.
3353 2288 3433 2342 Τὰ
3487 2286 3595 2357 γὰρ
3635 2286 3947 2354 βλεπόμενα

2378 2381 2708 2450 πρόσκαιρα,
2733 2381 2800 2431 τὰ
2829 2380 2885 2433 δὲ
2919 2379 2993 2449 μὴ
3032 2380 3339 2449 βλεπόμενα
3389 2380 3604 2432 αἰώνια.
3641 2379 3748 2431 Καὶ
3803 2381 3829 2430 6
3857 2363 3948 2429 οὑ-

2383 2474 2540 2543 ρανὸς
2570 2473 2920 2542 είληθὴσεται
2951 2473 3026 2533 ὼς
3074 2472 3297 2542 βιῢλίον.
3362 2473 3466 2524 Καὶ
3497 2471 3702 2540 Πέτρος
3758 2473 3947 2539 φησὶν,

2387 2587 2403 2617 ι
2439 2567 2672 2637 Οὑρανοὶ
2709 2566 2807 2632 μὲν
2843 2565 3089 2636 ροιζηδδν
3127 2565 3582 2634 παρελεύσονται,
3627 2568 3866 2632 στοιχεῖα
3892 2563 3949 2617 δὲ

2380 2659 2731 2728 καυσούμενα
2788 2656 3149 2725 λυθήσονται·
3189 2661 3283 2710 καὶ
3332 2660 3401 2725 γῆ
3437 2659 3527 2709 καὶ
3574 2659 3643 2710 τὰ
3694 2659 3752 2710 ὲν
3808 2658 3947 2725 αὑτῇ

2381 2753 2557 2805 πάντα
2585 2753 3016 2817 κατακαήσεται.
3049 2770 3066 2801 ι
3106 2751 3325 2803 Τούτων
3346 2751 3401 2803 δὲ
3430 2750 3647 2803 πάντων
3669 2751 3949 2818 λυομένων

2381 2844 2653 2906 ποταποὺς
2680 2844 2760 2896 δεῖ
2792 2840 2929 2897 εἶναι
2975 2845 3160 2912 ἡμᾶς;
3203 2843 3294 2895 Ἐν
3345 2843 3533 2910 ἁγίαις
3583 2844 3952 2912 ἀναστροφαῖς

2381 2941 2474 2990 καὶ
2530 2936 2859 3000 εὐσεϐείαις,
2921 2935 3394 3003 ἀπεκδεχομένους
3444 2941 3543 3002 τὴν
3595 2934 3689 2986 τοῦ
3743 2929 3951 3003 Κυρίου

2383 3031 2540 3101 ἡμῶν
2585 3031 2760 3100 Ἰησοῦ
2794 3029 3031 3096 Χριστοῦ
3082 3030 3412 3099 παρουσίαν,
3465 3031 3594 3097 περὶ
3636 3023 3702 3096 ἦς
3752 3028 3816 3095 δὴ
3857 3030 3952 3079 καὶ

2388 3125 2694 3196 φροντίζειν
2720 3126 2866 3194 ἡμᾶς
2894 3121 3090 3192 χρεών.
3151 3122 3214 3175 Τί
3245 3122 3353 3190 γὰρ
3408 3122 3681 3189 τοδφελος
3737 3123 3800 3173 ἐκ
3856 3121 3956 3190 τῆς

718 3213 903 3281 opinio
933 3213 1205 3267 mentibus
1244 3213 1453 3268 insanis
1485 3214 1778 3269 inseratur.
1823 3215 1977 3281 Quod
2014 3233 2119 3270 non
2151 3218 2283 3286 ipsa:
2309 3211 2351 3268 ϐ

2309 3211 2351 3268 C
2385 3219 2492 3271 τῶν
2524 3219 2842 3286 κτισμάτων
2871 3214 3101 3285 Θεωρίας
3129 3215 3308 3282 ,ποία
3342 3215 3404 3266 ὲκ
3447 3213 3649 3266 τούτων
3679 3213 3953 3280 ἁπάθεια;

721 3307 922 3361 faciunt
948 3316 1210 3361 creatura:
1236 3323 1358 3361 cum
1384 3307 1538 3361 home
1562 3307 1671 3360 sint
1695 3315 1880 3376 utpote
1905 3323 1934 3362 a
1964 3309 2108 3364 bono
2135 3325 2284 3364 crea-

722 3412 858 3454 turae
895 3401 1149 3465 conditze,
1207 3404 1299 3453 sed
1365 3400 1600 3453 sollicita
1663 3416 1846 3454 earum
1893 3402 2285 3469 consideratio,

720 3507 882 3560 quam
943 3493 1369 3561 contemplatum
1446 3501 1746 3560 apostatam
1810 3492 1999 3546 dicunt
2062 3494 2285 3563 quidam

724 3585 1067 3650 (sublimiore
1114 3586 1258 3639 enim
1301 3586 1762 3652 contemplatione
1802 3587 1999 3655 dignus
2046 3601 2152 3639 non
2185 3586 2288 3640 fuit

726 3680 814 3733 ille
861 3679 932 3734 ab
990 3679 1148 3733 initio
1177 3679 1569 3748 gloriabundus
1617 3688 1670 3733 et
1700 3678 2164 3734 insolentissimus
2195 3680 2288 3747 qui

727 3784 907 3826 tutllcn
935 3786 1151 3825 summo
1176 3772 1496 3841 angelorum
1534 3774 1713 3826 ordini
1743 3774 2016 3842 prmerat),
2042 3771 2168 3826 dum
2206 3774 2292 3826 in-

727 3872 973 3918 tueretur
988 3863 1369 3932 superbivisse,
1385 3880 1550 3932 seque
1564 3865 1842 3933 jactitasse
1861 3865 2118 3919 thronum
2133 3879 2289 3919 suum

729 3974 894 4028 super
923 3957 1094 4013 nttbes
1111 3967 1162 4010 et
1181 3967 1322 4011 astra
1347 3960 1672 4026 positurum,
1700 3959 2040 4028 similemque
2063 3957 2179 4014 fore
2201 3959 2293 4013 Al-

729 4053 962 4115 tissimo,
981 4051 1072 4118 qui
1088 4050 1426 4104 Altissimqu
1443 4067 1548 4104 non
1570 4053 1948 4121 cognoscebat.
1970 4051 2123 4105 Hunc
2143 4066 2296 4106 mens

727 4143 906 4197 omnis
926 4155 1140 4210 semper
1160 4141 1514 4210 contemplari
1536 4143 1692 4196 debet
1717 4141 1862 4195 velut
1891 4151 2122 4196 mentem
2141 4152 2295 4197 mter-

729 4251 852 4288 nam
879 4235 1088 4288 Patrem
1115 4249 1238 4288 cum
1260 4233 1439 4286 Verbo
1461 4242 1515 4286 et
1542 4233 1768 4301 Spiritu,
1797 4245 1848 4287 et
1873 4250 1994 4287 eum
2019 4245 2295 4302 appetere,

729 4341 890 4396 atque
902 4329 968 4382 ad
984 4344 1105 4382 eum
1124 4336 1494 4381 creaturarum
1515 4329 1771 4379 factorem
1789 4328 2042 4380 continua
2063 4341 2299 4395 propen-

730 4422 884 4475 sione
906 4422 1145 4484 tendere,
1161 4429 1214 4472 et
1234 4435 1356 4472 eum
1385 4419 1436 4473 in
1461 4418 1675 4472 silentio
1700 4419 1930 4473 adorare
1950 4421 2301 4488 quemadmo-

2388 3310 2516 3362 ποία
2540 3308 2718 3377 ψυχῆς
2751 3305 3045 3376 συντρι6ή;
3077 3307 3125 3358 εί
3181 3306 3256 3373 μὴ
3297 3305 3386 3357 καὶ
3422 3304 3600 3368 οἴησιν
3631 3305 3955 3374 προστίθησι

2393 3404 2613 3473 μᾶλλον,
2641 3402 2736 3454 καὶ
2763 3403 2885 3461 ταῖς
2917 3400 3026 3452 τῶν
3057 3399 3309 3467 ἀφρόνων
3353 3397 3553 3465 ψυχαῖς
3581 3397 3678 3466 τὴν
3711 3396 3806 3448 τοῦ
3835 3414 3960 3450 σκο-

2391 3495 2568 3550 τεινοῦ
2597 3494 2714 3556 νοὸς
2739 3494 2831 3545 καὶ
2850 3491 3200 3560 ὑπερηφάνου
3224 3490 3467 3542 ἀντίθεον
3493 3487 3720 3558 γνώμην
3745 3490 3956 3558 ἐντίθη-

2394 3606 2497 3641 σιν.
2527 3589 2601 3639 Οὑ
2640 3587 2708 3638 τὰ
2741 3586 3014 3653 κτίσματα
3041 3585 3094 3636 δὲ
3139 3583 3298 3636 τοῦτο
3330 3586 3491 3645 ποιεῖ,
3528 3583 3668 3635 καλὰ
3719 3585 3830 3652 γὰρ
3887 3583 3963 3646 ὡς

2391 3683 2487 3734 καὶ
2520 3678 2686 3733 καλοῦ
2735 3679 3032 3744 κτίσματα,
3063 3675 3180 3730 ἀλλ’
3235 3679 3269 3745 ἡ
3309 3676 3598 3744 περίεργος
3639 3676 3865 3746 θεωρία,
3897 3679 3966 3745 ῆν

2394 3773 2487 3825 καὶ
2517 3772 2870 3841 θεωρήσαντα
2903 3770 2992 3822 τὸν
3018 3768 3332 3836 ἀποστάτην
3382 3769 3513 3834 φασί
3562 3785 3708 3830 τινες
3743 3769 3824 3836 (οὑ
3855 3770 3966 3837 γὰρ

2395 3865 2730 3934 ὑψηλοτέρας
2752 3862 2950 3931 ἠξίωτο
2991 3861 3247 3930 θεωρίας,
3278 3859 3372 3912 ἀπ’
3405 3861 3581 3928 ἀρχῆς
3634 3861 3710 3913 ὢν
3750 3860 3970 3923 ἀλαζὼν

2396 3959 2490 4012 καὶ
2549 3956 2882 4023 ὑπέροφρυς,
2937 3952 3037 4019 τῆς
3083 3951 3399 4013 τελευταίας
3449 3953 3504 4003 δὲ
3554 3952 3662 4003 τῶν
3714 3952 3968 4018 ἀγγέλων

2397 4047 2611 4116 ὑπῆρχε
2659 4043 2886 4112 τάξεως)
2941 4039 3354 4110 ὑπερφρονῆσαι
3414 4043 3470 4092 ὲν
3521 4040 3598 4108 τῷ
3654 4042 3806 4102 ιδεῖν,
3873 4045 3972 4093 καὶ

2398 4141 2570 4194 θεῖναι
2603 4134 2983 4207 καυχήσασθαι
3026 4134 3212 4186 ἐπάνω
3259 4132 3368 4184 τῶν
3414 4133 3650 4198 νεφελῶν
3706 4136 3799 4185 καὶ
3857 4136 3969 4185 τῶν

2399 4234 2617 4302 ἄστρων
2678 4229 2770 4281 τὸν
2827 4226 3016 4295 θρόνον
3081 4223 3267 4285 αὑτοῦ,
3328 4228 3423 4277 καὶ
3453 4225 3637 4291 ὅμοιον
3695 4221 3839 4276 εἶναι
3892 4227 3974 4293 τῷ

2411 4324 2671 4392 Tal/icto),
2715 4319 2788 4388 μὴ
2823 4318 2998 4370 εἰδότα
3025 4317 3118 4368 τὸν
3151 4316 3438 4383 ἰ’ᾡιστον.
3494 4318 3589 4368 “Ov
3629 4316 3710 4368 δεῖ
3741 4315 3974 4384 θεωρεῖν

2405 4415 2580 4467 πάντα
2608 4412 2733 4465 νοῦν
2753 4411 2840 4463 ἀεὶ
2863 4409 2937 4473 ὡς
2957 4407 3063 4478 50
3079 4407 3314 4476 ἄναρχον
3335 4406 3462 4459 ὄντα
3491 4406 3614 4460 νοῦν
3641 4407 3732 4459 τὸν
3753 4409 3972 4478 Πατέρα

730 4515 857 4568 dum
877 4515 1075 4582 angeli;
1097 4512 1299 4582 Deique
1315 4526 1475 4579 opera
1497 4525 1744 4578 quamam
1763 4511 1872 4565 sint
1891 4509 2118 4565 intuitus
2134 4511 2297 4564 homo
2324 4543 2374 4602 υ

2324 4543 2374 4602 D
2405 4507 2499 4560 σὺν
2528 4505 2606 4573 τῷ
2635 4505 2793 4572 Λόγῳ
2841 4505 2934 4556 καὶ
2985 4501 3286 4568 ΙΙνεὺματι,
3321 4499 3413 4552 καὶ
3468 4500 3599 4566 πρὸς
3652 4499 3814 4551 αὑτὸν
3879 4503 3972 4567 τὴν

732 4610 889 4662 debet
907 4606 1202 4661 secundum
1223 4605 1442 4674 angelos
1459 4617 1643 4672 agere,
1659 4617 1850 4671 nempe
1870 4618 1990 4656 eum
2011 4603 2226 4673 hymnis
2243 4615 2296 4658 et

733 4698 984 4752 laudibus
1005 4697 1302 4752 celebrare.
1337 4695 1426 4749 Ait
1461 4695 1642 4750 enim:
1676 4712 1693 4744 c
1731 4693 1960 4758 Quando
1991 4693 2131 4746 facta
2173 4704 2300 4748 sunt

735 4801 905 4858 astra,
935 4790 1333 4845 laudabantme
1371 4803 1502 4843 voce
1527 4803 1720 4856 magna
1753 4801 1943 4841 omnes
1981 4786 2155 4854 angeli
2197 4786 2300 4840 mei

739 4886 1063 4954 bymnisque
1094 4882 1384 4936 ornabant.
1427 4899 1445 4930 ι
1475 4879 1702 4933 Vidcn’?
1733 4877 2026 4932 humilitati
2075 4886 2221 4938 sunt,
2253 4888 2306 4930 et

737 4977 921 5033 statim
949 4977 1013 5030 ad
1047 4973 1561 5042 contemplationem
1619 4981 1673 5024 et
1715 4969 2161 5036 gloriﬁcationem
2213 4966 2304 5019 Dei

739 5049 969 5126 mentem
1009 5076 1325 5130 erexerunt,
1375 5066 1635 5135 quoniam
1697 5062 1813 5130 ipse
1845 5061 2086 5113 omnium
2125 5057 2305 5113 Domi-

745 5181 881 5231 nus;
917 5178 1090 5233 neque
1128 5169 1343 5232 propter
1371 5173 1518 5222 eum,
1556 5155 1651 5209 sed
1690 5163 1906 5223 propter
1947 5168 2065 5219 nos,
2105 5162 2164 5205 ut
2206 5167 2308 5205 no-

741 5271 855 5315 stra
887 5264 1141 5325 regantur
1174 5266 1401 5322 carpora
1445 5249 1680 5304 visibilia
1742 5247 2006 5308 condidit,
2055 5246 2303 5299 invisibi-

743 5354 812 5406 lia
845 5359 1025 5403 autem
1058 5357 1114 5400 ut
1147 5347 1343 5401 animis
1395 5343 1598 5398 nostris
1636 5341 1946 5410 proﬁciant.
1980 5338 2110 5404 Quae
2145 5339 2312 5406 igitur

746 5446 956 5502 utilitas
1021 5445 1064 5496 si
1121 5439 1188 5494 de
1245 5438 1329 5492 his
1379 5434 1828 5503 corruptibilibus
1877 5431 2098 5485 solliciti
2141 5430 2312 5484 simus

746 5555 869 5609 quae
896 5533 1244 5591 studentibus
1298 5546 1406 5584 non
1464 5539 1716 5598 prosunt,
1773 5525 1876 5579 nisi
1935 5523 2057 5593 quis
2112 5523 2201 5575 illa
2228 5537 2316 5574 so-

749 5631 1028 5687 lummodo
1070 5626 1323 5695 inspiciat
1375 5632 1434 5676 ut
1488 5621 1594 5675 Deo
1640 5620 1844 5688 gratias
1902 5626 1954 5670 et
2003 5614 2188 5667 Iaudes
2220 5613 2317 5667 tri-

752 5728 903 5788 buat,
946 5731 1002 5776 ut
1034 5721 1210 5776 solent
1245 5715 1442 5777 sancti,
1479 5724 1534 5767 et
1583 5711 1750 5766 David
1805 5709 1948 5765 istud
1989 5714 2216 5761 testatur
2259 5705 2313 5757 in

753 5818 938 5872 multis
969 5805 1377 5885 psalmis'opera
1437 5805 1528 5860 Dei
1581 5801 1945 5872 praedicando.
2012 5797 2104 5851 Ille
2137 5803 2315 5850 autem

754 5910 1069 5983 pntnundus
1105 5907 1217 5962 ha'c
1255 5902 1477 5960 omnino
1511 5901 1712 5956 oblitus
1745 5895 2053 5952 Graecorum
2087 5888 2316 5960 ineptias

2404 4599 2590 4667 ἔφεσιν
2624 4597 2790 4666 ἔχειν,
2829 4597 2920 4647 καὶ
2954 4593 3092 4663 πρὸς
3125 4592 3288 4644 αὑτὸν
3324 4593 3411 4644 ἀεὶ
3441 4591 3842 4653 ἀνατείνεσθαι,
3878 4592 3974 4644 τὸν

2404 4693 2634 4760 ποιητὴν
2685 4689 2798 4741 τῶν
2847 4689 3185 4753 κτισμάτων.
3243 4684 3337 4736 καὶ
3393 4682 3640 4747 δοξάζειν
3695 4685 3976 4752 άσιγήτως

2403 4785 2564 4837 αὑτὸν
2593 4781 2667 4843 ὼς
2683 4781 2732 4832 οἱ
2763 4779 3005 4846 ἄγγελοι,
3031 4777 3126 4829 καὶ
3151 4775 3292 4827 κατὰ
3325 4775 3450 4836 τοῦς
3475 4774 3741 4839 ἀγγέλους
3773 4776 3974 4838 ποιεῖν,

2405 4871 2713 4941 θεωροῦντα
2740 4869 2860 4921 τίνα
2891 4869 2957 4919 τὰ
2979 4867 3072 4918 τοῦ
3101 4864 3236 4918 Θεοῦ
3267 4866 3562 4933 κτίσματα,
3593 4864 3782 4932 ὑμνεῖν
3812 4866 3978 4917 αὑτὸν

2407 4971 2501 5019 καὶ
2519 4965 2838 5030 δοξολογεῖν.
2870 4963 3032 5013 «Ὅτε
3065 4979 3081 5011 ι
3108 4960 3238 5028 γὰρ,
3266 4959 3451 5027 φησὶν,
3484 4976 3500 5008 ι
3533 4957 3752 5021 ἐγένετο
3774 4956 3972 5025 ἄστρα,

2407 5057 2606 5128 ᾖνεσάν
2630 5072 2694 5125 με
2738 5056 2885 5123 φωνῇ
2955 5050 3167 5123 μεγάλῃ
3201 5050 3402 5112 πάντες
3459 5049 3683 5116 ἄγγελοί
3744 5065 3847 5115 μου
3882 5048 3978 5102 καὶ

2412 5149 2678 5217 ὕμνησαν.
2713 5165 2730 5197 ι
2775 5146 2985 5215 Ὀρᾷς;
3020 5143 3483 5206 Τεταπείνωνται,
3543 5145 3641 5194 καὶ
3688 5140 3824 5210 πρὸς
3880 5141 3980 5208 τὴν

2412 5239 2507 5292 τοῦ
2543 5238 2679 5291 Θεοῦ
2738 5237 2972 5305 θεωρίαν
3003 5237 3098 5288 καὶ
3149 5233 3461 5300 δοξολογίαν
3491 5232 3654 5294 εὐθὺς
3708 5233 3800 5282 τδν
3852 5229 3982 5282 νοῦν

2412 5329 2668 5395 ἔστησαν·
2699 5327 2780 5378 ὅτι
2809 5327 2904 5378 καὶ
2934 5324 3096 5386 αὑτὸς
3132 5326 3350 5375 πάντων
3385 5322 3776 5392 παραγωγεῦς,
3800 5319 3897 5370 καὶ
3919 5319 3983 5371 οὑ

2413 5420 2478 5472 δι’
2512 5418 2674 5471 αὑτὸν
2711 5418 2776 5469 τὰ
2807 5417 3104 5484 κτίσματα,
3137 5415 3267 5467 αλλὰ.
3289 5414 3356 5467 δι’
3387 5415 3557 5482 ἡμᾶς,
3588 5413 3671 5464 ἵνα
3709 5411 3982 5480 κυϐερνᾶ-

2415 5531 2504 5566 ται
2538 5510 2693 5580 ἡμῶν
2721 5509 2788 5561 τὰ
2827 5513 3070 5577 σώματα.
3105 5509 3186 5561 Τὰ
3241 5509 3296 5561 δὲ
3325 5507 3464 5576 ὑπὲρ
3484 5506 3592 5558 τῶν
3615 5503 3804 5572 ψυχῶν
3825 5502 3988 5571 ήμῶν

2418 5605 2781 5674 άκατανόητα.
2813 5602 2911 5665 Τίς
2966 5597 3056 5654 οῦν
3091 5601 3123 5670 ἡ
3161 5598 3323 5668 χρεία
3385 5598 3651 5666 μεριμνᾷν
3713 5597 3840 5662 περὶ
3879 5597 3991 5648 τῶν

2420 5696 2696 5768 φθαρτῶν,
2732 5696 2826 5748 καὶ
2859 5695 3025 5764 μηδὲν
3057 5690 3411 5758 ὠφελούντων
3459 5692 3514 5741 ὲν
3546 5688 3624 5756 τῷ
3673 5690 3989 5750 κατανοεῖν,

2421 5794 2468 5843 εί
2504 5790 2577 5859 μή
2610 5807 2692 5851 τις
2719 5787 3074 5848 κατανοήσειε
3108 5782 3408 5853 μικρὸνόιὰ
3432 5782 3598 5850 μόνην
3628 5779 3990 5849 εὐχαριστίαν

2424 5883 2558 5937 Θεοῦ
2586 5884 2678 5936 καὶ
2707 5879 3032 5948 δοξολογίαν,
3068 5878 3141 5941 ὡς
3173 5878 3267 5930 καὶ⁵
3310 5876 3420 5939 τοῖς
3452 5873 3625 5940 ἁγίοις
3665 5873 3783 5935 ἔθος
3827 5873 3986 5938 ἔστω
