4216 6432
261 439 362 502 τις)
460 424 465 430 ’

1319 444 1698 506 DIALOGUS
1731 445 2028 506 CONTRA
2061 444 2447 506 ll/ERESES.

3406 444 3505 512 150

255 555 366 606 Καὶ
399 551 559 605 Δαὸὶδ
599 551 757 605 τοῦτο
793 556 1085 624 μαρτυρεῖ,
1120 554 1178 608 ἓν
1207 555 1424 620 πολλοῖς
1451 559 1559 611 τῶν
1600 556 1836 633 ψαλμῶν
1864 571 1906 625 Α

1864 571 1906 625 Α
1938 556 2294 625 Platonisque
2337 556 2617 611 doctrinas
2673 568 2728 612 ct
2772 530 3055 627 dpinio‘nes
3113 569 3251 625 quas
3305 521 3505 609 vocant

254 646 326 697 τὰ
383 644 476 697 τοῦ
506 645 641 698 Θεοῦ
701 645 1083 716 διηγούμενος.
1147 647 1310 701 Ἀλλὰ
1343 648 1547 702 τούτων
1601 649 1832 719 μηδενὸς

242 737 525 807 ,μνησθεὶς
559 738 764 799 helvo;
798 740 827 791 ό
862 738 1082 808 μιαρὸς.
1122 740 1221 804 τὰς
1276 739 1601 808 Ἑλληνικὰς
1630 741 1833 812 φληνα-

263 826 396 894 φίας
422 829 514 882 καὶ
542 829 637 890 τὰς
663 830 754 881 τοῦ
785 829 1072 892 Πλάτωνος
1102 830 1414 900 είσηγήσεις
1443 848 1501 884 τε
1531 831 1626 885 καὶ
1652 820 1830 897 δόξας,

261 919 358 973 καὶ
387 921 453 983 ἃς
479 920 734 974 καλοῦσιν
761 939 779 973 t
819 922 982 986 ἰδέας,
1014 941 1032 974 ι
1069 923 1353 991 φωτισμὸν
1374 926 1554 994 ἡγεῖτο
1574 927 1666 977 καὶ
1696 923 1836 992 γνῶ-

264 997 351 1060 σιν
376 1011 474 1063 καὶ
503 1011 774 1080 κάθαρσιν
802 1012 830 1064 ὁ
872 1012 1202 1082 ἀκάθαρτος.
1240 1015 1305 1069 Ἀ
1341 1015 1403 1084 δὴ
1449 1015 1544 1069 καὶ
1576 1015 1833 1068 ἐλάττονα

259 1101 364 1174 τῆς
398 1101 884 1174 ἀνθρωπίνηςείσὶ
923 1103 1182 1170 διανοίας,
1217 1105 1308 1158 ὑπ’
1354 1105 1525 1173 αὐτῆς
1556 1104 1834 1174 καταλαμ-

259 1166 570 1258 άανόμένα·
622 1166 717 1244 καί
766 1167 1069 1261 μετρεῖται,
1115 1166 1221 1247 καὶ
1273 1166 1519 1260 ἐξετάσει
1583 1166 1836 1265 διδόμενα

262 1279 676 1376 ἐφευρίρκεται,
709 1281 803 1358 καὶ
852 1281 1086 1350 μάλιστα
1121 1283 1190 1336 τὰ
1222 1285 1349 1354 περὶ
1394 1285 1493 1352 τῆς
1537 1281 1646 1337 τῶν
1678 1288 1835 1355 ὀιστέ-

409 1357 704 1442 κίνήσσωςο
739 1375 835 1428 καὶ
862 1375 1018 1427 οὐδὲν
1063 1377 1126 1430 ὲκ
1158 1378 1364 1431 τούτων
1409 1379 1601 1448 δφελος
1640 1381 1716 1450 τῷ
1748 1382 1838 1432 ἀν-

263 1463 491 1534 θρώπῳ.
547 1462 614 1518 Τί
646 1465 759 1535 γὰρ
794 1466 945 1536 παρᾶ
993 1469 1056 1521 τὸ
1105 1468 1307 1524 εἰδέναι
1351 1469 1455 1525 ποῦ
1488 1471 1588 1541 τὴν
1620 1472 1838 1540 κίνησιν

252 1551 380 1624 ἔχει
413 1557 440 1608 ὁ
470 1558 621 1625 ἥλιος
655 1558 750 1610 καὶ
783 1560 977 1631 σελήνη
1012 1561 1110 1613 καὶ
1144 1563 1210 1614 τὰ
1244 1561 1405 1616 λοιπὰ
1448 1564 1556 1616 τῶν
1585 1565 1836 1633 ἄστρων;

263 1651 315 1701 εί
347 1649 420 1718 μὴ
461 1649 548 1704 διά
579 1667 702 1704 τινα
737 1654 927 1721 χρεῗαν
959 1653 1161 1720 σαρκὸς
1212 1655 1288 1716 ὼς
1333 1657 1576 1709 ναυτικοὶ
1612 1657 1840 1725 κέχρην-

262 1759 373 1796 ται.
401 1743 507 1796 Καὶ
531 1745 852 1815 παχυτέρως
873 1745 1021 1799 οῦτοι
1039 1749 1105 1799 τὰ
1135 1749 1245 1802 τῶν
1273 1748 1490 1820 ἄστρων
1519 1752 1842 1804 κατανοοῦσι

267 1835 598 1902 κρειττόνως
633 1837 893 1900 πολλάκις
922 1838 1017 1890 καὶ
1048 1841 1155 1893 τῶν
1177 1840 1517 1912 λεπτοτέρων
1543 1841 1842 1894 δοκούντων

1937 649 2088 703 ideas
2122 649 2543 703 illustrationem
2575 659 2628 702 et
2676 649 2964 705 scientiam
3000 649 3167 717 atQue
3202 647 3499 716 puritatem

1935 742 2186 810 impurus
2211 726 2486 806 ducebat;
2524 757 2645 810 quae
2699 742 2951 796 humana:
2993 740 3310 811 cogitationi
3369 738 3506 792 inle-

1935 812 2079 884 riora
2111 822 2261 897 sunt,
2298 846 2420 885 cum
2463 827 2534 885 ab
2563 846 2624 886 ea
2665 834 3056 900 comprehensa
3091 839 3501 893 mensurentur,

1936 929 1989 974 et
2019 921 2390 976 observationi
2457 909 2582 976 daia
2649 924 3016 991 reperiantur,
3075 923 3348 992 praecipue
3381 937 3506 991 qua:

1935 1013 2080 1067 circa
2112 1023 2289 1069 motus
2342 1015 2615 1092 astrorum
2643 1025 2976 1088 versantur,
3034 1030 3100 1070 ex
3159 1017 3356 1092 quibus
3389 1015 3510 1068 nul-

1938 1105 2047 1160 lum
2076 1105 2280 1160 homini
2311 1090 2683 1182 commodum,
2717 1104 2861 1172 Quid
2908 1105 3053 1161 enim
3085 1090 3304 1176 prodest
3334 1100 3379 1159 si
3413 1111 3510 1161 n'o-

1937 1197 2115 1251 veriut
2143 1198 2416 1265 quomodo
2448 1200 2768 1253 moveantur
2797 1258 2800 1262 ,
2827 1199 2909 1254 sol
2962 1208 3016 1253 et
3070 1183 3212 1253 luna.
3244 1209 3505 1267 astraque

1938 1288 2176 1352 caetera?
2207 1286 2319 1354 Nisi
2361 1290 2485 1354 inde
2513 1276 2803 1362 quamdam
2836 1289 3017 1344 carnis
3050 1289 3335 1342 utilitatem
3365 1291 3508 1344 sicut

1940 1365 2119 1434 nautaé
2153 1363 2454 1452 percipiant
2484 1399 2498 1448 ;
2525 1381 2737 1452 "istiquc
2795 1380 2975 1436 luente
3032 1382 3339 1437 hebetiores
3365 1397 3508 1450 saepe

1941 1471 2137 1526 melius
2167 1482 2504 1540 cognoscunt
2535 1445 2595 1527 eia
2622 1460 2740 1543 quin
2764 1478 2829 1529 ad
2858 1474 3039 1530 sidera
3067 1484 3313 1544 spectant
3342 1488 3504 1543 quam

1944 1565 2016 1617 illi
2043 1565 2134 1633 qui
2170 1565 2508 1635 sapientibus
2537 1568 2817 1621 acutiores
2856 1570 3128 1623 videntur.
3160 1567 3212 1622 Si
3239 1576 3418 1620 autem
3445 1567 3512 1620 de

1942 1656 2150 1724 origine
2178 1672 2362 1710 rerum
2389 1653 2632 1721 disserit,
2659 1659 2793 1712 heu!
2833 1674 2993 1726 quam
3026 1673 3167 1712 caeca
3201 1657 3508 1711 aberratio!

1945 1763 2107 1814 quam
2152 1750 2316 1815 impie
2361 1750 2600 1817 loquitur
2651 1749 2896 1803 divinum
2944 1750 3206 1801 honorem
3242 1748 3515 1802 creaturis

1947 1839 2243 1891 exhibens!
2291 1838 2406 1891 Non
2440 1842 2580 1892 enim
2617 1839 2706 1895 Dei
2736 1841 3077 1906 providentia
3108 1850 3292 1912 nostra
3321 1839 3518 1907 guber-

274 1925 428 1993 παρὰ
470 1929 676 1994 σοφοῖς.
731 1929 792 1982 Εἰ
824 1929 878 1983 δὲ
927 1933 1058 2000 περὶ¹
1090 1932 1362 2000 γενέσεως
1392 1934 1419 1984 δ
1447 1932 1603 1999 λόγος
1628 1934 1839 2001 ἐκείνῳ,
1879 1921 1918 1972 Β

1879 1921 1918 1972 Β
1949 1929 2066 1983 nari
2103 1931 2404 1996 existimat,
2432 1933 2525 1986 sed
2572 1933 2682 1986 fato
2722 1933 3047 2001 fortunaque
3086 1941 3141 1986 et
3167 1941 3361 2001 sponte
3395 1947 3514 1995 sua,

268 2015 374 2081 φεῦ
402 2017 500 2085 τῆς
531 2019 747 2088 ἀπάτης
776 2023 787 2074 !
826 2022 901 2084 ὡς
927 2024 1400 2092 κτισματολάτρης
1422 2024 1529 2092 γὰρ
1563 2026 1654 2078 καὶ
1697 2025 1840 2077 ἀντί-

269 2108 414 2169 θεος.
447 2111 521 2162 Οὐ
553 2111 662 2182 γὰρ
690 2115 755 2183 τῇ
793 2112 887 2165 τοῦ
913 2113 1048 2167 θεοῦ
1084 2115 1310 2187 προνοίᾳ
1337 2116 1435 2186 τὴν
1458 2117 1614 2187 ἡμῶν
1644 2117 1844 2186 διοίκη-

269 2218 356 2253 σιν
385 2203 721 2273 ἀνατίθησιν,
746 2206 880 2259 ἀλλὰ
904 2209 969 2276 τῇ
1001 2209 1319 2279 εἱμαρμένῃ
1368 2211 1458 2262 καὶ
1486 2211 1620 2280 τύχῃ
1650 2215 1738 2262 καὶ
1768 2211 1844 2281 τῷ

269 2294 566 2366 αὐτομάτῳ
591 2297 730 2351 κατά
759 2299 850 2350 τὸν
891 2300 1232 2371 Ἐπίκουρον,
1269 2301 1301 2370 ἢ
1341 2305 1460 2364 ταῖς
1485 2303 1591 2355 τῶν
1627 2301 1845 2370 ἄστρων

267 2383 554 2452 δυνάμεσι,
588 2387 680 2439 καὶ
713 2387 870 2441 τοῦτο
894 2390 955 2441 τὸ
988 2391 1142 2455 τέλος
1184 2392 1286 2461 τῆς
1319 2393 1530 2453 ἀθεῒας.
1569 2395 1679 2448 Καὶ
1711 2397 1846 2447 Πτο-

268 2473 494 2540 λεμαῖος
519 2474 677 2539 ἄλλος
728 2479 756 2530 ὁ
783 2477 1071 2550 Βαρλαάμ,
1101 2483 1168 2536 τὰ
1203 2483 1322 2536 θεῖα
1371 2486 1471 2553 μὲν
1500 2485 1661 2553 δῆθεν
1699 2487 1846 2554 δεχό-

274 2581 436 2630 μενος
467 2566 622 2632 λόγια
663 2568 738 2629 ὡς
787 2571 993 2634 ἐκεῖνος
1047 2574 1113 2626 τὰ
1161 2574 1269 2626 τῶν
1333 2574 1618 2644 Ἐϐραίων,
1669 2576 1704 2630 ἃ.
1753 2579 1844 2630 καὶ

271 2656 573 2724 ἑρμηνείας
607 2659 829 2728 ἠξίωσε,
880 2662 978 2732 τὴν
1016 2664 1181 2717 αὐτοῦ
1213 2665 1267 2718 δὲ
1319 2667 1682 2736 Τετράὄιὸλον
1709 2670 1848 2721 κατὰ

270 2746 376 2812 τῆς
407 2750 663 2815 προνοίας
698 2753 931 2818 συνθεῖς,
963 2755 1037 2816 ὡς
1074 2759 1170 2810 καὶ
1196 2750 1350 2819 οὗτος
1371 2757 1439 2809 τὰ
1485 2759 1584 2826 τῆς
1625 2759 1850 2829 Ἐκκλη-

273 2837 518 2906 σίαςμὲν
553 2839 725 2907 λέγων
745 2842 1017 2911 δέχεσθαι,
1072 2847 1175 2898 κατ
1197 2846 1338 2900 κατὰ
1361 2848 1607 2901 Λατίνων
1637 2850 1690 2902 δὲ
1720 2868 1848 2918 συγ-

271 2929 645 2995 γραφόμενος,
677 2930 767 2983 τὸν
810 2932 1169 3003 Ἐλληνισμδν
1202 2936 1256 2988 δὲ
1287 2939 1540 3005 εἰσάγων.
1582 2940 1640 2991 Ei
1670 2940 1723 2991 δὲ
1758 2942 1848 2993 καὶ

273 3021 336 3069 τὸ
369 3020 465 3072 τοῦ
494 3023 704 3076 Παύλου
738 3025 980 3097 ἀντιθείη
1021 3045 1104 3091 τις
1132 3031 1284 3098 ἡμῖν,
1336 3049 1353 3082 t
1384 3033 1461 3083 Τὰ
1486 3033 1594 3101 γὰρ
1642 3034 1848 3101 ἀόρατα

274 3111 443 3163 αὐτοῦ
472 3114 579 3164 ἀπὸ
606 3115 835 3178 κτίσεως
865 3119 1070 3187 κόσμου
1113 3123 1224 3183 τοῖς
1259 3124 1528 3192 ποιήμασι
1581 3126 1849 3193 νοούμενα

276 3204 602 3271 καθορᾶται,
645 3225 664 3257 ι
702 3209 794 3261 καὶ
843 3210 902 3262 τὸ
938 3211 1031 3263 τοῦ
1073 3213 1258 3279 Δαδὶδ,
1321 3232 1338 3264 ι
1371 3217 1430 3266 Οἱ
1467 3216 1686 3283 οὐρανοὶ
1733 3219 1843 3288 διηο

275 3295 681 3360 γοῦνταιδόξαν
734 3299 890 3362 Θεοῦ,
934 3320 952 3352 ι
994 3302 1108 3355 ἀλλ’
1157 3305 1300 3357 οὕτω
1342 3307 1446 3375 χρὴ
1497 3308 1654 3360 τοῦτο
1690 3314 1846 3374 νοεῖν,

275 3385 355 3446 ὡς
382 3387 536 3438 αὐτοὶ
562 3388 724 3442 τοῦτο
758 3395 1232 3462 παραδεδώκασιν,
1268 3401 1344 3459 είς
1381 3399 1441 3450 τὸ
1489 3400 1731 3467 εὐλογεῖν
1762 3402 1852 3453 τὸν

280 3476 488 3542 Κύριον
521 3481 614 3531 καὶ
669 3481 858 3548 ὑμνεῖν
907 3487 969 3536 ἐκ
1007 3486 1119 3537 τῶν
1151 3489 1444 3556 ὁρωμένων
1496 3491 1677 3556 αὐτὶν,
1736 3494 1850 3551 καὶ,

285 3586 303 3617 ι
341 3568 586 3636 Εὑλόγει.
628 3589 644 3621 ι
687 3572 886 3638 λέγειν,
925 3594 942 3626 ι
983 3577 1190 3647 ἡψυχή
1249 3597 1371 3645 μου,
1420 3582 1509 3633 τὸν
1558 3581 1784 3653 Κύριον·
1832 3604 1849 3635 ι

282 3659 401 3720 καὶ,
441 3677 458 3709 t
500 3660 586 3724 Ὠς
612 3664 956 3735 ἐμεγαλύνθη
984 3669 1049 3718 τὰ
1073 3668 1208 3736 ἔργα
1231 3686 1348 3734 σου,
1375 3672 1569 3742 Κύριε,
1592 3675 1764 3727 πάντα
1797 3679 1854 3729 ὲν

285 3753 450 3822 σοφίᾳ
483 3755 765 3825 ὲποιήσας·
797 3777 816 3810 ι
861 3762 974 3822 καὶ,
1018 3780 1036 3811 ι
1090 3763 1518 3836 Ἑθαυμαστώθη
1566 3767 1597 3836 ἠ
1656 3770 1855 3834 γνῶσίς

285 3860 382 3895 σου
421 3845 478 3908 ἐξ
513 3845 666 3914 ἐμοῦ,
696 3850 1069 3920 ὲκραταιώθη,
1099 3852 1160 3904 οὑ
1200 3855 1274 3922 μὴ
1317 3853 1562 3923 δύνωμαι
1591 3857 1726 3926 πρὸς
1757 3858 1853 3910 αῦ-

282 3935 406 4003 τήν·
443 3955 461 3986 ι
500 3938 613 4002 καὶ,
651 3957 668 3988 ι
716 3940 841 3991 Ἐὰν
894 3943 1080 3993 ἀναΐῶ
1107 3946 1183 4002 είς
1231 3945 1322 3995 τὸν
1352 3946 1601 4014 οὐρανὸν,
1632 3948 1694 4000 σὺ
1747 3952 1859 4001 ἐκεῖ

284 4024 356 4092 εἶ,
385 4029 479 4080 ἐὰν
510 4031 734 4082 κατασῶ
767 4034 846 4094 είς
876 4035 963 4085 τὸν
986 4033 1142 4105 ᾅδην,
1179 4038 1362 4102 πάρει,
1399 4057 1416 4089 ›
1453 4041 1547 4092 καὶ
1575 4041 1642 4092 τὰ
1670 4040 1855 4094 λοιπά.

291 4121 364 4171 Ἀ
419 4121 566 4186 λέγει
625 4126 725 4192 τὴν
782 4127 1041 4194 πρόνοιαν
1085 4131 1371 4197 κηρύττων
1449 4132 1614 4185 αὑτοῦ
1675 4134 1857 4188 Δαδίδ.

291 4214 392 4272 Ὃς
427 4214 568 4266 κατὰ
593 4216 716 4277 τοὺς
740 4217 905 4278 ἁλιεῖς
943 4220 1275 4281 ἀποστόλους
1306 4223 1401 4274 xui.
1427 4223 1522 4276 τοῦ
1561 4226 1863 4295 ἀγραμμά-

285 4319 382 4355 του
416 4302 708 4373 κληθέντος
739 4309 879 4359 κατὰ
917 4309 1094 4377 σάρκα
1125 4311 1302 4378 Λόγου
1337 4314 1526 4383 Πατὴρ
1560 4317 1767 4382 φανεὶς,
1807 4319 1862 4369 ἓν

292 4395 531 4466 ἰδιωτείᾳ
579 4399 872 4466 καυχᾶται,
911 4401 1010 4453 οὐκ
1048 4403 1104 4452 ἐν
1138 4403 1316 4473 σοφίαι
1355 4423 1373 4455 ι
1407 4407 1529 4459 Ὀτι
1564 4409 1660 4460 οὐκ
1691 4409 1862 4475 ἔγνων

287 4489 702 4556 γραμματείας,
742 4508 759 4540 ι
791 4492 945 4559 φησί’
991 4495 1104 4556 καὶ,
1159 4512 1176 4544 ι
1222 4496 1473 4549 Ἀνέλαϐἐ
1527 4517 1592 4565 με
1646 4502 1707 4550 ὲκ
1755 4502 1863 4552 τῶν

1948 2031 2106 2089 prout
2162 2020 2320 2075 docet
2374 2019 2661 2090 Epicurus,
2720 2022 2803 2076 vel
2857 2022 2974 2090 ipso
3019 2021 3259 2074 siderum
3289 2019 3516 2085 inﬂuxu,

1948 2110 2089 2175 quod
2128 2121 2212 2164 est
2239 2126 2466 2165 summae
2508 2112 2826 2180 impietatis,
2859 2113 2998 2164 unde
3026 2112 3164 2165 alius
3192 2106 3518 2165 Ptolemmus

1948 2199 2190 2254 Barlaam
2225 2202 2405 2255 divina
2458 2202 2764 2270 suscipiens
2793 2201 3012 2255 oracula
3058 2202 3518 2269 quemadmodum

1949 2290 2038 2345 ille
2101 2307 2288 2347 sacros
2339 2293 2554 2362 quidem
2631 2292 2985 2348 Hebraeorum
3048 2293 3266 2347 codices
3312 2290 3521 2359 accepit

1947 2399 2086 2451 quos
2120 2385 2576 2454 interpretatione
2607 2386 2799 2455 dignos
2840 2385 3130 2454 judicavit,
3166 2384 3394 2437 Bibliam
3423 2398 3521 2436 au-

1949 2483 2053 2526 tem
2121 2489 2273 2529 suam
2319 2475 2678 2545 quadruplam
2731 2477 3031 2530 secundum
3091 2475 3284 2529 insitas
3333 2473 3517 2528 animo

1948 2567 2233 2635 Opiniones
2267 2571 2596 2638 composuit,
2642 2569 2714 2622 ita
2753 2569 2839 2622 hic
2879 2569 3096 2636 quidem
3137 2567 3392 2621 Ecclesi:e
3429 2568 3516 2620 in-

1950 2660 2132 2712 Stitnta
2169 2675 2225 2714 sc
2259 2659 2671 2729 dixitaccipere
2723 2660 2938 2729 imoque
2984 2661 3248 2715 adversus
3298 2657 3527 2713 Latiuos

1951 2749 2188 2817 scripsit,
2243 2749 2437 2819 impias
2490 2765 2619 2805 vero
2651 2749 2966 2805 Grarcorum
3009 2752 3309 2805 sententias
3345 2751 3525 2804 immi-

1950 2838 2114 2893 acuit.
2144 2840 2208 2890 At
2247 2840 2292 2893 si
2334 2839 2457 2908 quis
2486 2840 2614 2893 illud
2653 2829 2804 2892 Pauli
2851 2840 3006 2894 nobis
3057 2850 3297 2908 opponat
3331 2856 3346 2891 :
3385 2857 3406 2892 ι
3442 2839 3528 2891 lu-

1952 2929 2179 2984 visibilia
2216 2931 2358 2984 enim
2420 2931 2591 3000 ipsius
2619 2946 2646 2984 a
2679 2940 2931 2985 creatura
2970 2931 3152 2984 mundi
3189 2946 3284 2999 per
3313 2945 3374 2984 ea
3405 2947 3526 3000 qua:

1952 3019 2092 3074 facta
2121 3029 2250 3074 sunt
2299 3022 2566 3077 intellecta
2599 3025 3048 3094 conspiciuntur;
3091 3043 3107 3076 ι
3149 3025 3231 3078 vel
3263 3024 3390 3078 illud
3427 3023 3527 3079 Da-

1951 3113 2037 3166 vid
2105 3130 2118 3165 :
2160 3131 2178 3164 ‹
2216 3112 2353 3168 ϐωιί
2388 3128 2648 3170 enarrant
2683 3117 2908 3186 gloriam
2953 3119 3068 3181 Dei,
3114 3136 3131 3169 ι
3174 3118 3288 3172 haec
3342 3128 3522 3171 autem

1953 3203 2242 3271 intelligas,
2284 3217 2445 3273 prout
2496 3208 2598 3275 ipsi
2652 3209 3014 3272 tradiderunt,
3067 3209 3320 3278 quoniam
3362 3224 3531 3276 opor-

1955 3301 2066 3347 teat
2101 3293 2388 3349 Dominum
2423 3297 2744 3351 benedicere
2795 3308 2955 3367 atque
3002 3314 3066 3352 ex
3103 3298 3409 3352 visibilibus
3443 3313 3530 3352 ce-

1956 3385 2167 3441 lebrare
2219 3387 2450 3442 dicendo
2495 3405 2508 3442 :
2553 3407 2570 3440 ι
2624 3388 2879 3454 Benedic,
2921 3391 3102 3444 anima
3155 3405 3299 3456 mea,
3342 3389 3532 3442 Domi-

1957 3491 2128 3542 num;
2167 3495 2185 3528 ι
2217 3485 2269 3530 et
2305 3495 2320 3531 :
2363 3496 2380 3530 ι
2423 3480 2596 3543 Quam
2640 3481 2984 3550 magnilicata
3046 3489 3176 3533 sunt
3221 3496 3387 3549 opera
3415 3489 3529 3541 tua,

1958 3566 2223 3635 Domine;
2253 3573 2434 3625 omnia
2468 3572 2520 3624 in
2548 3575 2812 3640 Sapientia
2850 3573 3066 3640 fecisti;
3114 3594 3129 3624 ι
3165 3581 3217 3627 et
3257 3593 3269 3626 :
3308 3592 3326 3624 ι
3367 3571 3537 3626 Mira-

1959 3658 2081 3712 bilis
2119 3659 2259 3713 facta
2300 3671 2381 3715 est
2414 3662 2639 3716 scientia
2696 3673 2786 3715 tua
2826 3678 2887 3716 ex
2925 3679 3029 3724 me,
3079 3662 3384 3716 confortatn
3425 3671 3532 3729 est,

1958 3761 2012 3803 et
2050 3765 2154 3803 non
2189 3762 2379 3820 potero
2435 3752 2504 3806 ad
2567 3768 2686 3807 eam
2718 3770 2732 3820 ;
2775 3773 2793 3806 ι
2830 3763 2884 3807 et
2919 3770 2931 3805 :
2965 3772 2982 3804 ι
3029 3753 3084 3806 Si
3139 3754 3438 3808 ascendero
3473 3753 3528 3806 in

1958 3843 2179 3906 malum,
2242 3850 2299 3895 tu
2364 3842 2473 3896 illic
2508 3856 2590 3908 es,
2645 3845 2689 3897 si
2745 3843 3077 3898 descendero
3130 3844 3182 3897 in
3250 3843 3528 3896 infernum

1961 3934 2130 3998 ades;
2163 3952 2179 3984 ι
2211 3943 2263 3987 et
2295 3945 2489 3988 caetera
2529 3950 2650 4003 quae
2711 3936 2842 3988 dicit
2903 3935 3070 3990 David
3125 3937 3533 4006 praescientiam

1961 4024 2080 4090 ejus
2116 4023 2442 4091 przedicans,
2500 4027 2593 4093 qui
2648 4026 2950 4079 secundum
2986 4026 3287 4094 piscatores
3316 4037 3532 4091 aposto-

1965 4114 2069 4168 los.
2099 4129 2221 4166 cum
2253 4123 2399 4169 esset
2423 4124 2573 4184 pater
2602 4116 2906 4169 secundum
2937 4130 3160 4170 carnem
3191 4114 3366 4183 Verbi,
3388 4116 3534 4185 quod

1964 4204 2141 4274 ipsum
2171 4206 2511 4260 illitteratum
2547 4206 2647 4261 fuit
2679 4217 2958 4273 vocatum,
2983 4208 3049 4262 de
3085 4208 3394 4270 inscientia,
3435 4224 3534 4263 ne-

1965 4314 2238 4368 quaquam
2285 4300 2351 4353 de
2408 4301 2669 4368 sapientia
2724 4302 2988 4369 gloriatur
3039 4301 3228 4355 dicens
3268 4317 3281 4354 :
3329 4319 3347 4352 (
3385 4302 3535 4366 Quo-

1966 4392 2111 4444 niam
2145 4406 2250 4444 non
2308 4393 2536 4460 cognovi
2590 4392 3003 4460 litteraturam;
3043 4411 3061 4446 ι
3098 4402 3151 4446 et
3186 4411 3199 4448 :
3242 4411 3261 4444 ι
3304 4392 3538 4447 Sustulit

1969 4498 2054 4536 me
2087 4482 2152 4537 de
2191 4484 2447 4554 gregibus
2497 4486 2681 4539 ovium
2734 4488 2902 4554 patris
2948 4487 3091 4554 mei;
3128 4506 3147 4540 ι
3189 4497 3244 4542 et
3293 4472 3536 4542 Paulus}

294 4582 568 4649 ποιμνίων
617 4582 726 4634 τῶν
759 4586 1046 4651 προϐάτιον
1087 4585 1179 4638 τοῦ
1221 4589 1432 4654 Πατρός
1482 4606 1603 4658 μου.
1642 4610 1674 4663 »ι
1701 4593 1807 4643 Καὶ
1840 4596 1864 4644 ὁ
1899 4594 1942 4649 D

1899 4594 1942 4649 ο
1979 4592 1997 4625 ι
2042 4573 2160 4627 Νοη
2191 4575 2312 4628 veni
2340 4580 2638 4631 secundum
2698 4579 3084 4632 sublimitatem
3141 4583 3411 4635 sermonis
3447 4591 3542 4634 aut

294 4672 532 4738 Παῦλος,
571 4693 589 4726 t
620 4675 733 4727 Οὐκ
762 4670 925 4745 ἦλθον
952 4677 1075 4730 καθ’
1107 4678 1380 4748 ὑπεροχὴν
1409 4682 1568 4748 λόγου
1593 4682 1624 4753 ἢ
1651 4685 1861 4752 σοφίας.

294 4767 407 4818 Καὶ
434 4767 531 4818 οὐκ
562 4767 752 4835 ἔκρινα
786 4767 880 4819 τοῦ
914 4769 1114 4822 είδέναι
1139 4787 1190 4822 τι
1231 4773 1290 4822 ἐν
1344 4773 1494 4840 ἡμῖν,
1555 4775 1602 4825 εἰ
1641 4776 1714 4844 μὴ
1763 4774 1866 4845 ’1η-

295 4854 425 4907 σοῦν
479 4857 736 4923 Χριστὸν,
798 4858 894 4910 καὶ
947 4858 1135 4912 τοῦτον
1193 4862 1626 4932 ἐσταυρωμένονσ
1667 4884 1684 4915 ι
1755 4867 1866 4929 καὶ,

301 4965 322 4998 ι
367 4949 487 5000 Ἔτι
550 4950 757 5018 (μησὶν)
807 4950 914 5003 ὑπὸ
949 4952 1018 5003 τὰ
1063 4957 1302 5021 στοιχεῖα
1348 4954 1440 5006 τοῦ
1491 4956 1696 5023 κόσμου
1749 4956 1869 5010 ἐστὶ

295 5038 736 5108 δεδουλωμένοι;
775 5058 792 5092 ι
855 5044 970 5105 καὶ,
1039 5061 1056 5093 t
1090 5044 1166 5112 Τῇ
1235 5047 1557 5115 ματαιότητι
1611 5049 1642 5115 ἡ
1695 5048 1869 5110 κτίσις

299 5131 573 5200 ὑπετάγη*
614 5149 632 5181 ι
672 5131 786 5193 καὶ,
835 5148 854 5182 t
895 5133 1140 5201 Παράγει
1195 5134 1254 5185 τὸ
1289 5137 1473 5204 σχῆμα
1515 5136 1609 5190 τοῦ
1665 5138 1870 5207 κόσμου

296 5221 516 5273 τούτου’
551 5240 570 5273 ι
602 5223 718 5287 καὶ,
755 5241 774 5274 ι
831 5224 1278 5295 Ἐμωρὰνθησαν,
1313 5231 1404 5279 καὶ
1445 5229 1774 5298 ἐλάτρευσαν
1805 5234 1871 5301 τῇ

301 5313 482 5366 κτίσει
517 5315 666 5383 παρὰ
696 5314 791 5367 τὸν
846 5315 1132 5373 κτίσαντα.
1173 5337 1191 5369 ι
1241 5321 1430 5389 Ὀρᾷς,
1481 5321 1556 5383 ὡς
1586 5321 1681 5390 οὐχ
1737 5323 1873 5393 ὑπὲρ

304 5408 518 5458 τούτων
573 5407 804 5476 μελετᾷν
835 5408 984 5475 ἡμᾶς
1034 5414 1176 5478 χρή;
1216 5428 1233 5460 ι
1262 5411 1344 5462 Τὰ
1402 5413 1513 5465 ἄνω
1545 5417 1814 5482 φρονεῖτε,
1853 5435 1869 5465 ι

304 5500 463 5568 φησι,
503 5516 522 5550 ι
559 5498 627 5551 τὰ
654 5499 765 5554 ἄνω
789 5498 1025 5567 ζητεῖτε,
1058 5502 1194 5554 ὅπου
1225 5502 1534 5572 πρόδρομος
1562 5506 1699 5574 ὑπὲρ
1721 5509 1877 5575 ἡμῶν

305 5588 529 5656 εἰσῆλθε
549 5590 802 5660 Χριστός·
824 5609 842 5641 ι
864 5591 974 5656 καὶ,
996 5608 1013 5641 t
1041 5591 1227 5660 Ἦμῶν
1247 5594 1304 5644 τὸ
1327 5594 1624 5663 πολίτευμα
1645 5599 1702 5647 ὲν
1719 5598 1877 5666 ούρα-

308 5682 420 5740 νοῖς
444 5680 737 5749 ὑπάρχει.»
765 5682 858 5744 Τίς
881 5682 988 5750 ἄρα
1007 5684 1164 5752 χρεία
1183 5685 1432 5754 περὶτῶν
1452 5687 1881 5759 ἀλλοιωΊησομέι

309 5788 420 5823 νων
451 5772 596 5839 ἡμᾶς
633 5771 733 5840 51
746 5777 1015 5844 μεριμνᾷν
1067 5794 1124 5828 τε
1150 5778 1242 5829 καὶ
1264 5778 1515 5848 μελετᾷν,
1538 5780 1631 5833 καὶ
1655 5781 1728 5851 μὴ
1754 5785 1877 5850 περὶ

316 5861 430 5915 τῶν
471 5861 710 5916 αἰωνίων
737 5880 750 5929 ;
783 5864 889 5918 Καὶ
909 5864 1076 5919 ταῦτα
1097 5866 1197 5936 μὲν
1214 5871 1280 5920 τὰ
1301 5869 1396 5937 τῆς
1439 5868 1596 5939 δόξης
1618 5871 1710 5923 τοῦ
1743 5873 1878 5939 Βαρ-

1969 4667 2250 4736 sapientia:
2280 4683 2296 4735 ;
2331 4687 2349 4719 ι
2384 4678 2438 4721 et
2470 4687 2482 4722 :
2520 4687 2537 4720 ε
2576 4670 2692 4724 Non
2747 4672 2985 4740 iudicavi
3018 4687 3102 4725 me
3155 4674 3296 4727 scire
3335 4674 3539 4742 aliquid

1970 4759 2112 4813 inter
2145 4775 2239 4814 vos
2264 4761 2369 4815 nisi
2426 4759 2609 4814 Jesum
2670 4764 2971 4824 Christum,
3033 4775 3088 4817 et
3149 4765 3294 4818 hunc
3327 4767 3540 4819 crucih-

1971 4868 2140 4919 xum;
2182 4872 2200 4904 ι
2239 4863 2295 4907 et
2333 4869 2347 4905 :
2382 4871 2398 4903 ι
2427 4853 2641 4916 Adhuc,
2667 4857 2865 4923 inquit,
2899 4856 3001 4908 sub
3033 4856 3321 4910 clctuentis
3352 4859 3539 4911 mundi

1971 4947 2105 4998 estis
2146 4946 2488 5000 servientes?
2531 4964 2548 4996 ι
2591 4954 2645 4998 et
2694 4962 2707 5000 :
2765 4965 2782 4996 ι
2822 4944 3054 4999 Vanitati
3102 4956 3352 5003 creatura
3405 4949 3540 5003 sub—

1971 5033 2112 5102 jecta
2147 5047 2270 5102 est;
2309 5054 2327 5087 ι
2357 5047 2449 5090 et:
2493 5055 2510 5088 ι
2554 5035 2801 5091 Praeterit
2850 5039 3022 5106 ligura
3054 5038 3218 5106 hujus
3251 5042 3481 5106 mundi;
3519 5061 3535 5090 ι

1973 5126 2029 5181 et
2067 5146 2078 5180 :
2111 5144 2129 5178 ‹
2164 5127 2324 5181 Stulti
2355 5127 2484 5182 l‘acti
2519 5138 2669 5194 sunt,
2701 5136 2754 5182 et
2787 5129 3079 5183 coluerunt
3106 5141 3413 5185 creaturam
3447 5147 3542 5202 po-

1978 5221 2087 5273 tius
2137 5233 2301 5288 quam
2360 5218 2694 5274 Creatorem.
2740 5238 2757 5270 »
2792 5218 2981 5273 Viden’
3032 5222 3291 5290 quoniam
3328 5234 3542 5289 oportet

1978 5326 2078 5366 nos
2107 5311 2172 5364 de
2234 5311 2318 5364 his
2377 5312 2601 5364 minime
2650 5325 2770 5366 esse
2817 5312 3126 5366 sollicitos?
3164 5314 3295 5379 Qua:
3321 5329 3537 5368 sursum

1981 5412 2127 5468 sunt,
2164 5403 2359 5472 inquit,
2401 5404 2594 5473 sapite,
2653 5417 2773 5472 qua:
2827 5418 3046 5458 sursum
3104 5413 3233 5458 sunt
3292 5407 3544 5474 quaerite,

1982 5500 2070 5552 ubi
2111 5513 2418 5567 praecursor
2463 5513 2559 5566 pro
2594 5497 2752 5551 nobis
2790 5498 3032 5551 introivit
3061 5496 3351 5564 Christus;
3389 5515 3406 5547 ι
3444 5507 3544 5553 et:

1987 5609 2004 5642 ι
2042 5591 2237 5645 Nostra
2303 5591 2642 5644 conversatio
2711 5589 2767 5644 in
2817 5589 2969 5646 caelis
2998 5597 3100 5646 est.
3145 5607 3164 5642 ι
3200 5588 3340 5658 Quid
3381 5591 3548 5660 igitur

1983 5691 2194 5752 oportet
2234 5697 2332 5736 nos
2388 5681 2455 5736 de
2516 5682 2602 5735 his
2642 5696 2762 5748 qua:
2824 5680 3083 5734 mutanda
3134 5690 3263 5735 sunt
3317 5683 3468 5735 curis
3496 5692 3552 5736 ct

1983 5775 2252 5828 anxietate
2281 5775 2551 5837 consumi,
2584 5774 2821 5826 minime
2867 5787 2996 5827 vero
3025 5765 3091 5826 de
3129 5771 3392 5826 aeternis?
3427 5772 3549 5827 llaec

1984 5874 2066 5920 cst
2133 5865 2372 5918 Barlaam
2423 5865 2671 5919 doctrina
2743 5880 2882 5919 τοι-ω
2943 5873 3215 5919 contraria
3273 5865 3553 5933 sapientia.-
