4238 6444
750 377 840 444 151

1576 390 1955 453 SYMEONIS
2005 393 2291 453 THESSA
2304 384 2773 454 LONICENSISS
2796 397 3151 470 AHCHlEP._

3865 388 3963 452 152

740 508 903 558 quam
938 491 1235 562 piscatores
1267 498 1465 549 mundo
1513 500 1956 567 praedicaverunt.
1990 518 2092 553 non
2128 502 2178 554 in
2214 516 2299 553 sa-
2329 506 2372 564 Α
2402 500 2414 551 i

2290 500 2549 571 -Αλαᾶμ
2609 504 2749 555 κατὰ
2812 502 2912 571 τῆς
2963 504 3223 575 ἀληθινῆς
3279 504 3492 574 σοφίας.
3547 503 3613 573 ἢν
3668 502 3834 563 ἁλιεῖς
3887 502 3964 569 τῷ

742 586 941 652 pientia
974 602 1305 654 sermonum,
1330 602 1396 641 ne
1422 599 1771 645 evacuarctur
1793 609 1920 645 crux
1949 595 2172 654 Christi,
2199 592 2293 645 sed

740 678 794 730 in
825 678 1009 731 divino
1033 679 1274 746 Spiritu;
1324 684 1414 750 qui
1473 684 1634 735 etiam
1671 695 1821 738 tanto
1864 683 2049 737 mundi
2082 685 2295 750 Sapien-

742 769 889 823 tihns
922 771 1314 837 prmstiterttttt,
1347 776 1535 842 quanti
1595 774 1783 830 Patres
1834 778 1885 829 in
1923 776 2093 844 g'atia
2126 774 2292 827 divini

741 858 975 926 Spiritus
1026 860 1272 917 Barlaam
1334 867 1726 941 excelluerunt.
1759 866 1996 936 Nequam
2033 868 2132 921 iste
2162 868 2294 919 Bar-

741 948 881 1001 lnam
913 950 1064 1016 plura
1088 964 1250 1007 etiam
1292 968 1481 1010 contra
1540 975 1748 1011 sacram
1804 959 2100 1011 orationem
2154 961 2294 1014 blas-

742 1043 1009 1109 phemans
1042 1049 1391 1117 conscripsit,
1425 1066 1634 1103 necnon
1680 1053 1906 1120 gratiam
1947 1051 2037 1106 Dei
2070 1062 2122 1105 ct
2151 1052 2298 1121 ejus-

740 1130 862 1184 dem
892 1134 1365 1204 illuminationem,
1415 1140 1512 1194 has
1558 1157 1740 1209 voces,
1797 1163 1815 1196 ι
1856 1142 1985 1197 Sine
2022 1142 2294 1196 intermis-

742 1224 897 1276 sione
922 1239 1094 1290 orare,
1142 1249 1159 1280 ι
1205 1244 1301 1283 nec
1333 1231 1634 1302 intelligens
1673 1250 1767 1287 nec
1796 1237 1841 1289 is
1876 1236 1967 1303 qui
2003 1235 2170 1301 possit
2200 1247 2296 1288 eas

744 1312 1062 1385 intelligere.
1097 1319 1227 1372 Nam
1294 1326 1568 1389 quomodo
1625 1326 1945 1391 intelligeret
2006 1326 2093 1378 ille
2144 1323 2296 1391 cuius

740 1420 901 1459 .mens
930 1412 1151 1462 vanitati
1179 1413 1444 1481 snbjacet,
1478 1416 1567 1479 qni
1627 1417 1821 1470 animm
1866 1416 2294 1484 cogitationibus

745 1498 936 1563 angelo
976 1502 1245 1567 superbia:
1272 1504 1546 1558 adhzeret?
1582 1503 1766 1574 Neque
1798 1508 1990 1561 melius
2018 1508 2294 1576 sequentia

744 1587 950 1655 accepit
986 1604 999 1641 τ
1041 1607 1059 1639 ι
1101 1590 1330 1645 Psallam
1392 1594 1609 1663 spiritu,
1674 1596 1897 1665 psallam
1929 1607 1983 1649 et
2024 1605 2237 1661 mente;
2274 1614 2290 1645 ι

742 1676 823 1727 vel
857 1695 870 1731 :
912 1696 929 1729 ι
964 1678 1263 1755 Cantantes
1285 1692 1338 1737 et
1371 1686 1661 1751 psallentes
1697 1687 1747 1740 in
1770 1688 1934 1741 corde
1966 1696 2147 1741 vestro
2188 1688 2297 1742 Do-

745 1769 928 1838 mino;
985 1792 1001 1821 ι
1064 1775 1145 1827 vel
1196 1794 1271 1830 ιι
1323 1777 1466 1831 Misit
1528 1780 1666 1835 Dens
1724 1781 1984 1850 Spiritum
2048 1779 2167 1833 Filii
2213 1780 2294 1833 sui

2403 594 2592 659 κόσμῳ
2625 592 2913 661 ἐκήρυξαν,
2946 596 3005 647 οὐ
3057 596 3222 664 σοφία
3261 595 3455 662 λόγων,
3497 596 3581 647 ἵνα
3624 594 3699 663 μὴ
3748 595 3961 661 κενωθῇ

2402 682 2430 733 6
2465 682 2690 750 σ-αυρδς
2735 685 2829 737 τοῦ
2879 686 3137 758 Χριστοῦ.
3170 687 3305 741 ἀλλὰ
3359 686 3633 756 Πνεύματι
3672 685 3837 752 θείῳ’
3873 687 3965 736 καὶ

2402 774 2511 825 τῶν
2564 773 2657 827 τοῦ
2716 776 2922 840 κόσμου
2977 778 3158 846 σοφῶν
3206 778 3619 848 ύπερήρθησαν.
3654 777 3730 839 ὡς
3778 778 3876 829 καὶ
3917 777 3965 827 οι

2403 864 2642 932 Πατέρες
2677 866 2734 919 ἐν
2774 868 2955 936 χάριτι
3012 868 3325 937 Πνεύματος
3364 869 3510 920 θείου
3556 866 3651 920 τοῦ
3702 864 3965 933 Βαρλαὰμ

2404 955 2808 1026 ὑπερήρθησαν.
2841 954 3009 1021 Οὗτος
3037 962 3063 1011 6
3094 960 3354 1028 δύστηνος
3385 959 3649 1027 Βαρλαὰμ
3680 957 3776 1010 καὶ
3820 956 3967 1008 πλεῖ-

2405 1064 2503 1100 στα
2552 1049 2690 1101 κατὰ
2735 1050 2833 1115 τῆς
2895 1051 3044 1119 ἱερᾶς
3097 1050 3412 1121 προσευχῆς
3457 1048 3851 1116 ἐϐλασφήμησε
3910 1062 3966 1097 τε

2402 1138 2494 1190 καὶ
2527 1140 2927 1209 συνεγράψατο,
2958 1143 3053 1195 καὶ
3093 1143 3193 1212 τῆς
3220 1142 3316 1195 τοῦ
3364 1141 3502 1194 Θεοῦ
3533 1140 3753 1211 χάριτός
3785 1155 3845 1190 τε
3873 1137 3968 1189 καὶ

2402 1229 2739 1298 ἐλλάμφεως.
2775 1232 2854 1297 τὸ,
2897 1252 2915 1284 ι
2968 1233 3356 1293 Ἀδιαλείπτως
3395 1231 3792 1300 προσεύχεσθε.
3829 1249 3847 1280 ι
3890 1230 3967 1295 μὴ

2404 1322 2603 1386 συνεὶς,
2642 1324 2775 1392 μηδὲ
2809 1324 3106 1393 δυνάμενος
3138 1327 3341 1394 γνῶναι
3367 1342 3382 1365 ι
3411 1325 3530 1386 πῶς
3567 1326 3675 1392 γὰρ
3719 1324 3745 1374 6
3778 1322 3853 1391 τῷ
3889 1318 3968 1372 νοῒ

2405 1408 2756 1479 ματαιάζων,
2808 1416 2901 1467 καὶ
2950 1416 3026 1484 τῷ
3079 1416 3414 1487 ὑπερηφάνῳ
3460 1418 3581 1478 ταῖς
3644 1414 3969 1483 φαντασίαις

2401 1504 2499 1573 τῆς
2524 1504 2759 1569 διανοίας
2794 1507 3113 1575 ἐνούμενοςς
3160 1508 3293 1578 μηδὲ
3323 1507 3404 1568 τὸ.
3437 1525 3456 1557 ι
3488 1505 3864 1575 Προσεύξομαι
3893 1503 3971 1572 τῷ

2402 1599 2694 1668 πνεύματι,
2736 1600 3111 1670 προσεύξομαι
3153 1600 3212 1652 δὲ
3252 1601 3345 1653 καὶ
3376 1598 3453 1667 τῷ
3501 1599 3580 1650 νοῖ
3605 1613 3618 1628 °
3658 1614 3678 1648 ι
3721 1598 3855 1663 μηδέ
3886 1596 3969 1655 τι.

2410 1709 2427 1740 ι
2465 1689 2712 1760 ’ᾼδοντες
2753 1694 2844 1743 καὶ
2897 1690 3191 1758 ψάλλοντες
3241 1692 3298 1743 ἐν
3334 1694 3400 1760 τῇ
3448 1690 3648 1758 καρδίᾳ
3697 1687 3852 1755 ὑμῶν
3892 1686 3971 1753 τῷ

2406 1781 2612 1847 Κυρίῳ,
2644 1800 2663 1831 ι
2701 1780 2795 1831 καὶ
2820 1781 2902 1832 ὅτι
2935 1798 2953 1831 ι
2988 1778 3401 1844 Ἐξαπέστειλεν
3435 1780 3462 1831 6
3488 1779 3618 1841 Θεὸς
3648 1778 3709 1830 τὸ
3748 1777 3971 1843 Πνεῦμα

744 1869 961 1932 (nempe
994 1866 1242 1937 gratiam)
1302 1864 1649 1924 in'cordibus
1691 1873 1913 1935 nostris,
1965 1873 2017 1925 in
2049 1886 2156 1940 quo
2191 1872 2301 1924 cla-
2333 1876 2375 1930 Β
2401 1889 2418 1923 1

2297 1903 2301 1911 ι
2333 1876 2375 1930 Β
2401 1872 2494 1924 τοῦ
2517 1872 2647 1923 Υίοῦ
2685 1870 2872 1933 αὑτοῦ,
2899 1890 2916 1921 ι
2936 1874 3033 1940 τὴν
3056 1872 3216 1943 χάριν
3238 1872 3478 1942 δηλονότι
3501 1873 3558 1923 ἐν
3580 1873 3695 1931 ταῖς
3720 1868 3971 1937 καρδίαις

747 1968 1003 2011 mamus:
1051 1958 1225 2023 Abba,
1262 1958 1453 2028 Pater;
1486 1980 1503 2013 ι
1542 1963 1621 2016 vel
1666 1964 1827 2017 etiam
1870 1980 1887 2018 :
1923 1984 1940 2014 ι
1980 1962 2037 2015 ln
2061 1964 2291 2018 ecclesia

747 2047 890 2099 malo
920 2049 1163 2117 quinque
1195 2052 1355 2104 verba
1390 2068 1551 2107 sensu
1583 2069 1702 2107 meo
1734 2055 1880 2123 loqui
1921 2070 2081 2124 quam
2106 2055 2294 2107 decem

747 2136 913 2192 millia
974 2140 1260 2196 verborum
1336 2144 1388 2197 in
1465 2146 1664 2214 lingua.
1716 2165 1734 2196 ι
1778 2146 2065 2215 Propterea
2118 2156 2297 2198 mente

746 2240 1067 2317 conceptam
1113 2234 1413 2317 orationem
1454 2236 1749 2303 prohibuit,
1794 2246 1847 2291 et
1890 2236 2184 2306 prarsertim
2218 2236 2298 2289 iu—

748 2308 1085 2383 voc-itioneni
1117 2308 1354 2390 Domini,
1417 2342 1576 2396 quem
1634 2330 1921 2383 confessus
1971 2339 2053 2383 est
2107 2326 2298 2381 Petrus

750 2408 924 2482 paialii
957 2406 1144 2474 dicens
1174 2441 1185 2476 :
1220 2441 1238 2473 ι
1283 2423 1359 2475 Τιι
1393 2439 1451 2477 es
1480 2423 1749 2489 Christus,
1776 2422 1946 2480 Filius
1974 2422 2064 2477 Dei
2098 2424 2231 2477 vivi.
2274 2442 2291 2475 ι

749 2496 930 2591 linque
1005 2510 1087 2591 ett
1154 2513 1365 2569 Domini
1424 2517 1681 2571 traditio:
1719 2535 1737 2567 ι
1785 2517 1838 2569 Si
1869 2516 1996 2585 quid
2036 2516 2301 2585 petieritis

751 2588 959 2654 Patrem
1001 2588 1052 2655 in
1087 2602 1305 2657 nomine
1348 2619 1495 2666 meo,
1541 2605 1736 2675 inquit,
1793 2605 2088 2675 accipietis.
2132 2625 2150 2657 ι
2188 2603 2296 2660 Et:

755 2720 768 2741 ι
806 2680 862 2746 in
897 2688 1112 2749 nomine
1158 2710 1278 2748 meo
1331 2698 1597 2754 daemonia
1650 2700 1891 2769 ejicient,
1933 2721 1950 2752 ι
1980 2712 2032 2755 et
2081 2711 2298 2767 caetera,

748 2788 1006 2839 quoniam
1066 2801 1262 2841 nomen
1329 2788 1446 2857 ejus
1504 2790 1607 2845 vita
1662 2801 1880 2846 interna.
1938 2810 1955 2842 ι
2002 2790 2123 2845 llaec
2155 2795 2299 2845 en'm

751 2877 951 2957 scripta
986 2886 1136 2941 sunt,
1196 2879 1267 2930 ait
1324 2878 1582 2943 Joannes,
1634 2892 1691 2936 ut
1744 2883 1981 2936 credatis
2041 2882 2299 2951 quoniam

748 2963 908 3018 .lasus
945 2973 1022 3017 est
1058 2963 1304 3019 Christus
1354 2966 1521 3022 Filius
1580 2970 1689 3033 Dei,
1736 2979 1789 3023 et
1824 2978 1879 3021 nt
1916 2970 2198 3023 credentes
2228 2969 2301 3022 vi-

754 3066 862 3107 tam
897 3065 1155 3109 aeternam
1218 3055 1459 3110 habeatis
1503 3057 1554 3110 in
1592 3059 1809 3112 nomine
1839 3060 1979 3127 ejus.
2022 3078 2041 3112 ι
2079 3060 2304 3128 insuper

756 3143 1017 3211 Spiritum
1076 3154 1324 3197 sanctum
1390 3144 1623 3199 infundit
1690 3147 1961 3203 invocatio
2030 3148 2229 3204 Christi
2286 3166 2299 3203 :

767 3234 984 3286 iNemo
1032 3245 1207 3302 potest
1279 3236 1461 3291 dicere
1534 3236 1809 3291 Christum
1861 3236 2066 3306 Jesnm,
2129 3241 2304 3309 inquit

754 3330 974 3390 Paulus,
1044 3332 1145 3386 nisi
1205 3332 1255 3385 in
1325 3331 1529 3402 Spiritu
1588 3344 1812 3400 sancto;
1872 3352 1888 3385 ι
1944 3343 2307 3404 sexcentaque

754 3423 855 3477 alia
886 3426 948 3476 de
996 3438 1054 3475 re
1114 3422 1303 3475 eadem
1366 3424 1565 3491 scripta
1646 3435 1795 3479 sunt.
1847 3425 2041 3480 Verum
2104 3434 2307 3495 quanta

756 3517 842 3567 ille
876 3514 1182 3567 obeam-atus
1231 3525 1418 3568 contra
1473 3516 1716 3568 divinum
1748 3516 1929 3569 lumen
1980 3519 2203 3585 protulit
2235 3527 2309 3570 te-

757 3610 985 3661 nebrosa
1016 3607 1221 3662 scilicet
1263 3618 1315 3659 et
1352 3608 1585 3662 obscura
1634 3608 1894 3675 valdeque
1924 3608 2193 3662 centraria
2223 3609 2310 3662 di-

758 3707 893 3758 vina!
925 3703 1000 3757 illi
1028 3718 1146 3772 qua:
1176 3716 1451 3769 vesperam
1503 3703 1673 3755 nescit
1705 3709 1754 3753 et
1796 3716 1891 3769 per
1921 3709 2132 3754 noctem
2171 3701 2312 3753 lucet

758 3792 1141 3849 illmninationi
1176 3793 1336 3858 cujus
1391 3791 1602 3845 luciferi
1642 3791 1956 3861 angelorum
2011 3792 2163 3845 chori
2225 3791 2314 3844 lae-

757 3898 943 3940 tantnr
1000 3884 1308 3952 participes,
1370 3884 1626 3952 quoniam
1676 3886 1865 3937 horum
1931 3883 2179 3953 voluptas
2232 3883 2315 3937 di-

758 3979 917 4031 vinus
954 3975 1227 4043 Splendor,
1270 3974 1628 4041 eaunlemque
1684 3976 2007 4043 participant
2039 3978 2131 4043 qui
2169 3977 2313 4029 inter

761 4070 1009 4121 homines
1042 4076 1169 4119 sunt
1194 4065 1378 4118 mundi
1415 4065 1596 4118 corde.
1639 4062 1763 4119 Ideo
1808 4066 2072 4121 adversus
2093 4082 2189 4120 eos
2222 4065 2312 4135 qui

760 4164 923 4213 vitam
966 4160 1016 4211 in
1052 4158 1342 4211 sanctitate
1376 4157 1705 4209 reconditam
1739 4157 2080 4223 agunt,velnt
2103 4157 2313 4211 darmon

759 4252 897 4303 alius
927 4257 1042 4300 crat
1072 4262 1324 4314 grassatus
1356 4246 1408 4298 in
1448 4260 1543 4299 eos
1585 4245 1676 4314 qui
1735 4260 1764 4298 a
1797 4246 2129 4299 tumultuosa
2165 4246 2317 4313 plebe

761 4343 1020 4395 recc-lunt
1052 4342 1264 4408 solique
1321 4337 1430 4390 Deo
1487 4338 1762 4392 adlnerere
1794 4337 2136 4400 desiderant,
2172 4352 2313 4406 quos

763 4434 963 4500 szl'pitls
1018 4430 1438 4484 contritionibus
1500 4431 1683 4483 multis
1746 4431 1897 4497 pravi
1946 4430 2218 4499 invidique
2265 4441 2318 4483 et

2396 1964 2571 2034 ἡμῶν,
2607 1966 2832 2029 κρᾶζον,
2877 1984 2895 2017 ι
2949 1964 3119 2018 Ἀϐὀᾶ
3144 1968 3172 2018 6
3206 1966 3395 2032 Πατήρ
3424 1980 3438 1994 ⁸
3486 1981 3503 2014 ι
3548 1964 3663 2024 καὶ,
3700 1980 3718 2011 ι
3768 1962 3972 2027 Κρεῖσο

2399 2071 2487 2107 σον
2528 2056 2683 2107 πέντε
2717 2056 2909 2121 λόγους
2940 2056 3015 2122 τῷ
3060 2058 3142 2107 νοΐ
3185 2072 3285 2124 μου
3334 2056 3391 2107 ἐν
3430 2052 3701 2121 ἐκκλησίᾳ⁵
3736 2050 4005 2117 λαλῆσαι,

2398 2146 2428 2215 ἧ
2466 2147 2695 2216 μυρίςυς
2735 2148 2929 2212 λόγους
2967 2149 3023 2199 ἐν
3059 2148 3303 2218 γλώσσῃ.
3345 2166 3361 2197 ι
3406 2146 3496 2198 Διὸ
3521 2146 3614 2199 καὶ
3647 2144 3744 2211 τὴν
3778 2141 3975 2211 νοεράν

2399 2237 2708 2306 προσευχὴν
2752 2239 3085 2306 ἀπηγόρευε.
3130 2238 3220 2290 καὶ
3270 2237 3503 2306 μάλιστα
3544 2234 3643 2303 τὴν
3679 2232 3972 2301 ἐπίκλησιν

2397 2329 2489 2381 τοῦ
2533 2330 2759 2400 Κυρίου.
2800 2332 2864 2382 Ὀ
2908 2331 2971 2398 δὴ
3016 2331 3110 2382 καὶ
3147 2330 3407 2397 ὁμολογία
3453 2328 3549 2381 τοῦ
3609 2327 3840 2394 Πέτρου,
3888 2324 3970 2384 τδ.

2405 2439 2422 2471 ι
2458 2422 2527 2475 Σὺ
2561 2419 2613 2474 εἴ
2647 2424 2675 2474 6
2728 2421 2956 2490 Χριστος
2989 2423 3016 2475 6
3057 2421 3182 2482 Υίδς
3239 2421 3331 2473 τοῦ
3359 2420 3495 2473 Θεοῦ
3548 2418 3639 2471 τοῦ
3681 2418 3903 2482 ζῶντος,
3944 2434 3965 2466 ι

2400 2510 2756 2578 κηρύξαντος.
2827 2510 2936 2562 Καὶ
2994 2509 3089 2562 τοῦ
3164 2509 3371 2576 Κυρίου
3430 2504 3729 2574 παράδοσις
3780 2504 3969 2564 ἐστιν,

2409 2619 2427 2651 ι
2477 2602 2541 2653 '0
2575 2618 2627 2653 τι
2671 2600 2736 2654 ἂν
2784 2602 3043 2670 αἰτήσητε
3098 2602 3188 2654 τὸν
3234 2600 3449 2669 Πατέρα
3504 2600 3563 2650 ἐν
3615 2597 3694 2665 τῷ
3742 2593 3969 2662 ὀνόματί

2406 2709 2527 2761 μου,
2551 2712 2570 2744 δ
2592 2693 2857 2755 λέγοντος,
2886 2692 3164 2761 «λήψεσθε.
3188 2692 3317 2754 Καῖ,
3359 2709 3377 2742 ι
3402 2691 3489 2742 Ἐν
3516 2689 3592 2757 τῷ
3612 2688 3837 2756 ὀνόματί
3866 2704 3971 2755 μου

2401 2785 2653 2854 δαιμόνια
2683 2785 2980 2838 ἐκϐαλοῦσι
3013 2802 3026 2815 ’
3069 2804 3087 2837 ι
3126 2787 3219 2837 καὶ
3251 2788 3317 2837 τὰ
3359 2783 3542 2836 λοιπά.
3584 2782 3736 2834 Ἐπεὶ
3772 2780 3873 2831 καῖ
3910 2779 3974 2831 τὺ

2402 2878 2572 2948 ὄνομα
2626 2879 2788 2932 αὑτοῦ
2842 2878 2955 2947 ζωὴ
3010 2878 3226 2939 αίὼνιός
3288 2880 3424 2930 ἐστι.
3472 2894 3490 2927 ι
3536 2873 3723 2927 Ταῦτα
3772 2891 3792 2923 ι
3835 2872 3969 2938 γὰρ.

2405 2974 2590 3039 φησ’ν.
2647 2990 2665 3021 ι
2732 2972 3059 3037 γέγραπται,
3115 2971 3201 3023 ῐνα
3257 2968 3587 3036 πιστεύσητε
3641 2968 3723 3019 ὅτι
3764 2960 3973 3030 Ἰησοῦς

2407 3067 2555 3117 ἐστιν
2581 3066 2608 3117 6
2642 3066 2872 3132 Χριστὸς
2902 3068 2929 3118 ὁ
2965 3067 3091 3128 Υἱὸς
3120 3065 3212 3118 τοῦ
3246 3065 3403 3128 Θεοῦ,
3444 3064 3538 3116 καὶ
3566 3062 3654 3114 ἵνα
3685 3055 3973 3109 πιστεύον-

2407 3174 2493 3218 τες
2524 3157 2668 3225 ζωὴν
2707 3158 2866 3226 ἔχητε
2900 3157 2957 3210 ἐν
2994 3158 3070 3226 τῷ
3100 3158 3322 3225 ὀνόματι
3371 3156 3561 3210 αὑτοῦ.
3600 3173 3618 3207 ι
3653 3154 3765 3205 Καὶ
3797 3152 3972 3205 Πνεῦ-

2416 3267 2584 3317 ματος
2611 3251 2762 3317 ἁγίου
2794 3252 3100 3319 παρεκτικὴ
3129 3252 3160 3320 ἡ
3194 3250 3478 3317 ἐπίκλησις
3511 3246 3769 3316 Χριστοῦ.
3819 3263 3837 3294 ι
3872 3242 3975 3295 Οὐ-

2413 3340 2521 3400 δεὶς
2559 3340 2776 3393 δύναται
2804 3341 2981 3393 είπείν
3012 3343 3212 3411 Κύριον
3251 3340 3477 3406 Ἰησοῦν,
3517 3341 3564 3391 εί
3601 3338 3675 3406 μὴ
3714 3339 3773 3389 ἐν
3802 3333 3978 3388 Πνεύο

2417 3446 2546 3495 ματι
2602 3431 2760 3499 ἁγίῳ,
2824 3449 2841 3482 ι
2892 3434 3059 3499 φησί’
3096 3436 3187 3486 καὶ
3237 3433 3405 3500 μυρία
3457 3430 3526 3484 τὰ
3570 3430 3709 3497 ὑπὲρ
3758 3427 3971 3480 τούτου.

2430 3521 2618 3575 Ὀποῖα
2652 3522 2707 3575 δὲ
2758 3523 2786 3574 6
2839 3524 3226 3592 ἐσκοτιτμένος
3272 3524 3408 3575 κατά
3458 3524 3550 3575 τοῦ
3593 3522 3739 3574 θείου
3798 3518 3975 3586 φωτὸς

2418 3613 2669 3682 ἐλάλησε,
2702 3616 2948 3668 σκοτεινά
2986 3631 3113 3668 τινα
3146 3618 3241 3669 καὶ
3279 3614 3495 3682 ζοφώδη
3528 3618 3623 3668 καὶ
3654 3612 3841 3683 πόρρω
3879 3610 3974 3661 καὶ

2418 3708 2633 3760 ἐναντία
2656 3707 2753 3774 τῆς
2778 3708 3081 3774 ἀνεσπὲρου
3119 3709 3332 3775 ἐκείνης
3363 3705 3751 3776 φρυκτωρικῆς
3784 3721 3843 3755 τε
3883 3701 3977 3755 καὶ

2420 3800 2566 3861 θείας
2616 3799 2957 3867 ἐλλάμψεωε,
2990 3795 3054 3870 ἧς
3094 3802 3186 3851 καὶ
3224 3799 3333 3852 τῶν
3362 3800 3612 3866 ἀγγέλων
3654 3798 3702 3850 oi
3736 3796 3978 3863 φαεσφό-

2424 3908 2504 3958 ροι
2540 3892 2685 3959 χοροῖ
2732 3891 3044 3960 ἀκορέστως
3084 3892 3369 3958 μετέχουσι
3418 3891 3510 3940 καὶ
3547 3889 3932 3957 εὐφραίνονται
3958 3901 3972 3915 ·

2420 3981 2500 4033 ὅτι
2545 3981 2635 4033 καὶ
2690 3981 2987 4043 ἀπᾶλαυσις
3028 3981 3235 4041 τούτοις
3286 3981 3317 4049 ή
3359 3979 3472 4031 Θεία
3500 3978 3840 4046 λαμπρότης.
3879 3975 3973 4029 καὶ

2419 4071 2526 4123 τῶν
2551 4070 2852 4141 ἀνθρώπων
2877 4074 2924 4124 οἱ
2958 4072 3187 4140 καθαροὶ
3219 4070 3317 4139 τὴν
3352 4071 3584 4139 καρδίαν
3631 4069 3971 4138 μετέχουσιν.

2435 4164 2586 4218 Ἐπεὶ
2618 4164 2724 4231 γὰρ
2750 4166 2888 4216 κατά
2920 4165 3024 4216 τῶν
3056 4164 3214 4241 ζερῶς
3244 4163 3624 4231 ἡσυχαζόντων
3655 4159 3975 4228 κινούμενος

2421 4252 2488 4325 ἦν
2520 4258 2593 4318 ὡς
2648 4256 2774 4309 ἄλλο
2824 4255 3121 4323 δαιμόνιον,
3158 4253 3447 4321 βασκαϊνον
3494 4254 3602 4314 τοῖς
3633 4249 3975 4319 ἀναχωροῦσι

2422 4347 2530 4398 τῶν
2572 4347 2629 4397 ἐν
2679 4344 2947 4412 θορύὸοις,
2976 4345 3066 4395 καὶ
3106 4343 3225 4409 Θεῷ
3277 4346 3436 4407 μόνον
3470 4340 3749 4409 σχολάζειν
3787 4339 3978 4392 ἐπιθυ-

2428 4436 2641 4505 μοῦσιν,
2686 4431 2765 4497 οἷς
2806 4438 2897 4490 xui.
2942 4435 3168 4487 πλεῖστα
3226 4434 3489 4496 πολλάκις
3535 4434 3583 4485 σί
3618 4433 3847 4499 πονηροὶ
3886 4428 3981 4483 κάὶ

764 4524 1033 4577 maledicti
1066 4526 1340 4576 damones
1372 4520 1612 4575 alliciunt
1641 4521 2033 4590 erroribnsque
2063 4521 2320 4574 imbunnt
2349 4541 2398 4601 υ
2426 4543 2438 4589 ι

2306 4530 2398 4601 ιο
2426 4525 2676 4593 φθονεροὶ
2715 4528 2807 4579 καὶ
2854 4526 3149 4594 κατάρατοι
3198 4524 3453 4592 δαίμονες
3497 4523 3703 4591 ἐπῆγον
3748 4522 3817 4573 τά
3867 4522 3980 4573 θλι-

762 4618 950 4680 gratia:
1016 4614 1107 4667 Dei
1156 4613 1461 4682 divinaque
1530 4613 1909 4666 illuminationi
1966 4612 2316 4679 adverSariis,

769 4710 860 4779 qui
896 4724 1017 4761 cum
1046 4707 1279 4760 tenebrae
1316 4706 1426 4758 sint
1478 4704 1531 4757 in
1582 4706 1831 4770 angelum
1867 4703 2001 4756 lucis
2043 4713 2320 4757 transum-

774 4809 980 4855 tautur.
1012 4799 1255 4850 volentes
1295 4795 1417 4849 illos
1460 4808 1488 4847 a
1542 4794 1684 4847 bono
1740 4795 2019 4863 proposito
2054 4803 2321 4858 avertere,

772 4910 841 4947 ne
884 4893 989 4945 sint
1020 4904 1141 4943 cum
1177 4887 1303 4951 Deo,
1342 4888 1596 4957 quoniam
1632 4886 1731 4955 ipsi
1785 4900 1813 4938 a
1868 4885 1976 4938 Deo
2016 4884 2173 4954 longe
2197 4883 2322 4938 facti

770 4996 919 5048 sunt,
948 5001 1013 5038 ne
1049 4985 1282 5035 lnnnana
1313 4989 1503 5033 natura
1555 4978 1821 5033 materiali
1867 4993 2096 5047 corpore
2127 4979 2322 5030 donata

768 5077 998 5136 Spitilaii
1033 5088 1220 5127 eorum
1259 5081 1465 5124 natura:
1528 5070 1849 5138 praacelleat.
1906 5068 2146 5121 lnvidnm
2180 5070 2323 5121 enim

770 5170 1073 5222 daunonum
1108 5178 1279 5235 genus
1326 5178 1434 5231 pra:
1483 5162 1732 5229 superbia
1782 5161 1939 5228 cujus
1968 5160 2138 5228 gratia
2160 5175 2190 5211 a
2219 5158 2325 5211 Deo

770 5260 1085 5314 defecerunt
1115 5266 1168 5309 et
1194 5256 1410 5309 cmlitns
1444 5254 1746 5322 praccipites
1774 5252 1967 5319 dejecti
2012 5262 2161 5313 sunt,
2194 5266 2321 5304 ncc-

772 5366 881 5404 non
911 5364 1079 5417 usque
1104 5346 1306 5400 invidet
1354 5348 1421 5400 iis
1470 5360 1560 5413 qun
1592 5344 1699 5397 Deo
1735 5344 1921 5397 volunt
1955 5357 2049 5409 per
2081 5342 2326 5395 solitudi-

774 5456 898 5494 nem
926 5448 979 5493 ct
1007 5438 1325 5491 munditiam
1366 5446 1527 5505 atque
1551 5436 1849 5487 orationem
1886 5434 2110 5487 ﬁrmiter
2150 5433 2331 5487 adhae.

776 5547 917 5591 rere,
952 5530 1201 5597 idquue,
1250 5537 1405 5596 prout
1462 5528 1716 5587 diximus,
1755 5534 2026 5578 certantes
2056 5528 2326 5579 sexcentis

776 5622 1088 5677 incursibus
1113 5620 1523 5688 aggrediuntur,
1548 5626 1599 5670 et
1632 5630 1939 5684 quanquam
1960 5617 2197 5669 tenebra:
2217 5616 2327 5669 sint

777 5731 840 5769 ac
875 5715 1018 5767 velut
1048 5712 1225 5781 fulgur
1256 5712 1323 5765 de
1346 5711 1485 5765 caelo
1519 5709 1839 5771 ceciderint,
1867 5710 1919 5760 in
1967 5708 2216 5777 angelum
2246 5707 2325 5759 lu-

779 5811 857 5863 cis
889 5815 1325 5861 transmutantur
1370 5814 1425 5859 ut
1474 5802 1764 5858 nonnullos
1795 5800 2085 5869 decipiant.
2117 5799 2206 5854 ille
2232 5814 2324 5852 au-

2428 4617 2580 4683 εερά,
2612 4618 2708 4669 καὶ
2742 4616 2883 4668 κατά
2925 4616 3021 4683 τῆς
3051 4615 3143 4668 τοῦ
3196 4615 3333 4668 Θεοῦ
3388 4614 3607 4684 χάριτος
3640 4614 3733 4667 καὶ
3766 4611 3860 4666 τοῦ
3900 4616 3979 4664 ἐν·

2428 4712 2550 4762 θέου
2592 4709 2871 4779 φωτισμοῦ
2920 4709 3131 4772 πλάνας
3165 4709 3367 4778 ἐπῆγον
3395 4709 3598 4770 αὐτοῖς,
3632 4707 3710 4768 είς
3749 4706 3980 4772 ἄγγελον

2427 4802 2603 4869 φωτὸς
2648 4803 2694 4853 oi
2750 4800 2939 4862 σκότος
2990 4798 3141 4860 ὄντες
3187 4795 3804 4865 μετασχηματιζόμενοι,
3841 4796 3981 4846 ἀπα-

2428 4892 2618 4958 γαγεῖν
2667 4890 2769 4958 τῆς
2810 4891 2983 4958 καλῆς
3028 4891 3225 4951 αὐτοὺς
3281 4889 3589 4958 προθυμίας
3643 4885 3979 4955 βουλόμενοι,

2429 4984 2523 5034 καὶ
2552 4981 2645 5035 τοῦ
2679 4983 2815 5051 μετᾶ
2862 4981 2994 5034 Θεοῦ
3026 4975 3162 5034 εἶναι
3205 4982 3277 5041 ὡς
3309 4981 3463 5032 αὐτοὶ
3509 4980 3695 5049 πόρρω
3726 4978 3981 5045 γεγόνασι

2428 5073 2522 5126 τοῦ
2554 5073 2712 5133 Θεοῦ,
2753 5074 2839 5125 ἵνα
2896 5072 2969 5141 μὴ
3022 5070 3336 5140 ἀνθρωπίνη
3391 5069 3551 5136 φύσις
3588 5069 3766 5121 καὶτὸ
3799 5068 3981 5119 ὑλικὸν

2428 5166 2504 5232 τῷ
2544 5163 2755 5233 σώματι
2788 5163 3094 5231 κεκτημένη
3148 5162 3402 5227 ὑπεράνω
3431 5162 3529 5229 τῆς
3563 5160 3727 5214 ἀΰλοδ
3760 5160 3983 5211 ἐκείνων

2429 5260 2655 5326 γένηται
2710 5256 2962 5322 φύσεως·
3030 5254 3289 5322 φθονερὸν
3364 5252 3471 5320 γὰρ
3526 5250 3874 5319 ὑπερηφανίᾳ
3924 5251 3983 5301 τὸ

2430 5347 2703 5415 δαιμόνιον
2755 5344 2937 5411 φῦλον,
2977 5346 3043 5398 δι’
3099 5346 3164 5409 ἥν
3217 5346 3309 5397 καὶ
3357 5343 3491 5395 Θεοῦ
3526 5342 3855 5411 ἠστόχησαν,
3889 5344 3981 5391 καὶ

2429 5436 2718 5505 οὐρανόθεν
2765 5436 3086 5505 ἐρρίφησαν,
3124 5435 3216 5485 καὶ
3242 5435 3328 5485 ἀεὶ
3366 5423 3681 5499 φθονοῦντες
3723 5432 3829 5481 εἰσι
3872 5431 3983 5489 τοῖς

2429 5530 2507 5597 τῷ
2553 5528 2669 5595 Θεῴ
2717 5526 3149 5595 προσκολλᾶσθαι
3183 5526 3268 5577 διὰ
3306 5523 3593 5593 μονώσεως
3640 5521 3731 5573 καὶ
3777 5520 3983 5586 καθάρ-

2433 5635 2567 5680 σεως
2606 5619 2699 5670 καὶ
2730 5616 3033 5687 προσευχῆς
3065 5616 3407 5685 βουλομένοις
3432 5631 3446 5646 ο
3480 5613 3604 5666 ὅθεν
3653 5610 3744 5663 καὶ
3778 5611 3979 5679 μυρίας

2430 5710 2693 5775 ἐπάγουσι
2738 5711 2848 5770 τοῖς
2893 5707 3316 5776 ἀγωνιζομένοις
3345 5706 3440 5768 τάς
3472 5702 3752 5770 ἐπηρείας,
3790 5701 3881 5751 καὶ
3907 5699 3981 5761 ὡς

2433 5804 2749 5870 εἰρήκαμεν,
2789 5801 2863 5863 εἰς
2898 5801 3123 5868 ἄγγελον
3176 5799 3350 5867 φωτὸς
3375 5796 3423 5849 oi
3453 5797 3639 5859 σκότος
3668 5792 3969 5856 τελοῦντες,
