4238 6444
277 427 378 492 157

1333 402 1716 525 DIALOGDS
1749 435 2048 496 CONTRA
2091 438 2479 502 Ii/ER—ESES.
2529 445 2533 453 '

3403 438 3503 501 158

275 548 609 617 χαρίσματα,
636 547 729 599 καὶ
763 547 822 598 ὲν
859 547 1072 608 πολλοῖς
1099 547 1490 615 ἐνεργούμενα.
1517 548 1623 600 Kal
1653 540 1696 614 ᾧ
1739 548 1835 612 μὲν
1865 553 1908 606 Α
1938 565 1949 601 t

1823 566 1835 597 ι
1865 553 1908 606 Α
1938 533 2392 617 quemadmodum
2435 528 2532 608 ait.
2561 554 2758 610 Paulus
2814 558 3002 612 dicens
3033 575 3043 610 :
3081 556 3222 610 «Alii
3283 556 3497 625 quidem

276 637 477 690 δ’δοται
507 627 682 698 τοῦτο,
788 636 843 686 δὲ
878 635 1088 705 ἐκείνῳ,
1115 636 1191 698 ὡς
1223 635 1430 695 Παῦλος
1460 652 1614 706 (gnat,
1639 634 1831 702 λέγων,

283 748 301 779 ι
351 721 418 805 ᾯ
450 728 547 796 μὲν
579 731 684 796 γάιρ
709 727 794 781 διὰ
835 727 928 780 τοῦ
977 728 1293 797 Πνεῦματος
1323 729 1525 781 δίδοται
1557 729 1712 795 λόγος
1747 745 1837 780 σο-

280 813 426 885 είας,
452 821 596 889 ἄλλῳ
627 821 682 874 δὲ
713 821 868 888 λόγος
897 821 1149 890 γνώσεως
1173 823 1313 875 κατὰ
1340 824 1399 875 τὸ
1430 824 1561 876 αὐτὸ
1592 823 1832 890 Πνεῦμα,

277 913 420 982 ἄλλῳ
457 913 510 964 δὲ
544 914 891 982 ἐνεργήματα
915 913 1215 980 δυνάμεων,
1244 914 1384 983 ἄλλῳ
1410 915 1464 966 δὲ
1490 905 1834 982 προφητεῖαι,

275 1005 421 1074 ἄλλῳ
451 1005 505 1057 δὲ
533 1005 830 1073 διακρίσεις
861 1007 1208 1074 πνευμάτων,
1233 1007 1403 1077 ἑτέρῳ
1432 1007 1485 1058 δὲ
1511 1006 1639 1073 γένη
1665 1005 1839 1073 γλωσ-

277 1097 407 1162 σῶν,
436 1097 579 1166 ἄλλῳ
606 1097 661 1150 δὲ
694 1099 981 1167 ἑρμηνεῖαι
1014 1100 1295 1166 γλωσσῶν.
1342 1100 1522 1152 Πάντα
1561 1099 1617 1152 δὲ
1665 1098 1838 1151 ταῦτα

278 1190 489 1256 ἐνεργεῖ
516 1190 573 1242 τὸ
603 1189 660 1242 ἓν
696 1191 788 1243 καὶ
821 1190 879 1242 τὸ
910 1191 1041 1244 αὐτὸ
1077 1191 1321 1258 Πνεῦμα,
1350 1191 1595 1259 διαιροῦν
1627 1193 1840 1259 ἑκάστῳ

280 1280 386 1348 ἰδίᾳ
416 1280 600 1340 καθὼς
631 1281 901 1349 patuerat.
967 1283 1110 1335 Διὸτι
1158 1283 1251 1336 καὶ
1303 1282 1359 1335 ἓν
1391 1283 1489 1352 μὲν
1520 1285 1669 1348 αὐτὸ,
1702 1285 1839 1337 διαι-

280 1373 365 1438 ρεῖ
394 1373 447 1422 δὲ
481 1374 692 1442 ἑκάστῳ
718 1374 783 1426 τὰ
805 1376 1140 1442 χαρίσματα,
1173 1374 1352 1437 καθὼς
1378 1374 1644 1444 βούλεται.
1669 1394 1686 1426 ι
1729 1376 1838 1428 Kal

280 1464 491 1527 Παῦλος
524 1482 687 1534 φησιν
711 1479 726 1495 ⁶
755 1484 774 1516 t
813 1465 976 1534 Ἥμϊν
1010 1466 1065 1519 δὲ
1095 1461 1174 1527 εἷς
1208 1467 1340 1529 Θεὸς
1370 1471 1461 1520 καὶ
1494 1469 1680 1538 Πατὴρ
1703 1468 1839 1521 πάν-

275 1573 406 1618 των,
459 1557 553 1608 καὶ
600 1551 680 1620 εἷς
737 1558 942 1627 Κύριος
981 1558 1186 1624 Ἰησοῦς
1222 1557 1476 1628 Χριστός.
1513 1579 1530 1610 ›
1567 1562 1674 1613 Kal
1707 1563 1836 1631 περὶ

275 1648 368 1698 τοῦ
397 1649 709 1716 Πνεὺματος
730 1651 928 1718 ὁμοίως
951 1667 966 1682 ⁸
1001 1669 1018 1701 t
1059 1652 1156 1702 Ἐν
1181 1651 1238 1704 δὲ
1267 1654 1360 1704 καὶ
1380 1652 1437 1703 τὸ
1461 1653 1590 1704 αὐτὸ
1616 1653 1837 1722 Πνεῦμα

275 1737 517 1807 διαιροῦν
557 1740 661 1807 ἰδίᾳ
690 1741 907 1808 ἑκάστῳ
941 1740 1122 1803 καθὼς
1155 1739 1426 1809 βούλεται.
1460 1759 1478 1792 ι

841 1853 1088 1905 ΚΕΦΑΛ.
1127 1854 1249 1906 AB'.

277 1945 440 1996 Κατὰ
489 1945 782 2006 Λατίνων,
831 1945 919 1997 ὅτι
967 1945 1034 1997 ἐκ
1083 1948 1274 2006 μόνου
1340 1945 1446 1999 τοῦ
1497 1946 1724 2014 Πατρός
1770 1946 1837 1999 τὸ

934 2015 1192 2083 Πνεῦμα.

350 2105 514 2157 Ὅθεν
549 2106 781 2174 φανερᾶν
811 2108 980 2169 ἐστιν,
1006 2107 1076 2167 ὼς
1109 2105 1165 2159 ἒν
1198 2108 1296 2173 μὲν
1331 2108 1388 2159 τὸ
1420 2108 1559 2160 θεῖον
1591 2108 1837 2178 Πνεῦμα,

279 2202 372 2251 καὶ
407 2203 467 2252 ἑκ
495 2200 587 2253 τοῦ
629 2201 745 2259 ἑνὸς
776 2201 870 2254 τοῦ
903 2202 1133 2270 Πατρός.
1172 2202 1268 2254 Ἐν
1299 2203 1356 2255 τὸ
1391 2204 1615 2272 Πνεῦμα
1645 2204 1718 2266 ὡς
1752 2208 1841 2255 ἐκ·

278 2293 643 2361 πορευόμενον
677 2294 732 2358 ἐξ
768 2293 955 2354 αὐτοῦ,
981 2294 1052 2355 ὡς
1083 2295 1171 2346 καὶ
1200 2287 1281 2356 εἷς
1309 2297 1336 2347 ὁ
1371 2294 1570 2362 Κύριος
1607 2297 1696 2349 καὶ
1728 2299 1812 2350 Ma

278 2384 522 2448 νογενὴς,
554 2387 613 2436 ὲκ
650 2385 812 2451 μόνου
867 2384 957 2436 τοῦ
1015 2386 1224 2453 Πατρδς
1284 2388 1559 2455 γεννητῶς
1621 2392 1768 2440 ἑστιν
1815 2391 1842 2441 6

279 2457 428 2531 Υίός.
479 2476 586 2527 Kal
635 2474 722 2527 διὰ
754 2475 913 2528 τοῦτο
946 2476 1007 2526 οὐ
1054 2475 1279 2528 δυνατὸν
1310 2476 1369 2527 τὸ
1400 2477 1456 2530 ἓν
1490 2481 1582 2531 καὶ
1619 2480 1682 2530 τὸ
1712 2479 1841 2532 αὐτὸ

277 2568 343 2617 ἑκ
372 2566 465 2618 δύο
495 2566 638 2635 ἔχειν
670 2568 771 2634 τὴν
819 2570 1015 2636 ἀρχὴν,
1057 2569 1132 2630 ὠς
1165 2572 1212 2622 oi
1243 2572 1458 2622 Λατῖνοί
1508 2589 1688 2638 φασιν,
1724 2573 1840 2624 ἐπεὶ

280 2659 374 2709 καὶ
411 2659 440 2709 6
473 2659 781 2728 Μονογενὴς
821 2653 901 2720 εἷς
939 2663 1002 2712 ὲκ
1033 2661 1124 2712 τοῦ
1158 2662 1274 2722 ἑνός
1306 2664 1440 2716 ἑστι.
1468 2664 1574 2715 Kal
1599 2664 1755 2732 μόνος
1779 2667 1841 2718 ὲκ

283 2749 448 2816 μόνου
483 2750 772 2816 γεννητῶς,
799 2751 872 2813 ὡς
922 2753 1016 2804 καὶ
1067 2751 1124 2802 τὺ
1181 2751 1319 2804 θεῖον
1381 2753 1604 2821 Πνεῦμα
1639 2756 1716 2817 ἓν,
1750 2756 1842 2809 καὶ

283 2850 444 2910 μόνον
473 2846 535 2894 ἑκ
574 2843 733 2912 μόνον
765 2844 856 2897 τοῦ
894 2845 1104 2914 Πατρὸς
1155 2848 1519 2916 ἐκπορευτῶς.
1554 2849 1661 2901 Καὶ
1696 2845 1776 2912 εἷς
1815 2853 1842 2903 6

277 2936 452 2996 αἴτιος
479 2935 704 3000 τούτων,
734 2938 815 2989 ὅτι
845 2938 938 2989 καὶ
975 2939 1110 3005 πρὸς
1143 2939 1301 2990 αὐτὴν
1331 2940 1396 2990 τὰ
1429 2939 1487 3003 ἐξ
1522 2940 1686 2995 αὑτοῦ
1714 2942 1841 2994 ἁνα-

279 3025 527 3091 φέρεται.
557 3027 662 3078 Καὶ
689 3027 775 3079 διὰ
803 3027 963 3079 τοῦτο
989 3029 1258 3098 μοναρχία
1282 3030 1340 3080 τὸ
1365 3032 1842 3098 προσκυνούμενον

280 3121 434 3187 ἡμῖν,
474 3121 554 3172 ὅτι
592 3119 727 3188 πρὸς
779 3121 836 3174 τὸ
880 3120 936 3173 ἓν
969 3120 1163 3187 αἴτιον,
1193 3124 1282 3174 τὸν
1316 3125 1554 3194 Πατέρα,
1590 3124 1650 3176 τὸ
1685 3126 1842 3191 μόνον

1943 657 2056 710 perv
2093 641 2353 710 Spiritum
2406 644 2565 696 datur
2627 661 2804 698 sermo
2851 642 3144 714 sapientiae,
3181 645 3270 698 alii
3322 656 3500 700 autem

1941 748 2120 786 sermo
2148 736 2386 790 scientia:
2418 737 2710 789 secundum
2755 740 3006 791 eumdem
3035 738 3291 806 Spiritum
3329 720 3505 803 ;-:l|le-—

1944 828 1983 879 ri
2019 825 2152 919 fides
2193 827 2244 880 in
2289 830 2479 881 eodem
2535 831 2736 895 Spiritu
2770 846 2783 893 ;
2817 831 2908 883 alii
2944 832 3189 898 ope-ratio
3220 833 3499 892 virtutum,

1942 918 2032 971 alii
2068 918 2367 987 prophetia,
2399 921 2486 972 alii
2524 918 2783 974 discretio
2838 922 3125 988 spirituum
3163 939 3178 984 ;
3219 923 3306 974 alii
3341 937 3500 989 gencv

1941 1023 1998 1060 ra
2032 1008 2370 1075 linguarum;
2404 1010 2492 1062 alii
2564 1011 2934 1078 interpretatio
2989 1026 3339 1075 sermonum;
3390 1010 3502 1062 lucc

1941 1111 2119 1154 autem
2161 1102 2338 1154 omnia
2368 1112 2626 1168 aperatur
2655 1118 2794 1155 unus
2845 1114 3005 1170 atque
3035 1103 3175 1156 idem
3243 1101 3497 1170 Spiritus,

1941 1192 2182 1246 dividens
2233 1192 2459 1260 singulis
2492 1204 2651 1261 prout
2703 1193 2862 1246 vult:
2909 1212 2926 1244 ι
2970 1195 3086 1247 ideo
3124 1197 3238 1262 ipse
3285 1195 3500 1261 quidem

1943 1299 2079 1338 unus
2102 1293 2182 1337 est
2208 1327 2223 1358 ,_
2263 1284 2454 1338 dividit.
2483 1295 2661 1338 autem
2701 1285 2930 1353 singulis
2988 1297 3140 1354 proul
3179 1286 3310 1337 vult.
3364 1284 3504 1335 Dixit

1939 1377 2100 1429 etiam
2129 1376 2326 1429 Paulus
2361 1391 2375 1426 :
2417 1394 2433 1424 ι
2466 1375 2628 1428 Nobis
2664 1391 2788 1429 vero
2826 1394 2967 1429 unus
3017 1387 3098 1429 est
3136 1375 3273 1428 Dens
3320 1387 3370 1426 et
3404 1374 3503 1425 Pa-

1942 1477 2021 1520 ter
2062 1468 2324 1530 omnium,
2361 1481 2604 1530 unusque
2654 1465 2907 1522 Dominus
2961 1465 3118 1520 Jesus
3165 1466 3414 1519 Christus
3447 1484 3494 1528 ,ι

1939 1568 1987 1610 et
2022 1559 2268 1611 similiter
2299 1559 2361 1611 de
2392 1557 2594 1623 Spiritu
2631 1578 2641 1610 :
2690 1577 2706 1607 ι
2747 1556 2893 1612 Unus
2943 1570 3102 1627 atque
3153 1559 3293 1612 idem
3337 1556 3504 1625 Spiri-

1942 1663 2025 1702 tus
2053 1650 2296 1704 dividens
2329 1650 2559 1718 singulis
2585 1660 2742 1718 prout
2779 1649 2905 1702 vult.
2950 1669 2966 1701 ι

2485 1850 2712 1906 CAPUT
2765 1851 2978 1905 XXXII.

1945 1944 2142 1998 Contra
2169 1947 2406 2010 Latinos,
2442 1946 2578 2015 quod
2612 1961 2675 1999 ea:
2711 1947 2818 1997 solo
2850 1945 3008 1999 Patre
3042 1945 3272 2014 Spiritus
3328 1962 3505 2013 prore-

2691 2018 2788 2068 dit.

2017 2111 2168 2165 Unde
2200 2110 2550 2164 manifestum
2603 2119 2685 2164 est
2719 2125 2883 2162 unum
2918 2123 3038 2163 esse
3096 2109 3352 2175 Spiritum
3409 2109 3502 2177 qui

1945 2211 2028 2256 est
2057 2219 2084 2254 a
2125 2202 2302 2258 Patre.
2342 2203 2489 2257 Unus
2549 2213 2632 2256 est
2663 2203 2898 2270 Spiritus
2965 2202 3220 2269 quoniam
3273 2202 3338 2253 ιιι)
3389 2203 3505 2269 ipso

1946 2295 2206 2362 procedit,
2256 2295 2476 2361 perinde
2517 2310 2578 2346 ac
2612 2309 2750 2346 unus
2777 2302 2861 2346 est
2915 2293 3172 2358 Dominus
3225 2303 3278 2347 et
3313 2294 3510 2360 Un‘ige-

1947 2399 2032 2442 tus
2064 2388 2206 2454 quia
2241 2388 2355 2441 Solo
2384 2386 2542 2439 Patre
2570 2396 2862 2455 generatur
2889 2385 3079 2440 Filius.
3115 2385 3176 2438 Et
3228 2397 3505 2454 pmpterea

1945 2480 2280 2548 impossibile
2329 2488 2413 2532 est
2454 2494 2619 2531 unum
2679 2488 2730 2531 et
2784 2480 2920 2531 Idem
2986 2494 3014 2532 a
3057 2479 3266 2531 duohns
3313 2479 3508 2530 habere

1944 2571 2086 2638 quod
2112 2571 2358 2635 exsistat,
2395 2573 2512 2623 ideo
2532 2583 2582 2625 et
2611 2571 2932 2639 Unigenitus
2963 2586 3104 2624 unus
3142 2577 3224 2622 est
3255 2567 3506 2636 quoniam

1945 2663 2013 2716 ab
2065 2679 2169 2716 uno
2217 2672 2525 2731 generatur.
2584 2662 3048 2728 Quemadmodum
3105 2676 3242 2713 unus
3290 2675 3353 2713 ex
3402 2673 3509 2710 uno

1947 2756 2027 2810 via
2061 2756 2447 2825 generationis,
2513 2756 2583 2810 ita
2622 2773 2761 2810 unus
2792 2756 3001 2810 divinus
3049 2754 3284 2820 Spiritus
3337 2737 3508 2804 solus-

1945 2864 2050 2917 que
2103 2865 2166 2902 ex
2230 2851 2344 2902 solo
2396 2849 2551 2901 Patre
2618 2849 2701 2902 via
2755 2847 3133 2915 proccssionis.
3184 2846 3362 2900 Unnni
3430 2853 3512 2894 est

1943 2956 2126 2995 eorum
2157 2941 2478 3009 principium
2530 2941 2781 3008 quoniam
2805 2940 2870 2994 ad
2897 2941 3069 3008 ipsum
3105 2953 3224 3007 qua:
3279 2938 3344 2990 ab
3393 2936 3511 3002 ipso

1945 3043 2070 3086 sunt
2099 3033 2425 3095 referuntur,
2483 3043 2538 3086 et
2593 3035 2709 3085 ideo
2767 3047 2871 3086 una
2926 3042 3006 3086 est
3064 3038 3303 3096 potestas
3345 3043 3507 3092 quam

1946 3127 2234 3179 adoramus
2287 3125 2540 3194 quoniam
2594 3126 2659 3178 ad
2712 3141 2876 3178 unum
2935 3123 3280 3192 principium,
3318 3134 3507 3187 nempe

277 3212 539 3276 γεννητὸν
567 3213 593 3263 6
623 3212 770 3274 Υἱὸς,
817 3213 891 3281 μὴ
931 3213 1314 3283 ἀλλοιούμενον
1355 3216 1511 3280 ὅλως,
1538 3216 1630 3268 καὶ
1660 3216 1719 3267 τὺ
1749 3217 1845 3282 p.6-
1875 3207 1916 3260 (Σ

1834 3245 1845 3256 -
1875 3207 1916 3260 (Σ
1954 3217 2190 3281 Patrem,
2227 3218 2317 3285 qui
2369 3219 2518 3271 solus
2554 3227 2840 3284 generatur
2872 3216 3038 3270 Filius
3065 3229 3286 3284 prorsus
3318 3214 3508 3264 immu-

279 3319 372 3353 νον
406 3302 732 3369 ἐκπορευτὸν
760 3304 915 3369 ἆγιον
939 3304 1183 3374 Πνεῦμα,
1208 3308 1286 3377 μὴ
1308 3307 1684 3373 ἀλλοιούμενον
1708 3309 1845 3370 ὅλως

281 3394 634 3462 ἀναφέρεται.
663 3397 736 3447 Οὐ
758 3396 918 3461 φύσιν
945 3397 1000 3449 δὲ
1029 3398 1087 3448 τὸ
1113 3400 1365 3466 γεννητὸν
1393 3399 1544 3466 δηλοῖ
1572 3400 1662 3452 καὶ
1687 3403 1846 3452 ἐκπο-

285 3486 496 3553 ρευτὺν,
531 3487 603 3547 ὡς
635 3488 682 3539 οἱ
729 3489 972 3556 Πατέρες
1018 3495 1201 3554 φασὶν,
1237 3490 1352 3543 ἀλλ’
1386 3491 1621 3559 ἰδιότητα
1655 3493 1843 3558 μόνην.

282 3580 400 3633 Μία
435 3581 541 3648 γὰρ
572 3580 733 3646 φύσις
760 3583 871 3643 τοῖς
910 3585 1079 3650 τρισὶ,
1105 3581 1335 3650 τηροῦσι
1370 3583 1437 3634 τὰ
1468 3582 1678 3634 ἑαυτῶν
1706 3582 1848 3635 ἰδιώ-

284 3691 457 3741 ματα,
493 3672 573 3724 ὅτι
606 3674 697 3726 καὶ
733 3668 811 3735 εἷς
841 3674 868 3724 6
899 3674 1070 3736 αἴτιος
1100 3673 1193 3726 τοῦ
1243 3673 1578 3741 Μονογενοῦς
1626 3674 1719 3728 καὶ
1752 3675 1846 3728 τοῦ

281 3768 718 3838 ἐκπορευομένου
778 3767 1116 3835 Πνεύματος,
1148 3770 1173 3820 6
1203 3768 1392 3836 Πατὴρ
1441 3766 1625 3827 αὐτοῦ,
1659 3768 1718 3820 τὸ
1748 3770 1846 3838 μὲν

279 3862 582 3930 γεννῶντος
632 3862 923 3928 ἀφράστως
977 3863 1070 3913 καὶ
1128 3861 1452 3927 ἁσωμάτως,
1484 3862 1545 3912 τὺ
1597 3861 1649 3913 δὲ
1685 3863 1850 3913 ἐκπο-

286 3956 559 4023 ρεύοντος.
591 3955 688 4007 Διὰ
713 3955 869 4006 τοῦτο
903 3954 994 4006 καὶ
1032 3955 1126 4020 μία
1173 3954 1371 4022 Θεότης
1405 3958 1462 4007 ἑν
1506 3955 1721 4021 Τριὰδι,
1753 3958 1846 4007 καὶ

283 4052 318 4116 ἡ
351 4048 521 4118 Τριὰς
571 4048 898 4113 ὀδιαίρετος.
1107 4047 1340 4108 Ἕνωσις
1401 4046 1510 4113 γὰρ
1570 4045 1698 4098 Υἱοῦ
1754 4046 1848 4097 καὶ

287 4139 608 4206 Πνεῦματος
655 4142 682 4191 6
711 4141 920 4207 Πατὴρ.
955 4141 987 4206 ἡ
1035 4138 1286 4202 θεολόγος
1326 4140 1458 4205 φησι
1510 4140 1688 4203 φωνή.
1740 4138 1844 4191 Τοῦ

285 4232 606 4301 Πνεύματος
641 4233 696 4284 δὲ
737 4233 939 4298 καρποὶ
962 4231 1230 4300 δεάφοροι,
1259 4230 1402 4299 ἆπερ
1441 4229 1712 4298 ἑνέργειαί
1745 4231 1848 4282 είσι

285 4327 382 4378 καὶ
409 4325 688 4393 δυνάμεις.
718 4323 826 4375 Kal
857 4321 1013 4374 τοῦτο
1041 4319 1249 4382 Παῦλός
1278 4339 1463 4389 φησιν,
1491 4338 1509 4372 t
1553 4323 1610 4374 Ὀ
1640 4322 1852 4389 καρπὸς

284 4418 383 4472 τοῦ
419 4416 755 4486 Πνεύματος,
803 4433 821 4466 ι
858 4414 1051 4481 λέγων,
1091 4431 1109 4464 t
1152 4412 1269 4464 ἑστι
1301 4412 1468 4481 χαρὰ.
1504 4413 1716 4480 εἰρήνη,
1749 4429 1855 4480 μα-

1951 3309 2152 3371 labilis,
2211 3320 2264 3365 et
2326 3311 2420 3376 qui
2478 3307 2624 3363 solus
2693 3309 2931 3376 procedit
2994 3317 3217 3361 sanctus
3276 3304 3511 3370 Spiritus

1953 3401 2175 3450 omnino
2233 3399 2435 3466 pariter
2495 3397 2847 3450 in'nnutabilis
2925 3394 3250 3448 referuntur.
3311 3389 3508 3442 Verum

1951 3489 2196 3556 generari
2227 3498 2280 3543 et
2329 3487 2622 3558 procedere
2678 3502 2787 3541 non
2842 3494 3090 3539 naturam
3148 3483 3398 3544 ostendit,
3453 3491 3512 3531 ιιι,

1953 3586 2103 3635 aiunt
2128 3581 2335 3646 Patres,
2367 3582 2459 3634 sed
2486 3579 2823 3634 solummodo
2852 3577 3262 3646 proprietatem;
3299 3585 3402 3626 una
3428 3581 3511 3624 est

1953 3675 2095 3727 enim
2161 3674 2335 3728 tribus
2367 3682 2555 3727 natura
2594 3672 2841 3740 perSOnis
2893 3686 3010 3736 qum
3043 3669 3253 3738 propria
3300 3674 3506 3717 servant

1952 3767 2228 3827 idiomata,
2252 3766 2449 3834 quonia
2476 3784 2504 3814 n
2530 3780 2694 3817 unum
2717 3773 2800 3817 est
2824 3762 3143 3828 principium
3167 3756 3432 3824 llnigeniti
3460 3762 3512 3807 et

1951 3860 2291 3927 procedentis
2323 3857 2581 3924 Spiritus,
2618 3856 2823 3909 scilicet
2849 3854 2993 3906 illius
3021 3854 3196 3911 Pater,
3233 3849 3371 3902 alius
3397 3849 3516 3914 qui-

1951 3954 2070 4006 dem
2107 3952 2428 4018 principium
2461 3964 2554 4017 per
2587 3946 2911 4001 ineffabilem
2936 3954 2985 3996 et
3019 3947 3389 4006 ineorpoream
3426 3955 3513 4007 ge-

1947 4045 2301 4108 nerationem,
2323 4043 2543 4093 alterius
2560 4055 2686 4093 vero
2708 4054 2800 4106 per
2819 4037 3231 4106 processionem.
3251 4030 3517 4096 Quamob-

1949 4150 2061 4188 rem
2086 4148 2188 4186 una
2212 4134 2388 4184 Deitas
2416 4134 2467 4184 in
2499 4131 2761 4182 Trinitate
2790 4136 2844 4180 et
2869 4142 2970 4179 una
2999 4123 3232 4176 Trinitas
3271 4121 3514 4173 individ-

1950 4226 2105 4278 bilis;
2148 4223 2419 4277 vinculum
2455 4221 2596 4272 enim
2628 4218 2743 4272 Filii
2773 4228 2825 4270 et
2854 4216 3084 4284 Spiritus
3113 4213 3290 4274 Pater,
3340 4210 3513 4275 inquit

1952 4315 2274 4382 Tiieologns.
2314 4313 2546 4380 Spiritus
2583 4310 2794 4362 fructus
2847 4305 3046 4360 diversi
3088 4313 3237 4366 sunt,
3269 4301 3516 4354 videlicet

1948 4409 2290 4476 operationes
2311 4417 2363 4459 et
2396 4406 2645 4464 virtutes,
2675 4407 2815 4470 quod
2844 4401 2982 4455 dixit
3022 4398 3218 4452 Paulus
3260 4412 3274 4449 :
3314 4414 3330 4446 ι
3375 4393 3514 4446 Fru-

284 4511 584 4580 κροθυμία.
611 4507 918 4578 χρηστότης
957 4523 975 4556 ι
1011 4507 1106 4558 καὶ
1159 4505 1226 4557 τὰ
1256 4504 1438 4566 λοιπὰ,
1471 4503 1506 4557 ἆ
1541 4504 1631 4556 καὶ
1660 4506 1705 4555 οἱ
1739 4505 1847 4555 λοι-
1883 4532 1922 4586 D
1953 4524 1958 4550 t

1837 4534 1847 4543 -
1883 4532 1922 4586 ι)
1953 4511 2096 4563 ctus,
2125 4501 2219 4563 ait,
2251 4497 2484 4566 Spiritus
2512 4509 2590 4552 est
2627 4496 2904 4566 gaudium,
2953 4509 3074 4562 pax,
3107 4488 3511 4565 longanimitas,

285 4603 381 4653 ποὶ
420 4601 528 4652 τῶν
559 4598 872 4650 ἀποστόλων
930 4595 1438 4665 συμμαρτυροῦσιν,
1483 4595 1736 4660 Ἰωάννης
1765 4596 1848 4646 λέ-

284 4707 422 4755 γων,
466 4707 483 4739 ι
546 4687 602 4740 '0
624 4686 678 4739 δὲ
704 4686 834 4748 Θεὸς
860 4684 1047 4752 ἀγάπη
1076 4685 1209 4736 ἑστί.
1244 4702 1261 4734 ι
1294 4685 1400 4736 Καὶ
1426 4682 1634 4745 Παῦλος
1665 4685 1846 4749 πάλιν,

292 4799 313 4830 α
349 4779 584 4844 Χαίρετε
621 4779 679 4829 ἑν
730 4776 942 4844 Κυρίῳ,
992 4792 1009 4824 ›
1045 4774 1164 4837 καὶ,
1209 4790 1226 4822 ι
1268 4772 1502 4842 Χριστός
1532 4773 1678 4823 ἐστιν
1707 4774 1740 4839 ὴ
1778 4773 1852 4822 εἰ-

292 4874 433 4940 ρήνη
469 4868 643 4938 ἡμῶν,
685 4887 700 4918 ι
732 4868 842 4919 Kal
889 4865 1073 4932 Aa6l6,
1108 4883 1126 4916 t
1172 4864 1422 4933 Χρηστὸς
1470 4865 1672 4933 Κύριος
1719 4866 1851 4916 πᾶσι

287 4965 402 5025 τοῖς
433 4959 883 5028 ἑπικα).ουμένοις
929 4958 1110 5012 αὐτόν.
1153 4976 1170 5008 ι
1222 4957 1351 5021 Kal,
1394 4975 1411 5006 ι
1457 4955 1730 5008 Γεύσασθε
1762 4956 1855 5008 καὶ

291 5056 433 5107 ἴδετε
460 5055 539 5105 ὅτι
580 5050 812 5120 χρηστὸς
841 5053 868 5103 ὁ
904 5049 1127 5119 Κύριος.
1168 5067 1186 5099 ι
1241 5049 1370 5109 Kal,
1412 5066 1428 5098 ι
1485 5046 1856 5114 Ἐξομολογεῐ-

291 5146 386 5199 σοι
427 5144 503 5214 τῷ
559 5144 768 5212 Κυρίῳ,
797 5143 879 5195 ὅτι
910 5142 1110 5206 ἀγαθὸς
1151 5141 1237 5194 διὰ
1267 5140 1364 5209 τὴν
1409 5137 1786 5206 ἀγαθωσύνην.
1831 5156 1848 5189 ι

296 5240 430 5302 Kal,
468 5255 486 5288 ι
534 5236 729 5296 Πιστὸς
769 5234 968 5302 Κύριος
988 5236 1044 5286 ἑν
1079 5236 1210 5286 πᾶσι
1245 5233 1354 5294 τοῖς
1396 5231 1573 5301 ἔργοις
1605 5229 1790 5283 αὐτοῦ.
1832 5247 1849 5279 ι

296 5328 408 5381 Καὶ
437 5329 464 5380 6
494 5325 704 5393 Σωτὴρ,
751 5343 767 5376 ι
802 5323 1017 5376 Maesta
1040 5324 1131 5376 ἀπ’
1158 5321 1311 5390 ἑμοῦ,
1341 5322 1422 5373 ὅτι
1451 5321 1622 5388 πρᾶός
1646 5322 1782 5386 εἰμι.
1831 5337 1849 5370 ι

296 5424 405 5473 Kal
421 5419 629 5489 καρπὸς
645 5416 738 5469 τοῦ
753 5416 1065 5483 Πνεύματος
1088 5418 1120 5484 ή
1138 5415 1396 5481 πραότης.
1423 5417 1549 5478 Kal,
1586 5433 1603 5465 ι
1632 5415 1723 5477 Σὺ,
1751 5415 1858 5467 Κύ-

296 5530 404 5583 ριε,
444 5530 462 5563 ι
492 5514 520 5563 6
542 5511 704 5564 Aa6l6
733 5510 892 5563 πάλιν
908 5512 1057 5578 φησι,
1092 5527 1109 5560 ι
1159 5509 1504 5577 μακρόθυμος
1536 5509 1628 5560 καὶ
1667 5508 1852 5560 πολυέ-

298 5607 439 5666 λεος.
478 5623 496 5655 ι
542 5605 670 5668 Kal,
708 5621 724 5653 ι
772 5604 925 5656 ὐσοι
978 5603 1248 5669 Πνεύματι
1279 5598 1416 5653 Θεοῦ
1445 5601 1688 5666 ἄγονται,
1719 5594 1860 5652 οῦτοι

297 5697 438 5748 εἰσιν
465 5695 573 5747 υἱοὶ
609 5693 765 5760 Θεοῦ,
803 5713 822 5746 ι
863 5693 948 5745 διὰ
982 5695 1080 5762 τὴν
1114 5694 1459 5758 ἐγκράτειαν.
1495 5691 1659 5742 Ὥστε
1691 5693 1783 5743 καὶ
1811 5691 1860 5744 οἱ

301 5787 508 5853 καρποὶ
536 5786 630 5838 τοῦ
661 5785 971 5854 Πνεύματος
999 5787 1056 5837 ὲν
1097 5785 1174 5852 τῷ
1203 5783 1378 5852 Πατρὶ
1409 5781 1738 5851 Θεωροῦνται
1767 5785 1860 5836 καὶ

301 5879 381 5945 τῴ
412 5875 545 5946 Υἰῷ.
573 5877 680 5931 Kal
711 5878 742 5947 ἡ
780 5878 1019 5932 υἱοθεσία
1049 5877 1178 5947 ἡμῖν
1209 5878 1263 5929 ἐν
1307 5873 1580 5943 Πνεύματι
1620 5873 1845 5941 γίνεται,

1953 4594 2263 4660 benignitas
2291 4602 2345 4646 et
2393 4601 2612 4655 caetera,
2655 4609 2672 4640 ι
2711 4605 2829 4657 qua:
2858 4587 3034 4641 czrteri
3071 4589 3342 4636 testantur
3386 4595 3514 4643 apo-

1953 4688 2112 4750 stoli;
2141 4684 2374 4740 Joannes
2401 4685 2564 4738 dicit:
2601 4701 2618 4733 ι
2651 4682 2791 4734 Dens
2821 4689 2901 4732 est
2931 4680 3165 4732 Charitas
3191 4694 3206 4741 ;
3240 4684 3292 4728 et
3318 4673 3512 4726 Paulus

1955 4781 2146 4833 iterum
2180 4795 2191 4830 :
2231 4795 2249 4828 ι
2281 4775 2522 4830 Gaudete
2559 4774 2610 4827 in
2653 4772 2900 4832 Domino,
2936 4789 2952 4821 ι
2990 4779 3064 4834 et,
3119 4788 3137 4820 ι
3164 4769 3412 4822 Christus
3430 4773 3514 4820 est

1956 4889 2056 4942 pax
2082 4880 2264 4925 nostra
2299 4887 2314 4932 ;
2344 4887 2361 4920 ι
2393 4867 2556 4919 David
2582 4875 2760 4918 autem
2814 4882 2826 4917 :
2861 4882 2878 4913 ι
2922 4862 3102 4915 Bonus
3141 4870 3222 4914 est
3259 4861 3512 4913 Dominus

1956 4963 2207 5017 omnibus
2247 4959 2620 5014 invomntibus
2672 4973 2842 5018 eum;
2883 4974 2899 5005 ι
2970 4963 3070 5007 et:
3115 4971 3132 5004 t
3185 4950 3409 5005 Gustate
3461 4958 3516 5001 et

1958 5057 2132 5108 videte
2179 5054 2433 5121 quoniam
2471 5050 2651 5103 suavis
2669 5061 2747 5102 est
2781 5047 3038 5099 Dominus
3066 5063 3109 5106 ς»
3145 5053 3197 5096 et
3231 5060 3243 5096 :
3286 5061 3302 5092 ι
3335 5042 3514 5094 Conti-

1962 5146 2147 5201 temini
2179 5144 2406 5197 Domino
2430 5143 2686 5210 quoniam
2721 5142 2894 5193 bonus
2958 5149 3173 5205 propter
3215 5135 3510 5202 benignita-

1961 5251 2101 5300 tem;
2142 5256 2159 5288 ι
2195 5246 2247 5290 et
2281 5253 2295 5291 :
2330 5255 2346 5286 ι
2382 5233 2582 5288 Fidelis
2605 5242 2685 5286 est
2736 5231 2989 5284 Dominus
3022 5230 3072 5280 in
3104 5226 3354 5279 omnibus
3386 5239 3518 5288 ope.

1960 5333 2107 5384 rrhus
2137 5328 2285 5392 suis;
2319 5346 2337 5378 ι
2383 5326 2639 5380 Dominus
2693 5339 2818 5377 vero
2871 5322 3114 5375 Salvator
3151 5338 3164 5374 :
3202 5337 3219 5369 ι
3253 5318 3450 5371 Discite
3479 5330 3508 5368 a

1963 5435 2046 5474 me
2079 5421 2202 5488 quia
2235 5419 2380 5473 mitis
2417 5433 2534 5473 sum
2570 5425 2622 5471 et
2671 5416 2886 5469 humilis
2921 5413 3115 5477 corde;
3157 5431 3172 5461 ι
3205 5426 3362 5478 porro
3391 5409 3512 5477 Spi-

1963 5515 2096 5566 ritus
2130 5512 2337 5564 fructns
2361 5508 2749 5573 n'iansuetndo;
2782 5517 2836 5560 et
2876 5526 2888 5560 :
2930 5527 2946 5558 ι
2975 5505 3075 5568 Τυ,
3108 5505 3350 5568 Domine,
3387 5519 3511 5554 rur-

1961 5616 2052 5654 sus
2087 5600 2162 5652 ait
2205 5598 2390 5660 David,
2454 5598 2774 5665 longanimis
2822 5599 2876 5648 et
2928 5594 3270 5654 misericors;
3323 5610 3340 5642 ι
3399 5601 3452 5645 et
3493 5609 3508 5647 :

1968 5711 1986 5744 ι
2012 5683 2327 5757 Quicunque
2356 5687 2559 5756 Spiritu
2614 5687 2702 5740 Dei
2726 5696 2974 5755 aguntur,
3003 5687 3036 5738 ii
3061 5691 3184 5737 sunt
3214 5683 3303 5736 lilii
3339 5682 3454 5741 Dei.
3487 5700 3506 5734 ο

1966 5799 2154 5851 nempe
2180 5791 2398 5849 propter
2435 5782 2862 5846 temperantiam.
2897 5778 3360 5843 Quemadmodum
3395 5775 3512 5827 l'rn-

1961 5886 2078 5930 ctus
2107 5874 2339 5943 Spiritus
2370 5875 2420 5925 'n
2479 5871 2634 5925 Patre
2675 5882 2725 5925 et
2763 5870 2894 5925 Fila
2941 5868 3211 5935 videnlur,
3252 5868 3322 5922 ita
3371 5869 3510 5921 tilio-
