4238 6444
694 374 797 437 159

1522 382 1900 443 SYMEUNIS
1936 368 2697 451 'I‘HESSALONICENSIS
2729 388 3096 448 ARCHIEP.

3844 396 3947 459 160

693 511 811 547 rum
843 496 1060 563 adoptio
1102 498 1257 550 nobis
1317 498 1367 552 in
1428 498 1627 569 Spiritu
1680 501 1821 555 facta
1868 513 1971 566 cst,
2008 496 2261 571 quoniam
2294 506 2367 562 At

2294 506 2337 562 Α
2366 505 2450 557 ὅτι
2478 506 2571 557 καὶ
2602 507 2760 563 κοινά
2791 509 2858 561 τά
2893 509 3209 577 χαρίσματα
3245 509 3342 576 τῆς
3386 508 3635 579 Τριάδος.
3681 510 3808 564 Ὅτι
3857 510 3947 563 καὶ

693 588 996 639 cmnmnnia
1026 599 1144 641 sunt
1191 588 1474 644 Trinitatis
1521 593 1872 655 charismata,
1924 611 2140 664 unaque
2185 605 2269 649 est

695 686 955 742 potestas,
997 680 1101 732 una
1150 681 1436 736 Trinitatis
1479 688 1744 755 operatio.
1804 689 2091 755 Propterea
2121 692 2266 745 athei

696 781 823 820 sunt
853 770 942 836 qtti
981 771 1268 827 Trinitatis
1295 778 1637 843 operationcs
1691 762 1799 833 non
1834 781 2137 845 celebrant.
2186 784 2266 836 vel

697 861 1021 915 conﬁtentur
1052 866 1297 929 quidem,
1323 880 1603 921 creaturas
1626 880 1804 924 autem
1833 890 1926 926 eas
1974 876 2266 943 appellant.

698 953 830 1007 Nam
858 957 903 1010 si
928 956 1030 1009 illze
1061 958 1113 1011 in
1165 961 1321 1016 nobis
1370 973 1491 1016 sunt
1528 977 1813 1027 creaturte,
1852 968 1978 1035 qttid
2013 981 2120 1025 tam
2153 975 2270 1029 cxi-

700 1049 1279 1107 tninmhahetutts?Si
1338 1072 1467 1111 vero
1528 1068 1777 1114 naturam
1840 1063 1930 1117 Dei
1988 1065 2266 1131 habemus,

700 1152 757 1193 ttt
780 1143 853 1197 illi
889 1142 1145 1208 delirant,
1184 1148 1345 1215 igitur
1378 1164 1474 1201 nos
1534 1170 1747 1222 quoque
1778 1157 2107 1221 hominesin
2145 1174 2271 1222 per-

699 1249 830 1286 soua
864 1234 956 1288 Ι)υῆ
988 1238 1213 1304 erimus,
1245 1241 1443 1308 aliique
1502 1242 1883 1313 Dii-Imminrs,
1920 1250 2061 1303 sicut
2114 1251 2274 1305 Chri-

700 1336 972 1389 stus,nou
1033 1333 1260 1398 gratiam
1325 1335 1587 1389 habt-tuos
1621 1340 1712 1393 sed
1775 1356 2059 1407 personam
2126 1343 2268 1405 Filii.

700 1419 784 1471 πει-1
810 1418 983 1473 l‘atris
1013 1432 1105 1474 aut
1141 1422 1414 1492 Spiritus;
1455 1430 1583 1495 quid
1615 1440 1793 1484 autem
1837 1433 1991 1502 pcjns
2024 1436 2125 1490 hac
2158 1438 2272 1492 bla-

702 1513 942 1578 Spbemia
970 1517 1265 1584 excogitari
1311 1524 1527 1587 potest?
1554 1522 1609 1577 Si
1661 1537 1843 1580 autem
1878 1541 2183 1587 creaturam
2218 1535 2269 1588 itt

704 1606 855 1658 nobis
889 1607 1170 1677 habemus,
1209 1612 1374 1667 Dcum
1409 1630 1540 1683 ergo
1594 1634 1700 1672 non
1740 1620 2008 1676 habemus
2037 1642 2052 1686 ;
2081 1640 2268 1679 verum

702 1701 974 1764 quomodo
1001 1702 1282 1757 nobiscum
1312 1707 1493 1760 Dcus?
1548 1708 1829 1773 Quomodo
1862 1713 2123 1780 Spiritum
2177 1719 2269 1786 qui

702 1807 767 1843 cx
798 1793 904 1845 Deo
925 1804 1005 1845 est
1031 1798 1384 1863 acccpuuns?
1414 1798 1696 1865 Qnmnodo
1753 1804 2010 1869 Spiritum
2065 1808 2267 1864 Christi
2305 1824 2345 1878 Β

702 1882 1015 1939 habemus?
1043 1890 1318 1953 quomodo
1348 1890 1566 1944 'donum
1632 1894 1872 1961 Spiritus
1917 1901 2273 1970 accepimus?

704 1978 990 2040 Quodnam
1009 1994 1091 2034 est
1111 1983 1437 2048 promissum
1464 1984 1700 2050 Spiritus
1725 1988 1776 2041 in
1806 1991 1994 2045 nobis?
2019 2002 2269 2060 quaenam

704 2071 878 2123 \irltts
917 2085 979 2123 ex
1012 2072 1123 2126 alto
1153 2076 1404 2139 apostolis
1452 2079 1799 2144 supervenit?
1849 2082 1989 2147 Quid
2039 2084 2272 2153 Spiritus

706 2174 928 2217 smctus
954 2162 1211 2217 Cornelio
1236 2166 1460 2233 ejusque
1485 2169 1649 2222 sociis
1681 2174 2102 2238 superveniens?
2132 2176 2271 2242 Quid

706 2267 1036 2325 acceperunt
1063 2258 1160 2311 viri
1193 2275 1222 2312 a
1258 2259 1503 2326 Philippo
1527 2262 1779 2330 baptizati
1799 2302 1818 2329 ,
1850 2264 2010 2322 Petro
2030 2279 2084 2322 et
2111 2268 2274 2326 Joan-

706 2362 991 2413 tsentanus
1019 2350 1565 2416 t-isiunponentibus?
1614 2355 1755 2429 Quid
1805 2370 2133 2432 acceperunt
2173 2364 2271 2418 viri

706 2458 733 2490 ιι
774 2440 941 2493 Paulo
975 2442 1251 2508 baptizati,
1281 2446 1368 2510 qui
1394 2447 1542 2513 prius
1580 2463 1679 2501 nec
1741 2451 1984 2506 sciebant
2036 2469 2134 2510 nec
2176 2472 2274 2510 au-

706 2531 956 2585 diverant
982 2532 1026 2584 si
1063 2542 1145 2586 est
1169 2532 1407 2602 Spiritus
1456 2540 1718 2592 sanctus?
1748 2540 1884 2605 Quid
1929 2546 2274 2608 operationes

708 2621 1015 2677 \‘ll'lllilllll?
1061 2624 1188 2692 quid
1246 2627 1432 2692 gratia!
1480 2629 1817 2686 sanitatum?
1867 2633 1995 2701 quid
2047 2637 2273 2691 meliora

706 2714 1357 2781 rharismala?Quaenam
1389 2719 1613 2788 insuper
1667 2724 1839 2791 gratia
1899 2725 2110 2781 Domini
2176 2744 2274 2782 no-

707 2804 804 2857 stri
829 2803 960 2859 Jesu
990 2806 1231 2860 Christi?
1256 2807 1391 2873 Quid
1426 2811 1594 2865 illud:
1637 2831 1655 2864 ε
1688 2812 1870 2869 Gratia
1924 2819 2076 2873 vobis
2106 2836 2135 2875 a
2166 2819 2277 2874 Deo

708 2898 865 2951 Patre
888 2907 941 2950 et
967 2898 1196 2952 Domino
1226 2899 1349 2954 Jt-sn
1404 2901 1664 2957 Christo?
1705 2925 1724 2957 ι
1774 2906 1956 2973 Quare
1986 2910 2276 2966 invocatur

707 2990 888 3044 divina
914 2990 1085 3059 gratia
1116 2992 1333 3060 quando
1365 2994 1497 3048 ﬁunt
1545 2998 1961 3055 ordinationes?
1996 3002 2273 3073 Numquid

710 3082 857 3135 inani
921 3098 1084 3138 sensu
1132 3083 1333 3140 dicitur
1394 3090 1610 3156 gratia?
1665 3089 1848 3147 Probl
1902 3093 2172 3149 fallaciam
2223 3110 2276 3151 et

2375 596 2475 662 μία
2516 596 2745 666 δύναμις
2798 602 2891 651 καὶ
2940 601 3189 668 ἐνέργεια
3229 603 3324 662 τῖς
3360 602 3609 669 Τριάδος.
3643 602 3738 653 Δια
3788 602 3948 653 τοῦτο

2372 688 2519 742 ἄθεοι
2551 692 2597 741 οἱ
2631 690 2705 760 μὴ
2735 691 2830 752 τὰς
2867 693 3146 758 ἐνεργείας
3183 694 3497 759 δοξάζοντες
3526 694 3627 761 τῆς
3672 693 3903 759 Τριάδος
3929 709 3945 725 ·

2371 780 2404 851 ἦ
2431 781 2820 848 ὁμολογοῦντες
2856 785 2977 851 μὲν,
3005 786 3280 853 κτίσματα
3310 786 3365 838 δὲ
3399 785 3599 849 ταύτας
3626 786 3941 847 καλοῦντες.

2374 876 2436 928 Εί
2484 877 2592 944 γάρ
2628 880 2683 929 ἐν
2715 879 2848 945 ἡμῖν
2885 878 3183 945 κτίσματα,
3220 879 3273 933 τί
3305 881 3567 950 περισσὸν
3599 881 3796 949 ἔχομεν
3828 898 3840 945 ;
3886 876 3949 932 El.

2371 967 2427 1020 δέ
2461 985 2520 1034 γε
2552 969 2712 1036 φύσιν
2758 971 2952 1039 ἔχομεν
2981 971 3140 1033 Θεοῦ,
3164 971 3239 1033 ὡς
3265 959 3414 1024 οὗτοι
3442 971 3694 1040 ληροῦσι,
3720 971 3951 1025 θεοῦττό-

2378 1076 2561 1112 στατοι
2588 1063 2679 1113 καὶ
2704 1064 2867 1129 ἡμεῖς
2894 1064 3131 1131 ἐσόμεθα
3153 1064 3453 1134 ἄνθρωποι.
3485 1066 3577 1117 καὶ
3602 1064 3949 1119 θεάνθοωποι

2374 1149 2525 1203 ἄλλοι
2554 1151 2627 1215 ὡς
2662 1154 2689 1203 6
2718 1153 2972 1220 Χριστὸς,
3024 1155 3117 1206 καὶ
3152 1154 3210 1205 οὐ
3270 1156 3432 1223 χάριν
3480 1154 3571 1223 ἕχο
3605 1174 3716 1218 τες,
3744 1154 3881 1228 ἀλλᾲ
3916 1154 3948 1222 ἦ

2374 1242 2473 1311 τὴν
2498 1242 2795 1297 ὑπόστασιν
2821 1243 2916 1297 τοῦ
2949 1244 3101 1310 Υίοῦ,
3130 1245 3162 1314 ἢ
3198 1246 3289 1299 τοῦ
3322 1248 3556 1312 Ιῐατριις,
3584 1251 3616 1316 ἦ
3649 1245 3744 1297 τοῦ
3776 1247 3949 1311 "Vg-3-

2378 1352 2567 1400 ματος.
2602 1336 2710 1387 Kal
2742 1336 2793 1389 τί
2822 1336 2890 1389 ἂν
2920 1336 3050 1390 ἀλλο
3082 1340 3264 1405 χεῖρον
3294 1338 3389 1403 τῆς
3440 1338 3787 1405 βλασφημίας
3820 1325 3952 1388 1164-

2376 1444 2475 1495 της
2501 1428 2711 1493 γένοιτό
2744 1446 2871 1481 ποτε
2900 1446 2914 1497 ;
2940 1431 3000 1482 Ei
3031 1430 3085 1482 δὲ
3117 1430 3323 1498 κτίσμα
3378 1433 3434 1483 ὲν
3479 1432 3694 1491 ἑαυτοῖς
3732 1430 3950 1499 ἔχομεν,

2375 1519 2509 1570 Θεδν
2534 1520 2633 1572 οὐκ
2664 1520 2860 1589 ἔχομεν
2904 1523 3034 1591 ἄρα.
3078 1524 3187 1574 Kal
3223 1524 3339 1597 πῶς
3389 1524 3506 1586 μεθ’
3539 1524 3696 1590 ἡμῶν
3723 1526 3749 1575 6
3778 1522 3951 1589 636;;

2376 1612 2483 1664 Kal
2518 1611 2632 1674 πῶς
2670 1611 2731 1665 τὸ
2762 1614 2988 1681 Πνεῦμα
3019 1613 3079 1665 τὸ
3108 1616 3170 1666 ἐκ
3200 1613 3293 1666 τοῦ
3327 1613 3460 1666 Θεοῦ
3509 1614 3813 1680 ἐλάϐομεν;
3845 1616 3954 1668 Kal

2378 1702 2495 1764 πῶς
2529 1702 2753 1771 Πνεῦμα
2783 1704 3022 1773 Χριστοῦ
3050 1705 3248 1774 ἔχομεν
3278 1723 3292 1772 ;
3330 1692 3441 1758 Kal
3472 1706 3587 1768 πῶς
3617 1706 3713 1775 τὴν
3742 1708 3955 1776 δωρεάν

2376 1792 2469 1845 τοῦ
2506 1794 2824 1861 Πνεῦματος
2850 1795 3118 1864 ἐλάϐομεν
3144 1813 3158 1863 ;
3186 1798 3296 1851 Kal
3350 1796 3432 1859 τίς
3466 1799 3498 1867 ἡ
3527 1798 3828 1865 ἐπαγγελία
3858 1799 3954 1853 τοῦ

2376 1883 2694 1954 Πνεύματος
2724 1889 2782 1939 ἐν
2824 1889 3000 1955 tum;
3049 1888 3158 1941 Kal
3222 1888 3351 1941 ποία
3407 1890 3440 1959 ἡ
3488 1890 3791 1944 ἐπελθοῦσα
3840 1894 3956 1954 τοῖς

2374 1976 2696 2040 ἀποστόλοις
2727 1978 2786 2046 ἐξ
2824 1979 2991 2049 ὕψους
3046 1981 3315 2050 δύναμις;
3352 1983 3461 2035 Kal
3508 1983 3561 2035 τί
3614 1984 3674 2035 τὸ
3726 1983 3953 2051 Πνεῦμα

2374 2072 2435 2121 τὸ
2459 2071 2615 2137 ἃγιον
2647 2073 2708 2125 τὸ
2741 2073 2967 2126 ἐπελθὸν
2990 2074 3066 2141 τῷ
3093 2076 3381 2147 Κορνηλίῳ
3407 2077 3502 2129 καὶ
3524 2079 3636 2138 τοῖς
3660 2078 3757 2129 σὺν
3777 2078 3950 2147 az'm};

2375 2161 2534 2214 Ποῖον
2556 2161 2611 2215 δὲ
2628 2163 2655 2215 ὃ
2680 2162 2986 2229 ἐλάμϐανον
3019 2166 3069 2217 oi
3105 2166 3498 2234 βαπτισθέντες
3527 2167 3631 2220 ὑπὸ
3653 2168 3948 2234 ﬁlim-mu;

2378 2252 2739 2307 ἐπιτιθέντων
2770 2254 2865 2317 τὰς
2895 2257 3086 2326 χεῖρας
3115 2257 3299 2319 αὐτοῖς
3322 2258 3532 2327 Πέτρου
3558 2260 3651 2312 καὶ
3673 2260 3948 2325 Ἰωάννου;

2376 2342 2535 2395 Ποῖον
2579 2343 2636 2396 δὲ
2686 2343 2714 2396 6
2769 2344 2960 2398 ἔλαϐον
3012 2346 3061 2397 oi
3110 2344 3497 2414 βαπτισθέντες
3550 2347 3655 2399 ὐπδ
3710 2346 3945 2408 Παύλου,

2378 2436 2643 2505 πρότερον
2680 2435 2753 2502 μὴ
2794 2437 2995 2499 εἰδότες
3048 2437 3080 2507 ἢ
3133 2439 3431 2507 ἀκηκοότες
3461 2439 3509 2490 εί
3563 2438 3677 2491 ἔστι
3728 2438 3950 2503 Πνεῦμα

2378 2530 2535 2596 ἅγιον
2566 2546 2581 2595 ;
2616 2530 2681 2582 Τί
2718 2531 2785 2583 τά
2820 2531 3174 2598 ἐνεργήματα
3204 2531 3311 2583 τῶν
3342 2532 3667 2601 δυνάμεων;
3698 2534 3762 2585 τα
3793 2535 3953 2603 χαρί-

2378 2639 2565 2687 σματα
2594 2622 2701 2675 τῶν
2736 2623 2981 2691 ἰαμάτων
3012 2639 3026 2690 ;
3054 2622 3123 2676 τὰ
3174 2623 3494 2694 χαρίσματα
3526 2625 3593 2677 τὰ
3621 2626 3905 2693 κρείττονα
3931 2639 3946 2689 ;

2375 2712 2468 2764 Ti:
2504 2713 2559 2765 δὲ
2595 2715 2627 2782 ἡ
2676 2712 2837 2781 χάρις
2880 2712 2975 2766 τοῦ
3025 2715 3231 2784 Κυρίου
3264 2715 3424 2783 ἡμῶν
3454 2716 3631 2784 Ἰησου
3664 2713 3945 2783 Χριστοῦ;

2377 2808 2469 2858 καὶ
2495 2807 2575 2870 τὴ,
2610 2824 2628 2857 ι
2670 2806 2847 2874 Χάρις
2877 2807 3005 2876 ὑμῖν
3031 2808 3115 2877 εἴη
3143 2807 3250 2860 ἀπὸ
3279 2806 3417 2860 Θεοῦ
3452 2808 3688 2877 Πατρός.
3726 2809 3819 2862 καὶ
3846 2810 3955 2861 Ku-

2381 2897 2496 2965 ρίου
2545 2897 2725 2967 Ἰησοῦ
2774 2899 3057 2966 Χριστοῦ;
3098 2918 3115 2951 ι
3149 2899 3305 2953 Διατί
3337 2900 3393 2953 δέ
3429 2903 3461 2969 ἡ
3512 2899 3803 2966 ἐπίκλησις
3852 2900 3955 2967 τῆς

2378 2991 2529 3055 θείας
2558 2994 2780 3063 χάριτος
2812 2994 3019 3059 γίνεται
3069 2998 3127 3047 ἐν
3180 2995 3304 3055 ταῖς
3344 2993 3661 3061 γινομέναις
3708 3010 3961 3063 χειροτοον

2380 3087 2517 3148 νίαις
2550 3104 2564 3153 ;
2590 3082 2739 3155 Ἀρα
2770 3089 2849 3149 εἰς
2880 3087 3036 3139 κενὸν
3068 3087 3286 3153 λέγεται
3320 3087 3463 3153 ;Φεῦ
3492 3090 3586 3155 τῆς
3618 3086 3833 3154 ἀπάτης
3863 3085 3959 3139 καὶ

709 3177 1105 3245 blasphemiam
1137 3194 1323 3234 eorum
1376 3184 1467 3249 qui
1511 3181 1628 3235 sine
1673 3183 1842 3249 gratia
1894 3186 2126 3254 gratiam
2182 3188 2271 3241 Dei
2302 3161 2346 3218 ο
2382 3238 2383 3243 η

2302 3161 2346 3218 C
2382 3176 2734 3247 βλασφημίας
2779 3176 2888 3229 τῶν
2937 3176 3081 3229 κατὰ
3133 3176 3231 3244 τῆς
3277 3176 3503 3245 χάριτος
3534 3173 3630 3228 τοῦ
3667 3174 3803 3226 Θεοῦ
3834 3173 3957 3242 δίχα

711 3273 1126 3337 aggrediuntur!
1152 3272 1291 3339 Quid
1315 3282 1495 3328 autem
1542 3275 1739 3328 donum
1791 3278 1962 3330 sancti
2000 3279 2278 3346 Spiritus?

712 3366 989 3433 Numquid
1045 3375 1238 3421 natura
1271 3369 1323 3421 in
1382 3370 1556 3424 tribus
1577 3371 1873 3438 personis?
1904 3371 2275 3441 Nequaquam,

715 3467 963 3509 naturam
990 3456 1134 3508 enim
1166 3457 1254 3509 Dei
1284 3472 1443 3513 nemo
1498 3461 1749 3529 suscipit.
1773 3458 2059 3529 Numquid
2109 3465 2278 3535 igitur

713 3547 1005 3601 creatura?
1044 3550 1138 3602 sed
1168 3552 1440 3617 quomodo
1469 3552 1634 3606 Deum
1685 3554 1740 3607 in
1781 3553 1937 3607 nobis
1970 3555 2279 3610 habemus?

715 3640 992 3705 quomodo
1046 3641 1322 3695 Christum
1385 3645 1719 3712 portamus?
1783 3648 2060 3715 quomodo
2108 3646 2280 3718 Spiri-

719 3745 828 3787 tum
866 3744 1113 3788 saurtum
1149 3735 1201 3787 in
1236 3735 1495 3791 cordibus
1535 3753 1661 3790 rore
1720 3740 2073 3809 accepimus?
2114 3741 2283 3794 Idcir-

715 3841 778 3877 co
806 3823 1087 3880 Trinitatis
1112 3834 1197 3879 est
1226 3825 1279 3878 in
1308 3827 1465 3881 nobis
1490 3829 1660 3889 gratia
1709 3844 1817 3897 qua
1864 3831 2023 3886 nobis
2048 3848 2076 3887 a
2119 3832 2282 3888 Patre

716 3930 811 3981 per
843 3914 1040 3968 Filium
1091 3916 1436 3969 incarnatum
1487 3919 1539 3970 in
1587 3927 1781 3973 sancto
1826 3920 2032 3989 Spiritu
2079 3923 2279 3991 imper-

716 4007 871 4061 titur.
904 4005 1028 4059 Ideo
1066 4009 1180 4077 ipsa
1207 4009 1261 4062 in
1302 4009 1464 4062 nobis
1491 4010 1711 4064 diverso
1765 4012 1929 4066 modo
1979 4023 2278 4081 operatur;

716 4110 769 4149 ct
829 4098 995 4152 alium
1057 4100 1276 4167 quidem
1344 4100 1648 4157 sanctiﬁcat
1696 4112 1750 4158 et
1800 4120 1897 4171 per
1949 4105 2279 4172 baptismum

720 4199 1024 4259 rngencrat,
1052 4192 1219 4245 alium
1249 4208 1381 4245 vero
1438 4195 1593 4263 ungit
1640 4202 1694 4249 et
1743 4196 1995 4266 obsignat
2042 4214 2139 4267 per
2177 4216 2281 4254 un-

719 4292 996 4347 cuculum.
1044 4284 1273 4337 alterum
1325 4295 1505 4339 autem
1547 4288 1765 4341 ordinat
1814 4291 2172 4354 sacerdotem,
2231 4303 2285 4345 rt

720 4377 863 4428 hunc
910 4377 1070 4427 etiam
1128 4377 1340 4430 diversa
1383 4380 1632 4432 ratione:
1686 4380 1774 4434 hic
1807 4381 2026 4449 quidem
2082 4385 2282 4437 consti-

721 4467 891 4519 tuitur
939 4467 1109 4521 lvctor
1154 4467 1375 4536 populo.
1412 4468 1501 4522 ille
1553 4484 1679 4522 vero
1708 4470 2095 4535 subdiaconus,
2145 4473 2282 4525 alius

721 4572 898 4613 autent
954 4560 1245 4620 diaconus.
1314 4561 1571 4614 sacerdos
1628 4562 1786 4627 alter,
1844 4562 1983 4616 alter
2049 4564 2287 4632 denique

723 4653 1005 4719 pontifex;
1070 4660 1124 4705 et
1180 4669 1324 4706 unus
1392 4653 1610 4721 quidem
1663 4661 1749 4707 est
1794 4654 2099 4721 apostolus,
2152 4655 2291 4708 alius

723 4752 904 4798 autem
962 4744 1247 4811 propheta,
1289 4743 1432 4799 alius
1472 4743 1684 4809 doctor,
1746 4745 1996 4815 aliusque
2060 4746 2292 4800 virtutes

723 4836 806 4888 val
855 4836 1056 4902 gratias
1123 4835 1418 4888 sanitatum
1476 4834 1707 4897 habens,
1736 4845 1791 4890 et
1821 4846 2040 4892 catera.
2100 4839 2163 4891 Et
2200 4838 2289 4891 alii

725 4926 943 4993 quidem
976 4941 1069 4995 per
1106 4925 1370 4993 Spiritum
1410 4926 1575 4981 datur
1610 4942 1797 4981 sermo
1859 4930 2160 4998 sapientiae.
2200 4930 2289 4982 alii

726 5034 854 5071 vero
878 5034 1059 5073 Scrtno
1086 5018 1328 5073 scientia:
1360 5019 1660 5073 secundum
1718 5020 1968 5073 eumdem
2004 5020 2290 5088 Spiritum,

724 5124 782 5165 et
809 5120 1003 5165 caetera
1028 5118 1086 5163 ut
1111 5110 1366 5164 diximus.
1395 5109 1547 5163 Unde
1570 5112 1621 5162 in
1648 5111 1806 5165 nobis
1840 5126 1949 5164 non
2007 5121 2087 5165 est
2113 5128 2294 5182 perso-

728 5220 795 5256 na
825 5202 1085 5271 Spiritus,
1114 5202 1207 5255 sed
1240 5202 1293 5255 in
1334 5202 1538 5271 Spirittt
1598 5204 1907 5257 communis
1956 5206 2127 5272 gratia
2171 5203 2293 5258 Tri-

730 5296 915 5347 nitatis
967 5304 1022 5347 et
1074 5295 1301 5347 diversa:
1352 5295 1727 5363 uperationes.
1788 5294 1912 5348 Ideo
1962 5311 2142 5361 neque
2195 5296 2287 5363 qui

730 5389 1055 5457 baptismum
1135 5386 1365 5453 suscipit
1418 5386 1605 5439 statim
1666 5386 1982 5440 sacerdotio
2035 5388 2292 5453 donatur,

731 5496 910 5550 neque
941 5480 1208 5532 diaconus
1263 5477 1439 5533 factus
1487 5480 1810 5550 presbyterii
1855 5488 2178 5549 potestatem
2206 5495 2293 5535 ac-

731 5574 884 5639 cipit,
946 5586 1125 5639 neque
1175 5570 1459 5640 presbyter
1497 5572 1783 5625 ordinatus
1837 5573 2074 5641 episcopi
2122 5574 2294 5641 gratia

732 5665 1050 5722 adornatur.
1079 5662 1171 5715 sed
1207 5661 1439 5730 quisque
1468 5676 1629 5716 suum
1660 5662 1880 5730 accipit,
1927 5672 1980 5716 et
2010 5664 2147 5715 alius
2178 5663 2296 5728 qui-

732 5758 853 5807 dem
887 5751 1105 5817 tninori,
1150 5753 1291 5806 alius
1342 5769 1469 5807 rem
1526 5753 1717 5821 majori
1775 5754 1976 5807 virtute
2040 5755 2297 5820 pranlitus

734 5854 841 5902 est.
897 5846 1168 5901 Diaconns
1226 5846 1446 5915 qnidcm
1513 5846 1811 5913 ministrat,
1875 5846 2128 5901 sacerdos
2174 5862 2299 5900 vero

2385 3273 2607 3339 χάριτος
2630 3268 2966 3337 κινουμένων
2990 3268 3002 3321 l
3029 3268 3126 3329 Τίς
3150 3267 3256 3335 δέή
3281 3266 3462 3335 δωρεὰ
3482 3265 3576 3318 τοῦ
3605 3266 3759 3332 ἁγίου
3791 3264 3963 3319 "vsti-

2388 3379 2593 3429 ματο;;
2624 3357 2775 3431 Ἀρα
2808 3363 2841 3432 ἡ
2876 3360 3309 3433 τρισυπόστατος
3335 3359 3498 3429 φύσις
3526 3375 3539 3425 ;
3570 3360 3853 3429 υύδαμῶς.
3883 3360 3959 3411 Οὐ

2386 3457 2493 3526 γάρ
2527 3455 2662 3509 Θεοῦ
2692 3455 2853 3523 φύσιν
2881 3472 2965 3517 τις
2994 3454 3338 3522 ὑποδέχεται.
3372 3453 3485 3507 Kal
3516 3452 3702 3504 λοιπὸν
3728 3453 3958 3521 κτίσμα;

2389 3550 2497 3602 Kal
2545 3547 2662 3607 πῶς
2695 3546 2784 3601 τὸν
2832 3546 2964 3599 Θεὸν
3020 3548 3078 3598 ἐν
3129 3548 3161 3615 ἠ
3174 3546 3264 3615 μίν
3299 3545 3495 3615 ἔχομεν
3529 3560 3543 3611 ;
3578 3541 3687 3597 Kal
3722 3542 3838 3605 πῶς
3869 3543 3961 3595 τὸν

2388 3640 2622 3708 Χριστὸν
2657 3639 2934 3710 φοροῦμεν
2965 3655 2979 3705 ;
3014 3640 3123 3691 Kal
3161 3637 3275 3699 πῶς
3328 3639 3389 3691 τὺ
3442 3636 3666 3705 Πνεῦμα
3710 3635 3961 3701 τδνᾶγεον

2387 3735 2444 3786 ἐν
2475 3734 2594 3794 ταῖς
2621 3732 2871 3799 καρδίαις
2894 3729 3163 3797 ἐλάϐομεν
3195 3729 3410 3790 ἀληθῶς
3440 3742 3455 3794 ;
3487 3729 3627 3793 ’Ἆρα
3656 3727 3816 3795 χάρις
3843 3727 3961 3778 ἐστὶ

2386 3827 2488 3891 τῆς
2519 3825 2752 3894 Τριάδος
2785 3826 2841 3876 ἐν
2874 3826 3028 3894 ἡμῖν.
3060 3824 3168 3876 Kal
3200 3825 3521 3893 χορηγεῖται
3555 3820 3693 3887 αὕτη
3732 3822 3865 3889 ἡμῖν
3896 3823 3961 3873 ἐκ

2387 3918 2480 3970 τοῦ
2512 3917 2723 3985 Πατρὸς
2747 3916 2835 3969 διὰ
2858 3915 2951 3969 τοῦ
2983 3915 3105 3968 Υἱοῦ
3134 3916 3513 3985 σαρκωθέντος
3542 3916 3598 3967 ἐν
3620 3915 3761 3983 ἁγίῳ
3789 3912 3962 3967 Πνεῦ-

2392 4026 2545 4076 ματι.
2596 4008 2695 4060 Διά
2753 4007 2911 4060 τοῦτο
2957 4008 3052 4061 καὶ
3083 4006 3353 4073 διαφόρως
3384 4008 3442 4057 ἐν
3470 4006 3601 4075 ἡμῖν
3633 4003 3772 4071 αὕτη
3808 4005 3961 4073 ἐνερ·

2388 4102 2495 4163 γεῖ.
2527 4100 2637 4151 Kal
2685 4098 2744 4150 6v
2794 4098 2892 4164 μὲν
2922 4096 3117 4149 τελειοῖ
3147 4096 3242 4147 xal
3267 4096 3538 4164 ἀναγεννᾷ
3570 4094 3656 4145 διὰ
3708 4094 3801 4147 τοῦ
3863 4094 3962 4163 βα-

2391 4191 2716 4259 πτίσματος,
2737 4190 2793 4243 ὃν
2821 4189 2875 4242 δὲ
2906 4189 3049 4258 χρίει
3080 4188 3174 4239 καὶ
3203 4186 3495 4256 σφραγίζει
3524 4184 3598 4254 τῷ
3615 4185 3791 4255 μύρῳ,
3818 4186 3878 4238 δν
3908 4185 3962 4237 δέ

2392 4287 2538 4355 ἱερέα
2594 4286 2913 4355 χειροτονεῖ,
2959 4283 3056 4336 καὶ
3103 4283 3294 4336 τοῦτον
3327 4283 3383 4334 δὲ
3414 4282 3707 4350 διαφόρως.
3755 4281 3816 4332 '0
3866 4279 3965 4347 μὲν

2391 4376 2499 4445 γάρ
2534 4376 2682 4428 ἐστιν
2723 4374 3117 4439 ἀναγινώσκων
3150 4373 3227 4443 τῷ
3275 4373 3414 4441 λαῷ,
3467 4375 3495 4425 6
3524 4373 3580 4425 δέ
3612 4372 3909 4439 ὑπουργὸς,
3937 4373 3963 4423 6

2392 4468 2446 4519 δὲ
2475 4466 2760 4529 διακονῶν,
2798 4468 2825 4518 6
2856 4466 2911 4518 δὲ
2955 4466 3279 4535 ίερουργῶν,
3311 4467 3339 4518 6
3369 4464 3427 4517 δὲ
3456 4462 3869 4533 ἀρχιερατεύων
3906 4463 3967 4514 τὸ

2390 4557 2740 4611 τελεώτατον.
2772 4558 2883 4610 Kal
2920 4560 2948 4610 6
2987 4558 3085 4625 μὲν
3134 4558 3279 4609 εστιν
3333 4556 3652 4620 ἀπόστολος,
3684 4558 3711 4607 6
3740 4556 3795 4607 δὲ
3832 4571 3970 4624 προ-

2393 4652 2592 4719 φήτης,
2619 4653 2647 4703 6
2681 4651 2737 4703 δὲ
2766 4649 3108 4713 διδάσκαλος,
3137 4651 3165 4702 6
3196 4650 3252 4703 δὲ
3298 4649 3557 4718 δυνάμεις
3587 4648 3620 4718 ἢ
3652 4647 3972 4716 χαρίσματα

2397 4744 2643 4811 ίαμάτων
2696 4744 2858 4812 ἔχων,
2903 4744 2936 4814 ἢ
2993 4744 3062 4795 τὰ
3114 4742 3301 4797 λοιπά.
3350 4743 3462 4794 Καὶ
3496 4734 3541 4807 ᾧ
3584 4742 3683 4809 μὲν
3734 4740 3824 4793 διὰ
3873 4739 3970 4791 τοῦ

2394 4835 2710 4904 Πνεύματος
2732 4836 2933 4889 δίδοται
2962 4837 3123 4902 λόγος
3150 4835 3359 4901 σοφίας,
3390 4833 3535 4902 ἄλλῳ
3558 4834 3613 4886 δὲ
3635 4833 3792 4899 λόγος
3824 4834 3972 4899 γνώ-

2396 4942 2535 4988 σεως
2565 4929 2704 4979 κατά
2733 4928 2796 4980 τὸ
2828 4926 2962 4979 αὐτὸ
2999 4923 3245 4993 Πνεῦμα,
3276 4924 3462 4977 καὶτὰ
3492 4924 3676 4987 λοιπὰ,
3707 4924 3782 4985 ὡς
3819 4924 3973 4990 είρή-

2394 5032 2594 5083 καμεν.
2622 5015 2783 5067 Ὥστε
2809 5015 2907 5084 οὐχ
2935 5017 2968 5081 ἡ
3006 5013 3306 5075 ὑπόστασίς
3338 5014 3455 5065 ἐστι
3500 5010 3594 5063 τοῦ
3646 5007 3972 5075 Πνεὺματος

2395 5106 2453 5157 ἐν
2482 5107 2632 5173 ἡμῖν,
2664 5104 2779 5157 ἀλλ’
2816 5106 2873 5157 ἐν
2932 5106 3010 5174 τῷ
3066 5104 3346 5173 Πνεῦματι
3391 5105 3423 5172 ἠ
3465 5104 3617 5171 κοινὴ
3675 5105 3834 5170 χάρις
3871 5104 3971 5166 τῆς

2395 5196 2651 5266 Τριάδος,
2693 5196 2789 5248 καὶ
2842 5196 2914 5248 τά
2961 5195 3194 5264 διάφορα
3227 5195 3592 5264 ἐνεργήματα.
3646 5192 3737 5244 Διό
3771 5192 3893 5245 οὐδὲ
3946 5195 3975 5245 6

2394 5290 2456 5341 τὸ
2492 5288 2775 5357 βάπτισμα
2801 5288 2982 5341 λαϐὼν
3015 5289 3177 5349 εὐθὺς
3198 5288 3458 5355 τυγχάνει
3496 5286 3590 5337 καὶ
3625 5284 3826 5354 ἱερεὺς,
3859 5285 3969 5336 οὐδ’

2395 5382 2422 5432 6
2447 5380 2690 5443 διάκονος
2730 5381 2970 5449 γεγονὼς
3013 5380 3107 5433 καὶ
3137 5379 3234 5448 τὴν
3275 5378 3369 5431 τοῦ
3400 5377 3779 5448 πρεσϐυτέρου
3830 5377 3974 5444 λαμ-

2396 5470 2550 5524 ϐάνει
2730 5472 2978 5539 δύναμιν,
3016 5470 3123 5523 οὐδ’
3152 5472 3179 5523 6
3218 5468 3587 5537 πρεσϐύτερος
3643 5483 3971 5537 χειροτονη-

2399 5563 2513 5624 θεὶς
2550 5566 2643 5615 καὶ
2670 5564 2767 5632 τὴν
2799 5562 2893 5615 τοῦ
2940 5563 3247 5615 ἐπισκόπου
3278 5562 3548 5627 λαμϐάνει
3602 5560 3766 5628 χάριν
3788 5574 3802 5589 ·
3854 5557 3974 5612 ἀλλ’

2398 5658 2631 5717 ἕκαστος
2667 5657 2805 5723 ὅπερ
2834 5654 3047 5719 ἔλαϐεν,
3083 5654 3264 5717 ἔλαϐε,
3300 5655 3396 5706 καὶ
3424 5655 3453 5704 ό
3484 5652 3582 5721 μὲν
3610 5652 3669 5702 ἐν
3698 5650 3974 5716 ἐλάττονι,

2397 5752 2424 5801 6
2454 5748 2509 5800 δὲ
2546 5750 2605 5801 ἐν
2640 5747 2849 5816 μείζονί
2898 5749 3014 5800 ἐστι
3046 5748 3110 5816 τῇ
3158 5745 3403 5814 δυνάμει.
3444 5744 3553 5796 Kal
3584 5741 3829 5802 διάκονος
3873 5740 3975 5805 μέν

2400 5843 2689 5911 ὑπηρετεῖ,
2719 5840 2899 5909 ἱερεὺς
2934 5838 2989 5894 δὲ
3016 5840 3310 5909 ἱερουργεί,
3355 5835 3646 5907 ἀρχιερεὺς
3698 5833 3753 5887 δέ
3793 5848 3977 5903 χειρο-
