  <div class='ocr_page' id='page_1' title='image "/cluster/home/n/w/nwhite01/storage/ocr_20150623/155/nnc1.0022106758/112.png"; bbox 0 0 4238 6444; ppageno 0'>
   <div class='ocr_carea' id='block_1_1' title="bbox 215 380 319 446">
    <p class='ocr_par' dir='ltr' id='par_1_1' title="bbox 215 380 319 446">
     <span class='ocr_line' id='line_1_1' title="bbox 215 380 319 446; baseline 0.029 -3"><span class='ocrx_word' id='word_1_1' title='bbox 215 380 319 446; x_wconf 76' lang='grc'><strong>213</strong></span> 
     </span>
    </p>
   </div>
   <div class='ocr_carea' id='block_1_2' title="bbox 1475 385 2167 448">
    <p class='ocr_par' dir='ltr' id='par_1_2' title="bbox 1475 385 2167 448">
     <span class='ocr_line' id='line_1_2' title="bbox 1475 385 2167 448; baseline -0.004 0"><span class='ocrx_word' id='word_1_2' title='bbox 1475 388 1573 448; x_wconf 90' lang='lat' dir='ltr'><strong>DE</strong></span> <span class='ocrx_word' id='word_1_3' title='bbox 1612 385 2167 447; x_wconf 78' lang='lat' dir='ltr'><strong>SACRAMENTIS.</strong></span> 
     </span>
    </p>
   </div>
   <div class='ocr_carea' id='block_1_3' title="bbox 3350 381 3457 470">
    <p class='ocr_par' dir='ltr' id='par_1_3' title="bbox 3350 381 3457 470">
     <span class='ocr_line' id='line_1_3' title="bbox 3350 381 3457 470; baseline 0.009 -28"><span class='ocrx_word' id='word_1_4' title='bbox 3350 381 3457 470; x_wconf 60' lang='grc' dir='ltr'>αλιι</span> 
     </span>
    </p>
   </div>
   <div class='ocr_carea' id='block_1_4' title="bbox 211 491 1865 568">
    <p class='ocr_par' dir='ltr' id='par_1_4' title="bbox 211 495 1857 568">
     <span class='ocr_line' id='line_1_4' title="bbox 211 495 1857 568; baseline 0.003 -22"><span class='ocrx_word' id='word_1_5' title='bbox 211 498 335 549; x_wconf 77' lang='grc' dir='ltr'>κίοιν</span> <span class='ocrx_word' id='word_1_6' title='bbox 369 495 503 568; x_wconf 68' lang='grc' dir='ltr'>ἔχει,</span> <span class='ocrx_word' id='word_1_7' title='bbox 532 496 711 566; x_wconf 85' lang='grc' dir='ltr'><strong>μόνος,</strong></span> <span class='ocrx_word' id='word_1_8' title='bbox 742 496 863 551; x_wconf 74' lang='grc' dir='ltr'>ὶπεὶ</span> <span class='ocrx_word' id='word_1_9' title='bbox 895 501 987 553; x_wconf 70' lang='grc' dir='ltr'>καὶ</span> <span class='ocrx_word' id='word_1_10' title='bbox 1020 499 1279 561; x_wconf 78' lang='grc' dir='ltr'>ἑκουσίως</span> <span class='ocrx_word' id='word_1_11' title='bbox 1306 500 1387 552; x_wconf 74' lang='grc' dir='ltr'>δεῖ</span> <span class='ocrx_word' id='word_1_12' title='bbox 1407 497 1593 552; x_wconf 88' lang='grc' dir='ltr'>τοῦτον</span> <span class='ocrx_word' id='word_1_13' title='bbox 1619 515 1785 568; x_wconf 82' lang='grc' dir='ltr'>προσ·</span> <span class='ocrx_word' id='word_1_14' title='bbox 1819 504 1857 560; x_wconf 79' lang='grc' dir='ltr'><strong>Α</strong></span> 
     </span>
    </p>
   </div>
   <div class='ocr_carea' id='block_1_5' title="bbox 1893 491 3457 568">
    <p class='ocr_par' dir='ltr' id='par_1_5' title="bbox 1893 491 3457 566">
     <span class='ocr_line' id='line_1_5' title="bbox 1893 491 3457 566; baseline -0.003 -14"><span class='ocrx_word' id='word_1_15' title='bbox 1893 513 2122 566; x_wconf 82' lang='lat' dir='ltr'><strong>sponsor</strong></span> <span class='ocrx_word' id='word_1_16' title='bbox 2191 511 2313 551; x_wconf 91' lang='lat' dir='ltr'><strong>cum</strong></span> <span class='ocrx_word' id='word_1_17' title='bbox 2381 510 2466 548; x_wconf 90' lang='lat' dir='ltr'><strong>eo.</strong></span> <span class='ocrx_word' id='word_1_18' title='bbox 2532 491 2628 547; x_wconf 87' lang='lat' dir='ltr'><strong>llic</strong></span> <span class='ocrx_word' id='word_1_19' title='bbox 2694 494 2833 547; x_wconf 86' lang='lat' dir='ltr'><strong>enim</strong></span> <span class='ocrx_word' id='word_1_20' title='bbox 2871 508 3009 562; x_wconf 66' lang='lat' dir='ltr'><strong>pnes</strong></span> <span class='ocrx_word' id='word_1_21' title='bbox 3044 495 3160 562; x_wconf 85' lang='lat' dir='ltr'><strong>ejus</strong></span> <span class='ocrx_word' id='word_1_22' title='bbox 3217 504 3457 564; x_wconf 75' lang='lat' dir='ltr'><strong>csterga</strong></span> 
     </span>
    </p>
   </div>
   <div class='ocr_carea' id='block_1_6' title="bbox 211 588 1776 661">
    <p class='ocr_par' dir='ltr' id='par_1_6' title="bbox 211 588 1776 661">
     <span class='ocr_line' id='line_1_6' title="bbox 211 588 1776 661; baseline 0 -20"><span class='ocrx_word' id='word_1_23' title='bbox 211 588 490 657; x_wconf 73' lang='grc' dir='ltr'>ἔρχεσθαι,</span> <span class='ocrx_word' id='word_1_24' title='bbox 537 590 629 641; x_wconf 71' lang='grc' dir='ltr'>καὶ</span> <span class='ocrx_word' id='word_1_25' title='bbox 672 591 701 641; x_wconf 99' lang='lat'><strong>6</strong></span> <span class='ocrx_word' id='word_1_26' title='bbox 741 589 998 659; x_wconf 76' lang='grc' dir='ltr'>άνάδοχος</span> <span class='ocrx_word' id='word_1_27' title='bbox 1033 591 1127 644; x_wconf 78' lang='grc' dir='ltr'><strong>σὺν</strong></span> <span class='ocrx_word' id='word_1_28' title='bbox 1153 591 1324 659; x_wconf 87' lang='grc' dir='ltr'>αύτῷ.</span> <span class='ocrx_word' id='word_1_29' title='bbox 1357 590 1528 653; x_wconf 76' lang='grc' dir='ltr'>Αὐτὸς</span> <span class='ocrx_word' id='word_1_30' title='bbox 1555 592 1662 661; x_wconf 70' lang='grc' dir='ltr'><strong>γὰρ</strong></span> <span class='ocrx_word' id='word_1_31' title='bbox 1682 591 1776 643; x_wconf 83' lang='grc' dir='ltr'>αύ-</span> 
     </span>
    </p>
   </div>
   <div class='ocr_carea' id='block_1_7' title="bbox 210 679 1779 752">
    <p class='ocr_par' dir='ltr' id='par_1_7' title="bbox 210 679 1779 752">
     <span class='ocr_line' id='line_1_7' title="bbox 210 679 1779 752; baseline 0 -22"><span class='ocrx_word' id='word_1_32' title='bbox 210 679 304 731; x_wconf 84' lang='grc' dir='ltr'><strong>τοῦ</strong></span> <span class='ocrx_word' id='word_1_33' title='bbox 326 680 602 748; x_wconf 76' lang='grc' dir='ltr'>ἐγγυητὴς</span> <span class='ocrx_word' id='word_1_34' title='bbox 631 680 710 743; x_wconf 76' lang='grc' dir='ltr'><strong>τίς</strong></span> <span class='ocrx_word' id='word_1_35' title='bbox 747 679 1001 750; x_wconf 78' lang='grc' dir='ltr'>Χριστὸν,</span> <span class='ocrx_word' id='word_1_36' title='bbox 1036 680 1175 735; x_wconf 74' lang='grc' dir='ltr'>ὥστε</span> <span class='ocrx_word' id='word_1_37' title='bbox 1209 684 1395 752; x_wconf 80' lang='grc' dir='ltr'>τηρεῖν</span> <span class='ocrx_word' id='word_1_38' title='bbox 1426 683 1494 734; x_wconf 84' lang='grc' dir='ltr'><strong>τά</strong></span> <span class='ocrx_word' id='word_1_39' title='bbox 1540 681 1640 747; x_wconf 74' lang='grc' dir='ltr'><strong>τῆς</strong></span> <span class='ocrx_word' id='word_1_40' title='bbox 1691 680 1779 731; x_wconf 78' lang='grc' dir='ltr'><strong>πί-</strong></span> 
     </span>
    </p>
   </div>
   <div class='ocr_carea' id='block_1_8' title="bbox 214 770 1774 841">
    <p class='ocr_par' dir='ltr' id='par_1_8' title="bbox 214 770 1774 841">
     <span class='ocr_line' id='line_1_8' title="bbox 214 770 1774 841; baseline 0.003 -20"><span class='ocrx_word' id='word_1_41' title='bbox 214 786 404 832; x_wconf 86' lang='grc' dir='ltr'>στεως,</span> <span class='ocrx_word' id='word_1_42' title='bbox 442 771 534 821; x_wconf 85' lang='grc' dir='ltr'>καὶ</span> <span class='ocrx_word' id='word_1_43' title='bbox 564 772 948 840; x_wconf 84' lang='grc' dir='ltr'>χριστιανικῷς</span> <span class='ocrx_word' id='word_1_44' title='bbox 979 772 1099 839; x_wconf 77' lang='grc' dir='ltr'>ζῇν,</span> <span class='ocrx_word' id='word_1_45' title='bbox 1127 773 1299 825; x_wconf 75' lang='grc' dir='ltr'>καὶτὸ</span> <span class='ocrx_word' id='word_1_46' title='bbox 1329 772 1501 841; x_wconf 80' lang='grc' dir='ltr'>ὄνομα</span> <span class='ocrx_word' id='word_1_47' title='bbox 1522 771 1575 824; x_wconf 69' lang='grc' dir='ltr'>δὲ</span> <span class='ocrx_word' id='word_1_48' title='bbox 1608 770 1774 841; x_wconf 76' lang='grc' dir='ltr'>δηλοῖ.</span> 
     </span>
    </p>
   </div>
   <div class='ocr_carea' id='block_1_9' title="bbox 222 857 1613 934">
    <p class='ocr_par' dir='ltr' id='par_1_9' title="bbox 222 857 1613 934">
     <span class='ocr_line' id='line_1_9' title="bbox 222 857 1613 934; baseline 0.003 -21"><span class='ocrx_word' id='word_1_49' title='bbox 222 860 508 930; x_wconf 80' lang='grc' dir='ltr'>Ἀνάδοχος</span> <span class='ocrx_word' id='word_1_50' title='bbox 556 863 686 931; x_wconf 67' lang='grc' dir='ltr'>γὰρ,</span> <span class='ocrx_word' id='word_1_51' title='bbox 725 862 805 923; x_wconf 75' lang='grc' dir='ltr'><strong>τίς</strong></span> <span class='ocrx_word' id='word_1_52' title='bbox 839 862 1032 915; x_wconf 74' lang='grc' dir='ltr'>ἑαυτὸν</span> <span class='ocrx_word' id='word_1_53' title='bbox 1060 859 1171 916; x_wconf 72' lang='grc' dir='ltr'>οἷον</span> <span class='ocrx_word' id='word_1_54' title='bbox 1200 857 1613 934; x_wconf 75' lang='grc' dir='ltr'>ἀναδεχόμενος.</span> 
     </span>
    </p>
   </div>
   <div class='ocr_carea' id='block_1_10' title="bbox 408 952 1195 1011">
    <p class='ocr_par' dir='ltr' id='par_1_10' title="bbox 408 952 1195 1011">
     <span class='ocr_line' id='line_1_10' title="bbox 408 952 1195 1011; baseline 0.008 -6"><span class='ocrx_word' id='word_1_55' title='bbox 408 983 414 988; x_wconf 88' lang='lat'><strong>-</strong></span> <span class='ocrx_word' id='word_1_56' title='bbox 793 952 1042 1008; x_wconf 67' lang='grc' dir='ltr'><strong>ΚΕΦΑΛ.</strong></span> <span class='ocrx_word' id='word_1_57' title='bbox 1078 953 1195 1011; x_wconf 86' lang='grc' dir='ltr'>ΞΒ’.</span> 
     </span>
    </p>
   </div>
   <div class='ocr_carea' id='block_1_11' title="bbox 210 1061 1781 1134">
    <p class='ocr_par' dir='ltr' id='par_1_11' title="bbox 210 1061 1781 1134">
     <span class='ocr_line' id='line_1_11' title="bbox 210 1061 1781 1134; baseline 0.001 -19"><span class='ocrx_word' id='word_1_58' title='bbox 210 1062 341 1116; x_wconf 85' lang='grc' dir='ltr'>ὀτι</span> <span class='ocrx_word' id='word_1_59' title='bbox 365 1062 478 1132; x_wconf 74' lang='grc' dir='ltr'><strong>χρὴ</strong></span> <span class='ocrx_word' id='word_1_60' title='bbox 507 1061 626 1134; x_wconf 64' lang='grc' dir='ltr'><strong>τὸν⁸</strong></span> <span class='ocrx_word' id='word_1_61' title='bbox 659 1062 966 1129; x_wconf 78' lang='grc' dir='ltr'><strong>ἀνάδοχον</strong></span> <span class='ocrx_word' id='word_1_62' title='bbox 995 1064 1102 1118; x_wconf 80' lang='grc' dir='ltr'><strong>τοῦ</strong></span> <span class='ocrx_word' id='word_1_63' title='bbox 1140 1063 1580 1133; x_wconf 77' lang='grc' dir='ltr'>,ϐαπτιζομένου</span> <span class='ocrx_word' id='word_1_64' title='bbox 1613 1064 1781 1134; x_wconf 84' lang='grc' dir='ltr'>ὀρθό-</span> 
     </span>
    </p>
   </div>
   <div class='ocr_carea' id='block_1_12' title="bbox 598 1131 1395 1202">
    <p class='ocr_par' dir='ltr' id='par_1_12' title="bbox 598 1131 1395 1202">
     <span class='ocr_line' id='line_1_12' title="bbox 598 1131 1395 1202; baseline 0.006 -18"><span class='ocrx_word' id='word_1_65' title='bbox 598 1131 783 1195; x_wconf 78' lang='grc' dir='ltr'>δοξογ</span> <span class='ocrx_word' id='word_1_66' title='bbox 816 1134 968 1186; x_wconf 78' lang='grc' dir='ltr'>εἶναι</span> <span class='ocrx_word' id='word_1_67' title='bbox 1016 1136 1109 1187; x_wconf 75' lang='grc' dir='ltr'>καὶ</span> <span class='ocrx_word' id='word_1_68' title='bbox 1143 1135 1395 1202; x_wconf 78' lang='grc' dir='ltr'>εὐσεϐῆ.</span> 
     </span>
    </p>
   </div>
   <div class='ocr_carea' id='block_1_13' title="bbox 287 1224 1780 1297">
    <p class='ocr_par' dir='ltr' id='par_1_13' title="bbox 287 1224 1780 1297">
     <span class='ocr_line' id='line_1_13' title="bbox 287 1224 1780 1297; baseline 0.001 -20"><span class='ocrx_word' id='word_1_69' title='bbox 287 1224 459 1277; x_wconf 85' lang='grc' dir='ltr'>Ἐνθα</span> <span class='ocrx_word' id='word_1_70' title='bbox 509 1227 572 1295; x_wconf 76' lang='grc' dir='ltr'>δὴ</span> <span class='ocrx_word' id='word_1_71' title='bbox 620 1228 713 1279; x_wconf 76' lang='grc' dir='ltr'>καὶ</span> <span class='ocrx_word' id='word_1_72' title='bbox 750 1227 1105 1296; x_wconf 71' lang='grc' dir='ltr'><strong>προσεκτέον,</strong></span> <span class='ocrx_word' id='word_1_73' title='bbox 1146 1228 1441 1297; x_wconf 81' lang='grc' dir='ltr'>ἀναδόχους</span> <span class='ocrx_word' id='word_1_74' title='bbox 1503 1225 1780 1281; x_wconf 81' lang='grc' dir='ltr'>ποιεῖσθαι</span> 
     </span>
    </p>
   </div>
   <div class='ocr_carea' id='block_1_14' title="bbox 214 1316 1778 1391">
    <p class='ocr_par' dir='ltr' id='par_1_14' title="bbox 214 1316 1778 1391">
     <span class='ocr_line' id='line_1_14' title="bbox 214 1316 1778 1391; baseline 0.003 -24"><span class='ocrx_word' id='word_1_75' title='bbox 214 1316 552 1380; x_wconf 72' lang='grc' dir='ltr'>φιλευσεϐεἰς</span> <span class='ocrx_word' id='word_1_76' title='bbox 614 1318 709 1371; x_wconf 74' lang='grc' dir='ltr'>καὶ</span> <span class='ocrx_word' id='word_1_77' title='bbox 756 1318 1107 1382; x_wconf 76' lang='grc' dir='ltr'><strong>διδασκάλους</strong></span> <span class='ocrx_word' id='word_1_78' title='bbox 1162 1321 1347 1391; x_wconf 75' lang='grc' dir='ltr'>σχεδὸν</span> <span class='ocrx_word' id='word_1_79' title='bbox 1394 1321 1490 1388; x_wconf 80' lang='grc' dir='ltr'>τῆς</span> <span class='ocrx_word' id='word_1_80' title='bbox 1526 1319 1778 1381; x_wconf 84' lang='grc' dir='ltr'>πίστεως.</span> 
     </span>
    </p>
   </div>
   <div class='ocr_carea' id='block_1_15' title="bbox 210 1406 1783 1479">
    <p class='ocr_par' dir='ltr' id='par_1_15' title="bbox 210 1406 1783 1479">
     <span class='ocr_line' id='line_1_15' title="bbox 210 1406 1783 1479; baseline 0.001 -22"><span class='ocrx_word' id='word_1_81' title='bbox 210 1406 357 1457; x_wconf 78' lang='grc' dir='ltr'>Ἀλλ’</span> <span class='ocrx_word' id='word_1_82' title='bbox 387 1408 508 1476; x_wconf 74' lang='grc' dir='ltr'><strong>ἐμοὶ</strong></span> <span class='ocrx_word' id='word_1_83' title='bbox 536 1408 801 1476; x_wconf 74' lang='grc' dir='ltr'>ηκουσται</span> <span class='ocrx_word' id='word_1_84' title='bbox 826 1408 946 1461; x_wconf 85' lang='grc' dir='ltr'>λίαν</span> <span class='ocrx_word' id='word_1_85' title='bbox 969 1409 1169 1463; x_wconf 84' lang='grc' dir='ltr'>άτοπον</span> <span class='ocrx_word' id='word_1_86' title='bbox 1196 1411 1287 1463; x_wconf 72' lang='grc' dir='ltr'>καὶ</span> <span class='ocrx_word' id='word_1_87' title='bbox 1319 1409 1479 1479; x_wconf 81' lang='grc' dir='ltr'>βαρύ.</span> <span class='ocrx_word' id='word_1_88' title='bbox 1514 1409 1653 1468; x_wconf 77' lang='grc' dir='ltr'>Τοὺς</span> <span class='ocrx_word' id='word_1_89' title='bbox 1676 1408 1783 1477; x_wconf 82' lang='grc' dir='ltr'>γὰρ</span> 
     </span>
    </p>
   </div>
   <div class='ocr_carea' id='block_1_16' title="bbox 216 1495 1784 1567">
    <p class='ocr_par' dir='ltr' id='par_1_16' title="bbox 216 1495 1784 1567">
     <span class='ocr_line' id='line_1_16' title="bbox 216 1495 1784 1567; baseline 0.005 -22"><span class='ocrx_word' id='word_1_90' title='bbox 216 1495 447 1557; x_wconf 81' lang='grc' dir='ltr'>διώκτας</span> <span class='ocrx_word' id='word_1_91' title='bbox 497 1501 592 1551; x_wconf 72' lang='grc' dir='ltr'><strong>καὶ</strong></span> <span class='ocrx_word' id='word_1_92' title='bbox 625 1499 885 1566; x_wconf 77' lang='grc' dir='ltr'>ὑϐριστάς</span> <span class='ocrx_word' id='word_1_93' title='bbox 923 1499 1023 1567; x_wconf 81' lang='grc' dir='ltr'>τῆς</span> <span class='ocrx_word' id='word_1_94' title='bbox 1079 1502 1336 1565; x_wconf 83' lang='grc' dir='ltr'>πίστεως,</span> <span class='ocrx_word' id='word_1_95' title='bbox 1366 1501 1559 1562; x_wconf 80' lang='grc' dir='ltr'><strong>ἀθέους</strong></span> <span class='ocrx_word' id='word_1_96' title='bbox 1598 1518 1656 1552; x_wconf 84' lang='grc' dir='ltr'><strong>τε</strong></span> <span class='ocrx_word' id='word_1_97' title='bbox 1691 1500 1784 1553; x_wconf 70' lang='grc' dir='ltr'>καὶ</span> 
     </span>
    </p>
   </div>
   <div class='ocr_carea' id='block_1_17' title="bbox 218 1589 1785 1661">
    <p class='ocr_par' dir='ltr' id='par_1_17' title="bbox 218 1589 1785 1661">
     <span class='ocr_line' id='line_1_17' title="bbox 218 1589 1785 1661; baseline 0.004 -22"><span class='ocrx_word' id='word_1_98' title='bbox 218 1589 553 1655; x_wconf 73' lang='grc' dir='ltr'>αἱρετικοὺς,</span> <span class='ocrx_word' id='word_1_99' title='bbox 579 1592 658 1653; x_wconf 84' lang='grc' dir='ltr'><strong>εἰς</strong></span> <span class='ocrx_word' id='word_1_100' title='bbox 690 1591 958 1661; x_wconf 81' lang='grc' dir='ltr'>άναδοχὴν</span> <span class='ocrx_word' id='word_1_101' title='bbox 984 1592 1149 1661; x_wconf 85' lang='grc' dir='ltr'>(οῐμοι</span> <span class='ocrx_word' id='word_1_102' title='bbox 1180 1594 1221 1660; x_wconf 90' lang='lat'><strong>!)</strong></span> <span class='ocrx_word' id='word_1_103' title='bbox 1240 1593 1348 1646; x_wconf 81' lang='grc' dir='ltr'><strong>τῶν</strong></span> <span class='ocrx_word' id='word_1_104' title='bbox 1376 1594 1579 1647; x_wconf 79' lang='grc' dir='ltr'>τέκνων</span> <span class='ocrx_word' id='word_1_105' title='bbox 1607 1591 1785 1647; x_wconf 87' lang='grc' dir='ltr'>αύτῶν</span> 
     </span>
    </p>
   </div>
   <div class='ocr_carea' id='block_1_18' title="bbox 213 1678 1785 1753">
    <p class='ocr_par' dir='ltr' id='par_1_18' title="bbox 213 1678 1785 1753">
     <span class='ocr_line' id='line_1_18' title="bbox 213 1678 1785 1753; baseline 0.003 -26"><span class='ocrx_word' id='word_1_106' title='bbox 213 1695 361 1739; x_wconf 78' lang='grc' dir='ltr'>τινες</span> <span class='ocrx_word' id='word_1_107' title='bbox 394 1678 481 1731; x_wconf 89' lang='grc' dir='ltr'><strong>διά</strong></span> <span class='ocrx_word' id='word_1_108' title='bbox 513 1697 564 1731; x_wconf 93' lang='grc' dir='ltr'><strong>τι</strong></span> <span class='ocrx_word' id='word_1_109' title='bbox 594 1680 1026 1748; x_wconf 80' lang='grc' dir='ltr'><strong>προσκαλοῦνται</strong></span> <span class='ocrx_word' id='word_1_110' title='bbox 1056 1682 1403 1753; x_wconf 79' lang='grc' dir='ltr'>ἀνθρώπινον</span> <span class='ocrx_word' id='word_1_111' title='bbox 1453 1682 1547 1734; x_wconf 76' lang='grc' dir='ltr'>καὶ</span> <span class='ocrx_word' id='word_1_112' title='bbox 1590 1681 1650 1733; x_wconf 71' lang='grc' dir='ltr'>τὸ</span> <span class='ocrx_word' id='word_1_113' title='bbox 1685 1698 1785 1749; x_wconf 75' lang='grc' dir='ltr'>μυο</span> 
     </span>
    </p>
   </div>
   <div class='ocr_carea' id='block_1_19' title="bbox 224 1766 1787 1840">
    <p class='ocr_par' dir='ltr' id='par_1_19' title="bbox 224 1766 1787 1840">
     <span class='ocr_line' id='line_1_19' title="bbox 224 1766 1787 1840; baseline 0 -17"><span class='ocrx_word' id='word_1_114' title='bbox 224 1770 448 1839; x_wconf 77' lang='grc' dir='ltr'>στήριον</span> <span class='ocrx_word' id='word_1_115' title='bbox 473 1771 754 1825; x_wconf 74' lang='grc' dir='ltr'><strong>ἀθετοῦσιν</strong></span> <span class='ocrx_word' id='word_1_116' title='bbox 788 1766 934 1828; x_wconf 68' lang='grc' dir='ltr'>οὗτοι</span> <span class='ocrx_word' id='word_1_117' title='bbox 956 1790 971 1805; x_wconf 85' lang='grc'><strong>·</strong></span> <span class='ocrx_word' id='word_1_118' title='bbox 1009 1775 1105 1827; x_wconf 69' lang='grc' dir='ltr'>καὶ</span> <span class='ocrx_word' id='word_1_119' title='bbox 1129 1776 1196 1827; x_wconf 76' lang='grc' dir='ltr'><strong>τά</strong></span> <span class='ocrx_word' id='word_1_120' title='bbox 1227 1773 1391 1827; x_wconf 77' lang='grc' dir='ltr'>τέκνα</span> <span class='ocrx_word' id='word_1_121' title='bbox 1423 1774 1483 1825; x_wconf 87' lang='grc' dir='ltr'><strong>ού</strong></span> <span class='ocrx_word' id='word_1_122' title='bbox 1522 1772 1787 1840; x_wconf 73' lang='grc' dir='ltr'>φωτίζου-</span> 
     </span>
    </p>
   </div>
   <div class='ocr_carea' id='block_1_20' title="bbox 226 1862 1786 1935">
    <p class='ocr_par' dir='ltr' id='par_1_20' title="bbox 226 1862 1786 1935">
     <span class='ocr_line' id='line_1_20' title="bbox 226 1862 1786 1935; baseline 0 -22"><span class='ocrx_word' id='word_1_123' title='bbox 226 1881 356 1923; x_wconf 78' lang='grc' dir='ltr'>σιν,</span> <span class='ocrx_word' id='word_1_124' title='bbox 412 1863 548 1916; x_wconf 77' lang='grc' dir='ltr'>ἀλλὰ</span> <span class='ocrx_word' id='word_1_125' title='bbox 614 1865 919 1923; x_wconf 71' lang='grc' dir='ltr'>σκοτίζουσι</span> <span class='ocrx_word' id='word_1_126' title='bbox 981 1865 1200 1935; x_wconf 79' lang='grc' dir='ltr'>μᾶλλον.</span> <span class='ocrx_word' id='word_1_127' title='bbox 1257 1865 1365 1918; x_wconf 75' lang='grc' dir='ltr'><strong>Καὶ</strong></span> <span class='ocrx_word' id='word_1_128' title='bbox 1415 1867 1442 1918; x_wconf 94' lang='lat'><strong>6</strong></span> <span class='ocrx_word' id='word_1_129' title='bbox 1494 1862 1786 1933; x_wconf 77' lang='grc' dir='ltr'><strong>ὑπουργῶν</strong></span> 
     </span>
    </p>
   </div>
   <div class='ocr_carea' id='block_1_21' title="bbox 223 1952 1785 2025">
    <p class='ocr_par' dir='ltr' id='par_1_21' title="bbox 223 1952 1785 2025">
     <span class='ocr_line' id='line_1_21' title="bbox 223 1952 1785 2025; baseline -0.01 -5"><span class='ocrx_word' id='word_1_130' title='bbox 223 1956 408 2022; x_wconf 74' lang='grc' dir='ltr'>ἱερεὺς</span> <span class='ocrx_word' id='word_1_131' title='bbox 467 1958 722 2019; x_wconf 76' lang='grc' dir='ltr'>κοινωνὸς</span> <span class='ocrx_word' id='word_1_132' title='bbox 778 1957 1056 2011; x_wconf 73' lang='grc' dir='ltr'><strong>δείκνυται</strong></span> <span class='ocrx_word' id='word_1_133' title='bbox 1114 1960 1226 2019; x_wconf 79' lang='grc' dir='ltr'>τοῖς</span> <span class='ocrx_word' id='word_1_134' title='bbox 1272 1954 1574 2025; x_wconf 72' lang='grc' dir='ltr'><strong>ἀλλοτρίοις</strong></span> <span class='ocrx_word' id='word_1_135' title='bbox 1628 1952 1785 2007; x_wconf 85' lang='grc' dir='ltr'>Θεοῦ.</span> 
     </span>
    </p>
   </div>
   <div class='ocr_carea' id='block_1_22' title="bbox 226 2045 1789 2119">
    <p class='ocr_par' dir='ltr' id='par_1_22' title="bbox 226 2045 1789 2119">
     <span class='ocr_line' id='line_1_22' title="bbox 226 2045 1789 2119; baseline 0.001 -24"><span class='ocrx_word' id='word_1_136' title='bbox 226 2046 337 2096; x_wconf 72' lang='grc' dir='ltr'><strong>Καὶ</strong></span> <span class='ocrx_word' id='word_1_137' title='bbox 370 2045 487 2109; x_wconf 85' lang='grc' dir='ltr'><strong>πῶς</strong></span> <span class='ocrx_word' id='word_1_138' title='bbox 515 2046 581 2099; x_wconf 81' lang='grc' dir='ltr'>ἂν</span> <span class='ocrx_word' id='word_1_139' title='bbox 629 2047 657 2099; x_wconf 90' lang='lat'><strong>6</strong></span> <span class='ocrx_word' id='word_1_140' title='bbox 713 2047 1050 2119; x_wconf 67' lang='grc' dir='ltr'>βλασφημῶν</span> <span class='ocrx_word' id='word_1_141' title='bbox 1077 2048 1156 2113; x_wconf 73' lang='grc' dir='ltr'><strong>τίς</strong></span> <span class='ocrx_word' id='word_1_142' title='bbox 1186 2048 1319 2101; x_wconf 73' lang='grc' dir='ltr'>Θεὸν</span> <span class='ocrx_word' id='word_1_143' title='bbox 1360 2047 1459 2117; x_wconf 70' lang='grc' dir='ltr'>τὴν</span> <span class='ocrx_word' id='word_1_144' title='bbox 1505 2046 1789 2100; x_wconf 68' lang='grc' dir='ltr'>εὐσέϐειαν</span> 
     </span>
    </p>
   </div>
   <div class='ocr_carea' id='block_1_23' title="bbox 225 2135 1785 2208">
    <p class='ocr_par' dir='ltr' id='par_1_23' title="bbox 225 2135 1785 2208">
     <span class='ocr_line' id='line_1_23' title="bbox 225 2135 1785 2208; baseline 0.01 -23"><span class='ocrx_word' id='word_1_145' title='bbox 225 2135 491 2200; x_wconf 82' lang='grc' dir='ltr'>ἑκδιδάξοι</span> <span class='ocrx_word' id='word_1_146' title='bbox 518 2154 531 2202; x_wconf 91' lang='grc'>;</span> <span class='ocrx_word' id='word_1_147' title='bbox 578 2138 737 2192; x_wconf 75' lang='grc' dir='ltr'>Ἀλλὰ</span> <span class='ocrx_word' id='word_1_148' title='bbox 770 2139 855 2203; x_wconf 86' lang='grc' dir='ltr'><strong>τίς</strong></span> <span class='ocrx_word' id='word_1_149' title='bbox 890 2140 1145 2194; x_wconf 78' lang='grc' dir='ltr'>κοινωνία</span> <span class='ocrx_word' id='word_1_150' title='bbox 1194 2138 1338 2208; x_wconf 74' lang='grc' dir='ltr'>φωτὶ</span> <span class='ocrx_word' id='word_1_151' title='bbox 1388 2138 1524 2207; x_wconf 78' lang='grc' dir='ltr'>πρὸς</span> <span class='ocrx_word' id='word_1_152' title='bbox 1557 2138 1743 2196; x_wconf 75' lang='grc' dir='ltr'>σκότος</span> <span class='ocrx_word' id='word_1_153' title='bbox 1770 2154 1785 2201; x_wconf 78' lang='grc' dir='ltr'>ς</span> 
     </span>
    </p>
   </div>
   <div class='ocr_carea' id='block_1_24' title="bbox 230 2226 1787 2300">
    <p class='ocr_par' dir='ltr' id='par_1_24' title="bbox 230 2226 1787 2300">
     <span class='ocr_line' id='line_1_24' title="bbox 230 2226 1787 2300; baseline 0.001 -21"><span class='ocrx_word' id='word_1_154' title='bbox 230 2226 304 2279; x_wconf 80' lang='grc' dir='ltr'><strong>Ἦ</strong></span> <span class='ocrx_word' id='word_1_155' title='bbox 337 2227 418 2288; x_wconf 81' lang='grc' dir='ltr'><strong>τίς</strong></span> <span class='ocrx_word' id='word_1_156' title='bbox 461 2230 617 2299; x_wconf 66' lang='grc' dir='ltr'>μερὶς</span> <span class='ocrx_word' id='word_1_157' title='bbox 649 2230 823 2299; x_wconf 80' lang='grc' dir='ltr'>πιστῷ</span> <span class='ocrx_word' id='word_1_158' title='bbox 876 2232 1012 2300; x_wconf 82' lang='grc' dir='ltr'>μετὰ</span> <span class='ocrx_word' id='word_1_159' title='bbox 1047 2231 1298 2293; x_wconf 77' lang='grc' dir='ltr'>ἀπίστου,</span> <span class='ocrx_word' id='word_1_160' title='bbox 1330 2229 1402 2292; x_wconf 83' lang='grc' dir='ltr'><strong>ὡς</strong></span> <span class='ocrx_word' id='word_1_161' title='bbox 1438 2230 1787 2298; x_wconf 80' lang='grc' dir='ltr'>γέγραπται;</span> 
     </span>
    </p>
   </div>
   <div class='ocr_carea' id='block_1_25' title="bbox 231 2318 1791 2390">
    <p class='ocr_par' dir='ltr' id='par_1_25' title="bbox 231 2318 1791 2390">
     <span class='ocr_line' id='line_1_25' title="bbox 231 2318 1791 2390; baseline 0.001 -21"><span class='ocrx_word' id='word_1_162' title='bbox 231 2318 295 2369; x_wconf 83' lang='grc'><strong>⁸0</strong></span> <span class='ocrx_word' id='word_1_163' title='bbox 336 2319 404 2371; x_wconf 84' lang='grc' dir='ltr'><strong>τά</strong></span> <span class='ocrx_word' id='word_1_164' title='bbox 456 2319 680 2373; x_wconf 89' lang='grc' dir='ltr'>τοιαῦτα</span> <span class='ocrx_word' id='word_1_165' title='bbox 718 2322 887 2374; x_wconf 85' lang='grc' dir='ltr'>ποιῶν</span> <span class='ocrx_word' id='word_1_166' title='bbox 942 2322 1300 2390; x_wconf 79' lang='grc' dir='ltr'>κατάκριτος·</span> <span class='ocrx_word' id='word_1_167' title='bbox 1353 2324 1446 2375; x_wconf 72' lang='grc' dir='ltr'>καὶ</span> <span class='ocrx_word' id='word_1_168' title='bbox 1505 2323 1534 2374; x_wconf 94' lang='lat'><strong>6</strong></span> <span class='ocrx_word' id='word_1_169' title='bbox 1581 2320 1649 2374; x_wconf 83' lang='grc' dir='ltr'><strong>τά</strong></span> <span class='ocrx_word' id='word_1_170' title='bbox 1681 2318 1791 2372; x_wconf 85' lang='grc' dir='ltr'><strong>τῶν</strong></span> 
     </span>
    </p>
   </div>
   <div class='ocr_carea' id='block_1_26' title="bbox 222 2407 1789 2481">
    <p class='ocr_par' dir='ltr' id='par_1_26' title="bbox 222 2407 1789 2481">
     <span class='ocr_line' id='line_1_26' title="bbox 222 2407 1789 2481; baseline 0.001 -20"><span class='ocrx_word' id='word_1_171' title='bbox 222 2407 442 2461; x_wconf 73' lang='grc' dir='ltr'>ἀσεϐῶν</span> <span class='ocrx_word' id='word_1_172' title='bbox 490 2410 777 2478; x_wconf 82' lang='grc' dir='ltr'>δεχόμενος</span> <span class='ocrx_word' id='word_1_173' title='bbox 843 2411 1042 2481; x_wconf 73' lang='grc' dir='ltr'>βρέφη,</span> <span class='ocrx_word' id='word_1_174' title='bbox 1093 2414 1141 2464; x_wconf 90' lang='grc' dir='ltr'><strong>εί</strong></span> <span class='ocrx_word' id='word_1_175' title='bbox 1202 2415 1275 2481; x_wconf 76' lang='grc' dir='ltr'>μὴ</span> <span class='ocrx_word' id='word_1_176' title='bbox 1318 2412 1578 2479; x_wconf 80' lang='grc' dir='ltr'>πρότερον</span> <span class='ocrx_word' id='word_1_177' title='bbox 1627 2410 1789 2465; x_wconf 87' lang='grc' dir='ltr'>καθο-</span> 
     </span>
    </p>
   </div>
   <div class='ocr_carea' id='block_1_27' title="bbox 228 2499 1786 2571">
    <p class='ocr_par' dir='ltr' id='par_1_27' title="bbox 228 2499 1786 2571">
     <span class='ocr_line' id='line_1_27' title="bbox 228 2499 1786 2571; baseline 0.003 -20"><span class='ocrx_word' id='word_1_178' title='bbox 228 2499 605 2568; x_wconf 83' lang='grc' dir='ltr'>μολογήσωσιν</span> <span class='ocrx_word' id='word_1_179' title='bbox 628 2501 770 2554; x_wconf 87' lang='grc' dir='ltr'>οῦτοι</span> <span class='ocrx_word' id='word_1_180' title='bbox 791 2502 943 2568; x_wconf 77' lang='grc' dir='ltr'>ἅγιον</span> <span class='ocrx_word' id='word_1_181' title='bbox 960 2499 1099 2556; x_wconf 76' lang='grc' dir='ltr'>εἶναι</span> <span class='ocrx_word' id='word_1_182' title='bbox 1118 2503 1211 2555; x_wconf 81' lang='grc' dir='ltr'>καὶ</span> <span class='ocrx_word' id='word_1_183' title='bbox 1238 2504 1380 2555; x_wconf 83' lang='grc' dir='ltr'>θεῖον</span> <span class='ocrx_word' id='word_1_184' title='bbox 1393 2504 1453 2555; x_wconf 80' lang='grc' dir='ltr'>τὸ</span> <span class='ocrx_word' id='word_1_185' title='bbox 1483 2502 1786 2571; x_wconf 78' lang='grc' dir='ltr'>βάπτισμα,</span> 
     </span>
    </p>
   </div>
   <div class='ocr_carea' id='block_1_28' title="bbox 227 2593 1789 2664">
    <p class='ocr_par' dir='ltr' id='par_1_28' title="bbox 227 2593 1789 2664">
     <span class='ocr_line' id='line_1_28' title="bbox 227 2593 1789 2664; baseline 0.001 -21"><span class='ocrx_word' id='word_1_186' title='bbox 227 2593 321 2644; x_wconf 74' lang='grc' dir='ltr'>καὶ</span> <span class='ocrx_word' id='word_1_187' title='bbox 361 2594 635 2663; x_wconf 80' lang='grc' dir='ltr'>ἁμαρτίας</span> <span class='ocrx_word' id='word_1_188' title='bbox 675 2594 1043 2664; x_wconf 70' lang='grc' dir='ltr'>καθαρτικὸν,</span> <span class='ocrx_word' id='word_1_189' title='bbox 1232 2595 1324 2647; x_wconf 72' lang='grc' dir='ltr'><strong>καὶ</strong></span> <span class='ocrx_word' id='word_1_190' title='bbox 1368 2593 1676 2660; x_wconf 55' lang='grc' dir='ltr'>ἀνῆεννῶν</span> <span class='ocrx_word' id='word_1_191' title='bbox 1732 2594 1789 2645; x_wconf 81' lang='grc' dir='ltr'>ὲν</span> 
     </span>
    </p>
   </div>
   <div class='ocr_carea' id='block_1_29' title="bbox 226 2680 1791 2755">
    <p class='ocr_par' dir='ltr' id='par_1_29' title="bbox 226 2680 1791 2755">
     <span class='ocr_line' id='line_1_29' title="bbox 226 2680 1791 2755; baseline 0.003 -22"><span class='ocrx_word' id='word_1_192' title='bbox 226 2682 473 2752; x_wconf 82' lang='grc' dir='ltr'>Χριστῷ,</span> <span class='ocrx_word' id='word_1_193' title='bbox 504 2684 945 2752; x_wconf 69' lang='grc' dir='ltr'>καὶΧριστιανὸν</span> <span class='ocrx_word' id='word_1_194' title='bbox 991 2680 1131 2737; x_wconf 77' lang='grc' dir='ltr'>εἶναι</span> <span class='ocrx_word' id='word_1_195' title='bbox 1168 2687 1258 2737; x_wconf 67' lang='grc' dir='ltr'><strong>τὸν</strong></span> <span class='ocrx_word' id='word_1_196' title='bbox 1301 2684 1458 2738; x_wconf 83' lang='grc' dir='ltr'>τοῦτο</span> <span class='ocrx_word' id='word_1_197' title='bbox 1504 2685 1791 2755; x_wconf 78' lang='grc' dir='ltr'>δεχόμενον</span> 
     </span>
    </p>
   </div>
   <div class='ocr_carea' id='block_1_30' title="bbox 227 2773 1794 2846">
    <p class='ocr_par' dir='ltr' id='par_1_30' title="bbox 227 2773 1794 2846">
     <span class='ocr_line' id='line_1_30' title="bbox 227 2773 1794 2846; baseline 0.003 -21"><span class='ocrx_word' id='word_1_198' title='bbox 227 2774 300 2841; x_wconf 83' lang='grc' dir='ltr'><strong>(εί</strong></span> <span class='ocrx_word' id='word_1_199' title='bbox 332 2774 441 2843; x_wconf 74' lang='grc' dir='ltr'><strong>γάρ</strong></span> <span class='ocrx_word' id='word_1_200' title='bbox 476 2773 633 2826; x_wconf 84' lang='grc' dir='ltr'>τοῦτο</span> <span class='ocrx_word' id='word_1_201' title='bbox 655 2814 669 2836; x_wconf 92' lang='grc'><strong>,</strong></span> <span class='ocrx_word' id='word_1_202' title='bbox 724 2775 753 2826; x_wconf 91' lang='lat'><strong>6</strong></span> <span class='ocrx_word' id='word_1_203' title='bbox 790 2775 888 2843; x_wconf 82' lang='grc' dir='ltr'>μὲν</span> <span class='ocrx_word' id='word_1_204' title='bbox 939 2776 1021 2828; x_wconf 79' lang='grc' dir='ltr'>ὅτι</span> <span class='ocrx_word' id='word_1_205' title='bbox 1074 2775 1263 2829; x_wconf 76' lang='grc' dir='ltr'>πιστὸν</span> <span class='ocrx_word' id='word_1_206' title='bbox 1319 2775 1470 2828; x_wconf 74' lang='grc' dir='ltr'>ἔσται</span> <span class='ocrx_word' id='word_1_207' title='bbox 1499 2776 1558 2828; x_wconf 85' lang='grc' dir='ltr'>τὸ</span> <span class='ocrx_word' id='word_1_208' title='bbox 1592 2776 1794 2846; x_wconf 77' lang='grc' dir='ltr'>βρέφος</span> 
     </span>
    </p>
   </div>
   <div class='ocr_carea' id='block_1_31' title="bbox 226 2871 1794 2943">
    <p class='ocr_par' dir='ltr' id='par_1_31' title="bbox 226 2871 1794 2943">
     <span class='ocr_line' id='line_1_31' title="bbox 226 2871 1794 2943; baseline 0.003 -22"><span class='ocrx_word' id='word_1_209' title='bbox 226 2871 555 2940; x_wconf 69' lang='grc' dir='ltr'>ὁμολογήσει</span> <span class='ocrx_word' id='word_1_210' title='bbox 581 2913 595 2936; x_wconf 87' lang='grc'><strong>,</strong></span> <span class='ocrx_word' id='word_1_211' title='bbox 629 2872 787 2934; x_wconf 79' lang='grc' dir='ltr'>αὐτὸς</span> <span class='ocrx_word' id='word_1_212' title='bbox 819 2873 874 2924; x_wconf 76' lang='grc' dir='ltr'><strong>δι</strong></span> <span class='ocrx_word' id='word_1_213' title='bbox 909 2873 1014 2926; x_wconf 79' lang='grc' dir='ltr'>ὑπὸ</span> <span class='ocrx_word' id='word_1_214' title='bbox 1064 2872 1231 2940; x_wconf 67' lang='grc' dir='ltr'>φόϐου</span> <span class='ocrx_word' id='word_1_215' title='bbox 1278 2874 1420 2935; x_wconf 72' lang='grc' dir='ltr'>τινος</span> <span class='ocrx_word' id='word_1_216' title='bbox 1452 2872 1794 2943; x_wconf 79' lang='grc' dir='ltr'>ὑποκρύπτε-</span> 
     </span>
    </p>
   </div>
   <div class='ocr_carea' id='block_1_32' title="bbox 228 2960 1793 3035">
    <p class='ocr_par' dir='ltr' id='par_1_32' title="bbox 228 2960 1793 3035">
     <span class='ocr_line' id='line_1_32' title="bbox 228 2960 1793 3035; baseline 0.001 -23"><span class='ocrx_word' id='word_1_217' title='bbox 228 2960 369 3029; x_wconf 81' lang='grc' dir='ltr'>ται),</span> <span class='ocrx_word' id='word_1_218' title='bbox 402 2961 566 3015; x_wconf 75' lang='grc' dir='ltr'>καλὸν</span> <span class='ocrx_word' id='word_1_219' title='bbox 595 2961 848 3029; x_wconf 81' lang='grc' dir='ltr'>δέχεσθαι</span> <span class='ocrx_word' id='word_1_220' title='bbox 904 2965 1000 3015; x_wconf 71' lang='grc' dir='ltr'>καὶ</span> <span class='ocrx_word' id='word_1_221' title='bbox 1052 2962 1298 3030; x_wconf 75' lang='grc' dir='ltr'>ἁγιάζειν</span> <span class='ocrx_word' id='word_1_222' title='bbox 1324 2964 1385 3015; x_wconf 82' lang='grc' dir='ltr'>τὸ</span> <span class='ocrx_word' id='word_1_223' title='bbox 1433 2962 1652 3035; x_wconf 58' lang='grc' dir='ltr'>βρέφκς,</span> <span class='ocrx_word' id='word_1_224' title='bbox 1692 2962 1793 3032; x_wconf 77' lang='grc' dir='ltr'><strong>μή·</strong></span> 
     </span>
    </p>
   </div>
   <div class='ocr_carea' id='block_1_33' title="bbox 232 3050 1795 3123">
    <p class='ocr_par' dir='ltr' id='par_1_33' title="bbox 232 3050 1795 3123">
     <span class='ocr_line' id='line_1_33' title="bbox 232 3050 1795 3123; baseline 0.001 -19"><span class='ocrx_word' id='word_1_225' title='bbox 232 3068 364 3104; x_wconf 80' lang='grc' dir='ltr'>ποτε</span> <span class='ocrx_word' id='word_1_226' title='bbox 416 3050 513 3105; x_wconf 69' lang='grc' dir='ltr'>καὶ</span> <span class='ocrx_word' id='word_1_227' title='bbox 554 3052 794 3122; x_wconf 71' lang='grc' dir='ltr'>ληφθείη</span> <span class='ocrx_word' id='word_1_228' title='bbox 842 3053 984 3105; x_wconf 79' lang='grc' dir='ltr'>οὕτω</span> <span class='ocrx_word' id='word_1_229' title='bbox 1037 3054 1186 3123; x_wconf 78' lang='grc' dir='ltr'>παρὰ</span> <span class='ocrx_word' id='word_1_230' title='bbox 1229 3054 1385 3108; x_wconf 81' lang='grc' dir='ltr'>Θεοῦ.</span> <span class='ocrx_word' id='word_1_231' title='bbox 1423 3055 1671 3108; x_wconf 81' lang='grc' dir='ltr'>ἰσταται</span> <span class='ocrx_word' id='word_1_232' title='bbox 1704 3054 1795 3106; x_wconf 76' lang='grc' dir='ltr'><strong>οῦν</strong></span> 
     </span>
    </p>
   </div>
   <div class='ocr_carea' id='block_1_34' title="bbox 236 3142 1865 3234">
    <p class='ocr_par' dir='ltr' id='par_1_34' title="bbox 236 3142 1865 3234">
     <span class='ocr_line' id='line_1_34' title="bbox 236 3142 1865 3234; baseline -0.001 -37"><span class='ocrx_word' id='word_1_233' title='bbox 236 3146 337 3197; x_wconf 73' lang='grc' dir='ltr'>σὺν</span> <span class='ocrx_word' id='word_1_234' title='bbox 361 3145 436 3213; x_wconf 86' lang='grc' dir='ltr'><strong>τῷ</strong></span> <span class='ocrx_word' id='word_1_235' title='bbox 469 3145 713 3213; x_wconf 80' lang='grc' dir='ltr'>άναδόχῳ</span> <span class='ocrx_word' id='word_1_236' title='bbox 744 3144 770 3195; x_wconf 89' lang='lat'><strong>6</strong></span> <span class='ocrx_word' id='word_1_237' title='bbox 811 3142 1228 3214; x_wconf 74' lang='grc' dir='ltr'>βαπτιζόμενος,</span> <span class='ocrx_word' id='word_1_238' title='bbox 1263 3144 1498 3207; x_wconf 81' lang='grc' dir='ltr'>δεικνὺς,</span> <span class='ocrx_word' id='word_1_239' title='bbox 1536 3145 1616 3197; x_wconf 75' lang='grc' dir='ltr'>ὅτι</span> <span class='ocrx_word' id='word_1_240' title='bbox 1643 3146 1793 3196; x_wconf 79' lang='grc' dir='ltr'>ἐκου-</span> <span class='ocrx_word' id='word_1_241' title='bbox 1824 3177 1865 3234; x_wconf 75' lang='lat' dir='ltr'>c</span> 
     </span>
    </p>
   </div>
   <div class='ocr_carea' id='block_1_35' title="bbox 234 3232 1795 3304">
    <p class='ocr_par' dir='ltr' id='par_1_35' title="bbox 234 3232 1795 3304">
     <span class='ocr_line' id='line_1_35' title="bbox 234 3232 1795 3304; baseline 0 -17"><span class='ocrx_word' id='word_1_242' title='bbox 234 3239 369 3297; x_wconf 78' lang='grc' dir='ltr'>σίως</span> <span class='ocrx_word' id='word_1_243' title='bbox 408 3234 704 3304; x_wconf 79' lang='grc' dir='ltr'>προσῆλθε,</span> <span class='ocrx_word' id='word_1_244' title='bbox 751 3235 845 3286; x_wconf 66' lang='grc' dir='ltr'>καὶ</span> <span class='ocrx_word' id='word_1_245' title='bbox 892 3234 983 3286; x_wconf 78' lang='grc' dir='ltr'>τὸν</span> <span class='ocrx_word' id='word_1_246' title='bbox 1035 3232 1379 3302; x_wconf 75' lang='grc' dir='ltr'>ὲγγυώμενον</span> <span class='ocrx_word' id='word_1_247' title='bbox 1410 3235 1541 3303; x_wconf 74' lang='grc' dir='ltr'>ἔχει.</span> <span class='ocrx_word' id='word_1_248' title='bbox 1566 3237 1672 3286; x_wconf 77' lang='grc' dir='ltr'><strong>Καὶ</strong></span> <span class='ocrx_word' id='word_1_249' title='bbox 1705 3234 1795 3287; x_wconf 85' lang='grc' dir='ltr'><strong>τοῦ</strong></span> 
     </span>
    </p>
   </div>
   <div class='ocr_carea' id='block_1_36' title="bbox 235 3324 1800 3397">
    <p class='ocr_par' dir='ltr' id='par_1_36' title="bbox 235 3324 1800 3397">
     <span class='ocr_line' id='line_1_36' title="bbox 235 3324 1800 3397; baseline -0.003 -17"><span class='ocrx_word' id='word_1_250' title='bbox 235 3329 427 3397; x_wconf 74' lang='grc' dir='ltr'>ἱερέως</span> <span class='ocrx_word' id='word_1_251' title='bbox 457 3328 873 3393; x_wconf 85' lang='grc' dir='ltr'>εὐλογήσαντος,</span> <span class='ocrx_word' id='word_1_252' title='bbox 921 3325 1265 3394; x_wconf 81' lang='grc' dir='ltr'>εὐχαριστεῖν</span> <span class='ocrx_word' id='word_1_253' title='bbox 1302 3326 1381 3377; x_wconf 85' lang='grc' dir='ltr'>δεῖ</span> <span class='ocrx_word' id='word_1_254' title='bbox 1412 3324 1469 3388; x_wconf 76' lang='grc' dir='ltr'><strong>ἐξ</strong></span> <span class='ocrx_word' id='word_1_255' title='bbox 1504 3325 1677 3393; x_wconf 76' lang='grc' dir='ltr'><strong>ἀρχῆς</strong></span> <span class='ocrx_word' id='word_1_256' title='bbox 1709 3326 1800 3376; x_wconf 78' lang='grc' dir='ltr'>καὶ</span> 
     </span>
    </p>
   </div>
   <div class='ocr_carea' id='block_1_37' title="bbox 232 3414 1797 3485">
    <p class='ocr_par' dir='ltr' id='par_1_37' title="bbox 232 3414 1797 3485">
     <span class='ocr_line' id='line_1_37' title="bbox 232 3414 1797 3485; baseline -0.004 -14"><span class='ocrx_word' id='word_1_257' title='bbox 232 3421 472 3471; x_wconf 75' lang='grc' dir='ltr'>πάντοτε</span> <span class='ocrx_word' id='word_1_258' title='bbox 500 3417 576 3485; x_wconf 85' lang='grc' dir='ltr'><strong>τῷ</strong></span> <span class='ocrx_word' id='word_1_259' title='bbox 616 3416 733 3484; x_wconf 77' lang='grc' dir='ltr'>Θεῷ</span> <span class='ocrx_word' id='word_1_260' title='bbox 769 3418 859 3467; x_wconf 74' lang='grc' dir='ltr'><strong>ἐπὶ</strong></span> <span class='ocrx_word' id='word_1_261' title='bbox 909 3419 975 3485; x_wconf 81' lang='grc' dir='ltr'>τῇ</span> <span class='ocrx_word' id='word_1_262' title='bbox 1028 3415 1119 3467; x_wconf 85' lang='grc' dir='ltr'><strong>τοῦ</strong></span> <span class='ocrx_word' id='word_1_263' title='bbox 1157 3415 1496 3475; x_wconf 76' lang='grc' dir='ltr'>ἀπολωλότος</span> <span class='ocrx_word' id='word_1_264' title='bbox 1534 3414 1797 3483; x_wconf 66' lang='grc' dir='ltr'>σωτηρτᾳ,</span> 
     </span>
    </p>
   </div>
   <div class='ocr_carea' id='block_1_38' title="bbox 232 3505 1802 3577">
    <p class='ocr_par' dir='ltr' id='par_1_38' title="bbox 232 3505 1802 3577">
     <span class='ocr_line' id='line_1_38' title="bbox 232 3505 1802 3577; baseline -0.004 -15"><span class='ocrx_word' id='word_1_265' title='bbox 232 3511 397 3571; x_wconf 76' lang='grc' dir='ltr'>εὐθὺς</span> <span class='ocrx_word' id='word_1_266' title='bbox 426 3508 621 3577; x_wconf 81' lang='grc' dir='ltr'>γυμνῷ</span> <span class='ocrx_word' id='word_1_267' title='bbox 663 3507 775 3560; x_wconf 83' lang='grc' dir='ltr'>δντι</span> <span class='ocrx_word' id='word_1_268' title='bbox 806 3506 899 3559; x_wconf 82' lang='grc' dir='ltr'>καὶ</span> <span class='ocrx_word' id='word_1_269' title='bbox 938 3505 1369 3574; x_wconf 82' lang='grc' dir='ltr'>ἀπερικαλύπτῳ</span> <span class='ocrx_word' id='word_1_270' title='bbox 1410 3506 1547 3573; x_wconf 71' lang='grc' dir='ltr'>μετὰ</span> <span class='ocrx_word' id='word_1_271' title='bbox 1581 3505 1802 3573; x_wconf 83' lang='grc' dir='ltr'>περιϐο-</span> 
     </span>
    </p>
   </div>
   <div class='ocr_carea' id='block_1_39' title="bbox 233 3596 1801 3667">
    <p class='ocr_par' dir='ltr' id='par_1_39' title="bbox 233 3596 1801 3667">
     <span class='ocr_line' id='line_1_39' title="bbox 233 3596 1801 3667; baseline -0.001 -16"><span class='ocrx_word' id='word_1_272' title='bbox 233 3600 387 3653; x_wconf 68' lang='grc' dir='ltr'>λαίου</span> <span class='ocrx_word' id='word_1_273' title='bbox 440 3601 620 3667; x_wconf 86' lang='grc' dir='ltr'>μόνου,</span> <span class='ocrx_word' id='word_1_274' title='bbox 664 3599 885 3667; x_wconf 76' lang='grc' dir='ltr'>ὲμφυσᾷ</span> <span class='ocrx_word' id='word_1_275' title='bbox 914 3596 991 3667; x_wconf 88' lang='grc' dir='ltr'><strong>τῷ</strong></span> <span class='ocrx_word' id='word_1_276' title='bbox 1013 3597 1407 3666; x_wconf 80' lang='grc' dir='ltr'>κατηχουμένῳ</span> <span class='ocrx_word' id='word_1_277' title='bbox 1445 3598 1801 3666; x_wconf 76' lang='grc' dir='ltr'>σταυροειδῶς</span> 
     </span>
    </p>
   </div>
   <div class='ocr_carea' id='block_1_40' title="bbox 234 3686 1803 3761">
    <p class='ocr_par' dir='ltr' id='par_1_40' title="bbox 234 3686 1803 3761">
     <span class='ocr_line' id='line_1_40' title="bbox 234 3686 1803 3761; baseline -0.004 -18"><span class='ocrx_word' id='word_1_278' title='bbox 234 3692 421 3761; x_wconf 76' lang='grc' dir='ltr'>τρίτον</span> <span class='ocrx_word' id='word_1_279' title='bbox 445 3692 472 3743; x_wconf 93' lang='lat'><strong>6</strong></span> <span class='ocrx_word' id='word_1_280' title='bbox 506 3689 707 3758; x_wconf 75' lang='grc' dir='ltr'>ἱερεύς.</span> <span class='ocrx_word' id='word_1_281' title='bbox 744 3689 852 3741; x_wconf 80' lang='grc' dir='ltr'><strong>Καὶ</strong></span> <span class='ocrx_word' id='word_1_282' title='bbox 889 3687 977 3739; x_wconf 78' lang='grc' dir='ltr'>διὰ</span> <span class='ocrx_word' id='word_1_283' title='bbox 1017 3688 1117 3756; x_wconf 84' lang='grc' dir='ltr'>μὲν</span> <span class='ocrx_word' id='word_1_284' title='bbox 1146 3686 1238 3739; x_wconf 87' lang='grc' dir='ltr'><strong>τοῦ</strong></span> <span class='ocrx_word' id='word_1_285' title='bbox 1282 3688 1673 3755; x_wconf 80' lang='grc' dir='ltr'>ἑμφυσήματος</span> <span class='ocrx_word' id='word_1_286' title='bbox 1708 3688 1803 3755; x_wconf 69' lang='grc' dir='ltr'>τὴν</span> 
     </span>
    </p>
   </div>
   <div class='ocr_carea' id='block_1_41' title="bbox 236 3773 1803 3848">
    <p class='ocr_par' dir='ltr' id='par_1_41' title="bbox 236 3773 1803 3848">
     <span class='ocr_line' id='line_1_41' title="bbox 236 3773 1803 3848; baseline -0.004 -15"><span class='ocrx_word' id='word_1_287' title='bbox 236 3785 296 3833; x_wconf 83' lang='grc' dir='ltr'>ὲν</span> <span class='ocrx_word' id='word_1_288' title='bbox 328 3780 405 3848; x_wconf 89' lang='grc' dir='ltr'><strong>τῷ</strong></span> <span class='ocrx_word' id='word_1_289' title='bbox 448 3780 619 3848; x_wconf 79' lang='grc' dir='ltr'>Ἀδάμ</span> <span class='ocrx_word' id='word_1_290' title='bbox 648 3778 869 3847; x_wconf 77' lang='grc' dir='ltr'>πρώτην</span> <span class='ocrx_word' id='word_1_291' title='bbox 909 3777 1123 3845; x_wconf 74' lang='grc' dir='ltr'>ἐκείνην</span> <span class='ocrx_word' id='word_1_292' title='bbox 1181 3773 1477 3843; x_wconf 78' lang='grc' dir='ltr'>ἔμπνευσιν</span> <span class='ocrx_word' id='word_1_293' title='bbox 1520 3774 1803 3838; x_wconf 74' lang='grc' dir='ltr'>ἀναζωπυ-</span> 
     </span>
    </p>
   </div>
   <div class='ocr_carea' id='block_1_42' title="bbox 242 3865 1805 3942">
    <p class='ocr_par' dir='ltr' id='par_1_42' title="bbox 242 3865 1805 3942">
     <span class='ocr_line' id='line_1_42' title="bbox 242 3865 1805 3942; baseline -0.006 -18"><span class='ocrx_word' id='word_1_294' title='bbox 242 3874 347 3942; x_wconf 77' lang='grc' dir='ltr'>ρεῖ,</span> <span class='ocrx_word' id='word_1_295' title='bbox 391 3872 530 3933; x_wconf 75' lang='grc' dir='ltr'>ἐπεὶ,</span> <span class='ocrx_word' id='word_1_296' title='bbox 561 3889 578 3920; x_wconf 83' lang='grc' dir='ltr'><strong>ι</strong></span> <span class='ocrx_word' id='word_1_297' title='bbox 614 3871 705 3921; x_wconf 78' lang='grc' dir='ltr'>καὶ</span> <span class='ocrx_word' id='word_1_298' title='bbox 740 3869 1068 3936; x_wconf 67' lang='grc' dir='ltr'>ἐνεφύσησεν</span> <span class='ocrx_word' id='word_1_299' title='bbox 1099 3867 1176 3928; x_wconf 88' lang='grc' dir='ltr'><strong>είς</strong></span> <span class='ocrx_word' id='word_1_300' title='bbox 1207 3867 1266 3919; x_wconf 74' lang='grc' dir='ltr'>τὸ</span> <span class='ocrx_word' id='word_1_301' title='bbox 1292 3865 1587 3935; x_wconf 85' lang='grc' dir='ltr'>πρόσωπον</span> <span class='ocrx_word' id='word_1_302' title='bbox 1621 3865 1805 3931; x_wconf 72' lang='grc' dir='ltr'>αὐτοῦ,</span> 
     </span>
    </p>
   </div>
   <div class='ocr_carea' id='block_1_43' title="bbox 242 3958 1807 4033">
    <p class='ocr_par' dir='ltr' id='par_1_43' title="bbox 242 3958 1807 4033">
     <span class='ocr_line' id='line_1_43' title="bbox 242 3958 1807 4033; baseline -0.003 -18"><span class='ocrx_word' id='word_1_303' title='bbox 242 3967 403 4033; x_wconf 71' lang='grc' dir='ltr'>φησὶ,</span> <span class='ocrx_word' id='word_1_304' title='bbox 434 3962 602 4029; x_wconf 78' lang='grc' dir='ltr'>πνοὴν</span> <span class='ocrx_word' id='word_1_305' title='bbox 653 3960 817 4026; x_wconf 77' lang='grc' dir='ltr'>ζωῆς.</span> <span class='ocrx_word' id='word_1_306' title='bbox 869 3977 886 4009; x_wconf 76' lang='grc' dir='ltr'><strong>ι</strong></span> <span class='ocrx_word' id='word_1_307' title='bbox 930 3958 1031 4011; x_wconf 74' lang='grc' dir='ltr'><strong>Καὶ</strong></span> <span class='ocrx_word' id='word_1_308' title='bbox 1082 3960 1110 4011; x_wconf 97' lang='lat'><strong>6</strong></span> <span class='ocrx_word' id='word_1_309' title='bbox 1150 3958 1328 4027; x_wconf 71' lang='grc' dir='ltr'>ἱερεὺς</span> <span class='ocrx_word' id='word_1_310' title='bbox 1372 3958 1426 4010; x_wconf 74' lang='grc' dir='ltr'>δὲ</span> <span class='ocrx_word' id='word_1_311' title='bbox 1458 3958 1689 4027; x_wconf 78' lang='grc' dir='ltr'>Χριστὸν</span> <span class='ocrx_word' id='word_1_312' title='bbox 1718 3958 1807 4011; x_wconf 70' lang='grc' dir='ltr'><strong>τὸν</strong></span> 
     </span>
    </p>
   </div>
   <div class='ocr_carea' id='block_1_44' title="bbox 239 4052 1808 4122">
    <p class='ocr_par' dir='ltr' id='par_1_44' title="bbox 239 4052 1808 4122">
     <span class='ocr_line' id='line_1_44' title="bbox 239 4052 1808 4122; baseline -0.005 -9"><span class='ocrx_word' id='word_1_313' title='bbox 239 4064 378 4115; x_wconf 68' lang='grc' dir='ltr'>Θεὸν</span> <span class='ocrx_word' id='word_1_314' title='bbox 406 4061 584 4113; x_wconf 79' lang='grc' dir='ltr'>τυποῖ.</span> <span class='ocrx_word' id='word_1_315' title='bbox 638 4056 801 4108; x_wconf 80' lang='grc' dir='ltr'>Ὅθεν</span> <span class='ocrx_word' id='word_1_316' title='bbox 853 4054 947 4106; x_wconf 73' lang='grc' dir='ltr'>καὶ</span> <span class='ocrx_word' id='word_1_317' title='bbox 1004 4052 1166 4105; x_wconf 80' lang='grc' dir='ltr'>καλὸν</span> <span class='ocrx_word' id='word_1_318' title='bbox 1199 4056 1336 4121; x_wconf 74' lang='grc' dir='ltr'>μετὰ</span> <span class='ocrx_word' id='word_1_319' title='bbox 1381 4054 1479 4122; x_wconf 85' lang='grc' dir='ltr'>τὴν</span> <span class='ocrx_word' id='word_1_320' title='bbox 1526 4054 1808 4105; x_wconf 80' lang='grc' dir='ltr'>κοινωνίαν</span> 
     </span>
    </p>
   </div>
   <div class='ocr_carea' id='block_1_45' title="bbox 240 4144 1812 4222">
    <p class='ocr_par' dir='ltr' id='par_1_45' title="bbox 240 4144 1812 4222">
     <span class='ocr_line' id='line_1_45' title="bbox 240 4144 1812 4222; baseline -0.008 -16"><span class='ocrx_word' id='word_1_321' title='bbox 240 4151 482 4222; x_wconf 81' lang='grc' dir='ltr'>Χριστοῦ</span> <span class='ocrx_word' id='word_1_322' title='bbox 516 4147 799 4218; x_wconf 76' lang='grc' dir='ltr'>βαπτίζειν</span> <span class='ocrx_word' id='word_1_323' title='bbox 849 4163 907 4197; x_wconf 85' lang='grc' dir='ltr'><strong>τε</strong></span> <span class='ocrx_word' id='word_1_324' title='bbox 957 4147 1049 4197; x_wconf 65' lang='grc' dir='ltr'><strong>καὶ</strong></span> <span class='ocrx_word' id='word_1_325' title='bbox 1086 4145 1369 4212; x_wconf 82' lang='grc' dir='ltr'>ὲμπνέειν.</span> <span class='ocrx_word' id='word_1_326' title='bbox 1405 4144 1599 4212; x_wconf 76' lang='grc' dir='ltr'>Τρίτον</span> <span class='ocrx_word' id='word_1_327' title='bbox 1628 4145 1682 4197; x_wconf 73' lang='grc' dir='ltr'>δὲ</span> <span class='ocrx_word' id='word_1_328' title='bbox 1716 4147 1812 4212; x_wconf 85' lang='grc' dir='ltr'><strong>ὲμ-</strong></span> 
     </span>
    </p>
   </div>
   <div class='ocr_carea' id='block_1_46' title="bbox 242 4233 1809 4310">
    <p class='ocr_par' dir='ltr' id='par_1_46' title="bbox 242 4233 1809 4310">
     <span class='ocr_line' id='line_1_46' title="bbox 242 4233 1809 4310; baseline -0.008 -16"><span class='ocrx_word' id='word_1_329' title='bbox 242 4244 394 4310; x_wconf 56' lang='lat' dir='ltr'><strong>quasi</strong></span> <span class='ocrx_word' id='word_1_330' title='bbox 421 4240 509 4293; x_wconf 76' lang='grc' dir='ltr'><strong>διὰ</strong></span> <span class='ocrx_word' id='word_1_331' title='bbox 554 4238 649 4307; x_wconf 78' lang='grc' dir='ltr'>τὴν</span> <span class='ocrx_word' id='word_1_332' title='bbox 680 4235 902 4305; x_wconf 86' lang='grc' dir='ltr'>Τριάδα,</span> <span class='ocrx_word' id='word_1_333' title='bbox 939 4236 1021 4287; x_wconf 84' lang='grc' dir='ltr'>ὅτι</span> <span class='ocrx_word' id='word_1_334' title='bbox 1064 4233 1218 4302; x_wconf 81' lang='grc' dir='ltr'>κοινὴ</span> <span class='ocrx_word' id='word_1_335' title='bbox 1251 4234 1347 4301; x_wconf 82' lang='grc' dir='ltr'>τῆς</span> <span class='ocrx_word' id='word_1_336' title='bbox 1382 4234 1615 4302; x_wconf 85' lang='grc' dir='ltr'>Τριάδος</span> <span class='ocrx_word' id='word_1_337' title='bbox 1662 4233 1809 4286; x_wconf 66' lang='grc' dir='ltr'>ἐστὶν</span> 
     </span>
    </p>
   </div>
   <div class='ocr_carea' id='block_1_47' title="bbox 242 4322 1812 4398">
    <p class='ocr_par' dir='ltr' id='par_1_47' title="bbox 242 4322 1812 4398">
     <span class='ocr_line' id='line_1_47' title="bbox 242 4322 1812 4398; baseline -0.006 -15"><span class='ocrx_word' id='word_1_338' title='bbox 242 4332 279 4398; x_wconf 75' lang='grc' dir='ltr'>ἠ</span> <span class='ocrx_word' id='word_1_339' title='bbox 330 4329 487 4398; x_wconf 77' lang='grc' dir='ltr'>χάρις</span> <span class='ocrx_word' id='word_1_340' title='bbox 540 4325 702 4394; x_wconf 70' lang='grc' dir='ltr'>καὶὴ</span> <span class='ocrx_word' id='word_1_341' title='bbox 753 4324 1024 4390; x_wconf 74' lang='grc' dir='ltr'>ἐνέργεια.</span> <span class='ocrx_word' id='word_1_342' title='bbox 1080 4322 1447 4390; x_wconf 85' lang='grc' dir='ltr'>Σταυροειδῶς</span> <span class='ocrx_word' id='word_1_343' title='bbox 1499 4322 1552 4374; x_wconf 79' lang='grc' dir='ltr'>δὲ</span> <span class='ocrx_word' id='word_1_344' title='bbox 1602 4322 1689 4374; x_wconf 79' lang='grc' dir='ltr'><strong>διὰ</strong></span> <span class='ocrx_word' id='word_1_345' title='bbox 1723 4323 1812 4374; x_wconf 71' lang='grc' dir='ltr'><strong>τὸν</strong></span> 
     </span>
    </p>
   </div>
   <div class='ocr_carea' id='block_1_48' title="bbox 246 4413 1813 4487">
    <p class='ocr_par' dir='ltr' id='par_1_48' title="bbox 246 4413 1813 4487">
     <span class='ocr_line' id='line_1_48' title="bbox 246 4413 1813 4487; baseline -0.009 -13"><span class='ocrx_word' id='word_1_346' title='bbox 246 4418 599 4487; x_wconf 83' lang='grc' dir='ltr'>σαρκωθέντα</span> <span class='ocrx_word' id='word_1_347' title='bbox 657 4415 796 4484; x_wconf 77' lang='grc' dir='ltr'>ὑπὲρ</span> <span class='ocrx_word' id='word_1_348' title='bbox 829 4413 1008 4483; x_wconf 79' lang='grc' dir='ltr'>ἡμῶν,</span> <span class='ocrx_word' id='word_1_349' title='bbox 1066 4414 1158 4465; x_wconf 68' lang='grc' dir='ltr'>καὶ</span> <span class='ocrx_word' id='word_1_350' title='bbox 1207 4413 1446 4465; x_wconf 84' lang='grc' dir='ltr'>παθόντα</span> <span class='ocrx_word' id='word_1_351' title='bbox 1502 4413 1665 4483; x_wconf 61' lang='grc' dir='ltr'><strong>σαρκὶ¹</strong></span> <span class='ocrx_word' id='word_1_352' title='bbox 1716 4414 1813 4482; x_wconf 82' lang='grc' dir='ltr'>τῆς</span> 
     </span>
    </p>
   </div>
   <div class='ocr_carea' id='block_1_49' title="bbox 1884 583 3461 657">
    <p class='ocr_par' dir='ltr' id='par_1_49' title="bbox 1884 583 3461 657">
     <span class='ocr_line' id='line_1_49' title="bbox 1884 583 3461 657; baseline -0.003 -14"><span class='ocrx_word' id='word_1_353' title='bbox 1884 588 2187 651; x_wconf 81' lang='lat' dir='ltr'><strong>Christum,</strong></span> <span class='ocrx_word' id='word_1_354' title='bbox 2223 588 2294 640; x_wconf 89' lang='lat' dir='ltr'><strong>ita</strong></span> <span class='ocrx_word' id='word_1_355' title='bbox 2334 596 2391 639; x_wconf 92' lang='lat' dir='ltr'><strong>ttt</strong></span> <span class='ocrx_word' id='word_1_356' title='bbox 2420 583 2598 639; x_wconf 87' lang='lat' dir='ltr'><strong>ﬁdent.</strong></span> <span class='ocrx_word' id='word_1_357' title='bbox 2623 595 2805 639; x_wconf 85' lang='lat' dir='ltr'><strong>servet</strong></span> <span class='ocrx_word' id='word_1_358' title='bbox 2834 594 2887 637; x_wconf 86' lang='lat' dir='ltr'><strong>et</strong></span> <span class='ocrx_word' id='word_1_359' title='bbox 2916 584 3228 639; x_wconf 89' lang='lat' dir='ltr'><strong>Christiane</strong></span> <span class='ocrx_word' id='word_1_360' title='bbox 3277 586 3461 657; x_wconf 75' lang='lat' dir='ltr'><strong>vivat;</strong></span> 
     </span>
    </p>
   </div>
   <div class='ocr_carea' id='block_1_50' title="bbox 1885 666 3465 749">
    <p class='ocr_par' dir='ltr' id='par_1_50' title="bbox 1885 666 3465 749">
     <span class='ocr_line' id='line_1_50' title="bbox 1885 666 3465 749; baseline -0.001 -17"><span class='ocrx_word' id='word_1_361' title='bbox 1885 679 2028 749; x_wconf 90' lang='lat' dir='ltr'><strong>quod</strong></span> <span class='ocrx_word' id='word_1_362' title='bbox 2067 681 2243 748; x_wconf 89' lang='lat' dir='ltr'><strong>ipsum</strong></span> <span class='ocrx_word' id='word_1_363' title='bbox 2280 666 2487 732; x_wconf 78' lang='lat' dir='ltr'><strong>nomen</strong></span> <span class='ocrx_word' id='word_1_364' title='bbox 2530 676 2790 739; x_wconf 87' lang='lat' dir='ltr'><strong>ostendit,</strong></span> <span class='ocrx_word' id='word_1_365' title='bbox 2815 690 3042 744; x_wconf 92' lang='lat' dir='ltr'><strong>sponsor</strong></span> <span class='ocrx_word' id='word_1_366' title='bbox 3065 678 3207 729; x_wconf 89' lang='lat' dir='ltr'><strong>enim</strong></span> <span class='ocrx_word' id='word_1_367' title='bbox 3240 678 3465 731; x_wconf 72' lang='lat' dir='ltr'><strong>vocatur</strong></span> 
     </span>
    </p>
   </div>
   <div class='ocr_carea' id='block_1_51' title="bbox 1886 767 3410 844">
    <p class='ocr_par' dir='ltr' id='par_1_51' title="bbox 1886 767 3410 844">
     <span class='ocr_line' id='line_1_51' title="bbox 1886 767 3410 844; baseline -0.001 -23"><span class='ocrx_word' id='word_1_368' title='bbox 1886 768 2359 838; x_wconf 83' lang='lat' dir='ltr'><strong>quoniam‘aliqno</strong></span> <span class='ocrx_word' id='word_1_369' title='bbox 2396 767 2556 821; x_wconf 83' lang='lat' dir='ltr'><strong>modo</strong></span> <span class='ocrx_word' id='word_1_370' title='bbox 2597 768 2710 835; x_wconf 82' lang='lat' dir='ltr'><strong>ipse</strong></span> <span class='ocrx_word' id='word_1_371' title='bbox 2742 782 2838 835; x_wconf 90' lang='lat' dir='ltr'><strong>pro</strong></span> <span class='ocrx_word' id='word_1_372' title='bbox 2864 782 2928 821; x_wconf 87' lang='lat' dir='ltr'><strong>eo</strong></span> <span class='ocrx_word' id='word_1_373' title='bbox 2958 769 3209 836; x_wconf 85' lang='lat' dir='ltr'><strong>spondet.</strong></span> <span class='ocrx_word' id='word_1_374' title='bbox 3393 785 3410 844; x_wconf 35' lang='grc' dir='ltr'><strong>λ·</strong></span> 
     </span>
    </p>
   </div>
   <div class='ocr_carea' id='block_1_52' title="bbox 2458 942 2868 1000">
    <p class='ocr_par' dir='ltr' id='par_1_52' title="bbox 2458 942 2868 1000">
     <span class='ocr_line' id='line_1_52' title="bbox 2458 942 2868 1000; baseline 0 -2"><span class='ocrx_word' id='word_1_375' title='bbox 2458 942 2683 1000; x_wconf 59' lang='lat' dir='ltr'><strong>CAPUT</strong></span> <span class='ocrx_word' id='word_1_376' title='bbox 2716 943 2868 999; x_wconf 75' lang='lat' dir='ltr'><strong>LXII.</strong></span> 
     </span>
    </p>
   </div>
   <div class='ocr_carea' id='block_1_53' title="bbox 1890 1058 3462 1131">
    <p class='ocr_par' dir='ltr' id='par_1_53' title="bbox 1890 1058 3462 1131">
     <span class='ocr_line' id='line_1_53' title="bbox 1890 1058 3462 1131; baseline 0 -17"><span class='ocrx_word' id='word_1_377' title='bbox 1890 1058 2253 1129; x_wconf 75' lang='lat' dir='ltr'><strong>Susceptorcm</strong></span> <span class='ocrx_word' id='word_1_378' title='bbox 2292 1062 2593 1131; x_wconf 77' lang='lat' dir='ltr'><strong>baptizandi</strong></span> <span class='ocrx_word' id='word_1_379' title='bbox 2614 1070 2750 1114; x_wconf 82' lang='lat' dir='ltr'><strong>recte</strong></span> <span class='ocrx_word' id='word_1_380' title='bbox 2780 1062 2842 1112; x_wconf 80' lang='lat' dir='ltr'><strong>de</strong></span> <span class='ocrx_word' id='word_1_381' title='bbox 2888 1061 2990 1126; x_wconf 79' lang='lat' dir='ltr'><strong>ﬁde</strong></span> <span class='ocrx_word' id='word_1_382' title='bbox 3038 1063 3340 1115; x_wconf 73' lang='lat' dir='ltr'><strong>sentientem</strong></span> <span class='ocrx_word' id='word_1_383' title='bbox 3412 1074 3462 1115; x_wconf 77' lang='lat' dir='ltr'><strong>et</strong></span> 
     </span>
    </p>
   </div>
   <div class='ocr_carea' id='block_1_54' title="bbox 2411 1131 2949 1199">
    <p class='ocr_par' dir='ltr' id='par_1_54' title="bbox 2411 1131 2949 1199">
     <span class='ocr_line' id='line_1_54' title="bbox 2411 1131 2949 1199; baseline -0.004 -14"><span class='ocrx_word' id='word_1_384' title='bbox 2411 1135 2551 1199; x_wconf 84' lang='lat' dir='ltr'><strong>pium</strong></span> <span class='ocrx_word' id='word_1_385' title='bbox 2585 1147 2694 1185; x_wconf 82' lang='lat' dir='ltr'><strong>esse</strong></span> <span class='ocrx_word' id='word_1_386' title='bbox 2750 1131 2949 1185; x_wconf 81' lang='lat' dir='ltr'><strong>debere.</strong></span> 
     </span>
    </p>
   </div>
   <div class='ocr_carea' id='block_1_55' title="bbox 1960 1222 3463 1292">
    <p class='ocr_par' dir='ltr' id='par_1_55' title="bbox 1960 1222 3463 1292">
     <span class='ocr_line' id='line_1_55' title="bbox 1960 1222 3463 1292; baseline -0.004 -13"><span class='ocrx_word' id='word_1_387' title='bbox 1960 1223 2111 1279; x_wconf 84' lang='lat' dir='ltr'><strong>Unde</strong></span> <span class='ocrx_word' id='word_1_388' title='bbox 2154 1223 2539 1278; x_wconf 88' lang='lat' dir='ltr'><strong>attendendum</strong></span> <span class='ocrx_word' id='word_1_389' title='bbox 2598 1235 2677 1277; x_wconf 89' lang='lat' dir='ltr'><strong>est</strong></span> <span class='ocrx_word' id='word_1_390' title='bbox 2725 1237 3017 1292; x_wconf 85' lang='lat' dir='ltr'><strong>sponsores</strong></span> <span class='ocrx_word' id='word_1_391' title='bbox 3072 1222 3185 1275; x_wconf 83' lang='lat' dir='ltr'><strong>ﬁeri</strong></span> <span class='ocrx_word' id='word_1_392' title='bbox 3248 1223 3463 1290; x_wconf 69' lang='lat' dir='ltr'><strong>pietatis</strong></span> 
     </span>
    </p>
   </div>
   <div class='ocr_carea' id='block_1_56' title="bbox 1887 1306 3468 1383">
    <p class='ocr_par' dir='ltr' id='par_1_56' title="bbox 1887 1306 3468 1383">
     <span class='ocr_line' id='line_1_56' title="bbox 1887 1306 3468 1383; baseline -0.003 -13"><span class='ocrx_word' id='word_1_393' title='bbox 1887 1317 2092 1370; x_wconf 81' lang='lat' dir='ltr'><strong>a-nicos</strong></span> <span class='ocrx_word' id='word_1_394' title='bbox 2124 1306 2177 1369; x_wconf 90' lang='lat' dir='ltr'><strong>et</strong></span> <span class='ocrx_word' id='word_1_395' title='bbox 2207 1314 2374 1369; x_wconf 89' lang='lat' dir='ltr'><strong>simul</strong></span> <span class='ocrx_word' id='word_1_396' title='bbox 2414 1314 2534 1367; x_wconf 88' lang='lat' dir='ltr'><strong>ﬁdei</strong></span> <span class='ocrx_word' id='word_1_397' title='bbox 2585 1314 2853 1367; x_wconf 83' lang='lat' dir='ltr'><strong>doctores.</strong></span> <span class='ocrx_word' id='word_1_398' title='bbox 2892 1314 2958 1367; x_wconf 80' lang='lat' dir='ltr'><strong>At</strong></span> <span class='ocrx_word' id='word_1_399' title='bbox 2996 1328 3095 1383; x_wconf 81' lang='lat' dir='ltr'><strong>ego</strong></span> <span class='ocrx_word' id='word_1_400' title='bbox 3124 1313 3301 1367; x_wconf 90' lang='lat' dir='ltr'><strong>audivi</strong></span> <span class='ocrx_word' id='word_1_401' title='bbox 3356 1328 3468 1366; x_wconf 89' lang='lat' dir='ltr'><strong>rem</strong></span> 
     </span>
    </p>
   </div>
   <div class='ocr_carea' id='block_1_57' title="bbox 1885 1404 3469 1472">
    <p class='ocr_par' dir='ltr' id='par_1_57' title="bbox 1885 1404 3469 1472">
     <span class='ocr_line' id='line_1_57' title="bbox 1885 1404 3469 1472; baseline -0.004 -13"><span class='ocrx_word' id='word_1_402' title='bbox 1885 1405 2047 1459; x_wconf 89' lang='lat' dir='ltr'><strong>nimis</strong></span> <span class='ocrx_word' id='word_1_403' title='bbox 2074 1406 2332 1459; x_wconf 82' lang='lat' dir='ltr'><strong>absonam</strong></span> <span class='ocrx_word' id='word_1_404' title='bbox 2378 1404 2714 1470; x_wconf 90' lang='lat' dir='ltr'><strong>nimiumque</strong></span> <span class='ocrx_word' id='word_1_405' title='bbox 2745 1418 2958 1472; x_wconf 81' lang='lat' dir='ltr'><strong>gravem</strong></span> <span class='ocrx_word' id='word_1_406' title='bbox 2988 1420 3000 1455; x_wconf 89' lang='lat'><strong>:</strong></span> <span class='ocrx_word' id='word_1_407' title='bbox 3042 1418 3162 1455; x_wconf 88' lang='lat' dir='ltr'><strong>nam</strong></span> <span class='ocrx_word' id='word_1_408' title='bbox 3208 1417 3469 1471; x_wconf 87' lang='lat' dir='ltr'><strong>persecu-</strong></span> 
     </span>
    </p>
   </div>
   <div class='ocr_carea' id='block_1_58' title="bbox 1886 1493 3469 1555">
    <p class='ocr_par' dir='ltr' id='par_1_58' title="bbox 1886 1493 3469 1555">
     <span class='ocr_line' id='line_1_58' title="bbox 1886 1493 3469 1555; baseline -0.005 -1"><span class='ocrx_word' id='word_1_409' title='bbox 1886 1507 2031 1554; x_wconf 89' lang='lat' dir='ltr'><strong>tores</strong></span> <span class='ocrx_word' id='word_1_410' title='bbox 2060 1506 2112 1549; x_wconf 91' lang='lat' dir='ltr'><strong>et</strong></span> <span class='ocrx_word' id='word_1_411' title='bbox 2142 1496 2537 1550; x_wconf 84' lang='lat' dir='ltr'><strong>conviciatores</strong></span> <span class='ocrx_word' id='word_1_412' title='bbox 2568 1495 2714 1555; x_wconf 87' lang='lat' dir='ltr'><strong>ﬁdei,</strong></span> <span class='ocrx_word' id='word_1_413' title='bbox 2752 1494 2939 1547; x_wconf 89' lang='lat' dir='ltr'><strong>atheos</strong></span> <span class='ocrx_word' id='word_1_414' title='bbox 2971 1493 3133 1546; x_wconf 81' lang='lat' dir='ltr'><strong>etiam</strong></span> <span class='ocrx_word' id='word_1_415' title='bbox 3161 1508 3224 1547; x_wconf 86' lang='lat' dir='ltr'><strong>ac</strong></span> <span class='ocrx_word' id='word_1_416' title='bbox 3252 1493 3469 1546; x_wconf 67' lang='lat' dir='ltr'><strong>lucreti-</strong></span> 
     </span>
    </p>
   </div>
   <div class='ocr_carea' id='block_1_59' title="bbox 1887 1585 3464 1656">
    <p class='ocr_par' dir='ltr' id='par_1_59' title="bbox 1887 1585 3464 1656">
     <span class='ocr_line' id='line_1_59' title="bbox 1887 1585 3464 1656; baseline -0.004 -13"><span class='ocrx_word' id='word_1_417' title='bbox 1887 1604 1980 1644; x_wconf 89' lang='lat' dir='ltr'><strong>cos</strong></span> <span class='ocrx_word' id='word_1_418' title='bbox 2005 1588 2069 1642; x_wconf 88' lang='lat' dir='ltr'><strong>ad</strong></span> <span class='ocrx_word' id='word_1_419' title='bbox 2094 1588 2493 1656; x_wconf 83' lang='lat' dir='ltr'><strong>spondendum,</strong></span> <span class='ocrx_word' id='word_1_420' title='bbox 2515 1587 2652 1641; x_wconf 83' lang='lat' dir='ltr'><strong>heu!</strong></span> <span class='ocrx_word' id='word_1_421' title='bbox 2685 1601 2782 1656; x_wconf 92' lang='lat' dir='ltr'><strong>pro</strong></span> <span class='ocrx_word' id='word_1_422' title='bbox 2802 1588 2915 1640; x_wconf 83' lang='lat' dir='ltr'><strong>suis</strong></span> <span class='ocrx_word' id='word_1_423' title='bbox 2935 1586 3119 1653; x_wconf 86' lang='lat' dir='ltr'><strong>pueris</strong></span> <span class='ocrx_word' id='word_1_424' title='bbox 3142 1585 3464 1652; x_wconf 83' lang='lat' dir='ltr'><strong>cujusquam</strong></span> 
     </span>
    </p>
   </div>
   <div class='ocr_carea' id='block_1_60' title="bbox 1888 1675 3462 1748">
    <p class='ocr_par' dir='ltr' id='par_1_60' title="bbox 1888 1675 3462 1748">
     <span class='ocr_line' id='line_1_60' title="bbox 1888 1675 3462 1748; baseline -0.004 -13"><span class='ocrx_word' id='word_1_425' title='bbox 1888 1679 2112 1735; x_wconf 88' lang='lat' dir='ltr'><strong>humani</strong></span> <span class='ocrx_word' id='word_1_426' title='bbox 2141 1680 2412 1734; x_wconf 85' lang='lat' dir='ltr'><strong>commodi</strong></span> <span class='ocrx_word' id='word_1_427' title='bbox 2443 1678 2611 1748; x_wconf 79' lang='lat' dir='ltr'><strong>gratia</strong></span> <span class='ocrx_word' id='word_1_428' title='bbox 2641 1678 2856 1748; x_wconf 87' lang='lat' dir='ltr'><strong>quidam</strong></span> <span class='ocrx_word' id='word_1_429' title='bbox 2888 1678 3192 1732; x_wconf 82' lang='lat' dir='ltr'><strong>advocant!</strong></span> <span class='ocrx_word' id='word_1_430' title='bbox 3220 1675 3283 1730; x_wconf 87' lang='lat' dir='ltr'><strong>Hi</strong></span> <span class='ocrx_word' id='word_1_431' title='bbox 3316 1692 3462 1745; x_wconf 86' lang='lat' dir='ltr'><strong>mys-</strong></span> 
     </span>
    </p>
   </div>
   <div class='ocr_carea' id='block_1_61' title="bbox 1890 1767 3469 1837">
    <p class='ocr_par' dir='ltr' id='par_1_61' title="bbox 1890 1767 3469 1837">
     <span class='ocr_line' id='line_1_61' title="bbox 1890 1767 3469 1837; baseline -0.004 -12"><span class='ocrx_word' id='word_1_432' title='bbox 1890 1770 2089 1825; x_wconf 87' lang='lat' dir='ltr'><strong>terium</strong></span> <span class='ocrx_word' id='word_1_433' title='bbox 2125 1780 2528 1836; x_wconf 77' lang='lat' dir='ltr'><strong>aspernantur,</strong></span> <span class='ocrx_word' id='word_1_434' title='bbox 2573 1768 2709 1822; x_wconf 89' lang='lat' dir='ltr'><strong>ﬁlios</strong></span> <span class='ocrx_word' id='word_1_435' title='bbox 2768 1784 2874 1822; x_wconf 93' lang='lat' dir='ltr'><strong>non</strong></span> <span class='ocrx_word' id='word_1_436' title='bbox 2936 1770 3053 1822; x_wconf 82' lang='lat' dir='ltr'><strong>lure</strong></span> <span class='ocrx_word' id='word_1_437' title='bbox 3113 1767 3469 1837; x_wconf 84' lang='lat' dir='ltr'><strong>perfundunt,</strong></span> 
     </span>
    </p>
   </div>
   <div class='ocr_carea' id='block_1_62' title="bbox 1888 1858 3466 1930">
    <p class='ocr_par' dir='ltr' id='par_1_62' title="bbox 1888 1858 3466 1930">
     <span class='ocr_line' id='line_1_62' title="bbox 1888 1858 3466 1930; baseline -0.003 -15"><span class='ocrx_word' id='word_1_438' title='bbox 1888 1861 1980 1916; x_wconf 88' lang='lat' dir='ltr'><strong>sed</strong></span> <span class='ocrx_word' id='word_1_439' title='bbox 2029 1861 2200 1930; x_wconf 80' lang='lat' dir='ltr'><strong>magis</strong></span> <span class='ocrx_word' id='word_1_440' title='bbox 2237 1859 2474 1914; x_wconf 90' lang='lat' dir='ltr'><strong>tenebris</strong></span> <span class='ocrx_word' id='word_1_441' title='bbox 2515 1858 2817 1921; x_wconf 82' lang='lat' dir='ltr'><strong>involvunt,</strong></span> <span class='ocrx_word' id='word_1_442' title='bbox 2845 1867 2898 1913; x_wconf 91' lang='lat' dir='ltr'><strong>et</strong></span> <span class='ocrx_word' id='word_1_443' title='bbox 2931 1860 3251 1913; x_wconf 85' lang='lat' dir='ltr'><strong>ministrans</strong></span> <span class='ocrx_word' id='word_1_444' title='bbox 3288 1874 3466 1913; x_wconf 90' lang='lat' dir='ltr'><strong>sacer-</strong></span> 
     </span>
    </p>
   </div>
   <div class='ocr_carea' id='block_1_63' title="bbox 1887 1948 3475 2007">
    <p class='ocr_par' dir='ltr' id='par_1_63' title="bbox 1887 1948 3475 2007">
     <span class='ocr_line' id='line_1_63' title="bbox 1887 1948 3475 2007; baseline -0.003 -2"><span class='ocrx_word' id='word_1_445' title='bbox 1887 1952 1986 2005; x_wconf 82' lang='lat' dir='ltr'><strong>dos</strong></span> <span class='ocrx_word' id='word_1_446' title='bbox 2015 1951 2255 2007; x_wconf 85' lang='lat' dir='ltr'><strong>inimicis</strong></span> <span class='ocrx_word' id='word_1_447' title='bbox 2295 1951 2386 2005; x_wconf 86' lang='lat' dir='ltr'><strong>Dei</strong></span> <span class='ocrx_word' id='word_1_448' title='bbox 2423 1966 2481 2005; x_wconf 89' lang='lat' dir='ltr'><strong>se</strong></span> <span class='ocrx_word' id='word_1_449' title='bbox 2531 1950 2939 2005; x_wconf 89' lang='lat' dir='ltr'><strong>communicare</strong></span> <span class='ocrx_word' id='word_1_450' title='bbox 2994 1949 3351 2004; x_wconf 83' lang='lat' dir='ltr'><strong>demonstrat.</strong></span> <span class='ocrx_word' id='word_1_451' title='bbox 3408 1948 3475 2002; x_wconf 82' lang='lat' dir='ltr'><strong>Et</strong></span> 
     </span>
    </p>
   </div>
   <div class='ocr_carea' id='block_1_64' title="bbox 1889 2037 3475 2113">
    <p class='ocr_par' dir='ltr' id='par_1_64' title="bbox 1889 2037 3475 2113">
     <span class='ocr_line' id='line_1_64' title="bbox 1889 2037 3475 2113; baseline 0 -20"><span class='ocrx_word' id='word_1_452' title='bbox 1889 2042 2166 2113; x_wconf 87' lang='lat' dir='ltr'><strong>quomodo</strong></span> <span class='ocrx_word' id='word_1_453' title='bbox 2216 2042 2600 2111; x_wconf 84' lang='lat' dir='ltr'><strong>blasphemans</strong></span> <span class='ocrx_word' id='word_1_454' title='bbox 2623 2041 2873 2109; x_wconf 86' lang='lat' dir='ltr'><strong>pietatem</strong></span> <span class='ocrx_word' id='word_1_455' title='bbox 2899 2056 3025 2109; x_wconf 77' lang='lat' dir='ltr'><strong>erga</strong></span> <span class='ocrx_word' id='word_1_456' title='bbox 3064 2037 3233 2095; x_wconf 88' lang='lat' dir='ltr'><strong>Deum</strong></span> <span class='ocrx_word' id='word_1_457' title='bbox 3279 2040 3475 2093; x_wconf 88' lang='lat' dir='ltr'><strong>edoce-</strong></span> 
     </span>
    </p>
   </div>
   <div class='ocr_carea' id='block_1_65' title="bbox 1890 2131 3477 2203">
    <p class='ocr_par' dir='ltr' id='par_1_65' title="bbox 1890 2131 3477 2203">
     <span class='ocr_line' id='line_1_65' title="bbox 1890 2131 3477 2203; baseline -0.004 -14"><span class='ocrx_word' id='word_1_458' title='bbox 1890 2134 2008 2189; x_wconf 85' lang='lat' dir='ltr'><strong>bit?</strong></span> <span class='ocrx_word' id='word_1_459' title='bbox 2038 2132 2139 2187; x_wconf 87' lang='lat' dir='ltr'><strong>Sed</strong></span> <span class='ocrx_word' id='word_1_460' title='bbox 2170 2149 2290 2203; x_wconf 68' lang='lat' dir='ltr'><strong>qua:</strong></span> <span class='ocrx_word' id='word_1_461' title='bbox 2317 2134 2549 2187; x_wconf 81' lang='lat' dir='ltr'><strong>societas</strong></span> <span class='ocrx_word' id='word_1_462' title='bbox 2578 2132 2720 2186; x_wconf 83' lang='lat' dir='ltr'><strong>lucis</strong></span> <span class='ocrx_word' id='word_1_463' title='bbox 2757 2133 2819 2185; x_wconf 88' lang='lat' dir='ltr'><strong>ad</strong></span> <span class='ocrx_word' id='word_1_464' title='bbox 2857 2131 3113 2185; x_wconf 80' lang='lat' dir='ltr'><strong>tenebras</strong></span> <span class='ocrx_word' id='word_1_465' title='bbox 3142 2132 3164 2184; x_wconf 87' lang='lat'><strong>?</strong></span> <span class='ocrx_word' id='word_1_466' title='bbox 3216 2131 3297 2184; x_wconf 90' lang='lat' dir='ltr'><strong>vel</strong></span> <span class='ocrx_word' id='word_1_467' title='bbox 3355 2146 3477 2199; x_wconf 68' lang='lat' dir='ltr'><strong>quae</strong></span> 
     </span>
    </p>
   </div>
   <div class='ocr_carea' id='block_1_66' title="bbox 1892 2222 3475 2296">
    <p class='ocr_par' dir='ltr' id='par_1_66' title="bbox 1892 2222 3475 2296">
     <span class='ocr_line' id='line_1_66' title="bbox 1892 2222 3475 2296; baseline -0.002 -16"><span class='ocrx_word' id='word_1_468' title='bbox 1892 2242 2020 2296; x_wconf 87' lang='lat' dir='ltr'><strong>pars</strong></span> <span class='ocrx_word' id='word_1_469' title='bbox 2053 2224 2193 2279; x_wconf 84' lang='lat' dir='ltr'><strong>ﬁdeli</strong></span> <span class='ocrx_word' id='word_1_470' title='bbox 2216 2240 2339 2279; x_wconf 93' lang='lat' dir='ltr'><strong>cum</strong></span> <span class='ocrx_word' id='word_1_471' title='bbox 2379 2223 2601 2289; x_wconf 80' lang='lat' dir='ltr'><strong>inﬁdeli,</strong></span> <span class='ocrx_word' id='word_1_472' title='bbox 2640 2232 2803 2291; x_wconf 88' lang='lat' dir='ltr'><strong>prout</strong></span> <span class='ocrx_word' id='word_1_473' title='bbox 2832 2224 3095 2292; x_wconf 73' lang='lat' dir='ltr'><strong>scriptum</strong></span> <span class='ocrx_word' id='word_1_474' title='bbox 3144 2223 3273 2276; x_wconf 86' lang='lat' dir='ltr'><strong>est?</strong></span> <span class='ocrx_word' id='word_1_475' title='bbox 3302 2222 3475 2277; x_wconf 84' lang='lat' dir='ltr'><strong>Male-</strong></span> 
     </span>
    </p>
   </div>
   <div class='ocr_carea' id='block_1_67' title="bbox 1892 2304 3478 2388">
    <p class='ocr_par' dir='ltr' id='par_1_67' title="bbox 1892 2304 3478 2388">
     <span class='ocr_line' id='line_1_67' title="bbox 1892 2304 3478 2388; baseline -0.003 -14"><span class='ocrx_word' id='word_1_476' title='bbox 1892 2320 2073 2375; x_wconf 92' lang='lat' dir='ltr'><strong>dictus</strong></span> <span class='ocrx_word' id='word_1_477' title='bbox 2099 2318 2193 2388; x_wconf 90' lang='lat' dir='ltr'><strong>qui</strong></span> <span class='ocrx_word' id='word_1_478' title='bbox 2226 2317 2351 2372; x_wconf 90' lang='lat' dir='ltr'><strong>talia</strong></span> <span class='ocrx_word' id='word_1_479' title='bbox 2385 2318 2513 2387; x_wconf 80' lang='lat' dir='ltr'><strong>agit,</strong></span> <span class='ocrx_word' id='word_1_480' title='bbox 2549 2331 2759 2371; x_wconf 87' lang='lat' dir='ltr'><strong>necnon</strong></span> <span class='ocrx_word' id='word_1_481' title='bbox 2792 2316 2884 2381; x_wconf 86' lang='lat' dir='ltr'><strong>qui</strong></span> <span class='ocrx_word' id='word_1_482' title='bbox 2913 2304 3204 2384; x_wconf 87' lang='lat' dir='ltr'><strong>impiorum</strong></span> <span class='ocrx_word' id='word_1_483' title='bbox 3243 2315 3478 2370; x_wconf 73' lang='lat' dir='ltr'><strong>infantes</strong></span> 
     </span>
    </p>
   </div>
   <div class='ocr_carea' id='block_1_68' title="bbox 1892 2408 3481 2480">
    <p class='ocr_par' dir='ltr' id='par_1_68' title="bbox 1892 2408 3481 2480">
     <span class='ocr_line' id='line_1_68' title="bbox 1892 2408 3481 2480; baseline -0.003 -14"><span class='ocrx_word' id='word_1_484' title='bbox 1892 2411 2139 2478; x_wconf 84' lang='lat' dir='ltr'><strong>suscipit,</strong></span> <span class='ocrx_word' id='word_1_485' title='bbox 2170 2408 2271 2463; x_wconf 79' lang='lat' dir='ltr'><strong>nisi</strong></span> <span class='ocrx_word' id='word_1_486' title='bbox 2306 2410 2456 2480; x_wconf 88' lang='lat' dir='ltr'><strong>prius</strong></span> <span class='ocrx_word' id='word_1_487' title='bbox 2502 2408 2589 2462; x_wconf 89' lang='lat' dir='ltr'><strong>isti</strong></span> <span class='ocrx_word' id='word_1_488' title='bbox 2640 2408 3006 2462; x_wconf 71' lang='lat' dir='ltr'><strong>conﬁteantur</strong></span> <span class='ocrx_word' id='word_1_489' title='bbox 3049 2416 3294 2460; x_wconf 76' lang='lat' dir='ltr'><strong>sanetum</strong></span> <span class='ocrx_word' id='word_1_490' title='bbox 3343 2408 3481 2461; x_wconf 85' lang='lat' dir='ltr'><strong>divi-</strong></span> 
     </span>
    </p>
   </div>
   <div class='ocr_carea' id='block_1_69' title="bbox 1894 2497 3480 2571">
    <p class='ocr_par' dir='ltr' id='par_1_69' title="bbox 1894 2497 3480 2571">
     <span class='ocr_line' id='line_1_69' title="bbox 1894 2497 3480 2571; baseline -0.004 -15"><span class='ocrx_word' id='word_1_491' title='bbox 1894 2517 2130 2571; x_wconf 87' lang='lat' dir='ltr'><strong>numque</strong></span> <span class='ocrx_word' id='word_1_492' title='bbox 2158 2515 2281 2555; x_wconf 89' lang='lat' dir='ltr'><strong>esse</strong></span> <span class='ocrx_word' id='word_1_493' title='bbox 2338 2499 2691 2567; x_wconf 84' lang='lat' dir='ltr'><strong>baptismum,</strong></span> <span class='ocrx_word' id='word_1_494' title='bbox 2729 2512 2757 2551; x_wconf 86' lang='lat' dir='ltr'><strong>a</strong></span> <span class='ocrx_word' id='word_1_495' title='bbox 2818 2497 3054 2567; x_wconf 82' lang='lat' dir='ltr'><strong>peccatis</strong></span> <span class='ocrx_word' id='word_1_496' title='bbox 3114 2512 3367 2566; x_wconf 81' lang='lat' dir='ltr'><strong>purgare,</strong></span> <span class='ocrx_word' id='word_1_497' title='bbox 3426 2498 3480 2550; x_wconf 90' lang='lat' dir='ltr'><strong>in</strong></span> 
     </span>
    </p>
   </div>
   <div class='ocr_carea' id='block_1_70' title="bbox 1891 2587 3483 2659">
    <p class='ocr_par' dir='ltr' id='par_1_70' title="bbox 1891 2587 3483 2659">
     <span class='ocr_line' id='line_1_70' title="bbox 1891 2587 3483 2659; baseline -0.004 -12"><span class='ocrx_word' id='word_1_498' title='bbox 1891 2592 2107 2647; x_wconf 86' lang='lat' dir='ltr'><strong>Christo</strong></span> <span class='ocrx_word' id='word_1_499' title='bbox 2126 2605 2459 2659; x_wconf 84' lang='lat' dir='ltr'><strong>regenerare,</strong></span> <span class='ocrx_word' id='word_1_500' title='bbox 2482 2600 2533 2643; x_wconf 91' lang='lat' dir='ltr'><strong>et</strong></span> <span class='ocrx_word' id='word_1_501' title='bbox 2549 2587 2916 2642; x_wconf 79' lang='lat' dir='ltr'><strong>Christianum</strong></span> <span class='ocrx_word' id='word_1_502' title='bbox 2935 2601 3054 2641; x_wconf 91' lang='lat' dir='ltr'><strong>esse</strong></span> <span class='ocrx_word' id='word_1_503' title='bbox 3074 2602 3195 2640; x_wconf 88' lang='lat' dir='ltr'><strong>eum</strong></span> <span class='ocrx_word' id='word_1_504' title='bbox 3225 2587 3315 2655; x_wconf 88' lang='lat' dir='ltr'><strong>qtti</strong></span> <span class='ocrx_word' id='word_1_505' title='bbox 3341 2588 3483 2640; x_wconf 89' lang='lat' dir='ltr'><strong>hunc</strong></span> 
     </span>
    </p>
   </div>
   <div class='ocr_carea' id='block_1_71' title="bbox 1894 2682 3483 2753">
    <p class='ocr_par' dir='ltr' id='par_1_71' title="bbox 1894 2682 3483 2753">
     <span class='ocr_line' id='line_1_71' title="bbox 1894 2682 3483 2753; baseline -0.004 -15"><span class='ocrx_word' id='word_1_506' title='bbox 1894 2685 2104 2753; x_wconf 87' lang='lat' dir='ltr'><strong>accepit</strong></span> <span class='ocrx_word' id='word_1_507' title='bbox 2146 2685 2293 2753; x_wconf 77' lang='lat' dir='ltr'><strong>(nam</strong></span> <span class='ocrx_word' id='word_1_508' title='bbox 2321 2682 2366 2738; x_wconf 90' lang='lat' dir='ltr'><strong>si</strong></span> <span class='ocrx_word' id='word_1_509' title='bbox 2404 2682 2478 2737; x_wconf 85' lang='lat' dir='ltr'><strong>ita</strong></span> <span class='ocrx_word' id='word_1_510' title='bbox 2506 2692 2606 2748; x_wconf 86' lang='lat' dir='ltr'><strong>est,</strong></span> <span class='ocrx_word' id='word_1_511' title='bbox 2642 2698 2763 2737; x_wconf 86' lang='lat' dir='ltr'><strong>cum</strong></span> <span class='ocrx_word' id='word_1_512' title='bbox 2802 2682 2941 2735; x_wconf 87' lang='lat' dir='ltr'><strong>alius</strong></span> <span class='ocrx_word' id='word_1_513' title='bbox 2973 2682 3189 2749; x_wconf 74' lang='lat' dir='ltr'><strong>quidem</strong></span> <span class='ocrx_word' id='word_1_514' title='bbox 3223 2682 3483 2734; x_wconf 82' lang='lat' dir='ltr'><strong>conﬁtea-</strong></span> 
     </span>
    </p>
   </div>
   <div class='ocr_carea' id='block_1_72' title="bbox 1896 2771 3478 2841">
    <p class='ocr_par' dir='ltr' id='par_1_72' title="bbox 1896 2771 3478 2841">
     <span class='ocr_line' id='line_1_72' title="bbox 1896 2771 3478 2841; baseline -0.005 -10"><span class='ocrx_word' id='word_1_515' title='bbox 1896 2786 1984 2831; x_wconf 87' lang='lat' dir='ltr'><strong>tur</strong></span> <span class='ocrx_word' id='word_1_516' title='bbox 2029 2774 2289 2830; x_wconf 80' lang='lat' dir='ltr'><strong>infantem</strong></span> <span class='ocrx_word' id='word_1_517' title='bbox 2349 2789 2470 2829; x_wconf 81' lang='lat' dir='ltr'><strong>esse</strong></span> <span class='ocrx_word' id='word_1_518' title='bbox 2518 2774 2750 2833; x_wconf 84' lang='lat' dir='ltr'><strong>ﬁdelem,</strong></span> <span class='ocrx_word' id='word_1_519' title='bbox 2783 2774 2924 2826; x_wconf 83' lang='lat' dir='ltr'><strong>alius</strong></span> <span class='ocrx_word' id='word_1_520' title='bbox 2974 2788 3099 2825; x_wconf 82' lang='lat' dir='ltr'><strong>vero</strong></span> <span class='ocrx_word' id='word_1_521' title='bbox 3133 2788 3195 2826; x_wconf 71' lang='lat' dir='ltr'><strong>ex</strong></span> <span class='ocrx_word' id='word_1_522' title='bbox 3243 2771 3478 2841; x_wconf 84' lang='lat' dir='ltr'><strong>quodam</strong></span> 
     </span>
    </p>
   </div>
   <div class='ocr_carea' id='block_1_73' title="bbox 1896 2862 3483 2931">
    <p class='ocr_par' dir='ltr' id='par_1_73' title="bbox 1896 2862 3483 2931">
     <span class='ocr_line' id='line_1_73' title="bbox 1896 2862 3483 2931; baseline -0.003 -9"><span class='ocrx_word' id='word_1_523' title='bbox 1896 2877 2039 2922; x_wconf 90' lang='lat' dir='ltr'><strong>metu</strong></span> <span class='ocrx_word' id='word_1_524' title='bbox 2067 2867 2392 2930; x_wconf 83' lang='lat' dir='ltr'><strong>dissimulet,</strong></span> <span class='ocrx_word' id='word_1_525' title='bbox 2433 2867 2633 2921; x_wconf 88' lang='lat' dir='ltr'><strong>bonum</strong></span> <span class='ocrx_word' id='word_1_526' title='bbox 2665 2873 2747 2918; x_wconf 80' lang='lat' dir='ltr'><strong>est</strong></span> <span class='ocrx_word' id='word_1_527' title='bbox 2790 2862 3055 2917; x_wconf 82' lang='lat' dir='ltr'><strong>infantem</strong></span> <span class='ocrx_word' id='word_1_528' title='bbox 3113 2863 3389 2931; x_wconf 78' lang='lat' dir='ltr'><strong>suscipere</strong></span> <span class='ocrx_word' id='word_1_529' title='bbox 3425 2871 3483 2917; x_wconf 85' lang='lat' dir='ltr'><strong>et</strong></span> 
     </span>
    </p>
   </div>
   <div class='ocr_carea' id='block_1_74' title="bbox 1899 2952 3481 3028">
    <p class='ocr_par' dir='ltr' id='par_1_74' title="bbox 1899 2952 3481 3028">
     <span class='ocr_line' id='line_1_74' title="bbox 1899 2952 3481 3028; baseline -0.004 -15"><span class='ocrx_word' id='word_1_530' title='bbox 1899 2958 2263 3021; x_wconf 85' lang='lat' dir='ltr'><strong>sanetiﬁcare,</strong></span> <span class='ocrx_word' id='word_1_531' title='bbox 2302 2973 2369 3013; x_wconf 89' lang='lat' dir='ltr'><strong>ne</strong></span> <span class='ocrx_word' id='word_1_532' title='bbox 2400 2959 2476 3013; x_wconf 89' lang='lat' dir='ltr'><strong>sic</strong></span> <span class='ocrx_word' id='word_1_533' title='bbox 2500 2974 2528 3011; x_wconf 92' lang='lat' dir='ltr'><strong>a</strong></span> <span class='ocrx_word' id='word_1_534' title='bbox 2562 2958 2667 3012; x_wconf 85' lang='lat' dir='ltr'><strong>Deo</strong></span> <span class='ocrx_word' id='word_1_535' title='bbox 2692 2954 3173 3028; x_wconf 85' lang='lat' dir='ltr'><strong>deprehendatur).</strong></span> <span class='ocrx_word' id='word_1_536' title='bbox 3201 2952 3319 3007; x_wconf 87' lang='lat' dir='ltr'><strong>Stat</strong></span> <span class='ocrx_word' id='word_1_537' title='bbox 3350 2970 3481 3024; x_wconf 83' lang='lat' dir='ltr'><strong>ergo</strong></span> 
     </span>
    </p>
   </div>
   <div class='ocr_carea' id='block_1_75' title="bbox 1896 3048 3486 3120">
    <p class='ocr_par' dir='ltr' id='par_1_75' title="bbox 1896 3048 3486 3120">
     <span class='ocr_line' id='line_1_75' title="bbox 1896 3048 3486 3120; baseline -0.003 -14"><span class='ocrx_word' id='word_1_538' title='bbox 1896 3066 2019 3106; x_wconf 89' lang='lat' dir='ltr'><strong>cum</strong></span> <span class='ocrx_word' id='word_1_539' title='bbox 2060 3065 2323 3120; x_wconf 86' lang='lat' dir='ltr'><strong>sponsore</strong></span> <span class='ocrx_word' id='word_1_540' title='bbox 2355 3049 2679 3118; x_wconf 84' lang='lat' dir='ltr'><strong>baptizatus,</strong></span> <span class='ocrx_word' id='word_1_541' title='bbox 2715 3051 3016 3104; x_wconf 89' lang='lat' dir='ltr'><strong>ostendens</strong></span> <span class='ocrx_word' id='word_1_542' title='bbox 3048 3066 3105 3103; x_wconf 85' lang='lat' dir='ltr'><strong>se</strong></span> <span class='ocrx_word' id='word_1_543' title='bbox 3129 3048 3360 3101; x_wconf 88' lang='lat' dir='ltr'><strong>libenter</strong></span> <span class='ocrx_word' id='word_1_544' title='bbox 3394 3062 3486 3101; x_wconf 87' lang='lat' dir='ltr'><strong>ac-</strong></span> 
     </span>
    </p>
   </div>
   <div class='ocr_carea' id='block_1_76' title="bbox 1897 3140 3483 3213">
    <p class='ocr_par' dir='ltr' id='par_1_76' title="bbox 1897 3140 3483 3213">
     <span class='ocr_line' id='line_1_76' title="bbox 1897 3140 3483 3213; baseline -0.003 -16"><span class='ocrx_word' id='word_1_545' title='bbox 1897 3145 2108 3207; x_wconf 82' lang='lat' dir='ltr'><strong>cedere,</strong></span> <span class='ocrx_word' id='word_1_546' title='bbox 2140 3152 2192 3197; x_wconf 95' lang='lat' dir='ltr'><strong>et</strong></span> <span class='ocrx_word' id='word_1_547' title='bbox 2218 3142 2449 3213; x_wconf 72' lang='lat' dir='ltr'><strong>prmdcm</strong></span> <span class='ocrx_word' id='word_1_548' title='bbox 2488 3143 2668 3195; x_wconf 84' lang='lat' dir='ltr'><strong>habet.</strong></span> <span class='ocrx_word' id='word_1_549' title='bbox 2711 3143 3002 3213; x_wconf 86' lang='lat' dir='ltr'><strong>Postquam</strong></span> <span class='ocrx_word' id='word_1_550' title='bbox 3031 3140 3367 3196; x_wconf 59' lang='lat' dir='ltr'><strong>benetlivcrit</strong></span> <span class='ocrx_word' id='word_1_551' title='bbox 3397 3155 3483 3193; x_wconf 79' lang='lat' dir='ltr'><strong>sa-</strong></span> 
     </span>
    </p>
   </div>
   <div class='ocr_carea' id='block_1_77' title="bbox 1902 3234 3486 3305">
    <p class='ocr_par' dir='ltr' id='par_1_77' title="bbox 1902 3234 3486 3305">
     <span class='ocr_line' id='line_1_77' title="bbox 1902 3234 3486 3305; baseline -0.002 -15"><span class='ocrx_word' id='word_1_552' title='bbox 1902 3236 2115 3299; x_wconf 85' lang='lat' dir='ltr'><strong>cerdos,</strong></span> <span class='ocrx_word' id='word_1_553' title='bbox 2147 3242 2359 3302; x_wconf 89' lang='lat' dir='ltr'><strong>oportet</strong></span> <span class='ocrx_word' id='word_1_554' title='bbox 2384 3238 2449 3287; x_wconf 89' lang='lat' dir='ltr'><strong>ab</strong></span> <span class='ocrx_word' id='word_1_555' title='bbox 2465 3235 2621 3289; x_wconf 83' lang='lat' dir='ltr'><strong>initio</strong></span> <span class='ocrx_word' id='word_1_556' title='bbox 2639 3250 2955 3303; x_wconf 82' lang='lat' dir='ltr'><strong>semperque</strong></span> <span class='ocrx_word' id='word_1_557' title='bbox 2975 3235 3174 3305; x_wconf 78' lang='lat' dir='ltr'><strong>gratias</strong></span> <span class='ocrx_word' id='word_1_558' title='bbox 3199 3234 3304 3286; x_wconf 85' lang='lat' dir='ltr'><strong>Deo</strong></span> <span class='ocrx_word' id='word_1_559' title='bbox 3327 3247 3486 3303; x_wconf 80' lang='lat' dir='ltr'><strong>agere</strong></span> 
     </span>
    </p>
   </div>
   <div class='ocr_carea' id='block_1_78' title="bbox 1902 3325 3484 3396">
    <p class='ocr_par' dir='ltr' id='par_1_78' title="bbox 1902 3325 3484 3396">
     <span class='ocr_line' id='line_1_78' title="bbox 1902 3325 3484 3396; baseline -0.005 -15"><span class='ocrx_word' id='word_1_560' title='bbox 1902 3329 1967 3381; x_wconf 91' lang='lat' dir='ltr'><strong>de</strong></span> <span class='ocrx_word' id='word_1_561' title='bbox 1986 3328 2159 3381; x_wconf 87' lang='lat' dir='ltr'><strong>salute</strong></span> <span class='ocrx_word' id='word_1_562' title='bbox 2179 3327 2297 3396; x_wconf 87' lang='lat' dir='ltr'><strong>ejus</strong></span> <span class='ocrx_word' id='word_1_563' title='bbox 2320 3326 2411 3394; x_wconf 86' lang='lat' dir='ltr'><strong>qui</strong></span> <span class='ocrx_word' id='word_1_564' title='bbox 2438 3328 2662 3395; x_wconf 77' lang='lat' dir='ltr'><strong>pet-ierat</strong></span> <span class='ocrx_word' id='word_1_565' title='bbox 2692 3327 2904 3391; x_wconf 86' lang='lat' dir='ltr'><strong>;statim</strong></span> <span class='ocrx_word' id='word_1_566' title='bbox 2936 3326 2990 3379; x_wconf 90' lang='lat' dir='ltr'><strong>in</strong></span> <span class='ocrx_word' id='word_1_567' title='bbox 3035 3325 3484 3379; x_wconf 85' lang='lat' dir='ltr'><strong>catcclmmenum</strong></span> 
     </span>
    </p>
   </div>
   <div class='ocr_carea' id='block_1_79' title="bbox 1905 3413 3486 3483">
    <p class='ocr_par' dir='ltr' id='par_1_79' title="bbox 1905 3413 3486 3483">
     <span class='ocr_line' id='line_1_79' title="bbox 1905 3413 3486 3483; baseline -0.004 -12"><span class='ocrx_word' id='word_1_568' title='bbox 1905 3420 2110 3471; x_wconf 91' lang='lat' dir='ltr'><strong>nudum</strong></span> <span class='ocrx_word' id='word_1_569' title='bbox 2140 3425 2192 3472; x_wconf 93' lang='lat' dir='ltr'><strong>et</strong></span> <span class='ocrx_word' id='word_1_570' title='bbox 2231 3420 2471 3474; x_wconf 87' lang='lat' dir='ltr'><strong>vestibus</strong></span> <span class='ocrx_word' id='word_1_571' title='bbox 2503 3429 2725 3472; x_wconf 69' lang='lat' dir='ltr'><strong>cautum</strong></span> <span class='ocrx_word' id='word_1_572' title='bbox 2772 3418 2997 3483; x_wconf 87' lang='lat' dir='ltr'><strong>soloque</strong></span> <span class='ocrx_word' id='word_1_573' title='bbox 3036 3415 3300 3469; x_wconf 78' lang='lat' dir='ltr'><strong>velamine</strong></span> <span class='ocrx_word' id='word_1_574' title='bbox 3329 3413 3486 3468; x_wconf 86' lang='lat' dir='ltr'><strong>indu-</strong></span> 
     </span>
    </p>
   </div>
   <div class='ocr_carea' id='block_1_80' title="bbox 1904 3504 3487 3565">
    <p class='ocr_par' dir='ltr' id='par_1_80' title="bbox 1904 3504 3487 3565">
     <span class='ocr_line' id='line_1_80' title="bbox 1904 3504 3487 3565; baseline -0.004 -1"><span class='ocrx_word' id='word_1_575' title='bbox 1904 3519 2015 3564; x_wconf 91' lang='lat' dir='ltr'><strong>tum</strong></span> <span class='ocrx_word' id='word_1_576' title='bbox 2051 3511 2101 3565; x_wconf 91' lang='lat' dir='ltr'><strong>in</strong></span> <span class='ocrx_word' id='word_1_577' title='bbox 2138 3512 2356 3565; x_wconf 87' lang='lat' dir='ltr'><strong>modutn</strong></span> <span class='ocrx_word' id='word_1_578' title='bbox 2413 3512 2593 3565; x_wconf 84' lang='lat' dir='ltr'><strong>crucis</strong></span> <span class='ocrx_word' id='word_1_579' title='bbox 2628 3521 2705 3563; x_wconf 91' lang='lat' dir='ltr'><strong>ter</strong></span> <span class='ocrx_word' id='word_1_580' title='bbox 2737 3508 2985 3564; x_wconf 77' lang='lat' dir='ltr'><strong>cxsulllat</strong></span> <span class='ocrx_word' id='word_1_581' title='bbox 3034 3506 3291 3561; x_wconf 83' lang='lat' dir='ltr'><strong>sacerdos</strong></span> <span class='ocrx_word' id='word_1_582' title='bbox 3317 3544 3331 3559; x_wconf 93' lang='lat'><strong>.</strong></span> <span class='ocrx_word' id='word_1_583' title='bbox 3384 3504 3487 3558; x_wconf 80' lang='lat' dir='ltr'><strong>Per</strong></span> 
     </span>
    </p>
   </div>
   <div class='ocr_carea' id='block_1_81' title="bbox 1905 3595 3490 3672">
    <p class='ocr_par' dir='ltr' id='par_1_81' title="bbox 1905 3595 3490 3672">
     <span class='ocr_line' id='line_1_81' title="bbox 1905 3595 3490 3672; baseline -0.006 -16"><span class='ocrx_word' id='word_1_584' title='bbox 1905 3604 2049 3656; x_wconf 88' lang='lat' dir='ltr'><strong>hunc</strong></span> <span class='ocrx_word' id='word_1_585' title='bbox 2082 3602 2296 3672; x_wconf 87' lang='lat' dir='ltr'><strong>quidem</strong></span> <span class='ocrx_word' id='word_1_586' title='bbox 2332 3602 2573 3655; x_wconf 80' lang='lat' dir='ltr'><strong>inﬂatum</strong></span> <span class='ocrx_word' id='word_1_587' title='bbox 2614 3603 2843 3670; x_wconf 85' lang='lat' dir='ltr'><strong>primam</strong></span> <span class='ocrx_word' id='word_1_588' title='bbox 2878 3600 3020 3653; x_wconf 85' lang='lat' dir='ltr'><strong>illam</strong></span> <span class='ocrx_word' id='word_1_589' title='bbox 3074 3598 3127 3652; x_wconf 90' lang='lat' dir='ltr'><strong>in</strong></span> <span class='ocrx_word' id='word_1_590' title='bbox 3178 3597 3347 3650; x_wconf 79' lang='lat' dir='ltr'><strong>Adam</strong></span> <span class='ocrx_word' id='word_1_591' title='bbox 3408 3595 3490 3647; x_wconf 86' lang='lat' dir='ltr'><strong>in-</strong></span> 
     </span>
    </p>
   </div>
   <div class='ocr_carea' id='block_1_82' title="bbox 1905 3687 3487 3763">
    <p class='ocr_par' dir='ltr' id='par_1_82' title="bbox 1905 3687 3487 3763">
     <span class='ocr_line' id='line_1_82' title="bbox 1905 3687 3487 3763; baseline -0.006 -14"><span class='ocrx_word' id='word_1_592' title='bbox 1905 3695 2252 3763; x_wconf 89' lang='lat' dir='ltr'><strong>spirationcm</strong></span> <span class='ocrx_word' id='word_1_593' title='bbox 2284 3695 2593 3752; x_wconf 79' lang='lat' dir='ltr'><strong>exsuscitat.</strong></span> <span class='ocrx_word' id='word_1_594' title='bbox 2626 3696 2692 3747; x_wconf 89' lang='lat' dir='ltr'><strong>de</strong></span> <span class='ocrx_word' id='word_1_595' title='bbox 2716 3709 2820 3761; x_wconf 84' lang='lat' dir='ltr'><strong>qua</strong></span> <span class='ocrx_word' id='word_1_596' title='bbox 2846 3693 3046 3747; x_wconf 83' lang='lat' dir='ltr'><strong>dictum</strong></span> <span class='ocrx_word' id='word_1_597' title='bbox 3094 3698 3176 3744; x_wconf 88' lang='lat' dir='ltr'><strong>est</strong></span> <span class='ocrx_word' id='word_1_598' title='bbox 3208 3707 3219 3742; x_wconf 93' lang='lat'>:</span> <span class='ocrx_word' id='word_1_599' title='bbox 3253 3687 3348 3741; x_wconf 67' lang='lat' dir='ltr'><strong>«Et</strong></span> <span class='ocrx_word' id='word_1_600' title='bbox 3401 3688 3487 3740; x_wconf 86' lang='lat' dir='ltr'><strong>tn-</strong></span> 
     </span>
    </p>
   </div>
   <div class='ocr_carea' id='block_1_83' title="bbox 1908 3781 3490 3856">
    <p class='ocr_par' dir='ltr' id='par_1_83' title="bbox 1908 3781 3490 3856">
     <span class='ocr_line' id='line_1_83' title="bbox 1908 3781 3490 3856; baseline -0.003 -17"><span class='ocrx_word' id='word_1_601' title='bbox 1908 3788 2135 3856; x_wconf 85' lang='lat' dir='ltr'><strong>spiravit</strong></span> <span class='ocrx_word' id='word_1_602' title='bbox 2188 3788 2237 3839; x_wconf 88' lang='lat' dir='ltr'><strong>in</strong></span> <span class='ocrx_word' id='word_1_603' title='bbox 2275 3787 2466 3841; x_wconf 72' lang='lat' dir='ltr'><strong>faciem</strong></span> <span class='ocrx_word' id='word_1_604' title='bbox 2491 3787 2608 3855; x_wconf 78' lang='lat' dir='ltr'><strong>ejus</strong></span> <span class='ocrx_word' id='word_1_605' title='bbox 2633 3786 2960 3853; x_wconf 90' lang='lat' dir='ltr'><strong>spiraculum</strong></span> <span class='ocrx_word' id='word_1_606' title='bbox 2993 3784 3151 3849; x_wconf 69' lang='lat' dir='ltr'><strong>vitm;</strong></span> <span class='ocrx_word' id='word_1_607' title='bbox 3185 3801 3202 3833; x_wconf 72' lang='grc' dir='ltr'><strong>ι</strong></span> <span class='ocrx_word' id='word_1_608' title='bbox 3232 3781 3490 3836; x_wconf 84' lang='lat' dir='ltr'><strong>sacerdos</strong></span> 
     </span>
    </p>
   </div>
   <div class='ocr_carea' id='block_1_84' title="bbox 1908 3875 3491 3943">
    <p class='ocr_par' dir='ltr' id='par_1_84' title="bbox 1908 3875 3491 3943">
     <span class='ocr_line' id='line_1_84' title="bbox 1908 3875 3491 3943; baseline -0.005 -12"><span class='ocrx_word' id='word_1_609' title='bbox 1908 3894 2036 3931; x_wconf 86' lang='lat' dir='ltr'><strong>vero</strong></span> <span class='ocrx_word' id='word_1_610' title='bbox 2067 3878 2343 3932; x_wconf 87' lang='lat' dir='ltr'><strong>Christum</strong></span> <span class='ocrx_word' id='word_1_611' title='bbox 2372 3878 2538 3930; x_wconf 88' lang='lat' dir='ltr'><strong>Deum</strong></span> <span class='ocrx_word' id='word_1_612' title='bbox 2581 3878 2794 3943; x_wconf 65' lang='lat' dir='ltr'><strong>ﬁgurat,</strong></span> <span class='ocrx_word' id='word_1_613' title='bbox 2822 3876 2944 3927; x_wconf 86' lang='lat' dir='ltr'><strong>ideo</strong></span> <span class='ocrx_word' id='word_1_614' title='bbox 2992 3875 3192 3927; x_wconf 90' lang='lat' dir='ltr'><strong>bonum</strong></span> <span class='ocrx_word' id='word_1_615' title='bbox 3239 3882 3319 3926; x_wconf 91' lang='lat' dir='ltr'><strong>est</strong></span> <span class='ocrx_word' id='word_1_616' title='bbox 3368 3881 3491 3939; x_wconf 83' lang='lat' dir='ltr'><strong>post</strong></span> 
     </span>
    </p>
   </div>
   <div class='ocr_carea' id='block_1_85' title="bbox 1908 3960 3487 4033">
    <p class='ocr_par' dir='ltr' id='par_1_85' title="bbox 1908 3960 3487 4033">
     <span class='ocr_line' id='line_1_85' title="bbox 1908 3960 3487 4033; baseline -0.006 -10"><span class='ocrx_word' id='word_1_617' title='bbox 1908 3968 2455 4023; x_wconf 81' lang='lat' dir='ltr'><strong>communicationem</strong></span> <span class='ocrx_word' id='word_1_618' title='bbox 2504 3966 2703 4019; x_wconf 82' lang='lat' dir='ltr'><strong>Christi</strong></span> <span class='ocrx_word' id='word_1_619' title='bbox 2752 3965 3027 4033; x_wconf 86' lang='lat' dir='ltr'><strong>baptizare</strong></span> <span class='ocrx_word' id='word_1_620' title='bbox 3078 3973 3129 4017; x_wconf 89' lang='lat' dir='ltr'><strong>et</strong></span> <span class='ocrx_word' id='word_1_621' title='bbox 3187 3960 3487 4015; x_wconf 82' lang='lat' dir='ltr'><strong>lnsuﬂlare.</strong></span> 
     </span>
    </p>
   </div>
   <div class='ocr_carea' id='block_1_86' title="bbox 1911 4054 3484 4127">
    <p class='ocr_par' dir='ltr' id='par_1_86' title="bbox 1911 4054 3484 4127">
     <span class='ocr_line' id='line_1_86' title="bbox 1911 4054 3484 4127; baseline -0.004 -15"><span class='ocrx_word' id='word_1_622' title='bbox 1911 4059 2016 4115; x_wconf 86' lang='lat' dir='ltr'><strong>Ter</strong></span> <span class='ocrx_word' id='word_1_623' title='bbox 2047 4071 2224 4114; x_wconf 87' lang='lat' dir='ltr'><strong>autem</strong></span> <span class='ocrx_word' id='word_1_624' title='bbox 2277 4061 2507 4127; x_wconf 83' lang='lat' dir='ltr'><strong>inspirat</strong></span> <span class='ocrx_word' id='word_1_625' title='bbox 2557 4065 2777 4125; x_wconf 87' lang='lat' dir='ltr'><strong>propter</strong></span> <span class='ocrx_word' id='word_1_626' title='bbox 2830 4056 3175 4116; x_wconf 83' lang='lat' dir='ltr'><strong>Trinitatem,</strong></span> <span class='ocrx_word' id='word_1_627' title='bbox 3225 4054 3484 4121; x_wconf 75' lang='lat' dir='ltr'><strong>quoniam</strong></span> 
     </span>
    </p>
   </div>
   <div class='ocr_carea' id='block_1_87' title="bbox 1912 4145 3484 4217">
    <p class='ocr_par' dir='ltr' id='par_1_87' title="bbox 1912 4145 3484 4217">
     <span class='ocr_line' id='line_1_87' title="bbox 1912 4145 3484 4217; baseline -0.008 -9"><span class='ocrx_word' id='word_1_628' title='bbox 1912 4151 2219 4209; x_wconf 83' lang='lat' dir='ltr'><strong>communis</strong></span> <span class='ocrx_word' id='word_1_629' title='bbox 2250 4160 2332 4203; x_wconf 83' lang='lat' dir='ltr'><strong>est</strong></span> <span class='ocrx_word' id='word_1_630' title='bbox 2362 4149 2609 4203; x_wconf 81' lang='lat' dir='ltr'><strong>Trinitati</strong></span> <span class='ocrx_word' id='word_1_631' title='bbox 2658 4157 2827 4217; x_wconf 73' lang='lat' dir='ltr'><strong>gratia</strong></span> <span class='ocrx_word' id='word_1_632' title='bbox 2860 4157 2912 4201; x_wconf 90' lang='lat' dir='ltr'><strong>et</strong></span> <span class='ocrx_word' id='word_1_633' title='bbox 2967 4145 3211 4213; x_wconf 81' lang='lat' dir='ltr'><strong>Operatio</strong></span> <span class='ocrx_word' id='word_1_634' title='bbox 3240 4160 3253 4210; x_wconf 85' lang='lat'><strong>;</strong></span> <span class='ocrx_word' id='word_1_635' title='bbox 3296 4160 3484 4197; x_wconf 89' lang='lat' dir='ltr'><strong>verum</strong></span> 
     </span>
    </p>
   </div>
   <div class='ocr_carea' id='block_1_88' title="bbox 1914 4234 3490 4306">
    <p class='ocr_par' dir='ltr' id='par_1_88' title="bbox 1914 4234 3490 4306">
     <span class='ocr_line' id='line_1_88' title="bbox 1914 4234 3490 4306; baseline -0.006 -9"><span class='ocrx_word' id='word_1_636' title='bbox 1914 4243 1966 4297; x_wconf 88' lang='lat' dir='ltr'><strong>in</strong></span> <span class='ocrx_word' id='word_1_637' title='bbox 1995 4241 2173 4296; x_wconf 91' lang='lat' dir='ltr'><strong>crucis</strong></span> <span class='ocrx_word' id='word_1_638' title='bbox 2210 4241 2437 4293; x_wconf 80' lang='lat' dir='ltr'><strong>lormam</strong></span> <span class='ocrx_word' id='word_1_639' title='bbox 2477 4238 2657 4292; x_wconf 81' lang='lat' dir='ltr'><strong>suﬁlat</strong></span> <span class='ocrx_word' id='word_1_640' title='bbox 2693 4246 2911 4306; x_wconf 88' lang='lat' dir='ltr'><strong>propter</strong></span> <span class='ocrx_word' id='word_1_641' title='bbox 2960 4252 3127 4290; x_wconf 90' lang='lat' dir='ltr'><strong>unum</strong></span> <span class='ocrx_word' id='word_1_642' title='bbox 3158 4250 3187 4287; x_wconf 90' lang='lat' dir='ltr'><strong>e</strong></span> <span class='ocrx_word' id='word_1_643' title='bbox 3220 4234 3490 4287; x_wconf 88' lang='lat' dir='ltr'><strong>Trinitate</strong></span> 
     </span>
    </p>
   </div>
   <div class='ocr_carea' id='block_1_89' title="bbox 1913 4330 3488 4400">
    <p class='ocr_par' dir='ltr' id='par_1_89' title="bbox 1913 4330 3488 4400">
     <span class='ocr_line' id='line_1_89' title="bbox 1913 4330 3488 4400; baseline -0.007 -12"><span class='ocrx_word' id='word_1_644' title='bbox 1913 4333 2187 4388; x_wconf 85' lang='lat' dir='ltr'><strong>Christum</strong></span> <span class='ocrx_word' id='word_1_645' title='bbox 2240 4347 2337 4400; x_wconf 89' lang='lat' dir='ltr'><strong>pro</strong></span> <span class='ocrx_word' id='word_1_646' title='bbox 2367 4332 2521 4386; x_wconf 88' lang='lat' dir='ltr'><strong>nobis</strong></span> <span class='ocrx_word' id='word_1_647' title='bbox 2569 4330 2911 4386; x_wconf 81' lang='lat' dir='ltr'><strong>cruciﬁxum.</strong></span> <span class='ocrx_word' id='word_1_648' title='bbox 2943 4341 3217 4394; x_wconf 86' lang='lat' dir='ltr'><strong>carneque</strong></span> <span class='ocrx_word' id='word_1_649' title='bbox 3271 4340 3488 4394; x_wconf 88' lang='lat' dir='ltr'><strong>passum</strong></span> 
     </span>
    </p>
   </div>
   <div class='ocr_carea' id='block_1_90' title="bbox 1914 4419 3491 4493">
    <p class='ocr_par' dir='ltr' id='par_1_90' title="bbox 1914 4419 3491 4493">
     <span class='ocr_line' id='line_1_90' title="bbox 1914 4419 3491 4493; baseline -0.008 -14"><span class='ocrx_word' id='word_1_650' title='bbox 1914 4424 2006 4493; x_wconf 91' lang='lat' dir='ltr'><strong>qui</strong></span> <span class='ocrx_word' id='word_1_651' title='bbox 2044 4439 2140 4492; x_wconf 83' lang='lat' dir='ltr'><strong>per</strong></span> <span class='ocrx_word' id='word_1_652' title='bbox 2175 4438 2392 4478; x_wconf 87' lang='lat' dir='ltr'><strong>crucem</strong></span> <span class='ocrx_word' id='word_1_653' title='bbox 2420 4422 2704 4475; x_wconf 87' lang='lat' dir='ltr'><strong>victoriam</strong></span> <span class='ocrx_word' id='word_1_654' title='bbox 2738 4420 2941 4474; x_wconf 88' lang='lat' dir='ltr'><strong>retulit.</strong></span> <span class='ocrx_word' id='word_1_655' title='bbox 2974 4419 3339 4484; x_wconf 80' lang='lat' dir='ltr'><strong>Quamobrem</strong></span> <span class='ocrx_word' id='word_1_656' title='bbox 3362 4431 3491 4470; x_wconf 84' lang='lat' dir='ltr'><strong>cru-</strong></span> 
     </span>
    </p>
   </div>
   <div class='ocr_carea' id='block_1_91' title="bbox 243 4504 1865 4582">
    <p class='ocr_par' dir='ltr' id='par_1_91' title="bbox 243 4504 1865 4582">
     <span class='ocr_line' id='line_1_91' title="bbox 243 4504 1865 4582; baseline -0.006 -18"><span class='ocrx_word' id='word_1_657' title='bbox 243 4511 482 4582; x_wconf 77' lang='grc' dir='ltr'>Τριάδος</span> <span class='ocrx_word' id='word_1_658' title='bbox 515 4510 611 4561; x_wconf 72' lang='grc' dir='ltr'>ἕνα</span> <span class='ocrx_word' id='word_1_659' title='bbox 659 4507 913 4573; x_wconf 71' lang='grc' dir='ltr'>Χριστὸν,</span> <span class='ocrx_word' id='word_1_660' title='bbox 969 4506 1063 4559; x_wconf 78' lang='grc' dir='ltr'>καὶ</span> <span class='ocrx_word' id='word_1_661' title='bbox 1116 4505 1193 4573; x_wconf 89' lang='grc' dir='ltr'><strong>τῷ</strong></span> <span class='ocrx_word' id='word_1_662' title='bbox 1254 4504 1470 4574; x_wconf 84' lang='grc' dir='ltr'>σταυρῷ</span> <span class='ocrx_word' id='word_1_663' title='bbox 1517 4505 1618 4572; x_wconf 79' lang='grc' dir='ltr'>τὴν</span> <span class='ocrx_word' id='word_1_664' title='bbox 1659 4504 1865 4572; x_wconf 82' lang='grc' dir='ltr'>νίκηνι</span> 
     </span>
    </p>
   </div>
   <div class='ocr_carea' id='block_1_92' title="bbox 1893 4504 3492 4582">
    <p class='ocr_par' dir='ltr' id='par_1_92' title="bbox 1919 4508 3492 4579">
     <span class='ocr_line' id='line_1_92' title="bbox 1919 4508 3492 4579; baseline -0.006 -12"><span class='ocrx_word' id='word_1_665' title='bbox 1919 4513 1999 4567; x_wconf 88' lang='lat' dir='ltr'><strong>cis</strong></span> <span class='ocrx_word' id='word_1_666' title='bbox 2022 4514 2235 4579; x_wconf 69' lang='lat' dir='ltr'><strong>signum</strong></span> <span class='ocrx_word' id='word_1_667' title='bbox 2269 4512 2594 4565; x_wconf 82' lang='lat' dir='ltr'><strong>sacriﬁcium</strong></span> <span class='ocrx_word' id='word_1_668' title='bbox 2628 4510 2748 4579; x_wconf 77' lang='lat' dir='ltr'><strong>ejus</strong></span> <span class='ocrx_word' id='word_1_669' title='bbox 2783 4510 2985 4562; x_wconf 85' lang='lat' dir='ltr'><strong>iudicat</strong></span> <span class='ocrx_word' id='word_1_670' title='bbox 3023 4508 3492 4572; x_wconf 86' lang='lat' dir='ltr'><strong>humilitatemquc</strong></span> 
     </span>
    </p>
   </div>
   <div class='ocr_carea' id='block_1_93' title="bbox 246 4595 1812 4670">
    <p class='ocr_par' dir='ltr' id='par_1_93' title="bbox 246 4595 1812 4670">
     <span class='ocr_line' id='line_1_93' title="bbox 246 4595 1812 4670; baseline -0.004 -16"><span class='ocrx_word' id='word_1_671' title='bbox 246 4603 613 4670; x_wconf 74' lang='grc' dir='ltr'>στησάμενον.</span> <span class='ocrx_word' id='word_1_672' title='bbox 654 4598 745 4650; x_wconf 82' lang='grc' dir='ltr'>Διδ</span> <span class='ocrx_word' id='word_1_673' title='bbox 774 4599 872 4649; x_wconf 80' lang='grc' dir='ltr'>καὶ</span> <span class='ocrx_word' id='word_1_674' title='bbox 916 4598 944 4649; x_wconf 91' lang='lat'><strong>6</strong></span> <span class='ocrx_word' id='word_1_675' title='bbox 976 4596 1267 4661; x_wconf 78' lang='grc' dir='ltr'>σταυρικδς</span> <span class='ocrx_word' id='word_1_676' title='bbox 1296 4598 1465 4656; x_wconf 84' lang='grc' dir='ltr'>τύπος</span> <span class='ocrx_word' id='word_1_677' title='bbox 1494 4596 1591 4664; x_wconf 78' lang='grc' dir='ltr'>τὴν</span> <span class='ocrx_word' id='word_1_678' title='bbox 1621 4595 1812 4648; x_wconf 83' lang='grc' dir='ltr'>θυσίαν</span> 
     </span>
    </p>
   </div>
   <div class='ocr_carea' id='block_1_94' title="bbox 245 4687 1813 4761">
    <p class='ocr_par' dir='ltr' id='par_1_94' title="bbox 245 4687 1813 4761">
     <span class='ocr_line' id='line_1_94' title="bbox 245 4687 1813 4761; baseline -0.004 -14"><span class='ocrx_word' id='word_1_679' title='bbox 245 4691 416 4747; x_wconf 79' lang='grc' dir='ltr'>αὑτοῦ</span> <span class='ocrx_word' id='word_1_680' title='bbox 440 4691 610 4761; x_wconf 75' lang='grc' dir='ltr'>δηλοῖ,</span> <span class='ocrx_word' id='word_1_681' title='bbox 644 4687 969 4743; x_wconf 70' lang='grc' dir='ltr'>ταπείνωσίν</span> <span class='ocrx_word' id='word_1_682' title='bbox 998 4705 1055 4740; x_wconf 84' lang='grc' dir='ltr'><strong>τε</strong></span> <span class='ocrx_word' id='word_1_683' title='bbox 1102 4688 1197 4740; x_wconf 68' lang='grc' dir='ltr'><strong>καὶ</strong></span> <span class='ocrx_word' id='word_1_684' title='bbox 1228 4688 1406 4755; x_wconf 83' lang='grc' dir='ltr'>νίκην,</span> <span class='ocrx_word' id='word_1_685' title='bbox 1439 4688 1519 4740; x_wconf 80' lang='grc' dir='ltr'>ὅτι</span> <span class='ocrx_word' id='word_1_686' title='bbox 1551 4687 1620 4740; x_wconf 79' lang='grc' dir='ltr'>δι’</span> <span class='ocrx_word' id='word_1_687' title='bbox 1648 4687 1813 4740; x_wconf 77' lang='grc' dir='ltr'>αὐτοῦ</span> 
     </span>
    </p>
   </div>
   <div class='ocr_carea' id='block_1_95' title="bbox 240 4779 1817 4849">
    <p class='ocr_par' dir='ltr' id='par_1_95' title="bbox 240 4779 1817 4849">
     <span class='ocr_line' id='line_1_95' title="bbox 240 4779 1817 4849; baseline -0.005 -11"><span class='ocrx_word' id='word_1_688' title='bbox 240 4788 345 4847; x_wconf 74' lang='grc' dir='ltr'><strong>τας</strong></span> <span class='ocrx_word' id='word_1_689' title='bbox 367 4784 558 4846; x_wconf 77' lang='grc' dir='ltr'>ὀδύνας</span> <span class='ocrx_word' id='word_1_690' title='bbox 590 4782 745 4834; x_wconf 71' lang='grc' dir='ltr'>ἔλυσε</span> <span class='ocrx_word' id='word_1_691' title='bbox 769 4781 862 4834; x_wconf 89' lang='grc' dir='ltr'><strong>τοῦ</strong></span> <span class='ocrx_word' id='word_1_692' title='bbox 894 4780 1151 4845; x_wconf 85' lang='grc' dir='ltr'>θανάτου,</span> <span class='ocrx_word' id='word_1_693' title='bbox 1182 4782 1275 4831; x_wconf 77' lang='grc' dir='ltr'>καὶ</span> <span class='ocrx_word' id='word_1_694' title='bbox 1297 4781 1615 4849; x_wconf 86' lang='grc' dir='ltr'>κατήργησε</span> <span class='ocrx_word' id='word_1_695' title='bbox 1645 4780 1734 4831; x_wconf 67' lang='grc' dir='ltr'>τὶν</span> <span class='ocrx_word' id='word_1_696' title='bbox 1756 4779 1817 4831; x_wconf 79' lang='grc' dir='ltr'>τὸ</span> 
     </span>
    </p>
   </div>
   <div class='ocr_carea' id='block_1_96' title="bbox 244 4871 1819 4944">
    <p class='ocr_par' dir='ltr' id='par_1_96' title="bbox 244 4871 1819 4944">
     <span class='ocr_line' id='line_1_96' title="bbox 244 4871 1819 4944; baseline -0.004 -16"><span class='ocrx_word' id='word_1_697' title='bbox 244 4876 449 4944; x_wconf 74' lang='grc' dir='ltr'>κράτος</span> <span class='ocrx_word' id='word_1_698' title='bbox 476 4874 665 4943; x_wconf 66' lang='grc' dir='ltr'>ἔχοντα</span> <span class='ocrx_word' id='word_1_699' title='bbox 683 4871 777 4924; x_wconf 87' lang='grc' dir='ltr'><strong>τοῦ</strong></span> <span class='ocrx_word' id='word_1_700' title='bbox 801 4871 1032 4924; x_wconf 86' lang='grc' dir='ltr'>θανάτου</span> <span class='ocrx_word' id='word_1_701' title='bbox 1062 4871 1327 4937; x_wconf 77' lang='grc' dir='ltr'>διάϐολον,</span> <span class='ocrx_word' id='word_1_702' title='bbox 1353 4872 1444 4923; x_wconf 74' lang='grc' dir='ltr'>καὶ</span> <span class='ocrx_word' id='word_1_703' title='bbox 1465 4873 1560 4933; x_wconf 74' lang='grc' dir='ltr'>τὰς</span> <span class='ocrx_word' id='word_1_704' title='bbox 1581 4871 1819 4922; x_wconf 81' lang='grc' dir='ltr'>ἀντικει-</span> 
     </span>
    </p>
   </div>
   <div class='ocr_carea' id='block_1_97' title="bbox 249 4956 1816 5036">
    <p class='ocr_par' dir='ltr' id='par_1_97' title="bbox 249 4956 1816 5036">
     <span class='ocr_line' id='line_1_97' title="bbox 249 4956 1816 5036; baseline -0.003 -19"><span class='ocrx_word' id='word_1_705' title='bbox 249 4967 423 5036; x_wconf 81' lang='grc' dir='ltr'>μένας</span> <span class='ocrx_word' id='word_1_706' title='bbox 448 4964 812 5034; x_wconf 80' lang='grc' dir='ltr'>ὲθριάμϐευσε</span> <span class='ocrx_word' id='word_1_707' title='bbox 848 4963 1217 5033; x_wconf 87' lang='grc' dir='ltr'>πονηροτάτας</span> <span class='ocrx_word' id='word_1_708' title='bbox 1250 4964 1529 5032; x_wconf 81' lang='grc' dir='ltr'>δυνάμεις.</span> <span class='ocrx_word' id='word_1_709' title='bbox 1573 4963 1662 5014; x_wconf 87' lang='grc' dir='ltr'><strong>Ἐν</strong></span> <span class='ocrx_word' id='word_1_710' title='bbox 1688 4956 1730 5029; x_wconf 78' lang='grc' dir='ltr'><strong>ᾧ</strong></span> <span class='ocrx_word' id='word_1_711' title='bbox 1753 4962 1816 5032; x_wconf 80' lang='grc' dir='ltr'>δὴ</span> 
     </span>
    </p>
   </div>
   <div class='ocr_carea' id='block_1_98' title="bbox 246 5053 1817 5125">
    <p class='ocr_par' dir='ltr' id='par_1_98' title="bbox 246 5053 1817 5125">
     <span class='ocr_line' id='line_1_98' title="bbox 246 5053 1817 5125; baseline -0.004 -16"><span class='ocrx_word' id='word_1_712' title='bbox 246 5055 475 5125; x_wconf 87' lang='grc' dir='ltr'>σταυρῷ</span> <span class='ocrx_word' id='word_1_713' title='bbox 508 5055 602 5108; x_wconf 74' lang='grc' dir='ltr'><strong>καὶ</strong></span> <span class='ocrx_word' id='word_1_714' title='bbox 626 5055 787 5123; x_wconf 73' lang='grc' dir='ltr'>ἡμιίς</span> <span class='ocrx_word' id='word_1_715' title='bbox 825 5055 1064 5123; x_wconf 84' lang='grc' dir='ltr'>νικῶμεν</span> <span class='ocrx_word' id='word_1_716' title='bbox 1091 5056 1147 5105; x_wconf 82' lang='grc' dir='ltr'>ὲν</span> <span class='ocrx_word' id='word_1_717' title='bbox 1181 5053 1403 5123; x_wconf 79' lang='grc' dir='ltr'>Χριστῷ</span> <span class='ocrx_word' id='word_1_718' title='bbox 1430 5055 1519 5105; x_wconf 84' lang='grc' dir='ltr'>τὸν</span> <span class='ocrx_word' id='word_1_719' title='bbox 1552 5053 1817 5120; x_wconf 78' lang='grc' dir='ltr'>διάϐολον,</span> 
     </span>
    </p>
   </div>
   <div class='ocr_carea' id='block_1_99' title="bbox 244 5143 1820 5213">
    <p class='ocr_par' dir='ltr' id='par_1_99' title="bbox 244 5143 1820 5213">
     <span class='ocr_line' id='line_1_99' title="bbox 244 5143 1820 5213; baseline -0.001 -14"><span class='ocrx_word' id='word_1_720' title='bbox 244 5147 347 5200; x_wconf 72' lang='grc' dir='ltr'>καὶ</span> <span class='ocrx_word' id='word_1_721' title='bbox 401 5147 527 5207; x_wconf 73' lang='grc' dir='ltr'>τοὺς</span> <span class='ocrx_word' id='word_1_722' title='bbox 588 5145 851 5211; x_wconf 73' lang='grc' dir='ltr'>δαίμονας</span> <span class='ocrx_word' id='word_1_723' title='bbox 900 5143 1299 5213; x_wconf 73' lang='grc' dir='ltr'>ἐκτρεπόμεθα.</span> <span class='ocrx_word' id='word_1_724' title='bbox 1364 5145 1469 5195; x_wconf 77' lang='grc' dir='ltr'><strong>Καὶ</strong></span> <span class='ocrx_word' id='word_1_725' title='bbox 1527 5148 1749 5213; x_wconf 79' lang='grc' dir='ltr'>σημεῖον</span> <span class='ocrx_word' id='word_1_726' title='bbox 1793 5147 1820 5197; x_wconf 88' lang='lat'><strong>6</strong></span> 
     </span>
    </p>
   </div>
   <div class='ocr_carea' id='block_1_100' title="bbox 252 5228 1817 5301">
    <p class='ocr_par' dir='ltr' id='par_1_100' title="bbox 252 5228 1817 5301">
     <span class='ocr_line' id='line_1_100' title="bbox 252 5228 1817 5301; baseline 0.003 -18"><span class='ocrx_word' id='word_1_727' title='bbox 252 5230 492 5298; x_wconf 68' lang='grc' dir='ltr'>σταυρδς</span> <span class='ocrx_word' id='word_1_728' title='bbox 524 5228 619 5282; x_wconf 86' lang='grc' dir='ltr'><strong>τοῦ</strong></span> <span class='ocrx_word' id='word_1_729' title='bbox 651 5231 900 5299; x_wconf 84' lang='grc' dir='ltr'><strong>Σωτῆρος</strong></span> <span class='ocrx_word' id='word_1_730' title='bbox 935 5234 1026 5282; x_wconf 72' lang='grc' dir='ltr'>καὶ</span> <span class='ocrx_word' id='word_1_731' title='bbox 1057 5232 1294 5300; x_wconf 53' lang='grc' dir='ltr'>σςραγίς</span> <span class='ocrx_word' id='word_1_732' title='bbox 1326 5248 1381 5283; x_wconf 87' lang='grc' dir='ltr'><strong>τε</strong></span> <span class='ocrx_word' id='word_1_733' title='bbox 1412 5234 1507 5286; x_wconf 74' lang='grc' dir='ltr'>καὶ</span> <span class='ocrx_word' id='word_1_734' title='bbox 1537 5235 1817 5301; x_wconf 81' lang='grc' dir='ltr'>τρόπαιον.</span> 
     </span>
    </p>
   </div>
   <div class='ocr_carea' id='block_1_101' title="bbox 246 5318 1821 5393">
    <p class='ocr_par' dir='ltr' id='par_1_101' title="bbox 246 5318 1821 5393">
     <span class='ocr_line' id='line_1_101' title="bbox 246 5318 1821 5393; baseline 0 -19"><span class='ocrx_word' id='word_1_735' title='bbox 246 5324 387 5391; x_wconf 73' lang='grc' dir='ltr'>Τρὶς</span> <span class='ocrx_word' id='word_1_736' title='bbox 408 5318 502 5374; x_wconf 81' lang='grc' dir='ltr'>οὖν</span> <span class='ocrx_word' id='word_1_737' title='bbox 531 5322 858 5391; x_wconf 67' lang='grc' dir='ltr'>ἑμφυσήσας</span> <span class='ocrx_word' id='word_1_738' title='bbox 898 5322 973 5392; x_wconf 85' lang='grc' dir='ltr'><strong>τῷ</strong></span> <span class='ocrx_word' id='word_1_739' title='bbox 1004 5323 1397 5393; x_wconf 82' lang='grc' dir='ltr'>κατηχουμένῳ</span> <span class='ocrx_word' id='word_1_740' title='bbox 1427 5324 1454 5374; x_wconf 90' lang='lat'><strong>6</strong></span> <span class='ocrx_word' id='word_1_741' title='bbox 1493 5324 1691 5392; x_wconf 77' lang='grc' dir='ltr'>ἱερεὺς,</span> <span class='ocrx_word' id='word_1_742' title='bbox 1728 5324 1821 5374; x_wconf 70' lang='grc' dir='ltr'>καὶ</span> 
     </span>
    </p>
   </div>
   <div class='ocr_carea' id='block_1_102' title="bbox 248 5413 1821 5485">
    <p class='ocr_par' dir='ltr' id='par_1_102' title="bbox 248 5413 1821 5485">
     <span class='ocr_line' id='line_1_102' title="bbox 248 5413 1821 5485; baseline -0.001 -20"><span class='ocrx_word' id='word_1_743' title='bbox 248 5414 377 5481; x_wconf 68' lang='grc' dir='ltr'>τρὶς</span> <span class='ocrx_word' id='word_1_744' title='bbox 414 5414 721 5482; x_wconf 78' lang='grc' dir='ltr'>σφραγίσας</span> <span class='ocrx_word' id='word_1_745' title='bbox 767 5413 929 5465; x_wconf 84' lang='grc' dir='ltr'>πάλιν</span> <span class='ocrx_word' id='word_1_746' title='bbox 969 5416 1035 5483; x_wconf 71' lang='grc' dir='ltr'>τῇ</span> <span class='ocrx_word' id='word_1_747' title='bbox 1084 5418 1227 5483; x_wconf 70' lang='grc' dir='ltr'>χειρὶ</span> <span class='ocrx_word' id='word_1_748' title='bbox 1267 5415 1344 5484; x_wconf 80' lang='grc' dir='ltr'><strong>τῷ</strong></span> <span class='ocrx_word' id='word_1_749' title='bbox 1402 5416 1611 5485; x_wconf 82' lang='grc' dir='ltr'>σημείῳ</span> <span class='ocrx_word' id='word_1_750' title='bbox 1649 5415 1821 5483; x_wconf 75' lang='grc' dir='ltr'>τούτῳ</span> 
     </span>
    </p>
   </div>
   <div class='ocr_carea' id='block_1_103' title="bbox 249 5503 1821 5575">
    <p class='ocr_par' dir='ltr' id='par_1_103' title="bbox 249 5503 1821 5575">
     <span class='ocr_line' id='line_1_103' title="bbox 249 5503 1821 5575; baseline 0.001 -19"><span class='ocrx_word' id='word_1_751' title='bbox 249 5506 335 5572; x_wconf 85' lang='grc' dir='ltr'><strong>τῷ</strong></span> <span class='ocrx_word' id='word_1_752' title='bbox 379 5504 655 5571; x_wconf 74' lang='grc' dir='ltr'>σταυρικῷ</span> <span class='ocrx_word' id='word_1_753' title='bbox 704 5503 792 5554; x_wconf 68' lang='grc' dir='ltr'>διὰ</span> <span class='ocrx_word' id='word_1_754' title='bbox 833 5505 913 5569; x_wconf 81' lang='grc' dir='ltr'>τὸ,</span> <span class='ocrx_word' id='word_1_755' title='bbox 957 5522 974 5554; x_wconf 80' lang='grc' dir='ltr'><strong>ι</strong></span> <span class='ocrx_word' id='word_1_756' title='bbox 1016 5505 1080 5556; x_wconf 79' lang='grc' dir='ltr'><strong>ΑΙ</strong></span> <span class='ocrx_word' id='word_1_757' title='bbox 1110 5506 1287 5575; x_wconf 74' lang='grc' dir='ltr'>χεῖρές</span> <span class='ocrx_word' id='word_1_758' title='bbox 1327 5524 1420 5557; x_wconf 83' lang='grc' dir='ltr'><strong>σου</strong></span> <span class='ocrx_word' id='word_1_759' title='bbox 1458 5506 1721 5575; x_wconf 74' lang='grc' dir='ltr'>ἐποίησάν</span> <span class='ocrx_word' id='word_1_760' title='bbox 1755 5523 1821 5575; x_wconf 79' lang='grc' dir='ltr'><strong>με</strong></span> 
     </span>
    </p>
   </div>
   <div class='ocr_carea' id='block_1_104' title="bbox 256 5592 1821 5664">
    <p class='ocr_par' dir='ltr' id='par_1_104' title="bbox 256 5592 1821 5664">
     <span class='ocr_line' id='line_1_104' title="bbox 256 5592 1821 5664; baseline 0 -17"><span class='ocrx_word' id='word_1_761' title='bbox 256 5596 356 5647; x_wconf 80' lang='grc' dir='ltr'>καὶ</span> <span class='ocrx_word' id='word_1_762' title='bbox 392 5592 637 5645; x_wconf 70' lang='grc' dir='ltr'>ἔπλασαν</span> <span class='ocrx_word' id='word_1_763' title='bbox 672 5609 762 5661; x_wconf 81' lang='grc' dir='ltr'><strong>με,</strong></span> <span class='ocrx_word' id='word_1_764' title='bbox 798 5610 817 5643; x_wconf 69' lang='grc' dir='ltr'><strong>ν</strong></span> <span class='ocrx_word' id='word_1_765' title='bbox 848 5594 944 5646; x_wconf 68' lang='grc' dir='ltr'>καὶ</span> <span class='ocrx_word' id='word_1_766' title='bbox 969 5595 1025 5645; x_wconf 81' lang='grc' dir='ltr'>ὲν</span> <span class='ocrx_word' id='word_1_767' title='bbox 1051 5595 1129 5664; x_wconf 87' lang='grc' dir='ltr'><strong>τῷ</strong></span> <span class='ocrx_word' id='word_1_768' title='bbox 1157 5595 1394 5664; x_wconf 79' lang='grc' dir='ltr'>μετώπῳ</span> <span class='ocrx_word' id='word_1_769' title='bbox 1421 5613 1503 5659; x_wconf 82' lang='grc' dir='ltr'><strong>τε,</strong></span> <span class='ocrx_word' id='word_1_770' title='bbox 1527 5596 1600 5658; x_wconf 86' lang='grc' dir='ltr'>ὡς</span> <span class='ocrx_word' id='word_1_771' title='bbox 1637 5612 1821 5663; x_wconf 84' lang='grc' dir='ltr'>προει-</span> 
     </span>
    </p>
   </div>
   <div class='ocr_carea' id='block_1_105' title="bbox 260 5683 1824 5754">
    <p class='ocr_par' dir='ltr' id='par_1_105' title="bbox 260 5683 1824 5754">
     <span class='ocr_line' id='line_1_105' title="bbox 260 5683 1824 5754; baseline 0.003 -20"><span class='ocrx_word' id='word_1_772' title='bbox 260 5686 483 5753; x_wconf 79' lang='grc' dir='ltr'>ρήκειν,</span> <span class='ocrx_word' id='word_1_773' title='bbox 526 5683 614 5735; x_wconf 77' lang='grc' dir='ltr'>διὰ</span> <span class='ocrx_word' id='word_1_774' title='bbox 667 5684 725 5736; x_wconf 80' lang='grc' dir='ltr'>τὸ</span> <span class='ocrx_word' id='word_1_775' title='bbox 761 5686 1027 5753; x_wconf 68' lang='grc' dir='ltr'>νοητικὸν,</span> <span class='ocrx_word' id='word_1_776' title='bbox 1061 5686 1153 5738; x_wconf 67' lang='grc' dir='ltr'>καὶ</span> <span class='ocrx_word' id='word_1_777' title='bbox 1194 5687 1251 5738; x_wconf 77' lang='grc' dir='ltr'>ὲν</span> <span class='ocrx_word' id='word_1_778' title='bbox 1280 5686 1358 5754; x_wconf 86' lang='grc' dir='ltr'><strong>τῷ</strong></span> <span class='ocrx_word' id='word_1_779' title='bbox 1391 5686 1615 5754; x_wconf 84' lang='grc' dir='ltr'>στόματι</span> <span class='ocrx_word' id='word_1_780' title='bbox 1647 5686 1735 5739; x_wconf 73' lang='grc' dir='ltr'>διὰ</span> <span class='ocrx_word' id='word_1_781' title='bbox 1767 5687 1824 5739; x_wconf 82' lang='grc' dir='ltr'>τὸ</span> 
     </span>
    </p>
   </div>
   <div class='ocr_carea' id='block_1_106' title="bbox 251 5775 1821 5848">
    <p class='ocr_par' dir='ltr' id='par_1_106' title="bbox 251 5775 1821 5848">
     <span class='ocr_line' id='line_1_106' title="bbox 251 5775 1821 5848; baseline 0.002 -20"><span class='ocrx_word' id='word_1_782' title='bbox 251 5776 498 5843; x_wconf 66' lang='grc' dir='ltr'>λογικὸν,</span> <span class='ocrx_word' id='word_1_783' title='bbox 532 5776 626 5828; x_wconf 71' lang='grc' dir='ltr'>καὶ</span> <span class='ocrx_word' id='word_1_784' title='bbox 660 5775 715 5829; x_wconf 69' lang='grc' dir='ltr'>ὲν</span> <span class='ocrx_word' id='word_1_785' title='bbox 761 5778 825 5847; x_wconf 78' lang='grc' dir='ltr'><strong>τῇ</strong></span> <span class='ocrx_word' id='word_1_786' title='bbox 872 5776 1069 5848; x_wconf 61' lang='grc' dir='ltr'>καρδίᾳ</span> <span class='ocrx_word' id='word_1_787' title='bbox 1107 5778 1193 5832; x_wconf 64' lang='grc' dir='ltr'><strong>διὰ</strong></span> <span class='ocrx_word' id='word_1_788' title='bbox 1242 5780 1298 5831; x_wconf 67' lang='grc' dir='ltr'><strong>τδ</strong></span> <span class='ocrx_word' id='word_1_789' title='bbox 1338 5778 1606 5847; x_wconf 68' lang='grc' dir='ltr'>ζωτικδν,</span> <span class='ocrx_word' id='word_1_790' title='bbox 1657 5779 1821 5831; x_wconf 71' lang='grc' dir='ltr'>ἐπιτί-</span> 
     </span>
    </p>
   </div>
   <div class='ocr_carea' id='block_1_107' title="bbox 1917 4596 3489 4672">
    <p class='ocr_par' dir='ltr' id='par_1_107' title="bbox 1917 4596 3489 4672">
     <span class='ocr_line' id='line_1_107' title="bbox 1917 4596 3489 4672; baseline -0.008 -12"><span class='ocrx_word' id='word_1_791' title='bbox 1917 4615 1968 4660; x_wconf 86' lang='grc' dir='ltr'><strong>ει</strong></span> <span class='ocrx_word' id='word_1_792' title='bbox 1997 4604 2299 4666; x_wconf 83' lang='lat' dir='ltr'><strong>victoriam,</strong></span> <span class='ocrx_word' id='word_1_793' title='bbox 2325 4605 2581 4672; x_wconf 82' lang='lat' dir='ltr'><strong>quoniam</strong></span> <span class='ocrx_word' id='word_1_794' title='bbox 2636 4605 2687 4655; x_wconf 89' lang='lat' dir='ltr'><strong>in</strong></span> <span class='ocrx_word' id='word_1_795' title='bbox 2720 4615 2791 4654; x_wconf 86' lang='lat' dir='ltr'><strong>eo</strong></span> <span class='ocrx_word' id='word_1_796' title='bbox 2826 4600 3042 4653; x_wconf 87' lang='lat' dir='ltr'><strong>dolores</strong></span> <span class='ocrx_word' id='word_1_797' title='bbox 3082 4598 3271 4653; x_wconf 89' lang='lat' dir='ltr'><strong>mortis</strong></span> <span class='ocrx_word' id='word_1_798' title='bbox 3307 4596 3489 4659; x_wconf 90' lang='lat' dir='ltr'><strong>solvit,</strong></span> 
     </span>
    </p>
   </div>
   <div class='ocr_carea' id='block_1_108' title="bbox 1914 4692 3484 4763">
    <p class='ocr_par' dir='ltr' id='par_1_108' title="bbox 1914 4692 3484 4763">
     <span class='ocr_line' id='line_1_108' title="bbox 1914 4692 3484 4763; baseline -0.008 -9"><span class='ocrx_word' id='word_1_799' title='bbox 1914 4710 1967 4753; x_wconf 87' lang='lat' dir='ltr'><strong>et</strong></span> <span class='ocrx_word' id='word_1_800' title='bbox 1986 4697 2249 4752; x_wconf 80' lang='lat' dir='ltr'><strong>destruxit</strong></span> <span class='ocrx_word' id='word_1_801' title='bbox 2272 4711 2395 4749; x_wconf 90' lang='lat' dir='ltr'><strong>eum</strong></span> <span class='ocrx_word' id='word_1_802' title='bbox 2415 4696 2504 4763; x_wconf 88' lang='lat' dir='ltr'><strong>qui</strong></span> <span class='ocrx_word' id='word_1_803' title='bbox 2534 4693 2761 4746; x_wconf 88' lang='lat' dir='ltr'><strong>habebat</strong></span> <span class='ocrx_word' id='word_1_804' title='bbox 2787 4692 2977 4745; x_wconf 85' lang='lat' dir='ltr'><strong>mortis</strong></span> <span class='ocrx_word' id='word_1_805' title='bbox 2996 4692 3307 4760; x_wconf 56' lang='lat' dir='ltr'><strong>imperium,</strong></span> <span class='ocrx_word' id='word_1_806' title='bbox 3331 4706 3484 4743; x_wconf 48' lang='lat' dir='ltr'><strong>nem.</strong></span> 
     </span>
    </p>
   </div>
   <div class='ocr_carea' id='block_1_109' title="bbox 1918 4780 3488 4857">
    <p class='ocr_par' dir='ltr' id='par_1_109' title="bbox 1918 4780 3488 4857">
     <span class='ocr_line' id='line_1_109' title="bbox 1918 4780 3488 4857; baseline -0.006 -17"><span class='ocrx_word' id='word_1_807' title='bbox 1918 4802 1983 4857; x_wconf 87' lang='lat' dir='ltr'><strong>pe</strong></span> <span class='ocrx_word' id='word_1_808' title='bbox 2038 4786 2334 4845; x_wconf 86' lang='lat' dir='ltr'><strong>diabolum,</strong></span> <span class='ocrx_word' id='word_1_809' title='bbox 2369 4794 2419 4838; x_wconf 91' lang='lat' dir='ltr'><strong>et</strong></span> <span class='ocrx_word' id='word_1_810' title='bbox 2445 4782 2785 4836; x_wconf 67' lang='lat' dir='ltr'><strong>adversarias</strong></span> <span class='ocrx_word' id='word_1_811' title='bbox 2822 4782 3174 4847; x_wconf 86' lang='lat' dir='ltr'><strong>triumphavit</strong></span> <span class='ocrx_word' id='word_1_812' title='bbox 3214 4780 3488 4848; x_wconf 85' lang='lat' dir='ltr'><strong>nequissi-</strong></span> 
     </span>
    </p>
   </div>
   <div class='ocr_carea' id='block_1_110' title="bbox 1919 4870 3493 4945">
    <p class='ocr_par' dir='ltr' id='par_1_110' title="bbox 1919 4870 3493 4945">
     <span class='ocr_line' id='line_1_110' title="bbox 1919 4870 3493 4945; baseline -0.004 -15"><span class='ocrx_word' id='word_1_813' title='bbox 1919 4891 2036 4930; x_wconf 89' lang='lat' dir='ltr'><strong>tnas</strong></span> <span class='ocrx_word' id='word_1_814' title='bbox 2052 4874 2437 4945; x_wconf 82' lang='lat' dir='ltr'><strong>potestates.ln</strong></span> <span class='ocrx_word' id='word_1_815' title='bbox 2456 4888 2615 4927; x_wconf 90' lang='lat' dir='ltr'><strong>cruce</strong></span> <span class='ocrx_word' id='word_1_816' title='bbox 2651 4874 2930 4925; x_wconf 89' lang='lat' dir='ltr'><strong>etiamnos</strong></span> <span class='ocrx_word' id='word_1_817' title='bbox 2967 4885 3183 4938; x_wconf 79' lang='lat' dir='ltr'><strong>quoque</strong></span> <span class='ocrx_word' id='word_1_818' title='bbox 3222 4870 3493 4924; x_wconf 85' lang='lat' dir='ltr'><strong>vincimus</strong></span> 
     </span>
    </p>
   </div>
   <div class='ocr_carea' id='block_1_111' title="bbox 1921 4960 3493 5031">
    <p class='ocr_par' dir='ltr' id='par_1_111' title="bbox 1921 4960 3493 5031">
     <span class='ocr_line' id='line_1_111' title="bbox 1921 4960 3493 5031; baseline -0.004 -10"><span class='ocrx_word' id='word_1_819' title='bbox 1921 4968 1971 5021; x_wconf 90' lang='lat' dir='ltr'><strong>in</strong></span> <span class='ocrx_word' id='word_1_820' title='bbox 1990 4966 2207 5021; x_wconf 88' lang='lat' dir='ltr'><strong>Christo</strong></span> <span class='ocrx_word' id='word_1_821' title='bbox 2225 4965 2494 5019; x_wconf 87' lang='lat' dir='ltr'><strong>diabolutu</strong></span> <span class='ocrx_word' id='word_1_822' title='bbox 2511 4973 2564 5016; x_wconf 89' lang='lat' dir='ltr'><strong>et</strong></span> <span class='ocrx_word' id='word_1_823' title='bbox 2581 4963 2854 5017; x_wconf 67' lang='lat' dir='ltr'><strong>daemones</strong></span> <span class='ocrx_word' id='word_1_824' title='bbox 2879 4960 3130 5031; x_wconf 80' lang='lat' dir='ltr'><strong>fugamus</strong></span> <span class='ocrx_word' id='word_1_825' title='bbox 3151 4978 3165 5026; x_wconf 88' lang='lat'><strong>;</strong></span> <span class='ocrx_word' id='word_1_826' title='bbox 3188 4968 3239 5014; x_wconf 91' lang='lat' dir='ltr'><strong>et</strong></span> <span class='ocrx_word' id='word_1_827' title='bbox 3256 4976 3389 5014; x_wconf 83' lang='lat' dir='ltr'><strong>crux</strong></span> <span class='ocrx_word' id='word_1_828' title='bbox 3408 4974 3493 5015; x_wconf 87' lang='lat' dir='ltr'><strong>est</strong></span> 
     </span>
    </p>
   </div>
   <div class='ocr_carea' id='block_1_112' title="bbox 1921 5053 3491 5126">
    <p class='ocr_par' dir='ltr' id='par_1_112' title="bbox 1921 5053 3491 5126">
     <span class='ocr_line' id='line_1_112' title="bbox 1921 5053 3491 5126; baseline -0.007 -12"><span class='ocrx_word' id='word_1_829' title='bbox 1921 5058 2220 5114; x_wconf 84' lang='lat' dir='ltr'><strong>Salvatoris</strong></span> <span class='ocrx_word' id='word_1_830' title='bbox 2241 5058 2591 5126; x_wconf 75' lang='lat' dir='ltr'><strong>sigillumque</strong></span> <span class='ocrx_word' id='word_1_831' title='bbox 2614 5069 2677 5109; x_wconf 88' lang='lat' dir='ltr'><strong>ac</strong></span> <span class='ocrx_word' id='word_1_832' title='bbox 2705 5063 2986 5123; x_wconf 65' lang='lat' dir='ltr'><strong>tropasum.</strong></span> <span class='ocrx_word' id='word_1_833' title='bbox 3011 5053 3179 5120; x_wconf 79' lang='lat' dir='ltr'><strong>Igitur</strong></span> <span class='ocrx_word' id='word_1_834' title='bbox 3206 5062 3491 5121; x_wconf 88' lang='lat' dir='ltr'><strong>postquam</strong></span> 
     </span>
    </p>
   </div>
   <div class='ocr_carea' id='block_1_113' title="bbox 1922 5141 3497 5207">
    <p class='ocr_par' dir='ltr' id='par_1_113' title="bbox 1922 5141 3497 5207">
     <span class='ocr_line' id='line_1_113' title="bbox 1922 5141 3497 5207; baseline -0.006 -2"><span class='ocrx_word' id='word_1_835' title='bbox 1922 5149 2173 5206; x_wconf 86' lang='lat' dir='ltr'><strong>sacerdos</strong></span> <span class='ocrx_word' id='word_1_836' title='bbox 2210 5158 2290 5201; x_wconf 88' lang='lat' dir='ltr'><strong>ter</strong></span> <span class='ocrx_word' id='word_1_837' title='bbox 2312 5148 2364 5199; x_wconf 90' lang='lat' dir='ltr'><strong>in</strong></span> <span class='ocrx_word' id='word_1_838' title='bbox 2395 5146 2846 5200; x_wconf 86' lang='lat' dir='ltr'><strong>catechumenum</strong></span> <span class='ocrx_word' id='word_1_839' title='bbox 2880 5141 3191 5207; x_wconf 78' lang='lat' dir='ltr'><strong>insulllavit,</strong></span> <span class='ocrx_word' id='word_1_840' title='bbox 3216 5143 3497 5197; x_wconf 88' lang='lat' dir='ltr'><strong>eumdem-</strong></span> 
     </span>
    </p>
   </div>
   <div class='ocr_carea' id='block_1_114' title="bbox 1921 5231 3497 5311">
    <p class='ocr_par' dir='ltr' id='par_1_114' title="bbox 1921 5231 3497 5311">
     <span class='ocr_line' id='line_1_114' title="bbox 1921 5231 3497 5311; baseline -0.006 -20"><span class='ocrx_word' id='word_1_841' title='bbox 1921 5256 2026 5311; x_wconf 84' lang='lat' dir='ltr'><strong>qne</strong></span> <span class='ocrx_word' id='word_1_842' title='bbox 2056 5248 2137 5292; x_wconf 89' lang='lat' dir='ltr'><strong>ter</strong></span> <span class='ocrx_word' id='word_1_843' title='bbox 2165 5239 2359 5291; x_wconf 90' lang='lat' dir='ltr'><strong>iterum</strong></span> <span class='ocrx_word' id='word_1_844' title='bbox 2393 5238 2445 5289; x_wconf 92' lang='lat' dir='ltr'><strong>in</strong></span> <span class='ocrx_word' id='word_1_845' title='bbox 2484 5251 2645 5290; x_wconf 87' lang='lat' dir='ltr'><strong>manu</strong></span> <span class='ocrx_word' id='word_1_846' title='bbox 2670 5234 2771 5286; x_wconf 90' lang='lat' dir='ltr'><strong>hoc</strong></span> <span class='ocrx_word' id='word_1_847' title='bbox 2802 5232 2980 5286; x_wconf 53' lang='lat' dir='ltr'><strong>crucis</strong></span> <span class='ocrx_word' id='word_1_848' title='bbox 3002 5232 3157 5301; x_wconf 78' lang='lat' dir='ltr'><strong>signo</strong></span> <span class='ocrx_word' id='word_1_849' title='bbox 3188 5231 3497 5298; x_wconf 75' lang='lat' dir='ltr'><strong>obsignavit</strong></span> 
     </span>
    </p>
   </div>
   <div class='ocr_carea' id='block_1_115' title="bbox 1922 5321 3499 5400">
    <p class='ocr_par' dir='ltr' id='par_1_115' title="bbox 1922 5321 3499 5400">
     <span class='ocr_line' id='line_1_115' title="bbox 1922 5321 3499 5400; baseline -0.006 -19"><span class='ocrx_word' id='word_1_850' title='bbox 1922 5339 2143 5400; x_wconf 82' lang='lat' dir='ltr'><strong>propter</strong></span> <span class='ocrx_word' id='word_1_851' title='bbox 2168 5327 2331 5381; x_wconf 83' lang='lat' dir='ltr'><strong>illud:</strong></span> <span class='ocrx_word' id='word_1_852' title='bbox 2368 5345 2383 5375; x_wconf 79' lang='grc' dir='ltr'><strong>ι</strong></span> <span class='ocrx_word' id='word_1_853' title='bbox 2432 5325 2623 5378; x_wconf 82' lang='lat' dir='ltr'><strong>Manus</strong></span> <span class='ocrx_word' id='word_1_854' title='bbox 2656 5336 2757 5377; x_wconf 74' lang='lat' dir='ltr'><strong>tua;</strong></span> <span class='ocrx_word' id='word_1_855' title='bbox 2792 5321 3035 5375; x_wconf 82' lang='lat' dir='ltr'><strong>fecerunt</strong></span> <span class='ocrx_word' id='word_1_856' title='bbox 3066 5335 3150 5374; x_wconf 91' lang='lat' dir='ltr'><strong>me</strong></span> <span class='ocrx_word' id='word_1_857' title='bbox 3184 5321 3499 5385; x_wconf 37' lang='lat' dir='ltr'><strong>etvpiasma-</strong></span> 
     </span>
    </p>
   </div>
   <div class='ocr_carea' id='block_1_116' title="bbox 1922 5410 3499 5477">
    <p class='ocr_par' dir='ltr' id='par_1_116' title="bbox 1922 5410 3499 5477">
     <span class='ocr_line' id='line_1_116' title="bbox 1922 5410 3499 5477; baseline -0.008 -3"><span class='ocrx_word' id='word_1_858' title='bbox 1922 5414 2116 5475; x_wconf 79' lang='lat' dir='ltr'><strong>verunt</strong></span> <span class='ocrx_word' id='word_1_859' title='bbox 2152 5435 2255 5473; x_wconf 90' lang='lat' dir='ltr'><strong>me.</strong></span> <span class='ocrx_word' id='word_1_860' title='bbox 2288 5437 2305 5469; x_wconf 75' lang='grc' dir='ltr'><strong>ι</strong></span> <span class='ocrx_word' id='word_1_861' title='bbox 2344 5420 2565 5472; x_wconf 84' lang='lat' dir='ltr'><strong>Necnon</strong></span> <span class='ocrx_word' id='word_1_862' title='bbox 2597 5418 2646 5470; x_wconf 92' lang='lat' dir='ltr'><strong>in</strong></span> <span class='ocrx_word' id='word_1_863' title='bbox 2690 5416 2885 5475; x_wconf 89' lang='lat' dir='ltr'><strong>fronte,</strong></span> <span class='ocrx_word' id='word_1_864' title='bbox 2920 5414 3063 5467; x_wconf 88' lang='lat' dir='ltr'><strong>sicut</strong></span> <span class='ocrx_word' id='word_1_865' title='bbox 3125 5428 3287 5477; x_wconf 86' lang='lat' dir='ltr'><strong>supra</strong></span> <span class='ocrx_word' id='word_1_866' title='bbox 3348 5410 3499 5463; x_wconf 80' lang='lat' dir='ltr'><strong>dixe-</strong></span> 
     </span>
    </p>
   </div>
   <div class='ocr_carea' id='block_1_117' title="bbox 1923 5499 3497 5576">
    <p class='ocr_par' dir='ltr' id='par_1_117' title="bbox 1923 5499 3497 5576">
     <span class='ocr_line' id='line_1_117' title="bbox 1923 5499 3497 5576; baseline -0.007 -13"><span class='ocrx_word' id='word_1_867' title='bbox 1923 5525 2061 5571; x_wconf 89' lang='lat' dir='ltr'><strong>ram,</strong></span> <span class='ocrx_word' id='word_1_868' title='bbox 2089 5517 2308 5576; x_wconf 86' lang='lat' dir='ltr'><strong>propter</strong></span> <span class='ocrx_word' id='word_1_869' title='bbox 2342 5517 2595 5567; x_wconf 86' lang='lat' dir='ltr'><strong>mentem,</strong></span> <span class='ocrx_word' id='word_1_870' title='bbox 2626 5513 2678 5557; x_wconf 92' lang='lat' dir='ltr'><strong>et</strong></span> <span class='ocrx_word' id='word_1_871' title='bbox 2714 5504 2765 5556; x_wconf 90' lang='lat' dir='ltr'><strong>in</strong></span> <span class='ocrx_word' id='word_1_872' title='bbox 2794 5518 2888 5556; x_wconf 89' lang='lat' dir='ltr'><strong>ore</strong></span> <span class='ocrx_word' id='word_1_873' title='bbox 2926 5511 3147 5571; x_wconf 90' lang='lat' dir='ltr'><strong>propter</strong></span> <span class='ocrx_word' id='word_1_874' title='bbox 3171 5499 3497 5552; x_wconf 86' lang='lat' dir='ltr'><strong>locutionem</strong></span> 
     </span>
    </p>
   </div>
   <div class='ocr_carea' id='block_1_118' title="bbox 1926 5590 3498 5669">
    <p class='ocr_par' dir='ltr' id='par_1_118' title="bbox 1926 5590 3498 5669">
     <span class='ocr_line' id='line_1_118' title="bbox 1926 5590 3498 5669; baseline -0.009 -15"><span class='ocrx_word' id='word_1_875' title='bbox 1926 5611 2087 5669; x_wconf 86' lang='lat' dir='ltr'><strong>atque</strong></span> <span class='ocrx_word' id='word_1_876' title='bbox 2123 5602 2173 5652; x_wconf 91' lang='lat' dir='ltr'><strong>in</strong></span> <span class='ocrx_word' id='word_1_877' title='bbox 2210 5598 2371 5651; x_wconf 79' lang='lat' dir='ltr'><strong>rortlc</strong></span> <span class='ocrx_word' id='word_1_878' title='bbox 2418 5604 2636 5665; x_wconf 72' lang='lat' dir='ltr'><strong>propter</strong></span> <span class='ocrx_word' id='word_1_879' title='bbox 2670 5595 2885 5648; x_wconf 79' lang='lat' dir='ltr'><strong>vit:=lem</strong></span> <span class='ocrx_word' id='word_1_880' title='bbox 2926 5592 3241 5661; x_wconf 83' lang='lat' dir='ltr'><strong>potentiam,</strong></span> <span class='ocrx_word' id='word_1_881' title='bbox 3270 5590 3498 5657; x_wconf 87' lang='lat' dir='ltr'><strong>imponit</strong></span> 
     </span>
    </p>
   </div>
   <div class='ocr_carea' id='block_1_119' title="bbox 1924 5681 3497 5754">
    <p class='ocr_par' dir='ltr' id='par_1_119' title="bbox 1924 5681 3497 5754">
     <span class='ocr_line' id='line_1_119' title="bbox 1924 5681 3497 5754; baseline -0.01 -9"><span class='ocrx_word' id='word_1_882' title='bbox 1924 5692 1972 5745; x_wconf 90' lang='lat' dir='ltr'><strong>ei</strong></span> <span class='ocrx_word' id='word_1_883' title='bbox 2010 5704 2221 5742; x_wconf 77' lang='lat' dir='ltr'><strong>manum</strong></span> <span class='ocrx_word' id='word_1_884' title='bbox 2248 5694 2431 5754; x_wconf 83' lang='lat' dir='ltr'><strong>utpote</strong></span> <span class='ocrx_word' id='word_1_885' title='bbox 2459 5694 2833 5740; x_wconf 87' lang='lat' dir='ltr'><strong>consecratam</strong></span> <span class='ocrx_word' id='word_1_886' title='bbox 2866 5694 2916 5737; x_wconf 91' lang='lat' dir='ltr'><strong>et</strong></span> <span class='ocrx_word' id='word_1_887' title='bbox 2953 5685 3002 5735; x_wconf 84' lang='lat' dir='ltr'><strong>in</strong></span> <span class='ocrx_word' id='word_1_888' title='bbox 3051 5681 3497 5748; x_wconf 82' lang='lat' dir='ltr'><strong>Spiritnoperan—</strong></span> 
     </span>
    </p>
   </div>
   <div class='ocr_carea' id='block_1_120' title="bbox 1929 5772 3495 5847">
    <p class='ocr_par' dir='ltr' id='par_1_120' title="bbox 1929 5772 3495 5847">
     <span class='ocr_line' id='line_1_120' title="bbox 1929 5772 3495 5847; baseline -0.004 -16"><span class='ocrx_word' id='word_1_889' title='bbox 1929 5791 2056 5847; x_wconf 85' lang='lat' dir='ltr'><strong>tem,</strong></span> <span class='ocrx_word' id='word_1_890' title='bbox 2110 5792 2401 5847; x_wconf 75' lang='lat' dir='ltr'><strong>precesque</strong></span> <span class='ocrx_word' id='word_1_891' title='bbox 2459 5789 2639 5833; x_wconf 70' lang='lat' dir='ltr'><strong>sacras</strong></span> <span class='ocrx_word' id='word_1_892' title='bbox 2696 5775 3023 5845; x_wconf 77' lang='lat' dir='ltr'><strong>pronuntiat.</strong></span> <span class='ocrx_word' id='word_1_893' title='bbox 3060 5774 3123 5825; x_wconf 75' lang='lat' dir='ltr'><strong>At</strong></span> <span class='ocrx_word' id='word_1_894' title='bbox 3180 5772 3495 5843; x_wconf 74' lang='lat' dir='ltr'><strong>priusquam</strong></span> 
     </span>
    </p>
   </div>
  </div>
