4238 6444
704 386 812 454 219

1527 393 1915 454 SYMEONIS
1946 390 2699 452 TIIESSALONICENSIS
2740 393 3097 456 ARCIIIEP.

3842 392 3954 458 2’20

704 484 999 557 confitetur
1039 501 1314 572 'quoniam
1343 503 1623 560 veritatem
1660 505 1953 558 annuntiat
2001 506 2270 572 istamque
2301 507 2340 560 A
2373 519 2378 530 ‘

2301 507 2340 560 Α
2373 503 2494 569 γὴν,
2520 504 2548 554 6
2582 502 2891 572 ἀρχιερεὺς,
2934 523 2951 555 ι
3006 503 3355 572 Ἐμφύσησον
3384 503 3552 573 αὐτῷ,
3593 521 3611 555 ι
3639 504 3794 574 φησὶ,
3825 523 3953 558 τον-

705 602 921 659 nportct
975 609 1156 648 coram
1207 595 1414 663 angelis
1495 604 1550 649 et
1607 594 1918 651 hominibus
1979 595 2271 665 prtedicare

705 696 976 751 perquam
1004 684 1188 740 salvus
1212 686 1334 753 erit,
1366 685 1642 758 Deumque
1663 691 2036 744 universorum
2059 704 2270 743 annun-

707 773 846 825 tiare
865 781 1046 840 aperte
1067 783 1150 830 est
1178 779 1573 843 necessarium,
1605 781 2125 837 consubstantialem
2147 782 2271 838 dico

711 859 1027 916 Trinitatem
1050 874 1103 920 et
1136 863 1311 921 solum
1343 867 1436 937 qui
1474 877 1556 924 est
1582 867 1768 935 Deum,
1803 873 1896 924 sed
1929 879 1985 926 et
2030 873 2190 926 unius
2239 889 2269 927 a

713 948 975 1007 Trinitate
995 954 1158 1010 Verbi
1211 955 1305 1014 Dei
1340 957 1538 1014 factam
1567 970 1788 1032 propter
1843 978 1943 1019 nos
1977 980 2006 1019 e
2050 961 2270 1033 Virgine

710 1040 1158 1102 incarnationem.
1183 1044 1294 1104 Hoc
1319 1050 1481 1119 igitur
1499 1062 1579 1105 ter
1603 1051 1765 1118 facto,
1784 1063 1838 1110 et
1865 1066 2149 1125 postquam
2189 1066 2272 1111 ter

705 1147 925 1188 rursum
949 1136 1307 1209 interrogatus
1331 1142 1571 1200 :Fateris
1596 1143 1914 1202 Christum?
1939 1156 2020 1203 ter
2045 1164 2270 1217 respon-

707 1223 788 1278 dit
822 1239 886 1278 ex
942 1229 1104 1282 corde
1142 1238 1194 1284 et
1224 1229 1391 1287 dixit:
1424 1251 1442 1285 ι
1469 1233 1724 1290 Fatemur
1765 1253 1911 1301 eum,
1947 1258 1965 1291 ι
2030 1240 2267 1309 pontifex

706 1316 893 1370 a.ldit:
952 1337 970 1369 ι
1009 1317 1069 1373 Et
1127 1321 1291 1376 adora
1361 1339 1508 1381 eum.
1544 1345 1563 1378 t
1611 1326 1674 1382 Et
1721 1329 2143 1398 signatuscruce
2175 1349 2270 1400 per

710 1421 926 1460 manum
952 1409 1090 1477 ejus,
1112 1413 1255 1478 quod
1277 1413 1474 1468 Christi
1494 1415 1891 1478 confessionem
1915 1431 2174 1474 eonnotat
2218 1435 2270 1476 et

709 1497 1224 1564 ntanifestitionem,
1249 1513 1532 1572 postquam
1553 1517 1631 1560 ter
1652 1509 1955 1563 adoraverit
1981 1514 2270 1568 ostendens

706 1589 1021 1644 servitutem
1047 1601 1102 1645 et
1132 1609 1313 1648 veram
1338 1608 1461 1649 cum
1516 1597 1856 1653 confessione
1881 1602 2266 1671 obedientiam,

711 1680 778 1733 ad
801 1683 1065 1738 orientem
1096 1689 1448 1754 convertitur,
1475 1700 1528 1744 et
1561 1691 1826 1746 benedieit
1843 1693 2081 1762 pontifex
2106 1693 2268 1749 Detnn

713 1772 806 1835 qui
869 1776 982 1828 vult
1014 1791 1205 1832 omnes
1255 1780 1436 1836 salvos
1487 1783 1648 1849 fieri;
1723 1785 1800 1838 sic
1857 1786 2000 1838 enim
2062 1797 2271 1854 Oportet

707 1864 772 1916 de
822 1866 1078 1923 omnibus
1120 1853 1334 1936 gratias.
1384 1888 1563 1941 agere,
1598 1883 1652 1929 et
1715 1876 2010 1943 prmsrrtim
2065 1879 2130 1932 de
2168 1881 2267 1933 lm-

710 1959 912 2010 tninunt
956 1961 1150 2015 salute.
1209 1963 1273 2017 Et
1317 1964 1389 2018 ita
1440 1967 1747 2035 suscipiens
1792 1969 1964 2035 ipsum
2015 1972 2270 2024 catechu-

713 2064 925 2103 tnenum
951 2066 1045 2119 per
1070 2067 1288 2109 manum
1323 2057 1480 2125 quasi
1521 2059 1783 2126 perditum
1825 2061 2130 2126 inveniens,
2185 2064 2268 2116 in-

709 2141 944 2196 troducit
983 2143 1036 2198 in
1069 2146 1350 2214 templum,
1415 2163 1606 2218 nempe
1639 2150 1782 2206 velut
1818 2151 1872 2206 in
1920 2154 2116 2209 emlum
2187 2158 2267 2212 vel

708 2234 761 2289 in
815 2238 1150 2306 paradisum,
1213 2248 1525 2296 monstrans
1587 2257 1789 2298 seeum
1855 2245 1919 2298 ad
1978 2245 2267 2303 Dominum

704 2327 797 2395 qui
832 2328 1089 2385 amiserat
1133 2329 1408 2385 reducere.
1449 2329 1718 2388 Caudium
1756 2350 1883 2391 vero
1917 2337 2269 2396 manifestans

707 2432 820 2485 quo
846 2433 969 2474 cum
1029 2419 1234 2490 angelis
1263 2421 1458 2492 gaudet
1489 2423 1555 2477 de
1584 2436 1867 2494 peccatore
1899 2430 2266 2496 paenitentiam

707 2519 937 2576 agente:
977 2528 994 2561 ι
1034 2509 1241 2579 Gaude,
1274 2515 1449 2581 gratia
1479 2515 1655 2584 plena,
1688 2534 1707 2569 ι
1771 2519 1846 2574 ait
1893 2521 2184 2587 cantando,
2216 2532 2269 2579 et

708 2597 1029 2665 ingreditur.
1073 2599 1193 2668 Ipsa
1239 2603 1383 2656 enim
1427 2612 1513 2659 est
1539 2618 1701 2659 causa
1749 2607 2002 2662 salutaris
2047 2609 2265 2677 laetitiae,

712 2696 862 2755 porta
880 2690 1178 2756 salutifera,
1209 2707 1332 2761 qua
1356 2693 1583 2748 salutem
1618 2696 1774 2752 nobis
1797 2698 2148 2768 dispensavit,
2179 2718 2270 2759 te-

708 2797 934 2852 ramque
966 2785 1072 2838 Deo
1100 2785 1339 2840 laetitiam
1363 2785 1595 2842 Verbum
1625 2789 1792 2844 Deum
1819 2806 1886 2846 ex
1917 2793 2032 2861 ipsa
2077 2793 2258 2849 incar-

709 2881 893 2926 natum
919 2882 1110 2928 sancto
1131 2884 1185 2930 et
1211 2875 1451 2944 virgineo
1474 2886 1628 2942 partu
1686 2881 1872 2950 genuit
1919 2883 1984 2936 ad
2020 2893 2263 2940 nostram

708 2961 1174 3021 instaurationem.
1205 2964 1430 3036 Insuper
1457 2968 1762 3025 Simeonem
1795 2972 2034 3031 referens
2089 2978 2266 3046 ponti-

709 3053 794 3107 fex
858 3055 1078 3109 adducit
1132 3057 1185 3110 in
1243 3069 1590 3126 conspectum
1649 3060 1837 3118 altaris
1909 3063 2263 3134 baptizatum,

703 3144 948 3200 iztlieans
1007 3162 1065 3200 se
1115 3162 1238 3200 eum
1287 3146 1519 3215 offerre;
1568 3149 1723 3214 jubet
1776 3155 1940 3208 etiam
2005 3157 2260 3212 illumter

708 3236 876 3291 Deum
930 3238 1174 3299 adorare.
1201 3240 1458 3307 quoniam
1497 3241 1550 3294 in
1580 3243 1810 3310 gratiam
1844 3245 1932 3298 Dei
1973 3247 2131 3302 rediit
2168 3267 2261 3319 per

705 3331 1113 3384 conversionem
1135 3332 1591 3399 quemadmodum
1616 3335 1707 3388 ille
1738 3336 2022 3405 prodigus.
2051 3355 2259 3393 necnon

707 3415 772 3468 ad
801 3416 1118 3484 dignitatem
1156 3419 1248 3472 filii
1279 3429 1334 3473 et
1385 3421 1451 3473 ad
1484 3422 1977 3492 incorruptionem,
2031 3428 2259 3493 primaut

709 3507 946 3574 Spiritus
973 3509 1193 3575 stolam,
1222 3525 1330 3579 quo
1374 3513 1612 3565 nondum
1649 3515 1843 3568 melius
1879 3524 1933 3568 et
1986 3520 2262 3573 excellen-

711 3599 816 3652 tius
866 3601 1128 3667 pervenit,
1157 3616 1252 3669 per
1297 3601 1538 3657 divinum
1565 3603 1852 3673 baptisma.
1891 3605 1995 3661 Sed
2031 3619 2088 3663 ut
2112 3621 2258 3666 cet-ta

709 3687 1084 3743 sitconversio
1101 3699 1155 3744 et
1183 3691 1478 3751 confessio.
1511 3707 1830 3762 sponsorem
1863 3713 2077 3766 quoque
2108 3713 2262 3756 vorat

707 3782 967 3852 pontifex,
991 3798 1150 3850 quem
1184 3783 1331 3852 iubet
1389 3793 1472 3840 ter
1501 3787 1668 3840 altare
1697 3789 1924 3842 adorare
1957 3793 2008 3844 iu
2041 3809 2145 3859 quo
2171 3794 2261 3847 ba-

711 3872 843 3925 tsitat
861 3870 1020 3936 Deus,
1045 3872 1169 3926 hinc
1189 3873 1568 3927 demonstrans
1590 3890 1648 3928 se
1674 3875 1831 3929 Iidem
1855 3877 1984 3932 dare
2016 3888 2126 3933 tute
2151 3897 2262 3935 ser-

706 3961 863 4014 vandi
913 3963 965 4015 in
1026 3961 1127 4016 fide
1176 3963 1368 4030 piaque
1423 3965 1834 4019 conversatione
1904 3967 2258 4037 baptizatum.

708 4053 835 4105 Dein
861 4053 904 4107 si
937 4052 1115 4106 infans
1137 4052 1350 4121 quidem
1383 4050 1544 4107 fuerit
1601 4053 1989 4123 baptizandus,
2031 4060 2260 4113 inclina-

706 4153 793 4197 ιιιε
819 4144 962 4196 hunc
990 4143 1216 4212 suscipit
1246 4159 1476 4211 sponsor
1513 4159 1698 4199 coram
1746 4148 1916 4206 sacris
1945 4147 2152 4204 foribus
2178 4152 2260 4220 ja-

703 4243 939 4298 ceutem,
969 4234 1115 4288 velut
1165 4250 1197 4289 e
1246 4237 1496 4292 manibus
1524 4238 1747 4292 Christi.
1794 4239 1851 4294 Si
1883 4255 2010 4295 vero
2049 4253 2260 4296 aetatem

705 4326 883 4388 habet,
915 4325 1240 4392 baptizatum
1262 4341 1292 4379 e
1314 4341 1476 4380 manu
1503 4327 1719 4395 accipit,
1747 4330 1887 4383 idem
1918 4332 2256 4400 significans,

704 4430 894 4483 nempe
921 4431 979 4469 se
1006 4429 1130 4469 eum
1177 4430 1206 4469 a
1246 4415 1464 4471 Christo
1494 4418 1790 4488 suscipere,
1831 4430 1886 4474 et
1927 4423 2074 4491 quod
2125 4439 2260 4492 praes

2373 593 2552 644 τέστιν
2576 594 2640 644 ὲκ
2679 593 2777 662 τῆς
2808 594 3030 663 καρδίας
3062 595 3387 666 ἀπόρριψον,
3432 598 3526 648 καὶ
3575 597 3682 649 ἀπὸ
3722 597 3954 666 καρδίας

2373 680 2658 751 ἁθέτησον,
2718 683 2812 736 καὶ
2867 685 3226 755 καταίσχυνω
3254 687 3346 739 τὸν
3381 687 3594 758 ιχθρόν.
3627 689 3737 741 Kal
3791 689 3955 740 τοῦτο

2373 775 2604 828 ποιεῖται
2625 774 2744 844 τρὶς
2778 774 2865 827 διὰ
2897 776 2957 828 τὸ
2979 777 3217 845 ἀσφαλὲς
3245 780 3341 847 τῆς
3363 780 3642 850 ἀποταγῖκ
3667 780 3758 832 τοῦ
3784 797 3956 849 «our.-

2375 866 2491 935 ροῢ,
2523 867 2616 919 καὶ
2647 868 2726 929 εις
2759 867 2917 933 δόξαν
2943 869 3038 921 τοῦ
3072 871 3130 921 ὲν
3159 867 3349 941 Τριάδι
3394 872 3556 940 μόνου
3595 873 3730 925 Θεοῦ
3765 873 3948 941 ἡμῶν,

2369 959 2461 1012 τοῦ
2491 959 2886 1023 καταϐαλόντος
2911 962 3001 1013 τὸν
3031 963 3283 1033 πονηρόν.
3310 959 3472 1020 ἓΕἷτα
3499 968 3722 1034 στρέφει
3757 964 3954 1018 τοῦτον

2371 1052 2512 1104 κατὰ
2538 1052 2804 1116 ἀνατολάς
2828 1070 2843 1086 ’
2876 1055 3009 1123 πρὸς
3043 1055 3103 1106 τὸ
3126 1055 3243 1122 φῶς
3305 1055 3414 1123 γὰρ
3461 1055 3652 1123 ἀνάγει
3704 1056 3810 1109 ὰπὸ
3852 1055 3954 1108 τοῦ

2371 1139 2616 1207 σκότους,
2651 1143 2744 1195 καὶ
2777 1142 2838 1193 ἐκ
2863 1140 2954 1194 τοῦ
2983 1141 3212 1212 ψεύδους
3239 1144 3375 1213 πρὸς
3399 1144 3804 1215 τὴν”ἀλὴθειαν.
3838 1145 3956 1198 Καί

2372 1232 2898 1300 φησινόάρχιερεύς
2936 1249 2949 1263 ·
2997 1251 3015 1285 ι
3056 1235 3214 1296 Εἰπὲ,
3275 1237 3389 1290 Kal
3438 1237 3816 1304 συντάσσομαι
3869 1236 3954 1304 τῷ

2370 1322 2613 1391 Χριστῷ,
2643 1326 2736 1378 καὶ
2764 1325 3006 1378 πιστεύω
3032 1327 3108 1387 εις
3130 1326 3224 1378 ἕνα
3247 1326 3377 1380 Θεὸν
3403 1327 3619 1398 Πατέρα
3643 1329 3956 1394 παντοκρά-

2368 1431 2525 1484 τορα,
2566 1433 2584 1468 ι
2625 1418 2717 1470 καὶ
2747 1418 2814 1469 τὰ
2847 1417 2995 1483 ἑξῆς.
3050 1421 3139 1471 Δεῖ
3185 1419 3294 1489 γὰρ
3339 1419 3503 1473 αὐτὸν
3556 1421 3615 1472 τὸ
3670 1421 3956 1489 τρισήλιςν

2368 1504 2624 1572 καθαρῶς
2655 1506 3056 1575 mmmam
3089 1509 3223 1574 φῶς,
3249 1508 3322 1570 ὠς
3360 1509 3425 1560 ἂν
3484 1511 3575 1563 καὶ
3632 1513 3697 1579 τῇ
3745 1512 3951 1579 καρδία

2367 1594 2583 1662 δέξηται
2608 1595 2703 1664 τὴν
2733 1597 2938 1666 λὰμιζιιν
2971 1598 3158 1652 αὐτοῦ.
3194 1600 3304 1668 Τὴν
3360 1601 3652 1668 ὁμολογίαν
3710 1601 3804 1654 οὐν
3854 1601 3953 1654 τοῦ

2370 1685 2515 1746 ἱεροῦ
2546 1687 2820 1750 Συμϐόλου
2855 1690 3032 1741 πᾶσαν
3060 1690 3327 1758 λαμπρῶς
3372 1691 3448 1760 τῷ
3481 1693 3711 1760 στόματι
3771 1692 3952 1760 λέγει.

2371 1776 2479 1829 Kal
2505 1777 2662 1829 τοῦτο
2713 1783 2944 1832 ποιεῖται
3003 1780 3142 1849 τρὶς,
3207 1780 3442 1847 βεόαιῶν
3484 1785 3584 1849 τὴν
3636 1785 3953 1853 ὁμολογίαν⁹

2301 1854 2342 1906 Β
2371 1865 2488 1934 ἅμα
2517 1867 2570 1918 δὲ
2605 1869 2697 1919 καὶ
2728 1869 2806 1927 εἰς
2848 1869 3032 1936 τιμὴν,
3068 1870 3142 1931 ὡς
3175 1872 3478 1940 ετρὴκαςιεν
3543 1873 3639 1941 τῆς
3688 1891 3956 1942 τρισυττο·

2374 1957 2571 2010 στὰτου
2600 1958 2884 2026 Θεότητος.
2936 1960 3223 2029 Ὁμολογεῖ
3252 1963 3306 2015 δὲ
3332 1963 3490 2015 τοῦτο
3521 1965 3791 2033 φανερῶς,
3827 1965 3955 2017 ἐπεὶ

2370 2045 2470 2112 τὴν
2490 2045 2751 2114 ἀλήθειαν
2783 2049 3138 2116 καταγγέλλει
3168 2065 3182 2080 ο
3213 2053 3305 2103 καὶ
3335 2051 3414 2103 ὃτι
3443 2050 3670 2104 ἐνώπιον
3700 2053 3958 2120 ἀγγέλων

2369 2132 2567 2188 δεῖκαὶ
2593 2136 2898 2205 ἀνθρώπων
2924 2140 3125 2211 ταύτην
3149 2143 3469 2212 κηρύσσειν,
3497 2144 3564 2198 δι’
3600 2138 3668 2216 ἧς
3699 2146 3794 2198 nl
3839 2162 3953 2199 σω-

2371 2227 2614 2298 θήσεται.
2642 2229 2749 2282 Kal
2787 2229 2878 2283 τὸν
2903 2229 3038 2285 Θεὸν
3065 2233 3172 2287 τῶν
3201 2234 3341 2288 ὅλων
3387 2237 3787 2305 καταγγέλλειν
3842 2237 3956 2308 χρὴ

2371 2322 2678 2392 παρρησίᾳ,
2721 2320 2819 2390 τὴν
2851 2325 3140 2392 όμοούσιόν
3169 2343 3312 2395 φημι
3361 2327 3590 2396 Τριάδα,
3639 2329 3730 2380 τὸν
3787 2330 3957 2397 μόνον

2369 2410 2535 2473 ὅντως
2559 2412 2686 2464 ὅντα
2709 2413 2862 2478 Θεὸν,
2886 2415 3024 2468 ἀλλὰ
3057 2417 3266 2470 καὶτοῦ
3304 2420 3421 2482 ἑνὸς
3448 2419 3547 2487 τῆς
3585 2420 3819 2488 Τριάδος
3848 2421 3955 2474 τοῦ

2367 2501 2504 2556 Θιοῦ
2534 2503 2712 2572 Λόγου
2736 2507 2834 2577 τὴν
2860 2507 3000 2577 ὑπὲρ
3025 2511 3182 2577 ἡμῶν
3215 2513 3278 2564 ὲκ
3330 2512 3611 2578 Παρθένου
3643 2512 3952 2582 σάρκωσιν.

2371 2591 2542 2646 Τοῦτο
2569 2590 2662 2648 οὖν
2693 2598 3065 2666 ποιησαμένου
3091 2600 3232 2669 τρὶς,
3267 2603 3360 2653 καὶ
3397 2600 3764 2671 ἐρωτηθέντος
3789 2600 3956 2664 αὐθις

2367 2682 2507 2754 τρὶς,
2548 2703 2566 2736 ι
2611 2687 2893 2752 Συνετάξω
2935 2687 3011 2757 τῷ
3067 2690 3284 2759 Χριστῷ
3308 2707 3323 2757 ;
3355 2708 3372 2740 ι
3413 2689 3509 2743 καὶ
3557 2690 3956 2758 ἀποκριθέντος

2368 2775 2487 2844 τρὶς
2520 2777 2582 2829 ἐκ
2604 2777 2852 2846 καρδίας,
2888 2780 2983 2832 καὶ
3007 2780 3312 2850 είρηκότος,
3353 2799 3371 2833 ι
3414 2781 3800 2851 Συνεταξάμην
3850 2785 3956 2834 αἰ-

2365 2867 2464 2939 «up,
2510 2887 2528 2921 ι
2562 2871 2590 2922 6
2618 2869 2904 2940 ἀρχιερεύς
2938 2887 3092 2941 φησι,
3126 2889 3144 2922 ι
3181 2873 3286 2924 Καὶ
3318 2870 3696 2943 προσκύνησον
3722 2873 3894 2941 αὐτῷ,
3925 2892 3948 2926 a

2367 2960 2459 3012 καὶ
2486 2961 2931 3029 σφραγισαμένου
2964 2961 3184 3031 σταυρῷ
3233 2963 3320 3016 διὰ
3353 2963 3450 3032 τῆς
3515 2963 3695 3032 χειρὸς
3753 2966 3948 3032 αὐτοῦ,

2367 3050 2395 3102 ὃ
2431 3051 2530 3120 τὴν
2553 3051 2644 3104 τοῦ
2671 3051 2907 3122 Χριστοῦ
2951 3053 3241 3120 ὁμολογίαν
3287 3053 3437 3122 δηλοῖ
3475 3054 3570 3108 καὶ
3619 3053 3949 3123 σημείωσιν,

2369 3145 2463 3195 καὶ
2508 3146 2987 3214 προσκυνήσαντος
3037 3145 3176 3213 τρτς,
3229 3145 3633 3212 ἐνδεικνυμένου
3690 3145 3791 3214 τὴν
3829 3145 3954 3196 δου-

2364 3233 2530 3296 λείαν,
2556 3234 2651 3285 καὶ
2682 3233 2778 3303 τὴν
2808 3235 2984 3303 ἁληθῆ
3016 3237 3151 3301 μετᾶ
3184 3235 3282 3301 τῆς
3303 3234 3597 3301 ὁμολογίας
3629 3235 3940 3304 ὑποταγὴν,

2366 3325 2658 3394 στρέφεται
2694 3325 2830 3395 πρὸς
2863 3326 3144 3390 ἀνατολὰς,
3183 3328 3278 3380 καὶ
3312 3327 3524 3394 εὐλογεῖ
3581 3327 3674 3379 τὸν
3735 3328 3868 3380 Θεὸν
3907 3329 3940 3380 ὁ

2365 3415 2651 3484 ἀρχιερεὺς
2683 3418 2776 3468 τὶν
2806 3418 3016 3480 πάντας
3042 3418 3278 3487 σωθῆναι
3329 3417 3569 3470 θέλοντα.
3605 3416 3762 3470 Οὐτω
3833 3418 3947 3488 γὰρ

2363 3502 2441 3554 δεῖ
2470 3505 2806 3573 εὐχαριστεῖν
2839 3507 2932 3557 ἐπὶ
2963 3508 3117 3571 πᾶσι,
3153 3509 3246 3558 καὶ
3280 3508 3484 3574 μᾶλλον
3503 3512 3565 3577 τῇ
3591 3509 3700 3560 τῶν
3729 3507 3951 3578 ἀνθρώ-

2365 3610 2482 3646 πων
2510 3596 2772 3666 σωτηρίᾳ.
2804 3598 2913 3649 Kal
2937 3596 3077 3649 οὕτω
3113 3600 3392 3666 κρατήσας
3417 3600 3578 3652 αὐτὸν
3619 3600 3711 3652 τὸν
3769 3617 3948 3670 κατη-

2363 3682 2623 3751 χούμενον
2654 3685 2753 3753 τῆς
2790 3690 2967 3754 χειρὸς
2998 3685 3071 3748 ὡς
3108 3689 3199 3741 τὸν
3233 3687 3553 3740 ἀπολωλότα
3585 3688 3789 3758 εὑρὼν,
3824 3692 3948 3743 εἰσε-

2367 3775 2490 3841 άγει
2526 3776 2605 3837 είς
2659 3775 2750 3828 τὸν
2777 3776 3020 3840 nimii);
3045 3778 3124 3839 ei;
3169 3779 3259 3830 τὸν
3314 3779 3543 3848 οὐρινὶν
3586 3779 3853 3849 δηλονότι,
3907 3781 3943 3850 ἢ

2364 3865 2820 3935 τδνπαρᾶδεισον,
2851 3869 3082 3934 δεικνὺς,
3117 3872 3192 3933 ὡς
3263 3872 3566 3939 προσφέρει
3624 3871 3813 3932 τοῦτον
3864 3872 3946 3941 τῷ

2364 3958 2726 4012 ἀπολωλεκότι
2749 3960 3004 4032 δεσπότῃ.
3037 3964 3149 4029 Τὴν
3171 3966 3344 4032 χαρὰν
3373 3963 3428 4015 δὲ
3463 3963 3664 4031 δηλῶν,
3698 3963 3768 4030 ἢν
3803 3965 3945 4031 μετᾶ

2362 4048 2470 4100 τῶν
2503 4050 2748 4116 ἀγγέλων
2807 4053 2985 4123 χαίρει
3041 4054 3133 4106 ἐπὶ
3195 4051 3543 4122 μετανοοῦντι
3607 4053 3939 4121 ἁμαρτωλῷ.

2370 4157 2388 4190 ι
2418 4141 2609 4210 Χαῖρε,
2637 4145 3076 4212 κεχαριτωμένη,
3118 4163 3135 4194 t
3187 4146 3352 4212 φησιν
3383 4144 3594 4208 ὑμνῶν,
3631 4147 3724 4196 καὶ
3758 4145 3942 4213 εἰσέρ-

2363 4247 2533 4298 χεται.
2565 4230 2711 4300 Αὕτη
2735 4234 2844 4301 γὰρ
2874 4234 2904 4302 ή
2937 4235 3158 4304 ἀπαρχὴ
3185 4235 3282 4304 τῆς
3327 4236 3598 4306 σωτηρίου
3667 4237 3868 4304 χαρᾶς,
3905 4238 3938 4304 ἡ

2367 4323 2628 4391 σωτήριος
2660 4324 2822 4391 πύλη,
2855 4325 2887 4392 ὴ
2921 4327 3017 4393 τὴν
3056 4327 3325 4393 σωτηρίαν
3347 4327 3476 4392 ἡμῖν
3498 4328 3932 4394 οίκονομήσασα,

2365 4413 2457 4465 καὶ
2482 4412 2580 4481 τὴν
2597 4413 2770 4483 ἀληθῆ
2795 4416 2970 4484 χαρὰν
2998 4415 3075 4484 τῷ
3100 4416 3311 4486 κόσμῳ,
3344 4417 3433 4469 τδν
3461 4416 3594 4468 Θεὸν
3647 4418 3821 4484 Λόγον
3853 4435 3942 4470 σε-

704 4507 848 4559 illius
883 4504 1059 4559 factus
1104 4513 1189 4560 est
1227 4521 1354 4577 erga
1388 4507 1688 4575 Christum,
1723 4510 2125 4581 spiuitualisque
2153 4515 2256 4569 erit
2291 4513 2333 4568 D
2368 4521 2378 4555 ε

2291 4513 2333 4568 ο
2368 4505 2719 4573 σαρκωμένον
2748 4503 2807 4568 ἐξ
2843 4506 3012 4574 αὐτῆς
3036 4506 3348 4576 γεννήσασα
3373 4505 3546 4574 ἁγίως
3577 4523 3636 4559 τε
3661 4508 3755 4559 καὶ
3791 4524 3935 4574 παρ-

701 4598 820 4666 ejus
837 4603 1008 4667 pater.
1025 4595 1182 4651 llnde
1199 4597 1347 4652 illum
1365 4599 1701 4667 prehendens
1725 4601 1940 4656 adducit
1961 4603 2027 4658 ad
2046 4619 2256 4659 sacram

703 4691 963 4760 piscinam
1011 4689 1304 4744 ostendens
1335 4688 1605 4744 initiatum
1644 4690 1899 4759 libenter,
1935 4707 2041 4747 non
2067 4703 2253 4750 autem

698 4781 752 4835 vi
781 4780 1037 4835 accedere
1068 4780 1136 4834 ad
1173 4779 1520 4850 baptismum,
1553 4782 1715 4837 ducet
1757 4785 1919 4838 etiam
1971 4785 2037 4839 ad
2093 4796 2258 4843 testes

701 4871 906 4926 scilicet
935 4871 1112 4941 primo
1137 4880 1193 4925 et
1241 4873 1508 4942 praecipue
1543 4875 1735 4939 Deum,
1797 4876 1995 4930 deinde
2038 4878 2258 4946 pontifi-

701 4978 816 5016 rem
838 4970 893 5016 et
911 4962 1185 5018 adstantes
1205 4962 1386 5018 fideles
1407 4963 1500 5032 qui
1518 4979 1707 5019 omnes
1727 4975 1851 5019 sunt
1873 4967 2255 5035 mysteriorum

702 5063 886 5119 testes,
918 5054 1094 5124 ipsum
1144 5054 1309 5108 etiam
1371 5069 1693 5123 sponsorem
1713 5072 1836 5110 eum
1875 5059 2253 5124 adducentem,

698 5153 753 5199 et
781 5146 1078 5215 prasertitn
1103 5144 1318 5199 divinos
1361 5160 1418 5199 sa
1433 5147 1853 5216 nctissimosque
1917 5150 2134 5219 angelos
2162 5151 2256 5220 qui

701 5233 1043 5288 invisibiliter
1067 5232 1264 5287 adsunt
1294 5242 1347 5286 et
1375 5231 1624 5287 lzetantur
1684 5234 1752 5289 de
1815 5237 1991 5291 salute
2047 5237 2258 5292 divina-

701 5339 807 5391 que
840 5323 1093 5391 baptizati
1127 5323 1179 5376 in
1212 5323 1410 5392 spiritu
1443 5324 1722 5381 nativitate
1757 5327 2018 5396 illumque
2060 5330 2112 5383 in
2148 5347 2258 5386 cato

701 5417 770 5472 lis
814 5416 1148 5478 adscribunt,
1185 5417 1293 5484 jam
1343 5415 1640 5472 familiares
1687 5429 1739 5472 et
1797 5421 1951 5473 amici
2008 5419 2134 5475 facti
2188 5424 2256 5477 ab

699 5511 1081 5564 emundatioue
1133 5523 1197 5562 ex
1252 5509 1436 5563 divino
1475 5511 1690 5565 lavacro
1723 5511 1942 5565 obtenta
1979 5524 2031 5566 et
2086 5531 2256 5582 ungu-

700 5602 809 5655 enti
831 5600 1126 5670 signaculo.
1152 5599 1275 5654 Ideo
1305 5604 1665 5655 necessarium
1710 5612 1792 5656 est
1824 5611 1954 5656 tunc
1988 5618 2111 5656 cum
2145 5609 2255 5673 pie-

704 5702 813 5748 tate
835 5702 888 5748 et
921 5693 1116 5762 gaudio
1151 5695 1340 5746 adesse
1371 5692 1554 5747 fideles
1609 5692 1718 5747 fere
1770 5708 1978 5757 omnes,
2025 5702 2078 5748 et
2136 5711 2252 5750 crc—

699 5786 829 5839 dere
881 5783 1101 5853 angi-los
1156 5781 1368 5837 adstare
1426 5783 1518 5853 qui
1572 5785 1820 5839 laetantur
1869 5783 1934 5838 de
1969 5792 2252 5853 peccatore

2365 4596 2591 4658 θενικῶς
2615 4598 2694 4657 είς
2717 4598 2990 4667 ἡμετέραν
3016 4597 3334 4650 ἀνάπλασιν.
3367 4598 3475 4650 Kal
3501 4597 3570 4650 τὰ
3589 4598 3683 4650 τοῦ
3709 4597 3937 4668 Συμεὼν

2361 4687 2418 4740 δὲ
2449 4687 2700 4739 ἐκτυπιῖιν
2728 4690 2755 4740 6
2786 4689 3094 4758 ἀρχιερεὺς,
3129 4691 3393 4756 προσάγει
3425 4687 3522 4740 τοῦ
3545 4689 3932 4760 θυσιαστηρίου

2362 4777 2593 4830 ἐνώπιον
2623 4779 2714 4831 τὸν
2752 4778 3166 4847 βαπτιζόμενον,
3199 4779 3392 4847 δηλῶν,
3421 4779 3499 4841 ὡς
3549 4779 3630 4831 ὃτι
3669 4781 3934 4849 προσέφεο

2363 4886 2444 4940 ρε.
2482 4868 2587 4921 Kal
2617 4871 2763 4921 ποιεῖ
2799 4869 2987 4922 τοῦτον
3045 4871 3164 4935 τρὶς
3222 4869 3595 4938 προσκυνῆσαι
3647 4869 3768 4939 Θεῷ
3804 4887 3820 4903 '
3853 4873 3931 4925 ὅτι

2362 4961 2459 5014 καὶ
2505 4959 2873 5028 κατήλλακται
2917 4961 2994 5029 τῷ
3032 4959 3148 5028 Θεῷ
3199 4960 3267 5012 δι’
3329 4963 3682 5029 επιστροφῆς,
3742 4960 3934 5030 ὥσπερ

2360 5049 2566 5110 ἐκεῖνος
2593 5050 2621 5101 6
2650 5049 2878 5114 ἄσωτος,
2903 5050 2995 5101 καὶ
3032 5049 3169 5120 πρὸς
3187 5050 3284 5119 τὴν
3311 5051 3581 5103 υἱοθεσίαν
3606 5053 3699 5103 καὶ
3720 5052 3930 5121 ἀφθαρ-

2362 5141 2482 5192 σίαν
2519 5139 2617 5209 τὴν
2654 5139 2874 5210 πρώτην
2907 5141 3100 5210 στολὴν
3130 5142 3223 5194 τοῦ
3251 5143 3588 5211 Πνεύματος,
3615 5143 3742 5195 ὅσον
3776 5141 3928 5196 οὔπω

2360 5235 2582 5302 ἔρχεται
2610 5234 2870 5302 μειζόνως
2894 5250 2952 5286 τε
2984 5236 3076 5288 καὶ
3105 5235 3451 5304 κρειττόνως,
3495 5236 3583 5289 διὰ
3623 5235 3720 5287 τοῦ
3783 5237 3926 5287 θείου

2361 5323 2755 5393 βαπτίσματος.
2790 5325 2906 5376 ’Ἰνα
2937 5325 2990 5378 δὲ
3021 5325 3111 5377 καὶ
3138 5327 3171 5393 ὴ
3199 5326 3500 5395 ἐπιστροφὴ
3549 5325 3640 5377 καὶ
3672 5326 3705 5394 ἡ
3737 5325 3926 5391 ὁμολο-

2358 5418 2483 5482 γίαν
2506 5414 2750 5484 ἀσφαλὴς
2868 5417 2961 5469 καὶ
2983 5418 3072 5468 τόν
3097 5416 3352 5486 ἁνάδοχον
3376 5417 3527 5468 καλεῖ
3555 5418 3584 5468 6
3609 5417 3922 5484 ἀρχιερεύς.

2360 5508 2468 5560 Kal
2500 5509 2872 5575 προσκυνῆσαι
2923 5508 3042 5576 τρὶς
3101 5508 3246 5573 λέγει
3291 5508 3366 5576 τῷ
3425 5505 3814 5574 θυσιαστηρίῳ,
3867 5509 3925 5556 ἐν

2356 5593 2506 5667 ᾧπερ
2532 5601 2668 5650 οἰκεῖ
2697 5601 2723 5650 ὁ
2750 5599 2900 5660 Θεὸς,
2929 5599 3012 5650 διὰ
3041 5599 3226 5650 τούτου
3261 5597 3454 5666 δηλῶν,
3486 5598 3558 5657 ὼς
3598 5596 3752 5658 λόγον
3787 5611 3923 5660 πιρ-

2357 5692 2489 5758 έχει,
2526 5691 2756 5759 φυλάξαι
2789 5691 3044 5759 ἀσφαλῶς
3073 5691 3129 5743 ὲν
3158 5693 3220 5760 τῇ
3255 5690 3432 5742 πίστει
3459 5690 3547 5742 καὶ
3596 5690 3661 5755 τῇ
3709 5685 3924 5738 εὐσεϐεῖ

2359 5782 2598 5852 πολιτείᾳ
2653 5784 2742 5835 τὸν
2801 5782 3213 5852 βαπτιζόμενον.
3264 5780 3395 5835 Εἶτα
3455 5781 3503 5834 εἰ
3556 5779 3651 5849 μὲν
3719 5776 3920 5846 βρέςος
