4238 6444
258 421 357 488 221

1517 423 1614 484 DE
1652 423 2208 487 SACRAMENTIS.

3386 426 3495 492 £29.

260 541 410 592 ἐστὶν
434 541 460 590 6
496 537 704 605 μέλλων
729 536 1108 605 βαπτίζεσθαι,
1140 537 1316 606 κύψας
1355 537 1621 606 λαμϐάνει
1646 537 1834 591 τοῦτον
1863 539 1910 598 Δ

1825 539 1910 598 ’Δ
1952 544 2327 610 ρωηίιριιιίσηι
2401 555 2629 615 agente,
2693 560 2902 601 necnon
2968 546 3299 616 baptizatum
3344 539 3499 601 tunc

258 627 596 695 ὸὰνάδοχος,
656 626 887 679 ινὼπιον
937 625 1189 694 κείμενον
1239 627 1348 679 τῶν
1393 627 1563 693 ἁγίων
1622 627 1826 696 θυρῶν,

259 719 449 786 ῶσπερ
481 718 586 770 ἀπὸ
613 718 718 769 τῶν
741 718 939 786 χειρῶν
967 718 1060 770 τοῦ
1090 718 1322 788 Χριστοῦ
1348 735 1363 750 ο
1395 719 1444 771 εί
1473 719 1517 771 δ’
1541 719 1827 790 ἑνήλικίᾳ,

260 809 529 876 λαμόάνει
562 808 651 862 τὸν
683 806 1084 876 βαπτιζόμενον
1111 809 1218 862 ἀπὸ
1247 809 1346 877 τῆς
1379 812 1582 879 χειρὸς,
1617 811 1674 862 τὸ
1698 810 1830 862 αὐτὸ

258 899 566 975 δηλῶν,ιὸτι
600 898 707 951 ἀπὸ
734 898 830 953 τοῦ
861 899 1099 970 Χριστοῦ
1147 901 1333 962 τοῦτον
1387 900 1680 970 παρέλαϐε,
1739 899 1832 954 καὶ

261 991 538 1059 ἐγγυητὴς
561 991 782 1058 γέγονεν
820 990 990 1044 αὑτοῦ
1020 991 1100 1053 είς
1127 990 1378 1059 Χριστὸν,
1412 991 1506 1044 καὶ
1537 1007 1829 1058 πνευματι-

260 1083 355 1140 κὸς
379 1080 530 1133 ἔσται
564 1081 765 1150 πατὴρ.
804 1081 968 1134 Ὅθεν
994 1082 1085 1138 καὶ
1119 1081 1357 1151 κρατῶν,
1387 1081 1686 1152 προσφέρει
1708 1080 1834 1147 τοῦ-

267 1191 358 1226 τον
381 1177 446 1244 τῇ
486 1176 607 1245 ίιρᾷ
639 1175 1015 1247 κολυμὸήθρᾳ,
1045 1176 1275 1240 δεικνὺς,
1322 1175 1395 1238 ὡς
1435 1175 1694 1235 ἑκουσίως
1741 1171 1834 1227 καὶ

261 1265 324 1315 οὗ
357 1265 496 1317 κατᾶ
539 1266 660 1333 βίαν
696 1269 1058 1335 προσέρχεται
1095 1265 1171 1336 τῷ
1205 1265 1540 1334 βαπτίσματι
1570 1267 1597 1317 6
1652 1263 1834 1316 τελοῦ-

267 1374 452 1422 μενος,
470 1359 563 1410 καὶ
586 1360 674 1410 ἐπὶ
699 1358 933 1426 μάρτυσι
964 1358 1176 1426 πρῶτον
1196 1358 1295 1427 μὲν
1321 1359 1414 1410 καὶ
1438 1357 1726 1425 ἐξαιρέτως
1756 1355 1833 1424 τῷ

263 1449 380 1516 80
408 1449 548 1516 Θεῷ,
581 1450 771 1502 ἔπειτα
803 1449 858 1501 δὲ
886 1450 961 1517 τῷ
993 1451 1224 1520 ίερὰρχῃ
1251 1450 1341 1501 καὶ
1366 1437 1473 1510 τοίς
1495 1446 1837 1516 παρατυχοῦ-

266 1559 323 1592 σι
349 1543 578 1604 πιστοῖς,
612 1540 659 1592 οἳ
689 1540 888 1603 πάντες
918 1540 1196 1610 μάρτυρες
1211 1539 1320 1592 τῶν
1347 1539 1686 1607 τελουμένων
1708 1538 1834 1604 εἰσὶ,

267 1633 364 1682 καὶ
387 1630 534 1698 αὐτῷ
555 1630 616 1696 δὴ
649 1629 725 1698 τῷ
748 1630 994 1699 ἀναδόχῳ
1019 1630 1094 1699 τῷ
1134 1633 1230 1684 καὶ
1259 1631 1590 1701 προσάγοντι
1627 1629 1831 1692 τοῦτον,

265 1725 364 1774 καὶ
407 1722 639 1790 μάλιστα
670 1721 732 1791 δὴ
758 1724 867 1786 τοῖς
896 1723 1059 1783 θείοις
1091 1724 1188 1776 καὶ
1235 1723 1526 1790 πανάγνοις
1559 1722 1833 1788 ἀγγέλοις,

1935 637 2199 691 committi
2252 646 2441 692 sancto
2486 640 2673 707 angelo
2731 638 2968 704 custodi,
2993 639 3084 706 qui
3137 654 3350 707 semper
3393 639 3497 692 erit

1935 741 2127 781 cumeo
2181 728 2458 805 mortifera
2508 729 2798 798 proﬁigans
2853 729 3118 785 daemonia
3169 743 3491 796 omnemque

1933 818 2261 874 dolosissimi
2333 820 2540 875 inimici
2599 821 2879 894 insultum,
2923 822 3081 876 modo
3140 830 3349 877 tantum
3405 821 3497 874 bn-

1936 911 2170 979 ptizatus
2225 927 2422 981 purum
2476 913 2742 971 custodiat
2813 913 2916 968 ﬁde
2981 922 3035 976 ei
3085 911 3343 978 Operibns
3405 911 3499 965 bac

1934 1004 2215 1070 ptismum,
2268 1019 2501 1075 eumque
2549 1006 2600 1060 in
2659 1016 2884 1075 regnum
2934 991 3205 1075 miletum
3245 993 3496 1062 salvebit.

1936 1095 2104 1170 uitur
2146 1097 2399 1165 quoniam
2448 1097 2744 1155 maximum
2794 1105 2877 1154 est
2902 1110 3038 1165 opus
3065 1096 3232 1151 divini
3281 1093 3488 1163 baptis-

1939 1190 2120 1250 matis,
2145 1186 2264 1240 ideo
2315 1181 2467 1256 prius
2492 1187 2729 1242 Ecclesia
2772 1203 2870 1256 per
2906 1185 3177 1256 pontificis
3211 1188 3264 1238 lu
3297 1186 3492 1238 catho-

1938 1277 2056 1330 licis
2084 1275 2338 1336 Ecclesiis
2383 1277 2696 1332 conferebat
2723 1277 3051 1345 baptismum
3085 1273 3477 1329 accedentibus

1936 1371 2062 1425 etin
2105 1378 2346 1438 tempore
2393 1385 2502 1438 quo
2536 1371 2588 1424 in
2624 1371 2808 1424 divmo
2857 1368 3129 1423 sacriﬁcio
3173 1366 3493 1436 psallimus:

1943 1480 1961 1514 ι
1994 1461 2332 1528 Quicumque
2392 1461 2444 1514 in
2477 1461 2696 1516 Christo
2719 1462 2972 1530 baptirati
3007 1460 3160 1523 estis,
3204 1477 3222 1510 ι
3253 1466 3307 1512 et
3359 1471 3496 1524 prie-

1937 1555 2097 1622 cipue
2125 1557 2176 1608 in
2203 1568 2401 1624 magno
2422 1555 2662 1610 Sabbato
2693 1563 2816 1608 ante
2873 1553 3115 1606 divinum
3143 1550 3495 1612 saeri"cium,

1946 1649 2192 1715 pluribus
2214 1647 2368 1703 lectis
2395 1664 2423 1703 e
2451 1645 2649 1701 divinis
2671 1645 2949 1715 prophetis
2977 1643 3333 1707 lectionibus;
3366 1656 3500 1710 quo-

1941 1740 2083 1793 niam
2109 1739 2412 1808 baptismus
2444 1738 2820 1793 sanctissimus
2844 1736 3178 1804 regeneratio
3205 1742 3309 1798 est,
3337 1744 3390 1786 et
3417 1746 3501 1786 re-

266 1815 520 1883 ἀοράτως
542 1816 660 1867 τότε
689 1814 946 1884 παροῦσι,
993 1817 1088 1868 καὶ
1139 1817 1586 1884 είλφραινομένοις
1633 1818 1696 1882 τῇ
1744 1813 1837 1866 τοῦ
1873 1865 1911 1918 Β

1824 1814 1911 1918 38
1943 1830 2182 1889 novatio,
2241 1839 2292 1883 et
2354 1830 2623 1897 purgatio,
2666 1837 2719 1882 et
2768 1827 3112 1890 illuminatio,
3173 1834 3228 1879 et
3268 1824 3498 1878 ﬁliorum

269 1906 672 1975 βτπτιζομένου
691 1909 747 1958 ὲν
780 1906 1059 1976 Πνεῦματι
1092 1909 1398 1976 θεογενεσία
1432 1907 1524 1960 καὶ
1573 1908 1836 1975 σωτηρία,

264 1998 364 2049 καὶ
397 1997 875 2068 ἀπογραφομένοις
934 1999 1093 2051 αὑτὸν
1139 1999 1196 2051 ἐν
1257 1999 1367 2058 τοῖς
1423 1997 1692 2064 ςίρανοῑς,
1746 1995 1840 2045 καὶ

267 2089 598 2158 γνωρίμοις,
627 2089 722 2139 καὶ
748 2087 920 2156 φίλοις
949 2087 1273 2156 γινομένοις,
1304 2087 1410 2139 ἀπό
1441 2104 1497 2138 τε
1529 2088 1628 2154 τῆς
1661 2087 1724 2138 ὲκ
1747 2083 1838 2136 τοῦ

264 2180 413 2232 εείου
443 2177 667 2248 λουτροῦ
696 2177 1036 2246 καθάρσεως,
1097 2180 1192 2232 καὶ
1252 2179 1350 2245 τῆς
1405 2176 1695 2246 σφραγῖδος
1745 2174 1839 2227 τοῦ

268 2272 468 2340 μύρου.
503 2271 594 2321 Διὸ
626 2270 716 2322 καὶ
748 2271 1045 2336 ἀναγκαῖον
1077 2270 1334 2338 παρεῖναι
1366 2268 1483 2320 τότε
1512 2267 1627 2335 μετ’
1684 2268 1840 2320 εὐλα-

263 2362 424 2423 ϐείας
451 2379 512 2414 τε
543 2362 636 2414 καὶ
672 2362 846 2430 χαρᾶς
873 2359 1122 2422 ἅπαντας
1188 2359 1372 2430 σχεδὸν
1415 2359 1542 2422 τοὺς
1594 2361 1838 2422 πιστοὺς,

264 2456 366 2505 καὶ
416 2451 693 2504 πιστεύειν
725 2453 802 2514 ὡς
855 2450 1108 2521 πάρεισιν
1160 2451 1404 2518 ἄγγελοι,
1457 2452 1507 2504 οἳ
1557 2453 1838 2522 χαίρουσιν

263 2545 366 2595 ἐπὶ
398 2544 477 2596 ἑνὶ
511 2543 816 2612 ἁμαρτωλῷ
847 2541 1194 2612 μετανοοῦντι
1231 2559 1246 2574 ·
1277 2544 1373 2595 καὶ
1418 2542 1498 2595 ὅτι
1554 2541 1840 2612 παραδίδο-

265 2652 362 2688 ται
390 2634 510 2687 τότε
532 2636 558 2687 6
589 2634 980 2703 βαπτιζόμενος
1014 2633 1155 2702 ἁγίῳ
1187 2634 1402 2702 ἀγγέλῳ
1433 2633 1636 2701 φύλακι
1670 2649 1684 2664 '
1746 2635 1840 2686 καὶ

263 2720 426 2788 οὗτος
452 2724 602 2777 ἔσται
637 2725 867 2778 πάντοτε
895 2725 1015 2793 μετ’
1049 2723 1238 2787 αὑτοῦ,
1270 2724 1337 2775 τὰ
1364 2723 1597 2792 φθονερὰ
1627 2722 1838 2776 διώκων

262 2817 542 2887 δαιμόνια,
582 2817 674 2870 καὶ¹
701 2818 881 2870 πᾶσαν
930 2815 1198 2884 ἐπήρειαν
1247 2814 1339 2867 τοῦ
1383 2814 1703 2869 δολιωτάτου
1751 2816 1838 2884 ἐχ-

264 2909 424 2976 θροῦ,
458 2909 572 2975 είγε
605 2907 766 2976 μόνον
796 2909 823 2960 6
856 2905 1176 2976 βαπτισθεὶς
1205 2905 1445 2975 καθαρὸν
1477 2907 1710 2975 τηρήσει
1746 2908 1837 2956 πί-

264 3017 387 3052 στει
416 3001 506 3053 καὶ
536 2999 716 3068 ἔργοις
752 2998 813 3051 τὸ
839 2998 1142 3067 βάπτισμα,
1170 2999 1263 3050 καὶ
1292 2999 1368 3058 εἰς
1401 2996 1499 3067 τὴν
1557 2995 1838 3064 βασιλείαν

258 3089 522 3144 διασώσει
556 3090 741 3143 τοῦτον
775 3089 880 3142 τῶν
915 3089 1177 3158 οὐρανῶν.
1211 3088 1332 3142 Ὀτι
1361 3082 1454 3141 οῦν
1485 3089 1744 3156 μέγιστον
1772 3088 1833 3140 τὸ

1943 1921 2184 1986 adoptio,
2208 1929 2260 1975 et
2291 1922 2483 1986 gratia.
2525 1931 2579 1973 et
2610 1919 2966 1973 sanctiﬁcatio
3002 1929 3055 1973 et
3098 1925 3351 1972 sexcenta
3396 1914 3499 1968 alia

1942 2027 2061 2083 quae
2094 2012 2347 2067 dixerunt
2379 2010 2586 2067 Patres.
2620 2009 2801 2064 Refert
2855 2021 3035 2064 autem
3065 2008 3331 2076 inprimis
3354 2019 3501 2060 mor-

1943 2117 2046 2160 teru
2101 2105 2302 2159 Christi
2337 2112 2389 2158 et
2443 2104 2896 2157 resurrectionem
2932 2102 3092 2155 tertia
3121 2101 3206 2154 die
3271 2099 3495 2159 factam,

1941 2197 2082 2265 quod
2114 2195 2486 2264 tempuszillud
2511 2194 2726 2259 proprie
2745 2195 3003 2258 declarat,
3034 2194 3234 2262 quippe
3261 2209 3287 2245 a
3317 2201 3497 2246 morte

1940 2291 2141 2346 Christi
2163 2291 2393 2358 ejusque
2426 2289 2676 2343 triduana
2704 2286 2978 2353 sepultura
3003 2294 3057 2340 et
3089 2286 3499 2339 resurrectione

1940 2381 2398 2435 immortalitatem
2423 2387 2477 2434 et
2500 2375 2964 2448 incorruptionem
2986 2376 3315 2444 accepimus,
3349 2375 3499 2429 futu-

1941 2487 2166 2538 ramque
2192 2470 2335 2524 illam
2379 2477 2758 2537 exspectamus
2787 2466 3240 2522 resurrectionem
3299 2472 3356 2519 et
3406 2479 3497 2520 re-

1941 2563 2285 2616 novatiunem
2367 2571 2736 2626 aeternamque
2800 2558 2964 2611 vitam
3023 2555 3180 2625 cujus
3241 2555 3500 2625 primitiae

1941 2654 2114 2708 factus
2147 2662 2224 2707 est
2257 2653 2507 2706 Christus
2557 2650 2649 2720 qui
2694 2664 2856 2718 quum
2907 2649 3058 2704 solus
3112 2649 3182 2702 sit
3213 2649 3330 2702 sine
3368 2662 3496 2716 pee-

1938 2755 2060 2800 cato
2085 2759 2278 2814 passus
2307 2759 2403 2812 pro
2432 2742 2589 2797 nobis
2626 2741 3024 2811 peccatoribus,
3052 2740 3174 2793 licet
3203 2738 3339 2793 mori
3374 2751 3485 2791 non

1938 2838 2156 2892 deberet
2181 2846 2364 2904 utpote
2391 2834 2614 2889 omnino
2646 2832 2854 2900 peccati
2878 2832 3162 2892 immunis,
3189 2845 3290 2899 pro
3340 2830 3496 2884 nobis

1938 2937 2184 2983 mortuus
2215 2937 2318 2982 est.
2369 2925 2503 2980 Nam
2554 2934 2837 2993 peccatum
2884 2931 2967 2977 est
3017 2921 3208 2976 mortis
3238 2921 3482 2982 aculeus,

1936 3019 2394 3075 utdicuutlsaias
2428 3026 2481 3074 et
2534 3017 2754 3079 Paulus,
2807 3030 2902 3069 seu
2938 3014 3288 3084 principium,
3344 3012 3494 3066 radix

1936 3123 2096 3180 atque
2131 3119 2343 3166 auctor.
2371 3110 2490 3180 ipse
2511 3124 2639 3163 vero
2669 3107 2916 3164 Christus
2945 3108 3046 3161 etsi
3078 3113 3356 3174 peceatum
3391 3118 3494 3157 non

258 3184 429 3250 ἔργον
453 3180 540 3233 τοῦ
583 3180 854 3234 θειοτάτου
896 3179 1287 3248 βαπτίσματος,
1317 3180 1401 3232 διὰ
1430 3179 1586 3232 τοῦτο
1636 3179 1830 3247 πρότε-
1865 3188 1908 3246 c

1821 3209 1830 3218 ’
1865 3188 1908 3246 (ἶ
1943 3206 2177 3270 fecisset,
2217 3219 2388 3271 neque
2431 3202 2650 3256 deberet
2684 3199 2843 3263 mori,
2894 3213 2992 3266 pro
3047 3197 3200 3250 nobis
3250 3203 3495 3248 mortuus

259 3289 364 3339 ρον
395 3272 484 3324 καὶ
512 3273 544 3338 ἠ
591 3269 884 3340 Ἐκκλησία
915 3270 1002 3322 διὰ
1033 3269 1138 3322 τῶν
1165 3270 1465 3340 ἀρχιερέων
1511 3272 1568 3322 ὲν
1594 3271 1708 3331 ταῖς
1737 3288 1830 3322 κα-

257 3364 507 3425 θολικαίς
530 3363 846 3431 ἐκκλησίαις
887 3363 1121 3415 ἐποιεῖτο
1136 3362 1204 3415 τὰ
1231 3362 1336 3414 τῶν
1369 3366 1827 3431 προσερχομένων

258 3455 646 3523 βαπτίσματα,
681 3457 773 3507 καὶ
808 3452 928 3506 καθ’
960 3453 1020 3507 ὃν
1061 3453 1249 3523 καιρον
1283 3456 1339 3506 ὲν
1370 3455 1487 3515 ταῖς
1520 3454 1735 3522 ἑορταῖς
1765 3455 1829 3521 τῇ

256 3549 383 3618 θεία
420 3546 751 3614 λειτουργία,
783 3547 861 3609 τὸ,
897 3565 914 3596 ι
938 3545 1095 3598 ’Ὀσοι
1120 3548 1198 3605 είς
1237 3546 1471 3614 Χριστὸν
1501 3543 1831 3611 ἐϐαπτίσθη-

257 3656 342 3700 τε,
378 3656 396 3688 ι
434 3637 729 3705 ψαλλομεν,
758 3637 849 3687 καὶ
900 3637 1138 3713 μάλιστα
1165 3636 1226 3704 δὴ
1255 3634 1330 3702 τῷ
1365 3634 1585 3702 μεγάλῳ
1622 3632 1829 3686 Σαϐϐά-

256 3747 342 3799 τῳ
369 3731 478 3801 πρὸ
507 3729 603 3795 τῆς
639 3729 786 3791 θείας
822 3728 1153 3799 ἱερουργίας,
1192 3727 1295 3778 τῶν
1329 3726 1538 3778 πολλῶν
1567 3727 1830 3792 ἀναγινω-

256 3821 548 3887 σκομένων
583 3820 1025 3888 ἀναγνωσμάτων
1056 3818 1162 3872 ἀπὸ
1187 3818 1292 3870 τῶν
1323 3819 1480 3870 θείων
1510 3817 1828 3886 προφητῶν.

269 3908 495 3978 Ἐπειδὴ
539 3910 596 3962 τὸ
648 3908 939 3978 ἱερώτατον
995 3908 1278 3977 βάπτισμα
1333 3907 1427 3959 καὶ
1478 3908 1828 3976 ἁναγέννησίς

253 4005 404 4066 ἐστι,
435 4002 532 4054 καὶ
558 4003 876 4064 ἁνάπλασις,
905 3987 1172 4070 κάθαρ’σίς
1199 4017 1255 4052 τε
1290 4001 1386 4052 καὶ
1414 3999 1693 4067 φωτισμδς
1737 4000 1830 4050 καὶ

256 4092 527 4156 υίοθεσία,
553 4094 646 4145 καὶ
680 4093 926 4163 χάρισμα
953 4094 1042 4144 καὶ
1076 4090 1369 4159 ἁγιασμὸς,
1400 4093 1492 4144 καὶ
1529 4089 1698 4157 μυρία
1731 4091 1830 4141 ὅσα

257 4189 438 4250 φασὶν
473 4188 520 4239 οι
552 4187 816 4253 Πατέρες.
856 4185 1029 4236 Τυποῖ
1062 4184 1116 4238 δὲ
1140 4184 1432 4253 ἐξαιρέτως
1473 4182 1561 4234 τὸν
1604 4182 1830 4234 θάνατον

253 4279 360 4332 τοῦ
398 4277 654 4346 Χριστοῦ,
690 4277 784 4330 καὶ
812 4275 910 4345 τὴν
937 4276 1237 4344 τριήμερον
1261 4273 1494 4343 ἔγερσιν.
1550 4274 1614 4324 '0
1643 4272 1705 4340 δὴ
1739 4273 1829 4324 καὶ

251 4374 284 4424 6
318 4370 513 4438 καιρδς
557 4369 758 4430 ἐκεῖνος
807 4366 1185 4434 καθαρώτερον
1226 4365 1483 4433 παριστᾷ.
1549 4363 1677 4415 ’Δπὺ
1724 4363 1829 4431 γὰρ

250 4461 359 4515 τοῦ
404 4459 630 4512 θανάτου
653 4456 745 4509 τοῦ
772 4455 1003 4526 Χριστοῦ
1047 4459 1140 4509 καὶ
1171 4454 1268 4523 τῆς
1295 4453 1594 4523 τριημέρου
1652 4451 1829 4519 ταφῆς

1933 3305 2034 3359 est,
2088 3306 2160 3361 et,
2213 3304 2390 3348 morte
2440 3292 2648 3346 devicta
2714 3289 3048 3349 resurrexit,
3107 3288 3495 3354 passionesquc

1933 3394 2145 3440 nostras
2182 3392 2233 3437 et
2268 3383 2670 3436 damnationem
2704 3380 2861 3434 solvit
2889 3378 3141 3448 patiendo
3185 3375 3275 3444 qui
3311 3390 3405 3444 per
3433 3389 3493 3429 se

1932 3485 2047 3528 erat
2101 3473 2448 3542 impassibilis
2478 3487 2492 3537 ;
2534 3471 2706 3525 factus
2751 3485 2967 3539 quoque
3000 3471 3106 3522 dux
3139 3469 3262 3522 vitae
3293 3476 3492 3521 nostra)

1935 3567 1988 3618 in
2020 3566 2188 3619 cmlos
2212 3577 2521 3632 assumptus
2571 3571 2674 3625 est,
2702 3571 2753 3616 et
2791 3577 2888 3615 nos
2927 3563 3019 3630 qui
3061 3562 3212 3614 illum
3250 3562 3303 3612 in
3357 3560 3492 3626 bap-

1933 3659 2094 3712 tismo
2119 3657 2393 3710 induimus
2436 3671 2464 3709 a
2501 3655 2640 3709 cmlo
2672 3671 2793 3710 eum
2825 3665 3226 3722 exspectamus,
3271 3652 3491 3723 quando

1933 3763 2030 3798 nus
2055 3745 2395 3799 resuscitahit
2427 3755 2482 3799 et
2511 3745 3074 3812 ineorruptibilitatem
3109 3758 3336 3811 prorsus
3390 3743 3491 3796 tri-

1934 3836 2054 3887 buet
2083 3835 2237 3903 cujus
2269 3835 2457 3889 arrhas
2502 3834 2661 3889 modo
2691 3849 2782 3902 per
2814 3834 3143 3902 baptismum
3201 3834 3369 3888 dedit.
3406 3831 3495 3887 Si-

1932 3927 2130 3980 militer
2162 3937 2215 3980 et
2252 3926 2303 3978 in
2345 3925 2492 3978 omni
2524 3933 2766 3992 tempore
2800 3926 3167 3978 necrssarium
3200 3934 3284 3978 est
3314 3923 3491 3989 bapti-

1932 4032 2076 4079 zare,
2115 4031 2181 4070 ne
2209 4017 2336 4085 quid
2398 4017 2724 4070 incommodi
2763 4015 2990 4069 fortasse
3044 4016 3256 4069 accidat
3305 4025 3360 4068 et
3390 4014 3487 4067 ali-

1930 4124 2053 4176 quis
2079 4123 2183 4162 non
2206 4107 2580 4160 sanctiﬁcatus
2601 4107 2844 4171 decedat,
2867 4106 2918 4160 id
2942 4116 3026 4159 est
3050 4109 3167 4158 sine
3195 4105 3485 4170 baptismo,

1929 4208 1984 4254 et
2018 4199 2207 4267 ingens
2235 4197 2358 4252 inde
2387 4198 2490 4251 erit
2529 4198 2820 4260 damnum;
2863 4198 2955 4264 qui
2991 4197 3132 4248 enim
3165 4211 3268 4249 non
3321 4198 3495 4262 b'pti-

1931 4300 2083 4344 zatus
2120 4288 2301 4351 fuerit.
2333 4304 2438 4343 non
2485 4288 2666 4343 salvus
2698 4288 2819 4342 erit.
2855 4286 3077 4355 Oportet
3098 4296 3297 4347 autem,
3324 4301 3494 4352 quau-

1929 4391 2043 4432 tum
2085 4379 2196 4431 ﬁeri
2229 4387 2422 4446 potest,
2457 4379 2749 4446 baptismos
2788 4393 2910 4430 cum
2941 4376 3282 4429 solemnitate
3319 4386 3370 4430 et
3397 4389 3467 4442 po

1933 4474 2120 4521 testate
2143 4466 2401 4532 conferri,
2424 4467 2863 4534 sacerdotemque
2885 4481 3002 4520 esse
3017 4464 3321 4533 diligentem
3339 4476 3386 4520 et
3408 4480 3504 4519 so-

252 4550 480 4619 καὶτῆς
509 4550 855 4610 ἀναστάσεως
907 4547 1004 4616 τὴν
1051 4545 1350 4599 ἀθανασίαν
1391 4546 1482 4597 καὶ
1523 4543 1831 4612 ἀφθαρσίαν
1863 4559 1906 4614 ι)

1825 4560 1831 4586 ’
1863 4559 1906 4614 D
1933 4559 2134 4621 brium,
2167 4573 2290 4611 nam
2315 4558 2607 4612 maximum
2634 4555 2723 4609 Dei
2743 4573 2878 4624 opus
2899 4565 3168 4624 operatur,
3195 4571 3383 4624 nempe
3401 4555 3499 4608 ho-

252 4637 682 4708 ὲλάῦομεν,καὶ
738 4639 837 4706 τὴν
897 4636 1197 4707 μέλλουσαν
1263 4635 1481 4703 ἐκείνην
1548 4634 1837 4702 ἐλπίζομεν

253 4731 564 4786 ἁνάστασίν
601 4747 659 4782 τε
689 4732 781 4782 καὶ
807 4728 1174 4790 ἁνακαίνισιν,
1212 4726 1308 4779 καὶ
1354 4725 1499 4796 ζωὴν
1550 4725 1648 4792 τὴν
1703 4723 1835 4778 αἰώ-

253 4843 402 4885 νιον,
432 4819 497 4893 ἧς
525 4823 713 4890 γέγονε
737 4823 966 4891 Χριστος
990 4821 1236 4890 ἀπαρχὴ,
1266 4822 1294 4873 6
1350 4820 1508 4890 μόνος
1569 4818 1644 4870 ῶν
1705 4818 1838 4870 ἀνα-

255 4917 568 4985 μάρτητος,
607 4913 793 4966 παθὼν
818 4913 957 4980 ὑπὲρ
989 4912 1144 4980 ἡμῶν
1192 4911 1299 4963 τῶν
1343 4908 1705 4979 ἁμαρτωλῶν,
1743 4909 1836 4960 καὶ

251 5011 282 5059 ὁ
319 5005 402 5075 μὴ
431 5006 660 5071 ὀφείλων
691 5005 1001 5063 ἀποθανεῖν,
1038 5002 1111 5062 ὡς
1164 5001 1243 5072 μὴ
1288 5001 1615 5070 ἁμαρτήσας
1674 5000 1831 5065 ὅλως,

253 5098 410 5165 ὑπὲρ
440 5096 595 5164 ἡμῶν
622 5095 926 5148 ἀποθανών.
978 5095 1040 5146 Ἡ
1071 5095 1177 5161 γὰρ
1210 5093 1452 5162 ἁμαρτία
1485 5090 1578 5144 τοῦ
1607 5091 1833 5143 θανάτου

254 5191 384 5244 ἐστὶ
409 5188 468 5240 τὸ
496 5188 739 5256 κέντρον,
774 5186 849 5247 ὡς
893 5188 1118 5247 Ἠσαίας
1149 5186 1244 5238 καὶ
1309 5184 1517 5244 Παῦλος
1559 5185 1830 5250 λέγουσιν,

251 5277 607 5347 ἧτοιήάρχὴ
657 5277 751 5329 καὶ
812 5276 934 5346 ῥίζα
988 5279 1082 5328 καὶ
1146 5276 1420 5345 πρόξενος.
1475 5276 1646 5336 Αὐτὸς
1701 5276 1757 5326 δὲ
1808 5277 1834 5327 6

253 5369 503 5437 Χριστὸς
532 5368 604 5435 μὴ
635 5367 949 5435 πεποιηκὼς
1000 5369 1294 5435 ἁμαρτίαν,
1348 5367 1440 5417 καὶ
1491 5364 1562 5433 μὴ
1606 5365 1835 5431 ὀφείλων

257 5457 589 5515 ἀποθανεῖν,
613 5456 847 5508 ἀπέθανε
876 5455 942 5507 δι’
971 5458 1115 5524 ἡμᾶς
1151 5473 1163 5486 ’
1198 5459 1292 5508 καὶ
1331 5457 1414 5507 διὰ
1446 5455 1599 5509 τοῦτο
1633 5472 1834 5522 καταρ-

257 5551 446 5615 ’ίῆσὲς
476 5547 565 5597 τὸν
605 5546 850 5608 θάνατον,
896 5548 1274 5617 ἐξεγήγερται,
1339 5547 1432 5599 καὶ
1480 5549 1543 5597 τα
1592 5547 1833 5613 ἡμέτερα

259 5635 416 5703 τάθη
440 5637 534 5687 καὶ
565 5637 659 5697 τὴν
693 5639 1012 5706 κατάκρισιν
1063 5640 1234 5703 ἔλυσε,
1296 5637 1481 5690 παθὼν
1535 5639 1561 5688 6
1618 5639 1832 5705 ἀπαθὴς

255 5728 330 5778 δι’
367 5726 558 5779 ἑαυτοῦ
589 5743 601 5757 ·
635 5730 920 5796 γενόμενός
951 5748 1006 5782 τε
1052 5733 1288 5800 ἀρχῇ-(ὃς
1321 5735 1417 5801 τῆς
1462 5736 1604 5800 ζωῆς
1652 5733 1830 5798 ἡμῶν,

256 5819 342 5879 εἰς
379 5818 498 5878 τοὺς
554 5819 813 5888 οὐρανοὺς
883 5821 1175 5892 ἀνελήφθη.
1225 5824 1330 5878 Καὶ
1387 5827 1434 5876 οἱ

1500 5825 1745 5892 ivi-Sep."
1764 5840 1830 5874 κει

1941 4650 2102 4704 minis
2121 4649 2584 4704 instaurationem.
2616 4647 2718 4702 Sed
2739 4649 2803 4701 ad
2824 4648 3158 4717 propositum
3187 4646 3497 4702 redeamus.

1939 4740 2219 4796 Praeeunte
2252 4738 2526 4809 pontiﬁce,
2546 4738 2761 4793 adducit
2798 4737 3126 4806 baptizatum
3162 4750 3396 4806 sponsor
3434 4737 3499 4788 ad

1939 4847 2145 4887 sacram
2177 4828 2463 4900 piscinam,
2506 4844 2643 4897 praes
2668 4828 2896 4881 libenter
2919 4828 3282 4882 accedentem.
3311 4827 3502 4880 Adstat

1938 4921 2180 4992 pontifex
2208 4920 2486 4975 Christum
2513 4923 2685 4988 ipsum
2718 4919 2978 4981 referens,
3013 4918 3132 4984 ejus
3169 4918 3370 4970 habens
3405 4931 3500 4984 po-

1937 5021 2209 5073 testatem,
2241 5019 2294 5064 et
2329 5011 2564 5080 repletur
2601 5010 2804 5077 piscina
2839 5024 2977 5077 aqua
3007 5007 3294 5062 Jordanem
3327 5007 3502 5074 expri-

1937 5117 2112 5156 mens.
2151 5102 2540 5156 Accenduntur
2560 5101 2717 5154 etiam
2749 5098 2953 5152 lumina
2980 5097 3177 5164 quibus
3196 5098 3500 5150 ostenditur

1939 5194 2177 5262 Spiritus
2210 5193 2557 5256 illuminatio,
2597 5204 2644 5246 et
2677 5191 2813 5260 quia
2853 5191 3154 5258 baptizatus
3174 5205 3239 5243 ex
3263 5189 3500 5244 tenebris

1941 5286 2173 5339 venitad
2208 5286 2379 5340 lucem
2414 5297 2467 5338 ct
2496 5285 2606 5354 jam
2641 5284 2698 5337 ﬁt
2733 5283 2875 5337 ﬁlius
2908 5283 3062 5336 lueis.
3097 5283 3314 5336 Circum
3365 5283 3500 5335 alta-

1938 5393 1995 5430 ιο
2020 5380 2142 5430 thus
2171 5375 2409 5430 incendit
2442 5374 2702 5442 pontifex,
2732 5375 2931 5428 bonum
2961 5373 3184 5427 odorem
3219 5382 3272 5425 et
3299 5372 3498 5424 sancti-

1940 5465 2242 5518 titationem
2305 5463 2536 5529 Spiritus
2599 5461 2932 5532 significans,
2993 5462 3084 5528 qui
3148 5475 3360 5514 onmem
3403 5460 3501 5512 luit

1939 5566 2277 5627 pet-calorum
2305 5556 2571 5618 lectorem,
2595 5565 2818 5608 sanctus
2849 5555 2989 5608 enim
3011 5554 3264 5622 Spiritus.
3301 5550 3501 5604 Deinde

1956 5647 2552 5701 luncdieitetCeieln'at
2593 5645 2827 5712 pontifex
2865 5659 3080 5712 regnum
3146 5653 3344 5695 saneta:
3383 5641 3499 5692 Tri-

1937 5739 2121 5791 nitatis
2155 5738 2315 5790 unius
2354 5735 2463 5800 Dei,
2500 5751 2621 5788 nam
2651 5736 2763 5802 ipsa
2832 5744 3016 5802 regnat
3065 5734 3198 5798 sola,
3251 5743 3302 5786 ct
3352 5745 3499 5786 nunc

1938 5830 2177 5898 regnavit
2212 5846 2238 5882 a
2271 5829 2502 5892 maligno
2562 5827 2794 5894 cripiws
2832 5825 3029 5879 mundo
3089 5834 3494 5894 regeneratum.
