4238 6444
224 464 328 520 2ῡ9

822 566 1069 622 ΚΕΦᾹΛ.
1103 571 1175 631 ις’.

226 707 295 763 Τί
344 706 445 762 τό·
483 720 501 755 ι
558 700 836 772 Ὡμοιώθη
989 700 1276 763 βασιλεία
1348 698 1467 753 τῶν
1521 695 1793 764 οὐρανῶν

919 788 1056 832 υμῃ.
1085 786 1104 819 ι

919 786 1056 839 υμῃ.
1085 786 1104 819 ι

299 870 390 940 Μὴ
448 866 703 921 ἀποσείου
771 863 827 917 δὲ
886 864 986 931 τὴν
1026 861 1204 929 ζύμην
1263 863 1361 931 τῆς
1395 850 1792 930 ἀφθαρσίας,ᾖ

227 959 485 1029 ὡμοιώθη
543 960 577 1025 ἡ
624 954 869 1025 βασιλεία
899 953 1004 1007 τῶν
1036 952 1301 1021 οὐρανῶν,
1336 951 1423 1005 διά
1451 950 1511 1003 τδ
1537 951 1790 1017 συνάγειν

229 1068 287 1103 τε
329 1042 421 1104 καὶ
449 1048 601 1103 ἑνοῦν
630 1049 799 1117 ἑαυτῇ
832 1046 924 1099 καὶ
975 1044 1219 1097 ἀλλοιοῦν
1248 1044 1306 1094 ὲν
1337 1043 1502 1111 ἑαυτῇ
1548 1042 1673 1104 τοὺς
1715 1041 1792 1108 τῷ

230 1143 362 1209 θείῳ
412 1141 725 1210 κηρύγματι
781 1136 1160 1205 πειθομένους.
1200 1137 1304 1187 Ἢν
1325 1135 1390 1202 δὴ
1434 1136 1529 1187 καὶ
1566 1133 1725 1200 γυνὴ,
1758 1135 1791 1200 ἡ

241 1232 539 1300 Ἐκκλησία
582 1229 677 1282 τοῦ
728 1228 1125 1298 ὕπερουρανίου
1158 1224 1415 1291 νυμφίου,
1443 1222 1680 1293 ἔκρυψεν
1716 1224 1796 1283 εἱς

234 1320 466 1387 ἀλεύρου
500 1318 637 1371 σάτα
663 1316 814 1383 τρία,
869 1316 967 1376 τὰς
1002 1316 1109 1367 τῶν
1139 1313 1462 1382 σωζομένων
1508 1314 1657 1380 τρεῖς
1699 1313 1796 1364 τά-

235 1408 369 1473 ξεις,
404 1407 603 1461 δούλων
628 1409 720 1461 καὶ
754 1405 1006 1477 μισθίων,
1043 1405 1140 1458 καὶ
1168 1404 1321 1467 υἱῶν,
1355 1404 1449 1457 καὶ
1483 1403 1591 1456 τῶν
1623 1405 1679 1457 ὲν
1702 1404 1797 1469 γά-

238 1516 325 1568 μῳ
356 1497 777 1567 σωφρονούντων
804 1513 864 1549 τε
895 1495 987 1549 καὶ
1016 1495 1325 1565 παρθένων,
1357 1494 1463 1557 ἓως
1489 1492 1549 1547 οῦ
1581 1492 1796 1561 ἐζυμώ-

236 1589 304 1657 θη
337 1590 458 1642 ὅλον
514 1592 569 1642 ιν
597 1591 662 1659 τῇ
698 1588 989 1643 ἀναστάσει
1040 1588 1138 1656 τῆς
1191 1586 1286 1640 τοῦ
1332 1586 1471 1640 Θεοῦ
1524 1586 1802 1655 βασιλείας

236 1680 486 1743 ἀξιωθεν,
540 1682 571 1750 ὴ
607 1681 699 1732 καὶ
746 1678 869 1740 τοὺς
928 1678 1034 1749 πρὸ
1064 1676 1157 1731 τοῦ
1188 1677 1354 1746 νόμου
1391 1677 1657 1739 δικαίους,
1708 1677 1801 1730 καὶ

238 1770 363 1830 τοὺς
398 1770 536 1821 κατά
569 1769 732 1837 νόμον
786 1769 879 1821 καὶ⁵
934 1770 991 1821 ἐν
1041 1770 1106 1838 τῇ
1141 1768 1325 1837 χάριτι
1378 1768 1798 1836 συναθροίσασα.

243 1862 311 1913 Ὀ
341 1861 403 1928 δὴ
431 1863 523 1912 καὶ
554 1862 586 1929 ή
616 1860 777 1930 χάρις
802 1859 898 1913 τοῦ
933 1860 1266 1928 Εὐαγγελίου
1301 1861 1600 1912 τετέλεκεν.
1633 1859 1803 1920 Αὐτὸς

237 1954 349 2022 γὰρ
375 1953 401 2003 ό
428 1954 635 2021 Σωτὴρ,
670 1953 701 2021 ἡ
725 1951 843 2003 θεία
868 1950 1036 2013 ὅντως
1068 1959 1159 2003 και
1194 1951 1551 2020 καθαρωτάτη
1586 1949 1753 2019 ζύμη,
1780 1952 1809 2001 ό

239 2047 335 2098 καὶ
369 2047 529 2113 ἄρτος
560 2045 657 2113 τῆς
686 2042 850 2112 ζωῆς,
886 2044 977 2096 καὶ
1012 2042 1262 2110 βασιλεὺς
1306 2043 1381 2095 ὢν
1417 2043 1653 2104 αἰώνιος,
1686 2040 1809 2103 τούς

240 2152 300 2187 τε
330 2135 435 2202 πρὸ
464 2134 625 2202 νόμου
662 2136 754 2186 καὶ
782 2136 908 2196 τοὺς
957 2134 1016 2186 ἐν
1050 2136 1198 2203 νόμῳ
1231 2133 1536 2201 σαρκωθεὶς
1562 2175 1576 2197 ,
1611 2131 1701 2183 καὶ
1731 2132 1811 2194 είς

241 2229 334 2279 τον
367 2228 569 2293 κόσμον
623 2227 791 2279 ἐλθὼν
824 2228 1015 2291 ἔσωσε,
1047 2226 1157 2279 τῶν
1209 2226 1426 2295 δεσμῶν
1456 2225 1811 2295 ἀφαρπάσας,

243 2319 339 2368 καὶ
372 2319 483 2377 τοῖς
508 2317 586 2378 είς
618 2318 779 2369 αὑτὸν
804 2317 1158 2369 πιστεύσασιν
1191 2316 1421 2386 ἥνωσεν.
1448 2317 1544 2377 Ὃς
1567 2314 1691 2367 κατ’
1723 2314 1814 2366 ἄ).-

246 2410 338 2460 λον
373 2409 534 2463 πάλιν
586 2408 787 2462 σκοπὸν
839 2407 914 2470 ὡς
970 2408 1118 2476 ζύμη
1174 2406 1391 2476 καθαρά
1435 2424 1493 2459 τε
1544 2408 1637 2459 καλ⁸
1666 2406 1815 2470 ζῶσα

245 2500 585 2569 κρύπτεται·
621 2495 734 2552 οἷον
765 2502 831 2568 τῇ
870 2499 1062 2567 λογικῇ
1105 2498 1281 2551 κτίσει
1340 2498 1507 2552 αὑτοῦ
1566 2498 1705 2550 κατὰ
1755 2498 1816 2549 τὸ

247 2592 423 2659 παρὸν
445 2590 718 2657 ἀναλόγως
756 2589 993 2658 τρισσῶς
1015 2588 1392 2658 διαιρουμένη,
1428 2591 1541 2652 τοῖς
1566 2588 1817 2656 ἀγγέλοις

246 2685 469 2754 δηλαδὴ,
505 2685 596 2737 καὶ
620 2688 732 2746 τοῖς
756 2682 931 2750 ἁγίοις
971 2684 1083 2744 τοῖς
1108 2680 1422 2744 ἀπελθοῦσι,
1458 2683 1554 2733 καὶ
1583 2684 1695 2743 τοῖς
1730 2698 1819 2733 πι-

250 2775 533 2829 στεύουσιν
560 2776 639 2838 είς
669 2774 829 2829 αὐτὸν
858 2775 949 2826 καὶ
974 2772 1136 2835 ζῶσιν
1164 2774 1320 2840 ἡμῖν,
1353 2771 1455 2832 ἕως
1481 2764 1541 2822 οὗ
1564 2768 1819 2839 ἐζυμώθη

250 2871 392 2933 δλον,
424 2868 721 2934 ὲξαναστάν
748 2866 867 2921 ὅλον
896 2865 965 2918 δι’
988 2863 1174 2925 αὑτοῦ,
1209 2862 1302 2916 καὶ
1319 2862 1377 2915 ἓν
1402 2862 1549 2915 ἀπαν
1576 2861 1819 2928 γεγονὸς,

254 2956 635 3027 μετασχούσης
661 2954 825 3009 αὑτοῦ
854 2955 953 3022 τῆς
984 2952 1165 3021 δόξης,
1199 2952 1299 3020 τῆς
1339 2966 1400 3003 τε
1428 2950 1537 3004 τῶν
1577 2951 1822 3018 ἀγγέλων

249 3048 418 3101 αὑτοῦ
449 3048 543 3102 καλ⁵
568 3048 665 3117 τῆς
690 3045 968 3117 ἡμετέρας
1013 3044 1249 3112 φύσεως.

834 3178 1250 3245 ΚΕΦΑΑ.ιΑη

252 3312 418 3368 Atat!
469 3313 539 3368 ἐν
568 3313 648 3379 τῷ
703 3318 863 3381 νόμῳ
901 3311 1016 3379 μὲν·
1070 3311 1275 3381 ἄζυμοι
1306 3311 1494 3379 ἄρτοι,
1533 3312 1604 3365 ὲν
1648 3311 1717 3364 δὲ
1751 3309 1822 3379 τῇ

807 3381 1000 3448 χάριτι
1030 3380 1289 3449 ἓνζυμοι.

335 3474 467 3527 Ἔσο
490 3472 582 3527 οῦν
622 3474 715 3527 καὶ
738 3472 899 3534 αὐτὸς
926 3471 1275 3540 ιζυμωμένος
1300 3474 1357 3524 ἑν
1388 3473 1468 3541 τῷ
1497 3471 1707 3541 Κυρίῳ,
1735 3473 1827 3525 καὶ

254 3566 359 3633 τῆς
394 3565 568 3633 ζύμης
596 3563 862 3624 σπούδαζι
898 3558 1035 3614 εἶναι
1068 3563 1164 3631 τῆς
1196 3563 1474 3631 βασιλείας
1524 3562 1635 3615 τῶν
1670 3564 1829 3632 ούραο

258 3658 391 3718 νῶν,
417 3656 509 3707 καὶ
542 3655 615 3723 μὴ
647 3656 710 3706 ὲκ
738 3654 843 3707 τῶν
875 3654 1101 3719 ἀζύμων
1133 3654 1315 3722 ἀρτων
1344 3653 1538 3706 σπεῦδε
1577 3654 1828 3721 μετέχειν

256 3747 370 3799 τῶν
402 3745 639 3815 νομικῶν
662 3760 675 3776 ο
710 3746 789 3796 ὅτι
811 3746 839 3795 ό
862 3744 1025 3813 νόμος
1066 3746 1193 3798 σκιά
1222 3748 1336 3799 ἐστι
1375 3747 1467 3797 καὶ
1499 3744 1660 3796 εἰκὼν
1694 3744 1833 3812 ἀψυ-

261 3853 355 3905 χος
387 3836 481 3888 καὶ
512 3836 570 3887 ού
605 3835 790 3897 ζῶσαο
833 3834 924 3886 καὶ
975 3835 1063 3888 διά
1122 3833 1279 3887 τοῦτο
1341 3835 1415 3897 ὡς
1453 3835 1680 3904 νεκροὺς
1740 3835 1833 3886 καὶ⁹

263 3928 458 3981 σκιώόε
472 3944 515 3989 ις
552 3927 674 3988 τοὺς
704 3925 948 3994 ἀζύμους
982 3928 1229 3994 προεῖχεν
1258 3926 1482 3995 ἄρτους,
1535 3925 1583 3977 οἳ
1620 3928 1710 3978 καὶ
1735 3926 1834 3993 οὐχ

264 4022 455 4083 ἁπλῶς
487 4020 733 4086 ἐλέγοντο
782 4020 958 4089 ἄρτοι,
995 4018 1112 4071 ἀλλ’
1146 4020 1367 4087 ἄζυμοι,
1405 4021 1464 4071 τ’)
1495 4019 1647 4088 ἄρτοι
1700 4020 1837 4072 κατά

269 4113 508 4184 μετοχὴν
543 4115 635 4167 καὶ
668 4113 858 4181 κλῆσιν
917 4112 1130 4179 ἔχοντες
1176 4112 1367 4181 μόνην.
1428 4111 1533 4164 Καὶ
1580 4112 1837 4174 κοινωνὸς

265 4207 360 4259 ἔσο
415 4206 509 4272 τῆς
546 4203 789 4271 μεγάλης
818 4202 911 4254 τοῦ
944 4202 1273 4269 Μελχισεδὲκ
1309 4201 1519 4263 θυσίας,
1573 4195 1640 4273 ἦς
1676 4202 1838 4271 ἄρτος

266 4299 371 4349 οὐκ
401 4295 610 4362 ἀζυμος
636 4295 729 4347 καὶ
760 4288 922 4355 οἶνος,
956 4294 1220 4361 προοίμια
1253 4292 1350 4360 τῆς
1377 4292 1469 4345 τοῦ
1503 4294 1840 4361 Μελχισεδὲκ

267 4386 463 4454 καινῆς
490 4383 701 4446 θυσίας,
738 4382 830 4436 τοῦ
865 4382 1081 4435 αἰωνίου
1133 4382 1227 4433 καί
1250 4382 1482 4451 ἀληθοῦς
1509 4383 1840 4451 Μελχισεδὲκ

271 4477 369 4527 καὶ
432 4473 731 4542 ἀρχιερέως
786 4473 944 4540 μόνου
999 4470 1171 4542 Ἰησοῦ
1206 4471 1467 4541 Χριστοῦ,
1499 4472 1625 4541 περὶ
1654 4467 1712 4525 οὗ
1749 4474 1843 4541 γέ-

1416 444 1513 505 DE
1552 442 1789 503 SACRA
1849 437 2242 501 LlTURGlA.

3342 410 3447 477 2'70

2491 539 2723 603 CAPUT
2755 534 2862 595 XC.

1896 696 2025 762 Quis
2049 710 2228 748 sensus
2276 695 2545 746 verborum
2573 688 2759 762 Matth.
2781 695 2896 762 aut.
3045 688 3122 762 ελι
3160 668 3341 723 Simile
3378 676 3456 720 est

2241 777 2456 832 regnum
2494 758 2734 811 caelorum
2773 752 3040 818 fermento.
3080 760 3096 791 ι

1966 879 2039 934 Ne
2071 878 2283 946 rejicias
2347 875 2670 928 fermentum
2736 861 3181 930 incorruptionis,
3245 855 3331 908 cui
3380 853 3454 907 si-

1896 972 2019 1027 mile
2072 978 2157 1023 est
2205 981 2426 1035 regnum
2478 963 2765 1021 malorum,
2800 971 2865 1010 eo
2910 951 3054 1021 quod
3086 963 3268 1003 secum
3304 947 3456 999 unint

1895 1073 1947 1118 et
1988 1064 2235 1115 immutet
2279 1073 2371 1111 eos
2402 1054 2491 1125 ιιιιί
2540 1052 2737 1106 divinae
2786 1041 3157 1118 praedicationi
3194 1036 3454 1092 obediunt

1898 1153 2041 1224 quod
2101 1152 2421 1204 fermentum
2469 1142 2683 1197 mulier.
2740 1135 2979 1192 Ecclesia
3013 1127 3256 1185 caelestis
3286 1140 3452 1193 spon-

1898 1245 1965 1307 si,
2025 1240 2308 1295 abscondit
2355 1240 2405 1291 in
2440 1235 2625 1289 larium
2648 1231 2780 1285 satis
2807 1226 3004 1288 tribus,
3040 1234 3226 1277 eorum
3260 1229 3455 1294 nempe

1897 1336 1990 1406 qui
2027 1333 2325 1390 salvantur,
2366 1328 2540 1381 tribus
2578 1320 2884 1377 ordinibus.
2919 1324 3201 1370 servorum
3240 1318 3455 1406 et-mer-

1899 1399 2261 1483 cetiariorutn,
2294 1419 2552 1479 ﬁliorum,
2598 1423 2652 1469 et
2716 1409 2996 1479 virginum
3029 1405 3083 1458 in
3138 1399 3340 1469 nuptiis
3372 1411 3460 1449 sa-

1902 1516 2189 1588 pientium,
2235 1513 2407 1564 donec
2460 1508 2844 1563 fermentatum
2875 1508 2959 1555 est
2981 1506 3149 1551 totum
3189 1494 3242 1546 in
3272 1503 3455 1545 resur-

1908 1609 2167 1667 rectione,
2193 1618 2359 1675 regno
2380 1600 2472 1654 Dei
2494 1599 2715 1667 dignum
2746 1592 3025 1653 habitum;
3054 1588 3197 1675 quod
3228 1594 3455 1675 regnum

1904 1712 1955 1753 ct
1978 1714 2070 1754 eos
2088 1698 2179 1766 qui
2205 1671 2327 1747 ante
2345 1694 2512 1759 legem
2530 1689 2661 1757 justi
2690 1694 2867 1746 erant,
2888 1690 2942 1734 et
2958 1694 3049 1732 eos
3072 1676 3164 1744 qui
3183 1674 3235 1726 in
3252 1671 3389 1740 lege,
3409 1679 3464 1721 et

1906 1804 2000 1842 eos
2034 1763 2126 1854 qui
2164 1785 2215 1837 in
2244 1780 2435 1850 gratia,
2460 1774 2823 1845 congregavit.
2848 1770 3001 1837 Quod
3032 1766 3247 1837 quidem
3283 1763 3449 1816 Evau

1910 1878 2028 1947 gelti
2069 1873 2238 1944 gratia
2283 1869 2528 1941 perfecit.
2579 1866 2695 1935 Ipse
2723 1866 2865 1918 enim
2902 1862 3172 1920 Snivator,
3219 1855 3459 1907 divinum

1912 1964 2473 2039 perfectissimumque
2499 1958 2843 2013 fermentum,
2867 1960 2919 2005 et
2941 1952 3093 2019 panis
3116 1948 3259 2007 vitze,
3291 1955 3344 1998 et
3370 1959 3461 1995 rex

1909 2038 2167 2119 aeternus,
2194 2064 2245 2109 et
2274 2070 2364 2108 eos
2409 2052 2502 2121 qui
2534 2058 2659 2103 ante
2684 2048 2857 2115 legem
2896 2055 2947 2098 et
2988 2058 3081 2096 eos
3116 2040 3207 2107 qui
3244 2039 3295 2092 in
3328 2038 3461 2104 lege,

1913 2148 2225 2201 incarnatus
2254 2150 2306 2194 et
2339 2141 2391 2194 in
2419 2140 2678 2193 mundum
2742 2135 3036 2203 ingressus,
3062 2128 3315 2187 salvavit,
3348 2126 3469 2177 illos

1924 2236 2158 2291 vinculis
2186 2232 2485 2300 abripiens,
2542 2239 2594 2283 et
2618 2228 2736 2280 illos
2760 2242 2882 2279 cum
2921 2225 2986 2277 iis
3018 2223 3107 2287 qui
3153 2222 3205 2273 in
3261 2234 3318 2272 se
3349 2232 3468 2269 cre-

1920 2327 2159 2382 diderint
2202 2323 2400 2387 univit,
2456 2319 2546 2389 qui
2599 2318 2651 2371 in
2719 2316 2884 2369 alium
2932 2314 3164 2383 quidem
3220 2323 3469 2377 scopum.

1917 2427 2173 2486 tanquam
2234 2428 2429 2483 purutn
2490 2418 2543 2465 et
2574 2409 2757 2461 vivum
2809 2405 3140 2459 fermentum
3186 2399 3476 2454 abscondi-

1917 2519 2028 2574 tur,
2062 2507 2315 2563 rationali
2340 2513 2605 2559 creatura:
2643 2499 2893 2571 praesenti
2937 2507 3185 2565 tempore
3242 2492 3479 2561 triplici-

1919 2612 1998 2656 ter
2055 2598 2311 2659 divisum,
2357 2594 2566 2663 angelis
2623 2605 2841 2658 nempe,
2873 2588 3078 2642 sanctis
3109 2584 3200 2654 qui
3276 2582 3478 2637 mortui

1919 2700 2065 2751 sunt,
2097 2697 2151 2741 et
2178 2688 2242 2740 iis
2276 2685 2367 2754 qui
2400 2683 2454 2737 in
2489 2682 2664 2751 ipsum
2701 2678 2935 2734 credunt
2990 2676 3256 2744 nobisque
3288 2674 3481 2727 vlveu-

1923 2781 2107 2841 tibus;
2161 2778 2334 2832 donec
2388 2775 2770 2827 fertuentatum
2824 2769 2892 2822 sit
2922 2776 3121 2830 totum,
3180 2778 3475 2833 resurgens

1924 2887 2020 2941 per
2073 2870 2249 2940 ipsum
2284 2874 2337 2921 et
2396 2872 2567 2918 totutn
2636 2859 2766 2913 illud
2833 2873 3000 2910 unum
3033 2856 3308 2919 enectum,
3348 2869 3473 2927 cum

1924 2961 2095 3030 ipsius
2132 2956 2316 3027 gloria:
2347 2951 2623 3023 particeps
2654 2948 2757 3003 erit
2778 2956 2832 3002 et
2860 2947 3175 3015 angelorum
3210 2953 3404 2999 natura
3428 2952 3483 2997 et

1925 3059 2132 3106 nostra.

2507 3176 2735 3233 CAPUT
2770 3177 2900 3231 XCI.

1931 3293 2109 3359 Quare
2139 3288 2233 3345 sub
2260 3291 2367 3360 tege
2384 3302 2545 3357 panes
2571 3288 2955 3360 inlertnemati,
2981 3288 3069 3342 sed
3097 3287 3190 3341 sub
3217 3284 3488 3355 Evangelii

2431 3359 2603 3426 gratia
2634 3358 2978 3425 fermentati?

1998 3473 2126 3528 Esto
2150 3472 2312 3543 igitur
2338 3480 2391 3525 et
2419 3481 2472 3523 tu
2509 3472 2561 3525 in
2588 3470 2808 3525 Christo
2854 3472 3232 3533 fermentatus,
3266 3480 3318 3523 et
3350 3485 3486 3525 cura

1937 3574 1995 3619 ut
2022 3566 2171 3632 regni
2197 3566 2452 3617 canorum
2488 3563 2733 3618 fermeuti
2761 3565 2837 3619 sis
2872 3565 3163 3633 particeps.
3220 3562 3401 3632 Neque
3422 3579 3487 3615 ex

1931 3656 2141 3726 azymis
2214 3654 2347 3726 legis
2405 3656 2640 3725 panibus
2691 3664 2895 3724 partem
2948 3656 3169 3709 habeas.
3232 3655 3370 3720 Quia
3402 3656 3486 3708 lex

1936 3750 2128 3801 umbra
2156 3756 2239 3801 est
2268 3757 2317 3800 et
2351 3746 2530 3814 imago
2585 3760 2689 3799 non
2751 3748 2987 3800 animata
3038 3762 3134 3800 nec
3191 3748 3394 3799 vivens.
3434 3747 3492 3798 l-Lt

1940 3839 2082 3899 ideo,
2120 3848 2175 3890 ut
2227 3849 2491 3901 mortuos,
2526 3847 2577 3891 ct
2615 3854 2792 3892 meras
2822 3838 3040 3905 ﬁguras,
3077 3852 3294 3907 azymos
3327 3852 3493 3905 panes

1940 3930 2189 3991 habebat,
2247 3930 2337 3997 qui
2392 3944 2498 3983 non
2558 3930 2879 3997 simpliciter
2931 3945 3099 3999 panes
3152 3930 3495 3990 dicebautur,

1937 4019 2029 4072 sed
2062 4020 2256 4088 azymi,
2290 4020 2443 4086 panis
2493 4022 2866 4073 tantummodo
2900 4036 2994 4088 per
3027 4021 3495 4089 participationem

1942 4122 2134 4163 nomen
2188 4109 2503 4161 retinentes.
2589 4108 2869 4176 Particeps
2918 4119 3034 4163 esto
3100 4112 3280 4178 magni
3352 4111 3495 4165 illius

1941 4201 2331 4255 Melchisedech
2366 4201 2638 4259 sacriﬁcii,
2677 4201 2834 4265 cujus
2892 4202 3047 4268 panis
3094 4217 3199 4253 non
3242 4217 3491 4269 azvmus,

1940 4303 1994 4347 et
2051 4295 2255 4354 vinum,
2317 4292 2580 4361 prooemia
2623 4292 2745 4345 novi
2789 4291 3181 4346 Melchisedech
3214 4293 3493 4351 sacriﬁcii,

1941 4391 1993 4435 et
2049 4382 2237 4435 :eterni
2295 4390 2346 4434 et
2378 4382 2491 4433 Veri
2558 4381 2951 4435 Melchisedech
3016 4393 3068 4435 et
3105 4384 3272 4436 solius
3306 4381 3498 4435 Ponti-

1945 4472 2062 4526 ﬁcis
2115 4471 2243 4526 Jesu
2285 4472 2512 4525 Christi.
2564 4473 2635 4524 De
2667 4488 2776 4541 quo
2841 4473 3103 4539 scriptmn
3158 4484 3278 4527 est:
3341 4491 3358 4523 ι
3421 4464 3499 4526 Τίι

268 4581 560 4635 γραπται,
622 4584 640 4616 ι
676 4566 746 4617 Σὺ
804 4560 853 4617 εί
886 4566 1062 4633 ἱερεὺς
1109 4566 1187 4627 είς
1239 4566 1331 4617 τὸν
1380 4564 1549 4618 αἰῶνα
1585 4568 1724 4619 κατά
1753 4566 1847 4636 τὴν
1874 4576 1925 4636 D

1825 4576 2009 4636 vDeS
2063 4563 2316 4617 sacerdos
2397 4564 2448 4616 in
2533 4573 2793 4616 aeternum
2868 4566 3166 4617 secundum
3248 4564 3499 4618 urdinem

268 4657 427 4720 τάξιν
459 4656 809 4723 Μελχισεδέκ.
845 4673 863 4705 ι
897 4656 959 4709 Ei
989 4654 1033 4706 δ’
1060 4657 1160 4707 οὐκ
1191 4655 1490 4725 ἐθελήσεις,
1538 4658 1668 4719 ἴσως
1699 4656 1836 4724 μετά

269 4751 383 4802 τῶν
407 4748 632 4819 ἀζύμων
683 4750 775 4801 καλ⁵
810 4747 980 4815 ἀμνὸν
1033 4746 1225 4814 ἀλογον
1278 4746 1478 4811 θύσεις,
1542 4750 1637 4800 καὶ
1697 4747 1839 4800 κατὰ

287 4839 572 4901 Ἰουδαίους
639 4837 972 4907 μεθέξεις,ἢ
1029 4841 1121 4891 καὶ
1180 4841 1564 4907 συνεορτάοεις
1615 4841 1835 4901 αὐτοῖς’

273 4931 460 4983 καὶτά
488 4929 672 4997 ἄζυμα
700 4929 773 4991 ὡς
812 4929 959 4993 ξένια
993 4928 1160 4999 λήψῃ,
1197 4930 1223 4982 ὃ
1265 4934 1376 4991 τοῖς
1409 4932 1560 4999 ἐμοῖς
1595 4930 1836 4999 Πατρέσι

274 5024 451 5074 ποιεῖν
485 5020 884 5089 ἀπηγόρευται·
914 5018 945 5087 ἢ
972 5022 1063 5071 καὶ
1097 5020 1479 5092 περιτμηθήσῃ
1509 5022 1603 5072 καὶ
1637 5023 1838 5071 σαϋίία·

272 5102 481 5173 τίσεις·
512 5112 668 5162 τοῦτο
717 5110 825 5177 γὰρ
870 5109 1163 5162 ἀκόλουθον
1189 5126 1201 5139 ’
1235 5112 1357 5162 ἐπεὶ
1411 5112 1505 5162 καὶ
1533 5110 1685 5162 οὐδὲν
1721 5109 1837 5175 βδε-

273 5203 469 5257 λυκτόι
499 5217 613 5254 σοι·
672 5202 944 5262 κοινωνεῖς
994 5201 1102 5267 γάρ
1136 5201 1229 5254 καὶ
1260 5202 1539 5269 τραπέζης
1578 5202 1837 5263 πολλάκις

273 5296 390 5354 τοῖς
429 5290 697 5353 Ἰουδαίοις
728 5304 741 5319 ·
777 5290 870 5341 καὶ
904 5290 1075 5359 μικρά
1094 5306 1174 5351 τις
1208 5290 1438 5358 διαφορά
1468 5290 1673 5342 τούτων
1701 5290 1839 5359 πρὸς

277 5384 342 5436 σι
371 5381 482 5434 τῶν
522 5381 816 5434 θεοκτόνων
843 5382 935 5433 καὶ
968 5380 1159 5434 ἀθέων.
1203 5379 1340 5432 Ἀλλ’
1370 5382 1497 5449 ἡμῖν
1529 5382 1681 5433 οὐδὲν
1730 5398 1839 5434 κοι-

276 5474 370 5527 νὸν
403 5473 534 5541 πρὸς
566 5470 781 5533 αὐτούς.
812 5488 831 5522 ι
870 5472 978 5524 Καὶ
1024 5471 1090 5522 τὰ
1131 5472 1332 5539 ἀρχαῖα
1380 5470 1691 5539 παρῆλθενο
1730 5472 1837 5523 ἰδοὺ

276 5565 472 5629 γέγονε
497 5563 564 5615 τά
593 5562 767 5614 πάντα
788 5561 967 5623 καινά,
1009 5577 1027 5611 ι
1075 5559 1173 5628 βοᾷ
1220 5559 1428 5622 Παῦλος
1448 5574 1463 5589 ·
1503 5560 1593 5612 καὶ
1620 5560 1693 5621 ὼς
1723 5562 1842 5614 ἀντὶ

279 5656 584 5723 περιτομῆς
620 5651 900 5721 βάπτισμα
930 5654 1061 5720 ἡμῖν
1091 5656 1225 5715 ἐστι,
1259 5660 1347 5708 καὶ
1374 5655 1701 5716 ἀντιυυσίας
1728 5655 1821 5706 ἀλό

279 5763 383 5813 γου
416 5748 443 5795 ὸ
500 5745 666 5811 ἀμνὸς
710 5741 801 5794 τοῦ
848 5743 1007 5805 Θεοῦ,
1068 5744 1161 5796 καὶ
1194 5746 1314 5797 ἀντὶ
1346 5744 1571 5813 ἀζύμων
1604 5747 1781 5813 ἄρτων
1814 5749 1841 5798 ὁ

278 5836 511 5901 ενζυμος
536 5834 630 5900 τῆς
661 5831 934 5901 βασιλείας
963 5831 1055 5886 τοῦ
1084 5834 1341 5899 Χριστοῦ,
1374 5836 1428 5897 ὃς
1454 5838 1601 5888 ἐστιν
1624 5838 1651 5888 ὁ
1682 5837 1842 5904 ἄρ.ος

1942 4654 2355 4708 Melchisedech.
2412 4674 2428 4700 ι
2504 4655 2653 4719 Quod
2699 4655 2740 4707 si
2789 4656 2946 4714 nolis.
3000 4656 3137 4709 forte
3176 4672 3299 4709 eum
3375 4673 3501 4727 azy-

1942 4745 2042 4798 mis
2100 4756 2151 4798 et
2205 4760 2400 4813 agnum
2468 4744 2836 4798 irrationalem
2887 4746 3212 4809 imtnolabis,
3277 4755 3329 4800 ct
3381 4764 3503 4801 cum

1938 4835 2139 4889 ludatis
2193 4836 2661 4905 participationem
2744 4837 3015 4901 habebis,
3102 4848 3193 4890 aut
3255 4852 3377 4891 eum
3440 4840 3506 4892 iis

1942 4927 2079 4981 testa
2132 4926 2430 4982 celebrabis
2460 4942 2474 4992 ;
2510 4936 2600 4979 aut
2650 4942 2859 4996 azyma,
2915 4937 3171 4997 tanquam
3230 4931 3505 4999 peregrina

1940 5017 2190 5085 accipies,
2216 5032 2322 5085 quo
2350 5018 2479 5071 meis
2512 5016 2761 5071 Patribus
2797 5001 3139 5072 interdictum
3169 5031 3288 5085 est;
3315 5031 3367 5075 et
3398 5021 3505 5074 cir-

1940 5110 2278 5174 cumcideris,
2311 5118 2363 5163 et
2382 5107 2615 5163 Sabbuta
2644 5111 2983 5164 observabis.
3018 5111 3069 5164 Id
3123 5112 3267 5166 enim
3314 5128 3504 5167 conse-

1940 5215 2111 5270 quens
2128 5209 2227 5254 est.
2245 5199 2308 5253 Et
2329 5201 2461 5253 nihil
2482 5201 2745 5263 horrebis,
2764 5217 2885 5253 cum
2908 5201 2973 5254 iis
2992 5218 3190 5256 mensae
3203 5204 3503 5270 accumbes;

1940 5302 1995 5348 et
2044 5307 2229 5360 parum
2255 5292 2502 5346 intererit
2526 5294 2665 5347 inter
2704 5303 2755 5346 tc
2785 5295 2966 5347 ethos
3000 5293 3087 5348 Dei
3132 5295 3505 5350 itttettectorcs

1941 5394 1993 5439 et
2018 5385 2232 5455 impios.
2254 5383 2357 5439 Sed
2382 5385 2536 5437 nobis
2562 5384 2815 5437 nihilcum
2847 5385 2912 5438 iis
2937 5399 3220 5440 commune
3248 5398 3352 5440 est.
3383 5406 3401 5438 ι
3441 5387 3507 5441 Et

1944 5485 2124 5529 vetera
2150 5475 2481 5528 transierunt
2526 5490 2539 5526 :
2590 5490 2714 5527 ecce
2745 5488 2881 5527 nova
2912 5474 3049 5529 facta
3091 5488 3211 5530 sunt
3243 5479 3444 5539 omnia,
3485 5500 3501 5529 ι

1945 5568 2199 5622 inclamat
2262 5567 2479 5621 Paulus.
2508 5568 2570 5619 lit
2612 5567 3064 5635 quemadmodum
3097 5586 3191 5635 pro
3219 5571 3505 5625 circumci-

1945 5660 2097 5715 sione
2139 5660 2296 5713 nobis
2329 5668 2411 5713 est
2444 5659 2767 5725 baptisutus,
2799 5671 2965 5729 ειμι-ο
2996 5664 3361 5717 immolatione
3384 5666 3507 5731 agni

1948 5750 1981 5802 it
1998 5750 2295 5812 rationalis,
2328 5751 2440 5818 ipse
2460 5752 2641 5816 Agnus
2664 5750 2777 5809 Dei.
2803 5752 2870 5804 ita
2891 5767 2987 5819 pro
3006 5756 3208 5822 azymis
3254 5756 3506 5822 panibus,

1952 5840 2108 5910 panis
2144 5841 2292 5911 regni
2315 5840 2556 5895 cwlestis
2585 5850 2636 5895 ct
2665 5840 2890 5905 Christi,
2918 5845 3006 5910 qui
3039 5855 3120 5899 est
3150 5847 3304 5911 pains
3336 5846 3505 5910 vina,
