4238 6444
261 309 362 372 297

1480 315 1573 371 ΟΕ
1615 313 1850 370 SACiiA
1885 313 2274 376 LITURGIA.

3411 326 3515 389 Ξθῖ

262 456 431 520 εει-ις’
471 453 605 520 μετὰ
623 452 678 507 δὲ
705 452 926 514 τοῦτους
967 453 1068 522 πρὸ
1098 452 1205 505 τῶν
1257 449 1416 522 ἱερῶν
1457 452 1638 504 πυλῶν
1670 450 1838 508 ἄλλοι,
1875 451 1914 509 Α

1837 494 1838 505 χ
1875 451 1914 509 Λ
1952 453 2037 507 nis
2101 454 2336 524 liturgiei
2365 456 2601 513 diaconi.
2642 457 2772 516 Post
2838 463 2984 531 ipsos
3018 475 3196 517 autem
3266 465 3354 518 alii
3416 471 3511 533 qui

261 546 604 601 ὕποδιάκονοί
661 563 740 608 τε,
800 545 892 597 καὶ
940 545 1036 597 σὺν
1105 545 1289 606 αὐτοῖς
1346 544 1720 611 ἁναγνώσταις
1782 546 1828 596 oi

261 635 499 704 ῦμνῳδοί
525 651 538 665 ·
576 631 813 703 μεθ”οῦς
896 632 1052 685 πάλιν
1085 631 1432 685 κοινωνοῦσιν
1461 634 1507 684 οἱ
1533 631 1624 684 τοῦ
1664 650 1828 700 μονα-

257 726 416 794 χικοῦ
445 725 722 793 σχήματος
743 765 755 787 ,
785 721 859 785 ὠς
892 722 1215 790 προέχοντες
1245 723 1337 775 τοῦ
1375 722 1527 775 λαοῦ.
1555 724 1660 775 Καὶ
1693 724 1828 790 μετᾶ

256 817 478 878 τούτους
526 815 664 869 κατὰ
695 814 847 881 τάξιν
904 809 1059 876 αὖθις
1110 815 1157 866 οἱ
1189 814 1385 867 λαῖκοί.
1428 815 1559 867 Οὐδὲ
1599 815 1706 884 γὰρ
1740 816 1828 866 καὶ

255 906 402 960 οῦτοι
435 909 634 968 πάντες
666 905 880 974 ἐπίσης.
911 904 974 956 Oi
1004 903 1102 971 μὲν
1136 902 1244 972 γὰρ
1269 901 1449 962 καλῶς
1480 902 1745 967 ἵστανται,
1778 907 1826 956 οἱ

227 1000 312 1053 ’δὲ
347 995 731 1068 μετανοοῦντες
763 997 919 1048 είσιν,
984 997 1050 1048 ’Δ
1102 991 1166 1063 δὴ
1230 992 1407 1049 πάντα
1452 994 1683 1084 ἑκάστου
1715 995 1828 1079 τῶν

257 1091 594 1158 μετεχόντων
624 1086 756 1139 Θεοῦ
800 1088 896 1156 τήν
943 1103 1001 1137 τε
1028 1086 1181 1150 τάξιν
1227 1086 1379 1155 δηλοῖ
1413 1088 1508 1140 καὶ
1539 1085 1824 1150 ἀνάϐασιν,

255 1181 428 1234 καὶτὸ
454 1179 706 1248 ἁρμόδιον
737 1177 827 1230 καὶ
853 1178 1060 1246 πρέπον
1089 1178 1186 1246 τῆς
1223 1178 1523 1240 κοινωνίας.
1571 1176 1630 1230 Ὀ
1653 1179 1828 1230 ἀσπα-

256 1272 393 1340 σμὸς
443 1273 499 1324 δὲ
533 1274 630 1323 σὺν
669 1271 734 1339 τῇ
769 1269 1025 1339 ὁμολογία
1065 1270 1162 1336 τῆς
1194 1269 1464 1330 πίστεως,
1493 1269 1588 1337 τὴν
1615 1270 1710 1319 ’ἐπὶ
1760 1271 1825 1338 τῇ

251 1364 517 1434 ὁμολογία
546 1364 638 1416 τοῦ
661 1363 795 1415 Θεοῦ
835 1361 1150 1431 συμφωνίαν
1178 1362 1272 1414 καὶ
1299 1362 1396 1431 τὴν
1425 1363 1646 1430 εἰρήνην
1680 1360 1828 1428 δηλοῖ

252 1459 350 1510 καὶ
384 1458 480 1526 τὴν
511 1455 750 1524 ἀγάπην.
807 1455 958 1506 Μετὰ
1009 1453 1063 1505 δέ
1096 1470 1156 1520 γε
1194 1453 1284 1505 τὸν
1334 1452 1624 1520 ἀσπασμὸν
1658 1453 1689 1521 ὴ
1719 1451 1825 1503 τῶν

256 1547 572 1617 μυστηρίων
643 1547 922 1616 ἱερουργία
957 1547 1018 1614 τῇ
1071 1544 1351 1614 ἐπικλήσει
1380 1545 1472 1597 τοῦ
1516 1543 1825 1612 Πνεῦματος

251 1637 486 1705 γίνεται.
525 1636 646 1687 Ὅτι
687 1635 846 1705 μίαὴ
885 1636 1115 1702 δύναμις
1155 1635 1254 1700 τῆς
1307 1635 1560 1705 Τριάδος,
1608 1635 1700 1687 καὶ
1729 1633 1822 1686 τοῦ

255 1729 386 1782 Υἱοῦ
438 1728 832 1797 σαρκωθέντος,
865 1729 892 1779 6
933 1727 1119 1797 Πατὴρ
1146 1726 1380 1780 εὑδοκῶν
1419 1721 1509 1798 ἦν,
1544 1728 1572 1778 6
1598 1726 1724 1786 Υἱὸς
1768 1725 1823 1777 δὲ

253 1822 595 1890 αὑτουργῶν,
638 1823 732 1874 καὶ
762 1821 821 1873 τὺ
851 1821 1069 1889 Πνεῦμα
1117 1820 1412 1889 συνεργοῦν
1454 1820 1515 1873 τὸ
1539 1819 1823 1892 πανάγιον.

250 1914 405 1967 Μετὰ
430 1914 484 1965 δὲ
511 1914 610 1982 τὴν
643 1912 956 1982 ἱερουργίαν
991 1913 1025 1976 ἡ
1053 1911 1193 1980 ὑπὲρ
1233 1912 1489 1964 ἁπάντων
1519 1910 1825 1979 ἀνάμνησις

249 2008 338 2060 διὰ
366 2006 424 2058 τὸ
449 2004 792 2075 σωτηριῶδες
819 2005 917 2073 τῆς
967 2003 1172 2064 θυσίας.
1222 2005 1326 2054 Καὶ
1361 2003 1466 2054 τῶν
1506 2002 1676 2069 ἁγίων
1703 2001 1757 2052 δὲ
1791 2002 1823 2066 ὴ

251 2097 608 2166 ἀνακήρυξις,
657 2096 737 2148 ὅτι
788 2093 1090 2148 συνέπαθον
1132 2094 1300 2161 αὐτῷ,
1329 2095 1423 2146 καὶ
1452 2094 1545 2145 νῦν
1577 2091 1828 2156 συνδοξά-

252 2192 458 2255 ζονται.
506 2188 827 2256 Ἐξαιρέτως
877 2186 933 2239 δὲ
975 2189 1007 2256 ἡ
1063 2189 1161 2255 τῆς
1197 2187 1473 2254 Παναγίας
1533 2185 1624 2239 καὶ
1659 2185 1826 2255 μόνης

250 2284 519 2335 Θεοτόκου
553 2282 877 2349 ἀνάμνησις,
907 2280 989 2333 ὅτι
1027 2280 1121 2332 καὶ
1161 2278 1255 2332 νῦν
1290 2279 1381 2331 καὶ
1412 2277 1534 2329 τότε
1567 2276 1626 2329 τὸ
1651 2277 1825 2329 κοινόν

253 2376 372 2425 ἐστι
399 2371 594 2432 παντὸς
627 2371 832 2436 κόσμου
896 2369 1162 2438 σωτήριον
1186 2385 1200 2398 ·
1243 2370 1308 2438 ἣν
1341 2367 1435 2421 καὶ
1470 2368 1666 2429 πάντες
1699 2370 1822 2417 ἁνυ-

255 2463 520 2532 μνοῦμεν,
556 2463 679 2513 ἐπεὶ
722 2460 814 2512 καὶ
849 2458 915 2512 δι’
947 2458 1120 2527 αὐτῆς
1167 2458 1264 2524 τὴν
1307 2458 1582 2527 σωτηρίαν
1614 2457 1821 2519 ἐλπίζο-

256 2572 377 2624 μεν.
405 2555 556 2607 Mati
586 2549 641 2605 δὲ
675 2551 772 2622 τὴν
809 2551 1031 2620 μνήμην
1081 2550 1336 2603 ἁπάντων
1368 2552 1399 2618 ἠ
1431 2550 1643 2615 αἴτησις
1679 2550 1826 2617 παρὰ

251 2645 347 2699 τοῦ
382 2644 681 2713 ἀρχιερέως
724 2642 912 2712 ὥσπερ
947 2641 1362 2710 ὲπισφράγισμα
1406 2641 1513 2694 τῶν
1559 2642 1826 2708 αἰτήσεων

253 2736 508 2803 ἁπασῶν,
533 2736 671 2788 ὥστε
698 2735 879 2788 δοῦναι
914 2735 970 2786 ὲν
1002 2733 1082 2785 ἐνὶ
1107 2733 1336 2802 στόματι
1368 2735 1459 2786 καὶ
1494 2733 1595 2803 μιᾷ
1631 2733 1825 2802 καρδία

255 2829 421 2884 αὐτὸν
455 2827 698 2893 δοξάζειν
730 2827 820 2879 τὸν
847 2827 910 2880 ἐν
943 2825 1134 2896 Τριάδι
1161 2824 1313 2889 Θεὸν,
1350 2825 1536 2878 καὶτὰ
1583 2826 1703 2895 ὲλέη
1730 2827 1824 2878 τοῦ

256 2921 634 2992 σαρκωθέντος
688 2920 783 2973 καὶ
823 2918 1074 2981 τυθέντος
1105 2917 1245 2986 ὑπὲρ
1280 2917 1435 2985 ἡμῶν
1470 2918 1565 2970 καὶ
1617 2919 1826 2988 ἱερουρ-

251 3016 516 3088 γηθὲντος
539 3016 631 3067 καὶ
661 3013 1018 3082 προκειμένου
1059 3009 1232 3081 Ἰησοῦ
1276 3011 1509 3078 Χριστοῦ
1534 3010 1624 3062 τοῦ
1657 3011 1822 3080 μεγά-

1933 554 2078 598 stant
2135 555 2260 599 ante
2317 543 2459 600 fores
2520 563 2724 614 sacras,
2776 551 3206 622 subdiaconique
3258 570 3321 606 ac
3379 571 3503 610 cum

1932 635 2066 702 ipsis
2103 635 2394 690 lectoribus
2427 648 2703 692 cantores.
2737 639 2864 695 Post
2895 641 3029 695 istos
3087 644 3224 697 dona
3256 661 3502 698 commu-

1933 725 2118 778 nicant
2149 726 2197 778 hi
2225 728 2317 795 qui
2347 737 2472 780 sunt
2508 731 2796 783 monastici
2835 741 3025 792 status.
3088 745 3339 802 tanquam
3400 751 3494 804 p'i-

1932 816 2112 884 pulum
2148 819 2531 884 pum-edentes.
2596 819 2656 872 Et
2698 831 2817 889 post
2860 822 3015 886 istos,
3048 827 3349 879 secundum
3411 845 3498 879 or-

1929 907 2130 971 dinem,
2165 909 2358 961 iterum
2395 910 2513 965 laici
2549 928 2561 975 ;
2638 928 2739 965 non
2771 913 2912 966 enim
2982 926 3033 968 et
3067 915 3117 968 Ιιὶ
3151 927 3276 969 slltli
3305 934 3408 970 om:
3436 936 3495 971 es

1928 1000 2246 1068 :cqualiter;
2301 1001 2394 1054 alii
2428 1017 2657 1071 namque
2707 1004 3092 1059 honorabiliter
3121 1008 3356 1072 adstant,
3414 1012 3500 1062 alii

1931 1104 2058 1143 vero
2111 1091 2433 1159 pceuitentes
2467 1101 2634 1148 sunt:
2671 1110 2792 1165 quae
2822 1107 3015 1152 cuncta
3071 1101 3499 1169 uniusmtjusque

1930 1183 2446 1239 communicandum
2514 1186 2621 1240 Deo
2679 1189 2924 1242 ordinem
2983 1199 3036 1243 et
3090 1183 3496 1254 ascensionem,

1928 1279 1980 1324 et
2032 1274 2477 1338 concinnitatem,
2535 1288 2588 1331 et
2648 1281 3078 1334 convenientiam
3152 1285 3493 1336 communio-

1929 1364 2014 1417 nis
2066 1367 2373 1420 ostcndunt.
2434 1368 2774 1435 Amplexutio
2811 1387 2932 1425 cum
2972 1372 3091 1425 ﬁdei
3134 1374 3481 1429 confessione

1929 1457 2278 1510 conCordiam
2318 1468 2372 1512 et
2432 1475 2614 1529 pacem
2673 1471 2725 1515 et
2773 1463 3113 1518 dilectionem
3167 1465 3219 1518 in
3274 1466 3488 1521 confes-

1928 1544 2080 1599 sione
2139 1545 2230 1600 Dei
2257 1547 2548 1616 signiﬁcat.
2609 1550 2738 1604 Post
2807 1562 2984 1605 autem
3043 1554 3492 1621 amplcxatiouem

1929 1647 2310 1705 mystertorum
2348 1643 2590 1709 operatio
2639 1659 2793 1698 sacra
2828 1646 2884 1698 lit
2915 1646 3258 1702 invocatione
3316 1645 3490 1716 Spiri-

1933 1735 2055 1793 tus;
2110 1733 2363 1798 quoniam
2396 1749 2500 1786 una
2560 1747 2640 1788 est
2674 1747 2913 1804 potestas
2945 1740 3247 1798 Trinitatis.
3281 1750 3332 1793 et
3368 1757 3491 1796 cum

1931 1817 2100 1872 Filius
2125 1834 2252 1875 caro
2299 1821 2472 1878 factus
2531 1836 2634 1890 est,
2662 1825 2822 1882 Pater
2860 1839 2976 1883 erat
3025 1832 3370 1894 benevolens,
3409 1831 3495 1884 Fi-

1931 1906 2033 1962 litts
2087 1923 2265 1964 autem
2301 1929 2393 1980 per
2428 1930 2485 1968 se
2543 1931 2730 1985 agens.
2755 1929 2807 1972 et
2840 1918 3076 1985 Spiritus
3114 1930 3336 1974 sanctus
3370 1915 3492 1974 coo-

1931 2014 2145 2068 perans.
2177 2001 2299 2056 Post
2330 2019 2539 2058 sacram
2562 2009 2929 2076 operationem
2959 2011 3014 2063 lit
3044 2027 3205 2078 super
3239 2013 3491 2064 omnibus

1929 2091 2189 2145 memoria
2256 2104 2471 2163 pr0pter
2506 2098 2758 2152 virtutem
2817 2100 3008 2152 hostia:
3039 2101 3401 2164 salutiferam,
3440 2112 3495 2154 et

1931 2190 2243 2236 sanctorum
2308 2187 2660 2253 ριίιιοοιιὶιιηι,
2721 2205 2784 2243 eo
2811 2191 2955 2258 quod
3013 2207 3135 2245 cum
3197 2195 3313 2260 ipso
3346 2196 3488 2261 passi

1930 2281 2077 2335 sunt,
2133 2283 2185 2326 et
2264 2291 2406 2329 nunc
2478 2265 2995 2347 congloriﬁcantur‘;
3055 2289 3107 2332 et
3168 2282 3496 2335 excellenter

1929 2365 2288 2418 sanctissimae
2355 2366 2634 2437 uuicmque
2708 2368 2948 2437 Deiparze
3013 2372 3497 2439 reeordatio,qun-

1930 2455 2071 2507 uiam
2095 2467 2147 2509 et
2171 2471 2310 2509 nunc
2339 2468 2390 2511 et
2421 2466 2547 2512 tunc
2596 2462 2900 2514 communis
2930 2471 3014 2515 est
3055 2463 3198 2516 salus
3254 2465 3494 2518 unin't'si

1929 2546 2135 2610 tnundi,
2165 2563 2327 2616 quam
2354 2550 2517 2602 etiam
2541 2565 2729 2606 omnes
2752 2553 3111 2619 celebramus,
3133 2571 3195 2609 co
3224 2557 3365 2625 quod
3403 2573 3497 2626 per

1929 2638 2097 2705 ipsam
2132 2654 2412 2708 speramus
2445 2642 2697 2697 salutem.
2743 2644 2869 2700 Post
2897 2647 3140 2698 omnium
3177 2649 3492 2700 memoriam

1928 2731 2104 2783 oratiu
2133 2731 2190 2783 lit
2219 2745 2246 2783 a
2280 2732 2555 2800 pontilice,
2580 2745 2832 2804 tauquam
2888 2739 3130 2790 onmium
3185 2740 3491 2792 orationum

1928 2823 2184 2890 sigillum,
2236 2834 2291 2878 ut
2351 2829 2429 2880 sic
2487 2827 2644 2880 detur
2700 2828 2752 2881 in
2807 2843 2915 2882 uno
2964 2844 3059 2884 ore
3088 2846 3302 2898 unoque
3332 2832 3494 2885 corde

1931 2917 2104 2984 ipsum
2136 2916 2440 2985 gloriﬁcare
2478 2917 2642 2971 Deum
2676 2920 2727 2971 in
2761 2917 3026 2985 Trinitate
3045 2932 3408 2987 constantem,
3440 2932 3493 2974 ct

1929 3006 2305 3062 miserationes
2339 3008 2461 3077 ejus
2515 3010 2606 3075 qui
2661 3027 2756 3079 pro
2823 3011 2979 3065 nobis
3041 3012 3376 3074 incarnatus,
3437 3024 3491 3065 et

251 3109 346 3160 λου
380 3106 513 3161 Θεοῦ
542 3101 679 3158 εἶναι
713 3107 939 3159 πάντοτε
978 3103 1096 3172 μεθ’
1124 3105 1154 3171 ὴ
1166 3103 1299 3171 μῶν.
1341 3102 1570 3154 Ἔπειτα
1599 3102 1694 3172 τὴν
1723 3104 1819 3169 τῆς
1845 3107 1890 3169 c

1811 3107 1890 3169 ;c
1928 3097 2254 3162 immolatus,
2288 3107 2340 3152 et
2369 3101 2418 3152 in
2443 3100 2971 3163 sacriﬁcio'oblatns,
3022 3101 3485 3166 Jesus-Cliristus,

255 3199 530 3261 υἱοθεσίας
581 3198 740 3268 χάριν
770 3197 828 3248 ὲν
875 3196 1006 3263 ἡμῖν
1051 3193 1079 3245 6
1139 3192 1402 3262 ἱεράρχης
1436 3191 1822 3260 προσεύχεται.

255 3291 352 3345 καὶ
373 3290 665 3355 ὲξαιτεῖται
687 3285 1086 3354 καταξιωθῆναι
1106 3285 1268 3354 ἡμᾶς,
1293 3283 1447 3353 112
1468 3282 1552 3336 διὰ
1573 3282 1664 3334 τοῦ
1687 3281 1825 3334 κατὰ

255 3384 420 3449 φύσιν
465 3379 597 3433 Υίοῦ
625 3379 723 3449 ἤδη
757 3377 1052 3443 τεθυμένου
1077 3377 1182 3437 τοῖς
1235 3374 1553 3444 μυστηρίοις
1573 3371 1668 3425 καὶ
1699 3389 1826 3442 προ-

255 3474 539 3541 κειμένου,
575 3471 757 3523 καλεῖν
801 3469 948 3536 ἡμᾶς
991 3467 1227 3535 Πατέρα,
1265 3467 1389 3526 τοὺς
1412 3464 1570 3532 φύσει
1598 3463 1828 3532 κτίσμα-

257 3567 328 3619 τά
358 3581 414 3616 τε
452 3564 544 3616 καὶ
567 3562 806 3625 δούλους,
838 3559 929 3611 τὸν
982 3558 1115 3609 Θεὸν
1166 3557 1255 3609 τὸν
1302 3556 1640 3624 ἐπουράνιον.
1672 3553 1826 3607 Μετὰ

260 3654 318 3706 δὲ
362 3654 461 3722 τὴν
499 3650 804 3720 προσευχὴν
833 3649 926 3702 καὶ
980 3648 1079 3717 τὴν
1124 3648 1347 3718 είρήνην
1402 3648 1497 3730 καὶ
1526 3647 1626 3714 τὴν
1654 3647 1828 3698 κλίσιν

261 3747 360 3814 τῆς
393 3742 651 3811 κεφαλῆς,
705 3741 740 3794 ἃ
773 3741 836 3808 δὴ
873 3740 967 3810 τὴν
999 3739 1132 3807 πρὸς
1171 3739 1300 3790 Θεὸν
1346 3737 1585 3791 δουλείαν
1613 3736 1829 3805 δηλοῦσι

263 3838 355 3889 καὶ
383 3820 598 3898 ἕνωσιν,
624 3835 657 3903 ή
690 3833 781 3884 τοῦ
819 3833 1102 3901 ζωηιρὸρου
1147 3832 1318 3900 ἄρτου
1361 3830 1563 3898 γίνεται
1599 3829 1825 3898 ῦψωσιῖ,

261 3927 432 3996 αὐτὴν
465 3925 711 3978 τυποῦσα
761 3923 858 3992 τὴν
889 3922 1029 3991 ὑπὲρ
1055 3922 1210 3990 ἡμῶν
1257 3920 1351 3974 τοῦ
1386 3921 1636 3989 Σωτῆρος
1667 3920 1827 3972 σταύ·

263 4035 430 4087 ρωσιν
453 4034 467 4047 ·
508 4017 602 4068 καὶ
635 4015 693 4068 τὸ
720 4014 879 4066 αὐτὸν
906 4012 999 4064 τὸν
1031 4011 1264 4080 Χριστὸν
1285 4010 1478 4073 ἐλθεῖν,
1515 4011 1607 4061 καὶ
1633 4007 1827 4061 ἑαυτοῦ

258 4111 393 4178 ἡμῖν
429 4105 770 4176 μεταδοῦναι,
803 4106 883 4156 ὅτι
911 4105 1004 4156 καὶ
1044 4095 1198 4164 οὗτός
1227 4104 1373 4154 ἐστιν
1419 4104 1447 4155 ὁ
1495 4102 1633 4169 ὑπὲρ
1675 4101 1828 4171 ἡμῶν

264 4199 621 4269 αταυρωθεὶς,
645 4197 738 4250 καὶ
763 4196 925 4247 αὑτὸν
948 4195 1214 4270 δείκνυσιν
1232 4195 1363 4263 ἡμῖν
1395 4193 1669 4261 μυστικῶς
1691 4192 1829 4261 ὑπὲρ

256 4291 417 4359 ἡμῶν
437 4288 758 4341 πεπονθότα.
807 4287 895 4338 Διὺ
946 4289 1039 4339 καὶ
1103 4303 1120 4336 t
1156 4286 1537 4354 Προσέχωμεν,
1579 4303 1596 4335 ι
1641 4285 1825 4354 ἐκϐοᾷ,

256 4383 399 4433 ὥστε
433 4381 632 4447 γνῶναι
671 4378 815 4445 ἡμᾶς
843 4376 901 4429 τὸ
953 4376 1270 4445 μυστήριον.
1314 4375 1423 4426 Καὶ
1460 4373 1671 4439 ἐπάγει,
1706 4391 1722 4422 t
1747 4373 1825 4424 Τὰ

259 4474 429 4539 ’Ἅγια
457 4471 566 4532 τοῖς
599 4470 773 4536 ἁγίοις
794 4483 806 4496 ·
842 4487 859 4518 ι
894 4466 1084 4535 δηλῶν,
1123 4465 1194 4527 ὼς
1228 4467 1253 4517 6
1286 4463 1612 4533 araupwﬁai;
1650 4462 1822 4528 ἅγιος,

257 4564 355 4614 καὶ
391 4562 442 4614 οἱ
487 4561 676 4612 τούτου
716 4560 932 4627 μέτοχοι
983 4555 1127 4622 ἅγιοι
1182 4554 1488 4621 ὀφείλουσιν
1517 4548 1677 4613 εἶναι,
1731 4551 1824 4602 καὶ

258 4656 443 4706 πίστει
477 4652 676 4712 πάντες
704 4649 919 4718 βοῶσιν,
965 4665 984 4698 t
1019 4642 1112 4709 Εἷς
1148 4646 1323 4711 ἆγιος,
1371 4641 1448 4707 εἷς
1479 4643 1678 4712 Κύριος
1723 4643 1825 4710 ’1η-

260 4744 392 4806 σοῦς
425 4742 674 4810 Χριστὸς,
705 4758 722 4792 ι
771 4739 865 4809 τὴν
896 4738 1188 4807 ὁμολογίαν
1219 4738 1489 4804 λέγοντες,
1521 4735 1641 4803 ῆτις
1671 4732 1823 4785 ἔσται

256 4837 354 4888 καὶ¹
383 4837 438 4886 ἐν
485 4834 562 4902 τῷ
597 4831 864 4902 μέλλοντι,
890 4833 964 4887 ὡς
993 4827 1196 4890 Παῦλός
1237 4844 1387 4897 φησι.
1419 4826 1518 4878 Διὰ
1556 4825 1663 4893 γὰρ
1699 4825 1820 4877 τού-

256 4944 350 4977 του
380 4922 472 4975 τοῦ
518 4921 834 4992 μονογενοῦς
864 4919 996 4972 Υἱοῦ
1025 4920 1408 4990 σαρκωθέντος
1450 4919 1541 4970 καὶ
1585 4933 1828 4985 σταυρω-

256 5019 441 5077 θέντος
475 5014 816 5083 ὴγιάσθημέν
857 5029 916 5064 τε
982 5013 1077 5064 καὶ
1125 5012 1218 5063 τοῦ
1279 5010 1511 5062 θανάτου
1553 5007 1828 5078 ἐρρύσθη-

259 5126 384 5177 μεν,
437 5109 530 5158 καὶ
589 5104 688 5173 τῆς
752 5103 1045 5163 ἀθανασίας
1090 5104 1352 5170 ἐτύχομεν
1384 5117 1395 5131 ·
1453 5101 1510 5161 ὃς
1567 5101 1660 5151 καὶ
1706 5099 1827 5150 τότε

257 5201 411 5250 ἔσται
444 5197 573 5263 ἡμῖν
601 5192 803 5262 θεωρία
826 5210 882 5244 τε
904 5194 995 5244 καὶ
1031 5191 1349 5253 ἀπόλαυσις,
1369 5189 1450 5242 ὄτι
1484 5189 1829 5257 ἀπεθάνομεν

257 5289 524 5356 πρότερον
581 5286 699 5354 μὲν,
735 5282 936 5352 ἱσοθεῖα
974 5282 1289 5343 κλαπέντες,
1326 5283 1418 5332 καὶ
1456 5281 1602 5349 παρὰ
1635 5281 1821 5348 καιρὸν

257 5380 515 5433 ἀθάνατοι
575 5379 668 5428 καὶ
700 5373 809 5426 θεοὶ
836 5374 1087 5441 γενέσθαι
1131 5371 1443 5442 ζητοῦντες,
1475 5374 1781 5438 γεγόναμεν
1805 5387 1817 5401 ο

258 5469 356 5520 νῦν
378 5469 432 5520 δὲ
461 5469 782 5534 ἁνέστημεν,
818 5466 908 5516 καὶ
956 5464 1157 5531 ζῶμεν,
1204 5463 1296 5515 καὶ
1326 5462 1459 5514 Θεοῦ
1523 5464 1820 5530 μετέχομεν

255 5560 366 5613 τῶν
400 5559 660 5626 χαρίτων,
690 5558 783 5608 καὶ
816 5556 925 5606 θεοί
959 5556 1144 5622 ἐσμεν,
1180 5554 1253 5617 ὼς
1281 5555 1389 5606 τῶν
1427 5558 1489 5621 τῇ
1518 5556 1822 5624 παραϐάσει

253 5651 510 5703 ἐναντίων
566 5647 660 5700 νῦν
715 5647 1040 5713 γεγονότων,
1095 5647 1188 5698 τοῦ
1250 5646 1384 5698 Θεοῦ
1446 5648 1819 5715 σαρκωθέντος

251 5743 347 5795 τοῦ
385 5739 650 5792 ἀθανάτου
681 5737 818 5805 ὑπὲρ
851 5737 1006 5804 ἡμῶν
1028 5775 1040 5797 ,
1071 5737 1161 5789 καὶ
1196 5737 1382 5790 δούλου
1423 5739 1635 5806 μορφὴν
1668 5740 1815 5792 ἐνδυ,

581 5837 844 5896 ίἈτιιυι..
905 5831 1018 5889 Gtt.
1063 5828 1231 5887 CLV.

1928 3202 2151 3256 magnus
2200 3188 2358 3253 Deus,
2419 3206 2632 3260 semper
2685 3207 2805 3245 eSSc
2891 3193 3175 3246 nobiscum
3240 3195 3490 3248 intendit.

1930 3276 2120 3331 Postea
2169 3279 2446 3333 ﬁliationis
2499 3281 2730 3350 gratiam
2789 3283 2840 3334 in
2884 3283 3037 3335 nobis
3063 3283 3177 3335 ﬁeri
3234 3296 3490 3350 precatur

1929 3369 2185 3423 sacerdos
2219 3381 2512 3439 exoratqne
2535 3387 2630 3426 nos
2669 3372 2782 3426 ﬁeri
2813 3373 3006 3440 dignos
3037 3388 3131 3441 per
3165 3374 3356 3427 Filium
3392 3392 3486 3427 na-

1930 3456 2154 3509 turalem
2186 3457 2296 3524 jam
2341 3459 2677 3512 immolatum
2730 3475 2791 3516 ac
2815 3460 3105 3528 jacentem,
3162 3471 3219 3516 ut
3250 3479 3346 3516 nos
3403 3481 3496 3516 vo-

1928 3559 2112 3599 cemus
2153 3547 2387 3613 Patrem,
2427 3564 2523 3601 nos
2554 3549 2643 3617 qui
2699 3559 2888 3603 natura
2919 3567 3106 3606 sumus
3136 3565 3403 3607 creaturae
3429 3571 3492 3608 ac

1929 3637 2090 3700 servi,
2129 3638 2290 3691 Deum
2321 3640 2411 3708 qui
2439 3641 2490 3694 in
2514 3645 2665 3696 ccclis
2693 3653 2796 3697 est.
2837 3645 2962 3699 Post
2997 3646 3136 3700 hanc
3165 3657 3343 3700 autem
3373 3663 3491 3701 ora-

1930 3729 2128 3782 tionem
2154 3742 2203 3784 et
2224 3745 2406 3803 pacem
2433 3743 2480 3785 et
2504 3736 2695 3802 capitis
2732 3735 3155 3801 inclinationem,
3183 3753 3301 3804 quae
3322 3741 3492 3793 servi-

1932 3829 2094 3873 tutem
2115 3836 2177 3875 ac
2202 3823 2452 3876 unionem
2479 3825 2541 3877 ad
2566 3824 2732 3878 Deum
2753 3826 3082 3895 significant,
3105 3827 3299 3882 viviﬁci
3337 3832 3489 3896 panis

1931 3911 1986 3964 lit
2009 3912 2254 3977 elcvatio,
2277 3916 2446 3981 ipsam
2467 3916 2705 3982 ﬁgurans
2729 3932 2826 3984 pro
2861 3921 3016 3972 nobis
3042 3921 3338 3975 Salvatoris
3366 3936 3492 3976 cru-

1928 4002 2260 4068 ciﬁxionetn,
2314 4019 2523 4058 necnon
2587 4007 2766 4074 ipsum
2821 4008 3098 4064 Chrismtn
3154 4014 3388 4077 venisse,
3430 4031 3491 4068 ac

1930 4096 2277 4163 semet‘psum
2334 4097 2623 4153 tradidisse
2679 4115 2776 4167 pro
2837 4102 3034 4154 uehis:
3093 4104 3207 4170 ipse
3260 4118 3490 4172 namque

1928 4195 2011 4238 est
2062 4187 2152 4254 qui
2199 4201 2299 4255 pro
2357 4189 2507 4242 nobis
2577 4190 2873 4245 cruciﬁxus
2933 4201 3036 4257 est,
3072 4203 3126 4246 et
3181 4195 3356 4262 ipsum
3401 4199 3491 4252 illa

1931 4276 2084 4329 nobis
2131 4278 2364 4330 ostendit
2397 4281 2621 4349 mystice
2671 4295 2768 4347 pro
2825 4282 2980 4335 nobis
3041 4298 3278 4352 passum.
3338 4285 3492 4340 ldeo-

1931 4382 2034 4434 que
2087 4385 2103 4417 t
2140 4371 2488 4423 Advertatnns
2525 4388 2542 4418 ι
2605 4372 2821 4435 clamat,
2876 4385 2932 4426 ttt
2991 4377 3491 4448 nosintendamus

1934 4459 2245 4525 mysterium
2274 4475 2286 4522 ;
2321 4466 2373 4512 et
2403 4459 2550 4513 addit
2577 4477 2588 4511 :
2620 4479 2637 4510 ι
2663 4459 2861 4514 Sancta
2894 4466 3096 4517 sanctis
3125 4484 3142 4516 ι
3175 4468 3492 4535 signiﬁcans

1933 4548 2074 4617 quod
2115 4548 2403 4602 cruciﬁxus
2446 4561 2527 4603 est
2566 4561 2787 4605 sanctus
2822 4562 2876 4606 et
2917 4554 2990 4606 illi
3034 4557 3120 4623 qui
3151 4568 3277 4608 sunt
3323 4559 3493 4626 ipsius

1930 4641 2243 4708 participes,
2285 4641 2482 4694 debent
2509 4656 2632 4694 esse
2664 4645 2834 4696 sancti
2865 4662 2878 4708 ;
2921 4654 2975 4696 ct
3016 4661 3201 4699 omnes
3244 4647 3345 4700 ﬁde
3377 4651 3491 4702 cla-

1932 4741 2080 4784 mant
2107 4749 2120 4784 :
2151 4749 2169 4783 t
2207 4732 2354 4788 Unus
2384 4743 2620 4795 sanctus,
2649 4750 2787 4787 unus
2819 4735 3103 4799 Dominus,
3149 4737 3305 4792 Iesus
3333 4738 3492 4792 Chri-

1930 4833 2068 4887 stus,
2097 4841 2114 4873 ι
2141 4822 2536 4877 confessionem
2569 4825 2832 4890 dicentes,
2855 4841 2995 4894 quae,
3017 4831 3155 4881 sicut
3177 4831 3250 4881 ait
3271 4831 3489 4893 Paulus,

1927 4914 2028 4966 erit
2063 4915 2114 4964 in
2140 4913 2337 4966 surculo
2376 4915 2560 4967 futuro
2599 4933 2612 4968 :
2653 4931 2747 4984 per
2787 4917 2930 4971 hunc
2967 4920 3108 4972 enim
3151 4922 3486 4990 unigenitum

1928 5002 2122 5056 Filium
2157 5003 2493 5057 incarnatutn
2544 5014 2595 5058 et
2647 5007 2965 5061 cruciﬁxum
3019 5011 3336 5064 sanctilicati
3397 5029 3490 5066 su-

1929 5111 2072 5158 mus,
2105 5105 2158 5149 et
2185 5112 2210 5146 a
2245 5102 2415 5148 morte
2444 5111 2632 5150 sumus
2657 5098 2887 5162 liberati,
2920 5100 3488 5171 immortalitalemque

1928 5188 2303 5248 obtinuimus;
2343 5198 2398 5240 et
2432 5187 2519 5241 ille
2548 5198 2676 5242 tunc
2727 5189 2882 5241 nobis
2914 5193 3017 5243 erit
3069 5193 3306 5261 jucunda
3352 5197 3488 5248 visio

1934 5293 2140 5333 necnon
2167 5277 2373 5330 fruitio.
2409 5277 2541 5330 Nam
2577 5283 2770 5332 mortui
2799 5281 3014 5348 quidem
3051 5284 3270 5345 fuimus,
3309 5300 3489 5353 atqua-

1933 5370 2135 5422 litatem
2173 5384 2293 5422 cuiu
2342 5369 2449 5422 Deo
2489 5370 2874 5438 subripientes,
2914 5383 2968 5425 et
3004 5387 3197 5442 praeter
3229 5387 3487 5445 opportu-

1932 5463 2153 5515 nitatem
2213 5463 2545 5517 immortales
2599 5475 2650 5517 et
2704 5466 2777 5519 dii
2833 5469 2943 5518 lieri
2985 5478 3327 5536 quaerentes;
3383 5471 3492 5522 nali

1931 5569 2057 5605 vero
2093 5567 2282 5606 sumus
2330 5568 2494 5618 nunc,
2528 5563 2688 5621 atque
2741 5558 3077 5609 surreximus
3130 5572 3191 5609 ac
3243 5558 3492 5622 vivimus,

1930 5653 1982 5697 ct
2021 5645 2107 5696 Dci
2142 5645 2432 5711 gratiarum
2468 5661 2657 5699 sumus
2702 5649 3010 5716 partitipes,
3042 5659 3296 5713 Lmquam
3350 5665 3448 5703 ceu
3473 5682 3491 5689 -

1934 5737 2116 5792 trariis
2155 5738 2540 5804 trangt'essioni
2574 5756 2716 5794 nunc
2756 5741 2929 5798 factis,
2957 5757 3076 5792 cum
3111 5741 3248 5793 lirus
3277 5744 3496 5795 itutnor-

3053 5828 3118 5890 lu
