  <div class='ocr_page' id='page_1' title='image "/cluster/home/n/w/nwhite01/storage/ocr_20150623/155/nnc1.0022106758/157.png"; bbox 0 0 4238 6444; ppageno 0'>
   <div class='ocr_carea' id='block_1_1' title="bbox 710 425 813 484">
    <p class='ocr_par' dir='ltr' id='par_1_1' title="bbox 710 425 813 484">
     <span class='ocr_line' id='line_1_1' title="bbox 710 425 813 484; baseline 0.029 -3"><span class='ocrx_word' id='word_1_1' title='bbox 710 425 813 484; x_wconf 68' lang='lat'><strong>303</strong></span> 
     </span>
    </p>
   </div>
   <div class='ocr_carea' id='block_1_2' title="bbox 1584 407 3131 479">
    <p class='ocr_par' dir='ltr' id='par_1_2' title="bbox 1584 407 3131 479">
     <span class='ocr_line' id='line_1_2' title="bbox 1584 407 3131 479; baseline -0.001 -2"><span class='ocrx_word' id='word_1_2' title='bbox 1584 414 1963 479; x_wconf 83' lang='lat' dir='ltr'><strong>SYMEONIS</strong></span> <span class='ocrx_word' id='word_1_3' title='bbox 1996 407 2741 475; x_wconf 74' lang='lat' dir='ltr'><strong>TllESSALONICENSIS</strong></span> <span class='ocrx_word' id='word_1_4' title='bbox 2775 414 3131 476; x_wconf 81' lang='lat' dir='ltr'><strong>ARClIlEP.</strong></span> 
     </span>
    </p>
   </div>
   <div class='ocr_carea' id='block_1_3' title="bbox 3841 404 3951 475">
    <p class='ocr_par' dir='ltr' id='par_1_3' title="bbox 3841 404 3951 475">
     <span class='ocr_line' id='line_1_3' title="bbox 3841 404 3951 475; baseline 0 0"><span class='ocrx_word' id='word_1_5' title='bbox 3841 404 3951 475; x_wconf 59' lang='grc' dir='ltr'><strong>τίει</strong></span> 
     </span>
    </p>
   </div>
   <div class='ocr_carea' id='block_1_4' title="bbox 709 496 2383 608">
    <p class='ocr_par' dir='ltr' id='par_1_4' title="bbox 709 523 2383 608">
     <span class='ocr_line' id='line_1_4' title="bbox 709 523 2383 608; baseline -0.012 -16"><span class='ocrx_word' id='word_1_6' title='bbox 709 542 809 592; x_wconf 89' lang='lat' dir='ltr'><strong>hoc</strong></span> <span class='ocrx_word' id='word_1_7' title='bbox 834 551 932 608; x_wconf 90' lang='lat' dir='ltr'><strong>pro</strong></span> <span class='ocrx_word' id='word_1_8' title='bbox 964 535 1054 590; x_wconf 91' lang='lat' dir='ltr'><strong>illo</strong></span> <span class='ocrx_word' id='word_1_9' title='bbox 1074 534 1256 597; x_wconf 87' lang='lat' dir='ltr'><strong>datur,</strong></span> <span class='ocrx_word' id='word_1_10' title='bbox 1305 541 1358 587; x_wconf 91' lang='lat' dir='ltr'><strong>et</strong></span> <span class='ocrx_word' id='word_1_11' title='bbox 1402 530 1706 586; x_wconf 73' lang='lat' dir='ltr'><strong>antitlorum</strong></span> <span class='ocrx_word' id='word_1_12' title='bbox 1742 527 1958 600; x_wconf 89' lang='lat' dir='ltr'><strong>proprie</strong></span> <span class='ocrx_word' id='word_1_13' title='bbox 1990 524 2269 595; x_wconf 80' lang='lat' dir='ltr'><strong>COgnomi-</strong></span> <span class='ocrx_word' id='word_1_14' title='bbox 2298 523 2345 579; x_wconf 78' lang='grc' dir='ltr'><strong>Δ</strong></span> <span class='ocrx_word' id='word_1_15' title='bbox 2371 538 2383 572; x_wconf 75' lang='lat'><strong>1</strong></span> 
     </span>
    </p>
   </div>
   <div class='ocr_carea' id='block_1_5' title="bbox 2280 496 3954 608">
    <p class='ocr_par' dir='ltr' id='par_1_5' title="bbox 2298 496 3954 596">
     <span class='ocr_line' id='line_1_5' title="bbox 2298 496 3954 596; baseline 0.001 -17"><span class='ocrx_word' id='word_1_16' title='bbox 2298 523 2345 579; x_wconf 77' lang='grc' dir='ltr'><strong>Δ</strong></span> <span class='ocrx_word' id='word_1_17' title='bbox 2371 523 2528 577; x_wconf 85' lang='grc' dir='ltr'>τοῦτο</span> <span class='ocrx_word' id='word_1_18' title='bbox 2565 525 2766 580; x_wconf 79' lang='grc' dir='ltr'><strong>δίδοται</strong></span> <span class='ocrx_word' id='word_1_19' title='bbox 2808 528 2925 582; x_wconf 84' lang='grc' dir='ltr'>ἀντ’</span> <span class='ocrx_word' id='word_1_20' title='bbox 2965 527 3193 593; x_wconf 77' lang='grc' dir='ltr'>ἐκείνου,</span> <span class='ocrx_word' id='word_1_21' title='bbox 3252 526 3346 580; x_wconf 82' lang='grc' dir='ltr'>καὶ</span> <span class='ocrx_word' id='word_1_22' title='bbox 3390 525 3682 596; x_wconf 84' lang='grc' dir='ltr'>ἀντίδωρον</span> <span class='ocrx_word' id='word_1_23' title='bbox 3724 526 3954 591; x_wconf 85' lang='grc' dir='ltr'>οἱκείως</span> 
     </span>
    </p>
   </div>
   <div class='ocr_carea' id='block_1_6' title="bbox 705 614 2269 691">
    <p class='ocr_par' dir='ltr' id='par_1_6' title="bbox 705 614 2269 691">
     <span class='ocr_line' id='line_1_6' title="bbox 705 614 2269 691; baseline -0.013 -4"><span class='ocrx_word' id='word_1_24' title='bbox 705 644 911 688; x_wconf 87' lang='lat' dir='ltr'><strong>natur:</strong></span> <span class='ocrx_word' id='word_1_25' title='bbox 948 644 1069 683; x_wconf 91' lang='lat' dir='ltr'><strong>nam</strong></span> <span class='ocrx_word' id='word_1_26' title='bbox 1109 630 1271 682; x_wconf 88' lang='lat' dir='ltr'><strong>etiam</strong></span> <span class='ocrx_word' id='word_1_27' title='bbox 1312 623 1403 677; x_wconf 89' lang='lat' dir='ltr'><strong>Dei</strong></span> <span class='ocrx_word' id='word_1_28' title='bbox 1450 622 1636 691; x_wconf 66' lang='lat' dir='ltr'><strong>gratia:</strong></span> <span class='ocrx_word' id='word_1_29' title='bbox 1667 622 1870 676; x_wconf 98' lang='lat' dir='ltr'><strong>donum</strong></span> <span class='ocrx_word' id='word_1_30' title='bbox 1921 625 2162 688; x_wconf 63' lang='lat' dir='ltr'><strong>praestat,</strong></span> <span class='ocrx_word' id='word_1_31' title='bbox 2194 614 2269 668; x_wconf 87' lang='lat' dir='ltr'><strong>si-</strong></span> 
     </span>
    </p>
   </div>
   <div class='ocr_carea' id='block_1_7' title="bbox 703 710 2267 796">
    <p class='ocr_par' dir='ltr' id='par_1_7' title="bbox 703 710 2267 796">
     <span class='ocr_line' id='line_1_7' title="bbox 703 710 2267 796; baseline -0.012 -17"><span class='ocrx_word' id='word_1_32' title='bbox 703 725 920 796; x_wconf 79' lang='lat' dir='ltr'><strong>quidem</strong></span> <span class='ocrx_word' id='word_1_33' title='bbox 943 731 996 775; x_wconf 92' lang='lat' dir='ltr'><strong>et</strong></span> <span class='ocrx_word' id='word_1_34' title='bbox 1016 720 1131 790; x_wconf 87' lang='lat' dir='ltr'><strong>ipse</strong></span> <span class='ocrx_word' id='word_1_35' title='bbox 1150 718 1525 775; x_wconf 75' lang='lat' dir='ltr'><strong>sanctiﬁcatus</strong></span> <span class='ocrx_word' id='word_1_36' title='bbox 1542 724 1623 769; x_wconf 86' lang='lat' dir='ltr'><strong>est</strong></span> <span class='ocrx_word' id='word_1_37' title='bbox 1641 716 1815 784; x_wconf 84' lang='lat' dir='ltr'><strong>panis,</strong></span> <span class='ocrx_word' id='word_1_38' title='bbox 1837 719 1982 767; x_wconf 90' lang='lat' dir='ltr'><strong>sorte</strong></span> <span class='ocrx_word' id='word_1_39' title='bbox 2000 710 2267 779; x_wconf 87' lang='lat' dir='ltr'><strong>signatus,</strong></span> 
     </span>
    </p>
   </div>
   <div class='ocr_carea' id='block_1_8' title="bbox 712 800 2266 885">
    <p class='ocr_par' dir='ltr' id='par_1_8' title="bbox 712 800 2266 885">
     <span class='ocr_line' id='line_1_8' title="bbox 712 800 2266 885; baseline -0.013 -12"><span class='ocrx_word' id='word_1_40' title='bbox 712 818 993 885; x_wconf 80' lang='lat' dir='ltr'><strong>sacrisque</strong></span> <span class='ocrx_word' id='word_1_41' title='bbox 1027 811 1211 866; x_wconf 83' lang='lat' dir='ltr'><strong>verbis</strong></span> <span class='ocrx_word' id='word_1_42' title='bbox 1242 810 1464 863; x_wconf 76' lang='lat' dir='ltr'><strong>ditatus.</strong></span> <span class='ocrx_word' id='word_1_43' title='bbox 1498 806 1615 861; x_wconf 77' lang='lat' dir='ltr'><strong>Non</strong></span> <span class='ocrx_word' id='word_1_44' title='bbox 1652 818 1833 860; x_wconf 88' lang='lat' dir='ltr'><strong>tamen</strong></span> <span class='ocrx_word' id='word_1_45' title='bbox 1864 812 1946 858; x_wconf 90' lang='lat' dir='ltr'><strong>est</strong></span> <span class='ocrx_word' id='word_1_46' title='bbox 1974 800 2266 871; x_wconf 82' lang='lat' dir='ltr'><strong>participa-</strong></span> 
     </span>
    </p>
   </div>
   <div class='ocr_carea' id='block_1_9' title="bbox 705 889 2266 977">
    <p class='ocr_par' dir='ltr' id='par_1_9' title="bbox 705 889 2266 977">
     <span class='ocr_line' id='line_1_9' title="bbox 705 889 2266 977; baseline -0.013 -13"><span class='ocrx_word' id='word_1_47' title='bbox 705 911 781 964; x_wconf 91' lang='lat' dir='ltr'><strong>tio</strong></span> <span class='ocrx_word' id='word_1_48' title='bbox 808 906 1051 977; x_wconf 90' lang='lat' dir='ltr'><strong>corporis</strong></span> <span class='ocrx_word' id='word_1_49' title='bbox 1078 902 1300 959; x_wconf 79' lang='lat' dir='ltr'><strong>Christi.</strong></span> <span class='ocrx_word' id='word_1_50' title='bbox 1334 899 1460 955; x_wconf 74' lang='lat' dir='ltr'><strong>llzee</strong></span> <span class='ocrx_word' id='word_1_51' title='bbox 1481 899 1624 952; x_wconf 89' lang='lat' dir='ltr'><strong>enim</strong></span> <span class='ocrx_word' id='word_1_52' title='bbox 1658 906 1786 952; x_wconf 91' lang='lat' dir='ltr'><strong>sunt</strong></span> <span class='ocrx_word' id='word_1_53' title='bbox 1813 893 2064 966; x_wconf 84' lang='lat' dir='ltr'><strong>mysteria</strong></span> <span class='ocrx_word' id='word_1_54' title='bbox 2098 910 2112 946; x_wconf 88' lang='lat'><strong>:</strong></span> <span class='ocrx_word' id='word_1_55' title='bbox 2138 889 2266 945; x_wconf 93' lang='lat' dir='ltr'><strong>illud</strong></span> 
     </span>
    </p>
   </div>
   <div class='ocr_carea' id='block_1_10' title="bbox 704 984 2268 1057">
    <p class='ocr_par' dir='ltr' id='par_1_10' title="bbox 704 984 2268 1057">
     <span class='ocr_line' id='line_1_10' title="bbox 704 984 2268 1057; baseline -0.012 -2"><span class='ocrx_word' id='word_1_56' title='bbox 704 1012 885 1057; x_wconf 89' lang='lat' dir='ltr'><strong>autem</strong></span> <span class='ocrx_word' id='word_1_57' title='bbox 942 1007 1025 1053; x_wconf 90' lang='lat' dir='ltr'><strong>est</strong></span> <span class='ocrx_word' id='word_1_58' title='bbox 1076 998 1252 1052; x_wconf 87' lang='lat' dir='ltr'><strong>solum</strong></span> <span class='ocrx_word' id='word_1_59' title='bbox 1306 990 1753 1049; x_wconf 79' lang='lat' dir='ltr'><strong>sanctiﬁcationis</strong></span> <span class='ocrx_word' id='word_1_60' title='bbox 1802 984 2268 1051; x_wconf 80' lang='lat' dir='ltr'><strong>communicatio,</strong></span> 
     </span>
    </p>
   </div>
   <div class='ocr_carea' id='block_1_11' title="bbox 704 1081 2265 1160">
    <p class='ocr_par' dir='ltr' id='par_1_11' title="bbox 704 1081 2265 1160">
     <span class='ocr_line' id='line_1_11' title="bbox 704 1081 2265 1160; baseline -0.01 -12"><span class='ocrx_word' id='word_1_61' title='bbox 704 1094 946 1148; x_wconf 80' lang='lat' dir='ltr'><strong>divinam</strong></span> <span class='ocrx_word' id='word_1_62' title='bbox 980 1090 1208 1160; x_wconf 78' lang='lat' dir='ltr'><strong>gratiam</strong></span> <span class='ocrx_word' id='word_1_63' title='bbox 1236 1104 1266 1142; x_wconf 91' lang='lat' dir='ltr'><strong>a</strong></span> <span class='ocrx_word' id='word_1_64' title='bbox 1316 1084 1705 1156; x_wconf 86' lang='lat' dir='ltr'><strong>propositionis</strong></span> <span class='ocrx_word' id='word_1_65' title='bbox 1763 1081 1948 1136; x_wconf 83' lang='lat' dir='ltr'><strong>verbis</strong></span> <span class='ocrx_word' id='word_1_66' title='bbox 1981 1086 2265 1148; x_wconf 68' lang='lat' dir='ltr'><strong>praestans.</strong></span> 
     </span>
    </p>
   </div>
   <div class='ocr_carea' id='block_1_12' title="bbox 704 1168 2269 1252">
    <p class='ocr_par' dir='ltr' id='par_1_12' title="bbox 704 1168 2269 1252">
     <span class='ocr_line' id='line_1_12' title="bbox 704 1168 2269 1252; baseline -0.012 -13"><span class='ocrx_word' id='word_1_67' title='bbox 704 1185 946 1241; x_wconf 85' lang='lat' dir='ltr'><strong>Tandem</strong></span> <span class='ocrx_word' id='word_1_68' title='bbox 1003 1182 1279 1252; x_wconf 84' lang='lat' dir='ltr'><strong>pepulum,</strong></span> <span class='ocrx_word' id='word_1_69' title='bbox 1309 1192 1433 1232; x_wconf 91' lang='lat' dir='ltr'><strong>cum</strong></span> <span class='ocrx_word' id='word_1_70' title='bbox 1460 1175 1642 1231; x_wconf 86' lang='lat' dir='ltr'><strong>denuo</strong></span> <span class='ocrx_word' id='word_1_71' title='bbox 1697 1172 1934 1243; x_wconf 75' lang='lat' dir='ltr'><strong>signavit</strong></span> <span class='ocrx_word' id='word_1_72' title='bbox 1962 1180 2014 1225; x_wconf 91' lang='lat' dir='ltr'><strong>et</strong></span> <span class='ocrx_word' id='word_1_73' title='bbox 2045 1168 2269 1223; x_wconf 89' lang='lat' dir='ltr'><strong>benedi-</strong></span> 
     </span>
    </p>
   </div>
   <div class='ocr_carea' id='block_1_13' title="bbox 706 1261 2271 1341">
    <p class='ocr_par' dir='ltr' id='par_1_13' title="bbox 706 1261 2271 1341">
     <span class='ocr_line' id='line_1_13' title="bbox 706 1261 2271 1341; baseline -0.013 -6"><span class='ocrx_word' id='word_1_74' title='bbox 706 1282 940 1335; x_wconf 87' lang='lat' dir='ltr'><strong>ctionem</strong></span> <span class='ocrx_word' id='word_1_75' title='bbox 977 1293 1005 1331; x_wconf 89' lang='lat' dir='ltr'><strong>a</strong></span> <span class='ocrx_word' id='word_1_76' title='bbox 1043 1275 1269 1330; x_wconf 89' lang='lat' dir='ltr'><strong>Domino</strong></span> <span class='ocrx_word' id='word_1_77' title='bbox 1308 1271 1633 1341; x_wconf 83' lang='lat' dir='ltr'><strong>deprecatus</strong></span> <span class='ocrx_word' id='word_1_78' title='bbox 1678 1276 1781 1330; x_wconf 85' lang='lat' dir='ltr'><strong>est,</strong></span> <span class='ocrx_word' id='word_1_79' title='bbox 1813 1265 2054 1336; x_wconf 74' lang='lat' dir='ltr'><strong>pontifex</strong></span> <span class='ocrx_word' id='word_1_80' title='bbox 2090 1261 2271 1316; x_wconf 87' lang='lat' dir='ltr'><strong>dimit-</strong></span> 
     </span>
    </p>
   </div>
   <div class='ocr_carea' id='block_1_14' title="bbox 709 1355 2270 1440">
    <p class='ocr_par' dir='ltr' id='par_1_14' title="bbox 709 1355 2270 1440">
     <span class='ocr_line' id='line_1_14' title="bbox 709 1355 2270 1440; baseline -0.016 -12"><span class='ocrx_word' id='word_1_81' title='bbox 709 1376 792 1437; x_wconf 87' lang='lat' dir='ltr'><strong>tit,</strong></span> <span class='ocrx_word' id='word_1_82' title='bbox 829 1380 1109 1440; x_wconf 84' lang='lat' dir='ltr'><strong>postquam</strong></span> <span class='ocrx_word' id='word_1_83' title='bbox 1137 1380 1321 1419; x_wconf 88' lang='lat' dir='ltr'><strong>verum</strong></span> <span class='ocrx_word' id='word_1_84' title='bbox 1356 1363 1522 1415; x_wconf 88' lang='lat' dir='ltr'><strong>Deum</strong></span> <span class='ocrx_word' id='word_1_85' title='bbox 1552 1368 1794 1412; x_wconf 90' lang='lat' dir='ltr'><strong>nostrum</strong></span> <span class='ocrx_word' id='word_1_86' title='bbox 1828 1355 2139 1414; x_wconf 85' lang='lat' dir='ltr'><strong>Christum,</strong></span> <span class='ocrx_word' id='word_1_87' title='bbox 2174 1365 2270 1420; x_wconf 86' lang='lat' dir='ltr'><strong>per</strong></span> 
     </span>
    </p>
   </div>
   <div class='ocr_carea' id='block_1_15' title="bbox 709 1446 2269 1524">
    <p class='ocr_par' dir='ltr' id='par_1_15' title="bbox 709 1446 2269 1524">
     <span class='ocr_line' id='line_1_15' title="bbox 709 1446 2269 1524; baseline -0.013 -7"><span class='ocrx_word' id='word_1_88' title='bbox 709 1466 897 1519; x_wconf 86' lang='lat' dir='ltr'><strong>merita</strong></span> <span class='ocrx_word' id='word_1_89' title='bbox 940 1457 1301 1516; x_wconf 69' lang='lat' dir='ltr'><strong>sanctissimae</strong></span> <span class='ocrx_word' id='word_1_90' title='bbox 1332 1455 1504 1524; x_wconf 87' lang='lat' dir='ltr'><strong>ipsius</strong></span> <span class='ocrx_word' id='word_1_91' title='bbox 1548 1449 1736 1503; x_wconf 76' lang='lat' dir='ltr'><strong>Matris</strong></span> <span class='ocrx_word' id='word_1_92' title='bbox 1773 1457 1829 1502; x_wconf 91' lang='lat' dir='ltr'><strong>et</strong></span> <span class='ocrx_word' id='word_1_93' title='bbox 1866 1446 2111 1501; x_wconf 90' lang='lat' dir='ltr'><strong>omnium</strong></span> <span class='ocrx_word' id='word_1_94' title='bbox 2143 1458 2269 1497; x_wconf 85' lang='lat' dir='ltr'><strong>san-</strong></span> 
     </span>
    </p>
   </div>
   <div class='ocr_carea' id='block_1_16' title="bbox 708 1539 2270 1621">
    <p class='ocr_par' dir='ltr' id='par_1_16' title="bbox 708 1539 2270 1621">
     <span class='ocr_line' id='line_1_16' title="bbox 708 1539 2270 1621; baseline -0.015 -9"><span class='ocrx_word' id='word_1_95' title='bbox 708 1569 940 1621; x_wconf 79' lang='lat' dir='ltr'><strong>ctorum,</strong></span> <span class='ocrx_word' id='word_1_96' title='bbox 974 1552 1216 1609; x_wconf 87' lang='lat' dir='ltr'><strong>onminm</strong></span> <span class='ocrx_word' id='word_1_97' title='bbox 1251 1545 1495 1602; x_wconf 83' lang='lat' dir='ltr'><strong>misereri</strong></span> <span class='ocrx_word' id='word_1_98' title='bbox 1530 1551 1863 1610; x_wconf 85' lang='lat' dir='ltr'><strong>cunctosque</strong></span> <span class='ocrx_word' id='word_1_99' title='bbox 1903 1539 2114 1593; x_wconf 89' lang='lat' dir='ltr'><strong>salvare</strong></span> <span class='ocrx_word' id='word_1_100' title='bbox 2137 1552 2270 1606; x_wconf 84' lang='lat' dir='ltr'><strong>sup-</strong></span> 
     </span>
    </p>
   </div>
   <div class='ocr_carea' id='block_1_17' title="bbox 709 1631 2270 1717">
    <p class='ocr_par' dir='ltr' id='par_1_17' title="bbox 709 1631 2270 1717">
     <span class='ocr_line' id='line_1_17' title="bbox 709 1631 2270 1717; baseline -0.012 -16"><span class='ocrx_word' id='word_1_101' title='bbox 709 1648 917 1717; x_wconf 82' lang='lat' dir='ltr'><strong>pliciter</strong></span> <span class='ocrx_word' id='word_1_102' title='bbox 954 1643 1234 1704; x_wconf 80' lang='lat' dir='ltr'><strong>exoravit;</strong></span> <span class='ocrx_word' id='word_1_103' title='bbox 1296 1636 1597 1708; x_wconf 64' lang='lat' dir='ltr'><strong>prxtlicans</strong></span> <span class='ocrx_word' id='word_1_104' title='bbox 1648 1631 1813 1687; x_wconf 87' lang='lat' dir='ltr'><strong>simul</strong></span> <span class='ocrx_word' id='word_1_105' title='bbox 1868 1640 1921 1684; x_wconf 80' lang='lat' dir='ltr'><strong>et.</strong></span> <span class='ocrx_word' id='word_1_106' title='bbox 1956 1637 2270 1685; x_wconf 82' lang='lat' dir='ltr'><strong>contestans</strong></span> 
     </span>
    </p>
   </div>
   <div class='ocr_carea' id='block_1_18' title="bbox 709 1721 2271 1807">
    <p class='ocr_par' dir='ltr' id='par_1_18' title="bbox 709 1721 2271 1807">
     <span class='ocr_line' id='line_1_18' title="bbox 709 1721 2271 1807; baseline -0.015 -14"><span class='ocrx_word' id='word_1_107' title='bbox 709 1754 807 1793; x_wconf 85' lang='lat' dir='ltr'><strong>nos</strong></span> <span class='ocrx_word' id='word_1_108' title='bbox 853 1753 960 1807; x_wconf 83' lang='lat' dir='ltr'><strong>per</strong></span> <span class='ocrx_word' id='word_1_109' title='bbox 1014 1732 1306 1789; x_wconf 78' lang='lat' dir='ltr'><strong>Salvatoris</strong></span> <span class='ocrx_word' id='word_1_110' title='bbox 1345 1728 1704 1784; x_wconf 68' lang='lat' dir='ltr'><strong>mconomiam</strong></span> <span class='ocrx_word' id='word_1_111' title='bbox 1759 1737 2079 1790; x_wconf 87' lang='lat' dir='ltr'><strong>sacramque</strong></span> <span class='ocrx_word' id='word_1_112' title='bbox 2143 1721 2271 1774; x_wconf 82' lang='lat' dir='ltr'><strong>lun-</strong></span> 
     </span>
    </p>
   </div>
   <div class='ocr_carea' id='block_1_19' title="bbox 708 1815 2348 1913">
    <p class='ocr_par' dir='ltr' id='par_1_19' title="bbox 708 1815 2348 1913">
     <span class='ocr_line' id='line_1_19' title="bbox 708 1815 2348 1913; baseline -0.012 -28"><span class='ocrx_word' id='word_1_113' title='bbox 708 1831 941 1885; x_wconf 89' lang='lat' dir='ltr'><strong>ctionem</strong></span> <span class='ocrx_word' id='word_1_114' title='bbox 996 1841 1115 1880; x_wconf 89' lang='lat' dir='ltr'><strong>esse</strong></span> <span class='ocrx_word' id='word_1_115' title='bbox 1160 1823 1395 1877; x_wconf 80' lang='lat' dir='ltr'><strong>salvatos</strong></span> <span class='ocrx_word' id='word_1_116' title='bbox 1453 1834 1517 1873; x_wconf 90' lang='lat' dir='ltr'><strong>ac</strong></span> <span class='ocrx_word' id='word_1_117' title='bbox 1574 1815 1902 1881; x_wconf 86' lang='lat' dir='ltr'><strong>salvandos;</strong></span> <span class='ocrx_word' id='word_1_118' title='bbox 1945 1823 2348 1913; x_wconf 80' lang='lat' dir='ltr'><strong>cooperanteB</strong></span> 
     </span>
    </p>
   </div>
   <div class='ocr_carea' id='block_1_20' title="bbox 708 1908 2270 1994">
    <p class='ocr_par' dir='ltr' id='par_1_20' title="bbox 708 1908 2270 1994">
     <span class='ocr_line' id='line_1_20' title="bbox 708 1908 2270 1994; baseline -0.01 -19"><span class='ocrx_word' id='word_1_119' title='bbox 708 1924 956 1994; x_wconf 83' lang='lat' dir='ltr'><strong>precibus</strong></span> <span class='ocrx_word' id='word_1_120' title='bbox 987 1916 1245 1985; x_wconf 86' lang='lat' dir='ltr'><strong>adjutrice</strong></span> <span class='ocrx_word' id='word_1_121' title='bbox 1296 1908 1517 1967; x_wconf 74' lang='lat' dir='ltr'><strong>maximi</strong></span> <span class='ocrx_word' id='word_1_122' title='bbox 1564 1910 1804 1983; x_wconf 82' lang='lat' dir='ltr'><strong>mysterii</strong></span> <span class='ocrx_word' id='word_1_123' title='bbox 1855 1908 2103 1975; x_wconf 89' lang='lat' dir='ltr'><strong>Deipara,</strong></span> <span class='ocrx_word' id='word_1_124' title='bbox 2147 1922 2270 1961; x_wconf 90' lang='lat' dir='ltr'><strong>cum</strong></span> 
     </span>
    </p>
   </div>
   <div class='ocr_carea' id='block_1_21' title="bbox 711 1989 2273 2072">
    <p class='ocr_par' dir='ltr' id='par_1_21' title="bbox 711 1989 2273 2072">
     <span class='ocr_line' id='line_1_21' title="bbox 711 1989 2273 2072; baseline -0.013 -8"><span class='ocrx_word' id='word_1_125' title='bbox 711 1989 964 2064; x_wconf 76' lang='lat' dir='ltr'><strong>omnibus</strong></span> <span class='ocrx_word' id='word_1_126' title='bbox 996 2005 1086 2072; x_wconf 88' lang='lat' dir='ltr'><strong>qui</strong></span> <span class='ocrx_word' id='word_1_127' title='bbox 1139 2017 1203 2054; x_wconf 79' lang='lat' dir='ltr'><strong>ex</strong></span> <span class='ocrx_word' id='word_1_128' title='bbox 1234 1999 1325 2055; x_wconf 92' lang='lat' dir='ltr'><strong>illo</strong></span> <span class='ocrx_word' id='word_1_129' title='bbox 1356 1995 1677 2052; x_wconf 75' lang='lat' dir='ltr'><strong>sanctiﬁcati</strong></span> <span class='ocrx_word' id='word_1_130' title='bbox 1733 2003 1877 2050; x_wconf 88' lang='lat' dir='ltr'><strong>sunt.</strong></span> <span class='ocrx_word' id='word_1_131' title='bbox 1911 1990 2063 2046; x_wconf 86' lang='lat' dir='ltr'><strong>Tunc</strong></span> <span class='ocrx_word' id='word_1_132' title='bbox 2094 1989 2273 2046; x_wconf 87' lang='lat' dir='ltr'><strong>conti-</strong></span> 
     </span>
    </p>
   </div>
   <div class='ocr_carea' id='block_1_22' title="bbox 712 2084 2274 2167">
    <p class='ocr_par' dir='ltr' id='par_1_22' title="bbox 712 2084 2274 2167">
     <span class='ocr_line' id='line_1_22' title="bbox 712 2084 2274 2167; baseline -0.012 -14"><span class='ocrx_word' id='word_1_133' title='bbox 712 2115 821 2154; x_wconf 93' lang='lat' dir='ltr'><strong>nuo</strong></span> <span class='ocrx_word' id='word_1_134' title='bbox 846 2093 1190 2167; x_wconf 74' lang='lat' dir='ltr'><strong>psallentium</strong></span> <span class='ocrx_word' id='word_1_135' title='bbox 1219 2090 1439 2151; x_wconf 88' lang='lat' dir='ltr'><strong>chorus,</strong></span> <span class='ocrx_word' id='word_1_136' title='bbox 1467 2086 1531 2140; x_wconf 84' lang='lat' dir='ltr'><strong>a-J</strong></span> <span class='ocrx_word' id='word_1_137' title='bbox 1566 2101 1719 2156; x_wconf 82' lang='lat' dir='ltr'><strong>reges</strong></span> <span class='ocrx_word' id='word_1_138' title='bbox 1753 2094 1806 2139; x_wconf 93' lang='lat' dir='ltr'><strong>et</strong></span> <span class='ocrx_word' id='word_1_139' title='bbox 1832 2084 1897 2137; x_wconf 85' lang='lat' dir='ltr'><strong>ad</strong></span> <span class='ocrx_word' id='word_1_140' title='bbox 1929 2087 2105 2154; x_wconf 90' lang='lat' dir='ltr'><strong>ipsum</strong></span> <span class='ocrx_word' id='word_1_141' title='bbox 2136 2098 2274 2151; x_wconf 87' lang='lat' dir='ltr'><strong>pon-</strong></span> 
     </span>
    </p>
   </div>
   <div class='ocr_carea' id='block_1_23' title="bbox 710 2175 2271 2253">
    <p class='ocr_par' dir='ltr' id='par_1_23' title="bbox 710 2175 2271 2253">
     <span class='ocr_line' id='line_1_23' title="bbox 710 2175 2271 2253; baseline -0.013 -6"><span class='ocrx_word' id='word_1_142' title='bbox 710 2192 931 2251; x_wconf 79' lang='lat' dir='ltr'><strong>tiﬁcem,</strong></span> <span class='ocrx_word' id='word_1_143' title='bbox 968 2202 1073 2240; x_wconf 86' lang='lat' dir='ltr'><strong>non</strong></span> <span class='ocrx_word' id='word_1_144' title='bbox 1102 2198 1235 2253; x_wconf 86' lang='lat' dir='ltr'><strong>pure</strong></span> <span class='ocrx_word' id='word_1_145' title='bbox 1290 2180 1643 2251; x_wconf 68' lang='lat' dir='ltr'><strong>praedicantes</strong></span> <span class='ocrx_word' id='word_1_146' title='bbox 1697 2177 1986 2241; x_wconf 83' lang='lat' dir='ltr'><strong>hominem,</strong></span> <span class='ocrx_word' id='word_1_147' title='bbox 2019 2186 2143 2229; x_wconf 79' lang='lat' dir='ltr'><strong>vnta</strong></span> <span class='ocrx_word' id='word_1_148' title='bbox 2192 2175 2271 2227; x_wconf 82' lang='lat' dir='ltr'><strong>fa-</strong></span> 
     </span>
    </p>
   </div>
   <div class='ocr_carea' id='block_1_24' title="bbox 709 2268 2269 2343">
    <p class='ocr_par' dir='ltr' id='par_1_24' title="bbox 709 2268 2269 2343">
     <span class='ocr_line' id='line_1_24' title="bbox 709 2268 2269 2343; baseline -0.012 -6"><span class='ocrx_word' id='word_1_149' title='bbox 709 2283 882 2343; x_wconf 86' lang='lat' dir='ltr'><strong>ciunt,</strong></span> <span class='ocrx_word' id='word_1_150' title='bbox 937 2276 1089 2332; x_wconf 86' lang='lat' dir='ltr'><strong>lidele</strong></span> <span class='ocrx_word' id='word_1_151' title='bbox 1115 2287 1340 2341; x_wconf 80' lang='lat' dir='ltr'><strong>regnum</strong></span> <span class='ocrx_word' id='word_1_152' title='bbox 1370 2279 1427 2325; x_wconf 87' lang='lat' dir='ltr'><strong>et</strong></span> <span class='ocrx_word' id='word_1_153' title='bbox 1477 2268 1838 2323; x_wconf 79' lang='lat' dir='ltr'><strong>ortltodoxum</strong></span> <span class='ocrx_word' id='word_1_154' title='bbox 1894 2268 2269 2335; x_wconf 87' lang='lat' dir='ltr'><strong>pnntiticatum</strong></span> 
     </span>
    </p>
   </div>
   <div class='ocr_carea' id='block_1_25' title="bbox 710 2357 2275 2445">
    <p class='ocr_par' dir='ltr' id='par_1_25' title="bbox 710 2357 2275 2445">
     <span class='ocr_line' id='line_1_25' title="bbox 710 2357 2275 2445; baseline -0.009 -19"><span class='ocrx_word' id='word_1_155' title='bbox 710 2384 1027 2445; x_wconf 83' lang='lat' dir='ltr'><strong>permanere</strong></span> <span class='ocrx_word' id='word_1_156' title='bbox 1077 2370 1463 2434; x_wconf 80' lang='lat' dir='ltr'><strong>deprecantes,</strong></span> <span class='ocrx_word' id='word_1_157' title='bbox 1520 2375 1763 2430; x_wconf 86' lang='lat' dir='ltr'><strong>opusque</strong></span> <span class='ocrx_word' id='word_1_158' title='bbox 1825 2373 1990 2413; x_wconf 67' lang='lat' dir='ltr'><strong>sacra:</strong></span> <span class='ocrx_word' id='word_1_159' title='bbox 2045 2357 2275 2424; x_wconf 71' lang='lat' dir='ltr'><strong>liturgize</strong></span> 
     </span>
    </p>
   </div>
   <div class='ocr_carea' id='block_1_26' title="bbox 712 2447 2271 2531">
    <p class='ocr_par' dir='ltr' id='par_1_26' title="bbox 712 2447 2271 2531">
     <span class='ocr_line' id='line_1_26' title="bbox 712 2447 2271 2531; baseline -0.01 -15"><span class='ocrx_word' id='word_1_160' title='bbox 712 2472 931 2531; x_wconf 87' lang='lat' dir='ltr'><strong>propter</strong></span> <span class='ocrx_word' id='word_1_161' title='bbox 965 2472 1063 2511; x_wconf 88' lang='lat' dir='ltr'><strong>nos</strong></span> <span class='ocrx_word' id='word_1_162' title='bbox 1089 2470 1300 2519; x_wconf 85' lang='lat' dir='ltr'><strong>semper</strong></span> <span class='ocrx_word' id='word_1_163' title='bbox 1347 2453 1515 2505; x_wconf 87' lang='lat' dir='ltr'><strong>libere</strong></span> <span class='ocrx_word' id='word_1_164' title='bbox 1542 2448 1804 2505; x_wconf 74' lang='lat' dir='ltr'><strong>exerceri.</strong></span> <span class='ocrx_word' id='word_1_165' title='bbox 1832 2447 1983 2514; x_wconf 88' lang='lat' dir='ltr'><strong>Quos</strong></span> <span class='ocrx_word' id='word_1_166' title='bbox 2008 2455 2065 2502; x_wconf 90' lang='lat' dir='ltr'><strong>et</strong></span> <span class='ocrx_word' id='word_1_167' title='bbox 2096 2462 2271 2516; x_wconf 86' lang='lat' dir='ltr'><strong>popu-</strong></span> 
     </span>
    </p>
   </div>
   <div class='ocr_carea' id='block_1_27' title="bbox 712 2538 2273 2611">
    <p class='ocr_par' dir='ltr' id='par_1_27' title="bbox 712 2538 2273 2611">
     <span class='ocr_line' id='line_1_27' title="bbox 712 2538 2273 2611; baseline -0.01 -4"><span class='ocrx_word' id='word_1_168' title='bbox 712 2556 825 2607; x_wconf 90' lang='lat' dir='ltr'><strong>lum</strong></span> <span class='ocrx_word' id='word_1_169' title='bbox 864 2566 985 2605; x_wconf 88' lang='lat' dir='ltr'><strong>cum</strong></span> <span class='ocrx_word' id='word_1_170' title='bbox 1014 2558 1094 2601; x_wconf 89' lang='lat' dir='ltr'><strong>ter</strong></span> <span class='ocrx_word' id='word_1_171' title='bbox 1119 2546 1308 2603; x_wconf 84' lang='lat' dir='ltr'><strong>ultimo</strong></span> <span class='ocrx_word' id='word_1_172' title='bbox 1337 2541 1586 2611; x_wconf 69' lang='lat' dir='ltr'><strong>signavit,</strong></span> <span class='ocrx_word' id='word_1_173' title='bbox 1615 2540 1967 2595; x_wconf 76' lang='lat' dir='ltr'><strong>acbenedixit</strong></span> <span class='ocrx_word' id='word_1_174' title='bbox 1996 2538 2232 2608; x_wconf 78' lang='lat' dir='ltr'><strong>pontifex</strong></span> <span class='ocrx_word' id='word_1_175' title='bbox 2257 2554 2273 2605; x_wconf 89' lang='lat'><strong>;</strong></span> 
     </span>
    </p>
   </div>
   <div class='ocr_carea' id='block_1_28' title="bbox 712 2631 2276 2701">
    <p class='ocr_par' dir='ltr' id='par_1_28' title="bbox 712 2631 2276 2701">
     <span class='ocr_line' id='line_1_28' title="bbox 712 2631 2276 2701; baseline -0.01 0"><span class='ocrx_word' id='word_1_176' title='bbox 712 2658 930 2701; x_wconf 84' lang='lat' dir='ltr'><strong>carmen</strong></span> <span class='ocrx_word' id='word_1_177' title='bbox 974 2659 991 2692; x_wconf 87' lang='grc'><em>‹</em></span> <span class='ocrx_word' id='word_1_178' title='bbox 1022 2638 1183 2694; x_wconf 79' lang='lat' dir='ltr'><strong>Nunc</strong></span> <span class='ocrx_word' id='word_1_179' title='bbox 1233 2637 1458 2690; x_wconf 88' lang='lat' dir='ltr'><strong>dimittis</strong></span> <span class='ocrx_word' id='word_1_180' title='bbox 1492 2653 1510 2686; x_wconf 71' lang='grc' dir='ltr'><strong>ι</strong></span> <span class='ocrx_word' id='word_1_181' title='bbox 1543 2647 1789 2689; x_wconf 84' lang='lat' dir='ltr'><strong>seorsum</strong></span> <span class='ocrx_word' id='word_1_182' title='bbox 1822 2631 1970 2697; x_wconf 76' lang='lat' dir='ltr'><strong>dicit,</strong></span> <span class='ocrx_word' id='word_1_183' title='bbox 2006 2631 2276 2687; x_wconf 77' lang='lat' dir='ltr'><strong>Simeonis</strong></span> 
     </span>
    </p>
   </div>
   <div class='ocr_carea' id='block_1_29' title="bbox 712 2720 2276 2796">
    <p class='ocr_par' dir='ltr' id='par_1_29' title="bbox 712 2720 2276 2796">
     <span class='ocr_line' id='line_1_29' title="bbox 712 2720 2276 2796; baseline -0.012 -3"><span class='ocrx_word' id='word_1_184' title='bbox 712 2736 1049 2796; x_wconf 72' lang='lat' dir='ltr'><strong>recordatus,</strong></span> <span class='ocrx_word' id='word_1_185' title='bbox 1112 2745 1232 2783; x_wconf 90' lang='lat' dir='ltr'><strong>cum</strong></span> <span class='ocrx_word' id='word_1_186' title='bbox 1276 2727 1557 2781; x_wconf 76' lang='lat' dir='ltr'><strong>exsultans</strong></span> <span class='ocrx_word' id='word_1_187' title='bbox 1614 2724 1887 2778; x_wconf 88' lang='lat' dir='ltr'><strong>Christum</strong></span> <span class='ocrx_word' id='word_1_188' title='bbox 1940 2722 2169 2792; x_wconf 81' lang='lat' dir='ltr'><strong>excepit.</strong></span> <span class='ocrx_word' id='word_1_189' title='bbox 2209 2720 2276 2775; x_wconf 87' lang='lat' dir='ltr'><strong>Et</strong></span> 
     </span>
    </p>
   </div>
   <div class='ocr_carea' id='block_1_30' title="bbox 715 2815 2274 2889">
    <p class='ocr_par' dir='ltr' id='par_1_30' title="bbox 715 2815 2274 2889">
     <span class='ocr_line' id='line_1_30' title="bbox 715 2815 2274 2889; baseline -0.009 -8"><span class='ocrx_word' id='word_1_190' title='bbox 715 2839 841 2882; x_wconf 91' lang='lat' dir='ltr'><strong>tunc</strong></span> <span class='ocrx_word' id='word_1_191' title='bbox 873 2840 1025 2880; x_wconf 77' lang='lat' dir='ltr'><strong>sacra</strong></span> <span class='ocrx_word' id='word_1_192' title='bbox 1084 2822 1303 2889; x_wconf 78' lang='lat' dir='ltr'><strong>deponit</strong></span> <span class='ocrx_word' id='word_1_193' title='bbox 1331 2818 1677 2872; x_wconf 81' lang='lat' dir='ltr'><strong>vestimenta.</strong></span> <span class='ocrx_word' id='word_1_194' title='bbox 1711 2816 1848 2869; x_wconf 88' lang='lat' dir='ltr'><strong>Cum</strong></span> <span class='ocrx_word' id='word_1_195' title='bbox 1882 2815 2160 2869; x_wconf 89' lang='lat' dir='ltr'><strong>orationes</strong></span> <span class='ocrx_word' id='word_1_196' title='bbox 2183 2815 2274 2868; x_wconf 91' lang='lat' dir='ltr'><strong>ab-</strong></span> 
     </span>
    </p>
   </div>
   <div class='ocr_carea' id='block_1_31' title="bbox 715 2905 2275 2986">
    <p class='ocr_par' dir='ltr' id='par_1_31' title="bbox 715 2905 2275 2986">
     <span class='ocr_line' id='line_1_31' title="bbox 715 2905 2275 2986; baseline -0.01 -11"><span class='ocrx_word' id='word_1_197' title='bbox 715 2920 894 2981; x_wconf 76' lang='lat' dir='ltr'><strong>solvit,</strong></span> <span class='ocrx_word' id='word_1_198' title='bbox 926 2933 1020 2986; x_wconf 81' lang='lat' dir='ltr'><strong>pro</strong></span> <span class='ocrx_word' id='word_1_199' title='bbox 1075 2914 1327 2968; x_wconf 85' lang='lat' dir='ltr'><strong>omuilms</strong></span> <span class='ocrx_word' id='word_1_200' title='bbox 1379 2909 1581 2980; x_wconf 77' lang='lat' dir='ltr'><strong>gratias</strong></span> <span class='ocrx_word' id='word_1_201' title='bbox 1616 2908 1724 2977; x_wconf 86' lang='lat' dir='ltr'><strong>agit</strong></span> <span class='ocrx_word' id='word_1_202' title='bbox 1748 2916 1801 2961; x_wconf 90' lang='lat' dir='ltr'><strong>et</strong></span> <span class='ocrx_word' id='word_1_203' title='bbox 1841 2916 1919 2961; x_wconf 90' lang='lat' dir='ltr'><strong>ter</strong></span> <span class='ocrx_word' id='word_1_204' title='bbox 1945 2906 2177 2974; x_wconf 79' lang='lat' dir='ltr'><strong>genibus</strong></span> <span class='ocrx_word' id='word_1_205' title='bbox 2207 2905 2275 2960; x_wconf 90' lang='lat' dir='ltr'><strong>ad</strong></span> 
     </span>
    </p>
   </div>
   <div class='ocr_carea' id='block_1_32' title="bbox 714 2997 2275 3070">
    <p class='ocr_par' dir='ltr' id='par_1_32' title="bbox 714 2997 2275 3070">
     <span class='ocr_line' id='line_1_32' title="bbox 714 2997 2275 3070; baseline -0.008 -4"><span class='ocrx_word' id='word_1_206' title='bbox 714 3014 882 3066; x_wconf 87' lang='lat' dir='ltr'><strong>altare</strong></span> <span class='ocrx_word' id='word_1_207' title='bbox 916 3009 1069 3063; x_wconf 80' lang='lat' dir='ltr'><strong>ﬂexis</strong></span> <span class='ocrx_word' id='word_1_208' title='bbox 1095 3006 1229 3059; x_wconf 88' lang='lat' dir='ltr'><strong>abit.</strong></span> <span class='ocrx_word' id='word_1_209' title='bbox 1253 3003 1403 3057; x_wconf 87' lang='lat' dir='ltr'><strong>Talia</strong></span> <span class='ocrx_word' id='word_1_210' title='bbox 1437 3010 1567 3055; x_wconf 90' lang='lat' dir='ltr'><strong>sunt</strong></span> <span class='ocrx_word' id='word_1_211' title='bbox 1595 3015 1655 3053; x_wconf 91' lang='lat' dir='ltr'><strong>ea</strong></span> <span class='ocrx_word' id='word_1_212' title='bbox 1684 3014 1804 3070; x_wconf 70' lang='lat' dir='ltr'><strong>qua:</strong></span> <span class='ocrx_word' id='word_1_213' title='bbox 1856 2997 2160 3067; x_wconf 83' lang='lat' dir='ltr'><strong>respiciunt</strong></span> <span class='ocrx_word' id='word_1_214' title='bbox 2208 2998 2275 3053; x_wconf 88' lang='lat' dir='ltr'><strong>ad</strong></span> 
     </span>
    </p>
   </div>
   <div class='ocr_carea' id='block_1_33' title="bbox 716 3088 2269 3167">
    <p class='ocr_par' dir='ltr' id='par_1_33' title="bbox 716 3088 2269 3167">
     <span class='ocr_line' id='line_1_33' title="bbox 716 3088 2269 3167; baseline -0.009 -10"><span class='ocrx_word' id='word_1_215' title='bbox 716 3118 969 3167; x_wconf 81' lang='lat' dir='ltr'><strong>magnum</strong></span> <span class='ocrx_word' id='word_1_216' title='bbox 1004 3107 1364 3163; x_wconf 84' lang='lat' dir='ltr'><strong>sanctumque</strong></span> <span class='ocrx_word' id='word_1_217' title='bbox 1395 3091 1731 3162; x_wconf 79' lang='lat' dir='ltr'><strong>mysterium.</strong></span> <span class='ocrx_word' id='word_1_218' title='bbox 1766 3088 2029 3145; x_wconf 79' lang='lat' dir='ltr'><strong>Maximos</strong></span> <span class='ocrx_word' id='word_1_219' title='bbox 2051 3090 2269 3161; x_wconf 90' lang='lat' dir='ltr'><strong>quidem</strong></span> 
     </span>
    </p>
   </div>
   <div class='ocr_carea' id='block_1_34' title="bbox 2371 617 3955 690">
    <p class='ocr_par' dir='ltr' id='par_1_34' title="bbox 2371 617 3955 690">
     <span class='ocr_line' id='line_1_34' title="bbox 2371 617 3955 690; baseline 0.001 -20"><span class='ocrx_word' id='word_1_220' title='bbox 2371 618 2855 688; x_wconf 77' lang='grc' dir='ltr'>προσονομάζεται,</span> <span class='ocrx_word' id='word_1_221' title='bbox 2873 621 2954 673; x_wconf 82' lang='grc' dir='ltr'>ὅτι</span> <span class='ocrx_word' id='word_1_222' title='bbox 2972 622 3061 673; x_wconf 77' lang='grc' dir='ltr'>καὶ</span> <span class='ocrx_word' id='word_1_223' title='bbox 3082 619 3287 689; x_wconf 70' lang='grc' dir='ltr'>δωρεὰν</span> <span class='ocrx_word' id='word_1_224' title='bbox 3305 620 3523 690; x_wconf 65' lang='grc' dir='ltr'>χάριτος</span> <span class='ocrx_word' id='word_1_225' title='bbox 3548 619 3588 687; x_wconf 82' lang='grc' dir='ltr'>ι</span> <span class='ocrx_word' id='word_1_226' title='bbox 3602 617 3704 690; x_wconf 62' lang='grc'><strong>14</strong></span> <span class='ocrx_word' id='word_1_227' title='bbox 3721 620 3955 688; x_wconf 68' lang='grc' dir='ltr'>παρίκει</span> 
     </span>
    </p>
   </div>
   <div class='ocr_carea' id='block_1_35' title="bbox 2369 704 3953 783">
    <p class='ocr_par' dir='ltr' id='par_1_35' title="bbox 2369 704 3953 783">
     <span class='ocr_line' id='line_1_35' title="bbox 2369 704 3953 783; baseline -0.003 -17"><span class='ocrx_word' id='word_1_228' title='bbox 2369 711 2529 766; x_wconf 85' lang='grc' dir='ltr'>Θεοῦ.</span> <span class='ocrx_word' id='word_1_229' title='bbox 2575 712 2729 766; x_wconf 77' lang='grc' dir='ltr'>Ἐπεὶ</span> <span class='ocrx_word' id='word_1_230' title='bbox 2778 716 2873 769; x_wconf 76' lang='grc' dir='ltr'>καὶ</span> <span class='ocrx_word' id='word_1_231' title='bbox 2900 713 3234 783; x_wconf 77' lang='grc' dir='ltr'>ἡγιασμένος</span> <span class='ocrx_word' id='word_1_232' title='bbox 3275 713 3390 766; x_wconf 64' lang='lat' dir='ltr'><strong>lati.</strong></span> <span class='ocrx_word' id='word_1_233' title='bbox 3443 711 3537 764; x_wconf 70' lang='grc' dir='ltr'>καὶ</span> <span class='ocrx_word' id='word_1_234' title='bbox 3567 704 3725 772; x_wconf 75' lang='grc' dir='ltr'>οὗτος</span> <span class='ocrx_word' id='word_1_235' title='bbox 3758 710 3953 778; x_wconf 77' lang='grc' dir='ltr'>ἄρτος,</span> 
     </span>
    </p>
   </div>
   <div class='ocr_carea' id='block_1_36' title="bbox 2370 802 3952 879">
    <p class='ocr_par' dir='ltr' id='par_1_36' title="bbox 2370 802 3952 879">
     <span class='ocr_line' id='line_1_36' title="bbox 2370 802 3952 879; baseline -0.004 -21"><span class='ocrx_word' id='word_1_236' title='bbox 2370 802 2807 873; x_wconf 77' lang='grc' dir='ltr'>σφραγιζόμενός</span> <span class='ocrx_word' id='word_1_237' title='bbox 2836 820 2892 857; x_wconf 88' lang='grc' dir='ltr'><strong>τε</strong></span> <span class='ocrx_word' id='word_1_238' title='bbox 2920 805 2985 873; x_wconf 76' lang='grc' dir='ltr'>τῇ</span> <span class='ocrx_word' id='word_1_239' title='bbox 3015 802 3208 873; x_wconf 71' lang='grc' dir='ltr'>λόγχῃ,</span> <span class='ocrx_word' id='word_1_240' title='bbox 3240 805 3333 856; x_wconf 71' lang='grc' dir='ltr'><strong>καὶ</strong></span> <span class='ocrx_word' id='word_1_241' title='bbox 3347 804 3490 879; x_wconf 53' lang='grc' dir='ltr'>,ἱερὰ</span> <span class='ocrx_word' id='word_1_242' title='bbox 3519 802 3811 872; x_wconf 80' lang='grc' dir='ltr'>δεχόμενος</span> <span class='ocrx_word' id='word_1_243' title='bbox 3847 802 3952 870; x_wconf 66' lang='grc' dir='ltr'><strong>ῥή-</strong></span> 
     </span>
    </p>
   </div>
   <div class='ocr_carea' id='block_1_37' title="bbox 2374 893 3951 967">
    <p class='ocr_par' dir='ltr' id='par_1_37' title="bbox 2374 893 3951 967">
     <span class='ocr_line' id='line_1_37' title="bbox 2374 893 3951 967; baseline -0.001 -20"><span class='ocrx_word' id='word_1_244' title='bbox 2374 913 2538 964; x_wconf 79' lang='grc' dir='ltr'>ματα’</span> <span class='ocrx_word' id='word_1_245' title='bbox 2569 896 2629 950; x_wconf 86' lang='grc' dir='ltr'><strong>ού</strong></span> <span class='ocrx_word' id='word_1_246' title='bbox 2666 899 2773 967; x_wconf 80' lang='grc' dir='ltr'>μὴν</span> <span class='ocrx_word' id='word_1_247' title='bbox 2800 897 2857 950; x_wconf 75' lang='grc' dir='ltr'>δὲ</span> <span class='ocrx_word' id='word_1_248' title='bbox 2900 898 2932 967; x_wconf 82' lang='grc' dir='ltr'>ἠ</span> <span class='ocrx_word' id='word_1_249' title='bbox 2972 897 3226 950; x_wconf 73' lang='grc' dir='ltr'>κοινωνία</span> <span class='ocrx_word' id='word_1_250' title='bbox 3266 895 3359 949; x_wconf 90' lang='grc' dir='ltr'><strong>τοῦ</strong></span> <span class='ocrx_word' id='word_1_251' title='bbox 3391 894 3641 964; x_wconf 74' lang='grc' dir='ltr'>σώματος</span> <span class='ocrx_word' id='word_1_252' title='bbox 3667 893 3763 947; x_wconf 83' lang='grc' dir='ltr'><strong>τοῦ</strong></span> <span class='ocrx_word' id='word_1_253' title='bbox 3807 895 3951 962; x_wconf 82' lang='grc' dir='ltr'>Χρι-</span> 
     </span>
    </p>
   </div>
   <div class='ocr_carea' id='block_1_38' title="bbox 2374 986 3952 1060">
    <p class='ocr_par' dir='ltr' id='par_1_38' title="bbox 2374 986 3952 1060">
     <span class='ocr_line' id='line_1_38' title="bbox 2374 986 3952 1060; baseline 0 -21"><span class='ocrx_word' id='word_1_254' title='bbox 2374 988 2521 1042; x_wconf 84' lang='grc' dir='ltr'>στοῦ.</span> <span class='ocrx_word' id='word_1_255' title='bbox 2552 987 2631 1043; x_wconf 74' lang='grc' dir='ltr'><strong>Τὰ</strong></span> <span class='ocrx_word' id='word_1_256' title='bbox 2661 989 2938 1060; x_wconf 75' lang='grc' dir='ltr'><strong>μυστήρια</strong></span> <span class='ocrx_word' id='word_1_257' title='bbox 2974 990 3084 1059; x_wconf 72' lang='grc' dir='ltr'>γὰρ</span> <span class='ocrx_word' id='word_1_258' title='bbox 3119 988 3304 1042; x_wconf 76' lang='grc' dir='ltr'>ικεῖνά</span> <span class='ocrx_word' id='word_1_259' title='bbox 3333 988 3461 1041; x_wconf 77' lang='grc' dir='ltr'>εἱσιο</span> <span class='ocrx_word' id='word_1_260' title='bbox 3492 986 3651 1041; x_wconf 80' lang='grc' dir='ltr'>τοῦτο</span> <span class='ocrx_word' id='word_1_261' title='bbox 3684 987 3739 1042; x_wconf 67' lang='grc' dir='ltr'>δὲ</span> <span class='ocrx_word' id='word_1_262' title='bbox 3787 986 3952 1054; x_wconf 81' lang='grc' dir='ltr'>ἀγια·</span> 
     </span>
    </p>
   </div>
   <div class='ocr_carea' id='block_1_39' title="bbox 2376 1078 3954 1151">
    <p class='ocr_par' dir='ltr' id='par_1_39' title="bbox 2376 1078 3954 1151">
     <span class='ocr_line' id='line_1_39' title="bbox 2376 1078 3954 1151; baseline 0 -20"><span class='ocrx_word' id='word_1_263' title='bbox 2376 1078 2516 1149; x_wconf 86' lang='grc' dir='ltr'>σμοῦ</span> <span class='ocrx_word' id='word_1_264' title='bbox 2551 1081 2901 1150; x_wconf 78' lang='grc' dir='ltr'>μεταδοτικδν</span> <span class='ocrx_word' id='word_1_265' title='bbox 2950 1082 3133 1151; x_wconf 77' lang='grc' dir='ltr'>μόνον,</span> <span class='ocrx_word' id='word_1_266' title='bbox 3166 1080 3260 1135; x_wconf 76' lang='grc' dir='ltr'>καὶ</span> <span class='ocrx_word' id='word_1_267' title='bbox 3289 1081 3499 1151; x_wconf 80' lang='grc' dir='ltr'>δωρεᾶς</span> <span class='ocrx_word' id='word_1_268' title='bbox 3525 1081 3672 1143; x_wconf 85' lang='grc' dir='ltr'>θείας</span> <span class='ocrx_word' id='word_1_269' title='bbox 3706 1080 3954 1149; x_wconf 84' lang='grc' dir='ltr'>πάροχον</span> 
     </span>
    </p>
   </div>
   <div class='ocr_carea' id='block_1_40' title="bbox 2371 1171 3954 1245">
    <p class='ocr_par' dir='ltr' id='par_1_40' title="bbox 2371 1171 3954 1245">
     <span class='ocr_line' id='line_1_40' title="bbox 2371 1171 3954 1245; baseline -0.001 -20"><span class='ocrx_word' id='word_1_270' title='bbox 2371 1172 2466 1241; x_wconf 83' lang='grc' dir='ltr'>τῆς</span> <span class='ocrx_word' id='word_1_271' title='bbox 2508 1172 2615 1225; x_wconf 76' lang='grc' dir='ltr'>ἀπὸ</span> <span class='ocrx_word' id='word_1_272' title='bbox 2660 1173 2771 1226; x_wconf 88' lang='grc' dir='ltr'><strong>τῶν</strong></span> <span class='ocrx_word' id='word_1_273' title='bbox 2820 1175 2878 1225; x_wconf 78' lang='grc' dir='ltr'>ὲν</span> <span class='ocrx_word' id='word_1_274' title='bbox 2922 1175 2988 1244; x_wconf 77' lang='grc' dir='ltr'>τῇ</span> <span class='ocrx_word' id='word_1_275' title='bbox 3037 1172 3295 1243; x_wconf 70' lang='grc' dir='ltr'>προθέσει</span> <span class='ocrx_word' id='word_1_276' title='bbox 3341 1172 3624 1245; x_wconf 77' lang='grc' dir='ltr'>ῥημάτων.</span> <span class='ocrx_word' id='word_1_277' title='bbox 3658 1172 3825 1234; x_wconf 81' lang='grc' dir='ltr'>Τέλος</span> <span class='ocrx_word' id='word_1_278' title='bbox 3856 1171 3954 1224; x_wconf 78' lang='grc' dir='ltr'><strong>τδν</strong></span> 
     </span>
    </p>
   </div>
   <div class='ocr_carea' id='block_1_41' title="bbox 2373 1262 3951 1335">
    <p class='ocr_par' dir='ltr' id='par_1_41' title="bbox 2373 1262 3951 1335">
     <span class='ocr_line' id='line_1_41' title="bbox 2373 1262 3951 1335; baseline 0 -22"><span class='ocrx_word' id='word_1_279' title='bbox 2373 1263 2501 1317; x_wconf 75' lang='grc' dir='ltr'>λα³.ν</span> <span class='ocrx_word' id='word_1_280' title='bbox 2537 1263 2698 1317; x_wconf 78' lang='grc' dir='ltr'>πάλιν</span> <span class='ocrx_word' id='word_1_281' title='bbox 2731 1264 3064 1335; x_wconf 75' lang='grc' dir='ltr'><strong>σφραγίσας,</strong></span> <span class='ocrx_word' id='word_1_282' title='bbox 3115 1265 3209 1317; x_wconf 80' lang='grc' dir='ltr'>καὶ</span> <span class='ocrx_word' id='word_1_283' title='bbox 3259 1264 3513 1331; x_wconf 74' lang='grc' dir='ltr'><strong>εὐλογίαν</strong></span> <span class='ocrx_word' id='word_1_284' title='bbox 3542 1262 3694 1330; x_wconf 79' lang='grc' dir='ltr'><strong>παρά</strong></span> <span class='ocrx_word' id='word_1_285' title='bbox 3735 1264 3951 1330; x_wconf 80' lang='grc' dir='ltr'>Κυρίου</span> 
     </span>
    </p>
   </div>
   <div class='ocr_carea' id='block_1_42' title="bbox 2376 1353 3951 1426">
    <p class='ocr_par' dir='ltr' id='par_1_42' title="bbox 2376 1353 3951 1426">
     <span class='ocr_line' id='line_1_42' title="bbox 2376 1353 3951 1426; baseline -0.003 -18"><span class='ocrx_word' id='word_1_286' title='bbox 2376 1355 2749 1425; x_wconf 78' lang='grc' dir='ltr'><strong>ἐπευξάμενος</strong></span> <span class='ocrx_word' id='word_1_287' title='bbox 2802 1357 2831 1409; x_wconf 83' lang='grc' dir='ltr'><strong>δ</strong></span> <span class='ocrx_word' id='word_1_288' title='bbox 2887 1356 3202 1426; x_wconf 79' lang='grc' dir='ltr'>ἀρχιερεὺς,</span> <span class='ocrx_word' id='word_1_289' title='bbox 3255 1355 3505 1416; x_wconf 83' lang='grc' dir='ltr'>ἀπολύει,</span> <span class='ocrx_word' id='word_1_290' title='bbox 3555 1356 3645 1407; x_wconf 70' lang='grc' dir='ltr'><strong>τὸν</strong></span> <span class='ocrx_word' id='word_1_291' title='bbox 3690 1353 3951 1424; x_wconf 69' lang='grc' dir='ltr'>ἀληθινὸν</span> 
     </span>
    </p>
   </div>
   <div class='ocr_carea' id='block_1_43' title="bbox 2370 1445 3949 1520">
    <p class='ocr_par' dir='ltr' id='par_1_43' title="bbox 2370 1445 3949 1520">
     <span class='ocr_line' id='line_1_43' title="bbox 2370 1445 3949 1520; baseline -0.002 -19"><span class='ocrx_word' id='word_1_292' title='bbox 2370 1449 2502 1502; x_wconf 67' lang='grc' dir='ltr'>Θεὸν</span> <span class='ocrx_word' id='word_1_293' title='bbox 2538 1448 2696 1520; x_wconf 81' lang='grc' dir='ltr'>ήμῶν</span> <span class='ocrx_word' id='word_1_294' title='bbox 2720 1449 2812 1503; x_wconf 82' lang='grc' dir='ltr'><strong>τδν</strong></span> <span class='ocrx_word' id='word_1_295' title='bbox 2835 1449 3069 1520; x_wconf 67' lang='grc' dir='ltr'>Χριστὸν</span> <span class='ocrx_word' id='word_1_296' title='bbox 3090 1449 3175 1502; x_wconf 84' lang='grc' dir='ltr'><strong>διὰ</strong></span> <span class='ocrx_word' id='word_1_297' title='bbox 3206 1448 3313 1503; x_wconf 85' lang='grc' dir='ltr'><strong>τῶν</strong></span> <span class='ocrx_word' id='word_1_298' title='bbox 3334 1449 3431 1518; x_wconf 86' lang='grc' dir='ltr'>τῆς</span> <span class='ocrx_word' id='word_1_299' title='bbox 3466 1447 3740 1513; x_wconf 86' lang='grc' dir='ltr'>Παναγίας</span> <span class='ocrx_word' id='word_1_300' title='bbox 3777 1445 3949 1499; x_wconf 77' lang='grc' dir='ltr'>αὑτοῦ</span> 
     </span>
    </p>
   </div>
   <div class='ocr_carea' id='block_1_44' title="bbox 2370 1538 3952 1613">
    <p class='ocr_par' dir='ltr' id='par_1_44' title="bbox 2370 1538 3952 1613">
     <span class='ocr_line' id='line_1_44' title="bbox 2370 1538 3952 1613; baseline -0.004 -17"><span class='ocrx_word' id='word_1_301' title='bbox 2370 1543 2596 1613; x_wconf 76' lang='grc' dir='ltr'>Μητρδς</span> <span class='ocrx_word' id='word_1_302' title='bbox 2625 1542 2935 1612; x_wconf 76' lang='grc' dir='ltr'>πρεσϐειῶν</span> <span class='ocrx_word' id='word_1_303' title='bbox 2970 1542 3065 1596; x_wconf 78' lang='grc' dir='ltr'>καὶ</span> <span class='ocrx_word' id='word_1_304' title='bbox 3108 1543 3326 1595; x_wconf 81' lang='grc' dir='ltr'>πάντων</span> <span class='ocrx_word' id='word_1_305' title='bbox 3359 1541 3470 1594; x_wconf 88' lang='grc' dir='ltr'><strong>τῶν</strong></span> <span class='ocrx_word' id='word_1_306' title='bbox 3510 1539 3682 1608; x_wconf 80' lang='grc' dir='ltr'>ἁγίων</span> <span class='ocrx_word' id='word_1_307' title='bbox 3722 1538 3952 1607; x_wconf 72' lang='grc' dir='ltr'>ελεῆσαι</span> 
     </span>
    </p>
   </div>
   <div class='ocr_carea' id='block_1_45' title="bbox 2371 1630 3953 1703">
    <p class='ocr_par' dir='ltr' id='par_1_45' title="bbox 2371 1630 3953 1703">
     <span class='ocr_line' id='line_1_45' title="bbox 2371 1630 3953 1703; baseline -0.003 -17"><span class='ocrx_word' id='word_1_308' title='bbox 2371 1635 2580 1698; x_wconf 81' lang='grc' dir='ltr'><strong>πάντας</strong></span> <span class='ocrx_word' id='word_1_309' title='bbox 2608 1637 2701 1688; x_wconf 84' lang='grc' dir='ltr'>καὶ</span> <span class='ocrx_word' id='word_1_310' title='bbox 2754 1636 2926 1689; x_wconf 88' lang='grc' dir='ltr'>σῶσαι</span> <span class='ocrx_word' id='word_1_311' title='bbox 2960 1634 3453 1702; x_wconf 76' lang='grc' dir='ltr'>ἐπικαλεσάμενος,</span> <span class='ocrx_word' id='word_1_312' title='bbox 3495 1632 3781 1703; x_wconf 80' lang='grc' dir='ltr'>κηρύττων</span> <span class='ocrx_word' id='word_1_313' title='bbox 3832 1630 3953 1697; x_wconf 71' lang='grc' dir='ltr'>ἃμα</span> 
     </span>
    </p>
   </div>
   <div class='ocr_carea' id='block_1_46' title="bbox 2372 1724 3953 1798">
    <p class='ocr_par' dir='ltr' id='par_1_46' title="bbox 2372 1724 3953 1798">
     <span class='ocr_line' id='line_1_46' title="bbox 2372 1724 3953 1798; baseline -0.006 -16"><span class='ocrx_word' id='word_1_314' title='bbox 2372 1729 2467 1782; x_wconf 64' lang='grc' dir='ltr'><strong>καὶ⁵</strong></span> <span class='ocrx_word' id='word_1_315' title='bbox 2497 1729 2816 1798; x_wconf 90' lang='grc' dir='ltr'>μαρτυρῶν,</span> <span class='ocrx_word' id='word_1_316' title='bbox 2846 1728 2927 1781; x_wconf 77' lang='grc' dir='ltr'>ὅτι</span> <span class='ocrx_word' id='word_1_317' title='bbox 2959 1728 3048 1781; x_wconf 76' lang='grc' dir='ltr'><strong>διὰ</strong></span> <span class='ocrx_word' id='word_1_318' title='bbox 3072 1727 3170 1796; x_wconf 81' lang='grc' dir='ltr'>τῆς</span> <span class='ocrx_word' id='word_1_319' title='bbox 3204 1725 3299 1779; x_wconf 87' lang='grc' dir='ltr'><strong>τοῦ</strong></span> <span class='ocrx_word' id='word_1_320' title='bbox 3330 1726 3582 1794; x_wconf 81' lang='grc' dir='ltr'>Σωτῆρος</span> <span class='ocrx_word' id='word_1_321' title='bbox 3628 1724 3953 1790; x_wconf 81' lang='grc' dir='ltr'>οἰκονομίας</span> 
     </span>
    </p>
   </div>
   <div class='ocr_carea' id='block_1_47' title="bbox 2373 1814 3948 1891">
    <p class='ocr_par' dir='ltr' id='par_1_47' title="bbox 2373 1814 3948 1891">
     <span class='ocr_line' id='line_1_47' title="bbox 2373 1814 3948 1891; baseline -0.005 -17"><span class='ocrx_word' id='word_1_322' title='bbox 2373 1822 2467 1874; x_wconf 75' lang='grc' dir='ltr'>καὶ</span> <span class='ocrx_word' id='word_1_323' title='bbox 2499 1821 2597 1890; x_wconf 85' lang='grc' dir='ltr'>τῆς</span> <span class='ocrx_word' id='word_1_324' title='bbox 2631 1821 2943 1891; x_wconf 81' lang='grc' dir='ltr'>ἱερουργίας</span> <span class='ocrx_word' id='word_1_325' title='bbox 2993 1818 3319 1887; x_wconf 85' lang='grc' dir='ltr'>σεσώσμεθά</span> <span class='ocrx_word' id='word_1_326' title='bbox 3346 1835 3403 1871; x_wconf 91' lang='grc' dir='ltr'><strong>τε</strong></span> <span class='ocrx_word' id='word_1_327' title='bbox 3434 1816 3527 1871; x_wconf 72' lang='grc' dir='ltr'>καὶ</span> <span class='ocrx_word' id='word_1_328' title='bbox 3559 1814 3948 1883; x_wconf 78' lang='grc' dir='ltr'>σωθησόμεθα,</span> 
     </span>
    </p>
   </div>
   <div class='ocr_carea' id='block_1_48' title="bbox 2378 1905 3951 1983">
    <p class='ocr_par' dir='ltr' id='par_1_48' title="bbox 2378 1905 3951 1983">
     <span class='ocr_line' id='line_1_48' title="bbox 2378 1905 3951 1983; baseline -0.006 -17"><span class='ocrx_word' id='word_1_329' title='bbox 2378 1912 2748 1983; x_wconf 74' lang='grc' dir='ltr'>συνεργούσης</span> <span class='ocrx_word' id='word_1_330' title='bbox 2780 1916 2897 1974; x_wconf 86' lang='grc' dir='ltr'>ταῖς</span> <span class='ocrx_word' id='word_1_331' title='bbox 2931 1912 3116 1981; x_wconf 73' lang='grc' dir='ltr'>εὐχαῖς</span> <span class='ocrx_word' id='word_1_332' title='bbox 3133 1910 3229 1964; x_wconf 90' lang='grc' dir='ltr'><strong>τοῦ</strong></span> <span class='ocrx_word' id='word_1_333' title='bbox 3257 1909 3530 1979; x_wconf 83' lang='grc' dir='ltr'>ὑπηρέτου</span> <span class='ocrx_word' id='word_1_334' title='bbox 3556 1906 3650 1961; x_wconf 90' lang='grc' dir='ltr'><strong>τοῦ</strong></span> <span class='ocrx_word' id='word_1_335' title='bbox 3684 1905 3951 1976; x_wconf 84' lang='grc' dir='ltr'>μεγίστου</span> 
     </span>
    </p>
   </div>
   <div class='ocr_carea' id='block_1_49' title="bbox 2377 1995 3955 2076">
    <p class='ocr_par' dir='ltr' id='par_1_49' title="bbox 2377 1995 3955 2076">
     <span class='ocr_line' id='line_1_49' title="bbox 2377 1995 3955 2076; baseline -0.008 -16"><span class='ocrx_word' id='word_1_336' title='bbox 2377 2005 2699 2076; x_wconf 80' lang='grc' dir='ltr'>μυστηρίου,</span> <span class='ocrx_word' id='word_1_337' title='bbox 2732 2005 2830 2074; x_wconf 81' lang='grc' dir='ltr'>τῆς</span> <span class='ocrx_word' id='word_1_338' title='bbox 2856 2004 3145 2065; x_wconf 83' lang='grc' dir='ltr'>Θεοτόκου,</span> <span class='ocrx_word' id='word_1_339' title='bbox 3174 2003 3267 2056; x_wconf 76' lang='grc' dir='ltr'>καὶ</span> <span class='ocrx_word' id='word_1_340' title='bbox 3291 2002 3511 2056; x_wconf 83' lang='grc' dir='ltr'>πάντων</span> <span class='ocrx_word' id='word_1_341' title='bbox 3540 1999 3647 2052; x_wconf 88' lang='grc' dir='ltr'><strong>τῶν</strong></span> <span class='ocrx_word' id='word_1_342' title='bbox 3677 1995 3955 2068; x_wconf 77' lang='grc' dir='ltr'>ἡγιασμέ-</span> 
     </span>
    </p>
   </div>
   <div class='ocr_carea' id='block_1_50' title="bbox 2374 2092 3957 2164">
    <p class='ocr_par' dir='ltr' id='par_1_50' title="bbox 2374 2092 3957 2164">
     <span class='ocr_line' id='line_1_50' title="bbox 2374 2092 3957 2164; baseline -0.006 -13"><span class='ocrx_word' id='word_1_343' title='bbox 2374 2117 2481 2153; x_wconf 91' lang='grc' dir='ltr'><strong>νων</strong></span> <span class='ocrx_word' id='word_1_344' title='bbox 2515 2101 2577 2152; x_wconf 80' lang='grc' dir='ltr'>ὲκ</span> <span class='ocrx_word' id='word_1_345' title='bbox 2603 2100 2791 2151; x_wconf 88' lang='grc' dir='ltr'>τούτου</span> <span class='ocrx_word' id='word_1_346' title='bbox 2818 2111 2831 2126; x_wconf 89' lang='grc'><strong>·</strong></span> <span class='ocrx_word' id='word_1_347' title='bbox 2870 2098 2957 2151; x_wconf 84' lang='grc' dir='ltr'>ὅτε</span> <span class='ocrx_word' id='word_1_348' title='bbox 2984 2095 3262 2164; x_wconf 81' lang='grc' dir='ltr'>παρευθὺς</span> <span class='ocrx_word' id='word_1_349' title='bbox 3290 2096 3319 2148; x_wconf 83' lang='grc' dir='ltr'><strong>δ</strong></span> <span class='ocrx_word' id='word_1_350' title='bbox 3345 2094 3453 2147; x_wconf 89' lang='grc' dir='ltr'><strong>τῶν</strong></span> <span class='ocrx_word' id='word_1_351' title='bbox 3488 2092 3801 2162; x_wconf 78' lang='grc' dir='ltr'>ψαλλόντων</span> <span class='ocrx_word' id='word_1_352' title='bbox 3854 2106 3957 2159; x_wconf 82' lang='grc' dir='ltr'>χο-</span> 
     </span>
    </p>
   </div>
   <div class='ocr_carea' id='block_1_51' title="bbox 2379 2180 3955 2261">
    <p class='ocr_par' dir='ltr' id='par_1_51' title="bbox 2379 2180 3955 2261">
     <span class='ocr_line' id='line_1_51' title="bbox 2379 2180 3955 2261; baseline -0.008 -17"><span class='ocrx_word' id='word_1_353' title='bbox 2379 2193 2470 2261; x_wconf 67' lang='grc' dir='ltr'><strong>ρὸς</strong></span> <span class='ocrx_word' id='word_1_354' title='bbox 2504 2190 2629 2253; x_wconf 87' lang='grc' dir='ltr'>τούς</span> <span class='ocrx_word' id='word_1_355' title='bbox 2666 2207 2725 2243; x_wconf 89' lang='grc' dir='ltr'><strong>τε</strong></span> <span class='ocrx_word' id='word_1_356' title='bbox 2766 2190 3002 2253; x_wconf 83' lang='grc' dir='ltr'>βασιλεῖς</span> <span class='ocrx_word' id='word_1_357' title='bbox 3038 2188 3256 2257; x_wconf 67' lang='grc' dir='ltr'>εὔχεται</span> <span class='ocrx_word' id='word_1_358' title='bbox 3290 2187 3427 2255; x_wconf 79' lang='grc' dir='ltr'>μετὰ.</span> <span class='ocrx_word' id='word_1_359' title='bbox 3454 2186 3646 2252; x_wconf 82' lang='grc' dir='ltr'>ῦμνου,</span> <span class='ocrx_word' id='word_1_360' title='bbox 3673 2182 3767 2235; x_wconf 72' lang='grc' dir='ltr'>καὶ</span> <span class='ocrx_word' id='word_1_361' title='bbox 3788 2180 3955 2234; x_wconf 69' lang='grc' dir='ltr'>αὑτὸν</span> 
     </span>
    </p>
   </div>
   <div class='ocr_carea' id='block_1_52' title="bbox 2374 2273 3949 2351">
    <p class='ocr_par' dir='ltr' id='par_1_52' title="bbox 2374 2273 3949 2351">
     <span class='ocr_line' id='line_1_52' title="bbox 2374 2273 3949 2351; baseline -0.006 -16"><span class='ocrx_word' id='word_1_362' title='bbox 2374 2283 2464 2335; x_wconf 83' lang='grc' dir='ltr'><strong>τὸν</strong></span> <span class='ocrx_word' id='word_1_363' title='bbox 2495 2282 2773 2351; x_wconf 77' lang='grc' dir='ltr'>ἀρχιερέα,</span> <span class='ocrx_word' id='word_1_364' title='bbox 2812 2282 2870 2333; x_wconf 73' lang='grc' dir='ltr'>οὗ</span> <span class='ocrx_word' id='word_1_365' title='bbox 2901 2281 2993 2333; x_wconf 75' lang='grc' dir='ltr'><strong>τὸν</strong></span> <span class='ocrx_word' id='word_1_366' title='bbox 3022 2281 3306 2348; x_wconf 71' lang='grc' dir='ltr'>ἄνθρωπον</span> <span class='ocrx_word' id='word_1_367' title='bbox 3331 2276 3516 2337; x_wconf 80' lang='grc' dir='ltr'>ἁπλῶς</span> <span class='ocrx_word' id='word_1_368' title='bbox 3542 2273 3949 2344; x_wconf 77' lang='grc' dir='ltr'>εὐφημοῦντες,</span> 
     </span>
    </p>
   </div>
   <div class='ocr_carea' id='block_1_53' title="bbox 2374 2361 3955 2440">
    <p class='ocr_par' dir='ltr' id='par_1_53' title="bbox 2374 2361 3955 2440">
     <span class='ocr_line' id='line_1_53' title="bbox 2374 2361 3955 2440; baseline -0.006 -15"><span class='ocrx_word' id='word_1_369' title='bbox 2374 2373 2509 2425; x_wconf 85' lang='grc' dir='ltr'><strong>ἀλλά</strong></span> <span class='ocrx_word' id='word_1_370' title='bbox 2538 2371 2631 2425; x_wconf 72' lang='grc' dir='ltr'>καὶ</span> <span class='ocrx_word' id='word_1_371' title='bbox 2662 2373 2758 2440; x_wconf 82' lang='grc' dir='ltr'>τὴν</span> <span class='ocrx_word' id='word_1_372' title='bbox 2790 2370 2988 2439; x_wconf 74' lang='grc' dir='ltr'>πιστὴν</span> <span class='ocrx_word' id='word_1_373' title='bbox 3037 2368 3337 2439; x_wconf 75' lang='grc' dir='ltr'>βασιλείαν,</span> <span class='ocrx_word' id='word_1_374' title='bbox 3385 2367 3480 2420; x_wconf 77' lang='grc' dir='ltr'>καὶ</span> <span class='ocrx_word' id='word_1_375' title='bbox 3533 2366 3628 2435; x_wconf 84' lang='grc' dir='ltr'>τὴν</span> <span class='ocrx_word' id='word_1_376' title='bbox 3665 2361 3955 2433; x_wconf 79' lang='grc' dir='ltr'>ὀρθόδοξον</span> 
     </span>
    </p>
   </div>
   <div class='ocr_carea' id='block_1_54' title="bbox 2374 2456 3951 2533">
    <p class='ocr_par' dir='ltr' id='par_1_54' title="bbox 2374 2456 3951 2533">
     <span class='ocr_line' id='line_1_54' title="bbox 2374 2456 3951 2533; baseline -0.007 -17"><span class='ocrx_word' id='word_1_377' title='bbox 2374 2461 2787 2533; x_wconf 79' lang='grc' dir='ltr'>ἀρχιερωσύνην</span> <span class='ocrx_word' id='word_1_378' title='bbox 2831 2460 3112 2531; x_wconf 78' lang='grc' dir='ltr'>διαμένειν</span> <span class='ocrx_word' id='word_1_379' title='bbox 3134 2460 3438 2529; x_wconf 73' lang='grc' dir='ltr'>εὐχόμενοι,</span> <span class='ocrx_word' id='word_1_380' title='bbox 3481 2459 3577 2510; x_wconf 74' lang='grc' dir='ltr'>καὶ</span> <span class='ocrx_word' id='word_1_381' title='bbox 3604 2456 3663 2507; x_wconf 71' lang='grc' dir='ltr'><strong>τὸ</strong></span> <span class='ocrx_word' id='word_1_382' title='bbox 3693 2456 3857 2523; x_wconf 84' lang='grc' dir='ltr'>ἔργον</span> <span class='ocrx_word' id='word_1_383' title='bbox 3886 2456 3951 2506; x_wconf 80' lang='grc' dir='ltr'>τὸ</span> 
     </span>
    </p>
   </div>
   <div class='ocr_carea' id='block_1_55' title="bbox 2374 2547 3956 2625">
    <p class='ocr_par' dir='ltr' id='par_1_55' title="bbox 2374 2547 3956 2625">
     <span class='ocr_line' id='line_1_55' title="bbox 2374 2547 3956 2625; baseline -0.005 -19"><span class='ocrx_word' id='word_1_384' title='bbox 2374 2556 2471 2625; x_wconf 80' lang='grc' dir='ltr'>τῆς</span> <span class='ocrx_word' id='word_1_385' title='bbox 2504 2554 2811 2625; x_wconf 77' lang='grc' dir='ltr'>ἱερουργίας</span> <span class='ocrx_word' id='word_1_386' title='bbox 2841 2552 2982 2620; x_wconf 65' lang='grc' dir='ltr'>ὑπὲρ</span> <span class='ocrx_word' id='word_1_387' title='bbox 3015 2553 3170 2622; x_wconf 79' lang='grc' dir='ltr'>ἡμῶν</span> <span class='ocrx_word' id='word_1_388' title='bbox 3200 2552 3432 2612; x_wconf 80' lang='grc' dir='ltr'>αἱωνίως</span> <span class='ocrx_word' id='word_1_389' title='bbox 3461 2547 3757 2609; x_wconf 78' lang='grc' dir='ltr'>ἀκωλύτως</span> <span class='ocrx_word' id='word_1_390' title='bbox 3810 2547 3956 2599; x_wconf 78' lang='grc' dir='ltr'>διεν-</span> 
     </span>
    </p>
   </div>
   <div class='ocr_carea' id='block_1_56' title="bbox 2375 2638 3958 2716">
    <p class='ocr_par' dir='ltr' id='par_1_56' title="bbox 2375 2638 3958 2716">
     <span class='ocr_line' id='line_1_56' title="bbox 2375 2638 3958 2716; baseline -0.005 -18"><span class='ocrx_word' id='word_1_391' title='bbox 2375 2648 2676 2716; x_wconf 85' lang='grc' dir='ltr'>εργεῖσθαι.</span> <span class='ocrx_word' id='word_1_392' title='bbox 2711 2645 2817 2707; x_wconf 86' lang='grc' dir='ltr'>Οὒς</span> <span class='ocrx_word' id='word_1_393' title='bbox 2839 2645 2933 2698; x_wconf 68' lang='grc' dir='ltr'><strong>καὶ</strong></span> <span class='ocrx_word' id='word_1_394' title='bbox 2954 2643 3046 2697; x_wconf 72' lang='grc' dir='ltr'><strong>τὸν</strong></span> <span class='ocrx_word' id='word_1_395' title='bbox 3076 2643 3207 2705; x_wconf 78' lang='grc' dir='ltr'>λαὸν</span> <span class='ocrx_word' id='word_1_396' title='bbox 3234 2643 3353 2713; x_wconf 72' lang='grc' dir='ltr'>τρὶς</span> <span class='ocrx_word' id='word_1_397' title='bbox 3384 2640 3693 2712; x_wconf 78' lang='grc' dir='ltr'>σφραγίσας</span> <span class='ocrx_word' id='word_1_398' title='bbox 3716 2638 3848 2691; x_wconf 85' lang='grc' dir='ltr'>ῦστε</span> <span class='ocrx_word' id='word_1_399' title='bbox 3861 2654 3958 2706; x_wconf 91' lang='grc' dir='ltr'><strong>ρον</strong></span> 
     </span>
    </p>
   </div>
   <div class='ocr_carea' id='block_1_57' title="bbox 2376 2730 3956 2806">
    <p class='ocr_par' dir='ltr' id='par_1_57' title="bbox 2376 2730 3956 2806">
     <span class='ocr_line' id='line_1_57' title="bbox 2376 2730 3956 2806; baseline -0.007 -14"><span class='ocrx_word' id='word_1_400' title='bbox 2376 2740 2559 2805; x_wconf 73' lang='grc' dir='ltr'>πάλιν,</span> <span class='ocrx_word' id='word_1_401' title='bbox 2596 2742 2690 2793; x_wconf 79' lang='grc' dir='ltr'>καὶ</span> <span class='ocrx_word' id='word_1_402' title='bbox 2748 2738 3119 2806; x_wconf 81' lang='grc' dir='ltr'>ἐπευξάμενος</span> <span class='ocrx_word' id='word_1_403' title='bbox 3172 2738 3199 2790; x_wconf 86' lang='grc' dir='ltr'>ὁ</span> <span class='ocrx_word' id='word_1_404' title='bbox 3257 2734 3571 2805; x_wconf 78' lang='grc' dir='ltr'>ἀρχιερεὺς,</span> <span class='ocrx_word' id='word_1_405' title='bbox 3623 2731 3719 2794; x_wconf 82' lang='grc' dir='ltr'>τὸ,</span> <span class='ocrx_word' id='word_1_406' title='bbox 3776 2750 3795 2783; x_wconf 80' lang='grc' dir='ltr'><strong>ι</strong></span> <span class='ocrx_word' id='word_1_407' title='bbox 3833 2730 3956 2782; x_wconf 76' lang='grc' dir='ltr'>Νῦν</span> 
     </span>
    </p>
   </div>
   <div class='ocr_carea' id='block_1_58' title="bbox 2377 2821 3958 2895">
    <p class='ocr_par' dir='ltr' id='par_1_58' title="bbox 2377 2821 3958 2895">
     <span class='ocr_line' id='line_1_58' title="bbox 2377 2821 3958 2895; baseline -0.007 -9"><span class='ocrx_word' id='word_1_408' title='bbox 2377 2832 2654 2895; x_wconf 68' lang='grc' dir='ltr'>ἀπολύεις,</span> <span class='ocrx_word' id='word_1_409' title='bbox 2696 2850 2712 2882; x_wconf 80' lang='grc' dir='ltr'><strong>ι</strong></span> <span class='ocrx_word' id='word_1_410' title='bbox 2753 2829 2870 2882; x_wconf 82' lang='grc' dir='ltr'>καθ’</span> <span class='ocrx_word' id='word_1_411' title='bbox 2921 2828 3114 2882; x_wconf 74' lang='grc' dir='ltr'>ἑαυτὸν</span> <span class='ocrx_word' id='word_1_412' title='bbox 3164 2828 3255 2880; x_wconf 82' lang='grc' dir='ltr'>καὶ</span> <span class='ocrx_word' id='word_1_413' title='bbox 3303 2826 3371 2879; x_wconf 67' lang='grc' dir='ltr'><strong>τὰ</strong></span> <span class='ocrx_word' id='word_1_414' title='bbox 3421 2826 3584 2879; x_wconf 81' lang='grc' dir='ltr'>λοιπά</span> <span class='ocrx_word' id='word_1_415' title='bbox 3633 2823 3807 2891; x_wconf 80' lang='grc' dir='ltr'>λέγει,</span> <span class='ocrx_word' id='word_1_416' title='bbox 3857 2821 3958 2875; x_wconf 86' lang='grc' dir='ltr'><strong>τοῦ</strong></span> 
     </span>
    </p>
   </div>
   <div class='ocr_carea' id='block_1_59' title="bbox 2377 2916 3960 2992">
    <p class='ocr_par' dir='ltr' id='par_1_59' title="bbox 2377 2916 3960 2992">
     <span class='ocr_line' id='line_1_59' title="bbox 2377 2916 3960 2992; baseline -0.006 -16"><span class='ocrx_word' id='word_1_417' title='bbox 2377 2922 2600 2992; x_wconf 79' lang='grc' dir='ltr'>Συμεὼν</span> <span class='ocrx_word' id='word_1_418' title='bbox 2651 2920 3019 2990; x_wconf 78' lang='grc' dir='ltr'>μεμνημένος,</span> <span class='ocrx_word' id='word_1_419' title='bbox 3065 2919 3230 2988; x_wconf 76' lang='grc' dir='ltr'>ἡνίκα</span> <span class='ocrx_word' id='word_1_420' title='bbox 3264 2918 3354 2971; x_wconf 75' lang='grc' dir='ltr'>τὸν</span> <span class='ocrx_word' id='word_1_421' title='bbox 3392 2917 3627 2989; x_wconf 79' lang='grc' dir='ltr'>Χριστὸν</span> <span class='ocrx_word' id='word_1_422' title='bbox 3678 2916 3960 2985; x_wconf 77' lang='grc' dir='ltr'>ἀγκάλαις</span> 
     </span>
    </p>
   </div>
   <div class='ocr_carea' id='block_1_60' title="bbox 2377 3006 3955 3079">
    <p class='ocr_par' dir='ltr' id='par_1_60' title="bbox 2377 3006 3955 3079">
     <span class='ocr_line' id='line_1_60' title="bbox 2377 3006 3955 3079; baseline -0.006 -14"><span class='ocrx_word' id='word_1_423' title='bbox 2377 3013 2615 3079; x_wconf 76' lang='grc' dir='ltr'>ἐδέξατο.</span> <span class='ocrx_word' id='word_1_424' title='bbox 2646 3012 2755 3065; x_wconf 77' lang='grc' dir='ltr'>Καὶ</span> <span class='ocrx_word' id='word_1_425' title='bbox 2782 3012 2850 3063; x_wconf 80' lang='grc' dir='ltr'>τὰ</span> <span class='ocrx_word' id='word_1_426' title='bbox 2880 3010 3004 3078; x_wconf 84' lang='grc' dir='ltr'>ἱερὰ</span> <span class='ocrx_word' id='word_1_427' title='bbox 3033 3010 3348 3063; x_wconf 85' lang='grc' dir='ltr'>ἀποτίθεται</span> <span class='ocrx_word' id='word_1_428' title='bbox 3382 3010 3582 3077; x_wconf 80' lang='grc' dir='ltr'>ἀμφια.</span> <span class='ocrx_word' id='word_1_429' title='bbox 3630 3006 3955 3077; x_wconf 77' lang='grc' dir='ltr'>Προσευξά-</span> 
     </span>
    </p>
   </div>
   <div class='ocr_carea' id='block_1_61' title="bbox 2383 3100 3959 3175">
    <p class='ocr_par' dir='ltr' id='par_1_61' title="bbox 2383 3100 3959 3175">
     <span class='ocr_line' id='line_1_61' title="bbox 2383 3100 3959 3175; baseline -0.006 -18"><span class='ocrx_word' id='word_1_430' title='bbox 2383 3121 2541 3175; x_wconf 86' lang='grc' dir='ltr'>μενος</span> <span class='ocrx_word' id='word_1_431' title='bbox 2569 3100 2662 3156; x_wconf 79' lang='grc' dir='ltr'><strong>οῦν</strong></span> <span class='ocrx_word' id='word_1_432' title='bbox 2689 3104 2782 3155; x_wconf 75' lang='grc' dir='ltr'>καὶ</span> <span class='ocrx_word' id='word_1_433' title='bbox 2808 3102 3110 3165; x_wconf 79' lang='grc' dir='ltr'>ἀπολύσας,</span> <span class='ocrx_word' id='word_1_434' title='bbox 3144 3101 3285 3172; x_wconf 82' lang='grc' dir='ltr'>ὑπὲρ</span> <span class='ocrx_word' id='word_1_435' title='bbox 3331 3101 3552 3154; x_wconf 77' lang='grc' dir='ltr'>πάντων</span> <span class='ocrx_word' id='word_1_436' title='bbox 3589 3100 3910 3168; x_wconf 66' lang='grc' dir='ltr'>εὐχαριστεῖ</span> <span class='ocrx_word' id='word_1_437' title='bbox 3943 3114 3959 3128; x_wconf 89' lang='grc'><strong>·</strong></span> 
     </span>
    </p>
   </div>
   <div class='ocr_carea' id='block_1_62' title="bbox 715 3181 2389 3267">
    <p class='ocr_par' dir='ltr' id='par_1_62' title="bbox 715 3181 2389 3255">
     <span class='ocr_line' id='line_1_62' title="bbox 715 3181 2389 3255; baseline -0.003 -10"><span class='ocrx_word' id='word_1_438' title='bbox 715 3195 1008 3250; x_wconf 75' lang='lat' dir='ltr'><strong>secundum</strong></span> <span class='ocrx_word' id='word_1_439' title='bbox 1039 3190 1178 3244; x_wconf 87' lang='lat' dir='ltr'><strong>istud</strong></span> <span class='ocrx_word' id='word_1_440' title='bbox 1213 3198 1265 3239; x_wconf 61' lang='grc' dir='ltr'><strong>εει</strong></span> <span class='ocrx_word' id='word_1_441' title='bbox 1299 3202 1462 3255; x_wconf 88' lang='lat' dir='ltr'><strong>supra</strong></span> <span class='ocrx_word' id='word_1_442' title='bbox 1491 3200 1590 3238; x_wconf 92' lang='lat' dir='ltr'><strong>nos</strong></span> <span class='ocrx_word' id='word_1_443' title='bbox 1624 3194 1906 3250; x_wconf 87' lang='lat' dir='ltr'><strong>poscerent</strong></span> <span class='ocrx_word' id='word_1_444' title='bbox 1938 3200 2220 3239; x_wconf 89' lang='lat' dir='ltr'><strong>sermones</strong></span> <span class='ocrx_word' id='word_1_445' title='bbox 2254 3206 2267 3241; x_wconf 89' lang='lat'>:</span> <span class='ocrx_word' id='word_1_446' title='bbox 2298 3181 2344 3244; x_wconf 75' lang='grc' dir='ltr'><strong>α</strong></span> <span class='ocrx_word' id='word_1_447' title='bbox 2380 3217 2389 3251; x_wconf 65' lang='grc' dir='ltr'><strong>ε</strong></span> 
     </span>
    </p>
   </div>
   <div class='ocr_carea' id='block_1_63' title="bbox 2279 3181 3953 3267">
    <p class='ocr_par' dir='ltr' id='par_1_63' title="bbox 2298 3181 3953 3267">
     <span class='ocr_line' id='line_1_63' title="bbox 2298 3181 3953 3267; baseline -0.004 -16"><span class='ocrx_word' id='word_1_448' title='bbox 2298 3181 2344 3244; x_wconf 67' lang='grc' dir='ltr'>α</span> <span class='ocrx_word' id='word_1_449' title='bbox 2380 3198 2474 3251; x_wconf 77' lang='grc' dir='ltr'>καὶ</span> <span class='ocrx_word' id='word_1_450' title='bbox 2507 3196 2625 3267; x_wconf 79' lang='grc' dir='ltr'>τρὶς</span> <span class='ocrx_word' id='word_1_451' title='bbox 2648 3196 2723 3265; x_wconf 84' lang='grc' dir='ltr'>τῷ</span> <span class='ocrx_word' id='word_1_452' title='bbox 2759 3194 3128 3263; x_wconf 78' lang='grc' dir='ltr'>θυσιαστηρίῳ</span> <span class='ocrx_word' id='word_1_453' title='bbox 3173 3193 3581 3262; x_wconf 83' lang='grc' dir='ltr'>προσκυνήσας,</span> <span class='ocrx_word' id='word_1_454' title='bbox 3618 3192 3953 3259; x_wconf 72' lang='grc' dir='ltr'>ἀπέρχεται.</span> 
     </span>
    </p>
   </div>
   <div class='ocr_carea' id='block_1_64' title="bbox 716 3279 2275 3355">
    <p class='ocr_par' dir='ltr' id='par_1_64' title="bbox 716 3279 2275 3355">
     <span class='ocr_line' id='line_1_64' title="bbox 716 3279 2275 3355; baseline -0.002 -20"><span class='ocrx_word' id='word_1_455' title='bbox 716 3288 988 3355; x_wconf 54' lang='grc' dir='ltr'><strong>ΜξιιῙΙΙΧῐΩ</strong></span> <span class='ocrx_word' id='word_1_456' title='bbox 1054 3280 1345 3351; x_wconf 79' lang='lat' dir='ltr'><strong>potentiam</strong></span> <span class='ocrx_word' id='word_1_457' title='bbox 1403 3287 1665 3341; x_wconf 82' lang='lat' dir='ltr'><strong>nostram,</strong></span> <span class='ocrx_word' id='word_1_458' title='bbox 1704 3287 1762 3331; x_wconf 93' lang='lat' dir='ltr'><strong>ut</strong></span> <span class='ocrx_word' id='word_1_459' title='bbox 1822 3289 1939 3332; x_wconf 89' lang='lat' dir='ltr'><strong>erat</strong></span> <span class='ocrx_word' id='word_1_460' title='bbox 2000 3279 2275 3346; x_wconf 75' lang='lat' dir='ltr'><strong>possibile,</strong></span> 
     </span>
    </p>
   </div>
   <div class='ocr_carea' id='block_1_65' title="bbox 719 3370 2273 3442">
    <p class='ocr_par' dir='ltr' id='par_1_65' title="bbox 719 3370 2273 3442">
     <span class='ocr_line' id='line_1_65' title="bbox 719 3370 2273 3442; baseline -0.006 -9"><span class='ocrx_word' id='word_1_461' title='bbox 719 3378 936 3433; x_wconf 82' lang='lat' dir='ltr'><strong>brevius</strong></span> <span class='ocrx_word' id='word_1_462' title='bbox 967 3373 1353 3442; x_wconf 61' lang='lat' dir='ltr'><strong>compti-vimus</strong></span> <span class='ocrx_word' id='word_1_463' title='bbox 1382 3380 1435 3423; x_wconf 92' lang='lat' dir='ltr'><strong>et</strong></span> <span class='ocrx_word' id='word_1_464' title='bbox 1463 3370 1721 3438; x_wconf 80' lang='lat' dir='ltr'><strong>speculati</strong></span> <span class='ocrx_word' id='word_1_465' title='bbox 1750 3385 1978 3435; x_wconf 86' lang='lat' dir='ltr'><strong>sumus;</strong></span> <span class='ocrx_word' id='word_1_466' title='bbox 2016 3371 2273 3439; x_wconf 84' lang='lat' dir='ltr'><strong>quoniam</strong></span> 
     </span>
    </p>
   </div>
   <div class='ocr_carea' id='block_1_66' title="bbox 2376 3284 3958 3355">
    <p class='ocr_par' dir='ltr' id='par_1_66' title="bbox 2376 3284 3958 3355">
     <span class='ocr_line' id='line_1_66' title="bbox 2376 3284 3958 3355; baseline -0.006 -12"><span class='ocrx_word' id='word_1_467' title='bbox 2376 3289 2614 3344; x_wconf 83' lang='grc' dir='ltr'>Τοιαῦτα</span> <span class='ocrx_word' id='word_1_468' title='bbox 2664 3290 2759 3341; x_wconf 80' lang='grc' dir='ltr'>καὶ</span> <span class='ocrx_word' id='word_1_469' title='bbox 2803 3286 2868 3339; x_wconf 77' lang='grc' dir='ltr'>τὰ</span> <span class='ocrx_word' id='word_1_470' title='bbox 2918 3286 3014 3355; x_wconf 84' lang='grc' dir='ltr'>τῆς</span> <span class='ocrx_word' id='word_1_471' title='bbox 3066 3288 3308 3355; x_wconf 52' lang='grc' dir='ltr'>μεγάλης</span> <span class='ocrx_word' id='word_1_472' title='bbox 3356 3286 3452 3338; x_wconf 76' lang='grc' dir='ltr'>καὶ</span> <span class='ocrx_word' id='word_1_473' title='bbox 3506 3287 3654 3355; x_wconf 71' lang='grc' dir='ltr'>ἱερᾶς</span> <span class='ocrx_word' id='word_1_474' title='bbox 3703 3284 3958 3352; x_wconf 72' lang='grc' dir='ltr'>τελετῆς,</span> 
     </span>
    </p>
   </div>
   <div class='ocr_carea' id='block_1_67' title="bbox 2382 3377 3960 3453">
    <p class='ocr_par' dir='ltr' id='par_1_67' title="bbox 2382 3377 3960 3453">
     <span class='ocr_line' id='line_1_67' title="bbox 2382 3377 3960 3453; baseline -0.006 -16"><span class='ocrx_word' id='word_1_475' title='bbox 2382 3385 2669 3453; x_wconf 84' lang='grc' dir='ltr'>μεγίστους</span> <span class='ocrx_word' id='word_1_476' title='bbox 2700 3380 2798 3451; x_wconf 81' lang='grc' dir='ltr'>μὲν</span> <span class='ocrx_word' id='word_1_477' title='bbox 2850 3381 2966 3432; x_wconf 81' lang='grc' dir='ltr'>κατ’</span> <span class='ocrx_word' id='word_1_478' title='bbox 3004 3379 3174 3449; x_wconf 75' lang='grc' dir='ltr'>αὐτὴν</span> <span class='ocrx_word' id='word_1_479' title='bbox 3225 3379 3319 3432; x_wconf 67' lang='grc' dir='ltr'>καὶ</span> <span class='ocrx_word' id='word_1_480' title='bbox 3369 3379 3508 3449; x_wconf 80' lang='grc' dir='ltr'>ὑπὲρ</span> <span class='ocrx_word' id='word_1_481' title='bbox 3558 3379 3706 3448; x_wconf 78' lang='grc' dir='ltr'>ἡμᾶς</span> <span class='ocrx_word' id='word_1_482' title='bbox 3750 3377 3960 3446; x_wconf 75' lang='grc' dir='ltr'>ἔχουσα.</span> 
     </span>
    </p>
   </div>
   <div class='ocr_carea' id='block_1_68' title="bbox 722 3461 2396 3543">
    <p class='ocr_par' dir='ltr' id='par_1_68' title="bbox 722 3461 2396 3539">
     <span class='ocr_line' id='line_1_68' title="bbox 722 3461 2396 3539; baseline -0.005 -14"><span class='ocrx_word' id='word_1_483' title='bbox 722 3487 886 3539; x_wconf 83' lang='lat' dir='ltr'><strong>super</strong></span> <span class='ocrx_word' id='word_1_484' title='bbox 917 3469 1044 3522; x_wconf 89' lang='lat' dir='ltr'><strong>illud</strong></span> <span class='ocrx_word' id='word_1_485' title='bbox 1104 3463 1255 3518; x_wconf 84' lang='lat' dir='ltr'><strong>niulti</strong></span> <span class='ocrx_word' id='word_1_486' title='bbox 1291 3462 1457 3516; x_wconf 90' lang='lat' dir='ltr'><strong>divini</strong></span> <span class='ocrx_word' id='word_1_487' title='bbox 1522 3461 1620 3514; x_wconf 82' lang='lat' dir='ltr'><strong>viri</strong></span> <span class='ocrx_word' id='word_1_488' title='bbox 1673 3462 1888 3515; x_wconf 66' lang='lat' dir='ltr'><strong>excelse</strong></span> <span class='ocrx_word' id='word_1_489' title='bbox 1943 3462 2283 3531; x_wconf 81' lang='lat' dir='ltr'><strong>miriﬁceque</strong></span> <span class='ocrx_word' id='word_1_490' title='bbox 2378 3496 2396 3530; x_wconf 80' lang='grc' dir='ltr'><strong>-ι</strong></span> 
     </span>
    </p>
   </div>
   <div class='ocr_carea' id='block_1_69' title="bbox 2284 3461 3958 3543">
    <p class='ocr_par' dir='ltr' id='par_1_69' title="bbox 2378 3465 3958 3543">
     <span class='ocr_line' id='line_1_69' title="bbox 2378 3465 3958 3543; baseline -0.005 -13"><span class='ocrx_word' id='word_1_491' title='bbox 2378 3478 2503 3540; x_wconf 79' lang='grc' dir='ltr'>τοὺς</span> <span class='ocrx_word' id='word_1_492' title='bbox 2533 3476 2745 3543; x_wconf 86' lang='grc' dir='ltr'>λόγους,</span> <span class='ocrx_word' id='word_1_493' title='bbox 2780 3474 2920 3526; x_wconf 76' lang='grc' dir='ltr'>κατὰ</span> <span class='ocrx_word' id='word_1_494' title='bbox 2947 3471 3177 3538; x_wconf 87' lang='grc' dir='ltr'>δύναμιν</span> <span class='ocrx_word' id='word_1_495' title='bbox 3208 3471 3262 3523; x_wconf 71' lang='grc' dir='ltr'>δὲ</span> <span class='ocrx_word' id='word_1_496' title='bbox 3292 3471 3568 3540; x_wconf 80' lang='grc' dir='ltr'>ἡμετέραν</span> <span class='ocrx_word' id='word_1_497' title='bbox 3593 3468 3663 3522; x_wconf 71' lang='grc' dir='ltr'><strong>ὠ,</strong></span> <span class='ocrx_word' id='word_1_498' title='bbox 3691 3465 3760 3539; x_wconf 78' lang='grc' dir='ltr'>ἦν</span> <span class='ocrx_word' id='word_1_499' title='bbox 3793 3472 3958 3522; x_wconf 80' lang='grc' dir='ltr'>δυνα-</span> 
     </span>
    </p>
   </div>
   <div class='ocr_carea' id='block_1_70' title="bbox 722 3561 2274 3623">
    <p class='ocr_par' dir='ltr' id='par_1_70' title="bbox 722 3561 2274 3623">
     <span class='ocr_line' id='line_1_70' title="bbox 722 3561 2274 3623; baseline 0 -13"><span class='ocrx_word' id='word_1_500' title='bbox 722 3564 885 3618; x_wconf 77' lang='lat' dir='ltr'><strong>toenti</strong></span> <span class='ocrx_word' id='word_1_501' title='bbox 914 3571 1061 3622; x_wconf 88' lang='lat' dir='ltr'><strong>sunt,</strong></span> <span class='ocrx_word' id='word_1_502' title='bbox 1097 3568 1149 3611; x_wconf 90' lang='lat' dir='ltr'><strong>et</strong></span> <span class='ocrx_word' id='word_1_503' title='bbox 1183 3570 1282 3609; x_wconf 89' lang='lat' dir='ltr'><strong>nos</strong></span> <span class='ocrx_word' id='word_1_504' title='bbox 1309 3570 1416 3608; x_wconf 86' lang='lat' dir='ltr'><strong>non</strong></span> <span class='ocrx_word' id='word_1_505' title='bbox 1447 3561 1662 3622; x_wconf 88' lang='lat' dir='ltr'><strong>oportet</strong></span> <span class='ocrx_word' id='word_1_506' title='bbox 1687 3567 1750 3605; x_wconf 91' lang='lat' dir='ltr'><strong>ea</strong></span> <span class='ocrx_word' id='word_1_507' title='bbox 1801 3562 2011 3607; x_wconf 89' lang='lat' dir='ltr'><strong>tentare</strong></span> <span class='ocrx_word' id='word_1_508' title='bbox 2041 3570 2158 3623; x_wconf 72' lang='lat' dir='ltr'><strong>quae</strong></span> <span class='ocrx_word' id='word_1_509' title='bbox 2184 3571 2274 3610; x_wconf 84' lang='lat' dir='ltr'><strong>su-</strong></span> 
     </span>
    </p>
   </div>
   <div class='ocr_carea' id='block_1_71' title="bbox 724 3644 2210 3724">
    <p class='ocr_par' dir='ltr' id='par_1_71' title="bbox 724 3644 2210 3724">
     <span class='ocr_line' id='line_1_71' title="bbox 724 3644 2210 3724; baseline -0.002 -18"><span class='ocrx_word' id='word_1_510' title='bbox 724 3673 815 3724; x_wconf 72' lang='lat' dir='ltr'><strong>pra</strong></span> <span class='ocrx_word' id='word_1_511' title='bbox 849 3668 948 3708; x_wconf 90' lang='lat' dir='ltr'><strong>nos</strong></span> <span class='ocrx_word' id='word_1_512' title='bbox 984 3658 1127 3704; x_wconf 82' lang='lat' dir='ltr'><strong>sunt.</strong></span> <span class='ocrx_word' id='word_1_513' title='bbox 1166 3647 1286 3700; x_wconf 62' lang='lat' dir='ltr'><strong>Habe</strong></span> <span class='ocrx_word' id='word_1_514' title='bbox 1316 3645 1459 3699; x_wconf 91' lang='lat' dir='ltr'><strong>enim</strong></span> <span class='ocrx_word' id='word_1_515' title='bbox 1486 3644 1648 3699; x_wconf 90' lang='lat' dir='ltr'><strong>etiam</strong></span> <span class='ocrx_word' id='word_1_516' title='bbox 1673 3655 1796 3697; x_wconf 84' lang='lat' dir='ltr'><strong>sunt</strong></span> <span class='ocrx_word' id='word_1_517' title='bbox 1824 3654 2043 3715; x_wconf 88' lang='lat' dir='ltr'><strong>propter</strong></span> <span class='ocrx_word' id='word_1_518' title='bbox 2093 3659 2210 3703; x_wconf 83' lang='lat' dir='ltr'><strong>vos.</strong></span> 
     </span>
    </p>
   </div>
   <div class='ocr_carea' id='block_1_72' title="bbox 2382 3560 3954 3632">
    <p class='ocr_par' dir='ltr' id='par_1_72' title="bbox 2382 3560 3954 3632">
     <span class='ocr_line' id='line_1_72' title="bbox 2382 3560 3954 3632; baseline -0.003 -14"><span class='ocrx_word' id='word_1_519' title='bbox 2382 3567 2474 3619; x_wconf 72' lang='grc' dir='ltr'>τὸν</span> <span class='ocrx_word' id='word_1_520' title='bbox 2506 3563 2969 3632; x_wconf 85' lang='grc' dir='ltr'>συνοπτικώτερον</span> <span class='ocrx_word' id='word_1_521' title='bbox 3002 3562 3321 3615; x_wconf 80' lang='grc' dir='ltr'>συντεθείσά</span> <span class='ocrx_word' id='word_1_522' title='bbox 3360 3579 3417 3614; x_wconf 93' lang='grc' dir='ltr'><strong>τε</strong></span> <span class='ocrx_word' id='word_1_523' title='bbox 3453 3563 3547 3615; x_wconf 76' lang='grc' dir='ltr'>καὶ</span> <span class='ocrx_word' id='word_1_524' title='bbox 3582 3560 3954 3629; x_wconf 81' lang='grc' dir='ltr'>θεωρηθεῖσα,</span> 
     </span>
    </p>
   </div>
   <div class='ocr_carea' id='block_1_73' title="bbox 2383 3652 3963 3726">
    <p class='ocr_par' dir='ltr' id='par_1_73' title="bbox 2383 3652 3963 3726">
     <span class='ocr_line' id='line_1_73' title="bbox 2383 3652 3963 3726; baseline -0.006 -12"><span class='ocrx_word' id='word_1_525' title='bbox 2383 3662 2505 3714; x_wconf 63' lang='grc' dir='ltr'>ἐπεὶ</span> <span class='ocrx_word' id='word_1_526' title='bbox 2546 3658 2761 3720; x_wconf 82' lang='grc' dir='ltr'>πολλοῖς</span> <span class='ocrx_word' id='word_1_527' title='bbox 2793 3656 2921 3726; x_wconf 50' lang='grc' dir='ltr'><strong>περὶ⁵</strong></span> <span class='ocrx_word' id='word_1_528' title='bbox 2955 3653 3156 3719; x_wconf 88' lang='grc' dir='ltr'>ταύτης</span> <span class='ocrx_word' id='word_1_529' title='bbox 3204 3654 3453 3707; x_wconf 80' lang='grc' dir='ltr'>λέλεκται</span> <span class='ocrx_word' id='word_1_530' title='bbox 3506 3652 3671 3715; x_wconf 80' lang='grc' dir='ltr'>θείοις</span> <span class='ocrx_word' id='word_1_531' title='bbox 3722 3653 3963 3725; x_wconf 76' lang='grc' dir='ltr'>ἀνδράσι</span> 
     </span>
    </p>
   </div>
   <div class='ocr_carea' id='block_1_74' title="bbox 720 3737 3961 3829">
    <p class='ocr_par' dir='ltr' id='par_1_74' title="bbox 720 3737 3961 3829">
     <span class='ocr_line' id='line_1_74' title="bbox 720 3737 3961 3829; baseline 0.001 -30"><span class='ocrx_word' id='word_1_532' title='bbox 720 3748 813 3800; x_wconf 80' lang='grc' dir='ltr'>καὶ</span> <span class='ocrx_word' id='word_1_533' title='bbox 844 3743 1133 3817; x_wconf 53' lang='grc' dir='ltr'>ὑψηγόρως</span> <span class='ocrx_word' id='word_1_534' title='bbox 1184 3741 1283 3793; x_wconf 61' lang='grc' dir='ltr'><strong>καὶ⁸</strong></span> <span class='ocrx_word' id='word_1_535' title='bbox 1330 3738 1684 3806; x_wconf 81' lang='grc' dir='ltr'>θαυμαστῶς·</span> <span class='ocrx_word' id='word_1_536' title='bbox 1725 3737 1819 3790; x_wconf 68' lang='grc' dir='ltr'><strong>καλ⁵</strong></span> <span class='ocrx_word' id='word_1_537' title='bbox 1867 3740 1928 3793; x_wconf 87' lang='grc' dir='ltr'><strong>ού</strong></span> <span class='ocrx_word' id='word_1_538' title='bbox 1984 3741 2068 3799; x_wconf 86' lang='grc' dir='ltr'><strong>δεῖ</strong></span> <span class='ocrx_word' id='word_1_539' title='bbox 2121 3755 2472 3829; x_wconf 73' lang='grc' dir='ltr'>κατατολμᾷν</span> <span class='ocrx_word' id='word_1_540' title='bbox 2519 3756 2666 3827; x_wconf 78' lang='grc' dir='ltr'>ἡμᾶς</span> <span class='ocrx_word' id='word_1_541' title='bbox 2716 3753 2826 3807; x_wconf 87' lang='grc' dir='ltr'><strong>τῶν</strong></span> <span class='ocrx_word' id='word_1_542' title='bbox 2862 3752 3001 3822; x_wconf 77' lang='grc' dir='ltr'>ὑπὲρ</span> <span class='ocrx_word' id='word_1_543' title='bbox 3055 3750 3223 3820; x_wconf 79' lang='grc' dir='ltr'>ἡμᾶς·</span> <span class='ocrx_word' id='word_1_544' title='bbox 3270 3748 3365 3801; x_wconf 78' lang='grc' dir='ltr'>καὶ</span> <span class='ocrx_word' id='word_1_545' title='bbox 3428 3747 3599 3802; x_wconf 85' lang='grc' dir='ltr'>ταῦτα</span> <span class='ocrx_word' id='word_1_546' title='bbox 3688 3748 3800 3819; x_wconf 79' lang='grc' dir='ltr'>γὰρ</span> <span class='ocrx_word' id='word_1_547' title='bbox 3886 3743 3961 3801; x_wconf 81' lang='grc' dir='ltr'>δι’</span> 
     </span>
    </p>
   </div>
   <div class='ocr_carea' id='block_1_75' title="bbox 718 3844 881 3913">
    <p class='ocr_par' dir='ltr' id='par_1_75' title="bbox 718 3844 881 3913">
     <span class='ocr_line' id='line_1_75' title="bbox 718 3844 881 3913; baseline 0 -16"><span class='ocrx_word' id='word_1_548' title='bbox 718 3844 881 3913; x_wconf 76' lang='grc' dir='ltr'>ὑμᾶς.</span> 
     </span>
    </p>
   </div>
   <div class='ocr_carea' id='block_1_76' title="bbox 785 3928 2275 4010">
    <p class='ocr_par' dir='ltr' id='par_1_76' title="bbox 785 3928 2275 4010">
     <span class='ocr_line' id='line_1_76' title="bbox 785 3928 2275 4010; baseline 0.009 -22"><span class='ocrx_word' id='word_1_549' title='bbox 785 3934 1038 3991; x_wconf 74' lang='lat' dir='ltr'><strong>Clericus.</strong></span> <span class='ocrx_word' id='word_1_550' title='bbox 1097 3928 1313 3984; x_wconf 84' lang='lat' dir='ltr'><strong>Gratias</strong></span> <span class='ocrx_word' id='word_1_551' title='bbox 1368 3928 1497 3991; x_wconf 85' lang='lat' dir='ltr'><strong>Deo,</strong></span> <span class='ocrx_word' id='word_1_552' title='bbox 1548 3932 1695 4000; x_wconf 87' lang='lat' dir='ltr'><strong>quod</strong></span> <span class='ocrx_word' id='word_1_553' title='bbox 1743 3948 1906 4004; x_wconf 88' lang='lat' dir='ltr'><strong>super</strong></span> <span class='ocrx_word' id='word_1_554' title='bbox 1959 3938 2275 4010; x_wconf 71' lang='lat' dir='ltr'><strong>huiusmodi</strong></span> 
     </span>
    </p>
   </div>
   <div class='ocr_carea' id='block_1_77' title="bbox 718 4021 2277 4091">
    <p class='ocr_par' dir='ltr' id='par_1_77' title="bbox 718 4021 2277 4091">
     <span class='ocr_line' id='line_1_77' title="bbox 718 4021 2277 4091; baseline -0.001 -10"><span class='ocrx_word' id='word_1_555' title='bbox 718 4027 881 4081; x_wconf 81' lang='lat' dir='ltr'><strong>rebus</strong></span> <span class='ocrx_word' id='word_1_556' title='bbox 912 4035 1018 4078; x_wconf 84' lang='lat' dir='ltr'><strong>tam</strong></span> <span class='ocrx_word' id='word_1_557' title='bbox 1047 4021 1280 4076; x_wconf 75' lang='lat' dir='ltr'><strong>excelsis</strong></span> <span class='ocrx_word' id='word_1_558' title='bbox 1328 4028 1382 4075; x_wconf 89' lang='lat' dir='ltr'><strong>et</strong></span> <span class='ocrx_word' id='word_1_559' title='bbox 1426 4028 1535 4074; x_wconf 89' lang='lat' dir='ltr'><strong>tam</strong></span> <span class='ocrx_word' id='word_1_560' title='bbox 1568 4021 1770 4078; x_wconf 86' lang='lat' dir='ltr'><strong>divinis</strong></span> <span class='ocrx_word' id='word_1_561' title='bbox 1823 4027 2156 4089; x_wconf 79' lang='lat' dir='ltr'><strong>suﬂicienter</strong></span> <span class='ocrx_word' id='word_1_562' title='bbox 2183 4035 2277 4091; x_wconf 88' lang='lat' dir='ltr'><strong>ad.</strong></span> 
     </span>
    </p>
   </div>
   <div class='ocr_carea' id='block_1_78' title="bbox 716 4112 2277 4196">
    <p class='ocr_par' dir='ltr' id='par_1_78' title="bbox 716 4112 2277 4196">
     <span class='ocr_line' id='line_1_78' title="bbox 716 4112 2277 4196; baseline 0.012 -32"><span class='ocrx_word' id='word_1_563' title='bbox 716 4118 815 4187; x_wconf 61' lang='grc' dir='ltr'>μιιί</span> <span class='ocrx_word' id='word_1_564' title='bbox 862 4128 1052 4171; x_wconf 89' lang='lat' dir='ltr'><strong>sumus</strong></span> <span class='ocrx_word' id='word_1_565' title='bbox 1096 4112 1388 4181; x_wconf 89' lang='lat' dir='ltr'><strong>:eupimus</strong></span> <span class='ocrx_word' id='word_1_566' title='bbox 1442 4120 1621 4166; x_wconf 84' lang='lat' dir='ltr'><strong>autem</strong></span> <span class='ocrx_word' id='word_1_567' title='bbox 1679 4123 1734 4168; x_wconf 88' lang='lat' dir='ltr'><strong>et</strong></span> <span class='ocrx_word' id='word_1_568' title='bbox 1786 4114 1997 4176; x_wconf 86' lang='lat' dir='ltr'><strong>discere</strong></span> <span class='ocrx_word' id='word_1_569' title='bbox 2048 4138 2109 4177; x_wconf 91' lang='lat' dir='ltr'><strong>ea</strong></span> <span class='ocrx_word' id='word_1_570' title='bbox 2154 4142 2277 4196; x_wconf 66' lang='lat' dir='ltr'><strong>qua:</strong></span> 
     </span>
    </p>
   </div>
   <div class='ocr_carea' id='block_1_79' title="bbox 720 4204 2276 4280">
    <p class='ocr_par' dir='ltr' id='par_1_79' title="bbox 720 4204 2276 4280">
     <span class='ocr_line' id='line_1_79' title="bbox 720 4204 2276 4280; baseline 0.008 -18"><span class='ocrx_word' id='word_1_571' title='bbox 720 4217 963 4280; x_wconf 65' lang='lat' dir='ltr'><strong>spectant</strong></span> <span class='ocrx_word' id='word_1_572' title='bbox 1008 4206 1074 4260; x_wconf 86' lang='lat' dir='ltr'><strong>ad</strong></span> <span class='ocrx_word' id='word_1_573' title='bbox 1126 4204 1488 4261; x_wconf 74' lang='lat' dir='ltr'><strong>initiationem</strong></span> <span class='ocrx_word' id='word_1_574' title='bbox 1537 4221 1600 4260; x_wconf 89' lang='lat' dir='ltr'><strong>ac</strong></span> <span class='ocrx_word' id='word_1_575' title='bbox 1631 4213 2103 4269; x_wconf 85' lang='lat' dir='ltr'><strong>consecrationem</strong></span> <span class='ocrx_word' id='word_1_576' title='bbox 2141 4226 2276 4274; x_wconf 80' lang='lat' dir='ltr'><strong>tem-</strong></span> 
     </span>
    </p>
   </div>
   <div class='ocr_carea' id='block_1_80' title="bbox 726 4296 2272 4375">
    <p class='ocr_par' dir='ltr' id='par_1_80' title="bbox 726 4296 2272 4375">
     <span class='ocr_line' id='line_1_80' title="bbox 726 4296 2272 4375; baseline 0.005 -19"><span class='ocrx_word' id='word_1_577' title='bbox 726 4302 833 4373; x_wconf 83' lang='lat' dir='ltr'><strong>pli,</strong></span> <span class='ocrx_word' id='word_1_578' title='bbox 894 4298 1244 4365; x_wconf 85' lang='lat' dir='ltr'><strong>rationesque</strong></span> <span class='ocrx_word' id='word_1_579' title='bbox 1299 4296 1603 4353; x_wconf 90' lang='lat' dir='ltr'><strong>divinorum</strong></span> <span class='ocrx_word' id='word_1_580' title='bbox 1646 4299 1701 4355; x_wconf 91' lang='lat' dir='ltr'><strong>in</strong></span> <span class='ocrx_word' id='word_1_581' title='bbox 1749 4302 1854 4357; x_wconf 87' lang='lat' dir='ltr'><strong>hoc</strong></span> <span class='ocrx_word' id='word_1_582' title='bbox 1902 4306 2272 4375; x_wconf 78' lang='lat' dir='ltr'><strong>symbolarum</strong></span> 
     </span>
    </p>
   </div>
   <div class='ocr_carea' id='block_1_81' title="bbox 725 4395 942 4448">
    <p class='ocr_par' dir='ltr' id='par_1_81' title="bbox 725 4395 942 4448">
     <span class='ocr_line' id='line_1_81' title="bbox 725 4395 942 4448; baseline -0.009 -1"><span class='ocrx_word' id='word_1_583' title='bbox 725 4395 942 4448; x_wconf 75' lang='lat' dir='ltr'><strong>habere.</strong></span> 
     </span>
    </p>
   </div>
   <div class='ocr_carea' id='block_1_82' title="bbox 2450 3938 3959 4017">
    <p class='ocr_par' dir='ltr' id='par_1_82' title="bbox 2450 3938 3959 4017">
     <span class='ocr_line' id='line_1_82' title="bbox 2450 3938 3959 4017; baseline -0.007 -14"><span class='ocrx_word' id='word_1_584' title='bbox 2450 3945 2771 4017; x_wconf 69' lang='grc' dir='ltr'>Κληρικός.</span> <span class='ocrx_word' id='word_1_585' title='bbox 2802 3944 2975 4014; x_wconf 82' lang='grc' dir='ltr'>Χάρις</span> <span class='ocrx_word' id='word_1_586' title='bbox 3008 3941 3086 4010; x_wconf 89' lang='grc' dir='ltr'>τῷ</span> <span class='ocrx_word' id='word_1_587' title='bbox 3116 3940 3255 4011; x_wconf 87' lang='grc' dir='ltr'>Θεῷ,</span> <span class='ocrx_word' id='word_1_588' title='bbox 3284 3941 3366 3995; x_wconf 85' lang='grc' dir='ltr'>ὅτι</span> <span class='ocrx_word' id='word_1_589' title='bbox 3401 3941 3495 3994; x_wconf 72' lang='grc' dir='ltr'>καὶ</span> <span class='ocrx_word' id='word_1_590' title='bbox 3534 3938 3662 4009; x_wconf 82' lang='grc' dir='ltr'>περὶ</span> <span class='ocrx_word' id='word_1_591' title='bbox 3692 3939 3799 3992; x_wconf 87' lang='grc' dir='ltr'><strong>τῶν</strong></span> <span class='ocrx_word' id='word_1_592' title='bbox 3830 3938 3959 3993; x_wconf 78' lang='grc' dir='ltr'>λίαν</span> 
     </span>
    </p>
   </div>
   <div class='ocr_carea' id='block_1_83' title="bbox 2382 4032 3954 4108">
    <p class='ocr_par' dir='ltr' id='par_1_83' title="bbox 2382 4032 3954 4108">
     <span class='ocr_line' id='line_1_83' title="bbox 2382 4032 3954 4108; baseline -0.006 -14"><span class='ocrx_word' id='word_1_593' title='bbox 2382 4039 2557 4103; x_wconf 70' lang='grc' dir='ltr'>οὕτως</span> <span class='ocrx_word' id='word_1_594' title='bbox 2600 4035 2818 4108; x_wconf 79' lang='grc' dir='ltr'>ὑψηλῶν</span> <span class='ocrx_word' id='word_1_595' title='bbox 2866 4051 2926 4087; x_wconf 88' lang='grc' dir='ltr'><strong>τε</strong></span> <span class='ocrx_word' id='word_1_596' title='bbox 2998 4033 3092 4089; x_wconf 82' lang='grc' dir='ltr'>καὶ</span> <span class='ocrx_word' id='word_1_597' title='bbox 3145 4032 3307 4086; x_wconf 82' lang='grc' dir='ltr'>θείων</span> <span class='ocrx_word' id='word_1_598' title='bbox 3350 4032 3689 4102; x_wconf 83' lang='grc' dir='ltr'>πραγμάτων</span> <span class='ocrx_word' id='word_1_599' title='bbox 3735 4033 3954 4085; x_wconf 81' lang='grc' dir='ltr'>τούτων</span> 
     </span>
    </p>
   </div>
   <div class='ocr_carea' id='block_1_84' title="bbox 2386 4121 3959 4195">
    <p class='ocr_par' dir='ltr' id='par_1_84' title="bbox 2386 4121 3959 4195">
     <span class='ocr_line' id='line_1_84' title="bbox 2386 4121 3959 4195; baseline -0.007 -11"><span class='ocrx_word' id='word_1_600' title='bbox 2386 4129 2585 4191; x_wconf 88' lang='grc' dir='ltr'>ἱκανῶς</span> <span class='ocrx_word' id='word_1_601' title='bbox 2630 4125 3012 4195; x_wconf 78' lang='grc' dir='ltr'>ὠφελήθημεν.</span> <span class='ocrx_word' id='word_1_602' title='bbox 3058 4122 3336 4193; x_wconf 77' lang='grc' dir='ltr'>Ζητοῦμεν</span> <span class='ocrx_word' id='word_1_603' title='bbox 3384 4122 3440 4176; x_wconf 75' lang='grc' dir='ltr'>δὲ</span> <span class='ocrx_word' id='word_1_604' title='bbox 3492 4122 3687 4192; x_wconf 83' lang='grc' dir='ltr'>μαθεῖν</span> <span class='ocrx_word' id='word_1_605' title='bbox 3733 4121 3831 4173; x_wconf 78' lang='grc' dir='ltr'>καὶ</span> <span class='ocrx_word' id='word_1_606' title='bbox 3880 4122 3959 4174; x_wconf 76' lang='grc' dir='ltr'>τὰ</span> 
     </span>
    </p>
   </div>
   <div class='ocr_carea' id='block_1_85' title="bbox 2388 4212 3956 4290">
    <p class='ocr_par' dir='ltr' id='par_1_85' title="bbox 2388 4212 3956 4290">
     <span class='ocr_line' id='line_1_85' title="bbox 2388 4212 3956 4290; baseline -0.006 -15"><span class='ocrx_word' id='word_1_607' title='bbox 2388 4221 2514 4290; x_wconf 79' lang='grc' dir='ltr'>περὶ</span> <span class='ocrx_word' id='word_1_608' title='bbox 2553 4217 2650 4286; x_wconf 82' lang='grc' dir='ltr'>τῆς</span> <span class='ocrx_word' id='word_1_609' title='bbox 2680 4217 2902 4285; x_wconf 83' lang='grc' dir='ltr'>τελετῆς</span> <span class='ocrx_word' id='word_1_610' title='bbox 2934 4215 3027 4268; x_wconf 74' lang='grc' dir='ltr'>καὶ</span> <span class='ocrx_word' id='word_1_611' title='bbox 3058 4214 3434 4283; x_wconf 82' lang='grc' dir='ltr'>καθιερώσεως</span> <span class='ocrx_word' id='word_1_612' title='bbox 3472 4214 3565 4266; x_wconf 79' lang='grc' dir='ltr'><strong>τοῦ</strong></span> <span class='ocrx_word' id='word_1_613' title='bbox 3597 4212 3748 4278; x_wconf 86' lang='grc' dir='ltr'>ναοῦ,</span> <span class='ocrx_word' id='word_1_614' title='bbox 3774 4212 3849 4275; x_wconf 85' lang='grc' dir='ltr'><strong>ὡς</strong></span> <span class='ocrx_word' id='word_1_615' title='bbox 3882 4213 3956 4266; x_wconf 81' lang='grc' dir='ltr'><strong>ἀν</strong></span> 
     </span>
    </p>
   </div>
   <div class='ocr_carea' id='block_1_86' title="bbox 2380 4302 3956 4377">
    <p class='ocr_par' dir='ltr' id='par_1_86' title="bbox 2380 4302 3956 4377">
     <span class='ocr_line' id='line_1_86' title="bbox 2380 4302 3956 4377; baseline -0.006 -13"><span class='ocrx_word' id='word_1_616' title='bbox 2380 4310 2607 4365; x_wconf 77' lang='grc' dir='ltr'>καὶτῶν</span> <span class='ocrx_word' id='word_1_617' title='bbox 2636 4309 2694 4361; x_wconf 85' lang='grc' dir='ltr'>ὲν</span> <span class='ocrx_word' id='word_1_618' title='bbox 2723 4306 2899 4377; x_wconf 83' lang='grc' dir='ltr'>τούτῳ</span> <span class='ocrx_word' id='word_1_619' title='bbox 2928 4306 3086 4359; x_wconf 84' lang='grc' dir='ltr'>θείων</span> <span class='ocrx_word' id='word_1_620' title='bbox 3124 4304 3407 4374; x_wconf 71' lang='grc' dir='ltr'>συμϐόλων</span> <span class='ocrx_word' id='word_1_621' title='bbox 3439 4303 3562 4367; x_wconf 81' lang='grc' dir='ltr'>τοὺς</span> <span class='ocrx_word' id='word_1_622' title='bbox 3593 4302 3783 4372; x_wconf 85' lang='grc' dir='ltr'>λόγους</span> <span class='ocrx_word' id='word_1_623' title='bbox 3810 4302 3956 4373; x_wconf 74' lang='grc' dir='ltr'>ἔχωο</span> 
     </span>
    </p>
   </div>
   <div class='ocr_carea' id='block_1_87' title="bbox 2384 4418 2503 4471">
    <p class='ocr_par' dir='ltr' id='par_1_87' title="bbox 2384 4418 2503 4471">
     <span class='ocr_line' id='line_1_87' title="bbox 2384 4418 2503 4471; baseline 0.025 -19"><span class='ocrx_word' id='word_1_624' title='bbox 2384 4418 2503 4471; x_wconf 84' lang='grc' dir='ltr'>μεν.</span> 
     </span>
    </p>
   </div>
  </div>
