4238 6444
728 456 829 519 311

1578 452 1956 513 SYMEONIS
1998 452 2742 515 THESSALONICENSIS
2797 450 3151 513 ARCHIEP.

3856 439 3963 499 3!2

724 586 828 622 non
864 568 1146 634 insignitos
1178 567 1421 639 expellit.
1448 567 1579 621 Nam
1612 581 1736 621 cum
1770 567 1925 621 debet
1957 583 2286 623 consecrare
2317 575 2359 629 Α
2393 590 2398 617 ι

2317 575 2359 629 Δ
2393 569 2667 637 σφραγῖδα
2719 570 2869 638 ἱερὰν
2922 568 3167 636 ἔχοντας.
3233 559 3451 630 Ἐπειδὴ
3507 558 3613 626 γὰρ
3668 553 3960 621 καθνεροῦν

720 660 961 724 domum,
994 667 1342 712 consecratos
1405 658 1569 711 etiam
1604 657 1924 712 sacerdotali
1974 660 2287 714 charactere

718 757 948 803 cunctos
1008 756 1219 816 oportet
1276 748 1465 802 adesse
1513 748 1935 818 ministrar‘eqne
1989 749 2284 803 secundum

726 838 1149 905 uniuscujusque
1188 845 1413 901 statum,
1456 854 1562 891 non
1621 849 1799 891 autem
1836 855 1901 893 ex
1932 830 2119 893 ordine
2147 839 2285 893 laico

717 944 1039 997 quemquam
1087 948 1100 982 :
1133 929 1281 983 intus
1315 929 1457 982 enim
1491 931 1582 999 qui
1615 932 1905 997 reperitur,
1943 945 2099 984 sacer
2127 931 2283 985 debet

716 1036 836 1074 esse
863 1021 1125 1085 minister,
1161 1021 1300 1075 sicut
1330 1029 1384 1075 et
1412 1036 1565 1076 sacra
1599 1022 1792 1075 domus
1830 1030 1911 1074 est
1940 1038 2059 1089 qua:
2080 1024 2283 1077 sancti-

718 1114 929 1165 ﬁeatur.
969 1111 1194 1181 Propter
1220 1111 1324 1166 hoc
1360 1112 1527 1181 igitur
1558 1113 1845 1180 exiguntur
1899 1112 2043 1176 laici,
2107 1115 2281 1168 donec

716 1210 1094 1256 consecratum
1126 1202 1197 1257 sit
1237 1204 1521 1272 templum,
1556 1213 1809 1270 tanquam
1843 1202 1907 1255 ad
1968 1204 2138 1260 altare
2174 1220 2278 1259 non

716 1294 1069 1362 pertinentes.

1310 1382 1534 1439 (“APUT
1590 1388 1702 1442 CV.

1118 1476 1288 1541 Quare
1317 1486 1455 1530 mota
1485 1490 1848 1546 exportantur.

791 1565 1036 1634 Exigitur
1072 1575 1253 1619 autem
1280 1568 1442 1621 etiam
1472 1583 1502 1622 e
1537 1570 1731 1636 templo
1760 1573 2124 1639 quodcunque
2158 1585 2276 1623 mo-

716 1659 840 1721 bile,
872 1657 1125 1728 quoniam
1164 1658 1522 1727 quodcunque
1570 1660 1768 1714 mobile
1818 1669 2057 1714 tnutatur
2086 1661 2153 1715 ab
2183 1660 2277 1713 ali-

717 1758 823 1811 quo
853 1758 1062 1798 necnon
1100 1743 1447 1811 transfertur,
1514 1746 1690 1815 ipsutu
1766 1762 1892 1801 vero
1950 1749 2107 1803 debet
2154 1762 2279 1804 esse

716 1842 860 1889 recte
886 1836 1141 1904 positum,
1172 1850 1271 1889 nec
1295 1850 1533 1905 unquam
1592 1836 1645 1890 in
1708 1836 1794 1892 his
1859 1853 1980 1906 quae
2031 1839 2275 1892 continuet

716 1927 899 1980 subire
928 1930 1299 1984 mutationem.
1328 1914 1456 1984 Ideo
1487 1944 1655 1983 sacr:e
1711 1929 1981 2000 imagines
2038 1946 2278 2000 vasaque

718 2033 871 2072 sacra
899 2029 951 2073 et
976 2020 1179 2088 reliqua
1215 2036 1336 2090 quae
1366 2021 1487 2075 loco
1527 2020 1787 2076 dimoveri
1826 2029 2075 2091 possunt,
2132 2023 2278 2078 foras

717 2110 1026 2178 exiguntur,
1082 2121 1228 2165 utea
1285 2126 1403 2181 quae
1470 2124 1716 2167 constant
1757 2120 1811 2165 et
1861 2127 1963 2166 non
2018 2116 2279 2168 movenda

717 2209 847 2254 sunt
884 2201 937 2253 in
974 2202 1091 2270 ipso
1124 2202 1556 2255 sanctilieentur.
1595 2200 1659 2254 Et
1703 2201 1783 2256 sic
1810 2200 1993 2270 ianuae
2022 2203 2281 2257 claudun-

719 2302 831 2342 tur.
862 2289 1067 2345 Ccelntii
1097 2293 1243 2344 enim
1268 2293 1377 2360 jam
1412 2290 1473 2344 ﬁt
1505 2292 1781 2360 sanctique
1813 2292 2050 2361 Spiritus
2115 2293 2280 2347 adve-

719 2382 795 2433 nit
826 2381 1084 2449 potentia.
1117 2381 1243 2435 ideo
1272 2382 1419 2436 solos
1466 2382 1558 2450 qui
1589 2382 1655 2436 de
1681 2382 1823 2436 coelo
1880 2393 2026 2450 sunt,
2090 2383 2141 2437 id
2174 2394 2277 2451 est,

718 2480 1065 2526 censet-ratos
1091 2481 1300 2541 oportet
1325 2470 1532 2533 adesse,
1557 2487 1656 2526 nec
1684 2473 1849 2528 ullum
1877 2473 2041 2528 alium
2065 2476 2232 2529 videri
2265 2492 2280 2532 :

718 2573 903 2618 sancta
930 2579 1163 2633 namque
1187 2566 1393 2620 sanctis
1428 2575 1857 2634 consecrataqne
1890 2566 2087 2631 sacris,
2112 2569 2285 2622 donec

719 2654 986 2725 completa
1022 2656 1173 2720 sint;
1232 2667 1288 2709 et
1317 2666 1445 2710 tunc
1506 2672 1598 2725 per
1632 2656 2107 2726 participationem
2161 2657 2283 2712 aliis

721 2745 882 2798 etiam
915 2746 1327 2813 permittuntur,
1397 2761 1506 2799 non
1565 2755 1743 2800 tamen
1802 2746 2131 2808 immediate,
2188 2744 2282 2799 sed

720 2852 813 2901 per
847 2837 1122 2905 complura
1163 2837 1353 2890 aulaea.
1388 2835 1753 2906 Ingredientes
1781 2838 1923 2890 enim
1958 2850 2142 2908 postea
2167 2852 2284 2892 om-

721 2944 817 2982 nes
848 2928 967 2983 laici
1026 2927 1230 2991 ﬁdeles,
1287 2936 1339 2981 et
1385 2942 1506 2981 cum
1555 2928 1688 2995 ipsis
1730 2931 2071 2994 ptenltentes,
2116 2945 2285 2984 unus-

722 3018 952 3088 quisque
1020 3019 1298 3088 proprium
1332 3026 1562 3086 occupat
1590 3018 1789 3071 locum.
1820 3018 2068 3073 Attamen
2096 3032 2286 3073 omnes

719 3119 871 3163 extra
898 3111 1271 3163 sanctuariqu
1300 3119 1604 3164 remanent.
1659 3108 1873 3164 Clausis
1915 3109 2096 3178 itaque
2154 3124 2281 3177 pro-

2393 661 2578 729 μέλλει
2609 660 2700 712 τὸν
2739 656 2907 719 οἶκον,
2954 658 3046 710 καὶ
3081 655 3525 725 καθιερωμένους
3560 652 3622 720 τῇ
3665 649 3760 716 τῆς
3794 648 3960 713 ἱερω-

2391 750 2559 818 σὺνης
2591 750 2848 818 σφραγῖδι
2886 750 3093 810 πάντας
3116 745 3319 814 ὀφείλει
3350 744 3603 813 παρεῖναι
3630 739 3723 793 καὶ
3754 740 3964 803 ὑπηρε-

2386 844 2500 894 τεῖν
2532 840 2812 907 ἀναλόγως
2845 836 3097 901 ἕκαστον,
3131 838 3226 890 καὶ
3264 836 3336 903 μή
3368 852 3491 886 τινα
3528 834 3633 885 τῶν
3665 833 3720 883 ὲν
3751 831 3963 890 λαῖκοίς

2386 930 2759 997 τεταγμένων,
2817 928 3004 997 ἐπειδὴ
3042 943 3149 996 περ
3181 928 3208 978 6
3238 924 3484 993 εὑρεθεὶς
3518 924 3664 985 ἐντος
3694 917 3831 974 εἶναι
3866 919 3962 972 καὶ

2390 1022 2535 1091 ίερδς
2572 1020 2850 1090 ὑπηρέτης
2880 1019 3083 1089 ὀφείλει
3117 1013 3277 1077 εἶναι,
3308 1014 3383 1076 ὼς
3425 1013 3517 1065 καὶ
3577 1012 3719 1081 ἱερὸς
3752 1007 3905 1073 οἶκος
3934 1009 3963 1059 6

2385 1112 2885 1180 καθαγιαζόμενος⁹
2938 1110 3225 1177 ἐξάγονται
3298 1107 3480 1159 τοίνυν
3533 1104 3580 1155 oi
3638 1103 3817 1155 λαῖκοὶ
3873 1101 3963 1152 δια

2385 1200 2566 1266 τοῦτο,
2598 1200 2754 1270 ἄχρις
2803 1198 2959 1268 117
2990 1198 3055 1252 ἂν
3086 1196 3321 1266 ἁγιασθῇ
3369 1196 3397 1248 6
3426 1194 3571 1260 ναὸς,
3606 1192 3681 1253 ὡς
3728 1192 3822 1244 καὶ
3866 1190 3962 1243 τοῦ

2386 1291 2781 1360 θυσιαστηρίου
2810 1290 2967 1353 ὄντες
2993 1290 3172 1351 ἐκτός.

2972 1380 3221 1434 ΚΕΦΑΔ.
3250 1378 3367 1434 ΡΕ’.

2668 1474 2832 1526 Atat!
2876 1471 3196 1540 ἐξάγονται
3232 1471 3301 1523 τὰ
3336 1469 3678 1539 κινούμενα.

2444 1562 2751 1632 ,Ἐξάγεται
2777 1562 2831 1615 δὲ
2860 1565 2952 1615 καὶ
2979 1563 3088 1615 πᾶν
3116 1561 3437 1630 κινούμενον
3456 1560 3546 1613 τοῦ
3570 1559 3723 1621 ναοῦ,
3747 1559 3827 1611 ὅτι
3854 1557 3964 1609 πᾶν

2382 1654 2696 1725 κινούμενον
2740 1654 2843 1706 ὑπό
2884 1671 3028 1716 τινος
3077 1652 3391 1722 μεταϐαίνει
3435 1652 3530 1706 καὶ
3581 1649 3959 1720 μετατίθεται.

2386 1747 2556 1806 Αὐτὸς
2592 1746 2647 1799 δὲ
2683 1744 2903 1813 νόφείλει
2934 1744 3121 1815 ἄρτιος
3154 1741 3311 1809 εἶναι,
3349 1745 3444 1797 καὶ
3476 1742 3745 1812 μηδέποτε
3792 1757 3964 1810 μετα-

2385 1836 2676 1907 κινηθῆναι
2719 1837 2829 1889 τῶν
2867 1837 2925 1888 ὲν
2958 1835 3126 1905 αὐτῷ.
3170 1835 3263 1888 Διὸ
3298 1837 3392 1887 καὶ
3420 1835 3626 1895 εἰκόνες
3660 1832 3832 1898 ἆγιαι,
3866 1831 3961 1883 καὶ

2384 1926 2553 1998 σκεύη
2590 1928 2733 1996 ἱερὰ,
2774 1928 2868 1981 καὶ
2894 1928 3057 1980 λοιπά
3085 1923 3271 1996 χώραν
3313 1925 3503 1993 ἔχοντα
3552 1921 3957 1992 μετατίθεσθαι,

2383 2021 2664 2089 ἐξάγονται
2697 2018 2820 2085 ἔξω,
2855 2020 2945 2073 ἵνα
2973 2019 3041 2072 τὰ
3069 2018 3278 2071 ἑστῶτα
3306 2018 3400 2070 καὶ
3434 2015 3694 2085 μέλλοντα
3724 2015 3959 2083 ἀκίνητα

2381 2110 2521 2165 εἶναι
2577 2115 2635 2165 ὲν
2687 2112 2836 2180 αὐτῴ
2889 2112 3257 2181 καθαγιασοῇ.
3311 2110 3421 2162 Καὶ
3468 2108 3642 2167 οὕτως
3696 2108 3751 2159 αί
3790 2104 3958 2155 πύλαι

2384 2206 2671 2259 κλείονται.
2710 2203 2952 2273 Οὐρανὸς
2992 2202 3102 2273 γὰρ
3133 2202 3344 2269 γίνεται
3396 2201 3519 2271 ἤδη,
3555 2200 3651 2253 καὶ
3696 2198 3956 2266 Πνεύμα-

2382 2314 2471 2361 τος
2505 2296 2664 2364 ἁγίου
2718 2295 2972 2363 ἐπιφοιτᾷ
3007 2293 3256 2363 δύναμις.
3294 2291 3385 2343 Διό
3431 2289 3535 2359 χρὴ
3592 2288 3789 2357 μόνους
3830 2286 3959 2346 τοὺς

2383 2386 2478 2440 τοῦ
2513 2383 2745 2455 οὐρανοῦ
2772 2378 2931 2447 εἶναι,
2959 2383 3085 2446 τοὺς
3118 2382 3449 2451 ίερωμένους
3477 2378 3699 2447 δηλαδὴ,
3725 2376 3820 2429 καὶ
3855 2392 3961 2445 μη-

2385 2480 2509 2531 δένα
2540 2477 2698 2530 ἄλλον
2743 2476 2895 2545 όρᾷν.
2946 2475 3026 2527 Τὰ
3063 2474 3171 2543 γὰρ
3225 2473 3351 2538 ἅγια
3381 2474 3492 2533 τοῖς
3528 2470 3723 2537 ἁγίοις,
3764 2468 3858 2520 καὶ
3890 2469 3958 2519 τὰ

2384 2569 2731 2640 ἀφιερωμένα
2785 2569 2898 2630 τοῖς
2951 2567 3138 2635 ἱεροῖς,
3180 2565 3285 2627 ἕως
3340 2563 3655 2627 τελεσθῶσι,
3691 2563 3785 2614 καὶ
3834 2561 3957 2612 τότε

2384 2638 2524 2713 κατὰ
2558 2658 2791 2727 μετοχὴν
2836 2656 2929 2710 καὶ
2957 2659 3067 2718 τοῖς
3099 2655 3280 2717 ἄλλοις
3314 2654 3611 2723 παρέχεται
3638 2668 3650 2681 υ
3686 2650 3825 2720 πλὴν
3855 2652 3960 2718 ἒμ-

2388 2751 2590 2820 μέσως,
2622 2750 2714 2802 καὶ
2747 2748 2846 2800 οὐκ
2878 2746 3123 2816 ἁμέσως,
3163 2745 3258 2798 καὶ
3298 2744 3383 2796 διὰ
3436 2742 3962 2811 παραπετασμάτων

2384 2841 2567 2894 τινῶν.
2597 2840 2983 2909 Εἰσερχόμενοι
3016 2837 3123 2907 γὰρ
3152 2838 3288 2905 μετὰ
3319 2836 3487 2888 ταῦτα
3523 2836 3571 2886 οἱ
3602 2833 3785 2885 λαῖκοὶ
3820 2832 3964 2884 πάν-

2386 2953 2476 2999 τες
2504 2936 2709 3000 πιστοὶ,
2735 2936 2829 2987 καὶ
2858 2933 2954 2985 σὺν
2988 2933 3172 2995 αὐτοῖς
3201 2932 3250 2983 οἱ
3278 2927 3690 3000 μετανοοῦντες,
3725 2926 3961 2986 ἕκαστος

2386 3031 2475 3082 τὸν
2536 3030 2738 3081 οἰκεῖον
2796 3025 3060 3095 λαμϐάνει
3141 3025 3327 3077 τόπον.
3382 3022 3573 3091 Ὅμως
3642 3022 3699 3073 δὲ
3756 3018 3963 3079 πάντες

2388 3120 2544 3182 ἐκτός
2583 3121 2687 3171 εἰσι
2736 3116 2831 3170 τοῦ
2877 3116 3025 3183 ἱεροῦ
3076 3116 3340 3186 βήματος.
3385 3113 3727 3181 κλειομένων
3778 3112 3965 3163 τοίνυν

722 3210 905 3267 ptcrea
932 3200 1140 3268 jauuis,
1184 3200 1346 3253 Deum
1386 3200 1659 3253 benedicit
1722 3199 1963 3269 pontifex
1994 3217 2009 3267 ;
2052 3208 2105 3254 et
2140 3201 2280 3255 facta
2310 3231 2354 3290 α
2388 3229 2396 3243 ι

2264 3216 2354 3290 Ic
2388 3211 2495 3263 τῶν
2550 3208 2731 3279 θυρῶν
2777 3207 2865 3260 διὰ
2908 3205 3101 3267 ταῦτα,
3135 3206 3347 3271 εὐλογεῖ
3403 3204 3494 3255 τὸν
3536 3202 3666 3255 Θεὸν
3710 3204 3738 3253 6
3774 3203 3938 3269 ἀρχιε

719 3290 951 3359 Trisagii
970 3291 1277 3360 precatione
1298 3306 1507 3345 necnon
1527 3291 1770 3345 oratione
1795 3310 1811 3341 ι
1837 3290 1999 3346 Pater
2026 3302 2228 3356 noster,
2258 3310 2275 3342 ι

720 3385 844 3445 post
892 3380 1265 3433 recitationem
1298 3387 1352 3432 et
1374 3378 1849 3448 gloriﬁcationem,
1912 3382 2061 3435 addit
2108 3384 2286 3451 ponti-

725 3472 811 3523 fex
839 3470 1143 3523 orationem
1188 3488 1200 3523 :
1242 3489 1260 3522 ι
1299 3470 1527 3524 Domine
1556 3468 1698 3524 Deus
1736 3479 1941 3533 noster,
1971 3472 2063 3540 qui
2091 3483 2281 3527 cuncta

723 3555 879 3620 t‘acis,
910 3572 928 3606 ι
970 3556 1147 3625 ipsum
1176 3555 1345 3610 Dium
1398 3572 1633 3612 exorans
1696 3566 1755 3611 ut
1815 3558 1906 3612 ﬁat
1955 3560 2283 3630 principium

722 3647 924 3714 operis,
950 3656 1003 3701 et
1031 3646 1134 3716 ipsi
1166 3646 1300 3701 ferat
1333 3647 1665 3717 prtesidium.

1278 3826 1505 3881 CAPUT
1567 3827 1698 3882 CVI.

861 3918 1035 3983 Quare
1069 3921 1405 3971 ceromasticc
1434 3927 1484 3971 et
1511 3926 1750 3972 aromata
1786 3918 2119 3974 adhibentur.

789 4006 853 4062 Et
882 4020 1161 4078 assumpto
1191 4023 1337 4075 vase,
1371 4008 1457 4063 ubi
1502 4017 1583 4064 est
1631 4012 1982 4065 ceromastice
2028 4027 2132 4067 una
2164 4029 2287 4067 cum

720 4100 1075 4165 aromatibus,
1122 4100 1301 4168 qualia
1357 4101 1593 4167 myrrha,
1643 4100 1759 4154 aloe
1788 4109 1841 4156 et
1898 4112 2112 4168 caetera,
2169 4119 2289 4173 qua;

721 4201 911 4245 cuncta
947 4192 1277 4258 sepulturam
1306 4191 1605 4244 Salvator-is
1631 4194 1913 4261 ligurant,,
1947 4195 2203 4262 quoniam
2239 4205 2292 4249 et

724 4283 1030 4350 sepulcrum
1062 4294 1589 4352 monumentumque
1642 4298 1795 4337 saera
1850 4300 2037 4339 mensa
2074 4286 2288 4356 ﬁgurat,

720 4375 864 4428 sicut
893 4383 947 4428 et
980 4389 1103 4428 cera
1163 4384 1324 4442 atque
1358 4376 1621 4429 masticbe
1678 4384 1933 4445 tanquam
1969 4375 2290 4446 glutinantia

724 4472 951 4533 propter
980 4465 1360 4519 necessitatem
1402 4465 1729 4519 adhibentur
1759 4475 1812 4519 et
1847 4476 2104 4537 tanquam
2157 4482 2291 4521 con-

2387 3292 2533 3374 ρὲύς.
2567 3302 2675 3354 Καὶ
2711 3298 3023 3370 προσευχῆς
3067 3298 3361 3367 γινομένης
3389 3295 3481 3348 τοῦ
3511 3293 3839 3365 Τρισαγίου,
3870 3295 3966 3345 καὶ

2385 3396 2500 3460 τοῦ,
2554 3395 2743 3463 Πάτερ
2790 3392 2981 3463 ἡμῶν,
3017 3391 3155 3461 μετὰ
3207 3389 3266 3443 τὸ
3304 3389 3620 3458 ἐκφωνῆσαι
3665 3389 3756 3440 καὶ
3805 3387 3964 3451 δοξά-

2389 3504 2498 3549 σαι,
2548 3486 2713 3555 εὑχὴν
2755 3485 2995 3551 ἐπιλέγει
3050 3484 3078 3535 ό
3125 3481 3433 3550 ἀρχιερεὺς,
3479 3496 3497 3529 ι
3538 3480 3709 3545 Κύριε
3764 3479 3794 3529 6
3828 3476 3966 3538 Θεὸς

2386 3573 2544 3642 ἡμῶν
2571 3577 2598 3626 ὁ
2631 3575 2806 3627 πάντα
2837 3573 3036 3625 ποιῶν’
3078 3590 3097 3623 ι
3139 3570 3392 3639 δεόμενος
3448 3570 3613 3622 αὑτὸν
3678 3568 3770 3619 τὸν
3819 3565 3959 3619 Θεδν

2384 3664 2636 3733 γενέσθαι
2702 3665 2879 3734 ἀρχὴν
2947 3662 3040 3716 τοῦ
3101 3661 3261 3731 ἔργου
3324 3661 3415 3713 καὶ
3479 3657 3965 3712 συναντιλαβέσθαι

2388 3756 2555 3827 αὐτῷ.

2912 3874 2915 3877 ι
2962 3846 3213 3899 ΚΕΦΑΛ.
3250 3843 3386 3913 Pq’.

2590 3937 2750 3991 Διατι
2778 3940 3203 4005 κηρωμαστῐχη
3234 3952 3297 3989 τε
3328 3936 3425 3989 καὶ
3453 3934 3751 4003 ἀρώματα.

2459 4028 2569 4082 Καὶ
2606 4026 2896 4095 λαϐόμενος
2942 4025 3034 4077 τοῦ
3068 4025 3307 4092 ἀγγείου,
3340 4024 3465 4077 ἔνθα
3496 4027 3528 4094 ἡ
3562 4028 3965 4095 κηρωμαστίχη

2393 4122 2530 4189 μετὰ
2584 4117 2693 4170 τῶν
2749 4116 3056 4184 ἀρωμάτων
3101 4118 3271 4179 ἐστὶν,
3317 4111 3429 4167 οἷον
3478 4116 3724 4185 σμύρνης
3766 4132 3829 4166 τε
3870 4118 3967 4168 καὶ

2393 4211 2576 4277 άλώης
2607 4208 2701 4261 καὶ
2732 4207 2839 4259 τῶν
2872 4206 3095 4271 λοιπῶν,
3128 4205 3162 4260 ἃ
3194 4207 3369 4259 πάντα
3400 4206 3497 4275 τὴν
3532 4208 3709 4274 ταφὴν
3759 4207 3967 4258 εἰκονί-

2392 4299 2544 4363 ζουσι
2583 4297 2677 4350 τοῦ
2713 4297 2981 4367 Σωτῆρος,
3012 4296 3093 4348 ὅτι
3124 4297 3214 4348 καὶ
3243 4298 3335 4347 τὸν
3355 4291 3524 4364 τάιρον
3552 4298 3645 4349 καὶ
3675 4298 3737 4349 t6
3770 4300 3966 4366 μνῆμα

2391 4392 2425 4457 ἡ
2453 4390 2572 4459 ἱερὰ
2609 4388 2861 4452 είκονίζει
2891 4387 3158 4456 τράπεζα,
3190 4387 3261 4450 ὡς
3298 4388 3390 4440 καὶ
3417 4389 3444 4439 6
3468 4388 3634 4457 κηρὸς
3666 4389 3763 4440 καὶ
3790 4391 3823 4458 ἡ
3863 4407 3969 4456 μα·

2398 4480 2554 4549 στίχη
2588 4480 2682 4531 καὶ
2710 4480 2783 4542 ὡς
2818 4479 3108 4546 κολλητικὰ
3157 4478 3243 4530 διὰ
3295 4479 3392 4546 τὴν
3422 4479 3610 4547 χρείαν
3654 4481 3966 4547 εἰσάγεται,

723 4557 965 4626 junctiva
991 4558 1442 4624 connectivaque,
1504 4564 1722 4625 propter
1765 4556 1967 4612 Christi
2022 4572 2194 4626 usque
2223 4559 2288 4613 ad
2322 4566 2366 4621 Ι)

2322 4566 2366 4621 D
2398 4570 2493 4623 καὶ
2525 4571 2599 4633 ὡς
2624 4568 2860 4622 ἐνωτικὰ
2886 4568 2941 4621 δὲ
2970 4570 3061 4621 καὶ
3089 4568 3397 4630 συνδέοντα,
3426 4568 3514 4621 διὰ
3546 4570 3645 4639 τὴν
3684 4570 3781 4623 τοῦ
3826 4573 3968 4640 Χρι-

737 4654 963 4699 morlem
989 4660 1118 4714 erga
1178 4660 1279 4698 nos
1332 4644 1678 4698 dilectionem
1731 4652 1784 4697 et
1841 4645 2118 4709 unionem,
2172 4646 2285 4700 haec

722 4736 960 4790 infundit
986 4738 1036 4790 in
1064 4737 1380 4803 .columnas,
1436 4735 1521 4788 vel
1584 4734 1913 4798 columnam,
1970 4736 2053 4791 vel
2112 4738 2281 4790 basim

723 4829 959 4897 propriis
998 4828 1270 4890 manibus,
1305 4826 1397 4880 Dei
1441 4826 1753 4895 signiﬁcans
1799 4841 1960 4895 opus,
1989 4827 2193 4880 addens
2227 4838 2286 4880 ut

726 4920 779 4971 in
812 4919 1137 4989 baptismate
1161 4918 1481 4985 ueterisque
1506 4917 1883 4980 sacramentis,
1916 4934 1934 4967 ι
1976 4915 2033 4992 in
2066 4919 2285 4972 nomine

723 5007 918 5070 l’atris,
969 5019 1023 5063 et
1063 5007 1207 5070 Filii,
1235 5017 1289 5062 et
1340 5007 1579 5075 Spiritus
1627 5008 1840 5071 sancti;
1876 5025 1895 5058 ι
1954 5004 2282 5076 principium

719 5102 864 5155 enim
906 5110 958 5157 et
992 5103 1115 5156 linis
1149 5102 1434 5157 estomnis
1482 5102 1606 5155 boni
1660 5099 1917 5156 Trinitas.
1981 5101 2040 5155 Et
2103 5117 2132 5156 a
2182 5104 2284 5155 Ini-

721 5192 912 5246 nistris
960 5192 1139 5248 infusa
1181 5191 1414 5262 plurima
1473 5191 1832 5245 ceromastice
1896 5183 2302 5260 paululumque.

721 5280 1060 5349 relrigerata,
1123 5289 1373 5333 cantores
1427 5280 1645 5348 quidem
1717 5290 1917 5333 canunt
1952 5284 2216 5349 psalmum
2266 5302 2279 5338 :

723 5389 741 5419 ι
774 5370 1034 5424 Exaltabo
1062 5370 1294 5435 tc,Deus
1325 5385 1537 5437 meusp
1568 5378 1620 5424 et
1643 5370 1783 5423 hunc
1812 5388 1855 5422 τι
1896 5372 2151 5427 Dominus
2188 5390 2281 5443 pa-

722 5465 827 5518 scit
850 5478 954 5529 me,
989 5482 1008 5516 ι
1049 5465 1100 5516 in
1136 5463 1362 5532 gloriam
1392 5463 1506 5516 Dei.
1528 5461 1777 5516 Pontifex
1804 5474 1981 5516 autem
2015 5466 2282 5520 auxilian-

727 5556 873 5608 tibus
897 5556 999 5609 sibi
1032 5554 1397 5624 prcesentihus
1451 5555 1720 5622 episcopis
1744 5564 1796 5608 et
1826 5558 2205 5613 sacerdotibus
2231 5570 2284 5614 et

721 5647 955 5709 ceteris,
1021 5646 1190 5699 sumit
1245 5659 1487 5698 mensam
1564 5655 1617 5697 et
1666 5662 1828 5715 super
1889 5647 2046 5703 bases
2100 5651 2278 5717 ponit,

723 5741 947 5791 ﬁrmans
979 5752 1096 5789 eam
1129 5746 1290 5805 atque
1315 5736 1618 5791 stabilicns.
1656 5736 1717 5788 ι..
1769 5749 1952 5806 postea
2015 5740 2284 5794 henedicit

724 5829 912 5883 Deum.
940 5828 1163 5898 Oportet
1192 5829 1338 5883 enim
1374 5828 1522 5881 illum
1557 5827 1878 5885 benedicere
1914 5846 2074 5899 super
2107 5836 2279 5887 omni-

2389 4659 2514 4713 στοῦ
2564 4660 2691 4729 ἄχρι
2722 4658 2814 4712 καὶ
2844 4658 3073 4713 θανάτου
3106 4658 3242 4729 πρὸς
3268 4660 3414 4728 ἡμᾶς
3450 4660 3671 4729 ἀγάπην
3702 4661 3797 4711 καὶ
3830 4662 3971 4714 ἓνω.

2389 4764 2495 4811 σιν,
2525 4749 2705 4818 ὲκχέει
2733 4747 2904 4800 ταῦτα
2933 4749 3043 4808 τοῖς
3069 4747 3262 4809 κίοσιν,
3289 4749 3322 4814 ἢ
3348 4748 3423 4817 τῷ
3449 4750 3609 4813 κίονι,
3632 4749 3663 4818 ἢ
3688 4750 3766 4818 τῷ
3793 4750 3969 4820 βωμῷ

2387 4838 2619 4899 οἰκείαις
2650 4840 2828 4906 χερσὶ,
2860 4838 2921 4889 τὸ
2970 4836 3131 4906 ἔργον
3166 4837 3340 4905 δηλῶν
3378 4838 3470 4892 τοῦ
3503 4839 3662 4903 Θεοῦ,
3689 4842 3969 4911 ἐπιλέγων

2387 4929 2459 4982 ὡς
2496 4929 2589 4981 ἐπὶ
2639 4928 2732 4980 τοῦ
2788 4927 3164 4997 βαπτίσματος
3210 4930 3303 4981 καὶ
3350 4928 3456 4981 τῶν
3488 4929 3662 4982 ἄλλων
3701 4933 3965 4997 τελετῶν,

2394 5037 2411 5066 ι
2454 5019 2545 5080 Εἰς
2576 5018 2635 5071 τὸ
2683 5019 2854 5086 ὖνομα
2900 5018 2990 5069 τοῦ
3035 5018 3266 5087 Πατρός,
3293 5019 3383 5070 καὶ
3417 5020 3510 5072 τοῦ
3540 5019 3692 5085 Υίοῦ,
3738 5023 3834 5073 καὶ
3867 5024 3965 5076 τοῦ

2387 5108 2542 5175 ἁγίου
2600 5107 2934 5175 Πνεύματος.
2973 5124 2992 5158 ι
3051 5107 3219 5178 Ἀρχὴ
3270 5108 3378 5175 γὰρ
3424 5110 3518 5161 καὶ
3557 5110 3709 5173 τέλος
3753 5115 3966 5177 παντὸς

2386 5199 2593 5265 ἀγαθοῦ
2629 5200 2662 5267 ἡ
2694 5199 2881 5267 Τριάς.
2916 5199 3025 5251 Καὶ
3056 5200 3159 5251 ὑπὸ
3184 5200 3291 5252 τῶν
3320 5200 3609 5268 ὑπηρετῶν
3640 5201 3741 5270 τῆς
3776 5205 3967 5257 πλείο-

2385 5305 2473 5349 νος
2496 5287 2825 5355 ἐκχεομένης
2843 5304 2910 5355 κη
2922 5288 3284 5357 ρωμαστίχης,
3304 5290 3395 5341 καὶ
3419 5290 3611 5359 μικρὸν
3628 5291 3966 5360 ψυχρανθεί-

2389 5396 2508 5447 σης,
2534 5380 2581 5430 οἱ
2608 5378 2803 5445 ψάλται
2835 5379 2932 5446 μὲν
2957 5379 3216 5446 ψάλλουσι
3264 5380 3500 5449 ψαλμὸν,
3535 5383 3615 5446 τὸ,
3657 5402 3674 5434 ι
3724 5384 3965 5453 ’ὶ’ψὼσω

2388 5487 2471 5534 σε,
2498 5472 2525 5520 6
2563 5469 2694 5523 Θεόε⁹
2744 5486 2865 5538 μου,
2899 5488 2916 5520 ι
2957 5472 3049 5521 καὶ
3068 5470 3146 5533 τὸ,
3183 5488 3201 5520 ι
3245 5471 3443 5540 Κύριος
3482 5474 3758 5541 ποιμαίνει
3795 5494 3889 5540 με,
3935 5496 3955 5531 ι

2388 5564 2465 5623 είς
2496 5560 2802 5626 δοξολογίαν
2840 5560 2996 5614 Θεοῦ.
3046 5559 3103 5614 Ὀ
3151 5564 3440 5631 ἀρχιερεὺς
3476 5565 3554 5627 δὲ,
3586 5568 3960 5637 συναντιλαμ-

2386 5651 2697 5718 6ανομὲνων
2752 5650 2901 5717 αὐτῴ
2946 5654 3035 5703 καὶ
3068 5652 3176 5704 τῶν
3207 5656 3603 5721 συμπαρόντων
3639 5658 3961 5713 ἐπισκόπων

2386 5746 2480 5797 καὶ
2516 5744 2703 5811 ἱερέων
2730 5744 2820 5794 καὶ
2848 5744 3068 5808 λοιπῶν,
3102 5746 3364 5813 λαμόάνει
3395 5747 3493 5817 τὴν
3518 5750 3821 5817 τράπεζαν,
3861 5755 3959 5805 καὶ

2387 5835 2598 5902 τίθησιν
2657 5833 2745 5883 ἐπὶ
2794 5834 2898 5885 τῶν
2938 5835 3149 5901 κιόνων,
3180 5836 3614 5906 ἀσφαλιζόμενος
3645 5840 3817 5909 αὐτὴν
3852 5842 3951 5894 καὶ
