4238 6444
264 471 368 531 313

1532 465 1625 537 D’E
1662 460 1900 536 sicuo
1937 475 2256 537 TEMPLO.

3397 474 3500 534 314

262 585 504 652 ἐρείδων.
542 585 650 637 Καὶ
700 584 835 652 μετὰ
875 585 1030 638 τοῦτο
1056 586 1268 652 εὐλογεῖ
1296 587 1385 640 τὸν
1417 586 1574 642 Θεόν.
1618 592 1709 642 Δεῖ
1739 591 1849 659 γὰρ
1877 587 1928 649 Α

1825 607 1849 659 ρ
1877 587 1928 649 Δ
1956 594 2058 646 bus
2082 591 2281 646 divinis
2315 589 2458 643 illius
2480 597 2700 658 propter
2722 604 2818 643 nos
2852 587 3126 657 operibus.
3159 587 3360 640 Deinde
3405 603 3499 655 pro

262 678 426 728 αὐτον
459 677 700 743 εὐλογεῖν
731 676 821 728 ἐπὶ
856 677 987 729 πᾶσι
1020 680 1130 739 τοῖς
1181 679 1343 742 θείοις
1376 678 1517 749 ὑπὲρ
1554 682 1708 750 ἡμῶν
1741 684 1828 752 ἐρ-

262 785 380 834 γοις
419 767 600 821 αὐτοῦ.
650 763 779 821 Εἶτα
823 769 928 838 πρὸ
971 769 1080 822 τῶν
1125 770 1293 834 ἁγίων
1335 772 1538 840 θυρῶν,
1566 773 1744 842 τάπης
1771 790 1828 827 τε

261 858 668 929 εὐτρεπίζεται,
699 863 791 913 καὶ
839 863 1278 930 προσκεφάλαιον
1323 867 1377 917 ἐν
1416 867 1588 932 αὐτῷ.
1617 868 1710 920 καὶ
1744 868 1831 920 διὰ

259 952 364 1018 τὴν
394 951 495 1017 τῆς
523 954 928 1023 ἀρχιερωσύνης
955 958 1140 1023 τιμὴν,
1166 957 1287 1027 ἥτις
1312 959 1427 1020 ἐστὶ
1450 959 1540 1012 τοῦ
1571 959 1832 1028 Χριστοῦ,

261 1039 359 1091 καὶ
414 1039 521 1092 τῶν
571 1041 730 1110 ιερῶν
775 1043 1016 1111 ἁμφίων,
1046 1045 1131 1098 ἵνα
1179 1047 1254 1118 μή
1286 1049 1715 1118 καταστρωθῶσι
1756 1051 1833 1120 τῷ

263 1132 474 1199 ἐδάφει,
512 1136 774 1203 σταυροὺς
808 1138 902 1187 καὶ
934 1137 1147 1198 εἰκόνας
1182 1138 1395 1206 ἔχοντα,
1425 1142 1519 1193 καὶ
1551 1141 1638 1194 διὰ
1666 1143 1725 1195 τὸ
1758 1144 1834 1214 μὴ

262 1217 406 1276 εἶναι
460 1224 538 1281 ἐτι
593 1227 654 1277 τὸ
701 1226 896 1294 ἔδαφος
931 1227 1105 1295 ἅγιον.
1139 1229 1311 1284 Τοῦτο
1341 1235 1449 1302 γὰρ
1477 1234 1832 1301 καθιερωθὲν,

261 1314 444 1380 τίμιόν
479 1318 612 1380 ἐστι,
641 1317 736 1370 καλ⁵
769 1318 1010 1372 πλεῖστοι
1034 1319 1191 1374 τοῦτο
1236 1322 1309 1383 ὡς
1359 1321 1593 1391 οὐρανοῦ
1639 1325 1836 1394 ἔδαφος

261 1405 576 1475 ἠσπάζοντο
608 1409 715 1462 τῶν
764 1409 1042 1477 θεοφιλῶν.
1077 1411 1244 1466 Ἔνθα
1285 1412 1351 1482 δὴ
1396 1415 1836 1485 παρογενόμενος

241 1501 288 1560 ,ὁ
317 1500 627 1570 ἀρχιερεὺς,
665 1502 759 1554 καὶ
806 1503 932 1569 γόνυ
963 1503 1160 1556 κλίνων
1195 1504 1287 1556 καὶ
1329 1505 1420 1557 τὸν
1461 1507 1660 1577 αὐχένα
1695 1511 1836 1560 κατὰ

264 1597 554 1662 ἀνατολὰς,
581 1601 675 1650 καὶ
715 1601 931 1651 πάντων
959 1600 1246 1654 κλινόντων
1278 1602 1434 1669 ὁμοῦ,
1461 1603 1552 1654 τοῦ
1585 1602 1835 1654 διακόνου

264 1689 520 1757 βοῶντος,
554 1708 572 1741 ‹
606 1689 726 1741 Ἔτι
771 1690 865 1744 καὶ
895 1690 994 1753 ἔτι,
1023 1691 1302 1755 κλίναντες
1360 1694 1426 1745 τὰ
1474 1693 1696 1760 γόνατα,
1745 1715 1762 1747 ι
1809 1696 1836 1747 ὁ

261 1782 553 1851 ἀρχιερεὺς
612 1781 845 1834 ἐνώπιον
899 1781 1151 1850 κείμενος
1196 1782 1291 1836 τοῦ
1334 1783 1490 1848 Θεοῦ,
1524 1784 1622 1854 τὴν
1649 1785 1814 1855 εὐχὴν

263 1877 497 1926 ποιεῖται
552 1874 609 1925 ὲν
663 1874 971 1938 κατανύξει,
1003 1876 1197 1943 λέγων,
1236 1895 1254 1928 ι
1298 1875 1358 1930 Ὀ
1389 1877 1517 1940 Θεὸς
1545 1880 1572 1931 ὁ
1603 1879 1838 1949 ἄναρχος

1935 685 2146 740 foribus
2190 681 2494 745 disponitur
2528 691 2676 749 tapes
2725 690 2775 734 et
2812 682 2862 732 iu
2900 696 2965 733 eo
2994 681 3246 747 pulvinus
3268 680 3338 732 ob
3368 669 3500 746 pou-

1934 779 2170 832 tificatus
2208 775 2489 837 honorem,
2557 788 2645 840 qut
2678 782 2762 827 est
2821 773 3047 834 Clu-imi,
3117 782 3172 826 et
3218 787 3500 826 sacrorum

1939 871 2414 932 vestimentorum,
2443 873 2523 928 ιιι,
2585 880 2776 919 cruces
2806 874 2858 917 et
2907 863 3170 932 imagines
3230 861 3504 921 habentia,

1936 977 2040 1014 uou
2074 964 2125 1013 iu
2160 961 2279 1013 solo
2340 967 2757 1028 prosternamur
2804 972 2867 1009 eo
2911 959 3052 1023 quod
3121 955 3358 1008 nomium
3423 962 3507 1005 est

1934 1048 2336 1102 sanctificatum
2366 1049 2540 1100 solum
2572 1065 2584 1099 :
2618 1046 2718 1098 boc
2742 1045 2883 1097 enim
2915 1059 3037 1097 cum
3102 1044 3499 1096 sanctificatum

1933 1153 2035 1206 est,
2071 1142 2314 1210 plerique
2352 1142 2568 1210 piorum
2607 1150 2664 1192 ut
2699 1139 2818 1193 caali
2863 1135 3225 1206 pavimentum
3255 1139 3507 1191 osculan-

1937 1246 2040 1290 tur.
2073 1235 2146 1288 lbi
2177 1249 2337 1302 porro
2360 1249 2480 1286 cum
2514 1234 2671 1286 adest
2698 1231 2963 1301 pontifex,
2993 1247 3130 1299 genu
3194 1231 3504 1293 collumque

1938 1327 2160 1381 flectens
2196 1325 2261 1378 ad
2295 1324 2578 1389 orientem,
2615 1323 2870 1377 omnibus
2922 1322 3083 1375 simul
3142 1321 3502 1383 flectentibus,

1937 1419 2204 1472 clamante
2231 1416 2461 1468 diacono
2493 1431 2507 1466 :
2545 1415 2736 1468 Adhuc
2763 1425 2808 1468 et
2866 1414 3041 1467 adhuc
3075 1425 3246 1479 genua
3284 1410 3509 1463 ﬂeeten-

1941 1519 2018 1561 tes
2047 1506 2318 1576 ;poutifex
2340 1508 2394 1560 in
2415 1515 2708 1573 conspectu
2735 1506 2825 1558 Dei
2857 1513 3182 1573 prostratus.
3205 1501 3506 1555 orationem

1939 1601 1991 1653 in
2024 1602 2440 1670 compunctione
2492 1601 2640 1661 facit,
2707 1600 2944 1652 dicens:
3006 1616 3022 1648 ι
3053 1598 3193 1651 Deus
3243 1595 3507 1664 principio

1938 1707 2131 1746 carens
2159 1707 2220 1745 ac
2244 1691 2630 1760 sempiternus.
2681 1707 2698 1740 ι
2740 1687 2889 1742 Ilanc
2911 1698 3089 1740 autem
3115 1689 3275 1739 etiam
3296 1687 3506 1746 dicunt,

1940 1784 1984 1836 si
2007 1785 2098 1851 qui
2127 1785 2236 1838 sint
2265 1800 2387 1838 cum
2415 1784 2532 1849 ipso
2569 1784 2875 1850 pontifices.
2909 1781 2970 1833 Et
2998 1789 3186 1832 exorat
3218 1794 3365 1840 eum,
3410 1778 3504 1845 qui

1955 1872 2184 1944 Moysen
2210 1876 2259 1928 itt
2289 1875 2495 1944 antiqui
2526 1874 2859 1930 tabernaculi
2909 1874 3237 1926 erectioncm
3275 1879 3326 1921 et
3352 1868 3510 1921 Bese-

263 1966 363 2019 καὶ⁷
407 1967 593 2025 ἀΐδιος.
641 1983 657 2016 ι
698 1965 810 2035 Τὴν
845 1965 1015 2035 αὐτὴν
1042 1965 1099 2019 δὲ
1133 1966 1372 2030 λέγουσι,
1411 1969 1504 2021 καὶ
1537 1970 1696 2038 εἴπερ
1728 1971 1837 2021 εἰσὶ
1875 1958 1914 2012 Β

1833 2010 1837 2021 .
1875 1958 1914 2012 Β
1947 1966 2135 2018 leelem
2172 1966 2222 2018 in
2257 1966 2402 2020 illius
2432 1981 2810 2020 ornamentum
2839 1965 3134 2026 roboravit,
3176 1960 3507 2028 sapientem-

266 2056 368 2108 σὺν
398 2054 546 2124 αὐτῷ
572 2057 869 2125 ἀρχιερεῖς.
896 2056 1003 2108 Καὶ
1035 2057 1344 2122 ὲξαιτεῖται,
1369 2059 1458 2111 τὸν
1480 2060 1836 2128 ὲνισχύσαντα

263 2148 347 2209 εἰς
398 2148 683 2215 ἀνέγερσιν
713 2147 811 2216 τῆς
847 2148 1011 2200 πάλαι
1061 2149 1262 2219 σκηνῆς
1311 2150 1402 2202 τὸν
1453 2150 1714 2219 Μωῦσῆν,
1748 2153 1838 2203 καὶ

264 2241 348 2300 εἰς
403 2238 737 2306 κατάρτησιν
772 2237 944 2306 αὐτῆς
988 2239 1078 2292 τὸν
1109 2239 1396 2308 Βεσελεὴλ,
1434 2241 1524 2293 καὶ
1561 2242 1652 2292 τὸν
1684 2240 1839 2292 Σολο-

269 2330 459 2398 μὼντα
491 2333 810 2397 σοφίσαντα,
841 2330 920 2393 είς
946 2330 1300 2402 ἁνοικοδομὴν
1325 2333 1484 2402 118
1507 2333 1595 2385 καὶ
1623 2333 1840 2385 τελείω-

269 2439 357 2473 σιν
395 2421 485 2473 τοῦ
536 2422 701 2473 πάλαι
735 2421 888 2486 ναοῦ,
918 2423 1012 2475 καὶ
1060 2423 1184 2484 τοὺς
1238 2424 1567 2487 ἀποστόλους
1623 2425 1840 2493 ἐνισχύ-

267 2528 439 2563 σαντα
483 2512 559 2573 εἰς
601 2510 887 2579 ἀνέγερσιν
932 2512 990 2562 ὲν
1019 2511 1124 2581 ὅλῳ
1172 2512 1248 2582 τῷ
1297 2511 1487 2581 κόσμῳ
1536 2515 1640 2564 τῶν
1679 2513 1837 2582 ἱερῶν

265 2601 692 2670 θυσιῖεστηρίων,
746 2603 834 2652 καὶ
891 2601 1081 2654 τοῦτον
1128 2601 1218 2655 τὸν
1272 2602 1397 2655 ναὸν
1447 2603 1691 2668 ἁγιάσαι,
1745 2605 1836 2656 καὶ

265 2691 534 2759 σκήνωμα
569 2691 727 2760 δόξης
759 2691 981 2760 ποιῆσαι
1015 2691 1202 2758 αὑτοῦ,
1247 2693 1341 2744 καὶ
1379 2692 1586 2745 πολλῶν
1619 2694 1836 2760 ἀγαθῶν

265 2784 623 2852 παρεκτικδν,
654 2785 747 2835 καὶ
782 2781 875 2834 τοῦ
913 2783 1149 2852 μεγάλου
1177 2783 1416 2852 θύματος
1450 2785 1832 2853 ἐργαστήριον·

1940 2071 2046 2123 que
2077 2054 2421 2110 Salotnonem
2451 2057 2650 2119 effecit,
2706 2057 2758 2110 in
2790 2056 3204 2109 mdilieationcm
3232 2069 3294 2106 ac
3318 2065 3509 2105 conse-

1940 2148 2238 2201 ci-ationem
2277 2148 2478 2202 veteris
2513 2148 2724 2216 templi,
2777 2147 2978 2216 quique
3044 2146 3247 2198 virtute
3284 2141 3511 2196 donavit

1941 2240 2216 2308 apostolos
2249 2249 2309 2294 ut
2364 2241 2416 2293 in
2479 2241 2733 2293 universo
2789 2239 2991 2290 mundo
3047 2252 3200 2291 sacra
3236 2235 3509 2302 erigerent

1942 2332 2156 2395 altaria,
2183 2320 2288 2386 hoc
2318 2335 2479 2386 etiam
2511 2333 2852 2386 sanctiticare
2885 2330 3166 2395 templum,
3225 2328 3507 2396 ipsiusque

1942 2422 2124 2490 gloria:
2148 2423 2553 2478 tabernaculum
2597 2423 2826 2485 efficere,
2867 2433 2924 2475 ut
2960 2424 3029 2476 sit
3075 2422 3337 2474 bouormu
3391 2432 3508 2469 om-

1945 2515 2092 2568 nium
2131 2516 2560 2571 communicatio
2613 2531 2921 2584 magnaeque
2971 2514 3206 2566 Victima:
3256 2510 3508 2573 olliciua;

1939 2616 1992 2660 et
2016 2615 2209 2661 castora
2241 2624 2362 2677 quae
2393 2617 2677 2662 enumerat
2710 2608 2904 2661 oratio.
2934 2606 2996 2658 Et
3024 2612 3307 2672 postquam
3340 2600 3503 2669 glori-

1942 2697 2120 2753 ficavit
2151 2698 2339 2762 Deum,
2362 2699 2555 2769 surgit,
2585 2714 2859 2767 sacra:th
2910 2711 3111 2750 mensa:
3159 2693 3504 2763 ριὀῐὶίιιίιιιθιι

1939 2795 1992 2839 et
2025 2803 2144 2855 qua:
2176 2789 2518 2857 baptismatis
2541 2797 2668 2842 sunt
2702 2786 2979 2855 exprimit.

261 2878 362 2928 καὶ
395 2877 461 2929 τὰ
494 2876 654 2928 λοιπὰ
682 2877 780 2928 ὅσα
823 2878 856 2946 ἠ
895 2875 1026 2945 εὐχὴ
1056 2875 1365 2943 καταλέγει.
1420 2876 1529 2928 Καὶ
1574 2874 1933 2943 δοξολογήσας
1987 2875 2077 2927 τὸν
2124 2878 2278 2943 Θεὸν,
2320 2878 2617 2949 ἐγείρεται,
2657 2878 2749 2928 καὶ
2818 2879 2883 2947 τῇ
2952 2876 3074 2946 ἱερᾷ
3148 2871 3503 2945 προσεγγίζει

261 2971 541 3040 τραπέζῃ,
570 2970 666 3023 καὶ
694 2971 762 3023 τὰ
793 2970 885 3022 τοῦ
924 2970 1302 3040 βαπτίσματος
1342 2970 1591 3022 ὲκτυποῖ.

845 3069 1096 3122 ΚΕΦᾹΛ.
1126 3065 1244 3126 ΡΖ’.

481 3161 642 3214 Διατί
678 3159 844 3212 ὕδατι
875 3159 1234 3213 ἐκπλύνεται
1274 3160 1310 3226 ἡ
1345 3159 1622 3229 τράπεζα.

2506 3058 2732 3113 CAPUT
2791 3057 2950 3112 CVII.

2191 3151 2365 3218 Quare
2426 3168 2578 3205 sacra
2617 3167 2792 3204 mensa
2827 3149 3061 3201 abluitur
3092 3164 3251 3216 aqua.

352 3254 504 3307 Ἐπεὶ
536 3253 641 3322 γὰρ
676 3253 766 3304 τὸν
809 3251 1020 3320 Ἰησοῦν
1057 3253 1089 3318 ἡ
1134 3253 1381 3320 τράπεζα
1417 3255 1696 3318 είκονίζει,
1733 3253 1831 3306 πέιη
1859 3233 1905 3292 c
2015 3253 2026 3300 t

1829 3286 1831 3288 -
1859 3233 1905 3292 ο
2015 3249 2152 3304 Cum
2182 3247 2324 3301 enim
2348 3242 2558 3307 Jesum,
2585 3245 2706 3295 vitae
2746 3250 2952 3308 petram
2976 3249 3030 3294 et
3053 3240 3237 3307 anguli
3272 3237 3501 3305 lapidein

264 3364 400 3416 τραν
428 3347 572 3410 ζωῆς
603 3345 938 3412 καλούμενον
968 3345 1063 3396 καὶ
1094 3344 1241 3397 λίθον
1265 3345 1489 3409 γωνίας,
1523 3347 1616 3398 καὶ
1647 3345 1714 3397 τά
1741 3344 1835 3397 τοῦ

268 3438 646 3507 βαπτίσματος
703 3437 866 3489 αὑτοῦ
923 3436 1159 3505 δέχεται,
1209 3438 1302 3489 καὶ
1356 3437 1514 3490 τοῦτο
1565 3437 1708 3489 κατὰ
1745 3437 1838 3490 δύο

265 3527 526 3596 τρόπους,
570 3527 824 3595 αίσθητόν
875 3544 935 3578 τε
986 3529 1079 3579 καὶ
1125 3527 1333 3595 νοητὸν,
1368 3528 1455 3580 ἵνα
1500 3529 1596 3581 καὶ
1623 3529 1838 3597 καθαρὰ

268 3619 499 3684 γένηται
530 3615 883 3677 ὲκπλυθεῖσα,
918 3619 1010 3669 καὶ
1045 3615 1390 3683 καθαγιασθῇ
1419 3615 1495 3684 τῷ
1529 3614 1705 3675 ὕδατι,
1738 3618 1837 3682 τὴν

267 3709 540 3776 κάθαρσιν
599 3707 736 3778 μετὰ
765 3706 859 3760 τοῦ
899 3707 1212 3776 Πνεύματος
1255 3708 1544 3778 δεξαμένη,
1575 3709 1695 3760 ἐπεὶ
1743 3708 1837 3761 καὶ

271 3804 588 3871 Ῑινεύματος
619 3800 938 3854 καθίσταται
973 3800 1206 3870 ὄργανον
1227 3817 1242 3834 ο
1295 3799 1384 3852 διὰ
1426 3799 1585 3853 τοῦτο
1616 3799 1837 3870 χλιαρὸν

271 3896 644 3964 προσφέρεται
683 3893 845 3961 ὕδωρ.
883 3895 988 3946 Καὶ
1023 3892 1183 3945 τοῦτο
1217 3891 1518 3959 εὐλογεῖται
1549 3891 1614 3946 δι’
1650 3892 1835 3961 εὐχῆς.

274 3989 385 4041 Καὶ
413 3989 522 4057 γάρ
547 3986 636 4039 τὸν
666 3988 724 4038 ὲν
766 3986 1003 4056 Ἰορδάνῃ
1037 3984 1403 4057 βαπτισθέντα
1442 3985 1834 4052 προσκαλεῖται

271 4084 352 4142 εἰς
399 4079 670 4146 ἁγιατμδν
716 4077 907 4130 τούτου
956 4077 1050 4128 τοῦ
1087 4076 1276 4138 ὕδατος
1325 4076 1353 4127 ὁ
1397 4077 1710 4145 ἀρχιερεὺς,
1744 4077 1838 4129 καὶ

270 4173 552 4224 τεὶείωσιν
576 4170 668 4222 τοῦ
700 4168 845 4238 ἱεροῦ
874 4168 1278 4238 θυσιαστηρίου.
1308 4159 1442 4219 Εἶτα
1468 4167 1646 4230 νίτρον
1675 4182 1839 4235 προσ-

272 4265 465 4327 άγεται
520 4261 714 4328 τούτῳ,
787 4260 853 4312 δι’
915 4251 975 4310 οὗ
1037 4257 1426 4325 εὐλογουμένου
1487 4259 1638 4326 τρεῖς
1697 4258 1842 4308 ποιεῖ

273 4353 544 4423 σταυροὺς
599 4354 655 4402 ὲν
709 4351 866 4419 αὐτῇ.
913 4351 1021 4400 Καὶ
1051 4347 1152 4426 τοῦ.
1181 4347 1404 4416 χλιαροῦ
1439 4346 1627 4408 ὓδατος
1673 4347 1838 4416 ἐκχυ-

272 4449 458 4506 θέντος
487 4444 628 4515 τρῖς,
671 4444 749 4504 εἰς
781 4441 951 4493 τύπον
999 4439 1098 4508 τῆς
1146 4439 1306 4506 ἁγίας
1336 4438 1586 4505 Τριὰδος.
1612 4437 1701 4490 διὰ
1730 4438 1839 4489 τῶν

267 4535 623 4607 ἁντιμινσίων
653 4536 686 4605 ή
715 4534 834 4604 ἱερὰ
860 4532 1194 4599 ὲκμάσσεται
1221 4529 1490 4600 τράπεζα.

847 4644 1097 4698 ΚΕΦΑΛ.
1133 4645 1262 4698 ΡΗ’.

587 4738 725 4805 Περὶ
757 4735 873 4790 τῶν
907 4737 1080 4804 ιερῶν
1113 4735 1528 4803 ἁντιμινσίων.

340 4899 529 4952 Ταῦτα
557 4897 611 4949 δὲ
638 4896 705 4948 τὰ
737 4895 1047 4963 ἁντιμίνσια
1080 4894 1144 4945 ὲκ
1175 4892 1318 4947 λίνου
1350 4891 1668 4960 ὑφάσματός
1697 4893 1802 4943 εἰσι
1822 4906 1836 4920 ⁸

269 4998 361 5045 καὶ
388 4993 506 5044 ἀντὶ
536 4988 812 5059 τραπέζης
847 4989 996 5056 ἱερᾶς
1032 4987 1297 5052 γίνονται.
1325 4985 1391 5038 Ἃ
1422 4984 1484 5054 δὴ
1513 4985 1608 5036 καὶ
1637 4982 1838 5051 ῥαπτό-

272 5100 411 5152 μενα
444 5082 705 5151 πρότερον
741 5081 1111 5149 ἑτοιμάζεται,
1136 5079 1209 5141 ὡς
1259 5076 1559 5147 ἠδιάταξις
1611 5076 1836 5145 γράφει,

270 5175 366 5227 καὶ
402 5174 577 5225 πάντα
605 5173 840 5224 τελεῖται
889 5174 945 5222 ὲν
989 5172 1193 5234 αὐτοῖς,
1232 5172 1330 5221 ὅσα
1370 5170 1461 5220 καὶ
1497 5170 1553 5219 ἐν
1605 5170 1668 5236 τῇ
1721 5166 1840 5237 θεία

269 5264 545 5334 τραπέζῃ.
598 5264 704 5314 Καὶ
754 5263 948 5331 καιροῦ
999 5263 1289 5323 καλοῦντος
1342 5259 1512 5312 ταῦτα
1566 5260 1837 5328 διακρίσει

269 5355 571 5423 ἀρχιερέως
632 5354 848 5415 τελείως
903 5353 1252 5419 ἁγιασθέντα,
1308 5354 1449 5405 κατὰ
1495 5353 1693 5414 τόπους
1748 5350 1835 5414 ἐξ·

271 5442 715 5504 αποστέλλονται,
753 5442 880 5493 ἔνθα
920 5442 1017 5493 οὐκ
1059 5442 1174 5492 ἔστι
1207 5442 1616 5509 θυσιαστήριον,
1658 5440 1751 5493 καὶ
1781 5441 1838 5490 ἐν

268 5535 455 5596 αὐτοῖς
484 5535 516 5601 ὴ
558 5533 675 5586 θεία
707 5534 934 5585 τελεῖται
961 5536 1069 5586 τῶν
1109 5534 1420 5604 μυστηρίων
1459 5534 1761 5602 ἱερουργία.

856 5648 1107 5700 ΚΕΦΑΛ.
1138 5649 1256 5701 PU'.

269 5740 410 5807 Περὶ
444 5738 562 5791 τῶν
589 5737 904 5805 τεσσάρων
932 5737 1301 5859 ὐφαιὲιέάτων
1345 5737 1462 5790 τῶν
1506 5738 1574 5790 ἐν
1610 5736 1682 5804 τῇ
1711 5738 1838 5803 θείῃ

918 5824 1064 5859 toan
1105 5826 1191 5859 cn.

918 5824 1191 5874 τραπεςῃ.

349 5902 448 5954 Διὰ
475 5901 674 5954 τούτων
710 5895 800 5952 οὖν
845 5900 1228 5970 ἐκματσομένη
1270 5903 1299 5970 ἡ
1333 5901 1577 5970 τράπεζα
1608 5903 1710 5955 ἀπὸ
1746 5900 1836 5954 τοῦ

1941 3351 2221 3403 vocatum,
2252 3336 2523 3407 signiﬁcat
2548 3349 2753 3397 mensa,
2787 3350 2908 3403 qnze
2964 3342 3090 3385 sunt
3121 3333 3293 3400 ipsius
3337 3329 3511 3398 bapti-

1939 3435 2130 3490 smatis
2161 3431 2328 3486 etiam
2353 3428 2602 3495 suscipit,
2635 3436 2690 3480 et
2732 3427 2834 3479 boc
2859 3425 3071 3478 duobus
3110 3423 3308 3485 modis,
3340 3423 3515 3477 sensi-

1939 3527 2032 3580 bili
2066 3539 2128 3579 ac
2184 3519 2532 3589 intelligibili,
2570 3527 2627 3570 ut
2662 3526 2714 3571 et
2753 3517 2935 3570 abluta
2969 3529 3101 3591 pura
3135 3514 3244 3577 ﬁat,
3277 3521 3331 3567 et
3366 3529 3504 3581 aqua

1937 3617 2327 3678 sanctificetur,
2364 3611 2802 3681 purificationem
2828 3623 2952 3660 cum
2989 3607 3192 3674 Spiritu
3220 3606 3510 3673 recipiens,

1939 3708 2197 3778 quoniam
2230 3705 2469 3774 Spiritus
2488 3702 2652 3756 etiam
2680 3698 3028 3753 constituitur
3061 3698 3509 3750 instrumentum.

1940 3801 2063 3856 Ideo
2108 3797 2288 3866 tepida
2341 3794 2616 3864 profertur
2674 3804 2834 3858 aqua,
2888 3804 3008 3859 qua:
3067 3802 3159 3856 per
3207 3786 3507 3841 orationem

1939 3891 2305 3948 benedicitur.
2364 3885 2575 3940 Etenim
2636 3884 2786 3937 illum
2829 3883 2919 3949 qui
2965 3881 3267 3948 baptizatus
3315 3888 3396 3933 est
3454 3879 3508 3932 in

1938 3981 2176 4036 Jurdane
2204 3977 2443 4048 pontifex
2475 3979 2527 4030 in
2586 3975 3074 4030 sanctilicationcm
3140 3970 3303 4039 hujus
3355 3986 3512 4038 aqua;

1940 4073 2189 4140 sacrique
2219 4069 2690 4124 consecrationem
2762 4063 2952 4118 altaris
3003 4063 3242 4117 invocat.
3307 4061 3510 4115 Deinde

1941 4164 2022 4219 sal
2052 4161 2364 4215 immittitur
2416 4160 2488 4222 ei,
2535 4173 2629 4226 per
2692 4155 2935 4223 illudque
3009 4153 3348 4207 benedictum
3401 4161 3510 4207 tres

1942 4252 2213 4324 precando
2278 4265 2474 4305 cruces
2519 4248 2672 4302 facit.
2707 4246 2770 4300 Et
2797 4261 2936 4315 aqua
2976 4246 3153 4314 tepida
3201 4252 3280 4297 ter
3308 4243 3508 4306 ell'usa,

1941 4346 1994 4401 in
2029 4354 2212 4415 typum
2250 4351 2456 4397 sancta:
2487 4341 2794 4403 Trinitatis,
2836 4353 2930 4408 per
2964 4337 3281 4391 Autiminsia
3352 4351 3508 4390 sacra

1943 4450 2129 4491 mensa
2151 4433 2471 4503 detergitur.

2510 4629 2736 4684 CAPUT
2782 4628 2962 4683 CVIII.

1947 4725 2021 4781 De
2049 4726 2218 4780 sacris
2249 4725 2570 4779 antimiusiis
2602 4724 2958 4804 sive'ntappis,
2990 4736 3267 4774 sacrarum
3300 4736 3505 4773 meusa-

2533 4811 2648 4845 rum
2680 4809 2916 4845 ειεανηδ.

2016 4885 2138 4940 Ilaec
2201 4895 2383 4939 autem
2447 4884 2758 4938 antimiusia
2791 4899 2852 4936 ex
2911 4885 3050 4936 lineo
3111 4891 3252 4934 texto
3281 4891 3409 4935 sunt
3456 4887 3510 4934 et

1942 4992 2037 5047 pro
2065 4991 2220 5031 sacra
2255 4991 2440 5029 mensa
2467 4977 2605 5027 fiunt
2632 4973 2870 5029 Cousuta
2917 4974 3064 5042 prius
3098 4981 3375 5042 parantur,
3402 4974 3508 5024 sic-

1943 5081 1996 5122 ut
2024 5068 2350 5122 constitutio
2373 5066 2583 5131 scribit,
2609 5076 2662 5118 et
2696 5066 2747 5117 iu
2779 5066 2856 5118 eis
2911 5065 3092 5119 munia
3127 5062 3502 5129 perﬁciuntur,

1942 5174 2069 5230 qua:
2098 5160 2258 5212 etiam
2297 5159 2349 5212 in
2378 5157 2559 5211 divina
2593 5173 2796 5212 mensa.
2830 5157 2891 5208 Et
2919 5155 3202 5207 occasione
3226 5162 3502 5223 poscente,

1943 5250 2215 5321 pontificis
2250 5250 2479 5316 judicio,
2514 5249 2750 5315 perfecte
2797 5249 3129 5301 sanctiﬁcata
3169 5246 3281 5298 lucc
3309 5260 3502 5298 secun-

1940 5344 2066 5397 dum
2125 5344 2272 5397 locos
2327 5344 2667 5403 emittuntur,
2723 5343 2810 5394 ubi
2855 5350 3070 5394 nonest
3117 5341 3306 5402 altare,
3341 5347 3502 5404 atque

1940 5431 1994 5485 itt
2034 5431 2113 5486 eis
2143 5431 2322 5483 divina
2360 5433 2636 5499 perficitur
2669 5431 3050 5498 mysteriorum
3081 5428 3395 5483 celebratio.

2497 5629 2726 5686 CKPUT
2779 5630 2916 5685 CIX.

2169 5723 2243 5777 De
2273 5736 2502 5792 quatuor
2539 5725 2835 5778 velamentis
2870 5741 3034 5779 sacra:
3070 5741 3278 5778 ntensw.

2015 5905 2109 5958 I'cr
2142 5901 2250 5956 lucc
2286 5903 2448 5970 igitur
2483 5920 2615 5971 aqua
2646 5902 2979 5959 sattttiﬁcata
3017 5904 3307 5973 detirgitur
3345 5917 3495 5956 Ineu~
