4238 6444
716 397 820 459 3H

1571 390 1947 450 SYMEONIS
1971 368 2718 451 'l‘llESSALONICENSlS
2756 382 3104 445 ARCHIEP.

3861 376 3974 430 ξων]

3861 410 3953 430 ιςλι

3860 410 3953 435 rs‘

718 511 862 572 latae,
900 511 966 564 ad
1014 512 1182 577 altare
1217 508 1308 563 Dei
1359 506 1578 561 emit-ste
1630 519 1847 560 sursum
1904 502 2169 557 ferantur.
2223 500 2288 554 Et
2317 503 2364 558 Α

2317 503 2364 558 Α
2395 500 2851 573 προσφερομένας
2881 501 2941 551 ἐν
2975 495 3127 565 αὐτῷ
3152 495 3365 565 δεήσεις
3397 493 3764 563 ἀναφέρεσθαι
3797 493 3879 542 si:
3914 490 3976 541 τὸ

718 610 1003 669 postquam
1028 601 1132 655 alta
1154 616 1283 654 voce
1319 598 1486 651 Deum
1512 598 1713 663 hymno
1745 595 2064 658 celebravit,
2099 606 2286 663 pacem

719 692 978 744 omnibus
1003 706 1030 743 a
1061 688 1171 744 Deo
1200 690 1387 757 gratia‘.
1438 686 1589 741 dicit.
1624 685 1691 740 Et
1728 685 1946 739 cunctis
1993 691 2158 751 caput
2211 682 2292 735 in-

723 782 1074 845 clinantibus,
1118 781 1279 834 aliam
1311 780 1640 844 orationem,
1695 793 1816 846 qua:
1849 786 1932 831 est
1985 776 2174 829 ultima
2224 773 2293 829 de

724 873 1156 938 consecratione,
1184 872 1307 927 ait:
1350 892 1369 925 ι
1422 871 1638 926 Gratias
1690 869 1903 940 agimus
1938 867 2056 931 tibi,
2108 864 2292 920 Domi-

724 976 813 1023 ne,
859 980 878 1012 ι
930 972 984 1016 et
1030 971 1225 1017 caetera
1276 978 1400 1019 cum
1451 960 1757 1016 humilitate
1806 959 1993 1011 dicens
2022 997 2036 1018 ,
2101 973 2120 1005 ι
2158 966 2295 1022 quo-

722 1054 867 1107 niam
896 1053 1037 1108 hanc
1056 1069 1219 1124 quam
1251 1054 1437 1122 ipsein
1467 1051 1743 1122 apostolos
1773 1047 2018 1104 infudisti
2040 1046 2290 1117 gratiam,

722 1152 776 1197 et
799 1159 964 1214 super
1003 1160 1101 1199 nos
1134 1141 1446 1215 peccatores
1498 1141 1766 1198 infudisti.
1798 1139 1923 1194 Ideo
1950 1148 2008 1193 te
2034 1138 2294 1206 depreca-

726 1250 871 1299 mur,
920 1235 1070 1305 reple
1114 1237 1285 1303 gratia
1312 1245 1462 1288 tuum
1529 1232 1634 1287 hoc
1662 1232 1875 1294 altare,
1936 1237 1997 1283 ut
2059 1228 2115 1282 in
2173 1229 2295 1297 ipso

724 1326 918 1381 oblata
996 1328 1191 1381 hostia:
1254 1333 1687 1381 transmutentur
1763 1324 1818 1378 in
1887 1321 2291 1376 sanctissimum

725 1434 924 1487 corpus
955 1430 1006 1473 et
1046 1420 1361 1489 sanguinem
1385 1418 1507 1473 Filii
1542 1418 1619 1472 tui
1645 1416 1941 1486 unigeniti,
1976 1414 2041 1467 ad
2066 1413 2293 1468 salutem

727 1511 966 1564 universi
986 1513 1197 1579 mundi,
1230 1527 1437 1567 necnon
1486 1509 1827 1579 indignitatis
1868 1515 2066 1562 nostrae
2104 1525 2117 1571 ;
2178 1523 2197 1557 ι
2241 1512 2297 1559 et

729 1608 1013 1669 postquam
1047 1617 1177 1657 voce
1206 1618 1399 1672 magna
1428 1603 1749 1670 deprecatus
1778 1608 1881 1661 est,
1910 1600 2114 1669 gratias
2164 1599 2293 1668 agit.

732 1691 797 1744 Et
832 1691 1084 1759 lampade
1108 1693 1341 1763 propriis
1376 1695 1628 1749 manibus
1683 1708 1778 1763 per
1834 1693 2013 1747 olequ
2064 1708 2295 1748 accensa

730 1781 965 1851 desuper
1002 1799 1033 1837 e
1065 1800 1219 1839 sacra
1260 1802 1446 1840 mensa
1500 1787 1653 1856 ponit
1696 1789 1749 1842 in
1804 1787 1963 1843 istius
2006 1788 2289 1851 honorem,

732 1873 988 1937 quoniam
1024 1875 1193 1931 altare
1223 1877 1423 1933 Christi
1456 1878 1597 1934 facta
1627 1891 1732 1946 est,
1769 1890 1845 1946 et,
1874 1882 2017 1934 sicut
2037 1880 2292 1941 diximus,

730 1958 935 2017 Christi
966 1962 1164 2031 ﬁgurat
1195 1966 1512 2033 Ecclesiam,
1535 1968 1738 2023 lumine
1775 1970 1962 2040 gratiae
1981 1968 2293 2045 fulgentem,

737 2062 791 2105 et
826 2053 928 2109 hoc
958 2056 1139 2111 lumen
1176 2059 1470 2113 adductum
1498 2060 1701 2115 mundo
1733 2060 2043 2130 pra-ferens.

1303 2257 1532 2314 CAPUT
1578 2258 1738 2313 CXV.

741 2346 895 2413 Quod
924 2360 1041 2418 post
1070 2350 1526 2416 inauguratiouem
1551 2353 1823 2421 episcopus
1852 2355 1997 2409 exuit
2027 2353 2302 2409 sindonem

1051 2432 1098 2473 et
1137 2422 1385 2489 reliquias
1412 2433 1715 2475 sanctorum
1749 2427 1971 2493 reponit.

812 2509 868 2565 Si
898 2527 966 2565 ne
1002 2511 1164 2582 igitur
1198 2516 1415 2583 quidem
1449 2524 1629 2584 potest
1660 2519 2127 2575 consecrationem
2177 2535 2295 2590 perc

742 2602 926 2669 ficere,
955 2620 1111 2660 sacra
1133 2618 1328 2663 exutus
1371 2610 1531 2674 stola,
1597 2611 1730 2675 abit,
1764 2623 1817 2668 et
1875 2628 2015 2682 opus
2057 2615 2299 2669 crastina

742 2693 830 2748 die
858 2694 1068 2765 perlicit
1100 2713 1117 2763 ;
1150 2699 1284 2754 alias
1331 2710 1532 2764 autem.
1563 2706 1737 2758 solam
1779 2704 2005 2772 eiiciens
2049 2704 2304 2769 sindona,

743 2789 999 2854 quoniam
1040 2804 1450 2847 monumentum
1486 2794 1689 2850 CltriSti
1733 2795 1981 2866 perfecit,
2032 2812 2156 2852 cum
2189 2798 2305 2854 sola

745 2879 1046 2944 pontiﬁcali
1080 2883 1239 2947 stola,
1267 2885 1472 2955 reliqua
1503 2896 1781 2956 operatur,
1828 2887 2082 2953 reliquias
2138 2888 2308 2959 depo-

747 2969 1155 3037 nit,januarum
1181 2986 1491 3044 aperturam
1516 2958 1662 3045 facit,
1707 2986 1762 3033 et
1800 2993 2015 3034 sacrum
2053 2958 2312 3050 adimplet

749 3062 1099 3129 sacrificium,
1130 3068 1385 3135 quoniam
1416 3070 1588 3137 ipsum
1618 3080 1702 3125 est
1741 3071 2045 3125 divinorum
2065 3072 2308 3126 omnium

749 3158 1162 3213 consummatio.

1308 3358 1534 3415 CAPUT
1560 3359 1741 3414 CXVI.

789 3455 965 3520 Quare
999 3454 1228 3524 reliquias
1264 3464 1560 3525 martyrum
1597 3455 1691 3510 sub
1726 3455 1888 3509 altari
1922 3455 2279 3522 deponantur.

828 3634 886 3689 In
915 3643 1161 3689 sanctum
1219 3630 1385 3703 igitur
1410 3641 1566 3688 vetus
1617 3636 1877 3705 templqu
1927 3651 2180 3693 reversus
2228 3640 2321 3696 ubi

759 3728 1020 3795 reliquias
1071 3725 1423 3794 deposuerat,
1485 3728 1808 3795 duabusque
1851 3729 2175 3797 deprecatus
2199 3746 2323 3786 ora-

760 3820 1022 3884 tionibus,
1067 3816 1177 3873 Deo
1210 3819 1417 3888 gratias
1456 3820 1910 3887 exprimentibus,
1960 3832 2179 3891 propter
2224 3824 2323 3879 do-

763 3926 893 3967 num
929 3910 1280 3980 reliquiarum
1332 3920 1651 3980 martyrum,
1678 3927 1774 3967 eas
1804 3928 1969 3982 super
2013 3924 2175 3984 caput
2228 3931 2324 3987 ge-

763 4011 894 4059 stat.
923 4002 1137 4057 Etcum
1181 4001 1412 4066 venerit,
1448 4002 1669 4072 deponit
1721 4018 1815 4059 eas
1863 4020 1929 4058 ex
1990 4021 2182 4062 more:
2219 4023 2326 4065 non

2392 598 2487 651 τοῦ
2544 597 2680 649 Θεοῦ
2734 591 3056 659 ἐπουράνιον
3098 588 3508 655 θυσιαστήριον.
3555 585 3663 638 Καὶ
3710 582 3978 648 ὲκφώνως

2390 688 2483 742 τδν
2516 687 2649 741 Θεὸν
2693 684 3034 753 ἀνυμνήσας,
3065 681 3291 751 εἰρήνην
3350 679 3523 733 ἀπασι
3554 677 3701 742 λέγει
3732 673 3841 727 ἀπὸ
3873 672 3978 738 τῆς

2390 779 2486 834 τοῦ
2514 778 2650 833 Θεοῦ
2681 779 2923 848 χάριτος.
2960 775 3068 828 Καὶ
3101 773 3399 826 κλινάντων
3426 770 3641 822 πάντων
3673 768 3769 829 τὰς
3798 784 3978 833 κεφα-

2391 872 2511 939 λάς,
2548 872 2711 942 εὐχὴν
2760 872 2955 937 ἑτέραν
2991 860 3089 936 τὴν
3121 866 3217 919 καὶ
3264 860 3581 915 τελευταίαν
3629 861 3721 913 ὲτιὶ
3770 861 3835 926 τῇ
3873 875 3977 909 κα·

2394 963 2644 1032 θιερώσει
2678 963 2843 1031 φησίν
2867 980 2881 993 ο
2918 979 2936 1011 t
2971 955 3416 1027 Εὖχαριστοῦμέν
3462 970 3566 1012 σοι,
3598 950 3795 1018 Κύριε,
3825 969 3845 1000 ι
3884 952 3980 1002 καὶ

2392 1057 2462 1111 τά
2488 1054 2652 1108 λοιπά
2684 1054 2860 1122 λέγων
2890 1054 2949 1105 ἐν
2974 1048 3326 1112 ταπεινώσει,
3364 1066 3381 1098 ι
3416 1047 3497 1099 ὅτι
3527 1046 3596 1114 ἦν
3628 1044 3851 1111 ἐξέχεας
3874 1042 3981 1111 χά-

2398 1166 2482 1219 ριν
2508 1147 2601 1201 ἐπὶ
2626 1148 2737 1209 τοῖς
2770 1145 3113 1205 ἀποστόλοις,
3147 1142 3241 1195 καὶ
3282 1141 3369 1208 ἐφ’
3409 1132 3541 1208 ἡμῖν
3570 1140 3683 1199 τοϊς
3715 1138 3981 1205 ἀμαρτω-

2393 1240 2506 1303 λοῐς
2550 1239 2794 1307 ἐξέχεας.
2848 1238 2939 1291 Διὸ
2972 1236 3204 1304 δεόμεθά
3251 1251 3368 1296 σου,
3404 1233 3697 1301 πλήρωσον
3752 1229 3983 1297 χάριτος

2395 1330 2457 1383 τὶ
2486 1329 2873 1398 θυσιαστήριόν
2905 1346 2998 1382 σου
3030 1329 3206 1389 τοῦτο,
3248 1328 3388 1381 ὥστε
3416 1326 3513 1386 τὰς
3540 1326 3596 1374 ἐν
3622 1321 3774 1388 αὖτῷ
3803 1335 3981 1385 προσ-

2398 1422 2708 1491 φερομένας
2760 1421 2956 1483 θυσίας
3010 1418 3425 1489 μεταποιεῖσθαι
3460 1418 3539 1479 εἰς
3592 1416 3653 1466 τὸ
3708 1414 3983 1476 πανάγιον

2398 1513 2558 1583 σῶμα
2601 1514 2695 1567 καὶ
2731 1509 2871 1583 αἷμα
2900 1513 2995 1566 τοῦ
3031 1511 3353 1582 μονογενοῦς
3389 1527 3483 1563 σου
3518 1505 3670 1571 Υίοῠ,
3710 1506 3847 1592 πρὶς
3878 1521 3982 1555 σωο

2396 1607 2595 1677 τηρίαν
2624 1605 2721 1660 τοῦ
2756 1607 2966 1675 κόσμου
3002 1604 3226 1669 παντὸς,
3254 1604 3349 1657 καὶ
3377 1603 3473 1671 τῆς
3500 1600 3661 1671 ἡμῶν
3694 1597 3985 1663 ἁναξιότη-

2398 1717 2508 1764 τος,
2544 1718 2562 1751 ι
2591 1699 2686 1752 καί¹
2713 1697 3039 1765 ὲκφωνήσας
3060 1696 3394 1765 εὐχαριστεῖ.
3422 1693 3661 1761 Δυχνίαν
3682 1708 3738 1743 τε
3764 1689 3983 1756 ἀνάψεις

2399 1793 2520 1854 ταῖς
2553 1791 2710 1861 χερσὶ
2760 1790 2830 1843 δι’
2866 1789 3072 1853 ἐλαίου,
3104 1788 3209 1856 τῆς
3256 1788 3407 1856 ίερᾶς
3457 1785 3661 1837 ἄνωθεν
3693 1780 3984 1850 τραπέζης

2402 1885 2480 1945 είς
2510 1885 2677 1952 τιμὴν
2706 1881 2880 1950 αὐτῆς
2903 1880 3137 1950 τίθησιν.
3169 1878 3296 1932 ἐπεὶ
3321 1878 3711 1943 θυσιαστήριον
3738 1871 3984 1941 Χριστοῦ

2400 1976 2613 2043 γέγονε,
2647 1974 2741 2028 καὶ
2768 1976 2853 2027 ὅτι
2897 1974 2998 2042 τὴν
3040 1972 3376 2041 Ἐκκλησίαν
3426 1969 3680 2031 είκονίζει
3715 1965 3984 2036 Χριστοῦ,

2402 2068 2479 2131 ὡς
2527 2067 2852 2137 είρήκαμεν,
2886 2065 2966 2135 τῷ
3018 2065 3163 2135 φωτὶ
3196 2064 3295 2133 τῆς
3354 2064 3579 2132 χάριτος
3629 2061 3985 2129 λάμπουσαν,

2404 2162 2504 2215 καὶ·
2528 2159 2688 2214 τοῦτο
2714 2159 2776 2212 τὸ
2806 2159 2923 2228 φῶς
2950 2158 3294 2227 χορηγοῦσαν
3335 2156 3415 2224 τῷ
3445 2155 3657 2226 κόσμῳ.

2970 2254 3223 2328 ΚΕΦΑΛ.
3274 2270 3417 2325 mea

2407 2368 2536 2421 Ὀτι
2565 2368 2713 2435 μετὰ
2740 2368 2855 2431 τὴν
2881 2366 3236 2431 καθιέρωσιν
3260 2363 3545 2435 ἐκϐάλλει
3586 2360 3701 2435 τὴιξ
3726 2358 3991 2413 σινδόνα

2477 2441 2511 2492 ὁ
2543 2432 2880 2505 ἀρχιερεὺς,
2918 2437 3015 2490 καὶ
3067 2436 3137 2489 τὰ
3170 2434 3437 2503 λείψανα
3490 2432 3908 2495 κατατίθησιν.

2478 2532 2650 2601 Εἴπερ
2678 2526 2772 2585 οὖν
2805 2530 3080 2591 ἀδυνάτως
3114 2529 3223 2599 ἔχει
3256 2526 3547 2579 τελειῶσαι
3572 2526 3640 2577 τὰ
3664 2522 3767 2591 τῆς
3798 2521 3990 2575 καθιε-

2409 2623 2653 2695 ρώσεως,
2698 2624 3110 2690 ἀποδυσάμενος
3162 2620 3230 2673 τὰ
3276 2618 3381 2685 τῆς
3428 2618 3579 2688 ἱερᾶς
3633 2616 3847 2682 στολῆς,
3885 2630 3995 2665 πο·-

2412 2718 2650 2788 ρεύεται,
2712 2719 2807 2769 καὶ
2856 2715 2916 2767 τὸ
2965 2714 3127 2784 ἔργον
3158 2715 3225 2783 τῇ
3280 2711 3545 2780 ἐπαύριον
3577 2710 3809 2763 τελειοῖ·
3844 2710 3892 2761 εἰ
3943 2706 3993 2761 δ’

2408 2803 2523 2872 οὖν,
2551 2808 2651 2875 τὴν
2705 2805 2920 2858 σινδόνα
2976 2806 3145 2873 μόνην
3196 2800 3471 2863 ἐκϐαλὼν,
3513 2800 3635 2853 ἐπεὶ
3679 2799 3741 2853 τὸ
3796 2800 3995 2868 μνῆμα

2410 2896 2650 2967 Χριστοῦ
2680 2897 3020 2959 τετελείωκε,
3057 2898 3195 2962 μετά
3236 2896 3404 2965 μόνης
3454 2894 3555 2963 τῆς
3588 2891 3994 2962 ἀρχιερατικῆς

2414 2989 2608 3057 στολῆς
2636 2989 2731 3043 καὶ
2756 2988 2826 3042 τὰ
2862 2988 3027 3041 λοιπά
3057 2988 3340 3056 διενεργεϊ,
3392 2986 3488 3039 καὶ
3530 2985 3600 3038 τὰ
3630 2984 3862 3051 λείψανα
3889 3000 3995 3035 κα-

2414 3081 2691 3152 τατίθησι,
2737 3082 2836 3152 τὴν
2866 3062 3069 3147 ἄνοιῖῖν
3115 3097 3175 3133 τε
3210 3083 3447 3133 ποιεῖται
3489 3079 3593 3131 τῶν
3639 3076 3847 3135 πυλῶν,
3894 3076 3997 3127 καὶ

2347 3183 2389 3240 c
2423 3174 2492 3226 τὰ
2522 3172 2621 3241 τῆς
2654 3170 2966 3241 ἱερουργίας
2999 3172 3230 3235 ἔκτελεῐ,
3264 3171 3494 3241 ἐπείπερ
3524 3169 3661 3238 αὕτη
3690 3168 3797 3221 τῶν
3829 3166 3999 3219 θείων

2419 3266 2637 3320 πάντων
2665 3265 2814 3318 ἐστὶν
2840 3266 2872 3333 ἡ
2908 3263 3207 3325 τελείωσις.

2944 3375 3215 3429 ⁷ΚΕΦΑΛ.
3268 3374 3427 3442 Ptq'.

2419 3466 2581 3521 Διατί
2610 3467 2877 3536 ,λείψανα
2904 3466 3025 3521 τῶν
3061 3467 3380 3535 μαρτύρων
3407 3463 3527 3519 ὑπὸ
3568 3464 3633 3517 τό
3666 3465 3997 3527 ﬂuctuant-

2917 3555 3055 3606 ριον
3084 3537 3479 3589 κατατίθεται.

2493 3629 2586 3692 Είς
2612 3629 2703 3682 τὸν
2734 3629 2890 3697 ἅγιον
2919 3629 3099 3680 τοίνυν
3135 3626 3369 3679 παλαιὸν
3400 3625 3527 3676 ναὸν
3552 3623 3825 3686 ἀπελθὼν,
3868 3624 4001 3677 ἔνθα

2424 3719 2774 3790 προαπετέθη
2824 3720 2891 3773 τὰ
2950 3717 3199 3786 λείψανα,
3231 3716 3327 3771 καὶ
3376 3716 3543 3786 εὐχὰς
3584 3716 3679 3770 δύο
3728 3716 3999 3785 εἰρηκὼς,

2424 3813 2775 3883 εὐχαριστίαν
2821 3813 3052 3883 ἐχούσας
3090 3812 3249 3875 Θεοῦ,
3295 3813 3459 3865 ενεκα
3510 3811 3611 3880 τῆς
3640 3811 3850 3881 δωρεᾶς
3899 3813 4005 3881 τῆς

2425 3904 2534 3959 ἀπὸ
2567 3904 2677 3958 τῶν
2708 3904 3065 3974 μαρτυρικῶν
3096 3902 3383 3972 λειψάνων,
3414 3903 3507 3955 επὶ
3553 3902 3797 3971 κεφαλῆς
3843 3904 4007 3970 φέρει

2426 3994 2621 4049 ταῦτα.
2667 3996 2780 4049 Καὶ
2829 3995 2998 4048 ἐλθὼν
3034 3995 3388 4065 κατατίθησιν
3439 3995 3628 4063 ὥσπερ
3680 3994 3821 4056 εθος.
3864 3996 4006 4048 Οὐδὲ

766 4097 912 4151 enim
942 4093 1027 4149 fas
1065 4103 1151 4149 est
1180 4096 1387 4162 absque
1411 4104 1710 4165 martyrum
1766 4096 2015 4166 reliquiis
2071 4099 2153 4153 vel
2188 4101 2329 4155 ossi—
2429 4104 2440 4118 ‘

2328 4134 2329 4140 η
2429 4089 2538 4156 γὰρ
2561 4088 2719 4157 θέμις
2740 4086 2863 4156 δίχα
2891 4086 3160 4155 λειψάνων
3190 4086 3545 4156 μαρτυρικῶν
3573 4086 3605 4155 ἢ
3632 4085 3797 4139 ὁσίων
3824 4086 4002 4153 ἀγίων

767 4186 870 4237 ltus
914 4184 1086 4238 sacris
1123 4184 1337 4252 operari
1367 4184 1855 4251 consecrationem,
1893 4187 2154 4255 quoniam
2188 4206 2331 4245 mar-
2431 4199 2441 4233 ε

2431 4179 2761 4250 καθιέρωσιν
2806 4179 3075 4249 ἐνεργεῖν,
3113 4177 3197 4230 ὅτι
3243 4176 3483 4243 θεμέλιοι
3529 4176 3627 4246 τῆς
3670 4176 4006 4249 Ἐκκλησίας

767 4274 912 4345 tyr’es
940 4274 1192 4328 Ecclesiae
1252 4272 1599 4327 fundamenta
1644 4285 1774 4330 sunt
1817 4290 1980 4346 super
2022 4277 2320 4337 Salvatoris
2432 4288 2441 4320 ι

2432 4269 2571 4323 εἰσὶν
2621 4270 2672 4322 οἱ
2722 4270 3020 4338 μάρτυρες,
3075 4268 3169 4320 ἐπὶ
3224 4267 3303 4336 τῷ
3342 4267 3580 4337 θεμελίῳ
3620 4265 3716 4320 τοῦ
3747 4268 4008 4336 Σωτῆρος

771 4368 1124 4422 fundamento
1154 4363 1440 4419 :edillcata.
1471 4363 1697 4435 Oportet
1724 4367 1887 4422 etiam
1928 4368 2048 4426 illas
2072 4372 2174 4426 sub
2198 4373 2331 4428 alta-
2432 4364 2445 4415 Ι

2432 4360 2986 4431 ἐποικοδομηθέντες
3024 4360 3119 4412 καὶ
3175 4359 3233 4411 ἐν
3280 4360 3347 4426 τῇ
3408 4357 3675 4428 ἐκκλησίᾳ
3727 4358 3847 4411 δέον
3878 4358 4009 4411 τού-

772 4462 815 4513 ri
855 4473 1000 4523 esse,
1033 4456 1291 4525 quoniam
1336 4455 1481 4509 istud
1517 4464 1601 4510 est
1631 4456 1908 4524 Ecclesia;
1961 4462 2219 4530 quoniam
2275 4472 2331 4518 et
2434 4471 2446 4488 ‘

2434 4469 2557 4514 τους
2594 4451 2701 4503 ὑπὸ
2750 4451 2813 4504 τὸ
2840 4449 3226 4520 θυσιαστήριον
3267 4444 3428 4513 εἶναι,
3481 4450 3606 4502 ἐπεὶ
3654 4449 3946 4502 καὶτοῦτο
3975 4453 4010 4519 ἡ

773 4552 1005 4606 thronus
1041 4547 1132 4602 Dei
1162 4554 1246 4602 est
1275 4554 1329 4601 et
1350 4546 1550 4601 Christi
1579 4547 1671 4601 Dei
1702 4562 2112 4605 monumentum
2143 4571 2157 4611 :
2187 4556 2330 4610 unde
2362 4534 2405 4585 θ

2362 4534 2405 4585 θ
2447 4542 2765 4611 Ἐκκλησία,
2793 4543 2917 4595 επεὶ
2962 4544 3055 4595 καὶ
3101 4541 3288 4609 θρόνος
3318 4539 3453 4594 Θεοῦ
3490 4540 3606 4593 ἔστι
3659 4541 3756 4593 καὶ
3812 4544 4014 4610 μνῆμα

772 4655 991 4710 quoque
1011 4639 1229 4709 myrrha
1264 4637 1501 4707 ungitur,
1565 4645 1619 4691 et
1654 4636 2006 4708 Evangelium
2046 4643 2227 4707 habet,
2276 4653 2332 4699 et
2436 4638 2446 4689 Ῑ

2436 4634 2675 4704 Χριστοῦ
2704 4633 2799 4688 τοῦ
2837 4633 2996 4688 Θεοῦ.
3025 4632 3188 4687 Ὅθεν
3236 4632 3332 4685 καὶ
3363 4632 3520 4701 μύρῳ
3553 4632 3785 4702 χρίεται,
3832 4635 3928 4685 καὶ
3954 4635 4016 4686 τὸ

774 4734 877 4789 sub
899 4733 1015 4801 ipso
1040 4728 1263 4800 pulchre
1287 4739 1414 4783 sunt
1460 4737 1773 4783 sanctorum
1808 4730 2075 4800 reliquiae,
2108 4743 2164 4788 et
2216 4736 2336 4792 sine
2438 4729 2448 4779 1

2438 4727 2770 4794 Εὐαγγέλιον
2826 4726 2961 4795 ἔχει,
3005 4726 3099 4779 καὶ
3147 4723 3238 4778 ὑπ’
3269 4722 3415 4791 αὐτῷ
3465 4722 3647 4785 καλῶς
3692 4724 3802 4775 τῶν
3836 4714 4018 4790 ἁγίων

776 4824 1020 4893 reliquiis
1051 4838 1155 4877 non
1190 4831 1273 4876 est
1299 4820 1555 4888 possibile
1584 4822 2050 4877 consecrationem
2093 4827 2332 4895 operari,

777 4918 919 4972 sicut
947 4915 1117 4971 sancti
1150 4914 1577 4969 declaraverunt.
1602 4913 1782 4968 Sacra:
1807 4929 1939 4969 vero
1963 4916 2205 4985 reliquia
2229 4919 2339 4988 pri-

780 5024 846 5063 us
876 5008 1218 5076 deponuntur
1240 5008 1292 5060 in
1322 5008 1577 5075 templum
1598 5022 1663 5060 eo
1692 5006 1833 5072 quod
1856 5008 2190 5061 sanctificata
2212 5018 2342 5063 sunt

779 5092 980 5148 Christi
1013 5096 1247 5145 membra
1277 5102 1331 5147 et
1356 5094 1570 5156 altaria,
1624 5101 1878 5163 tanquam
1911 5104 2131 5164 propter
2162 5096 2339 5165 ipsum

782 5183 1080 5236 immolata.
1113 5180 1170 5236 In
1212 5183 1643 5238 sacratissimum
1698 5185 2060 5254 imponuntur
2106 5188 2341 5253 discum,

782 5275 912 5344 quia
956 5289 1139 5343 parem
1174 5290 1294 5327 cmn
1327 5274 1552 5329 Domino
1584 5276 1916 5344 participant
1948 5278 2236 5341 honorem,
2276 5280 2347 5332 ob

784 5370 958 5438 ipsmn
990 5367 1289 5420 certamina
1320 5382 1507 5435 pa~sae.
1534 5368 1711 5436 Super
1740 5377 2110 5422 consecratam
2132 5384 2349 5438 ponun-

786 5468 874 5513 tur
892 5473 1155 5521 mensam,
1181 5458 1445 5527 siquidem
1477 5473 1598 5511 cum
1629 5457 1847 5513 Christo
1874 5468 2097 5514 mortua:
2115 5468 2261 5524 sunt,
2296 5468 2352 5514 et

789 5551 1071 5606 considere
1112 5564 1235 5604 cum
1273 5552 1386 5619 ipso
1422 5565 1583 5619 super
1619 5551 1875 5606 thronum
1927 5552 2110 5619 glorias
2139 5566 2352 5607 merue-

792 5653 942 5697 runt.
984 5640 1214 5711 Ideoque
1243 5657 1405 5711 super
1461 5653 1625 5712 caput
1667 5658 1791 5698 cum
1837 5643 1989 5699 disco
2053 5644 2192 5697 tollit
2257 5659 2352 5699 eas

797 5735 1035 5807 pontifex
1072 5777 1086 5801 ,
1139 5737 1278 5793 sicut
1314 5738 1427 5805 ipsa
1476 5736 1660 5790 divina
1724 5739 2001 5807 mysteria,
2060 5751 2262 5807 corpus
2299 5748 2355 5793 et

802 5827 1119 5897 sanguinem
1182 5821 1406 5891 Christi,
1440 5835 1714 5881 honoratis
1775 5827 1983 5882 Ειιιιιῑιιι
2040 5828 2083 5882 si
2146 5828 2349 5883 Paulus

2436 4819 2544 4871 εἰσὶ
2576 4817 2643 4870 τὰ
2666 4816 2919 4885 λείψανα,
2945 4819 3041 4869 καὶ
3067 4816 3238 4886 χωρὶς
3266 4813 3538 4882 λειψάνων
3572 4814 3631 4867 οὐ
3671 4815 4018 4884 καθιερῶσαι

2437 4909 2681 4975 δυνατὸν,
2716 4908 2793 4971 ὼς
2826 4908 2876 4960 oi
2928 4908 3074 4974 ἀγιοι
3115 4907 3486 4976 ἀπεφήναντο.
3534 4906 3614 4957 Τἀ
3669 4904 3906 4973 λείψανα.
3960 4908 4021 4960 δὲ

2441 4996 2867 5068 προαποτίθεται
2922 4996 3077 5064 121
3113 4995 3193 5056 είς
3239 4993 3388 5057 ναὸν,
3431 4995 3514 5046 ὅτι
3563 4994 3871 5064 ήγιασμένα
3923 4997 4023 5048 καὶ

2446 5095 2579 5164 μέλη
2636 5091 2873 5162 Χριστοῦ
2922 5092 3016 5145 καὶ
3045 5090 3409 5159 θυσιαστήρια
3455 5088 3531 5150 ὡς
3571 5088 3840 5156 τεθυμένα
3869 5087 4025 5158 ὑπὲρ

2442 5183 2636 5238 αὑτοῦ.
2672 5184 2781 5237 Καὶ
2830 5184 2910 5243 εἰς
2942 5178 3234 5250 ἱερώτατον
3281 5176 3639 5247 ἐμϐάλλονται
3695 5176 3901 5239 δίσκον,
3938 5178 4026 5228 ὃτι

2444 5275 2544 5342 τῆς
2574 5273 2698 5341 ἴσης
2731 5272 3015 5343 μετέχουσι
3047 5271 3126 5339 τῷ
3163 5272 3410 5341 Δεσπότῃ
3454 5269 3639 5338 τιμῆς,
3677 5268 3816 5335 ὑπὲρ
3845 5268 4026 5323 αὑτοῦ

2446 5350 2890 5433 διηγωνισμένοι.
2949 5364 3058 5415 Καὶ
3118 5361 3211 5414 ἐπὶ
3266 5358 3683 5427 καθιερωμένης
3732 5359 4030 5429 τραπέζης

2447 5455 2701 5517 τίθενται,
2730 5455 2852 5506 ἐπεὶ
2884 5452 3252 5504 συναπέθανον
3282 5449 3361 5518 τῷ
3391 5448 3630 5517 Χριστῷ,
3660 5447 3853 5515 καὶτῷ
3886 5448 4033 5519 θείῳ

2449 5549 2545 5617 τῆς
2574 5545 2740 5598 αὑτοῦ
2787 5544 2945 5613 δόξης
2996 5543 3167 5612 θρόνῳ
3215 5541 3542 5611 τυγχάνουσι
3590 5539 4027 5606 παριστάμενοι.

2451 5640 2549 5691 Δια
2579 5637 2734 5690 τοῦτο
2763 5638 2855 5689 καὶ
2910 5636 3003 5686 ἐπὶ
3033 5633 3271 5702 κεφαλῆς
3316 5633 3454 5701 μετὰ
3502 5630 3595 5683 τοῦ
3628 5629 3811 5683 δίσκου
3856 5629 3885 5680 ὁ
3915 5633 4029 5701 ἀρ-

2452 5730 2668 5801 χιερεὺς
2705 5729 2848 5798 αἴρει
2884 5725 3079 5789 ταῦτα,
3106 5725 3180 5789 ὡς
3210 5725 3349 5777 αὐτὰ
3379 5723 3445 5791 δὴ
3485 5722 3551 5775 τὰ
3594 5722 3712 5773 θεῖα
3743 5723 4033 5791 μυστήρια

2456 5826 2513 5877 τὸ
2545 5823 2635 5876 τοῦ
2666 5822 2936 5874 Δεσπότου
2967 5818 3125 5888 σῶμα
3151 5818 3241 5871 καὶ
3266 5811 3403 5885 αἷμα
3434 5815 3625 5885 τιμῶν.
3656 5814 3714 5866 Εἰ
3749 5816 3859 5885 γὰρ
3886 5815 4032 5883 πρὸς
