  <div class='ocr_page' id='page_1' title='image "/cluster/home/n/w/nwhite01/storage/ocr_20150623/155/nnc1.0022106758/166.png"; bbox 0 0 4238 6444; ppageno 0'>
   <div class='ocr_carea' id='block_1_1' title="bbox 215 410 326 492">
    <p class='ocr_par' dir='ltr' id='par_1_1' title="bbox 215 410 326 492">
     <span class='ocr_line' id='line_1_1' title="bbox 215 410 326 492; baseline -0.027 -18"><span class='ocrx_word' id='word_1_1' title='bbox 215 410 326 492; x_wconf 65' lang='grc' dir='ltr'><strong>εει</strong></span> 
     </span>
    </p>
   </div>
   <div class='ocr_carea' id='block_1_2' title="bbox 1475 401 2202 462">
    <p class='ocr_par' dir='ltr' id='par_1_2' title="bbox 1475 401 2202 462">
     <span class='ocr_line' id='line_1_2' title="bbox 1475 401 2202 462; baseline -0.006 1"><span class='ocrx_word' id='word_1_2' title='bbox 1475 404 1571 462; x_wconf 79' lang='lat' dir='ltr'><strong>DE</strong></span> <span class='ocrx_word' id='word_1_3' title='bbox 1608 402 1845 462; x_wconf 81' lang='lat' dir='ltr'><strong>SACRO</strong></span> <span class='ocrx_word' id='word_1_4' title='bbox 1881 401 2033 460; x_wconf 86' lang='lat' dir='ltr'><strong>TEM</strong></span> <span class='ocrx_word' id='word_1_5' title='bbox 2047 401 2202 460; x_wconf 68' lang='grc' dir='ltr'><strong>ΡΜ).</strong></span> 
     </span>
    </p>
   </div>
   <div class='ocr_carea' id='block_1_3' title="bbox 3358 397 3460 460">
    <p class='ocr_par' dir='ltr' id='par_1_3' title="bbox 3358 397 3460 460">
     <span class='ocr_line' id='line_1_3' title="bbox 3358 397 3460 460; baseline 0 0"><span class='ocrx_word' id='word_1_6' title='bbox 3358 397 3460 460; x_wconf 73' lang='grc'><strong>322</strong></span> 
     </span>
    </p>
   </div>
   <div class='ocr_carea' id='block_1_4' title="bbox 219 494 1893 589">
    <p class='ocr_par' dir='ltr' id='par_1_4' title="bbox 219 511 1868 589">
     <span class='ocr_line' id='line_1_4' title="bbox 219 511 1868 589; baseline -0.006 -15"><span class='ocrx_word' id='word_1_7' title='bbox 219 511 431 582; x_wconf 74' lang='grc' dir='ltr'>πάντας</span> <span class='ocrx_word' id='word_1_8' title='bbox 466 518 691 580; x_wconf 81' lang='grc' dir='ltr'>πιστοὺς</span> <span class='ocrx_word' id='word_1_9' title='bbox 724 514 886 571; x_wconf 85' lang='grc' dir='ltr'>τοῦτο</span> <span class='ocrx_word' id='word_1_10' title='bbox 920 513 1128 578; x_wconf 88' lang='grc' dir='ltr'>Παῦλός</span> <span class='ocrx_word' id='word_1_11' title='bbox 1159 529 1345 582; x_wconf 76' lang='grc' dir='ltr'>φησιν,</span> <span class='ocrx_word' id='word_1_12' title='bbox 1394 531 1412 565; x_wconf 83' lang='grc' dir='ltr'><strong>ι</strong></span> <span class='ocrx_word' id='word_1_13' title='bbox 1456 513 1644 580; x_wconf 84' lang='grc' dir='ltr'>Ὑμεῖς</span> <span class='ocrx_word' id='word_1_14' title='bbox 1673 515 1792 565; x_wconf 77' lang='grc' dir='ltr'>ἐστε</span> <span class='ocrx_word' id='word_1_15' title='bbox 1825 523 1868 589; x_wconf 70' lang='grc' dir='ltr'>Α</span> 
     </span>
    </p>
   </div>
   <div class='ocr_carea' id='block_1_5' title="bbox 1785 494 3459 589">
    <p class='ocr_par' dir='ltr' id='par_1_5' title="bbox 1785 494 3459 589">
     <span class='ocr_line' id='line_1_5' title="bbox 1785 494 3459 589; baseline 0.002 -25"><span class='ocrx_word' id='word_1_16' title='bbox 1785 523 1868 589; x_wconf 70' lang='grc' dir='ltr'>ιΑ</span> <span class='ocrx_word' id='word_1_17' title='bbox 1899 512 1966 566; x_wconf 92' lang='lat' dir='ltr'><strong>ad</strong></span> <span class='ocrx_word' id='word_1_18' title='bbox 2015 527 2204 566; x_wconf 80' lang='lat' dir='ltr'><strong>Omnes</strong></span> <span class='ocrx_word' id='word_1_19' title='bbox 2252 509 2437 566; x_wconf 88' lang='lat' dir='ltr'><strong>ﬁdeles</strong></span> <span class='ocrx_word' id='word_1_20' title='bbox 2490 510 2590 565; x_wconf 93' lang='lat' dir='ltr'><strong>hoc</strong></span> <span class='ocrx_word' id='word_1_21' title='bbox 2647 510 2774 565; x_wconf 89' lang='lat' dir='ltr'><strong>ait:</strong></span> <span class='ocrx_word' id='word_1_22' title='bbox 2815 529 2832 561; x_wconf 78' lang='grc' dir='ltr'><strong>ι</strong></span> <span class='ocrx_word' id='word_1_23' title='bbox 2898 511 3005 566; x_wconf 81' lang='lat' dir='ltr'><strong>Vos</strong></span> <span class='ocrx_word' id='word_1_24' title='bbox 3060 512 3191 565; x_wconf 89' lang='lat' dir='ltr'><strong>estis</strong></span> <span class='ocrx_word' id='word_1_25' title='bbox 3259 494 3459 582; x_wconf 88' lang='lat' dir='ltr'><strong>corpus</strong></span> 
     </span>
    </p>
   </div>
   <div class='ocr_carea' id='block_1_6' title="bbox 217 605 1787 684">
    <p class='ocr_par' dir='ltr' id='par_1_6' title="bbox 217 605 1787 684">
     <span class='ocr_line' id='line_1_6' title="bbox 217 605 1787 684; baseline -0.013 -16"><span class='ocrx_word' id='word_1_26' title='bbox 217 614 382 684; x_wconf 84' lang='grc' dir='ltr'>σῶμα</span> <span class='ocrx_word' id='word_1_27' title='bbox 423 608 657 681; x_wconf 78' lang='grc' dir='ltr'><strong>Χριστοῦ</strong></span> <span class='ocrx_word' id='word_1_28' title='bbox 687 611 781 663; x_wconf 82' lang='grc' dir='ltr'>καὶ</span> <span class='ocrx_word' id='word_1_29' title='bbox 811 609 950 678; x_wconf 84' lang='grc' dir='ltr'>μέλη</span> <span class='ocrx_word' id='word_1_30' title='bbox 979 607 1044 660; x_wconf 75' lang='lat' dir='ltr'><strong>bc</strong></span> <span class='ocrx_word' id='word_1_31' title='bbox 1074 605 1298 676; x_wconf 79' lang='grc' dir='ltr'><strong>μέρους,</strong></span> <span class='ocrx_word' id='word_1_32' title='bbox 1347 605 1526 676; x_wconf 83' lang='grc' dir='ltr'>πολλῷ</span> <span class='ocrx_word' id='word_1_33' title='bbox 1555 622 1617 674; x_wconf 86' lang='grc' dir='ltr'><strong>γε</strong></span> <span class='ocrx_word' id='word_1_34' title='bbox 1652 607 1787 676; x_wconf 53' lang='lat' dir='ltr'><strong>pa)-</strong></span> 
     </span>
    </p>
   </div>
   <div class='ocr_carea' id='block_1_7' title="bbox 1892 599 3459 670">
    <p class='ocr_par' dir='ltr' id='par_1_7' title="bbox 1892 599 3459 670">
     <span class='ocr_line' id='line_1_7' title="bbox 1892 599 3459 670; baseline -0.001 -16"><span class='ocrx_word' id='word_1_35' title='bbox 1892 599 2096 656; x_wconf 84' lang='lat' dir='ltr'><strong>Christi</strong></span> <span class='ocrx_word' id='word_1_36' title='bbox 2140 611 2195 654; x_wconf 74' lang='lat' dir='ltr'><strong>et</strong></span> <span class='ocrx_word' id='word_1_37' title='bbox 2254 601 2498 654; x_wconf 85' lang='lat' dir='ltr'><strong>membra</strong></span> <span class='ocrx_word' id='word_1_38' title='bbox 2535 601 2602 654; x_wconf 87' lang='lat' dir='ltr'><strong>de</strong></span> <span class='ocrx_word' id='word_1_39' title='bbox 2664 602 2930 667; x_wconf 83' lang='lat' dir='ltr'><strong>membro,</strong></span> <span class='ocrx_word' id='word_1_40' title='bbox 2994 619 3010 651; x_wconf 73' lang='grc' dir='ltr'><strong>ι</strong></span> <span class='ocrx_word' id='word_1_41' title='bbox 3063 603 3231 655; x_wconf 85' lang='lat' dir='ltr'><strong>multo</strong></span> <span class='ocrx_word' id='word_1_42' title='bbox 3282 604 3459 670; x_wconf 84' lang='lat' dir='ltr'><strong>magis</strong></span> 
     </span>
    </p>
   </div>
   <div class='ocr_carea' id='block_1_8' title="bbox 213 690 1887 772">
    <p class='ocr_par' dir='ltr' id='par_1_8' title="bbox 213 697 1792 772">
     <span class='ocr_line' id='line_1_8' title="bbox 213 697 1792 772; baseline -0.004 -14"><span class='ocrx_word' id='word_1_43' title='bbox 213 706 312 758; x_wconf 90' lang='grc' dir='ltr'><strong>λον</strong></span> <span class='ocrx_word' id='word_1_44' title='bbox 345 703 502 772; x_wconf 84' lang='grc' dir='ltr'>σῶμα</span> <span class='ocrx_word' id='word_1_45' title='bbox 554 698 790 769; x_wconf 76' lang='grc' dir='ltr'><strong>Χριστοῦ</strong></span> <span class='ocrx_word' id='word_1_46' title='bbox 843 699 937 753; x_wconf 79' lang='grc' dir='ltr'>καὶ</span> <span class='ocrx_word' id='word_1_47' title='bbox 975 697 1110 768; x_wconf 83' lang='grc' dir='ltr'>μέλη</span> <span class='ocrx_word' id='word_1_48' title='bbox 1162 698 1377 753; x_wconf 68' lang='grc' dir='ltr'>ἔσονται</span> <span class='ocrx_word' id='word_1_49' title='bbox 1425 701 1472 752; x_wconf 82' lang='grc' dir='ltr'>οἱ</span> <span class='ocrx_word' id='word_1_50' title='bbox 1518 698 1658 771; x_wconf 70' lang='grc' dir='ltr'>ὑπὲρ</span> <span class='ocrx_word' id='word_1_51' title='bbox 1691 700 1792 768; x_wconf 82' lang='grc' dir='ltr'>τῆς</span> 
     </span>
    </p>
   </div>
   <div class='ocr_carea' id='block_1_9' title="bbox 1785 690 3459 772">
    <p class='ocr_par' dir='ltr' id='par_1_9' title="bbox 1785 690 3459 764">
     <span class='ocr_line' id='line_1_9' title="bbox 1785 690 3459 764; baseline 0.002 -21"><span class='ocrx_word' id='word_1_52' title='bbox 1785 718 1792 760; x_wconf 77' lang='lat'><strong>_-</strong></span> <span class='ocrx_word' id='word_1_53' title='bbox 1891 690 2092 745; x_wconf 88' lang='lat' dir='ltr'><strong>Christi</strong></span> <span class='ocrx_word' id='word_1_54' title='bbox 2115 704 2312 761; x_wconf 87' lang='lat' dir='ltr'><strong>corpus</strong></span> <span class='ocrx_word' id='word_1_55' title='bbox 2339 699 2500 746; x_wconf 89' lang='lat' dir='ltr'><strong>erunt</strong></span> <span class='ocrx_word' id='word_1_56' title='bbox 2549 703 2604 746; x_wconf 86' lang='lat' dir='ltr'><strong>et</strong></span> <span class='ocrx_word' id='word_1_57' title='bbox 2629 693 2894 757; x_wconf 85' lang='lat' dir='ltr'><strong>membra,</strong></span> <span class='ocrx_word' id='word_1_58' title='bbox 2948 693 3037 763; x_wconf 85' lang='lat' dir='ltr'><strong>qui</strong></span> <span class='ocrx_word' id='word_1_59' title='bbox 3091 703 3311 764; x_wconf 89' lang='lat' dir='ltr'><strong>propter</strong></span> <span class='ocrx_word' id='word_1_60' title='bbox 3341 693 3459 762; x_wconf 84' lang='lat' dir='ltr'><strong>ejus</strong></span> 
     </span>
    </p>
   </div>
   <div class='ocr_carea' id='block_1_10' title="bbox 213 789 1792 863">
    <p class='ocr_par' dir='ltr' id='par_1_10' title="bbox 213 789 1792 863">
     <span class='ocr_line' id='line_1_10' title="bbox 213 789 1792 863; baseline -0.003 -15"><span class='ocrx_word' id='word_1_61' title='bbox 213 795 380 863; x_wconf 82' lang='grc' dir='ltr'><strong>δόξης</strong></span> <span class='ocrx_word' id='word_1_62' title='bbox 428 793 618 846; x_wconf 87' lang='grc' dir='ltr'>τούτου</span> <span class='ocrx_word' id='word_1_63' title='bbox 664 789 1055 861; x_wconf 71' lang='grc' dir='ltr'>ἠγωνισμένοι,</span> <span class='ocrx_word' id='word_1_64' title='bbox 1090 789 1184 843; x_wconf 84' lang='grc' dir='ltr'>καὶ</span> <span class='ocrx_word' id='word_1_65' title='bbox 1227 789 1319 843; x_wconf 72' lang='grc' dir='ltr'><strong>τὸν</strong></span> <span class='ocrx_word' id='word_1_66' title='bbox 1349 789 1577 844; x_wconf 73' lang='grc' dir='ltr'>θάνατον</span> <span class='ocrx_word' id='word_1_67' title='bbox 1625 790 1792 844; x_wconf 87' lang='grc' dir='ltr'>αὑτοῦ</span> 
     </span>
    </p>
   </div>
   <div class='ocr_carea' id='block_1_11' title="bbox 220 885 620 957">
    <p class='ocr_par' dir='ltr' id='par_1_11' title="bbox 220 885 620 957">
     <span class='ocr_line' id='line_1_11' title="bbox 220 885 620 957; baseline -0.008 -18"><span class='ocrx_word' id='word_1_68' title='bbox 220 885 620 957; x_wconf 85' lang='grc' dir='ltr'>μιμησάμενοι.</span> 
     </span>
    </p>
   </div>
   <div class='ocr_carea' id='block_1_12' title="bbox 313 969 1226 1052">
    <p class='ocr_par' dir='ltr' id='par_1_12' title="bbox 313 969 1226 1052">
     <span class='ocr_line' id='line_1_12' title="bbox 313 969 1226 1052; baseline 0.001 -1"><span class='ocrx_word' id='word_1_69' title='bbox 313 969 316 972; x_wconf 58' lang='grc'><strong>’</strong></span> <span class='ocrx_word' id='word_1_70' title='bbox 786 997 1038 1052; x_wconf 74' lang='grc' dir='ltr'><strong>ΚΕΦΛΔ.</strong></span> <span class='ocrx_word' id='word_1_71' title='bbox 1082 989 1226 1052; x_wconf 76' lang='lat' dir='ltr'><strong>Ptz‘.</strong></span> 
     </span>
    </p>
   </div>
   <div class='ocr_carea' id='block_1_13' title="bbox 217 1089 1796 1213">
    <p class='ocr_par' dir='ltr' id='par_1_13' title="bbox 217 1089 1796 1213">
     <span class='ocr_line' id='line_1_13' title="bbox 217 1089 1796 1213; baseline 0.001 -71"><span class='ocrx_word' id='word_1_72' title='bbox 217 1090 386 1144; x_wconf 82' lang='grc' dir='ltr'>Διατι</span> <span class='ocrx_word' id='word_1_73' title='bbox 413 1089 482 1143; x_wconf 85' lang='grc' dir='ltr'>ἐκ</span> <span class='ocrx_word' id='word_1_74' title='bbox 529 1089 793 1152; x_wconf 74' lang='grc' dir='ltr'>παλαιοῦ</span> <span class='ocrx_word' id='word_1_75' title='bbox 835 1089 988 1213; x_wconf 55' lang='lat' dir='ltr'><strong>rapi:</strong></span> <span class='ocrx_word' id='word_1_76' title='bbox 1017 1093 1104 1156; x_wconf 83' lang='grc' dir='ltr'><strong>εις</strong></span> <span class='ocrx_word' id='word_1_77' title='bbox 1132 1091 1237 1143; x_wconf 79' lang='grc' dir='ltr'><strong>τὸν</strong></span> <span class='ocrx_word' id='word_1_78' title='bbox 1262 1089 1406 1143; x_wconf 80' lang='grc' dir='ltr'>νέον</span> <span class='ocrx_word' id='word_1_79' title='bbox 1431 1090 1504 1144; x_wconf 82' lang='grc' dir='ltr'>τὰ</span> <span class='ocrx_word' id='word_1_80' title='bbox 1531 1090 1796 1157; x_wconf 70' lang='grc' dir='ltr'>λείψανα</span> 
     </span>
     <span class='ocr_line' id='line_1_14' title="bbox 863 1177 1160 1213; baseline 0 0"><span class='ocrx_word' id='word_1_81' title='bbox 863 1179 903 1213; x_wconf 80' lang='grc' dir='ltr'><strong>ω</strong></span> <span class='ocrx_word' id='word_1_82' title='bbox 939 1177 1160 1213; x_wconf 75' lang='grc' dir='ltr'>οονται.</span> 
     </span>
    </p>
   </div>
   <div class='ocr_carea' id='block_1_14' title="bbox 861 1177 1160 1228">
    <p class='ocr_par' dir='ltr' id='par_1_14' title="bbox 861 1177 1160 1228">
     <span class='ocr_line' id='line_1_15' title="bbox 861 1177 1160 1228; baseline 0.003 -15"><span class='ocrx_word' id='word_1_83' title='bbox 861 1177 1160 1228; x_wconf 72' lang='grc' dir='ltr'>φερονται.</span> 
     </span>
    </p>
   </div>
   <div class='ocr_carea' id='block_1_15' title="bbox 293 1249 1796 1321">
    <p class='ocr_par' dir='ltr' id='par_1_15' title="bbox 293 1249 1796 1321">
     <span class='ocr_line' id='line_1_16' title="bbox 293 1249 1796 1321; baseline 0.002 -19"><span class='ocrx_word' id='word_1_84' title='bbox 293 1249 389 1302; x_wconf 80' lang='grc' dir='ltr'><strong>Διὸ</strong></span> <span class='ocrx_word' id='word_1_85' title='bbox 417 1251 512 1304; x_wconf 78' lang='lat' dir='ltr'><strong>xal</strong></span> <span class='ocrx_word' id='word_1_86' title='bbox 540 1251 680 1319; x_wconf 89' lang='grc' dir='ltr'><strong>μετά</strong></span> <span class='ocrx_word' id='word_1_87' title='bbox 710 1252 1048 1321; x_wconf 81' lang='grc' dir='ltr'><strong>προπομπῆς</strong></span> <span class='ocrx_word' id='word_1_88' title='bbox 1083 1250 1179 1303; x_wconf 74' lang='grc' dir='ltr'>καὶ</span> <span class='ocrx_word' id='word_1_89' title='bbox 1210 1250 1573 1320; x_wconf 83' lang='grc' dir='ltr'><strong>θυμιαμάτων</strong></span> <span class='ocrx_word' id='word_1_90' title='bbox 1601 1251 1796 1319; x_wconf 86' lang='grc' dir='ltr'>φώτων</span> 
     </span>
    </p>
   </div>
   <div class='ocr_carea' id='block_1_16' title="bbox 220 1341 1795 1413">
    <p class='ocr_par' dir='ltr' id='par_1_16' title="bbox 220 1341 1795 1413">
     <span class='ocr_line' id='line_1_17' title="bbox 220 1341 1795 1413; baseline 0.003 -22"><span class='ocrx_word' id='word_1_91' title='bbox 220 1356 283 1391; x_wconf 89' lang='grc' dir='ltr'><strong>τε</strong></span> <span class='ocrx_word' id='word_1_92' title='bbox 321 1341 417 1394; x_wconf 81' lang='grc' dir='ltr'>καὶ</span> <span class='ocrx_word' id='word_1_93' title='bbox 451 1341 633 1410; x_wconf 82' lang='grc' dir='ltr'>ὓμνων</span> <span class='ocrx_word' id='word_1_94' title='bbox 665 1343 728 1395; x_wconf 76' lang='grc' dir='ltr'>ἐκ</span> <span class='ocrx_word' id='word_1_95' title='bbox 769 1344 1127 1412; x_wconf 80' lang='grc' dir='ltr'><strong>παλαιοτέρου</strong></span> <span class='ocrx_word' id='word_1_96' title='bbox 1180 1344 1624 1413; x_wconf 83' lang='grc' dir='ltr'>προηγιασμένου</span> <span class='ocrx_word' id='word_1_97' title='bbox 1667 1343 1795 1396; x_wconf 88' lang='grc' dir='ltr'>ναοῦ</span> 
     </span>
    </p>
   </div>
   <div class='ocr_carea' id='block_1_17' title="bbox 225 1435 1799 1503">
    <p class='ocr_par' dir='ltr' id='par_1_17' title="bbox 225 1435 1799 1503">
     <span class='ocr_line' id='line_1_18' title="bbox 225 1435 1799 1503; baseline 0.001 -18"><span class='ocrx_word' id='word_1_98' title='bbox 225 1436 307 1496; x_wconf 84' lang='grc' dir='ltr'><strong>είς</strong></span> <span class='ocrx_word' id='word_1_99' title='bbox 338 1435 431 1487; x_wconf 82' lang='grc' dir='ltr'>τὸν</span> <span class='ocrx_word' id='word_1_100' title='bbox 477 1436 596 1489; x_wconf 81' lang='grc' dir='ltr'>νέον</span> <span class='ocrx_word' id='word_1_101' title='bbox 626 1437 877 1503; x_wconf 79' lang='grc' dir='ltr'><strong>ἄγονται,</strong></span> <span class='ocrx_word' id='word_1_102' title='bbox 923 1435 1232 1500; x_wconf 80' lang='grc' dir='ltr'>δεικνύντος</span> <span class='ocrx_word' id='word_1_103' title='bbox 1277 1437 1371 1490; x_wconf 90' lang='grc' dir='ltr'><strong>τοῦ</strong></span> <span class='ocrx_word' id='word_1_104' title='bbox 1420 1436 1604 1503; x_wconf 76' lang='grc' dir='ltr'>ἔργου,</span> <span class='ocrx_word' id='word_1_105' title='bbox 1640 1437 1721 1488; x_wconf 81' lang='grc' dir='ltr'>ὅτι</span> <span class='ocrx_word' id='word_1_106' title='bbox 1749 1436 1799 1487; x_wconf 76' lang='grc' dir='ltr'>οἱ</span> 
     </span>
    </p>
   </div>
   <div class='ocr_carea' id='block_1_18' title="bbox 231 1527 1798 1596">
    <p class='ocr_par' dir='ltr' id='par_1_18' title="bbox 231 1527 1798 1596">
     <span class='ocr_line' id='line_1_19' title="bbox 231 1527 1798 1596; baseline -0.002 -17"><span class='ocrx_word' id='word_1_107' title='bbox 231 1529 333 1594; x_wconf 70' lang='grc' dir='ltr'>μὲν</span> <span class='ocrx_word' id='word_1_108' title='bbox 369 1527 516 1593; x_wconf 82' lang='grc' dir='ltr'>ἆγιοι</span> <span class='ocrx_word' id='word_1_109' title='bbox 558 1527 644 1580; x_wconf 88' lang='grc' dir='ltr'><strong>ἀεί</strong></span> <span class='ocrx_word' id='word_1_110' title='bbox 675 1529 778 1580; x_wconf 90' lang='grc' dir='ltr'>εἰσι</span> <span class='ocrx_word' id='word_1_111' title='bbox 812 1528 950 1596; x_wconf 87' lang='grc' dir='ltr'><strong>μετά</strong></span> <span class='ocrx_word' id='word_1_112' title='bbox 991 1528 1087 1581; x_wconf 92' lang='grc' dir='ltr'><strong>τοῦ</strong></span> <span class='ocrx_word' id='word_1_113' title='bbox 1119 1527 1253 1582; x_wconf 86' lang='grc' dir='ltr'>Θεοῦ</span> <span class='ocrx_word' id='word_1_114' title='bbox 1280 1543 1293 1557; x_wconf 81' lang='lat'>&#39;</span> <span class='ocrx_word' id='word_1_115' title='bbox 1324 1528 1564 1595; x_wconf 80' lang='grc' dir='ltr'>γίνονται</span> <span class='ocrx_word' id='word_1_116' title='bbox 1615 1527 1672 1578; x_wconf 72' lang='grc' dir='ltr'><strong>δὲ</strong></span> <span class='ocrx_word' id='word_1_117' title='bbox 1704 1527 1798 1580; x_wconf 84' lang='grc' dir='ltr'>καὶ</span> 
     </span>
    </p>
   </div>
   <div class='ocr_carea' id='block_1_19' title="bbox 232 1615 1800 1690">
    <p class='ocr_par' dir='ltr' id='par_1_19' title="bbox 232 1615 1800 1690">
     <span class='ocr_line' id='line_1_20' title="bbox 232 1615 1800 1690; baseline 0 -20"><span class='ocrx_word' id='word_1_118' title='bbox 232 1619 356 1688; x_wconf 85' lang='grc' dir='ltr'>μεθ’</span> <span class='ocrx_word' id='word_1_119' title='bbox 406 1615 585 1688; x_wconf 78' lang='grc' dir='ltr'>ἡμῶν,</span> <span class='ocrx_word' id='word_1_120' title='bbox 636 1619 778 1673; x_wconf 87' lang='grc' dir='ltr'><strong>καθά</strong></span> <span class='ocrx_word' id='word_1_121' title='bbox 824 1620 852 1672; x_wconf 98' lang='lat'><strong>6</strong></span> <span class='ocrx_word' id='word_1_122' title='bbox 885 1621 1140 1690; x_wconf 80' lang='grc' dir='ltr'>Χριστός.</span> <span class='ocrx_word' id='word_1_123' title='bbox 1194 1620 1305 1672; x_wconf 87' lang='lat' dir='ltr'><strong>Kal</strong></span> <span class='ocrx_word' id='word_1_124' title='bbox 1351 1618 1800 1687; x_wconf 72' lang='grc' dir='ltr'>ιγκαινιζομένης</span> 
     </span>
    </p>
   </div>
   <div class='ocr_carea' id='block_1_20' title="bbox 228 1710 1799 1783">
    <p class='ocr_par' dir='ltr' id='par_1_20' title="bbox 228 1710 1799 1783">
     <span class='ocr_line' id='line_1_21' title="bbox 228 1710 1799 1783; baseline 0.001 -23"><span class='ocrx_word' id='word_1_125' title='bbox 228 1710 329 1778; x_wconf 85' lang='grc' dir='ltr'>τῆς</span> <span class='ocrx_word' id='word_1_126' title='bbox 360 1711 524 1763; x_wconf 74' lang='grc' dir='ltr'>αὐτοῦ</span> <span class='ocrx_word' id='word_1_127' title='bbox 571 1712 793 1781; x_wconf 80' lang='grc' dir='ltr'>χάριτος</span> <span class='ocrx_word' id='word_1_128' title='bbox 837 1714 897 1765; x_wconf 69' lang='grc' dir='ltr'>ὲν</span> <span class='ocrx_word' id='word_1_129' title='bbox 925 1715 1078 1783; x_wconf 76' lang='grc' dir='ltr'>ἡμῖν,</span> <span class='ocrx_word' id='word_1_130' title='bbox 1115 1714 1208 1766; x_wconf 73' lang='grc' dir='ltr'>καὶ</span> <span class='ocrx_word' id='word_1_131' title='bbox 1241 1711 1389 1765; x_wconf 75' lang='grc' dir='ltr'>οὗτοι</span> <span class='ocrx_word' id='word_1_132' title='bbox 1423 1713 1520 1764; x_wconf 78' lang='grc' dir='ltr'>σὺν</span> <span class='ocrx_word' id='word_1_133' title='bbox 1548 1714 1681 1780; x_wconf 79' lang='grc' dir='ltr'>ἡμῖν</span> <span class='ocrx_word' id='word_1_134' title='bbox 1712 1712 1799 1778; x_wconf 87' lang='grc' dir='ltr'>γί-</span> 
     </span>
    </p>
   </div>
   <div class='ocr_carea' id='block_1_21' title="bbox 233 1802 1800 1874">
    <p class='ocr_par' dir='ltr' id='par_1_21' title="bbox 233 1802 1800 1874">
     <span class='ocr_line' id='line_1_22' title="bbox 233 1802 1800 1874; baseline 0.008 -22"><span class='ocrx_word' id='word_1_135' title='bbox 233 1817 440 1856; x_wconf 86' lang='grc' dir='ltr'>νονται.</span> <span class='ocrx_word' id='word_1_136' title='bbox 493 1802 602 1855; x_wconf 91' lang='lat' dir='ltr'><strong>Kal</strong></span> <span class='ocrx_word' id='word_1_137' title='bbox 650 1802 839 1873; x_wconf 85' lang='grc' dir='ltr'>ὥσπερ</span> <span class='ocrx_word' id='word_1_138' title='bbox 894 1804 1034 1856; x_wconf 83' lang='grc' dir='ltr'><strong>κατά</strong></span> <span class='ocrx_word' id='word_1_139' title='bbox 1078 1804 1329 1874; x_wconf 82' lang='grc' dir='ltr'>διαδοχὴν</span> <span class='ocrx_word' id='word_1_140' title='bbox 1386 1806 1419 1872; x_wconf 77' lang='grc' dir='ltr'><strong>ἡ</strong></span> <span class='ocrx_word' id='word_1_141' title='bbox 1468 1804 1626 1872; x_wconf 83' lang='grc' dir='ltr'>χάρις</span> <span class='ocrx_word' id='word_1_142' title='bbox 1664 1803 1800 1872; x_wconf 68' lang='grc' dir='ltr'>πρὸς</span> 
     </span>
    </p>
   </div>
   <div class='ocr_carea' id='block_1_22' title="bbox 1893 781 3458 855">
    <p class='ocr_par' dir='ltr' id='par_1_22' title="bbox 1893 781 3458 855">
     <span class='ocr_line' id='line_1_23' title="bbox 1893 781 3458 855; baseline 0.004 -22"><span class='ocrx_word' id='word_1_143' title='bbox 1893 781 2116 852; x_wconf 78' lang='lat' dir='ltr'><strong>gloriam</strong></span> <span class='ocrx_word' id='word_1_144' title='bbox 2137 793 2501 847; x_wconf 83' lang='lat' dir='ltr'><strong>certaverunt,</strong></span> <span class='ocrx_word' id='word_1_145' title='bbox 2533 783 2814 855; x_wconf 86' lang='lat' dir='ltr'><strong>ipsiusque</strong></span> <span class='ocrx_word' id='word_1_146' title='bbox 2841 793 3067 838; x_wconf 89' lang='lat' dir='ltr'><strong>mortem</strong></span> <span class='ocrx_word' id='word_1_147' title='bbox 3093 785 3290 840; x_wconf 73' lang='lat' dir='ltr'><strong>inuitati</strong></span> <span class='ocrx_word' id='word_1_148' title='bbox 3311 796 3458 853; x_wconf 75' lang='lat' dir='ltr'><strong>sunt.</strong></span> 
     </span>
    </p>
   </div>
   <div class='ocr_carea' id='block_1_23' title="bbox 2457 980 2923 1040">
    <p class='ocr_par' dir='ltr' id='par_1_23' title="bbox 2457 980 2923 1040">
     <span class='ocr_line' id='line_1_24' title="bbox 2457 980 2923 1040; baseline 0.009 -4"><span class='ocrx_word' id='word_1_149' title='bbox 2457 980 2683 1036; x_wconf 83' lang='lat' dir='ltr'><strong>CAPUT</strong></span> <span class='ocrx_word' id='word_1_150' title='bbox 2714 983 2923 1040; x_wconf 77' lang='lat' dir='ltr'><strong>CXVII.</strong></span> 
     </span>
    </p>
   </div>
   <div class='ocr_carea' id='block_1_24' title="bbox 1897 1075 3458 1149">
    <p class='ocr_par' dir='ltr' id='par_1_24' title="bbox 1897 1075 3458 1149">
     <span class='ocr_line' id='line_1_25' title="bbox 1897 1075 3458 1149; baseline 0.001 -19"><span class='ocrx_word' id='word_1_151' title='bbox 1897 1075 2004 1131; x_wconf 87' lang='lat' dir='ltr'><strong>Cur</strong></span> <span class='ocrx_word' id='word_1_152' title='bbox 2047 1091 2110 1129; x_wconf 77' lang='lat' dir='ltr'><strong>ex</strong></span> <span class='ocrx_word' id='word_1_153' title='bbox 2155 1078 2370 1144; x_wconf 82' lang='lat' dir='ltr'><strong>antiquo</strong></span> <span class='ocrx_word' id='word_1_154' title='bbox 2397 1075 2586 1143; x_wconf 82' lang='lat' dir='ltr'><strong>templo</strong></span> <span class='ocrx_word' id='word_1_155' title='bbox 2605 1077 2666 1129; x_wconf 69' lang='grc' dir='ltr'><strong>ἰιι</strong></span> <span class='ocrx_word' id='word_1_156' title='bbox 2690 1093 2876 1130; x_wconf 79' lang='lat' dir='ltr'><strong>novum</strong></span> <span class='ocrx_word' id='word_1_157' title='bbox 2903 1087 3177 1145; x_wconf 80' lang='lat' dir='ltr'><strong>portentur</strong></span> <span class='ocrx_word' id='word_1_158' title='bbox 3204 1079 3458 1149; x_wconf 76' lang='lat' dir='ltr'><strong>reliqniw.</strong></span> 
     </span>
    </p>
   </div>
   <div class='ocr_carea' id='block_1_25' title="bbox 1969 1233 3464 1303">
    <p class='ocr_par' dir='ltr' id='par_1_25' title="bbox 1969 1233 3464 1303">
     <span class='ocr_line' id='line_1_26' title="bbox 1969 1233 3464 1303; baseline 0.001 -17"><span class='ocrx_word' id='word_1_159' title='bbox 1969 1233 2092 1286; x_wconf 83' lang='lat' dir='ltr'><strong>Ideo</strong></span> <span class='ocrx_word' id='word_1_160' title='bbox 2144 1249 2263 1287; x_wconf 90' lang='lat' dir='ltr'><strong>cum</strong></span> <span class='ocrx_word' id='word_1_161' title='bbox 2321 1249 2538 1303; x_wconf 82' lang='lat' dir='ltr'><strong>pompa,</strong></span> <span class='ocrx_word' id='word_1_162' title='bbox 2602 1233 3030 1298; x_wconf 87' lang='lat' dir='ltr'><strong>thuriﬁcatione,</strong></span> <span class='ocrx_word' id='word_1_163' title='bbox 3080 1233 3378 1289; x_wconf 85' lang='lat' dir='ltr'><strong>luminibus</strong></span> <span class='ocrx_word' id='word_1_164' title='bbox 3409 1245 3464 1289; x_wconf 89' lang='lat' dir='ltr'><strong>ct</strong></span> 
     </span>
    </p>
   </div>
   <div class='ocr_carea' id='block_1_26' title="bbox 1901 1320 3464 1395">
    <p class='ocr_par' dir='ltr' id='par_1_26' title="bbox 1901 1320 3464 1395">
     <span class='ocr_line' id='line_1_27' title="bbox 1901 1320 3464 1395; baseline 0.001 -17"><span class='ocrx_word' id='word_1_165' title='bbox 1901 1325 2116 1395; x_wconf 83' lang='lat' dir='ltr'><strong>hymnis</strong></span> <span class='ocrx_word' id='word_1_166' title='bbox 2147 1326 2211 1378; x_wconf 77' lang='lat' dir='ltr'><strong>ex</strong></span> <span class='ocrx_word' id='word_1_167' title='bbox 2238 1327 2541 1394; x_wconf 74' lang='lat' dir='ltr'><strong>antiquiore</strong></span> <span class='ocrx_word' id='word_1_168' title='bbox 2585 1320 2793 1394; x_wconf 87' lang='lat' dir='ltr'><strong>templo</strong></span> <span class='ocrx_word' id='word_1_169' title='bbox 2819 1326 2968 1393; x_wconf 88' lang='lat' dir='ltr'><strong>prius</strong></span> <span class='ocrx_word' id='word_1_170' title='bbox 3025 1337 3348 1380; x_wconf 85' lang='lat' dir='ltr'><strong>consecrato</strong></span> <span class='ocrx_word' id='word_1_171' title='bbox 3410 1326 3464 1380; x_wconf 93' lang='lat' dir='ltr'><strong>in</strong></span> 
     </span>
    </p>
   </div>
   <div class='ocr_carea' id='block_1_27' title="bbox 1906 1418 3466 1488">
    <p class='ocr_par' dir='ltr' id='par_1_27' title="bbox 1906 1418 3466 1488">
     <span class='ocr_line' id='line_1_28' title="bbox 1906 1418 3466 1488; baseline 0.001 -20"><span class='ocrx_word' id='word_1_172' title='bbox 1906 1431 2102 1469; x_wconf 92' lang='lat' dir='ltr'><strong>novum</strong></span> <span class='ocrx_word' id='word_1_173' title='bbox 2141 1426 2450 1484; x_wconf 85' lang='lat' dir='ltr'><strong>portantur,</strong></span> <span class='ocrx_word' id='word_1_174' title='bbox 2481 1433 2642 1486; x_wconf 86' lang='lat' dir='ltr'><strong>opere</strong></span> <span class='ocrx_word' id='word_1_175' title='bbox 2685 1418 3047 1488; x_wconf 76' lang='lat' dir='ltr'><strong>significante,</strong></span> <span class='ocrx_word' id='word_1_176' title='bbox 3077 1418 3221 1485; x_wconf 86' lang='lat' dir='ltr'><strong>quod</strong></span> <span class='ocrx_word' id='word_1_177' title='bbox 3290 1419 3466 1471; x_wconf 87' lang='lat' dir='ltr'><strong>sancti</strong></span> 
     </span>
    </p>
   </div>
   <div class='ocr_carea' id='block_1_28' title="bbox 1902 1506 3464 1576">
    <p class='ocr_par' dir='ltr' id='par_1_28' title="bbox 1902 1506 3464 1576">
     <span class='ocr_line' id='line_1_29' title="bbox 1902 1506 3464 1576; baseline 0.003 -20"><span class='ocrx_word' id='word_1_178' title='bbox 1902 1506 2118 1574; x_wconf 82' lang='lat' dir='ltr'><strong>quidem</strong></span> <span class='ocrx_word' id='word_1_179' title='bbox 2143 1523 2357 1576; x_wconf 83' lang='lat' dir='ltr'><strong>semper</strong></span> <span class='ocrx_word' id='word_1_180' title='bbox 2383 1524 2504 1560; x_wconf 89' lang='lat' dir='ltr'><strong>eum</strong></span> <span class='ocrx_word' id='word_1_181' title='bbox 2543 1508 2651 1561; x_wconf 83' lang='lat' dir='ltr'><strong>Deo</strong></span> <span class='ocrx_word' id='word_1_182' title='bbox 2689 1517 2836 1571; x_wconf 88' lang='lat' dir='ltr'><strong>sunt,</strong></span> <span class='ocrx_word' id='word_1_183' title='bbox 2863 1509 3003 1561; x_wconf 93' lang='lat' dir='ltr'><strong>ﬁunt</strong></span> <span class='ocrx_word' id='word_1_184' title='bbox 3058 1519 3241 1562; x_wconf 88' lang='lat' dir='ltr'><strong>autem</strong></span> <span class='ocrx_word' id='word_1_185' title='bbox 3303 1510 3464 1561; x_wconf 87' lang='lat' dir='ltr'><strong>etiam</strong></span> 
     </span>
    </p>
   </div>
   <div class='ocr_carea' id='block_1_29' title="bbox 1905 1596 3467 1665">
    <p class='ocr_par' dir='ltr' id='par_1_29' title="bbox 1905 1596 3467 1665">
     <span class='ocr_line' id='line_1_30' title="bbox 1905 1596 3467 1665; baseline -0.001 -12"><span class='ocrx_word' id='word_1_186' title='bbox 1905 1600 2212 1663; x_wconf 76' lang='lat' dir='ltr'><strong>nobiscum,</strong></span> <span class='ocrx_word' id='word_1_187' title='bbox 2251 1601 2463 1654; x_wconf 71' lang='lat' dir='ltr'><strong>sicutct</strong></span> <span class='ocrx_word' id='word_1_188' title='bbox 2500 1600 2792 1665; x_wconf 82' lang='lat' dir='ltr'><strong>Christus;</strong></span> <span class='ocrx_word' id='word_1_189' title='bbox 2827 1609 2879 1653; x_wconf 85' lang='lat' dir='ltr'><strong>et</strong></span> <span class='ocrx_word' id='word_1_190' title='bbox 2923 1596 3050 1652; x_wconf 83' lang='lat' dir='ltr'><strong>cum</strong></span> <span class='ocrx_word' id='word_1_191' title='bbox 3089 1601 3380 1654; x_wconf 76' lang='lat' dir='ltr'><strong>innovatur</strong></span> <span class='ocrx_word' id='word_1_192' title='bbox 3412 1601 3467 1654; x_wconf 90' lang='lat' dir='ltr'><strong>in</strong></span> 
     </span>
    </p>
   </div>
   <div class='ocr_carea' id='block_1_30' title="bbox 1905 1692 3468 1761">
    <p class='ocr_par' dir='ltr' id='par_1_30' title="bbox 1905 1692 3468 1761">
     <span class='ocr_line' id='line_1_31' title="bbox 1905 1692 3468 1761; baseline -0.001 -14"><span class='ocrx_word' id='word_1_193' title='bbox 1905 1693 2063 1747; x_wconf 86' lang='lat' dir='ltr'><strong>nobis</strong></span> <span class='ocrx_word' id='word_1_194' title='bbox 2090 1693 2259 1760; x_wconf 88' lang='lat' dir='ltr'><strong>ipsius</strong></span> <span class='ocrx_word' id='word_1_195' title='bbox 2307 1693 2503 1761; x_wconf 77' lang='lat' dir='ltr'><strong>gratia,</strong></span> <span class='ocrx_word' id='word_1_196' title='bbox 2536 1693 2699 1748; x_wconf 80' lang='lat' dir='ltr'><strong>simul</strong></span> <span class='ocrx_word' id='word_1_197' title='bbox 2737 1692 2828 1747; x_wconf 75' lang='lat' dir='ltr'><strong>isri</strong></span> <span class='ocrx_word' id='word_1_198' title='bbox 2862 1693 3148 1747; x_wconf 86' lang='lat' dir='ltr'><strong>nobiscum</strong></span> <span class='ocrx_word' id='word_1_199' title='bbox 3212 1703 3359 1746; x_wconf 89' lang='lat' dir='ltr'><strong>sunt.</strong></span> <span class='ocrx_word' id='word_1_200' title='bbox 3405 1694 3468 1747; x_wconf 85' lang='lat' dir='ltr'><strong>Et</strong></span> 
     </span>
    </p>
   </div>
   <div class='ocr_carea' id='block_1_31' title="bbox 1904 1785 3466 1856">
    <p class='ocr_par' dir='ltr' id='par_1_31' title="bbox 1904 1785 3466 1856">
     <span class='ocr_line' id='line_1_32' title="bbox 1904 1785 3466 1856; baseline -0.001 -18"><span class='ocrx_word' id='word_1_201' title='bbox 1904 1785 2364 1854; x_wconf 84' lang='lat' dir='ltr'><strong>quemadmodum</strong></span> <span class='ocrx_word' id='word_1_202' title='bbox 2401 1800 2491 1852; x_wconf 87' lang='lat' dir='ltr'><strong>per</strong></span> <span class='ocrx_word' id='word_1_203' title='bbox 2515 1786 2861 1840; x_wconf 86' lang='lat' dir='ltr'><strong>t-aditionem</strong></span> <span class='ocrx_word' id='word_1_204' title='bbox 2887 1787 2956 1838; x_wconf 86' lang='lat' dir='ltr'><strong>ad</strong></span> <span class='ocrx_word' id='word_1_205' title='bbox 2988 1800 3083 1840; x_wconf 87' lang='lat' dir='ltr'><strong>nos</strong></span> <span class='ocrx_word' id='word_1_206' title='bbox 3101 1786 3274 1856; x_wconf 88' lang='lat' dir='ltr'><strong>gratia</strong></span> <span class='ocrx_word' id='word_1_207' title='bbox 3301 1787 3466 1847; x_wconf 85' lang='lat' dir='ltr'><strong>venit,</strong></span> 
     </span>
    </p>
   </div>
   <div class='ocr_carea' id='block_1_32' title="bbox 232 1867 1906 1965">
    <p class='ocr_par' dir='ltr' id='par_1_32' title="bbox 232 1867 1876 1965">
     <span class='ocr_line' id='line_1_33' title="bbox 232 1867 1876 1965; baseline -0.002 -18"><span class='ocrx_word' id='word_1_208' title='bbox 232 1894 406 1963; x_wconf 80' lang='grc' dir='ltr'>ἡμᾶς,</span> <span class='ocrx_word' id='word_1_209' title='bbox 438 1894 513 1956; x_wconf 84' lang='grc' dir='ltr'>ὡς</span> <span class='ocrx_word' id='word_1_210' title='bbox 548 1897 655 1949; x_wconf 68' lang='lat' dir='ltr'><strong>ana</strong></span> <span class='ocrx_word' id='word_1_211' title='bbox 689 1897 782 1950; x_wconf 86' lang='grc' dir='ltr'><strong>τοῦ</strong></span> <span class='ocrx_word' id='word_1_212' title='bbox 807 1867 1064 1965; x_wconf 74' lang='grc' dir='ltr'>’Σωτῆρος</span> <span class='ocrx_word' id='word_1_213' title='bbox 1093 1897 1180 1950; x_wconf 90' lang='grc' dir='ltr'>διά</span> <span class='ocrx_word' id='word_1_214' title='bbox 1226 1867 1334 1949; x_wconf 66' lang='grc' dir='ltr'><strong>τῶν</strong></span> <span class='ocrx_word' id='word_1_215' title='bbox 1364 1867 1676 1949; x_wconf 37' lang='lat' dir='ltr'><strong>regem</strong></span> <span class='ocrx_word' id='word_1_216' title='bbox 1709 1867 1804 1947; x_wconf 43' lang='lat' dir='ltr'><strong>aa</strong></span> <span class='ocrx_word' id='word_1_217' title='bbox 1836 1867 1876 1920; x_wconf 77' lang='grc' dir='ltr'><strong><em>Β</em></strong></span> 
     </span>
    </p>
   </div>
   <div class='ocr_carea' id='block_1_33' title="bbox 1794 1867 3468 1965">
    <p class='ocr_par' dir='ltr' id='par_1_33' title="bbox 1794 1867 3468 1947">
     <span class='ocr_line' id='line_1_34' title="bbox 1794 1867 3468 1947; baseline 0.001 -19"><span class='ocrx_word' id='word_1_218' title='bbox 1794 1909 1804 1944; x_wconf 62' lang='grc' dir='ltr'>ι</span> <span class='ocrx_word' id='word_1_219' title='bbox 1836 1867 1876 1920; x_wconf 83' lang='grc' dir='ltr'><strong><em>Β</em></strong></span> <span class='ocrx_word' id='word_1_220' title='bbox 1908 1887 2164 1945; x_wconf 83' lang='lat' dir='ltr'><strong>tauquam</strong></span> <span class='ocrx_word' id='word_1_221' title='bbox 2200 1893 2228 1930; x_wconf 88' lang='lat' dir='ltr'><strong>a</strong></span> <span class='ocrx_word' id='word_1_222' title='bbox 2266 1877 2549 1930; x_wconf 87' lang='lat' dir='ltr'><strong>Salvatore</strong></span> <span class='ocrx_word' id='word_1_223' title='bbox 2584 1894 2678 1945; x_wconf 90' lang='lat' dir='ltr'><strong>per</strong></span> <span class='ocrx_word' id='word_1_224' title='bbox 2722 1881 3002 1947; x_wconf 83' lang='lat' dir='ltr'><strong>apostolos</strong></span> <span class='ocrx_word' id='word_1_225' title='bbox 3043 1890 3468 1933; x_wconf 86' lang='lat' dir='ltr'><strong>ct-successores</strong></span> 
     </span>
    </p>
   </div>
   <div class='ocr_carea' id='block_1_34' title="bbox 232 1988 1804 2061">
    <p class='ocr_par' dir='ltr' id='par_1_34' title="bbox 232 1988 1804 2061">
     <span class='ocr_line' id='line_1_35' title="bbox 232 1988 1804 2061; baseline -0.001 -22"><span class='ocrx_word' id='word_1_226' title='bbox 232 1988 347 2041; x_wconf 86' lang='grc' dir='ltr'><strong>τῶν</strong></span> <span class='ocrx_word' id='word_1_227' title='bbox 376 1990 634 2059; x_wconf 83' lang='grc' dir='ltr'>διαδόχων</span> <span class='ocrx_word' id='word_1_228' title='bbox 661 1988 824 2044; x_wconf 78' lang='grc' dir='ltr'>αὑτοῦ</span> <span class='ocrx_word' id='word_1_229' title='bbox 857 1990 1014 2061; x_wconf 79' lang='grc' dir='ltr'>ἄχρις</span> <span class='ocrx_word' id='word_1_230' title='bbox 1040 1990 1199 2059; x_wconf 80' lang='grc' dir='ltr'>ἡμῶν</span> <span class='ocrx_word' id='word_1_231' title='bbox 1221 1989 1440 2060; x_wconf 78' lang='grc' dir='ltr'>ἔρχεται</span> <span class='ocrx_word' id='word_1_232' title='bbox 1462 1989 1550 2043; x_wconf 83' lang='grc' dir='ltr'>διὰ</span> <span class='ocrx_word' id='word_1_233' title='bbox 1574 1989 1670 2058; x_wconf 84' lang='grc' dir='ltr'>τῆς</span> <span class='ocrx_word' id='word_1_234' title='bbox 1691 2004 1804 2056; x_wconf 82' lang='grc' dir='ltr'>χει-</span> 
     </span>
    </p>
   </div>
   <div class='ocr_carea' id='block_1_35' title="bbox 239 2080 1807 2152">
    <p class='ocr_par' dir='ltr' id='par_1_35' title="bbox 239 2080 1807 2152">
     <span class='ocr_line' id='line_1_36' title="bbox 239 2080 1807 2152; baseline -0.001 -20"><span class='ocrx_word' id='word_1_235' title='bbox 239 2082 508 2150; x_wconf 87' lang='grc' dir='ltr'>ροτονίας,</span> <span class='ocrx_word' id='word_1_236' title='bbox 531 2081 673 2135; x_wconf 89' lang='grc' dir='ltr'>οῦτω</span> <span class='ocrx_word' id='word_1_237' title='bbox 704 2084 793 2135; x_wconf 78' lang='grc' dir='ltr'>καὶ</span> <span class='ocrx_word' id='word_1_238' title='bbox 815 2084 902 2137; x_wconf 84' lang='grc' dir='ltr'>διὰ</span> <span class='ocrx_word' id='word_1_239' title='bbox 932 2083 1039 2137; x_wconf 90' lang='grc' dir='ltr'><strong>τῶν</strong></span> <span class='ocrx_word' id='word_1_240' title='bbox 1064 2084 1294 2152; x_wconf 87' lang='grc' dir='ltr'>πρῶτων</span> <span class='ocrx_word' id='word_1_241' title='bbox 1330 2083 1470 2135; x_wconf 84' lang='grc' dir='ltr'>ναῶν</span> <span class='ocrx_word' id='word_1_242' title='bbox 1509 2082 1587 2144; x_wconf 83' lang='grc' dir='ltr'><strong>είς</strong></span> <span class='ocrx_word' id='word_1_243' title='bbox 1617 2080 1807 2132; x_wconf 87' lang='grc' dir='ltr'>νεωτέ-</span> 
     </span>
    </p>
   </div>
   <div class='ocr_carea' id='block_1_36' title="bbox 239 2169 1801 2243">
    <p class='ocr_par' dir='ltr' id='par_1_36' title="bbox 239 2169 1801 2243">
     <span class='ocr_line' id='line_1_37' title="bbox 239 2169 1801 2243; baseline 0 -21"><span class='ocrx_word' id='word_1_244' title='bbox 239 2186 366 2238; x_wconf 83' lang='grc' dir='ltr'>ρους</span> <span class='ocrx_word' id='word_1_245' title='bbox 395 2173 552 2233; x_wconf 89' lang='grc' dir='ltr'>ναούς</span> <span class='ocrx_word' id='word_1_246' title='bbox 575 2188 590 2204; x_wconf 78' lang='grc' dir='ltr'><strong>ο</strong></span> <span class='ocrx_word' id='word_1_247' title='bbox 625 2173 700 2235; x_wconf 87' lang='grc' dir='ltr'>ὠς</span> <span class='ocrx_word' id='word_1_248' title='bbox 730 2175 823 2226; x_wconf 73' lang='grc' dir='ltr'>καὶ</span> <span class='ocrx_word' id='word_1_249' title='bbox 847 2174 907 2226; x_wconf 80' lang='grc' dir='ltr'><strong>τὺ</strong></span> <span class='ocrx_word' id='word_1_250' title='bbox 951 2174 1118 2242; x_wconf 86' lang='grc' dir='ltr'>μύρον</span> <span class='ocrx_word' id='word_1_251' title='bbox 1147 2175 1234 2227; x_wconf 85' lang='grc' dir='ltr'><strong>διά</strong></span> <span class='ocrx_word' id='word_1_252' title='bbox 1261 2171 1355 2226; x_wconf 87' lang='grc' dir='ltr'><strong>τοῦ</strong></span> <span class='ocrx_word' id='word_1_253' title='bbox 1398 2173 1572 2243; x_wconf 84' lang='grc' dir='ltr'>μύρου</span> <span class='ocrx_word' id='word_1_254' title='bbox 1597 2173 1683 2225; x_wconf 67' lang='grc' dir='ltr'><strong>διὲ</strong></span> <span class='ocrx_word' id='word_1_255' title='bbox 1709 2169 1801 2223; x_wconf 91' lang='grc' dir='ltr'><strong>τοῦ</strong></span> 
     </span>
    </p>
   </div>
   <div class='ocr_carea' id='block_1_37' title="bbox 236 2259 1801 2333">
    <p class='ocr_par' dir='ltr' id='par_1_37' title="bbox 236 2259 1801 2333">
     <span class='ocr_line' id='line_1_38' title="bbox 236 2259 1801 2333; baseline -0.001 -21"><span class='ocrx_word' id='word_1_256' title='bbox 236 2263 601 2330; x_wconf 78' lang='grc' dir='ltr'>κεχρισμένου</span> <span class='ocrx_word' id='word_1_257' title='bbox 625 2262 1007 2333; x_wconf 83' lang='grc' dir='ltr'>θυσιαστηρίου</span> <span class='ocrx_word' id='word_1_258' title='bbox 1033 2262 1352 2332; x_wconf 72' lang='grc' dir='ltr'>τελούμενον</span> <span class='ocrx_word' id='word_1_259' title='bbox 1372 2275 1384 2292; x_wconf 82' lang='grc'><strong>⁸</strong></span> <span class='ocrx_word' id='word_1_260' title='bbox 1417 2263 1479 2314; x_wconf 82' lang='grc' dir='ltr'>ὲκ</span> <span class='ocrx_word' id='word_1_261' title='bbox 1507 2260 1694 2313; x_wconf 90' lang='grc' dir='ltr'>τούτου</span> <span class='ocrx_word' id='word_1_262' title='bbox 1724 2259 1801 2312; x_wconf 82' lang='grc' dir='ltr'><strong>δι-</strong></span> 
     </span>
    </p>
   </div>
   <div class='ocr_carea' id='block_1_38' title="bbox 233 2353 1806 2426">
    <p class='ocr_par' dir='ltr' id='par_1_38' title="bbox 233 2353 1806 2426">
     <span class='ocr_line' id='line_1_39' title="bbox 233 2353 1806 2426; baseline 0 -20"><span class='ocrx_word' id='word_1_263' title='bbox 233 2353 584 2424; x_wconf 77' lang='grc' dir='ltr'>δασκομένων</span> <span class='ocrx_word' id='word_1_264' title='bbox 606 2356 783 2424; x_wconf 75' lang='grc' dir='ltr'>ἡμῶν,</span> <span class='ocrx_word' id='word_1_265' title='bbox 809 2356 884 2421; x_wconf 84' lang='grc' dir='ltr'><strong>ὡς</strong></span> <span class='ocrx_word' id='word_1_266' title='bbox 913 2357 1010 2426; x_wconf 81' lang='grc' dir='ltr'><strong>οὐχ</strong></span> <span class='ocrx_word' id='word_1_267' title='bbox 1032 2359 1189 2426; x_wconf 74' lang='grc' dir='ltr'>ἡμεῖς</span> <span class='ocrx_word' id='word_1_268' title='bbox 1207 2355 1300 2424; x_wconf 78' lang='grc' dir='ltr'>ἀφ’</span> <span class='ocrx_word' id='word_1_269' title='bbox 1325 2354 1499 2425; x_wconf 74' lang='grc' dir='ltr'>ἡμῶν,</span> <span class='ocrx_word' id='word_1_270' title='bbox 1520 2354 1680 2422; x_wconf 74' lang='grc' dir='ltr'>ἀλλ’ἢ</span> <span class='ocrx_word' id='word_1_271' title='bbox 1706 2353 1806 2421; x_wconf 82' lang='grc' dir='ltr'><strong>χά-</strong></span> 
     </span>
    </p>
   </div>
   <div class='ocr_carea' id='block_1_39' title="bbox 238 2447 1806 2520">
    <p class='ocr_par' dir='ltr' id='par_1_39' title="bbox 238 2447 1806 2520">
     <span class='ocr_line' id='line_1_40' title="bbox 238 2447 1806 2520; baseline 0.001 -20"><span class='ocrx_word' id='word_1_272' title='bbox 238 2465 326 2517; x_wconf 86' lang='grc' dir='ltr'><strong>ρις</strong></span> <span class='ocrx_word' id='word_1_273' title='bbox 355 2448 449 2501; x_wconf 89' lang='grc' dir='ltr'><strong>τοῦ</strong></span> <span class='ocrx_word' id='word_1_274' title='bbox 495 2450 809 2519; x_wconf 84' lang='grc' dir='ltr'>Πνεύματος</span> <span class='ocrx_word' id='word_1_275' title='bbox 842 2451 1074 2520; x_wconf 78' lang='grc' dir='ltr'>ἐνεργεῖ,</span> <span class='ocrx_word' id='word_1_276' title='bbox 1107 2451 1231 2520; x_wconf 81' lang='grc' dir='ltr'>ἦτις</span> <span class='ocrx_word' id='word_1_277' title='bbox 1293 2450 1398 2504; x_wconf 76' lang='grc' dir='ltr'>ἀπὸ</span> <span class='ocrx_word' id='word_1_278' title='bbox 1436 2447 1528 2502; x_wconf 89' lang='grc' dir='ltr'><strong>τοῦ</strong></span> <span class='ocrx_word' id='word_1_279' title='bbox 1557 2449 1806 2516; x_wconf 64' lang='grc' dir='ltr'>Σωτῆρος</span> 
     </span>
    </p>
   </div>
   <div class='ocr_carea' id='block_1_40' title="bbox 235 2538 1808 2611">
    <p class='ocr_par' dir='ltr' id='par_1_40' title="bbox 235 2538 1808 2611">
     <span class='ocr_line' id='line_1_41' title="bbox 235 2538 1808 2611; baseline -0.001 -20"><span class='ocrx_word' id='word_1_280' title='bbox 235 2538 397 2608; x_wconf 82' lang='grc' dir='ltr'>ήμῶν</span> <span class='ocrx_word' id='word_1_281' title='bbox 439 2539 514 2602; x_wconf 85' lang='grc' dir='ltr'><strong>ὡς</strong></span> <span class='ocrx_word' id='word_1_282' title='bbox 543 2543 722 2611; x_wconf 84' lang='grc' dir='ltr'>πηγῆς</span> <span class='ocrx_word' id='word_1_283' title='bbox 759 2543 1093 2611; x_wconf 80' lang='grc' dir='ltr'>ἀρξαμένης,</span> <span class='ocrx_word' id='word_1_284' title='bbox 1125 2543 1211 2595; x_wconf 77' lang='grc' dir='ltr'>διὰ</span> <span class='ocrx_word' id='word_1_285' title='bbox 1263 2541 1372 2594; x_wconf 91' lang='grc' dir='ltr'><strong>τῶν</strong></span> <span class='ocrx_word' id='word_1_286' title='bbox 1412 2539 1668 2610; x_wconf 80' lang='grc' dir='ltr'>μαθητῶν</span> <span class='ocrx_word' id='word_1_287' title='bbox 1711 2539 1808 2590; x_wconf 82' lang='lat' dir='ltr'><strong>a6-</strong></span> 
     </span>
    </p>
   </div>
   <div class='ocr_carea' id='block_1_41' title="bbox 235 2631 1809 2703">
    <p class='ocr_par' dir='ltr' id='par_1_41' title="bbox 235 2631 1809 2703">
     <span class='ocr_line' id='line_1_42' title="bbox 235 2631 1809 2703; baseline -0.001 -19"><span class='ocrx_word' id='word_1_288' title='bbox 235 2631 334 2684; x_wconf 89' lang='grc' dir='ltr'><strong>τοῦ</strong></span> <span class='ocrx_word' id='word_1_289' title='bbox 369 2633 459 2684; x_wconf 76' lang='grc' dir='ltr'>καὶ</span> <span class='ocrx_word' id='word_1_290' title='bbox 491 2633 599 2684; x_wconf 91' lang='grc' dir='ltr'><strong>τῶν</strong></span> <span class='ocrx_word' id='word_1_291' title='bbox 642 2635 782 2687; x_wconf 73' lang='grc' dir='ltr'>κατὰ</span> <span class='ocrx_word' id='word_1_292' title='bbox 817 2636 1044 2702; x_wconf 73' lang='grc' dir='ltr'>καιροὺς</span> <span class='ocrx_word' id='word_1_293' title='bbox 1094 2633 1354 2703; x_wconf 85' lang='grc' dir='ltr'>Πατέρων</span> <span class='ocrx_word' id='word_1_294' title='bbox 1385 2633 1464 2696; x_wconf 81' lang='grc' dir='ltr'>εις</span> <span class='ocrx_word' id='word_1_295' title='bbox 1509 2633 1654 2702; x_wconf 80' lang='grc' dir='ltr'>ἡμᾶς</span> <span class='ocrx_word' id='word_1_296' title='bbox 1689 2631 1809 2700; x_wconf 75' lang='grc' dir='ltr'><strong>ἐλή-</strong></span> 
     </span>
    </p>
   </div>
   <div class='ocr_carea' id='block_1_42' title="bbox 236 2722 1803 2795">
    <p class='ocr_par' dir='ltr' id='par_1_42' title="bbox 236 2722 1803 2795">
     <span class='ocr_line' id='line_1_43' title="bbox 236 2722 1803 2795; baseline -0.002 -20"><span class='ocrx_word' id='word_1_297' title='bbox 236 2724 388 2778; x_wconf 89' lang='grc' dir='ltr'>λυθε.</span> <span class='ocrx_word' id='word_1_298' title='bbox 432 2723 541 2777; x_wconf 87' lang='lat' dir='ltr'><strong>Kal</strong></span> <span class='ocrx_word' id='word_1_299' title='bbox 573 2726 774 2790; x_wconf 84' lang='grc' dir='ltr'>μᾶλλον</span> <span class='ocrx_word' id='word_1_300' title='bbox 804 2728 862 2779; x_wconf 74' lang='grc' dir='ltr'>τὸ</span> <span class='ocrx_word' id='word_1_301' title='bbox 895 2726 1134 2794; x_wconf 73' lang='grc' dir='ltr'>ἀσφαλὲς</span> <span class='ocrx_word' id='word_1_302' title='bbox 1163 2727 1259 2779; x_wconf 72' lang='grc' dir='ltr'>καὶ</span> <span class='ocrx_word' id='word_1_303' title='bbox 1310 2724 1523 2795; x_wconf 78' lang='grc' dir='ltr'>βέϐαιον</span> <span class='ocrx_word' id='word_1_304' title='bbox 1563 2722 1758 2791; x_wconf 77' lang='grc' dir='ltr'>ἔχομεν</span> <span class='ocrx_word' id='word_1_305' title='bbox 1789 2738 1803 2752; x_wconf 79' lang='grc' dir='ltr'><strong>ο</strong></span> 
     </span>
    </p>
   </div>
   <div class='ocr_carea' id='block_1_43' title="bbox 237 2817 1807 2888">
    <p class='ocr_par' dir='ltr' id='par_1_43' title="bbox 237 2817 1807 2888">
     <span class='ocr_line' id='line_1_44' title="bbox 237 2817 1807 2888; baseline 0 -18"><span class='ocrx_word' id='word_1_306' title='bbox 237 2819 322 2871; x_wconf 84' lang='grc' dir='ltr'>ὅτι</span> <span class='ocrx_word' id='word_1_307' title='bbox 347 2818 442 2886; x_wconf 82' lang='grc' dir='ltr'>οὐχ</span> <span class='ocrx_word' id='word_1_308' title='bbox 477 2819 607 2887; x_wconf 81' lang='grc' dir='ltr'>ἡμῖν</span> <span class='ocrx_word' id='word_1_309' title='bbox 642 2817 975 2888; x_wconf 63' lang='grc' dir='ltr'>θαρροῦμεν,</span> <span class='ocrx_word' id='word_1_310' title='bbox 1025 2818 1160 2871; x_wconf 85' lang='grc' dir='ltr'><strong>ἀλλά</strong></span> <span class='ocrx_word' id='word_1_311' title='bbox 1195 2821 1259 2887; x_wconf 82' lang='grc' dir='ltr'><strong>τῇ</strong></span> <span class='ocrx_word' id='word_1_312' title='bbox 1294 2818 1382 2870; x_wconf 81' lang='grc' dir='ltr'>διὰ</span> <span class='ocrx_word' id='word_1_313' title='bbox 1409 2819 1518 2870; x_wconf 90' lang='grc' dir='ltr'><strong>τῶν</strong></span> <span class='ocrx_word' id='word_1_314' title='bbox 1549 2817 1807 2886; x_wconf 84' lang='grc' dir='ltr'>Πατέρων</span> 
     </span>
    </p>
   </div>
   <div class='ocr_carea' id='block_1_44' title="bbox 236 2908 1802 2979">
    <p class='ocr_par' dir='ltr' id='par_1_44' title="bbox 236 2908 1802 2979">
     <span class='ocr_line' id='line_1_45' title="bbox 236 2908 1802 2979; baseline 0.001 -19"><span class='ocrx_word' id='word_1_315' title='bbox 236 2908 338 2961; x_wconf 90' lang='grc' dir='ltr'><strong>τοῦ</strong></span> <span class='ocrx_word' id='word_1_316' title='bbox 376 2908 693 2978; x_wconf 85' lang='grc' dir='ltr'>[Ινεύματος</span> <span class='ocrx_word' id='word_1_317' title='bbox 725 2908 931 2978; x_wconf 83' lang='grc' dir='ltr'>χάριτι,</span> <span class='ocrx_word' id='word_1_318' title='bbox 966 2910 1039 2972; x_wconf 87' lang='grc' dir='ltr'><strong>ῶς</strong></span> <span class='ocrx_word' id='word_1_319' title='bbox 1072 2909 1166 2962; x_wconf 79' lang='grc' dir='ltr'>καὶ</span> <span class='ocrx_word' id='word_1_320' title='bbox 1192 2910 1224 2978; x_wconf 86' lang='grc' dir='ltr'><strong>ἡ</strong></span> <span class='ocrx_word' id='word_1_321' title='bbox 1255 2909 1385 2979; x_wconf 80' lang='grc' dir='ltr'>εὐχὴ</span> <span class='ocrx_word' id='word_1_322' title='bbox 1430 2909 1587 2962; x_wconf 83' lang='grc' dir='ltr'>τοῦτό</span> <span class='ocrx_word' id='word_1_323' title='bbox 1618 2924 1802 2978; x_wconf 82' lang='grc' dir='ltr'>φησιν,</span> 
     </span>
    </p>
   </div>
   <div class='ocr_carea' id='block_1_45' title="bbox 243 3000 1804 3071">
    <p class='ocr_par' dir='ltr' id='par_1_45' title="bbox 243 3000 1804 3071">
     <span class='ocr_line' id='line_1_46' title="bbox 243 3000 1804 3071; baseline 0.001 -19"><span class='ocrx_word' id='word_1_324' title='bbox 243 3020 262 3052; x_wconf 83' lang='grc' dir='ltr'><strong>ι</strong></span> <span class='ocrx_word' id='word_1_325' title='bbox 303 3000 744 3070; x_wconf 85' lang='grc' dir='ltr'>Εύχαριστοῦμέν</span> <span class='ocrx_word' id='word_1_326' title='bbox 779 3017 883 3065; x_wconf 88' lang='grc' dir='ltr'>σοι,</span> <span class='ocrx_word' id='word_1_327' title='bbox 919 3002 1174 3069; x_wconf 80' lang='grc' dir='ltr'>λέγουσα,</span> <span class='ocrx_word' id='word_1_328' title='bbox 1207 3002 1288 3054; x_wconf 84' lang='grc' dir='ltr'>ὅτι</span> <span class='ocrx_word' id='word_1_329' title='bbox 1321 3002 1388 3071; x_wconf 78' lang='grc' dir='ltr'>ἢν</span> <span class='ocrx_word' id='word_1_330' title='bbox 1421 3003 1640 3068; x_wconf 70' lang='grc' dir='ltr'>ἐξέχεας</span> <span class='ocrx_word' id='word_1_331' title='bbox 1705 3000 1804 3069; x_wconf 78' lang='grc' dir='ltr'><strong>χά-</strong></span> 
     </span>
    </p>
   </div>
   <div class='ocr_carea' id='block_1_46' title="bbox 243 3092 1806 3160">
    <p class='ocr_par' dir='ltr' id='par_1_46' title="bbox 243 3092 1806 3160">
     <span class='ocr_line' id='line_1_47' title="bbox 243 3092 1806 3160; baseline 0 -18"><span class='ocrx_word' id='word_1_332' title='bbox 243 3109 332 3159; x_wconf 83' lang='grc' dir='ltr'><strong>ριν</strong></span> <span class='ocrx_word' id='word_1_333' title='bbox 357 3092 448 3144; x_wconf 77' lang='grc' dir='ltr'><strong>ἐπὶ</strong></span> <span class='ocrx_word' id='word_1_334' title='bbox 478 3093 603 3154; x_wconf 77' lang='grc' dir='ltr'>τοὺς</span> <span class='ocrx_word' id='word_1_335' title='bbox 636 3093 824 3160; x_wconf 78' lang='grc' dir='ltr'>ἁγίους</span> <span class='ocrx_word' id='word_1_336' title='bbox 857 3111 950 3146; x_wconf 88' lang='grc' dir='ltr'><strong>σου</strong></span> <span class='ocrx_word' id='word_1_337' title='bbox 977 3092 1310 3154; x_wconf 79' lang='grc' dir='ltr'>ἀποστόλους</span> <span class='ocrx_word' id='word_1_338' title='bbox 1335 3092 1432 3146; x_wconf 73' lang='grc' dir='ltr'><strong>καὶ</strong></span> <span class='ocrx_word' id='word_1_339' title='bbox 1462 3092 1588 3154; x_wconf 79' lang='grc' dir='ltr'>τοὺς</span> <span class='ocrx_word' id='word_1_340' title='bbox 1626 3092 1806 3154; x_wconf 84' lang='grc' dir='ltr'>όσίους</span> 
     </span>
    </p>
   </div>
   <div class='ocr_carea' id='block_1_47' title="bbox 239 3183 1878 3284">
    <p class='ocr_par' dir='ltr' id='par_1_47' title="bbox 239 3183 1878 3284">
     <span class='ocr_line' id='line_1_48' title="bbox 239 3183 1878 3284; baseline 0 -50"><span class='ocrx_word' id='word_1_341' title='bbox 239 3183 402 3252; x_wconf 79' lang='grc' dir='ltr'>ἡμῶν</span> <span class='ocrx_word' id='word_1_342' title='bbox 435 3185 706 3254; x_wconf 81' lang='grc' dir='ltr'>Πατέρας,</span> <span class='ocrx_word' id='word_1_343' title='bbox 751 3185 992 3254; x_wconf 72' lang='grc' dir='ltr'>ἠξίωσας</span> <span class='ocrx_word' id='word_1_344' title='bbox 1023 3185 1117 3237; x_wconf 81' lang='grc' dir='ltr'>καὶ</span> <span class='ocrx_word' id='word_1_345' title='bbox 1151 3185 1345 3254; x_wconf 76' lang='grc' dir='ltr'>μέχρις</span> <span class='ocrx_word' id='word_1_346' title='bbox 1385 3184 1540 3252; x_wconf 77' lang='grc' dir='ltr'>ἡμῶν</span> <span class='ocrx_word' id='word_1_347' title='bbox 1574 3184 1680 3234; x_wconf 91' lang='grc' dir='ltr'><strong>τῶν</strong></span> <span class='ocrx_word' id='word_1_348' title='bbox 1712 3201 1807 3236; x_wconf 87' lang='grc' dir='ltr'>τα.-</span> <span class='ocrx_word' id='word_1_349' title='bbox 1833 3222 1878 3284; x_wconf 76' lang='lat' dir='ltr'>C</span> 
     </span>
    </p>
   </div>
   <div class='ocr_carea' id='block_1_48' title="bbox 239 3275 1806 3344">
    <p class='ocr_par' dir='ltr' id='par_1_48' title="bbox 239 3275 1806 3344">
     <span class='ocr_line' id='line_1_49' title="bbox 239 3275 1806 3344; baseline -0.002 -17"><span class='ocrx_word' id='word_1_350' title='bbox 239 3275 443 3329; x_wconf 77' lang='grc' dir='ltr'>πεινῶν</span> <span class='ocrx_word' id='word_1_351' title='bbox 476 3277 731 3328; x_wconf 75' lang='grc' dir='ltr'>ἐκτεῖναι.</span> <span class='ocrx_word' id='word_1_352' title='bbox 777 3294 794 3328; x_wconf 77' lang='grc' dir='ltr'><strong>ε</strong></span> <span class='ocrx_word' id='word_1_353' title='bbox 821 3277 1086 3343; x_wconf 77' lang='grc' dir='ltr'>Λέγονται</span> <span class='ocrx_word' id='word_1_354' title='bbox 1140 3276 1221 3328; x_wconf 80' lang='grc' dir='ltr'><strong>δὲ·</strong></span> <span class='ocrx_word' id='word_1_355' title='bbox 1249 3277 1340 3328; x_wconf 70' lang='grc' dir='ltr'>καὶ</span> <span class='ocrx_word' id='word_1_356' title='bbox 1374 3275 1806 3344; x_wconf 72' lang='grc' dir='ltr'>εύχαριστήριοι,</span> 
     </span>
    </p>
   </div>
   <div class='ocr_carea' id='block_1_49' title="bbox 237 3365 1810 3438">
    <p class='ocr_par' dir='ltr' id='par_1_49' title="bbox 237 3365 1810 3438">
     <span class='ocr_line' id='line_1_50' title="bbox 237 3365 1810 3438; baseline -0.003 -18"><span class='ocrx_word' id='word_1_357' title='bbox 237 3367 314 3430; x_wconf 86' lang='grc' dir='ltr'><strong>ῶς</strong></span> <span class='ocrx_word' id='word_1_358' title='bbox 343 3369 666 3438; x_wconf 74' lang='grc' dir='ltr'>εἰρήκαμεν,</span> <span class='ocrx_word' id='word_1_359' title='bbox 697 3367 778 3430; x_wconf 84' lang='grc' dir='ltr'><strong>είς</strong></span> <span class='ocrx_word' id='word_1_360' title='bbox 829 3369 920 3420; x_wconf 79' lang='grc' dir='ltr'>τὸν</span> <span class='ocrx_word' id='word_1_361' title='bbox 953 3367 1184 3420; x_wconf 82' lang='grc' dir='ltr'>παλαιὸν</span> <span class='ocrx_word' id='word_1_362' title='bbox 1221 3367 1350 3420; x_wconf 69' lang='grc' dir='ltr'>ναὸν</span> <span class='ocrx_word' id='word_1_363' title='bbox 1395 3366 1547 3433; x_wconf 69' lang='grc' dir='ltr'>παρὰ</span> <span class='ocrx_word' id='word_1_364' title='bbox 1581 3365 1675 3418; x_wconf 88' lang='grc' dir='ltr'><strong>τοῦ</strong></span> <span class='ocrx_word' id='word_1_365' title='bbox 1707 3369 1810 3434; x_wconf 89' lang='grc' dir='ltr'>ἀρ-</span> 
     </span>
    </p>
   </div>
   <div class='ocr_carea' id='block_1_50' title="bbox 239 3457 1812 3530">
    <p class='ocr_par' dir='ltr' id='par_1_50' title="bbox 239 3457 1812 3530">
     <span class='ocr_line' id='line_1_51' title="bbox 239 3457 1812 3530; baseline -0.003 -18"><span class='ocrx_word' id='word_1_366' title='bbox 239 3461 471 3529; x_wconf 76' lang='grc' dir='ltr'>χιερέως</span> <span class='ocrx_word' id='word_1_367' title='bbox 519 3460 700 3530; x_wconf 72' lang='grc' dir='ltr'>εὐχαὶ,</span> <span class='ocrx_word' id='word_1_368' title='bbox 752 3460 846 3514; x_wconf 67' lang='grc' dir='ltr'>καὶ</span> <span class='ocrx_word' id='word_1_369' title='bbox 899 3459 1060 3529; x_wconf 82' lang='grc' dir='ltr'>ὕμνοι</span> <span class='ocrx_word' id='word_1_370' title='bbox 1107 3459 1232 3513; x_wconf 85' lang='grc' dir='ltr'>καθ’</span> <span class='ocrx_word' id='word_1_371' title='bbox 1270 3459 1388 3512; x_wconf 74' lang='lat' dir='ltr'><em>666v</em></span> <span class='ocrx_word' id='word_1_372' title='bbox 1435 3459 1669 3529; x_wconf 81' lang='grc' dir='ltr'>ᾅδονται,</span> <span class='ocrx_word' id='word_1_373' title='bbox 1719 3457 1812 3509; x_wconf 77' lang='grc' dir='ltr'>καὶ</span> 
     </span>
    </p>
   </div>
   <div class='ocr_carea' id='block_1_51' title="bbox 241 3551 1812 3622">
    <p class='ocr_par' dir='ltr' id='par_1_51' title="bbox 241 3551 1812 3622">
     <span class='ocr_line' id='line_1_52' title="bbox 241 3551 1812 3622; baseline -0.003 -18"><span class='ocrx_word' id='word_1_374' title='bbox 241 3555 396 3620; x_wconf 84' lang='grc' dir='ltr'>φῶτα</span> <span class='ocrx_word' id='word_1_375' title='bbox 435 3553 528 3606; x_wconf 75' lang='grc' dir='ltr'>καὶ</span> <span class='ocrx_word' id='word_1_376' title='bbox 575 3553 899 3622; x_wconf 85' lang='grc' dir='ltr'>θυμιάματα</span> <span class='ocrx_word' id='word_1_377' title='bbox 945 3555 1024 3616; x_wconf 80' lang='grc' dir='ltr'><strong>είς</strong></span> <span class='ocrx_word' id='word_1_378' title='bbox 1055 3553 1224 3621; x_wconf 85' lang='grc' dir='ltr'>τιμὴν</span> <span class='ocrx_word' id='word_1_379' title='bbox 1274 3551 1382 3603; x_wconf 83' lang='grc' dir='ltr'><strong>τῶν</strong></span> <span class='ocrx_word' id='word_1_380' title='bbox 1416 3552 1586 3617; x_wconf 80' lang='grc' dir='ltr'>ἁγίων</span> <span class='ocrx_word' id='word_1_381' title='bbox 1641 3565 1812 3616; x_wconf 84' lang='grc' dir='ltr'>προσ-</span> 
     </span>
    </p>
   </div>
   <div class='ocr_carea' id='block_1_52' title="bbox 242 3641 1808 3716">
    <p class='ocr_par' dir='ltr' id='par_1_52' title="bbox 242 3641 1808 3716">
     <span class='ocr_line' id='line_1_53' title="bbox 242 3641 1808 3716; baseline -0.004 -18"><span class='ocrx_word' id='word_1_382' title='bbox 242 3647 492 3716; x_wconf 80' lang='grc' dir='ltr'>φέρεται.</span> <span class='ocrx_word' id='word_1_383' title='bbox 550 3647 657 3698; x_wconf 87' lang='lat' dir='ltr'><strong>Kal</strong></span> <span class='ocrx_word' id='word_1_384' title='bbox 710 3647 876 3713; x_wconf 73' lang='grc' dir='ltr'>ἐγγὺς</span> <span class='ocrx_word' id='word_1_385' title='bbox 930 3645 1025 3698; x_wconf 81' lang='grc' dir='ltr'><strong>τοῦ</strong></span> <span class='ocrx_word' id='word_1_386' title='bbox 1079 3647 1198 3697; x_wconf 86' lang='grc' dir='ltr'>νέου</span> <span class='ocrx_word' id='word_1_387' title='bbox 1255 3643 1388 3696; x_wconf 83' lang='grc' dir='ltr'>ναοῦ</span> <span class='ocrx_word' id='word_1_388' title='bbox 1439 3641 1699 3704; x_wconf 75' lang='grc' dir='ltr'>πολλάκις</span> <span class='ocrx_word' id='word_1_389' title='bbox 1729 3641 1808 3702; x_wconf 68' lang='grc' dir='ltr'>τὸ,</span> 
     </span>
    </p>
   </div>
   <div class='ocr_carea' id='block_1_53' title="bbox 248 3734 1814 3807">
    <p class='ocr_par' dir='ltr' id='par_1_53' title="bbox 248 3734 1814 3807">
     <span class='ocr_line' id='line_1_54' title="bbox 248 3734 1814 3807; baseline -0.003 -17"><span class='ocrx_word' id='word_1_390' title='bbox 248 3755 268 3791; x_wconf 77' lang='grc' dir='ltr'><strong>ε</strong></span> <span class='ocrx_word' id='word_1_391' title='bbox 310 3737 448 3802; x_wconf 82' lang='grc' dir='ltr'><strong>Δόξα</strong></span> <span class='ocrx_word' id='word_1_392' title='bbox 473 3755 573 3802; x_wconf 78' lang='grc' dir='ltr'>σοι,</span> <span class='ocrx_word' id='word_1_393' title='bbox 612 3737 814 3807; x_wconf 79' lang='grc' dir='ltr'>Χριστὲ</span> <span class='ocrx_word' id='word_1_394' title='bbox 839 3737 866 3789; x_wconf 91' lang='lat'><strong>6</strong></span> <span class='ocrx_word' id='word_1_395' title='bbox 894 3737 1048 3800; x_wconf 80' lang='grc' dir='ltr'>Θεὸς,</span> <span class='ocrx_word' id='word_1_396' title='bbox 1090 3755 1108 3788; x_wconf 87' lang='grc'>›</span> <span class='ocrx_word' id='word_1_397' title='bbox 1140 3736 1378 3803; x_wconf 85' lang='grc' dir='ltr'>λέγεται,</span> <span class='ocrx_word' id='word_1_398' title='bbox 1412 3737 1490 3796; x_wconf 84' lang='grc' dir='ltr'><strong>εἰς</strong></span> <span class='ocrx_word' id='word_1_399' title='bbox 1523 3734 1688 3802; x_wconf 77' lang='grc' dir='ltr'>τιμὴν</span> <span class='ocrx_word' id='word_1_400' title='bbox 1719 3735 1814 3786; x_wconf 75' lang='grc' dir='ltr'>αύ-</span> 
     </span>
    </p>
   </div>
   <div class='ocr_carea' id='block_1_54' title="bbox 240 3824 1812 3895">
    <p class='ocr_par' dir='ltr' id='par_1_54' title="bbox 240 3824 1812 3895">
     <span class='ocr_line' id='line_1_55' title="bbox 240 3824 1812 3895; baseline -0.003 -15"><span class='ocrx_word' id='word_1_401' title='bbox 240 3829 364 3892; x_wconf 88' lang='grc' dir='ltr'>τοῦ,</span> <span class='ocrx_word' id='word_1_402' title='bbox 406 3831 500 3880; x_wconf 75' lang='grc' dir='ltr'>καὶ</span> <span class='ocrx_word' id='word_1_403' title='bbox 525 3826 634 3880; x_wconf 88' lang='grc' dir='ltr'><strong>τῶν</strong></span> <span class='ocrx_word' id='word_1_404' title='bbox 662 3826 979 3880; x_wconf 83' lang='grc' dir='ltr'>ἀποστόλων</span> <span class='ocrx_word' id='word_1_405' title='bbox 1010 3827 1104 3879; x_wconf 78' lang='grc' dir='ltr'>καὶ</span> <span class='ocrx_word' id='word_1_406' title='bbox 1140 3827 1249 3879; x_wconf 86' lang='grc' dir='ltr'><strong>τῶν</strong></span> <span class='ocrx_word' id='word_1_407' title='bbox 1297 3825 1588 3895; x_wconf 86' lang='grc' dir='ltr'>μαρτύρων</span> <span class='ocrx_word' id='word_1_408' title='bbox 1619 3824 1812 3887; x_wconf 66' lang='grc' dir='ltr'>αὐτοῦ,</span> 
     </span>
    </p>
   </div>
   <div class='ocr_carea' id='block_1_55' title="bbox 244 3914 1811 3988">
    <p class='ocr_par' dir='ltr' id='par_1_55' title="bbox 244 3914 1811 3988">
     <span class='ocr_line' id='line_1_56' title="bbox 244 3914 1811 3988; baseline -0.004 -14"><span class='ocrx_word' id='word_1_409' title='bbox 244 3919 340 3974; x_wconf 81' lang='grc' dir='ltr'>καὶ</span> <span class='ocrx_word' id='word_1_410' title='bbox 366 3917 524 3983; x_wconf 78' lang='grc' dir='ltr'>δόξαν</span> <span class='ocrx_word' id='word_1_411' title='bbox 549 3917 647 3985; x_wconf 76' lang='grc' dir='ltr'>τῆς</span> <span class='ocrx_word' id='word_1_412' title='bbox 676 3919 835 3985; x_wconf 83' lang='grc' dir='ltr'>ἁγίας</span> <span class='ocrx_word' id='word_1_413' title='bbox 867 3920 909 3970; x_wconf 84' lang='grc' dir='ltr'><strong>Τ</strong></span> <span class='ocrx_word' id='word_1_414' title='bbox 915 3917 1112 3988; x_wconf 85' lang='grc' dir='ltr'>ριάδος,</span> <span class='ocrx_word' id='word_1_415' title='bbox 1144 3917 1177 3987; x_wconf 78' lang='grc' dir='ltr'>ἢ</span> <span class='ocrx_word' id='word_1_416' title='bbox 1209 3914 1472 3985; x_wconf 77' lang='grc' dir='ltr'>κήρυγμα</span> <span class='ocrx_word' id='word_1_417' title='bbox 1494 3915 1599 3968; x_wconf 83' lang='grc' dir='ltr'><strong>τῶν</strong></span> <span class='ocrx_word' id='word_1_418' title='bbox 1622 3915 1811 3984; x_wconf 82' lang='grc' dir='ltr'>ἁγίων.</span> 
     </span>
    </p>
   </div>
   <div class='ocr_carea' id='block_1_56' title="bbox 807 4027 1248 4082">
    <p class='ocr_par' dir='ltr' id='par_1_56' title="bbox 807 4027 1248 4082">
     <span class='ocr_line' id='line_1_57' title="bbox 807 4027 1248 4082; baseline -0.002 0"><span class='ocrx_word' id='word_1_419' title='bbox 807 4027 1057 4082; x_wconf 72' lang='grc' dir='ltr'><strong>ΚΕΦΑΛ.</strong></span> <span class='ocrx_word' id='word_1_420' title='bbox 1099 4027 1248 4081; x_wconf 82' lang='grc' dir='ltr'><strong>Ρ1Η’.</strong></span> 
     </span>
    </p>
   </div>
   <div class='ocr_carea' id='block_1_57' title="bbox 243 4116 1815 4254">
    <p class='ocr_par' dir='ltr' id='par_1_57' title="bbox 243 4116 1815 4254">
     <span class='ocr_line' id='line_1_58' title="bbox 243 4116 1815 4254; baseline -0.007 -76"><span class='ocrx_word' id='word_1_421' title='bbox 243 4125 408 4178; x_wconf 82' lang='grc' dir='ltr'>Διατί</span> <span class='ocrx_word' id='word_1_422' title='bbox 440 4123 739 4178; x_wconf 72' lang='grc' dir='ltr'>κλείονται</span> <span class='ocrx_word' id='word_1_423' title='bbox 769 4123 828 4173; x_wconf 76' lang='lat' dir='ltr'><strong>at</strong></span> <span class='ocrx_word' id='word_1_424' title='bbox 866 4120 1075 4254; x_wconf 53' lang='grc' dir='ltr'>πέἐαι,</span> <span class='ocrx_word' id='word_1_425' title='bbox 1131 4120 1229 4172; x_wconf 75' lang='grc' dir='ltr'>καὶ</span> <span class='ocrx_word' id='word_1_426' title='bbox 1288 4116 1353 4172; x_wconf 81' lang='grc' dir='ltr'>τὸ</span> <span class='ocrx_word' id='word_1_427' title='bbox 1387 4118 1590 4188; x_wconf 81' lang='grc' dir='ltr'>Ἀρατε</span> <span class='ocrx_word' id='word_1_428' title='bbox 1643 4116 1815 4178; x_wconf 84' lang='grc' dir='ltr'>πύλας</span> 
     </span>
     <span class='ocr_line' id='line_1_59' title="bbox 989 4205 1136 4243; baseline 0.014 -2"><span class='ocrx_word' id='word_1_429' title='bbox 989 4205 1136 4243; x_wconf 85' lang='grc' dir='ltr'>εται.</span> 
     </span>
    </p>
   </div>
   <div class='ocr_carea' id='block_1_58' title="bbox 989 4205 1136 4243">
    <p class='ocr_par' dir='ltr' id='par_1_58' title="bbox 989 4205 1136 4243">
     <span class='ocr_line' id='line_1_60' title="bbox 989 4205 1136 4243; baseline 0.014 -2"><span class='ocrx_word' id='word_1_430' title='bbox 989 4205 1136 4243; x_wconf 83' lang='grc' dir='ltr'>εται.</span> 
     </span>
    </p>
   </div>
   <div class='ocr_carea' id='block_1_59' title="bbox 320 4280 1816 4352">
    <p class='ocr_par' dir='ltr' id='par_1_59' title="bbox 320 4280 1816 4352">
     <span class='ocr_line' id='line_1_61' title="bbox 320 4280 1816 4352; baseline -0.004 -14"><span class='ocrx_word' id='word_1_431' title='bbox 320 4285 667 4346; x_wconf 76' lang='grc' dir='ltr'>Εἰσελθόντος</span> <span class='ocrx_word' id='word_1_432' title='bbox 698 4283 754 4336; x_wconf 84' lang='grc' dir='ltr'><strong>δὲ</strong></span> <span class='ocrx_word' id='word_1_433' title='bbox 805 4281 899 4336; x_wconf 88' lang='grc' dir='ltr'><strong>τοῦ</strong></span> <span class='ocrx_word' id='word_1_434' title='bbox 946 4280 1248 4352; x_wconf 78' lang='grc' dir='ltr'>ἀρχιερέως</span> <span class='ocrx_word' id='word_1_435' title='bbox 1286 4280 1382 4333; x_wconf 75' lang='grc' dir='ltr'>τὸν</span> <span class='ocrx_word' id='word_1_436' title='bbox 1422 4280 1671 4351; x_wconf 81' lang='grc' dir='ltr'>νάρθηκα</span> <span class='ocrx_word' id='word_1_437' title='bbox 1723 4281 1816 4333; x_wconf 82' lang='grc' dir='ltr'><strong>τοῦ</strong></span> 
     </span>
    </p>
   </div>
   <div class='ocr_carea' id='block_1_60' title="bbox 246 4371 1815 4442">
    <p class='ocr_par' dir='ltr' id='par_1_60' title="bbox 246 4371 1815 4442">
     <span class='ocr_line' id='line_1_62' title="bbox 246 4371 1815 4442; baseline -0.003 -12"><span class='ocrx_word' id='word_1_438' title='bbox 246 4376 369 4430; x_wconf 88' lang='grc' dir='ltr'>νέου</span> <span class='ocrx_word' id='word_1_439' title='bbox 395 4373 546 4439; x_wconf 85' lang='grc' dir='ltr'>ναοῦ,</span> <span class='ocrx_word' id='word_1_440' title='bbox 574 4375 628 4425; x_wconf 85' lang='grc' dir='ltr'>αἱ</span> <span class='ocrx_word' id='word_1_441' title='bbox 661 4373 806 4426; x_wconf 72' lang='grc' dir='ltr'>ἔνδον</span> <span class='ocrx_word' id='word_1_442' title='bbox 837 4373 1071 4442; x_wconf 78' lang='grc' dir='ltr'>μεγάλαι</span> <span class='ocrx_word' id='word_1_443' title='bbox 1095 4372 1262 4424; x_wconf 87' lang='grc' dir='ltr'>πύλαι</span> <span class='ocrx_word' id='word_1_444' title='bbox 1289 4371 1580 4436; x_wconf 89' lang='grc' dir='ltr'>κλείονται,</span> <span class='ocrx_word' id='word_1_445' title='bbox 1611 4375 1704 4426; x_wconf 79' lang='lat' dir='ltr'><strong>xal</strong></span> <span class='ocrx_word' id='word_1_446' title='bbox 1734 4375 1815 4441; x_wconf 88' lang='grc' dir='ltr'>τὸ,</span> 
     </span>
    </p>
   </div>
   <div class='ocr_carea' id='block_1_61' title="bbox 254 4465 1816 4537">
    <p class='ocr_par' dir='ltr' id='par_1_61' title="bbox 254 4465 1816 4537">
     <span class='ocr_line' id='line_1_63' title="bbox 254 4465 1816 4537; baseline -0.001 -17"><span class='ocrx_word' id='word_1_447' title='bbox 254 4488 272 4520; x_wconf 82' lang='grc' dir='ltr'><strong>ι</strong></span> <span class='ocrx_word' id='word_1_448' title='bbox 321 4470 523 4537; x_wconf 75' lang='grc' dir='ltr'>’Ἄρατε</span> <span class='ocrx_word' id='word_1_449' title='bbox 555 4466 728 4528; x_wconf 87' lang='grc' dir='ltr'>πύλας</span> <span class='ocrx_word' id='word_1_450' title='bbox 754 4465 953 4530; x_wconf 76' lang='grc' dir='ltr'>ἔξωθέν</span> <span class='ocrx_word' id='word_1_451' title='bbox 999 4481 1059 4516; x_wconf 85' lang='grc' dir='ltr'><strong>τε</strong></span> <span class='ocrx_word' id='word_1_452' title='bbox 1102 4467 1195 4519; x_wconf 70' lang='grc' dir='ltr'><strong>καὶ</strong></span> <span class='ocrx_word' id='word_1_453' title='bbox 1227 4465 1448 4530; x_wconf 74' lang='grc' dir='ltr'>ἔσωθεν,</span> <span class='ocrx_word' id='word_1_454' title='bbox 1485 4484 1503 4517; x_wconf 74' lang='grc' dir='ltr'><strong>ι</strong></span> <span class='ocrx_word' id='word_1_455' title='bbox 1535 4466 1816 4536; x_wconf 76' lang='grc' dir='ltr'>ψάλλεται,</span> 
     </span>
    </p>
   </div>
   <div class='ocr_carea' id='block_1_62' title="bbox 1907 1970 3470 2040">
    <p class='ocr_par' dir='ltr' id='par_1_62' title="bbox 1907 1970 3470 2040">
     <span class='ocr_line' id='line_1_64' title="bbox 1907 1970 3470 2040; baseline -0.002 -15"><span class='ocrx_word' id='word_1_456' title='bbox 1907 1970 2027 2038; x_wconf 89' lang='lat' dir='ltr'><strong>ejus</strong></span> <span class='ocrx_word' id='word_1_457' title='bbox 2060 1972 2124 2021; x_wconf 87' lang='lat' dir='ltr'><strong>ad</strong></span> <span class='ocrx_word' id='word_1_458' title='bbox 2160 1986 2254 2024; x_wconf 85' lang='lat' dir='ltr'><strong>nos</strong></span> <span class='ocrx_word' id='word_1_459' title='bbox 2295 1986 2468 2038; x_wconf 86' lang='lat' dir='ltr'><strong>usque</strong></span> <span class='ocrx_word' id='word_1_460' title='bbox 2504 1987 2598 2040; x_wconf 90' lang='lat' dir='ltr'><strong>per</strong></span> <span class='ocrx_word' id='word_1_461' title='bbox 2648 1973 3050 2025; x_wconf 89' lang='lat' dir='ltr'><strong>ordinationem</strong></span> <span class='ocrx_word' id='word_1_462' title='bbox 3119 1973 3470 2037; x_wconf 85' lang='lat' dir='ltr'><strong>transmissa,</strong></span> 
     </span>
    </p>
   </div>
   <div class='ocr_carea' id='block_1_63' title="bbox 1908 2065 3472 2133">
    <p class='ocr_par' dir='ltr' id='par_1_63' title="bbox 1908 2065 3472 2133">
     <span class='ocr_line' id='line_1_65' title="bbox 1908 2065 3472 2133; baseline 0.003 -17"><span class='ocrx_word' id='word_1_463' title='bbox 1908 2065 1984 2116; x_wconf 90' lang='lat' dir='ltr'><strong>sic</strong></span> <span class='ocrx_word' id='word_1_464' title='bbox 2015 2066 2178 2118; x_wconf 87' lang='lat' dir='ltr'><strong>etiam</strong></span> <span class='ocrx_word' id='word_1_465' title='bbox 2211 2079 2304 2132; x_wconf 91' lang='lat' dir='ltr'><strong>per</strong></span> <span class='ocrx_word' id='word_1_466' title='bbox 2341 2065 2563 2132; x_wconf 74' lang='lat' dir='ltr'><strong>antiqua</strong></span> <span class='ocrx_word' id='word_1_467' title='bbox 2597 2065 2661 2116; x_wconf 89' lang='lat' dir='ltr'><strong>ad</strong></span> <span class='ocrx_word' id='word_1_468' title='bbox 2708 2067 3010 2120; x_wconf 86' lang='lat' dir='ltr'><strong>recentiora</strong></span> <span class='ocrx_word' id='word_1_469' title='bbox 3052 2067 3280 2133; x_wconf 85' lang='lat' dir='ltr'><strong>templa;</strong></span> <span class='ocrx_word' id='word_1_470' title='bbox 3329 2067 3472 2120; x_wconf 85' lang='lat' dir='ltr'><strong>sicut</strong></span> 
     </span>
    </p>
   </div>
   <div class='ocr_carea' id='block_1_64' title="bbox 1909 2158 3472 2227">
    <p class='ocr_par' dir='ltr' id='par_1_64' title="bbox 1909 2158 3472 2227">
     <span class='ocr_line' id='line_1_66' title="bbox 1909 2158 3472 2227; baseline 0.002 -18"><span class='ocrx_word' id='word_1_471' title='bbox 1909 2168 1961 2210; x_wconf 90' lang='lat' dir='ltr'><strong>et</strong></span> <span class='ocrx_word' id='word_1_472' title='bbox 2001 2158 2216 2226; x_wconf 83' lang='lat' dir='ltr'><strong>myrrha</strong></span> <span class='ocrx_word' id='word_1_473' title='bbox 2250 2173 2344 2225; x_wconf 85' lang='lat' dir='ltr'><strong>per</strong></span> <span class='ocrx_word' id='word_1_474' title='bbox 2371 2159 2644 2227; x_wconf 82' lang='lat' dir='ltr'><strong>myrrham</strong></span> <span class='ocrx_word' id='word_1_475' title='bbox 2671 2167 2721 2210; x_wconf 86' lang='lat' dir='ltr'><strong>et</strong></span> <span class='ocrx_word' id='word_1_476' title='bbox 2743 2159 3021 2212; x_wconf 90' lang='lat' dir='ltr'><strong>inunctum</strong></span> <span class='ocrx_word' id='word_1_477' title='bbox 3044 2159 3213 2212; x_wconf 88' lang='lat' dir='ltr'><strong>altare</strong></span> <span class='ocrx_word' id='word_1_478' title='bbox 3231 2159 3472 2212; x_wconf 83' lang='lat' dir='ltr'><strong>sanctiﬁ-</strong></span> 
     </span>
    </p>
   </div>
   <div class='ocr_carea' id='block_1_65' title="bbox 1908 2250 3470 2320">
    <p class='ocr_par' dir='ltr' id='par_1_65' title="bbox 1908 2250 3470 2320">
     <span class='ocr_line' id='line_1_67' title="bbox 1908 2250 3470 2320; baseline 0.001 -16"><span class='ocrx_word' id='word_1_479' title='bbox 1908 2259 2086 2304; x_wconf 90' lang='lat' dir='ltr'><strong>catur.</strong></span> <span class='ocrx_word' id='word_1_480' title='bbox 2134 2250 2206 2302; x_wconf 72' lang='lat' dir='ltr'><strong>Ex</strong></span> <span class='ocrx_word' id='word_1_481' title='bbox 2259 2252 2358 2303; x_wconf 91' lang='lat' dir='ltr'><strong>hoc</strong></span> <span class='ocrx_word' id='word_1_482' title='bbox 2392 2252 2684 2304; x_wconf 83' lang='lat' dir='ltr'><strong>edocemur</strong></span> <span class='ocrx_word' id='word_1_483' title='bbox 2730 2254 2870 2320; x_wconf 83' lang='lat' dir='ltr'><strong>quod</strong></span> <span class='ocrx_word' id='word_1_484' title='bbox 2923 2266 3028 2305; x_wconf 92' lang='lat' dir='ltr'><strong>nou</strong></span> <span class='ocrx_word' id='word_1_485' title='bbox 3075 2267 3176 2306; x_wconf 86' lang='lat' dir='ltr'><strong>nos</strong></span> <span class='ocrx_word' id='word_1_486' title='bbox 3212 2261 3470 2318; x_wconf 82' lang='lat' dir='ltr'><strong>tanquam</strong></span> 
     </span>
    </p>
   </div>
   <div class='ocr_carea' id='block_1_66' title="bbox 1907 2329 3471 2413">
    <p class='ocr_par' dir='ltr' id='par_1_66' title="bbox 1907 2329 3471 2413">
     <span class='ocr_line' id='line_1_68' title="bbox 1907 2329 3471 2413; baseline 0.002 -17"><span class='ocrx_word' id='word_1_487' title='bbox 1907 2359 1935 2396; x_wconf 92' lang='lat' dir='ltr'><strong>a</strong></span> <span class='ocrx_word' id='word_1_488' title='bbox 1972 2343 2147 2407; x_wconf 81' lang='lat' dir='ltr'><strong>nobis,</strong></span> <span class='ocrx_word' id='word_1_489' title='bbox 2183 2347 2274 2397; x_wconf 86' lang='lat' dir='ltr'><strong>sed</strong></span> <span class='ocrx_word' id='word_1_490' title='bbox 2309 2343 2479 2410; x_wconf 84' lang='lat' dir='ltr'><strong>gratia</strong></span> <span class='ocrx_word' id='word_1_491' title='bbox 2514 2340 2750 2408; x_wconf 90' lang='lat' dir='ltr'><strong>Spiritus</strong></span> <span class='ocrx_word' id='word_1_492' title='bbox 2779 2329 3052 2411; x_wconf 81' lang='lat' dir='ltr'><strong>operatur,</strong></span> <span class='ocrx_word' id='word_1_493' title='bbox 3079 2359 3197 2413; x_wconf 70' lang='lat' dir='ltr'><strong>qua:</strong></span> <span class='ocrx_word' id='word_1_494' title='bbox 3220 2360 3248 2396; x_wconf 91' lang='lat' dir='ltr'><strong>a</strong></span> <span class='ocrx_word' id='word_1_495' title='bbox 3282 2344 3471 2399; x_wconf 60' lang='lat' dir='ltr'><strong>Salva.</strong></span> 
     </span>
    </p>
   </div>
   <div class='ocr_carea' id='block_1_67' title="bbox 1908 2435 3474 2510">
    <p class='ocr_par' dir='ltr' id='par_1_67' title="bbox 1908 2435 3474 2510">
     <span class='ocr_line' id='line_1_69' title="bbox 1908 2435 3474 2510; baseline -0.001 -20"><span class='ocrx_word' id='word_1_496' title='bbox 1908 2447 2021 2491; x_wconf 92' lang='lat' dir='ltr'><strong>tore</strong></span> <span class='ocrx_word' id='word_1_497' title='bbox 2052 2451 2241 2510; x_wconf 71' lang='lat' dir='ltr'><strong>nostro</strong></span> <span class='ocrx_word' id='word_1_498' title='bbox 2274 2437 2418 2488; x_wconf 87' lang='lat' dir='ltr'><strong>velut</strong></span> <span class='ocrx_word' id='word_1_499' title='bbox 2468 2451 2494 2487; x_wconf 89' lang='lat' dir='ltr'><strong>a</strong></span> <span class='ocrx_word' id='word_1_500' title='bbox 2532 2438 2706 2501; x_wconf 89' lang='lat' dir='ltr'><strong>primo</strong></span> <span class='ocrx_word' id='word_1_501' title='bbox 2747 2435 2910 2501; x_wconf 83' lang='lat' dir='ltr'><strong>fonte,</strong></span> <span class='ocrx_word' id='word_1_502' title='bbox 2977 2453 3070 2506; x_wconf 90' lang='lat' dir='ltr'><strong>per</strong></span> <span class='ocrx_word' id='word_1_503' title='bbox 3107 2439 3279 2506; x_wconf 92' lang='lat' dir='ltr'><strong>ipsius</strong></span> <span class='ocrx_word' id='word_1_504' title='bbox 3303 2439 3474 2490; x_wconf 85' lang='lat' dir='ltr'><strong>disci-</strong></span> 
     </span>
    </p>
   </div>
   <div class='ocr_carea' id='block_1_68' title="bbox 1908 2527 3470 2598">
    <p class='ocr_par' dir='ltr' id='par_1_68' title="bbox 1908 2527 3470 2598">
     <span class='ocr_line' id='line_1_70' title="bbox 1908 2527 3470 2598; baseline -0.001 -17"><span class='ocrx_word' id='word_1_505' title='bbox 1908 2529 2065 2598; x_wconf 84' lang='lat' dir='ltr'><strong>pulos</strong></span> <span class='ocrx_word' id='word_1_506' title='bbox 2096 2538 2151 2582; x_wconf 91' lang='lat' dir='ltr'><strong>et</strong></span> <span class='ocrx_word' id='word_1_507' title='bbox 2178 2529 2327 2595; x_wconf 83' lang='lat' dir='ltr'><strong>juxta</strong></span> <span class='ocrx_word' id='word_1_508' title='bbox 2365 2538 2606 2596; x_wconf 80' lang='lat' dir='ltr'><strong>tempora</strong></span> <span class='ocrx_word' id='word_1_509' title='bbox 2642 2544 2735 2597; x_wconf 91' lang='lat' dir='ltr'><strong>per</strong></span> <span class='ocrx_word' id='word_1_510' title='bbox 2768 2527 2981 2591; x_wconf 86' lang='lat' dir='ltr'><strong>Patres,</strong></span> <span class='ocrx_word' id='word_1_511' title='bbox 3022 2530 3086 2581; x_wconf 87' lang='lat' dir='ltr'><strong>ad</strong></span> <span class='ocrx_word' id='word_1_512' title='bbox 3145 2545 3244 2583; x_wconf 90' lang='lat' dir='ltr'><strong>nos</strong></span> <span class='ocrx_word' id='word_1_513' title='bbox 3307 2529 3470 2582; x_wconf 85' lang='lat' dir='ltr'><strong>venit.</strong></span> 
     </span>
    </p>
   </div>
   <div class='ocr_carea' id='block_1_69' title="bbox 1909 2621 3474 2692">
    <p class='ocr_par' dir='ltr' id='par_1_69' title="bbox 1909 2621 3474 2692">
     <span class='ocr_line' id='line_1_71' title="bbox 1909 2621 3474 2692; baseline -0.001 -17"><span class='ocrx_word' id='word_1_514' title='bbox 1909 2621 1974 2675; x_wconf 87' lang='lat' dir='ltr'><strong>Et</strong></span> <span class='ocrx_word' id='word_1_515' title='bbox 2003 2623 2072 2676; x_wconf 89' lang='lat' dir='ltr'><strong>ita</strong></span> <span class='ocrx_word' id='word_1_516' title='bbox 2107 2621 2276 2692; x_wconf 81' lang='lat' dir='ltr'><strong>magis</strong></span> <span class='ocrx_word' id='word_1_517' title='bbox 2327 2623 2553 2674; x_wconf 89' lang='lat' dir='ltr'><strong>ﬁrmiter</strong></span> <span class='ocrx_word' id='word_1_518' title='bbox 2599 2632 2652 2674; x_wconf 91' lang='lat' dir='ltr'><strong>et</strong></span> <span class='ocrx_word' id='word_1_519' title='bbox 2693 2623 2993 2690; x_wconf 84' lang='lat' dir='ltr'><strong>magistuto</strong></span> <span class='ocrx_word' id='word_1_520' title='bbox 3044 2631 3285 2687; x_wconf 70' lang='lat' dir='ltr'><strong>stmuus;</strong></span> <span class='ocrx_word' id='word_1_521' title='bbox 3341 2636 3474 2689; x_wconf 83' lang='lat' dir='ltr'><strong>quo-</strong></span> 
     </span>
    </p>
   </div>
   <div class='ocr_carea' id='block_1_70' title="bbox 1909 2711 3475 2778">
    <p class='ocr_par' dir='ltr' id='par_1_70' title="bbox 1909 2711 3475 2778">
     <span class='ocr_line' id='line_1_72' title="bbox 1909 2711 3475 2778; baseline -0.001 -12"><span class='ocrx_word' id='word_1_522' title='bbox 1909 2715 2053 2768; x_wconf 89' lang='lat' dir='ltr'><strong>niam</strong></span> <span class='ocrx_word' id='word_1_523' title='bbox 2085 2728 2189 2765; x_wconf 91' lang='lat' dir='ltr'><strong>non</strong></span> <span class='ocrx_word' id='word_1_524' title='bbox 2223 2713 2272 2764; x_wconf 93' lang='lat' dir='ltr'><strong>in</strong></span> <span class='ocrx_word' id='word_1_525' title='bbox 2309 2713 2486 2774; x_wconf 79' lang='lat' dir='ltr'><strong>nobis,</strong></span> <span class='ocrx_word' id='word_1_526' title='bbox 2517 2712 2608 2764; x_wconf 80' lang='lat' dir='ltr'><strong>sed</strong></span> <span class='ocrx_word' id='word_1_527' title='bbox 2646 2711 2698 2763; x_wconf 92' lang='lat' dir='ltr'><strong>in</strong></span> <span class='ocrx_word' id='word_1_528' title='bbox 2727 2725 2788 2764; x_wconf 90' lang='lat' dir='ltr'><strong>ea</strong></span> <span class='ocrx_word' id='word_1_529' title='bbox 2815 2727 2930 2775; x_wconf 79' lang='lat' dir='ltr'><strong>qua:</strong></span> <span class='ocrx_word' id='word_1_530' title='bbox 2959 2727 3051 2778; x_wconf 91' lang='lat' dir='ltr'><strong>per</strong></span> <span class='ocrx_word' id='word_1_531' title='bbox 3095 2711 3281 2766; x_wconf 83' lang='lat' dir='ltr'><strong>Patres</strong></span> <span class='ocrx_word' id='word_1_532' title='bbox 3331 2713 3475 2765; x_wconf 88' lang='lat' dir='ltr'><strong>venit</strong></span> 
     </span>
    </p>
   </div>
   <div class='ocr_carea' id='block_1_71' title="bbox 1911 2804 3469 2878">
    <p class='ocr_par' dir='ltr' id='par_1_71' title="bbox 1911 2804 3469 2878">
     <span class='ocr_line' id='line_1_73' title="bbox 1911 2804 3469 2878; baseline -0.002 -16"><span class='ocrx_word' id='word_1_533' title='bbox 1911 2809 2149 2878; x_wconf 86' lang='lat' dir='ltr'><strong>Spiritus</strong></span> <span class='ocrx_word' id='word_1_534' title='bbox 2189 2807 2358 2874; x_wconf 70' lang='lat' dir='ltr'><strong>gratia</strong></span> <span class='ocrx_word' id='word_1_535' title='bbox 2396 2805 2747 2868; x_wconf 86' lang='lat' dir='ltr'><strong>conﬁdimus,</strong></span> <span class='ocrx_word' id='word_1_536' title='bbox 2795 2804 2936 2858; x_wconf 79' lang='lat' dir='ltr'><strong>sicut</strong></span> <span class='ocrx_word' id='word_1_537' title='bbox 2962 2813 3013 2858; x_wconf 91' lang='lat' dir='ltr'><strong>et</strong></span> <span class='ocrx_word' id='word_1_538' title='bbox 3076 2805 3253 2859; x_wconf 87' lang='lat' dir='ltr'><strong>oratio</strong></span> <span class='ocrx_word' id='word_1_539' title='bbox 3293 2805 3469 2859; x_wconf 89' lang='lat' dir='ltr'><strong>dicit:</strong></span> 
     </span>
    </p>
   </div>
   <div class='ocr_carea' id='block_1_72' title="bbox 1914 2899 3473 2967">
    <p class='ocr_par' dir='ltr' id='par_1_72' title="bbox 1914 2899 3473 2967">
     <span class='ocr_line' id='line_1_74' title="bbox 1914 2899 3473 2967; baseline -0.002 -15"><span class='ocrx_word' id='word_1_540' title='bbox 1914 2901 2156 2956; x_wconf 67' lang='lat' dir='ltr'><strong>«Gratias</strong></span> <span class='ocrx_word' id='word_1_541' title='bbox 2179 2899 2390 2967; x_wconf 80' lang='lat' dir='ltr'><strong>agimus</strong></span> <span class='ocrx_word' id='word_1_542' title='bbox 2415 2899 2531 2962; x_wconf 87' lang='lat' dir='ltr'><strong>tibi,</strong></span> <span class='ocrx_word' id='word_1_543' title='bbox 2558 2899 2699 2966; x_wconf 85' lang='lat' dir='ltr'><strong>quod</strong></span> <span class='ocrx_word' id='word_1_544' title='bbox 2719 2913 2878 2966; x_wconf 85' lang='lat' dir='ltr'><strong>quam</strong></span> <span class='ocrx_word' id='word_1_545' title='bbox 2910 2912 3072 2964; x_wconf 90' lang='lat' dir='ltr'><strong>super</strong></span> <span class='ocrx_word' id='word_1_546' title='bbox 3092 2907 3312 2950; x_wconf 87' lang='lat' dir='ltr'><strong>sanctos</strong></span> <span class='ocrx_word' id='word_1_547' title='bbox 3338 2911 3473 2966; x_wconf 80' lang='lat' dir='ltr'><strong>apo-</strong></span> 
     </span>
    </p>
   </div>
   <div class='ocr_carea' id='block_1_73' title="bbox 1910 2988 3473 3058">
    <p class='ocr_par' dir='ltr' id='par_1_73' title="bbox 1910 2988 3473 3058">
     <span class='ocr_line' id='line_1_75' title="bbox 1910 2988 3473 3058; baseline -0.004 -10"><span class='ocrx_word' id='word_1_548' title='bbox 1910 2993 2077 3049; x_wconf 88' lang='lat' dir='ltr'><strong>slolos</strong></span> <span class='ocrx_word' id='word_1_549' title='bbox 2110 3001 2232 3044; x_wconf 92' lang='lat' dir='ltr'><strong>tuos</strong></span> <span class='ocrx_word' id='word_1_550' title='bbox 2255 2999 2307 3043; x_wconf 86' lang='lat' dir='ltr'><strong>et</strong></span> <span class='ocrx_word' id='word_1_551' title='bbox 2332 3006 2497 3058; x_wconf 77' lang='lat' dir='ltr'><strong>super</strong></span> <span class='ocrx_word' id='word_1_552' title='bbox 2525 2999 2743 3042; x_wconf 83' lang='lat' dir='ltr'><strong>sanctos</strong></span> <span class='ocrx_word' id='word_1_553' title='bbox 2774 2991 2958 3042; x_wconf 80' lang='lat' dir='ltr'><strong>l’atres</strong></span> <span class='ocrx_word' id='word_1_554' title='bbox 2987 2998 3204 3042; x_wconf 87' lang='lat' dir='ltr'><strong>nostros</strong></span> <span class='ocrx_word' id='word_1_555' title='bbox 3228 2988 3473 3042; x_wconf 87' lang='lat' dir='ltr'><strong>iufudisti</strong></span> 
     </span>
    </p>
   </div>
   <div class='ocr_carea' id='block_1_74' title="bbox 1910 3082 3474 3155">
    <p class='ocr_par' dir='ltr' id='par_1_74' title="bbox 1910 3082 3474 3155">
     <span class='ocr_line' id='line_1_76' title="bbox 1910 3082 3474 3155; baseline -0.001 -17"><span class='ocrx_word' id='word_1_556' title='bbox 1910 3088 2161 3155; x_wconf 78' lang='lat' dir='ltr'><strong>gratiam,</strong></span> <span class='ocrx_word' id='word_1_557' title='bbox 2197 3099 2368 3151; x_wconf 86' lang='lat' dir='ltr'><strong>usque</strong></span> <span class='ocrx_word' id='word_1_558' title='bbox 2400 3084 2466 3135; x_wconf 90' lang='lat' dir='ltr'><strong>ad</strong></span> <span class='ocrx_word' id='word_1_559' title='bbox 2490 3099 2588 3136; x_wconf 87' lang='lat' dir='ltr'><strong>nos</strong></span> <span class='ocrx_word' id='word_1_560' title='bbox 2625 3083 2862 3135; x_wconf 88' lang='lat' dir='ltr'><strong>humiles</strong></span> <span class='ocrx_word' id='word_1_561' title='bbox 2901 3085 3193 3134; x_wconf 75' lang='lat' dir='ltr'><strong>extendere</strong></span> <span class='ocrx_word' id='word_1_562' title='bbox 3223 3082 3474 3148; x_wconf 85' lang='lat' dir='ltr'><strong>dignatus</strong></span> 
     </span>
    </p>
   </div>
   <div class='ocr_carea' id='block_1_75' title="bbox 1910 3175 3470 3245">
    <p class='ocr_par' dir='ltr' id='par_1_75' title="bbox 1910 3175 3470 3245">
     <span class='ocr_line' id='line_1_77' title="bbox 1910 3175 3470 3245; baseline -0.006 -10"><span class='ocrx_word' id='word_1_563' title='bbox 1910 3196 1986 3235; x_wconf 87' lang='lat' dir='ltr'><strong>es.</strong></span> <span class='ocrx_word' id='word_1_564' title='bbox 2031 3199 2048 3230; x_wconf 75' lang='grc' dir='ltr'><strong>ι</strong></span> <span class='ocrx_word' id='word_1_565' title='bbox 2084 3178 2350 3232; x_wconf 89' lang='lat' dir='ltr'><strong>Dicuntur</strong></span> <span class='ocrx_word' id='word_1_566' title='bbox 2373 3188 2550 3230; x_wconf 87' lang='lat' dir='ltr'><strong>autem</strong></span> <span class='ocrx_word' id='word_1_567' title='bbox 2581 3178 2879 3245; x_wconf 84' lang='lat' dir='ltr'><strong>gratiarum</strong></span> <span class='ocrx_word' id='word_1_568' title='bbox 2929 3190 3136 3243; x_wconf 81' lang='lat' dir='ltr'><strong>preces,</strong></span> <span class='ocrx_word' id='word_1_569' title='bbox 3171 3185 3228 3229; x_wconf 93' lang='lat' dir='ltr'><strong>ut</strong></span> <span class='ocrx_word' id='word_1_570' title='bbox 3261 3175 3470 3244; x_wconf 65' lang='lat' dir='ltr'><strong>praefati</strong></span> 
     </span>
    </p>
   </div>
   <div class='ocr_carea' id='block_1_76' title="bbox 1913 3267 3473 3336">
    <p class='ocr_par' dir='ltr' id='par_1_76' title="bbox 1913 3267 3473 3336">
     <span class='ocr_line' id='line_1_78' title="bbox 1913 3267 3473 3336; baseline -0.005 -10"><span class='ocrx_word' id='word_1_571' title='bbox 1913 3286 2124 3332; x_wconf 86' lang='lat' dir='ltr'><strong>sumus.</strong></span> <span class='ocrx_word' id='word_1_572' title='bbox 2148 3271 2202 3322; x_wconf 90' lang='lat' dir='ltr'><strong>in</strong></span> <span class='ocrx_word' id='word_1_573' title='bbox 2240 3270 2404 3322; x_wconf 88' lang='lat' dir='ltr'><strong>veteri</strong></span> <span class='ocrx_word' id='word_1_574' title='bbox 2437 3269 2636 3335; x_wconf 87' lang='lat' dir='ltr'><strong>templo</strong></span> <span class='ocrx_word' id='word_1_575' title='bbox 2696 3283 2789 3336; x_wconf 83' lang='lat' dir='ltr'><strong>per</strong></span> <span class='ocrx_word' id='word_1_576' title='bbox 2817 3268 3147 3334; x_wconf 87' lang='lat' dir='ltr'><strong>pontificem,</strong></span> <span class='ocrx_word' id='word_1_577' title='bbox 3175 3277 3226 3320; x_wconf 89' lang='lat' dir='ltr'><strong>et</strong></span> <span class='ocrx_word' id='word_1_578' title='bbox 3288 3267 3473 3335; x_wconf 74' lang='lat' dir='ltr'><strong>hymni</strong></span> 
     </span>
    </p>
   </div>
   <div class='ocr_carea' id='block_1_77' title="bbox 1913 3357 3468 3425">
    <p class='ocr_par' dir='ltr' id='par_1_77' title="bbox 1913 3357 3468 3425">
     <span class='ocr_line' id='line_1_79' title="bbox 1913 3357 3468 3425; baseline -0.004 -11"><span class='ocrx_word' id='word_1_579' title='bbox 1913 3362 2211 3415; x_wconf 88' lang='lat' dir='ltr'><strong>secundqu</strong></span> <span class='ocrx_word' id='word_1_580' title='bbox 2245 3360 2345 3412; x_wconf 91' lang='lat' dir='ltr'><strong>iter</strong></span> <span class='ocrx_word' id='word_1_581' title='bbox 2380 3367 2677 3419; x_wconf 82' lang='lat' dir='ltr'><strong>eauuntur,</strong></span> <span class='ocrx_word' id='word_1_582' title='bbox 2713 3359 3024 3425; x_wconf 81' lang='lat' dir='ltr'><strong>luminaque.</strong></span> <span class='ocrx_word' id='word_1_583' title='bbox 3059 3371 3120 3409; x_wconf 87' lang='lat' dir='ltr'><strong>ac</strong></span> <span class='ocrx_word' id='word_1_584' title='bbox 3157 3357 3376 3408; x_wconf 68' lang='lat' dir='ltr'><strong>incensa</strong></span> <span class='ocrx_word' id='word_1_585' title='bbox 3415 3358 3468 3408; x_wconf 91' lang='lat' dir='ltr'><strong>iu</strong></span> 
     </span>
    </p>
   </div>
   <div class='ocr_carea' id='block_1_78' title="bbox 1913 3447 3470 3515">
    <p class='ocr_par' dir='ltr' id='par_1_78' title="bbox 1913 3447 3470 3515">
     <span class='ocr_line' id='line_1_80' title="bbox 1913 3447 3470 3515; baseline -0.003 -11"><span class='ocrx_word' id='word_1_586' title='bbox 1913 3451 2172 3505; x_wconf 85' lang='lat' dir='ltr'><strong>honorem</strong></span> <span class='ocrx_word' id='word_1_587' title='bbox 2200 3462 2507 3504; x_wconf 80' lang='lat' dir='ltr'><strong>sanctorum</strong></span> <span class='ocrx_word' id='word_1_588' title='bbox 2545 3448 2916 3514; x_wconf 87' lang='lat' dir='ltr'><strong>proferuntur.</strong></span> <span class='ocrx_word' id='word_1_589' title='bbox 2955 3447 3015 3500; x_wconf 83' lang='lat' dir='ltr'><strong>Et</strong></span> <span class='ocrx_word' id='word_1_590' title='bbox 3047 3463 3239 3515; x_wconf 86' lang='lat' dir='ltr'><strong>proper</strong></span> <span class='ocrx_word' id='word_1_591' title='bbox 3269 3462 3470 3500; x_wconf 86' lang='lat' dir='ltr'><strong>novum</strong></span> 
     </span>
    </p>
   </div>
   <div class='ocr_carea' id='block_1_79' title="bbox 1912 3539 3473 3611">
    <p class='ocr_par' dir='ltr' id='par_1_79' title="bbox 1912 3539 3473 3611">
     <span class='ocr_line' id='line_1_81' title="bbox 1912 3539 3473 3611; baseline -0.005 -12"><span class='ocrx_word' id='word_1_592' title='bbox 1912 3547 2168 3611; x_wconf 85' lang='lat' dir='ltr'><strong>templum</strong></span> <span class='ocrx_word' id='word_1_593' title='bbox 2201 3557 2342 3611; x_wconf 58' lang='lat' dir='ltr'><strong>saepe</strong></span> <span class='ocrx_word' id='word_1_594' title='bbox 2369 3542 2596 3595; x_wconf 90' lang='lat' dir='ltr'><strong>dicitur:</strong></span> <span class='ocrx_word' id='word_1_595' title='bbox 2627 3539 2836 3593; x_wconf 72' lang='lat' dir='ltr'><strong>«Gloria</strong></span> <span class='ocrx_word' id='word_1_596' title='bbox 2866 3539 3213 3600; x_wconf 79' lang='lat' dir='ltr'><strong>tibi,Chrisle</strong></span> <span class='ocrx_word' id='word_1_597' title='bbox 3246 3540 3422 3603; x_wconf 89' lang='lat' dir='ltr'><strong>Deus;</strong></span> <span class='ocrx_word' id='word_1_598' title='bbox 3453 3559 3473 3591; x_wconf 72' lang='grc' dir='ltr'><strong>ι</strong></span> 
     </span>
    </p>
   </div>
   <div class='ocr_carea' id='block_1_80' title="bbox 1915 3634 3476 3704">
    <p class='ocr_par' dir='ltr' id='par_1_80' title="bbox 1915 3634 3476 3704">
     <span class='ocr_line' id='line_1_82' title="bbox 1915 3634 3476 3704; baseline -0.003 -15"><span class='ocrx_word' id='word_1_599' title='bbox 1915 3638 1966 3689; x_wconf 92' lang='lat' dir='ltr'><strong>in</strong></span> <span class='ocrx_word' id='word_1_600' title='bbox 2022 3637 2189 3704; x_wconf 84' lang='lat' dir='ltr'><strong>ipsius</strong></span> <span class='ocrx_word' id='word_1_601' title='bbox 2224 3637 2482 3688; x_wconf 90' lang='lat' dir='ltr'><strong>honorem</strong></span> <span class='ocrx_word' id='word_1_602' title='bbox 2538 3641 2591 3687; x_wconf 90' lang='lat' dir='ltr'><strong>et</strong></span> <span class='ocrx_word' id='word_1_603' title='bbox 2649 3634 3017 3702; x_wconf 87' lang='lat' dir='ltr'><strong>apostolorum</strong></span> <span class='ocrx_word' id='word_1_604' title='bbox 3063 3641 3116 3687; x_wconf 90' lang='lat' dir='ltr'><strong>et</strong></span> <span class='ocrx_word' id='word_1_605' title='bbox 3179 3641 3476 3702; x_wconf 77' lang='lat' dir='ltr'><strong>martyrum</strong></span> 
     </span>
    </p>
   </div>
   <div class='ocr_carea' id='block_1_81' title="bbox 1915 3723 3476 3794">
    <p class='ocr_par' dir='ltr' id='par_1_81' title="bbox 1915 3723 3476 3794">
     <span class='ocr_line' id='line_1_83' title="bbox 1915 3723 3476 3794; baseline 0 -17"><span class='ocrx_word' id='word_1_606' title='bbox 1915 3727 2106 3794; x_wconf 83' lang='lat' dir='ltr'><strong>ipsius,</strong></span> <span class='ocrx_word' id='word_1_607' title='bbox 2133 3735 2185 3778; x_wconf 84' lang='lat' dir='ltr'><strong>et</strong></span> <span class='ocrx_word' id='word_1_608' title='bbox 2221 3725 2273 3778; x_wconf 92' lang='lat' dir='ltr'><strong>in</strong></span> <span class='ocrx_word' id='word_1_609' title='bbox 2307 3733 2510 3779; x_wconf 74' lang='lat' dir='ltr'><strong>sancta:</strong></span> <span class='ocrx_word' id='word_1_610' title='bbox 2540 3723 2822 3778; x_wconf 85' lang='lat' dir='ltr'><strong>Trinitatis</strong></span> <span class='ocrx_word' id='word_1_611' title='bbox 2867 3725 3118 3794; x_wconf 75' lang='lat' dir='ltr'><strong>gloriam,</strong></span> <span class='ocrx_word' id='word_1_612' title='bbox 3158 3732 3212 3779; x_wconf 88' lang='lat' dir='ltr'><strong>et</strong></span> <span class='ocrx_word' id='word_1_613' title='bbox 3240 3725 3293 3778; x_wconf 91' lang='lat' dir='ltr'><strong>in</strong></span> <span class='ocrx_word' id='word_1_614' title='bbox 3318 3739 3476 3778; x_wconf 86' lang='lat' dir='ltr'><strong>sanc-</strong></span> 
     </span>
    </p>
   </div>
   <div class='ocr_carea' id='block_1_82' title="bbox 1917 3827 2490 3887">
    <p class='ocr_par' dir='ltr' id='par_1_82' title="bbox 1917 3827 2490 3887">
     <span class='ocr_line' id='line_1_84' title="bbox 1917 3827 2490 3887; baseline 0.005 -18"><span class='ocrx_word' id='word_1_615' title='bbox 1917 3827 2092 3870; x_wconf 71' lang='lat' dir='ltr'><strong>ltrﬂllll</strong></span> <span class='ocrx_word' id='word_1_616' title='bbox 2134 3834 2346 3887; x_wconf 48' lang='lat' dir='ltr'><strong>pl&#39;ﬂCOll</strong></span> <span class='ocrx_word' id='word_1_617' title='bbox 2377 3835 2406 3872; x_wconf 85' lang='grc' dir='ltr'><strong>υ</strong></span> <span class='ocrx_word' id='word_1_618' title='bbox 2418 3836 2465 3872; x_wconf 72' lang='grc' dir='ltr'><strong>ΙΙΙ</strong></span> <span class='ocrx_word' id='word_1_619' title='bbox 2477 3857 2490 3872; x_wconf 78' lang='grc'><strong>.</strong></span> 
     </span>
    </p>
   </div>
   <div class='ocr_carea' id='block_1_83' title="bbox 2458 4016 2970 4077">
    <p class='ocr_par' dir='ltr' id='par_1_83' title="bbox 2458 4016 2970 4077">
     <span class='ocr_line' id='line_1_85' title="bbox 2458 4016 2970 4077; baseline 0.008 -5"><span class='ocrx_word' id='word_1_620' title='bbox 2458 4016 2688 4074; x_wconf 78' lang='lat' dir='ltr'><strong>CAPLT</strong></span> <span class='ocrx_word' id='word_1_621' title='bbox 2739 4020 2970 4077; x_wconf 74' lang='lat' dir='ltr'><strong>CXVIII.</strong></span> 
     </span>
    </p>
   </div>
   <div class='ocr_carea' id='block_1_84' title="bbox 1917 4109 3478 4188">
    <p class='ocr_par' dir='ltr' id='par_1_84' title="bbox 1917 4109 3478 4188">
     <span class='ocr_line' id='line_1_86' title="bbox 1917 4109 3478 4188; baseline 0.008 -27"><span class='ocrx_word' id='word_1_622' title='bbox 1917 4109 2091 4174; x_wconf 79' lang='lat' dir='ltr'><strong>Quare</strong></span> <span class='ocrx_word' id='word_1_623' title='bbox 2131 4109 2452 4188; x_wconf 35' lang='grc' dir='ltr'>ριιίιιιιίαλιιιιγ</span> <span class='ocrx_word' id='word_1_624' title='bbox 2493 4130 2657 4166; x_wconf 77' lang='grc' dir='ltr'>εαενιε</span> <span class='ocrx_word' id='word_1_625' title='bbox 2674 4116 2828 4188; x_wconf 25' lang='grc' dir='ltr'>ξαειίίε</span> <span class='ocrx_word' id='word_1_626' title='bbox 2885 4122 3042 4188; x_wconf 76' lang='lat' dir='ltr'><strong>fores,</strong></span> <span class='ocrx_word' id='word_1_627' title='bbox 3093 4119 3478 4188; x_wconf 82' lang='lat' dir='ltr'><strong>accinatnrque</strong></span> 
     </span>
    </p>
   </div>
   <div class='ocr_carea' id='block_1_85' title="bbox 2126 4180 3263 4256">
    <p class='ocr_par' dir='ltr' id='par_1_85' title="bbox 2126 4180 3263 4256">
     <span class='ocr_line' id='line_1_87' title="bbox 2126 4180 3263 4256; baseline 0.007 -24"><span class='ocrx_word' id='word_1_628' title='bbox 2126 4180 2449 4248; x_wconf 69' lang='lat' dir='ltr'><strong>illttdtPsal.</strong></span> <span class='ocrx_word' id='word_1_629' title='bbox 2485 4200 2642 4248; x_wconf 77' lang='lat' dir='ltr'><strong>xxiii,</strong></span> <span class='ocrx_word' id='word_1_630' title='bbox 2673 4184 2749 4253; x_wconf 83' lang='lat'><strong>7),</strong></span> <span class='ocrx_word' id='word_1_631' title='bbox 2780 4180 3035 4240; x_wconf 34' lang='lat' dir='ltr'><strong>Attollite&#39;</strong></span> <span class='ocrx_word' id='word_1_632' title='bbox 3060 4197 3263 4256; x_wconf 88' lang='lat' dir='ltr'><strong>portas.</strong></span> 
     </span>
    </p>
   </div>
   <div class='ocr_carea' id='block_1_86' title="bbox 1989 4272 3480 4346">
    <p class='ocr_par' dir='ltr' id='par_1_86' title="bbox 1989 4272 3480 4346">
     <span class='ocr_line' id='line_1_88' title="bbox 1989 4272 3480 4346; baseline 0.007 -21"><span class='ocrx_word' id='word_1_633' title='bbox 1989 4272 2124 4326; x_wconf 88' lang='lat' dir='ltr'><strong>Cum</strong></span> <span class='ocrx_word' id='word_1_634' title='bbox 2160 4284 2338 4328; x_wconf 88' lang='lat' dir='ltr'><strong>autem</strong></span> <span class='ocrx_word' id='word_1_635' title='bbox 2371 4273 2438 4328; x_wconf 91' lang='lat' dir='ltr'><strong>ad</strong></span> <span class='ocrx_word' id='word_1_636' title='bbox 2475 4277 2596 4330; x_wconf 90' lang='lat' dir='ltr'><strong>novi</strong></span> <span class='ocrx_word' id='word_1_637' title='bbox 2661 4279 2841 4346; x_wconf 90' lang='lat' dir='ltr'><strong>templi</strong></span> <span class='ocrx_word' id='word_1_638' title='bbox 2889 4282 3182 4333; x_wconf 83' lang='lat' dir='ltr'><strong>narthecen</strong></span> <span class='ocrx_word' id='word_1_639' title='bbox 3252 4280 3480 4335; x_wconf 81' lang='lat' dir='ltr'><strong>advenit</strong></span> 
     </span>
    </p>
   </div>
   <div class='ocr_carea' id='block_1_87' title="bbox 1917 4366 3484 4439">
    <p class='ocr_par' dir='ltr' id='par_1_87' title="bbox 1917 4366 3484 4439">
     <span class='ocr_line' id='line_1_89' title="bbox 1917 4366 3484 4439; baseline 0.005 -22"><span class='ocrx_word' id='word_1_640' title='bbox 1917 4366 2184 4435; x_wconf 79' lang='lat' dir='ltr'><strong>pontifex,</strong></span> <span class='ocrx_word' id='word_1_641' title='bbox 2243 4367 2532 4424; x_wconf 82' lang='lat' dir='ltr'><strong>interiores</strong></span> <span class='ocrx_word' id='word_1_642' title='bbox 2565 4385 2778 4439; x_wconf 81' lang='lat' dir='ltr'><strong>mang</strong></span> <span class='ocrx_word' id='word_1_643' title='bbox 2835 4371 3016 4438; x_wconf 73' lang='lat' dir='ltr'><strong>januae</strong></span> <span class='ocrx_word' id='word_1_644' title='bbox 3056 4372 3404 4438; x_wconf 83' lang='lat' dir='ltr'><strong>clauduntur,</strong></span> <span class='ocrx_word' id='word_1_645' title='bbox 3429 4384 3484 4425; x_wconf 86' lang='lat' dir='ltr'><strong>et</strong></span> 
     </span>
    </p>
   </div>
   <div class='ocr_carea' id='block_1_88' title="bbox 1919 4458 3484 4528">
    <p class='ocr_par' dir='ltr' id='par_1_88' title="bbox 1919 4458 3484 4528">
     <span class='ocr_line' id='line_1_90' title="bbox 1919 4458 3484 4528; baseline 0.004 -16"><span class='ocrx_word' id='word_1_646' title='bbox 1919 4458 2090 4513; x_wconf 87' lang='lat' dir='ltr'><strong>istud:</strong></span> <span class='ocrx_word' id='word_1_647' title='bbox 2120 4476 2138 4509; x_wconf 77' lang='grc' dir='ltr'><strong>ι</strong></span> <span class='ocrx_word' id='word_1_648' title='bbox 2159 4459 2402 4514; x_wconf 79' lang='lat' dir='ltr'><strong>Attollite</strong></span> <span class='ocrx_word' id='word_1_649' title='bbox 2418 4472 2622 4528; x_wconf 87' lang='lat' dir='ltr'><strong>portas,</strong></span> <span class='ocrx_word' id='word_1_650' title='bbox 2649 4481 2665 4512; x_wconf 79' lang='grc' dir='ltr'><strong>ι</strong></span> <span class='ocrx_word' id='word_1_651' title='bbox 2694 4463 2760 4514; x_wconf 86' lang='lat' dir='ltr'><strong>ab</strong></span> <span class='ocrx_word' id='word_1_652' title='bbox 2777 4463 2921 4518; x_wconf 87' lang='lat' dir='ltr'><strong>intus</strong></span> <span class='ocrx_word' id='word_1_653' title='bbox 2938 4477 2991 4516; x_wconf 90' lang='lat' dir='ltr'><strong>et</strong></span> <span class='ocrx_word' id='word_1_654' title='bbox 3009 4471 3312 4519; x_wconf 69' lang='lat' dir='ltr'><strong>extrorsum</strong></span> <span class='ocrx_word' id='word_1_655' title='bbox 3331 4465 3484 4520; x_wconf 89' lang='lat' dir='ltr'><strong>cani-</strong></span> 
     </span>
    </p>
   </div>
   <div class='ocr_carea' id='block_1_89' title="bbox 249 4553 1923 4627">
    <p class='ocr_par' dir='ltr' id='par_1_89' title="bbox 249 4554 1898 4625">
     <span class='ocr_line' id='line_1_91' title="bbox 249 4554 1898 4625; baseline -0.002 -15"><span class='ocrx_word' id='word_1_656' title='bbox 249 4560 333 4610; x_wconf 80' lang='grc' dir='ltr'>ὅτι</span> <span class='ocrx_word' id='word_1_657' title='bbox 367 4558 456 4609; x_wconf 77' lang='grc' dir='ltr'>τὸν</span> <span class='ocrx_word' id='word_1_658' title='bbox 510 4554 746 4623; x_wconf 74' lang='grc' dir='ltr'>Χριστὸν</span> <span class='ocrx_word' id='word_1_659' title='bbox 777 4555 1041 4607; x_wconf 86' lang='grc' dir='ltr'>τυποῦσιν</span> <span class='ocrx_word' id='word_1_660' title='bbox 1085 4555 1134 4605; x_wconf 81' lang='lat' dir='ltr'><strong>oi</strong></span> <span class='ocrx_word' id='word_1_661' title='bbox 1188 4554 1486 4625; x_wconf 80' lang='grc' dir='ltr'>μάρτυρες,</span> <span class='ocrx_word' id='word_1_662' title='bbox 1532 4554 1626 4608; x_wconf 77' lang='grc' dir='ltr'>καὶ</span> <span class='ocrx_word' id='word_1_663' title='bbox 1657 4555 1817 4618; x_wconf 81' lang='grc' dir='ltr'>αὐτὸς</span> <span class='ocrx_word' id='word_1_664' title='bbox 1845 4554 1898 4616; x_wconf 87' lang='grc' dir='ltr'><strong>Ι)</strong></span> 
     </span>
    </p>
   </div>
   <div class='ocr_carea' id='block_1_90' title="bbox 1811 4553 3485 4627">
    <p class='ocr_par' dir='ltr' id='par_1_90' title="bbox 1811 4553 3485 4627">
     <span class='ocr_line' id='line_1_92' title="bbox 1811 4553 3485 4627; baseline 0.005 -24"><span class='ocrx_word' id='word_1_665' title='bbox 1811 4554 1898 4616; x_wconf 84' lang='grc' dir='ltr'><strong>;Ι)</strong></span> <span class='ocrx_word' id='word_1_666' title='bbox 1926 4563 2057 4616; x_wconf 88' lang='lat' dir='ltr'><strong>tur;</strong></span> <span class='ocrx_word' id='word_1_667' title='bbox 2109 4553 2366 4620; x_wconf 88' lang='lat' dir='ltr'><strong>quoniam</strong></span> <span class='ocrx_word' id='word_1_668' title='bbox 2407 4553 2610 4608; x_wconf 78' lang='lat' dir='ltr'><strong>Christi</strong></span> <span class='ocrx_word' id='word_1_669' title='bbox 2662 4567 2848 4624; x_wconf 84' lang='lat' dir='ltr'><strong>typum</strong></span> <span class='ocrx_word' id='word_1_670' title='bbox 2889 4565 3086 4623; x_wconf 84' lang='lat' dir='ltr'><strong>gerunt</strong></span> <span class='ocrx_word' id='word_1_671' title='bbox 3143 4567 3410 4627; x_wconf 78' lang='lat' dir='ltr'><strong>martyres</strong></span> <span class='ocrx_word' id='word_1_672' title='bbox 3432 4568 3485 4612; x_wconf 80' lang='lat' dir='ltr'><strong>et</strong></span> 
     </span>
    </p>
   </div>
   <div class='ocr_carea' id='block_1_91' title="bbox 250 4645 1819 4717">
    <p class='ocr_par' dir='ltr' id='par_1_91' title="bbox 250 4645 1819 4717">
     <span class='ocr_line' id='line_1_93' title="bbox 250 4645 1819 4717; baseline -0.001 -17"><span class='ocrx_word' id='word_1_673' title='bbox 250 4652 278 4700; x_wconf 86' lang='lat'><strong>6</strong></span> <span class='ocrx_word' id='word_1_674' title='bbox 308 4647 598 4717; x_wconf 83' lang='grc' dir='ltr'>ἀρχιερεύς</span> <span class='ocrx_word' id='word_1_675' title='bbox 625 4662 640 4677; x_wconf 75' lang='grc' dir='ltr'>σ</span> <span class='ocrx_word' id='word_1_676' title='bbox 671 4647 698 4698; x_wconf 77' lang='grc' dir='ltr'><strong>ὁ</strong></span> <span class='ocrx_word' id='word_1_677' title='bbox 720 4645 775 4697; x_wconf 84' lang='grc' dir='ltr'><strong>δὲ</strong></span> <span class='ocrx_word' id='word_1_678' title='bbox 799 4645 922 4707; x_wconf 87' lang='grc' dir='ltr'>ναὸς</span> <span class='ocrx_word' id='word_1_679' title='bbox 950 4645 1040 4697; x_wconf 80' lang='grc' dir='ltr'><strong>τὸν</strong></span> <span class='ocrx_word' id='word_1_680' title='bbox 1071 4646 1323 4714; x_wconf 79' lang='grc' dir='ltr'>οὐρανόν.</span> <span class='ocrx_word' id='word_1_681' title='bbox 1362 4647 1428 4698; x_wconf 77' lang='grc' dir='ltr'><strong>Ἀ</strong></span> <span class='ocrx_word' id='word_1_682' title='bbox 1458 4647 1640 4699; x_wconf 81' lang='grc' dir='ltr'>τοίνυν</span> <span class='ocrx_word' id='word_1_683' title='bbox 1665 4647 1723 4700; x_wconf 86' lang='grc' dir='ltr'>ὲν</span> <span class='ocrx_word' id='word_1_684' title='bbox 1742 4646 1819 4715; x_wconf 84' lang='grc' dir='ltr'>τῷ</span> 
     </span>
    </p>
   </div>
   <div class='ocr_carea' id='block_1_92' title="bbox 251 4737 1822 4807">
    <p class='ocr_par' dir='ltr' id='par_1_92' title="bbox 251 4737 1822 4807">
     <span class='ocr_line' id='line_1_94' title="bbox 251 4737 1822 4807; baseline -0.002 -16"><span class='ocrx_word' id='word_1_685' title='bbox 251 4738 578 4806; x_wconf 81' lang='grc' dir='ltr'>ἀνέρχεσθαι</span> <span class='ocrx_word' id='word_1_686' title='bbox 630 4738 885 4804; x_wconf 82' lang='grc' dir='ltr'>ὑπεράνω</span> <span class='ocrx_word' id='word_1_687' title='bbox 933 4752 1044 4788; x_wconf 89' lang='grc' dir='ltr'><strong>των</strong></span> <span class='ocrx_word' id='word_1_688' title='bbox 1073 4737 1318 4807; x_wconf 84' lang='grc' dir='ltr'>οὐρανῶν</span> <span class='ocrx_word' id='word_1_689' title='bbox 1364 4738 1585 4805; x_wconf 79' lang='grc' dir='ltr'>ἄγγελοι</span> <span class='ocrx_word' id='word_1_690' title='bbox 1616 4737 1822 4807; x_wconf 73' lang='grc' dir='ltr'>ἑμελῲο</span> 
     </span>
    </p>
   </div>
   <div class='ocr_carea' id='block_1_93' title="bbox 253 4829 1820 4900">
    <p class='ocr_par' dir='ltr' id='par_1_93' title="bbox 253 4829 1820 4900">
     <span class='ocr_line' id='line_1_95' title="bbox 253 4829 1820 4900; baseline -0.003 -17"><span class='ocrx_word' id='word_1_691' title='bbox 253 4831 400 4892; x_wconf 89' lang='grc' dir='ltr'>δουν,</span> <span class='ocrx_word' id='word_1_692' title='bbox 435 4830 509 4892; x_wconf 88' lang='grc' dir='ltr'><strong>ῶς</strong></span> <span class='ocrx_word' id='word_1_693' title='bbox 545 4847 712 4900; x_wconf 80' lang='grc' dir='ltr'>φησιν</span> <span class='ocrx_word' id='word_1_694' title='bbox 740 4831 768 4881; x_wconf 88' lang='lat'><strong>6</strong></span> <span class='ocrx_word' id='word_1_695' title='bbox 796 4830 938 4888; x_wconf 78' lang='grc' dir='ltr'>θεῖος</span> <span class='ocrx_word' id='word_1_696' title='bbox 971 4829 1154 4892; x_wconf 77' lang='grc' dir='ltr'>Δασὶδ,</span> <span class='ocrx_word' id='word_1_697' title='bbox 1194 4831 1366 4883; x_wconf 84' lang='grc' dir='ltr'>ταῦτα</span> <span class='ocrx_word' id='word_1_698' title='bbox 1395 4831 1490 4884; x_wconf 80' lang='grc' dir='ltr'>καὶ</span> <span class='ocrx_word' id='word_1_699' title='bbox 1521 4831 1616 4884; x_wconf 80' lang='grc' dir='ltr'><strong>νῦν</strong></span> <span class='ocrx_word' id='word_1_700' title='bbox 1648 4831 1820 4898; x_wconf 86' lang='grc' dir='ltr'>μελῳ-</span> 
     </span>
    </p>
   </div>
   <div class='ocr_carea' id='block_1_94' title="bbox 251 4906 1819 4991">
    <p class='ocr_par' dir='ltr' id='par_1_94' title="bbox 251 4906 1819 4991">
     <span class='ocr_line' id='line_1_96' title="bbox 251 4906 1819 4991; baseline 0.001 -19"><span class='ocrx_word' id='word_1_701' title='bbox 251 4922 448 4986; x_wconf 79' lang='grc' dir='ltr'>δεῖται,</span> <span class='ocrx_word' id='word_1_702' title='bbox 496 4920 607 4972; x_wconf 85' lang='grc' dir='ltr'><strong>τῶν</strong></span> <span class='ocrx_word' id='word_1_703' title='bbox 659 4906 819 4990; x_wconf 66' lang='grc' dir='ltr'>ἱερῶν</span> <span class='ocrx_word' id='word_1_704' title='bbox 873 4923 1240 4991; x_wconf 73' lang='grc' dir='ltr'>εἰσαγομένων</span> <span class='ocrx_word' id='word_1_705' title='bbox 1299 4921 1587 4990; x_wconf 68' lang='grc' dir='ltr'>λειψάνων.</span> <span class='ocrx_word' id='word_1_706' title='bbox 1647 4921 1706 4974; x_wconf 85' lang='lat'><strong>&#39;0</strong></span> <span class='ocrx_word' id='word_1_707' title='bbox 1764 4921 1819 4973; x_wconf 72' lang='grc' dir='ltr'><strong>δὲ</strong></span> 
     </span>
    </p>
   </div>
   <div class='ocr_carea' id='block_1_95' title="bbox 254 5009 1820 5081">
    <p class='ocr_par' dir='ltr' id='par_1_95' title="bbox 254 5009 1820 5081">
     <span class='ocr_line' id='line_1_97' title="bbox 254 5009 1820 5081; baseline 0 -17"><span class='ocrx_word' id='word_1_708' title='bbox 254 5012 565 5081; x_wconf 82' lang='grc' dir='ltr'>ἀρχιερεὺς,</span> <span class='ocrx_word' id='word_1_709' title='bbox 625 5015 865 5080; x_wconf 79' lang='grc' dir='ltr'>τάπητος</span> <span class='ocrx_word' id='word_1_710' title='bbox 924 5009 1077 5075; x_wconf 84' lang='grc' dir='ltr'>αὖθις</span> <span class='ocrx_word' id='word_1_711' title='bbox 1125 5012 1599 5081; x_wconf 85' lang='grc' dir='ltr'>εύτρεπισθέντος,</span> <span class='ocrx_word' id='word_1_712' title='bbox 1651 5012 1820 5064; x_wconf 82' lang='grc' dir='ltr'>κλίνει</span> 
     </span>
    </p>
   </div>
   <div class='ocr_carea' id='block_1_96' title="bbox 253 5103 1822 5176">
    <p class='ocr_par' dir='ltr' id='par_1_96' title="bbox 253 5103 1822 5176">
     <span class='ocr_line' id='line_1_98' title="bbox 253 5103 1822 5176; baseline 0.001 -20"><span class='ocrx_word' id='word_1_713' title='bbox 253 5105 314 5156; x_wconf 82' lang='grc' dir='ltr'>τὸ</span> <span class='ocrx_word' id='word_1_714' title='bbox 350 5104 476 5169; x_wconf 85' lang='grc' dir='ltr'>γόνυ</span> <span class='ocrx_word' id='word_1_715' title='bbox 511 5103 588 5172; x_wconf 87' lang='grc' dir='ltr'>τῷ</span> <span class='ocrx_word' id='word_1_716' title='bbox 616 5105 708 5155; x_wconf 82' lang='grc' dir='ltr'><strong>τοῦ</strong></span> <span class='ocrx_word' id='word_1_717' title='bbox 756 5104 988 5174; x_wconf 78' lang='grc' dir='ltr'>οὐρανοῦ</span> <span class='ocrx_word' id='word_1_718' title='bbox 1022 5105 1285 5176; x_wconf 80' lang='grc' dir='ltr'>Δεσπότῃ,</span> <span class='ocrx_word' id='word_1_719' title='bbox 1322 5106 1416 5156; x_wconf 78' lang='grc' dir='ltr'>καὶ</span> <span class='ocrx_word' id='word_1_720' title='bbox 1443 5103 1684 5173; x_wconf 78' lang='grc' dir='ltr'>εὓχεται.</span> <span class='ocrx_word' id='word_1_721' title='bbox 1717 5105 1822 5158; x_wconf 89' lang='lat' dir='ltr'><strong>Kal</strong></span> 
     </span>
    </p>
   </div>
   <div class='ocr_carea' id='block_1_97' title="bbox 255 5193 1822 5264">
    <p class='ocr_par' dir='ltr' id='par_1_97' title="bbox 255 5193 1822 5264">
     <span class='ocr_line' id='line_1_99' title="bbox 255 5193 1822 5264; baseline 0 -18"><span class='ocrx_word' id='word_1_722' title='bbox 255 5195 508 5262; x_wconf 71' lang='grc' dir='ltr'>ἐπιφέρει</span> <span class='ocrx_word' id='word_1_723' title='bbox 553 5193 652 5262; x_wconf 78' lang='grc' dir='ltr'>τὴν</span> <span class='ocrx_word' id='word_1_724' title='bbox 705 5194 871 5263; x_wconf 75' lang='grc' dir='ltr'>εὐχὴν</span> <span class='ocrx_word' id='word_1_725' title='bbox 922 5197 1021 5262; x_wconf 85' lang='grc' dir='ltr'>τῆς</span> <span class='ocrx_word' id='word_1_726' title='bbox 1077 5195 1316 5259; x_wconf 82' lang='grc' dir='ltr'>εἰσόδου,</span> <span class='ocrx_word' id='word_1_727' title='bbox 1378 5195 1822 5264; x_wconf 78' lang='grc' dir='ltr'>συλλειτουργοὺς</span> 
     </span>
    </p>
   </div>
   <div class='ocr_carea' id='block_1_98' title="bbox 255 5285 1822 5354">
    <p class='ocr_par' dir='ltr' id='par_1_98' title="bbox 255 5285 1822 5354">
     <span class='ocr_line' id='line_1_100' title="bbox 255 5285 1822 5354; baseline 0.002 -19"><span class='ocrx_word' id='word_1_728' title='bbox 255 5285 738 5354; x_wconf 82' lang='grc' dir='ltr'>προσκαλούμενος</span> <span class='ocrx_word' id='word_1_729' title='bbox 791 5288 883 5336; x_wconf 80' lang='grc' dir='ltr'>καὶ</span> <span class='ocrx_word' id='word_1_730' title='bbox 936 5285 1302 5347; x_wconf 72' lang='grc' dir='ltr'>συνεισιόντας</span> <span class='ocrx_word' id='word_1_731' title='bbox 1361 5287 1650 5352; x_wconf 68' lang='grc' dir='ltr'>ἀγγέλους.</span> <span class='ocrx_word' id='word_1_732' title='bbox 1714 5287 1822 5338; x_wconf 85' lang='lat' dir='ltr'><strong>Kal</strong></span> 
     </span>
    </p>
   </div>
   <div class='ocr_carea' id='block_1_99' title="bbox 254 5372 1820 5441">
    <p class='ocr_par' dir='ltr' id='par_1_99' title="bbox 254 5372 1820 5441">
     <span class='ocr_line' id='line_1_101' title="bbox 254 5372 1820 5441; baseline -0.003 -15"><span class='ocrx_word' id='word_1_733' title='bbox 254 5372 402 5427; x_wconf 88' lang='grc' dir='ltr'>οῦτω</span> <span class='ocrx_word' id='word_1_734' title='bbox 451 5374 768 5441; x_wconf 73' lang='grc' dir='ltr'>σφραγίζων</span> <span class='ocrx_word' id='word_1_735' title='bbox 801 5373 898 5434; x_wconf 75' lang='grc' dir='ltr'><strong>τὰς</strong></span> <span class='ocrx_word' id='word_1_736' title='bbox 924 5373 1018 5424; x_wconf 83' lang='grc' dir='ltr'><strong>τοῦ</strong></span> <span class='ocrx_word' id='word_1_737' title='bbox 1065 5372 1191 5425; x_wconf 90' lang='grc' dir='ltr'>ναοῦ</span> <span class='ocrx_word' id='word_1_738' title='bbox 1221 5372 1394 5434; x_wconf 86' lang='grc' dir='ltr'>πύλας</span> <span class='ocrx_word' id='word_1_739' title='bbox 1445 5376 1541 5424; x_wconf 82' lang='grc' dir='ltr'>καὶ</span> <span class='ocrx_word' id='word_1_740' title='bbox 1567 5372 1820 5438; x_wconf 87' lang='grc' dir='ltr'>ἀνοίγων,</span> 
     </span>
    </p>
   </div>
   <div class='ocr_carea' id='block_1_100' title="bbox 255 5463 1822 5534">
    <p class='ocr_par' dir='ltr' id='par_1_100' title="bbox 255 5463 1822 5534">
     <span class='ocr_line' id='line_1_102' title="bbox 255 5463 1822 5534; baseline -0.003 -16"><span class='ocrx_word' id='word_1_741' title='bbox 255 5466 332 5528; x_wconf 84' lang='grc' dir='ltr'><strong>ὡς</strong></span> <span class='ocrx_word' id='word_1_742' title='bbox 365 5467 576 5526; x_wconf 81' lang='grc' dir='ltr'>εἰς,τὸν</span> <span class='ocrx_word' id='word_1_743' title='bbox 632 5466 860 5534; x_wconf 81' lang='grc' dir='ltr'>οὐρανὸν</span> <span class='ocrx_word' id='word_1_744' title='bbox 894 5464 1144 5528; x_wconf 75' lang='grc' dir='ltr'>εἴσεισιν,</span> <span class='ocrx_word' id='word_1_745' title='bbox 1197 5464 1271 5526; x_wconf 84' lang='grc' dir='ltr'>ὡς</span> <span class='ocrx_word' id='word_1_746' title='bbox 1318 5465 1405 5516; x_wconf 82' lang='grc' dir='ltr'><strong>διὰ</strong></span> <span class='ocrx_word' id='word_1_747' title='bbox 1437 5463 1532 5515; x_wconf 89' lang='grc' dir='ltr'><strong>τοῦ</strong></span> <span class='ocrx_word' id='word_1_748' title='bbox 1588 5463 1822 5532; x_wconf 80' lang='grc' dir='ltr'>μεγάλου</span> 
     </span>
    </p>
   </div>
   <div class='ocr_carea' id='block_1_101' title="bbox 253 5553 1822 5624">
    <p class='ocr_par' dir='ltr' id='par_1_101' title="bbox 253 5553 1822 5624">
     <span class='ocr_line' id='line_1_103' title="bbox 253 5553 1822 5624; baseline -0.001 -16"><span class='ocrx_word' id='word_1_749' title='bbox 253 5556 352 5608; x_wconf 84' lang='grc' dir='ltr'><strong>τοῦ</strong></span> <span class='ocrx_word' id='word_1_750' title='bbox 390 5556 600 5624; x_wconf 71' lang='grc' dir='ltr'>Πατρός</span> <span class='ocrx_word' id='word_1_751' title='bbox 633 5556 905 5624; x_wconf 82' lang='grc' dir='ltr'>μάρτυρος</span> <span class='ocrx_word' id='word_1_752' title='bbox 948 5555 1122 5622; x_wconf 78' lang='grc' dir='ltr'>Ἰησοῦ</span> <span class='ocrx_word' id='word_1_753' title='bbox 1162 5553 1400 5621; x_wconf 81' lang='grc' dir='ltr'>Χριστοῦ</span> <span class='ocrx_word' id='word_1_754' title='bbox 1431 5554 1526 5622; x_wconf 79' lang='grc' dir='ltr'>τῆς</span> <span class='ocrx_word' id='word_1_755' title='bbox 1573 5553 1822 5621; x_wconf 80' lang='grc' dir='ltr'>οὐρανίου</span> 
     </span>
    </p>
   </div>
   <div class='ocr_carea' id='block_1_102' title="bbox 257 5645 1824 5714">
    <p class='ocr_par' dir='ltr' id='par_1_102' title="bbox 257 5645 1824 5714">
     <span class='ocr_line' id='line_1_104' title="bbox 257 5645 1824 5714; baseline -0.001 -16"><span class='ocrx_word' id='word_1_756' title='bbox 257 5646 467 5714; x_wconf 80' lang='grc' dir='ltr'>σκηνῆς</span> <span class='ocrx_word' id='word_1_757' title='bbox 517 5647 905 5714; x_wconf 79' lang='grc' dir='ltr'>διανοιχθείσης</span> <span class='ocrx_word' id='word_1_758' title='bbox 943 5645 1093 5713; x_wconf 76' lang='grc' dir='ltr'>ἡμῖν.</span> <span class='ocrx_word' id='word_1_759' title='bbox 1141 5647 1248 5698; x_wconf 85' lang='lat' dir='ltr'><strong>Kal</strong></span> <span class='ocrx_word' id='word_1_760' title='bbox 1282 5646 1546 5697; x_wconf 72' lang='grc' dir='ltr'>είσοδεύει</span> <span class='ocrx_word' id='word_1_761' title='bbox 1575 5647 1602 5696; x_wconf 88' lang='lat'><strong>6</strong></span> <span class='ocrx_word' id='word_1_762' title='bbox 1633 5649 1824 5714; x_wconf 84' lang='grc' dir='ltr'>ἀρχιε-</span> 
     </span>
    </p>
   </div>
   <div class='ocr_carea' id='block_1_103' title="bbox 258 5733 1825 5807">
    <p class='ocr_par' dir='ltr' id='par_1_103' title="bbox 258 5733 1825 5807">
     <span class='ocr_line' id='line_1_105' title="bbox 258 5733 1825 5807; baseline -0.003 -18"><span class='ocrx_word' id='word_1_763' title='bbox 258 5739 386 5807; x_wconf 58' lang='grc' dir='ltr'>ρεὺς</span> <span class='ocrx_word' id='word_1_764' title='bbox 445 5737 540 5788; x_wconf 78' lang='grc' dir='ltr'>σὺν</span> <span class='ocrx_word' id='word_1_765' title='bbox 570 5739 681 5797; x_wconf 89' lang='grc' dir='ltr'>τοῖς</span> <span class='ocrx_word' id='word_1_766' title='bbox 731 5738 842 5786; x_wconf 82' lang='grc' dir='ltr'><strong>τῶν</strong></span> <span class='ocrx_word' id='word_1_767' title='bbox 895 5737 1064 5802; x_wconf 80' lang='grc' dir='ltr'>ἁγίων</span> <span class='ocrx_word' id='word_1_768' title='bbox 1115 5737 1390 5803; x_wconf 54' lang='lat' dir='ltr'><strong>laid/im;</strong></span> <span class='ocrx_word' id='word_1_769' title='bbox 1437 5738 1530 5787; x_wconf 75' lang='grc' dir='ltr'>καὶ</span> <span class='ocrx_word' id='word_1_770' title='bbox 1565 5735 1643 5802; x_wconf 84' lang='grc' dir='ltr'>τῷ</span> <span class='ocrx_word' id='word_1_771' title='bbox 1695 5733 1825 5804; x_wconf 85' lang='grc' dir='ltr'>θείῳ</span> 
     </span>
    </p>
   </div>
   <div class='ocr_carea' id='block_1_104' title="bbox 255 5825 1824 5897">
    <p class='ocr_par' dir='ltr' id='par_1_104' title="bbox 255 5825 1824 5897">
     <span class='ocr_line' id='line_1_106' title="bbox 255 5825 1824 5897; baseline -0.002 -16"><span class='ocrx_word' id='word_1_772' title='bbox 255 5829 597 5897; x_wconf 74' lang='grc' dir='ltr'>Εὑαγγελίῳ.</span> <span class='ocrx_word' id='word_1_773' title='bbox 638 5828 972 5892; x_wconf 83' lang='grc' dir='ltr'>Ἀκολούθως</span> <span class='ocrx_word' id='word_1_774' title='bbox 1008 5827 1112 5894; x_wconf 74' lang='grc' dir='ltr'>ἄρα</span> <span class='ocrx_word' id='word_1_775' title='bbox 1145 5831 1237 5880; x_wconf 64' lang='lat' dir='ltr'><strong>ml</strong></span> <span class='ocrx_word' id='word_1_776' title='bbox 1264 5830 1319 5880; x_wconf 80' lang='grc' dir='ltr'>ἐν</span> <span class='ocrx_word' id='word_1_777' title='bbox 1343 5829 1408 5897; x_wconf 79' lang='grc' dir='ltr'>τῇ</span> <span class='ocrx_word' id='word_1_778' title='bbox 1434 5826 1699 5896; x_wconf 69' lang='grc' dir='ltr'>ἑρμηνεία</span> <span class='ocrx_word' id='word_1_779' title='bbox 1726 5825 1824 5896; x_wconf 81' lang='grc' dir='ltr'>τῆς</span> 
     </span>
    </p>
   </div>
   <div class='ocr_carea' id='block_1_105' title="bbox 1925 4645 3485 4718">
    <p class='ocr_par' dir='ltr' id='par_1_105' title="bbox 1925 4645 3485 4718">
     <span class='ocr_line' id='line_1_107' title="bbox 1925 4645 3485 4718; baseline 0.003 -20"><span class='ocrx_word' id='word_1_780' title='bbox 1925 4645 2040 4715; x_wconf 89' lang='lat' dir='ltr'><strong>ipse</strong></span> <span class='ocrx_word' id='word_1_781' title='bbox 2081 4646 2342 4716; x_wconf 79' lang='lat' dir='ltr'><strong>pontifex,</strong></span> <span class='ocrx_word' id='word_1_782' title='bbox 2375 4648 2634 4716; x_wconf 87' lang='lat' dir='ltr'><strong>templum</strong></span> <span class='ocrx_word' id='word_1_783' title='bbox 2665 4661 2795 4700; x_wconf 88' lang='lat' dir='ltr'><strong>vero</strong></span> <span class='ocrx_word' id='word_1_784' title='bbox 2822 4649 3044 4702; x_wconf 60' lang='lat' dir='ltr'><strong>caelum.</strong></span> <span class='ocrx_word' id='word_1_785' title='bbox 3071 4648 3202 4713; x_wconf 64' lang='lat' dir='ltr'><strong>Quae</strong></span> <span class='ocrx_word' id='word_1_786' title='bbox 3257 4650 3485 4718; x_wconf 86' lang='lat' dir='ltr'><strong>proinde</strong></span> 
     </span>
    </p>
   </div>
   <div class='ocr_carea' id='block_1_106' title="bbox 1922 4726 3485 4808">
    <p class='ocr_par' dir='ltr' id='par_1_106' title="bbox 1922 4726 3485 4808">
     <span class='ocr_line' id='line_1_108' title="bbox 1922 4726 3485 4808; baseline 0.001 -17"><span class='ocrx_word' id='word_1_787' title='bbox 1922 4726 2184 4791; x_wconf 73' lang='lat' dir='ltr'><strong>cauebant</strong></span> <span class='ocrx_word' id='word_1_788' title='bbox 2220 4737 2420 4806; x_wconf 82' lang='lat' dir='ltr'><strong>angeli,</strong></span> <span class='ocrx_word' id='word_1_789' title='bbox 2452 4738 2594 4792; x_wconf 88' lang='lat' dir='ltr'><strong>sicut</strong></span> <span class='ocrx_word' id='word_1_790' title='bbox 2619 4737 2693 4790; x_wconf 89' lang='lat' dir='ltr'><strong>ait</strong></span> <span class='ocrx_word' id='word_1_791' title='bbox 2737 4738 2895 4792; x_wconf 89' lang='lat' dir='ltr'><strong>divus</strong></span> <span class='ocrx_word' id='word_1_792' title='bbox 2928 4739 3115 4799; x_wconf 86' lang='lat' dir='ltr'><strong>David,</strong></span> <span class='ocrx_word' id='word_1_793' title='bbox 3165 4754 3284 4791; x_wconf 91' lang='lat' dir='ltr'><strong>cum</strong></span> <span class='ocrx_word' id='word_1_794' title='bbox 3321 4754 3485 4808; x_wconf 88' lang='lat' dir='ltr'><strong>super</strong></span> 
     </span>
    </p>
   </div>
   <div class='ocr_carea' id='block_1_107' title="bbox 1923 4815 3487 4895">
    <p class='ocr_par' dir='ltr' id='par_1_107' title="bbox 1923 4815 3487 4895">
     <span class='ocr_line' id='line_1_109' title="bbox 1923 4815 3487 4895; baseline 0.002 -17"><span class='ocrx_word' id='word_1_795' title='bbox 1923 4825 2142 4895; x_wconf 75' lang='lat' dir='ltr'><strong>angelos</strong></span> <span class='ocrx_word' id='word_1_796' title='bbox 2174 4825 2519 4889; x_wconf 80' lang='lat' dir='ltr'><strong>conscendit,</strong></span> <span class='ocrx_word' id='word_1_797' title='bbox 2561 4826 2672 4880; x_wconf 68' lang='lat' dir='ltr'><strong>haec</strong></span> <span class='ocrx_word' id='word_1_798' title='bbox 2711 4826 2874 4880; x_wconf 88' lang='lat' dir='ltr'><strong>etiam</strong></span> <span class='ocrx_word' id='word_1_799' title='bbox 2924 4815 3067 4879; x_wconf 88' lang='lat' dir='ltr'><strong>nunc</strong></span> <span class='ocrx_word' id='word_1_800' title='bbox 3095 4827 3487 4891; x_wconf 89' lang='lat' dir='ltr'><strong>concinuntur,</strong></span> 
     </span>
    </p>
   </div>
   <div class='ocr_carea' id='block_1_108' title="bbox 1923 4917 3482 4986">
    <p class='ocr_par' dir='ltr' id='par_1_108' title="bbox 1923 4917 3482 4986">
     <span class='ocr_line' id='line_1_110' title="bbox 1923 4917 3482 4986; baseline 0.001 -14"><span class='ocrx_word' id='word_1_801' title='bbox 1923 4918 2098 4972; x_wconf 85' lang='lat' dir='ltr'><strong>sacris</strong></span> <span class='ocrx_word' id='word_1_802' title='bbox 2162 4917 2592 4985; x_wconf 85' lang='lat' dir='ltr'><strong>ingredientibus</strong></span> <span class='ocrx_word' id='word_1_803' title='bbox 2663 4919 2927 4986; x_wconf 88' lang='lat' dir='ltr'><strong>reliquiis.</strong></span> <span class='ocrx_word' id='word_1_804' title='bbox 2978 4920 3230 4973; x_wconf 77' lang='lat' dir='ltr'><strong>Pontifex</strong></span> <span class='ocrx_word' id='word_1_805' title='bbox 3279 4933 3482 4986; x_wconf 87' lang='lat' dir='ltr'><strong>autem,</strong></span> 
     </span>
    </p>
   </div>
   <div class='ocr_carea' id='block_1_109' title="bbox 1925 5009 3487 5081">
    <p class='ocr_par' dir='ltr' id='par_1_109' title="bbox 1925 5009 3487 5081">
     <span class='ocr_line' id='line_1_111' title="bbox 1925 5009 3487 5081; baseline 0.004 -20"><span class='ocrx_word' id='word_1_806' title='bbox 1925 5018 2102 5078; x_wconf 86' lang='lat' dir='ltr'><strong>tapete</strong></span> <span class='ocrx_word' id='word_1_807' title='bbox 2127 5024 2342 5062; x_wconf 91' lang='lat' dir='ltr'><strong>rursum</strong></span> <span class='ocrx_word' id='word_1_808' title='bbox 2379 5009 2660 5078; x_wconf 90' lang='lat' dir='ltr'><strong>disposito,</strong></span> <span class='ocrx_word' id='word_1_809' title='bbox 2692 5009 2924 5064; x_wconf 88' lang='lat' dir='ltr'><strong>Domino</strong></span> <span class='ocrx_word' id='word_1_810' title='bbox 2963 5013 3086 5065; x_wconf 66' lang='lat' dir='ltr'><strong>caeli</strong></span> <span class='ocrx_word' id='word_1_811' title='bbox 3120 5027 3291 5081; x_wconf 87' lang='lat' dir='ltr'><strong>genua</strong></span> <span class='ocrx_word' id='word_1_812' title='bbox 3321 5013 3487 5067; x_wconf 83' lang='lat' dir='ltr'><strong>ﬂectit</strong></span> 
     </span>
    </p>
   </div>
   <div class='ocr_carea' id='block_1_110' title="bbox 1921 5099 3489 5174">
    <p class='ocr_par' dir='ltr' id='par_1_110' title="bbox 1921 5099 3489 5174">
     <span class='ocr_line' id='line_1_112' title="bbox 1921 5099 3489 5174; baseline 0.003 -20"><span class='ocrx_word' id='word_1_813' title='bbox 1921 5109 1973 5154; x_wconf 85' lang='lat' dir='ltr'><strong>et</strong></span> <span class='ocrx_word' id='word_1_814' title='bbox 2005 5108 2142 5154; x_wconf 88' lang='lat' dir='ltr'><strong>orat.</strong></span> <span class='ocrx_word' id='word_1_815' title='bbox 2177 5099 2241 5153; x_wconf 83' lang='lat' dir='ltr'><strong>Et</strong></span> <span class='ocrx_word' id='word_1_816' title='bbox 2264 5101 2498 5169; x_wconf 87' lang='lat' dir='ltr'><strong>applicat</strong></span> <span class='ocrx_word' id='word_1_817' title='bbox 2539 5100 2834 5155; x_wconf 86' lang='lat' dir='ltr'><strong>orationem</strong></span> <span class='ocrx_word' id='word_1_818' title='bbox 2863 5103 3139 5166; x_wconf 90' lang='lat' dir='ltr'><strong>introitus,</strong></span> <span class='ocrx_word' id='word_1_819' title='bbox 3171 5115 3489 5174; x_wconf 82' lang='lat' dir='ltr'><strong>cooperato-</strong></span> 
     </span>
    </p>
   </div>
   <div class='ocr_carea' id='block_1_111' title="bbox 1924 5191 3488 5264">
    <p class='ocr_par' dir='ltr' id='par_1_111' title="bbox 1924 5191 3488 5264">
     <span class='ocr_line' id='line_1_113' title="bbox 1924 5191 3488 5264; baseline 0.004 -20"><span class='ocrx_word' id='word_1_820' title='bbox 1924 5205 2010 5244; x_wconf 88' lang='lat' dir='ltr'><strong>res</strong></span> <span class='ocrx_word' id='word_1_821' title='bbox 2038 5201 2090 5244; x_wconf 90' lang='lat' dir='ltr'><strong>et</strong></span> <span class='ocrx_word' id='word_1_822' title='bbox 2123 5191 2350 5246; x_wconf 85' lang='lat' dir='ltr'><strong>comites</strong></span> <span class='ocrx_word' id='word_1_823' title='bbox 2386 5191 2663 5246; x_wconf 83' lang='lat' dir='ltr'><strong>advocans</strong></span> <span class='ocrx_word' id='word_1_824' title='bbox 2724 5194 2962 5260; x_wconf 76' lang='lat' dir='ltr'><strong>angelos.</strong></span> <span class='ocrx_word' id='word_1_825' title='bbox 3016 5195 3079 5246; x_wconf 87' lang='lat' dir='ltr'><strong>Et</strong></span> <span class='ocrx_word' id='word_1_826' title='bbox 3137 5195 3208 5248; x_wconf 87' lang='lat' dir='ltr'><strong>ita</strong></span> <span class='ocrx_word' id='word_1_827' title='bbox 3261 5198 3488 5264; x_wconf 89' lang='lat' dir='ltr'><strong>signans</strong></span> 
     </span>
    </p>
   </div>
   <div class='ocr_carea' id='block_1_112' title="bbox 1925 5283 3488 5352">
    <p class='ocr_par' dir='ltr' id='par_1_112' title="bbox 1925 5283 3488 5352">
     <span class='ocr_line' id='line_1_114' title="bbox 1925 5283 3488 5352; baseline 0.003 -17"><span class='ocrx_word' id='word_1_828' title='bbox 1925 5283 2326 5352; x_wconf 85' lang='lat' dir='ltr'><strong>templijauuas</strong></span> <span class='ocrx_word' id='word_1_829' title='bbox 2376 5291 2430 5336; x_wconf 85' lang='lat' dir='ltr'><strong>et</strong></span> <span class='ocrx_word' id='word_1_830' title='bbox 2454 5285 2717 5349; x_wconf 82' lang='lat' dir='ltr'><strong>aperiens,</strong></span> <span class='ocrx_word' id='word_1_831' title='bbox 2750 5293 3006 5352; x_wconf 87' lang='lat' dir='ltr'><strong>tanquam</strong></span> <span class='ocrx_word' id='word_1_832' title='bbox 3042 5285 3094 5338; x_wconf 89' lang='lat' dir='ltr'><strong>in</strong></span> <span class='ocrx_word' id='word_1_833' title='bbox 3140 5287 3337 5340; x_wconf 61' lang='lat' dir='ltr'><strong>malum</strong></span> <span class='ocrx_word' id='word_1_834' title='bbox 3409 5287 3488 5340; x_wconf 91' lang='lat' dir='ltr'><strong>iu-</strong></span> 
     </span>
    </p>
   </div>
   <div class='ocr_carea' id='block_1_113' title="bbox 1923 5373 3486 5445">
    <p class='ocr_par' dir='ltr' id='par_1_113' title="bbox 1923 5373 3486 5445">
     <span class='ocr_line' id='line_1_115' title="bbox 1923 5373 3486 5445; baseline 0.004 -21"><span class='ocrx_word' id='word_1_835' title='bbox 1923 5373 2188 5440; x_wconf 83' lang='lat' dir='ltr'><strong>greditur,</strong></span> <span class='ocrx_word' id='word_1_836' title='bbox 2223 5381 2280 5424; x_wconf 93' lang='lat' dir='ltr'><strong>ut</strong></span> <span class='ocrx_word' id='word_1_837' title='bbox 2324 5387 2417 5439; x_wconf 88' lang='lat' dir='ltr'><strong>per</strong></span> <span class='ocrx_word' id='word_1_838' title='bbox 2469 5388 2718 5442; x_wconf 70' lang='lat' dir='ltr'><strong>magunum</strong></span> <span class='ocrx_word' id='word_1_839' title='bbox 2772 5375 2944 5427; x_wconf 79' lang='lat' dir='ltr'><strong>Patris</strong></span> <span class='ocrx_word' id='word_1_840' title='bbox 2974 5384 3267 5445; x_wconf 84' lang='lat' dir='ltr'><strong>martyrem</strong></span> <span class='ocrx_word' id='word_1_841' title='bbox 3301 5375 3486 5431; x_wconf 78' lang='lat' dir='ltr'><strong>Jesum</strong></span> 
     </span>
    </p>
   </div>
   <div class='ocr_carea' id='block_1_114' title="bbox 1921 5463 3490 5520">
    <p class='ocr_par' dir='ltr' id='par_1_114' title="bbox 1921 5463 3490 5520">
     <span class='ocr_line' id='line_1_116' title="bbox 1921 5463 3490 5520; baseline 0.002 -4"><span class='ocrx_word' id='word_1_842' title='bbox 1921 5463 2202 5516; x_wconf 88' lang='lat' dir='ltr'><strong>Christum</strong></span> <span class='ocrx_word' id='word_1_843' title='bbox 2234 5463 2354 5516; x_wconf 74' lang='lat' dir='ltr'><strong>coeli</strong></span> <span class='ocrx_word' id='word_1_844' title='bbox 2413 5463 2773 5516; x_wconf 78' lang='lat' dir='ltr'><strong>tabernaculo</strong></span> <span class='ocrx_word' id='word_1_845' title='bbox 2846 5466 3005 5519; x_wconf 80' lang='lat' dir='ltr'><strong>nobis</strong></span> <span class='ocrx_word' id='word_1_846' title='bbox 3047 5471 3283 5519; x_wconf 87' lang='lat' dir='ltr'><strong>recluso.</strong></span> <span class='ocrx_word' id='word_1_847' title='bbox 3322 5465 3490 5520; x_wconf 90' lang='lat' dir='ltr'><strong>Intrat</strong></span> 
     </span>
    </p>
   </div>
   <div class='ocr_carea' id='block_1_115' title="bbox 1925 5554 3492 5624">
    <p class='ocr_par' dir='ltr' id='par_1_115' title="bbox 1925 5554 3492 5624">
     <span class='ocr_line' id='line_1_117' title="bbox 1925 5554 3492 5624; baseline 0.002 -14"><span class='ocrx_word' id='word_1_848' title='bbox 1925 5554 2166 5624; x_wconf 79' lang='lat' dir='ltr'><strong>pontifex</strong></span> <span class='ocrx_word' id='word_1_849' title='bbox 2195 5569 2318 5609; x_wconf 90' lang='lat' dir='ltr'><strong>cum</strong></span> <span class='ocrx_word' id='word_1_850' title='bbox 2355 5564 2671 5608; x_wconf 87' lang='lat' dir='ltr'><strong>sanctorum</strong></span> <span class='ocrx_word' id='word_1_851' title='bbox 2723 5555 2968 5624; x_wconf 85' lang='lat' dir='ltr'><strong>reliquiis</strong></span> <span class='ocrx_word' id='word_1_852' title='bbox 3010 5567 3062 5612; x_wconf 74' lang='lat' dir='ltr'><strong>et</strong></span> <span class='ocrx_word' id='word_1_853' title='bbox 3099 5558 3280 5612; x_wconf 86' lang='lat' dir='ltr'><strong>divino</strong></span> <span class='ocrx_word' id='word_1_854' title='bbox 3315 5556 3492 5613; x_wconf 83' lang='lat' dir='ltr'><strong>Evan-</strong></span> 
     </span>
    </p>
   </div>
   <div class='ocr_carea' id='block_1_116' title="bbox 1925 5646 3493 5719">
    <p class='ocr_par' dir='ltr' id='par_1_116' title="bbox 1925 5646 3493 5719">
     <span class='ocr_line' id='line_1_118' title="bbox 1925 5646 3493 5719; baseline 0.003 -19"><span class='ocrx_word' id='word_1_855' title='bbox 1925 5647 2084 5715; x_wconf 79' lang='lat' dir='ltr'><strong>gelio.</strong></span> <span class='ocrx_word' id='word_1_856' title='bbox 2109 5647 2280 5700; x_wconf 89' lang='lat' dir='ltr'><strong>Porro</strong></span> <span class='ocrx_word' id='word_1_857' title='bbox 2340 5646 2698 5700; x_wconf 86' lang='lat' dir='ltr'><strong>conformiter</strong></span> <span class='ocrx_word' id='word_1_858' title='bbox 2763 5649 2816 5700; x_wconf 88' lang='lat' dir='ltr'><strong>in</strong></span> <span class='ocrx_word' id='word_1_859' title='bbox 2853 5648 3195 5716; x_wconf 82' lang='lat' dir='ltr'><strong>expositione</strong></span> <span class='ocrx_word' id='word_1_860' title='bbox 3260 5649 3493 5719; x_wconf 73' lang='lat' dir='ltr'><strong>liturgize</strong></span> 
     </span>
    </p>
   </div>
   <div class='ocr_carea' id='block_1_117' title="bbox 1925 5735 3488 5803">
    <p class='ocr_par' dir='ltr' id='par_1_117' title="bbox 1925 5735 3488 5803">
     <span class='ocr_line' id='line_1_119' title="bbox 1925 5735 3488 5803; baseline 0 -12"><span class='ocrx_word' id='word_1_861' title='bbox 1925 5738 2130 5792; x_wconf 88' lang='lat' dir='ltr'><strong>dictum</strong></span> <span class='ocrx_word' id='word_1_862' title='bbox 2159 5744 2262 5799; x_wconf 89' lang='lat' dir='ltr'><strong>est,</strong></span> <span class='ocrx_word' id='word_1_863' title='bbox 2297 5735 2440 5803; x_wconf 85' lang='lat' dir='ltr'><strong>quod</strong></span> <span class='ocrx_word' id='word_1_864' title='bbox 2471 5736 2680 5803; x_wconf 91' lang='lat' dir='ltr'><strong>primus</strong></span> <span class='ocrx_word' id='word_1_865' title='bbox 2732 5736 2981 5790; x_wconf 88' lang='lat' dir='ltr'><strong>introitus</strong></span> <span class='ocrx_word' id='word_1_866' title='bbox 3029 5738 3488 5791; x_wconf 84' lang='lat' dir='ltr'><strong>resorrectiouem</strong></span> 
     </span>
    </p>
   </div>
   <div class='ocr_carea' id='block_1_118' title="bbox 1927 5827 3494 5899">
    <p class='ocr_par' dir='ltr' id='par_1_118' title="bbox 1927 5827 3494 5899">
     <span class='ocr_line' id='line_1_120' title="bbox 1927 5827 3494 5899; baseline 0.001 -15"><span class='ocrx_word' id='word_1_867' title='bbox 1927 5839 1980 5884; x_wconf 90' lang='lat' dir='ltr'><strong>et</strong></span> <span class='ocrx_word' id='word_1_868' title='bbox 2039 5828 2410 5884; x_wconf 88' lang='lat' dir='ltr'><strong>ascensionem</strong></span> <span class='ocrx_word' id='word_1_869' title='bbox 2462 5827 2763 5882; x_wconf 49' lang='lat' dir='ltr'><strong>Salv-tutoris</strong></span> <span class='ocrx_word' id='word_1_870' title='bbox 2822 5827 3053 5898; x_wconf 78' lang='lat' dir='ltr'><strong>ﬁgurat;</strong></span> <span class='ocrx_word' id='word_1_871' title='bbox 3128 5830 3494 5899; x_wconf 77' lang='lat' dir='ltr'><strong>clausumque</strong></span> 
     </span>
    </p>
   </div>
  </div>
