4480 6458
413 370 521 430 349

1635 371 1727 428 DE
1771 368 2010 428 SACRO
2051 364 2380 425 TEMPLO.

3543 352 3647 414 3ἱο

411 485 565 552 λαδὴ,
602 485 673 546 ὡς
719 483 942 553 ἀστέρες
989 484 1053 536 τὰ
1107 483 1256 550 φῶτα
1316 483 1614 553 ᾑὼρηνται.
1659 486 1768 536 Kal
1820 486 1847 535 ὁ
1887 483 1981 536 κύ-
2010 485 2053 542 Α
2087 484 2180 536 licc

1887 483 1981 536 κύ-
2010 485 2053 542 Α
2087 484 2236 545 licet,
2277 492 2333 532 ttt
2365 487 2532 543 astra,
2565 476 2770 530 lumina
2805 471 3255 542 suspenduntur;
3292 479 3344 523 ct
3366 477 3446 520 cst
3481 469 3648 521 lumi-

410 576 536 638 κλος
593 577 708 628 ἐστὶ
763 576 868 627 τῶν
904 574 1096 642 φώτων
1147 574 1207 626 τὸ
1259 576 1545 642 στερέωμα
1596 576 1979 644 ύπεμφαίνων,

409 669 504 720 καὶ
538 668 634 727 τὰς
680 665 854 729 ζώνας
905 664 1010 716 τῶν
1043 664 1360 734 πλανητῶν.
1393 664 1502 716 Kal
1551 663 1629 716 ἔτι
1670 665 1834 733 ’ἐτερα
1871 682 1983 732 φω-

409 760 602 826 τοδῦχα
662 757 1020 828 ἀπῃῶρηνται
1055 759 1255 826 σκεύηο
1296 756 1390 808 καὶ
1445 757 1510 808 τὰ
1568 757 1668 823 μὲν
1708 757 1785 817 είς
1811 756 1980 807 τύπον

407 851 504 904 τοῦ
539 849 764 901 παλαιοῦ
792 849 1017 920 πυρίνου
1045 849 1258 916 στύλον,
1295 847 1536 918 στυλώδη
1569 847 1840 917 καὶδροια
1869 866 1879 876 ·
1915 849 1982 902 τὰ

409 942 465 992 δὲ
514 943 615 1009 τῆς
667 940 830 1008 βάτου
859 955 873 970 ·
906 941 975 992 τὰ
1030 941 1085 992 δὲ
1119 939 1214 991 τοῦ
1260 939 1350 992 τὸν
1392 941 1581 992 Ἥλίαν
1628 939 1982 1004 ἁρπάσαντος

414 1024 678 1100 ἅρματος,
713 1032 855 1101 ειπερ
913 1033 1050 1084 εἰσὶν
1097 1033 1145 1084 oi
1202 1033 1407 1101 τροχοί.
1459 1032 1569 1085 Kal
1617 1034 1684 1086 τὰ
1732 1033 1832 1100 μὲν
1869 1049 1982 1099 τρι-

413 1125 609 1191 λαμπῆ
635 1125 720 1176 διὰ
757 1126 855 1191 τὴν
886 1125 1115 1195 Τριάδα,
1148 1111 1228 1186 tit;
1260 1125 1351 1178 καὶ
1381 1125 1448 1176 τὰ.
1503 1126 1786 1192 τρικήρια,
1827 1125 1892 1176 τὰ
1926 1123 1982 1175 δὲ

416 1214 726 1284 ἑπτὰλυχνα
756 1214 843 1268 διὰ
864 1217 973 1267 τῶν
1011 1216 1366 1284 χαρισμάτων
1395 1215 1486 1267 τὸν
1526 1215 1758 1285 ἀριθμόν
1784 1232 1797 1245 ·
1831 1216 1897 1267 τὰ
1927 1214 1981 1266 δὲ

413 1307 778 1375 διυδεκὲιφωτα
829 1305 915 1358 διὰ
965 1307 1063 1376 τὴν
1108 1308 1217 1360 τῶν
1273 1307 1586 1360 ἀποστόλων
1633 1307 1874 1376 χορείαν,
1907 1299 1983 1360 ὧν

418 1401 514 1452 καὶ
543 1401 703 1466 μέσον
733 1401 790 1453 ἒν
825 1400 1037 1462 ἵσταται
1078 1400 1378 1470 ὑπέρτερον
1417 1401 1552 1470 φῶς,
1584 1403 1663 1464 εἰς
1687 1402 1858 1454 τύπον
1890 1401 1984 1454 τοῦ

357 1539 360 1541 λ
420 1492 657 1557 μεγάλου
708 1493 905 1560 φωτὸς,
943 1493 1037 1546 τοῦ
1075 1493 1275 1562 Ἰησοῦ.
1304 1493 1462 1546 Ἐστι
1513 1493 1570 1546 δὲ
1606 1496 1699 1545 καὶ
1735 1493 1984 1562 δικήριον

416 1583 476 1632 τί
506 1581 694 1650 διφυὲς
730 1582 894 1634 αὑτοῦ
933 1582 1144 1651 δηλοῦν.
1200 1582 1311 1636 Kal
1341 1582 1496 1651 φῶτα
1539 1583 1825 1652 μοναδικᾶ,
1859 1583 1890 1652 ἢ
1923 1582 1982 1635 τὸ

418 1673 618 1725 ἐνιαϊον
647 1671 745 1742 τῆς
778 1671 1006 1744 Τριάδος
1045 1675 1332 1745 δηλοῦντα,
1361 1677 1391 1746 ἧ
1421 1677 1514 1729 καὶ
1545 1677 1654 1728 τῶν
1689 1677 1860 1743 ἁγίων
1889 1677 1986 1730 ’ἐνα

418 1764 561 1829 τινὰ,
604 1763 738 1833 πρὸς
769 1763 830 1816 ὂν
864 1766 1218 1838 ἀπῃὼρηται.
1245 1768 1364 1829 Φῶς
1402 1767 1512 1836 γὰρ
1551 1769 1691 1821 κατὰ
1729 1768 1984 1837 μετοχὴν,

2087 590 2212 628 num
2245 572 2506 634 circulus,
2543 571 2940 622 ﬁrmamentum
2982 578 3261 632 zouasquc
3305 562 3643 629 planetarum

2085 666 2478 727 suliindicans;
2527 671 2581 715 et
2637 661 2812 714 adlmc
2849 670 2975 713 sunt
3028 657 3194 709 altera
3242 669 3369 708 vasa
3407 654 3471 706 ad
3505 653 3645 706 rcci-

2084 760 2315 827 piendas
2350 759 2502 811 luces
2546 755 2810 822 suspensa
2849 771 2864 809 :
2919 761 2973 806 et
3021 751 3123 803 alia
3171 749 3386 816 quidem
3429 754 3555 800 sunt
3590 748 3642 798 in

2084 865 2268 922 typum
2292 853 2490 908 veteris
2518 852 2696 921 ignita:
2726 848 3008 903 columnm.
3042 846 3092 896 in
3115 843 3377 896 columnae
3403 839 3635 893 formam

2084 956 2295 1010 erecta;
2331 945 2433 996 alia
2465 937 2694 1004 vero,:in
2738 950 2923 1009 typum
2961 937 3119 998 rubi;
3155 933 3259 986 alia
3301 941 3477 985 autem
3509 945 3637 982 cur-

2088 1053 2180 1091 rus
2207 1034 2377 1088 Eliam
2407 1031 2722 1091 auferentis,
2752 1031 2977 1081 formam
3009 1022 3344 1090 exprimunt,
3376 1031 3427 1072 et
3460 1019 3646 1078 tllCllno.

2088 1135 2175 1180 tur
2202 1136 2353 1180 rotte:
2392 1123 2493 1175 alia
2528 1129 2655 1174 sunt
2693 1119 2757 1172 ad
2799 1117 2899 1169 tria
2936 1114 3137 1167 lumina
3170 1117 3388 1180 propter
3410 1108 3646 1160 Trinita-

2086 1227 2217 1277 tem,
2264 1217 2406 1270 sicut
2457 1222 2511 1267 et
2557 1212 2696 1265 cerei
2751 1207 3002 1272 trifurci;
3041 1205 3145 1257 alia
3183 1211 3386 1276 septem
3447 1197 3646 1251 ltabtnt

2087 1310 2292 1363 lumina
2317 1309 2482 1376 iuxta
2533 1319 2817 1360 numerum
2854 1299 3269 1358 charismatum;
3307 1292 3408 1346 alia
3446 1289 3649 1343 duode-

2087 1405 2218 1468 cim,
2251 1410 2471 1471 propter
2501 1399 2867 1466 apostolorum
2908 1395 3138 1447 chorum
3166 1405 3181 1455 ;
3213 1389 3352 1441 inter
3382 1398 3501 1454 qua:
3542 1398 3651 1434 me-

2090 1496 2234 1549 dium
2287 1505 2454 1546 unum
2508 1486 2748 1555 assurgit
2795 1481 3046 1550 superius
3101 1480 3306 1540 lumen,
3361 1475 3414 1527 iu
3461 1484 3646 1542 typqu

2091 1585 2273 1654 magni
2330 1581 2573 1644 luminis,
2624 1576 2774 1632 Jesu.
2815 1574 2909 1629 Est
2960 1571 3124 1627 etiam
3171 1567 3388 1636 duplice
3440 1562 3648 1617 lumine

2091 1692 2282 1731 cereus
2306 1675 2372 1729 ad
2411 1674 2680 1740 duplicem
2714 1669 2888 1739 ipsius
2931 1660 3325 1719 oStendendam
3353 1666 3601 1711 naturam
3633 1694 3648 1714 ,

2090 1771 2408 1835 luminaque
2440 1765 2757 1833 singularia,
2790 1777 2910 1830 quze
2948 1760 3027 1811 vel
3064 1752 3352 1809 Trinitatis
3385 1750 3650 1804 unitatem

419 1854 514 1906 καὶ
568 1855 675 1908 τῶν
729 1855 899 1924 ἁγίων
956 1857 1206 1923 ἕκαστος,
1241 1857 1316 1921 ὡς
1371 1861 1467 1911 καὶ
1525 1859 1716 1929 λυχνία
1755 1859 1906 1922 ζῶσα
1953 1827 2063 1929 ἠΒ
2099 1864 2188 1931 sigt

1883 1877 1906 1910 ι
1953 1861 1989 1929 ή
2018 1827 2063 1884 Β
2099 1862 2426 1931 signiﬁcant,
2451 1858 2532 1912 vel
2561 1857 2799 1910 iudicant
2826 1854 3060 1919 aliquem
3099 1856 3410 1902 sanctorum
3445 1855 3652 1903 unum,

416 1945 563 2018 ψυχὴ
597 1946 762 2001 αὐτοῦ
793 1949 908 2002 ἐστι
962 1949 1275 2018 λάμπουσα.
1322 1951 1387 2004 Ἡ
1444 1953 1743 2021 στερῤότης
1789 1952 1845 2004 δὲ
1899 1952 1992 2004 καλ⁸

418 2036 731 2105 εὐπρέπεια
753 2037 846 2090 τοῦ
871 2036 1024 2101 ναοῦ,
1058 2037 1153 2091 καὶ
1184 2040 1216 2108 ἡ
1247 2038 1338 2090 τού
1387 2038 1616 2106 ἐδάφους
1665 2037 1990 2107 τερπνότηε,

416 2131 478 2183 τὸ
526 2130 728 2200 ὡραῖον
783 2130 1003 2200 δηλοῦσι
1054 2132 1149 2185 καὶ
1213 2130 1454 2201 καθαρὸν
1509 2132 1619 2184 τῶν
1683 2131 1854 2198 ἁγίων
1898 2134 1994 2183 καὶ

417 2222 718 2290 πάγκαλον,
763 2222 858 2276 καὶ
896 2222 956 2275 τὸ
1015 2223 1110 2276 τοῦ
1151 2223 1487 2291 παραδείσου
1535 2223 1792 2292 τερπνόν.
1837 2222 1991 2274 Ἐπεὶ

417 2315 517 2367 καὶ
546 2313 619 2376 ὡς
645 2314 971 2383 παράδεισον
993 2315 1298 2385 εἰρήκαμεν
1328 2316 1700 2378 εἰκονίζεσοαι
1730 2315 1824 2368 τὸν
1847 2315 1991 2367 Θεῖον

417 2403 568 2457 ναόν.
603 2404 820 2458 Μᾶλλον
848 2405 904 2458 δὲ
935 2406 1029 2458 καὶ
1062 2405 1234 2476 μείζω
1265 2407 1493 2477 παρέχει
1530 2406 1623 2458 τοῦ
1652 2405 1984 2474 παραδείσου

417 2495 487 2547 τὰ
534 2495 830 2562 ἐπουράνια
875 2496 1061 2565 δῶραα
1102 2497 1164 2550 ού
1222 2498 1380 2563 ξύλον
1442 2497 1591 2565 ζωῆς
1631 2497 1842 2558 ἁπλῶς,
1877 2496 1993 2549 ἀλλ’

419 2585 591 2654 αὐτὴν
644 2585 780 2656 ἔχων
813 2585 909 2656 τὴν
960 2587 1106 2657 ζωὴν
1154 2589 1620 2659 ίερουργουμένην
1653 2590 1747 2640 καὶ
1778 2587 1994 2657 διδομέ-

419 2694 540 2746 νην,
579 2677 689 2728 Kal
722 2677 782 2728 οὗ
821 2677 977 2740 ξύλον
1034 2679 1114 2731 ἔτι
1166 2678 1430 2749 κέκτηται
1463 2679 1744 2746 γνώσεως,
1769 2679 1882 2739 τοῖς
1919 2678 1993 2747 μὴ

424 2771 566 2822 κατὰ
596 2768 784 2837 καιρὸν
829 2769 1145 2839 γευομένοις
1204 2771 1498 2842 προξενοῦν
1529 2772 1829 2842 γύμνωσιν,
1861 2772 1996 2826 ἀλλὰ

422 2859 522 2925 τὴν
559 2859 740 2922 ζῶσαν
794 2861 1008 2929 σοφίαν,
1064 2864 1265 2933 ἑαυτὴν
1303 2866 1383 2926 εἰς
1445 2866 1650 2936 τροφὴν
1700 2867 1796 2918 καὶ
1833 2867 1994 2918 πόσιν

428 2950 773 3020 παρέχουσαν
809 2953 903 3006 καὶ
938 2955 1237 3024 κιρνῶσαν,
1288 2958 1780 3026 προσκαλουμένης)
1807 2975 1865 3009 τε
1901 2958 1998 3010 καὶ

426 3042 814 3105 συνετίζουσαν
850 3041 976 3105 τοὺς
1014 3043 1280 3114 ἄφρονας,
1303 3046 1402 3100 καὶ
1438 3046 1507 3099 τὰ
1544 3045 1764 3115 Θύματα
1797 3046 1994 3114 νέμου-

2096 1964 2314 2024 propter
2358 1966 2530 2018 quem,
2553 1947 2986 2017 suspenduntur.
3023 1944 3226 1995 Lumen
3266 1938 3410 1991 enim
3449 1941 3531 1986 est
3563 1947 3657 1998 per

2094 2044 2561 2115 participationem
2591 2047 2903 2095 sanctorum
2948 2031 3356 2101 unusquisque;
3401 2030 3541 2081 sicut
3571 2024 3655 2076 lu-

2094 2152 2252 2193 cerna
2298 2136 2508 2196 vivens,
2560 2132 2734 2200 ipsius
2784 2128 2968 2183 anima
3029 2123 3360 2192 resplendet.
3416 2119 3656 2171 Trinitas

2093 2237 2271 2283 autem
2324 2241 2387 2280 ac
2437 2223 2621 2290 templi
2672 2223 2815 2276 nitor
2862 2228 2915 2274 et
2969 2215 3266 2288 pavimenti
3315 2211 3652 2281 iucunditas,

2096 2327 2410 2375 sanctorum
2442 2313 2923 2385 pulchritudinem.
2974 2310 3265 2379 puritatem
3299 2322 3360 2360 ac
3403 2305 3657 2359 decorem

2099 2417 2515 2479 repraesentant,
2548 2407 2690 2459 sicut
2724 2414 2778 2459 et
2806 2404 3038 2472 paradisi
3099 2400 3496 2471 iucunditatem
3534 2415 3546 2449 :
3587 2398 3660 2450 si-

2097 2503 2314 2572 quidem
2352 2499 2516 2554 veluti
2554 2497 2864 2566 paradisum
2898 2494 3042 2565 typis
3078 2492 3380 2561 exprimere
3423 2489 3661 2542 diximus

2097 2594 2344 2650 divinum
2398 2589 2699 2658 templum;
2755 2587 2838 2639 vel
2902 2587 3083 2654 potius
3146 2583 3347 2650 majora
3405 2579 3661 2648 paradiso

2097 2691 2341 2755 praestat,
2381 2680 2623 2737 ecelcstia
2665 2679 2846 2742 dona;
2891 2692 2998 2731 non
3052 2675 3228 2729 solum
3264 2673 3384 2726 vitze
3414 2673 3616 2739 lignum
3647 2710 3661 2732 ,

2096 2776 2189 2831 sed
2234 2776 2402 2840 ipsam
2455 2772 2619 2825 habet
2662 2771 2852 2832 vitam,
2905 2769 2957 2822 in
3014 2767 3186 2822 sacris
3222 2765 3558 2818 immolatum
3600 2776 3661 2811 ac

2100 2867 2375 2923 traditam.
2404 2864 2518 2918 Non
2540 2863 2650 2932 jam
2679 2862 2914 2932 possidet
2950 2860 3186 2914 scientiae
3214 2858 3438 2926 lignum,
3466 2856 3530 2908 dc
3559 2855 3662 2906 lmc

2100 2972 2208 3011 unn
2240 2961 2544 3023 opportune
2577 2953 2864 3006 edentibus
2913 2950 3144 3004 atl'erens
3191 2948 3491 3002 nuditatem
3520 2962 3532 3011 ;
3570 2945 3662 2996 sed

2101 3048 2375 3099 viventem
2414 3043 2760 3114 sapientiam,
2796 3043 3141 3110 semetipsam
3174 3041 3226 3092 in
3261 3039 3442 3091 cibum
3477 3047 3527 3089 et
3567 3049 3661 3102 po-

429 3151 548 3198 σαν,
579 3132 638 3184 τδ
686 3131 842 3199 σῶμα
897 3130 992 3224 καὶ
1045 3128 1186 3202 αἷμα
1235 3135 1455 3205 ἑαυτῆς,
1490 3136 1587 3189 καὶ
1647 3135 1788 3206 ὑπὲρ
1840 3134 1998 3205 ἡμῶν
2027 3163 2071 3224 c
2103 3145 2198 3192 tun

1895 3134 1998 3186 λῶν
2027 3145 2216 3224 ctum
2261 3134 2590 3204 praebentem
2646 3149 2710 3188 ac
2765 3134 3121 3195 miscentem,
3175 3138 3568 3196 vocantemque
3611 3133 3664 3176 et

431 3226 835 3296 σφαττομένην,
875 3221 970 3276 καὶ
1017 3226 1115 3279 οὐκ
1161 3227 1242 3280 ἔτι
1287 3228 1575 3294 λέγουσαν,
1614 3247 1632 3280 ι
1666 3229 1756 3297 Μὴ
1789 3227 1998 3296 φάγητε

429 3318 527 3370 ἀπ’
549 3316 734 3384 αὐτοῦ,
760 3320 845 3372 ἵνα
873 3323 946 3391 μὴ
965 3319 1290 3388 ἀποοάνητε,
1319 3337 1337 3369 ι
1367 3318 1524 3382 ἀλλὰ,
1552 3318 1765 3384 «Δεῦτε,
1797 3319 1998 3386 φάγετε

431 3409 524 3461 τὶν
574 3410 706 3479 ἐμὸν
738 3411 924 3481 ἄρτον,
957 3413 1018 3465 τὸ
1068 3411 1229 3480 σῶμά
1278 3428 1400 3478 μου,
1440 3417 1533 3463 καὶ
1585 3409 1738 3462 πίετε
1772 3406 1912 3461 οἶνον
1943 3408 2002 3461 ὃν

432 3501 709 3570 κεκέρακα
740 3504 891 3572 ὑμῖν,
929 3504 990 3556 τὸ
1019 3504 1120 3572 τῆς
1156 3503 1347 3570 καινῆς
1385 3503 1652 3570 διαθήκης
1702 3499 1841 3569 αἷμά
1875 3517 2002 3569 μου.

433 3592 545 3645 Kal
579 3592 869 3646 ἁπολίπετε
924 3595 1239 3664 ἀφροσύνην
1289 3594 1573 3656 ἀπιστίας,
1607 3595 1701 3645 καὶ
1745 3592 2002 3661 ζήσεσθε.

434 3687 544 3740 Kal
573 3686 844 3756 ζητήσατε
875 3688 1138 3758 φρόνησιν
1165 3685 1473 3746 εὐσεϐείας,
1501 3683 1598 3753 ἐμὲ
1623 3683 1868 3753 δηλονότι
1902 3684 2002 3750 τὴν

435 3778 650 3832 πάντων
685 3780 966 3850 φρόνησιν,
1005 3778 1092 3833 ἵνα
1126 3777 1358 3847 βιώσητε
1396 3777 1599 3841 ζῶντες
1656 3775 1892 3835 αίωνίως
1915 3789 1930 3804 ο
1973 3790 1992 3823 ι

435 3875 532 3927 καὶ
559 3875 627 3927 τὰ
657 3873 900 3943 ἑπόμενα
934 3871 1164 3934 τούτοις.
1198 3872 1308 3923 Kal
1339 3869 1422 3922 ἔτι
1454 3869 1655 3940 ὡραῖος
1684 3867 1712 3919 ὁ
1740 3867 1886 3931 ναὸς,
1919 3867 1998 3918 δτι

435 3964 624 4018 κάλλει
658 3965 858 4035 ὡραῖος
889 3964 917 4017 ὁ
955 3967 1091 4036 πρὸς
1127 3965 1271 4035 ἡμᾶς
1313 3960 1709 4032 παραγεγονὼς
1748 3961 1824 4021 ὡς
1861 3975 2004 4013 παν-

437 4057 708 4125 ἀμωμοςο
771 4059 867 4111 καὶ
919 4059 1155 4127 νυμφίος
1205 4050 1357 4119 οὗτος
1409 4055 1647 4124 ὠραϊος⁶
1701 4055 1795 4106 καὶ
1840 4054 1873 4121 ἡ
1921 4069 2008 4103 νε-

434 4154 789 4222 νυμφευμένη
820 4151 966 4221 αύτῷ
998 4151 1198 4222 ὡραία,
1236 4153 1270 4219 ἡ
1312 4148 1627 4214 Ἐκκλησία,
1654 4147 1728 4201 ὡς
1755 4144 2004 4206 ἄσπιλος.

2102 3227 2426 3283 excitantem
2470 3225 2844 3294 imprudentes
2875 3264 2889 3288 ,
2934 3239 3141 3277 necnon
3186 3222 3433 3276 victimas
3480 3218 3665 3271 distri-

2104 3320 2383 3381 buentem,
2415 3330 2612 3382 corpus
2657 3326 2710 3369 et
2754 3314 3071 3384 sanguinem
3106 3327 3300 3376 suum;
3358 3319 3410 3364 et
3447 3319 3669 3378 prepter

2106 3425 2206 3462 nos
2236 3406 2590 3469 immolatam;
2619 3420 2717 3459 nec
2741 3405 2851 3472 jam
2886 3403 3152 3456 dicentem
3184 3418 3196 3454 :
3231 3418 3249 3450 ι
3291 3397 3368 3451 Nc
3393 3397 3664 3452 comeditc

2108 3516 2172 3554 ex
2216 3515 2299 3562 eo,
2335 3507 2394 3552 ut
2435 3513 2539 3551 non
2572 3497 2914 3560 moriamiui;
2959 3513 2976 3546 ι
3008 3493 3100 3548 sed
3140 3511 3152 3546 :
3187 3512 3204 3543 ι
3248 3491 3459 3552 Venite,
3487 3503 3670 3541 eonte-

2107 3594 2218 3647 dite
2245 3607 2436 3660 panem
2477 3605 2678 3654 meum,
2714 3603 2912 3656 corpus
2949 3600 3128 3640 meum
3157 3623 3171 3644 ,
3207 3590 3260 3637 et
3289 3581 3458 3635 bibite
3484 3581 3667 3632 vinum

2105 3680 2248 3750 quod
2310 3679 2503 3734 miscui
2574 3677 2743 3740 vobis,
2772 3675 2904 3730 Novi
2946 3671 3278 3728 Testamenti
3349 3669 3670 3738 sanguinem

2107 3787 2311 3828 meum.
2335 3770 2395 3824 Et
2413 3770 2781 3835 derelinquite
2814 3767 3139 3822 dementiam
3171 3763 3586 3822 incredulitatis,
3619 3769 3672 3811 et

2109 3863 2307 3927 vivite;
2336 3871 2387 3916 et
2411 3860 2638 3930 qurerite
2671 3859 3013 3927 prudentiam
3052 3856 3289 3924 pietatis,
3324 3869 3408 3906 me
3439 3851 3668 3909 scilicet,

2115 3955 2351 4009 omnium
2381 3951 2746 4022 prudentiam,
2766 3959 2824 4002 ut
2850 3949 2965 4002 sitis
2993 3949 3044 4001 in
3080 3958 3338 4001 :eternum
3367 3946 3669 4006 viventesu

2117 4056 2170 4100 ct
2202 4047 2287 4100 his
2328 4044 2628 4114 sequentia.
2683 4043 2775 4095 Est
2821 4042 2982 4094 etiam
3025 4039 3328 4107 speciosum
3367 4036 3623 4103 templum
3649 4074 3667 4097 ,

2115 4137 2370 4209 quoniam
2406 4134 2752 4202 aspectabilis
2784 4141 2900 4185 erat
2926 4133 3102 4200 specie
3134 4132 3224 4199 qui
3268 4129 3416 4182 venit
3448 4128 3512 4181 ad
3548 4140 3667 4183 nos,

436 4257 494 4299 ut
540 4245 1051 4317 irrepreltensibilis.
1096 4245 1155 4298 Et
1187 4244 1314 4306 iste,
1361 4256 1595 4310 SpODStlS
1647 4249 1730 4295 est
1765 4238 2086 4309 speciosus;
2131 4243 2182 4288 et
2219 4232 2314 4299 ipsi
2344 4230 2664 4298 desponsata
2697 4225 2960 4294 speciosa,
2995 4234 3075 4277 est
3110 4222 3372 4286 Ecclesia,
3409 4230 3667 4289 tanquam

438 4341 809 4394 immacu’ata.

890 4453 1043 4522 133
1089 4453 1129 4503 K
1142 4452 1332 4504 Etl'AA.
1378 4449 1552 4502 PMA'.

2668 4427 2893 4483 CAPUT
2923 4425 3098 4479 CXLI.

436 4549 599 4603 Arari
621 4547 692 4601 τὰ
722 4543 843 4608 ἱερὰ
874 4547 941 4596 ἐν
970 4545 1045 4607 τῷ
1076 4542 1198 4605 νηῷ
1230 4540 1450 4596 πέπλα.
1482 4541 1573 4590 καὶ
1612 4541 1649 4608 ὁᾼ
1671 4531 2009 4597 πολυτελὴς
2043 4525 2083 4579 ι)
2115 4525 2205 4589 Qut

1895 4531 2009 4597 λὶις
2043 4525 2083 4579 ι)
2115 4525 2283 4589 Quam
2315 4525 2374 4575 ob
2404 4525 2620 4575 causam
2643 4538 2794 4573 sacra
2829 4521 2931 4608 sint
2958 4521 3014 4608 't'n
3045 4516 3232 4608 tgutplo
3270 4516 3441 4580 poplo.
3471 4524 3518 4566 et
3549 4530 3664 4577 pre-

2208 4597 2239 4608 -u
2550 4601 2560 4608 .
2718 4603 2727 4608 .
2881 4591 2944 4608 ιε.-
2983 4603 3033 4608 __.
3090 4602 3309 4608 ..___--.-
3347 4585 3542 4608 _..m...-

702 4606 950 4683 κόσμος,
983 4614 1082 4666 καὶ
1116 4615 1152 4678 ἡ
1187 4610 1475 4678 διάφορος
1503 4606 1745 4661 εὐωδία.

511 4708 668 4761 Ἀλλὰ
694 4707 786 4759 καὶ
814 4704 993 4757 πέπλα
1020 4704 1172 4771 τίμια
1193 4702 1267 4771 τῷ
1293 4699 1422 4769 ναῷ,
1448 4700 1526 4751 ὅτι
1556 4717 1572 4749 t
1606 4699 1629 4749 δ
1657 4697 1785 4757 Θεὸς
1814 4694 2008 4759 εὐπρέ-

444 4813 609 4850 πειαν
639 4794 925 4848 ἐνεδύσατο
949 4808 962 4823 ⁶
1004 4811 1021 4842 ι
1060 4791 1152 4844 καὶ
1185 4792 1264 4853 εἰς
1293 4789 1457 4842 τύπον
1486 4787 1583 4854 τῆς
1623 4786 1772 4844 θείας
1811 4784 2010 4853 ἀρετῆς

438 4907 499 4942 τι
535 4888 627 4940 καὶ
661 4887 839 4954 δόξης.
875 4885 983 4936 Kal
1013 4883 1214 4951 κόσμος
1247 4881 1569 4947 πολυτελὴς,
1609 4879 1693 4931 ὅτι
1725 4877 1847 4938 δόξα
1881 4873 2009 4939 παρ’

443 4980 595 5049 αὐτῷ
615 5019 630 5044 ,
664 4979 761 5030 καὶ
791 4975 1059 5046 ὡραιότης
1091 4975 1238 5042 αὐτῷ
1271 4975 1365 5025 καὶ
1399 4973 1615 5030 καλλος.
1649 4970 1761 5020 Kal
1791 4971 1816 5018 ο
1849 4965 2010 5018 πλοῦ-

439 5088 534 5133 τος
570 5068 715 5136 αὐτῷ
752 5067 860 5119 τῶν
897 5067 1234 5136 δωρημάτων
1273 5064 1457 5124 πολύς.
1500 5063 1606 5114 Kal
1649 5060 1870 5120 εὐωδίας
1915 5056 2009 5109 καὶ

447 5160 635 5232 μύρων
668 5158 878 5228 πλήρης
919 5160 947 5210 δ
981 5157 1162 5219 τδπος.
1210 5172 1228 5206 ι
1278 5156 1452 5222 Ὀσμὴ
1495 5154 1604 5221 γὰρ
1654 5152 1844 5220 μύρων
1877 5166 1970 5201 σου
1995 5187 2008 5210 ,

445 5254 637 5322 φησὶν,
671 5250 811 5318 ὑπὲρ
850 5253 1032 5301 πάντα
1062 5249 1129 5300 τὰ
1173 5246 1460 5316 ἀρώματα.
1500 5245 1610 5296 Καὶ
1656 5241 1876 5309 σμύρνα
1916 5240 2010 5290 καὶ

445 5343 650 5409 στακτὴ
682 5339 776 5392 καὶ
809 5338 973 5390 κασία
1014 5337 1119 5390 ἀπδ
1155 5336 1262 5388 τῶν
1301 5335 1531 5403 ἱματίων
1569 5349 1684 5384 σου.
1731 5350 1748 5382 ι
1792 5329 2010 5394 Ἱμάτια

439 5433 499 5486 δὲ
533 5429 768 5502 Χριστοῦ
803 5430 854 5482 οἱ
888 5428 1006 5481 κατ’
1033 5428 1190 5480 αὑτὸν
1226 5426 1444 5490 ζῶντες.
1479 5425 1570 5475 Διὸ
1606 5425 1700 5476 σὺν
1734 5426 1842 5480 τοῖς
1877 5418 2009 5470 εὐώ-

439 5525 558 5575 δεσι
599 5523 696 5574 καὶ
736 5520 1048 5574 πολυτελὲσι
1092 5518 1184 5570 καὶ
1229 5515 1406 5584 ψυχὰς
1451 5514 1546 5567 καὶ
1593 5512 1821 5579 σώματα
1871 5509 2008 5575 ἁγνὰ

442 5611 539 5664 xal
564 5610 737 5680 εὐώδη
764 5608 936 5678 τούτῳ
964 5607 1264 5676 προσάγειν
1290 5607 1388 5658 δεῖ.
1421 5603 1574 5656 Ἐπεὶ
1605 5602 1696 5653 καὶ
1724 5601 1846 5662 vah;
1871 5596 2007 5650 Θεοῦ

444 5704 612 5772 ἡμεῙῖ
638 5702 949 5772 ἐξίίρέτωὶς
974 5700 1159 5767 ὥσπερ
1185 5701 1274 5750 καὶ
1300 5697 1506 5757 Παῦλος
1533 5712 1663 5763 φησι
1687 5710 1699 5724 ·
1729 5693 1823 5745 καὶ
1850 5692 2005 5759 σῶμα

442 5793 538 5846 καὶ
571 5792 708 5864 μέλη
736 5790 970 5860 Χριστοῦ
1001 5807 1011 5821 ’
1047 5793 1136 5843 καὶ
1170 5791 1235 5844 δι’
1261 5791 1405 5859 ἡμᾶς
1438 5787 1500 5839 τὰ
1535 5786 1764 5855 αἰτίλητᾶ
1795 5783 2002 5845 ταῦτα,

2202 4597 2364 4646 tiostts
2409 4601 2649 4654 ornatus,
2684 4603 2727 4643 et
2763 4588 3033 4655 multipch
3063 4587 3310 4653 fragrans
3343 4585 3564 4651 stt/ﬁlms.

2181 4683 2286 4736 Sed
2314 4692 2366 4736 et
2394 4683 2628 4750 pretiosa
2671 4679 2822 4746 pepla
2861 4685 2987 4731 sunt
3034 4676 3086 4728 in
3130 4674 3353 4742 templo,
3391 4674 3654 4741 quoniam

2121 4796 2138 4828 ι
2177 4776 2319 4829 Deus
2355 4775 2605 4827 decorem
2643 4770 2863 4823 indutus
2892 4774 3008 4830 est;
3043 4784 3060 4816 ι
3100 4776 3150 4818 et
3178 4767 3228 4818 iu
3259 4773 3443 4832 typum
3476 4763 3676 4815 divinat

2111 4869 2324 4922 vit-tutis
2346 4875 2398 4920 et
2416 4865 2623 4935 glorize;
2650 4868 3111 4930 sumptuosusquc
3132 4868 3374 4919 ornatus,
3406 4857 3677 4922 quoniam

2110 4957 2247 5024 apud
2272 4956 2418 5010 illum
2441 4953 2629 5023 gloria,
2648 4951 2856 5018 ipsique
2873 4948 3190 5018 speciositas
3206 4955 3255 4999 ct
3282 4946 3670 5013 pulchritudo;

2109 5060 2162 5103 ct
2209 5063 2494 5102 munerum
2557 5044 2758 5096 divitia:
2815 5042 2917 5110 ipsi
2956 5040 3137 5092 multte
3163 5049 3306 5092 sunt.
3362 5038 3423 5091 Et
3465 5037 3670 5091 olentia

2113 5150 2495 5210 unguentoque
2553 5137 2743 5204 plenus
2795 5142 2877 5187 est
2931 5133 3106 5185 locus.
3197 5150 3214 5182 ι
3263 5130 3672 5199 Unguentorttm

2112 5244 2327 5288 tuorum
2360 5230 2537 5283 bonus
2573 5225 2732 5287 odor,
2760 5223 2954 5291 inquit,
2988 5237 3148 5288 super
3176 5220 3357 5273 omnia
3387 5226 3667 5279 aromata;

2116 5322 2334 5392 myrrha
2369 5327 2422 5372 et
2453 5324 2625 5370 stacte
2654 5322 2708 5367 et
2741 5311 2886 5367 casia
2926 5325 2952 5359 τι
2990 5308 3329 5362 vestimentis
3363 5307 3525 5360 tuis.»
3562 5306 3666 5359 Vc-

2113 5417 2363 5470 stitnenta
2392 5423 2517 5462 vero
2544 5405 2744 5461 Christi
2780 5411 2908 5458 sunt
2940 5402 3014 5455 illi
3047 5401 3137 5470 qtti
3177 5400 3472 5454 secundum
3495 5398 3669 5466 ipsum

2113 5506 2322 5556 vivunt.
2357 5499 2589 5565 Ideoque
2613 5510 2734 5548 cum
2764 5493 2922 5548 bouis
2953 5489 3317 5559 pretiosisque
3348 5486 3670 5539 odorameu-

2116 5597 2207 5658 tis,
2242 5593 2451 5646 animas
2493 5599 2543 5640 et
2580 5600 2804 5655 corpora
2851 5593 2997 5638 casta
3053 5582 3293 5647 beneque
3337 5575 3530 5631 olentia
3582 5573 3648 5628 ad

2113 5691 2288 5756 ipsum
2321 5682 2622 5753 producere
2662 5685 2878 5746 oportet
2911 5692 2924 5727 :
2959 5672 3224 5741 siquidem
3262 5683 3362 5722 nos
3395 5665 3672 5720 excellen-

2114 5789 2190 5832 ter
2227 5790 2414 5831 sumus
2466 5772 2554 5826 llci
2609 5768 2907 5838 tetuplum,
2960 5777 3260 5834 corpusque
3309 5775 3371 5813 ac
3425 5757 3667 5812 membra
