4480 6458
1024 406 1130 470 395
1865 403 2245 463 SYMEONIS
2282 398 3032 461 TIIESSALONILENSiS
3065 404 3104 456 Α
3121 397 3421 456 RCHIEI’.
4143 385 4254 449 σεε

1016 531 1183 581 ciam,
1236 517 1510 584 adaptata.
1562 513 1771 566 Vestem
1806 513 1951 564 enim
1989 511 2294 579 lmjusmodi
2348 513 2579 566 lectores
2607 518 2652 576 Α
2686 512 2783 579 ῖμά

2486 518 2652 576 ιτρεΑ
2686 512 2898 579 ἱμάτιον
2958 509 3045 561 καὶ
3102 508 3444 573 ἀναγνῶσται
3497 506 3590 558 καὶ
3643 504 3840 572 ψάλται
3901 503 3996 553 καὶ
4042 503 4255 558 πάντες

1017 615 1069 657 et
1125 605 1329 671 psaltze,
1364 617 1662 667 OlIllIl'Squc
1713 601 2026 653 sacerdotes
2074 609 2291 667 propter
2336 600 2575 652 divinum
2680 601 2786 654 ἐνδι

2488 614 2575 652 um
2680 601 3079 654 ἐνδιδύσκονται
3145 599 3309 666 ἱερεῖς
3373 597 3458 649 διὰ
3528 596 3628 665 τὴν
3690 595 3841 648 θείαν
3911 594 4257 662 ὑπηρεσίαν,

1022 695 1384 747 ministerium
1418 693 1670 754 induunt,
1700 707 1766 744 eo
1809 690 1952 760 quod
2007 689 2270 755 ejusmodi
2303 690 2470 743 vestis
2501 691 2578 742 l'a-
2680 693 2789 744 ὥστ

2501 691 2578 742 l'a-
2680 693 2819 744 ὥστε
2871 694 2943 760 μὴ
2997 688 3264 743 ἅπτεσθαί
3315 705 3458 750 τινος
3515 687 3626 740 τῶν
3671 687 3854 755 ἱερῶν,
3905 688 3936 754 ἢ
3979 687 4092 746 τοῖς
4147 684 4257 747 τῆς

1019 787 1121 837 cile
1160 791 1510 836 connectatur
1548 793 1602 832 et
1650 782 1934 846 adaptetur
1961 780 2264 847 cuicunque
2289 779 2576 844 saCrrdoti;
2684 787 2788 853 ιερρ

2462 779 2576 844 Ιοιὶς
2684 786 2983 853 ῖερωσύνης
3031 781 3257 850 ἀμφίοις
3285 781 3447 842 εὐθὺς
3489 779 3726 847 χρῆσθαι
3771 779 3906 845 μετὰ
3952 779 4061 828 τῶν
4096 777 4231 826 ἐνδυ

1021 878 1098 925 vel
1124 875 1265 944 quod
1293 876 1518 943 quilibet
1537 889 1598 926 ea
1619 873 1839 927 indutus
1867 874 2017 926 nullo
2037 873 2251 941 negotio
2270 872 2580 925 sacerdota-
2684 878 2789 946 μάτ

2490 882 2580 922 lli!-
2684 878 2870 946 μάτων
2919 875 3160 944 ἀμέσως,
3217 873 3328 926 τῶν
3380 871 3683 939 κοσμικῶν,
3725 871 3794 922 δι’
3845 864 3917 923 ὧν
3977 871 4259 937 ἅπτονται

1024 970 1099 1021 les
1121 977 1295 1021 vestes
1320 967 1543 1019 induere
1569 966 1732 1032 possit
1753 965 2062 1018 immediate
2084 979 2204 1016 cum
2229 963 2580 1016 smcularibus
2679 961 2774 1018 ’καὶ

1839 965 2062 1017 inediate
2084 979 2204 1016 cum
2229 963 2580 1016 smcularibus
2679 961 2774 1018 ’καὶ
2798 964 2903 1016 τῶν
2928 961 3025 1016 τοῦ
3045 961 3291 1031 σώματος
3319 961 3608 1032 χρειωδῶν.

1021 1061 1216 1128 quibus
1238 1057 1494 1127 conjungi
1513 1066 1741 1126 possunt
1759 1073 1880 1126 qua:
1895 1066 2020 1108 sum
2041 1055 2254 1122 corpori
2277 1056 2577 1107 commoda.

1508 1168 1736 1223 CAPUT
1759 1163 2088 1221 CLXXXVI.
3213 1159 3277 1212 Kl

1914 1163 2088 1218 tum.
3213 1159 3461 1212 κΕοΑΑ.
3500 1156 3683 1223 an'.

1029 1262 1102 1317 De
1131 1279 1302 1317 sacris
1343 1263 1676 1324 vestimentis,
1710 1261 1893 1340 tunica
1926 1258 2196 1324 ampliore,
2241 1258 2493 1311 subucula
2533 1267 2578 1311 el
2683 1255 2798 1320 Περ

1687 1339 1914 1381 ca-leris.

2483 1267 2578 1311 rel
2683 1254 2821 1320 Περὶ
2875 1250 3050 1318 ιερῶν
3081 1251 3449 1319 ἐνδυμάτων,
3505 1250 3768 1317 ἱματίου,
3823 1250 4109 1318 καμισιου
4149 1249 4252 1300 καὶ

3263 1319 3382 1372 τῶν
3405 1320 3658 1372 λοιπῶν.

1102 1422 1250 1476 Unde
1272 1430 1354 1475 eat
1380 1419 1525 1488 quod
1551 1419 1723 1472 lector
1749 1426 2036 1485 antequam
2066 1416 2298 1483 sigillum
2329 1415 2582 1484 accipiat,

1027 1514 1204 1570 statim
1235 1526 1357 1564 cum
1391 1509 1794 1564 benedicendus
1816 1516 1922 1570 est,
1966 1507 2098 1560 illud
2135 1506 2339 1568 induat,
2369 1508 2580 1575 nigrum

1029 1618 1244 1678 propter
1293 1605 1659 1659 humilitatem
1710 1603 2145 1671 signiﬁcandam,
2206 1609 2264 1654 ut
2324 1601 2581 1666 diximus,

1025 1711 1083 1753 et
1126 1700 1290 1751 animi
1342 1694 1851 1764 compressionem:
1898 1694 2009 1747 btec
2040 1697 2184 1747 enim
2228 1701 2357 1748 sunt
2405 1694 2582 1748 luctus

1027 1791 1204 1860 signa.
1252 1788 1501 1856 Ampium
1547 1800 1767 1855 quoque
1811 1795 1864 1837 et
1903 1785 2120 1853 Iungunt
2161 1792 2268 1847 est,
2313 1785 2375 1838 ad
2420 1785 2582 1854 Pedes

2757 1413 2919 1465 Ὀθεν
2964 1412 3059 1465 καὶ
3122 1411 3287 1472 εὐθὺς
3352 1411 3458 1480 πρὸ
3519 1410 3614 1479 τῆς
3683 1411 3978 1481 σφραγῖδος
4036 1413 4065 1463 ὁ
4115 1428 4256 1463 ava-

2683 1501 2932 1569 γνὼστης
2980 1501 3137 1554 τοῦτο
3199 1501 3589 1570 εὑλογούμενος
3635 1501 4022 1570 ἀμφιέννυται,
4077 1501 4257 1570 μέλαν

2682 1593 2762 1656 ὃν,
2795 1593 2881 1646 διὰ
2916 1593 3013 1662 τὴν
3042 1592 3371 1645 ταπείνωσιν
3397 1592 3470 1654 ὡς
3501 1593 3802 1662 εἰρήκαμέν
3832 1611 3888 1646 τε
3931 1593 4024 1647 καὶ
4054 1610 4256 1645 συστο-

2683 1685 2782 1755 λήν
2802 1701 2816 1715 ⁸
2850 1684 3072 1736 τοιαῦτα
3101 1683 3209 1754 γὰρ
3263 1685 3331 1735 τὰ
3369 1683 3463 1736 τοῦ
3499 1685 3757 1746 πένθους·
3788 1686 3884 1736 καὶ
3909 1685 4036 1754 ἄχρι
4068 1685 4255 1737 ποδῶν

2684 1779 2778 1830 καὶ
2824 1777 3136 1847 εὐρύχωρον
3178 1776 3265 1830 διὰ
3327 1777 3426 1846 τὴν
3461 1777 3746 1830 εὐλάϐειαν
3775 1779 3912 1845 μετὰ
3955 1781 4055 1848 τῆς

4135 1781 4254 1813 El'a‘

4131 1809 4252 1840 aug,

1029 1894 1204 1944 usque
1269 1878 1581 1946 pertingens
1634 1884 1852 1945 propter
1905 1876 2157 1944 pietatem
2221 1886 2272 1929 et
2342 1875 2582 1930 divinam
2616 1868 2795 1935 Βάγά

2483 1891 2582 1928 iam
2616 1872 2656 1927 Β
2684 1868 2930 1935 ἀγάπης.
2962 1869 3072 1920 Καὶ
3116 1865 3532 1936 περιζώννυται,
3564 1868 3654 1920 διὰ
3673 1867 3744 1920 τὸ
3773 1868 4009 1936 ὀφείλειν
4039 1869 4252 1937 ὑπηρε-

1027 1970 1371 2023 cbaritatem.
1408 1966 1868 2035 Circurneingitur
1906 1967 2068 2018 etiam
2103 1981 2168 2019 eo
2231 1969 2375 2034 quod
2426 1966 2584 2019 mini-

1029 2071 1203 2115 strare
1235 2059 1418 2112 debet.
1465 2057 1656 2112 Crucis
1705 2069 1918 2124 quoque
1950 2057 2172 2124 liguram
2226 2065 2368 2111 tenet
2416 2056 2585 2124 longi-

1033 2153 1218 2203 tudine
1256 2159 1309 2202 et
1356 2148 1607 2202 manicis.
1656 2145 1778 2201 Ilaec
1823 2147 1992 2216 igitur
2030 2145 2354 2211 vestimenta
2405 2147 2584 2200 omni-

1032 2243 1131 2294 bus
1161 2239 1469 2292 communia
1520 2245 1674 2299 sunt,
1718 2243 1905 2303 atque,
1943 2245 2001 2290 ut
2042 2236 2268 2304 dicitur,
2307 2251 2372 2291 ex
2417 2237 2585 2306 impe-

1031 2331 1240 2384 ratorio
1267 2333 1408 2382 dono
1457 2337 1510 2382 et
1545 2327 1827 2397 privilegio
1863 2329 1916 2381 in
1949 2328 2210 2382 honorem
2242 2328 2530 2383 sacerdotii
2566 2345 2581 2394 ;

2686 1961 2819 2011 τεῖν.
2849 1957 3090 2024 Σταυροῦ
3120 1959 3174 2011 δὲ
3205 1959 3373 2012 τύπον
3398 1960 3581 2029 ἐπέχει
3606 1959 3684 2029 τῷ
3729 1963 3893 2030 μήκει
3919 1978 3977 2014 τε
4008 1963 4106 2013 καὶ
4136 1964 4253 2021 ταῖς

2692 2053 2984 2121 μανικίοις.
3009 2051 3194 2104 Ταῦτα
3235 2053 3333 2122 μὲν
3349 2051 3439 2104 οῦν
3461 2053 3528 2105 τὰ
3570 2054 3763 2120 ἱμάτια
3787 2052 3941 2104 κοινὰ
3965 2055 4125 2114 πᾶσι,
4154 2054 4254 2103 καὶ

2687 2147 2763 2207 ὥς
2809 2160 2993 2212 φασιν,
3048 2145 3111 2196 ἐκ
3162 2143 3449 2212 βασιλικῆς
3504 2143 3734 2214 δωρςᾶς,
3790 2146 3870 2206 εἰς

2691 2235 3027 2306 ἱερωσύνηςο
3075 2237 3155 2288 ὅτι
3203 2237 3297 2288 καὶ
3337 2235 3691 2304 συγκλητικοὶ
3737 2235 3913 2289 ταῦτα
3969 2234 4250 2288 ἐνῖύονται

2689 2327 2867 2379 καὶτὰ
2893 2324 3130 2385 σκιάδια,
3162 2327 3256 2378 καὶ
3294 2326 3448 2378 αὐτοὶ
3477 2328 3526 2378 οῖ
3565 2326 3824 2395 βασιλεῖς.
3863 2327 4023 2380 Ἵδιον
4049 2328 4108 2381 δὲ
4144 2331 4248 2398 τῆς

3930 2144 4097 2212 τιμὴν
4150 2145 4253 2208 si;

1031 2432 1316 2478 senatores
1340 2420 1485 2475 enim
1519 2419 1588 2474 iis
1616 2421 1944 2483 vestiuntur,
1982 2419 2248 2474 umbellas
2275 2421 2436 2474 etiam
2465 2421 2587 2474 sive
2688 2417 2800 2481 τάξι

2486 2421 2587 2474 ιὶνθ
2688 2417 2893 2481 τάξεως
2936 2416 3101 2470 αὐτοῦ
3146 2418 3174 2468 ὁ
3216 2417 3570 2487 ἀναγνώστης
3612 2417 3873 2487 κέκτηται
3919 2419 4144 2488 ἐνδυμα,
4194 2424 4255 2470 τὸ

1034 2513 1205 2581 pilcos
1237 2511 1335 2578 ipsi
1375 2511 1730 2576 imperatores
1786 2516 2021 2578 gestant.
2081 2506 2358 2577 Propriam
2405 2519 2586 2564 autem
2691 2509 2803 2562 καλι

2482 2519 2586 2564 tem
2691 2509 3026 2576 καλούμενον
3053 2508 3308 2576 καμίσιον
3327 2525 3339 2539 '
3373 2510 3511 2578 ὅπερ
3540 2509 3572 2577 ἢ
3600 2510 3740 2562 κατὰ
3776 2511 3944 2563 τύπον
3969 2511 4251 2578 φαινολὶου

1032 2605 1239 2660 ordinis
1271 2604 1355 2658 sui
1391 2610 1594 2657 vestem
1627 2601 1787 2656 liabet
1829 2602 2020 2662 lector,
2051 2615 2170 2669 qua:
2199 2601 2462 2655 camision
2501 2616 2593 2656 vo-
2692 2601 2801 2654 ἐστὶ

2501 2616 2593 2656 vo-
2692 2601 2809 2654 ἐστὶ
2859 2599 3078 2671 μικροῦ,
3127 2602 3161 2670 ἢ
3207 2601 3482 2671 στιχάριον
3529 2603 3593 2654 ἐκ
3636 2602 3802 2668 λίνου,
3855 2603 3954 2675 τὴν
3991 2605 4255 2673 ἀπαρχὴν

1034 2705 1207 2756 catur,
1266 2694 1532 2762 habetque
1583 2692 1835 2761 pbamolii
1895 2691 2046 2760 parvi
2099 2692 2179 2744 vel
2231 2691 2470 2746 stiebarii
2523 2709 2589 2746 ex
2689 2694 2787 2762 τῆς

2523 2709 2589 2746 ex
2689 2694 2787 2762 τῆς
2822 2693 3118 2763 ἱερωσύνης
3150 2691 3363 2760 δηλοῦν,
3401 2692 3480 2745 διὸ
3507 2695 3602 2745 καὶ
3633 2693 3830 2763 μικρόν
3855 2695 3994 2756 ἐστι,
4023 2696 4121 2749 καὶ
4150 2696 4256 2764 τὴν

1038 2790 1148 2841 Iino
1181 2787 1428 2856 ligurum,
1459 2793 1511 2837 et
1533 2782 1822 2837 sacerdotii
1879 2780 2172 2853 primitias,
2212 2797 2335 2836 cum
2365 2797 2591 2851 parvum
2691 2786 2800 2841 ἀπὸ

2488 2799 2591 2837 νυιιὶ
2691 2786 2800 2841 ἀπὸ
2838 2786 2931 2839 τοῦ
2971 2786 3104 2839 Θεοῦ
3161 2787 3407 2856 σκέπην·
3456 2787 3550 2839 καὶ
3595 2787 3628 2855 ἢ
3671 2788 4008 2857 πορφυροῦν,
4057 2789 4144 2840 διὰ
4191 2791 4257 2840 τὸ

1038 2881 1132 2944 sit,
1165 2888 1219 2932 et
1272 2876 1653 2945 perfectionem
1702 2889 1732 2928 a
1774 2872 1886 2927 Deo
1933 2881 2273 2927 emanantem
2324 2875 2591 2944 designat.
2695 2893 2807 2948 πορι

2488 2883 2591 2930 nat.
2695 2875 3017 2948 πορφυροῦν
3049 2874 3142 2928 τοῦ
3178 2876 3426 2943 Σωτῆρος
3475 2875 3708 2945 ἱμάτιον,
3753 2877 3785 2948 ἢ
3836 2879 4027 2931 λευκὸν
4069 2877 4159 2930 διὰ
4192 2880 4257 2930 τὸ

1037 2972 1128 3025 Est
1161 2980 1337 3023 autem
1362 2966 1561 3022 coloris
1584 2965 1840 3034 purpurei
1875 2976 2096 3035 propter
2125 2980 2450 3033 purpuream
2482 2965 2597 3019 Sal-
2694 2967 2806 3021 καθα

2487 2965 2597 3019 Sal-
2694 2967 2934 3037 καθαρὸν
2983 2967 3081 3036 τῆς
3134 2964 3458 3035 ἱερωσύνης,
3513 2967 3609 3020 καὶ
3663 2968 3755 3020 τὸν
3812 2969 3922 3021 ἀπὸ
3965 2968 4063 3023 τοῦ
4114 2970 4256 3024 Θεοῦ

1039 3061 1238 3114 vaturis
1270 3067 1496 3122 vestem,
1530 3057 1612 3112 vel
1661 3056 1791 3121 albi,
1843 3067 2066 3126 propter
2127 3055 2418 3110 sacerdotii
2449 3057 2598 3124 puri-
2695 3076 2808 3128 :pwt

2487 3057 2598 3109 uri-
2695 3059 2994 3128 φωτισμόν.
3039 3058 3228 3110 Τοίνυν
3257 3059 3307 3108 οῖ
3354 3057 3596 3113 διάκονοί
3641 3074 3701 3110 τε
3753 3059 3846 3112 καὶ
3890 3063 4057 3130 ἱερεῖς
4087 3064 4254 3131 ὃμοια

1038 3163 1223 3214 tatem,
1272 3160 1326 3204 et
1377 3147 1826 3202 illuminationem
1878 3160 1908 3200 a
1962 3145 2071 3199 Deo
2114 3144 2391 3200 liuentem.
2448 3147 2590 3212 Qua-
2697 3155 2807 3214 τοῖς

2488 3161 2590 3209 ξυι-
2697 3155 2807 3214 τοῖς
2871 3152 3105 3221 ἱματίοις
3164 3152 3372 3207 ἄνωθεν
3434 3151 3710 3205 ἐνδύονται
3771 3153 3950 3222 ἄμφια
4011 3158 4106 3209 καὶ
4164 3161 4257 3208 ἐπι

1041 3249 1262 3311 propter
1312 3239 1528 3293 diaconi
1581 3248 1638 3292 et
1665 3237 1978 3291 sacerdotes
2011 3238 2330 3292 vestimenta
2360 3238 2596 3292 induunt
2623 3222 2668 3283 (ἶ
2699 3260 2803 3311 κεφ

2500 3246 2596 3292 uut
2623 3222 2668 3283 (ἶ
2699 3242 2937 3311 κεφαλῆς
2977 3243 3044 3295 τὰ
3081 3242 3314 3309 σκιάδια,
3351 3243 3445 3295 καὶ
3488 3243 3648 3296 λοιπᾶ
3690 3246 3892 3315 συνήθη
3944 3248 4257 3315 φορέματα,

1043 3333 1126 3385 bis
1156 3331 1356 3385 imatiis
1383 3344 1620 3398 superne
1651 3329 1875 3392 similia,
1907 3337 1962 3383 et
1993 3329 2254 3384 umbellas
2289 3329 2342 3383 in
2399 3331 2595 3400 capite,
2698 3337 2812 3388 πάν⁴

2488 3331 2595 3396 lite,
2698 3337 2872 3388 πάντα
2891 3335 3129 3405 σταυρὸν
3155 3335 3516 3402 ἐκτυποῦντα,
3538 3337 3613 3398 ὡς
3634 3337 3729 3390 καὶ
3751 3338 3880 3391 αὐτὸ
3898 3339 3958 3392 τὸ
3977 3341 4222 3394 σκιάδιον
4243 3357 4257 3370 ·

1039 3436 1344 3491 εεειθτορυο
1372 3421 1571 3492 gestari
1596 3419 1775 3486 solita,
1807 3420 1988 3474 omnia
2020 3421 2198 3476 crucis
2229 3421 2456 3490 ﬁguram
2501 3437 2596 3475 ex-
2698 3428 2808 3481 Emi

2501 3437 2596 3475 ex-
2698 3428 2820 3481 ἐπεὶ
2843 3429 2937 3480 καὶ
2963 3424 3057 3481 τοῦ
3082 3428 3501 3497 ἐσταυρωμένον
3527 3428 3594 3480 δι’
3622 3429 3654 3497 ὴ
3665 3432 3768 3496 μᾶς
3789 3432 3894 3482 εῖσι
3925 3431 4258 3502 λειτουργοὶ,

1041 3513 1348 3582 primentia,
1386 3521 1442 3565 ut
1472 3520 1525 3566 et
1552 3510 1666 3579 ipsa
1691 3509 1948 3563 umbella.
1975 3508 2108 3564 Jure
2142 3526 2273 3565 sane
2294 3512 2597 3579 meritaque
2697 3518 2773 3581 ὡς

2494 3527 2597 3579 que
2697 3518 2773 3581 ὡς
2825 3520 2916 3571 καὶ
2966 3519 3058 3571 ἐπὶ
3106 3519 3204 3586 τῆς
3259 3518 3506 3586 κεφαλῆς
3563 3519 3766 3588 μᾶλλον
3802 3521 3929 3584 τοὺς
3986 3525 4259 3591 σταυροὺς

1041 3618 1164 3656 cum
1188 3603 1430 3655 crucilixi
1466 3612 1690 3671 propter
1721 3614 1819 3654 nos
1849 3600 1959 3654 sint
1991 3601 2247 3666 ministri,
2301 3617 2407 3655 non
2437 3618 2598 3658 secus
2700 3610 2810 3679 φέρι

2493 3618 2598 3657 κους
2700 3610 2973 3679 φέροντες.
3023 3609 3155 3663 Ἰδοὺ
3189 3611 3275 3662 καὶ
3313 3611 3381 3663 τὰ
3415 3610 3543 3677 περὶ
3584 3609 3847 3664 διακόνων
3883 3614 3978 3666 καὶ
4011 3616 4262 3683 πρεσσυο

1043 3707 1106 3745 ac
1137 3691 1283 3759 iiqui
1311 3704 1477 3756 supra
1515 3700 1680 3759 caput
1717 3689 1970 3755 maxime,
2010 3706 2201 3746 cruces
2253 3702 2484 3763 gestant.
2518 3693 2596 3748 En

1047 3785 1306 3834 hactenus
1333 3796 1452 3850 qua:
1482 3779 1548 3834 ad
1567 3781 1826 3834 diaconos
1854 3789 1908 3834 et
1929 3781 2276 3852 presbyteros
2302 3785 2596 3853 pertinent,

1043 3875 1451 3942 explicavimus.

1118 3965 1370 4018 Clericus.
1401 3962 1644 4028 Gratias,
1669 3961 1912 4028 domine,
1943 3962 2179 4033 agimus.
2226 3964 2319 4032 qui
2371 3981 2592 4020 sensum

1047 4059 1114 4112 de
1170 4058 1425 4110 onmibus
1484 4065 1727 4122 apertum
1777 4053 2067 4115 habemus,
2123 4069 2319 4121 resque
2363 4056 2598 4122 diiinas,

1046 4148 1190 4217 quod
1222 4147 1285 4200 ad
1313 4146 1765 4211 uos,edocetnur,
1798 4159 1935 4213 quas
1984 4144 2126 4198 inter
2173 4146 2309 4198 nibil
2355 4156 2437 4200 est
2493 4148 2598 4200 bu-

1046 4239 1214 4292 niani.

1114 4327 1378 4394 Pontifex.
1404 4325 1571 4393 thui
1599 4323 1748 4377 lieret
1773 4333 1832 4377 ut
1857 4325 2151 4394 quidquam
2187 4326 2476 4382 interesset
2503 4328 2601 4380 bu-

1048 4419 1192 4472 niani
1223 4417 1276 4470 in
1303 4417 1463 4470 rebus
1483 4416 1574 4469 Dei
1602 4414 1625 4466 ?
1649 4415 1907 4483 quidnam
1936 4432 2069 4470 vero
2093 4418 2147 4471 in
2217 4419 2383 4473 rebus
2437 4417 2597 4472 Verbi

1047 4510 1138 4564 Dei
1167 4521 1258 4562 aut
1295 4517 1448 4561 extra
1522 4514 1616 4559 aut
1666 4520 1830 4576 supra
1887 4507 2146 4561 rationem
2205 4523 2312 4562 non
2364 4507 2601 4563 est?aut

1047 4602 1318 4671 quomodo
1344 4599 1396 4651 in
1430 4599 1597 4651 rebus
1622 4595 1862 4665 Spiritus
1894 4599 2222 4652 sanctissimi
2267 4600 2451 4653 omnia
2492 4616 2599 4653 non

1048 4699 1234 4745 essent
1259 4687 1488 4744 sancta?
1514 4687 1704 4741 Divina
1754 4703 1947 4756 nempe
1968 4689 2231 4744 rationem
2255 4704 2511 4758 superant
2546 4700 2602 4745 et

1051 4791 1232 4836 Sancta
1262 4789 1410 4834 sunt.

1527 4869 1753 4925 CAPUT
1779 4869 2133 4926 CLXXXVII.

1624 4961 1700 5014 De
1727 4963 1985 5029 episcopo.

1123 5055 1236 5108 Jam
1266 5053 1558 5123 incipimus
1609 5053 1676 5106 de
1707 5066 1897 5121 magna
1928 5052 2019 5104 illa
2056 5054 2253 5119 gratia,
2287 5053 2604 5107 illuminati-

1054 5162 1119 5198 vo
1148 5148 1357 5200 scilicet
1387 5146 1766 5214 episcoporum
1789 5143 2000 5209 ordine,
2034 5146 2197 5196 verba
2225 5147 2404 5199 facere
2435 5163 2450 5210 ;
2482 5146 2603 5199 ideo

1054 5253 1150 5308 pro
1193 5236 1399 5288 viribus
1449 5235 1594 5286 illam
1651 5232 2166 5302 contemplabimur,
2213 5245 2263 5286 et
2311 5236 2605 5304 explicabi-

1051 5345 1196 5392 mus,
1220 5327 1344 5380 l;cet
1392 5325 1533 5377 vires
1567 5333 1785 5377 nostras
1811 5335 2027 5392 superet
2061 5325 2250 5377 borum
2312 5327 2606 5393 intelligen-

1051 5419 1148 5471 tia.
1188 5416 1281 5469 Est
1306 5415 1448 5468 enim
1486 5414 1755 5466 donorum
1788 5429 1909 5482 qua:
1935 5415 2243 5468 hominibus
2268 5435 2295 5466 a
2328 5417 2435 5470 Deo
2469 5417 2604 5471 tiuut

1055 5505 1346 5559 maximum
1381 5513 1431 5557 et
1466 5503 1947 5571 perfectissimum,
1981 5520 2010 5556 a
2063 5521 2171 5574 quo
2225 5508 2402 5560 oruuis
2437 5509 2608 5560 dona-

1051 5600 1130 5648 tio
1154 5605 1208 5649 et
1255 5594 1582 5648 illuminatio
1630 5594 1962 5647 immittitur.
1995 5594 2110 5662 Ipsa
2144 5605 2227 5648 est
2281 5597 2603 5650 fundamen-

1049 5701 1184 5750 tum,
1215 5685 1563 5755 principium,
1591 5698 1641 5739 et
1669 5687 1789 5738 fons
1814 5687 2051 5754 pietatis,
2084 5690 2235 5740 radix
2285 5704 2401 5756 qua:
2446 5689 2600 5742 Cbri-

1048 5790 1195 5836 stum
1231 5779 1407 5848 ipsum
1437 5786 1785 5846 ref-reseruat
1809 5786 1863 5830 et
1901 5785 2093 5845 gestat.
2114 5779 2450 5846 Quapropter
2482 5794 2599 5833 uuae

2698 3701 2756 3752 τέ
2765 3719 2870 3770 ρων
2901 3702 3029 3769 ὑμῖν
3064 3702 3386 3772 εἰρήκαμεν.

2773 3967 3000 4031 Κ.1ηρικ
3030 3967 3098 4028 ’ς.
3145 3964 3609 4034 Εὑχαριστοῦμεν,
3666 3965 3921 4026 δέσποτα,
3983 3965 4078 4018 ἐπὶ
4128 3970 4264 4020 πᾶσι

2698 4055 2790 4106 τὶν
2850 4055 2975 4107 νοῦν
3017 4043 3432 4125 διανοιγόμῖενοι,
3479 4058 3572 4107 καὶ
3605 4057 3672 4108 τὰ
3721 4057 3841 4108 καθ’
3891 4060 4039 4127 ἡμᾶς
4081 4060 4261 4111 πάντα

2700 4144 2822 4196 θεῖα
2859 4144 3238 4214 μανθάνοντες,
3269 4147 3365 4198 καὶ
3394 4147 3475 4199 ὅτι
3510 4147 3664 4199 οὐδὲν
3689 4146 4031 4215 ἀνθρώπινον
4061 4151 4122 4202 ἐν
4152 4153 4268 4212 τοῖς

2704 4235 2748 4285 ῖε
2757 4238 2887 4302 ροῑς.

2786 4329 3147 4395 Ἀρχιερεύς.
3179 4327 3288 4381 Καὶ
3315 4327 3430 4390 πῶς
3473 4329 3580 4397 ἄρα
3627 4329 3972 4399 ἇ-ιθρωπινόν
3999 4348 4053 4382 τι
4103 4331 4261 4383 ἔσται

2701 4418 2835 4479 ὅλως
2867 4421 2924 4468 ἐν
2955 4422 3064 4480 τοῖς
3112 4418 3205 4470 τοῦ
3248 4418 3422 4482 Θεοῦ;
3459 4420 3530 4471 Ἦ
3563 4423 3713 4474 ποῖον
3751 4421 3811 4474 ἐν
3844 4423 3956 4481 τοῖς
3985 4420 4082 4489 τοῦ
4123 4423 4268 4474 Θεοῦ

2632 4548 2675 4600 D
2706 4511 2878 4576 Λόγου
2911 4510 2972 4561 ού
3010 4509 3146 4578 μετὰ
3176 4510 3335 4578 λόγου
3365 4512 3456 4563 καὶ⁸
3487 4513 3626 4565 κατὰ
3659 4512 3817 4580 λόγον
3837 4531 3854 4578 ;
3876 4515 3964 4566 "ﬂ
3995 4515 4116 4576 πῶς
4151 4516 4264 4584 ἄρα

2707 4601 2763 4650 ἐν
2792 4603 2901 4663 τοῖς
2947 4601 3041 4653 τοῦ
3086 4602 3353 4668 παναγεου
3407 4602 3722 4671 Πνεύματος
3767 4605 3865 4672 οὐχ
3900 4603 4032 4672 ἅγια
4085 4606 4265 4657 πάντα

2703 4688 2895 4754 Eant;
2943 4691 3143 4743 Λοιπὸν
3181 4692 3275 4745 καὶ
3317 4693 3437 4746 θεῖα
3475 4695 3617 4744 κατᾶ
3664 4692 3755 4746 τὸν
3786 4693 3940 4761 λόγον
3968 4694 4066 4748 καὶ
4110 4696 4266 4761 ἅγια.

3259 4875 3507 4929 ΚΕΦΑΛ.
3541 4875 3707 4931 PﬂZ’.

3235 4965 3372 5031 Περὶ
3393 4966 3729 5034 ἀρχιερέως.

2789 5055 3093 5124 ’Λρχόμεοα
3132 5051 3224 5108 οὖν
3263 5057 3362 5126 ῆδη
3407 5058 3500 5110 καὶ
3558 5060 3686 5124 περὶ
3734 5059 3844 5112 τῶν
3872 5063 3969 5130 τῆς
4023 5066 4270 5130 μεγάλης

2708 5145 2923 5214 χάριτος
2968 5147 3061 5212 τῆς
3100 5148 3433 5216 φωτιστικῆς
3485 5149 3684 5213 τάξεως
3736 5153 3881 5218 ἐρεῖν
3928 5152 4038 5203 τῶν
4073 5156 4268 5224 ἀρχιε-

2711 5237 2867 5303 ρέων.
2939 5240 3028 5288 Διὸ
3088 5240 3179 5290 καὶ
3237 5240 3364 5305 περὶ
3422 5238 3630 5308 ταύτης
3689 5240 4057 5310 (θεωρήσωμεν
4128 5248 4267 5297 κατὰ

2707 5325 2974 5393 δύναμιν·
3020 5327 3157 5396 ὑπὲρ
3193 5327 3341 5395 ἡμᾶς
3373 5327 3482 5394 γὰρ
3523 5329 3614 5379 καὶ
3663 5329 3868 5380 τούτων
3906 5331 3934 5380 ὁ
3978 5330 4130 5396 νοῦς,
4184 5333 4266 5384 ὅτι

2708 5417 2802 5466 καὶ
2854 5416 2978 5482 περ)⁵
3020 5415 3112 5466 τοῦ
3153 5416 3411 5483 μεγίστου
3457 5418 3550 5469 καὶ
3593 5418 3926 5471 τελεωτάτου
3945 5418 4123 5486 δώρου
4162 5424 4267 5472 τῶν

2709 5504 2832 5556 καθ’
2864 5507 3010 5573 ημᾶς
3052 5509 3218 5571 ἐστιν,
3248 5507 3339 5573 ἀφ’
3377 5505 3436 5558 οῦ
3479 5507 3543 5575 δὴ
3591 5508 3697 5559 πᾶν
3738 5507 3968 5577 δώρημα
4003 5510 4138 5575 ἡμῖν
4175 5513 4268 5562 καὶ

2707 5597 2985 5665 φωτισμὸς
3032 5598 3490 5665 καιταττέμτιειεται⁸
3546 5600 3640 5650 καὶ
3693 5597 3939 5666 θεμέλιος
3983 5601 4126 5667 αῦτη
4175 5618 4268 5652 και

2706 5687 2869 5755 ἀρχὴ,
2891 5688 2980 5738 καὶ
3002 5688 3150 5756 πηγὴ
3165 5688 3219 5740 δέ
3245 5687 3344 5754 τῆς
3375 5685 3530 5756 152
3551 5687 3830 5749 εὐσεϐείας
3860 5691 3971 5742 ἐστὶ
4004 5691 4096 5741 καὶ
4118 5691 4264 5756 ῥίζα,

2710 5783 2801 5833 καὶ
2832 5780 2920 5831 τὸν
2951 5779 3185 5846 Χριστὸν
3236 5779 3394 5831 αὐτὶν
3439 5779 3756 5843 εξεικονέζει
3810 5782 3898 5832 καὶ
3951 5779 4126 5847 φέρει.
4178 5784 4265 5831 At.
