4480 6458
330 397 439 461 425

1381 403 1480 463 DE
1521 375 1787 484 saeuis
1824 404 2516 466 oaumuromnus.

3476 394 3580 460 £26

327 509 725 597 χειροτονηθεὶς
756 486 1100 597 πατριάρχης
1128 499 1366 568 ποιεῖται
1392 517 1472 579 εἰς
1496 517 1595 584 τὴν
1618 519 1778 586 χεῖρα
1805 514 1900 568 τοῦ
1931 523 1978 578 Α
2008 533 2095 571 ma

1809 514 1900 568 τοῦ
1931 523 1978 578 Α
2008 515 2229 572 manum
2259 509 2572 570 ordiriantis
2599 527 2698 567 nec
2727 505 2896 583 genas
2953 512 3262 574 osculatur,
3306 511 3401 567 sed
3460 495 3578 578 pri~

329 595 807 671 χειροτόνήσαντος
846 596 942 658 κά).
977 604 1077 674 τὴν
1117 605 1351 674 παρειάν
1373 621 1390 637 ο
1430 607 1547 659 ἀλλ’
1571 607 1899 675 άαπασάμε-

331 708 420 754 νος
455 694 671 762 πρῶτον
704 695 801 763 τὴν
838 695 990 777 θείαν
1025 697 1336 764 τράπεζαν,
1368 699 1658 768 ἀνέρχεται
1690 687 1771 762 εἰς
1802 701 1903 770 τὴν

328 786 574 854 κρηπῖδα
595 802 608 816 ·
644 789 734 848 καὶ
767 788 859 839 τὸν
893 789 1182 858 ἀσπασμὸν
1212 791 1449 843 ποιεῖται
1483 790 1627 843 κατὰ
1659 792 1719 843 τὸ
1759 791 1900 855 ἔθος,

325 877 424 930 τοῦ
464 879 564 945 μὲν
595 881 1075 950 χειροτονήσαντος
1108 883 1273 936 αὐτὸν
1305 882 1404 953 τὴν
1439 883 1593 952 ἱερὰν
1623 883 1903 951 τράπεζαν

327 968 716 1037 ἀσπαζομένου
745 973 1031 1040 πρότερον,
1059 972 1135 1034 ὡς
1161 973 1270 1030 τῶν
1299 973 1462 1042 ίερῶν
1487 973 1668 1044 ἔργων
1695 975 1896 1042 πηγὴν,

326 1059 448 1115 εἶτα
474 1064 573 1133 τὴν
604 1066 762 1134 χεῖρα
793 1066 885 1118 τοῦ
917 1067 1388 1136 χειροτονηθέντος
1418 1067 1759 1136 πατριάρχου
1778 1108 1796 1128 ,
1827 1067 1902 1129 ὡς

329 1152 550 1220 πρώτου
575 1143 944 1223 καταστάντος
967 1156 1045 1224 τῷ
1067 1157 1198 1234 θείῳ
1221 1159 1496 1226 Πνεῦματι
1517 1137 1903 1234 καὶνπατριάρ-

327 1260 430 1312 χου
464 1245 643 1296 αὐτῶν
661 1286 674 1310 ,
709 1250 811 1325 καὶ.
831 1247 922 1306 διὰ.
950 1247 1048 1316 τὴν
1069 1232 1275 1323 ἕνωσιν
1302 1252 1381 1311 εἰς
1409 1251 1474 1301 τὸ
1502 1232 1711 1316 στόμα,
1742 1248 1776 1318 ἢ
1805 1249 1904 1319 τὴν

326 1337 566 1404 παρειάν
597 1337 683 1390 διὰ
707 1341 808 1408 τὴν
842 1340 1122 1410 ὑποταγὴν
1148 1356 1162 1370 ·
1202 1343 1404 1410 ὁμοίως
1432 1340 1488 1393 δὲ
1521 1341 1616 1416 καὶ
1645 1342 1693 1392 oi
1727 1341 1905 1392 λοιποὶ

326 1429 606 1499 ἀρχιερεῖς
635 1431 682 1483 oi
717 1430 814 1484 σὺν
842 1431 990 1502 αὐτῷ
1024 1432 1212 1524 τοῦτον
1243 1433 1740 1514 χειροτονήσαντες.

901 1547 947 1599 Κ
962 1546 1152 1598 ΕΦΑΛ.
1194 1543 1340 1598 ΣΙΒ⁴.

325 1659 469 1726 Περὶ
521 1658 749 1724 τάξεως
802 1659 1202 1728 πατριαρχῶν,
1258 1656 1754 1729 ἀρχιεπίσριόπων
1803 1659 1901 1712 καὶ

931 1731 1302 1784 ἐπισκόπων.

406 1841 467 1892 Ei
502 1844 610 1910 γάρ
642 1843 738 1895 καὶ
771 1844 867 1911 μία
897 1843 929 1910 ὴ
960 1843 1055 1908 τῆς
1089 1843 1397 1912 ἐπισκοπῆς
1428 1845 1590 1912 χάρις
1619 1843 1715 1897 καὶ
1747 1843 1903 1896 δύνα-

329 1933 425 2001 μίς
452 1950 509 1984 τε
542 1933 632 1985 καὶ
658 1934 811 1998 τάξις
841 1936 904 1986 ἐκ
933 1935 1027 1987 τοῦ
1059 1934 1215 1997 Θεοῦ,
1241 1935 1333 1986 τοῦ
1362 1936 1581 2003 πρώτου
1611 1935 1708 1987 καὶ
1741 1935 1902 2004 μόνου

326 2025 545 2090 Πατρὸς
575 2025 668 2076 καὶ
701 2027 998 2077 ἐπισκόπου
1023 2066 1036 2086 ,
1070 2026 1205 2077 ἀλλὰ
1235 2026 1326 2077 καὶ⁴
1354 2025 1593 2095 πατριάς
1639 2007 1758 2094 ’ἔχει
1798 2027 1906 2078 υἱό-

323 2118 498 2186 τητάς
529 2135 586 2170 τε
618 2122 708 2169 καί
741 2119 972 2187 χάριτας
1004 2118 1317 2188 διαφόρους,
1345 2119 1420 2179 ὡς
1449 2121 1545 2171 καὶ
1575 2119 1782 2185 ἑκάστη
1809 2118 1908 2172 τάς-

326 2208 412 2271 Et:
435 2253 448 2275 ,
483 2211 603 2262 ἐπεὶ
645 2209 833 2279 Πατὴρ
865 2214 956 2261 καὶ
991 2209 1117 2272 Υἱὸς
1147 2211 1244 2262 καὶ⁷
1273 2210 1428 2276 ἅγιον
1459 2209 1684 2278 Πνεῦμα
1713 2212 1746 2278 ἡ
1778 2210 1909 2262 Θεό-

322 2320 451 2367 της.
483 2303 590 2355 Καὶ
626 2302 724 2372 μία
758 2303 857 2371 μὲν
883 2307 949 2372 τῇ
977 2301 1170 2372 Τριάδι
1198 2303 1229 2371 ἡ
1258 2303 1455 2369 φύσις·
1482 2303 1542 2354 ἓν
1566 2303 1622 2355 δὲ
1648 2303 1709 2354 τὸ
1736 2303 1908 2355 αἴτιον

323 2396 353 2445 ὁ
394 2395 616 2464 Πατὴρ,
653 2389 808 2461 ᾧπερ
841 2394 869 2446 ὁ
903 2395 1032 2456 Υίὸς
1069 2395 1165 2446 καὶ
1197 2395 1256 2446 τὸ
1291 2393 1517 2462 Πνεῦμα
1557 2396 1697 2448 κατὰ
1731 2397 1908 2448 πάντα

329 2490 549 2564 ὑπείκει
576 2504 590 2519 ⁸
625 2490 719 2543 καὶ
749 2487 806 2541 ἓν
839 2489 1052 2558 θέλημα
1080 2490 1288 2541 τούτων
1307 2532 1322 2552 ,
1355 2489 1451 2541 καὶ
1483 2489 1581 2555 μία
1609 2488 1821 2554 κίνησίς
1850 2507 1909 2542 τε

325 2581 431 2632 καὶ
466 2580 716 2648 δύναμις.
759 2579 854 2632 Ἐκ
885 2580 986 2648 τῆς
1016 2579 1258 2650 Τριάδοςτ
1281 2581 1338 2633 δὲ
1374 2581 1654 2633 καὶ-πᾶσα
1688 2580 1912 2646 εὐταξία

324 2672 448 2724 ἄνω
481 2688 539 2723 τε
575 2673 671 2724 καὶ
709 2671 860 2725 κάτω
899 2671 1036 2727 ἐστί.
1076 2671 1168 2725 Διὸ
1207 2673 1303 2726 καὶ
1340 2672 1567 2741 πρώτην
1606 2673 1783 2741 μέσην
1818 2672 1914 2726 καὶ

325 2761 655 2814 τελευταίαν
687 2763 842 2830 τάξιν
876 2763 1079 2833 ἑκάστη
1116 2763 1225 2816 τῶν
1259 2763 1372 2816 ἄνω
1405 2762 1612 2826 τάξεων
1646 2764 1706 2816 ὲν
1741 2763 1911 2832 ιαυτῇ

327 2857 600 2924 κέκτηται
629 2871 642 2885 ·
676 2857 768 2908 καὶ
796 2856 1135 2909 διδασκάλων
1163 2856 1272 2910 εἰσὶ
1300 2855 1397 2910 καὶ
1426 2857 1486 2910 ἐν
1513 2856 1744 2920 ἐκείνοις
1770 2855 1915 2909 διδά-

327 2946 526 2999 σκαλοι
557 2947 651 3000 καὶ
679 2947 939 3018 Πατέρων
971 2947 1236 3018 Πατέρες.

913 3153 1164 3207 ΚΕΦΛΛ.
1205 3153 1344 3209 ΣΙΓ.

323 3267 496 3324 Κατὰ
540 3265 841 3330 Λατίνων,
892 3265 982 3319 ὅτι
1028 3264 1096 3319 ἐν
1136 3267 1329 3333 μόνον
1371 3266 1441 3319 τὸ
1487 3266 1686 3335 αἴτιον
1726 3266 1798 3319 ἐν
1838 3265 1916 3335 τῇ

373 3337 573 3405 Τριάδι
608 3339 639 3389 ὀ
673 3338 898 3404 Πατὴρ,
936 3337 1035 3390 ἵνα
1066 3331 1148 3403 μή
1185 3336 1458 3405 διάφοροι
1489 3331 1644 3390 ὦσιν
1674 3331 1909 3405 ἀρχαιξ

420 3449 578 3503 Ἐπεὶ
622 3451 714 3501 καὶ
761 3451 820 3501 ἐν
863 3451 929 3518 τῇ
973 3448 1269 3517 ἀσυγχύτῳ
1313 3450 1407 3500 καὶ
1450 3446 1780 3529 προανάρχῳ
1822 3447 1918 3500 καὶ

327 3543 581 3608 συμςυεῖ
630 3542 725 3594 καὶ
770 3540 1010 3609 ὁμοδόξιρ
1060 3540 1254 3610 Τριάδι
1305 3539 1460 3603 τάξις
1508 3541 1676 3602 ἐστὶν,
1727 3539 1917 3610 ὥσπερ

323 3634 585 3704 ἐφημενο
618 3634 708 3686 καὶ
739 3635 766 3684 ὁ
797 3632 896 3700 μὲν
924 3632 1114 3700 Πατὴρ
1145 3635 1238 3682 καὶ
1269 3631 1534 3694 ἀναίτιος,
1559 3632 1626 3682 τά
1652 3630 1707 3682 δὲ
1739 3632 1796 3694 ἐξ
1824 3631 1918 3681 αὑ-

322 3720 431 3773 τοῦ
475 3721 570 3771 καὶ
612 3720 831 3773 αἰτιατά
858 3735 871 3748 ·
916 3719 1013 3772 καὶ
1049 3719 1254 3772 τούτων
1291 3720 1351 3771 τὸ
1397 3719 1498 3787 μὲν
1531 3719 1792 3786 γεννητὸν
1825 3723 1918 3772 καὶ

327 3813 490 3875 Υἱὸς,
518 3811 578 3863 τὸ
605 3811 657 3863 δὲ
685 3813 1016 3881 ὲκπορευτόν
1042 3812 1136 3863 καὶ
1167 3811 1323 3879 ἆγιον
1353 3811 1579 3878 Πνεῦμα
1603 3827 1617 3840 ο
1649 3812 1746 3863 καὶ
1770 3813 1920 3877 ὅμως

321 3904 641 3972 ἀδιαίρετος
673 3905 707 3972 ἡ
740 3904 911 3972 Τριὰς
935 3943 951 3968 ,
986 3903 1082 3956 καὶ
1117 3905 1216 3972 μία
1242 3903 1444 3970 ταύτης
1471 3901 1546 3963 ὡς
1578 3904 1671 3955 καὶ
1702 3904 1733 3971 ή
1761 3903 1920 3954 οὐσία

325 3996 461 4047 ἐστὶ
491 3994 585 4045 καὶ
615 3995 646 4060 ὴ
680 3993 904 4062 δύναμις
927 4009 939 4021 ·
974 3994 1033 4057 ἐξ
1065 3994 1235 4061 αὐτῆς
1263 3989 1356 4045 οὖν
1387 3994 1480 4044 καὶ
1510 3994 1661 4044 πάσα
1691 3994 1918 4060 πατριὰ,

327 4086 555 4146 Παῦλός
586 4102 721 4155 φησι
747 4103 759 4117 ·
796 4087 892 4138 καὶ
919 4085 1070 4151 τάξις
1101 4087 1159 4138 ὲν
1190 4086 1404 4154 οὐρανῷ
1433 4103 1494 4137 τε
1525 4087 1620 4138 καὶ
1651 4086 1742 4135 ἐπὶ
1794 4086 1919 4151 γῆς.

332 4180 510 4233 Ἐπεὶ
544 4179 600 4230 δὲ
633 4179 843 4247 ἥκομεν
874 4171 975 4230 ὧδε
1009 4179 1105 4230 σὺν
1123 4177 1264 4246 Θεῷ,
1304 4178 1498 4247 μικρὸν
1530 4178 1919 4245 θεωρήσωμεν,

325 4275 494 4333 ὅπως
541 4274 637 4323 καὶ
686 4272 718 4339 ἡ
763 4268 859 4323 τοῦ
907 4271 1252 4338 πατριάρχου
1302 4268 1605 4338 χειροτονία
1646 4269 1919 4320 τελεῖταιο

329 4365 442 4416 καὶ
476 4363 524 4413 εί
556 4361 853 4423 ὲπίσκοπός
887 4361 1034 4413 ἐστιν
1055 4403 1069 4425 ,
1105 4362 1254 4422 ὅπως
1287 4361 1612 4413 καθίσταται
1648 4349 1924 4428 πατριάρ-

326 4471 471 4525 χης,
506 4454 593 4506 καὶ
623 4456 670 4505 εἰ
706 4454 779 4522 μὴ
813 4451 960 4505 ἔστιν
985 4452 1307 4514 ἐπίσκοπος,
1338 4453 1464 4518 ἄξια
1492 4453 1600 4520 γάρ
1629 4454 1724 4504 καὶ
1752 4451 1923 4503 ταῦτα

2009 624 2155 661 mum
2189 608 2429 662 divinam
2486 621 2729 664 mensam
2767 604 3049 658 osculatus
3082 601 3330 656 ascendit
3379 599 3447 654 ad
3501 599 3581 653 al-

2009 700 2144 754 taris
2198 698 2529 766 crepidinem
2552 736 2567 760 ,
2605 707 2657 751 et
2713 681 2863 749 more
2895 703 3157 748 consueto
3195 690 3362 746 tradit
3413 704 3581 773 oscuf

2011 792 2145 845 lum.
2183 790 2478 858 Postquam
2515 789 2691 856 ipsius
2737 787 3024 841 ordinator
3056 801 3272 840 sacram
3333 796 3579 856 mensam

2011 880 2244 949 primum
2302 881 2585 935 osculatus
2619 879 2809 942 fuerit,
2855 887 2912 931 ut
2963 892 3248 932 sacrarum
3304 874 3581 943 Operatio-

2011 988 2143 1036 num
2196 973 2437 1039 fontem,
2486 971 2772 1026 osculatur
2801 971 3038 1024 ominati
3101 970 3441 1038 patriarchze-
3472 982 3521 1018 in
3560 991 3586 1002 -

2012 1080 2141 1119 num
2168 1105 2182 1129 ,
2221 1074 2279 1118 ut
2311 1065 2496 1119 divino
2549 1064 2754 1133 Spiritu
2819 1062 3120 1117 secundum
3152 1061 3337 1113 omnia
3394 1057 3583 1126 primi,

2011 1167 2065 1210 et
2103 1156 2343 1224 ipsorum
2377 1157 2722 1225 patriarchae,
2751 1171 2813 1209 os
2841 1170 3065 1224 quoque,
3088 1153 3260 1224 ipsius
3297 1149 3580 1203 osculatur

2011 1260 2235 1318 propter
2265 1244 2545 1314 unionem,
2576 1250 2659 1304 vel
2686 1263 2878 1318 genam
2909 1241 3140 1318 propter
3163 1243 3582 1312 subiectionem;

2009 1342 2263 1396 similiter
2300 1337 2722 1397 Iaciuntcaateri
2781 1341 3064 1412 episcopi,
3121 1338 3216 1408 Qui
3273 1352 3399 1390 cum
3464 1333 3585 1402 ipso

2011 1435 2160 1487 hunc
2199 1417 2618 1520 ordinaverunlgi
2644 1448 2649 1453 '
3049 1447 3053 1452 ‘

2575 1518 2806 1602 CAPUT
2846 1545 3052 1618 ccxn.

2117 1659 2193 1712 De
2219 1660 2401 1714 ordine
2431 1663 2859 1742 patriarcharum
2895 1703 2907 1720 .
2945 1663 3480 1730 archiepiscoporum,

2598 1748 2979 1812 episcoporum.

2085 1839 2198 1893 Etsi
2256 1844 2400 1895 enim
2436 1858 2545 1896 una
2587 1855 2669 1898 est
2699 1846 3046 1914 episcopatus
3070 1846 3266 1913 gratia,
3297 1853 3351 1897 et
3386 1842 3586 1902 virtus,

2009 1942 2060 1986 et
2086 1933 2221 1986 ordo
2255 1948 2321 1987 ex
2359 1935 2493 1997 Deo,
2526 1935 2702 2002 primo
2734 1946 2789 1989 et
2845 1939 2959 2010 solo
3011 1937 3172 1989 Patre
3229 1945 3285 1989 et
3331 1936 3590 2004 episcoiio

2008 2040 2292 2090 emanans,
2329 2029 2535 2096 patrias
2569 2037 2753 2081 tamen
2809 2027 2994 2091 habet,
3057 2027 3353 2099 liliationes
3382 2035 3436 2080 et
3468 2041 3593 2094 gra-

2010 2118 2116 2172 tias
2154 2117 2513 2181 differentes,
2553 2128 2611 2173 nt
2665 2121 3046 2189 unusquisque
3104 2120 3241 2173 ordo
3302 2120 3586 2188 postulat,

2010 2225 2136 2267 curn
2171 2210 2354 2278 Pater,
2393 2222 2445 2265 et
2481 2211 2652 2266 Filius
2688 2224 2741 2266 et
2777 2212 3015 2282 Spiritus
3065 2224 3294 2266 sanctus
3327 2225 3432 2264 una
3480 2211 3591 2262 sint

2011 2301 2066 2356 in
2101 2301 2374 2357 Trinitate
2411 2304 2672 2358 divinitas
2716 2293 3012 2374 etnatur'a.
3054 2302 3232 2365 Unum
3274 2311 3456 2356 autem
3506 2310 3592 2354 est

2010 2395 2347 2465 principium
2385 2395 2566 2460 Pater,
2627 2396 3086 2464 quemadmodum
3118 2394 3289 2450 Filius
3328 2404 3382 2449 et
3418 2392 3596 2463 Spiri-

2012 2494 2124 2550 tus,
2151 2470 2450 2550 secundu'm
2487 2487 2674 2540 omnia
2702 2488 3059 2542 consentiens
3087 2503 3102 2552 ;
3139 2477 3245 2540 una
3275 2501 3465 2540 eorum
3502 2501 3596 2538 vo-

2012 2578 2216 2638 luntas.
2252 2590 2300 2633 et
2327 2594 2433 2632 una
2471 2580 2638 2632 motio
2667 2587 2720 2633 et
2744 2581 2948 2633 virtus.
2986 2579 3059 2632 Ex
3087 2577 3359 2632 Trinitate
3405 2585 3591 2633 autem

2015 2685 2179 2724 omne
2211 2672 2380 2725 decus
2414 2682 2468 2725 et
2507 2672 2684 2724 bonus
2710 2672 2844 2725 ordo
2891 2679 3000 2724 tam
3035 2686 3218 2724 rerum
3247 2671 3596 2738 superiorum

2016 2776 2178 2831 quam
2225 2761 2550 2816 inferiorum
2589 2764 2856 2830 procedit.
2901 2763 3024 2816 Ideo
3072 2763 3453 2832 unusquisque
3501 2775 3597 2816 su-

2016 2858 2295 2925 periorum
2350 2856 2605 2909 ordinum
2667 2857 2719 2909 in
2779 2871 2838 2910 se
2871 2855 3115 2926 possidet
3154 2857 3434 2926 primum,
3484 2869 3600 2909 me-

2017 2948 2168 3003 dium
2225 2958 2278 3003 et
2310 2960 2650 3017 postremum
2696 2950 2967 3014 ordinem,
3000 2957 3166 3019 atque
3205 2964 3236 3004 e
3279 2949 3598 3005 doctoribus

2016 3045 2124 3103 est,
2162 3046 2218 3091 et
2255 3038 2308 3091 in
2340 3038 2407 3090 iis
2432 3049 2561 3092 sunt
2596 3037 2868 3103 doctores,
2901 3049 2954 3092 et
2983 3037 3204 3091 Patrum
3240 3038 3455 3095 Patres.

2547 3152 2777 3206 CAPUT
2818 3151 3050 3206 CCXIII.

1939 3234 1985 3296 Ο
2018 3267 2214 3322 Contra
2246 3265 2489 3324 Latinos,
2521 3282 2680 3316 unum
2718 3274 2925 3315 tantum
2954 3281 3175 3317 causam
3201 3265 3256 3317 in
3285 3263 3386 3319 SS.
3417 3265 3597 3319 Trini-

2072 3347 2178 3390 tate
2200 3353 2312 3392 esse
2343 3337 2578 3397 Patrem,
2615 3350 2676 3386 ne
2705 3326 2860 3401 plura
2895 3336 3159 3402 principia
3182 3337 3524 3391 inducantur.

2091 3449 2572 3518 Quandoquidem.
2609 3456 2668 3501 ut
2697 3439 2936 3501 diximus
2965 3486 2979 3508 ,
3017 3447 3152 3501 ordo
3184 3457 3267 3501 est
3315 3449 3368 3502 in
3421 3447 3604 3504 Trini-

2021 3552 2129 3597 tate
2162 3541 2473 3602 inconfusa,
2507 3540 2986 3600 consubstantiali,
3013 3554 3109 3606 per
3137 3540 3318 3592 omnia
3344 3541 3446 3594 sibi
3471 3555 3603 3594 con-

2021 3636 2310 3688 sentiente.
2345 3649 2466 3702 qua:
2498 3634 2616 3686 sine
2664 3634 2934 3701 principio
2980 3641 3065 3684 est
3114 3641 3168 3686 et
3200 3647 3363 3685 omne
3394 3633 3602 3701 princi-

2022 3728 2169 3795 pium
2200 3726 2549 3785 antecedens,
2587 3723 2977 3791 I'atcrquidem
3013 3721 3131 3774 sine
3173 3723 3443 3790 principio
3476 3736 3600 3792 est;

2023 3835 2142 3889 que
2174 3834 2301 3872 vero
2340 3835 2402 3871 ex
2446 3820 2585 3885 ipso,
2623 3816 2945 3884 principiata
2994 3817 3273 3878 dicuntur,
3307 3823 3359 3868 et
3403 3815 3598 3868 horuin

2024 3926 2190 3963 unum
2222 3919 2306 3963 est
2336 3909 2608 3976 genitum,
2631 3923 2823 3980 nempe
2858 3904 3298 3969 Filius,a|terum
3333 3904 3606 3974 procedit,

2024 4018 2216 4070 nempe
2253 4000 2493 4070 Spiritus
2548 4008 2796 4053 sanctus.
2851 3998 2947 4052 Est
3005 4011 3185 4050 tamen
3252 3997 3604 4053 indivisibilis

2023 4094 2288 4153 Trinitas,
2325 4105 2544 4159 unaque
2574 4100 2657 4144 est
2694 4091 2841 4144 illius
2867 4106 2924 4141 ut
2950 4089 3282 4152 substantia,
3311 4091 3384 4142 ita
3411 4098 3466 4144 et
3495 4091 3608 4144 vir-

2026 4193 2135 4239 tus.
2167 4186 2240 4238 Ex
2279 4185 2394 4253 ipsa
2429 4185 2595 4252 igitur
2629 4191 2754 4245 est,
2793 4192 2851 4233 ut
2889 4183 2969 4234 ait
3017 4180 3242 4246 Paulus,
3276 4181 3458 4236 omnis
3507 4197 3606 4251 pa-

2026 4281 2256 4331 teruitas
2298 4289 2353 4331 et
2396 4277 2531 4330 ordo
2585 4276 2639 4328 in
2685 4274 2824 4327 (mlo
2858 4282 2912 4326 et
2943 4273 2994 4326 in
3040 4283 3207 4328 terra.
3236 4273 3371 4327 Cum
3414 4273 3603 4343 igitur,

2029 4369 2137 4420 Deo
2164 4368 2399 4429 furente,
2435 4367 2540 4418 huc
2581 4367 2986 4428 deveneritnus,
3022 4365 3210 4433 paucis
3243 4365 3607 4418 edissereinns

2027 4475 2132 4528 qua
2175 4461 2386 4510 ratione
2419 4457 2741 4526 patriarcha?
2765 4457 3042 4510 ordinatio
3094 4457 3418 4526 perﬁcitur;
3466 4464 3520 4511 et
3557 4457 3607 4512 si

326 4545 603 4614 Θεωρίας.
637 4545 784 4613 Πλὴν
811 4545 892 4617 τὰ,
911 4543 1004 4596 τοῦ
1040 4544 1346 4595 ἐπισκόπου
1379 4545 1434 4596 ἐν
1461 4543 1662 4610 ὀλίγοις
1693 4545 1924 4593 τελέσω-
1960 4570 2000 4622 D
2029 4567 2095 4618 ep

1835 4559 1924 4591 ιω-
1960 4570 2000 4622 ο
2029 4552 2326 4618 episc0pus
2352 4557 2453 4610 est,
2488 4565 2593 4617 qua
2625 4551 2839 4601 ratione
2869 4549 3226 4601 constituitur
3271 4549 3604 4615 patriarcha;

330 4657 472 4710 μεν.
503 4639 654 4691 Μετὰ
680 4639 769 4690 τὸν
796 4637 1086 4706 ἀσπασμὸν
1112 4638 1266 4699 οὗτος
1290 4638 1381 4689 τὸν
1408 4637 1583 4705 ἱερὸν,
1614 4637 1705 4688 τοῦ
1734 4636 1919 4704 ίεράρ-

325 4746 442 4800 χου
476 4727 872 4795 ἀσπασαμένου
905 4726 1060 4788 αὖθις
1088 4727 1184 4796 τὴν
1215 4726 1368 4794 ἱεράν
1395 4726 1692 4794 τράπεζαν,
1727 4725 1818 4776 καὶ
1846 4728 1924 4782 εις

323 4818 403 4870 τὸ
451 4813 740 4883 σύνθρονον
785 4815 1100 4877 ἀνελθόντος
1144 4815 1332 4884 ὥσπερ
1372 4817 1450 4876 εἰς
1492 4816 1583 4866 τὸν
1625 4816 1856 4882 οὐρανὸν
1898 4815 1926 4863 ὁ

325 4907 622 4978 Χριστὸς,
659 4908 753 4958 καὶ
786 4909 813 4959 ὁ
849 4907 1252 4975 χειροτονηθεὶς
1287 4909 1456 4975 αὐτὴν
1491 4907 1886 4973 ἀσπασάμενος
1911 4944 1925 4968 ,

325 5002 640 5069 ἀνέρχεται
667 5016 680 5030 ο
717 5001 811 5050 καὶ
852 5001 914 5050 ἐκ
953 4998 1145 5063 δεξιῶν
1181 4997 1398 5051 ἵσταται
1432 4999 1527 5051 τοῦ
1569 4999 1790 5067 πρώτου
1831 5000 1930 5066 ἁρ-

325 5108 428 5162 χιε
443 5091 578 5159 ρέως
603 5131 617 5153 ,
650 5089 725 5152 ὡς
753 5091 851 5158 τὴν
883 5089 1107 5158 πρώτην
1139 5090 1293 5154 τάξιν
1322 5088 1462 5157 ἔχων
1499 5089 1648 5158 παρά
1678 5089 1803 5151 τοὺς
1833 5088 1926 5140 άλ-

325 5188 480 5246 λους
511 5184 630 5234 τότε
662 5182 1019 5246 ἐπισκόπους,
1051 5182 1152 5252 ἤδη
1184 5185 1248 5250 τῇ
1285 5183 1469 5251 χάριτι
1500 5180 1924 5250 χειροτονηθεὶς,

327 5278 443 5333 καὶ
471 5275 568 5344 τῆς
600 5275 785 5344 φήμης
816 5273 922 5324 τῶν
957 5272 1222 5340 βασιλέων
1252 5274 1349 5325 καὶ
1376 5275 1468 5325 τοῦ
1497 5273 1714 5342 πρώτου
1741 5275 1929 5343 ἀρχιε-

330 5373 492 5445 ρέως
517 5370 827 5438 γινομένης,
851 5367 1066 5418 ἵσταται
1095 5367 1233 5434 μετὰ
1256 5368 1363 5420 τῶν
1387 5367 1592 5420 λοιπῶν
1615 5367 1928 5419 ἐπισκόπων

330 5463 461 5518 ὑπὸ
486 5465 642 5532 χεῖρα
670 5459 744 5512 ὢν
775 5460 864 5511 καὶ
896 5459 1079 5521 αὐτός.

613 5902 885 5962 ΡΑἰ-ιιοι.
922 5893 1043 5956 Gn.
1106 5889 1269 5954 CLV.

2035 4652 2090 4694 et
2129 4656 2234 4709 qua
2269 4642 2498 4703 ratione,
2527 4641 2570 4693 si
2618 4655 2727 4692 non
2778 4641 2862 4693 est
2915 4639 3225 4709 episcopus.
3269 4637 3409 4692 Sunt
3461 4641 3606 4693 enim

2031 4735 2143 4786 haec
2191 4733 2656 4801 contemplatione
2690 4741 2743 4784 et
2786 4732 3224 4786 consideratione
3266 4735 3426 4800 digna
3468 4748 3481 4783 :
3516 4748 3610 4787 ve-

2030 4841 2150 4878 rum
2205 4839 2327 4892 qua:
2363 4836 2490 4877 sunt
2542 4823 2786 4892 episcopi
2823 4825 3015 4889 paucis
3064 4825 3429 4890 perficiamus.
3479 4822 3611 4880 Post

2033 4930 2250 4968 sacram
2286 4919 2446 4968 istam
2505 4917 2890 4968 salutationem
2946 4915 3418 4984 archiepiscopus,
3452 4932 3614 4969 oscu-

2032 5007 2172 5060 latus
2201 5007 2398 5061 iterum
2428 5021 2636 5059 sacram
2673 5021 2942 5071 mensam,
2985 5005 3037 5058 in
3075 5008 3330 5058 thronum
3360 5020 3612 5060 commu-

2036 5113 2160 5151 nem
2221 5097 2492 5160 ascendit,
2551 5107 2610 5150 ut
2666 5098 2922 5152 Christus
2981 5099 3032 5152 in
3069 5099 3278 5160 caelos;
3317 5099 3610 5156 ordinatus

2036 5206 2255 5260 quoque
2288 5191 2535 5244 eamdem
2570 5192 2850 5244 osculatus
2893 5190 3160 5255 ascendit,
3216 5202 3272 5244 et
3325 5205 3354 5244 a
3403 5192 3613 5245 dextris

2039 5285 2196 5355 primi
2233 5283 2477 5351 episc0pi
2515 5283 2715 5347 adstat,
2758 5292 2919 5352 atque
2963 5293 3021 5336 ut
3073 5299 3197 5335 mox
3253 5295 3614 5338 consecratus

2036 5375 2272 5443 primum
2345 5374 2484 5426 inter
2564 5376 2856 5442 episcopos
2923 5374 3103 5427 locum
3183 5383 3315 5426 tunc
3377 5374 3610 5431 obtinet.

2040 5465 2244 5518 Deinde
2295 5467 2439 5518 facta
2472 5464 2864 5534 imperatorum
2907 5475 2964 5520 et
2998 5466 3160 5535 primi
3208 5465 3612 5535 archiepiscopi

2043 5558 2223 5612 fausta
2273 5557 2706 5625 acclamatione,
2761 5565 2868 5612 stat
2898 5565 2951 5613 et
2992 5558 3109 5628 ipse
3143 5558 3247 5613 sub
3281 5572 3444 5612 manu
3487 5573 3614 5612 cum

2041 5650 2252 5705 caeteris
2295 5649 2594 5721 episcopis.

3148 5877 3221 5938 1h
