4480 6458
348 414 463 476 429

1350 370 1355 373 ἵ
1406 399 1505 462 DE
1534 348 1800 489 sAcms
1842 358 2543 447 onomntoumus.
2598 354 2604 361 ’

3499 376 3607 451 430

351 528 605 600 ρασμοῖς,
651 525 742 587 καὶ
792 484 909 585 ταῖς
969 520 1259 589 ταραχαῖς.
1328 502 1419 569 Ἐν
1466 516 1531 584 τῇ
1585 484 1813 579 Μεγάλῃ
1864 507 1919 558 δὲ
1948 501 1996 559 Δ
2026 499 2120 600 illa.

1864 507 1919 558 8'3
1948 501 1996 559 Δ
2026 499 2113 551 illa
2149 502 2409 562 Cessavit,
2432 493 2497 554 ὀι
2530 502 2581 553 in
2615 496 2965 570 sola'Magna
3033 499 3262 556 ecclesia
3324 504 3605 572 peragitur

351 618 514 686 μόνον
559 616 764 684 γίνεται
807 611 1093 680 ἐκκλησία.
1160 608 1269 661 Καὶ
1317 606 1672 682 προτεθέντος
1729 600 1919 679 θρόνου

351 712 410 761 ὲν
446 702 491 776 ᾧ
537 706 768 773 κάθηται
806 706 834 755 ό
866 702 1318 771 ἀρχιεπίσκοπος,
1356 692 1450 750 καὶ
1500 694 1705 767 ueri-.03
1760 689 1921 759 συνή-

350 803 499 866 θους,
532 801 636 852 ὐπὸ
681 796 873 867 ίερέως
906 795 1074 864 εὐχῆς
1121 793 1413 861 γινομένης
1466 788 1560 840 καὶ
1595 777 1919 854 Τρισαγζου,

345 897 459 948 τῶν
506 874 936 946 ἐπισκοπειανῶν
970 886 1274 956 παρόντων,
1308 887 1402 935 καὶ
1434 876 1923 948 λαμπαδηφορούν-

346 1003 457 1038 των
503 984 779 1044 ἁπάντων,
820 976 1147 1036 κυκλοῦντος
1200 977 1296 1027 καὶ
1339 972 1433 1026 τοῦ
1489 969 1644 1032 λαοῦ,
1683 969 1923 1037 ἐνθρονῐ-

349 1077 505 1141 ζεται
554 1074 703 1142 παρά
732 1089 789 1125 τε
821 1071 916 1124 τοῦ
947 1069 1164 1137 πρώτου
1212 1065 1320 1119 τῶν
1374 1065 1565 1133 ίερέων
1609 1061 1701 1113 καὶ
1740 1060 1923 1109 δευτε-

350 1168 603 1239 ρεύοντος
652 1168 681 1219 ὁ
728 1161 1125 1234 χειροτονηθεὶς
1183 1157 1499 1227 ἀρχιερεὺς,
1560 1154 1680 1222 τρὶς
1737 1152 1795 1202 ἐν
1846 1148 1924 1218 τῷ

349 1259 528 1329 θρόνῳ
575 1259 650 1319 ὡς
701 1255 796 1309 καὶ
842 1255 933 1307 τὸν
995 1252 1340 1322 πατριάρχην
1398 1250 1455 1300 ὲν
1511 1246 1588 1313 τῷ
1645 1241 1922 1311 συνΟρόνῳ

350 1351 745 1421 ἑγκαθιζόντων
794 1348 957 1402 αὐτὸν
988 1345 1096 1398 τῶν
1145 1344 1356 1415 ἱερέων,
1387 1342 1483 1393 καὶ
1534 1334 1923 1404 ὲκφωνούντων

347 1446 412 1499 τὸ
441 1463 460 1496 ι
501 1444 725 1507 Ἀξιος·
764 1460 783 1493 ι
829 1436 947 1493 εἶτα
1004 1437 1321 1505 καθημένου
1367 1430 1555 1497 αὐτοῦ,
1610 1424 1923 1496 εὐφημοῦσι

348 1536 477 1598 τούς
508 1534 755 1596 εὐσεϐεῖς
789 1530 1052 1601 βασιλεῖς,
1078 1527 1172 1581 τὸν
1216 1522 1670 1595 ἀρχιεπίσκοπον,
1700 1518 1795 1571 καὶ
1827 1517 1925 1569 αὐ-

344 1627 443 1680 τὸν
489 1626 581 1677 τὸν
633 1620 1121 1695 χειροτονηθέντα·
1179 1618 1275 1669 καὶ
1338 1614 1513 1675 οὕτως
1570 1609 1922 1664 ἀπολύουσιν.

358 1719 423 1772 ’0
450 1718 508 1771 δέ
547 1732 612 1784 γε
650 1717 779 1775 λαὸς
827 1712 1290 1783 προσερχόμενος,
1322 1707 1460 1760 ἀλλὰ
1501 1705 1565 1775 δὴ
1620 1705 1716 1757 καὶ
1762 1705 1921 1772 ίερω-

351 1812 527 1882 μένοι,
575 1808 909 1871 ἀσπάζονται
961 1805 1062 1872 τὴν
1089 1801 1182 1856 τοῦ
1217 1796 1688 1871 χειροτονηθέντος
1739 1795 1918 1861 χεῖρα,

2030 591 2081 643 in
2113 590 2259 665 hunc
2291 593 2505 645 modum
2539 592 2882 659 :Prazparato
2915 604 2968 646 et
3002 595 3280 661 proposito
3308 598 3506 651 throno
3552 598 3606 665 in

2029 660 2145 745 quo
2188 676 2341 731 sedet
2400 678 2885 747 archiepiscopus,
2944 692 2999 733 et
3058 683 3214 748 peplo
3278 682 3445 736 solito
3503 660 3608 752 ipsi

2030 769 2324 835 adaptato,
2350 769 2606 838 factaque
2636 758 2797 838 prece
2833 788 2861 825 a
2918 774 3260 842 presbytero,
3289 782 3341 827 et
3379 791 3613 844 praesen-

2031 858 2179 914 tibus
2223 860 2592 928 episcoriianis
2624 864 2881 917 omnibus
2923 865 3186 932 trisa‘gimi
3252 866 3607 919 cantantibus

2029 963 2083 1005 et
2110 968 2294 1006 cereos
2329 953 2716 1017 deferentibus,
2769 964 2824 1008 et
2888 957 3257 1009 circunnlmue
3311 960 3464 1023 p'ehe
3522 959 3610 1012 in-

2033 1045 2373 1098 thronizatur
2450 1048 2742 1101 ordinatus
2800 1048 3089 1116 cpiscopus
3162 1062 3190 1101 a
3260 1049 3605 1102 sacerdotum

2033 1139 2229 1206 primo,
2265 1147 2319 1192 et
2351 1153 2415 1193 eo
2446 1141 2537 1207 qui
2577 1151 2702 1210 post
2740 1142 2916 1209 ipsum
2952 1142 3225 1195 secundus
3256 1148 3387 1209 agit,
3417 1153 3606 1207 terque

2033 1248 2060 1284 a
2096 1234 2430 1304 presbyteris
2458 1236 2511 1288 in
2545 1235 2744 1290 throno
2772 1237 3095 1298 collocatur,
3146 1238 3601 1303 cchutnztttliltus,

2037 1344 2055 1377 ‹
2094 1321 2369 1395 Dignus.)
2410 1325 2611 1381 Deinde
2641 1344 2706 1382 eo
2735 1329 2958 1383 sedente
3007 1330 3203 1384 {aristis
3255 1332 3607 1383 acrlamatio-

2032 1417 2216 1478 nibus,
2278 1417 2631 1486 imperatores
2685 1430 3096 1490 prosequuntur
3135 1423 3608 1491 archiepiscopum

2031 1516 2087 1562 et
2121 1511 2297 1578 ipsum
2327 1508 2664 1572 ordinatum,
2696 1521 2748 1564 et
2778 1512 2859 1565 sic
2917 1514 3251 1568 celebratum
3301 1516 3607 1570 dimittunt.

2035 1603 2273 1671 Populus
2297 1616 2477 1658 autem
2514 1604 2807 1667 accedens,
2835 1616 3000 1672 atque
3054 1606 3217 1658 etiam
3279 1607 3464 1660 clerici
3514 1623 3607 1660 sa-

2034 1694 2170 1747 crati
2200 1693 2522 1747 osculantur
2548 1692 2782 1747 ordinati
2815 1709 3061 1757 manum,
3091 1704 3146 1747 et
3204 1694 3604 1748 benedicuntur

2035 1784 2128 1851 qui
2170 1799 2294 1839 cum
2332 1783 2433 1837 ﬁde
2463 1794 2821 1838 concurrunt.
2865 1783 3002 1838 Cum
3030 1785 3176 1838 enim
3204 1784 3277 1838 sit
3303 1799 3495 1840 recens
3524 1799 3609 1839 or-

348 1856 448 1957 ;al.
501 1856 875 1969 εὐλογοῦνται,
925 1856 1067 1966 μετὰ
1124 1856 1359 1954 πίστεως
1410 1856 1741 1960 τρέχοντες·
1778 1890 1925 1939 ἑπει-
1959 1856 2005 1915 Β
2034 1875 2117 1928 diu

1834 1856 1925 1939 ξειέ
1959 1856 2005 1915 Β
2034 1875 2273 1938 dinatus,
2305 1883 2453 1929 totus
2483 1884 2569 1930 est
2602 1888 2864 1947 purgatus
2893 1886 2947 1931 et
2999 1877 3358 1939 illuminatus,
3396 1878 3603 1947 gratia-

345 1998 525 2068 δήπερ
557 1995 748 2048 νεωστὶ
776 1991 1178 2063 χειροτονηθεὶς
1210 1990 1329 2049 ὅλος
1358 1988 1473 2038 ἐστὶ
1508 1981 1923 2050 κεκαθαρμένος

344 2106 409 2142 τε
454 2090 549 2141 καὶ
603 2087 1035 2154 πεφωτισμένος,
1063 2084 1156 2136 καὶ
1196 2082 1272 2150 τῷ
1302 2077 1644 2147 ὲγκαινισμῷ
1693 2078 1725 2144 ἡ
1762 2077 1921 2143 χάρις

350 2179 510 2251 165
548 2179 932 2248 δαψιλέστερον
959 2176 1277 2245 χορηγεῖται
1310 2172 1462 2241 παρὰ
1509 2170 1619 2222 τῶν
1647 2168 1923 2221 λαϐόντων

344 2273 517 2340 αὐτὴν
542 2271 769 2325 ἄνωθεν.
792 2269 923 2322 Τότε
941 2270 999 2322 δὲ
1028 2268 1150 2319 οὐδὲ
1179 2264 1451 2318 κωλύεται
1479 2263 1722 2328 εὐλογεῖν
1756 2259 1923 2325 ἄλλης

345 2363 425 2415 ὣν
459 2363 759 2422 ἐπίσκοπος
794 2360 1003 2419 πόλεως
1027 2401 1040 2423 ,
1078 2356 1200 2410 ἐπεὶ
1251 2356 1313 2408 τὸ
1361 2354 1642 2420 ἐνδόσιμον
1681 2351 1815 2419 ἔχει,
1848 2349 1923 2413 ὡς

345 2454 471 2521 ἄρτι
521 2450 942 2521 χειροτονηθείς.
972 2447 1258 2515 Λαμόάνει
1309 2447 1367 2498 δὲ
1414 2447 1508 2497 καὶ
1551 2445 1643 2496 τὸν
1676 2443 1920 2511 μανδύαν

351 2545 492 2612 μετὰ
542 2544 649 2596 τῶν
697 2540 955 2608 ποταμῶν
986 2540 1061 2599 ὼς
1099 2536 1439 2602 διδάσκαλος,
1479 2534 1594 2596 τοῦ,
1636 2552 1655 2585 ι
1700 2534 1792 2585 Ἐκ
1815 2532 1923 2584 τῶν

348 2632 593 2700 οὐρανῶν
640 2632 803 2695 ἐδέξω
831 2631 929 2701 τὴν
961 2630 1112 2682 θείαν
1160 2629 1345 2698 χάριν,
1396 2646 1412 2678 ι
1451 2626 1748 2693 λεγομένου
1775 2637 1789 2653 ⁸
1839 2624 1923 2675 ὅτι

348 2726 442 2777 καὶ
482 2724 591 2776 ἀπὸ
617 2725 727 2775 τῶν
776 2723 1022 2790 οὐρανῶν
1049 2724 1081 2787 ἡ
1113 2722 1274 2790 χάρις
1302 2721 1432 2789 ἡμῖν
1452 2718 1750 2785 ἐκκέχυται
1774 2732 1787 2747 ⁶
1828 2716 1923 2767 καὶ

347 2819 412 2870 τὸ
470 2817 758 2885 ὲγκόλπιον
813 2816 889 2876 ὡς
950 2816 1131 2867 ἔνθεον
1190 2812 1528 2881 ἀρῤαὸῶναο
1575 2812 1657 2863 ὅτι
1713 2809 1808 2861 καὶ
1863 2808 1924 2860 τὸ

348 2908 646 2976 πρόσωπον
683 2906 837 2974 φέρει
868 2903 1127 2973 Χριστοῦ,
1156 2903 1251 2955 καὶ
1285 2903 1341 2953 ὲν
1388 2898 1610 2970 Χριστῷ
1646 2898 1740 2950 τοῦ
1773 2896 1924 2967 πρώ-

346 3016 445 3051 του
476 2998 778 3067 ἀρχιερέως
800 3012 816 3029 ο
846 2998 936 3048 καὶ
965 2996 1046 3047 ὅτι
1080 2996 1313 3063 νυμφίος
1345 2994 1536 3058 γέγονε
1564 2992 1661 3058 τῆς
1698 2990 1924 3057 Ἐκκλη-

350 3089 473 3152 σίας
530 3073 788 3157 Χριστοῦ,
815 3088 911 3140 καὶ
958 3088 1016 3138 ὲν
1070 3086 1149 3155 τῷ
1182 3083 1361 3153 καιρῷ
1415 3083 1513 3150 τῆς
1564 3081 1924 3151 νυμφεύσεως

350 3182 533 3233 πᾶσαν
585 3181 846 3247 κέκτηται
899 3177 997 3244 τὴν
1047 3176 1231 3229 ἄδειαν
1300 3174 1545 3241 εὐλογεῖν
1599 3190 1656 3223 τε
1710 3174 1806 3223 καὶ
1839 3169 1927 3221 εὖ·
1958 3206 1998 3259 C

351 3274 564 3343 χεσθαι,
593 3272 660 3341 ἢν
689 3271 783 3322 καὶ
828 3271 855 3321 ὁ
895 3268 1122 3337 γνήσιος
1172 3254 1656 3334 αὐτὸς’ὰρχιερεύς
1683 3274 1697 3288 '
1726 3263 1785 3314 οὐ
1820 3262 1929 3330 μὴν

348 3365 407 3417 δὲ
448 3362 795 3431 χειροτονεῖν.
826 3360 932 3411 Καὶ
964 3357 1176 3424 εὐλογεῖ
1206 3355 1260 3408 δὲ
1285 3355 1571 3425 παρρησίᾳ
1602 3353 1721 3405 κατ’
1757 3352 1927 3416 αὐτὴν

353 3455 525 3524 μόνην
555 3452 651 3523 τὴν
678 3450 915 3522 ἡμέραν.

923 3556 1172 3613 ΚΕΦΑΛ.
1216 3555 1357 3613 ΣΙΖ’.

349 3654 518 3708 Atat!
545 3649 955 3721 προπέμπεται
991 3650 1062 3703 ἐν
1118 3649 1195 3716 τῇ
1239 3651 1433 3716 πόλει,
1476 3649 1573 3703 καί
1632 3647 1875 3717 εὐλογεῖ
1896 3649 1929 3700 ό

908 3722 1371 3789 χειροτονηθείς.

424 3816 517 3869 Διὸ
549 3814 643 3868 καὶ
668 3817 806 3885 μετὰ
834 3813 935 3884 τὴν
959 3813 1241 3880 τράπεζαν
1266 3810 1724 3879 ἐπικαθεζόμενος
1752 3812 1925 3879 ἵππῳ,

350 3909 544 3962 κυκλοῖ
600 3906 699 3977 τὴν
736 3905 890 3959 πόλιν
940 3904 1408 3975 δορυφορούμενος
1433 3921 1445 3934 ·
1480 3905 1577 3956 καὶ
1634 3903 1926 3970 σφραγίζει

352 4002 561 4062 πάντας
588 4000 682 4051 καὶ
715 3998 948 4065 εὐλογεῖ,
983 3995 1224 4063 ἁγιάζων
1247 3998 1314 4064 τῇ
1348 3995 1603 4063 σφραγῖδι
1627 3993 1723 4062 τὴν
1749 3993 1924 4058 πόλιν,

350 4096 450 4148 καὶ
476 4093 834 4163 ἐπευχόμενος
856 4079 935 4154 ῶς
971 4092 1155 4150 καινὸς
1201 4089 1442 4156 γεγονὼς
1490 4089 1796 4158 ἀρχιερεὺς,
1829 4089 1929 4152 τῆς

350 4184 800 4252 ἑγκαινισθείσης
830 4182 981 4250 αὐτῷ
1024 4180 1334 4249 μεταδιδοὺς
1363 4180 1513 4242 θείας
1545 4180 1790 4248 χάριτος,
1833 4178 1929 4230 καὶ

352 4276 626 4347 ἁγιασμδν
654 4278 722 4347 τῇ
762 4275 984 4345 εὐλογία
1015 4272 1289 4345 χορηγῶν,

921 4562 1174 4617 ΚΕΦΑΛ.
1239 4560 1388 4616 Σ1Η’.

361 4681 427 4734 τί
457 4682 521 4733 τὸ
548 4676 834 4733 ἀπελθεῖν
857 4678 943 4741 εις
964 4677 1071 4730 τὸν
1092 4674 1360 4739 ,βασιλέα
1387 4674 1481 4726 καί
1512 4674 1803 4737 εὔξασθαι
1823 4672 1930 4726 τὸν

432 4751 645 4803 νεωστί
708 4746 1203 4815 χειροτονηθέντα
1259 4744 1556 4813 ἀρχιερέα,
1623 4747 1720 4798 καί
1769 4744 1930 4808 ὅπως

432 4818 611 4893 τοῦζο
640 4817 876 4884 πρῶτον
901 4817 1156 4884 ἐγίνετο.

430 4907 522 4960 Διὸ
546 4907 608 4976 δὴ
637 4908 729 4958 καὶ
750 4906 825 4967 ὠά
852 4906 990 4973 πρὸς
1016 4905 1149 4957 Θεὸν
1193 4903 1511 4974 παρρησίαν
1541 4904 1677 4971 ἔχων
1724 4904 1821 4956 καὶ
1863 4906 1929 4973 τῇ

358 5000 666 5068 χειροτονὲςι
688 4996 1005 5072 δυνάμενος,
1043 4994 1133 5047 καὶ
1166 4993 1243 5061 τῷ
1280 4993 1489 5061 βασιλεί
1525 4995 1801 5060 πέμπεται
1837 4994 1925 5044 εὐ--

361 5087 585 5154 ξάμενος
610 5085 749 5154 ὑπὲρ
770 5082 957 5145 αὐτοῦ,
1000 5086 1093 5136 καὶ
1119 5082 1234 5151 ἅμα
1260 5083 1335 5144 ὼς
1363 5084 1585 5151 χριστὸς
1618 5084 1822 5149 Κυρίου
1853 5080 1927 5150 τῷ

360 5178 662 5245 Πνεύματι,
709 5176 803 5227 τὸν
844 5175 1063 5244 χριστὸν
1116 5175 1317 5243 Κυρίου
1353 5175 1429 5243 τῷ
1485 5173 1641 5243 μύρῳ
1691 5173 1932 5239 εὐλογῶν

360 5271 461 5323 καὶ
483 5266 744 5337 ἐνισχύων
774 5269 887 5327 ταῖς
919 5267 1128 5334 εὐχαῖς.
1165 5266 1327 5318 Ὅθεν
1363 5268 1455 5319 καὶ
1488 5264 1739 5318 ἀπελθὼν
1775 5263 1932 5332 εὐχε-

360 5378 455 5413 ται
490 5360 557 5412 τὰ
591 5360 723 5427 πρὸς
756 5361 1027 5426 σωτηρίαν
1058 5356 1228 5424 αὐτῷ’
1294 5360 1382 5409 ὅτε
1418 5359 1510 5408 καὶ
1541 5357 1803 5424 πρότερον
1837 5356 1933 5424 μὲν

362 5451 573 5519 εγίνετο
606 5447 867 5516 θεοφιλῶς
914 5463 971 5498 τε
1019 5449 1113 5497 καὶ
1148 5447 1377 5508 δεόντως
1425 5448 1660 5516 ήςαξις,
1703 5448 1780 5498 διδ
1839 5447 1933 5497 καὶ

361 5543 626 5611 ἁνύσιμος
655 5536 721 5610 ἦν
748 5542 782 5609 ἡ
816 5537 909 5591 τοῦ
944 5539 1243 5608 ἀρχιερέως
1278 5539 1411 5608 εὐχή
1446 5554 1459 5567 ·
1489 5539 1583 5591 νῦν
1610 5540 1666 5591 δὲ
1712 5540 1935 5591 τούναν-

359 5638 481 5689 τίον
512 5634 817 5701 γινόμενον,
851 5632 1131 5699 ἄπρακτον
1169 5630 1266 5700 τὴν
1295 5631 1458 5699 εὐχὴν
1509 5632 1825 5699 ἀποφαίνει.
1862 5630 1935 5682 Τὸ

362 5728 592 5796 ἀρχαῖον
609 5726 717 5793 γὰρ
757 5722 880 5783 ἔθος
928 5718 1018 5788 ἦν,
1046 5723 1128 5773 ὃτι
1163 5722 1631 5790 ἁποστελλομένου
1685 5720 1781 5775 τοῦ
1817 5725 1936 5791 ραιο

362 5817 721 5892 φερενδαρίου
754 5816 892 5886 μετὰ
938 5814 1032 5867 τοῦ
1066 5815 1369 5884 ἀρχιερέως
1417 5816 1498 5878 είς
1545 5815 1612 5867 τὰ
1662 5815 1930 5883 βασίλεια,

1874 4544 1890 4558 ’
1959 4547 2010 4606 ι)

2028 1983 2133 2033 que
2166 1969 2217 2018 in
2251 1967 2351 2019 hac
2386 1982 2522 2020 nova
2550 1970 2966 2022 consecratione
2994 1968 3371 2023 abundantius
3418 1969 3487 2022 ab
3537 1969 3604 2024 iis

2030 2055 2405 2123 suppeditatur
2441 2055 2530 2122 qui
2561 2070 2680 2109 eam
2734 2071 2970 2125 superne
3009 2069 3377 2126 acceperunt;
3414 2058 3606 2128 Neque

2029 2146 2192 2200 etiam
2220 2155 2351 2201 tunc
2380 2146 2705 2202 benedicere
2736 2149 3079 2217 prohibetur,
3120 2150 3250 2207 licet
3284 2150 3508 2206 alterius
3535 2153 3609 2206 sit

2032 2234 2184 2288 urbis
2216 2236 2526 2304 cpisc0pus,
2556 2253 2683 2307 eum
2717 2238 2878 2305 hujus
2917 2241 3017 2303 rei,
3056 2250 3115 2295 ut
3150 2256 3341 2295 recens
3375 2242 3607 2295 ordina-

2031 2336 2118 2380 tus
2140 2365 2155 2389 ,
2198 2336 2522 2395 potestatem
2552 2329 2773 2383 habeat.
2806 2330 3021 2400 Accipit
3054 2320 3273 2401 quoque
3317 2334 3608 2402 tnandyam

2030 2417 2144 2471 sive
2179 2419 2400 2487 pallium
2433 2420 2757 2474 undulatum
2793 2421 2935 2476 velut
2962 2424 3175 2490 doctor,
3202 2424 3331 2477 dum
3366 2425 3561 2478 dicitur
3593 2442 3608 2481 :

2037 2530 2056 2563 ι
2090 2511 2165 2566 De
2188 2514 2342 2568 cmlis
2380 2515 2637 2581 accepisti
2674 2514 2911 2569 divinam
2954 2498 3183 2586 gratian't
3212 2536 3225 2584 ;
3260 2526 3279 2570 δ
3334 2519 3461 2587 quia
3489 2535 3612 2588 gra-

2032 2602 2102 2655 tia
2143 2616 2174 2656 e
2204 2603 2358 2658 emlis
2385 2604 2438 2657 in
2468 2619 2564 2656 nos
2595 2604 2764 2658 eﬁusa
2793 2614 2900 2669 est,
2933 2614 2985 2659 et
3013 2622 3108 2675 per
3130 2608 3469 2677 eneolpium,
3491 2611 3610 2666 sive

2032 2708 2128 2760 per
2160 2696 2339 2749 crucis
2374 2696 2619 2763 reliquiis
2639 2696 2875 2763 gravidae
2905 2712 3029 2764 qua:
3084 2698 3226 2751 collo
3280 2702 3610 2768 appenditur

2032 2786 2408 2847 traditionem,
2446 2798 2505 2840 ut
2560 2802 2658 2856 per
2691 2787 2939 2841 divinum
3001 2789 3365 2844 arrhabonem
3412 2792 3612 2846 contir-

2033 2887 2249 2931 matur:
2283 2880 2545 2947 quoniam
2588 2880 2752 2933 etiam
2785 2895 3071 2949 personam
3101 2880 3307 2936 Christi
3352 2883 3610 2949 sustinet,

2031 2977 2085 3022 et
2118 2969 2171 3021 in
2201 2968 2423 3024 Christo
2454 2972 2614 3039 primi
2646 2970 3071 3040 episc0pi.Quia
3105 2972 3342 3041 denique
3374 2989 3610 3043 sponsus

2033 3058 2287 3113 Ecclesia:
2320 3059 2524 3114 Christi
2556 3059 2734 3114 factus
2780 3069 2883 3123 est,
2926 3071 2980 3114 et
3035 3061 3133 3115 hac
3161 3062 3372 3117 ratione
3394 3078 3612 3120 omnem

2036 3147 2198 3201 habet
2232 3157 2553 3215 potestatem
2592 3150 2967 3210 benedicendi,
3018 3158 3072 3204 et
3127 3153 3385 3218 precandi
3445 3169 3609 3223 quam

2034 3255 2329 3309 germanus
2362 3240 2504 3292 illius
2530 3241 2682 3294 urbis
2714 3242 3023 3313 episcopus,
3081 3255 3186 3292 non
3220 3251 3402 3294 tamen
3458 3242 3613 3297 ordi-

2038 3332 2223 3384 nandi.
2258 3330 2541 3385 Benedieit
2575 3340 2755 3386 autem
2792 3332 3009 3401 publice
3033 3341 3086 3386 et
3119 3334 3458 3388 conﬁdenter
3516 3350 3613 3404 per

2037 3424 2182 3475 hunc
2203 3424 2377 3477 solum
2405 3424 2571 3477 diem.

2562 3536 2793 3591 CAPUT
2833 3536 3082 3592 CCXVII.

2037 3626 2213 3691 Quare
2238 3630 2502 3682 ciuitatem
2534 3633 2824 3694 perequitat
2851 3647 3025 3682 recens
3052 3631 3331 3685 ordinatus
3368 3638 3419 3683 et
3447 3627 3609 3684 bene-

2402 3701 2684 3751 dictionem
2718 3702 2945 3767 impertit
2977 3702 3239 3756 omnibus.

2108 3790 2233 3845 Ideo
2265 3802 2551 3860 postquam
2587 3791 2655 3844 ab
2688 3791 2847 3844 altari
2879 3794 3124 3858 recessit,
3160 3807 3303 3868 equo
3364 3792 3611 3848 insidens

2036 3891 2190 3951 gyrat
2223 3883 2408 3934 urbem
2428 3923 2444 3949 ,
2469 3882 2762 3935 satellitum
2791 3890 3127 3935 armatorum
3152 3898 3354 3936 corona
3373 3886 3613 3950 cinctus,

2035 3974 2326 4039 crucisque
2360 3972 2517 4039 signo
2546 3971 2729 4040 signat
2769 3985 2984 4034 omnes,
3042 3980 3098 4024 et
3153 3971 3463 4026 benedicit:
3516 3988 3611 4024 ur-

2037 4063 2157 4117 bem
2212 4078 2431 4131 quoque
2485 4063 2644 4129 signo
2697 4063 2879 4115 crucis
2915 4063 3263 4127 sanctiﬁcat;
3300 4074 3353 4117 et
3420 4076 3610 4129 preces

2038 4153 2245 4205 lat-iens
2272 4164 2327 4203 ut
2358 4167 2531 4204 novus
2564 4152 2743 4205 factus
2782 4153 3079 4219 episcopus
3106 4152 3345 4205 divinam
3384 4152 3611 4222 insuper

2037 4247 2264 4311 gratiam
2307 4258 2413 4313 qua
2462 4259 2554 4310 per
2606 4256 2802 4295 novam
2849 4242 3316 4294 consecrationem
3377 4240 3612 4295 donatus

2035 4346 2142 4398 est,
2168 4336 2555 4397 communicat,
2596 4345 2648 4388 et
2697 4333 3185 4387 sanctiﬁcationem
3231 4332 3613 4387 benedictione

2038 4427 2290 4495 largitur.

2562 4537 2787 4591 CAPUT
2819 4534 3097 4593 CCXVIII.

2036 4658 2212 4724 Quare
2269 4672 2444 4709 recens
2482 4654 2761 4708 ordinatus
2810 4656 3081 4719 episcopus
3136 4651 3243 4703 abit
3278 4650 3612 4724 udimpcra-

2105 4738 2266 4779 torem
2292 4737 2339 4778 et
2373 4742 2465 4793 pro
2488 4741 2545 4777 eo
2580 4738 2842 4786 precatur,
2875 4732 2924 4775 et
2957 4723 3221 4789 quomodo
3266 4722 3361 4774 hoc
3409 4722 3611 4786 pridem

2104 4798 2302 4862 factum
2341 4798 2520 4863 fuerit.

2105 4883 2466 4953 Quapropter,
2501 4890 2558 4934 ut
2608 4880 2751 4949 apud
2787 4880 2955 4935 Deum
2990 4880 3375 4935 conﬁdentiam
3412 4888 3607 4932 couseo

2036 4988 2218 5041 cutus,
2251 4988 2303 5031 et
2338 4976 2685 5029 ordinatione
2716 4991 2813 5028 sua
2852 4984 3069 5043 potens,
3102 4976 3168 5027 ad
3223 4975 3605 5035 imperatorem

2037 5056 2273 5125 mittitur
2304 5069 2418 5137 ipse
2459 5069 2596 5120 bene
2644 5075 2992 5133 precaturus,
3022 5076 3074 5118 et
3133 5065 3300 5119 simul
3356 5076 3415 5117 ut
3447 5065 3581 5145 .cbri

2038 5175 2154 5217 stus
2187 5161 2395 5214 Domini
2432 5177 2525 5228 per
2559 5159 2841 5227 Spiritum,
2868 5158 3130 5209 cIll'ilelllI
3180 5156 3387 5208 Domini
3429 5156 3607 5208 chris-

2036 5265 2180 5308 mate
2234 5255 2435 5307 factum
2490 5252 2781 5310 benedicit.
2841 5261 2893 5303 et
2952 5250 3206 5317 precibus
3264 5249 3605 5301 corroborat.

2041 5348 2195 5405 Unde
2229 5348 2293 5400 ad
2326 5362 2449 5401 eum
2488 5347 2718 5413 accedit,
2764 5354 2816 5398 ct
2862 5360 2983 5413 qnze
3036 5343 3295 5397 salutaria
3347 5350 3494 5404 sunt,
3558 5339 3611 5396 (ἱ

2038 5452 2313 5511 precatur.
2368 5441 2465 5494 Ilic
2515 5441 2649 5493 ordo
2698 5440 2849 5507 prius
2894 5441 3150 5491 decenter
3196 5444 3248 5487 et
3304 5434 3607 5485 ςυνιιιιίιιιιιι

2039 5535 2203 5587 Deum
2240 5542 2484 5586 amanter
2510 5533 2906 5585 observabatur
2931 5546 2945 5595 ;
2980 5530 3103 5581 ideo
3130 5525 3373 5595 episcopi
3428 5527 3610 5576 oratio

2038 5626 2332 5695 plurimum
2365 5634 2482 5677 erat
2509 5624 2656 5676 u:ilis
2679 5632 2731 5676 et
2761 5624 2973 5674 ellieax.
3000 5618 3155 5671 Nune
3205 5632 3333 5668 vero
3393 5624 3611 5666 contra-

2040 5724 2181 5772 rium
2216 5719 2562 5771 observatum
2598 5716 2898 5767 orationem
2936 5712 3111 5765 reddit
3141 5708 3411 5761 inutilem.
3456 5707 3609 5757 Anti-

2039 5814 2224 5883 quitus
2249 5825 2364 5864 mos
2398 5822 2513 5864 erat
2548 5820 2604 5861 ut
2659 5808 2967 5859 mitteretur
2998 5801 3429 5871 referendarius
3490 5814 3610 5852 cum
