4480 6458
1057 403 1157 470 431

1873 403 2262 465 swaoms
2304 390 3065 470 THESSALONICENSIS
3106 407 3466 469 ARCHIEP.

4201 406 4309 475 432

1056 519 1315 588 episcopo
1345 516 1398 570 in
1422 515 1654 570 Caesaris
1686 514 1976 583 palatium,
2040 516 2272 586 piusque
2330 516 2625 584 imperator
2652 531 2701 592 Α
2730 520 2825 571 tm

2542 526 2625 572 tor
2652 531 2701 592 Α
2730 518 2903 571 ἐποίει
2956 521 3300 589 παράστασιν
3339 521 3367 571 6
3401 515 3636 586 εὐσεϐὴς
3673 514 3955 585 βασιλεὺς,
3992 517 4085 569 καὶ
4146 520 4309 587 ὲρχὸ·

1057 612 1345 664 stationem
1380 608 1579 661 faceret
1611 606 1787 661 donec
1822 608 2032 660 veniret
2056 607 2366 675 cpiscopus.
2394 605 2470 661 Eo
2516 608 2619 676 igi-

1058 710 1146 754 tur
1172 700 1461 756 accedente
1496 696 1711 753 dicebat
1736 695 2040 753 diaconus:
2071 715 2089 749 ι
2123 697 2412 751 Dominum
2437 698 2627 768 depre-

1058 806 1298 852 cemur,»
1328 798 1384 842 et
1410 788 1700 857 episcopus
1722 788 2027 841 orationem
2057 786 2287 856 legebat,
2322 797 2627 858 praestoque

1057 889 1173 936 erat
1194 880 1562 943 thuribulum,
1597 888 1653 931 ut
1677 878 1945 933 scribitur
1978 878 2030 931 in
2060 877 2181 931 Vita
2201 878 2372 932 sancti
2402 879 2624 948 Amphi-

1056 972 1244 1028 lochii.
1285 969 1399 1025 Hoc
1430 984 1575 1024 nunc
1599 968 1729 1023 facit
1754 969 2065 1040 patriarcha
2109 967 2299 1037 quinta
2323 968 2410 1022 die
2442 981 2621 1022 nova:

1058 1067 1348 1135 episcOpus
1383 1062 1933 1130 aceeplothuribulo,
1966 1061 2128 1113 thure
2176 1059 2403 1115 incenso
2458 1061 2623 1127 impe-

1056 1169 1291 1211 ratorem
1328 1155 1619 1226 pertimuit,
1652 1164 1853 1208 etcum
1885 1152 2003 1221 ipso
2049 1152 2421 1206 communicat
2481 1152 2623 1205 divi—

1058 1268 1181 1304 nam
1217 1250 1444 1319 gratiam
1476 1257 1530 1302 et
1556 1245 2065 1301 sanctiﬁcationcm.
2092 1244 2403 1299 lnclinante
2458 1252 2624 1314 caput

1056 1346 1408 1412 imperatore,
1443 1350 1501 1391 ut
1523 1336 1857 1407 signiﬁcatur
1885 1335 1936 1388 in
1972 1336 2094 1391 Vita
2150 1334 2325 1388 sancti
2385 1334 2620 1388 Ambro-

1055 1434 1146 1496 sii,
1191 1430 1539 1501 impertiebat
1590 1428 1669 1483 illi
1716 1424 2153 1482 benedictionem
2201 1424 2512 1492 episcopus,
2566 1432 2625 1477 ut

1056 1539 1245 1581 recens
1273 1521 1584 1583 ordinatus,
1622 1528 1676 1573 et
1711 1516 1823 1586 jam
1857 1515 2063 1585 Spiritu
2089 1514 2400 1577 innovatus,
2434 1523 2488 1568 et
2534 1529 2622 1567 va-

1053 1620 1172 1673 lens
1201 1617 1257 1671 in
1288 1614 1511 1670 Christo
1539 1610 1864 1684 benedicere
1921 1614 1976 1661 et
2027 1605 2389 1661 sanctiﬁeare.
2430 1604 2622 1659 Postea

1056 1711 1438 1778 imperatorem
1470 1703 1523 1758 in
1551 1718 1647 1757 ore
1679 1699 2031 1784 Oseulabatur
2065 1706 2284 1768 propter
2326 1711 2445 1751 cam
2502 1710 2622 1765 qua:

1055 1799 1110 1852 in
1159 1796 1380 1850 Christo
1400 1800 1484 1847 est
1517 1805 1728 1862 pacem,
1765 1789 2084 1843 charitatem
2138 1795 2192 1841 et
2237 1789 2624 1841 sanctiﬁcatio-

2733 626 2891 679 μενος
2924 611 2951 662 6
2999 611 3311 680 ἀρχιερεὺς,
3366 608 3464 663 τοῦ
3512 610 3761 663 διακόνου
3821 608 4095 676 λέγοντος.
4138 628 4158 660 ι
4198 608 4309 663 Τοῦ

2728 702 2934 772 Κυρίου
2951 702 3254 772 δεηθῶμεν,
3288 721 3307 755 δ
3348 702 3689 769 ἀνεγίνωσκε
3732 702 3833 769 τὴν
3865 701 4053 771 εὐχὴν,
4080 702 4180 783 καὶ
4217 701 4308 752 δν-

2725 810 2817 856 τος
2845 793 3132 862 θυμιατοῦ,
3164 795 3239 853 ὡς
3273 794 3367 847 καὶ
3392 795 3449 846 ὲν
3484 792 3562 863 τῷ
3591 792 3692 861 βίῳ
3722 792 3816 846 τοῦ
3848 793 3994 845 θείου
4045 792 4309 860 Ἀμφιλο-

2726 886 2847 953 χίου
2871 887 3201 955 γέγραπται,
3227 884 3385 937 τοῦτο
3410 883 3467 937 δὲ
3498 880 3593 935 νῦν
3631 884 3659 935 6
3698 883 4047 952 πατριάρχης
4090 883 4159 953 τῇ
4211 883 4310 948 νέᾳ

2726 976 2959 1046 Πέμπτῃ
2992 975 3158 1037 ποιεῖ,
3204 974 3502 1044 λαμϐάνων
3532 974 3562 1026 6
3590 974 3883 1043 ἀρχιερεὺς
3924 974 3985 1025 τὸ
4012 972 4303 1042 θυμιατὸν,

2726 1064 2927 1134 ἰθυμία
2955 1066 3048 1119 τὸν
3084 1064 3331 1133 βασιλέα,
3375 1062 3691 1132 μεταδιδοὺς
3718 1062 3867 1130 αὐτῷ
3900 1060 4050 1121 θείας
4077 1062 4309 1131 χάριτες

2725 1158 2821 1212 καὶ
2852 1157 3156 1227 ἁγιασμοῦ,
3192 1158 3289 1209 καὶ
3338 1155 3722 1215 ὐποκλίνοντος
3752 1149 3860 1206 τοῦ’
3894 1153 4180 1229 βασιλέως,
4210 1154 4309 1218 τὴν

2726 1249 2987 1318 κεφαλὴν,
3035 1247 3112 1311 ὡς
3169 1249 3263 1301 καὶ
3314 1247 3373 1299 ὲν
3401 1246 3479 1313 τῷ
3532 1245 3634 1314 βίῳ
3681 1244 3778 1297 τοῦ
3843 1244 3999 1311 ἁγίου
4047 1241 4310 1309 δηλοῦται

2738 1338 3087 1408 Ἀμϐροσία),
3123 1337 3295 1390 ἐδίδου
3349 1336 3603 1403 εὐλογίαν
3630 1334 3781 1402 αὐτῷ
3812 1334 3840 1386 6
3887 1334 4204 1403 ἀρχιερεὺς,
4235 1331 4310 1391 ὡς

2725 1429 2922 1481 νεωστὶ
2946 1426 3344 1497 χειροτονηθεὶς
3381 1426 3473 1479 καὶ
3499 1424 3868 1493 ἑγκαινισθεὶς
3894 1424 3993 1494 ἤδη
4017 1423 4097 1491 τῷ
4134 1422 4308 1475 Πνεύ·

2728 1536 2881 1588 ματι,
2918 1518 3010 1571 καὶ
3039 1518 3313 1587 ίσχύωνὲν
3338 1516 3563 1585 Χριστῷ
3595 1518 3821 1586 είρήνην
3876 1532 3935 1568 τε
3958 1518 4052 1566 καὶ
4081 1515 4310 1583 ἀγάπην

2726 1611 2933 1663 καὶτὸν
2964 1610 3238 1677 ἁγιασμόν
3262 1622 3277 1638 ⁶
3312 1610 3470 1676 ἅγιος
3514 1609 3623 1676 γὰρ
3653 1611 3720 1676 τῇ
3769 1606 4021 1661 κοινωνία
4056 1606 4169 1658 τῶν
4205 1622 4311 1672 μυο

2727 1697 2965 1765 στηρίων
2998 1698 3093 1751 καὶ
3118 1698 3185 1766 τῇ
3231 1694 3539 1766 χειροτονίᾳ
3589 1698 3617 1748 6
3646 1696 3963 1765 ἀρχιερεύς.
4020 1694 4189 1747 Ἀλλὰ
4213 1696 4306 1746 καὶ

2724 1789 2799 1853 ὼς
2819 1789 3102 1842 κοινωνίαν
3123 1788 3259 1858 μετὰ
3278 1788 3372 1841 τοῦ
3396 1787 3660 1857 βασιλέως
3690 1788 3829 1857 ἔχων
3856 1790 3921 1858 τῇ
3940 1784 4254 1857 χειροτονία
4284 1788 4310 1837 6

1054 1901 1202 1943 nem.
1232 1884 1465 1939 Sanctus
1497 1858 1643 1936 enim
1674 1876 1754 1935 est
1786 1879 2079 1950 episcopus
2144 1892 2252 1932 non
2304 1878 2467 1935 modo
2513 1893 2631 1951 tny-
2661 1858 2711 1920 Β
2738 1884 2823 1949 ἀρ]

2537 1893 2631 1951 ny-
2661 1858 2711 1920 Β
2738 1881 3025 1950 ἀρχιερεὺς
3045 1879 3202 1933 τοῦτο
3227 1880 3422 1932 ἐποίει·
3441 1881 3523 1933 ὅτι
3546 1882 3573 1933 6
3604 1879 3702 1948 μὲν
3726 1878 3804 1947 τῷ
3832 1878 4097 1949 χρίσματι
4128 1879 4306 1944 ἅγιος,

1057 1978 1349 2031 steriorum
1368 1972 1754 2029 communione
1776 1980 1831 2025 et
1864 1970 2232 2034 ordinatione,
2255 1978 2443 2023 verum
2460 1970 2623 2024 etiam

1057 2068 1161 2122 hoc
1187 2067 1316 2120 facit
1350 2075 1409 2119 ut
1435 2063 1644 2119 habens
1674 2062 2019 2118 ordinatione
2051 2077 2148 2117 sua
2204 2075 2328 2116 cum
2378 2062 2620 2132 impera-

1056 2169 1175 2214 tore
1223 2157 1685 2210 communionem.
1747 2153 1883 2207 Nam
1959 2153 2254 2223 religiosus
2327 2154 2623 2223 imperator

1056 2248 1355 2305 chrismate
1428 2245 1645 2316 quidem
1706 2253 1927 2299 sanctus
1990 2254 2092 2308 est,
2145 2245 2436 2312 cpiscopus
2492 2258 2621 2297 vero

1054 2341 1418 2398 ordinatione.
1446 2336 1574 2391 Post
1601 2336 1848 2389 osculum
1875 2335 2175 2389 honorabat
2205 2338 2499 2403 episcopus
2539 2335 2624 2388 in-

1057 2431 1354 2485 clinatione
1376 2426 1570 2495 capitis
1610 2426 1992 2494 imperatorem
2018 2432 2239 2493 propter
2282 2426 2618 2478 mundanam

1057 2528 1403 2590 potestatem,
1432 2527 1484 2572 et
1513 2516 1851 2572 discedebat.
1880 2514 2031 2568 Multi
2086 2515 2459 2585 religiosorum
2519 2515 2622 2567 im-

1056 2622 1368 2684 peratorum
1394 2627 1515 2667 eum
1541 2611 1860 2665 muneribus
1893 2608 2192 2675 donabant,
2230 2617 2292 2661 ut
2330 2624 2429 2678 pro
2487 2608 2622 2678 ipsis

1057 2717 1360 2777 precatum,
1393 2715 1447 2759 et
1471 2704 1767 2757 honoriﬁce
1793 2701 2157 2763 dimittebant.
2196 2713 2255 2755 ut
2306 2701 2614 2757 sanctiﬁca-

1061 2811 1196 2857 tum.
1230 2801 1321 2853 Sic
1360 2812 1589 2866 magnus
1613 2796 2011 2851 Constantinus
2043 2808 2151 2850 non
2189 2795 2348 2847 modo
2374 2794 2618 2847 divinum

2723 1974 2841 2044 ἦτοι
2888 1976 2916 2027 6
2967 1975 3194 2043 εὐσεξὴς
3251 1973 3524 2043 βασιλεὺς,
3587 1977 3615 2027 6
3649 1974 3707 2027 δέ
3733 1990 3797 2042 γε
3824 1974 4122 2043 ἀρχιερεὺς
4154 1971 4311 2039 ἅγιος

2719 2067 2786 2133 τῇ
2809 2065 3130 2135 χειροτονίᾳ.
3199 2066 3350 2119 Μετὰ
3385 2066 3442 2119 δὲ
3465 2066 3556 2119 τὸν
3634 2066 3927 2135 ἀσπασμδν
3982 2056 4313 2134 τροᾰκυνῶν

2721 2158 2785 2224 τῇ
2816 2154 3029 2225 κεφαλῇ
3061 2155 3151 2208 τὸν
3193 2154 3417 2224 βασιλέα
3450 2156 3537 2210 διὰ
3569 2156 3671 2227 τὴν
3727 2156 4002 2225 κοσμικὴν
4033 2153 4313 2218 ἐξουσίαν.

2719 2246 3001 2316 ἀπήρχετο
3025 2248 3053 2299 6
3089 2248 3402 2317 ἀρχιερεύς.
3437 2248 3627 2301 Πολλοὶ
3661 2246 3718 2301 δὲ
3746 2248 3853 2301 τῶν
3887 2246 4128 2299 εὐσεϐῶν
4160 2245 4315 2315 βασι-

2729 2334 2868 2389 λέων
2898 2337 2993 2390 καὶ⁸
3010 2337 3308 2409 ἐδωροῦντο
3327 2337 3501 2408 τούτῳ
3524 2339 3598 2403 ὡς
3618 2338 3905 2409 εὐξαμένῳ
3938 2338 4079 2406 ὐπὲρ
4102 2335 4312 2398 αὐτῶν»

2727 2431 2822 2484 καὶ
2855 2433 3213 2502 προέπεμπον
3257 2434 3333 2496 ὡς
3382 2435 3739 2505 ἡγιασμένον,
3780 2434 3854 2498 ὡς
3885 2436 3979 2488 καὶ
4008 2438 4309 2487 Κωνσταν-

2728 2525 2871 2585 τίνος
2896 2523 2924 2574 6
2953 2524 3165 2590 Μέγας,
3198 2523 3257 2576 οὐ
3287 2524 3378 2577 τὸν
3407 2525 3547 2579 Θείον
3590 2526 3914 2594 Σίλὸεστρον
3947 2526 4129 2593 μόνον,
4166 2524 4312 2577 ἀλλὰ

2737 2614 2833 2665 καὶ
2866 2615 2993 2676 τοὺς
3029 2616 3085 2666 ὲν
3140 2618 3210 2685 τῇ
3261 2615 3466 2683 συνόδῳ
3501 2617 3710 2680 πάντας
3740 2617 3927 2685 σχεδὸν
3958 2616 4315 2685 προπέμπων

2729 2703 2924 2766 αὐτοὺς
2965 2707 3061 2759 καὶ
3103 2706 3279 2773 τιμῶν
3335 2708 3429 2758 καὶ
3476 2705 3815 2777 δωρούμενος
3843 2707 4189 2775 καθεωρᾶτο,
4221 2708 4314 2758 καὶ

2729 2795 2796 2846 τὰ
2823 2793 2914 2847 διὰ
2969 2796 3208 2864 Χριστὸν
3241 2796 3484 2849 παθόντα
3518 2798 3672 2867 τίμια
3702 2797 3907 2851 τοῦτων
3945 2799 4083 2867 μέλη
4115 2798 4315 2866 τιμῶν.

1058 2895 1417 2966 Sylvestrum,
1444 2891 1537 2944 sed
1564 2890 1723 2942 etiam
1754 2890 2040 2958 episcopos
2073 2902 2241 2955 prope
2289 2901 2479 2941 omnes
2526 2886 2618 2954 qui
2657 2894 2817 2945 erant
2852 2886 2909 2939 in
2946 2887 3155 2957 synodo
3184 2888 3484 2945 honoriﬁce
3549 2890 3917 2945 comitabatur
3957 2901 4010 2945 et
4074 2892 4317 2947 deduce-

1057 2990 1169 3053 bat,
1210 2998 1262 3042 et
1320 2985 1763 3056 conspiciebatur
1818 2983 2200 3052 largitionibus
2263 2996 2358 3035 eos
2460 2997 2819 3051 prosequens,
2871 2991 2927 3037 et
3013 2986 3257 3040 membra
3306 2999 3498 3040 eorum
3546 2986 3641 3056 qui
3721 2996 3947 3057 propter
4030 2988 4316 3044 Christum

1057 3083 1203 3152 passi
1258 3081 1506 3144 iuuant,
1565 3087 1622 3132 ut
1654 3076 2093 3146 caeterismagis
2155 3074 2416 3145 pretiosa,
2447 3079 2741 3130 honorans.

1599 3194 1828 3250 CAPUT
1858 3196 2085 3252 CCXIX.

1059 3290 1212 3355 Quod
1237 3289 1545 3356 episwpalis
1588 3289 1821 3355 dignitas
1848 3303 1948 3341 non
1982 3291 2057 3340 ita
2084 3300 2136 3340 ut
2164 3291 2309 3357 prius
2334 3290 2629 3342 honoratur

1295 3377 1325 3409 α
1366 3358 1591 3427 regibus,
1644 3358 1779 3409 unde
1814 3360 1894 3409 ira
1927 3358 2019 3410 Dei
2048 3370 2385 3425 provocatur.

1135 3536 1293 3591 Nunc
1317 3544 1492 3589 autem
1530 3533 1585 3587 ﬁt
1612 3534 1837 3586 omnino
1868 3533 2225 3588 comrarium.
2268 3532 2629 3602 Exspectatur

1061 3630 1280 3698 quidem
1306 3620 1615 3696 episcopus,
1652 3626 1819 3689 venit,
1856 3634 2139 3692 precatur;
2198 3625 2400 3680 null‘us
2448 3635 2627 3679 tamen

1062 3719 1287 3773 honoris
1321 3725 1544 3786 propter
1571 3716 1850 3768 Christum
1909 3714 2108 3782 dignus
2169 3713 2470 3781 iudicatur,
2532 3714 2624 3768 sed

1062 3812 1242 3881 potius
1268 3809 1653 3871 dedccoratur,
1690 3816 1742 3859 et
1799 3822 1863 3860 eo
1894 3806 1986 3874 qui
2046 3806 2391 3861 benedicitur
2455 3806 2629 3861 multo

1064 3905 1243 3956 minor
1272 3900 1525 3961 habetur,
1558 3908 1611 3953 et
1644 3899 1790 3951 illius
1831 3896 2139 3951 secundum
2170 3898 2484 3950 servitutem
2529 3898 2631 3949 mi-

1065 3996 1232 4049 nister
1264 3990 1558 4046 lectoribus
1588 3990 1765 4055 vilior,
1800 3990 1892 4057 qui
1929 3987 2018 4042 die
2071 3988 2266 4056 quinto
2312 4002 2453 4040 novo
2504 4002 2628 4041 cum

1061 4084 1367 4153 patriarcha
1393 4092 1443 4136 et
1475 4081 1687 4135 caeteris
1739 4078 1958 4132 clericis
2003 4078 2351 4144 imperatoris
2409 4092 2628 4131 manum

1059 4189 1336 4243 genasque
1364 4173 1705 4226 osculantur.
1739 4171 2016 4224 Accedens
2047 4171 2189 4224 enim
2226 4185 2412 4225 coram
2455 4171 2627 4241 impe-

1066 4275 1247 4331 ratore
1272 4278 1392 4319 sese
1431 4263 1753 4331 prosternit,
1781 4272 1833 4317 et
1868 4270 2119 4331 precatus
2172 4261 2321 4317 illius
2350 4262 2628 4317 dexteram

1063 4360 1360 4412 osculatur.

1617 4553 1845 4609 CAPUT
1885 4552 2089 4606 CCXX.

1061 4670 1214 4735 Quod
1248 4670 1516 4723 canonicis
1547 4668 2021 4721 constitutionibus
2054 4668 2331 4719 adversum
2362 4675 2458 4728 est,
2509 4666 2622 4732 cpi-

1128 4755 1306 4807 scapos
1328 4742 1564 4792 dextrum
1592 4740 1724 4806 regis
1755 4736 2011 4797 osculari,
2030 4749 2074 4788 et
2098 4736 2370 4807 episcopos
2396 4751 2457 4787 ac
2486 4752 2626 4802 priv-

1125 4805 1323 4878 positos
1355 4827 1385 4861 a
1423 4826 1538 4877 rege
1573 4805 1844 4875 transponi
1871 4809 1924 4857 in
1951 4810 2061 4858 alia
2089 4805 2227 4857 locu.

1130 4983 1415 5049 Quomodo
1476 4984 1567 5051 qui
1602 4993 1856 5052 precatus
1884 4998 1968 5037 est
2002 4983 2103 5036 hoc
2161 4981 2321 5037 facit?
2345 4984 2622 5049 Quamob-

1063 5091 1176 5130 rcm
1218 5076 1513 5143 imperator
1540 5073 1842 5127 sacerdotis
1873 5088 2092 5125 manum
2136 5076 2444 5137 osculatur,
2480 5077 2627 5130 ordi-

1065 5174 1227 5219 natus
1258 5180 1383 5218 vero
1413 5167 1696 5233 episcopus
1733 5171 1858 5230 post
1884 5165 2195 5220 orationem
2247 5166 2486 5219 habitam
2524 5168 2627 5221 im-

1066 5256 1331 5325 peratoris
1369 5254 1763 5309 manumilloc
1796 5254 1852 5308 ﬁt
1906 5258 2059 5324 plane
2111 5266 2308 5324 praeter
2359 5258 2625 5312 rationem

1066 5360 1118 5399 et
1148 5348 1632 5412 inconsequenter.
1656 5344 1789 5399 Vide
1825 5362 1951 5400 vero
1984 5358 2249 5415 quantum
2284 5358 2338 5401 et
2367 5350 2527 5418 quale
2559 5352 2630 5403 sit

1064 5437 1113 5487 id
1134 5437 1281 5505 quod
1305 5439 1380 5489 ﬁt.
1401 5435 1784 5490 Sanctiﬁcatus
1804 5434 2031 5504 Spiritu,
2051 5446 2404 5491 consecratus
2422 5441 2629 5506 episco-

1069 5525 1295 5593 pus,qui
1330 5539 1546 5576 manum
1575 5523 1734 5576 habet.
1760 5526 2179 5587 sanctilicatam,
2208 5527 2278 5579 ita
2309 5534 2366 5579 ut
2386 5529 2555 5595 possit
2578 5536 2631 5580 et

1067 5616 1342 5679 ordinare,
1359 5624 1411 5667 et
1432 5614 1771 5678 benedicere,
1796 5622 1851 5667 et
1883 5630 2045 5668 cruce
2069 5617 2285 5683 signare
2315 5618 2464 5671 viros
2492 5620 2628 5686 pios,

1063 5706 1179 5774 ip~c
1227 5704 1479 5758 manibus
1511 5704 1726 5771 ligatur.
1744 5688 1949 5758 Manus
1972 5720 2098 5759 vero
2119 5708 2181 5759 ad
2206 5708 2628 5761 lnrnedicetnlum

1066 5813 1170 5851 non
1202 5804 1567 5863 consecratas,
1604 5796 1695 5851 sed
1731 5796 2033 5851 mundanas
2056 5807 2105 5852 et
2132 5797 2440 5863 bellicosas,
2477 5800 2632 5855 labiis

2650 3185 2700 3248 C

3188 3202 3347 3272 165
3393 3201 3643 3256 KEMA.
3696 3203 3839 3256 Σιθι.

2733 3290 2863 3366 Ὀζι
2907 3293 2985 3366 οὑξ
3012 3289 3244 3366 equitat
3283 3294 3399 3366 νῦν
3450 3295 3489 3360 ἡ
3541 3295 3955 3366 ἀρχιερωσύνη
4001 3299 4166 3366 παρὰ
4200 3300 4320 3353 τῶν

2794 3360 3111 3482 ,ἕαὲηλέων
3140 3363 3220 3428 ὡς
3256 3360 3586 3431 updrspor‘
3619 3360 3731 3416 ’διὰ
3782 3360 3959 3419 τοῦτὸ
4019 3360 4317 3436 ὀργἰζεται

2851 3447 2879 3482 ε
2921 3452 2972 3482 c.

2921 3452 2972 3495 ς-

2799 3539 2912 3592 Νὗν
2944 3540 2999 3592 δὲ
3030 3542 3342 3595 τούναντίον
3375 3546 3586 3609 γίνεται
3616 3544 3797 3599 ἅπαν·
3830 3549 3923 3602 καὶ
3951 3551 3985 3617 ἡ
4030 3554 4320 3619 παράστα-

2733 3648 2815 3694 σις
2846 3632 2945 3701 μὲν
2964 3631 3220 3697 τελεῖται,
3251 3635 3345 3686 καὶ
3372 3636 3398 3686 ὀ
3428 3636 3718 3705 ἀρχιερεὺς
3741 3638 4037 3707 ἐρχόμενος
4064 3641 4316 3711 εὔχεταιο

2730 3722 2790 3775 οὐ
2826 3723 2992 3792 τιμῆς
3021 3724 3077 3775 δέ
3105 3740 3250 3787 τινος
3278 3726 3366 3778 διὰ
3393 3726 3631 3795 Χριστὸν
3658 3728 3926 3793 ἀξιοῦται.
3956 3730 4075 3785 ἀλλ’
4112 3736 4320 3800 ἀτιμά-

2731 3813 2885 3877 ζεται
2912 3814 3135 3882 μᾶλλον,
3167 3815 3264 3868 καὶ
3296 3816 3370 3877 ὼς
3401 3818 3642 3871 ἐλάττων
3682 3820 3824 3872 κατὰ
3855 3822 3989 3874 πολὺ
4031 3823 4317 3879 δείκνυται

2730 3902 2827 3955 τοῦ
2852 3904 3263 3974 εὐλογηθέντος,
3295 3908 3390 3959 καὶ
3423 3909 3565 3962 κατᾶ
3594 3909 3840 3964 δουλείαν
3874 3914 4182 3984 ὑπηρέτης,
4221 3919 4318 3969 καὶ

2728 3996 2838 4048 τῶν
2876 3997 3241 4065 ἀναγνωστῶν
3276 3999 3680 4070 εὐτελέστερος,
3727 4002 3835 4055 τῶν
3876 4008 4019 4057 κατὰ
4051 4010 4157 4073 τὴν
4187 4010 4316 4060 νέαν

2731 4088 2993 4159 Πέμπτην
3024 4090 3427 4160 ἀσπαζομένων
3459 4093 3549 4145 τὸν
3575 4093 3797 4162 βασιλέα
3822 4096 3900 4156 εἰς
3940 4113 3999 4147 τε
4028 4098 4133 4167 τὴν
4153 4102 4316 4169 χείρα

2731 4178 2825 4230 καὶ
2857 4178 2956 4245 τὴν
2984 4181 3218 4249 παρειὰν
3256 4182 3394 4249 μετὰ
3445 4182 3555 4235 τῶν
3606 4183 3884 4254 κληρικῶν
3935 4188 4164 4241 καὶτοῦ
4214 4207 4319 4242 πα-

2731 4269 3014 4339 τριάρχου.
3066 4270 3389 4340 Προσελθὼν
3442 4274 3547 4341 γὰρ
3597 4276 3675 4345 τῷ
3730 4275 3945 4344 βασιλεῖ
3990 4284 4314 4346 προσκυνεῖ,

2732 4359 2825 4412 καὶ
2853 4358 2951 4428 τὴν
2976 4360 3143 4414 αὐτοῦ
3178 4360 3271 4414 τοῦ
3301 4362 3566 4430 βασιλέως
3597 4366 3909 4430 ἁσπάζεται
3955 4373 4121 4439 χεῖρα
4172 4372 4316 4430 μετᾶ

2731 4449 2791 4501 τὸ
2835 4449 3116 4514 εὐξασθαι.
3898 4450 3906 4458 ’

3310 4566 3560 4620 ΚΕΦΑΛ.
3612 4569 3738 4622 ΣΚ’.

2736 4674 2956 4753 Ὀτιξὺ
2979 4674 3351 4754 ἁσπᾴζεᾳθαι
3373 4681 3667 4754 ἀρχιερεῖς
3704 4682 3819 4754 τὴν
3852 4684 3961 4754 τοῦ
3996 4685 4315 4754 ,ϐασιλέως

2803 4746 2973 4824 χεῖρα
2990 4748 3147 4824 παρὰ
3174 4747 3290 4824 τὴν
3314 4746 3647 4824 κανοὸςιᾶιλὴν
3680 4746 3876 4824 τάξιν·
3912 4746 4009 4805 uiti
4046 4756 4116 4808 τὸ
4133 4746 4314 4824 nera;

2805 4814 3380 4889 (Zéa'etgt‘mmtdxwr
3402 4818 3501 4872 και
3544 4814 3895 4889 ἡγουμένων
3950 4814 4155 4877 atomis:
4205 4830 4314 4881 τὸν

2797 4882 3075 4945 βασιλέα.

2805 4995 2914 5048 Καὶ
2971 4997 3087 5060 πῶς
3141 5000 3168 5050 6
3218 5000 3509 5069 εὐχόμενος
3557 5001 3717 5055 τοῦτο
3769 5006 3945 5073 noset;
4001 5007 4117 5060 Καὶ
4166 5008 4311 5062 διατί

2733 5082 3108 5153 πρεσϐυτέρου
3145 5088 3244 5155 μὲν
3293 5088 3389 5151 τὰς
3435 5092 3623 5158 χεῖρας
3657 5092 3966 5156 ἀσπάζεται
4027 5097 4307 5165 βασιλεὺς,

2732 5172 3021 5244 ἀρχιερεὺς
3056 5175 3109 5228 δὲ
3142 5181 3545 5247 χειροτονηθεὶς
3570 5184 3661 5233 καὶ
3684 5185 3998 5253 εὐχόμενος,
4020 5188 4124 5255 τὴν
4158 5193 4317 5257 χεῖρα

2733 5262 2827 5313 τοῦ
2864 5262 3123 5331 βασιλέως
3152 5282 3165 5331 ;
3196 5267 3366 5320 Τοῦτο
3393 5271 3544 5340 παρὰ
3579 5274 3759 5325 πᾶσαν
3809 5275 4138 5328 ἀκολουθίαν
4173 5281 4313 5333 ἐστί.

2738 5354 2845 5403 Καὶ
2874 5354 2974 5423 ὅρα
3002 5355 3061 5406 τὸ
3095 5360 3379 5425 γινόμενον
3413 5361 3631 5415 ὃσον.”0
3663 5365 3999 5434 ήγιασμένος
4032 5368 4108 5435 τῷ
4143 5371 4315 5424 llus)-

2740 5458 2894 5510 ματι,
2926 5445 2953 5495 6
2985 5446 3339 5514 καθιερωοεὶς
3382 5452 3691 5519 ἀρχιερεὺς,
3746 5455 3774 5506 6
3804 5456 3900 5523 τὴν
3956 5460 4119 5525 χεῖρα
4154 5460 4318 5527 ἁγια-

2739 5532 2908 5593 σοεῒς,
2938 5532 3079 5586 ὥστε
3132 5543 3462 5605 χειροτονεῖν
3484 5540 3747 5597 δύνασθαι
3795 5548 3888 5597 καὶ
3942 5547 4191 5613 εὐλογεῖν
4222 5554 4317 5603 καὶ

2740 5621 3066 5688 σφραγίζειν
3103 5627 3226 5685 τοὺς
3257 5626 3522 5693 εὐσεὸεῑς,
3555 5632 3713 5692 αὐτὸς
3748 5633 3940 5702 δεσμεῖ
3973 5638 4069 5696 τὰς
4097 5642 4312 5705 χεῖρας,

2739 5717 2835 5768 καὶ
2864 5719 2962 5780 τὰς
2988 5721 3061 5793 μὴ
3097 5723 3503 5793 καθιερωμένοις
3529 5729 3608 5789 είς
3631 5727 3689 5781 τὸ
3721 5728 3982 5794 εὐλογεῖν,
4014 5726 4156 5780 ὀλλά
4188 5744 4316 5780 κυσ-

2744 5804 2908 5872 μικέις
2934 5809 3027 5860 καὶ
3061 5815 3429 5879 στρατηγικὰς
3465 5817 3675 5880 χεῖρας,
3712 5817 4019 5879 ἀσπάζεται
4048 5814 4315 5869 ἅυλικῶ(
