4480 6458
359 400 466 465 ιθθ

1424 374 1523 469 De
1555 406 1825 469 sacms
1860 410 2544 481 ORDINATIONIBUS.

3496 426 3599 498 434

350 519 588 588 χείλεσιν
611 518 773 587 ἱεροῖς
803 518 895 572 καὶ
920 520 1293 589 ἡγιασμένοις,
1314 519 1440 592 χθὲς
1469 521 1568 590 ἤδη
1599 520 1693 572 καὶ
1724 521 1844 575 καθ’
1869 523 1927 584 ἡ·
1955 525 1996 581 Α
2031 539 2119 579 sac

1831 521 1844 541 ’
1869 523 1927 584 ἡ·
1955 525 1996 581 Α
2031 524 2203 580 sacris
2236 540 2287 582 et
2333 503 2708 598 sanctiﬁcatis,
2743 547 2863 604 qua
2889 534 2997 605 jam
3036 531 3150 589 heri
3177 543 3229 588 et
3272 551 3598 605 unoquoque

355 609 532 679 μόραν
562 612 624 680 τῇ
663 612 864 679 φρικτῇ
902 610 1278 681 προσψαύουσι
1312 604 1588 681 κοινωνεᾳ.
1634 611 1793 664 Ἀλλὰ
1832 611 1924 665 καὶ

351 702 666 772 καθημένου
692 703 782 755 τοῦ
815 702 1081 773 βασιλέως
1126 707 1480 775 παρίσταται.
1531 706 1714 758 Ταῦτα
1747 708 1793 758 εἰ
1826 706 1924 773 μὲν

356 792 572 861 ἰδιώτης
602 790 669 865 ἦν
696 795 826 846 ἔδει·
862 795 984 847 ἐπεὶ
1024 797 1135 861 καὶ,
1188 816 1205 847 ι
1238 797 1594 867 τὸνβασιλέα
1647 801 1863 866 τιμᾶτε,
1899 816 1916 848 ι

352 884 520 955 φησὶν
546 886 573 937 ό
643 886 963 949 Ἀπόστολος
988 904 1000 918 ο
1054 890 1101 940 εἰ
1147 884 1203 941 δὲ
1233 887 1471 958 Χριστοῦ
1504 889 1793 958 ἀρχιερεὺς
1830 890 1924 941 καὶ

350 978 444 1031 τὸν
474 978 640 1031 τόπον
671 978 764 1031 τοῦ
789 979 1026 1048 Χριστοῦ
1061 982 1424 1051 κεκτημένος,
1459 982 1521 1033 ού
1549 982 1629 1034 δεῖ
1672 981 1812 1033 οὕτω
1836 982 1921 1049 γε·

351 1070 562 1122 νεσθαι⁶
588 1074 667 1128 εις
700 1072 935 1140 Χριστζν
965 1073 1072 1140 γὰρ
1111 1074 1397 1143 ἀνατρέχει
1431 1076 1463 1143 ὴ
1500 1074 1691 1143 ἀτιμία
1713 1092 1725 1103 ο
1754 1075 1835 1126 ὅτι
1862 1076 1922 1127 ού

348 1163 460 1214 τῶν
505 1163 712 1215 πολλῶν
736 1142 815 1224 εἷς
847 1166 1013 1226 ἐστιν,
1059 1161 1328 1218 ἁλ>ὰ’τῶν
1379 1167 1794 1234 ἀφιερωμένων,
1829 1167 1923 1218 καὶ

346 1255 461 1307 τῶν
490 1260 588 1322 τὴν
618 1256 983 1327 ἀποστολικὴν
1014 1258 1433 1327 πῖουτησάντων
1468 1257 1719 1325 δύναμιν.
1763 1260 1923 1312 Ἀλλὰ

349 1342 548 1400 ταῦτα,
574 1344 632 1396 ού
665 1343 921 1396 τοσοῦτον
952 1340 1060 1398 ἀπὸ
1088 1345 1194 1397 τῶν
1218 1346 1505 1414 βασιλέων,
1545 1348 1667 1399 ὅσον
1696 1347 1800 1399 ἀπὸ
1830 1364 1922 1398 κο·

348 1434 536 1486 λάκων
590 1435 896 1504 ἀνθρώπων
944 1439 1159 1504 γέγονε,
1216 1440 1673 1506 παραπεισάντων
1726 1440 1923 1498 αὐτοὺς

351 1522 717 1593 ἀνθρωπίνοις
744 1526 923 1595 λόγοις
956 1530 1196 1595 ἐνεργεῖν
1225 1528 1316 1579 καὶ
1351 1528 1417 1579 τὰ
1449 1527 1639 1594 μείζω,
1664 1526 1800 1578 ῶςτε
1830 1530 1924 1581 καλ⁵

352 1616 711 1684 προϐιϐάζειν
742 1619 1097 1682 ἐπισκόπους,
1126 1621 1218 1672 καὶ
1254 1620 1569 1686 μεταθέσεις
1603 1622 1790 1672 ποιεῖν.
1825 1621 1924 1672 Βα-

352 1707 479 1761 ϐαἱι
511 1710 600 1762 τὸν
628 1712 1137 1783 κεχειροτονημένον
1177 1712 1252 1781 τῷ
1283 1713 1559 1779 Πνεύματι
1609 1711 1773 1779 τῆσδε
1829 1713 1924 1779 τῆς

364 1798 693 1866 Ἐκκλησίας
733 1801 988 1869 ποιμένα,
1041 1801 1230 1869 ἐτέρας
1290 1800 1522 1867 ποιμένα
1566 1799 1923 1852 καθίστασθαι

2030 618 2117 672 die
2152 623 2493 676 tremendam
2528 626 2966 680 communionem
3004 627 3297 697 attingunt,
3334 644 3440 682 non
3480 640 3598 681 tan-

2030 718 2143 765 tum
2178 714 2451 768 serviliter
2473 718 2770 781 osculatur,
2796 718 2887 773 sed
2917 719 3081 773 etiam
3116 719 3324 774 sedenti
3364 720 3596 786 impera-

2028 805 2131 855 tori
2168 804 2368 858 adstat.
2398 806 2452 859 Si
2486 808 2693 875 privata
2728 824 2955 877 persona
3004 818 3169 871 esset,
3208 811 3322 865 haec
3377 811 3593 879 quidem

2029 894 2249 948 sielieri
2278 906 2572 964 oporteret,
2596 887 2719 953 cum
2748 899 2945 955 dixerit
2969 901 3287 966 Apostolus:
3329 920 3347 952 ι
3396 899 3594 967 Regem

2030 984 2315 1042 honorate.
2364 1009 2381 1038 ›
2427 990 2479 1043 Si
2515 1005 2641 1044 vero
2672 990 2868 1045 Christi
2898 1001 2984 1046 est
3013 992 3326 1060 episcopus,
3351 1002 3404 1045 et
3441 989 3600 1043 Chri-

2029 1078 2095 1130 sti
2127 1077 2306 1131 locum
2339 1089 2547 1157 tenens,
2581 1080 2657 1136 sic
2697 1083 2808 1136 ﬁeri
2846 1099 2952 1138 non
3002 1093 3216 1153 oportet
3247 1100 3261 1148 ;
3318 1083 3369 1135 in
3432 1081 3596 1133 01πί-

2029 1174 2170 1216 Stum
2202 1166 2344 1218 enim
2380 1170 2907 1233 recurritA‘dedecus,
2940 1173 3197 1241 quoniam
3227 1186 3333 1225 non
3368 1185 3395 1222 e
3436 1170 3597 1236 vulgo

2030 1252 2116 1307 ille
2165 1265 2270 1317 est,
2303 1259 2408 1336 sed
2466 1275 2496 1313 e
2553 1263 2799 1328 personis
2854 1264 3211 1324 consecratis,
3245 1271 3297 1315 et
3340 1262 3596 1331 virtutem

2030 1348 2384 1413 apostolicam
2418 1354 2641 1420 copiose
2674 1354 3086 1422 possidentibus
3137 1352 3334 1405 Verum
3360 1350 3459 1403 ista
3492 1366 3596 1402 nou

2028 1448 2137 1490 tam
2166 1440 2232 1491 ab
2266 1440 2690 1508 imperatoribus
2722 1461 2885 1512 quam
2915 1445 2984 1497 ab
3030 1443 3407 1497 adulatoribus
3438 1441 3598 1505 ﬁunt,

2028 1530 2118 1595 qui
2161 1544 2255 1581 eos
2288 1532 2541 1586 humanis
2580 1536 2757 1589 verbis
2795 1535 2925 1587 falsa
2970 1534 3323 1602 persuasione
3358 1548 3599 1619 cupimu-

2030 1627 2151 1671 vent
2205 1621 2269 1673 ad
2326 1624 2530 1690 majora
2588 1626 3031 1691 perpetrandum,
3075 1625 3147 1676 ita
3186 1634 3244 1677 ut
3276 1623 3508 1677 audeant
3546 1630 3599 1676 et

2028 1726 2353 1778 promovere
2392 1716 2701 1782 episcopos.
2730 1727 2783 1769 et
2821 1717 3204 1771 translationes
3258 1716 3455 1770 facere.
3500 1717 3601 1767 Pa-

2032 1805 2144 1868 pae!
2182 1805 2490 1857 ordinarunt
2543 1822 2635 1873 per
2674 1808 2934 1875 Spiritum
2986 1820 3234 1861 sanctum
3284 1807 3446 1877 hujus
3502 1807 3601 1859 Ec—

349 1891 507 1954 παρὰ
542 1891 650 1944 τῶν
702 1892 776 1961 μὴ
820 1892 1050 1962 ἑχόντων
1086 1897 1182 1962 τὴν
1218 1892 1314 1958 τῆς
1364 1892 1664 1963 ἱερωσύνης
1697 1892 1927 1961 δυνάμιν
1962 1888 1999 1940 Β
2030 1893 2111 1945 clo

1847 1909 1927 1943 LW
1962 1888 1999 1940 Β
2030 1893 2213 1945 clcsiat
2255 1909 2527 1963 pastorem
2564 1898 2632 1949 ab
2663 1899 2726 1951 iis
2775 1900 3030 1951 constitui
3066 1900 3293 1954 a'terius
3324 1908 3616 1966 pastorem.

349 1982 446 2033 καὶ
501 1982 807 2052 ἐνέργειαν,
875 1983 970 2037 καὶ
1026 1985 1176 2052 παρὰ
1227 1986 1455 2054 γνώμην
1528 1983 1620 2036 τοῦ
1676 1984 1926 2045 Πνεῦμα-

346 2088 443 2136 τος
488 2072 503 2126 l

903 2187 1151 2242 ΚΕΦΛΛ.
1195 2189 1344 2243 ΣΚΑθ
1364 2229 1377 2244 .

352 2299 487 2352 Ὅτι
508 2299 581 2353 οὐ
611 2300 701 2371 δεῖ
722 2300 864 2366 τοὺς
896 2292 1048 2355 κατὰ
1082 2304 1318 2369 κόσμον
1358 2302 1654 2371 ἄρχοντας
1703 2304 1772 2358 τὰ
1803 2306 1926 2366 ἱερὰ

423 2370 789 2441 οἰκειοῦσθαι
822 2415 832 2435 ,
865 2374 1333 2441 καὶλλογίζεσθαι
1364 2370 1698 2441 κερδαίνειν
1718 2376 1784 2427 ἐκ
1810 2375 1928 2429 τῶν

424 2439 897 2509 ἀνατεθειμένων
929 2439 1008 2505 τῷ
1037 2442 1181 2507 Θεῷ.

424 2530 488 2581 Εί
513 2530 592 2582 δεῖ
638 2531 773 2600 πρὸς
815 2531 1107 2601 οἰκοδομὴν
1164 2534 1504 2605 καταστῆναι
1558 2539 1699 2607 ’πρὸς
1756 2540 1928 2606 μείζω

350 2619 537 2687 πόλιν,
569 2623 721 2691 παρὰ
755 2623 848 2674 τοῦ
880 2623 1194 2690 Πνεύματος
1227 2626 1381 2678 ἔσται
1410 2626 1588 2690 τοῦτο,
1616 2631 1743 2697 παρ’
1780 2625 1839 2683 οῦ
1865 2631 1927 2698 δὴ

352 2715 451 2768 καὶ
477 2715 939 2783 κεχειροτόνηται,
963 2717 1024 2768 οὐ
1056 2716 1210 2785 παρὰ
1236 2716 1336 2785 τῆς
1362 2721 1633 2787 κοσμικῆς
1659 2720 1926 2783 ἐξουσίας.

366 2806 532 2858 Ἀλλὰ
564 2807 658 2859 καὶ
684 2806 1090 2877 καθηγούμενοι
1121 2809 1330 2877 ἀνδρῶν
1368 2811 1649 2877 μοναστῶν
1682 2814 1774 2866 καὶ
1812 2813 1929 2883 Θεῷ

355 2899 801 2967 καθιερωμένων,
837 2901 932 2952 καὶ
953 2900 1137 2968 ψυχῶν
1158 2902 1337 2969 χάριτι
1361 2900 1496 2953 Θεοῦ
1563 2902 1925 2971 προεστῶτες,

352 2990 500 3043 οὕτω
544 2990 695 3061 παρὰ
726 2990 785 3043 τὸ
837 2990 930 3044 τοῦ
970 2992 1284 3061 Πνεύματος
1319 2992 1532 3061 θέλημα
1586 2993 1771 3044 πολλοὶ
1826 2994 1929 3047 δεί-

354 3097 584 3136 κνυνται
611 3099 624 3115 ·
666 3084 761 3134 καὶ
789 3082 975 3137 λύουσι
1011 3083 1106 3136 καὶ
1154 3083 1439 3154 δεσμοῦσι,
1490 3086 1740 3147 λαϐόντες
1774 3087 1930 3141 τοῦτο

357 3175 509 3244 παρά
524 3175 634 3226 τῶν
654 3174 729 3241 μὴ
750 3174 1025 3227 λαϐόντων
1046 3177 1141 3243 τὴν
1171 3175 1264 3227 τοῦ
1298 3176 1637 3245 χαρίσματος
1672 3177 1926 3245 δύναμιν·

352 3268 452 3319 καὶ
474 3265 907 3335 χειροτονοῦνται
933 3265 1026 3317 καὶ
1053 3265 1263 3317 πολλῶν
1289 3257 1535 3339 ἀρχοιυὶσι,
1569 3267 1735 3332 μηδὲν
1766 3285 1926 3336 φρον-

352 3356 595 3422 τίζοντες
622 3355 758 3417 ὅλως
789 3357 897 3408 τῶν
944 3359 1175 3426 ἐχόντων
1207 3358 1268 3409 τὸ
1308 3358 1570 3427 χάρισμα.
1617 3358 1707 3410 Διὸ
1736 3360 1826 3410 καὶ
1860 3359 1927 3410 τὰ

354 3447 743 3516 συντρίμματα
774 3445 931 3514 ἡμῶν
972 3446 1145 3498 πολλὰ
1173 3446 1386 3513 γέγονε,
1426 3449 1519 3498 καὶ
1560 3447 1926 3519 ἑσμικρύνθη-

356 3555 484 3606 μεν,
514 3537 607 3590 καὶ
628 3536 898 3601 όλιγοστοὶ
929 3534 1081 3601 παρὰ
1111 3535 1289 3587 πάντα
1327 3536 1391 3587 τὰ
1426 3535 1552 3605 ἔθνη
1593 3536 1923 3604 γεγόναμεν·

352 3628 451 3681 καὶ
488 3627 577 3697 βία
606 3626 946 3679 σπευδόντων
973 3627 1081 3678 τῶν
1137 3628 1212 3696 μὴ
1243 3627 1592 3691 καθηκόντων
1645 3626 1836 3696 ἄρχειν
1871 3646 1927 3681 τε

356 3721 455 3774 καὶ
492 3719 853 3788 ἐφάπτεσθαι,
914 3717 1281 3786 κατάρχουσιν
1306 3716 1463 3785 ήμῶν
1519 3717 1569 3768 οἱ
1608 3717 1877 3787 ἀλλότριοι
1910 3733 1925 3748 ⁸

356 3811 544 3867 καὶτὰ
579 3813 651 3881 μὴ
687 3811 811 3878 φίλα
838 3810 972 3862 Θεοῦ
994 3808 1312 3872 ποιούντων,
1338 3809 1387 3860 οἱ
1427 3807 1611 3877 ἐχθροὶ
1647 3808 1802 3877 ἡμῶν
1838 3811 1928 3861 καὶ

354 3901 454 3956 τοῦ
484 3903 619 3954 Θεοῦ
649 3900 959 3961 ἀκολούθως
1005 3900 1135 3969 ἡμῖν
1170 3899 1688 3967 κατεπεμϐαίνουσι.
1726 3901 1833 3952 Καὶ
1865 3902 1929 3952 τὰ

360 3997 487 4064 ἱερὰ
516 3994 879 4063 οἰκειούμενοι
915 3995 1009 4045 καὶ
1036 3993 1365 4058 κοινοῦντες,
1400 3992 1462 4043 ὲκ
1510 3991 1619 4044 τῶν
1656 3992 1930 4044 ἀνατεθει-

362 4088 540 4157 μένων
576 4086 655 4155 τῷ
686 4086 805 4153 Θεῷ
856 4084 1199 4152 λογιζόμενοι
1255 4084 1376 4150 (φεῦ
1406 4083 1445 4153 ι)
1507 4083 1829 4153 κερδαίνειν,
1864 4087 1930 4138 τὰ

358 4177 471 4231 ῐδια
501 4175 657 4245 ἡμῶν
679 4174 937 4227 ἀπωλέσα
950 4190 1067 4242 μενο
1087 4172 1181 4225 καὶ
1209 4171 1549 4241 καρποῦνται
1578 4172 1645 4223 τὰ
1666 4173 1929 4241 ἡμέτερα.

360 4268 520 4337 167
552 4266 646 4320 καὶ¹
675 4266 883 4318 ἔδονται
915 4265 1145 4317 ἐνώπιον
1171 4266 1203 4333 ἡ
1214 4264 1327 4331 μῶν
1347 4264 1395 4315 oi
1420 4264 1751 4317 ὑπεναντίοι.
1792 4265 1931 4317 Ἀλλ’

357 4360 472 4414 εῐθε
500 4359 709 4425 γένοιτό
736 4375 817 4419 τις
840 4357 1106 4424 θεραπεία
1138 4355 1231 4408 τοῦ
1265 4355 1439 4407 δεινοῦ
1468 4355 1680 4420 τούτου,
1709 4356 1803 4407 καὶ
1822 4358 1933 4423 εἴη-

357 4468 462 4504 σαν
493 4450 591 4517 μὲν
623 4448 692 4500 τὰ
710 4448 803 4501 τοῦ
836 4448 1109 4515 Καίσαρος
1156 4445 1454 4512 Καίσαρος,
1480 4445 1548 4495 τὰ
1572 4443 1663 4495 τοῦ
1707 4443 1841 4495 Θεοῦ
1876 4446 1929 4495 δὲ

355 4541 453 4594 τοῦ
472 4540 630 4605 Θεοῦ,
645 4541 717 4601 ὡς
739 4540 803 4591 ἂν
822 4539 918 4591 καὶ
934 4536 1210 4604 ἠξιωμένα
1227 4535 1441 4589 ἅπαντα
1465 4537 1671 4601 γένοιτο
1692 4535 1933 4602 εὐλογίας
1972 4563 2010 4614 ι)

355 4634 452 4684 τοῦ
482 4630 639 4696 Θεοῦ,
668 4630 763 4682 καὶ
792 4630 861 4681 τὰ.
886 4628 1005 4696 ἱερὰ
1044 4626 1437 4693 συνιστάμενα,
1474 4626 1567 4677 καὶ
1589 4624 1657 4677 τὰ
1686 4627 1931 4695 κοσμικὲι

316 4720 723 4789 ἀὑξανόμενα,
755 4720 848 4771 καὶ
884 4718 959 4786 μὴ
981 4715 1314 4777 τούναντίον,
1346 4716 1439 4767 ύ-ιῖ
1489 4717 1733 4786 ἀλλήλων
1784 4720 1933 4786 φθει-

357 4813 584 4883 ρόμεναθ
614 4812 695 4863 δτι
737 4810 830 4862 καὶ
861 4811 888 4862 ὁ
949 4807 1191 4877 ἀρχῆθεν
1239 4807 1498 4876 πολέμιος
1556 4812 1647 4860 καὶ
1699 4808 1931 4879 φθορεὺς

354 4902 532 4964 δεινος
563 4902 618 4953 ὲν
642 4900 851 4959 τούτοις
883 4899 1125 4961 σπεύδει,
1156 4900 1303 4961 ὅπως
1336 4900 1431 4952 καὶ
1468 4900 1773 4968 ἱεροσυλίαν
1809 4903 1931 4962 ’τοῖς

358 4993 613 5047 εὐσεϐέσι
638 4990 975 5061 προστρίψῃ,
1021 4992 1114 5042 καὶ
1149 4990 1257 5042 τῶν
1309 4989 1469 5059 ἱερῶν
1524 4990 1616 5041 καὶ
1646 4990 1807 5042 θείων
1835 4991 1932 5059 τὴν

356 5085 683 5153 καθαίρεσιν
730 5084 1027 5153 ὲνεργήσῃ.
1068 5081 1203 5134 ἀλλὰ
1230 5080 1582 5151 καθαιρεθείη
1615 5083 1764 5149 παρὰ
1798 5082 1930 5135 Θεοῦ

356 5181 386 5231 ό
422 5176 680 5244 πονηρὸς,
725 5174 819 5227 καὶ
868 5174 1098 5241 ζήσαιεν
1150 5172 1392 5234 εὐσεϐῶς
1448 5173 1541 5225 καὶ
1596 5172 1858 5239 θεοφιλῶς
1885 5177 1931 5226 οἱ

358 5269 549 5323 πιστοί
578 5285 636 5321 τε
661 5268 754 5320 καὶ
786 5264 1050 5328 εὐσεϐεῖς,
1081 5268 1173 5320 καὶ
1205 5265 1398 5334 μισθὸν
1440 5266 1538 5333 τῆς
1588 5266 1931 5334 φιλοχρίστου

357 5360 586 5432 γνώμης
616 5360 800 5430 εῐησαν
830 5356 1180 5428 κομιζόμενοι
1211 5357 1268 5408 ὲν
1292 5356 1535 5426 Χριστῷ,
1566 5358 1665 5425 τὴν
1694 5358 1802 5409 τῶν
1829 5358 1932 5410 δει-

357 5454 469 5509 νῶν
494 5451 828 5521 ἐλευθερίαν,
861 5451 952 5503 καὶ
971 5448 1067 5519 τὴν
1090 5448 1198 5502 τῶν
1220 5449 1443 5516 ἀγαθῶν
1474 5450 1736 5501 παντοίαν
1765 5448 1935 5503 ὲπαύυ

360 5546 541 5615 ξησιν.
583 5544 641 5597 '0
680 5541 1076 5613 χειροτονηθεὶς
1099 5539 1156 5594 δὶ
1178 5541 1476 5609 ἀρχιερεὺς
1509 5540 1599 5593 καὶ
1627 5540 1718 5593 τὸν
1748 5541 1933 5593 τελευ-

355 5636 513 5692 ταῖον
537 5638 594 5689 ὲν
621 5638 687 5706 τῇ
723 5634 926 5705 συνόδῳ
958 5632 1195 5704 ποιήσας
1233 5631 1554 5701 ἀσπασμὸν,
1609 5632 1703 5685 καὶ
1738 5632 1827 5685 τὸν
1857 5635 1936 5685 οἱ-

357 5730 509 5784 κείον
536 5728 699 5781 τόπον
739 5724 938 5790 λαϐὼν,
969 5724 1153 5777 οὐκέτι
1186 5722 1377 5793 χρείαν
1418 5723 1619 5792 ἑτέρων
1648 5722 1756 5777 τῶν
1796 5724 1935 5777 κατὰ

357 5820 535 5876 τύπον
558 5817 691 5889 ἔχει·
727 5817 840 5877 ἀλλ’
871 5815 945 5881 ὡς
973 5816 1264 5888 ἀρχιερεὺς
1298 5813 1393 5883 ὢν,
1426 5813 1535 5869 τῶν
1562 5815 1660 5887 τῆς
1709 5814 1932 5890 Ἐκκλη-

450 6058 475 6086 ἰ

2030 1985 2120 2051 qui
2152 2002 2255 2038 non
2298 1990 2492 2039 habent
2526 1990 2817 2042 sacerdotii
2856 2000 3179 2057 poti-Staten]
3240 1999 3294 2046 ct
3320 1992 3598 2053 virtutem,

2028 2085 2078 2127 et
2112 2089 2306 2144 praeter
2335 2075 2575 2146 Spiritus
2609 2082 2935 2133 sententiam
2962 2084 2973 2134 !
3346 2090 3351 2093 ’

2579 2261 2812 2317 CAPUT
2845 2261 3074 2333 ecxxn.

2032 2377 2185 2442 Quod
2234 2380 2494 2447 principes
2529 2380 2806 2432 saeculares
2845 2396 2945 2431 nou
2982 2382 3164 2433 debent
3208 2396 3363 2434 sacra
3393 2394 3601 2443 curare,

2136 2461 2290 2517 atque
2315 2466 2379 2502 ex
2409 2451 2560 2502 rebus
2590 2449 2698 2502 Deo
2720 2452 3035 2503 consecratis
3068 2453 3275 2503 lucrum
3295 2460 3499 2517 petere,

2108 2626 2162 2679 Si
2197 2626 2574 2681 :edilicationis
2614 2626 2873 2681 Ecclesia:
2910 2642 3070 2681 causa
3097 2636 3306 2694 Oportet
3365 2628 3600 2696 aliquem

2032 2720 2351 2786 episco'num
2388 2718 2439 2772 in
2476 2720 2670 2789 majori
2703 2721 2834 2774 urbe
2862 2720 3144 2784 constitui,
3181 2722 3280 2774 hoc
3313 2737 3340 2774 a
3399 2721 3602 2791 Spiritu

2032 2811 2384 2863 suatuendum
2425 2820 2529 2874 est,
2555 2826 2582 2864 a
2615 2828 2722 2881 quo
2747 2822 2799 2863 et
2825 2813 3109 2865 ordinatus
3148 2820 3251 2872 cst,
3288 2828 3393 2864 nun
3422 2822 3601 2864 autem

2032 2919 2060 2954 a
2098 2904 2370 2955 inundaua
2408 2912 2692 2972 potestate.
2723 2903 2872 2957 Multi
2904 2907 3068 2957 etiam
3103 2904 3270 2958 duces
3297 2914 3349 2957 et
3381 2905 3609 2957 abbates

2034 2994 2450 3060 monaclwrum,
2486 2996 2579 3064 qui
2644 2994 2753 3049 Deo
2794 2996 3095 3048 consecrati
3128 3004 3273 3056 sunt,
3319 3006 3371 3050 et
3429 2995 3610 3064 gratia

2034 3084 2125 3139 Dei
2162 3089 2452 3142 animabus
2487 3098 2751 3156 prmsnnt,
2780 3089 2859 3142 sic
2901 3098 3092 3155 praeter
3136 3087 3374 3157 Spiritus
3415 3089 3603 3139 νυΙιιη-

2035 3183 2196 3228 tatem
2229 3192 2388 3245 agere
2426 3179 2856 3245 convincuntur;
2887 3182 3102 3233 solvunt
3140 3181 3281 3232 enim
3308 3189 3361 3232 et
3413 3179 3602 3246 ligant,

2036 3267 2191 3320 abiis
2226 3277 2491 3337 potestate
2518 3278 2763 3334 accepta,
2807 3272 2897 3338 qui
2953 3270 3138 3336 gratia:
3185 3269 3435 3320 virtutem
3497 3282 3607 3319 non

2037 3369 2384 3428 acceperunt.
2414 3359 2745 3413 Ordinanlur
2799 3376 3036 3427 quoque,
3075 3361 3368 3427 multisque
3429 3360 3602 3436 impe-

2037 3461 2177 3513 rant,
2215 3451 2345 3504 nihil
2379 3452 2600 3504 omnino
2666 3462 2920 3505 curantes
2966 3467 3061 3505 eos
3129 3453 3218 3518 qui
3275 3451 3457 3517 gratim,
3510 3448 3605 3502 (Ιο-

2040 3558 2164 3595 unm
2192 3543 2489 3610 possident.
2524 3541 2648 3596 Ideo
2693 3542 3013 3596 amictiones
3046 3552 3096 3595 et
3126 3543 3479 3596 eontusiones
3511 3555 3608 3593 uo-

2038 3641 2165 3686 διε-αξ
2199 3632 2379 3684 multm
2408 3630 2559 3685 facta:
2605 3640 2751 3692 sunt,
2800 3643 2851 3685 ct
2902 3647 3009 3700 pne
3050 3633 3301 3685 Omnibus
3356 3624 3606 3698 gentibus

2038 3725 2495 3793 contemptibiles,
2522 3736 2575 3778 et
2630 3725 2837 3778 minimi
2899 3726 3066 3777 habiti
3106 3740 3314 3786 sumus,
3372 3733 3425 3777 et
3475 3724 3605 3777 dum

2038 3814 2301 3867 violenter
2326 3814 2647 3868 festinamus
2678 3830 2737 3868 ea
2762 3830 2878 3883 quzc
2909 3829 3017 3866 non
3050 3814 3201 3867 deccl
3234 3815 3519 3880 attingere,
3550 3822 3607 3883 et

2041 3903 2106 3955 iis
2149 3916 2285 3969 quos
2338 3919 2443 3956 non
2484 3912 2697 3972 oportet
2754 3904 3044 3970 impcrarc,
3090 3904 3245 3956 nobis
3291 3902 3606 3970 alienigena:

2040 3994 2433 4059 dominantur;
2462 3995 2695 4062 dumque
2730 3993 2957 4047 facimus
2991 4008 3111 4062 quae
3146 3994 3252 4046 Deo
3290 3993 3601 4061 diSpliccut,

2040 4085 2247 4137 inimici
2293 4085 2465 4138 nostri
2504 4085 2705 4153 Deique
2766 4096 3164 4151 consequenter
3220 4084 3371 4137 nobis
3432 4085 3607 4174 insul-

2042 4185 2404 4241 tant,etqu:e
2433 4176 2587 4229 nobis
2618 4190 2769 4227 sacra
2830 4187 2979 4236 sunt,
3037 4174 3337 4241 possident,
3391 4177 3606 4243 Deoquc

2042 4268 2374 4322 mrsecratis
2416 4268 2734 4336 potiuntur;
2770 4268 2904 4319 eheu
2934 4267 2946 4320 !
2975 4266 3349 4320 existimantes
3397 4266 3603 4319 lucrum

2040 4360 2258 4427 aliquod
2286 4358 2486 4418 facere,
2522 4357 2739 4425 propria
2774 4368 2956 4410 nostra
2984 4359 3341 4425 perdidimus.
3404 4359 3603 4413 Messes

2041 4460 2093 4501 et
2125 4450 2339 4501 fructus
2379 4459 2596 4501 nostros
2627 4448 2895 4517 colligunt
2948 4447 3154 4502 inimici
3203 4446 3409 4512 nostri,
3432 4467 3605 4518 eaque

2044 4550 2166 4591 ante
2206 4539 2395 4591 Ot'IIIOS
2440 4547 2657 4591 nostros
2722 4538 3031 4591 comedunt.
3089 4537 3190 4591 Sed
3241 4540 3445 4591 utinam
3514 4543 3604 4592 liat

2041 4630 2198 4697 hujus
2228 4630 2538 4698 gravissimi
2575 4630 2699 4682 mali
2731 4629 2976 4697 quedam
3005 4632 3237 4690 sanatio,
3267 4639 3317 4683 et
3340 4646 3457 4696 qua!
3475 4643 3603 4685 sunt

2035 4722 2275 4776 Ctesaris
2308 4722 2658 4774 dimittantur
2691 4720 2914 4785 Caesari,
2942 4730 2994 4774 et
3053 4737 3174 4788 quae
3225 4720 3318 4777 Dei
3362 4724 3490 4785 Deo,
3546 4734 3605 4777 ut

2036 4816 2217 4867 omnia
2257 4814 2384 4866 ﬁant
2431 4811 2522 4864 Dei
2556 4812 2933 4865 benedictione
2976 4812 3157 4878 digna,
3194 4814 3603 4883 cousistantquc

2036 4917 2189 4956 sacra
2243 4913 2296 4954 et
2335 4912 2753 4961 conserventur,
2807 4912 2858 4953 et
2908 4904 3191 4955 saecularia
3254 4914 3599 4972 augeantur;

2037 5010 2144 5048 non
2180 5000 2360 5045 autem
2402 4994 2760 5056 contrarium,
2792 5002 2844 5043 ut
2872 4993 2939 5045 ah
2973 4993 3204 5046 invicem
3245 5009 3602 5063 corrumpan-

2036 5097 2143 5141 tur.
2170 5085 2437 5151 Quoniam
2474 5086 2566 5154 qui
2622 5101 2649 5137 a
2686 5087 2952 5154 principio
3004 5087 3257 5141 inimicus
3288 5098 3474 5141 uoster
3518 5097 3601 5142 est

2035 5191 2089 5234 et
2148 5182 2410 5233 molestus
2445 5190 2757 5248 corruptor,
2792 5180 2843 5231 in
2906 5182 3171 5250 ejusmodi
3225 5183 3385 5236 rebus
3446 5182 3599 5237 festi-

2038 5281 2152 5335 nat,
2186 5281 2243 5325 ut
2274 5273 2638 5325 sacerdotium
2668 5288 2787 5323 cum
2849 5272 2981 5325 viris
3018 5274 3120 5340 piis
3179 5276 3501 5335 committat,
3540 5275 3599 5327 il-

2038 5363 2236 5432 ludque
2287 5372 2506 5425 atterat,
2553 5378 2815 5429 sacraque
2866 5373 2918 5414 et
2971 5364 3151 5415 divina
3205 5372 3430 5417 evertat.
3492 5365 3595 5417 Sed

2036 5458 2365 5503 evertatura
2430 5448 2655 5500 Domino
2714 5451 2909 5514 malus,
2952 5462 3243 5518 rivantque
3301 5462 3488 5506 sancte
3546 5462 3598 5506 et

2037 5538 2151 5592 Deo
2192 5548 2437 5592 amanter
2469 5539 2650 5593 lideles
2682 5555 2735 5592 et
2782 5541 2997 5603 pictatis
3044 5543 3295 5607 studiosi,
3358 5553 3411 5597 ct
3452 5560 3595 5597 mer-

2038 5629 2223 5685 cedem
2260 5629 2541 5683 seutcutiaa
2571 5628 2791 5684 Christo
2821 5633 3034 5686 dilecta:
3066 5644 3360 5701 reportent,
3428 5638 3598 5690 liber-

2040 5730 2316 5787 tatemque
2341 5734 2435 5787 per
2468 5720 2748 5776 Christum
2796 5724 2862 5777 ab
2897 5724 2979 5777 his
3009 5726 3265 5793 gravibus
3309 5726 3597 5793 molestiis,

2039 5812 2509 5885 omnitariumque
2567 5811 2834 5870 bonorum
2896 5826 3267 5887 augmentum.
3304 5817 3599 5876 Ordinatus
