4480 6458
360 421 465 493 437

1425 428 1523 487 DE
1569 428 1840 489 SACRIS
1870 429 2561 500 ORDINATlONlBUS.

3510 440 3614 503 1,33

354 542 438 601 cl;
464 540 554 592 τὸν
577 541 738 594 τόπον
767 543 864 610 τῆς
895 542 1064 609 αύτῆς
1106 543 1463 611 Ἐκκλησίας,
1493 546 1594 614 ἤδη
1621 547 1715 600 καὶ
1745 546 1932 600 τοῦτον
1967 562 2008 611 Α
2042 558 2093 610 in

1847 565 1932 600 τον
1967 562 2008 611 Α
2042 558 2093 610 in
2126 561 2306 613 medio
2330 569 2463 622 stat,
2490 571 2539 615 et
2578 550 2866 630 postquam
2930 575 3050 614 sese
3098 576 3282 614 coram
3342 560 3616 626 archiepi-

354 631 716 699 παραλαϐών.
755 634 845 686 Διὸ
888 634 982 685 καὶ
1026 634 1055 684 ό
1097 635 1393 703 ἀσπασμὸς
1437 635 1668 718 γίνεται,
1702 635 1787 688 ἵνα
1838 637 1932 690 καὶ

355 722 452 775 τὸν
476 724 663 790 Θρόνον
689 724 854 777 αὑτοῦ
895 725 1035 795 λάϐῃ
1081 727 1177 778 καὶ
1225 727 1597 796 συγκάθεδρος
1630 730 1932 798 ἀναγορευ-

355 815 422 884 Θῇ
477 820 571 884 τῆς
626 818 842 870 συνόδου
883 820 978 872 καὶ
1031 821 1353 889 συγκριτής.
1394 821 1506 874 Καὶ
1550 821 1614 891 δὴ
1666 822 1804 874 κατά
1836 822 1936 890 τὴν

353 910 510 975 τάξιν
532 911 626 963 τοῦ
645 910 832 980 θρόνου
853 911 1015 966 αὐτοῦ
1044 915 1136 965 καὶ
1158 914 1256 982 τὴν
1283 912 1451 983 τιμὴν
1474 913 1608 981 ἔχει·
1637 919 1734 967 καὶ
1759 914 1933 985 κάθη-

354 1016 447 1054 ται
485 1004 577 1057 καὶ
602 1003 958 1071 γνωμοδοτεῐ,
1003 1004 1096 1057 καὶ
1122 1005 1189 1056 τὰ
1221 1003 1386 1056 λοιπὰ
1413 1005 1650 1072 ἐνεργεῖ.

1133 1178 1208 1222 κο

920 1294 1168 1370 Keoaa.
1208 1291 1378 1347 Σκιν.

356 1409 629 1460 Διατί-ἐν
654 1407 734 1472 τῷ
781 1408 957 1475 τρίτῳ
991 1408 1090 1461 καὶ
1131 1409 1463 1471 τελευταΙῳ
1496 1407 1800 1475 ασπαοτμῷ
1841 1410 1940 1460 0v-

432 1480 625 1546 μίαμα
650 1479 799 1544 μετὰ
821 1477 1318 1546 ροδοστάγματος
1368 1481 1773 1545 προσφέρεται
1793 1494 1810 1524 ·.
1843 1477 1940 1529 καὶ

434 1546 713 1614 περὶτῆς
751 1547 1083 1615 λεγομένης
1136 1547 1429 1614 πράξεως,
1487 1546 1619 1614 ἢτοι
1675 1546 1942 1616 γράμμα-

430 1633 555 1681 τος,
590 1617 661 1668 τὰ
694 1617 823 1684 περὶ
858 1617 969 1684 τῆς
998 1619 1377 1684 χειροτονίας
1397 1617 1762 1684 ὄηλοῷντος.

444 1732 600 1784 Ἐπεὶ
630 1702 685 1784 δὲ
730 1731 902 1783 ταῦτα
947 1731 1034 1784 διὰ
1082 1733 1183 1800 τῆς
1216 1731 1436 1800 χάριτος
1467 1730 1650 1792 ἔλαϐε,
1695 1731 1790 1783 καὶ
1834 1729 1943 1782 τῶν

355 1824 613 1892 εὐόσμων
645 1822 1015 1892 προσφέρεται
1067 1839 1142 1889 τι,
1178 1816 1289 1875 οἷον
1326 1822 1692 1891 ροδόσταγμα,
1723 1824 1816 1875 καὶ
1848 1821 1942 1872 ου-

362 1915 553 1985 μίαμσ.
578 1916 666 1968 διά
687 1915 778 1966 τοῦ
806 1917 898 1967 ἐπὶ
926 1915 1028 1984 τῆς
1065 1915 1342 1980 εὐταξίας,
1373 1915 1429 1976 ὃς
1461 1915 1556 1966 καὶ
1587 1915 1939 1982 προηγεῖται,
1976 1909 2018 1964 Β

359 2009 460 2059 καὶ
496 2008 586 2058 τὸν
623 2008 1074 2076 χειροτονηθέντα
1106 2009 1162 2058 ἐν
1190 2007 1401 2068 τούτοις
1434 2006 1568 2058 πᾶσι
1602 2004 1939 2075 προπέμπει.

357 2099 550 2161 Οὕτως
612 2098 705 2152 οὖν
753 2105 781 2152 ὸ
848 2100 1254 2170 χειροτονηθεὶς
1312 2100 1606 2168 ἀρχιερεὺς
1669 2096 1944 2157 καταστὰς

360 2193 542 2246 πάντα
569 2193 637 2245 τὰ
670 2194 1036 2261 νενομισμένα
1062 2195 1369 2246 τετέλεκεν.
1401 2193 1497 2253 Ὃς
1523 2190 1619 2242 καὶ
1651 2190 1944 2258 ἐγγράφως

358 2285 631 2354 λαμϐάνει
682 2285 753 2337 τὰ
787 2285 918 2355 περὶ
969 2284 1135 2337 αὑτοῦ
1183 2285 1554 2353 ὑπομνήματα
1596 2285 1676 2346 εἰς
1706 2284 1942 2352 δήλωσιν

358 2376 688 2444 ἀσφαλείας,
724 2377 963 2447 γράμμα
988 2376 1168 2430 λαϐὼν
1195 2377 1370 2429 πάντα
1399 2379 1652 2444 περιέχον
1683 2379 1780 2440 τὴν
1811 2377 1943 2428 ἁνα-

358 2470 555 2538 γωγὴν
592 2469 780 2532 αὑτοῦ,
807 2471 906 2537 τὴν
937 2468 1262 2539 ἱερωσύνην,
1286 2470 1375 2520 τὸν
1402 2467 1537 2537 βίον,
1571 2468 1670 2530 τὰς
1695 2467 1932 2536 ψήφους,

361 2559 462 2611 καὶ
488 2558 594 2611 ὑπὸ
625 2559 791 2612 τίνων
817 2559 1140 2628 ἐψήφισται,
1171 2560 1264 2610 καὶ
1296 2561 1443 2620 ὅπως
1477 2558 1579 2626 τὴν,
1605 2558 1942 2626 ἀρχιερωσύ-

361 2665 462 2715 νην
497 2649 797 2711 κανονικῶς
828 2650 1040 2703 ἐλαϐεν.
1099 2651 1164 2702 Ὀ
1212 2649 1276 2717 δὴ
1326 2650 1422 2700 κα)⁵
1455 2649 1482 2700 ό
1516 2649 1944 2716 ἀρχιεπὶσκοπος

359 2738 705 2808 ὑπογράφει,
738 2740 833 2793 καὶ
867 2739 1062 2810 βούλλῃ
1110 2740 1287 2802 οἰκείᾳ.
1345 2738 1662 2808 σφραγίζει,
1699 2739 1774 2799 ὡς
1809 2739 1874 2790 ἂν
1907 2740 1939 2806 ἡ

360 2830 444 2894 εἰς
465 2829 564 2902 τὴν
594 2832 907 2902 ἐπισκοπὴν
928 2833 1262 2895 κατάστασις
1288 2832 1642 2901 ὲμμάρτυρος
1669 2830 1860 2882 τούτου

920 3120 1166 3182 ΚΕΦΑΛ.
1208 3119 1379 3172 ΣΚΔ’.

361 3212 502 3279 Περὶ
541 3214 971 3278 καταστάσεως
997 3213 1093 3266 καὶ
1124 3214 1517 3280 χειροτονίας,
1548 3213 1936 3281 πατριάρχου.
1965 3240 2010 3300 C

449 3304 604 3356 Ἐπεὶ
651 3304 709 3357 δέ
761 3304 858 3356 καὶ
901 3306 930 3356 ὁ
981 3308 1328 3374 πατριάρχης
1364 3305 1685 3368 ἐπίσκοπος,
1735 3305 1937 3374 ἴδωμεν

363 3396 464 3451 καὶ
488 3395 560 3449 τὰ
586 3395 708 3449 κατ’
735 3396 900 3448 αὐτὸν
931 3398 989 3448 ἐν
1022 3399 1088 3464 τῇ
1126 3396 1434 3466 χειροτονίᾳ
1469 3394 1563 3448 τοῦ
1610 3395 1936 3450 ἐπισκόπου.

365 3489 718 3557 Πατριάρχου
771 3488 908 3557 πρὸς
961 3487 1095 3539 Θεὸν
1146 3489 1554 3556 μεταστάντος,
1606 3486 1782 3548 οὐδεὶς
1832 3487 1940 3538 τῶν

363 3582 673 3650 ἀρχιερέων
702 3582 768 3650 τῇ
803 3580 1027 3650 Μεγάλῃ
1057 3581 1196 3653 ᾷλως
1257 3579 1529 3649 ἐκκλησίᾳ
1577 3579 1937 3650 παραϐάλλει,

367 3674 462 3727 ἵνα
497 3673 570 3742 μὴ
607 3671 682 3735 ὡς
717 3671 982 3741 ἐπιϐάτης
1026 3671 1276 3743 λογισθῇ.
1309 3671 1416 3724 Τοῦ
1463 3671 1732 3741 βασιλέως
1762 3671 1831 3724 δὲ
1866 3670 1941 3733 ὡς

367 3768 593 3820 ἐκδίκου
624 3766 724 3834 τῆς
764 3765 1098 3834 Ἐκκλησίας
1139 3765 1458 3835 προτροπὴν
1489 3751 1695 3818 ἄνωθεν
1727 3764 1938 3833 ἔχοντος

367 3860 480 3911 τῶν
507 3857 666 3910 θείων
708 3857 991 3924 Πατέρων,
1049 3855 1266 3908 σύνοδον
1317 3855 1469 3924 ἱερὰν
1531 3855 1720 3908 τούτου
1779 3854 1940 3922 χάριν

370 3951 627 4015 συνάγειν
675 3947 1018 4017 ἀρχιερέων,
1076 3945 1236 4008 αὐτὸς
1292 3946 1358 4016 δὴ
1412 3947 1440 3997 ό
1487 3944 1738 4014 βασιλεὺς
1814 3944 1940 4006 τοὺς

369 4039 790 4110 πλησιοχώρους
825 4038 1214 4108 προσκαλεῖται
1245 4038 1334 4091 διὰ
1367 4038 1809 4108 προσταγμάτων
1840 4037 1940 4104 ἀρ-

369 4131 600 4199 χιερεῖς.
630 4126 737 4178 Καὶ
771 4123 1147 4194 συναχθέντων
1183 4125 1384 4190 αὐτῶν,
1419 4125 1618 4188 πάντες
1646 4126 1776 4178 οἵτε
1808 4128 1942 4192 πρό-

370 4235 535 4287 τερον
561 4217 713 4278 ὄντες
739 4217 798 4268 ἐν
827 4219 891 4285 τῇ
920 4216 1130 4287 μεγάλῃ
1163 4216 1338 4280 πόλει,
1363 4217 1416 4269 οῖ
1435 4234 1494 4269 τε
1526 4217 1689 4268 σνναθ
1702 4217 1943 4285 ροισθέν-

370 4322 466 4368 τες
523 4304 718 4368 ἔξωθεν
771 4304 885 4356 ὅσοι
933 4304 1156 4356 δυνατὸν
1210 4304 1406 4366 ἐλθεῖν,
1463 4305 1586 4356 ἐπεὶ
1635 4305 1727 4356 καὶ
1784 4306 1941 4373 εἴπερ

375 4400 580 4456 πάντες
609 4391 749 4464 ἦσαν
785 4389 1081 4458 κανονικοὶ,
1116 4395 1210 4447 τοῦ
1259 4395 1522 4463 βασιλέως
1559 4397 1942 4465 προστάγματι

375 4487 517 4557 ὁμοῦ
548 4488 871 4552 συνάγονται
923 4488 981 4536 ἐν
1030 4486 1158 4554 ἱερῷ
1202 4485 1351 4554 τόπῳ
1396 4487 1498 4538 ἐνί.
1549 4487 1658 4539 Καὶ
1701 4487 1856 4540 τοῦτο
1885 4489 1942 4540 δὲ

2039 665 2204 723 scopo
2242 653 2546 717 inclinavit,
2574 653 2820 707 assidere
2849 653 3097 723 jubetur.
3135 653 3299 708 Sedet
3349 663 3523 706 autem
3561 652 3610 704 in

2039 731 2160 798 loco
2185 745 2431 799 ecclesiae
2476 761 2588 800 sua:
2623 746 2808 800 debito
2837 790 2852 813 ,
2879 748 2990 816 jam
3015 748 3162 801 illius
3192 755 3450 816 capturus
3485 761 3611 813 pos-

2039 837 2377 905 sessionem;
2410 837 2533 892 ideo
2556 839 2701 893 enim
2741 841 2799 892 lit
2823 840 2910 893 illa
2946 841 3225 900 salutatio,
3262 851 3319 893 ut
3351 840 3605 900 thronum

2040 942 2202 980 suum
2229 931 2489 998 accipiat,
2527 938 2580 984 et
2610 931 2804 999 Synodi
2841 931 3216 1000 promulgetur
3256 947 3522 987 assessor,
3559 940 3606 977 (ιι

2039 1034 2162 1075 cum
2195 1021 2318 1076 aliis
2364 1022 2550 1090 judex.
2587 1006 2721 1075 Nam
2757 1016 3082 1076 "secundum
3131 1023 3373 1077 ordinem
3431 1025 3611 1075 tiu-uni

2041 1112 2127 1167 sui
2161 1122 2213 1167 et
2242 1114 2564 1177 honoratur,
2596 1125 2649 1192 et
2680 1115 2854 1181 sedet,
2897 1126 2951 1171 et
3001 1117 3328 1172 sententiam
3381 1117 3529 1178 dicit,
3567 1124 3614 1165 ιιι

2040 1215 2237 1259 οωιοηι
2266 1221 2548 1275 operatur.
2617 1267 2634 1286 η
3062 1235 3071 1253 ι
3289 1226 3294 1231 ’

2567 1310 2797 1378 οΑιιυί
2828 1323 3105 1380 ccxxnt.
3160 1363 3161 1366 γ

2051 1433 2233 1500 Quare
2269 1436 2338 1488 ad
2365 1438 2578 1492 tertium
2611 1447 2666 1510 et
2704 1441 2950 1493 ultimum
2981 1441 3216 1494 osculum
3268 1443 3468 1510 summa
3502 1457 3614 1490 rum

2119 1522 2263 1573 aqua
2302 1523 2517 1560 t'osacea
2558 1495 2800 1572 oﬂ‘ertur.
2831 1523 2878 1565 et
2919 1510 2983 1562 de
3033 1513 3239 1564 actione
3288 1495 3394 1563 si'i'e
3427 1517 3618 1575 scripti.»

2124 1591 2226 1643 quo
2260 1577 2459 1647 singuli
2501 1579 3014 1634 ordinationis-ritus
3040 1595 3394 1649 exponuntur.
3443 1605 3446 1609 '

2117 1731 2252 1804 Cum
2290 1760 2469 1806 autem
2519 1768 2615 1821 per
2646 1756 2879 1824 gratiam
2941 1757 3056 1810 hmc
3122 1761 3415 1826 acceperit,
3462 1763 3622 1814 οΠιιτι

2051 1841 2255 1910 aliquid
2315 1846 2666 1910 suaveolens,
2721 1847 2891 1900 veluti
2939 1865 3160 1906 roseum
3218 1853 3508 1920 liquorem,
3567 1864 3620 1907 et

2045 1945 2165 2000 qua:
2195 1932 2435 1989 sumtum
2469 1946 2591 2003 apta
2619 1947 2747 1992 sunt
2783 1939 2981 2005 facere,
3013 1958 3106 2008 per
3134 1957 3258 1996 cum
3317 1945 3411 2011 qui
3452 1962 3620 1999 emre-

2049 2025 2250 2080 ntoniis
2282 2031 2478 2084 ordine
2508 2031 2734 2100 agendis
2769 2036 3096 2104 praepositus
3125 2043 3226 2100 est,
3260 2039 3352 2105 qtti
3412 2039 3463 2092 in
3522 2041 3622 2092 hu-

2044 2116 2285 2184 jusmodi
2317 2128 2371 2174 et
2398 2123 2573 2190 praeit,
2622 2134 2676 2178 et
2701 2126 3012 2180 ordinatum
3031 2128 3271 2182 deducit.
3296 2130 3430 2183 Cum
3461 2131 3621 2198 igitur

2046 2208 2126 2262 sic
2155 2209 2441 2281 episcopus
2483 2215 2780 2270 institutus
2821 2219 3005 2271 munia
3063 2237 3181 2284 qum
3239 2222 3447 2286 legibus
3502 2235 3619 2275 sta-

2047 2309 2162 2353 tuta
2195 2312 2326 2370 sunt
2357 2303 2671 2372 perfecerit.
2701 2309 2911 2377 scripto
2941 2312 3105 2379 etiam
3144 2314 3340 2381 accipit
3365 2315 3620 2367 tes-tilica-

2046 2391 2248 2445 tionem
2281 2395 2592 2451 securitatis
2614 2413 2777 2452 causa
2805 2417 2995 2456 eorum
3037 2420 3157 2472 qua:
3193 2410 3258 2460 de
3310 2408 3428 2475 ipso
3474 2409 3618 2475 dicta

2045 2480 2257 2536 factave
2305 2495 2473 2552 sunt;
2529 2488 2766 2557 diploma
2824 2508 3016 2563 nempe
3069 2500 3249 2550 omnia
3305 2500 3617 2563 continens,

2046 2574 2444 2631 institutionem
2483 2580 2679 2648 ipsius,
2717 2599 2921 2648 mores,
2977 2591 3369 2654 sacerdotium,
3427 2595 3620 2645 sull't-a-

2044 2667 2150 2734 gia.
2185 2678 2235 2720 et
2269 2685 2297 2722 a
2328 2671 2528 2738 quibus
2559 2674 2815 2745 suﬂragia
2875 2683 3104 2748 accepit,
3158 2698 3334 2758 quaye
3407 2685 3616 2739 ratione

2045 2755 2423 2822 episcopatum
2461 2763 2724 2817 canonice
2773 2769 3032 2835 suscepit.
3075 2768 3187 2856 Hoc
3243 2755 3611 2825 testimOuiuut

2046 2848 2496 2919 archiepiscopus
2534 2853 2830 2909 subscribit
2859 2868 2912 2911 et
2939 2859 3078 2913 bulla
3103 2848 3318 2930 propria
3347 2865 3616 2932 obsignrt,

2048 2945 2106 2986 ιιι
2133 2936 2200 2988 sit
2233 2937 2308 2990 illi
2347 2943 2708 3008 promotionis
2741 2955 2794 3000 et
2827 2947 3193 3006 institutionis
3236 2953 3301 3006 ad
3335 2953 3617 3024 episcopa-

2046 3036 2157 3080 tum
2184 3030 2512 3086 testiﬁcatio.

2561 3124 2787 3181 CAPUT
2826 3126 3105 3186 CCXXIV.

2153 3211 2229 3265 De
2278 3217 2656 3271 constitutione
2705 3230 2754 3272 et
2802 3223 3136 3276 ordinatione
3164 3227 3503 3291 μαίνεαι-δίαν.

2115 3302 2250 3356 Cum
2289 3315 2472 3360 autem
2506 3309 2799 3378 episcopus
2854 3313 2912 3366 lit
2948 3315 3290 3382 patriarcha,
3335 3321 3615 3375 videamus

2042 3393 2171 3461 quid
2209 3395 2262 3448 in
2289 3397 2409 3465 ejus
2445 3403 2862 3457 consecratione
2917 3406 3198 3460 observari
3261 3411 3454 3464 soleat.
3514 3411 3615 3464 l‘a-

2042 3486 2279 3539 triarcba
2308 3503 2374 3564 ex
2417 3489 2515 3541 hac
2549 3491 2656 3543 vita
2688 3494 2753 3544 ad
2799 3494 2964 3547 Deum
2994 3498 3238 3566 profecto
3281 3503 3463 3556 nullus
3499 3519 3615 3555 ont-

2041 3576 2175 3629 ninu
2203 3579 2584 3646 episcoporum
2610 3583 2678 3636 ad
2723 3583 2966 3652 Magnam
3034 3589 3321 3643 ecclesiam
3382 3594 3612 3657 act-edit,

2043 3681 2110 3720 ne
2133 3669 2314 3723 sedem
2355 3670 2496 3725 hanc
2529 3673 2787 3729 invadere
2811 3678 2949 3733 velle
2975 3680 3226 3735 videatur
3254 3702 3267 3738 :
3293 3685 3387 3738 sed
3445 3687 3613 3754 impe-

2043 3764 2270 3811 ratorea
2297 3758 2363 3816 de
2418 3776 2582 3816 causa
2624 3780 2834 3819 sacram
2903 3771 3283 3840 episcoporum
3339 3777 3609 3843 synodum

2042 3857 2328 3914 convocat,
2361 3866 2424 3906 ea
2478 3865 2640 3910 utens
2707 3860 3034 3916 auctoritate
3085 3864 3189 3919 sibi
3227 3868 3527 3936 antiquitus
3581 3887 3611 3925 a

2042 3940 2244 3995 ditinis
2287 3942 2540 4000 Patribus
2597 3961 2652 4002 ut
2687 3949 2944 4017 Ecclesiae
2988 3955 3267 4013 defensori
3330 3976 3612 4018 concessa.

2041 4030 2282 4086 Advocat
2313 4033 2475 4103 igitur
2498 4037 2550 4090 in
2580 4039 2791 4105 urbem,
2830 4045 2995 4112 regiis
3024 4047 3139 4102 suis
3159 4047 3376 4112 litteris,
3406 4052 3615 4107 vicinos

2041 4122 2326 4191 epiSCOpos
2375 4138 2638 4194 quantum
2690 4131 2804 4186 tieri
2869 4144 3090 4203 potest;
3149 4154 3271 4192 nam
3325 4141 3371 4196 si
3426 4159 3614 4198 omnes

2043 4213 2318 4279 adessent,
2338 4233 2428 4271 res
2450 4231 2597 4274 esset
2629 4222 2784 4290 plane
2811 4229 3094 4282 canonica.
3116 4228 3193 4283 Illi
3229 4233 3391 4301 igitur
3421 4250 3614 4292 secun-

2046 4307 2171 4360 dum
2208 4309 2390 4377 regias
2417 4309 2627 4367 litteras
2665 4314 2827 4368 simul
2859 4332 2983 4370 cum
3028 4320 3094 4374 iis
3127 4321 3218 4389 qui
3253 4324 3303 4373 in
3336 4327 3467 4376 urbe
3499 4336 3612 4377 tum

2044 4399 2409 4452 versanturin
2445 4399 2564 4455 loco
2596 4417 2753 4457 sacro
2805 4419 3230 4478 congregantur.
3265 4412 3338 4464 Ex
3391 4416 3612 4483 ιιιιιιιιιιί

2048 4497 2228 4542 autem
2280 4495 2680 4550 consuetudine
2733 4499 2834 4550 soli
2900 4515 3005 4552 non
3053 4517 3492 4571 congregantur,
3550 4524 3615 4560 ne

374 4580 607 4647 ἀρχαῖον
655 4575 776 4639 ἐθος
827 4577 887 4629 τὸ
939 4575 1012 4644 μὴ
1074 4577 1270 4644 μόνους
1320 4577 1671 4645 συνάγεσθαι,
1724 4579 1810 4631 ἵνα
1868 4581 1942 4650 μὴ
1980 4571 2138 4633 Dsclt

1868 4581 1942 4650 μὴ
1980 4571 2020 4624 D
2047 4580 2340 4635 schismata
2372 4583 2513 4638 inter
2551 4600 2643 4640 eos
2673 4599 2725 4640 et
2775 4590 3045 4646 tumultus
3080 4595 3418 4663 εοιιιίιηςιιιιι.
3469 4601 3611 4651 (jou-

376 4669 658 4739 σχίσματά
682 4685 804 4722 τινα
831 4669 1071 4737 συμϐαίη
1096 4668 1347 4735 γενέσθαι
1370 4671 1466 4723 κοιλ⁵
1487 4671 1754 4740 ταραχάς.
1777 4672 1944 4724 Συνά·

375 4779 570 4830 γονται
599 4761 655 4813 δὲ
685 4761 786 4812 οὐκ
814 4761 872 4811 ἐν
899 4760 976 4828 τῷ
1009 4762 1232 4830 μεγάλῳ
1266 4760 1375 4830 ναῷ
1398 4763 1489 4814 τοῦ
1522 4764 1942 4833 πατριαρχείου,

375 4857 465 4909 ὅτι
503 4847 846 4920 πατριάρχης
887 4853 986 4902 οὐκ
1032 4851 1167 4913 ἐστι,
1209 4857 1302 4903 καὶ
1354 4852 1525 4905 οὖτινι
1562 4853 1712 4906 ἄδεια
1766 4858 1944 4908 ἐκεῖσε

379 4944 740 5013 παραϐαλεῖν,
761 4943 876 4996 ἀλλ’
904 4945 960 4994 ἐν
995 4943 1074 5011 τῷ
1103 4943 1210 4996 τῶν
1243 4945 1410 5011 ἁγίων
1449 4946 1787 5000 Ἀποστόλων
1818 4948 1948 5018 Θείῳ

381 5035 564 5106 σηκῷ,
598 5035 686 5088 διὰ
714 5035 813 5102 τὴν
842 5036 1000 5103 χάριν
1034 5036 1142 5086 τῶν
1189 5036 1521 5099 ἀποστόλων,
1561 5038 1653 5091 καὶ
1694 5041 1775 5091 ὅτι
1817 5041 1947 5093 ἀπο-

380 5127 627 5180 στολικὸν
653 5132 714 5177 τὸ
739 5127 1137 5194 λειτούργημα,
1192 5130 1284 5179 καὶ
1331 5128 1516 5198 κύκλῳ
1548 5130 1604 5181 δὲ
1646 5133 1703 5184 αἱ
1737 5133 1947 5196 εἰκόνες

379 5218 492 5272 τῶν
518 5217 847 5279 ἀποστόλων,
873 5217 947 5278 ὡς
978 5219 1071 5270 καὶ
1103 5219 1160 5270 ἐν
1189 5218 1264 5287 τῷ
1292 5218 1610 5289 ψηφιφορίῳ
1636 5223 1683 5272 οἱ
1718 5223 1949 5274 ἀπόστο-

377 5316 468 5364 λοι
501 5311 884 5379 ἀνιστόρηνται
913 5309 1120 5362 ἄνωθεν
1161 5311 1221 5361 τὸ
1249 5311 1472 5381 Πνεῦμα
1503 5313 1804 5382 δεχόμενοι.
1838 5317 1948 5384 Τῆς

383 5402 554 5471 εὐχῆς
587 5398 699 5465 οὖν’
736 5403 826 5453 καὶ
847 5402 954 5452 τῶν
984 5401 1148 5468 τριῶν
1178 5403 1372 5468 φώτων
1415 5405 1508 5456 καὶ
1540 5406 1632 5460 τοῦ
1670 5407 1950 5477 θυμιάμα-

381 5511 500 5560 τος,
527 5497 620 5546 καὶ
647 5494 740 5545 τοῦ
771 5489 1142 5560 μνημοσύνου,
1186 5492 1278 5544 καὶ
1307 5494 1404 5563 τῆς
1440 5494 1754 5560 ἀπολύσεως
1799 5503 1948 5569 παρὰ

384 5587 484 5642 τοῦ
518 5585 736 5655 πρώτου
764 5583 1064 5651 ἀρχιερέως
1089 5583 1448 5637 τελεσθέντων
1473 5628 1486 5650 ,
1525 5590 1967 5656 συμψαλλόντων

385 5679 487 5733 καὶ
544 5677 953 5744 συνευχομένων
1014 5676 1106 5726 καὶ
1166 5675 1274 5727 τῶν
1327 5676 1550 5743 λοιπῶν,
1610 5683 1750 5734 κατά
1798 5685 1951 5750 τάξιν

385 5773 678 5840 κάθηνται,
714 5770 872 5840 μόνον
898 5767 991 5822 τοῦ
1023 5768 1436 5840 χαρτοφύλακος
1476 5773 1656 5837 αὐτοῖς
1684 5791 1949 5844 συμπαρ.

384 5865 564 5926 όντος,
595 5862 688 5916 καὶ
731 5860 803 5923 ὡς
853 5858 971 5923 ἔθος
1013 5861 1068 5912 αἱ
1119 5859 1287 5929 ψῆφοι
1333 5862 1392 5916 ἐν
1423 5866 1568 5934 τρισὶ
1615 5866 1950 5935 προσώποις,

2047 4685 2344 4744 gregantur
2376 4684 2558 4730 autem
2617 4693 2725 4732 non
2767 4681 2820 4734 in
2864 4696 3060 4751 magno
3112 4688 3422 4753 patriarchii
3487 4701 3616 4742 tctn-

2050 4764 2158 4834 plo,
2182 4779 2248 4818 eo
2284 4765 2426 4833 quod
2461 4781 2565 4820 non
2594 4779 2676 4822 est
2730 4772 3064 4838 patriarcha.
3128 4779 3441 4845 nominique
3491 4780 3614 4832 lit-et

2048 4855 2179 4910 illud
2213 4855 2491 4922 accedere,
2515 4860 2607 4912 sed
2647 4860 2701 4913 in
2741 4849 2920 4914 divina
2962 4863 3282 4920 Sanctorum
3331 4870 3614 4936 Apostolo-

2049 4965 2170 5003 rutn
2221 4950 2473 5016 ecclesia,
2532 4961 2643 5004 tum
2690 4962 2910 5024 propter
2961 4959 3190 5025 gratiam
3238 4963 3610 5028 apostolicam,

2051 5050 2164 5095 tum
2203 5051 2424 5111 propter
2485 5043 2855 5100 ministerium
2894 5050 3268 5116 apostolicum.
3318 5051 3474 5106 Circa
3519 5072 3562 5106 et
3589 5073 3614 5109 s

2048 5149 2298 5203 appenszc
2334 5144 2463 5189 sunt
2493 5137 2872 5205 apostolorum
2906 5141 3190 5209 imagines,
3221 5145 3364 5196 velut
3411 5145 3463 5196 in
3498 5145 3614 5198 loco

2050 5225 2431 5294 sullrag'torum
2458 5227 2808 5281 ferendorum
2850 5229 3074 5283 historia
3103 5234 3474 5300 apostolorum
3503 5251 3614 5289 cm-

2053 5320 2181 5371 Iitus
2205 5316 2468 5385 Spiritum
2507 5319 2884 5388 recipientium
2923 5322 3140 5390 depingi
3196 5335 3457 5379 consueta
3506 5338 3608 5383 est.

2050 5409 2305 5462 Oratione
2337 5409 2498 5477 igitur
2525 5419 2577 5464 et
2609 5411 2784 5464 tribus
2819 5414 3137 5477 luminibus,
3169 5424 3222 5468 et
3255 5416 3432 5471 thuris
3464 5420 3611 5471 suni-

2053 5509 2133 5562 tu,
2166 5509 2218 5552 et
2248 5502 2600 5564 monimento,
2634 5510 2686 5553 et
2732 5501 3077 5556 absolutione
3132 5508 3199 5557 ab
3235 5506 3610 5574 episcoporum

2053 5591 2226 5659 primo
2287 5589 2541 5658 perfectis
2577 5629 2592 5654 ,
2651 5592 2862 5646 caeteris
2925 5595 3087 5648 sitnul
3146 5598 3503 5664 psallentibus
3559 5612 3613 5653 et

2054 5679 2525 5748 comprecantibus
2557 5680 2746 5734 ordine
2778 5685 2984 5749 sedent,
3022 5688 3139 5741 solo
3191 5690 3614 5759 chartophylacc

2057 5772 2189 5839 ipsis
2248 5771 2588 5824 considente.
2680 5771 2945 5840 Sull‘ragia
3040 5785 3220 5829 autent
3313 5761 3654 5851 secundum.

2060 5862 2563 5924 consuetudinem,
2632 5876 2688 5917 ut
2747 5864 3004 5928 diximus,
3065 5868 3115 5921 in
3173 5878 3281 5923 tres
3357 5885 3614 5935 personas
