4480 6458
854 424 957 490 Mi

1601 423 1988 487 SYMEONIS
2017 421 2780 487 THESSALON‘ICENSIS
2815 427 3172 492 ARCHIEP.

3999 423 4114 488 “8

855 538 1125 601 rantihus,
1186 547 1238 592 et
1279 537 1332 591 in
1379 538 1498 592 loco
1555 545 1818 591 consueto
1883 550 2070 590 sacras
2131 535 2301 590 stolas
2343 551 2430 588 ve-
2462 537 2503 592 Α
2537 535 2624 588 τῶ·

2346 551 2430 588 ve-
2462 537 2503 592 Α
2537 535 2645 588 τῶν
2679 539 3097 609 μητροπολιτῶν
3125 539 3599 610 προσκυνούντων,
3634 539 3728 592 καὶ
3763 541 3819 592 ὲν
3843 539 3924 608 τῷ
3979 556 4115 594 συν-

851 629 1168 697 stientihns,
1197 631 1289 698 qui
1333 640 1516 699 postea
1570 627 1624 681 in
1668 638 1910 696 tempore
1946 627 2210 682 lntroitus
2247 624 2426 678 missae.

854 721 1210 773 advocantur.
1244 718 1471 771 lntroitn
1525 717 1668 772 facto
1701 716 1877 771 fausta
1915 716 2236 771 acclamatio
2285 713 2424 768 infe-

855 819 974 870 rius
1025 829 1134 870 non
1167 816 1248 878 ﬁt,
1284 813 1379 870 sed
1434 815 1487 868 in
1533 817 1866 886 synthrono,
1899 815 2046 870 velut
2098 815 2152 880 in
2183 813 2426 883 episcopi

855 907 1218 962 ordinatione.
1258 907 1506 978 Trisagio
1545 908 1840 964 decantata
1896 919 1949 962 et
1988 897 2240 962 oratione
2278 908 2428 962 ﬁnita

857 999 1000 1053 cerei
1033 999 1344 1065 traduntur,
1382 1008 1438 1054 et
1487 1001 1706 1070 plurimi
1761 1001 2140 1054 accenduntur
2207 1009 2432 1071 propter

858 1089 1093 1159 Spiritus
1135 1091 1366 1160 gratiam
1396 1092 1826 1162 signiﬁcandam,
1864 1107 1985 1161 qua:
2033 1102 2148 1147 tum
2204 1093 2258 1147 in
2319 1093 2433 1162 epi-

857 1197 1033 1251 scopo
1072 1182 1364 1238 innovatur
1413 1184 1480 1237 ad
1531 1184 1782 1238 Ecclesiae
1850 1185 2132 1240 catholicae
2203 1186 2433 1241 admini-

859 1275 1178 1330 strationem
1252 1274 1648 1343 suscipiendam
1706 1285 1761 1329 et
1840 1277 2259 1346 aggrediendam
2339 1294 2434 1347 per

863 1365 1033 1431 ipsius
1063 1367 1116 1418 in
1143 1367 1327 1420 divino
1354 1367 1552 1424 throno
1583 1368 1952 1434 patriarciiico
1987 1369 2430 1424 collocationem.

860 1453 1200 1508 Credendum
1231 1456 1375 1509 enim
1407 1467 1492 1511 est
1527 1460 1757 1526 gratiam
1804 1459 2174 1516 abundantius
2225 1471 2279 1515 et
2311 1476 2437 1530 pro-

863 1544 1037 1616 fusius
1070 1545 1122 1597 in
1153 1560 1276 1599 eum
1311 1546 1587 1611 advenire,
1620 1555 1678 1602 ut
1722 1548 2115 1603 corroboretur
2159 1550 2225 1604 ad
2260 1549 2436 1620 majus

861 1635 1102 1688 divinum
1131 1650 1268 1704 opus
1307 1644 1362 1689 et
1402 1637 1763 1693 ministerium
1796 1654 1895 1708 pro
1942 1640 2198 1694 omnibus
2251 1639 2438 1695 Eccle-

864 1725 961 1778 siis
1001 1726 1370 1804 subeundum.
1412 1727 1546 1782 Nam
1628 1730 1928 1784 secundum
2017 1733 2431 1802 pr0portionem

867 1812 1153 1871 ministerii
1191 1818 1525 1880 demandati.
1553 1822 1727 1890 major
1759 1823 2054 1893 unicuique
2084 1824 2436 1888 illuminatiu,

865 1915 919 1960 t-t
970 1910 1164 1973 gratia,
1194 1917 1248 1962 et
1299 1903 1535 1965 virtns'a
1571 1912 1682 1966 Deo
1710 1915 2090 1983 suppeditatur
2119 1935 2131 1971 :
2164 1935 2182 1967 ι
2224 1915 2438 1970 Haben--

869 2006 975 2062 tes,
1012 1998 1211 2068 inquit,
1244 2001 1573 2058 donationes
1603 2004 1919 2061 differentes
1963 2007 2264 2062 secundum
2311 2022 2436 2077 gra-

870 2088 1000 2141 tiam
1063 2091 1221 2143 nobis
1253 2091 1459 2153 datam,
1527 2094 1643 2148 sive
1710 2097 2050 2165 pr0plieliam
2137 2098 2436 2151 secundum

868 2182 1135 2236 rationem
1175 2183 1326 2246 ﬁdei,
1358 2185 1471 2238 sive
1500 2186 1886 2253 ministerium,
1912 2189 1965 2241 in
1999 2189 2361 2244 ministrando
2385 2207 2433 2256 ;i

867 2273 1076 2342 reliqua
1114 2275 1336 2343 insuper
1387 2286 1675 2331 enumerat
1712 2278 2029 2348 Apostolus.

941 2366 1207 2421 Ceterum
1271 2369 1578 2438 patriarcha
1615 2370 1739 2426 licet
1774 2374 2088 2444 episcopus,
2132 2376 2438 2432 secundum

871 2467 1055 2513 tamen
1093 2461 1453 2516 ministerium
1505 2481 1616 2533 quo
1672 2464 1919 2536 fungitur
1955 2470 2217 2538 majorem
2248 2473 2444 2541 accipit

870 2556 1119 2623 gratiam,
1177 2559 1411 2613 maxime
1439 2577 1562 2614 cum
1622 2563 1676 2616 in
1737 2562 2003 2631 dignitate
2033 2565 2124 2617 illa
2155 2568 2443 2620 constitui-

871 2656 982 2700 tnr.
1019 2648 1142 2700 Ideo
1178 2649 1559 2705 accenduntur
1595 2651 1911 2716 luminaria,
1953 2652 2209 2706 omnibus
2247 2656 2444 2708 stanti-

872 2741 975 2794 bus
1033 2743 1332 2795 secundum
1391 2745 1639 2797 ordinem
1694 2759 1852 2798 suum
1907 2745 1960 2799 in
2013 2747 2273 2816 gradibus
2305 2747 2442 2809 suis,

872 2829 1092 2899 duoque
1129 2835 1293 2902 primi
1347 2836 1588 2904 episcopi
1623 2836 1915 2904 prodeunt,
1949 2846 2002 2891 et
2046 2837 2276 2892 electrum
2307 2837 2449 2893 acci-

875 2927 1031 2994 piunt
1075 2941 1138 2980 ex
1174 2936 1411 2996 utroque
1471 2927 1663 2991 latere,
1689 2937 1742 2981 et
1780 2928 1833 2980 in
1886 2927 2130 2982 divinum
2188 2929 2445 2983 thronum

873 3021 1168 3087 collocant,
1228 3022 1646 3090 cxclamantque
1715 3021 1870 3086 illud,
1929 3042 1946 3074 r
1986 3021 2206 3090 Dignus,
2247 3041 2266 3074 ›
2303 3022 2447 3091 quod

874 3126 1060 3182 postea
1095 3122 1176 3166 ter
1225 3124 1478 3166 cantatur
1507 3113 1576 3166 ah
1628 3112 1883 3167 omnibus
1913 3114 2085 3166 sacris
2138 3111 2450 3168 hominibus

2530 626 2652 696 ήθει
2682 630 2835 698 τόπῳ
2880 631 2978 693 τάς
3018 632 3168 701 ἱερὰς
3224 631 3701 701 περιϐαλλομένων
3735 629 3950 690 στολὰς,
4016 629 4118 679 καὶ

2529 722 3040 791 προσκαλουμένων
3080 723 3330 791 συνήθως
3363 723 3421 776 ἐν
3453 722 3532 792 τῷ
3583 723 3763 792 καιρῷ
3813 721 3914 790 τῆς
3961 722 4118 774 clad-

2529 811 2642 865 δου.
2679 810 2827 864 Μετὰ
2850 813 2947 882 τήν
2979 814 3186 867 είσοδον
3216 815 3274 867 δὲ
3316 817 3348 884 ή
3412 817 3568 884 φήμη
3599 817 3750 870 κάτω
3778 815 3838 867 οὗ
3874 815 4116 880 γίνεται,

2532 902 2646 955 ἀλλ’
2675 903 2751 968 ὡς
2776 907 2833 958 ὲν
2859 905 3168 977 ἀρχιερέως
3203 908 3530 978 χειροτονίᾳ,
3561 911 3620 961 ὲν
3675 907 3753 977 τῷ
3810 908 4116 976 συνθρόνῳ.

2533 997 2688 1050 Μετά
2715 999 2824 1069 γὰρ
2852 999 2913 1052 τὸ
2946 995 3243 1070 Τρισάγιον
3315 1001 3410 1053 καὶ
3437 1002 3535 1067 τὴν
3567 1000 3760 1069 εὐχὴν,
3814 999 4123 1069 κηροδοσία

2533 1090 2770 1157 γίνεται,
2800 1092 3199 1162 ἀναπτομένων
3227 1092 3421 1161 φώτων
3445 1093 3656 1146 πολλῶν
3685 1093 3773 1146 διὰ
3817 1094 3916 1162 τὴν
3951 1092 4119 1160 χάριν

2535 1180 2632 1235 τοῦ
2670 1184 3014 1248 Πνεῦματος,
3066 1183 3530 1252 ὲγκαινιζομένην
3580 1175 3928 1253 τῷ’ίεράρχῃ
3981 1183 4124 1251 πρὸς

2536 1272 2638 1342 τὴν
2671 1273 2768 1341 τῆς
2825 1274 3121 1344 καθολικῆς
3166 1275 3497 1345 Ἐκκλησΐας
3537 1254 3958 1344 οίκονομίανΙτε
4024 1275 4125 1326 καὶ

2537 1363 2858 1438 ἐγχείρησιν
2890 1365 2975 1444 didi
3001 1368 3096 1435 τῆς
3126 1367 3185 1418 ἐν
3207 1365 3284 1436 τῷ
3317 1366 3447 1434 θείῳ
3503 1365 3678 1436 θρόνῳ
3729 1365 3806 1434 τῷ
3845 1383 4126 1434 πατριαρ-

2539 1454 2681 1524 χικῷ
2719 1456 2874 1523 ίερὶς
2923 1457 3322 1527 κσθιδρύσεως.
3368 1459 3689 1527 Ἐπιφοιτᾷν
3739 1459 3850 1529 γὰρ
3894 1460 4127 1527 δαψιλέ-

2541 1564 2732 1615 στερον
2784 1548 2934 1618 αὐτῷ
2992 1550 3331 1614 πιστευτέον,
3375 1551 3450 1614 ὼς
3519 1548 3792 1620 ἐνισχύειν
3863 1552 4005 1621 προς
4067 1553 4128 1603 τὸ

2544 1637 2732 1706 μεῖζον
2759 1639 2899 1706 ὑπὲρ
2931 1642 3125 1693 πασῶν
3149 1641 3258 1695 τῶν
3290 1642 3600 1711 ἐκκλησιῶν
3635 1643 3816 1696 ἔνθεον
3844 1643 4011 1711 ἔργον
4034 1645 4128 1696 καὶ

2543 1730 2924 1801 ὑπηρέτημα’
2981 1734 3064 1785 ὅτι
3118 1736 3214 1788 καὶ
3265 1733 3532 1804 ιλλαμψις
3575 1735 3779 1802 μείζων
3811 1739 3907 1786 καὶ
3964 1736 4128 1803 χάρις

2543 1821 2637 1874 καὶ
2665 1822 2898 1892 δύναμις
2924 1824 3067 1879 κατά
3095 1825 3192 1891 τὴν
3223 1825 3521 1894 ἀναλογίαν
3551 1825 3649 1894 τῆς
3683 1825 3962 1885 διακονίας
3996 1826 4129 1878 ἑκά-

2544 1932 2654 1982 στῳ
2714 1918 3050 1984 χορηγεῐται.
3093 1935 3110 1968 ι
3145 1917 3400 1985 Ἔχοντες
3453 1917 3551 1980 δὲ,
3584 1919 3747 1986 φησι,
3804 1905 4127 1987 χαρίσματα

2542 2007 2687 2060 κατά
2738 2010 2841 2077 τήν
2887 2009 3049 2077 χάριν
3086 2008 3183 2078 τὴν
3237 2009 3489 2062 δοθεῖσαν
3550 2009 3682 2077 ἡμῖν
3716 2008 3981 2078 διάφορα,
4018 2011 4129 2062 εἴτε

2544 2099 2888 2166 προφητείαν
2962 2096 3103 2153 κατά
3164 2100 3263 2168 τήν
3311 2101 3609 2167 ἀναλογίαν
3674 2101 3775 2166 τῆς
3839 2104 4127 2163 πίστεως,

2543 2191 2654 2242 εἴτε
2688 2189 2966 2243 διακονίαν
2996 2191 3052 2242 ὲν
3079 2192 3144 2261 τῇ
3179 2191 3449 2261 διακονίᾳ,
3479 2209 3496 2242 ι
3533 2191 3628 2244 καὶ⁵
3659 2190 3824 2244 λοιπά
3859 2191 4131 2243 ἔτικατα·

2541 2284 2713 2352 λέγει.

2617 2375 2822 2430 Λοιπὸν
2849 2377 2877 2429 ό
2911 2377 3259 2446 πατριάρχης
3303 2378 3348 2428 εί
3378 2379 3472 2430 καὶ
3524 2377 3846 2443 ἐπίσκοπος,
3893 2378 4014 2430 ἀλλ’
4041 2375 4136 2433 οὖν

2546 2467 2689 2521 κατὰ
2709 2467 2818 2536 ’τὴν
2853 2466 3131 2521 διακονίαν
3158 2469 3255 2521 καὶ
3285 2466 3458 2537 μείζω
3488 2469 3752 2536 λαμϐάνει
3808 2471 3997 2539 χάριν,
4039 2473 4133 2525 καὶ

2553 2559 2756 2630 μᾶλλον
2784 2561 2958 2628 ὲντῷ
2983 2560 3482 2614 ἀποκαθίστασθαι.
3525 2561 3688 2613 Ὅθεν
3738 2564 3836 2615 καὶ
3885 2563 4135 2616 ἀναπτο-

2549 2653 2727 2722 μένων
2751 2651 2860 2705 τῶν
2888 2642 3103 2719 φώτων,
3140 2652 3359 2704 πάντων
3393 2653 3704 2718 ἱσταμένων
3736 2656 3795 2706 ιν
3826 2657 3950 2714 ταῖς
3997 2655 4137 2723 βαθο

2551 2744 2670 2810 μίσι
2704 2743 2848 2797 κατά
2876 2743 2977 2812 τὴν
3018 2744 3195 2809 τάξιν,
3221 2745 3325 2797 ὑπὸ
3347 2744 3442 2798 δύο
3497 2744 3607 2797 τῶν
3648 2745 3886 2813 πρώτων
3943 2748 4139 2814 ἀρχιε-

2553 2837 2698 2907 ρέων
2733 2835 3184 2905 ὲγκαθιδρύεται,
3222 2834 3616 2904 λαμϐανόντων
3655 2835 3820 2889 αὑτὸν
3857 2837 4141 2907 ἑκατέρως

2550 2929 2662 2992 Θεν,
2691 2931 2784 2982 καὶ
2802 2927 2880 2999 τῷ
2897 2929 3025 2996 θείῳ
3042 2929 3217 3000 θρόνῳ
3241 2930 3666 2996 ὲγκαθιζόντων,
3697 2930 3788 2982 καὶ
3808 2929 4141 2983 ἑκϐοὼντων

2549 3021 2612 3074 τὸ
2645 3022 2864 3089 Ἄξιος.
2911 3025 2976 3077 Ὀ
3007 3023 3071 3092 δὴ
3096 3024 3194 3076 καὶ
3216 3023 3483 3092 ψάλλεται
3513 3023 3632 3093 τρὶς
3661 3023 3816 3090 παρά
3847 3023 3955 3075 τῶν
3979 3024 4140 3087 ἐντὸς

2552 3116 2773 3167 πάντων
2804 3114 3138 3183 ἱερωμένων,
3171 3115 3263 3166 καὶ
3298 3116 3417 3183 τρὶς
3447 3114 3600 3182 παρά
3632 3114 3742 3165 τῶν
3789 3114 3946 3176 ἐκτὸς
3995 3112 4144 3181 ψαλ-

875 3209 967 3276 qui
1005 3216 1132 3260 sunt
1180 3206 1322 3258 intra
1396 3205 1788 3270 sanctuarium,
1844 3214 2034 3274 terque
2063 3206 2131 3258 ab
2194 3205 2450 3258 omnibus
2478 3226 2520 3282 ρ
2552 3207 2644 3258 τῶι

2372 3221 2450 3258 ius
2478 3226 2520 3282 ρ
2552 3207 2663 3258 τῶν
2707 3223 2767 3258 τε
2805 3205 2897 3259 καὶ
2921 3205 3225 3274 κληρικῶν.
3266 3207 3372 3258 Καὶ
3404 3207 3469 3258 ὲκ
3499 3205 3756 3275 δευτέρου
3803 3201 3957 3264 αὖθις
4015 3207 4141 3258 ἀνι-

876 3301 969 3370 (ιυὶ
1023 3310 1150 3353 sunt
1182 3306 1359 3361 extra,
1398 3299 1589 3366 psaltis
1620 3307 1672 3352 et
1706 3297 1942 3352 clericis.
2021 3297 2218 3351 lterum
2250 3312 2447 3351 secun-

875 3393 945 3446 do
1005 3399 1253 3459 surgunt,
1311 3399 1366 3444 et
1417 3391 1607 3444 sedent
1661 3389 1981 3451 clamantes,
2019 3408 2036 3439 ι
2079 3389 2306 3455 Dignus,
2342 3407 2360 3439 ι
2397 3397 2451 3442 et

877 3484 1070 3537 iterum
1103 3491 1186 3537 ter
1216 3481 1362 3536 intus
1411 3487 1467 3532 et
1528 3488 1681 3534 extra
1714 3481 2086 3535 sanctuarium
2139 3481 2270 3534 illud
2308 3480 2450 3548 psal-

879 3575 1041 3640 litur;
1075 3583 1130 3627 et
1181 3573 1340 3626 tertio
1371 3573 1622 3626 similiter
1675 3571 1744 3626 ab
1773 3573 1840 3625 iis
1880 3573 1933 3625 in
1974 3588 2030 3624 se
2054 3576 2154 3624 lem
2211 3571 2449 3623 colloca-

881 3677 989 3728 tur,
1024 3674 1236 3733 terque,
1277 3683 1295 3715 ι
1352 3662 1581 3733 Dignus,
1643 3681 1660 3714 ι
1733 3662 1952 3726 dicitur,
2003 3671 2055 3716 et
2119 3662 2387 3732 psallitur,
2420 3676 2449 3714 a

880 3757 1113 3813 sacratis
1143 3758 1303 3822 intra,
1338 3767 1390 3812 et
1422 3774 1451 3810 a
1487 3757 1677 3825 psaltis
1730 3768 1907 3811 extra.
1965 3757 2119 3810 Tunc
2186 3755 2365 3810 fausta
2393 3756 2454 3809 ﬁt

881 3851 1224 3916 acclamatio,
1249 3866 1371 3920 quae
1400 3860 1487 3905 est
1533 3865 1751 3910 sacrum
1801 3851 2074 3920 quoddam
2132 3850 2451 3922 mysterium

883 3944 1085 3999 Christi
1107 3957 1270 3998 cruce
1289 3951 1344 3998 et
1372 3950 1550 3997 morte
1571 3957 1668 3997 sua
1695 3943 1986 4008 vincentis,
2008 3952 2061 3998 et
2083 3958 2246 3997 carne
2270 3957 2453 3998 resur-

885 4037 1082 4106 gentis,
1121 4045 1177 4090 et
1209 4036 1453 4098 exaltati,
1486 4035 1748 4088 mundum
1811 4035 1914 4091 ﬁde
1968 4036 2032 4090 ad
2064 4051 2123 4091 se
2165 4037 2452 4094 trahentis.

890 4145 911 4180 ι
948 4129 1066 4197 Ipsa
1097 4137 1181 4182 est
1230 4130 1374 4180 enim
1409 4125 1638 4179 victoria
1688 4141 1808 4194 qua:
1833 4127 2097 4179 mundum
2139 4127 2292 4193 vicit,
2322 4127 2456 4183 ﬁdes

887 4227 1097 4279 nostra,
1131 4233 1150 4266 ι
1186 4222 1244 4268 ut
1268 4216 1340 4268 ait
1365 4213 1597 4269 dilectus
1619 4214 1939 4283 discipulus.
1971 4213 2101 4280 Qua:
2127 4231 2222 4285 per
2244 4217 2456 4284 episco-

886 4323 983 4378 pos
1015 4307 1217 4361 Christi
1245 4321 1470 4376 regnum
1504 4306 1648 4374 quod
1682 4314 1835 4358 antea
1861 4304 2136 4360 Christum
2168 4322 2460 4376 perseque-

888 4401 1070 4465 batur,
1110 4397 1330 4451 Christo
1383 4396 1617 4465 subegit.
1670 4394 1792 4450 ldeo
1850 4396 1905 4450 in
1938 4395 2040 4452 hac
2068 4396 2458 4453 acclamatione

888 4492 1250 4558 imperatores
1281 4489 1646 4557 praedicantur
1707 4488 1804 4556 pii,
1855 4501 1966 4545 non
2031 4488 2296 4553 inﬁdeles,
2356 4503 2458 4544 nec

2559 3298 2728 3351 στῶσί
2762 3316 2823 3352 τε
2858 3299 2954 3353 καὶ
2976 3299 3289 3362 καθίζουσι,
3353 3298 3583 3367 βοῶντες
3637 3298 3700 3349 τὸ
3751 3298 3976 3362 Ἀξιος.
4025 3299 4145 3352 Καὶ

2558 3392 2725 3443 πάλιν
2761 3389 2920 3444 τοῦτο
2973 3392 3093 3460 τρὶς
3149 3390 3299 3452 ἐντός
3334 3406 3393 3441 τε
3447 3391 3542 3443 καὶ
3598 3388 3802 3452 ἔξωθεν
3838 3390 4138 3458 ψάλλεται.

2559 3481 2673 3533 Καὶ
2701 3479 2887 3546 τρίτον
2925 3481 3128 3548 ὁμοίως
3158 3478 3526 3546 ὲνθρονίζεται
3554 3478 3684 3545 παρ’
3714 3479 3913 3544 αὐτῶν,
3944 3482 4042 3533 καὶ
4074 3483 4143 3535 τδ

2563 3591 2581 3623 ι
2629 3573 2813 3636 Ἀξιος
2851 3591 2869 3623 ο
2908 3571 3128 3639 λέγεται
3163 3573 3258 3625 καὶ
3283 3570 3549 3640 ψάλλεται
3602 3572 3726 3639 τρὶς
3758 3573 3907 3641 παρὰ
3935 3590 3991 3624 τε
4026 3575 4145 3628 τῶν

2562 3664 2874 3734 ἱερωμένων
2914 3648 3206 3726 ὲντὸςξκαὶ
3237 3662 3388 3730 παρά
3419 3660 3528 3714 τῶν
3549 3659 3771 3729 ψαλτῶν
3811 3661 3991 3724 ἐκτός.
4027 3664 4144 3715 Καὶ

2559 3758 2682 3810 τότε
2713 3758 2745 3825 ή
2779 3756 2942 3825 φήμη
2977 3755 3189 3822 γίνεται
3213 3769 3227 3783 ο
3264 3755 3387 3823 ήτις
3421 3753 3486 3822 δὴ
3514 3754 3608 3804 καὶ
3648 3752 3771 3822 ίερά
3797 3755 3913 3806 ἐστι
3936 3754 4143 3826 τελετὴ

2561 3848 2657 3900 τοῦ
2693 3847 2935 3917 Χριστοῦ
2992 3847 3320 3916 νικήσαντος
3365 3844 3442 3914 τῷ
3492 3843 3713 3914 σταυρῷ
3762 3843 3859 3896 καὶ
3893 3844 4144 3916 θανάτῳ,

2561 3941 2658 3992 καὶ
2690 3940 3025 4003 ἀναστάντος
3065 3939 3232 4009 σαρκὶ
3260 3935 3355 3990 καὶ
3383 3935 3786 4005 ἀνυψωθέντος,
3808 3935 3897 3987 τὸν
3926 3935 4147 4005 κόσμον

2562 4032 2890 4094 ὲλκύσαντος
2918 4034 2984 4100 τῇ
3017 4030 3197 4084 πίστει
3228 4028 3594 4084 αὑτοῦ.Ἐπεὶ
3629 4029 3723 4081 καὶ
3765 4046 3783 4079 ι
3818 4027 3964 4097 Abh
3985 4029 4146 4080 ἐστὶν

2562 4125 2596 4193 ὴ
2629 4124 2806 4194 νίκηή
2839 4125 3110 4192 νικήσασα
3159 4121 3249 4174 τὸν
3271 4121 3498 4185 κόσμον,
3557 4123 3590 4190 ὴ
3626 4120 3808 4181 πίστις
3843 4119 4020 4190 ήμῶν,
4065 4141 4087 4173 ι
4119 4125 4147 4173 ό

2561 4215 2920 4285 ήγαπημόνος
2956 4214 3155 4283 φησίν·
3210 4216 3334 4284 ἥτις
3385 4214 3481 4267 καὶ
3536 4212 3627 4264 διὰ
3687 4212 3794 4264 τῶν
3835 4213 4147 4282 ἀρχιερέων

2563 4306 2808 4378 Χριστοῦ
2824 4305 3254 4376 ’τὴνβασιλείαν
3293 4306 3393 4373 τὴν
3423 4305 3512 4358 τὸν
3543 4305 3780 4373 Χριστὸν
3832 4304 3961 4372 πρὶν
4013 4303 4149 4356 ϐιώ-

2565 4418 2768 4456 κουσαν
2822 4397 2900 4469 τῷ
2937 4397 3159 4468 Χριστῷ
3204 4395 3574 4459 καθυπέταξε.
3625 4394 3716 4447 Διὸ
3761 4395 3855 4447 καὶ
3897 4394 4152 4462 βασιλεῖς

2568 4489 3045 4560 ἀνακηρύττονται
3095 4487 3363 4550 εὐσεϐεῖς,
3397 4487 3496 4539 οὐκ
3532 4487 3776 4546 ἀπιστοι,
3809 4485 3931 4536 οὐδὲ
3960 4487 4150 4555 ἑτερό-

890 4586 1068 4641 aliena
1095 4587 1385 4654 sapientes,
1452 4599 1751 4653 eorumque
1781 4583 1910 4637 anni
1969 4591 2230 4652 optantur
2279 4582 2456 4650 multi,
2493 4575 2536 4631 D
2567 4601 2659 4655 φρι

2384 4582 2456 4650 lti,
2493 4575 2536 4631 Ι)
2567 4600 2788 4655 φρονες.
2818 4581 2932 4636 Καὶ
2973 4581 3181 4634 τούτων
3211 4577 3384 4632 πολλά
3411 4578 3662 4644 λέγονται
3691 4575 3760 4628 τὰ
3799 4576 3917 4642 ἐτη,
3953 4577 4037 4638 είς
4091 4578 4153 4629 τὸ

891 4680 968 4733 uti
1031 4684 1383 4749 permaneant
1438 4691 1700 4746 semper;
1760 4691 1887 4728 nam
1938 4676 2089 4745 regni
2117 4674 2322 4731 Christi
2352 4689 2460 4730 non

891 4771 997 4827 erit
1060 4769 1203 4825 ﬁnis.
1277 4764 1636 4837 Episcopatus
1692 4775 1874 4820 autem
1940 4761 2064 4831 cum
2124 4782 2289 4837 regno
2349 4767 2466 4821 [au-

892 4863 997 4916 stis
1030 4858 1521 4914 acclamationibus
1563 4856 1935 4921 denuntiatur,
1962 4871 2028 4910 eo
2075 4855 2219 4924 quod
2254 4857 2466 4925 episco-

894 4967 1052 5027 patus
1106 4969 1331 5024 regnum
1397 4953 1618 5008 Christo
1666 4953 1899 5022 subegit,
1927 4964 1982 5006 et
2028 4952 2466 5007 Christianorum

896 5049 1179 5119 imperium
1245 5043 1567 5111 constituit;
1629 5045 1835 5098 Christi
1901 5055 2032 5097 vero
2100 5056 2325 5111 regnum
2385 5051 2469 5097 est

894 5152 1195 5204 aeternum;
1229 5138 1430 5191 dicitur
1499 5137 1694 5189 enim:
1758 5155 1776 5188 ‹
1813 5132 1894 5188 Tu
1984 5149 2045 5188 es
2097 5133 2352 5188 sacerdos
2414 5135 2466 5187 in

895 5229 1175 5288 s:eeu|um.
1209 5231 1310 5281 hoc
1335 5235 1420 5282 est
1449 5242 1684 5295 semper,
1717 5224 2016 5280 secundum
2047 5225 2298 5278 ordinem
2334 5222 2466 5277 Mel-

900 5319 1216 5383 chisedech,
1257 5337 1275 5368 ι
1314 5335 1418 5371 non
1461 5328 1646 5372 autem
1678 5317 1978 5371 secundum
2011 5315 2207 5384 legem.
2273 5313 2346 5368 Ea
2403 5313 2472 5368 de

899 5427 1066 5466 causa
1097 5411 1361 5464 clamante
1393 5411 1646 5474 diacono,
1676 5427 1693 5459 ι
1732 5408 2017 5477 Sapienter
2048 5405 2417 5468 attendamus,
2447 5426 2465 5456 ι

897 5504 1004 5559 alta
1041 5517 1171 5558 voce
1199 5501 1408 5570 profert
1444 5501 1776 5570 patriarcha,
1819 5518 1837 5551 ι
1873 5498 1979 5552 Pax
2029 5497 2305 5552 omnibus.
2339 5515 2356 5547 ι
2391 5497 2472 5548 Ad

901 5593 1048 5663 quod
1105 5607 1322 5656 omnes,
1351 5599 1409 5644 ut
1467 5591 1726 5658 diximus,
1794 5606 1990 5661 magna
2040 5606 2164 5646 cum
2218 5604 2348 5643 cura
2391 5596 2476 5641 αι·

906 5686 1130 5740 tendere
1170 5693 1420 5755 Oportet;
1469 5686 1755 5753 episcopos
1806 5699 1933 5738 vero
1987 5690 2043 5738 et
2117 5683 2476 5753 presbyteros

909 5786 1149 5832 attentos
1178 5787 1319 5831 stare
1341 5785 1394 5830 et
1426 5777 1473 5831 ei
1508 5775 1856 5843 respondere,
1906 5795 1924 5827 ι
1954 5774 2016 5828 Ει
2051 5773 2265 5844 spiritui
2298 5783 2412 5838 tuo,
2453 5790 2469 5822 ι

913 5870 1099 5941 sit-quc
1151 5870 1378 5935 sedere;
1449 5868 1705 5940 populqu
1770 5867 2018 5925 similiter
2080 5882 2211 5936 pace
2259 5875 2477 5936 accepta

2565 4672 2844 4742 διαμένειν
2874 4670 3003 4723 ἀεί·
3033 4671 3117 4723 ὅτι
3164 4669 3258 4720 καὶ
3289 4667 3387 4737 τῆς
3434 4666 3716 4736 βασιλείας
3755 4665 4000 4735 Χριστοῦ
4049 4667 4152 4720 οὐκ

2567 4763 2721 4815 ἔσται
2749 4760 2927 4821 τέλος.
2954 4759 3060 4813 Καὶ
3090 4759 3124 4828 ή
3156 4755 3544 4826 ἀρχιερωσύνη
3574 4755 3630 4806 δι
3665 4755 3763 4806 σὺν
3791 4756 3858 4822 τῇ
3894 4753 4154 4825 βασιλείᾳ

2569 4851 2988 4922 ἀναγορεύεται,
3021 4849 3105 4901 ὅτι
3137 4847 3230 4900 καὶ
3263 4849 3295 4916 ή
3325 4843 3707 4921 ἀρχιερωσύνη
3739 4842 3838 4914 τὴν
3862 4843 4153 4913 βασιλείαν

2570 4944 2796 5014 Χριστῷ
2827 4940 3199 5005 καθυπὲταξε,
3242 4939 3335 4993 καὶ
3365 4939 3503 5006 αὓτη
3539 4936 3637 5006 τὴν
3665 4933 4018 5006 Χριστιανῶν
4053 4935 4152 5005 βαο

2573 5038 2784 5091 σιλείαν
2823 5036 3088 5104 καθιστᾷο
3121 5032 3217 5084 καὶ
3263 5032 3297 5101 ή
3327 5029 3421 5084 τοῦ
3473 5027 3708 5100 Χριστοῦ
3755 5030 4154 5100 ἀρχιερωσύνη

2571 5130 2808 5190 αἰώνιος.
2863 5146 2881 5179 ι
2923 5127 2994 5178 Σὺ
3023 5125 3201 5194 ἱερεὺς
3244 5123 3371 5193 γὰρ,
3418 5122 3608 5191 φησὶν.
3659 5122 3739 5182 de
3798 5121 3888 5174 τὸν
3952 5121 4154 5182 alii”.

2573 5221 2813 5274 τουτέστι
2840 5217 3154 5280 διαπαντὸς,
3184 5215 3326 5268 κατά
3395 5211 3494 5282 τὴν
3536 5212 3688 5276 τάξιν
3721 5211 4091 5280 Μελχισεδὲκ,
4133 5231 4150 5262 ι

2575 5311 2669 5362 καὶ
2689 5309 2749 5360 οὐ
2779 5309 2918 5360 κατὰ
2944 5307 3126 5374 νόμον.
3145 5305 3252 5356 Καὶ
3270 5300 3432 5366 οὕτω,
3459 5320 3477 5353 ι
3506 5303 3677 5371 Σοφία
3707 5301 4150 5370 πρόσσχωμεν,»

2577 5404 2868 5474 κράζοντος
2920 5401 3014 5453 τοῦ
3051 5397 3324 5462 διακόνου,
3390 5397 3471 5458 τὸ,
3518 5413 3536 5445 ι
3578 5395 3780 5462 Εἰρήνη
3815 5396 4013 5458 πᾶσιν,
4052 5412 4071 5444 ι
4131 5398 4158 5446 ὁ

2579 5495 2924 5566 πατριάρχης
2962 5491 3218 5556 ἑκφωνεί.
3256 5489 3392 5557 Περὶ
3446 5478 3531 5550 οὗ,
3562 5485 3637 5545 ὡς
3684 5485 4018 5554 εἰρήκαμεν,
4048 5486 4158 5538 εδει

2581 5587 2885 5657 φροντίζειν
2919 5583 3125 5643 πάντας
3150 5595 3163 5609 ο
3204 5579 3300 5632 καὶ
3328 5579 3408 5630 δεῖ
3455 5575 3783 5646 φροντίζειν,
3836 5574 3932 5626 καὶ
3967 5575 4157 5646 spx“-

2585 5683 2696 5749 ρεῖς
2753 5678 2849 5730 καὶ
2919 5675 3083 5742 ίερεῖς
3135 5669 3412 5732 ἵστασθαι,
3467 5669 3563 5720 καὶ
3611 5667 3938 5733 ἀντιφωνεῖν
3982 5665 4155 5735 αὐτῷ,

2590 5793 2607 5826 ι
2643 5774 2750 5825 Καὶ
2782 5769 2860 5838 τῷ
2909 5765 3182 5834 πνεύματί
3231 5779 3323 5815 σου
3350 5779 3362 5792 ·
3404 5779 3422 5812 ι
3469 5761 3564 5814 καὶ
3614 5755 3756 5811 οὕτω
3801 5757 4153 5821 καθέζεσθαι,

2583 5865 2675 5920 καὶ
2710 5863 2794 5916 τὸν
2849 5859 2976 5915 λαὸν
3005 5857 3204 5927 ὁμοίως
3237 5853 3528 5924 δεξάμενον
3573 5851 3668 5923 τὴν
3708 5850 3948 5922 εἰρήνην,
3991 5868 4008 5900 ι
4049 5850 4153 5904 Καὶ
