4480 6458
325 407 437 472 449

1325 391 1426 453 DE
1468 386 1731 450 SACRIS
1769 380 2459 446 ORDINATIONIBUS.

3448 370 3557 437 L50

327 516 410 588 τῷ
447 513 717 582 πνεύματί
749 528 863 574 σου,
903 526 919 559 ι
957 506 1105 578 βοᾷν.
1138 503 1307 558 Τοῦτο
1328 505 1435 574 γὰρ
1458 504 1492 573 ἡ
1524 499 1617 553 τοῦ
1643 498 1889 568 Σωτῆρος
1922 502 1965 556 Α
1998 493 2064 588 ξι
2090 527 2096 545 .

1789 513 1889 568 ιρος
1922 502 1965 556 Α
1998 493 2064 546 Ει
2090 492 2310 559 Spiritui
2339 500 2428 546 tuo
2450 502 2727 545 resonarc.
2785 487 2909 542 Ilaec
2930 493 3015 543 est
3041 486 3185 542 enim
3249 464 3558 543 Servatoris

328 611 471 679 πρὸς
501 608 647 676 ἡμᾶς
688 600 1027 672 κληρονομία
1057 598 1151 650 καὶ
1179 595 1376 664 δωρεὰ,
1418 594 1512 647 καὶ
1537 594 1571 661 ἡ
1603 590 1895 644 τελευταία

326 700 488 769 εὐχὴ,
521 698 584 750 τὸ
614 695 673 747 ἓν
715 687 856 745 εἶναι
910 690 1027 758 μετ’
1061 685 1255 740 αὐτοῦ·
1299 684 1452 752 καὶή
1494 680 1690 752 πρώτη
1741 678 1893 748 φωνὴ

333 768 481 859 μετά
505 786 603 853 τὴν
631 784 945 845 ἀνάστασιν,
978 797 997 829 ι
1024 778 1227 848 Εἰρήνη
1258 776 1406 843 ὑμῖν.
1440 791 1458 824 ι
1491 772 1599 824 Καὶ
1627 770 1715 822 διὰ
1736 768 1893 821 τοῦτο

327 880 477 934 οὕτω
503 876 732 946 λαμπρὰ
751 873 898 944 καὶή
931 874 987 924 ὲν
1018 869 1093 940 τῷ
1128 866 1402 937 συνθρόνῳ
1423 863 1518 917 τοῦ
1553 862 1892 930 πατριάρχου

329 973 551 1040 γίνεται
577 967 979 1036 ὲγκαθίδρυσις,
1008 961 1096 1016 ἵνα
1122 958 1407 1020 καθεσθεὶς
1434 955 1621 1022 ὥσπερ
1647 956 1674 1005 ὁ
1705 950 1894 1020 Σιιιτὴρ

330 1062 416 1125 εἰς
432 1062 557 1123 τοὺς
573 1059 856 1128 οὐρανοὺς,
887 1057 985 1125 τὴν
1015 1053 1236 1123 εἰρήνην
1266 1049 1475 1102 ἐκεῖθεν
1500 1048 1669 1100 ἆπισι
1696 1042 1806 1113 δῴη
1836 1058 1893 1093 τε

330 1155 431 1207 καὶ
462 1150 695 1222 κηρύξαι
719 1165 731 1180 ο
757 1149 830 1209 ὡς
862 1147 958 1213 καὶ⁸
985 1144 1193 1196 ἐκεῖθεν
1235 1140 1312 1210 τῷ
1346 1135 1617 1205 τρικηρίῳ
1663 1134 1891 1198 εὐλογεῖ,

328 1245 408 1308 ὡς
440 1247 548 1300 ἀπδ
568 1242 660 1296 τοῦ
692 1239 945 1310 οὐρανίου
974 1236 1174 1304 θρόνου
1208 1234 1305 1303 τὴν
1341 1232 1439 1299 τῆς
1466 1228 1696 1299 Τριάόος
1730 1226 1898 1293 παρέ-

330 1354 447 1406 χων
474 1335 636 1404 χάριν
667 1333 764 1385 καὶ
812 1328 1077 1397 ἔλλαμψιν
1118 1325 1207 1378 διὰ
1269 1320 1364 1375 τοῦ
1414 1321 1686 1388 Σωτῆρος,
1724 1317 1804 1368 Τὰ
1842 1316 1899 1367 δὲ

331 1427 533 1497 ἑφεξῆς
566 1426 640 1487 ὡς
672 1426 731 1476 έν
760 1422 963 1482 πάσαις
995 1420 1117 1481 ταῖς
1150 1413 1515 1485 λειτουργίαις
1566 1408 1774 1478 γίνεται
1801 1420 1816 1435 ·
1850 1407 1899 1459 εί

335 1521 439 1590 μὲν
468 1517 757 1589 ἀρχιερεὺς
789 1512 877 1586 ἦν,
912 1513 1105 1574 οὕτως.

820 1691 974 1763 173
1005 1688 1236 1745 ΚΕΦΔΛ
1286 1684 1450 1739 mra

335 1811 542 1875 Ὅπως
580 1808 619 1874 ἡ
645 1806 980 1876 χειροτονία
1000 1802 1105 1856 τοῦ
1136 1799 1504 1876 πατριάρχου
1535 1794 1783 1862 γίνεται,
1813 1787 1898 1859 μὴ

653 1869 837 1941 ὅντως
866 1876 1154 1942 πρότερον
1183 1869 1544 1923 ἐπισκόπου.

413 1972 477 2026 El
502 1972 558 2025 δέ
591 1967 965 2039 πρεσϐύτερος
997 1966 1092 2017 κα).
1123 1963 1223 2015 οὐκ
1278 1958 1573 2030 ἀρχιερεὺς
1616 1957 1644 2008 ὁ
1694 1953 1906 2024 ὑποψή-

338 2066 465 2134 φιός
494 2066 630 2127 ἐστι,
672 2058 1058 2130 χειροτονεῖται
1092 2054 1311 2123 πρῶτον
1338 2050 1636 2110 ἐπίσκοπος
1660 2063 1673 2079 ο
1713 2046 1905 2099 ἔπειτα

337 2154 729 2224 ἑνθρονίζεται.
785 2149 1114 2202 Ἐπισκόπου
1155 2144 1263 2213 γάρ
1309 2145 1336 2196 ὁ
1392 2140 1621 2211 θρόνος·
1683 2140 1766 2192 ὅτι
1813 2138 1908 2192 καὶ

339 2247 641 2306 ἐπίσκοπος
673 2243 772 2310 τήν
798 2240 891 2293 τοῦ
931 2236 1176 2308 Χριστοῦ
1223 2234 1446 2287 πλουτεῖ
1488 2233 1738 2301 δύναμιν.
1800 2230 1907 2283 Καὶ

341 2338 558 2405 γίνεται
580 2336 749 2396 οὕτως
774 2335 808 2403 ή
842 2331 1167 2402 χειροτονία.
1204 2327 1297 2387 Εἰς
1323 2328 1382 2380 τὸ
1411 2324 1716 2393 ἁγιώτατον
1744 2320 1911 2374 εἰσελ-

344 2427 457 2482 θὼν
487 2427 660 2497 βῆμα,
692 2426 985 2495 προσκυνεῖ
1015 2422 1112 2491 τὴν
1145 2421 1296 2490 ἱεράν
1313 2418 1593 2489 τράπεζαν
1622 2415 1713 2467 καὶ
1733 2414 1911 2466 ἀσπά-

343 2521 503 2585 ζεται
525 2521 553 2571 ὁ
590 2516 896 2585 ὑποψήφιος
926 2512 1270 2582 πατριάρχης
1291 2527 1304 2541 ο
1332 2510 1426 2562 καὶ
1457 2509 1589 2577 περὶ
1643 2507 1740 2567 τὰς
1778 2504 1910 2573 βαθ-

348 2611 515 2681 μίδας
553 2608 647 2661 τοῦ
699 2607 845 2661 θείου
907 2605 1197 2672 συνθρόνου
1249 2603 1562 2670 γενόμενος,
1616 2600 1914 2667 προσκυνεῖ

344 2700 496 2753 κατὰ
543 2699 810 2760 ἀνατολὰς
845 2697 985 2767 τρίς.
1024 2695 1131 2747 Καὶ
1162 2693 1231 2746 τὰ
1284 2691 1645 2761 ἀρχιερατικὰ
1709 2688 1909 2741 ἐνδεδύ-

348 2805 544 2844 σκεται
598 2791 707 2843 τῶν
735 2784 1207 2857 έκκλησιαστικῶν
1262 2783 1525 2836 διακόνων
1558 2782 1631 2842 ὡς
1666 2779 1913 2845 ἀγγέλων

345 2883 450 2945 τὰς
485 2883 637 2952 ἱερᾶς
665 2879 1028 2949 ἐνδεδομένων
1066 2874 1259 2936 στολὰς
1291 2874 1509 2943 πρῶτον
1540 2871 1790 2937 εὐλογίαν
1824 2871 1914 2921 λα-

350 2976 563 3029 ϐόντων
628 2976 757 3043 παρ’
816 2971 976 3025 αὑτοῦ
1049 2972 1142 3021 καὶ
1203 2967 1373 3028 οὕτως
1434 2962 1915 3033 ἐξυπηρετούντων

348 3065 523 3135 αὐτῷ.
555 3063 621 3119 Ol
656 3065 926 3133 ἀρχιερεῖς
958 3061 1014 3114 δὲ
1067 3058 1203 3127 μετὰ
1240 3055 1490 3124 μανδύων
1540 3054 1787 3106 ἵστανται
1823 3052 1915 3122 μό-

2000 583 2284 636 hazreditas
2344 589 2398 635 et
2425 580 2647 634 donatio
2702 578 2857 632 nobis
2922 592 3205 643 concessa,
3254 585 3560 644 postrema-

1996 690 2101 744 qne
2127 673 2319 739 oratio,
2350 682 2409 727 ut
2439 687 2604 730 unum
2646 687 2765 725 cum
2827 672 2945 740 ipso
2973 672 3164 725 simus.
3222 670 3399 725 Prima
3425 687 3561 741 quo-

1996 777 2102 831 que
2136 762 2303 828 ipsius
2334 777 2433 815 vox
2462 772 2583 831 post
2621 762 3094 823 resurrectionem,
3137 777 3155 810 ι
3188 761 3297 815 Pax
3330 760 3503 815 vobis.
3535 778 3554 824 ρ

1997 853 2288 922 Propterea
2320 852 2604 907 collocatio
2645 852 2967 920 patriarchae
3022 852 3074 904 in
3124 853 3375 906 thronum
3402 868 3562 906 suum

1999 954 2104 997 tam
2135 945 2411 1013 magniﬁce
2434 953 2690 1009 tantoque
2722 942 2777 994 lit
2801 958 2921 996 cum
2951 953 3234 1011 apparatu,
3265 954 3346 1011 ut,
3372 960 3567 1013 quem-

1997 1033 2287 1085 admodum
2328 1033 2584 1086 Servator
2659 1031 2852 1087 sedens
2892 1034 2945 1085 in
2975 1034 3132 1087 caelis
3194 1049 3381 1102 pacem
3442 1035 3568 1089 inde

1998 1123 2248 1177 omnibus
2286 1123 2449 1176 donat
2493 1130 2548 1176 et
2585 1123 2863 1191 prmdicat,
2924 1123 2994 1176 ita
3031 1125 3333 1191 patriarcha
3384 1141 3412 1177 e
3442 1126 3569 1179 sedc

1999 1232 2095 1269 sua
2159 1215 2379 1268 trirerio
2451 1216 2756 1276 benedicat,
2817 1215 2963 1267 velut
3015 1229 3043 1267 a
3098 1215 3309 1273 caelesti
3374 1217 3571 1269 throno

2000 1308 2245 1376 praebens
2279 1304 2372 1373 per
2404 1306 2750 1360 Servatorem
2783 1304 3070 1360 Trinitatis
3125 1312 3352 1373 gratiam
3399 1317 3453 1361 et
3506 1308 3571 1361 il-

2001 1399 2439 1454 lnminationem.
2468 1398 2597 1463 Qua:
2632 1407 2959 1465 sequuntur,
2988 1396 3180 1452 eodem
3215 1398 3376 1452 modo
3407 1397 3565 1463 ﬁunt,

2002 1505 2109 1557 quo
2144 1490 2194 1541 in
2231 1488 2439 1543 caeteris
2472 1489 2723 1558 liturgiis.
2759 1487 2814 1543 Si
2845 1491 3135 1558 episcopus
3177 1498 3280 1555 est,
3323 1489 3398 1542 ita
3430 1488 3489 1544 ﬁt
3512 1497 3570 1544 ut

2002 1583 2230 1637 dictum.

2488 1670 2715 1727 CAPUT
2745 1671 3072 1727 CCXXXIII.

2008 1785 2281 1851 Quomodo
2331 1788 2601 1839 ordinatio
2655 1788 2978 1866 patriai-elue
3034 1788 3127 1857 βαι
3169 1788 3258 1858 qni
3303 1790 3573 1859 episcopus

2530 1868 2682 1908 antea
2709 1874 2811 1909 non
2849 1866 3044 1925 luerat.

2080 1948 2132 2002 Si
2170 1964 2295 2000 vero
2325 1948 2527 2001 electus
2559 1947 2840 2017 presbyter
2865 1959 2969 2010 cst,
2998 1964 3102 2003 non
3139 1951 3445 2019 episcopus,
3484 1966 3574 2005 or-

2010 2042 2229 2094 dinatur
2276 2041 2505 2105 primmn
2577 2040 2902 2108 episcopus;
2964 2050 3150 2109 postea
3210 2043 3265 2095 in
3320 2045 3573 2098 thronum

2011 2131 2331 2184 collocatur.
2380 2130 2456 2181 ΑιΙ
2497 2128 2811 2198 episcopum
2862 2128 3005 2182 enim
3044 2130 3570 2200 thronnspertioet,

2011 2239 2074 2277 eo
2113 2223 2254 2292 quod
2284 2221 2484 2276 Christi
2535 2222 2787 2275 virtutem
2854 2222 3072 2275 abunde
3123 2223 3422 2290 possideat.
3459 2223 3574 2277 llo:

2012 2324 2190 2367 autem
2224 2313 2330 2366 ritu
2370 2314 2424 2367 lit
2458 2312 2750 2365 ordinatio.
2786 2300 3100 2366 Palriarclra
3136 2313 3367 2381 electus,
3411 2329 3577 2367 sanc-

2013 2404 2279 2459 tissimum
2316 2402 2626 2473 ingrediens
2654 2401 2916 2465 tribunal,
2952 2402 3141 2456 adorat
3186 2417 3396 2458 sacram
3431 2422 3459 2453 n
3482 2419 3578 2457 en-

2013 2511 2129 2549 sam
2188 2503 2242 2549 et
2293 2493 2587 2548 osculatur.
2630 2491 2765 2547 Cum
2826 2508 2954 2547 vero
3001 2495 3307 2562 pervenerit
3356 2494 3421 2548 ad
3454 2510 3578 2564 gra-

2013 2587 2113 2641 dus
2153 2585 2321 2639 divini
2394 2585 2706 2655 synthroni,
2741 2593 2821 2638 ter
2855 2585 2920 2639 ad
2969 2586 3230 2638 orientem
3288 2585 3497 2650 adorat,
3527 2598 3580 2640 et

2015 2687 2191 2731 vestes
2252 2678 2588 2745 episcopales
2646 2677 2911 2731 induitur.
2978 2677 3348 2734 Ecclesiastici
3398 2690 3577 2730 antem

2011 2767 2251 2830 diaconi,
2312 2769 2454 2822 sicnt
2485 2768 2660 2839 angeli
2697 2782 2879 2822 sacras
2955 2768 3124 2824 stolas
3201 2770 3317 2822 sive
3367 2769 3581 2823 tunicas

2017 2859 2213 2920 induti,
2251 2858 2680 2914 benedictionem
2716 2860 2951 2928 primum
2988 2860 3055 2913 ab
3095 2876 3162 2915 eo
3192 2861 3490 2929 accipiunt,
3523 2870 3581 2914 et

2017 2954 2062 3003 ei
2098 2951 2177 3005 sic
2221 2951 2550 3006 ministrant.
2619 2951 2867 3022 Episcopi
2915 2962 3095 3006 autem
3150 2969 3273 3008 cum
3335 2954 3581 3024 mandyis

2029 3044 2143 3096 sive
2206 3043 2380 3113 longis
2449 3043 2626 3111 palliis
2676 3053 2824 3098 Stult
2874 3054 3106 3098 tantum.
3160 3046 3357 3100 Omnes
3418 3046 3583 3113 igitur

351 3175 467 3213 vov.
501 3157 684 3209 Πάντα
706 3153 799 3206 οὖν
828 3153 1187 3218 ἐνδυσάμενος
1215 3150 1283 3201 τὰ
1312 3146 1691 3216 ἀρχιερατικὰ,
1727 3145 1915 3213 στιχά-
1943 3169 1985 3225 c
2020 3135 2120 3190 arci

1819 3145 1915 3213 χά..
1943 3169 1985 3225 c
2020 3134 2409 3190 archieraticas
2452 3146 2625 3189 vestes
2682 3135 2928 3195 indutus.
2986 3134 3304 3189 sticharinm
3350 3136 3582 3189 undula-

354 3265 478 3321 ριον
503 3246 642 3315 μετά
674 3241 961 3313 ποταμῶν,
997 3241 1082 3293 διὰ
1109 3240 1169 3292 re
1198 3239 1361 3305 ἁγνόν
1418 3253 1476 3287 τε
1511 3240 1605 3289 καὶ
1633 3235 1731 3303 τὴν
1764 3234 1912 3286 διδα-

353 3338 606 3402 σκαλίαν,
658 3335 747 3387 διὰ
772 3332 872 3400 τὴν
902 3330 1107 3385 ἄνωθεν
1152 3328 1313 3398 χάριν
1369 3324 1774 3393 ἐπιτραχή).ιον,
1823 3325 1915 3376 καὶ

354 3429 537 3499 ζώνην
592 3427 684 3481 καὶ
735 3424 1076 3491 ὲπιγονάτιον
1124 3420 1213 3473 διὰ
1261 3418 1359 3486 τὴν
1414 3415 1766 3484 σωφροσύνην
1825 3415 1919 3465 καὶ

358 3519 520 3590 ἰσχὺν
557 3517 698 3571 κατά
745 3516 979 3568 θανάτου
1015 3512 1109 3563 καὶ
1153 3510 1334 3578 νίκην,
1367 3506 1673 3575 ὲπιμάνικά
1705 3523 1761 3557 τε
1828 3509 1920 3557 καὶ

358 3612 567 3665 σάκκον
598 3609 686 3661 διά
731 3606 829 3675 τὴν
883 3605 1034 3657 θείαν
1076 3602 1358 3670 ἐνέργειαν
1399 3598 1491 3651 καὶ
1541 3599 1641 3664 τὴν
1695 3595 1781 3646 διὰ
1826 3594 1918 3647 τοῦ

358 3699 569 3761 πάθους
598 3694 923 3764 ἀφθαρσίαν,
951 3692 1260 3759 ὠμοφόριον
1291 3687 1447 3758 μόνον
1487 3686 1548 3738 οὐ
1593 3683 1920 3753 περιδείλλε⁶

354 3804 485 3845 ται*
518 3786 674 3840 τοῦτο
717 3786 825 3854 γὰρ
860 3783 991 3836 ἴδιον
1026 3781 1351 3834 ἐπισκόπου.

913 3978 1163 4033 ΚΕΦΑΛ.
1213 3978 1370 4029 ΣᾹΔ’.

363 4104 493 4158 Ὀτι
519 4100 617 4156 καὶ
661 4104 692 4154 ό
717 4097 1085 4167 πατριάρχης
1130 4095 1247 4167 ὑπὸ
1280 4095 1419 4167 τοὺς
1449 4092 1889 4167 ,κανόνας-εστι
1908 4108 1921 4122 ι

438 4173 536 4226 καὶ
584 4161 1333 4237 μέλλων’χειρὸτοιίεῑσ-θᾳε
1356 4164 1693 4237 ἐπίσκοπος
1720 4161 1927 4215 δίδωσι

436 4241 552 4308 τὴν
581 4231 905 4307 ὁμολογίαν
938 4231 1123 4287 αὐτοῦ
1156 4231 1228 4299 τῇ
1272 4232 1626 4298 Ἐκκλησίᾳ.

438 4334 597 4387 Μετά
629 4330 724 4383 τοῦ
784 4328 989 4380 σάκκου
1045 4321 1137 4377 οὖν
1185 4324 1334 4388 στὰς,
1383 4323 1599 4383 δεικνὺς
1648 4320 1722 4382 ὡς
1778 4319 1931 4373 οὔπω

364 4422 670 4479 ἔπίσκοπος
708 4416 924 4470 πάντων
986 4410 1293 4480 ἱσταμένων
1330 4409 1633 4480 ἀρχιερέων
1674 4410 1768 4460 καὶ
1802 4409 1931 4477 κλη-

2021 3235 2129 3279 tum
2161 3233 2378 3293 propter
2403 3225 2690 3294 puritatem
2716 3233 2773 3278 et
2808 3227 3133 3291 doctrinam,
3173 3227 3582 3294 opitrachelium

2021 3318 2132 3371 sive
2164 3317 2357 3370 stolam
2390 3316 2805 3380 sacerdotalem,
2838 3326 2890 3370 et
2942 3332 3132 3371 zonam
3182 3329 3403 3387 propter
3457 3336 3584 3386 gra-

2024 3411 2149 3460 tiam
2188 3421 2421 3473 snperne
2486 3406 2810 3469 venientem,
2890 3409 3282 3477 supergcnuale
3363 3423 3586 3478 propter

2024 3499 2428 3567 temperantiam
2497 3506 2551 3551 et
2621 3497 2994 3552 fortitudinem
3069 3510 3258 3554 contra
3330 3512 3583 3567 mortem,

2023 3587 2198 3654 deque
2228 3602 2287 3642 ea
2345 3588 2648 3652 victoriam,
2689 3590 3139 3654 supermanicalia
3200 3605 3325 3645 vero
3354 3602 3408 3647 et
3462 3608 3585 3648 sac-

2024 3694 2147 3732 cum
2190 3689 2409 3747 propter
2446 3680 2683 3731 divinam
2738 3680 3015 3746 virtutem,
3061 3693 3113 3735 et
3149 3697 3246 3751 per
3301 3686 3585 3751 passiones

2028 3772 2515 3863 immortalitatem,
2577 3772 2748 3824 solum
2794 3780 2879 3827 est
2931 3773 3149 3842 pallium
3185 3791 3294 3844 quo
3332 3791 3442 3832 non
3497 3778 3585 3832 iu-

2028 3864 2249 3929 tluitnr;
2292 3872 2374 3917 est
2407 3864 2550 3920 enim
2599 3863 2838 3932 episc0pi
2900 3866 3198 3934 proprium.

2512 3977 2737 4031 CAPUT
2776 3976 3099 4032 CCXXXIV.

2031 4092 2396 4146 Patriam/mm
2457 4091 2924 4164 quoquesubesse
2989 4093 3298 4164 canonibus,
3344 4103 3498 4164 atque
3541 4096 3590 4149 si

2101 4164 2369 4231 episcopus
2397 4229 2403 4231 Α
2432 4161 2758 4213 ordinandus
2818 4172 2892 4214 est
2922 4202 2938 4225 ,
2987 4162 3371 4231 confessionem
3411 4161 3590 4219 suam

2104 4233 2253 4284 edere
2281 4229 2550 4283 Ecclesia}.

2107 4323 2270 4377 Stans
2298 4323 2460 4391 igitur
2498 4337 2620 4375 cum
2664 4335 2844 4384 sacco,
2878 4330 2933 4375 ct
2985 4323 3087 4377 hoc
3130 4323 3316 4376 habitu
3362 4322 3590 4377 demon-

2038 4425 2217 4471 strans
2247 4429 2306 4468 se
2337 4414 2575 4467 nondum
2601 4427 2723 4467 esse
2762 4413 3103 4481 episcopum,
3147 4413 3418 4467 stantibus
3457 4429 3592 4481 quo-

370 4512 546 4585 ρικῶν
570 4509 639 4562 τὰ
666 4508 759 4561 τοῦ
791 4505 1014 4566 κανόνος
1042 4502 1302 4571 ἐκπληροῖ
1328 4517 1341 4530 ·
1391 4502 1486 4552 καὶ
1513 4501 1611 4567 τὴν
1645 4498 1934 4567 ὁμολογίαν
1967 4501 2009 4556 D
2040 4519 2139 4573 que

1822 4510 1934 4566 γιαν
1967 4501 2009 4556 D
2040 4519 2142 4573 que
2166 4501 2421 4557 onmibns
2455 4498 2728 4566 episcopis
2756 4507 2809 4549 et
2838 4498 3071 4561 clericis,
3099 4498 3191 4567 qui
3223 4507 3519 4568 supersunt
3560 4515 3591 4554 e

369 4603 540 4659 αὐτοῦ
571 4600 800 4655 ἐνώπιον
853 4597 1001 4663 λέγει
1042 4595 1277 4657 πάντων,
1307 4592 1404 4661 τήν
1440 4592 1623 4642 πίστιν
1652 4588 1815 4658 ὀρθὴν
1860 4588 1934 4640 δι·-

366 4694 521 4759 δοὺς,
553 4692 625 4755 ὡς
660 4692 833 4757 δῶρον
862 4686 962 4755 τῆς
1014 4682 1371 4751 νυμφεύσεως
1423 4679 1682 4747 καθαρόν.
1743 4676 1802 4731 Ὀ
1837 4678 1935 4745 μὲν

368 4786 485 4855 γὰρ
518 4781 804 4852 ἀρχιερεὺς
834 4778 912 4839 εἰς
941 4776 1287 4844 πατριάρχην
1326 4770 1772 4841 μετατιθέμενος,
1812 4768 1935 4830 δοὺς

370 4876 611 4946 ἐξαρχῆς
639 4875 738 4944 τὴν
771 4869 1062 4941 ὁμολογίαν
1116 4871 1184 4943 ὲν
1223 4866 1299 4934 τῷ
1355 4862 1806 4933 χειροτονεῖσθαι,
1832 4862 1937 4914 οὐκ

374 4970 492 5038 ἔχει
549 4966 736 5036 χρείαν
780 4960 931 5023 αὖθις
983 4947 1405 5027 λέγεινάὐτήνο
1443 4949 1601 5017 οὗτος
1657 4954 1711 5006 δὲ
1771 4955 1937 5022 μήπω

374 5059 673 5116 ὶπίσκοπος
704 5053 966 5121 γεγονὼς,
998 5050 1216 5119 ἀνάγκη
1248 5048 1455 5116 ταύτην
1488 5046 1670 5098 δοῦναι
1702 5044 1809 5114 πρὸ
1839 5046 1938 5113 τῆς

372 5149 714 5223 χειροτονίας
741 5148 806 5215 τῇ
844 5143 1169 5213 Ἐκκλησία,
1225 5140 1321 5193 καὶ
1351 5140 1500 5199 ἐντὸς
1549 5137 1756 5203 ταύτην
1786 5134 1937 5201 λέγει

373 5242 475 5297 τοῦ
517 5241 779 5310 βήματος,
817 5237 891 5299 ὡς
916 5237 1133 5289 πάντων
1165 5234 1270 5286 τῶν
1322 5233 1380 5283 ὲν
1410 5231 1484 5298 τῷ
1523 5229 1725 5297 βήματι
1756 5226 1939 5295 ἄρχων

376 5338 439 5387 ὲν
470 5332 749 5400 Πνεῦματι
803 5326 1201 5393 καθιστάμενος
1249 5323 1343 5375 καὶ
1402 5322 1614 5389 Πατήρ.
1672 5318 1850 5382 Αὐτὴν
1881 5316 1938 5367 δὲ

374 5424 531 5489 λέγει
553 5419 619 5489 ἠν
644 5417 737 5469 καὶ
762 5416 960 5477 πάντες
992 5416 1040 5466 οἱ
1060 5412 1360 5481 ὑποψήφιοι
1390 5411 1670 5480 ἀρχιερεῖς
1697 5408 1939 5475 λέγουσι,

379 5514 553 5585 χωρὶς
589 5511 746 5580 μόνον
766 5508 860 5561 τοῦ
884 5504 1287 5560 ὑποτάσσεσθαι
1312 5502 1390 5571 τῷ
1417 5502 1751 5570 πατριάρχῃ.
1790 5498 1943 5549 Ἐπεὶ

380 5607 494 5674 γάρ
527 5603 685 5665 αὐτὸς
731 5600 1076 5670 πατριάρχης
1131 5592 1608 5666 χειροτονούμενος
1666 5593 1806 5652 ἐστι,
1834 5588 1941 5639 τίνι

304 5682 309 5685 ’
382 5694 807 5762 ὑποταγήσεται,
850 5687 1030 5757 ἀλλ’ἢ
1087 5688 1197 5748 τοῖς
1250 5685 1441 5737 κανόσι
1493 5684 1588 5734 καὶ
1630 5682 1812 5749 μόνον,
1851 5677 1943 5741 οὒς

382 5786 479 5837 καὶ
508 5781 758 5851 ὁμολογεῖ
806 5776 1136 5847 φυ).άσσειν;
1171 5774 1283 5843 Τῆς
1317 5774 1611 5841 ὁμολογίας
1643 5769 1736 5823 οὖν
1795 5770 1941 5821 τελε-

2037 4608 2244 4649 canone
2310 4590 2569 4658 complet,
2608 4601 2663 4642 et
2715 4588 3120 4643 confessionem
3186 4603 3343 4643 suam
3404 4604 3590 4643 coram

2036 4686 2293 4741 omnibus
2332 4682 2547 4751 recitat,
2582 4688 2783 4733 rectam
2810 4678 2969 4731 tidem
2995 4688 3054 4733 ut
3080 4694 3273 4747 purum
3301 4682 3588 4750 desponsa-

2042 4776 2201 4829 tionis
2229 4786 2342 4827 sua:
2367 4772 2569 4825 donmn
2601 4784 2901 4836 exponens.
2941 4768 3044 4833 Qui
3077 4769 3367 4838 episcopus
3397 4772 3465 4822 ad
3501 4785 3595 4836 pa.

2040 4866 2393 4921 triarchatum
2425 4860 2773 4921 transfertur,
2807 4858 2898 4926 qui
2931 4857 3331 4911 confessionem
3352 4859 3419 4912 ab
3440 4859 3596 4913 initio

2038 4953 2186 5007 dedit
2214 4965 2337 5005 cum
2391 4945 2763 5010 ordinaretur,
2797 4960 2903 4997 non
2940 4959 3081 5013 opus
3133 4944 3295 4998 habet
3331 4960 3451 4999 eam
3498 4946 3596 5000 lte—

2041 5055 2158 5093 rum
2185 5037 2449 5107 proferre.
2479 5034 2584 5089 Sed
2617 5049 2741 5088 cum
2774 5032 3017 5086 nondum
3052 5030 3228 5086 factus
3250 5043 3333 5087 est
3382 5039 3597 5103 epist-o-

2041 5147 2162 5203 pus,
2196 5143 2418 5184 necesse
2460 5136 2544 5183 est
2579 5136 2639 5180 ut
2684 5135 2815 5181 ante
2857 5124 3252 5178 ordinationem
3295 5140 3448 5178 suam
3473 5125 3598 5180 edat

2043 5228 2186 5283 illam
2218 5228 2269 5280 in
2303 5224 2564 5287 Ecclesia,
2586 5231 2639 5275 ct
2675 5222 2814 5275 intra
2850 5221 3242 5280 sanctuarium,
3268 5228 3327 5271 ut
3353 5218 3597 5271 omnium

2043 5318 2135 5387 qui
2160 5325 2287 5370 sunt
2314 5316 2366 5368 in
2398 5312 2712 5368 sanctuario
2736 5312 2991 5380 princeps
3016 5317 3071 5362 et
3102 5307 3262 5360 Pater
3299 5323 3393 5376 per
3421 5308 3600 5377 Spiri-

2045 5416 2154 5463 tum
2191 5408 2540 5461 constitutns.
2599 5404 2851 5455 Eannlem
2900 5411 3078 5454 autem
3118 5398 3231 5453 edit
3287 5412 3448 5466 quam
3484 5413 3600 5451 om-

2046 5515 2142 5552 nes
2172 5498 2328 5551 electi
2363 5494 2605 5563 episcopi
2634 5494 2793 5546 edere
2820 5493 2996 5544 solent
3025 5507 3041 5556 ;
3089 5504 3155 5543 eo
3178 5488 3351 5543 solum
3375 5496 3599 5555 excepto

2046 5589 2189 5658 quod
2226 5586 2616 5654 subjectinnem
2647 5564 2971 5653 patriarcha:
2998 5597 3101 5635 non
3136 5579 3398 5649 promittit
3427 5595 3443 5643 ;
3475 5594 3598 5632 cum

2046 5681 2187 5734 enim
2224 5679 2275 5733 in
2308 5678 2671 5747 patriareham
2703 5674 3004 5739 ordinetur,
3026 5672 3110 5725 cui
3131 5670 3469 5737 subjicietur,
3495 5669 3599 5722 nisi

2047 5770 2219 5825 solum
2271 5769 2574 5825 canonibus
2606 5782 2747 5837 quos
2787 5767 3080 5820 conlitelur
3119 5776 3176 5817 se
3216 5760 3602 5817 servaturum?
