4480 6458
313 451 421 515 489

384 565 476 617 Ἐν
504 567 570 635 τῇ
605 566 861 636 μετανοίᾳ
890 566 944 619 δὲ
1001 567 1091 618 καὶ
1121 567 1179 619 τδ
1213 567 1310 633 τῆς
1351 568 1633 634 μετανοίας
1664 564 1882 632 ἀγγελι-
1910 577 1957 622 Α

311 655 410 708 κὶν
438 656 746 726 εὑρίσκεται
771 657 972 725 σχῆμα’
1001 657 1128 724 περὶ
1153 651 1212 710 οὗ
1237 659 1300 726 δὴ
1327 659 1419 710 καὶ
1446 659 1876 727 προειρήκαμεν.

315 747 461 816 Πλὴν
488 749 785 814 ἀναγκαῖον
817 747 976 801 πάλιν
1016 750 1158 815 ἐρεῖν
1226 749 1373 811 ὅπως
1428 766 1485 801 τε
1528 748 1689 818 189
1713 748 1884 802 τελεῖ-

312 854 424 904 ται,
459 840 642 893 καὶτὰ
661 839 786 906 περὶ
806 839 913 892 τῶν
945 852 1007 892 συ
1018 840 1226 909 μϐόλων
1261 840 1447 896 αἰτοῦ.

869 953 1116 1006 ΚΕΦΑΛ.
1157 954 1318 1010 ΣΞΒ.

311 1043 476 1096 Διατί
505 1040 570 1096 τὸ
598 1039 718 1097 τῶν
737 1043 1047 1174 μοναχῶνέ
1067 1060 1148 1112 σχ
1160 1044 1278 1114 ἦμα
1315 1043 1641 1114 ἀγγελικὸν
1667 1009 1879 1112 ὀνομά-

1036 1131 1184 1167 erat.

1036 1131 1184 1167 εται.

380 1203 545 1256 Ἀλλὰ
577 1205 691 1267 πῶς
749 1204 1036 1274 μετανοίας
1079 1205 1265 1273 σχῆμα
1295 1204 1630 1272 λέγεταικαὶ
1660 1203 1880 1272 ἀγγελι-

312 1295 438 1360 κόν;
493 1297 611 1346 ἐπεὶ
657 1296 716 1348 οὗ
774 1297 1195 1367 περιπίπτουσιν
1233 1295 1474 1363 ἄγγελοι,
1507 1295 1650 1348 εἴποι
1684 1313 1766 1358 τις
1790 1297 1876 1360 ἂν,

308 1386 391 1436 ὅτι
438 1386 555 1438 οὐδὲ
581 1386 737 1453 φύσει
770 1387 830 1438 τὸ
853 1386 1206 1454 περιπίπτειν
1241 1388 1445 1449 αὐτοῖς.
1485 1389 1580 1449 Ὃς
1612 1389 1875 1452 ἀκουέτω,

309 1479 384 1538 ὡς
414 1477 473 1528 τὸ
501 1477 767 1545 ἄτρεπτον
795 1478 892 1531 καὶ
930 1480 1180 1532 ἄπτωτον
1216 1477 1349 1530 Θεοῦ
1395 1478 1580 1548 μόνον,
1616 1478 1702 1532 ἀεὶ
1729 1477 1877 1543 ὄντος

309 1569 406 1619 καὶ
442 1566 796 1619 ἁναλλοιώτου
846 1567 1118 1636 μένοντος.
1169 1565 1293 1631 Τοῖς
1340 1569 1666 1637 ἀρξαμένοις
1695 1569 1751 1621 δέ
1784 1569 1879 1622 καὶ

308 1662 551 1721 κτιστοῖς
600 1659 878 1723 ἀλλοίωσις
906 1660 1124 1715 ἕπεται.
1192 1661 1301 1714 Καὶ
1331 1660 1510 1728 δῆλον,
1539 1661 1612 1724 ὥς
1644 1678 1788 1724 τινες
1820 1663 1880 1714 ἐκ

305 1753 418 1803 τῶν
477 1753 721 1820 ἀγγέλων
753 1751 1254 1824 περιπεπτὼκασιν,
1315 1753 1450 1807 ἀλλὰ
1499 1755 1556 1807 τὸ
1592 1757 1879 1824 προσέχειν

307 1845 526 1910 αὐτοὺς,
562 1846 654 1896 καὶ
707 1845 1112 1909 ταπεινοῦσθαι,
1168 1847 1262 1899 καὶ
1294 1846 1540 1899 ὑπείκειν
1588 1847 1726 1916 Θεῷ,
1785 1847 1877 1901 καὶ

307 1936 655 2006 λειτουργοὺς
698 1933 841 1990 εἶναι
901 1938 1198 2008 καθαροὺς,
1252 1940 1345 1992 καὶ
1378 1942 1551 1993 ποιεῖν

307 2027 496 2091 αὑτοῦ,
526 2028 666 2082 καθὰ
689 2029 1022 2097 γέγραπται,
1043 2029 1202 2082 τοῦτό
1226 2033 1339 2084 ἐστι
1365 2031 1423 2084 τὸ
1443 2032 1702 2097 ἀγγέλους
1721 2027 1879 2085 εἶναι.

311 2121 576 2188 Ἀγγελος
606 2122 712 2191 γὰρ
740 2123 768 2175 ὁ
792 2121 1133 2189 ἀναγγέλλων
1169 2121 1236 2174 τὰ
1260 2121 1352 2174 τοῦ
1382 2121 1540 2174 Θεοῦ.
1597 2121 1760 2175 Ὅθεν
1792 2123 1883 2174 καὶ

310 2212 560 2279 μοναχδς,
593 2213 639 2265 εί
678 2214 771 2264 καὶ
818 2213 916 2277 τῆς
972 2212 1478 2283 παραπεπτωκυίας
1518 2212 1730 2282 φύσεώς
1766 2214 1880 2266 ἐστι

306 2305 416 2356 τῶν
447 2303 769 2373 ἀνθρώπων,
821 2303 935 2356 ἀλλ’
970 2305 1122 2374 ἰσχὺν
1182 2303 1308 2374 ἔσχε
1368 2304 1742 2374 προθυμηθεὶς
1788 2304 1880 2356 τοῦ

307 2399 499 2451 πατεῖν
557 2396 739 2449 ἐπάνω
778 2396 956 2465 ὄφεων
994 2398 1088 2449 καὶ
1127 2397 1430 2468 σκορπίων,
1459 2395 1551 2449 καὶ
1578 2398 1665 2449 ἐπὶ
1701 2398 1880 2449 πᾶσαν

306 2490 407 2559 ’τὴν
430 2490 658 2558 δύναμιν
708 2489 800 2544 τοῦ
865 2489 1080 2559 ἐχθροῦ.
1133 2490 1241 2543 Καὶ
1291 2489 1444 2543 οὐδὲν
1499 2489 1659 2542 αὐτὸν
1694 2489 1753 2540 οὑ
1805 2490 1880 2556 μὴ

308 2581 577 2651 ἀδικήσει.
603 2580 987 2649 Ἐξερχόμενες
1048 2581 1227 2633 τοίνυν
1285 2580 1444 2642 οὗτος
1493 2579 1585 2632 τοῦ
1622 2579 1759 2647 βίον,
1788 2581 1880 2630 καὶ

308 2673 512 2742 κόσμον
540 2673 633 2725 καὶ
661 2673 852 2741 γονέας
879 2671 971 2725 καὶ
1004 2674 1238 2740 γυναῖκα
1270 2673 1364 2724 καὶ
1404 2671 1568 2724 τέκνα
1601 2671 1694 2724 καὶ
1722 2671 1879 2724 ἀδελ-

309 2767 445 2832 φοὺς
497 2764 715 2832 ἀφιεὶς,
776 2764 871 2832 τὴν
920 2761 1028 2816 τῶν
1090 2764 1335 2831 ἀγγέλων
1394 2764 1644 2831 μιμεῖται
1708 2763 1874 2831 ζωήν.

327 2854 724 2923 Ἀπροσπαθεῖς
771 2854 876 2923 γὰρ
913 2846 1058 2906 οῦτοι
1098 2853 1204 2906 τῶν
1235 2854 1402 2913 κάτω,
1444 2854 1535 2905 καὶ
1579 2853 1654 2923 μὴ
1689 2853 1879 2920 γενεὰν

310 2947 512 3015 σαρκὸς
572 2948 805 3015 ἔχοντες,
865 2946 1000 2999 ἀλλὰ
1052 2946 1144 2998 καὶ
1171 2944 1231 2998 τὸ
1256 2945 1436 2999 δοῦναι
1480 2945 1654 3011 λόγον,
1700 2946 1878 3013 αἴρειν

314 3039 396 3091 ἐπ’
429 3038 591 3106 ὤμων
616 3037 848 3106 Χριστοῦ
883 3037 973 3089 τὸν
1016 3037 1264 3106 σταυρὸν,
1319 3037 1412 3087 καὶ
1444 3037 1618 3105 τούτῳ
1651 3035 1874 3088 ἀκολου-

309 3133 422 3183 θεῖν
450 3128 568 3180 κατ’
613 3130 777 3197 ἴχνος,
812 3132 903 3180 καί
938 3128 1178 3196 ὑπήκοον
1222 3122 1384 3190 εἶναι,
1418 3126 1512 3178 καὶ
1535 3127 1877 3197 ἀρνήσασθαι

1608 456 1703 514 1)Ε
1746 455 2240 516 ΡΠΞΝΙΤΕΝΤΙΑ.

3438 445 3544 507 490

2059 566 2117 618 In
2183 567 2503 635 poenitentia
2576 581 2700 620 vero
2756 576 2808 620 et
2873 563 3206 634 pmnitentiat
3266 560 3540 631 angelicus

1985 657 2256 710 invenitur
2287 658 2502 712 habitus
2536 674 2549 710 :
2580 657 2646 710 de
2681 672 2787 726 quo
2813 655 2922 723 jam
2956 669 3119 723 supra
3162 652 3421 708 diximus.
3456 653 3546 704 Α’-

1984 757 2158 799 tamen
2198 749 2558 800 necessarium
2593 757 2674 800 est
2705 747 2896 799 iterum
2928 743 3198 814 quomodo
3227 743 3548 797 conﬁciatur

1980 847 2033 892 ct
2074 837 2137 892 de
2164 839 2281 908 ejus
2314 838 2573 908 symbolis
2609 837 2808 890 dicere.

2513 927 2741 985 CAPUT
2770 926 3018 981 CCLXV.

1983 1021 2160 1086 Quare
2187 1022 2564 1087 pauitantia/is
2610 1031 2657 1073 et
2712 1021 3035 1073 monaclmlis
3070 1018 3278 1071 habitus
3313 1016 3547 1086 angelico

2472 1093 2679 1145 nomine
2711 1091 3006 1159 appellatur
3035 1093 3060 1144 ἔ)

2054 1183 2157 1235 Sed
2200 1183 2468 1253 quomodo
2504 1183 2838 1251 pmnitenna:
2887 1181 3104 1236 habitus
3140 1179 3338 1232 dicitur
3382 1192 3544 1246 ange-

1981 1274 2136 1337 licus,
2167 1271 2398 1328 fortasse
2448 1273 2592 1327 dicet
2637 1273 2855 1338 aliquis,
2887 1286 3009 1324 cum
3060 1270 3235 1337 angeli
3297 1285 3402 1320 non
3453 1283 3547 1319 ea-

1982 1366 2130 1428 daut,
2161 1365 2347 1416 natura
2381 1380 2483 1417 non
2518 1374 2599 1418 est
2644 1366 2723 1419 eis
2764 1375 2823 1417 ut
2852 1364 3047 1417 eadere
3077 1362 3322 1431 possint?
3351 1359 3550 1413 Audiat

1984 1456 2084 1509 iste
2115 1457 2606 1509 immntabilitatem
2663 1465 2716 1509 et
2746 1453 3158 1522 impeecantiam
3209 1451 3379 1506 solius
3423 1463 3545 1503 esse

1987 1547 2075 1600 Dei
2112 1548 2202 1616 qui
2237 1563 2451 1616 semper
2490 1555 2574 1600 est
2617 1557 2669 1600 et
2717 1544 3070 1599 immutabilis
3111 1550 3412 1611 permanet,
3464 1556 3549 1593 res

1983 1651 2160 1692 autent
2196 1653 2314 1706 qum
2354 1646 2635 1706 cceperunt
2684 1647 2738 1691 et
2788 1645 2981 1690 creata:
3014 1643 3142 1688 sunt
3179 1634 3407 1703 mutatio
3461 1647 3550 1685 sc-

1982 1731 2183 1799 quitur,
2219 1731 2360 1799 quod
2415 1731 2576 1797 liquet
2643 1744 2764 1781 cum
2810 1727 3052 1782 nonnulli
3079 1740 3145 1778 cx
3174 1725 3380 1792 angelis
3414 1722 3547 1790 lapsi

1985 1821 2216 1888 fuerint;
2242 1810 2341 1876 sed
2386 1837 2480 1876 eos
2513 1822 2619 1875 Deo
2647 1823 2942 1885 adhaerere,
2975 1834 3155 1874 coram
3189 1832 3254 1871 eo
3280 1815 3546 1870 humiliari

1577 1941 1636 1994 τὸ
1669 1905 1878 2009 δέληαα
1912 1914 1948 1966 Β
1980 1914 2135 1980 eique
2179 1916 2424 1978 obedire,
2454 1914 2688 1968 mundos
2718 1929 2838 1968 esse
2885 1912 3184 1974 ministros,
3220 1909 3401 1963 facere
3427 1905 3545 1975 ejus

1987 2004 2317 2060 voluntatem
2348 2008 2487 2060 sicut
2532 2007 2792 2073 scriptum
2831 2015 2932 2068 est,
2973 2005 3085 2058 haec
3115 2011 3197 2057 est
3226 2002 3546 2069 angelorum

1985 2095 2242 2149 conditio.
2292 2095 2424 2149 Nam
2456 2098 2678 2164 angelus
2713 2096 2852 2150 idem
2887 2104 3043 2150 sonat
3083 2111 3147 2149 ac
3178 2109 3359 2148 rerum
3399 2092 3544 2146 divi-

1984 2201 2176 2240 narum
2225 2189 2467 2242 nuntius.
2533 2189 2686 2243 Unde
2718 2199 2769 2241 et
2801 2188 3120 2248 monachus,
3155 2188 3256 2240 etsi
3285 2187 3444 2254 lapsae
3475 2185 3546 2239 sit

1984 2277 2266 2332 hominum
2313 2290 2539 2343 naturae,
2587 2291 2845 2345 attamen,
2900 2281 2944 2334 si
2993 2280 3272 2335 voluntate
3315 2278 3547 2337 ferveat,

1983 2369 2234 2422 virtutem
2271 2371 2431 2425 habet
2459 2371 2766 2425 ambulandi
2803 2387 2969 2440 super
2995 2379 3276 2440 serpentes
3305 2379 3357 2423 et
3396 2383 3548 2422 scor.

1983 2458 2172 2528 pioncs
2235 2470 2288 2515 et
2349 2477 2511 2529 super
2571 2477 2788 2515 onmem
2838 2463 3041 2516 inimici
3101 2470 3448 2531 potestatem,
3495 2471 3549 2514 ct

1983 2555 2118 2607 nihil
2152 2555 2199 2609 ei
2244 2557 2474 2611 nocebit.
2529 2557 2625 2611 llic
2680 2559 2842 2626 igitur
2875 2574 2904 2612 e
2930 2560 3037 2613 vita
3069 2574 3347 2628 egressus,
3391 2574 3547 2610 mun-

1983 2646 2162 2711 doque
2190 2656 2241 2700 et
2276 2649 2615 2715 parentibus,
2649 2650 2892 2714 muliere,
2935 2650 3057 2704 [iliis
3095 2660 3255 2720 atque
3286 2651 3545 2704 fratribus

1981 2736 2274 2803 derelictis,
2335 2740 2496 2792 vitam
2552 2743 2865 2810 angelorum
2922 2743 3200 2806 imitatur;
3268 2743 3355 2796 isti
3401 2742 3544 2795 enim

1981 2827 2128 2881 nullo
2165 2832 2504 2884 terrestrium
2543 2847 2727 2887 arnore
2759 2841 3029 2896 tenentur,
3065 2849 3241 2902 neque
3275 2834 3543 2888 carnalem

1982 2920 2183 2974 habent
2265 2924 2758 2992 propinquitatem,
2841 2926 2934 2980 sed
3011 2927 3231 2995 insuper
3283 2928 3546 2981 rationem

1981 3013 2320 3077 submittere,
2355 3030 2518 3082 super
2555 3017 2809 3070 humeros
2853 3032 3072 3072 crucem
3098 3018 3300 3073 Christi
3332 3022 3546 3085 tollere,

1980 3105 2098 3174 ejus
2131 3107 2282 3174 sequi
2316 3108 2563 3177 vestigia,
2592 3108 2821 3162 docilem
2857 3124 3000 3174 esse,
3035 3113 3215 3166 omnia
3250 3115 3542 3183 ahnegare,

308 3218 509 3283 πάντα,
534 3219 626 3270 καὶ
656 3217 730 3288 μὴ
763 3220 933 3270 ποιεῖν
953 3219 1152 3271 οἰκεῖον
1176 3217 1406 3285 θέλημα,
1442 3217 1600 3287 ἔργον
1628 3218 1876 3285 ἀγγέλων
1903 3234 1945 3294 c
1981 3213 2077 3267 ρτο

1777 3218 1945 3294 λωνε
1981 3198 2258 3267 propriam
2329 3200 2653 3255 voluntatem
2715 3218 2822 3256 non
2881 3202 3076 3263 facere,
3139 3205 3237 3257 hoc
3281 3215 3358 3258 est
3408 3222 3546 3275 opus

309 3310 475 3363 εστίν.
503 3330 519 3361 ι
551 3311 828 3374 Εὑλογεῖτε
859 3311 983 3379 γὰρ,
1017 3308 1278 3378 φησὶ,τὸν
1309 3307 1529 3378 Κύριον,
1554 3309 1750 3370 πάντες
1775 3309 1876 3378 ἄγ-

309 3400 458 3468 γελοι
483 3396 669 3451 αὑτοῦ.
702 3399 924 3449 Δυνατοὶ
962 3399 1129 3464 ἰσχύϊ,
1162 3396 1437 3459 ποιοῦντες
1478 3397 1567 3450 τὸν
1599 3397 1752 3463 λόγον
1782 3399 1878 3450 αὐ-

308 3490 426 3552 τ›ῦ,
452 3489 540 3540 τοῦ
574 3487 805 3541 ἀκοῦσαι
833 3488 929 3556 τῆς
959 3488 1140 3556 φωνῆς
1176 3486 1268 3539 τοῦ
1299 3487 1458 3553 λόγου
1490 3487 1679 3542 αὑτοῦ.
1711 3488 1874 3540 Εὐλο-

308 3586 455 3648 γεῐτε
482 3580 571 3632 τὸν
603 3579 828 3649 Κύριον,
854 3580 1025 3631 πεῖσαι
1058 3579 1113 3631 αἱ
1140 3579 1396 3646 δυνάμεις
1423 3577 1607 3642 αὐτοῦ,
1638 3578 1878 3650 λειτουρ-

305 3674 396 3742 γοὶ
429 3671 614 3738 αὑτοῦ,
649 3672 698 3724 οἱ
723 3671 996 3734 ποιοῦντες
1035 3672 1095 3724 τὸ
1128 3671 1340 3741 θέλημα
1370 3671 1586 3726 αὐτοῦ.)
1635 3671 1829 3742 Ὁρᾶτε
1859 3689 1874 3738 ;

319 3765 455 3818 Ἰδοὺ
501 3762 620 3815 καθ’
667 3763 923 3832 ὁμοίωσιν
958 3763 1205 3830 ἀγγέλων
1234 3765 1296 3818 τὸ
1333 3763 1545 3834 σχῆμα,
1580 3764 1674 3816 καὶ
1707 3763 1872 3819 αὐτοῦ

320 3856 497 3927 Ἰησοὗ
538 3856 793 3925 Χριστοῦ,
821 3855 940 3919 τοῦ,
969 3856 1064 3922 Μὴ
1096 3854 1162 3908 τὸ
1191 3853 1419 3922 θέλημά
1457 3872 1595 3925 μου,
1625 3855 1783 3909 ἀλλὰ
1807 3857 1873 3910 τὸ

308 3951 429 4002 σὸν
459 3948 737 4013 γενέσθω,
759 3946 1054 4016 εὐξαμένου
1086 3947 1224 4016 πρὸς
1255 3947 1344 3999 τὸν
1379 3949 1615 4017 Πατέρα.
1653 3948 1743 4001 Διὸ
1779 3950 1873 4002 καὶ

309 4041 583 4102 Διονύσιος
611 4038 767 4091 τοῦτο
799 4038 859 4090 τὸ
892 4039 1073 4108 σχῆμα
1105 4039 1405 4108 ὑπέρτερον
1437 4042 1504 4110 τῇ
1539 4040 1872 4112 καθαρότητι

310 4132 403 4184 καί
429 4131 527 4200 τῆς
559 4130 665 4183 τῶν
717 4131 773 4182 ἐν
804 4129 992 4198 κόσμῳ
1027 4129 1340 4181 ἐπισκόπων
1370 4129 1517 4197 ζωῆς
1539 4147 1721 4200 φησιν.

847 4241 1095 4295 ΚΕΦΑΛ.
1136 4239 1309 4306 κεῖς’.

309 4335 472 4389 Atat!
519 4333 809 4410 ἐπιπλέοῖ·
838 4335 892 4384 οἱ
923 4331 1040 4415 νῦον
1070 4335 1157 4395 εἰς
1189 4332 1535 4415 ἐπισκοπὴν
1584 4333 1870 4402 ἀγόμενοι

674 4403 910 4469 πρῶτον
947 4403 1213 4470 γίνονται
1242 4418 1398 4468 μονα
1403 4403 1502 4469 χοί
1508 4440 1520 4455 .

380 4494 472 4547 Διὸ
503 4493 595 4546 καὶ
632 4493 665 4563 ἠ
697 4491 790 4544 τοῦ
840 4489 1078 4561 Χριστοῦ
1127 4489 1443 4559 Ἐκκλησία,
1495 4492 1620 4554 τοὺς
1653 4491 1870 4554 πλείους

1983 3289 2321 3357 angelorum.
2394 3291 2482 3344 Ait
2540 3292 2740 3346 enim:
2817 3291 3176 3347 «Benedicite
3232 3295 3546 3358 Dominum,

1983 3400 2172 3440 omnes
2223 3387 2398 3455 angeli
2449 3387 2604 3457 ejus,
2678 3397 2925 3456 potentes
2985 3390 3222 3454 virtute,
3279 3390 3540 3446 furienles

1983 3477 2206 3530 verbum
2258 3477 2405 3531 illius
2460 3480 2526 3533 ad
2587 3480 2908 3534 audiendam
2971 3496 3158 3535 vocem
3226 3497 3543 3538 sermonum

1982 3567 2121 3635 ejus.
2152 3568 2459 3625 Benedicite
2527 3569 2835 3636 Dominum,
2896 3588 3086 3628 omnes
3135 3576 3358 3629 virtutes
3407 3577 3546 3645 ejus,

1983 3659 2218 3714 ministri
2305 3663 2472 3729 ejus,
2540 3664 2630 3732 qui
2694 3662 2858 3719 facite
2915 3666 3251 3719 voluntatem
3333 3668 3472 3735 eius.
3520 3688 3540 3722 ο

1983 3748 2294 3805 Videtisne?
2341 3753 2419 3806 En
2453 3753 2670 3808 habitus
2703 3755 2790 3808 ille
2836 3764 2919 3809 est
2948 3757 3250 3809 secundum
3282 3757 3545 3812 similitu-

1981 3839 2160 3895 dinem
2197 3844 2508 3912 angelorum
2540 3852 2596 3898 et
2623 3846 2792 3914 ipsius
2822 3843 2946 3899 Jesu
2979 3846 3176 3899 Chri:ti
3202 3847 3292 3916 qui
3330 3845 3544 3903 Patrem

1981 3930 2375 4000 deprecabatur
2405 3936 2632 3990 dicens:
2697 3954 2715 3986 ι
2745 3937 2859 3989 Non
2899 3952 3012 3990 mea
3047 3939 3295 3992 voluntas
3323 3940 3415 3992 sed
3452 3949 3543 3994 tua

1980 4023 2092 4076 ﬁat.
2122 4042 2141 4076 ι
2200 4026 2324 4080 Ideo
2361 4027 2651 4098 Dionysius
2711 4029 2848 4082 dixit
2889 4030 3033 4082 hunc
3086 4031 3252 4098 ipsius
3279 4034 3400 4084 vitm
3428 4035 3543 4097 rpi-

1979 4128 2266 4184 scoporum
2318 4118 2411 4186 qui
2461 4117 2514 4172 in
2540 4118 2741 4173 mundo
2772 4127 2896 4173 sunt
2921 4119 3228 4187 integritate
3266 4132 3542 4189 praestare.

2506 4230 2733 4286 CAPUT
2765 4229 3041 4285 CCLXVI.
3110 4296 3112 4298 _

1983 4327 2158 4393 Quare
2191 4337 2244 4380 ut
2268 4327 2554 4394 plurimum
2587 4326 2675 4391 qui
2704 4341 2840 4376 mmc
2870 4324 2939 4376 ad
2978 4325 3335 4391 episcopu'um
3362 4342 3541 4391 perre-

2323 4398 2499 4458 uitmt,
2527 4398 2676 4462 prius
2718 4396 2852 4462 ﬁunt
2889 4395 3174 4448 monachi?

2048 4485 2412 4552 Quamobrem
2458 4483 2656 4539 Christi
2712 4483 2952 4536 Ecclesia
3005 4483 3291 4552 plerosque
3349 4500 3536 4538 eorum

307 4587 418 4641 τῶν
442 4587 518 4647 είς
550 4583 855 4654 ἐπισκοπὴν
878 4583 1161 4651 ἀγομένων
1197 4583 1323 4653 ἄρτι
1359 4583 1435 4652 τῷ
1469 4583 1595 4652 θείῳ
1632 4585 1870 4653 σχήματι
1908 4585 1948 4638 D
1978 4594 2076 4648 quo

1769 4602 1870 4635 Lam
1908 4585 1948 4638 υ
1978 4594 2112 4648 quos
2145 4579 2303 4631 modo
2327 4576 2390 4631 ad
2421 4577 2790 4646 episeOpatum
2814 4575 3023 4629 extollit.
3047 4576 3195 4645 prius
3219 4579 3320 4632 hoc
3357 4579 3538 4633 habitu

307 4679 484 4743 τούτῳ
523 4673 946 4744 κατακοσμοῦσα
995 4674 1280 4743 πρότερον,
1315 4673 1484 4736 οὕτως
1545 4675 1878 4737 ἐπισκόπους

312 4770 567 4838 καθιστᾷ,
619 4768 686 4822 τὰ
735 4767 966 4837 μέγιστα
1011 4767 1103 4818 καὶ
1147 4767 1276 4833 ἆγια
1302 4765 1408 4819 τῶν
1436 4767 1608 4832 ἁγίων
1637 4765 1711 4834 τῷ
1741 4783 1880 4820 παν-

307 4863 450 4930 αγίῳ
478 4858 943 4926 ἐξασφαλιζομὲνη
990 4857 1084 4908 καὶ
1137 4855 1266 4925 ἱερῷ
1318 4857 1580 4925 σχήματι.
1647 4856 1790 4926 Ὅρα
1822 4857 1877 4909 δὲ

309 4956 406 5005 καὶ
438 4954 583 5014 ὅπως
642 4951 875 5003 τελεῖται
927 4950 962 5018 ή
1006 4948 1098 5001 τοῦ
1162 4949 1460 5017 μοναχικοῦ
1513 4949 1788 5024 σχήματος
1821 4949 1878 4999 ἐν

310 5043 533 5114 Χριστῷ
563 5043 680 5095 θεία
713 5041 923 5108 τελετή.

864 5132 1110 5186 ΚΕΦΛΛ.
1161 5129 1319 5185 ΣΞΖ’.

627 5220 764 5288 Περὶ
785 5219 1123 5288 μοναχικῆς
1156 5219 1540 5284 τελειώσεως.

384 5320 755 5386 Προσερχεται
782 5314 809 5364 ὁ
838 5312 1066 5381 μονὰσαι
1113 5311 1435 5380 βουλόμενος
1464 5313 1752 5376 ἑκουσίως,
1789 5314 1876 5364 καὶ

307 5414 432 5472 δοὺς
459 5409 614 5474 λόγον
646 5405 745 5474 τῆς
774 5404 916 5458 κατὰ
935 5402 1066 5455 Θεὸν
1093 5402 1257 5472 ζωῆς,
1285 5403 1641 5478 δοκιμάζεται
1667 5405 1723 5454 ἐν
1749 5403 1878 5472 ὠρι-

310 5504 501 5572 σμένῳ
527 5497 723 5566 καιρῷ,
753 5495 848 5548 καὶ
869 5493 1048 5547 πίστιν
1078 5493 1200 5556 δοὺς
1224 5493 1331 5546 ἀπὸ
1357 5496 1453 5563 τῆς
1473 5493 1634 5545 αὑτοῦ
1669 5493 1875 5562 βιοτῆς,

307 5596 406 5650 καὶ
439 5595 536 5661 τὴν
562 5588 840 5643 τελείωσιν
883 5585 975 5638 τοῦ
1008 5587 1282 5653 σχήματος
1321 5585 1652 5652 ἐκζητήσας,
1687 5582 1770 5634 ἵνα
1803 5581 1877 5651 μὴ

307 5685 438 5756 δόξῃ
469 5680 707 5751 βιασθεὶς
737 5678 769 5746 ἢ
821 5675 1210 5743 ἀναγκασθεὶς,
1246 5675 1582 5743 προσάγεται
1621 5672 1698 5740 τῷ
1727 5673 1837 5741 ναῷ
1860 5689 1873 5703 .

309 5777 436 5830 ἐπεὶ
466 5773 539 5836 ὡς
565 5772 734 5840 δῶρον
785 5768 1170 5838 προσφέρεται,
1224 5766 1433 5833 ἐξάγων
1471 5765 1632 5826 αὐτὸς
1686 5764 1878 5816 ἑαυτὸν

309 5868 410 5924 τοῦ
437 5867 644 5937 κόσμου
661 5875 675 5890 ⁸
695 5862 790 5914 καὶ
813 5859 917 5928 πρὸ
936 5859 1042 5910 τῶν
1067 5857 1248 5911 πυλῶν
1266 5859 1500 5925 ἵσταται,
1525 5857 1646 5910 ἐπεὶ
1669 5855 1785 5910 οὐδέ
1799 5871 1878 5909 πω

658 5957 927 6017 ΡΔτιωι..
972 5954 1088 6015 Gn.
1135 5953 1310 6014 CLV.

1981 4671 2272 4724 adornatos
2337 4669 2415 4723 sic
2468 4669 2755 4737 episcopos
2814 4668 3134 4733 constituit,
3197 4671 3428 4725 maxima
3487 4684 3542 4727 et

1980 4772 2164 4815 sancta
2193 4771 2502 4815 sanctorum
2533 4761 2633 4813 hoc
2665 4759 3012 4814 sanctissimo
3045 4775 3308 4831 sacquue
3352 4765 3538 4817 habitu

1980 4850 2375 4905 conﬁrmando.
2439 4848 2568 4904 Vide
2593 4860 2772 4903 autem
2798 4850 3070 4915 quomodo
3104 4853 3193 4905 ﬁat
3239 4855 3539 4909 monachic‘

1981 4940 2194 4996 habitus
2216 4941 2269 4994 in
2291 4939 2510 4995 Christo
2540 4941 2722 4994 divina
2752 4941 3118 4996 consecratio.

2489 5114 2717 5172 CAPUT
2782 5114 3083 5171 CCLXVII.

2369 5210 2443 5263 De
2477 5209 2774 5262 monac/mli
2805 5209 3150 5277 perfectione.

2049 5300 2276 5355 Accedit
2313 5299 2406 5368 qui
2439 5300 2673 5353 libenter
2723 5301 2838 5352 vult
2882 5299 3130 5352 monachi
3161 5299 3323 5354 vitam
3359 5313 3542 5371 agere,

1979 5403 2031 5446 et
2053 5395 2175 5446 data
2210 5394 2421 5444 ratione
2448 5392 2574 5444 vitae
2612 5406 2733 5459 qum
2777 5401 2864 5443 est
2897 5391 3197 5444 Secundum
3250 5393 3437 5456 Deum,
3484 5392 3536 5444 in

1980 5492 2223 5551 tempore
2261 5482 2560 5536 constituto
2618 5483 2908 5549 probatur;
2959 5481 3158 5535 deinde
3206 5481 3361 5536 ﬁdem
3404 5483 3541 5537 dans

1979 5592 2078 5645 per
2140 5589 2291 5628 suam
2357 5574 2850 5638 conversationem,
2927 5582 2981 5626 et
3043 5588 3256 5626 sacrum
3322 5573 3542 5627 habitus

1980 5665 2238 5720 induendi
2284 5665 2449 5717 ritum
2473 5677 2792 5731 exposcens,
2829 5677 2896 5717 ne
2926 5662 3175 5715 videatur
3203 5664 3312 5715 vim
3347 5680 3538 5732 passus

1983 5768 2142 5826 atque
2167 5765 2410 5818 coactus,
2434 5755 2690 5824 templum
2715 5755 2845 5816 adit,
2880 5754 3134 5823 quoniam
3164 5754 3309 5809 velut
3337 5756 3538 5809 donum

1982 5847 2328 5917 semetipsum
2379 5845 2555 5915 otlert,
2591 5855 2643 5902 ct
2695 5862 2793 5916 pro
2843 5846 3050 5901 foribus
3103 5855 3228 5910 stat,
3283 5844 3536 5915 quoniam

3073 5934 3138 5997 lli
