4480 6458
317 420 429 483 493
1200 457 1215 484 ο

1620 419 1717 477 DE
1759 390 2270 476 PdaNITENTn.

3450 417 3550 476 494

309 531 531 600 Αογικὶν
556 529 632 599 τῷ
663 527 928 594 κτίσαντι,
962 529 1298 596 κατηχεῖται.
1333 529 1440 580 καὶ
1479 526 1848 595 τῆςτελειοτὰ
1887 521 1946 588 Ἀ
1979 527 2068 580 Iun

1783 526 1848 578 τά
1887 521 1946 588 Ἀ
1979 527 2298 588 luntarium,
2332 515 2510 580 vivum
2543 539 2596 581 et
2625 529 2964 606 rationabile.
2993 529 3310 593 ἱηεῑτιιίιιπο
3336 541 3391 587 εί
3425 547 3548 603 Pe"

309 640 414 691 της
449 623 591 689 ζωῆς
645 621 935 688 ὑφηγεῖται
969 619 1118 687 αὐτῷ
1147 621 1174 672 ὁ
1211 608 1404 687 ιὶερεὺς
1437 623 1536 688 τὴν
1572 617 1872 673 πολιτείαν.

311 712 518 772 Καὶὼς
556 709 807 763 πεινάσαι
840 708 970 775 ἔχει,
1015 711 1107 761 καὶ
1153 709 1400 778 διῷἦσαι,
1440 709 1534 762 καὶ
1566 709 1876 778 γ’)μνητεῦ-

315 824 408 858 σαι
436 805 520 857 δια
572 803 828 871 Χριστὸν,
868 803 957 855 τὸν
1007 803 1177 856 ταῦτα
1226 805 1467 858 παθόντα
1500 806 1663 872 ὑπὲρ
1695 806 1876 876 ἡμῶν,

313 900 411 950 καὶ
434 895 792 959 ὀνειδισθῆναι
822 892 915 944 καὶ
944 880 1308 962 χλευασθῆναι
1337 894 1428 946 καὶ
1456 894 1754 964 διωχθῆναι
1783 885 1878 947 καὶ

311 990 492 1042 πάντα
545 985 735 1036 παθεῖν
793 982 862 1035 δι’
925 984 1110 1046 αὑτὸν,
1173 985 1267 1037 καὶ
1296 984 1528 1058 χαίρειν,
1563 987 1651 1039 ὅτε
1703 985 1879 1039 ταῦτα

308 1081 489 1133 πάντα
515 1082 671 1133 πάθοι
698 1078 784 1132 διὰ
819 1080 1051 1149 Χριστόν
1071 1095 1088 1153 ο.
1122 1077 1213 1130 καὶ
1242 1078 1323 1129 ὃτι
1359 1079 1587 1147 μεγίστη
1614 1077 1645 1144 ἡ
1676 1076 1876 1144 δωρεά·

308 1173 407 1223 καὶ
459 1170 709 1242 δεύτερον
766 1171 1047 1240 βάπτισμα
1071 1168 1361 1237 λαμϐάνει,
1407 1169 1503 1221 καὶ
1553 1168 1878 1239 καθαίρεται

307 1263 421 1314 τῶν
451 1262 772 1331 ἁμαρτιῶν·
839 1265 962 1315 καὶ.
987 1263 1099 1324 υἱὸς
1133 1258 1307 1328 φωτὸς
1360 1259 1637 1312 δείκνυται
1661 1275 1675 1289 ·
1727 1259 1820 1312 καὶ
1853 1258 1879 1310 ὑ

308 1355 519 1421 Κύριος
573 1356 732 1422 ἡμῶν
781 1354 867 1407 ἐπ’
904 1353 1049 1422 αὑτῴ
1080 1353 1260 1423 χαίρει
1299 1351 1438 1420 μετὰ
1491 1351 1600 1404 τῶν
1629 1347 1878 1418 ἀγγέλων

309 1446 498 1512 αὑτοῦ,
535 1446 678 1498 θὺων
729 1443 881 1516 αὑτῷ
915 1446 1007 1497 τὸν
1071 1447 1271 1513 μόσχον
1300 1444 1390 1497 τὸν
1441 1442 1706 1506 σιτευτὸν,
1742 1443 1878 1511 ὅπερ

307 1518 468 1593 ἐστὶν.
493 1539 657 1593 αὑτοῦ
687 1540 748 1591 τὸ
778 1538 938 1606 σῶμα
979 1538 1070 1590 καὶ
1095 1533 1254 1605 αἷμα.
1289 1537 1396 1591 Καὶ
1419 1538 1569 1600 ὅπως
1601 1535 1879 1602 ἀντιλογία

311 1629 415 1697 μὲν
455 1631 548 1681 καὶ
571 1627 820 1696 ἀνηκοῖα,
853 1627 1200 1695 ὑπερηφανία
1222 1643 1278 1678 τε
1303 1626 1395 1677 καὶ
1413 1625 1481 1677 τὰ
1509 1623 1673 1676 λοιπὰ
1701 1622 1878 1676 πάντα

307 1720 483 1780 δεινὰ,
514 1720 702 1788 πόρρω
736 1714 845 1770 eis;
867 1716 961 1770 ἀπ’
981 1714 1169 1780 αὑτοῦ,
1200 1716 1423 1767 πλουτεῖ
1453 1714 1508 1767 δὲ
1556 1714 1656 1783 τὴν
1687 1712 1880 1766 ταπεί-

310 1828 478 1865 νωσιν
501 1811 594 1864 καὶ
623 1811 720 1882 τὴν
750 1796 995 1877 ὑπακοήν
1033 1809 1128 1862 καὶ
1171 1806 1527 1876 φιλαδελφίαν
1567 1807 1663 1860 καὶ
1705 1803 1879 1858 ἐπιεί-

308 1921 494 1969 κειαν,
526 1902 630 1972 τὴν
653 1900 886 1979 μελέτην
914 1917 971 1952 τε
1004 1899 1101 1954 καὶ
1132 1901 1434 1966 ἀνάγνωσιν
1465 1899 1574 1951 τῶν
1605 1897 1763 1950 θείων
1789 1897 1874 1949 λο-

308 1998 469 2065 γίων,
502 1997 597 2050 καὶ
650 1997 883 2066 τήρησιν
924 1995 1023 2063 τῆς
1061 1993 1296 2064 καρδίας
1327 1991 1434 2045 ἀπὸ
1463 1991 1572 2044 τῶν
1614 1989 1879 2062 ῥυπαρῶν

309 2089 592 2159 λογισμῶν
620 2105 635 2119 ⁸
659 2088 737 2142 ἔτι
769 2088 824 2140 δὲ
854 2085 1114 2156 ἐργασίαν
1153 2085 1251 2154 τὴν
1287 2083 1427 2136 κατὰ
1469 2081 1699 2152 δύναμιν
1736 2099 1748 2114 ·
1785 2083 1882 2134 καὶ

308 2182 468 2242 τέλος
499 2180 821 2247 ἐξαγγελίαν
870 2179 977 2232 τῶν
1032 2180 1132 2245 τῆς
1163 2176 1398 2246 καρδίας
1444 2175 1706 2244 κρυπτῶν
1739 2174 1882 2227 κατὰ

309 2274 412 2333 τὰς
443 2272 589 2340 ἱερᾶς
622 2289 677 2323 τε
705 2271 797 2322 καὶ
828 2269 978 2331 θείας
1018 2269 1322 2337 ὑποθήκας.
1356 2267 1447 2322 ’Δι’
1477 2261 1551 2320 ῶν
1581 2265 1880 2330 δείκνυται,

308 2360 388 2422 ὡς
415 2360 520 2426 ἄρα
556 2360 725 2423 καλῶς
753 2358 963 2428 εἴρηται
991 2359 1050 2411 τὸ
1087 2358 1277 2427 σχῆμα
1309 2356 1369 2410 τὸ
1397 2355 1560 2425 ἅγιον
1601 2356 1659 2407 ἐν
1690 2357 1753 2424 τῇ
1791 2371 1884 2423 μιιε⁵

310 2447 506 2515 τανοίᾳ
542 2440 702 2501 εἶναι.

867 2536 1116 2588 ΚΕΦΛΛ.
1165 2536 1332 2588 ΣΟΜ.

565 2630 625 2682 Τί
658 2629 695 2696 ἡ
728 2629 845 2682 τῶν
872 2628 1087 2696 τριχῶν
1107 2629 1385 2697 σημαίνει
1419 2627 1630 2693 κουρά.

385 2717 572 2772 Ταῦτα
595 2715 689 2771 οὖν
724 2719 902 2771 πάντα,
932 2718 1378 2786 καθομολογήσας
1430 2717 1517 2767 ἐπ’
1556 2715 1729 2767 ἑλπίδι
1783 2716 1882 2783 τῆς

310 2812 596 2882 δυνάμεως
624 2812 717 2866 τοῦ
741 2812 1002 2882 Χριστοῦ,
1029 2813 1121 2864 καὶ
1150 2809 1551 2878 συνταξάμενος
1584 2811 1641 2860 ἐν
1673 2810 1884 2872 τούτοις

320 2906 508 2973 μένειν
537 2904 662 2974 ἄχρι
693 2905 876 2966 τέλους
910 2904 1056 2973 ζωῆς
1093 2901 1280 2966 αὑτοῦ,
1315 2901 1578 2961 ἑκουσίως
1611 2901 1717 2968 γὰρ
1749 2901 1887 2968 Χρι-

315 2997 429 3065 στῷ
463 2995 792 3060 ἀνατίθεται,
853 2995 1094 3064 κείρεται
1150 2990 1516 3061 σταυροειδῶς
1565 2991 1662 3054 τὰς
1691 2991 1886 3062 τρίχας

312 3089 415 3156 τῆς
442 3087 685 3156 κεφαλῆς
721 3092 800 3151 εἰς
824 3089 882 3141 τὸ
904 3088 1074 3157 ὄνομα
1105 3090 1202 3156 τῆς
1227 3085 1456 3156 Τριὰδος
1484 3101 1498 3116 ·
1535 3085 1624 3138 διὰ
1655 3085 1753 3154 μὲν
1781 3085 1886 3154 τῆς

1984 616 2292 671 lectissimae
2332 619 2456 673 vita:
2478 620 2945 675 conversationem
2983 621 3132 674 illum
3173 622 3332 676 docet
3361 638 3544 693 saccrs

1983 710 2102 774 dos,
2155 711 2328 779 aperit
2378 711 2540 764 etiam
2595 719 2855 780 quantum
2913 713 3124 767 esurire
3169 715 3440 784 Oportebit
3497 723 3551 770 ct

1982 800 2135 854 sitire
2191 811 2246 855 et
2300 803 2485 856 nudus
2517 817 2637 857 esse
2676 806 2902 873 propter
2954 804 3231 868 Christum
3285 808 3375 876 qui
3425 808 3553 863 talia

1983 903 2202 962 propter
2250 910 2368 970 nos.
2405 888 2676 959 toleravit,
2724 890 2937 951 necnon
2988 895 3201 965 injuriis
3247 899 3440 955 lacessi
3494 910 3548 955 ct

1984 985 2154 1050 illudi,
2220 996 2272 1040 et
2331 989 2760 1054 persecutionem
2815 987 2924 1056 pali
2983 989 3274 1067 omniaque
3325 1004 3548 1061 pr0pter

1981 1091 2105 1130 eum
2164 1077 2325 1142 l‘crre,
2381 1087 2433 1131 et
2463 1078 2697 1146 gaudere
2727 1080 2944 1147 quando
2972 1080 3284 1153 istaomnia
3327 1092 3550 1152 propter

1981 1167 2254 1222 Christum
2289 1170 2545 1237 patietur,
2609 1178 2664 1224 et
2690 1173 2948 1239 quOniam
2997 1174 3098 1226 hoc
3127 1181 3213 1226 est
3247 1174 3545 1227 maximum

1982 1258 2209 1323 donum,
2238 1269 2294 1314 et
2330 1261 2453 1328 quia
2486 1260 2788 1315 secundum
2825 1263 3021 1330 accipit
3051 1264 3400 1332 baptismum,
3437 1275 3490 1320 et
3521 1281 3551 1319 ιι

1983 1350 2220 1417 peccatis
2264 1343 2578 1416 inundatur,
2627 1360 2683 1407 et
2742 1353 2882 1408 ﬁlius
2942 1355 3078 1408 lucis
3134 1357 3461 1423 ostenditur,
3496 1371 3553 1412 et

1986 1432 2245 1490 Dominus
2275 1447 2458 1491 noster
2504 1441 2569 1492 de
2625 1456 2690 1494 eo
2739 1443 2937 1506 gaudet
2994 1459 3116 1496 cum
3155 1446 3360 1511 angelis
3407 1448 3546 1515 ejus,

1982 1527 2236 1581 occidens
2285 1528 2335 1583 ei
2377 1531 2600 1584 vitulum
2634 1533 2958 1601 saginatum,
2987 1536 3128 1603 quod
3157 1545 3240 1590 est
3270 1537 3404 1604 {ejus
3428 1552 3553 1591 eor-

1984 1620 2089 1686 pus
2110 1626 2164 1672 et
2195 1620 2416 1689 sanguis
2445 1638 2457 1685 ;
2512 1622 2712 1677 indicat
2744 1625 2906 1678 etiam
2934 1627 3209 1690 quomodo
3239 1628 3467 1682 rebellio
3497 1637 3550 1682 ct

1986 1707 2354 1763 inobcdientia
2387 1720 2551 1781 atque
2581 1715 2833 1782 superbia
2864 1725 3168 1786 cmteraque
3190 1721 3332 1773 mala
3367 1720 3549 1775 omnia

1983 1800 2167 1866 procul
2214 1801 2282 1854 ab
2310 1816 2374 1856 eo
2402 1803 2580 1858 l’utnra
2613 1806 2744 1871 sint,
2778 1809 2870 1862 sed
2913 1823 3034 1862 cum
3057 1810 3277 1864 divitem
3311 1809 3547 1865 futurum

1982 1904 2104 1943 esse
2152 1893 2476 1958 humilitate,
2531 1898 2880 1962 obetlientia,
2935 1900 3173 1954 fraterna
3216 1904 3546 1964 «dilectione.

1986 1983 2429 2047 mansuetudine,
2464 1986 2816 2043 meditatione
2852 1999 2904 2044 ct
2935 1992 3211 2057 agnitione
3243 1993 3548 2048 divinorum

1984 2085 2320 2139 sermonum,
2355 2090 2565 2130 necnon
2591 2092 2686 2132 cor
2706 2094 2825 2134 esse
2857 2091 3197 2137 servaturum
3226 2086 3292 2139 ab
3322 2087 3551 2154 impuris

1984 2165 2398 2231 cogitationibus
2427 2155 2766 2240 ctquantuni
2793 2176 3377 2244 poteritepcraturum.
3402 2179 3553 2234 Dcn’-

1983 2269 2087 2323 que
2118 2258 2429 2314 abscondita
2451 2263 2627 2315 cordis
2661 2266 2972 2319 manifestat
2997 2268 3297 2322 secundum
3333 2281 3549 2326 snnctas

1984 2346 2301 2417 divinasque
2319 2350 2709 2406 institutiones.
2737 2355 2942 2419 Quibus
2959 2342 3280 2425 ostenditur,
3306 2362 3548 2416 habitum

1987 2450 2231 2492 sanctum
2265 2455 2407 2504 esse,
2435 2453 2593 2510 prout
2628 2455 2772 2497 recte
2819 2448 3072 2515 diximus,
3121 2451 3172 2503 in
3210 2453 3548 2520 pmnitcntia.

2495 2531 2724 2588 CAPUT
2762 2534 3035 2592 CCLXXI.

2267 2621 2406 2686 Quid
2430 2624 2623 2678 indicet
2667 2637 2886 2681 tonsura
2926 2632 3265 2700 capillorum.

2055 2709 2260 2766 “circo
2319 2713 2430 2766 haec
2480 2715 2660 2768 omnia
2718 2717 2999 2774 confessus
3065 2723 3118 2775 in
3176 2739 3273 2792 spe
3337 2725 3551 2781 virtutis

1984 2803 2224 2868 Christi,
2263 2815 2317 2859 et
2355 2806 2611 2862 fratribus
2644 2817 2928 2880 cooptatus
2965 2812 3105 2868 inter
3143 2830 3236 2869 cos
3276 2833 3445 2887 usque
3484 2821 3551 2873 ad

1989 2895 2148 2949 ﬁnem
2181 2895 2306 2951 vita:
2336 2912 2446 2952 sua:
2476 2914 2880 2969 permansurus,
2905 2904 3139 2961 libenter
3161 2908 3306 2962 cnim
3335 2911 3554 2965 Christo

1986 2985 2228 3052 dicatur,
2264 2988 2316 3042 in
2346 2991 2566 3046 modum
2603 2993 2780 3046 crucis
2814 2996 3026 3063 capillis
3056 2997 3252 3068 capitis
3290 3001 3552 3056 tondetur

1988 3074 2043 3128 in
2087 3077 2313 3132 nomine
2345 3077 2647 3147 Trinitatis,
2685 3098 2783 3152 per
2816 3083 3138 3143 Trinitatem
3173 3090 3549 3159 consecratus,

313 3179 547 3248 Τριάδος
573 3178 912 3247 τελούμενος,
943 3178 1032 3231 διὰ
1063 3177 1117 3230 δὲ
1143 3175 1240 3230 τοῦ
1289 3174 1527 3246 σταυροῦ
1551 3175 1649 3246 τὴν
1676 3175 1882 3244 νέκρω-
1910 3189 1954 3245 c
1989 3183 2082 3236 per

1778 3193 1882 3244 ρω.
1910 3189 1954 3245 c
1989 3183 2082 3236 per
2119 3183 2340 3224 crucem
2385 3187 2515 3226 vero
2557 3187 2617 3228 se
2667 3185 2935 3230 mortuum
2984 3181 3189 3235 mundo
3221 3185 3547 3250 ostendens,

319 3286 403 3322 σιν
429 3271 519 3322 τοῦ
563 3271 770 3339 κᾶσμου
801 3269 996 3340 δηλῶν,
1031 3269 1124 3320 καὶ
1178 3267 1612 3336 σφραγιζὸμενος
1635 3266 1714 3336 τῷ
1744 3267 1883 3336 ὑπὲρ

319 3360 475 3430 19],
507 3361 662 3430 ἡμῶν
717 3360 1120 3430 σταυρωθέντιο
1169 3360 1258 3412 διὰ
1308 3358 1365 3412 δὲ
1412 3358 1512 3427 τῆς
1544 3359 1887 3426 ἀφαιρέσεως

313 3456 413 3506 καὶ
441 3453 640 3520 κουρᾶς
662 3452 768 3505 τῶν
797 3453 998 3520 τριχῶν
1021 3451 1276 3518 ἀπαρχὴν
1308 3451 1372 3502 ὲκ
1406 3449 1499 3502 τοῦ
1535 3448 1788 3518 σώματος
1813 3448 1888 3512 ὡς

313 3541 510 3594 θυσίαν
539 3542 862 3612 προσφέρων
887 3543 964 3612 τῷ
991 3543 1178 3612 Κυρίῳ
1200 3559 1215 3575 ·
1248 3544 1329 3594 ὅτι
1361 3542 1483 3602 ὅλος
1519 3541 1885 3611 προσάγεται,

316 3635 414 3687 καὶ
443 3634 764 3703 ἁφιεροῦται
794 3632 1033 3701 Χριστῷ,
1085 3633 1180 3686 καὶ
1208 3634 1282 3696 ὼς
1308 3633 1399 3703 ⁴τὰ
1440 3632 1679 3703 περιττὰ
1712 3634 1888 3686 πάντα

313 3729 416 3782 καὶ
441 3726 512 3780 τὰ
540 3725 631 3779 τοῦ
661 3726 868 3795 κόσμου
902 3724 1323 3794 ἀποτιθέμενος.

859 3840 1108 3897 ΚΕΦΑΛ.
1162 3841 1328 3894 ΣΟΒ’.

427 3933 527 4001 Τίς
554 3935 591 4003 ἠ
613 3933 866 4003 δύναμις
889 3931 1010 3986 τῶν
1031 3931 1145 4000 πρὸ
1176 3931 1286 4000 τῆς
1307 3931 1532 4001 κουρᾶς
1557 3932 1778 4001 εὐχῶν.
1799 3963 1803 3967 ~

391 4092 506 4162 Πρὸ
533 4093 630 4163 τῆς
673 4091 877 4160 κουρᾶς
920 4090 997 4157 δὲ,
1051 4090 1188 4160 μετὰ
1217 4088 1317 4152 τὰς
1351 4089 1699 4159 ὑποσχέσεις,
1722 4091 1889 4160 εὐχὰς

315 4187 472 4257 παρὰ
497 4185 590 4238 τοῦ
618 4185 805 4254 ἱερέως
825 4184 1035 4254 δέχεται
1062 4183 1234 4254 ίεράς.
1271 4183 1381 4236 Καὶ
1406 4185 1439 4254 ἡ
1475 4184 1571 4254 μὲν
1605 4184 1775 4251 ἔστιν,
1802 4185 1889 4238 ἵνα

313 4282 347 4330 ὁ
382 4275 788 4344 πανοικτίρμων
811 4276 943 4338 Θεὸς
971 4275 1289 4339 ὑποδέξαιτο
1343 4275 1508 4328 αὐτὴν
1552 4277 1626 4338 ὡς
1650 4277 1887 4346 προσελ-

317 4369 484 4421 θόντα
506 4406 522 4431 ,
553 4370 646 4420 καὶ
677 4365 1110 4433 ὑπαγκαλίσαιτο
1137 4365 1210 4429 ὡς
1233 4365 1323 4418 τὸν
1342 4366 1572 4432 ἄσωτον,
1601 4367 1696 4420 καὶ
1722 4367 1820 4419 ὑπε
1832 4384 1888 4436 ρ-

317 4457 553 4511 ασπίσαι
609 4456 772 4507 αὑτοῦ
808 4455 894 4507 διὰ
924 4455 1050 4516 τοὺς
1091 4456 1176 4506 ἀεὶ
1233 4454 1609 4524 πολεμοῦντας
1631 4470 1645 4484 ·
1676 4458 1772 4508 καὶ
1798 4456 1886 4507 ἶνα

319 4551 554 4602 πάντοτε
587 4548 682 4601 σὺν
724 4546 870 4614 αὑτῷ
900 4541 960 4618 ᾖ,
988 4544 1312 4613 ;εὑφραίνων
1345 4543 1507 4597 αὑτοῦ
1542 4547 1635 4596 καί
1664 4545 1883 4612 γλυκαί-

318 4657 432 4693 νων
453 4643 550 4708 τὴν
580 4638 804 4706 καρδίαν
826 4639 892 4705 τῇ
925 4620 1268 4705 παρακλήσει
1321 4634 1417 4687 τοῦ
1453 4634 1601 4688 θείου
1638 4636 1888 4705 Πνεῦμα-

317 4747 435 4793 ·τος,
468 4729 630 4795 ἀξιῶν
664 4728 824 4780 αὑτὸν
848 4727 944 4780 καὶ
971 4727 1069 4793 τῆς
1129 4725 1346 4795 μερίδος
1375 4725 1484 4777 τῶν
1511 4725 1694 4791 ὁσίων,
1729 4721 1803 4781 ῶν
1832 4726 1892 4779 τὸ

322 4822 516 4890 σχῆμα
563 4818 824 4883 ἐνδύεται,
879 4818 967 4871 ἵνα
1000 4819 1095 4870 καὶ
1145 4818 1244 4870 σὺν
1289 4817 1471 4880 αὐτοῖς
1503 4818 1892 4887 κληροιομήσῃ

319 4914 423 4981 τὴν
460 4910 734 4980 βασιλείαν
765 4909 873 4961 τῶν
894 4907 1162 4977 οὐρανῶν,
1184 4910 1240 4959 ὲν
1271 4909 1420 4976 αὐτῷ
1449 4908 1526 4976 τῷ
1547 4908 1793 4978 Χριστῷ,
1831 4910 1893 4960 ὃν

319 5004 422 5058 καὶ
451 5003 660 5069 εὑλογεί
695 5001 792 5053 σὺν
826 4998 901 5068 τῷ
945 5000 1119 5067 Πατρὶ
1152 5000 1246 5052 καὶ
1275 4998 1351 5068 τῷ
1384 4999 1687 5068 Πνεὺματι.
1737 4999 1888 5067 Δὺτη

319 5095 433 5164 γὰρ
464 5093 714 5164 ήκλῆσις
747 5093 923 5144 πάντα
943 5091 1024 5142 ιτὰ
1055 5090 1171 5141 θεία
1201 5090 1404 5156 δίδωσι,
1445 5090 1538 5142 καὶ
1568 5089 1658 5141 τὸν
1706 5089 1893 5141 τελού-

322 5205 489 5258 μενον
513 5184 726 5237 τελειοῖ.
755 5185 989 5235 Ἔπειτα
1022 5183 1329 5250 σφραγίσας
1367 5182 1551 5246 αὑτὸν,
1607 5182 1704 5234 καὶ
1755 5185 1890 5252 πρὸς

326 5275 595 5337 ἀνατολὰς
641 5274 920 5342 στραψεὶς,
980 5272 1077 5342 τὴν
1127 5271 1460 5340 τελεωτέραν
1493 5274 1639 5338 λέγει
1692 5273 1880 5342 εὐχὴν,

320 5369 414 5423 ἐπ’
439 5369 665 5436 ἐδάφους
689 5367 939 5434 κειμένου
973 5365 1067 5416 τοῦ
1114 5365 1466 5432 τελουμένου.
1515 5381 1532 5413 ι
1574 5365 1634 5416 '0
1667 5363 1764 5425 ῶν,
1795 5364 1893 5416 Δέ-

321 5479 523 5526 σποτα,
556 5459 747 5527 Κύριε,
773 5459 800 5508 ὁ
849 5456 984 5524 μετὰ
1019 5455 1110 5507 τοῦ
1144 5455 1344 5518 ζῶντος
1393 5456 1490 5508 καὶ
1521 5456 1889 5508 ὲνυποστὰτου

320 5552 502 5619 Λόγον
536 5567 652 5615 σου,
682 5549 777 5601 καὶ
807 5546 901 5598 τοῦ
931 5547 1082 5616 παρὰ
1113 5545 1205 5597 σοῦ
1242 5545 1682 5614 ἐκπορευομένου
1720 5545 1889 5597 livet}-

325 5657 497 5710 ματος
526 5640 622 5706 τῆς
657 5636 913 5706 ἀληθείας
939 5650 953 5665 °
996 5655 1014 5687 ι
1055 5635 1113 5687 ὃν
1146 5631 1238 5687 καὶ
1278 5635 1408 5687 Θεὸν
1429 5636 1672 5701 ἀγγέλων
1703 5637 1890 5704 φησιν,

319 5728 370 5802 ᾦ
410 5733 591 5784 καὶτὰ
627 5731 876 5799 Σεραιρὶμ
910 5727 1274 5797 παρίστανται
1299 5725 1663 5794 ἁνυμνοῦντα,
1706 5730 1797 5778 καὶ
1834 5729 1893 5779 τὸ

329 5824 451 5892 φῶς
497 5821 558 5874 τδ
604 5820 854 5891 ἀληθινὸν
911 5819 969 5871 τὸ
1028 5817 1262 5888 ςωτίζον
1319 5816 1522 5884 πάντα,
1560 5815 1719 5870 αὑτὸν
1756 5812 1891 5870 εἶναι

1987 3265 2041 3312 et
2082 3262 2437 3318 conﬁrmatus
2485 3266 2535 3319 ei
2581 3269 2672 3334 qui
2729 3284 2829 3338 pro
2879 3271 3036 3326 nobis
3082 3273 3184 3327 fuit
3212 3277 3551 3345 cruciﬁxus;

1989 3364 2084 3418 per
2121 3361 2401 3408 tonsuram
2436 3367 2618 3411 autem
2651 3367 2706 3412 et
2738 3376 2980 3416 rasuram
3018 3365 3206 3434 capitis
3247 3370 3401 3436 quasi
3442 3373 3555 3440 pri-

1987 3443 2168 3498 mitias
2196 3459 2518 3515 exlcorpore
2550 3449 2605 3503 in
2639 3453 2965 3508 sacriﬁcium
3001 3456 3109 3512 Deo
3139 3459 3379 3524 olIerrct,
3412 3479 3551 3532 quo-

1987 3534 2132 3587 niam
2184 3534 2298 3601 ipse
2341 3545 2486 3592 totus
2532 3539 2760 3594 oﬁertur
2806 3551 2861 3597 ct
2908 3544 3137 3601 Domino
3172 3563 3547 3621 consecratur,

1987 3634 2042 3677 et
2073 3626 2224 3694 quasi
2259 3627 2438 3680 omnia
2475 3630 2743 3699 superﬂua
2776 3643 2829 3687 ct
2858 3637 3134 3692 mundana
3171 3639 3461 3710 abjiceret.

2478 3833 2707 3890 CAPUT
2747 3836 3042 3894 CCLXXII.

1989 3920 2248 3988 Quanam
2276 3921 2598 3993 signiﬁcatio
2626 3943 2837 3993 precum
2879 3947 2995 3998 qua:
3030 3942 3263 3990 tonsum
3313 3942 3554 4006 prwmit-

2679 4007 2884 4054 (untur.

2058 4089 2128 4139 At
2156 4095 2281 4141 ante
2305 4096 2606 4155 tonsuram,
2632 4101 2759 4160 post
2787 4103 3032 4146 votorum
3056 4099 3549 4167 nuncupationem.

1990 4190 2178 4245 preces
2223 4192 2404 4232 sacras
2442 4194 2472 4231 a
2516 4180 2801 4234 sacerdote
2845 4183 3067 4252 accipit.
3106 4185 3282 4240 Prima
3330 4190 3551 4257 quidem

1990 4280 2074 4323 est
2097 4280 2155 4323 ut
2177 4271 2338 4324 totius
2362 4271 2746 4326 misericordia:
2772 4274 2913 4328 Deus
2941 4275 3089 4329 illum
3119 4288 3178 4331 ut
3205 4281 3553 4336 accedentem

1989 4361 2270 4429 suscipiat,
2309 4370 2362 4414 et
2410 4364 2770 4432 amplectatur
2799 4376 2858 4420 ut
2886 4368 3205 4436 prodigum,
3238 4381 3292 4424 et
3339 4381 3556 4427 tueatur

1991 4449 2250 4503 adversus
2313 4450 2561 4506 inimicos
2619 4453 2823 4522 jugiter
2894 4458 3291 4523 aggredicntes.
3378 4460 3556 4530 thue

1994 4554 2210 4610 semper
2241 4540 2311 4594 sit
2337 4556 2461 4595 cum
2496 4558 2583 4605 eo,
2610 4543 2889 4597 delectans
2918 4556 2974 4599 et
3004 4546 3286 4601 laetiﬁcans
3311 4565 3405 4604 cor
3435 4553 3555 4620 ejus

1995 4630 2364 4686 consolatione
2415 4631 2684 4700 Spiritus,
2734 4647 2858 4686 eum
2910 4634 3142 4701 dignaris
3198 4639 3289 4705 qui
3344 4651 3550 4707 partem

1994 4721 2190 4776 habeat
2233 4736 2354 4774 cum
2407 4720 2612 4775 sanctis
2658 4737 2888 4790 quorum
2936 4723 3110 4776 induit
3161 4723 3445 4791 habitum;
3498 4741 3556 4782 ut

1993 4826 2115 4866 cum
2172 4811 2251 4864 eis
2304 4821 2668 4876 consequatur
2725 4827 2947 4880 regnum
3007 4813 3266 4866 ccelorum
3324 4816 3376 4868 in
3439 4817 3556 4885 ipso

1991 4902 2208 4954 Christo
2239 4917 2398 4969 quem
2440 4902 2715 4955 benedicit
2748 4917 2871 4956 cum
2906 4902 3064 4954 Patre
3097 4911 3150 4956 ct
3185 4904 3429 4971 Spiritu;
3467 4907 3554 4959 Il;a

1992 4995 2138 5046 enim
2174 4992 2446 5046 invocatio
2477 4993 2658 5046 divina
2692 4992 2784 5045 dat
2815 4992 2998 5044 Olllllia
3029 5003 3083 5045 et
3115 4992 3389 5047 initiatum
3431 5011 3556 5062 pcr-

1995 5084 2122 5136 ﬁeit.
2151 5082 2354 5137 Deinde
2379 5099 2502 5137 eum
2535 5083 2754 5152 signans
2778 5092 2832 5135 et
2865 5082 2931 5135 ad
2964 5083 3231 5135 orientem
3257 5098 3554 5140 conversus

1995 5174 2376 5243 perfectiorem
2430 5175 2565 5227 dicit
2604 5174 2953 5236 orationem,
2991 5173 3205 5228 initiato
3244 5175 3462 5244 jacente
3497 5177 3554 5231 in

1993 5267 2306 5340 pavimento
2339 5283 2351 5320 :
2386 5284 2404 5317 ι
2439 5268 2478 5317 Ο
2505 5275 2560 5318 ιιι
2592 5267 2682 5329 qui
2717 5280 2798 5328 cs,
2830 5264 3056 5316 Domine
3083 5265 3247 5329 Deus,
3274 5280 3398 5320 eum
3432 5269 3556 5322 vivo

1993 5370 2047 5415 et
2087 5361 2536 5414 eonsubstantiali
2579 5362 2754 5415 Verbo
2787 5371 2913 5426 tuo,
2955 5372 3011 5416 ct
3059 5362 3386 5432 procedente
3425 5377 3456 5414 a
3503 5371 3559 5416 te

1996 5449 2204 5516 Spiritu
2260 5449 2599 5508 veritatis,...
2663 5469 2681 5501 ι
2717 5489 2730 5513 ,
2796 5467 2958 5519 quem
3014 5450 3183 5506 Deum
3239 5451 3555 5520 angelorum

1994 5541 2256 5609 appellat,
2298 5541 2384 5594 cui
2439 5540 2721 5611 Seraphim
2770 5544 3112 5598 concinendo
3161 5545 3561 5611 circumstant,

1993 5647 2227 5699 eumque
2263 5648 2451 5686 verum
2487 5649 2608 5687 esse
2657 5634 2838 5688 lumen
2883 5651 2991 5692 uno
3034 5637 3408 5689 illuminantur
3443 5649 3564 5686 om-

1995 5725 2107 5788 nia,
2130 5726 2282 5794 cujus
2315 5727 2606 5795 splendorc
2639 5736 2886 5796 stupent,
2919 5738 3026 5781 tota
3053 5742 3413 5796 supernorum
3449 5728 3562 5794 pri-

1995 5815 2394 5886 tnogeuitorum
2450 5818 2690 5870 Ecclesia
2764 5828 3028 5882 testatur,
3086 5829 3139 5871 ct
3197 5825 3451 5879 precatur
3505 5825 3564 5870 ut
