4480 6458
288 365 395 426 497

1589 380 1685 440 DE
1726 383 2232 446 PCENITENTIA.

3426 379 3527 447 498

282 480 393 538 τοῖς
423 478 729 535 ἀκούουσιν,
773 478 904 535 Εἶτα
955 484 1136 536 λαϐὼν
1180 485 1239 537 τὸ
1271 487 1534 554 ψαλίδιον,
1585 493 1848 559 ἐπιλέγει,
1891 501 1932 555 Α
1965 495 2051 547 Tri

1758 508 1848 559 (Ct,
1891 501 1932 555 Α
1965 495 2280 559 Trinitatis,
2317 496 2466 550 illttnt
2505 510 2714 550 summa
2744 497 2954 550 cervice
3003 500 3052 570 in
3087 496 3315 549 fortnam
3351 496 3527 547 erucis

284 589 305 618 ς
352 570 652 639 Εὐλογητὸς
698 574 726 624 6
761 574 889 635 Θεδς
919 577 944 627 ὀ
968 576 1136 632 θέλων
1170 581 1374 640 πάντας
1408 582 1669 649 σωθῆναι,
1709 602 1725 632 ι
1761 585 1856 635 καὶ

274 661 350 712 τὰ
381 661 564 716 λοιπά.
606 665 698 715 Δεῖ
729 665 837 733 γάρ
873 667 1215 736 εὐχαριστεῖν
1245 671 1323 739 τῷ
1371 673 1560 742 Κυρίῳ
1605 677 1696 726 ἐττί
1725 677 1854 729 πᾶσι

276 757 395 814 τοῖς
436 755 720 823 σωτηρίοις
749 757 953 826 ἔργοις.
997 761 1167 822 Εὐθὺς
1194 759 1286 815 οὗν
1318 765 1603 833 ἀποκείρει
1631 767 1795 819 αὑτὸν
1828 771 1855 820 6

277 846 464 913 ἱερεὺς
505 848 583 910 είς
633 848 805 918 ὄνομα
843 868 942 920 της
969 853 1217 921 Τριάδος,
1269 857 1628 927 σταυροειδῶς
1654 858 1855 928 κείρων

275 937 445 988 αὐτὸν
474 938 578 989 ἀπὸ
611 945 876 1010 κορυφῆς,
911 943 1003 994 καὶ
1027 944 1123 1007 τὰς
1152 946 1343 1016 τρίχας
1371 947 1450 1015 τῷ
1485 949 1857 1021 θυσιαστηρίῳ

275 1028 597 1098 ἀποτίθησι,
621 1031 857 1096 δεικνὺς.
882 1035 956 1096 ὡς
980 1035 1202 1108 ἀπαρχὴ
1229 1032 1392 1093 αὗται
1417 1042 1515 1095 καὶ
1542 1041 1716 1109 δῶρόν
1748 1045 1860 1094 εισι

276 1118 361 1183 τῷ
393 1119 510 1183 Θεῷ
539 1119 614 1183 ὡς
639 1123 731 1175 καὶ
757 1125 785 1176 6
818 1128 1201 1195 προσενεχθεὶς
1228 1129 1370 1192 ὅλος,
1404 1131 1498 1184 καὶ
1522 1130 1680 1183 θυσία
1707 1130 1860 1194 ζῶσα

281 1205 382 1254 καὶ
415 1207 724 1276 εὐάρεστος.
753 1208 883 1264 Εἶτα
908 1215 1002 1266 καὶ
1027 1215 1091 1268 τὰ
1112 1216 1202 1267 τοῦ
1228 1219 1511 1287 σχήματος
1537 1218 1856 1286 ἐνδιδύσκει,

273 1293 510 1349 ἕκαστον
548 1302 862 1367 σφραγίζων
888 1304 966 1373 τῷ
992 1304 1086 1357 τοῦ
1125 1307 1361 1378 σταυροῦ
1389 1309 1566 1379 τύπῳ.
1596 1311 1704 1364 Καὶ
1737 1312 1854 1363 ἐπι-

274 1384 477 1448 λέγων,
510 1408 526 1439 ι
567 1391 843 1447 Ἐνδύεται
871 1399 897 1448 6
921 1397 1104 1460 δοῦλος
1135 1398 1230 1451 τοῦ
1253 1399 1414 1460 Θεοῦ,
1452 1401 1484 1471 ἢ
1518 1403 1850 1474 περιζώννυο

274 1499 389 1545 ται,
426 1483 455 1552 ἢ
493 1485 802 1552 ὑποδύεται,
839 1488 1078 1558 ῆὲτερόν
1113 1507 1186 1554 τι,
1217 1493 1298 1554 είς
1332 1492 1391 1544 τὸ
1411 1494 1579 1562 ὄνομα
1606 1494 1699 1547 τοῦ
1741 1495 1854 1545 Πα-

273 1570 410 1636 τρὸς
442 1577 532 1626 καὶ
566 1576 658 1631 τοῦ
687 1578 834 1644 Υίοῦ,
866 1583 957 1631 καὶ
998 1581 1089 1632 τοῦ
1107 1583 1261 1648 ἀγίου
1295 1583 1630 1653 Πνεύματο;⁶
1671 1605 1688 1637 ι
1720 1587 1849 1638 καί·

1962 588 2254 648 abradens,
2285 598 2338 641 et
2373 588 2599 656 capillos
2632 588 2788 641 altari
2819 589 3068 658 imponit,
3105 596 3411 640 monstrans
3435 602 3529 639 eas

1961 693 2086 731 esse
2124 676 2242 731 Deo-
2263 678 2532 746 primitias
2559 687 2614 732 et
2654 679 2858 731 donum
2886 718 2899 735 .
2934 687 3094 747 prout
3135 679 3221 732 ille
3259 688 3404 732 tonis
3444 679 3528 732 of-

1964 770 2140 822 fertur
2188 771 2515 823 Sacrificium
2571 771 2756 824 vivum
2807 779 2862 824 et.
2911 770 3262 838 aet-eptabile.
3325 769 3529 835 Deinde,

1965 862 2149 915 Ιιιιὶιίιυ
2184 877 2305 914 euut
2341 862 2538 919 induit,
2569 862 2780 931 singula
2817 862 3037 930 signans
3062 860 3214 928 signo
3243 862 3445 926 erucis,
3475 869 3530 913 et.

1959 953 2145 1006 dicens
2175 971 2186 1005 :
2220 971 2236 1004 ι
2273 952 2524 1005 lndnitur
2555 969 2747 1007 servus
2782 953 2897 1014 Dei,
2924 954 3006 1006 vel
3045 952 3412 1021 praecingitur,
3445 951 3528 1004 vel

1960 1044 2314 1109 subvestitnr,
2363 1054 2457 1098 aut
2499 1045 2643 1098 aliud
2686 1045 2837 1111 quid,
2885 1047 2938 1097 in
2976 1047 3198 1098 nomine
3233 1042 3444 1108 Patris,
3476 1052 3531 1096 et

1963 1135 2088 1190 Filii
2123 1145 2177 1190 et
2212 1137 2452 1205 Spiritus
2485 1137 2697 1198 sancti;
2737 1156 2753 1187 ι
2793 1147 2846 1190 et
2881 1154 2894 1189 :
2936 1154 2954 1185 ι
2990 1137 3246 1189 Dicamus
3289 1152 3383 1205 pro
3414 1151 3480 1188 eo
3514 1152 3526 1185 :

1962 1228 2145 1299 Kyrie,
2178 1228 2404 1284 eleison.
2447 1248 2465 1280 ι
2501 1229 2657 1295 Quod
2690 1238 2773 1282 ter
2821 1230 2872 1282 in
2906 1229 3132 1298 singulis
3166 1227 3234 1282 ab
3273 1230 3530 1282 omnibus

1960 1317 2180 1380 dicitur,
2218 1304 2326 1385 quo
2367 1319 2674 1372 ostenditur
2707 1319 2861 1373 illum
2896 1319 2947 1372 itt
2982 1304 3253 1372 Trinitate
3289 1320 3528 1384 contegi,

1960 1408 2313 1477 divinamque
2340 1410 2772 1464 misericordiam
2800 1426 2920 1465 esse
2947 1425 3114 1480 Super
3140 1426 3261 1464 eum
3287 1428 3299 1473 ;
3331 1418 3384 1461 et
3417 1409 3531 1475 ipsa

1962 1500 2214 1555 monachi
2265 1502 2444 1554 oratio
2491 1503 2764 1572 praecipue
2816 1503 3052 1556 intendit.
3094 1511 3150 1554 ttt
3206 1517 3234 1554 a
3302 1501 3532 1553 Domino

1962 1586 2091 1643 Jesu
2123 1590 2336 1644 invocet
2371 1593 2828 1647 misericordiam.

281 1683 303 1716 ε
349 1664 606 1738 Είπωμεν
645 1671 786 1740 ὑπὲρ
835 1673 1000 1727 αὑτοῦ
1030 1675 1112 1740 τὸ,
1146 1677 1314 1746 Κύριε
1343 1678 1568 1746 ἐλέησον
1627 1697 1646 1729 ι
1693 1681 1756 1731 '0
1826 1682 1919 1732 καὶ
1955 1683 2075 1750 τρὶς
2109 1685 2167 1734 ἐν
2211 1684 2430 1754 ἑκάστῳ
2466 1689 2615 1754 ποιρά
2661 1686 2876 1738 πάντων
2906 1688 3147 1749 λέγεται,
3177 1687 3530 1755 δηλούμενον,

275 1759 355 1817 ὡς
379 1763 437 1811 ἐν
465 1764 526 1830 τῇ
563 1760 752 1832 Τριάδι
781 1765 1096 1832 τειχίζεται,
1130 1769 1221 1820 καὶ
1285 1769 1346 1822 τὸ
1416 1769 1557 1822 θεῖον
1588 1769 1736 1831 ἔλεός
1774 1772 1919 1825 ἐστιν
1949 1773 2036 1825 ἐπ’
2067 1775 2239 1845 αὐτῷ·
2281 1779 2373 1828 καὶ
2402 1777 2540 1846 αὕτη
2571 1780 2602 1844 ἠ
2638 1777 2770 1847 εὐχὴ
2809 1778 3100 1847 ἐξαιρέτως
3136 1776 3230 1827 τοῦ
3269 1776 3530 1845 μονσχοῦ,

276 1850 340 1900 τ’)
380 1853 528 1915 παρὰ
553 1855 646 1907 τοῦ
678 1857 881 1927 Κυρίου
907 1861 1082 1928 Ἰησοῦ
1113 1861 1461 1914 ἐκκαλεῖσθαι
1492 1862 1578 1913 τὸν
1612 1861 1782 1916 ἔλεον.

837 1977 877 2026 Κ
892 1977 1087 2031 ΕΦΛΛ.
1136 1977 1296 2032 Συιη.

280 2061 345 2113 Τι’
366 2061 628 2128 δηλοῦσι
656 2066 728 2119 τὰ
764 2066 869 2119 τοῦ
889 2068 1051 2149 lepor?
1079 2071 1392 2138 σχήματος
1418 2070 1539 2126 τῶν
1571 2069 1858 2142 μοναχῶν

963 2156 1178 2207 migra.

357 2223 634 2278 Ἐνδύεται
664 2227 719 2281 δὲ
755 2229 971 2300 πρῶτον
1005 2232 1126 2298 μὲν,
1165 2232 1320 2302 φησι,
1352 2232 1558 2302 χιτῶνα
1588 2232 1860 2304 εὐφροσύ-

281 2335 381 2383 νης
409 2319 504 2372 καὶ
533 2320 932 2388 ἀγαλλιάσεως,
976 2326 1097 2379 ἀντὶ
1134 2325 1233 2394 τῆς
1274 2325 1610 2395 γυμνώσεως
1648 2328 1861 2398 ἐκείνης

277 2427 342 2462 τε
371 2413 466 2465 καὶ
489 2415 768 2485 αἰσχύνης,
803 2419 899 2469 καὶ
926 2421 1023 2488 τῆς
1050 2420 1616 2489 παρακολουθησάσης
1640 2422 1728 2474 διὰ
1759 2421 1862 2489 τῆς

279 2505 573 2573 παρακοῆς
604 2510 700 2559 καὶ
731 2510 831 2577 τῆς
859 2510 1130 2578 ἁμαρτίας
1160 2509 1366 2580 φθορᾶς
1392 2511 1486 2564 τοῦ
1516 2511 1748 2566 θανάτου
1769 2512 1863 2563 καὶ

280 2597 385 2662 τῆς
440 2596 634 2667 λύπης,
692 2600 758 2669 ἣν
813 2603 1032 2671 ἀναιρεῖ
1083 2603 1152 2655 δι’
1185 2603 1434 2672 ὑπακοῆς
1470 2605 1566 2656 καὶ
1616 2605 1860 2672 ἀφθόρου

281 2688 438 2758 ζωῆς
467 2691 525 2744 τὸ
562 2693 847 2762 μοναδικδν
874 2697 1060 2764 σχῆμα
1087 2696 1147 2747 τὸ
1173 2695 1350 2760 ἀγιον.
1394 2693 1526 2748 Εἶτα
1551 2697 1611 2748 τὸ
1640 2696 1864 2749 παλλίον

272 2783 374 2836 τοῦ
397 2785 629 2852 μεγάλου
652 2787 947 2856 σχήματος.
973 2807 988 2837 ι
1006 2789 1096 2850 Είς
1116 2787 1326 2858 στολὴν,
1347 2789 1536 2857 λέγων,
1559 2788 1865 2857 ἀφθαρσίας

277 2880 375 2928 καὶ
405 2880 785 2948 σεμνότητο;,ι
819 2883 894 2945 ὡς
941 2883 1076 2935 Θεοῦ
1111 2883 1322 2954 σκέπης
1365 2885 1616 2953 σημεῖον,
1649 2885 1736 2936 διὰ
1763 2884 1863 2951 τῆς

275 2975 338 3023 ἐν
363 2971 620 3043 εὐλαϐείᾳ
639 2973 787 3040 ζωῆς
812 2976 1173 3044 χαριζόμενον
1206 2977 1352 3047 ζωὴν
1377 2977 1594 3030 αἰώνιον
1625 2979 1701 3046 τῷ
1727 2980 1863 3047 λαμσ

275 3066 522 3123 ϐάνοντι,
576 3067 657 3118 ἐτι
707 3067 762 3119 δὲ
807 3069 900 3118 καὶ
930 3069 1011 3130 εἰς
1035 3068 1182 3120 θείαν
1209 3067 1526 3138 περιϐολὴν,
1557 3069 1678 3138 ἥνή
1707 3069 1864 3138 χάρις

275 3158 374 3210 τοῦ
413 3158 723 3226 Πνεύματος
750 3159 984 3223 δίδωσιν,
1023 3160 1146 3212 ἀντὶ
1178 3160 1287 3213 τῶν
1331 3160 1676 3230 δερματίνων
1699 3161 1865 3230 χιτώ-

275 3267 408 3301 νων.
444 3249 574 3301 Εἶτα
598 3249 655 3303 τὸ
693 3269 736 3300 κν
759 3251 1008 3302 υκούλιον
1041 3250 1138 3319 τῆς
1167 3251 1427 3314 ἁκακίας.
1471 3253 1602 3316 «Εἰς
1634 3270 1858 3320 περικεο

277 3341 522 3408 φαλαίαν
555 3343 769 3405 ἐλπίδος
799 3344 1123 3413 σωτηρίου,»
1164 3345 1356 3412 λέγων,
1390 3347 1476 3398 διά
1500 3346 1598 3414 τὴν
1626 3347 1687 3398 ἐκ
1719 3344 1853 3397 Θεοῦ

273 3433 380 3500 τῆς
411 3435 631 3501 χάριτος
655 3435 986 3500 ἐπισκίασιν,
1017 3437 1111 3488 καὶ
1149 3436 1243 3488 τοῦ
1273 3434 1608 3506 ἡγεμονικοῦ
1632 3436 1719 3487 δια
1760 3437 1856 3501 τῆς

274 3527 788 3599 ταπεινοφροσύνης
833 3540 928 3581 και
971 3529 1070 3598 τῆς
1124 3531 1366 3604 ἀκμκίας
1406 3529 1547 3582 κατά
1585 3529 1652 3580 τὰ
1694 3527 1857 3580 ἀδολα

275 3621 456 3687 νήπια
490 3619 717 3688 ὒψωσιν,
769 3622 863 3674 καὶ
907 3621 986 3674 ἐτι
1033 3623 1130 3690 τῆς
1163 3621 1409 3688 κεφαλῆς
1465 3621 1606 3686 μετά
1639 3622 1858 3673 πάντων

276 3712 393 3764 τῶν
430 3710 796 3781 αἰσθητηρίων
817 3711 916 3782 τὴν
940 3713 1002 3766 ἐκ
1026 3713 1116 3764 τοῦ
1167 3713 1302 3766 Θεοῦ
1356 3712 1602 3782 φυλακὴν
1636 3714 1730 3766 καὶ
1765 3731 1857 3764 πε-

281 3804 562 3873 ρὶθαλψιν.
597 3807 659 3857 Ὃ
688 3805 751 3874 δὴ
796 3806 887 3856 καὶ
916 3803 1224 3874 ἔμπροσθεν
1265 3805 1398 3872 περὶ
1443 3806 1503 3858 τὸ
1541 3807 1736 3875 στῆθος
1770 3806 1859 3858 διά

277 3902 344 3950 το
370 3899 678 3965 λογιστικὸν
704 3901 799 3950 καὶ
826 3899 924 3968 τὴν
946 3899 1171 3966 καρδίαν
1197 3899 1292 3951 καὶ
1323 3899 1548 3952 ὄπισθεν
1580 3900 1860 3968 ἐκκρέμα-

276 4009 394 4056 ται,
424 3990 688 4060 σταυροὺς
715 3991 978 4060 ἐρυθροὺς
1009 3991 1327 4062 περιφέρον,
1354 3994 1431 4054 εἰς
1461 3992 1522 4042 τὸ
1545 3990 1762 4043 διώκειν
1783 3990 1859 4059 τῷ

282 4081 554 4151 βασιλικῷ
590 4083 684 4134 καὶ
715 4082 930 4150 φρικτῷ
967 4083 1178 4151 σημείῳ
1235 4083 1362 4145 τοὺς
1414 4081 1538 4134 καθ’
1580 4083 1735 4150 ἡμῶν
1765 4083 1859 4148 έμ-

282 4177 526 4246 προσθέν
564 4193 623 4228 τε
654 4177 746 4227 καὶ
779 4173 1001 4226 ὄπισθεν
1028 4174 1484 4243 ἐπεμϐαίνοντας.
1513 4175 1744 4227 Ἔπειτα
1770 4175 1860 4226 τὸν

280 4269 558 4323 ἁνάλαόον
587 4269 651 4319 ἐκ
675 4267 961 4336 δερμάτων
1009 4264 1149 4330 ζὼου
1193 4266 1281 4319 διὰ
1308 4267 1406 4336 τὴν
1435 4268 1544 4321 τῶν
1577 4268 1860 4336 κοσμικῶν

280 4362 555 4428 νέκρωσιν
585 4360 692 4412 ἀπὸ
723 4360 830 4410 τῶν
861 4357 1028 4428 ὦμων
1063 4357 1374 4428 ἔμπροσθέν
1403 4376 1462 4410 τε
1491 4362 1860 4427 σταυροειδῶς

279 4457 382 4506 καὶ
408 4453 652 4516 ὄπισθεν,
706 4453 910 4521 σημεῖα
961 4452 1302 4520 κεκτημένον
1353 4452 1615 4521 σταυροῦ,
1652 4453 1858 4519 μᾶλλον

282 4548 346 4599 δὲ
372 4546 536 4597 αὑτὸν
565 4544 904 4597 ἐκτυποῦντα
937 4543 1026 4594 τὶν
1064 4542 1315 4610 σταυρὸν,
1351 4561 1369 4594 ι
1405 4543 1854 4613 Ἀναλαμὸάνων,

1826 3311 1927 3366 ~C

2443 1982 2674 2038 CAPUT
2713 1984 3041 2040 CCLXXlii.

2030 2073 2168 2139 Quid
2222 2076 2426 2129 denotet
2482 2094 2630 2129 sacer
2667 2078 3048 2198 (vinariae/torum
3098 2077 3306 2129 habitus
3371 2093 3473 2144 quo

2608 2150 2657 2198 in
2704 2148 2870 2198 uitur.

2608 2148 2870 2200 induitur.
3507 2159 3516 2164 '

2033 2234 2271 2289 Primum
2312 2236 2551 2303 quidem,
2580 2237 2736 2300 dixit,
2787 2237 3044 2311 induitur
3091 2248 3293 2290 vestem
3337 2238 3536 2290 la‘titin

1961 2337 2014 2380 et
2047 2328 2437 2382 essultationis
2469 2329 2612 2382 illius
2651 2330 2768 2383 loco
2788 2331 3046 2384 nuditatis
3078 2341 3127 2382 et
3179 2330 3535 2399 turpitudinis

1963 2428 2016 2475 et
2066 2433 2268 2476 sectare
2313 2439 2408 2491 per
2442 2423 2870 2477 inobedientiam
2917 2433 2972 2476 el.
3025 2436 3307 2492 peceatum
3351 2439 3539 2474 eorru-

1963 2513 2169 2582 ptionis
2194 2517 2386 2568 mortis
2417 2531 2479 2570 ac
2506 2517 2760 2578 tristitize,
2787 2531 2948 2584 quam
2980 2517 3114 2569 tollit
3146 2532 3239 2582 per
3272 2516 3535 2567 obcd'en—

1966 2604 2093 2656 tiam
2129 2605 2404 2674 vitamque
2442 2606 2908 2672 incorrUptibilem
2942 2622 3096 2659 sacer
3137 2607 3535 2658 monachorum

1967 2697 2209 2750 ltabitus.
2268 2698 2473 2752 Deinde
2529 2699 2752 2766 pallium
2807 2699 2988 2751 induit
3041 2697 3265 2766 majoris
3317 2697 3537 2749 habitus

1964 2792 2155 2846 dicens
2187 2809 2201 2845 :
2239 2810 2256 2842 ι
2296 2791 2351 2844 ln
2393 2792 2587 2846 stolam
2623 2791 3048 2845 immortalitatis
3079 2800 3131 2843 et
3168 2791 3475 2843 sanctitatis
3516 2808 3531 2837 ο

1966 2893 2220 2953 tanquam
2250 2885 2462 2954 signum
2491 2884 2658 2937 divini
2695 2884 2934 2950 przesidii
2966 2884 3131 2935 vitant
3156 2891 3412 2934 :eternant
3443 2897 3541 2950 per

1963 2976 2130 3030 vitam
2170 2977 2223 3030 in
2265 2979 2466 3046 pietate.
2515 2986 2796 3045 peractam
2847 2976 3168 3042 impertiens
3205 2975 3536 3043 accipienti,

1964 3078 2020 3124 et
2074 3070 2299 3138 insuper
2355 3069 2410 3122 in
2461 3069 2675 3137 signum
2718 3069 2887 3120 divini
2936 3069 3170 3120 amictus
3228 3083 3386 3134 quem
3442 3082 3538 3134 pro

1967 3162 2212 3216 vestibus
2250 3161 2497 3229 pellieeis
2534 3162 2766 3228 largitur
2805 3160 3043 3229 Spiritus
3090 3161 3284 3229 grata.
3339 3161 3539 3211 Deinde

1970 3254 2134 3309 tradit
2176 3255 2453 3306 cucullum
2507 3253 2837 3305 innocentiae
2879 3253 3069 3304 dicens
3109 3269 3121 3305 :
3167 3270 3184 3300 ι
3225 3251 3282 3303 In
3331 3252 3537 3319 galea-ii

1967 3346 2218 3400 salutaris
2261 3345 2384 3398 fidei
2439 3364 2500 3409 ι,
2551 3356 2773 3412 propter
2821 3345 3289 3396 a'umbrationem
3340 3344 3540 3396 divinat

1966 3438 2173 3508 gratim,
2194 3447 2246 3490 et
2267 3437 2620 3505 principalem
2642 3437 3027 3489 exaltationem
3055 3437 3197 3488 ltnnc
3223 3444 3538 3487 manentem

1966 3531 2058 3598 qui
2108 3530 2414 3582 humilitate
2458 3537 2511 3582 et
2556 3528 2872 3581 innocentia
2913 3531 3164 3598 ingenuis
3201 3528 3540 3582 assimilalur

1968 3622 2268 3676 infantibus
2294 3662 2307 3685 ,
2341 3622 2425 3675 vel
2457 3623 2619 3675 etiam
2652 3633 2876 3691 prOpter
2909 3622 3212 3676 custodiam
3251 3634 3414 3691 atque
3453 3632 3542 3675 tu-

1969 3714 2130 3769 telam
2159 3758 2173 3780 ,
2219 3714 2326 3768 Deo
2359 3713 2572 3768 favente
2597 3754 2610 3778 ,
2655 3724 2924 3768 Servatam
2957 3714 3158 3783 capitis
3185 3714 3542 3782 omniumque

1965 3807 2129 3861 simul
2156 3822 2440 3860 sensuum.
2465 3806 2618 3871 Quod
2643 3821 2670 3859 a
2707 3805 2880 3859 fronte
2904 3806 3122 3876 quidem
3154 3808 3359 3875 pendet
3395 3809 3541 3859 circa

1968 3910 2159 3968 peetus
2201 3909 2420 3967 propter
2461 3900 2724 3951 rationem
2763 3909 2817 3952 et
2864 3915 2995 3960 eor,
3049 3915 3110 3952 ac
3155 3916 3180 3949 ιι
3227 3908 3378 3963 tergo
3415 3900 3544 3952 reli-

1966 4001 2122 4061 gatur
2145 4031 2159 4053 ,
2200 4005 2392 4042 cruces
2428 3990 2623 4042 rubras
2657 3989 3056 4041 circumferens
3090 3995 3154 4040 ad
3200 3991 3544 4057 repellendos

1966 4082 2133 4149 regali
2175 4081 2511 4148 terribilique
2547 4084 2701 4148 signo
2738 4080 2923 4133 hostes
2959 4082 3009 4132 in
3059 4097 3158 4133 nos
3200 4098 3226 4133 a
3267 4082 3441 4134 fronte
3489 4091 3543 4134 et.

1967 4187 1996 4224 a
2050 4181 2200 4238 tergo
2252 4172 2544 4223 irruentes.
2603 4170 2804 4224 Deinde
2858 4173 3146 4239 seapu'are
3198 4173 3428 4240 imponit
3476 4189 3541 4226 ex

1969 4263 2111 4332 pelle
2145 4263 2400 4314 animalis
2428 4261 2652 4327 factum,
2682 4264 2938 4330 quoniam
2977 4264 3140 4316 rebus
3171 4263 3355 4316 mundi
3398 4280 3543 4316 mor-

1970 4365 2094 4408 tuus
2147 4366 2229 4408 est
2277 4355 2624 4416 monaeltus,
2673 4357 2740 4406 ab
2788 4356 3031 4408 humeris
3085 4365 3236 4423 parte
3280 4357 3540 4409 anteriori

1968 4447 2211 4516 pendens
2245 4447 2299 4498 in
2339 4447 2569 4499 formant
2614 4447 2793 4500 crucis
2821 4485 2836 4506 ,
2881 4457 3033 4514 parte
3067 4462 3195 4500 vero
3248 4447 3540 4515 posteriori

1968 4539 2138 4604 signis
2183 4538 2361 4591 crucis
2417 4537 2678 4590 refertum
2732 4551 2828 4590 seu
2882 4537 3061 4607 potius
3102 4539 3275 4606 ipsam
3319 4554 3538 4593 crucem

280 4637 461 4700 λέγων
489 4637 516 4686 6
579 4636 778 4702 ἱερεὺς,
811 4635 901 4684 τὸν
935 4633 1169 4700 σταυρὸν
1200 4633 1366 4685 αὑτοῦ
1404 4636 1496 4686 ἐπὶ
1525 4635 1634 4687 τῶν
1665 4635 1855 4701 ὤμων,
1893 4659 1938 4717 D
1967 4628 2049 4682 I'Ci

1774 4655 1855 4700 ον,
1893 4659 1938 4717 D
1967 4628 2211 4682 referens
2245 4646 2258 4682 :
2299 4647 2315 4678 4
2361 4627 2647 4697 Accipiens
2683 4643 2898 4682 crucem
2941 4645 3103 4697 Super
3135 4631 3429 4693 humeros,
3467 4633 3543 4684 a?t

280 4726 382 4780 καὶ
413 4724 720 4776 ἀκολουθῶν
747 4723 823 4789 τῷ
862 4725 1130 4794 Δεσπότῃ,
1176 4724 1321 4775 καθά
1375 4723 1439 4793 δὴ
1470 4725 1864 4795 καθωμολόγη-

281 4834 400 4868 cev.
439 4834 456 4867 ι
494 4811 630 4868 Εἶτα
678 4815 769 4865 ἐπὶ
818 4813 1029 4874 τούτοις
1059 4815 1157 4880 τὴν
1198 4813 1397 4882 ζώνην,
1431 4815 1526 4866 καὶ
1555 4813 1764 4884 ταύτην
1797 4815 1861 4866 ὲκ

277 4910 576 4976 δέρματος,
614 4907 1011 4976 περιζώννυται
1043 4906 1239 4972 λέγων,
1286 4924 1304 4957 ι
1347 4907 1462 4974 Τὴν
1486 4907 1656 4972 ὀσφὺν
1692 4906 1861 4959 αὑτοῦ

279 5004 366 5062 εἰς
398 5000 664 5066 νέκρωσιν
703 4997 953 5067 σώματος
982 4999 1075 5050 καὶ
1101 4999 1447 5051 ἀνακαίνισιν
1493 5002 1856 5066 πνεύματος.»

280 5090 378 5144 δια
397 5088 496 5155 τὴν
529 5087 884 5156 σωφροσύνην
920 5089 1014 5140 καὶ
1044 5087 1142 5157 τὴν
1171 5087 1415 5154 ἁγνείαν,
1449 5090 1544 5141 καὶ
1571 5089 1631 5141 τὸ
1659 5089 1859 5158 νεκράς

284 5183 468 5235 ποιεῖν
496 5181 594 5248 ὅση
649 5181 877 5248 δύναμις
925 5180 1025 5241 τὰς
1083 5180 1328 5249 κινήσεις
1379 5181 1480 5247 τῆς
1516 5181 1741 5246 σαρκὶς.
1773 5183 1864 5234 καὶ

283 5270 638 5340 ἐνισχύεσθαι
674 5272 817 5324 κατᾶ
843 5270 952 5325 τῶν
975 5271 1185 5335 παθῶν,
1217 5273 1310 5323 καλ.
1334 5273 1472 5341 προς
1498 5272 1596 5334 τὰς
1634 5273 1862 5341 πράξεις

280 5365 399 5417 τῶν
425 5363 652 5416 ἐντολῶν
704 5363 1074 5432 ἀνδρίζεσθαι.
1119 5360 1251 5415 Εἶτα
1296 5363 1365 5416 τά
1398 5363 1676 5424 σανδάλια,
1715 5382 1732 5414 ι
1769 5367 1864 5426 Εἰς

284 5457 628 5524 ἑτοιμασίαν,
671 5458 826 5526 φησὶ,
855 5455 952 5509 τοῦ
1007 5456 1342 5522 Εὖαγγελίου
1395 5456 1496 5524 τῆς
1560 5456 1801 5526 εἰρήνης,
1839 5475 1854 5506 ι

287 5547 380 5599 ἵνα
422 5546 497 5615 μὴ
527 5547 851 5617 προσκόπτῃ
883 5547 1011 5608 τοὺς
1042 5547 1209 5607 πυὶδας
1233 5547 1358 5608 τοὺς
1386 5546 1604 5616 νοεροὺς
1629 5547 1727 5613 τῆς
1762 5547 1864 5614 ψυ-

287 5637 416 5706 χῆς,
460 5638 592 5706 μηδέ
629 5639 780 5706 πνρά
806 5638 912 5689 τῶν
937 5640 1242 5707 νοιυμὲνων
1264 5637 1442 5706 ὄφεων
1479 5638 1741 5705 δακνηται
1764 5637 1861 5707 τὴν

287 5729 400 5780 τῶν
427 5727 704 5796 λογισμῶν
730 5729 985 5797 πτέρναν,
1013 5728 1127 5780 ἀλλ’
1148 5729 1329 5780 ἐπάνω
1346 5726 1551 5780 τούτων
1581 5725 1860 5796 ἐπιϐαίνῃ,

290 5821 386 5872 καὶ
423 5821 710 5887 καταπατῇ
739 5819 927 5872 λέοντα
960 5822 1052 5872 καὶ
1085 5818 1478 5888 ὀράκοντα,.τά
1511 5818 1726 5886 κρυπτα
1765 5818 1862 5884 τῆς

1963 4721 2236 4784 sacerdos,
2273 4721 2518 4786 sequitur
2546 4721 2852 4785 Dominum,
2885 4733 3040 4788 prout
3073 4721 3356 4776 confessus
3381 4734 3484 4777 est.
3519 4743 3536 4774 ο

1966 4813 2168 4866 Deinde
2201 4824 2323 4881 post
2359 4814 2457 4866 ista
2492 4828 2679 4864 zonam
2715 4812 2892 4866 induit
2918 4795 2969 4865 ei.
2999 4813 3221 4882 quidem
3261 4815 3540 4883 pellieeatit

1962 4910 2198 4963 dicens:
2237 4927 2255 4959 ι
2303 4908 2720 4978 Prmeingnntnr
2766 4922 2923 4961 rencs
2970 4909 3089 4977 ejus
3135 4909 3187 4961 in
3247 4910 3542 4962 mortifica-

1964 5000 2165 5054 ti0nem
2195 4999 2438 5067 corporis
2470 5008 2525 5051 et
2555 4999 2962 5052 renovationcm
3020 4999 3248 5067 spiritus
3279 5001 3342 5053 ad
3381 5003 3543 5053 casti-

1969 5079 2133 5146 tatem
2171 5102 2224 5144 et
2259 5091 2580 5144 munditiam
2612 5091 2677 5143 ad
2715 5090 3123 5143 tnortiﬁcandos
3151 5103 3415 5158 quantum
3448 5111 3542 5159 pa-

1968 5185 2116 5247 terit,
2145 5193 2326 5237 motus
2355 5183 2552 5246 carnis,
2585 5182 2649 5234 ad
2687 5182 3073 5236 obluctandum
3107 5183 3366 5236 adversus
3393 5185 3538 5243 vitia.

1966 5277 2030 5330 ad
2053 5276 2485 5330 confirmandum
2510 5275 2752 5327 animum
2773 5274 2914 5327 circa
2937 5285 3331 5343 prmceptorum
3354 5291 3540 5342 opera.

1967 5367 2160 5420 Postea
2188 5366 2399 5418 indui-it
2428 5364 2664 5417 sandalia
2692 5364 2918 5416 dicens:
2949 5383 2964 5413 ι
2989 5364 3043 5418 1η
3091 5365 3540 5432 pra'parationetn

1968 5454 2242 5523 Evangelii
2279 5454 2479 5520 paris,»
2517 5462 2570 5502 ut
2602 5453 2870 5520 sp’ritales
2902 5455 3096 5506 animm
3123 5455 3286 5518 pedes
3320 5467 3426 5504 non
3457 5454 3541 5503 of-

1973 5545 2176 5606 fendat,
2208 5560 2382 5610 neque
2416 5543 2696 5611 Spiritibns
2728 5543 3071 5609 serpentibus
3100 5542 3368 5596 lzedantur
3397 5544 3544 5608 cogi-

1974 5635 2236 5688 tationum
2263 5635 2481 5702 platttze,
2502 5634 2592 5684 sed
2627 5648 2790 5700 super
2817 5631 2916 5685 ltus
2936 5631 3171 5684 ambulet
3191 5642 3240 5683 et
3259 5632 3541 5684 conculcet

1974 5724 2188 5777 leonem
2236 5733 2398 5790 atque.
2443 5723 2772 5778 draconem.
2823 5720 3066 5773 occultas
3106 5721 3324 5775 malitiae
3369 5719 3542 5773 letlta-

1975 5817 2157 5885 lesquc
2218 5817 2453 5878 bestias,
2510 5825 2563 5868 et
2625 5828 2898 5883 nunquam
2969 5828 3311 5882 regressurus
3362 5821 3544 5866 cutrat
