4208 6440
752 313 858 377 499

1584 317 1966 378 SYMEONIS
2009 311 2780 378 Tl-lESSALONICENSiS
2821 315 3178 376 ARCHIEP.

3901 310 4002 369 500

743 430 886 482 viam
919 428 1230 498 Evangelii,
1274 444 1447 499 usque
1476 429 1606 484 dum
1642 445 1802 499 supra
1831 444 2060 484 currens
2089 429 2181 482 ubi
2214 442 2310 480 no-
2342 435 2385 487 Α
2419 426 2618 490 κακίας
2649 429 2748 481 καὶ
2773 428 3012 497 φθονερὰ
3042 427 3178 498 θηρίη

2457 426 2618 490 ακίας
2649 429 2748 481 καὶ
2773 428 3012 497 φθονερὰ
3042 427 3232 498 θηρία,
3265 427 3362 480 καὶ
3385 423 3804 494 ἀμεταστρεπτὶ
3832 422 4003 494 τρέχῃ

745 534 855 576 stra
888 521 1234 577 conversatio
1266 529 1350 574 est
1374 562 1388 585 ,
1417 521 1482 575 ad
1513 521 1710 576 cmlum
1742 520 2040 589 perveniat.
2076 518 2317 588 Denique

745 613 1085 684 chlamydem
1129 612 1278 667 velut
1306 613 1489 667 omnia
1532 614 1989 681 complectentem
2031 612 2211 677 addit,
2251 609 2318 664 ad

745 721 905 776 quam
940 705 1154 764 clarieri
1199 720 1330 759 vot-e
1360 707 1614 760 sacerdos
1649 705 1782 759 dicit
1811 722 1824 758 :
1867 704 1978 758 «Tu
2021 704 2189 759 frater
2221 721 2322 760 no-

745 806 882 860 ster,
906 796 1092 864 accipe
1121 811 1374 864 magnum
1402 805 1455 849 et
1479 794 1784 864 angelicum
1819 796 2066 850 habitum
2137 796 2193 850 in
2222 811 2320 850 no-

746 888 896 942 mine
926 888 1194 946 Patris.et
1227 887 1366 944 Filii.
1389 899 1442 940 et
1476 887 1711 955 Spiritus
1740 889 1916 945 sancti
1963 909 1981 940 ι
2010 928 2025 953 ,
2063 889 2320 958 quoniam

751 981 870 1035 hazc
920 981 1086 1038 vestis
1119 990 1204 1034 est
1255 980 1658 1047 perlectissEma
1705 989 1762 1034 et
1807 981 1990 1034 omnia
2032 982 2321 1047 continet,

752 1087 964 1127 necnon
995 1071 1246 1125 universa
1284 1072 1523 1126 custodit
1558 1080 2042 1141 protegentemque
2076 1071 2166 1125 Dei
2200 1071 2325 1124 vir-

755 1173 924 1218 tutem
969 1163 1218 1217 ostendit
1269 1174 1324 1218 et
1376 1164 1647 1234 signiﬁcat
1694 1173 1860 1234 atque
1908 1164 2324 1229 austeritatem,

751 1255 1010 1324 pietatem
1046 1269 1109 1310 ac
1144 1256 1509 1310 humilitatem
1545 1257 1672 1310 vita:
1703 1256 2050 1322 monasticae,
2094 1265 2149 1311 et
2186 1271 2327 1324 quo-

755 1347 898 1400 niam
932 1361 1114 1416 neque
1147 1363 1342 1402 manus
1371 1363 1473 1402 nec
1511 1347 1660 1402 aliud
1701 1349 1984 1418 quidpiam
2023 1348 2327 1403 membrum

760 1439 1062 1493 secundum
1099 1439 1236 1492 hanc
1271 1439 1432 1493 vitam
1462 1439 1582 1492 viva
1615 1449 1670 1494 et
1699 1440 1764 1494 ad
1795 1441 2101 1495 mundanas
2134 1454 2331 1510 opera-

760 1529 940 1584 tiones
973 1530 1167 1592 libera.
1199 1530 1293 1585 sed
1331 1532 1514 1584 omnia
1549 1542 1762 1586 mortua
1799 1531 1964 1586 habet
2004 1531 2330 1589 monachus.

759 1619 942 1674 Solum
971 1636 1101 1676 vero
1129 1622 1354 1676 liberum
1391 1623 1552 1677 habet
1574 1633 1735 1692 caput
1755 1623 1820 1678 ad
1853 1625 2019 1679 Deum
2051 1633 2330 1694 spectans,

760 1715 850 1780 qui
888 1721 971 1766 est
1001 1727 1169 1784 caput
1201 1716 1610 1776 universorum.
1645 1732 1843 1786 resque
1877 1716 1970 1772 Dei
2002 1717 2248 1788 cogitans
2279 1725 2336 1772 et

2417 524 2515 590 τὴν
2546 521 2666 574 ὁδὸν
2718 520 2812 574 τοῦ
2863 520 3224 589 Εὐαγγελίου.
3276 513 3433 589 193
3489 517 3595 580 ἕως
3629 515 3697 571 ἂν
3729 517 3849 571 ἄνω
3878 517 4004 584 δρα-

2423 610 2564 680 μὼν,
2595 611 2731 665 ὅπου
2761 612 2922 682 ἡμῶν
2963 612 3025 664 τὸ
3062 609 3367 680 πολίτευμα
3421 611 3478 663 ἐν
3518 608 3767 678 οὐρανοῖς
3802 622 4003 658 καταν-

2417 704 2585 776 τήσῃ,
2618 704 2930 757 τελευταῖον
2960 703 3040 770 δὲ,
3069 703 3145 768 ὡς
3177 703 3530 772 περιεκτικδν
3583 701 3806 754 πάντων
3846 713 4008 764 περι-

2420 799 2676 855 ϐάλλεται
2704 799 2805 871 τὴν
2837 801 3117 869 μανδύαν,
3151 801 3210 852 ἐν
3241 791 3286 867 ᾧ
3320 799 3418 852 καὶ
3464 795 3792 866 τρανότερον
3847 808 4009 860 φησιν

2419 892 2448 945 6
2479 893 2683 963 ἱερεὺς,
2715 909 2734 944 ι
2780 890 2840 945 '0
2860 889 3090 961 ἀδελφὸς
3119 889 3278 960 ἡμῶν
3315 889 3344 940 6
3392 888 3540 940 δεῖνα
3571 886 3731 939 ἔλαϐε
3762 884 3831 937 τὸ
3866 882 4009 951 μέγα

2422 987 2515 1038 καὶ
2534 985 2828 1052 ἀγγελικδν
2877 985 3071 1055 σχῆμα
3107 985 3190 1047 είς
3219 983 3281 1036 τὸ
3313 982 3500 1051 ὄνομα,
3514 979 3610 1036 τοῦ
3647 979 3898 1050 Πατρδς,
3922 979 4012 1030 καὶ

2422 1077 2516 1132 τοῦ
2544 1076 2699 1145 Υίοῦ,
2724 1079 2942 1133 καὶτοῦ
2978 1078 3138 1148 ἁγίου
3179 1075 3522 1147 Πνεύματος,
3569 1092 3588 1128 ι
3626 1073 3702 1138 ὡς
3735 1070 4017 1126 τελεώτα-

2423 1186 2515 1224 τον
2543 1169 2673 1223 δντα
2707 1169 2802 1223 καὶ
2835 1172 3191 1240 περιεκτικδν
3220 1170 3461 1235 πάντων,
3492 1169 3588 1222 καὶ
3616 1168 3715 1236 τὴν
3747 1166 4021 1235 φυλακτιο

2427 1261 2531 1330 κὴν
2568 1259 2801 1316 καθόλου
2862 1262 2960 1315 καὶ
3019 1263 3400 1330 σκεπαστικὴν
3453 1259 3552 1315 τοῦ
3599 1258 3736 1314 Θεοῦ
3775 1259 4018 1326 δύναμιν

2426 1351 2693 1423 δηλοῦντα
2721 1369 2783 1406 τε
2819 1353 2916 1407 καὶ
2953 1351 3290 1423 σημαίνοντα
3311 1368 3327 1385 ’
3387 1352 3478 1407 καὶ
3504 1351 3583 1405 ἐτι
3627 1351 3690 1404 τὸ
3719 1348 4020 1404 συνεσταλ-

2434 1446 2596 1519 μένον
2626 1446 2723 1501 καὶ⁵
2744 1445 2975 1508 εὐλαϐὲς
2996 1443 3095 1500 καὶ
3120 1445 3378 1501 ταπεινὸν
3393 1446 3492 1515 τῆς
3514 1443 3818 1516 μοναχικῆς
3846 1441 4019 1508 ζωῆς.

2433 1541 2530 1596 καὶ
2553 1540 2637 1594 ὅτι
2673 1539 2735 1593 οὐ
2757 1542 2949 1611 χεῖρας
2977 1539 3011 1610 ἧ
3040 1556 3095 1594 τι
3125 1539 3234 1594 τῶν
3264 1539 3443 1608 μελῶν
3467 1540 3606 1594 κατὰ
3627 1537 3720 1591 τὸν
3755 1537 3874 1607 βίον
3901 1535 4023 1604 ἔχει

2434 1631 2616 1696 ζῶντα
2647 1633 2676 1684 6
2706 1630 3074 1701 μοναχδς,καὶ
3101 1631 3238 1700 πρὸς
3268 1631 3542 1702 κοσμικὴν
3567 1631 3835 1702 ἐργασίαν
3869 1629 4026 1681 ἐλεύ-

2437 1725 2597 1794 θερα,
2649 1723 2784 1776 ἀλλὰ
2840 1722 3024 1776 πάντα
3069 1725 3260 1792 νεκρά.
3323 1723 3513 1794 Μόνην
3537 1723 3593 1776 δέ
3618 1722 3719 1792 τὴν
3771 1721 4029 1788 κεφαλὴν

760 1805 826 1860 ad
873 1821 996 1860 eum
1046 1795 1439 1878 approperans.
1488 1810 1626 1863 illud
1679 1823 1862 1865 autem
1904 1786 2093 1865 habet—
2117 1809 2333 1864 cucullo
2368 1786 2411 1842 Β
2440 1786 2738 1884 ἐλευθέραν
2768 1815 2907 1884 ἔχει,
2943 1813 3080 1884 πρὸς
3100 1786 3178 1866 ΘεῙ

2455 1786 2738 1884 ιλευθέραν
2768 1815 2907 1884 ἔχει,
2943 1813 3080 1884 πρὸς
3100 1786 3236 1867 Θεδν
3262 1786 3481 1884 ὁρῶσαν
3505 1814 3605 1883 τὴν
3632 1786 3740 1866 των
3763 1786 4034 1866 ἁπάντων

761 1897 1164 1953 circumdatum
1199 1910 1424 1972 pmpter
1460 1901 1846 1966 humilitatem,
1889 1911 1944 1958 et
1980 1916 2048 1957 ne
2078 1901 2333 1957 sensibus

766 1989 836 2042 ibi
869 1991 1113 2046 collectis
1148 1991 1354 2048 nullum
1393 1997 1466 2048 sit
1499 1994 1954 2063 integumentum.

2441 1904 2712 1976 κεφαλὴν,
2737 1905 2833 1958 καὶ
2862 1903 2932 1958 τὰ
2959 1903 3172 1958 ἐκείνου
3203 1903 3533 1975 φρονοῦσαν,
3563 1906 3660 1958 καὶ
3693 1903 3830 1974 πρὸς
3862 1901 4035 1954 αὐτὴν

2442 1997 2876 2067 ἁνατρέχουσαν.
2929 1995 3094 2049 Ἀλλὰ
3144 1998 3241 2050 καὶ
3264 1997 3473 2066 ταύτην
3520 1995 4036 2066 περιστελλομένην

763 2087 842 2157 τῷ
875 2085 1175 2156 κουκου).ίῳ
1217 2086 1307 2140 διὰ
1357 2086 1455 2157 τὴν
1509 2089 2030 2162 ταπεινοφροσύνην,
2076 2094 2170 2148 καὶ
2194 2093 2316 2164 μηδ’
2345 2093 2525 2147 ἐκεῖσε
2555 2091 2626 2145 τὰ
2656 2088 2990 2160 αἰσθητήρια
3038 2084 3470 2156 (infamatum:
3526 2087 3745 2158 ἔχοντα.

1262 2197 1492 2255 CAPUT
1536 2200 1860 2257 CCLXXIV.

773 2292 925 2358 Quod
992 2295 1274 2348 monachus
1338 2294 1522 2347 habitu
1588 2311 1685 2348 suo
1735 2295 2098 2352 conditionem
2158 2297 2346 2352 mortis

1292 2362 1492 2420 Christi
1535 2367 1794 2421 imitatur.

845 2458 1076 2527 Insuper
1112 2455 1466 2511 monasticam
1496 2470 1663 2524 agens
1697 2457 1863 2510 vitam
1906 2470 2155 2513 mortuus
2185 2466 2347 2530 estet

775 2555 926 2619 quasi
955 2550 1007 2603 in
1031 2548 1280 2617 sepulcro
1313 2548 1544 2616 positus.
1580 2547 1704 2602 Ideo
1730 2548 1974 2620 chlamys
1999 2550 2215 2619 quidem
2237 2550 2352 2605 vel-

780 2642 1207 2709 utsepulcrum,
1257 2647 1436 2694 vestes
1466 2649 1645 2693 autem
1676 2640 1964 2695 interiores
2023 2644 2349 2712 sepulcra'ia

782 2733 1027 2788 referunt
1059 2733 1372 2785 indumenta
1397 2771 1414 2796 ,
1454 2745 1647 2799 nempe
1679 2731 1862 2785 tunica
1895 2741 1950 2784 et
1984 2740 2198 2786 ca‘tera.
2227 2733 2356 2786 Pas-

784 2828 996 2879 sionem
1031 2839 1160 2876 vero
1210 2837 1306 2892 per
1337 2837 1554 2876 crucem
1591 2832 2022 2877 consummatam
2057 2824 2357 2877 ostendunt

789 2929 893 2969 tant
941 2915 1224 2984 seapulare
1254 2929 1415 2982 quam
1445 2913 1565 2966 alia:
1593 2924 1808 2978 vestes;
1861 2916 2158 2970 crucitixus
2207 2914 2355 2968 enim

786 3008 1086 3063 monachus
1113 3016 1198 3059 est
1229 3004 1456 3069 mundo,
1485 3002 1630 3072 quod
1667 3013 1922 3058 czetcrnm
1952 3005 2235 3074 promisit;
2267 3019 2361 3058 cu-

2998 2201 3251 2254 ΚΕΦΑΔ.
3293 2201 3455 2254 ΣΟΔἎ

2455 2297 2584 2350 Ὀτι
2614 2294 2728 2364 τὴν
2753 2293 2859 2348 τοῦ
2884 2293 3139 2361 Χριστοῦ
3169 2293 3469 2364 νέκρωσιν
3496 2291 3594 2345 καί
3622 2289 3720 2344 διὰ
3741 2289 3849 2344 τοῦ
3884 2288 4042 2357 σχή-

2802 2381 2995 2433 ματος
3021 2363 3280 2432 μιμεῖται
3311 2365 3345 2416 ὀ
3381 2365 3675 2431 μοναχός,

2499 2497 2506 2504 .
2537 2456 2700 2512 Ἀλλὰ
2728 2458 2820 2510 καὶ
2849 2457 2931 2510 ὅτι
2964 2455 3157 2525 νεκρὸς
3197 2456 3226 2506 6
3256 2453 3504 2520 μονάζων
3534 2453 3614 2523 τῷ
3662 2453 3788 2524 βίῳ,
3821 2456 3927 2510 καὶ
3967 2456 4043 2518 ὡς

2455 2551 2514 2602 ἐν
2543 2549 2700 2619 τάφῳ
2748 2548 2896 2601 ἐστί’
2957 2547 3039 2600 διὸ
3077 2549 3172 2602 καὶ
3209 2545 3285 2609 ὡς
3315 2546 3485 2612 τάφος
3528 2546 3627 2616 μὲν
3681 2548 3710 2601 δ
3743 2546 4000 2616 “maga;
4027 2563 4042 2576 .

2458 2643 2690 2711 ἐντάφια
2718 2641 2774 2695 δὲ
2833 2641 2904 2694 τι
2931 2641 3101 2702 ἐντὸς,
3131 2642 3159 2691 6
3191 2638 3358 2709 χιτὼν
3387 2639 3587 2711 δηλαδὴ
3626 2641 3719 2692 καὶ
3751 2641 3819 2692 τὰ
3849 2639 4044 2694 λοιπά.

2452 2734 2688 2804 Δηλοῦσι
2739 2733 2884 2787 δὲτὸ
2928 2733 3014 2786 διὰ
3066 2731 3301 2795 σταυροῦ
3341 2730 3514 2794 πάθος
3558 2733 3587 2784 6
3641 2731 3920 2794 ἀνάλαῦος
3952 2731 4048 2784 καὶ

2459 2830 2526 2880 τὰ
2581 2826 2740 2881 ἄλλα.
2811 2827 3256 2894 Ἐσταυρωμὲνος
3303 2829 3413 2894 γὰρ
3463 2824 3542 2894 τῷ
3581 2824 3775 2894 κόσμῳ
3833 2825 3992 2876 ἐστὶν
4023 2827 4049 2877 6

2462 2917 2695 2985 μοναχός
2722 2933 2736 2949 ⁸
2773 2917 2866 2970 καὶ
2895 2915 3055 2968 τοῦτο
3086 2915 3151 2984 δὴ
3182 2915 3583 2983 καθυπέσχετο.
3612 2913 3687 2966 T6
3715 2914 3769 2966 δέ
3804 2913 4049 2966 musto-J-

2459 3010 2576 3063 λιον
2606 3010 2714 3064 ἀπὸ
2745 3009 2987 3078 κεφαλῆς
3014 3007 3091 3070 ὡς
3122 3007 3423 3076 σουδάριον.
3456 3008 3567 3060 Καὶ
3598 3007 3719 3068 ὅλος
3751 3007 3846 3059 τὸν
3883 3023 4051 3058 ouu-

787 3098 959 3152 cullus
979 3105 1161 3149 autem
1187 3111 1214 3149 a
1246 3095 1425 3165 capite
1447 3093 1690 3163 pendens
1720 3094 1868 3150 velut
1896 3095 2080 3160 sindo,
2113 3109 2178 3149 ex
2208 3095 2356 3149 omni
2384 3105 2432 3167 ο
2466 3099 2707 3168 ρωθέντα
2746 3100 2885 3169 ὑπὲρ
2922 3099 3081 3168 ἡμῶν
3120 3115 3178 3151 κα

2466 3099 2707 3168 ρωθέντα
2746 3100 2885 3169 ὐπέρ
2922 3099 3081 3168 ἡμῶν
3120 3100 3214 3151 καὶ
3247 3098 3589 3152 ἀποθανόντα
3629 3099 3722 3150 καὶ
3756 3098 4051 3166 είληοέντα

790 3199 939 3258 parte
963 3187 1284 3243 cruciﬁxum
1314 3201 1414 3256 pro
1448 3186 1608 3240 nobis
1635 3195 1690 3240 et
1719 3196 1994 3242 mortuum
2031 3185 2363 3242 involutum-

789 3297 896 3350 que
959 3281 1014 3334 in
1056 3278 1460 3349 sepulcralibus
1511 3279 1844 3334 indumentis
1889 3293 1953 3333 ac
1982 3279 2218 3334 sindone
2260 3277 2365 3334 Do-

791 3372 998 3426 minum
1030 3371 1292 3436 imitatur,
1327 3377 1386 3424 ut
1418 3369 1874 3439 quemadmodum
1914 3384 2013 3438 per
2044 3370 2211 3425 vitam
2240 3385 2364 3425 cum

792 3480 858 3517 in
884 3465 1179 3519 cruciﬁxus
1210 3471 1293 3518 est
1329 3472 1384 3517 et
1419 3471 1689 3527 mortuus,
1727 3464 1797 3516 ita
1831 3477 1955 3518 cum
1987 3478 2056 3518 eo
2093 3473 2366 3533 resurgat,

795 3563 851 3607 et
879 3555 1168 3615 exaltetur.
1202 3564 1256 3607 et
1293 3554 1467 3608 lucres
1498 3562 1754 3622 appareat
1784 3555 1994 3622 paterni
2034 3554 2156 3622 ejus
2188 3554 2365 3624 regni,

798 3648 1174 3715 hnnnrmuque
1196 3645 1350 3700 nobis
1374 3653 1686 3713 paratorum
1714 3659 1743 3698 a
1768 3645 2156 3701 constitutione
2182 3645 2369 3700 mundi

799 3739 1069 3806 particeps
1111 3737 1433 3794 exhibentur
1461 3754 1475 3801 ;
1512 3753 1634 3806 quae
1663 3737 1712 3789 ei
1746 3737 2065 3804 deprecatur
2091 3739 2367 3804 sacerdos,

797 3841 1082 3901 postquam
1116 3839 1360 3884 sanctum
1385 3831 1682 3898 sumpserit
1714 3828 1978 3884 habitum.
2008 3830 2198 3885 Statim
2224 3831 2371 3884 enim

799 3938 994 3976 novam
1021 3921 1207 3989 adjicit
1237 3921 1566 3984 orationem,
1597 3929 1651 3973 et
1683 3930 1936 3989 precatur
1960 3929 2018 3974 ut
2039 3921 2178 3975 Deus
2197 3922 2373 3976 bonus

803 4024 857 4068 et.
889 4012 1062 4066 ﬁdelis
1100 4012 1151 4063 iu
1183 4011 1468 4081 promissis
1501 4009 1615 4062 suis
1647 4019 1701 4063 et
1733 4009 1888 4076 cujus
1924 4009 2066 4064 dona
2103 4020 2232 4065 sunt
2255 4012 2374 4065 sine

807 4102 1158 4172 pmnitentia,
1191 4101 1284 4155 det
1317 4101 1368 4154 ei
1399 4101 1865 4155 conversationem
1899 4101 2094 4155 bonam
2122 4110 2181 4156 et
2209 4103 2375 4157 hones

807 4207 946 4250 stam
981 4211 1043 4249 ac
1078 4192 1615 4264 irrcprehensibilem
1657 4202 1711 4245 et
1742 4193 1794 4245 in
1834 4192 2267 4249 sanctiﬁcatione
2301 4194 2380 4248 vi-

809 4305 944 4342 vens
980 4288 1363 4341 intemeratum
1395 4285 1666 4340 custodiat
1696 4283 1938 4338 habitum
1973 4300 2133 4354 quem
2170 4285 2376 4350 induit;

807 4394 865 4437 ct
892 4382 1184 4435 annuntiat
1231 4378 1564 4449 singularu'n
1605 4378 1836 4431 vestium
1873 4393 2090 4432 sensum
2125 4388 2180 4431 et
2213 4379 2381 4430 virtu—

815 4487 948 4537 tem,
973 4472 1229 4542 quoniam
1261 4470 1441 4523 tunica
1465 4469 1683 4538 quiJem
1715 4467 2232 4536 divinamjnstitiam
2259 4467 2380 4519 loco

816 4562 1268 4633 transgressionis
1310 4561 1520 4624 induit;
1557 4576 1691 4613 zona
1735 4571 1917 4613 autem
1966 4558 2382 4612 tuortiﬁcatione

814 4656 1057 4722 corporis
1083 4665 1137 4708 et
1162 4653 1478 4707 castimonia
1500 4653 1850 4716 semetipsum
1877 4651 2252 4714 circumdedit,
2273 4652 2387 4706 lucc

817 4750 963 4802 cnim
1022 4748 1163 4800 circa
1197 4761 1355 4798 rencs
1387 4745 1641 4805 mittitur,
1678 4754 1732 4798 ut
1783 4744 2227 4813 concupiscentia
2261 4743 2386 4811 qui-

818 4839 942 4892 dem
970 4839 1039 4890 sit
1059 4845 1324 4897 mortuus,
1350 4837 1548 4889 virtute
1581 4851 1710 4890 vero
1740 4835 2150 4904 magnanimus;
2178 4836 2388 4889 cucullo

821 4927 1109 4982 salutarem
1140 4927 1371 4994 sumpsit
1400 4926 1758 4978 humilitatem
1788 4966 1802 4990 ,
1837 4937 1895 4980 ut
1929 4936 2108 4979 mente
2137 4941 2255 4994 qua:
2292 4925 2387 4978 toti

827 5021 1057 5088 imperat
1087 5017 1290 5071 homini
1325 5017 1544 5070 humilia
1576 5016 1810 5079 sentiat,
1837 5026 1891 5070 et
1925 5019 2061 5071 bene
2088 5032 2280 5071 sensus
2309 5017 2392 5069 in-

828 5120 1038 5175 Struat;
1074 5110 1194 5162 ideo
1225 5110 1369 5162 illam
1410 5107 1542 5162 dicit
1592 5107 1798 5174 galeam
1838 5108 2070 5173 salutis;
2119 5107 2391 5177 scapulari

829 5219 960 5257 vero
1021 5217 1182 5255 cruce
1212 5202 1309 5266 ait,
1338 5210 1392 5253 et
1423 5200 1528 5254 (ide
1571 5213 1693 5254 sese
1721 5199 2003 5253 adornavit
2029 5239 2044 5263 ,
2076 5199 2206 5253 illud
2238 5200 2386 5252 enim

2413 4441 2455 4495 ῐ)

2465 3195 2577 3258 τοῖς
2607 3195 2887 3262 ἐνταφίοις
2920 3213 2977 3248 τε
3014 3194 3211 3265 καὶτῷ
3257 3196 3526 3266 σουδαρίῳ
3579 3196 3908 3264 ἐκμιμεῐται
3955 3197 4051 3245 As.

2467 3286 2711 3356 σπότην·
2751 3287 2840 3340 ἴνα
2890 3286 2967 3348 ὡς
3020 3286 3425 3356 συσταυρωθεὶς
3457 3287 3538 3356 τῷ
3583 3287 3682 3356 βίῳ
3714 3286 3812 3338 καὶ
3862 3303 4052 3337 saw:-

2466 3378 2946 3446 κρωθεὶςιαύτῷ,
2982 3378 3075 3433 καὶ
3141 3380 3446 3447 συναναστῇ
3508 3380 3600 3432 καὶ
3659 3377 4054 3445 συνανυύωθῇ.

2469 3473 2564 3525 καὶ
2601 3472 3042 3542 συγκληρονόμος
3077 3470 3216 3540 ὀφθῇ
3248 3471 3346 3539 τῆς
3385 3471 3664 3539 Πατρικῆς
3697 3470 3866 3522 αὐτοῦ
3903 3471 4054 3538 βασι·

2470 3563 2642 3624 λείας,
2687 3565 2781 3616 καὶ
2819 3565 2928 3616 τῶν
2950 3562 3168 3630 ἀγαθῶν
3199 3563 3304 3616 τῶν
3327 3563 3751 3631 ἡτοιμασμένων
3778 3564 3916 3629 ἡμῖν
3952 3562 4055 3628 arpi.

2471 3654 2774 3723 καταϐολῆς
2813 3655 3019 3724 κόσμου
3055 3655 3307 3715 κοινωνὸς
3358 3655 3625 3723 ἀναφανῇ.
3659 3655 3727 3706 ’Λ
3765 3654 3866 3705 καὶ
3904 3653 4057 3721 εὐχε-

2472 3763 2560 3799 ται
2583 3747 2729 3814 αὐτῷ
2759 3749 2786 3799 6
2818 3730 2995 3815 ίερεύς
3027 3745 3163 3815 μετὰ
3195 3743 3254 3796 τὺ
3287 3742 3468 3795 λαϐεῖν
3489 3743 3551 3795 τδ
3574 3743 3760 3811 σχῆμα
3776 3743 3842 3794 τὸ
3877 3743 4060 3809 ἅγιον.

2475 3838 2653 3900 Εὐθὺς
2687 3838 2796 3906 γὰρ
2832 3838 3084 3908 ἐπιφέρει
3130 3836 3295 3889 πάλιν
3335 3836 3501 3905 εὐχήν
3527 3851 3540 3866 ·
3579 3837 3673 3886 καὶ
3711 3832 3943 3902 εὔχεται
3973 3836 4059 3885 ἵνα

2474 3931 2504 3983 6
2536 3931 2669 3993 θεὸς
2701 3931 2728 3982 6
2757 3928 2982 3996 ἀγαθὸς,
3030 3929 3059 3979 6
3089 3927 3280 3990 πιστὸς
3316 3927 3373 3978 ἐν
3404 3928 3522 3988 ταῖς
3557 3927 3922 3992 ἐπαγγελίαις
3957 3927 4059 3976 a5-

2477 4019 2572 4074 τοῦ
2602 4021 2694 4073 καὶ
2743 4021 2802 4072 ἐν
2831 4020 2943 4081 τοῖς
2971 4017 3306 4087 χαρίσμασιν
3358 4015 3774 4085 ἀμεταμέλητος
3815 4015 3919 4078 ὢν,
3949 4016 4062 4084 δῴη

2479 4111 2628 4183 αὐτῷ
2668 4112 2786 4181 βίον
2833 4111 3144 4179 εὐσχήμονα
3194 4109 3287 4161 καὶ
3336 4108 3617 4161 πολιτείαν
3669 4109 3933 4178 ἐνάρετον
3970 4109 4063 4160 aui

2479 4203 2947 4271 ἀκατάγνωστον,
2995 4198 3093 4253 καὶ
3120 4200 3178 4251 ἐν
3228 4196 3490 4267 ἁγιασμῷ
3536 4197 3778 4267 ζήσαντα
3829 4198 4064 4252 ἄσπιλον

2481 4295 2810 4362 διατηρῆσαι
2855 4291 2918 4345 τὸ
2951 4290 3138 4360 σχῆμα
3186 4288 3215 4342 δ
3259 4288 3567 4340 ἐνεδύσατο.
3617 4288 3726 4340 Καὶ
3764 4289 4066 4355 καταλέγει

2485 4385 2720 4438 ἑκάστου
2749 4381 2859 4435 τῶν
2888 4381 3200 4449 ἐνδυμάτων
3226 4380 3324 4447 τὴν
3350 4378 3559 4430 ἔννοιάν
3592 4394 3648 4429 τε
3677 4378 3771 4430 καὶ
3799 4377 4064 4444 δύναμιν·

2485 4476 2567 4526 ὅτι
2597 4472 2673 4541 τῷ
2729 4472 2829 4541 μὲν
2878 4470 3064 4540 γιτῶνι
3096 4469 3195 4538 τὴν
3227 4468 3375 4520 θείαν
3414 4468 3764 4538 δικαιοσύνην
3813 4469 3940 4521 ἀντὶ
3966 4470 4067 4537 τῆς

2489 4564 2860 4634 παραϐάσεως
2900 4560 3192 4614 ἐνεδύσατο
3215 4577 3230 4591 ·
3254 4563 3318 4628 τῇ
3370 4558 3426 4612 δὲ
3463 4559 3608 4629 ζώνῃ
3657 4560 3756 4628 τὴν
3792 4560 4069 4620 νέκρωσιν

2487 4657 2583 4710 τοῦ
2624 4658 2879 4725 σώματος
2909 4655 3003 4707 καὶ
3035 4653 3133 4722 τὴν
3166 4651 3524 4721 σωφροσύνην
3552 4653 3609 4704 ἐν
3648 4652 3830 4720 ἐαυτῷ
3873 4653 4068 4720 περιέ-

2491 4750 2633 4803 θετο.
2686 4748 2841 4801 Ἐπεὶ
2877 4749 2960 4798 ὅτι
2993 4747 3084 4798 καὶ
3111 4746 3237 4815 περὶ
3264 4745 3360 4814 τὴν
3401 4745 3593 4811 ὀσφὺν,
3617 4745 3704 4796 ἵνα
3734 4745 3938 4811 νεκρὸς
3974 4747 4070 4813 μὲν)

2491 4837 2523 4915 ᾖ
2571 4844 2637 4910 τῇ
2696 4839 2984 4907 ἐπιθυμίᾳ,
3027 4839 3269 4906 ἀνδρεῖος
3318 4837 3372 4888 δὲ
3419 4838 3540 4898 ταῖς
3592 4837 3840 4903 ἀρεταῖς.
3883 4835 3980 4904 Τῷ
4018 4837 4069 4888 δὲ

2494 4928 2797 4997 κουκου).ίῳ
2843 4929 2942 4996 τὴν
2978 4925 3476 4995 ταπεινοφροσύνην
3514 4925 3594 4986 είς
3639 4924 3927 4992 σωτηρίαν
3975 4942 4072 4976 πε-

2497 5018 2829 5089 ριεϐάλλετο.
2866 5017 3027 5069 Ὥστε
3069 5017 3156 5067 διὰ
3195 5013 3291 5066 τοῦ
3332 5011 3661 5081 ἡγεμονικοῦ
3715 5013 3786 5062 τὰ
3835 5015 4071 5064 ταπεινὰ

2496 5105 2717 5173 φρονεῖν
2751 5105 2842 5154 καὶ
2877 5102 3055 5164 καλῶς
3084 5101 3181 5163 τὰς
3228 5100 3508 5168 αἰσθήσεις
3543 5100 3946 5165 παιδαγωγεῖν.
3985 5102 4072 5151 Διὸ

2498 5197 2594 5249 καὶ
2648 5194 3082 5263 περικεφαλαίαν
3137 5193 3405 5262 σωτηρίου
3455 5191 3614 5244 τοῦτὸ
3656 5207 3814 5258 φησι.
3872 5192 3972 5260 Τῷ
4022 5193 4070 5242 δὲ

830 5294 997 5348 habet
1034 5291 1257 5360 ﬁguram
1286 5290 1488 5354 crucis,
1522 5305 1626 5358 qua
1660 5290 1858 5342 Christi
1888 5291 2046 5343 tidem
2073 5297 2128 5342 et
2159 5282 2430 5342 mortenﬂ
2497 5289 2776 5355 ἀναλάϐω,
2807 5287 2882 5354 τῷ
2908 5286 3124 5354 σταυρῷ
3173 5303 3178 5334 τ

2497 5289 2776 5355 ἀναλάϐω,
2807 5287 2882 5354 τῷ
2908 5286 3124 5354 σταυρῷ
3173 5287 3266 5336 καὶ
3300 5288 3365 5354 τῇ
3415 5285 3596 5336 πίστει
3646 5285 4071 5352 κατεκοσμήθη,

832 5393 1092 5448 testatur;
1122 5382 1321 5435 amictu
1349 5392 1549 5445 autem,
1577 5381 1739 5448 pallio
1764 5380 1972 5434 scilicet
2002 5389 2056 5434 et
2086 5380 2394 5447 chlamyde,

836 5473 1028 5527 stolam
1071 5471 1495 5526 immortalitatis
1537 5480 1594 5522 nt
1639 5470 1860 5523 loricam
1894 5468 2124 5522 ferream
2149 5468 2251 5521 sibi
2283 5468 2395 5521 cir-

835 5565 1108 5635 camjecit,
1132 5575 1186 5618 et
1212 5578 1307 5633 pro
1333 5561 1574 5633 pelliceis
1598 5562 1859 5622 vestibus.
1891 5560 2072 5614 divina
2099 5567 2396 5613 exornatus

837 5662 1009 5729 gratia
1042 5657 1348 5726 splenduit;
1388 5655 1646 5710 sandaliis
1678 5671 1803 5709 vero
1837 5663 2159 5722 potestatem
2184 5653 2394 5721 accepit

841 5751 1158 5820 peragrandi
1193 5749 1328 5804 viam
1367 5763 1482 5816 qua:
1520 5746 1667 5801 ducit
1717 5747 1780 5800 ad
1817 5746 2041 5800 salutem
2081 5755 2128 5799 et
2166 5760 2393 5814 pacem,

2500 5381 2655 5449 φησί.
2689 5380 2872 5431 Τόπον
2916 5379 3024 5445 γὰρ
3055 5370 3206 5438 οὗτος
3251 5376 3362 5445 ἐχτι
3413 5375 3668 5443 σταυροῦ,
3703 5373 3771 5426 δι’
3822 5371 3884 5426 οὗ
3920 5376 3955 5442 ἠ
3987 5375 4074 5424 τοῦ

2501 5471 2738 5538 Χριστοῦ
2774 5471 2949 5530 πίστις
2981 5485 3038 5519 τε
3065 5472 3154 5518 καὶ
3187 5468 3220 5532 ἡ
3251 5467 3516 5533 νέκρωσις
3557 5465 3952 5531 μαρτυρεῖται.
3993 5463 4074 5528 Τῷ

2502 5563 2557 5615 δὲ
2594 5560 2944 5628 περιϐολαίῳ,
2991 5559 3068 5626 τῷ
3103 5556 3308 5621 παὶλίῳ
3337 5554 3536 5622 δηλαδὴ
3575 5569 3665 5605 και
3714 5552 3791 5620 τῷ
3838 5555 4075 5618 μαεοδύξ.

2507 5655 2698 5720 στολὴν
2740 5650 3048 5717 ὰᾳθαρσίας
3101 5649 3175 5709 ὡς
3219 5648 3444 5715 θώρακα
3496 5645 3714 5711 ἰσχυρὸν
3761 5645 4072 5709 περιέθῖτο.

2508 5745 2616 5798 Καὶ
2653 5743 2769 5796 ἀντὶ
2797 5743 2900 5794 τῶν
2945 5741 3280 5809 δερματῙνων
3323 5736 3560 5807 χιτώνων
3622 5735 3743 5804 οεὲξι
3796 5752 3830 5785 κ
3873 5734 4072 5802 Cv:de
