  <div class='ocr_page' id='page_1' title='image "/cluster/home/n/w/nwhite01/storage/ocr_20150623/155/nnc1.0022106758/258.png"; bbox 0 0 4208 6440; ppageno 0'>
   <div class='ocr_carea' id='block_1_1' title="bbox 227 396 335 460">
    <p class='ocr_par' dir='ltr' id='par_1_1' title="bbox 227 396 335 460">
     <span class='ocr_line' id='line_1_1' title="bbox 227 396 335 460; baseline 0.009 -1"><span class='ocrx_word' id='word_1_1' title='bbox 227 396 335 460; x_wconf 79' lang='grc'>505</span> 
     </span>
    </p>
   </div>
   <div class='ocr_carea' id='block_1_2' title="bbox 1531 405 2191 469">
    <p class='ocr_par' dir='ltr' id='par_1_2' title="bbox 1531 405 2191 469">
     <span class='ocr_line' id='line_1_2' title="bbox 1531 405 2191 469; baseline 0.006 -5"><span class='ocrx_word' id='word_1_2' title='bbox 1531 405 1631 464; x_wconf 84' lang='lat' dir='ltr'><strong>DE</strong></span> <span class='ocrx_word' id='word_1_3' title='bbox 1674 406 2191 469; x_wconf 72' lang='lat' dir='ltr'><strong>MATRlMONlO.</strong></span> 
     </span>
    </p>
   </div>
   <div class='ocr_carea' id='block_1_3' title="bbox 3360 408 3463 469">
    <p class='ocr_par' dir='ltr' id='par_1_3' title="bbox 3360 408 3463 469">
     <span class='ocr_line' id='line_1_3' title="bbox 3360 408 3463 469; baseline 0 -1"><span class='ocrx_word' id='word_1_4' title='bbox 3360 408 3463 469; x_wconf 74' lang='lat'><strong>506</strong></span> 
     </span>
    </p>
   </div>
   <div class='ocr_carea' id='block_1_4' title="bbox 225 511 1821 588">
    <p class='ocr_par' dir='ltr' id='par_1_4' title="bbox 225 511 1821 588">
     <span class='ocr_line' id='line_1_4' title="bbox 225 511 1821 588; baseline 0.004 -24"><span class='ocrx_word' id='word_1_5' title='bbox 225 514 390 566; x_wconf 78' lang='grc' dir='ltr'>δωσιν</span> <span class='ocrx_word' id='word_1_6' title='bbox 434 515 482 567; x_wconf 86' lang='grc' dir='ltr'><strong>οί</strong></span> <span class='ocrx_word' id='word_1_7' title='bbox 532 515 589 568; x_wconf 83' lang='grc' dir='ltr'><strong>ἐν</strong></span> <span class='ocrx_word' id='word_1_8' title='bbox 616 515 788 584; x_wconf 79' lang='grc' dir='ltr'>τούτῳ</span> <span class='ocrx_word' id='word_1_9' title='bbox 836 515 1054 570; x_wconf 79' lang='grc' dir='ltr'><strong>ἄσπιλοι</strong></span> <span class='ocrx_word' id='word_1_10' title='bbox 1095 511 1237 570; x_wconf 69' lang='grc' dir='ltr'>εἶναι</span> <span class='ocrx_word' id='word_1_11' title='bbox 1285 517 1359 581; x_wconf 78' lang='grc' dir='ltr'><strong>ὡς</strong></span> <span class='ocrx_word' id='word_1_12' title='bbox 1408 518 1661 588; x_wconf 78' lang='grc' dir='ltr'><strong>ἐγχωρεῖ,</strong></span> <span class='ocrx_word' id='word_1_13' title='bbox 1694 520 1821 580; x_wconf 31' lang='lat' dir='ltr'><strong>aut,</strong></span> 
     </span>
    </p>
   </div>
   <div class='ocr_carea' id='block_1_5' title="bbox 1787 511 3462 588">
    <p class='ocr_par' dir='ltr' id='par_1_5' title="bbox 1787 515 3462 588">
     <span class='ocr_line' id='line_1_5' title="bbox 1787 515 3462 588; baseline 0.003 -22"><span class='ocrx_word' id='word_1_14' title='bbox 1787 559 1788 566; x_wconf 48' lang='grc' dir='ltr'><strong>η</strong></span> <span class='ocrx_word' id='word_1_15' title='bbox 1814 520 1863 580; x_wconf 76' lang='grc' dir='ltr'><strong>Α</strong></span> <span class='ocrx_word' id='word_1_16' title='bbox 1891 519 2126 573; x_wconf 84' lang='lat' dir='ltr'><strong>(‘liuncm</strong></span> <span class='ocrx_word' id='word_1_17' title='bbox 2160 527 2478 582; x_wconf 74' lang='lat' dir='ltr'><strong>consecuto,</strong></span> <span class='ocrx_word' id='word_1_18' title='bbox 2507 519 2758 573; x_wconf 84' lang='lat' dir='ltr'><strong>studeant</strong></span> <span class='ocrx_word' id='word_1_19' title='bbox 2784 517 3042 588; x_wconf 79' lang='lat' dir='ltr'><strong>conjuges</strong></span> <span class='ocrx_word' id='word_1_20' title='bbox 3069 516 3122 569; x_wconf 91' lang='lat' dir='ltr'><strong>in</strong></span> <span class='ocrx_word' id='word_1_21' title='bbox 3147 530 3231 578; x_wconf 89' lang='lat' dir='ltr'><strong>co,</strong></span> <span class='ocrx_word' id='word_1_22' title='bbox 3265 525 3323 570; x_wconf 85' lang='grc' dir='ltr'><strong>ιιι</strong></span> <span class='ocrx_word' id='word_1_23' title='bbox 3345 515 3462 571; x_wconf 74' lang='grc' dir='ltr'>θοι-ἰ</span> 
     </span>
    </p>
   </div>
   <div class='ocr_carea' id='block_1_6' title="bbox 227 606 1787 680">
    <p class='ocr_par' dir='ltr' id='par_1_6' title="bbox 227 606 1787 680">
     <span class='ocr_line' id='line_1_6' title="bbox 227 606 1787 680; baseline 0.003 -24"><span class='ocrx_word' id='word_1_24' title='bbox 227 606 470 674; x_wconf 83' lang='grc' dir='ltr'>ἐννόμως</span> <span class='ocrx_word' id='word_1_25' title='bbox 517 609 612 659; x_wconf 81' lang='grc' dir='ltr'>καὶ</span> <span class='ocrx_word' id='word_1_26' title='bbox 659 608 782 676; x_wconf 84' lang='grc' dir='ltr'>δίχα</span> <span class='ocrx_word' id='word_1_27' title='bbox 812 608 982 676; x_wconf 73' lang='grc' dir='ltr'>ψόγου</span> <span class='ocrx_word' id='word_1_28' title='bbox 1021 611 1114 662; x_wconf 71' lang='grc' dir='ltr'>καὶ</span> <span class='ocrx_word' id='word_1_29' title='bbox 1163 607 1336 680; x_wconf 76' lang='grc' dir='ltr'>ῥύπου</span> <span class='ocrx_word' id='word_1_30' title='bbox 1383 613 1787 675; x_wconf 80' lang='grc' dir='ltr'>συνάπτωνται,</span> 
     </span>
    </p>
   </div>
   <div class='ocr_carea' id='block_1_7' title="bbox 225 690 1789 772">
    <p class='ocr_par' dir='ltr' id='par_1_7' title="bbox 225 690 1789 772">
     <span class='ocr_line' id='line_1_7' title="bbox 225 690 1789 772; baseline 0.013 -27"><span class='ocrx_word' id='word_1_31' title='bbox 225 690 323 747; x_wconf 79' lang='grc' dir='ltr'>καὶ</span> <span class='ocrx_word' id='word_1_32' title='bbox 381 697 451 758; x_wconf 84' lang='grc' dir='ltr'>ὡς</span> <span class='ocrx_word' id='word_1_33' title='bbox 508 698 681 750; x_wconf 75' lang='grc' dir='ltr'>εἰπεῖν</span> <span class='ocrx_word' id='word_1_34' title='bbox 708 698 936 766; x_wconf 86' lang='grc' dir='ltr'>άμωμον</span> <span class='ocrx_word' id='word_1_35' title='bbox 997 701 1090 754; x_wconf 72' lang='grc' dir='ltr'>καὶ</span> <span class='ocrx_word' id='word_1_36' title='bbox 1117 699 1194 764; x_wconf 87' lang='grc' dir='ltr'><strong>ὡς</strong></span> <span class='ocrx_word' id='word_1_37' title='bbox 1252 702 1579 772; x_wconf 71' lang='grc' dir='ltr'>παρθενικὸν</span> <span class='ocrx_word' id='word_1_38' title='bbox 1623 703 1789 770; x_wconf 67' lang='grc' dir='ltr'>ἐγγὺς</span> 
     </span>
    </p>
   </div>
   <div class='ocr_carea' id='block_1_8' title="bbox 223 788 864 859">
    <p class='ocr_par' dir='ltr' id='par_1_8' title="bbox 223 788 864 859">
     <span class='ocr_line' id='line_1_8' title="bbox 223 788 864 859; baseline 0.012 -22"><span class='ocrx_word' id='word_1_39' title='bbox 223 788 518 854; x_wconf 75' lang='grc' dir='ltr'><strong>φυλάσσειν</strong></span> <span class='ocrx_word' id='word_1_40' title='bbox 551 791 640 842; x_wconf 65' lang='grc' dir='ltr'><strong>τὸν</strong></span> <span class='ocrx_word' id='word_1_41' title='bbox 665 790 864 859; x_wconf 82' lang='grc' dir='ltr'>γάμον.</span> 
     </span>
    </p>
   </div>
   <div class='ocr_carea' id='block_1_9' title="bbox 774 882 1232 955">
    <p class='ocr_par' dir='ltr' id='par_1_9' title="bbox 774 882 1232 955">
     <span class='ocr_line' id='line_1_9' title="bbox 774 882 1232 955; baseline 0.013 -19"><span class='ocrx_word' id='word_1_42' title='bbox 774 882 1020 940; x_wconf 61' lang='lat' dir='ltr'><strong>metu.</strong></span> <span class='ocrx_word' id='word_1_43' title='bbox 1056 883 1232 955; x_wconf 72' lang='lat' dir='ltr'><strong>zoq&#39;.</strong></span> 
     </span>
    </p>
   </div>
   <div class='ocr_carea' id='block_1_10' title="bbox 537 976 1471 1050">
    <p class='ocr_par' dir='ltr' id='par_1_10' title="bbox 537 976 1471 1050">
     <span class='ocr_line' id='line_1_10' title="bbox 537 976 1471 1050; baseline 0.009 -22"><span class='ocrx_word' id='word_1_44' title='bbox 537 976 702 1030; x_wconf 81' lang='grc' dir='ltr'>Διαττ</span> <span class='ocrx_word' id='word_1_45' title='bbox 736 978 1023 1047; x_wconf 62' lang='grc' dir='ltr'>στέφανοι</span> <span class='ocrx_word' id='word_1_46' title='bbox 1057 981 1125 1032; x_wconf 80' lang='grc' dir='ltr'><strong>ἐν</strong></span> <span class='ocrx_word' id='word_1_47' title='bbox 1162 979 1242 1044; x_wconf 85' lang='grc' dir='ltr'><strong>τῷ</strong></span> <span class='ocrx_word' id='word_1_48' title='bbox 1288 981 1471 1050; x_wconf 74' lang='grc' dir='ltr'>γάμῳ.</span> 
     </span>
    </p>
   </div>
   <div class='ocr_carea' id='block_1_11' title="bbox 291 1066 1786 1140">
    <p class='ocr_par' dir='ltr' id='par_1_11' title="bbox 291 1066 1786 1140">
     <span class='ocr_line' id='line_1_11' title="bbox 291 1066 1786 1140; baseline 0.008 -22"><span class='ocrx_word' id='word_1_49' title='bbox 291 1066 390 1120; x_wconf 67' lang='grc' dir='ltr'><strong>Διὶ</strong></span> <span class='ocrx_word' id='word_1_50' title='bbox 430 1068 588 1122; x_wconf 86' lang='grc' dir='ltr'>τοῦτο</span> <span class='ocrx_word' id='word_1_51' title='bbox 620 1071 727 1140; x_wconf 78' lang='grc' dir='ltr'><strong>γάρ</strong></span> <span class='ocrx_word' id='word_1_52' title='bbox 774 1073 869 1124; x_wconf 78' lang='grc' dir='ltr'>καὶ</span> <span class='ocrx_word' id='word_1_53' title='bbox 917 1074 1168 1138; x_wconf 70' lang='grc' dir='ltr'>στέφανοι</span> <span class='ocrx_word' id='word_1_54' title='bbox 1218 1075 1479 1140; x_wconf 78' lang='grc' dir='ltr'><strong>τίθενται,</strong></span> <span class='ocrx_word' id='word_1_55' title='bbox 1515 1075 1604 1129; x_wconf 69' lang='grc' dir='ltr'><strong>διὰ</strong></span> <span class='ocrx_word' id='word_1_56' title='bbox 1658 1077 1786 1140; x_wconf 70' lang='grc' dir='ltr'>τοὺς</span> 
     </span>
    </p>
   </div>
   <div class='ocr_carea' id='block_1_12' title="bbox 217 1156 1783 1232">
    <p class='ocr_par' dir='ltr' id='par_1_12' title="bbox 217 1156 1783 1232">
     <span class='ocr_line' id='line_1_12' title="bbox 217 1156 1783 1232; baseline 0.008 -26"><span class='ocrx_word' id='word_1_57' title='bbox 217 1156 527 1221; x_wconf 79' lang='grc' dir='ltr'><strong>παρθένους</strong></span> <span class='ocrx_word' id='word_1_58' title='bbox 557 1159 652 1213; x_wconf 81' lang='grc' dir='ltr'>καὶ</span> <span class='ocrx_word' id='word_1_59' title='bbox 685 1161 980 1229; x_wconf 75' lang='grc' dir='ltr'>καθαροὺς,</span> <span class='ocrx_word' id='word_1_60' title='bbox 1008 1165 1088 1216; x_wconf 86' lang='grc' dir='ltr'><strong>ὅτι</strong></span> <span class='ocrx_word' id='word_1_61' title='bbox 1125 1165 1484 1220; x_wconf 79' lang='grc' dir='ltr'><strong>συνάπτονται</strong></span> <span class='ocrx_word' id='word_1_62' title='bbox 1534 1167 1783 1232; x_wconf 80' lang='grc' dir='ltr'>ἄσπιλοι,</span> 
     </span>
    </p>
   </div>
   <div class='ocr_carea' id='block_1_13' title="bbox 213 1247 1787 1327">
    <p class='ocr_par' dir='ltr' id='par_1_13' title="bbox 213 1247 1787 1327">
     <span class='ocr_line' id='line_1_13' title="bbox 213 1247 1787 1327; baseline 0.007 -28"><span class='ocrx_word' id='word_1_63' title='bbox 213 1247 316 1301; x_wconf 75' lang='grc' dir='ltr'>καὶ</span> <span class='ocrx_word' id='word_1_64' title='bbox 337 1247 413 1311; x_wconf 85' lang='grc' dir='ltr'><strong>ὡς</strong></span> <span class='ocrx_word' id='word_1_65' title='bbox 435 1248 532 1318; x_wconf 79' lang='grc' dir='ltr'><strong>τὴν</strong></span> <span class='ocrx_word' id='word_1_66' title='bbox 562 1250 861 1318; x_wconf 74' lang='grc' dir='ltr'><strong>παρθενίαν</strong></span> <span class='ocrx_word' id='word_1_67' title='bbox 887 1251 1015 1322; x_wconf 74' lang='grc' dir='ltr'>ἄχρι</span> <span class='ocrx_word' id='word_1_68' title='bbox 1040 1255 1134 1307; x_wconf 84' lang='grc' dir='ltr'><strong>τοῦ</strong></span> <span class='ocrx_word' id='word_1_69' title='bbox 1164 1258 1345 1322; x_wconf 79' lang='grc' dir='ltr'>γάμου</span> <span class='ocrx_word' id='word_1_70' title='bbox 1374 1259 1787 1327; x_wconf 81' lang='grc' dir='ltr'>συντετηρήκα-</span> 
     </span>
    </p>
   </div>
   <div class='ocr_carea' id='block_1_14' title="bbox 215 1342 1787 1418">
    <p class='ocr_par' dir='ltr' id='par_1_14' title="bbox 215 1342 1787 1418">
     <span class='ocr_line' id='line_1_14' title="bbox 215 1342 1787 1418; baseline 0.007 -27"><span class='ocrx_word' id='word_1_71' title='bbox 215 1357 326 1394; x_wconf 90' lang='grc' dir='ltr'>σιν.</span> <span class='ocrx_word' id='word_1_72' title='bbox 369 1343 433 1395; x_wconf 86' lang='grc' dir='ltr'>Ὀ</span> <span class='ocrx_word' id='word_1_73' title='bbox 460 1342 523 1411; x_wconf 82' lang='grc' dir='ltr'>δὴ</span> <span class='ocrx_word' id='word_1_74' title='bbox 554 1344 646 1395; x_wconf 71' lang='grc' dir='ltr'>καὶ</span> <span class='ocrx_word' id='word_1_75' title='bbox 674 1345 770 1396; x_wconf 83' lang='grc' dir='ltr'><strong>ἀπ’</strong></span> <span class='ocrx_word' id='word_1_76' title='bbox 802 1344 969 1412; x_wconf 75' lang='grc' dir='ltr'>αὐτῆς</span> <span class='ocrx_word' id='word_1_77' title='bbox 991 1345 1092 1412; x_wconf 80' lang='grc' dir='ltr'><strong>τῆς</strong></span> <span class='ocrx_word' id='word_1_78' title='bbox 1137 1349 1357 1416; x_wconf 79' lang='grc' dir='ltr'>φύσεως</span> <span class='ocrx_word' id='word_1_79' title='bbox 1404 1349 1787 1418; x_wconf 86' lang='grc' dir='ltr'>μαρτυρούμε-</span> 
     </span>
    </p>
   </div>
   <div class='ocr_carea' id='block_1_15' title="bbox 212 1431 1786 1512">
    <p class='ocr_par' dir='ltr' id='par_1_15' title="bbox 212 1431 1786 1512">
     <span class='ocr_line' id='line_1_15' title="bbox 212 1431 1786 1512; baseline 0.008 -28"><span class='ocrx_word' id='word_1_80' title='bbox 212 1452 308 1486; x_wconf 89' lang='grc' dir='ltr'><strong>νον</strong></span> <span class='ocrx_word' id='word_1_81' title='bbox 331 1436 492 1490; x_wconf 83' lang='grc' dir='ltr'>καλὺν</span> <span class='ocrx_word' id='word_1_82' title='bbox 522 1431 685 1498; x_wconf 75' lang='grc' dir='ltr'>εἶναι,</span> <span class='ocrx_word' id='word_1_83' title='bbox 725 1439 751 1488; x_wconf 99' lang='lat'><strong>6</strong></span> <span class='ocrx_word' id='word_1_84' title='bbox 790 1439 1195 1508; x_wconf 72' lang='grc' dir='ltr'>συναπτόμενος</span> <span class='ocrx_word' id='word_1_85' title='bbox 1226 1445 1291 1511; x_wconf 84' lang='grc' dir='ltr'><strong>τῇ</strong></span> <span class='ocrx_word' id='word_1_86' title='bbox 1338 1441 1522 1512; x_wconf 78' lang='grc' dir='ltr'>νύμφῃ</span> <span class='ocrx_word' id='word_1_87' title='bbox 1554 1443 1786 1511; x_wconf 82' lang='grc' dir='ltr'>νυμφίος</span> 
     </span>
    </p>
   </div>
   <div class='ocr_carea' id='block_1_16' title="bbox 214 1525 1786 1600">
    <p class='ocr_par' dir='ltr' id='par_1_16' title="bbox 214 1525 1786 1600">
     <span class='ocr_line' id='line_1_16' title="bbox 214 1525 1786 1600; baseline 0.005 -24"><span class='ocrx_word' id='word_1_88' title='bbox 214 1528 324 1591; x_wconf 79' lang='grc' dir='ltr'><strong>πρὸ</strong></span> <span class='ocrx_word' id='word_1_89' title='bbox 346 1525 546 1589; x_wconf 65' lang='grc' dir='ltr'>παντὸς</span> <span class='ocrx_word' id='word_1_90' title='bbox 573 1527 727 1579; x_wconf 89' lang='grc' dir='ltr'>τοῦτο</span> <span class='ocrx_word' id='word_1_91' title='bbox 748 1528 995 1596; x_wconf 72' lang='grc' dir='ltr'>βούλεται</span> <span class='ocrx_word' id='word_1_92' title='bbox 1022 1530 1319 1597; x_wconf 80' lang='grc' dir='ltr'>κεκτῆσθαι</span> <span class='ocrx_word' id='word_1_93' title='bbox 1340 1532 1533 1600; x_wconf 78' lang='grc' dir='ltr'>αὐτὴν,</span> <span class='ocrx_word' id='word_1_94' title='bbox 1558 1531 1618 1584; x_wconf 73' lang='grc' dir='ltr'>τὸ</span> <span class='ocrx_word' id='word_1_95' title='bbox 1639 1548 1716 1584; x_wconf 87' lang='grc' dir='ltr'><strong>πα</strong></span> <span class='ocrx_word' id='word_1_96' title='bbox 1727 1552 1786 1599; x_wconf 81' lang='grc' dir='ltr'>ρ-</span> 
     </span>
    </p>
   </div>
   <div class='ocr_carea' id='block_1_17' title="bbox 212 1614 1786 1691">
    <p class='ocr_par' dir='ltr' id='par_1_17' title="bbox 212 1614 1786 1691">
     <span class='ocr_line' id='line_1_17' title="bbox 212 1614 1786 1691; baseline 0.004 -23"><span class='ocrx_word' id='word_1_97' title='bbox 212 1616 367 1670; x_wconf 87' lang='grc' dir='ltr'>θένον</span> <span class='ocrx_word' id='word_1_98' title='bbox 403 1614 540 1672; x_wconf 77' lang='grc' dir='ltr'>εῖναι</span> <span class='ocrx_word' id='word_1_99' title='bbox 579 1621 670 1672; x_wconf 68' lang='grc' dir='ltr'><strong>καὶ</strong></span> <span class='ocrx_word' id='word_1_100' title='bbox 699 1621 965 1690; x_wconf 69' lang='grc' dir='ltr'>καθαρὰν,</span> <span class='ocrx_word' id='word_1_101' title='bbox 1005 1629 1102 1674; x_wconf 79' lang='grc' dir='ltr'>καὶ</span> <span class='ocrx_word' id='word_1_102' title='bbox 1137 1621 1210 1691; x_wconf 81' lang='grc' dir='ltr'>μὴ</span> <span class='ocrx_word' id='word_1_103' title='bbox 1250 1621 1440 1691; x_wconf 81' lang='grc' dir='ltr'>ἐτέρου</span> <span class='ocrx_word' id='word_1_104' title='bbox 1468 1622 1636 1687; x_wconf 73' lang='grc' dir='ltr'>τινος,</span> <span class='ocrx_word' id='word_1_105' title='bbox 1668 1622 1786 1676; x_wconf 72' lang='grc' dir='ltr'>ἀλλ’</span> 
     </span>
    </p>
   </div>
   <div class='ocr_carea' id='block_1_18' title="bbox 208 1709 1778 1783">
    <p class='ocr_par' dir='ltr' id='par_1_18' title="bbox 208 1709 1778 1783">
     <span class='ocr_line' id='line_1_18' title="bbox 208 1709 1778 1783; baseline 0.003 -23"><span class='ocrx_word' id='word_1_106' title='bbox 208 1709 379 1762; x_wconf 74' lang='grc' dir='ltr'>αὑτοῦ</span> <span class='ocrx_word' id='word_1_107' title='bbox 404 1715 495 1763; x_wconf 82' lang='grc' dir='ltr'>καὶ</span> <span class='ocrx_word' id='word_1_108' title='bbox 524 1711 687 1779; x_wconf 76' lang='grc' dir='ltr'>μόνου</span> <span class='ocrx_word' id='word_1_109' title='bbox 715 1709 850 1765; x_wconf 78' lang='grc' dir='ltr'>εἶναι</span> <span class='ocrx_word' id='word_1_110' title='bbox 887 1714 981 1766; x_wconf 71' lang='grc' dir='ltr'>καὶ</span> <span class='ocrx_word' id='word_1_111' title='bbox 1030 1714 1296 1783; x_wconf 80' lang='grc' dir='ltr'>κληθῆναι</span> <span class='ocrx_word' id='word_1_112' title='bbox 1332 1716 1581 1782; x_wconf 88' lang='grc' dir='ltr'>γυναῖκα.</span> <span class='ocrx_word' id='word_1_113' title='bbox 1614 1714 1778 1768; x_wconf 83' lang='grc' dir='ltr'><strong>Ὅθεν</strong></span> 
     </span>
    </p>
   </div>
   <div class='ocr_carea' id='block_1_19' title="bbox 207 1802 1774 1878">
    <p class='ocr_par' dir='ltr' id='par_1_19' title="bbox 207 1802 1774 1878">
     <span class='ocr_line' id='line_1_19' title="bbox 207 1802 1774 1878; baseline 0.004 -25"><span class='ocrx_word' id='word_1_114' title='bbox 207 1803 307 1853; x_wconf 69' lang='grc' dir='ltr'>καὶ</span> <span class='ocrx_word' id='word_1_115' title='bbox 339 1802 500 1855; x_wconf 75' lang='grc' dir='ltr'>αὐτὸν</span> <span class='ocrx_word' id='word_1_116' title='bbox 526 1803 932 1857; x_wconf 71' lang='grc' dir='ltr'>ἐκδιδάσκεσθαι</span> <span class='ocrx_word' id='word_1_117' title='bbox 967 1803 1069 1875; x_wconf 77' lang='grc' dir='ltr'><strong>χρὴ</strong></span> <span class='ocrx_word' id='word_1_118' title='bbox 1092 1805 1332 1860; x_wconf 82' lang='grc' dir='ltr'>τοιοῦτον</span> <span class='ocrx_word' id='word_1_119' title='bbox 1361 1807 1552 1861; x_wconf 77' lang='grc' dir='ltr'>ἑαυτὸν</span> <span class='ocrx_word' id='word_1_120' title='bbox 1585 1811 1774 1878; x_wconf 82' lang='grc' dir='ltr'>τηρεῖν</span> 
     </span>
    </p>
   </div>
   <div class='ocr_carea' id='block_1_20' title="bbox 203 1894 1777 1968">
    <p class='ocr_par' dir='ltr' id='par_1_20' title="bbox 203 1894 1777 1968">
     <span class='ocr_line' id='line_1_20' title="bbox 203 1894 1777 1968; baseline 0.005 -23"><span class='ocrx_word' id='word_1_121' title='bbox 203 1894 447 1961; x_wconf 75' lang='grc' dir='ltr'>νυμφίον</span> <span class='ocrx_word' id='word_1_122' title='bbox 484 1895 724 1965; x_wconf 69' lang='grc' dir='ltr'>καθαρὸν</span> <span class='ocrx_word' id='word_1_123' title='bbox 774 1899 840 1966; x_wconf 84' lang='grc' dir='ltr'>τῇ</span> <span class='ocrx_word' id='word_1_124' title='bbox 880 1896 1090 1968; x_wconf 71' lang='grc' dir='ltr'>νύμφῃ.</span> <span class='ocrx_word' id='word_1_125' title='bbox 1121 1897 1217 1950; x_wconf 80' lang='grc' dir='ltr'>καὶ</span> <span class='ocrx_word' id='word_1_126' title='bbox 1266 1897 1436 1967; x_wconf 77' lang='grc' dir='ltr'>αὐτῆς</span> <span class='ocrx_word' id='word_1_127' title='bbox 1462 1897 1651 1967; x_wconf 76' lang='grc' dir='ltr'>ἄνδρα,</span> <span class='ocrx_word' id='word_1_128' title='bbox 1681 1898 1777 1953; x_wconf 76' lang='grc' dir='ltr'>καὶ</span> 
     </span>
    </p>
   </div>
   <div class='ocr_carea' id='block_1_21' title="bbox 203 1985 1771 2059">
    <p class='ocr_par' dir='ltr' id='par_1_21' title="bbox 203 1985 1771 2059">
     <span class='ocr_line' id='line_1_21' title="bbox 203 1985 1771 2059; baseline 0.004 -23"><span class='ocrx_word' id='word_1_129' title='bbox 203 1985 308 2053; x_wconf 80' lang='grc' dir='ltr'>οὐχ</span> <span class='ocrx_word' id='word_1_130' title='bbox 342 1986 558 2059; x_wconf 78' lang='grc' dir='ltr'>ἐτέρας.</span> <span class='ocrx_word' id='word_1_131' title='bbox 600 1988 708 2040; x_wconf 80' lang='grc' dir='ltr'><strong>Καὶ</strong></span> <span class='ocrx_word' id='word_1_132' title='bbox 763 1989 811 2040; x_wconf 88' lang='grc' dir='ltr'><strong>εί</strong></span> <span class='ocrx_word' id='word_1_133' title='bbox 844 1987 1023 2047; x_wconf 84' lang='grc' dir='ltr'>τοῦτο.</span> <span class='ocrx_word' id='word_1_134' title='bbox 1051 1989 1389 2058; x_wconf 73' lang='grc' dir='ltr'><strong>εὐλογημένη</strong></span> <span class='ocrx_word' id='word_1_135' title='bbox 1450 1989 1483 2058; x_wconf 83' lang='grc' dir='ltr'>ἠ</span> <span class='ocrx_word' id='word_1_136' title='bbox 1517 1990 1771 2059; x_wconf 75' lang='grc' dir='ltr'>συζυγία,</span> 
     </span>
    </p>
   </div>
   <div class='ocr_carea' id='block_1_22' title="bbox 205 2076 1777 2150">
    <p class='ocr_par' dir='ltr' id='par_1_22' title="bbox 205 2076 1777 2150">
     <span class='ocr_line' id='line_1_22' title="bbox 205 2076 1777 2150; baseline 0.005 -20"><span class='ocrx_word' id='word_1_137' title='bbox 205 2076 305 2130; x_wconf 78' lang='grc' dir='ltr'>καὶ</span> <span class='ocrx_word' id='word_1_138' title='bbox 360 2078 392 2148; x_wconf 73' lang='grc' dir='ltr'>ἡ</span> <span class='ocrx_word' id='word_1_139' title='bbox 446 2080 621 2146; x_wconf 84' lang='grc' dir='ltr'>κοίτη,</span> <span class='ocrx_word' id='word_1_140' title='bbox 675 2081 818 2134; x_wconf 84' lang='grc' dir='ltr'>κατᾶ</span> <span class='ocrx_word' id='word_1_141' title='bbox 875 2081 1086 2134; x_wconf 79' lang='grc' dir='ltr'>Παῦλον</span> <span class='ocrx_word' id='word_1_142' title='bbox 1137 2085 1334 2150; x_wconf 81' lang='grc' dir='ltr'>είπεῖν,</span> <span class='ocrx_word' id='word_1_143' title='bbox 1394 2084 1624 2148; x_wconf 81' lang='grc' dir='ltr'>ἄσπιλος</span> <span class='ocrx_word' id='word_1_144' title='bbox 1681 2087 1777 2138; x_wconf 86' lang='grc' dir='ltr'>καὶ</span> 
     </span>
    </p>
   </div>
   <div class='ocr_carea' id='block_1_23' title="bbox 202 2168 1777 2248">
    <p class='ocr_par' dir='ltr' id='par_1_23' title="bbox 202 2168 1777 2248">
     <span class='ocr_line' id='line_1_23' title="bbox 202 2168 1777 2248; baseline 0.006 -26"><span class='ocrx_word' id='word_1_145' title='bbox 202 2168 508 2238; x_wconf 78' lang='grc' dir='ltr'>ἀμίαντοςο</span> <span class='ocrx_word' id='word_1_146' title='bbox 551 2174 644 2225; x_wconf 79' lang='grc' dir='ltr'>καὶ</span> <span class='ocrx_word' id='word_1_147' title='bbox 680 2175 772 2227; x_wconf 71' lang='grc' dir='ltr'>ἐπὶ</span> <span class='ocrx_word' id='word_1_148' title='bbox 821 2174 898 2243; x_wconf 82' lang='grc' dir='ltr'>τῷ</span> <span class='ocrx_word' id='word_1_149' title='bbox 932 2175 1094 2244; x_wconf 81' lang='grc' dir='ltr'>γάμῳ</span> <span class='ocrx_word' id='word_1_150' title='bbox 1129 2177 1300 2242; x_wconf 81' lang='grc' dir='ltr'>τούτῳ</span> <span class='ocrx_word' id='word_1_151' title='bbox 1343 2177 1527 2230; x_wconf 85' lang='grc' dir='ltr'>τελεία</span> <span class='ocrx_word' id='word_1_152' title='bbox 1559 2180 1592 2248; x_wconf 84' lang='grc' dir='ltr'><strong>ἡ</strong></span> <span class='ocrx_word' id='word_1_153' title='bbox 1625 2179 1777 2231; x_wconf 80' lang='grc' dir='ltr'>εὐλο-</span> 
     </span>
    </p>
   </div>
   <div class='ocr_carea' id='block_1_24' title="bbox 202 2261 1775 2339">
    <p class='ocr_par' dir='ltr' id='par_1_24' title="bbox 202 2261 1775 2339">
     <span class='ocr_line' id='line_1_24' title="bbox 202 2261 1775 2339; baseline 0.008 -29"><span class='ocrx_word' id='word_1_154' title='bbox 202 2263 306 2328; x_wconf 77' lang='grc' dir='ltr'><strong>γία</strong></span> <span class='ocrx_word' id='word_1_155' title='bbox 326 2279 339 2292; x_wconf 75' lang='grc' dir='ltr'><strong><em>ο</em></strong></span> <span class='ocrx_word' id='word_1_156' title='bbox 366 2261 462 2315; x_wconf 75' lang='grc' dir='ltr'>καὶ</span> <span class='ocrx_word' id='word_1_157' title='bbox 485 2262 513 2313; x_wconf 87' lang='lat'><strong>6</strong></span> <span class='ocrx_word' id='word_1_158' title='bbox 535 2263 772 2331; x_wconf 78' lang='grc' dir='ltr'>Χριστὸς</span> <span class='ocrx_word' id='word_1_159' title='bbox 805 2266 1184 2334; x_wconf 86' lang='grc' dir='ltr'>παραγίνεται.</span> <span class='ocrx_word' id='word_1_160' title='bbox 1213 2268 1274 2320; x_wconf 85' lang='grc' dir='ltr'><strong>Εἰ</strong></span> <span class='ocrx_word' id='word_1_161' title='bbox 1306 2268 1362 2320; x_wconf 78' lang='grc' dir='ltr'>δὲ</span> <span class='ocrx_word' id='word_1_162' title='bbox 1393 2270 1775 2339; x_wconf 80' lang='grc' dir='ltr'>νενοθευμένος</span> 
     </span>
    </p>
   </div>
   <div class='ocr_carea' id='block_1_25' title="bbox 201 2351 1776 2431">
    <p class='ocr_par' dir='ltr' id='par_1_25' title="bbox 201 2351 1776 2431">
     <span class='ocr_line' id='line_1_25' title="bbox 201 2351 1776 2431; baseline 0.005 -26"><span class='ocrx_word' id='word_1_163' title='bbox 201 2353 235 2405; x_wconf 81' lang='grc' dir='ltr'><strong>ὁ</strong></span> <span class='ocrx_word' id='word_1_164' title='bbox 277 2351 458 2422; x_wconf 88' lang='grc' dir='ltr'>γάμος</span> <span class='ocrx_word' id='word_1_165' title='bbox 483 2356 576 2408; x_wconf 78' lang='grc' dir='ltr'><strong>καὶ</strong></span> <span class='ocrx_word' id='word_1_166' title='bbox 603 2354 792 2424; x_wconf 76' lang='grc' dir='ltr'>ρύπων</span> <span class='ocrx_word' id='word_1_167' title='bbox 826 2356 1098 2426; x_wconf 74' lang='grc' dir='ltr'>ἔμπλεως,</span> <span class='ocrx_word' id='word_1_168' title='bbox 1136 2358 1253 2422; x_wconf 82' lang='grc' dir='ltr'>πῶς</span> <span class='ocrx_word' id='word_1_169' title='bbox 1281 2359 1388 2424; x_wconf 79' lang='grc' dir='ltr'>ἄρα</span> <span class='ocrx_word' id='word_1_170' title='bbox 1437 2361 1613 2412; x_wconf 80' lang='grc' dir='ltr'>ἐκεῖσε</span> <span class='ocrx_word' id='word_1_171' title='bbox 1643 2361 1776 2431; x_wconf 84' lang='grc' dir='ltr'><strong>Χρι-</strong></span> 
     </span>
    </p>
   </div>
   <div class='ocr_carea' id='block_1_26' title="bbox 202 2441 1771 2522">
    <p class='ocr_par' dir='ltr' id='par_1_26' title="bbox 202 2441 1771 2522">
     <span class='ocr_line' id='line_1_26' title="bbox 202 2441 1771 2522; baseline 0.004 -25"><span class='ocrx_word' id='word_1_172' title='bbox 202 2441 367 2510; x_wconf 66' lang='grc' dir='ltr'>στος,</span> <span class='ocrx_word' id='word_1_173' title='bbox 413 2447 440 2498; x_wconf 89' lang='lat'><strong>6</strong></span> <span class='ocrx_word' id='word_1_174' title='bbox 487 2445 869 2516; x_wconf 72' lang='grc' dir='ltr'><strong>καθαρώτατος</strong></span> <span class='ocrx_word' id='word_1_175' title='bbox 900 2449 1082 2518; x_wconf 76' lang='grc' dir='ltr'>μόνος,</span> <span class='ocrx_word' id='word_1_176' title='bbox 1115 2451 1211 2504; x_wconf 82' lang='grc' dir='ltr'>καὶ</span> <span class='ocrx_word' id='word_1_177' title='bbox 1256 2451 1365 2503; x_wconf 85' lang='grc' dir='ltr'><strong>τῶν</strong></span> <span class='ocrx_word' id='word_1_178' title='bbox 1413 2451 1604 2522; x_wconf 79' lang='grc' dir='ltr'>ψυχῶν</span> <span class='ocrx_word' id='word_1_179' title='bbox 1634 2471 1771 2520; x_wconf 85' lang='grc' dir='ltr'>νυμ-</span> 
     </span>
    </p>
   </div>
   <div class='ocr_carea' id='block_1_27' title="bbox 202 2535 1773 2608">
    <p class='ocr_par' dir='ltr' id='par_1_27' title="bbox 202 2535 1773 2608">
     <span class='ocr_line' id='line_1_27' title="bbox 202 2535 1773 2608; baseline 0.006 -22"><span class='ocrx_word' id='word_1_180' title='bbox 202 2535 332 2602; x_wconf 82' lang='grc' dir='ltr'>φίος</span> <span class='ocrx_word' id='word_1_181' title='bbox 379 2535 531 2604; x_wconf 71' lang='grc' dir='ltr'>ἅγιός</span> <span class='ocrx_word' id='word_1_182' title='bbox 556 2555 615 2590; x_wconf 87' lang='grc' dir='ltr'><strong>τε</strong></span> <span class='ocrx_word' id='word_1_183' title='bbox 676 2539 771 2592; x_wconf 73' lang='grc' dir='ltr'>καὶ</span> <span class='ocrx_word' id='word_1_184' title='bbox 803 2539 1069 2608; x_wconf 64' lang='grc' dir='ltr'>ἄ;λ.ωμος;</span> <span class='ocrx_word' id='word_1_185' title='bbox 1112 2541 1359 2595; x_wconf 85' lang='grc' dir='ltr'>Ἀπέστω</span> <span class='ocrx_word' id='word_1_186' title='bbox 1410 2542 1592 2596; x_wconf 81' lang='grc' dir='ltr'>τοίνυν</span> <span class='ocrx_word' id='word_1_187' title='bbox 1623 2545 1773 2596; x_wconf 81' lang='grc' dir='ltr'>πᾶσα</span> 
     </span>
    </p>
   </div>
   <div class='ocr_carea' id='block_1_28' title="bbox 202 2627 1770 2705">
    <p class='ocr_par' dir='ltr' id='par_1_28' title="bbox 202 2627 1770 2705">
     <span class='ocr_line' id='line_1_28' title="bbox 202 2627 1770 2705; baseline 0.006 -27"><span class='ocrx_word' id='word_1_188' title='bbox 202 2627 436 2697; x_wconf 84' lang='grc' dir='ltr'>πορνεία</span> <span class='ocrx_word' id='word_1_189' title='bbox 465 2628 558 2681; x_wconf 91' lang='grc' dir='ltr'><strong>τοῦ</strong></span> <span class='ocrx_word' id='word_1_190' title='bbox 591 2630 774 2698; x_wconf 88' lang='grc' dir='ltr'>τιμίου</span> <span class='ocrx_word' id='word_1_191' title='bbox 804 2632 981 2700; x_wconf 84' lang='grc' dir='ltr'>γάμου</span> <span class='ocrx_word' id='word_1_192' title='bbox 1007 2633 1101 2685; x_wconf 73' lang='grc' dir='ltr'>καὶ</span> <span class='ocrx_word' id='word_1_193' title='bbox 1131 2633 1354 2703; x_wconf 84' lang='grc' dir='ltr'>ἁρπαγή</span> <span class='ocrx_word' id='word_1_194' title='bbox 1382 2651 1396 2665; x_wconf 88' lang='grc'><strong>·</strong></span> <span class='ocrx_word' id='word_1_195' title='bbox 1429 2638 1524 2688; x_wconf 78' lang='grc' dir='ltr'>καὶ</span> <span class='ocrx_word' id='word_1_196' title='bbox 1554 2636 1770 2705; x_wconf 77' lang='grc' dir='ltr'>μοιχεία</span> 
     </span>
    </p>
   </div>
   <div class='ocr_carea' id='block_1_29' title="bbox 202 2719 1773 2795">
    <p class='ocr_par' dir='ltr' id='par_1_29' title="bbox 202 2719 1773 2795">
     <span class='ocr_line' id='line_1_29' title="bbox 202 2719 1773 2795; baseline 0.006 -25"><span class='ocrx_word' id='word_1_197' title='bbox 202 2721 358 2772; x_wconf 71' lang='grc' dir='ltr'>πᾶσα</span> <span class='ocrx_word' id='word_1_198' title='bbox 425 2719 650 2792; x_wconf 75' lang='grc' dir='ltr'>πόρῤω,</span> <span class='ocrx_word' id='word_1_199' title='bbox 709 2725 803 2776; x_wconf 79' lang='grc' dir='ltr'>καὶ</span> <span class='ocrx_word' id='word_1_200' title='bbox 849 2721 945 2775; x_wconf 75' lang='grc' dir='ltr'><strong>σὺν</strong></span> <span class='ocrx_word' id='word_1_201' title='bbox 984 2723 1156 2795; x_wconf 82' lang='grc' dir='ltr'>ταύτῃ</span> <span class='ocrx_word' id='word_1_202' title='bbox 1211 2726 1509 2794; x_wconf 70' lang='grc' dir='ltr'>ήβδελυρᾶι</span> <span class='ocrx_word' id='word_1_203' title='bbox 1565 2727 1660 2778; x_wconf 81' lang='grc' dir='ltr'>καὶ</span> <span class='ocrx_word' id='word_1_204' title='bbox 1712 2725 1773 2779; x_wconf 78' lang='grc' dir='ltr'><strong>τδ</strong></span> 
     </span>
    </p>
   </div>
   <div class='ocr_carea' id='block_1_30' title="bbox 205 2812 1771 2887">
    <p class='ocr_par' dir='ltr' id='par_1_30' title="bbox 205 2812 1771 2887">
     <span class='ocr_line' id='line_1_30' title="bbox 205 2812 1771 2887; baseline 0.005 -24"><span class='ocrx_word' id='word_1_205' title='bbox 205 2812 369 2878; x_wconf 88' lang='grc' dir='ltr'>γένος</span> <span class='ocrx_word' id='word_1_206' title='bbox 400 2813 704 2882; x_wconf 81' lang='grc' dir='ltr'>συγχέουσα</span> <span class='ocrx_word' id='word_1_207' title='bbox 735 2814 1027 2883; x_wconf 75' lang='grc' dir='ltr'>αίμομιξία</span> <span class='ocrx_word' id='word_1_208' title='bbox 1053 2834 1110 2869; x_wconf 87' lang='grc' dir='ltr'><strong>τε</strong></span> <span class='ocrx_word' id='word_1_209' title='bbox 1143 2818 1238 2870; x_wconf 72' lang='grc' dir='ltr'>καὶ</span> <span class='ocrx_word' id='word_1_210' title='bbox 1268 2817 1606 2887; x_wconf 89' lang='grc' dir='ltr'>πολυγαμία.</span> <span class='ocrx_word' id='word_1_211' title='bbox 1661 2819 1771 2871; x_wconf 77' lang='grc' dir='ltr'><strong>Καὶ</strong></span> 
     </span>
    </p>
   </div>
   <div class='ocr_carea' id='block_1_31' title="bbox 198 2904 1771 2978">
    <p class='ocr_par' dir='ltr' id='par_1_31' title="bbox 198 2904 1771 2978">
     <span class='ocr_line' id='line_1_31' title="bbox 198 2904 1771 2978; baseline 0.004 -21"><span class='ocrx_word' id='word_1_212' title='bbox 198 2904 273 2957; x_wconf 71' lang='grc' dir='ltr'><strong>τὰ</strong></span> <span class='ocrx_word' id='word_1_213' title='bbox 298 2904 393 2958; x_wconf 79' lang='grc' dir='ltr'><strong>τοῦ</strong></span> <span class='ocrx_word' id='word_1_214' title='bbox 428 2905 575 2975; x_wconf 87' lang='grc' dir='ltr'>ίεροῦ</span> <span class='ocrx_word' id='word_1_215' title='bbox 596 2907 766 2976; x_wconf 79' lang='grc' dir='ltr'>τόμου</span> <span class='ocrx_word' id='word_1_216' title='bbox 792 2908 1106 2960; x_wconf 83' lang='grc' dir='ltr'>άκατάλυτα</span> <span class='ocrx_word' id='word_1_217' title='bbox 1149 2909 1522 2978; x_wconf 72' lang='grc' dir='ltr'>φυλαττέσθω,</span> <span class='ocrx_word' id='word_1_218' title='bbox 1559 2909 1646 2963; x_wconf 81' lang='grc' dir='ltr'>ἵνα</span> <span class='ocrx_word' id='word_1_219' title='bbox 1677 2911 1771 2963; x_wconf 77' lang='grc' dir='ltr'>καὶ</span> 
     </span>
    </p>
   </div>
   <div class='ocr_carea' id='block_1_32' title="bbox 197 2997 1770 3068">
    <p class='ocr_par' dir='ltr' id='par_1_32' title="bbox 197 2997 1770 3068">
     <span class='ocr_line' id='line_1_32' title="bbox 197 2997 1770 3068; baseline 0.001 -19"><span class='ocrx_word' id='word_1_220' title='bbox 197 2997 372 3066; x_wconf 77' lang='grc' dir='ltr'>τόμος</span> <span class='ocrx_word' id='word_1_221' title='bbox 406 2998 492 3068; x_wconf 83' lang='grc' dir='ltr'>εῐη</span> <span class='ocrx_word' id='word_1_222' title='bbox 527 2998 770 3059; x_wconf 83' lang='grc' dir='ltr'>ἐνώσεως</span> <span class='ocrx_word' id='word_1_223' title='bbox 795 3000 887 3052; x_wconf 77' lang='grc' dir='ltr'>καὶ</span> <span class='ocrx_word' id='word_1_224' title='bbox 922 3001 994 3067; x_wconf 75' lang='grc' dir='ltr'>μὴ</span> <span class='ocrx_word' id='word_1_225' title='bbox 1021 3000 1378 3064; x_wconf 80' lang='grc' dir='ltr'>διαστάσεως,</span> <span class='ocrx_word' id='word_1_226' title='bbox 1412 3000 1485 3060; x_wconf 76' lang='grc' dir='ltr'><strong>ὡς</strong></span> <span class='ocrx_word' id='word_1_227' title='bbox 1525 2998 1635 3051; x_wconf 83' lang='grc' dir='ltr'>τῶν</span> <span class='ocrx_word' id='word_1_228' title='bbox 1671 3017 1770 3051; x_wconf 88' lang='grc' dir='ltr'>κα-</span> 
     </span>
    </p>
   </div>
   <div class='ocr_carea' id='block_1_33' title="bbox 199 3085 1766 3160">
    <p class='ocr_par' dir='ltr' id='par_1_33' title="bbox 199 3085 1766 3160">
     <span class='ocr_line' id='line_1_33' title="bbox 199 3085 1766 3160; baseline 0.002 -21"><span class='ocrx_word' id='word_1_229' title='bbox 199 3085 318 3146; x_wconf 74' lang='grc' dir='ltr'><strong>κῶς</strong></span> <span class='ocrx_word' id='word_1_230' title='bbox 344 3090 769 3158; x_wconf 82' lang='grc' dir='ltr'>συναπτομένων</span> <span class='ocrx_word' id='word_1_231' title='bbox 793 3091 1174 3160; x_wconf 79' lang='grc' dir='ltr'>χωριζομένων</span> <span class='ocrx_word' id='word_1_232' title='bbox 1206 3090 1405 3158; x_wconf 77' lang='grc' dir='ltr'>μᾶλλον</span> <span class='ocrx_word' id='word_1_233' title='bbox 1445 3091 1540 3144; x_wconf 81' lang='grc' dir='ltr'>καὶ</span> <span class='ocrx_word' id='word_1_234' title='bbox 1564 3091 1766 3142; x_wconf 84' lang='grc' dir='ltr'>διιστα-</span> 
     </span>
    </p>
   </div>
   <div class='ocr_carea' id='block_1_34' title="bbox 1893 606 3461 678">
    <p class='ocr_par' dir='ltr' id='par_1_34' title="bbox 1893 606 3461 678">
     <span class='ocr_line' id='line_1_34' title="bbox 1893 606 3461 678; baseline -0.003 -17"><span class='ocrx_word' id='word_1_235' title='bbox 1893 620 2086 678; x_wconf 81' lang='lat' dir='ltr'><strong>potest,</strong></span> <span class='ocrx_word' id='word_1_236' title='bbox 2108 610 2409 663; x_wconf 83' lang='lat' dir='ltr'><strong>iutcmcrati</strong></span> <span class='ocrx_word' id='word_1_237' title='bbox 2433 626 2569 663; x_wconf 83' lang='lat' dir='ltr'><strong>csse.</strong></span> <span class='ocrx_word' id='word_1_238' title='bbox 2591 607 2651 662; x_wconf 82' lang='lat' dir='ltr'><strong>Et</strong></span> <span class='ocrx_word' id='word_1_239' title='bbox 2675 610 3059 666; x_wconf 78' lang='lat' dir='ltr'><strong>siclicite.sine</strong></span> <span class='ocrx_word' id='word_1_240' title='bbox 3085 606 3461 672; x_wconf 72' lang='lat' dir='ltr'><strong>reprehensio-</strong></span> 
     </span>
    </p>
   </div>
   <div class='ocr_carea' id='block_1_35' title="bbox 1889 695 3460 770">
    <p class='ocr_par' dir='ltr' id='par_1_35' title="bbox 1889 695 3460 770">
     <span class='ocr_line' id='line_1_35' title="bbox 1889 695 3460 770; baseline -0.004 -17"><span class='ocrx_word' id='word_1_241' title='bbox 1889 716 1957 754; x_wconf 88' lang='lat' dir='ltr'><strong>ne</strong></span> <span class='ocrx_word' id='word_1_242' title='bbox 1999 709 2052 754; x_wconf 88' lang='lat' dir='ltr'><strong>et</strong></span> <span class='ocrx_word' id='word_1_243' title='bbox 2085 701 2287 769; x_wconf 82' lang='lat' dir='ltr'><strong>absque</strong></span> <span class='ocrx_word' id='word_1_244' title='bbox 2321 695 3460 770; x_wconf 72' lang='lat' dir='ltr'><strong>labeconjunguntur,itautirreprehensi-</strong></span> 
     </span>
    </p>
   </div>
   <div class='ocr_carea' id='block_1_36' title="bbox 1891 787 3464 862">
    <p class='ocr_par' dir='ltr' id='par_1_36' title="bbox 1891 787 3464 862">
     <span class='ocr_line' id='line_1_36' title="bbox 1891 787 3464 862; baseline -0.003 -18"><span class='ocrx_word' id='word_1_245' title='bbox 1891 788 1996 846; x_wconf 80' lang='lat' dir='ltr'><strong>bile</strong></span> <span class='ocrx_word' id='word_1_246' title='bbox 2020 794 2228 846; x_wconf 83' lang='lat' dir='ltr'><strong>dicatur</strong></span> <span class='ocrx_word' id='word_1_247' title='bbox 2247 804 2294 846; x_wconf 91' lang='lat' dir='ltr'><strong>et</strong></span> <span class='ocrx_word' id='word_1_248' title='bbox 2316 795 2466 862; x_wconf 86' lang='lat' dir='ltr'><strong>quasi</strong></span> <span class='ocrx_word' id='word_1_249' title='bbox 2495 792 2753 856; x_wconf 81' lang='lat' dir='ltr'><strong>virginale</strong></span> <span class='ocrx_word' id='word_1_250' title='bbox 2771 802 3015 843; x_wconf 68' lang='lat' dir='ltr'><strong>servi-tur</strong></span> <span class='ocrx_word' id='word_1_251' title='bbox 3035 787 3464 859; x_wconf 47' lang='lat' dir='ltr'><strong>tttatritttonittttn</strong></span> 
     </span>
    </p>
   </div>
   <div class='ocr_carea' id='block_1_37' title="bbox 2386 881 2966 939">
    <p class='ocr_par' dir='ltr' id='par_1_37' title="bbox 2386 881 2966 939">
     <span class='ocr_line' id='line_1_37' title="bbox 2386 881 2966 939; baseline -0.009 -1"><span class='ocrx_word' id='word_1_252' title='bbox 2386 883 2617 938; x_wconf 80' lang='lat' dir='ltr'><strong>CAPUT</strong></span> <span class='ocrx_word' id='word_1_253' title='bbox 2650 881 2966 939; x_wconf 69' lang='lat' dir='ltr'><strong>CCLXXVI.</strong></span> 
     </span>
    </p>
   </div>
   <div class='ocr_carea' id='block_1_38' title="bbox 2185 978 3178 1044">
    <p class='ocr_par' dir='ltr' id='par_1_38' title="bbox 2185 978 3178 1044">
     <span class='ocr_line' id='line_1_38' title="bbox 2185 978 3178 1044; baseline -0.004 -13"><span class='ocrx_word' id='word_1_254' title='bbox 2185 978 2361 1043; x_wconf 80' lang='lat' dir='ltr'><strong><em>Quare</em></strong></span> <span class='ocrx_word' id='word_1_255' title='bbox 2386 980 2591 1033; x_wconf 75' lang='lat' dir='ltr'><strong>coronis</strong></span> <span class='ocrx_word' id='word_1_256' title='bbox 2617 980 2670 1031; x_wconf 87' lang='lat' dir='ltr'><strong>in</strong></span> <span class='ocrx_word' id='word_1_257' title='bbox 2701 979 2897 1044; x_wconf 78' lang='lat' dir='ltr'><strong>nuptiis</strong></span> <span class='ocrx_word' id='word_1_258' title='bbox 2939 988 3178 1031; x_wconf 78' lang='lat' dir='ltr'><strong>utamur.</strong></span> 
     </span>
    </p>
   </div>
   <div class='ocr_carea' id='block_1_39' title="bbox 1959 1067 3446 1141">
    <p class='ocr_par' dir='ltr' id='par_1_39' title="bbox 1959 1067 3446 1141">
     <span class='ocr_line' id='line_1_39' title="bbox 1959 1067 3446 1141; baseline 0.001 -19"><span class='ocrx_word' id='word_1_259' title='bbox 1959 1067 2040 1122; x_wconf 87' lang='lat' dir='ltr'><strong>0b</strong></span> <span class='ocrx_word' id='word_1_260' title='bbox 2077 1068 2217 1121; x_wconf 89' lang='lat' dir='ltr'><strong>hanc</strong></span> <span class='ocrx_word' id='word_1_261' title='bbox 2247 1068 2392 1122; x_wconf 90' lang='lat' dir='ltr'><strong>enim</strong></span> <span class='ocrx_word' id='word_1_262' title='bbox 2420 1083 2638 1122; x_wconf 80' lang='lat' dir='ltr'><strong>causam</strong></span> <span class='ocrx_word' id='word_1_263' title='bbox 2674 1080 2946 1137; x_wconf 87' lang='lat' dir='ltr'><strong>ponuntur</strong></span> <span class='ocrx_word' id='word_1_264' title='bbox 2975 1086 3188 1123; x_wconf 74' lang='lat' dir='ltr'><strong>coronre</strong></span> <span class='ocrx_word' id='word_1_265' title='bbox 3222 1081 3446 1141; x_wconf 71' lang='lat' dir='ltr'><strong>propter</strong></span> 
     </span>
    </p>
   </div>
   <div class='ocr_carea' id='block_1_40' title="bbox 1887 1159 3457 1230">
    <p class='ocr_par' dir='ltr' id='par_1_40' title="bbox 1887 1159 3457 1230">
     <span class='ocr_line' id='line_1_40' title="bbox 1887 1159 3457 1230; baseline 0.006 -19"><span class='ocrx_word' id='word_1_266' title='bbox 1887 1159 2252 1229; x_wconf 76' lang='lat' dir='ltr'><strong>virginitatem</strong></span> <span class='ocrx_word' id='word_1_267' title='bbox 2303 1168 2356 1212; x_wconf 90' lang='lat' dir='ltr'><strong>et</strong></span> <span class='ocrx_word' id='word_1_268' title='bbox 2401 1160 2702 1213; x_wconf 78' lang='lat' dir='ltr'><strong>castitatem</strong></span> <span class='ocrx_word' id='word_1_269' title='bbox 2745 1175 2932 1214; x_wconf 89' lang='lat' dir='ltr'><strong>eorum</strong></span> <span class='ocrx_word' id='word_1_270' title='bbox 2998 1162 3088 1230; x_wconf 88' lang='lat' dir='ltr'><strong>qui</strong></span> <span class='ocrx_word' id='word_1_271' title='bbox 3144 1163 3457 1220; x_wconf 82' lang='lat' dir='ltr'><strong>intemerati</strong></span> 
     </span>
    </p>
   </div>
   <div class='ocr_carea' id='block_1_41' title="bbox 1887 1250 3458 1326">
    <p class='ocr_par' dir='ltr' id='par_1_41' title="bbox 1887 1250 3458 1326">
     <span class='ocr_line' id='line_1_41' title="bbox 1887 1250 3458 1326; baseline 0.003 -21"><span class='ocrx_word' id='word_1_272' title='bbox 1887 1251 2218 1326; x_wconf 82' lang='lat' dir='ltr'><strong>cepulantur</strong></span> <span class='ocrx_word' id='word_1_273' title='bbox 2261 1259 2314 1304; x_wconf 87' lang='lat' dir='ltr'><strong>et</strong></span> <span class='ocrx_word' id='word_1_274' title='bbox 2357 1250 2482 1318; x_wconf 81' lang='lat' dir='ltr'><strong>quia</strong></span> <span class='ocrx_word' id='word_1_275' title='bbox 2524 1251 2892 1320; x_wconf 86' lang='lat' dir='ltr'><strong>virginitatem</strong></span> <span class='ocrx_word' id='word_1_276' title='bbox 2933 1268 3104 1323; x_wconf 89' lang='lat' dir='ltr'><strong>usque</strong></span> <span class='ocrx_word' id='word_1_277' title='bbox 3151 1255 3216 1307; x_wconf 81' lang='lat' dir='ltr'><strong>atl</strong></span> <span class='ocrx_word' id='word_1_278' title='bbox 3273 1258 3458 1309; x_wconf 89' lang='lat' dir='ltr'><strong>matri-</strong></span> 
     </span>
    </p>
   </div>
   <div class='ocr_carea' id='block_1_42' title="bbox 1888 1342 3457 1414">
    <p class='ocr_par' dir='ltr' id='par_1_42' title="bbox 1888 1342 3457 1414">
     <span class='ocr_line' id='line_1_42' title="bbox 1888 1342 3457 1414; baseline 0.003 -17"><span class='ocrx_word' id='word_1_279' title='bbox 1888 1343 2128 1397; x_wconf 85' lang='lat' dir='ltr'><strong>monium</strong></span> <span class='ocrx_word' id='word_1_280' title='bbox 2172 1342 2624 1409; x_wconf 80' lang='lat' dir='ltr'><strong>custodiverunt;</strong></span> <span class='ocrx_word' id='word_1_281' title='bbox 2657 1343 2802 1412; x_wconf 89' lang='lat' dir='ltr'><strong>quod</strong></span> <span class='ocrx_word' id='word_1_282' title='bbox 2837 1345 2950 1414; x_wconf 83' lang='lat' dir='ltr'><strong>ipsa</strong></span> <span class='ocrx_word' id='word_1_283' title='bbox 2995 1356 3189 1400; x_wconf 90' lang='lat' dir='ltr'><strong>natura</strong></span> <span class='ocrx_word' id='word_1_284' title='bbox 3222 1357 3457 1402; x_wconf 77' lang='lat' dir='ltr'><strong>testatur</strong></span> 
     </span>
    </p>
   </div>
   <div class='ocr_carea' id='block_1_43' title="bbox 1887 1432 3456 1503">
    <p class='ocr_par' dir='ltr' id='par_1_43' title="bbox 1887 1432 3456 1503">
     <span class='ocr_line' id='line_1_43' title="bbox 1887 1432 3456 1503; baseline 0.006 -17"><span class='ocrx_word' id='word_1_285' title='bbox 1887 1432 2088 1486; x_wconf 88' lang='lat' dir='ltr'><strong>bonum</strong></span> <span class='ocrx_word' id='word_1_286' title='bbox 2119 1447 2259 1499; x_wconf 90' lang='lat' dir='ltr'><strong>esse,</strong></span> <span class='ocrx_word' id='word_1_287' title='bbox 2290 1448 2519 1501; x_wconf 78' lang='lat' dir='ltr'><strong>sponsus</strong></span> <span class='ocrx_word' id='word_1_288' title='bbox 2540 1434 2684 1487; x_wconf 85' lang='lat' dir='ltr'><strong>enim</strong></span> <span class='ocrx_word' id='word_1_289' title='bbox 2720 1448 2933 1503; x_wconf 68' lang='lat' dir='ltr'><strong>sponsa:</strong></span> <span class='ocrx_word' id='word_1_290' title='bbox 2957 1441 3302 1492; x_wconf 80' lang='lat' dir='ltr'><strong>consoc&#39;atus</strong></span> <span class='ocrx_word' id='word_1_291' title='bbox 3330 1450 3456 1495; x_wconf 86' lang='lat' dir='ltr'><strong>ante</strong></span> 
     </span>
    </p>
   </div>
   <div class='ocr_carea' id='block_1_44' title="bbox 1887 1524 3456 1597">
    <p class='ocr_par' dir='ltr' id='par_1_44' title="bbox 1887 1524 3456 1597">
     <span class='ocr_line' id='line_1_44' title="bbox 1887 1524 3456 1597; baseline 0.006 -23"><span class='ocrx_word' id='word_1_292' title='bbox 1887 1537 2282 1592; x_wconf 79' lang='lat' dir='ltr'><strong>quemcumque</strong></span> <span class='ocrx_word' id='word_1_293' title='bbox 2313 1524 2425 1577; x_wconf 84' lang='lat' dir='ltr'><strong>vult</strong></span> <span class='ocrx_word' id='word_1_294' title='bbox 2451 1539 2568 1577; x_wconf 88' lang='lat' dir='ltr'><strong>eam</strong></span> <span class='ocrx_word' id='word_1_295' title='bbox 2602 1525 2902 1594; x_wconf 88' lang='lat' dir='ltr'><strong>possidere,</strong></span> <span class='ocrx_word' id='word_1_296' title='bbox 2931 1526 3000 1580; x_wconf 89' lang='lat' dir='ltr'><strong>ita</strong></span> <span class='ocrx_word' id='word_1_297' title='bbox 3034 1538 3092 1581; x_wconf 89' lang='lat' dir='ltr'><strong>ut</strong></span> <span class='ocrx_word' id='word_1_298' title='bbox 3125 1528 3276 1597; x_wconf 78' lang='lat' dir='ltr'><strong>virgo</strong></span> <span class='ocrx_word' id='word_1_299' title='bbox 3303 1530 3372 1583; x_wconf 87' lang='lat' dir='ltr'><strong>sit</strong></span> <span class='ocrx_word' id='word_1_300' title='bbox 3401 1539 3456 1583; x_wconf 91' lang='lat' dir='ltr'><strong>et</strong></span> 
     </span>
    </p>
   </div>
   <div class='ocr_carea' id='block_1_45' title="bbox 1891 1609 3446 1682">
    <p class='ocr_par' dir='ltr' id='par_1_45' title="bbox 1891 1609 3446 1682">
     <span class='ocr_line' id='line_1_45' title="bbox 1891 1609 3446 1682; baseline 0.008 -19"><span class='ocrx_word' id='word_1_301' title='bbox 1891 1629 2045 1682; x_wconf 90' lang='lat' dir='ltr'><strong>pura,</strong></span> <span class='ocrx_word' id='word_1_302' title='bbox 2078 1628 2250 1682; x_wconf 89' lang='lat' dir='ltr'><strong>neque</strong></span> <span class='ocrx_word' id='word_1_303' title='bbox 2280 1614 2574 1682; x_wconf 88' lang='lat' dir='ltr'><strong>cujuslibet</strong></span> <span class='ocrx_word' id='word_1_304' title='bbox 2598 1615 2840 1672; x_wconf 84' lang='lat' dir='ltr'><strong>alterius.</strong></span> <span class='ocrx_word' id='word_1_305' title='bbox 2879 1617 2972 1671; x_wconf 87' lang='lat' dir='ltr'><strong>scd</strong></span> <span class='ocrx_word' id='word_1_306' title='bbox 3003 1634 3121 1670; x_wconf 84' lang='lat' dir='ltr'><strong>eam</strong></span> <span class='ocrx_word' id='word_1_307' title='bbox 3155 1620 3237 1674; x_wconf 89' lang='lat' dir='ltr'><strong>sui</strong></span> <span class='ocrx_word' id='word_1_308' title='bbox 3269 1609 3446 1675; x_wconf 79' lang='lat' dir='ltr'><strong>solius</strong></span> 
     </span>
    </p>
   </div>
   <div class='ocr_carea' id='block_1_46' title="bbox 1889 1708 3452 1778">
    <p class='ocr_par' dir='ltr' id='par_1_46' title="bbox 1889 1708 3452 1778">
     <span class='ocr_line' id='line_1_46' title="bbox 1889 1708 3452 1778; baseline 0.005 -19"><span class='ocrx_word' id='word_1_309' title='bbox 1889 1720 2051 1768; x_wconf 89' lang='lat' dir='ltr'><strong>esse,</strong></span> <span class='ocrx_word' id='word_1_310' title='bbox 2098 1720 2364 1776; x_wconf 83' lang='lat' dir='ltr'><strong>suamque</strong></span> <span class='ocrx_word' id='word_1_311' title='bbox 2430 1708 2609 1761; x_wconf 82' lang='lat' dir='ltr'><strong>vocari</strong></span> <span class='ocrx_word' id='word_1_312' title='bbox 2679 1709 2937 1762; x_wconf 80' lang='lat' dir='ltr'><strong>feminam</strong></span> <span class='ocrx_word' id='word_1_313' title='bbox 2994 1712 3243 1778; x_wconf 74' lang='lat' dir='ltr'><strong>requirit.</strong></span> <span class='ocrx_word' id='word_1_314' title='bbox 3294 1711 3452 1768; x_wconf 84' lang='lat' dir='ltr'><strong>Unde</strong></span> 
     </span>
    </p>
   </div>
   <div class='ocr_carea' id='block_1_47' title="bbox 1890 1796 3452 1871">
    <p class='ocr_par' dir='ltr' id='par_1_47' title="bbox 1890 1796 3452 1871">
     <span class='ocr_line' id='line_1_47' title="bbox 1890 1796 3452 1871; baseline 0.004 -21"><span class='ocrx_word' id='word_1_315' title='bbox 1890 1796 2063 1864; x_wconf 82' lang='lat' dir='ltr'><strong>ipsum</strong></span> <span class='ocrx_word' id='word_1_316' title='bbox 2094 1806 2309 1867; x_wconf 84' lang='lat' dir='ltr'><strong>Oportet</strong></span> <span class='ocrx_word' id='word_1_317' title='bbox 2357 1797 2603 1853; x_wconf 90' lang='lat' dir='ltr'><strong>ediscere</strong></span> <span class='ocrx_word' id='word_1_318' title='bbox 2642 1798 2800 1852; x_wconf 88' lang='lat' dir='ltr'><strong>talem</strong></span> <span class='ocrx_word' id='word_1_319' title='bbox 2841 1802 3193 1868; x_wconf 79' lang='lat' dir='ltr'><strong>semetipsum</strong></span> <span class='ocrx_word' id='word_1_320' title='bbox 3238 1817 3452 1871; x_wconf 77' lang='lat' dir='ltr'><strong>sponsa:</strong></span> 
     </span>
    </p>
   </div>
   <div class='ocr_carea' id='block_1_48' title="bbox 1883 1895 3449 1964">
    <p class='ocr_par' dir='ltr' id='par_1_48' title="bbox 1883 1895 3449 1964">
     <span class='ocr_line' id='line_1_48' title="bbox 1883 1895 3449 1964; baseline 0.006 -22"><span class='ocrx_word' id='word_1_321' title='bbox 1883 1907 2077 1962; x_wconf 89' lang='lat' dir='ltr'><strong>purum</strong></span> <span class='ocrx_word' id='word_1_322' title='bbox 2114 1908 2238 1948; x_wconf 80' lang='lat' dir='ltr'><strong>esse</strong></span> <span class='ocrx_word' id='word_1_323' title='bbox 2269 1903 2611 1948; x_wconf 75' lang='lat' dir='ltr'><strong>servaturum</strong></span> <span class='ocrx_word' id='word_1_324' title='bbox 2635 1935 2650 1959; x_wconf 88' lang='lat'><strong>,</strong></span> <span class='ocrx_word' id='word_1_325' title='bbox 2686 1895 2756 1947; x_wconf 89' lang='lat' dir='ltr'><strong>ita</strong></span> <span class='ocrx_word' id='word_1_326' title='bbox 2788 1904 2846 1947; x_wconf 89' lang='lat' dir='ltr'><strong>ut</strong></span> <span class='ocrx_word' id='word_1_327' title='bbox 2875 1896 2943 1947; x_wconf 92' lang='lat' dir='ltr'><strong>sit</strong></span> <span class='ocrx_word' id='word_1_328' title='bbox 2973 1895 3091 1964; x_wconf 87' lang='lat' dir='ltr'><strong>ejus</strong></span> <span class='ocrx_word' id='word_1_329' title='bbox 3125 1897 3226 1958; x_wconf 84' lang='lat' dir='ltr'><strong>vir,</strong></span> <span class='ocrx_word' id='word_1_330' title='bbox 3252 1907 3302 1950; x_wconf 88' lang='lat' dir='ltr'><strong>et</strong></span> <span class='ocrx_word' id='word_1_331' title='bbox 3341 1914 3449 1952; x_wconf 82' lang='lat' dir='ltr'><strong>non</strong></span> 
     </span>
    </p>
   </div>
   <div class='ocr_carea' id='block_1_49' title="bbox 1875 1982 3448 2058">
    <p class='ocr_par' dir='ltr' id='par_1_49' title="bbox 1875 1982 3448 2058">
     <span class='ocr_line' id='line_1_49' title="bbox 1875 1982 3448 2058; baseline 0.002 -20"><span class='ocrx_word' id='word_1_332' title='bbox 1875 1982 2138 2052; x_wconf 86' lang='lat' dir='ltr'><strong>alterius;</strong></span> <span class='ocrx_word' id='word_1_333' title='bbox 2166 1985 2308 2055; x_wconf 79' lang='lat' dir='ltr'><strong>quod</strong></span> <span class='ocrx_word' id='word_1_334' title='bbox 2341 1987 2386 2040; x_wconf 90' lang='lat' dir='ltr'><strong>si</strong></span> <span class='ocrx_word' id='word_1_335' title='bbox 2417 1985 2581 2049; x_wconf 86' lang='lat' dir='ltr'><strong>adsit,</strong></span> <span class='ocrx_word' id='word_1_336' title='bbox 2607 1987 2949 2040; x_wconf 85' lang='lat' dir='ltr'><strong>benedictum</strong></span> <span class='ocrx_word' id='word_1_337' title='bbox 2981 1988 3085 2041; x_wconf 88' lang='lat' dir='ltr'><strong>erit</strong></span> <span class='ocrx_word' id='word_1_338' title='bbox 3109 1989 3448 2058; x_wconf 86' lang='lat' dir='ltr'><strong>conjugiutu,</strong></span> 
     </span>
    </p>
   </div>
   <div class='ocr_carea' id='block_1_50' title="bbox 1882 2077 3449 2145">
    <p class='ocr_par' dir='ltr' id='par_1_50' title="bbox 1882 2077 3449 2145">
     <span class='ocr_line' id='line_1_50' title="bbox 1882 2077 3449 2145; baseline 0.003 -14"><span class='ocrx_word' id='word_1_339' title='bbox 1882 2086 1942 2131; x_wconf 89' lang='lat' dir='ltr'><strong>et</strong></span> <span class='ocrx_word' id='word_1_340' title='bbox 1980 2077 2184 2142; x_wconf 89' lang='lat' dir='ltr'><strong>cubile,</strong></span> <span class='ocrx_word' id='word_1_341' title='bbox 2225 2087 2284 2131; x_wconf 88' lang='lat' dir='ltr'><strong>ut</strong></span> <span class='ocrx_word' id='word_1_342' title='bbox 2314 2079 2617 2131; x_wconf 87' lang='lat' dir='ltr'><strong>secundum</strong></span> <span class='ocrx_word' id='word_1_343' title='bbox 2656 2077 2886 2130; x_wconf 80' lang='lat' dir='ltr'><strong>Paulum</strong></span> <span class='ocrx_word' id='word_1_344' title='bbox 2934 2078 3143 2145; x_wconf 89' lang='lat' dir='ltr'><strong>loquar,</strong></span> <span class='ocrx_word' id='word_1_345' title='bbox 3182 2080 3449 2136; x_wconf 87' lang='lat' dir='ltr'><strong>immacu-</strong></span> 
     </span>
    </p>
   </div>
   <div class='ocr_carea' id='block_1_51' title="bbox 1877 2169 3446 2238">
    <p class='ocr_par' dir='ltr' id='par_1_51' title="bbox 1877 2169 3446 2238">
     <span class='ocr_line' id='line_1_51' title="bbox 1877 2169 3446 2238; baseline 0.002 -14"><span class='ocrx_word' id='word_1_346' title='bbox 1877 2169 2051 2224; x_wconf 86' lang='lat' dir='ltr'><strong>latum</strong></span> <span class='ocrx_word' id='word_1_347' title='bbox 2092 2170 2195 2223; x_wconf 90' lang='lat' dir='ltr'><strong>erit</strong></span> <span class='ocrx_word' id='word_1_348' title='bbox 2241 2177 2296 2223; x_wconf 89' lang='lat' dir='ltr'><strong>et</strong></span> <span class='ocrx_word' id='word_1_349' title='bbox 2346 2170 2634 2228; x_wconf 83' lang='lat' dir='ltr'><strong>illibatum,</strong></span> <span class='ocrx_word' id='word_1_350' title='bbox 2675 2178 2729 2223; x_wconf 85' lang='lat' dir='ltr'><strong>et</strong></span> <span class='ocrx_word' id='word_1_351' title='bbox 2772 2185 2940 2238; x_wconf 83' lang='lat' dir='ltr'><strong>super</strong></span> <span class='ocrx_word' id='word_1_352' title='bbox 2972 2170 3078 2225; x_wconf 85' lang='lat' dir='ltr'><strong>tale</strong></span> <span class='ocrx_word' id='word_1_353' title='bbox 3109 2174 3446 2227; x_wconf 89' lang='lat' dir='ltr'><strong>connubium</strong></span> 
     </span>
    </p>
   </div>
   <div class='ocr_carea' id='block_1_52' title="bbox 1879 2262 3447 2335">
    <p class='ocr_par' dir='ltr' id='par_1_52' title="bbox 1879 2262 3447 2335">
     <span class='ocr_line' id='line_1_52' title="bbox 1879 2262 3447 2335; baseline 0.003 -19"><span class='ocrx_word' id='word_1_354' title='bbox 1879 2262 2038 2332; x_wconf 90' lang='lat' dir='ltr'><strong>plena</strong></span> <span class='ocrx_word' id='word_1_355' title='bbox 2071 2265 2176 2319; x_wconf 84' lang='lat' dir='ltr'><strong>erit</strong></span> <span class='ocrx_word' id='word_1_356' title='bbox 2210 2263 2539 2328; x_wconf 81' lang='lat' dir='ltr'><strong>benedictio,</strong></span> <span class='ocrx_word' id='word_1_357' title='bbox 2571 2274 2623 2318; x_wconf 89' lang='lat' dir='ltr'><strong>et</strong></span> <span class='ocrx_word' id='word_1_358' title='bbox 2663 2263 2914 2319; x_wconf 83' lang='lat' dir='ltr'><strong>Christus</strong></span> <span class='ocrx_word' id='word_1_359' title='bbox 2948 2264 2997 2335; x_wconf 83' lang='lat' dir='ltr'><strong>ei</strong></span> <span class='ocrx_word' id='word_1_360' title='bbox 3031 2265 3228 2321; x_wconf 82' lang='lat' dir='ltr'><strong>adet-it.</strong></span> <span class='ocrx_word' id='word_1_361' title='bbox 3262 2266 3366 2321; x_wconf 76' lang='lat' dir='ltr'><strong>Sed</strong></span> <span class='ocrx_word' id='word_1_362' title='bbox 3400 2268 3447 2321; x_wconf 87' lang='lat' dir='ltr'><strong>si</strong></span> 
     </span>
    </p>
   </div>
   <div class='ocr_carea' id='block_1_53' title="bbox 1874 2355 3444 2428">
    <p class='ocr_par' dir='ltr' id='par_1_53' title="bbox 1874 2355 3444 2428">
     <span class='ocr_line' id='line_1_53' title="bbox 1874 2355 3444 2428; baseline 0.001 -19"><span class='ocrx_word' id='word_1_363' title='bbox 1874 2355 2136 2426; x_wconf 86' lang='lat' dir='ltr'><strong>pollutum</strong></span> <span class='ocrx_word' id='word_1_364' title='bbox 2162 2356 2231 2410; x_wconf 87' lang='lat' dir='ltr'><strong>sit</strong></span> <span class='ocrx_word' id='word_1_365' title='bbox 2260 2357 2661 2410; x_wconf 88' lang='lat' dir='ltr'><strong>matrimonium</strong></span> <span class='ocrx_word' id='word_1_366' title='bbox 2679 2367 2732 2410; x_wconf 89' lang='lat' dir='ltr'><strong>et</strong></span> <span class='ocrx_word' id='word_1_367' title='bbox 2753 2358 2873 2411; x_wconf 87' lang='lat' dir='ltr'><strong>labe</strong></span> <span class='ocrx_word' id='word_1_368' title='bbox 2903 2358 3144 2428; x_wconf 86' lang='lat' dir='ltr'><strong>plenum,</strong></span> <span class='ocrx_word' id='word_1_369' title='bbox 3167 2361 3444 2428; x_wconf 85' lang='lat' dir='ltr'><strong>quomodo</strong></span> 
     </span>
    </p>
   </div>
   <div class='ocr_carea' id='block_1_54' title="bbox 1878 2445 3444 2517">
    <p class='ocr_par' dir='ltr' id='par_1_54' title="bbox 1878 2445 3444 2517">
     <span class='ocr_line' id='line_1_54' title="bbox 1878 2445 3444 2517; baseline 0.002 -17"><span class='ocrx_word' id='word_1_370' title='bbox 1878 2447 2039 2517; x_wconf 71' lang='lat' dir='ltr'><strong>igitur</strong></span> <span class='ocrx_word' id='word_1_371' title='bbox 2069 2445 2139 2500; x_wconf 91' lang='lat' dir='ltr'><strong>ibi</strong></span> <span class='ocrx_word' id='word_1_372' title='bbox 2168 2447 2417 2501; x_wconf 85' lang='lat' dir='ltr'><strong>Christus</strong></span> <span class='ocrx_word' id='word_1_373' title='bbox 2448 2447 2540 2516; x_wconf 86' lang='lat' dir='ltr'><strong>qui</strong></span> <span class='ocrx_word' id='word_1_374' title='bbox 2574 2447 2724 2500; x_wconf 88' lang='lat' dir='ltr'><strong>solus</strong></span> <span class='ocrx_word' id='word_1_375' title='bbox 2772 2450 3103 2514; x_wconf 88' lang='lat' dir='ltr'><strong>purissimus</strong></span> <span class='ocrx_word' id='word_1_376' title='bbox 3133 2457 3216 2502; x_wconf 73' lang='lat' dir='ltr'><strong>cst</strong></span> <span class='ocrx_word' id='word_1_377' title='bbox 3244 2460 3296 2503; x_wconf 91' lang='lat' dir='ltr'><strong>et</strong></span> <span class='ocrx_word' id='word_1_378' title='bbox 3322 2451 3444 2503; x_wconf 86' lang='lat' dir='ltr'><strong>ani-</strong></span> 
     </span>
    </p>
   </div>
   <div class='ocr_carea' id='block_1_55' title="bbox 1876 2539 3447 2608">
    <p class='ocr_par' dir='ltr' id='par_1_55' title="bbox 1876 2539 3447 2608">
     <span class='ocr_line' id='line_1_55' title="bbox 1876 2539 3447 2608; baseline 0.001 -15"><span class='ocrx_word' id='word_1_379' title='bbox 1876 2555 2081 2593; x_wconf 70' lang='lat' dir='ltr'><strong>marum</strong></span> <span class='ocrx_word' id='word_1_380' title='bbox 2119 2552 2354 2608; x_wconf 80' lang='lat' dir='ltr'><strong>sponsus</strong></span> <span class='ocrx_word' id='word_1_381' title='bbox 2387 2548 2609 2591; x_wconf 89' lang='lat' dir='ltr'><strong>sanctus</strong></span> <span class='ocrx_word' id='word_1_382' title='bbox 2639 2549 2692 2591; x_wconf 88' lang='lat' dir='ltr'><strong>et</strong></span> <span class='ocrx_word' id='word_1_383' title='bbox 2726 2539 3258 2607; x_wconf 83' lang='lat' dir='ltr'><strong>irrcpreheusibilis?</strong></span> <span class='ocrx_word' id='word_1_384' title='bbox 3291 2541 3447 2596; x_wconf 82' lang='lat' dir='ltr'><strong>Absit</strong></span> 
     </span>
    </p>
   </div>
   <div class='ocr_carea' id='block_1_56' title="bbox 1875 2630 3442 2700">
    <p class='ocr_par' dir='ltr' id='par_1_56' title="bbox 1875 2630 3442 2700">
     <span class='ocr_line' id='line_1_56' title="bbox 1875 2630 3442 2700; baseline 0.002 -16"><span class='ocrx_word' id='word_1_385' title='bbox 1875 2632 2039 2700; x_wconf 78' lang='lat' dir='ltr'><strong>igitur</strong></span> <span class='ocrx_word' id='word_1_386' title='bbox 2073 2632 2139 2685; x_wconf 75' lang='lat' dir='ltr'><strong>ab</strong></span> <span class='ocrx_word' id='word_1_387' title='bbox 2189 2630 2494 2683; x_wconf 85' lang='lat' dir='ltr'><strong>honorabili</strong></span> <span class='ocrx_word' id='word_1_388' title='bbox 2534 2630 2790 2698; x_wconf 79' lang='lat' dir='ltr'><strong>conjugio</strong></span> <span class='ocrx_word' id='word_1_389' title='bbox 2824 2631 3005 2683; x_wconf 91' lang='lat' dir='ltr'><strong>omnis</strong></span> <span class='ocrx_word' id='word_1_390' title='bbox 3053 2631 3346 2686; x_wconf 81' lang='lat' dir='ltr'><strong>fornicatio</strong></span> <span class='ocrx_word' id='word_1_391' title='bbox 3387 2643 3442 2688; x_wconf 92' lang='lat' dir='ltr'><strong>et</strong></span> 
     </span>
    </p>
   </div>
   <div class='ocr_carea' id='block_1_57' title="bbox 1875 2721 3446 2792">
    <p class='ocr_par' dir='ltr' id='par_1_57' title="bbox 1875 2721 3446 2792">
     <span class='ocr_line' id='line_1_57' title="bbox 1875 2721 3446 2792; baseline 0.001 -14"><span class='ocrx_word' id='word_1_392' title='bbox 1875 2732 2081 2792; x_wconf 84' lang='lat' dir='ltr'><strong>raptus,</strong></span> <span class='ocrx_word' id='word_1_393' title='bbox 2133 2722 2322 2792; x_wconf 89' lang='lat' dir='ltr'><strong>procul</strong></span> <span class='ocrx_word' id='word_1_394' title='bbox 2370 2721 2512 2775; x_wconf 89' lang='lat' dir='ltr'><strong>absit</strong></span> <span class='ocrx_word' id='word_1_395' title='bbox 2544 2736 2706 2774; x_wconf 76' lang='lat' dir='ltr'><strong>ontne</strong></span> <span class='ocrx_word' id='word_1_396' title='bbox 2750 2722 3102 2785; x_wconf 80' lang='lat' dir='ltr'><strong>adulterium,</strong></span> <span class='ocrx_word' id='word_1_397' title='bbox 3136 2733 3188 2776; x_wconf 92' lang='lat' dir='ltr'><strong>et</strong></span> <span class='ocrx_word' id='word_1_398' title='bbox 3224 2738 3345 2778; x_wconf 89' lang='lat' dir='ltr'><strong>cum</strong></span> <span class='ocrx_word' id='word_1_399' title='bbox 3378 2739 3446 2779; x_wconf 92' lang='lat' dir='ltr'><strong>eo</strong></span> 
     </span>
    </p>
   </div>
   <div class='ocr_carea' id='block_1_58' title="bbox 1874 2815 3444 2885">
    <p class='ocr_par' dir='ltr' id='par_1_58' title="bbox 1874 2815 3444 2885">
     <span class='ocr_line' id='line_1_58' title="bbox 1874 2815 3444 2885; baseline 0.001 -15"><span class='ocrx_word' id='word_1_400' title='bbox 1874 2816 2212 2880; x_wconf 86' lang='lat' dir='ltr'><strong>obscenium,</strong></span> <span class='ocrx_word' id='word_1_401' title='bbox 2240 2830 2348 2885; x_wconf 89' lang='lat' dir='ltr'><strong>quo</strong></span> <span class='ocrx_word' id='word_1_402' title='bbox 2381 2815 2641 2868; x_wconf 73' lang='lat' dir='ltr'><strong>miscetur</strong></span> <span class='ocrx_word' id='word_1_403' title='bbox 2701 2830 2870 2883; x_wconf 83' lang='lat' dir='ltr'><strong>genus</strong></span> <span class='ocrx_word' id='word_1_404' title='bbox 2900 2815 3166 2869; x_wconf 87' lang='lat' dir='ltr'><strong>incestum</strong></span> <span class='ocrx_word' id='word_1_405' title='bbox 3186 2816 3363 2871; x_wconf 89' lang='lat' dir='ltr'><strong>scelus</strong></span> <span class='ocrx_word' id='word_1_406' title='bbox 3391 2828 3444 2871; x_wconf 88' lang='lat' dir='ltr'><strong>et</strong></span> 
     </span>
    </p>
   </div>
   <div class='ocr_carea' id='block_1_59' title="bbox 1874 2907 3444 2978">
    <p class='ocr_par' dir='ltr' id='par_1_59' title="bbox 1874 2907 3444 2978">
     <span class='ocr_line' id='line_1_59' title="bbox 1874 2907 3444 2978; baseline 0.002 -19"><span class='ocrx_word' id='word_1_407' title='bbox 1874 2908 2197 2978; x_wconf 76' lang='lat' dir='ltr'><strong>polygamia,</strong></span> <span class='ocrx_word' id='word_1_408' title='bbox 2257 2916 2311 2962; x_wconf 87' lang='lat' dir='ltr'><strong>et</strong></span> <span class='ocrx_word' id='word_1_409' title='bbox 2361 2907 2612 2960; x_wconf 76' lang='lat' dir='ltr'><strong>inviolato</strong></span> <span class='ocrx_word' id='word_1_410' title='bbox 2661 2919 2949 2961; x_wconf 77' lang='lat' dir='ltr'><strong>serventur</strong></span> <span class='ocrx_word' id='word_1_411' title='bbox 2990 2907 3127 2961; x_wconf 90' lang='lat' dir='ltr'><strong>sacri</strong></span> <span class='ocrx_word' id='word_1_412' title='bbox 3169 2907 3444 2976; x_wconf 77' lang='lat' dir='ltr'><strong>(Ritualis)</strong></span> 
     </span>
    </p>
   </div>
   <div class='ocr_carea' id='block_1_60' title="bbox 1871 2999 3442 3067">
    <p class='ocr_par' dir='ltr' id='par_1_60' title="bbox 1871 2999 3442 3067">
     <span class='ocr_line' id='line_1_60' title="bbox 1871 2999 3442 3067; baseline 0.001 -15"><span class='ocrx_word' id='word_1_413' title='bbox 1871 3001 1992 3052; x_wconf 72' lang='lat' dir='ltr'><strong>libri</strong></span> <span class='ocrx_word' id='word_1_414' title='bbox 2030 3008 2252 3059; x_wconf 88' lang='lat' dir='ltr'><strong>statuta.</strong></span> <span class='ocrx_word' id='word_1_415' title='bbox 2283 3009 2341 3052; x_wconf 90' lang='lat' dir='ltr'><strong>ut</strong></span> <span class='ocrx_word' id='word_1_416' title='bbox 2376 2999 2512 3052; x_wconf 89' lang='lat' dir='ltr'><strong>liber</strong></span> <span class='ocrx_word' id='word_1_417' title='bbox 2545 2999 2615 3052; x_wconf 92' lang='lat' dir='ltr'><strong>sit</strong></span> <span class='ocrx_word' id='word_1_418' title='bbox 2641 3000 2880 3063; x_wconf 89' lang='lat' dir='ltr'><strong>unionis,</strong></span> <span class='ocrx_word' id='word_1_419' title='bbox 2916 3014 3021 3052; x_wconf 92' lang='lat' dir='ltr'><strong>non</strong></span> <span class='ocrx_word' id='word_1_420' title='bbox 3054 3000 3442 3067; x_wconf 83' lang='lat' dir='ltr'><strong>scparationis,</strong></span> 
     </span>
    </p>
   </div>
   <div class='ocr_carea' id='block_1_61' title="bbox 1871 3091 3441 3160">
    <p class='ocr_par' dir='ltr' id='par_1_61' title="bbox 1871 3091 3441 3160">
     <span class='ocr_line' id='line_1_61' title="bbox 1871 3091 3441 3160; baseline 0.001 -17"><span class='ocrx_word' id='word_1_421' title='bbox 1871 3108 1990 3144; x_wconf 85' lang='lat' dir='ltr'><strong>cum</strong></span> <span class='ocrx_word' id='word_1_422' title='bbox 2015 3092 2150 3145; x_wconf 89' lang='lat' dir='ltr'><strong>male</strong></span> <span class='ocrx_word' id='word_1_423' title='bbox 2175 3091 2633 3156; x_wconf 77' lang='lat' dir='ltr'><strong>conveniant,sed</strong></span> <span class='ocrx_word' id='word_1_424' title='bbox 2659 3092 2837 3158; x_wconf 84' lang='lat' dir='ltr'><strong>potius</strong></span> <span class='ocrx_word' id='word_1_425' title='bbox 2860 3091 3149 3145; x_wconf 80' lang='lat' dir='ltr'><strong>abscedant</strong></span> <span class='ocrx_word' id='word_1_426' title='bbox 3166 3093 3255 3160; x_wconf 83' lang='lat' dir='ltr'><strong>qui</strong></span> <span class='ocrx_word' id='word_1_427' title='bbox 3282 3109 3306 3141; x_wconf 86' lang='lat' dir='ltr'><strong>a</strong></span> <span class='ocrx_word' id='word_1_428' title='bbox 3334 3092 3441 3147; x_wconf 88' lang='lat' dir='ltr'><strong>Deo</strong></span> 
     </span>
    </p>
   </div>
   <div class='ocr_carea' id='block_1_62' title="bbox 201 3172 1821 3251">
    <p class='ocr_par' dir='ltr' id='par_1_62' title="bbox 201 3172 1821 3250">
     <span class='ocr_line' id='line_1_62' title="bbox 201 3172 1821 3250; baseline -0.001 -19"><span class='ocrx_word' id='word_1_429' title='bbox 201 3184 383 3246; x_wconf 84' lang='grc' dir='ltr'>μένων</span> <span class='ocrx_word' id='word_1_430' title='bbox 415 3180 571 3232; x_wconf 80' lang='grc' dir='ltr'>Θεοῦο</span> <span class='ocrx_word' id='word_1_431' title='bbox 603 3181 698 3232; x_wconf 81' lang='grc' dir='ltr'>καὶ</span> <span class='ocrx_word' id='word_1_432' title='bbox 719 3181 797 3232; x_wconf 82' lang='grc' dir='ltr'>ὅτι</span> <span class='ocrx_word' id='word_1_433' title='bbox 828 3181 892 3232; x_wconf 87' lang='grc' dir='ltr'><strong>ἐκ</strong></span> <span class='ocrx_word' id='word_1_434' title='bbox 929 3181 1023 3234; x_wconf 82' lang='grc' dir='ltr'><strong>τοῦ</strong></span> <span class='ocrx_word' id='word_1_435' title='bbox 1063 3179 1286 3234; x_wconf 86' lang='grc' dir='ltr'>λύεσθαι</span> <span class='ocrx_word' id='word_1_436' title='bbox 1315 3179 1506 3233; x_wconf 86' lang='grc' dir='ltr'>τοῦτον</span> <span class='ocrx_word' id='word_1_437' title='bbox 1546 3180 1760 3250; x_wconf 82' lang='grc' dir='ltr'>ταραχὴ</span> <span class='ocrx_word' id='word_1_438' title='bbox 1788 3172 1821 3230; x_wconf 89' lang='lat' dir='ltr'><strong>C</strong></span> 
     </span>
    </p>
   </div>
   <div class='ocr_carea' id='block_1_63' title="bbox 1787 3172 3441 3251">
    <p class='ocr_par' dir='ltr' id='par_1_63' title="bbox 1788 3172 3441 3251">
     <span class='ocr_line' id='line_1_63' title="bbox 1788 3172 3441 3251; baseline 0 -15"><span class='ocrx_word' id='word_1_439' title='bbox 1788 3172 1830 3230; x_wconf 83' lang='lat' dir='ltr'><strong>C</strong></span> <span class='ocrx_word' id='word_1_440' title='bbox 1865 3185 2090 3251; x_wconf 69' lang='lat' dir='ltr'><strong>distant;</strong></span> <span class='ocrx_word' id='word_1_441' title='bbox 2129 3185 2460 3251; x_wconf 86' lang='lat' dir='ltr'><strong>etquoniam</strong></span> <span class='ocrx_word' id='word_1_442' title='bbox 2498 3183 2543 3237; x_wconf 90' lang='lat' dir='ltr'><strong>si</strong></span> <span class='ocrx_word' id='word_1_443' title='bbox 2580 3182 2811 3237; x_wconf 84' lang='lat' dir='ltr'><strong>violetur</strong></span> <span class='ocrx_word' id='word_1_444' title='bbox 2859 3183 2948 3238; x_wconf 89' lang='lat' dir='ltr'><strong>hic</strong></span> <span class='ocrx_word' id='word_1_445' title='bbox 2980 3184 3141 3248; x_wconf 91' lang='lat' dir='ltr'><strong>liber,</strong></span> <span class='ocrx_word' id='word_1_446' title='bbox 3180 3183 3306 3236; x_wconf 89' lang='lat' dir='ltr'><strong>hinc</strong></span> <span class='ocrx_word' id='word_1_447' title='bbox 3333 3192 3441 3236; x_wconf 81' lang='lat' dir='ltr'><strong>tur-</strong></span> 
     </span>
    </p>
   </div>
   <div class='ocr_carea' id='block_1_64' title="bbox 198 3270 1765 3342">
    <p class='ocr_par' dir='ltr' id='par_1_64' title="bbox 198 3270 1765 3342">
     <span class='ocr_line' id='line_1_64' title="bbox 198 3270 1765 3342; baseline 0 -19"><span class='ocrx_word' id='word_1_448' title='bbox 198 3270 353 3324; x_wconf 81' lang='grc' dir='ltr'>ἔσται</span> <span class='ocrx_word' id='word_1_449' title='bbox 382 3275 447 3339; x_wconf 84' lang='grc' dir='ltr'>τῇ</span> <span class='ocrx_word' id='word_1_450' title='bbox 492 3271 810 3342; x_wconf 79' lang='grc' dir='ltr'>Ἐκκλησία.</span> <span class='ocrx_word' id='word_1_451' title='bbox 847 3273 955 3325; x_wconf 71' lang='grc' dir='ltr'><strong>Καὶ</strong></span> <span class='ocrx_word' id='word_1_452' title='bbox 986 3275 1012 3325; x_wconf 89' lang='lat'><strong>6</strong></span> <span class='ocrx_word' id='word_1_453' title='bbox 1050 3272 1151 3340; x_wconf 78' lang='grc' dir='ltr'>μὲν</span> <span class='ocrx_word' id='word_1_454' title='bbox 1201 3275 1431 3341; x_wconf 87' lang='grc' dir='ltr'>δίγαμος</span> <span class='ocrx_word' id='word_1_455' title='bbox 1487 3272 1765 3334; x_wconf 76' lang='grc' dir='ltr'>κανονιζό-</span> 
     </span>
    </p>
   </div>
   <div class='ocr_carea' id='block_1_65' title="bbox 200 3362 1764 3434">
    <p class='ocr_par' dir='ltr' id='par_1_65' title="bbox 200 3362 1764 3434">
     <span class='ocr_line' id='line_1_65' title="bbox 200 3362 1764 3434; baseline 0.001 -21"><span class='ocrx_word' id='word_1_456' title='bbox 200 3379 366 3428; x_wconf 86' lang='grc' dir='ltr'>μενος</span> <span class='ocrx_word' id='word_1_457' title='bbox 390 3362 553 3423; x_wconf 80' lang='grc' dir='ltr'>ἔστω,</span> <span class='ocrx_word' id='word_1_458' title='bbox 592 3363 734 3416; x_wconf 87' lang='grc' dir='ltr'>καθά</span> <span class='ocrx_word' id='word_1_459' title='bbox 778 3381 947 3431; x_wconf 85' lang='grc' dir='ltr'>φασιν</span> <span class='ocrx_word' id='word_1_460' title='bbox 979 3364 1025 3416; x_wconf 81' lang='lat' dir='ltr'><strong>oi</strong></span> <span class='ocrx_word' id='word_1_461' title='bbox 1079 3364 1342 3434; x_wconf 85' lang='grc' dir='ltr'>Πατέρες.</span> <span class='ocrx_word' id='word_1_462' title='bbox 1376 3364 1438 3417; x_wconf 90' lang='lat'><strong>&#39;0</strong></span> <span class='ocrx_word' id='word_1_463' title='bbox 1495 3365 1764 3431; x_wconf 86' lang='grc' dir='ltr'>τρίγαμος</span> 
     </span>
    </p>
   </div>
   <div class='ocr_carea' id='block_1_66' title="bbox 194 3453 1761 3525">
    <p class='ocr_par' dir='ltr' id='par_1_66' title="bbox 194 3453 1761 3525">
     <span class='ocr_line' id='line_1_66' title="bbox 194 3453 1761 3525; baseline 0.002 -23"><span class='ocrx_word' id='word_1_464' title='bbox 194 3454 256 3506; x_wconf 84' lang='grc' dir='ltr'>δὲ</span> <span class='ocrx_word' id='word_1_465' title='bbox 287 3454 468 3508; x_wconf 85' lang='grc' dir='ltr'>πλέον.</span> <span class='ocrx_word' id='word_1_466' title='bbox 498 3454 610 3507; x_wconf 75' lang='grc' dir='ltr'><strong>Καὶ</strong></span> <span class='ocrx_word' id='word_1_467' title='bbox 631 3453 784 3518; x_wconf 77' lang='grc' dir='ltr'>οὗτος</span> <span class='ocrx_word' id='word_1_468' title='bbox 815 3454 1006 3523; x_wconf 86' lang='grc' dir='ltr'>τρίτην</span> <span class='ocrx_word' id='word_1_469' title='bbox 1035 3454 1253 3522; x_wconf 82' lang='grc' dir='ltr'>ἀγέσθω</span> <span class='ocrx_word' id='word_1_470' title='bbox 1286 3455 1360 3525; x_wconf 81' lang='grc' dir='ltr'>μὴ</span> <span class='ocrx_word' id='word_1_471' title='bbox 1408 3456 1577 3508; x_wconf 88' lang='grc' dir='ltr'>τέκνα</span> <span class='ocrx_word' id='word_1_472' title='bbox 1622 3455 1761 3524; x_wconf 83' lang='grc' dir='ltr'>ἔχων</span> 
     </span>
    </p>
   </div>
   <div class='ocr_carea' id='block_1_67' title="bbox 193 3546 1764 3618">
    <p class='ocr_par' dir='ltr' id='par_1_67' title="bbox 193 3546 1764 3618">
     <span class='ocr_line' id='line_1_67' title="bbox 193 3546 1764 3618; baseline -0.003 -17"><span class='ocrx_word' id='word_1_473' title='bbox 193 3546 327 3615; x_wconf 72' lang='grc' dir='ltr'>ἄχρι</span> <span class='ocrx_word' id='word_1_474' title='bbox 365 3547 459 3600; x_wconf 86' lang='grc' dir='ltr'><strong>τοῦ</strong></span> <span class='ocrx_word' id='word_1_475' title='bbox 503 3548 967 3618; x_wconf 84' lang='grc' dir='ltr'>τεσσαρακοστοῦ.</span> <span class='ocrx_word' id='word_1_476' title='bbox 993 3547 1082 3617; x_wconf 78' lang='grc' dir='ltr'><strong>Τῷ</strong></span> <span class='ocrx_word' id='word_1_477' title='bbox 1142 3548 1306 3601; x_wconf 89' lang='grc' dir='ltr'>τέκνα</span> <span class='ocrx_word' id='word_1_478' title='bbox 1353 3547 1408 3601; x_wconf 81' lang='grc' dir='ltr'>δὲ</span> <span class='ocrx_word' id='word_1_479' title='bbox 1441 3549 1764 3616; x_wconf 75' lang='grc' dir='ltr'>κεκτημένῳ</span> 
     </span>
    </p>
   </div>
   <div class='ocr_carea' id='block_1_68' title="bbox 200 3636 1821 3710">
    <p class='ocr_par' dir='ltr' id='par_1_68' title="bbox 200 3636 1821 3710">
     <span class='ocr_line' id='line_1_68' title="bbox 200 3636 1821 3710; baseline 0 -19"><span class='ocrx_word' id='word_1_480' title='bbox 200 3638 291 3692; x_wconf 75' lang='grc' dir='ltr'>τὸν</span> <span class='ocrx_word' id='word_1_481' title='bbox 326 3639 760 3710; x_wconf 79' lang='grc' dir='ltr'>τεσσαρακοστὸν</span> <span class='ocrx_word' id='word_1_482' title='bbox 803 3641 1083 3693; x_wconf 88' lang='grc' dir='ltr'>τελέσαντι</span> <span class='ocrx_word' id='word_1_483' title='bbox 1115 3639 1308 3710; x_wconf 69' lang='grc' dir='ltr'>χρόνον</span> <span class='ocrx_word' id='word_1_484' title='bbox 1361 3636 1590 3707; x_wconf 83' lang='grc' dir='ltr'>ἀσυγχὼ</span> <span class='ocrx_word' id='word_1_485' title='bbox 1604 3655 1764 3709; x_wconf 84' lang='grc' dir='ltr'>ρητος</span> <span class='ocrx_word' id='word_1_486' title='bbox 1804 3684 1821 3692; x_wconf 90' lang='grc'><strong>-</strong></span> 
     </span>
    </p>
   </div>
   <div class='ocr_carea' id='block_1_69' title="bbox 192 3730 1765 3803">
    <p class='ocr_par' dir='ltr' id='par_1_69' title="bbox 192 3730 1765 3803">
     <span class='ocr_line' id='line_1_69' title="bbox 192 3730 1765 3803; baseline 0.001 -20"><span class='ocrx_word' id='word_1_487' title='bbox 192 3730 350 3786; x_wconf 77' lang='grc' dir='ltr'>ἔσται</span> <span class='ocrx_word' id='word_1_488' title='bbox 394 3732 428 3801; x_wconf 82' lang='grc' dir='ltr'>ή</span> <span class='ocrx_word' id='word_1_489' title='bbox 475 3733 762 3801; x_wconf 88' lang='grc' dir='ltr'>τριγαμία,</span> <span class='ocrx_word' id='word_1_490' title='bbox 798 3735 825 3786; x_wconf 88' lang='grc' dir='ltr'>ὁ</span> <span class='ocrx_word' id='word_1_491' title='bbox 876 3732 1020 3801; x_wconf 79' lang='grc' dir='ltr'>ἱερός</span> <span class='ocrx_word' id='word_1_492' title='bbox 1075 3749 1208 3803; x_wconf 83' lang='grc' dir='ltr'>φησι</span> <span class='ocrx_word' id='word_1_493' title='bbox 1252 3732 1439 3801; x_wconf 70' lang='grc' dir='ltr'>τόμος.</span> <span class='ocrx_word' id='word_1_494' title='bbox 1489 3732 1571 3786; x_wconf 74' lang='grc' dir='ltr'>Τά</span> <span class='ocrx_word' id='word_1_495' title='bbox 1635 3731 1765 3798; x_wconf 62' lang='grc' dir='ltr'><strong>περὶ¹</strong></span> 
     </span>
    </p>
   </div>
   <div class='ocr_carea' id='block_1_70' title="bbox 191 3821 1764 3896">
    <p class='ocr_par' dir='ltr' id='par_1_70' title="bbox 191 3821 1764 3896">
     <span class='ocr_line' id='line_1_70' title="bbox 191 3821 1764 3896; baseline 0.001 -19"><span class='ocrx_word' id='word_1_496' title='bbox 191 3823 404 3878; x_wconf 78' lang='grc' dir='ltr'>τούτων</span> <span class='ocrx_word' id='word_1_497' title='bbox 433 3821 528 3878; x_wconf 89' lang='grc' dir='ltr'><strong>οῦν</strong></span> <span class='ocrx_word' id='word_1_498' title='bbox 588 3825 688 3879; x_wconf 82' lang='grc' dir='ltr'>σὺν</span> <span class='ocrx_word' id='word_1_499' title='bbox 747 3825 1007 3896; x_wconf 77' lang='grc' dir='ltr'>ἀκριϐείᾳ</span> <span class='ocrx_word' id='word_1_500' title='bbox 1053 3824 1214 3889; x_wconf 81' lang='grc' dir='ltr'>εστω,</span> <span class='ocrx_word' id='word_1_501' title='bbox 1244 3825 1339 3878; x_wconf 78' lang='grc' dir='ltr'>καὶ</span> <span class='ocrx_word' id='word_1_502' title='bbox 1382 3828 1623 3896; x_wconf 82' lang='grc' dir='ltr'>προσοχῇ</span> <span class='ocrx_word' id='word_1_503' title='bbox 1651 3827 1764 3889; x_wconf 88' lang='grc' dir='ltr'>τοῖς</span> 
     </span>
    </p>
   </div>
   <div class='ocr_carea' id='block_1_71' title="bbox 192 3915 1763 3985">
    <p class='ocr_par' dir='ltr' id='par_1_71' title="bbox 192 3915 1763 3985">
     <span class='ocr_line' id='line_1_71' title="bbox 192 3915 1763 3985; baseline -0.001 -16"><span class='ocrx_word' id='word_1_504' title='bbox 192 3915 532 3985; x_wconf 84' lang='grc' dir='ltr'>προστάταις</span> <span class='ocrx_word' id='word_1_505' title='bbox 556 3915 666 3968; x_wconf 84' lang='grc' dir='ltr'><strong>τῶν</strong></span> <span class='ocrx_word' id='word_1_506' title='bbox 697 3915 1008 3985; x_wconf 79' lang='grc' dir='ltr'>ἐκκλησιῶν</span> <span class='ocrx_word' id='word_1_507' title='bbox 1037 3915 1427 3984; x_wconf 85' lang='grc' dir='ltr'>ἐνεργούμενα.</span> <span class='ocrx_word' id='word_1_508' title='bbox 1461 3915 1763 3985; x_wconf 80' lang='grc' dir='ltr'>Θεωρήσω-</span> 
     </span>
    </p>
   </div>
   <div class='ocr_carea' id='block_1_72' title="bbox 191 4004 1756 4076">
    <p class='ocr_par' dir='ltr' id='par_1_72' title="bbox 191 4004 1756 4076">
     <span class='ocr_line' id='line_1_72' title="bbox 191 4004 1756 4076; baseline 0.001 -20"><span class='ocrx_word' id='word_1_509' title='bbox 191 4021 299 4074; x_wconf 88' lang='grc' dir='ltr'><strong>μεν</strong></span> <span class='ocrx_word' id='word_1_510' title='bbox 326 4005 383 4058; x_wconf 75' lang='grc' dir='ltr'><strong>δέ</strong></span> <span class='ocrx_word' id='word_1_511' title='bbox 412 4007 506 4059; x_wconf 81' lang='grc' dir='ltr'>καὶ</span> <span class='ocrx_word' id='word_1_512' title='bbox 528 4005 678 4068; x_wconf 83' lang='grc' dir='ltr'>ὅπως</span> <span class='ocrx_word' id='word_1_513' title='bbox 707 4007 736 4059; x_wconf 88' lang='lat'><strong>6</strong></span> <span class='ocrx_word' id='word_1_514' title='bbox 759 4006 936 4074; x_wconf 76' lang='grc' dir='ltr'>γάμος</span> <span class='ocrx_word' id='word_1_515' title='bbox 966 4004 1211 4075; x_wconf 87' lang='grc' dir='ltr'>νομίμως</span> <span class='ocrx_word' id='word_1_516' title='bbox 1240 4007 1466 4076; x_wconf 80' lang='grc' dir='ltr'>ἄρχεται</span> <span class='ocrx_word' id='word_1_517' title='bbox 1491 4006 1756 4072; x_wconf 83' lang='grc' dir='ltr'>γίνεσθαι.</span> 
     </span>
    </p>
   </div>
   <div class='ocr_carea' id='block_1_73' title="bbox 191 4096 1762 4168">
    <p class='ocr_par' dir='ltr' id='par_1_73' title="bbox 191 4096 1762 4168">
     <span class='ocr_line' id='line_1_73' title="bbox 191 4096 1762 4168; baseline 0.001 -18"><span class='ocrx_word' id='word_1_518' title='bbox 191 4097 257 4150; x_wconf 75' lang='lat' dir='ltr'><strong>Et</strong></span> <span class='ocrx_word' id='word_1_519' title='bbox 287 4096 388 4166; x_wconf 71' lang='grc' dir='ltr'>μὲν</span> <span class='ocrx_word' id='word_1_520' title='bbox 426 4099 662 4167; x_wconf 85' lang='grc' dir='ltr'>πατέρες</span> <span class='ocrx_word' id='word_1_521' title='bbox 687 4099 799 4158; x_wconf 82' lang='grc' dir='ltr'>τοῖς</span> <span class='ocrx_word' id='word_1_522' title='bbox 854 4099 1278 4166; x_wconf 85' lang='grc' dir='ltr'>συναπτομένοις</span> <span class='ocrx_word' id='word_1_523' title='bbox 1323 4097 1479 4164; x_wconf 66' lang='grc' dir='ltr'>είσὶν,</span> <span class='ocrx_word' id='word_1_524' title='bbox 1516 4097 1660 4151; x_wconf 76' lang='grc' dir='ltr'>οὗτοι</span> <span class='ocrx_word' id='word_1_525' title='bbox 1697 4098 1762 4168; x_wconf 80' lang='grc' dir='ltr'>δὴ</span> 
     </span>
    </p>
   </div>
   <div class='ocr_carea' id='block_1_74' title="bbox 190 4188 1762 4260">
    <p class='ocr_par' dir='ltr' id='par_1_74' title="bbox 190 4188 1762 4260">
     <span class='ocr_line' id='line_1_74' title="bbox 190 4188 1762 4260; baseline -0.001 -18"><span class='ocrx_word' id='word_1_526' title='bbox 190 4189 289 4242; x_wconf 74' lang='grc' dir='ltr'>καὶ</span> <span class='ocrx_word' id='word_1_527' title='bbox 316 4189 698 4259; x_wconf 82' lang='grc' dir='ltr'>συμφωνοῦσιν</span> <span class='ocrx_word' id='word_1_528' title='bbox 728 4188 1002 4255; x_wconf 84' lang='grc' dir='ltr'>ἀλλήλοις,</span> <span class='ocrx_word' id='word_1_529' title='bbox 1033 4191 1127 4242; x_wconf 65' lang='grc' dir='ltr'><strong>καὶ⁵</strong></span> <span class='ocrx_word' id='word_1_530' title='bbox 1152 4189 1250 4252; x_wconf 73' lang='grc' dir='ltr'>τὰς</span> <span class='ocrx_word' id='word_1_531' title='bbox 1277 4188 1503 4258; x_wconf 77' lang='grc' dir='ltr'>γνώμας</span> <span class='ocrx_word' id='word_1_532' title='bbox 1534 4190 1672 4260; x_wconf 78' lang='grc' dir='ltr'>πρὸς</span> <span class='ocrx_word' id='word_1_533' title='bbox 1700 4189 1762 4241; x_wconf 80' lang='grc' dir='ltr'><strong>τὸ</strong></span> 
     </span>
    </p>
   </div>
   <div class='ocr_carea' id='block_1_75' title="bbox 188 4276 1759 4351">
    <p class='ocr_par' dir='ltr' id='par_1_75' title="bbox 188 4276 1759 4351">
     <span class='ocr_line' id='line_1_75' title="bbox 188 4276 1759 4351; baseline -0.001 -18"><span class='ocrx_word' id='word_1_534' title='bbox 188 4281 353 4350; x_wconf 71' lang='grc' dir='ltr'>ἔργον</span> <span class='ocrx_word' id='word_1_535' title='bbox 392 4281 636 4336; x_wconf 73' lang='grc' dir='ltr'>ἱστῶσιν.</span> <span class='ocrx_word' id='word_1_536' title='bbox 687 4276 821 4335; x_wconf 73' lang='grc' dir='ltr'>Εἶτα</span> <span class='ocrx_word' id='word_1_537' title='bbox 875 4281 971 4333; x_wconf 75' lang='grc' dir='ltr'><strong>καὶ</strong></span> <span class='ocrx_word' id='word_1_538' title='bbox 1016 4281 1231 4351; x_wconf 78' lang='grc' dir='ltr'>ἡμέρας</span> <span class='ocrx_word' id='word_1_539' title='bbox 1263 4284 1592 4346; x_wconf 79' lang='grc' dir='ltr'>ἐπιστάσης,</span> <span class='ocrx_word' id='word_1_540' title='bbox 1618 4279 1759 4333; x_wconf 82' lang='grc' dir='ltr'>ὥστε</span> 
     </span>
    </p>
   </div>
   <div class='ocr_carea' id='block_1_76' title="bbox 187 4372 1761 4441">
    <p class='ocr_par' dir='ltr' id='par_1_76' title="bbox 187 4372 1761 4441">
     <span class='ocr_line' id='line_1_76' title="bbox 187 4372 1761 4441; baseline 0.001 -18"><span class='ocrx_word' id='word_1_541' title='bbox 187 4373 468 4438; x_wconf 73' lang='grc' dir='ltr'>γραφῆναι</span> <span class='ocrx_word' id='word_1_542' title='bbox 527 4373 622 4425; x_wconf 78' lang='grc' dir='ltr'>καὶ</span> <span class='ocrx_word' id='word_1_543' title='bbox 677 4374 746 4426; x_wconf 63' lang='grc' dir='ltr'>τὰ</span> <span class='ocrx_word' id='word_1_544' title='bbox 805 4372 1135 4439; x_wconf 84' lang='grc' dir='ltr'>συμϐόλαια,</span> <span class='ocrx_word' id='word_1_545' title='bbox 1175 4372 1518 4441; x_wconf 85' lang='grc' dir='ltr'>συνάθροισις</span> <span class='ocrx_word' id='word_1_546' title='bbox 1563 4372 1761 4441; x_wconf 89' lang='grc' dir='ltr'>τιμίων</span> 
     </span>
    </p>
   </div>
   <div class='ocr_carea' id='block_1_77' title="bbox 188 4461 1752 4532">
    <p class='ocr_par' dir='ltr' id='par_1_77' title="bbox 188 4461 1752 4532">
     <span class='ocr_line' id='line_1_77' title="bbox 188 4461 1752 4532; baseline 0.001 -20"><span class='ocrx_word' id='word_1_547' title='bbox 188 4463 404 4530; x_wconf 79' lang='grc' dir='ltr'>γίνεται</span> <span class='ocrx_word' id='word_1_548' title='bbox 467 4462 700 4532; x_wconf 82' lang='grc' dir='ltr'>ἀνδρῶν,</span> <span class='ocrx_word' id='word_1_549' title='bbox 736 4461 1044 4532; x_wconf 86' lang='grc' dir='ltr'>μαρτυρίας</span> <span class='ocrx_word' id='word_1_550' title='bbox 1078 4462 1240 4532; x_wconf 86' lang='grc' dir='ltr'>χάριν</span> <span class='ocrx_word' id='word_1_551' title='bbox 1301 4463 1396 4515; x_wconf 85' lang='grc' dir='ltr'><strong>τοῦ</strong></span> <span class='ocrx_word' id='word_1_552' title='bbox 1447 4461 1752 4530; x_wconf 87' lang='grc' dir='ltr'>γινομένου,</span> 
     </span>
    </p>
   </div>
   <div class='ocr_carea' id='block_1_78' title="bbox 188 4553 1759 4623">
    <p class='ocr_par' dir='ltr' id='par_1_78' title="bbox 188 4553 1759 4623">
     <span class='ocr_line' id='line_1_78' title="bbox 188 4553 1759 4623; baseline 0 -17"><span class='ocrx_word' id='word_1_553' title='bbox 188 4554 289 4606; x_wconf 75' lang='grc' dir='ltr'>καὶ</span> <span class='ocrx_word' id='word_1_554' title='bbox 329 4555 407 4606; x_wconf 79' lang='grc' dir='ltr'>ὅτι</span> <span class='ocrx_word' id='word_1_555' title='bbox 442 4554 676 4622; x_wconf 85' lang='grc' dir='ltr'>νομίμου</span> <span class='ocrx_word' id='word_1_556' title='bbox 704 4555 878 4623; x_wconf 80' lang='grc' dir='ltr'>γάμου</span> <span class='ocrx_word' id='word_1_557' title='bbox 904 4555 1255 4623; x_wconf 74' lang='grc' dir='ltr'>συνάλλαγμα</span> <span class='ocrx_word' id='word_1_558' title='bbox 1288 4555 1610 4622; x_wconf 76' lang='grc' dir='ltr'>ἐνεργεῖται.</span> <span class='ocrx_word' id='word_1_559' title='bbox 1667 4553 1759 4607; x_wconf 79' lang='grc' dir='ltr'><strong>Διὸ</strong></span> 
     </span>
    </p>
   </div>
   <div class='ocr_carea' id='block_1_79' title="bbox 187 4643 1760 4712">
    <p class='ocr_par' dir='ltr' id='par_1_79' title="bbox 187 4643 1760 4712">
     <span class='ocr_line' id='line_1_79' title="bbox 187 4643 1760 4712; baseline 0 -16"><span class='ocrx_word' id='word_1_560' title='bbox 187 4643 286 4696; x_wconf 66' lang='grc' dir='ltr'>καὶ</span> <span class='ocrx_word' id='word_1_561' title='bbox 323 4643 538 4711; x_wconf 82' lang='grc' dir='ltr'>νομικὸς</span> <span class='ocrx_word' id='word_1_562' title='bbox 567 4643 1007 4712; x_wconf 79' lang='grc' dir='ltr'>ἀποτεταγμένος</span> <span class='ocrx_word' id='word_1_563' title='bbox 1045 4643 1183 4709; x_wconf 65' lang='grc' dir='ltr'>ἐστὶ,</span> <span class='ocrx_word' id='word_1_564' title='bbox 1215 4645 1309 4698; x_wconf 74' lang='grc' dir='ltr'>καὶ</span> <span class='ocrx_word' id='word_1_565' title='bbox 1355 4646 1422 4696; x_wconf 74' lang='grc' dir='ltr'><strong>τά</strong></span> <span class='ocrx_word' id='word_1_566' title='bbox 1456 4643 1760 4712; x_wconf 84' lang='grc' dir='ltr'>συμϐόλαια</span> 
     </span>
    </p>
   </div>
   <div class='ocr_carea' id='block_1_80' title="bbox 187 4734 1760 4804">
    <p class='ocr_par' dir='ltr' id='par_1_80' title="bbox 187 4734 1760 4804">
     <span class='ocr_line' id='line_1_80' title="bbox 187 4734 1760 4804; baseline -0.001 -17"><span class='ocrx_word' id='word_1_567' title='bbox 187 4735 428 4802; x_wconf 61' lang='grc' dir='ltr'>γράφει,</span> <span class='ocrx_word' id='word_1_568' title='bbox 490 4736 586 4788; x_wconf 82' lang='grc' dir='ltr'>καὶ</span> <span class='ocrx_word' id='word_1_569' title='bbox 650 4734 1048 4804; x_wconf 84' lang='grc' dir='ltr'>σιγνογραφίας</span> <span class='ocrx_word' id='word_1_570' title='bbox 1109 4735 1220 4788; x_wconf 86' lang='grc' dir='ltr'>τῶν</span> <span class='ocrx_word' id='word_1_571' title='bbox 1286 4735 1760 4788; x_wconf 78' lang='grc' dir='ltr'>συναλλαττὸντων</span> 
     </span>
    </p>
   </div>
   <div class='ocr_carea' id='block_1_81' title="bbox 187 4824 1759 4896">
    <p class='ocr_par' dir='ltr' id='par_1_81' title="bbox 187 4824 1759 4896">
     <span class='ocr_line' id='line_1_81' title="bbox 187 4824 1759 4896; baseline 0.003 -21"><span class='ocrx_word' id='word_1_572' title='bbox 187 4827 430 4878; x_wconf 82' lang='grc' dir='ltr'>ποιεῖται</span> <span class='ocrx_word' id='word_1_573' title='bbox 454 4825 540 4878; x_wconf 80' lang='grc' dir='ltr'>διὰ</span> <span class='ocrx_word' id='word_1_574' title='bbox 572 4824 829 4896; x_wconf 88' lang='grc' dir='ltr'>σταυροῦ,</span> <span class='ocrx_word' id='word_1_575' title='bbox 851 4825 1023 4894; x_wconf 85' lang='grc' dir='ltr'>δηλῶν</span> <span class='ocrx_word' id='word_1_576' title='bbox 1051 4825 1126 4889; x_wconf 84' lang='grc' dir='ltr'><strong>ὡς</strong></span> <span class='ocrx_word' id='word_1_577' title='bbox 1149 4828 1213 4880; x_wconf 82' lang='grc' dir='ltr'><strong>ἐκ</strong></span> <span class='ocrx_word' id='word_1_578' title='bbox 1243 4826 1336 4880; x_wconf 88' lang='grc' dir='ltr'><strong>τοῦ</strong></span> <span class='ocrx_word' id='word_1_579' title='bbox 1360 4827 1495 4880; x_wconf 83' lang='grc' dir='ltr'>Θεοῦ</span> <span class='ocrx_word' id='word_1_580' title='bbox 1520 4826 1579 4879; x_wconf 72' lang='grc' dir='ltr'><strong>τὸ</strong></span> <span class='ocrx_word' id='word_1_581' title='bbox 1599 4827 1759 4896; x_wconf 78' lang='grc' dir='ltr'>ἔργον</span> 
     </span>
    </p>
   </div>
   <div class='ocr_carea' id='block_1_82' title="bbox 187 4917 1759 4988">
    <p class='ocr_par' dir='ltr' id='par_1_82' title="bbox 187 4917 1759 4988">
     <span class='ocr_line' id='line_1_82' title="bbox 187 4917 1759 4988; baseline 0.004 -24"><span class='ocrx_word' id='word_1_582' title='bbox 187 4917 331 4982; x_wconf 71' lang='grc' dir='ltr'>ἐστὶ,</span> <span class='ocrx_word' id='word_1_583' title='bbox 366 4919 458 4970; x_wconf 71' lang='grc' dir='ltr'>καὶ</span> <span class='ocrx_word' id='word_1_584' title='bbox 512 4919 569 4970; x_wconf 88' lang='grc' dir='ltr'><strong>ἐν</strong></span> <span class='ocrx_word' id='word_1_585' title='bbox 601 4918 824 4988; x_wconf 85' lang='grc' dir='ltr'>Χριστῷ</span> <span class='ocrx_word' id='word_1_586' title='bbox 881 4917 1129 4988; x_wconf 82' lang='grc' dir='ltr'>ἄρχεται,</span> <span class='ocrx_word' id='word_1_587' title='bbox 1188 4919 1298 4973; x_wconf 85' lang='grc' dir='ltr'>τῶν</span> <span class='ocrx_word' id='word_1_588' title='bbox 1365 4918 1759 4987; x_wconf 79' lang='grc' dir='ltr'>μελλονύμφων</span> 
     </span>
    </p>
   </div>
   <div class='ocr_carea' id='block_1_83' title="bbox 187 5008 1754 5080">
    <p class='ocr_par' dir='ltr' id='par_1_83' title="bbox 187 5008 1754 5080">
     <span class='ocr_line' id='line_1_83' title="bbox 187 5008 1754 5080; baseline -0.001 -17"><span class='ocrx_word' id='word_1_589' title='bbox 187 5010 288 5063; x_wconf 72' lang='grc' dir='ltr'>καὶ</span> <span class='ocrx_word' id='word_1_590' title='bbox 317 5008 422 5061; x_wconf 82' lang='grc' dir='ltr'><strong>τῶν</strong></span> <span class='ocrx_word' id='word_1_591' title='bbox 451 5010 703 5079; x_wconf 77' lang='grc' dir='ltr'>πατέρων</span> <span class='ocrx_word' id='word_1_592' title='bbox 727 5009 906 5062; x_wconf 77' lang='grc' dir='ltr'>αὐτῶν</span> <span class='ocrx_word' id='word_1_593' title='bbox 934 5009 1031 5063; x_wconf 87' lang='grc' dir='ltr'><strong>τοῦ</strong></span> <span class='ocrx_word' id='word_1_594' title='bbox 1060 5011 1306 5080; x_wconf 82' lang='grc' dir='ltr'>καλάμου</span> <span class='ocrx_word' id='word_1_595' title='bbox 1337 5011 1754 5078; x_wconf 81' lang='grc' dir='ltr'>ἐφαπτομένων,</span> 
     </span>
    </p>
   </div>
   <div class='ocr_carea' id='block_1_84' title="bbox 187 5097 1757 5169">
    <p class='ocr_par' dir='ltr' id='par_1_84' title="bbox 187 5097 1757 5169">
     <span class='ocr_line' id='line_1_84' title="bbox 187 5097 1757 5169; baseline -0.001 -16"><span class='ocrx_word' id='word_1_596' title='bbox 187 5102 254 5154; x_wconf 75' lang='grc' dir='ltr'>τὸ</span> <span class='ocrx_word' id='word_1_597' title='bbox 297 5099 542 5152; x_wconf 75' lang='grc' dir='ltr'>ἑκούσιον</span> <span class='ocrx_word' id='word_1_598' title='bbox 576 5101 666 5152; x_wconf 86' lang='grc' dir='ltr'>καὶ</span> <span class='ocrx_word' id='word_1_599' title='bbox 691 5101 1017 5157; x_wconf 80' lang='grc' dir='ltr'>οίκειοθελὲς</span> <span class='ocrx_word' id='word_1_600' title='bbox 1069 5101 1497 5169; x_wconf 77' lang='grc' dir='ltr'>ἐνδεικνυμένων</span> <span class='ocrx_word' id='word_1_601' title='bbox 1543 5101 1605 5154; x_wconf 84' lang='grc' dir='ltr'><strong>ἐκ</strong></span> <span class='ocrx_word' id='word_1_602' title='bbox 1635 5097 1757 5152; x_wconf 87' lang='grc' dir='ltr'>τού-</span> 
     </span>
    </p>
   </div>
   <div class='ocr_carea' id='block_1_85' title="bbox 188 5189 1758 5260">
    <p class='ocr_par' dir='ltr' id='par_1_85' title="bbox 188 5189 1758 5260">
     <span class='ocr_line' id='line_1_85' title="bbox 188 5189 1758 5260; baseline 0 -16"><span class='ocrx_word' id='word_1_603' title='bbox 188 5203 320 5244; x_wconf 82' lang='grc' dir='ltr'>τουο</span> <span class='ocrx_word' id='word_1_604' title='bbox 355 5189 446 5242; x_wconf 80' lang='grc' dir='ltr'>καὶ</span> <span class='ocrx_word' id='word_1_605' title='bbox 491 5189 573 5242; x_wconf 84' lang='grc' dir='ltr'>ὅτι</span> <span class='ocrx_word' id='word_1_606' title='bbox 625 5189 864 5260; x_wconf 75' lang='grc' dir='ltr'>Χριστὸς</span> <span class='ocrx_word' id='word_1_607' title='bbox 925 5190 1189 5244; x_wconf 86' lang='grc' dir='ltr'>συνάπτει</span> <span class='ocrx_word' id='word_1_608' title='bbox 1235 5190 1453 5252; x_wconf 86' lang='grc' dir='ltr'>αὐτούς.</span> <span class='ocrx_word' id='word_1_609' title='bbox 1517 5191 1608 5242; x_wconf 81' lang='grc' dir='ltr'><strong>Διὸ</strong></span> <span class='ocrx_word' id='word_1_610' title='bbox 1664 5191 1758 5244; x_wconf 73' lang='grc' dir='ltr'>καὶ</span> 
     </span>
    </p>
   </div>
   <div class='ocr_carea' id='block_1_86' title="bbox 196 5280 1755 5352">
    <p class='ocr_par' dir='ltr' id='par_1_86' title="bbox 196 5280 1755 5352">
     <span class='ocr_line' id='line_1_86' title="bbox 196 5280 1755 5352; baseline 0.003 -22"><span class='ocrx_word' id='word_1_611' title='bbox 196 5280 339 5346; x_wconf 79' lang='grc' dir='ltr'>πρὸς</span> <span class='ocrx_word' id='word_1_612' title='bbox 371 5280 530 5332; x_wconf 69' lang='grc' dir='ltr'>αὐτὸν</span> <span class='ocrx_word' id='word_1_613' title='bbox 559 5281 921 5348; x_wconf 82' lang='grc' dir='ltr'>προσκυνοῦσι</span> <span class='ocrx_word' id='word_1_614' title='bbox 953 5283 1191 5352; x_wconf 82' lang='grc' dir='ltr'>πρῶτον,</span> <span class='ocrx_word' id='word_1_615' title='bbox 1216 5282 1310 5334; x_wconf 74' lang='grc' dir='ltr'>καὶ</span> <span class='ocrx_word' id='word_1_616' title='bbox 1359 5281 1502 5334; x_wconf 89' lang='grc' dir='ltr'>οῦτω</span> <span class='ocrx_word' id='word_1_617' title='bbox 1532 5282 1627 5334; x_wconf 88' lang='grc' dir='ltr'><strong>τοῦ</strong></span> <span class='ocrx_word' id='word_1_618' title='bbox 1654 5299 1755 5334; x_wconf 59' lang='grc' dir='ltr'>κατ</span> 
     </span>
    </p>
   </div>
   <div class='ocr_carea' id='block_1_87' title="bbox 187 5371 1754 5442">
    <p class='ocr_par' dir='ltr' id='par_1_87' title="bbox 187 5371 1754 5442">
     <span class='ocr_line' id='line_1_87' title="bbox 187 5371 1754 5442; baseline 0 -19"><span class='ocrx_word' id='word_1_619' title='bbox 187 5371 371 5438; x_wconf 84' lang='grc' dir='ltr'>λάμου</span> <span class='ocrx_word' id='word_1_620' title='bbox 407 5371 739 5436; x_wconf 81' lang='grc' dir='ltr'>ἐφάπτονται</span> <span class='ocrx_word' id='word_1_621' title='bbox 760 5384 775 5400; x_wconf 75' lang='grc'><strong>⁸</strong></span> <span class='ocrx_word' id='word_1_622' title='bbox 809 5373 902 5424; x_wconf 76' lang='grc' dir='ltr'><strong>καὶ</strong></span> <span class='ocrx_word' id='word_1_623' title='bbox 931 5374 1122 5425; x_wconf 77' lang='grc' dir='ltr'>τούτου</span> <span class='ocrx_word' id='word_1_624' title='bbox 1151 5373 1354 5434; x_wconf 76' lang='grc' dir='ltr'>ἕνεκεν,</span> <span class='ocrx_word' id='word_1_625' title='bbox 1390 5374 1472 5424; x_wconf 83' lang='grc' dir='ltr'>ὅτι</span> <span class='ocrx_word' id='word_1_626' title='bbox 1522 5373 1754 5442; x_wconf 75' lang='grc' dir='ltr'>Χριστὸς</span> 
     </span>
    </p>
   </div>
   <div class='ocr_carea' id='block_1_88' title="bbox 186 5455 1756 5530">
    <p class='ocr_par' dir='ltr' id='par_1_88' title="bbox 186 5455 1756 5530">
     <span class='ocr_line' id='line_1_88' title="bbox 186 5455 1756 5530; baseline 0.004 -22"><span class='ocrx_word' id='word_1_627' title='bbox 186 5456 373 5509; x_wconf 77' lang='grc' dir='ltr'>συνδεῖ</span> <span class='ocrx_word' id='word_1_628' title='bbox 405 5455 626 5519; x_wconf 81' lang='grc' dir='ltr'>τούτους</span> <span class='ocrx_word' id='word_1_629' title='bbox 647 5475 662 5489; x_wconf 90' lang='grc'><strong>·</strong></span> <span class='ocrx_word' id='word_1_630' title='bbox 695 5458 785 5510; x_wconf 80' lang='grc' dir='ltr'>καὶ</span> <span class='ocrx_word' id='word_1_631' title='bbox 811 5461 1092 5529; x_wconf 71' lang='grc' dir='ltr'>σταυρικοὶ</span> <span class='ocrx_word' id='word_1_632' title='bbox 1126 5461 1374 5528; x_wconf 86' lang='grc' dir='ltr'>λέγονται</span> <span class='ocrx_word' id='word_1_633' title='bbox 1405 5461 1614 5530; x_wconf 88' lang='grc' dir='ltr'>δεσμοί.</span> <span class='ocrx_word' id='word_1_634' title='bbox 1647 5463 1756 5514; x_wconf 81' lang='grc' dir='ltr'><strong>Καὶ</strong></span> 
     </span>
    </p>
   </div>
   <div class='ocr_carea' id='block_1_89' title="bbox 185 5547 1754 5621">
    <p class='ocr_par' dir='ltr' id='par_1_89' title="bbox 185 5547 1754 5621">
     <span class='ocr_line' id='line_1_89' title="bbox 185 5547 1754 5621; baseline 0.003 -21"><span class='ocrx_word' id='word_1_635' title='bbox 185 5549 291 5600; x_wconf 70' lang='grc' dir='ltr'>οὐκ</span> <span class='ocrx_word' id='word_1_636' title='bbox 323 5548 439 5612; x_wconf 75' lang='grc' dir='ltr'>ἐξὸν</span> <span class='ocrx_word' id='word_1_637' title='bbox 473 5548 631 5618; x_wconf 76' lang='lat'><strong>196</strong></span> <span class='ocrx_word' id='word_1_638' title='bbox 654 5547 848 5611; x_wconf 76' lang='grc' dir='ltr'>αὐτοὺς</span> <span class='ocrx_word' id='word_1_639' title='bbox 877 5550 1025 5603; x_wconf 82' lang='grc' dir='ltr'>λύειν</span> <span class='ocrx_word' id='word_1_640' title='bbox 1065 5551 1185 5621; x_wconf 82' lang='grc' dir='ltr'>δίχα</span> <span class='ocrx_word' id='word_1_641' title='bbox 1215 5552 1378 5604; x_wconf 85' lang='grc' dir='ltr'>τινῶν</span> <span class='ocrx_word' id='word_1_642' title='bbox 1407 5552 1754 5621; x_wconf 86' lang='grc' dir='ltr'>παρακολου-</span> 
     </span>
    </p>
   </div>
   <div class='ocr_carea' id='block_1_90' title="bbox 186 5639 1756 5708">
    <p class='ocr_par' dir='ltr' id='par_1_90' title="bbox 186 5639 1756 5708">
     <span class='ocr_line' id='line_1_90' title="bbox 186 5639 1756 5708; baseline 0.003 -17"><span class='ocrx_word' id='word_1_643' title='bbox 186 5640 453 5708; x_wconf 63' lang='lat' dir='ltr'><strong>(inpiith</strong></span> <span class='ocrx_word' id='word_1_644' title='bbox 479 5642 746 5708; x_wconf 85' lang='grc' dir='ltr'>νομίμων,</span> <span class='ocrx_word' id='word_1_645' title='bbox 798 5639 1077 5707; x_wconf 85' lang='grc' dir='ltr'>τοιούτων,</span> <span class='ocrx_word' id='word_1_646' title='bbox 1138 5642 1213 5704; x_wconf 84' lang='grc' dir='ltr'>ὡς</span> <span class='ocrx_word' id='word_1_647' title='bbox 1268 5645 1359 5694; x_wconf 79' lang='grc' dir='ltr'>καὶ</span> <span class='ocrx_word' id='word_1_648' title='bbox 1420 5646 1510 5695; x_wconf 78' lang='grc' dir='ltr'>ἐπὶ</span> <span class='ocrx_word' id='word_1_649' title='bbox 1547 5645 1756 5696; x_wconf 80' lang='grc' dir='ltr'>τετελε-</span> 
     </span>
    </p>
   </div>
   <div class='ocr_carea' id='block_1_91' title="bbox 188 5719 1749 5802">
    <p class='ocr_par' dir='ltr' id='par_1_91' title="bbox 188 5719 1749 5802">
     <span class='ocr_line' id='line_1_91' title="bbox 188 5719 1749 5802; baseline 0.004 -20"><span class='ocrx_word' id='word_1_650' title='bbox 188 5731 376 5798; x_wconf 79' lang='grc' dir='ltr'>σμένῳ</span> <span class='ocrx_word' id='word_1_651' title='bbox 399 5728 475 5798; x_wconf 82' lang='grc' dir='ltr'><strong>τῷ</strong></span> <span class='ocrx_word' id='word_1_652' title='bbox 497 5731 679 5799; x_wconf 78' lang='grc' dir='ltr'>γάμῳ.</span> <span class='ocrx_word' id='word_1_653' title='bbox 703 5731 761 5782; x_wconf 82' lang='grc' dir='ltr'>Εἰ</span> <span class='ocrx_word' id='word_1_654' title='bbox 789 5731 832 5783; x_wconf 77' lang='grc' dir='ltr'>δ’</span> <span class='ocrx_word' id='word_1_655' title='bbox 861 5726 972 5789; x_wconf 78' lang='grc' dir='ltr'>οὖν,</span> <span class='ocrx_word' id='word_1_656' title='bbox 997 5732 1148 5784; x_wconf 82' lang='grc' dir='ltr'>ἔσται</span> <span class='ocrx_word' id='word_1_657' title='bbox 1176 5735 1486 5802; x_wconf 79' lang='grc' dir='ltr'>παρανομῗα</span> <span class='ocrx_word' id='word_1_658' title='bbox 1514 5735 1546 5800; x_wconf 85' lang='grc' dir='ltr'>ὴ</span> <span class='ocrx_word' id='word_1_659' title='bbox 1577 5719 1749 5796; x_wconf 77' lang='grc' dir='ltr'>λύσις.</span> 
     </span>
    </p>
   </div>
   <div class='ocr_carea' id='block_1_92' title="bbox 187 5820 1747 5894">
    <p class='ocr_par' dir='ltr' id='par_1_92' title="bbox 187 5820 1747 5894">
     <span class='ocr_line' id='line_1_92' title="bbox 187 5820 1747 5894; baseline 0.004 -20"><span class='ocrx_word' id='word_1_660' title='bbox 187 5822 299 5874; x_wconf 76' lang='grc' dir='ltr'>Τοῦ</span> <span class='ocrx_word' id='word_1_661' title='bbox 337 5820 526 5891; x_wconf 74' lang='grc' dir='ltr'>καιροῦ</span> <span class='ocrx_word' id='word_1_662' title='bbox 561 5821 615 5875; x_wconf 73' lang='grc' dir='ltr'>δὲ</span> <span class='ocrx_word' id='word_1_663' title='bbox 645 5824 964 5886; x_wconf 68' lang='grc' dir='ltr'>ἐπιστάντος</span> <span class='ocrx_word' id='word_1_664' title='bbox 997 5824 1102 5876; x_wconf 80' lang='grc' dir='ltr'><strong>τῶν</strong></span> <span class='ocrx_word' id='word_1_665' title='bbox 1134 5824 1347 5894; x_wconf 79' lang='grc' dir='ltr'>γάμων,</span> <span class='ocrx_word' id='word_1_666' title='bbox 1381 5828 1459 5888; x_wconf 85' lang='grc' dir='ltr'><strong>εἰς</strong></span> <span class='ocrx_word' id='word_1_667' title='bbox 1501 5826 1589 5878; x_wconf 77' lang='grc' dir='ltr'>τὸν</span> <span class='ocrx_word' id='word_1_668' title='bbox 1624 5827 1747 5880; x_wconf 66' lang='grc' dir='ltr'>ναὸν</span> 
     </span>
    </p>
   </div>
   <div class='ocr_carea' id='block_1_93' title="bbox 1867 3273 3440 3343">
    <p class='ocr_par' dir='ltr' id='par_1_93' title="bbox 1867 3273 3440 3343">
     <span class='ocr_line' id='line_1_93' title="bbox 1867 3273 3440 3343; baseline -0.001 -14"><span class='ocrx_word' id='word_1_669' title='bbox 1867 3274 2084 3329; x_wconf 85' lang='lat' dir='ltr'><strong>babitur</strong></span> <span class='ocrx_word' id='word_1_670' title='bbox 2128 3274 2396 3330; x_wconf 82' lang='lat' dir='ltr'><strong>Ecclesia.</strong></span> <span class='ocrx_word' id='word_1_671' title='bbox 2430 3273 2685 3342; x_wconf 86' lang='lat' dir='ltr'><strong>Bigamus</strong></span> <span class='ocrx_word' id='word_1_672' title='bbox 2721 3274 2939 3343; x_wconf 89' lang='lat' dir='ltr'><strong>quidem</strong></span> <span class='ocrx_word' id='word_1_673' title='bbox 2967 3274 3250 3340; x_wconf 81' lang='lat' dir='ltr'><strong>dirigatur,</strong></span> <span class='ocrx_word' id='word_1_674' title='bbox 3281 3284 3440 3342; x_wconf 81' lang='lat' dir='ltr'><strong>prout</strong></span> 
     </span>
    </p>
   </div>
   <div class='ocr_carea' id='block_1_94' title="bbox 1866 3365 3440 3436">
    <p class='ocr_par' dir='ltr' id='par_1_94' title="bbox 1866 3365 3440 3436">
     <span class='ocr_line' id='line_1_94' title="bbox 1866 3365 3440 3436; baseline -0.001 -16"><span class='ocrx_word' id='word_1_675' title='bbox 1866 3367 2122 3421; x_wconf 87' lang='lat' dir='ltr'><strong>dixerunt</strong></span> <span class='ocrx_word' id='word_1_676' title='bbox 2159 3365 2372 3431; x_wconf 86' lang='lat' dir='ltr'><strong>Patres,</strong></span> <span class='ocrx_word' id='word_1_677' title='bbox 2441 3365 2509 3418; x_wconf 87' lang='lat' dir='ltr'><strong>de</strong></span> <span class='ocrx_word' id='word_1_678' title='bbox 2553 3366 2782 3436; x_wconf 89' lang='lat' dir='ltr'><strong>lrigamo</strong></span> <span class='ocrx_word' id='word_1_679' title='bbox 2825 3376 3008 3419; x_wconf 89' lang='lat' dir='ltr'><strong>autem</strong></span> <span class='ocrx_word' id='word_1_680' title='bbox 3053 3365 3203 3434; x_wconf 88' lang='lat' dir='ltr'><strong>plura</strong></span> <span class='ocrx_word' id='word_1_681' title='bbox 3238 3374 3440 3418; x_wconf 88' lang='lat' dir='ltr'><strong>statuta</strong></span> 
     </span>
    </p>
   </div>
   <div class='ocr_carea' id='block_1_95' title="bbox 1866 3455 3440 3522">
    <p class='ocr_par' dir='ltr' id='par_1_95' title="bbox 1866 3455 3440 3522">
     <span class='ocr_line' id='line_1_95' title="bbox 1866 3455 3440 3522; baseline -0.002 -11"><span class='ocrx_word' id='word_1_682' title='bbox 1866 3469 2014 3511; x_wconf 89' lang='lat' dir='ltr'><strong>sunt.</strong></span> <span class='ocrx_word' id='word_1_683' title='bbox 2052 3455 2149 3510; x_wconf 85' lang='lat' dir='ltr'><strong>Hic</strong></span> <span class='ocrx_word' id='word_1_684' title='bbox 2178 3456 2393 3510; x_wconf 88' lang='lat' dir='ltr'><strong>tertiam</strong></span> <span class='ocrx_word' id='word_1_685' title='bbox 2418 3455 2580 3510; x_wconf 87' lang='lat' dir='ltr'><strong>ducat</strong></span> <span class='ocrx_word' id='word_1_686' title='bbox 2617 3471 2863 3522; x_wconf 75' lang='lat' dir='ltr'><strong>uxorem,</strong></span> <span class='ocrx_word' id='word_1_687' title='bbox 2892 3456 2935 3510; x_wconf 93' lang='lat' dir='ltr'><strong>si</strong></span> <span class='ocrx_word' id='word_1_688' title='bbox 2965 3456 3164 3510; x_wconf 88' lang='lat' dir='ltr'><strong>liberos</strong></span> <span class='ocrx_word' id='word_1_689' title='bbox 3202 3471 3308 3508; x_wconf 89' lang='lat' dir='ltr'><strong>non</strong></span> <span class='ocrx_word' id='word_1_690' title='bbox 3338 3455 3440 3509; x_wconf 83' lang='lat' dir='ltr'><strong>ha-</strong></span> 
     </span>
    </p>
   </div>
   <div class='ocr_carea' id='block_1_96' title="bbox 1863 3546 3437 3618">
    <p class='ocr_par' dir='ltr' id='par_1_96' title="bbox 1863 3546 3437 3618">
     <span class='ocr_line' id='line_1_96' title="bbox 1863 3546 3437 3618; baseline -0.001 -16"><span class='ocrx_word' id='word_1_691' title='bbox 1863 3547 2182 3617; x_wconf 73' lang='lat' dir='ltr'><strong>beat,nsque</strong></span> <span class='ocrx_word' id='word_1_692' title='bbox 2210 3546 2275 3601; x_wconf 88' lang='lat' dir='ltr'><strong>ad</strong></span> <span class='ocrx_word' id='word_1_693' title='bbox 2301 3562 2502 3601; x_wconf 91' lang='lat' dir='ltr'><strong>annum</strong></span> <span class='ocrx_word' id='word_1_694' title='bbox 2526 3547 3027 3618; x_wconf 83' lang='lat' dir='ltr'><strong>quadragesimum;</strong></span> <span class='ocrx_word' id='word_1_695' title='bbox 3057 3547 3151 3602; x_wconf 91' lang='lat' dir='ltr'><strong>sed</strong></span> <span class='ocrx_word' id='word_1_696' title='bbox 3173 3549 3215 3602; x_wconf 89' lang='lat' dir='ltr'><strong>si</strong></span> <span class='ocrx_word' id='word_1_697' title='bbox 3237 3547 3437 3601; x_wconf 85' lang='lat' dir='ltr'><strong>liberos</strong></span> 
     </span>
    </p>
   </div>
   <div class='ocr_carea' id='block_1_97' title="bbox 1865 3638 3434 3709">
    <p class='ocr_par' dir='ltr' id='par_1_97' title="bbox 1865 3638 3434 3709">
     <span class='ocr_line' id='line_1_97' title="bbox 1865 3638 3434 3709; baseline 0 -16"><span class='ocrx_word' id='word_1_698' title='bbox 1865 3638 2152 3704; x_wconf 87' lang='lat' dir='ltr'><strong>habeat,et</strong></span> <span class='ocrx_word' id='word_1_699' title='bbox 2178 3640 2288 3708; x_wconf 88' lang='lat' dir='ltr'><strong>jam</strong></span> <span class='ocrx_word' id='word_1_700' title='bbox 2312 3638 2782 3709; x_wconf 86' lang='lat' dir='ltr'><strong>quadragesimum</strong></span> <span class='ocrx_word' id='word_1_701' title='bbox 2813 3639 3054 3709; x_wconf 78' lang='lat' dir='ltr'><strong>attigerit</strong></span> <span class='ocrx_word' id='word_1_702' title='bbox 3093 3654 3321 3702; x_wconf 88' lang='lat' dir='ltr'><strong>annum,</strong></span> <span class='ocrx_word' id='word_1_703' title='bbox 3346 3649 3434 3693; x_wconf 88' lang='lat' dir='ltr'><strong>to-</strong></span> 
     </span>
    </p>
   </div>
   <div class='ocr_carea' id='block_1_98' title="bbox 1866 3731 3435 3800">
    <p class='ocr_par' dir='ltr' id='par_1_98' title="bbox 1866 3731 3435 3800">
     <span class='ocr_line' id='line_1_98' title="bbox 1866 3731 3435 3800; baseline 0.001 -16"><span class='ocrx_word' id='word_1_704' title='bbox 1866 3731 2025 3785; x_wconf 85' lang='lat' dir='ltr'><strong>lerari</strong></span> <span class='ocrx_word' id='word_1_705' title='bbox 2046 3745 2150 3785; x_wconf 89' lang='lat' dir='ltr'><strong>u0u</strong></span> <span class='ocrx_word' id='word_1_706' title='bbox 2185 3731 2614 3800; x_wconf 80' lang='lat' dir='ltr'><strong>puterittertium</strong></span> <span class='ocrx_word' id='word_1_707' title='bbox 2647 3732 3243 3795; x_wconf 80' lang='lat' dir='ltr'><strong>matrimonium,saccr</strong></span> <span class='ocrx_word' id='word_1_708' title='bbox 3263 3733 3435 3800; x_wconf 90' lang='lat' dir='ltr'><strong>inquit</strong></span> 
     </span>
    </p>
   </div>
   <div class='ocr_carea' id='block_1_99' title="bbox 1865 3821 3434 3891">
    <p class='ocr_par' dir='ltr' id='par_1_99' title="bbox 1865 3821 3434 3891">
     <span class='ocr_line' id='line_1_99' title="bbox 1865 3821 3434 3891; baseline 0 -15"><span class='ocrx_word' id='word_1_709' title='bbox 1865 3822 2023 3878; x_wconf 83' lang='lat' dir='ltr'><strong>liber.</strong></span> <span class='ocrx_word' id='word_1_710' title='bbox 2052 3821 2183 3888; x_wconf 67' lang='lat' dir='ltr'><strong>Quae</strong></span> <span class='ocrx_word' id='word_1_711' title='bbox 2212 3823 2276 3876; x_wconf 70' lang='lat' dir='ltr'><strong>tle</strong></span> <span class='ocrx_word' id='word_1_712' title='bbox 2307 3821 2394 3877; x_wconf 85' lang='lat' dir='ltr'><strong>bis</strong></span> <span class='ocrx_word' id='word_1_713' title='bbox 2426 3829 2678 3877; x_wconf 88' lang='lat' dir='ltr'><strong>accurate</strong></span> <span class='ocrx_word' id='word_1_714' title='bbox 2716 3831 2770 3876; x_wconf 88' lang='lat' dir='ltr'><strong>et</strong></span> <span class='ocrx_word' id='word_1_715' title='bbox 2795 3821 3081 3891; x_wconf 85' lang='lat' dir='ltr'><strong>diligenter</strong></span> <span class='ocrx_word' id='word_1_716' title='bbox 3104 3821 3434 3876; x_wconf 69' lang='lat' dir='ltr'><strong>abEeclesia:</strong></span> 
     </span>
    </p>
   </div>
   <div class='ocr_carea' id='block_1_100' title="bbox 1863 3910 3433 3984">
    <p class='ocr_par' dir='ltr' id='par_1_100' title="bbox 1863 3910 3433 3984">
     <span class='ocr_line' id='line_1_100' title="bbox 1863 3910 3433 3984; baseline 0 -17"><span class='ocrx_word' id='word_1_717' title='bbox 1863 3913 2132 3984; x_wconf 61' lang='lat' dir='ltr'><strong>praefectis</strong></span> <span class='ocrx_word' id='word_1_718' title='bbox 2169 3913 2587 3982; x_wconf 85' lang='lat' dir='ltr'><strong>adimpleautur.</strong></span> <span class='ocrx_word' id='word_1_719' title='bbox 2637 3910 2835 3966; x_wconf 84' lang='lat' dir='ltr'><strong>Verum</strong></span> <span class='ocrx_word' id='word_1_720' title='bbox 2894 3912 3251 3981; x_wconf 81' lang='lat' dir='ltr'><strong>inspiciamus</strong></span> <span class='ocrx_word' id='word_1_721' title='bbox 3295 3926 3433 3980; x_wconf 84' lang='lat' dir='ltr'><strong>quo-</strong></span> 
     </span>
    </p>
   </div>
   <div class='ocr_carea' id='block_1_101' title="bbox 1863 4003 3428 4074">
    <p class='ocr_par' dir='ltr' id='par_1_101' title="bbox 1863 4003 3428 4074">
     <span class='ocr_line' id='line_1_101' title="bbox 1863 4003 3428 4074; baseline -0.001 -14"><span class='ocrx_word' id='word_1_722' title='bbox 1863 4006 2025 4060; x_wconf 91' lang='lat' dir='ltr'><strong>modo</strong></span> <span class='ocrx_word' id='word_1_723' title='bbox 2055 4006 2464 4060; x_wconf 90' lang='lat' dir='ltr'><strong>matrimonium</strong></span> <span class='ocrx_word' id='word_1_724' title='bbox 2492 4005 2780 4059; x_wconf 85' lang='lat' dir='ltr'><strong>honestum</strong></span> <span class='ocrx_word' id='word_1_725' title='bbox 2813 4020 2934 4060; x_wconf 73' lang='lat' dir='ltr'><strong>esse</strong></span> <span class='ocrx_word' id='word_1_726' title='bbox 2968 4005 3211 4073; x_wconf 89' lang='lat' dir='ltr'><strong>incipiat.</strong></span> <span class='ocrx_word' id='word_1_727' title='bbox 3244 4003 3297 4058; x_wconf 88' lang='lat' dir='ltr'><strong>Si</strong></span> <span class='ocrx_word' id='word_1_728' title='bbox 3329 4020 3428 4074; x_wconf 89' lang='lat' dir='ltr'><strong>pa-</strong></span> 
     </span>
    </p>
   </div>
   <div class='ocr_carea' id='block_1_102' title="bbox 1865 4094 3424 4161">
    <p class='ocr_par' dir='ltr' id='par_1_102' title="bbox 1865 4094 3424 4161">
     <span class='ocr_line' id='line_1_102' title="bbox 1865 4094 3424 4161; baseline -0.003 -11"><span class='ocrx_word' id='word_1_729' title='bbox 1865 4104 1975 4150; x_wconf 88' lang='lat' dir='ltr'><strong>tres</strong></span> <span class='ocrx_word' id='word_1_730' title='bbox 2005 4095 2222 4161; x_wconf 82' lang='lat' dir='ltr'><strong>quidem</strong></span> <span class='ocrx_word' id='word_1_731' title='bbox 2255 4103 2380 4148; x_wconf 91' lang='lat' dir='ltr'><strong>sunt</strong></span> <span class='ocrx_word' id='word_1_732' title='bbox 2409 4095 2887 4157; x_wconf 81' lang='lat' dir='ltr'><strong>convenientibus,</strong></span> <span class='ocrx_word' id='word_1_733' title='bbox 2916 4094 2988 4146; x_wconf 92' lang='lat' dir='ltr'><strong>illi</strong></span> <span class='ocrx_word' id='word_1_734' title='bbox 3027 4094 3165 4148; x_wconf 88' lang='lat' dir='ltr'><strong>inter</strong></span> <span class='ocrx_word' id='word_1_735' title='bbox 3196 4109 3255 4148; x_wconf 83' lang='lat' dir='ltr'><strong>se</strong></span> <span class='ocrx_word' id='word_1_736' title='bbox 3287 4110 3424 4147; x_wconf 85' lang='lat' dir='ltr'><strong>con-</strong></span> 
     </span>
    </p>
   </div>
   <div class='ocr_carea' id='block_1_103' title="bbox 1863 4184 3425 4256">
    <p class='ocr_par' dir='ltr' id='par_1_103' title="bbox 1863 4184 3425 4256">
     <span class='ocr_line' id='line_1_103' title="bbox 1863 4184 3425 4256; baseline -0.003 -13"><span class='ocrx_word' id='word_1_737' title='bbox 1863 4187 2142 4249; x_wconf 82' lang='lat' dir='ltr'><strong>sentiunt,</strong></span> <span class='ocrx_word' id='word_1_738' title='bbox 2179 4201 2381 4256; x_wconf 85' lang='lat' dir='ltr'><strong>suaque</strong></span> <span class='ocrx_word' id='word_1_739' title='bbox 2409 4186 2634 4240; x_wconf 88' lang='lat' dir='ltr'><strong>consilia</strong></span> <span class='ocrx_word' id='word_1_740' title='bbox 2679 4186 2744 4238; x_wconf 89' lang='lat' dir='ltr'><strong>ad</strong></span> <span class='ocrx_word' id='word_1_741' title='bbox 2794 4200 2928 4253; x_wconf 88' lang='lat' dir='ltr'><strong>opus</strong></span> <span class='ocrx_word' id='word_1_742' title='bbox 2986 4185 3183 4238; x_wconf 89' lang='lat' dir='ltr'><strong>iuinut.</strong></span> <span class='ocrx_word' id='word_1_743' title='bbox 3220 4184 3425 4239; x_wconf 85' lang='lat' dir='ltr'><strong>Deinde</strong></span> 
     </span>
    </p>
   </div>
   <div class='ocr_carea' id='block_1_104' title="bbox 1863 4277 3427 4347">
    <p class='ocr_par' dir='ltr' id='par_1_104' title="bbox 1863 4277 3427 4347">
     <span class='ocr_line' id='line_1_104' title="bbox 1863 4277 3427 4347; baseline -0.001 -13"><span class='ocrx_word' id='word_1_744' title='bbox 1863 4281 1952 4335; x_wconf 83' lang='lat' dir='ltr'><strong>die</strong></span> <span class='ocrx_word' id='word_1_745' title='bbox 1984 4278 2299 4342; x_wconf 88' lang='lat' dir='ltr'><strong>constituta,</strong></span> <span class='ocrx_word' id='word_1_746' title='bbox 2333 4287 2390 4331; x_wconf 93' lang='lat' dir='ltr'><strong>ut</strong></span> <span class='ocrx_word' id='word_1_747' title='bbox 2420 4278 2676 4347; x_wconf 89' lang='lat' dir='ltr'><strong>nuptialis</strong></span> <span class='ocrx_word' id='word_1_748' title='bbox 2707 4279 2980 4332; x_wconf 84' lang='lat' dir='ltr'><strong>scribatur</strong></span> <span class='ocrx_word' id='word_1_749' title='bbox 3021 4277 3218 4347; x_wconf 90' lang='lat' dir='ltr'><strong>pactio,</strong></span> <span class='ocrx_word' id='word_1_750' title='bbox 3255 4278 3427 4332; x_wconf 88' lang='lat' dir='ltr'><strong>h0no-</strong></span> 
     </span>
    </p>
   </div>
   <div class='ocr_carea' id='block_1_105' title="bbox 1863 4367 3429 4438">
    <p class='ocr_par' dir='ltr' id='par_1_105' title="bbox 1863 4367 3429 4438">
     <span class='ocr_line' id='line_1_105' title="bbox 1863 4367 3429 4438; baseline 0.002 -17"><span class='ocrx_word' id='word_1_751' title='bbox 1863 4368 2065 4422; x_wconf 86' lang='lat' dir='ltr'><strong>rabilcs</strong></span> <span class='ocrx_word' id='word_1_752' title='bbox 2110 4376 2508 4437; x_wconf 78' lang='lat' dir='ltr'><strong>congregantur</strong></span> <span class='ocrx_word' id='word_1_753' title='bbox 2543 4367 2670 4428; x_wconf 90' lang='lat' dir='ltr'><strong>viri,</strong></span> <span class='ocrx_word' id='word_1_754' title='bbox 2717 4368 2858 4435; x_wconf 89' lang='lat' dir='ltr'><strong>quod</strong></span> <span class='ocrx_word' id='word_1_755' title='bbox 2893 4367 2950 4421; x_wconf 79' lang='lat' dir='ltr'><strong>iit</strong></span> <span class='ocrx_word' id='word_1_756' title='bbox 2981 4369 3148 4438; x_wconf 86' lang='lat' dir='ltr'><strong>gratia</strong></span> <span class='ocrx_word' id='word_1_757' title='bbox 3180 4369 3429 4425; x_wconf 78' lang='lat' dir='ltr'><strong>testimo-</strong></span> 
     </span>
    </p>
   </div>
   <div class='ocr_carea' id='block_1_106' title="bbox 1787 4459 3425 4555">
    <p class='ocr_par' dir='ltr' id='par_1_106' title="bbox 1787 4459 3425 4555">
     <span class='ocr_line' id='line_1_106' title="bbox 1787 4459 3425 4555; baseline 0.001 -42"><span class='ocrx_word' id='word_1_758' title='bbox 1787 4498 1832 4555; x_wconf 67' lang='grc' dir='ltr'>υ</span> <span class='ocrx_word' id='word_1_759' title='bbox 1862 4461 1959 4523; x_wconf 87' lang='lat' dir='ltr'><strong>nii,</strong></span> <span class='ocrx_word' id='word_1_760' title='bbox 1986 4469 2040 4514; x_wconf 92' lang='lat' dir='ltr'><strong>ct</strong></span> <span class='ocrx_word' id='word_1_761' title='bbox 2062 4461 2317 4528; x_wconf 87' lang='lat' dir='ltr'><strong>quoniam</strong></span> <span class='ocrx_word' id='word_1_762' title='bbox 2346 4459 2523 4528; x_wconf 80' lang='lat' dir='ltr'><strong>legalis</strong></span> <span class='ocrx_word' id='word_1_763' title='bbox 2550 4461 2878 4514; x_wconf 87' lang='lat' dir='ltr'><strong>matrimonii</strong></span> <span class='ocrx_word' id='word_1_764' title='bbox 2902 4471 3217 4514; x_wconf 89' lang='lat' dir='ltr'><strong>contractus</strong></span> <span class='ocrx_word' id='word_1_765' title='bbox 3240 4463 3425 4516; x_wconf 90' lang='lat' dir='ltr'><strong>initur.</strong></span> 
     </span>
    </p>
   </div>
   <div class='ocr_carea' id='block_1_107' title="bbox 1863 4541 3426 4624">
    <p class='ocr_par' dir='ltr' id='par_1_107' title="bbox 1863 4541 3426 4624">
     <span class='ocr_line' id='line_1_107' title="bbox 1863 4541 3426 4624; baseline 0.003 -20"><span class='ocrx_word' id='word_1_766' title='bbox 1863 4552 1990 4607; x_wconf 85' lang='lat' dir='ltr'><strong>Ideo</strong></span> <span class='ocrx_word' id='word_1_767' title='bbox 2021 4556 2183 4607; x_wconf 85' lang='lat' dir='ltr'><strong>etiam</strong></span> <span class='ocrx_word' id='word_1_768' title='bbox 2219 4553 2302 4606; x_wconf 80' lang='lat' dir='ltr'><strong>vir</strong></span> <span class='ocrx_word' id='word_1_769' title='bbox 2333 4553 2486 4607; x_wconf 80' lang='lat' dir='ltr'><strong>adest</strong></span> <span class='ocrx_word' id='word_1_770' title='bbox 2511 4570 2538 4605; x_wconf 88' lang='lat' dir='ltr'><strong>a</strong></span> <span class='ocrx_word' id='word_1_771' title='bbox 2566 4553 2680 4622; x_wconf 82' lang='lat' dir='ltr'><strong>lege</strong></span> <span class='ocrx_word' id='word_1_772' title='bbox 2713 4552 3027 4623; x_wconf 82' lang='lat' dir='ltr'><strong>designatus</strong></span> <span class='ocrx_word' id='word_1_773' title='bbox 3051 4541 3141 4622; x_wconf 79' lang='lat' dir='ltr'><strong>qui</strong></span> <span class='ocrx_word' id='word_1_774' title='bbox 3172 4556 3426 4624; x_wconf 79' lang='lat' dir='ltr'><strong>cunjnga-</strong></span> 
     </span>
    </p>
   </div>
   <div class='ocr_carea' id='block_1_108' title="bbox 1863 4645 3426 4714">
    <p class='ocr_par' dir='ltr' id='par_1_108' title="bbox 1863 4645 3426 4714">
     <span class='ocr_line' id='line_1_108' title="bbox 1863 4645 3426 4714; baseline 0 -16"><span class='ocrx_word' id='word_1_775' title='bbox 1863 4646 1941 4698; x_wconf 89' lang='lat' dir='ltr'><strong>les</strong></span> <span class='ocrx_word' id='word_1_776' title='bbox 1977 4645 2163 4699; x_wconf 83' lang='lat' dir='ltr'><strong>scribit</strong></span> <span class='ocrx_word' id='word_1_777' title='bbox 2197 4645 2445 4710; x_wconf 86' lang='lat' dir='ltr'><strong>tabulas;</strong></span> <span class='ocrx_word' id='word_1_778' title='bbox 2490 4654 2543 4698; x_wconf 91' lang='lat' dir='ltr'><strong>et</strong></span> <span class='ocrx_word' id='word_1_779' title='bbox 2592 4645 2824 4713; x_wconf 87' lang='lat' dir='ltr'><strong>sigillum</strong></span> <span class='ocrx_word' id='word_1_780' title='bbox 2875 4645 3325 4714; x_wconf 81' lang='lat' dir='ltr'><strong>desponsatm-um</strong></span> <span class='ocrx_word' id='word_1_781' title='bbox 3369 4647 3426 4698; x_wconf 82' lang='lat' dir='ltr'><strong>tit</strong></span> 
     </span>
    </p>
   </div>
   <div class='ocr_carea' id='block_1_109' title="bbox 1863 4737 3425 4807">
    <p class='ocr_par' dir='ltr' id='par_1_109' title="bbox 1863 4737 3425 4807">
     <span class='ocr_line' id='line_1_109' title="bbox 1863 4737 3425 4807; baseline 0 -17"><span class='ocrx_word' id='word_1_782' title='bbox 1863 4751 1960 4806; x_wconf 88' lang='lat' dir='ltr'><strong>per</strong></span> <span class='ocrx_word' id='word_1_783' title='bbox 2005 4752 2246 4800; x_wconf 79' lang='lat' dir='ltr'><strong>crucem,</strong></span> <span class='ocrx_word' id='word_1_784' title='bbox 2296 4750 2401 4803; x_wconf 92' lang='lat' dir='ltr'><strong>quo</strong></span> <span class='ocrx_word' id='word_1_785' title='bbox 2449 4745 2597 4807; x_wconf 84' lang='lat' dir='ltr'><strong>patet</strong></span> <span class='ocrx_word' id='word_1_786' title='bbox 2629 4751 2765 4804; x_wconf 88' lang='lat' dir='ltr'><strong>opus</strong></span> <span class='ocrx_word' id='word_1_787' title='bbox 2815 4751 2876 4788; x_wconf 77' lang='lat' dir='ltr'><strong>ex</strong></span> <span class='ocrx_word' id='word_1_788' title='bbox 2932 4738 3039 4789; x_wconf 82' lang='lat' dir='ltr'><strong>Deo</strong></span> <span class='ocrx_word' id='word_1_789' title='bbox 3086 4751 3224 4794; x_wconf 84' lang='lat' dir='ltr'><strong>esse.</strong></span> <span class='ocrx_word' id='word_1_790' title='bbox 3258 4749 3311 4791; x_wconf 91' lang='lat' dir='ltr'><strong>et</strong></span> <span class='ocrx_word' id='word_1_791' title='bbox 3369 4737 3425 4790; x_wconf 89' lang='lat' dir='ltr'><strong>in</strong></span> 
     </span>
    </p>
   </div>
   <div class='ocr_carea' id='block_1_110' title="bbox 1858 4828 3423 4898">
    <p class='ocr_par' dir='ltr' id='par_1_110' title="bbox 1858 4828 3423 4898">
     <span class='ocr_line' id='line_1_110' title="bbox 1858 4828 3423 4898; baseline -0.001 -15"><span class='ocrx_word' id='word_1_792' title='bbox 1858 4828 2079 4883; x_wconf 87' lang='lat' dir='ltr'><strong>Christo</strong></span> <span class='ocrx_word' id='word_1_793' title='bbox 2114 4829 2351 4896; x_wconf 88' lang='lat' dir='ltr'><strong>incipere</strong></span> <span class='ocrx_word' id='word_1_794' title='bbox 2379 4867 2391 4890; x_wconf 89' lang='lat'><strong>,</strong></span> <span class='ocrx_word' id='word_1_795' title='bbox 2443 4829 2639 4881; x_wconf 79' lang='lat' dir='ltr'><strong>futuris</strong></span> <span class='ocrx_word' id='word_1_796' title='bbox 2667 4829 2982 4898; x_wconf 86' lang='lat' dir='ltr'><strong>conjugibus</strong></span> <span class='ocrx_word' id='word_1_797' title='bbox 3012 4838 3067 4881; x_wconf 91' lang='lat' dir='ltr'><strong>et</strong></span> <span class='ocrx_word' id='word_1_798' title='bbox 3099 4844 3285 4882; x_wconf 87' lang='lat' dir='ltr'><strong>eorum</strong></span> <span class='ocrx_word' id='word_1_799' title='bbox 3323 4844 3423 4898; x_wconf 80' lang='lat' dir='ltr'><strong>pa-</strong></span> 
     </span>
    </p>
   </div>
   <div class='ocr_carea' id='block_1_111' title="bbox 1861 4919 3423 4988">
    <p class='ocr_par' dir='ltr' id='par_1_111' title="bbox 1861 4919 3423 4988">
     <span class='ocr_line' id='line_1_111' title="bbox 1861 4919 3423 4988; baseline 0.001 -15"><span class='ocrx_word' id='word_1_800' title='bbox 1861 4921 2033 4974; x_wconf 89' lang='lat' dir='ltr'><strong>tribus</strong></span> <span class='ocrx_word' id='word_1_801' title='bbox 2060 4919 2324 4974; x_wconf 87' lang='lat' dir='ltr'><strong>calamum</strong></span> <span class='ocrx_word' id='word_1_802' title='bbox 2350 4919 2713 4988; x_wconf 82' lang='lat' dir='ltr'><strong>tangentibus,</strong></span> <span class='ocrx_word' id='word_1_803' title='bbox 2749 4919 2815 4971; x_wconf 90' lang='lat' dir='ltr'><strong>ita</strong></span> <span class='ocrx_word' id='word_1_804' title='bbox 2851 4919 3082 4988; x_wconf 82' lang='lat' dir='ltr'><strong>singulis</strong></span> <span class='ocrx_word' id='word_1_805' title='bbox 3113 4920 3423 4975; x_wconf 86' lang='lat' dir='ltr'><strong>libertatem</strong></span> 
     </span>
    </p>
   </div>
   <div class='ocr_carea' id='block_1_112' title="bbox 1861 5008 3421 5080">
    <p class='ocr_par' dir='ltr' id='par_1_112' title="bbox 1861 5008 3421 5080">
     <span class='ocr_line' id='line_1_112' title="bbox 1861 5008 3421 5080; baseline -0.002 -14"><span class='ocrx_word' id='word_1_806' title='bbox 1861 5022 1912 5066; x_wconf 88' lang='lat' dir='ltr'><strong>et</strong></span> <span class='ocrx_word' id='word_1_807' title='bbox 1934 5019 2282 5080; x_wconf 83' lang='lat' dir='ltr'><strong>spontaneam</strong></span> <span class='ocrx_word' id='word_1_808' title='bbox 2303 5010 2630 5062; x_wconf 81' lang='lat' dir='ltr'><strong>voluntatem</strong></span> <span class='ocrx_word' id='word_1_809' title='bbox 2657 5010 2761 5061; x_wconf 89' lang='lat' dir='ltr'><strong>isto</strong></span> <span class='ocrx_word' id='word_1_810' title='bbox 2777 5008 2935 5062; x_wconf 89' lang='lat' dir='ltr'><strong>modo</strong></span> <span class='ocrx_word' id='word_1_811' title='bbox 2961 5011 3421 5078; x_wconf 74' lang='lat' dir='ltr'><strong>expritnentibus,</strong></span> 
     </span>
    </p>
   </div>
   <div class='ocr_carea' id='block_1_113' title="bbox 1859 5096 3418 5170">
    <p class='ocr_par' dir='ltr' id='par_1_113' title="bbox 1859 5096 3418 5170">
     <span class='ocr_line' id='line_1_113' title="bbox 1859 5096 3418 5170; baseline -0.001 -14"><span class='ocrx_word' id='word_1_812' title='bbox 1859 5096 1934 5156; x_wconf 18' lang='lat' dir='ltr'><strong>et.</strong></span> <span class='ocrx_word' id='word_1_813' title='bbox 1979 5103 2236 5170; x_wconf 81' lang='lat' dir='ltr'><strong>quoniam</strong></span> <span class='ocrx_word' id='word_1_814' title='bbox 2273 5099 2523 5153; x_wconf 89' lang='lat' dir='ltr'><strong>Christus</strong></span> <span class='ocrx_word' id='word_1_815' title='bbox 2569 5115 2662 5153; x_wconf 90' lang='lat' dir='ltr'><strong>eos</strong></span> <span class='ocrx_word' id='word_1_816' title='bbox 2714 5100 3016 5168; x_wconf 86' lang='lat' dir='ltr'><strong>conjungit.</strong></span> <span class='ocrx_word' id='word_1_817' title='bbox 3078 5101 3418 5169; x_wconf 84' lang='lat' dir='ltr'><strong>Quapropter</strong></span> 
     </span>
    </p>
   </div>
   <div class='ocr_carea' id='block_1_114' title="bbox 1859 5190 3420 5261">
    <p class='ocr_par' dir='ltr' id='par_1_114' title="bbox 1859 5190 3420 5261">
     <span class='ocr_line' id='line_1_114' title="bbox 1859 5190 3420 5261; baseline 0.003 -16"><span class='ocrx_word' id='word_1_818' title='bbox 1859 5192 2006 5245; x_wconf 91' lang='lat' dir='ltr'><strong>hunc</strong></span> <span class='ocrx_word' id='word_1_819' title='bbox 2034 5191 2267 5259; x_wconf 88' lang='lat' dir='ltr'><strong>primum</strong></span> <span class='ocrx_word' id='word_1_820' title='bbox 2301 5190 2549 5255; x_wconf 87' lang='lat' dir='ltr'><strong>adorant,</strong></span> <span class='ocrx_word' id='word_1_821' title='bbox 2572 5200 2627 5244; x_wconf 88' lang='lat' dir='ltr'><strong>et</strong></span> <span class='ocrx_word' id='word_1_822' title='bbox 2654 5190 2846 5244; x_wconf 86' lang='lat' dir='ltr'><strong>deinde</strong></span> <span class='ocrx_word' id='word_1_823' title='bbox 2869 5191 3134 5244; x_wconf 82' lang='lat' dir='ltr'><strong>calamum</strong></span> <span class='ocrx_word' id='word_1_824' title='bbox 3171 5200 3420 5261; x_wconf 75' lang='lat' dir='ltr'><strong>tangunt.</strong></span> 
     </span>
    </p>
   </div>
   <div class='ocr_carea' id='block_1_115' title="bbox 1858 5281 3418 5351">
    <p class='ocr_par' dir='ltr' id='par_1_115' title="bbox 1858 5281 3418 5351">
     <span class='ocr_line' id='line_1_115' title="bbox 1858 5281 3418 5351; baseline 0.001 -14"><span class='ocrx_word' id='word_1_825' title='bbox 1858 5295 1912 5337; x_wconf 87' lang='lat' dir='ltr'><strong>et</strong></span> <span class='ocrx_word' id='word_1_826' title='bbox 1975 5283 2230 5351; x_wconf 84' lang='lat' dir='ltr'><strong>quoniam</strong></span> <span class='ocrx_word' id='word_1_827' title='bbox 2271 5281 2520 5335; x_wconf 86' lang='lat' dir='ltr'><strong>Christus</strong></span> <span class='ocrx_word' id='word_1_828' title='bbox 2553 5297 2646 5335; x_wconf 88' lang='lat' dir='ltr'><strong>eos</strong></span> <span class='ocrx_word' id='word_1_829' title='bbox 2695 5282 2911 5350; x_wconf 89' lang='lat' dir='ltr'><strong>alligat,</strong></span> <span class='ocrx_word' id='word_1_830' title='bbox 2949 5284 3127 5338; x_wconf 86' lang='lat' dir='ltr'><strong>crucis</strong></span> <span class='ocrx_word' id='word_1_831' title='bbox 3160 5285 3418 5338; x_wconf 84' lang='lat' dir='ltr'><strong>dicuntur</strong></span> 
     </span>
    </p>
   </div>
   <div class='ocr_carea' id='block_1_116' title="bbox 1860 5372 3417 5443">
    <p class='ocr_par' dir='ltr' id='par_1_116' title="bbox 1860 5372 3417 5443">
     <span class='ocr_line' id='line_1_116' title="bbox 1860 5372 3417 5443; baseline 0.002 -17"><span class='ocrx_word' id='word_1_832' title='bbox 1860 5373 2091 5435; x_wconf 75' lang='lat' dir='ltr'><strong>vincula,</strong></span> <span class='ocrx_word' id='word_1_833' title='bbox 2129 5387 2305 5440; x_wconf 87' lang='lat' dir='ltr'><strong>neque</strong></span> <span class='ocrx_word' id='word_1_834' title='bbox 2337 5372 2462 5426; x_wconf 86' lang='lat' dir='ltr'><strong>licet</strong></span> <span class='ocrx_word' id='word_1_835' title='bbox 2510 5387 2571 5425; x_wconf 80' lang='lat' dir='ltr'><strong>ea</strong></span> <span class='ocrx_word' id='word_1_836' title='bbox 2633 5373 2842 5426; x_wconf 62' lang='lat' dir='ltr'><strong>salvere</strong></span> <span class='ocrx_word' id='word_1_837' title='bbox 2887 5374 3017 5442; x_wconf 85' lang='lat' dir='ltr'><strong>quin</strong></span> <span class='ocrx_word' id='word_1_838' title='bbox 3063 5376 3306 5443; x_wconf 64' lang='lat' dir='ltr'><strong>quietiam</strong></span> <span class='ocrx_word' id='word_1_839' title='bbox 3351 5391 3417 5429; x_wconf 74' lang='lat' dir='ltr'><strong>ex</strong></span> 
     </span>
    </p>
   </div>
   <div class='ocr_carea' id='block_1_117' title="bbox 1858 5464 3423 5534">
    <p class='ocr_par' dir='ltr' id='par_1_117' title="bbox 1858 5464 3423 5534">
     <span class='ocr_line' id='line_1_117' title="bbox 1858 5464 3423 5534; baseline 0.002 -16"><span class='ocrx_word' id='word_1_840' title='bbox 1858 5465 1974 5534; x_wconf 84' lang='lat' dir='ltr'><strong>lege</strong></span> <span class='ocrx_word' id='word_1_841' title='bbox 2005 5471 2430 5532; x_wconf 85' lang='lat' dir='ltr'><strong>consequantur,</strong></span> <span class='ocrx_word' id='word_1_842' title='bbox 2464 5464 2650 5517; x_wconf 87' lang='lat' dir='ltr'><strong>eadem</strong></span> <span class='ocrx_word' id='word_1_843' title='bbox 2685 5479 2749 5517; x_wconf 90' lang='lat' dir='ltr'><strong>ac</strong></span> <span class='ocrx_word' id='word_1_844' title='bbox 2781 5465 2847 5517; x_wconf 85' lang='lat' dir='ltr'><strong>de</strong></span> <span class='ocrx_word' id='word_1_845' title='bbox 2871 5466 3112 5534; x_wconf 75' lang='lat' dir='ltr'><strong>perfecto</strong></span> <span class='ocrx_word' id='word_1_846' title='bbox 3140 5467 3423 5521; x_wconf 86' lang='lat' dir='ltr'><strong>matrimo-</strong></span> 
     </span>
    </p>
   </div>
   <div class='ocr_carea' id='block_1_118' title="bbox 1859 5555 3415 5626">
    <p class='ocr_par' dir='ltr' id='par_1_118' title="bbox 1859 5555 3415 5626">
     <span class='ocr_line' id='line_1_118' title="bbox 1859 5555 3415 5626; baseline 0.003 -17"><span class='ocrx_word' id='word_1_847' title='bbox 1859 5556 1970 5614; x_wconf 89' lang='lat' dir='ltr'><strong>nio.</strong></span> <span class='ocrx_word' id='word_1_848' title='bbox 1996 5555 2037 5609; x_wconf 91' lang='lat' dir='ltr'><strong>si</strong></span> <span class='ocrx_word' id='word_1_849' title='bbox 2069 5569 2247 5616; x_wconf 67' lang='lat' dir='ltr'><strong>secus,</strong></span> <span class='ocrx_word' id='word_1_850' title='bbox 2284 5563 2565 5622; x_wconf 83' lang='lat' dir='ltr'><strong>peccatum</strong></span> <span class='ocrx_word' id='word_1_851' title='bbox 2609 5556 2711 5608; x_wconf 89' lang='lat' dir='ltr'><strong>erit</strong></span> <span class='ocrx_word' id='word_1_852' title='bbox 2746 5557 2958 5609; x_wconf 81' lang='lat' dir='ltr'><strong>solutio.</strong></span> <span class='ocrx_word' id='word_1_853' title='bbox 2989 5557 3186 5610; x_wconf 85' lang='lat' dir='ltr'><strong>Verum</strong></span> <span class='ocrx_word' id='word_1_854' title='bbox 3221 5574 3415 5626; x_wconf 85' lang='lat' dir='ltr'><strong>supcr-</strong></span> 
     </span>
    </p>
   </div>
   <div class='ocr_carea' id='block_1_119' title="bbox 1867 5645 3413 5717">
    <p class='ocr_par' dir='ltr' id='par_1_119' title="bbox 1867 5645 3413 5717">
     <span class='ocr_line' id='line_1_119' title="bbox 1867 5645 3413 5717; baseline 0.003 -17"><span class='ocrx_word' id='word_1_855' title='bbox 1867 5647 2114 5700; x_wconf 76' lang='lat' dir='ltr'><strong>vczzicutc</strong></span> <span class='ocrx_word' id='word_1_856' title='bbox 2151 5645 2459 5713; x_wconf 89' lang='lat' dir='ltr'><strong>nuptiarum</strong></span> <span class='ocrx_word' id='word_1_857' title='bbox 2511 5645 2618 5705; x_wconf 85' lang='lat' dir='ltr'><strong>die,</strong></span> <span class='ocrx_word' id='word_1_858' title='bbox 2656 5646 2916 5712; x_wconf 86' lang='lat' dir='ltr'><strong>templum</strong></span> <span class='ocrx_word' id='word_1_859' title='bbox 2946 5647 3147 5701; x_wconf 82' lang='lat' dir='ltr'><strong>adeunt</strong></span> <span class='ocrx_word' id='word_1_860' title='bbox 3177 5665 3413 5717; x_wconf 73' lang='lat' dir='ltr'><strong>sponsus</strong></span> 
     </span>
    </p>
   </div>
   <div class='ocr_carea' id='block_1_120' title="bbox 1856 5733 3410 5802">
    <p class='ocr_par' dir='ltr' id='par_1_120' title="bbox 1856 5733 3410 5802">
     <span class='ocr_line' id='line_1_120' title="bbox 1856 5733 3410 5802; baseline 0.002 -13"><span class='ocrx_word' id='word_1_861' title='bbox 1856 5746 1910 5789; x_wconf 88' lang='lat' dir='ltr'><strong>et</strong></span> <span class='ocrx_word' id='word_1_862' title='bbox 1937 5751 2155 5800; x_wconf 80' lang='lat' dir='ltr'><strong>Sponsa,</strong></span> <span class='ocrx_word' id='word_1_863' title='bbox 2190 5750 2310 5787; x_wconf 89' lang='lat' dir='ltr'><strong>nam</strong></span> <span class='ocrx_word' id='word_1_864' title='bbox 2349 5750 2376 5786; x_wconf 86' lang='lat' dir='ltr'><strong>a</strong></span> <span class='ocrx_word' id='word_1_865' title='bbox 2411 5733 2517 5786; x_wconf 82' lang='lat' dir='ltr'><strong>Deo</strong></span> <span class='ocrx_word' id='word_1_866' title='bbox 2539 5733 2763 5802; x_wconf 86' lang='lat' dir='ltr'><strong>ejusque</strong></span> <span class='ocrx_word' id='word_1_867' title='bbox 2790 5735 3022 5788; x_wconf 71' lang='lat' dir='ltr'><strong>Ecclesia</strong></span> <span class='ocrx_word' id='word_1_868' title='bbox 3047 5737 3128 5788; x_wconf 91' lang='lat' dir='ltr'><strong>vir</strong></span> <span class='ocrx_word' id='word_1_869' title='bbox 3153 5738 3410 5792; x_wconf 81' lang='lat' dir='ltr'><strong>feminam</strong></span> 
     </span>
    </p>
   </div>
   <div class='ocr_carea' id='block_1_121' title="bbox 1861 5823 3402 5899">
    <p class='ocr_par' dir='ltr' id='par_1_121' title="bbox 1861 5823 3402 5899">
     <span class='ocr_line' id='line_1_121' title="bbox 1861 5823 3402 5899; baseline 0.003 -18"><span class='ocrx_word' id='word_1_870' title='bbox 1861 5827 2075 5896; x_wconf 82' lang='lat' dir='ltr'><strong>accipit,</strong></span> <span class='ocrx_word' id='word_1_871' title='bbox 2114 5836 2164 5880; x_wconf 82' lang='lat' dir='ltr'><strong>ct</strong></span> <span class='ocrx_word' id='word_1_872' title='bbox 2198 5823 2472 5890; x_wconf 82' lang='lat' dir='ltr'><strong>sacerdos,</strong></span> <span class='ocrx_word' id='word_1_873' title='bbox 2516 5839 2668 5879; x_wconf 77' lang='lat' dir='ltr'><strong>sacra</strong></span> <span class='ocrx_word' id='word_1_874' title='bbox 2699 5825 2831 5880; x_wconf 78' lang='lat' dir='ltr'><strong>stola</strong></span> <span class='ocrx_word' id='word_1_875' title='bbox 2864 5826 3106 5895; x_wconf 85' lang='lat' dir='ltr'><strong>indutus,</strong></span> <span class='ocrx_word' id='word_1_876' title='bbox 3170 5829 3402 5899; x_wconf 86' lang='lat' dir='ltr'><strong>primunt</strong></span> 
     </span>
    </p>
   </div>
  </div>
