4208 6440
735 334 844 398 507

1563 327 1942 388 SYMEONIS
1974 327 2731 391 TllESSALONlCENSlS
2772 326 3132 392 ABCHIEP.

3885 333 4000 400 508

737 443 957 514 qu’dem
991 455 1158 493 saepe
1203 452 1403 492 mensrc
1466 435 1699 504 imponit
1753 435 2012 489 annulum
2071 437 2308 489 ferreum

2470 452 2527 488 τε
2560 436 2793 503 νυμφίος
2823 437 2916 490 καὶ
2945 438 2977 508 ἡ
3009 439 3198 507 νύμφη
3247 436 3510 504 γίνονται.
3545 439 3704 508 Παρὰ
3735 442 3832 495 τοῦ
3863 443 4007 497 Θεοῦ

737 540 959 601 proliter
999 530 1164 582 robur
1201 527 1341 590 viri,
1380 536 1434 577 et
1484 526 1742 578 annulum
1795 541 2022 578 aureum
2085 534 2311 593 propter

741 623 1008 677 inﬁrmam
1086 617 1331 686 corporis
1400 617 1849 670 constitutionem
1911 626 1965 670 et
2020 617 2310 686 puritatem

742 715 1008 778 mulieris,
1042 722 1207 780 atque
1240 718 1425 764 sancta
1472 711 1622 777 prius
1654 717 1970 762 consecrata
1994 750 2008 770 ,
2051 710 2310 776 quoniam

741 809 795 860 in
819 816 1111 873 conspectu
1139 802 1342 857 Christi
1372 819 1512 872 Opus
1539 801 1839 871 perﬁcitur,
1871 810 1925 854 et
1957 801 2072 869 ipse
2099 802 2204 854 erit
2230 801 2313 856 eis

739 899 792 951 in
829 898 1117 953 sanctitate
1164 904 1220 950 et
1267 905 1414 948 recta
1470 895 1523 948 in
1571 880 1836 948 eum'ﬁde
1864 901 2028 961 atque
2059 892 2311 948 castitate

740 991 1055 1050 tonitnunio
1085 999 1141 1043 ct
1170 989 1449 1043 adunalio.

2416 530 2527 598 γὰρ
2560 532 2653 593 καὶ
2681 529 2781 597 τῆς
2823 530 3156 598 Ἐκκλησίας
3182 530 3349 584 αὐτοῦ
3380 533 3408 584 6
3446 532 3587 601 ἀνὴρ
3618 533 3716 600 τὴν
3761 540 4010 602 γυναῖκα

2414 621 2706 686 λαμϐάνει.
2739 621 2849 675 Καὶ
2897 623 2925 675 6
2960 623 3141 690 ἱερεὺς
3180 624 3331 693 ἱερὰν
3384 623 3581 693 στολὴν
3611 626 4010 695 ἐνδυσάμενος.

2417 717 2634 785 πρῶτον
2666 714 2766 781 μὲν
2787 719 2851 784 τῇ
2889 715 3012 785 ἱερᾷ
3045 714 3224 785 τίθησι
3249 717 3506 790 τραπέζῃ
3535 717 3824 771 δακτύλιον
3853 722 4009 789 σιδη-

2425 805 2552 876 ροῦν
2583 805 2670 858 διὰ
2694 805 2757 864 τὸ
2783 806 3012 878 στερρὸν
3039 805 3132 860 τοῦ
3163 806 3380 878 ἀνδρὸς,
3414 809 3512 861 καὶ
3552 808 3846 862 δακτύλιον
3877 827 4012 877 χρυ-

2423 897 2575 959 σοῦν,
2614 896 2704 950 διὰ
2760 896 2823 949 τὸ
2849 897 3061 958 ἁπαλόν
3092 915 3150 951 τε
3209 899 3306 951 καὶ
3339 899 3503 965 ἁγνὸν
3545 899 3646 968 τῆς
3699 902 4006 967 γυναικός·

2425 990 2521 1044 καὶ
2555 990 2623 1043 τὰ
2660 990 3079 1060 προηγιασμένα
3139 991 3307 1055 ἆγια,
3358 991 3443 1043 ὅτι
3491 990 3727 1046 ὲνὼπιον
3771 992 4012 1060 Χριστοῦ

739 1085 950 1151 γίνεται
980 1087 1040 1137 τὸ
1072 1084 1254 1156 ἔργον,
1285 1084 1380 1137 καὶ
1430 1083 1592 1147 αὐτος
1630 1083 1784 1136 ἔσται
1847 1080 2055 1145 τούτοις
2110 1082 2169 1134 ἐν
2226 1081 2489 1154 ἁγιασμῷ
2534 1082 2630 1138 καὶ
2663 1084 2729 1155 τῇ
2763 1082 2898 1154 πρὸς
2928 1081 3090 1138 αὐτὸν
3127 1081 3260 1154 ὀρθῇ
3320 1082 3502 1137 πίστει
3547 1084 3640 1136 καὶ
3683 1082 4018 1154 σωφροσύνῃ

747 1178 996 1230 κοινωνία
1035 1179 1129 1230 καὶ
1156 1178 1369 1238 ἔνωσις.

1228 1293 1456 1352 CAPUT
1487 1292 1660 1349 ηοω
1675 1291 1833 1346 XVII.

750 1395 871 1451 Non
912 1411 1020 1450 esse
1067 1391 1412 1447 ntatrimom'o
1452 1387 1780 1456 jungendum
1812 1384 2166 1439 orthodoxam
2201 1399 2317 1439 cum

1306 1477 1453 1514 secus
1479 1460 1752 1512 sentiente.

815 1559 1161 1624 Quapropter
1196 1566 1475 1620 nunquam
1527 1549 1655 1604 licet
1681 1546 1985 1602 orthodoxe
2015 1545 2314 1601 heterodo-

748 1664 868 1703 xam
899 1648 1124 1704 ducere.
1150 1658 1276 1697 nam
1321 1657 1443 1712 quae
1481 1656 1642 1711 pars,
1680 1639 1760 1694 ait
1796 1638 2088 1709 Apostolus
2116 1677 2130 1703 ,
2168 1636 2313 1692 ﬁdeli

751 1757 874 1794 eum
907 1738 1152 1794 inﬁdeli?
1190 1736 1396 1791 Deinde
1421 1735 1679 1790 sacerdos
1713 1733 1768 1787 in
1800 1747 1987 1786 mensa
2014 1731 2184 1787 altera
2219 1745 2315 1785 ca-

2989 1291 3245 1348 ΚΕΦΔΛ.
3282 1295 3445 1347 ΣοΖ’.

2507 1398 2510 1400 ⁷
2600 1381 2734 1439 Ὀτι
2779 1385 2853 1440 οὐ
2875 1383 2995 1455 χρὴ
3031 1385 3453 1442 συνάπτεσθαι
3508 1384 3848 1455 ὀρθόδοξον

3025 1456 3399 1526 ἐτερόφροιν.

2496 1546 2588 1599 Aio
2621 1545 2698 1616 μὴ
2731 1547 3036 1600 συναπτέον
3055 1547 3190 1610 ὅλως
3220 1547 3502 1618 ὀρθόδοξον
3535 1547 3893 1616 ἐτερόφρονι.
3928 1547 4013 1610 Τίς

2423 1641 2556 1710 γὰρ,
2621 1641 2781 1707 φησὶ,
2842 1641 2999 1708 μερὶς
3055 1638 3236 1708 πιστῷ
3295 1641 3432 1709 μετὰ
3479 1640 3752 1705 (inferae;
3807 1641 3925 1692 Καὶ
3965 1640 4015 1689 ἐν

2426 1731 2839 1802 παρατραπὲζῳ
2876 1733 2932 1786 δέ
2964 1750 3071 1786 τινι
3124 1732 3183 1797 ἐξ
3213 1733 3358 1785 οίνου
3416 1734 3676 1802 ποτήριον
3702 1732 3929 1801 τίθησι,
3961 1732 4014 1782 τι

751 1829 906 1882 licem
943 1826 1095 1895 ponit
1121 1840 1185 1878 ex
1223 1823 1372 1886 vine,
1408 1836 1755 1876 communem
1803 1819 1924 1875 ideo
1967 1819 2192 1875 calicem
2224 1833 2323 1888 ap-

2449 1824 2766 1894 ωλούμενον
2798 1825 2939 1878 οὕτω
2972 1824 3150 1878 κοινὸν
3175 1825 3311 1892 ποτή
3324 1841 3460 1892 ριον,
3498 1825 3597 1894 τὴν
3628 1822 4020 1892 ὁμοφροςύνην

753 1922 1008 1992 pellatum
1035 1933 1144 1987 quo
1182 1916 1470 1972 concordia
1498 1915 1806 1969 ostenditur
1828 1913 2058 1982 vitasque
2085 1927 2331 1968 commu-

756 2015 902 2068 nitas
940 2022 988 2065 et
1033 2010 1313 2080 gaudium.
1351 2010 1418 2062 Et
1448 2009 1528 2062 sic
1564 2021 1817 2076 egressus
1864 2007 1916 2060 in
1969 2006 2202 2074 porticu,
2248 2004 2331 2060 vel

757 2105 898 2158 intra
939 2104 1085 2157 fores
1127 2102 1334 2172 templi,
1369 2100 1522 2170 quasi
1555 2109 1683 2154 tunc
1718 2099 2067 2153 solummodo
2104 2098 2333 2154 daretur

759 2198 1154 2252 benedictionis
1185 2195 1507 2266 principium
1530 2203 1586 2249 et
1609 2201 1818 2248 starent
1839 2193 1894 2247 in
1921 2193 2185 2247 vestibulo
2203 2207 2332 2261 ope-

761 2293 854 2355 ris,
895 2293 1182 2345 aribarum
1212 2289 1467 2356 adimpch
1504 2288 1691 2349 ritum,
1725 2301 1846 2339 nam
1885 2286 1953 2340 ad
1994 2287 2100 2341 hoc
2133 2285 2327 2354 prolati

759 2381 1081 2434 ordinantur
1127 2381 1339 2443 annuli,
1376 2390 1435 2433 ut
1465 2379 1810 2434 concordiam
1842 2388 1897 2433 et
1924 2379 2157 2450 sigillum
2196 2393 2330 2433 con-

757 2484 966 2530 tractus
992 2474 1318 2544 signiﬁcem.

1200 2565 1428 2620 CAPUT
1485 2563 1874 2621 CCLXXVIII.

963 2664 1036 2716 De
1065 2661 1445 2714 arrhabonibns
1473 2659 1776 2727 [nunerum
1805 2659 2136 2729 nuptiarum.

833 2758 1000 2810 Deum
1043 2772 1170 2825 ergo
1215 2755 1487 2808 benedicit
1533 2751 1812 2818 sacerdos,
1850 2761 1928 2817 et,
2005 2768 2138 2819 pace
2165 2751 2330 2818 dicta,

759 2865 927 2917 qnnm
979 2863 1115 2917 opus
1166 2847 1234 2900 sit
1290 2860 1422 2914 pace
1468 2860 1586 2913 quae
1632 2860 1662 2897 a
1694 2843 1804 2898 Deo
1834 2853 1938 2908 est,
1965 2845 2103 2899 acin
2125 2859 2256 2914 pace
2278 2852 2334 2898 et

763 2953 1184 3010 propter-pacem
1215 2949 1379 3007 atque
1401 2936 1745 2993 concordiam
1778 2937 2126 3005 conveniant,
2155 2940 2330 2994 virum

762 3035 980 3102 quidem
1012 3033 1240 3088 collocat
1270 3032 1523 3086 adexlris
1554 3047 1676 3084 cum
1718 3031 1818 3085 iste
1860 3032 2114 3101 princeps
2154 3032 2224 3086 sit
2279 3042 2330 3086 et

2433 1913 2629 1982 δηλοῦν
2661 1915 2754 1967 καὶ
2781 1914 3069 1968 κοινωνίαν
3103 1914 3196 1968 τοῦ
3231 1914 3348 1983 βίου
3375 1913 3472 1967 καὶ
3503 1914 3875 1983 εὐφροσύνην.
3919 1916 4022 1966 Καὶ

2434 2007 2605 2069 οὕτως
2636 2006 2871 2071 ἐξελθὼν
2918 2009 2975 2060 ὲν
3011 2007 3089 2076 τῷ
3119 2007 3372 2075 νάρθηκι,
3405 2007 3439 2076 ἢ
3483 2006 3630 2060 ἔνδον
3685 2006 3801 2058 τῶν
3837 2006 4023 2059 πυλῶν

2432 2098 2530 2152 τοῦ
2575 2097 2728 2164 ναοῦ,
2762 2100 2837 2161 ὡς
2861 2099 2959 2168 τῆς
3001 2098 3258 2168 ἀπαρχῆς
3287 2099 3575 2167 διδομένης
3604 2099 3703 2166 τῆς
3739 2097 4023 2161 εὐλογίας.

2435 2191 2528 2245 καὶ
2559 2193 2616 2245 ἐν
2644 2191 2940 2263 προθύροις
2981 2192 3076 2246 τοῦ
3108 2191 3271 2261 ἔργου
3320 2193 3493 2255 ὄντος,
3525 2191 3590 2243 τὰ
3619 2191 3728 2243 τῶν
3759 2191 4022 2264 ἀρραϐώ-

2435 2304 2542 2339 νων
2572 2291 2832 2342 ποιεῖται.
2859 2289 2952 2351 Εἰς
2985 2285 3143 2340 τοῦτο
3169 2289 3277 2356 γὰρ
3305 2286 3401 2338 καὶ
3427 2285 3757 2354 τεταγμένοι
3798 2285 3948 2336 εἰσὶν
3981 2286 4023 2334 οἱ

2435 2378 2794 2448 προτεθέντες
2851 2379 3132 2433 δακτύλιοι
3167 2378 3255 2431 διὰ
3299 2376 3396 2448 τὴν
3436 2376 3765 2448 συμφωνίαν
3802 2376 3902 2429 καὶ
3933 2375 4030 2443 τὴν

2437 2473 2715 2544 σφραγῖδα
2743 2475 2840 2527 τοῦ
2863 2472 3336 2541 συναλλάγματος.

2990 2565 3249 2619 ΚΕΦᾹΛ.
3293 2564 3464 2620 ΣΟῙΡ.

2881 2659 3022 2727 Περὶ
3055 2659 3177 2713 τῶν
3207 2658 3560 2729 μνήστρων.

2507 2751 2737 2820 Εὐλογεῖ
2761 2749 2854 2806 οῦν
2883 2751 2975 2804 τὸν
3001 2750 3134 2804 Θεὸν
3159 2753 3186 2804 6
3223 2751 3404 2822 ἱερεύς
3425 2769 3438 2784 ο
3474 2753 3570 2804 καὶ
3601 2749 3708 2803 τῶν
3730 2746 4037 2819 είρηνικῶν

2435 2842 2772 2911 λεγομένων,
2797 2843 2920 2894 ἐπεὶ
2946 2843 3039 2896 καὶ
3070 2843 3230 2913 χρεία
3265 2843 3366 2906 τῆς
3398 2844 3461 2896 ἐκ
3496 2842 3630 2896 Θεοῦ
3681 2842 3911 2910 εἰρήνης
3939 2842 4039 2891 καὶ

2435 2936 2494 2987 έν
2533 2937 2725 3006 εἰρήνῃ
2751 2937 2845 2990 καὶ
2869 2935 2936 2987 δι’
2970 2935 3199 3005 είρήνην
3230 2937 3595 2990 συνάπτονται
3618 2936 3714 2988 καὶ
3740 2933 4034 3002 ὁμόνοιαν,

2443 3028 2572 3099 ἱστᾷ
2601 3029 2691 3081 τὸν
2725 3027 2824 3096 μὲν
2863 3027 3031 3096 ἄνδρα.
3066 3030 3131 3080 ὲκ
3182 3026 3396 3091 δεξιῶν,
3427 3027 3549 3079 ἐπεὶ
3596 3028 3692 3079 καὶ
3723 3019 3883 3086 οὗτος
3934 3025 4040 3092 ἄρ-

765 3142 922 3193 capin
961 3125 1224 3187 mulieris,
1287 3124 1573 3194 mulierem
1619 3137 1748 3176 vero
1777 3138 1808 3176 a
1866 3123 2110 3178 sinistris
2143 3133 2331 3193 utpote

2449 3140 2559 3190 χων
2615 3123 2711 3174 καὶ
2744 3121 2958 3189 κεφαλὴ
3009 3121 3108 3186 τῆς
3141 3120 3427 3188 γυναικὸς,
3455 3118 3557 3187 τὴν
3602 3119 3841 3187 γυναῖκα
3871 3118 3936 3170 δὲ
3980 3117 4039 3180 ἐξ

769 3217 1101 3280 inferiorem,
1143 3224 1196 3270 et
1223 3217 1354 3284 quia
1388 3230 1418 3268 a
1449 3214 1619 3268 latere
1652 3214 1769 3283 ejus
1797 3223 1900 3280 est,
1936 3216 2019 3269 vir
2046 3217 2193 3270 enim
2261 3216 2341 3271 fe-

769 3311 927 3362 minae
964 3308 1311 3377 principium.
1344 3306 1472 3362 Post
1513 3323 1722 3376 pacem,
1776 3315 2030 3378 precatur
2081 3315 2140 3362 ut
2176 3307 2342 3376 Deus,

769 3401 1014 3468 dispersa
1056 3400 1108 3453 in
1135 3416 1302 3453 unum
1333 3414 1690 3470 congregans,
1749 3401 1839 3469 qui
1875 3399 2153 3454 benedixit
2197 3400 2345 3454 Isaac

770 3499 823 3542 et
856 3491 1120 3555 llebecca,
1146 3489 1406 3560 coniuges
1439 3490 2114 3546 benedicatbenedictione
2179 3490 2344 3561 Spiri-

775 3582 925 3635 tnali.
964 3582 1111 3636 Isaac
1143 3591 1324 3636 autem
1360 3583 1609 3637 meminit
1635 3599 1698 3637 ac
1729 3582 2011 3646 Rebecca),
2047 3584 2250 3638 nullius
2279 3600 2346 3638 ex

781 3674 1106 3742 patriarebis
1132 3675 1376 3741 alterius,
1405 3675 1663 3742 quoniam
1701 3677 1869 3730 altera
1936 3678 2086 3731 Isaae
2112 3692 2221 3731 non
2246 3693 2348 3729 nu-

776 3766 905 3835 psit,
942 3765 1191 3834 hancque.
1222 3780 1284 3818 ex
1314 3779 1512 3834 genere
1568 3781 1668 3820 suo
1731 3767 2030 3820 secundum
2059 3767 2230 3837 legem
2294 3767 2348 3821 in

780 3856 1003 3925 nuptiali
1052 3856 1253 3911 [cedere
1280 3859 1512 3926 accepit,
1540 3867 1595 3911 et
1625 3870 1771 3912 caste
1801 3873 1922 3912 eum
1945 3872 2008 3911 ea
2032 3859 2144 3912 sola
2173 3859 2348 3916 vixit:

778 3959 828 4004 et
873 3951 1129 4019 quoniam
1155 3950 1304 4004 solus
1321 3959 1437 4004 erat
1467 3951 1568 4005 iste
1590 3951 1854 4020 ingenuus
1888 3952 2158 4006 Abraham
2187 3951 2347 4018 ﬁlius,

785 4057 919 4110 puer
975 4041 1370 4097 benedictionis
1428 4058 1458 4096 a
1492 4042 1601 4096 Deo
1658 4043 1996 4098 benedictus.
2027 4044 2132 4099 Sed
2169 4046 2355 4114 gratiae

783 4149 1121 4203 nequaquam
1148 4134 1397 4188 meminit
1442 4134 1497 4188 in
1549 4137 1926 4202 matrimonio,.
1948 4137 2203 4207 quoniam
2235 4153 2354 4194 ma-

786 4227 1106 4280 trimonium
1155 4225 1479 4280 Christianis
1511 4241 1622 4280 non
1662 4237 1746 4281 est
1771 4243 1908 4296 opus
1957 4229 2111 4283 alteri
2146 4245 2358 4298 praepo-

785 4316 971 4378 situm,
1007 4316 1110 4369 etsi
1155 4331 1186 4369 a
1234 4315 1453 4371 Christo
1496 4318 1933 4373 benedictionem
1989 4329 2359 4389 consequatur

787 4416 1007 4476 propter
1031 4407 1391 4461 lubricitatem
1425 4406 1727 4472 hominum,
1757 4417 1920 4476 utque
1945 4409 2124 4464 adhuc
2145 4417 2359 4464 constet

2445 3213 2778 3281 ἀριστερῶν,
2807 3212 2882 3275 ὡς
2909 3212 3333 3281 ὑποδεεστέραν,
3365 3211 3462 3264 καὶ
3497 3210 3574 3274 ὡς
3622 3213 3689 3262 ἐκ
3717 3209 3822 3276 τῆς
3859 3209 4036 3261 πλευ-

2448 3308 2548 3375 ρᾶς
2577 3303 2767 3359 αὑτοῦ.
2830 3303 2990 3356 Aleia
3019 3305 3128 3373 γὰρ
3177 3303 3352 3366 αὐτῆς
3385 3305 3414 3356 6
3451 3303 3612 3372 ἀνήρ.
3642 3302 3756 3355 Καὶ
3794 3301 3945 3369 μετὰ
3972 3302 4040 3352 τα

2447 3395 2703 3464 εἰρηνικὰ
2759 3393 3030 3463 εὔχεται,
3108 3394 3196 3447 ἵνα
3251 3395 3279 3446 6
3320 3393 3455 3456 Θεὸς
3504 3396 3532 3446 6
3587 3391 3655 3444 τὰ
3718 3392 4041 3463 διῃρημένα

2451 3469 2777 3555 συναγαγὼν
2813 3489 2891 3550 είς
2921 3487 3175 3555 ἑνότητα,
3222 3486 3316 3539 καὶ
3364 3486 3665 3553 εὐλογήσας
3704 3483 3892 3535 Ἰσαὰκ
3946 3484 4045 3532 καὶ

2459 3581 2784 3644 Ῥεϐέκκαν,
2810 3579 2903 3631 καὶ
2937 3578 3067 3641 τοὺς
3099 3576 3546 3646 συναπτομένους
3571 3575 3852 3644 εὐλογήσῃ
3890 3574 4046 3625 εὐλο-

2451 3671 2547 3742 γία
2582 3673 2951 3740 πνευματικῇ.
2987 3670 3175 3724 Ἰσαὰκ
3234 3669 3292 3721 δὲ
3355 3671 3631 3739 μέμνηται
3679 3671 3772 3720 καὶ
3821 3667 4048 3719 Ῥεϐέκ-

2453 3783 2579 3827 κας,
2612 3764 2706 3817 καὶ
2740 3763 2839 3833 οὐχ
2889 3763 3082 3830 ἑτέρας
3133 3762 3242 3815 τῶν
3308 3762 3579 3827 παλαιῶν,
3623 3763 3706 3813 ὅτι
3741 3762 3913 3828 ἑτέρα
3953 3759 4047 3827 ’τῷ

2464 3855 2652 3909 Ἰσαὰκ
2684 3853 3046 3925 οῦ-συνήφθη,
3080 3855 3174 3907 καὶ
3221 3853 3428 3922 ταύτην
3461 3855 3526 3907 ὲκ
3579 3852 3672 3905 τοῦ
3708 3853 3908 3919 γένους
3947 3854 4047 3904 αἰ-

2454 3948 2550 4002 τοῦ
2581 3949 2829 4017 νομίμως
2857 3947 2915 3999 ἐν
2966 3947 3417 4014 συναλλάγμασιν
3449 3947 3607 3998 ἔλαϐε
3632 3962 3644 3974 ·
3677 3947 3772 3997 καὶ
3821 3946 4049 4011 σωφρο-

2459 4057 2566 4101 νως
2601 4039 2718 4108 μετ’
2777 4038 2950 4105 αὐτῆς
3002 4037 3135 4090 ἐϐίω
3168 4038 3336 4106 μόνης
3358 4053 3372 4066 ·
3409 4038 3506 4089 καὶ
3541 4037 3622 4089 ὅτι
3679 4036 3917 4104 γνήσιος
3952 4035 4048 4087 τοῦ

2469 4129 2724 4196 Ἀὖραὰμ
2753 4123 2909 4190 οὗτος
2939 4130 3070 4190 παῖς
3102 4129 3285 4197 μόνος,
3314 4130 3411 4182 καὶ
3455 4131 3513 4194 ἐξ
3556 4131 3922 4198 ἐπαγγελίας,
3957 4134 4051 4184 καὶ

2458 4220 2825 4288 εὐλογημένος
2885 4221 2992 4273 ὑπὸ
3036 4220 3195 4274 Θεοῦ.
3238 4222 3335 4274 Ἐκ
3386 4221 3495 4273 τῶν
3546 4224 3644 4290 τῆς
3698 4223 3933 4290 χάριτος
3991 4225 4045 4275 δέ

2459 4329 2607 4376 τινος
2635 4314 2696 4365 οὐ
2735 4313 3010 4383 μέμνηται
3039 4315 3096 4367 ὲν
3129 4313 3207 4384 τῷ
3238 4315 3422 4385 γάμῳ,
3466 4317 3550 4368 ὅτι
3585 4315 3646 4368 οὐ
3678 4317 4047 4384 προηγούμε-

2464 4423 2553 4458 νον
2580 4405 2741 4474 έργον
2773 4407 2886 4468 τοῖς
2928 4407 3272 4474 Χριστιανοῖς
3301 4408 3328 4459 6
3357 4407 3559 4474 γάμος,
3594 4409 3641 4458 εἰ
3676 4408 3773 4460 καὶ
3821 4410 4053 4475 abl/.71;-

788 4499 1022 4552 mundus
1070 4499 1172 4552 iste
1219 4498 1618 4566 corruptibilis;
1646 4499 1918 4567 perfectus
1949 4509 2125 4554 autem
2181 4500 2326 4554 Evan

2463 4515 2553 4550 ται
2574 4499 2725 4567 παρὰ
2749 4497 2842 4552 τοῦ
2874 4497 3134 4566 Χριστοῦ,
3167 4499 3257 4550 διὰ
3283 4499 3343 4551 τὸ
3374 4499 3651 4551 εὐόλισοον
3691 4500 3802 4550 τῶν
3831 4502 4049 4569 ἀνθρώ·

785 4589 909 4658 gelii
938 4604 1134 4658 scopus
1167 4589 1456 4658 virginitas
1494 4600 1579 4643 est
1633 4600 1686 4643 et
1717 4591 2231 4659 incorruptibilitas,
2289 4593 2355 4645 ad

786 4695 947 4747 quam
1003 4695 1195 4734 omnes
1229 4679 1482 4734 robustos
1534 4681 1794 4735 accedere
1849 4687 2120 4736 hortatur.
2156 4682 2359 4736 Deinde

788 4771 891 4823 alia
923 4787 1054 4824 voce
1093 4771 1408 4840 gloriﬁcans
1442 4771 1613 4826 Deum
1649 4773 2080 4836 misericordem,
2111 4775 2206 4827 dat
2236 4790 2358 4827 mu-

790 4862 906 4915 lieri
941 4862 1202 4915 annulum
1244 4861 1475 4915 ferreum
1537 4872 1596 4916 ut
1660 4863 1764 4917 viri
1810 4863 2028 4918 nomine
2088 4866 2358 4930 sacerdos,

790 4955 909 5005 viro
941 4963 1120 5005 autem
1153 4967 1402 5013 aureum,
1442 4960 1501 5004 ut
1527 4954 1747 5007 nomine
1797 4954 2059 5019 mulieris,
2102 4965 2157 5008 et
2204 4957 2362 5009 tertia

790 5046 907 5098 vice
940 5059 1032 5096 eos
1061 5052 1350 5112 permutat,
1377 5042 1702 5100 Trinitatem
1744 5045 1997 5111 adorans,
2031 5061 2151 5114 qua:
2180 5046 2360 5100 omnia

794 5135 1006 5205 perlicit
1025 5145 1078 5189 et
1110 5135 1308 5189 ﬁrmat.
1344 5136 1548 5191 Deinde
1570 5138 1812 5208 invicem,
1833 5138 2068 5208 jungunt
2091 5139 2362 5204 dexteras,

790 5239 1217 5302 QIIOIIIOIlSll’ﬂnl
1245 5244 1302 5281 se
1340 5229 1392 5281 in
1421 5229 1638 5283 Christo
1690 5231 1958 5286 adunatos
1989 5241 2044 5286 et
2077 5248 2245 5286 unum
2280 5231 2363 5286 fa-

793 5332 914 5374 ctos
940 5337 1081 5387 esxe,
1116 5324 1404 5390 virumque
1438 5323 1718 5377 mulierem
1739 5339 1770 5377 e
1799 5341 1960 5379 manu
1983 5327 2235 5380 Ecclesia:
2271 5342 2363 5394 per

794 5415 1129 5468 sacerdotem
1156 5415 1427 5483 accipere.
1453 5415 1620 5483 Igitur
1648 5417 1924 5481 sacerdos,
1948 5433 2080 5486 pace
2110 5419 2366 5472 omnibus

793 5506 1134 5568 denuntiata.
1164 5507 1460 5561 ostendens
1487 5509 1746 5561 unionem
1801 5518 1856 5561 et
1909 5511 2276 5572 concordiam,
2311 5520 2367 5564 et

797 5598 1022 5652 dicens:
1057 5597 1316 5651 Inclinato
1340 5602 1539 5668 capita,
1567 5609 1816 5667 precatur
1865 5610 1922 5652 ut
1951 5601 2042 5667 qni
2077 5601 2368 5670 despondit

799 5690 898 5745 sibi
933 5689 1224 5745 Eeclesiam
1255 5706 1317 5744 ex
1350 5694 1600 5760 gentibus
1657 5692 1920 5762 virginem
1981 5701 2207 5757 castam,
2272 5710 2370 5746 nos

805 5780 1011 5836 scilicet
1041 5781 1242 5848 ﬁdeles,
1277 5783 1370 5835 Im:
1404 5784 1686 5837 bcnedicnt
1725 5798 1955 5852 nuptias,
2009 5794 2060 5838 et
2110 5786 2368 5850 coniuges

2461 4609 2604 4654 πων,
2662 4591 2760 4643 καὶ
2813 4590 2906 4642 τὸν
2959 4591 3194 4659 φθαρτὸν
3251 4592 3330 4643 ἔτι
3390 4592 3592 4660 κόσμον
3657 4594 4046 4646 συνίστασῡοε.

2462 4683 2678 4744 Τέλειος
2743 4682 2798 4734 δὲ
2873 4683 2967 4735 τοῦ
3037 4682 3372 4750 Εὑαγγελίου
3454 4683 3655 4744 σκοπὸς
3733 4686 3768 4752 ἡ
3844 4688 4052 4753 παρθε-

2466 4778 2553 4831 νία
2590 4779 2686 4831 καὶ
2737 4779 3048 4846 ἀφθαρσία·
3102 4780 3238 4848 πρὸς
3291 4781 3358 4848 ἣν
3419 4780 3512 4832 καὶ
3565 4780 3692 4840 τοὺς
3759 4780 4052 4849 lor/539:3;

2473 4853 2671 4939 χώρεῖν
2714 4871 3125 4939 προσκαλεῖται.
3167 4868 3300 4923 Εἶτα
3341 4871 3435 4923 καὶ
3467 4870 3726 4937 ἐκφώνως
3761 4872 4054 4938 δοξώοχί-

2467 4979 2566 5024 σας
2595 4963 2686 5015 τὸν
2719 4963 2988 5031 ἐλεήμονα
3019 4963 3151 5015 Θεὸν
3175 4963 3358 5015 δίδωσι
3393 4966 3456 5032 τῇ
3491 4963 3715 5028 γυναικὶ
3773 4964 3868 5015 τὸν
3911 4967 4052 5030 σιδη-

2471 5054 2597 5124 ροῦν
2627 5054 2916 5107 δακτύλιον
2943 5054 3015 5117 ὡς
3050 5056 3204 5123 παρὰ
3224 5053 3320 5107 τοῦ
3348 5054 3540 5123 ἀνδρὸς
3572 5056 3600 5107 6
3631 5055 3816 5122 ἱερεύς
3843 5072 3858 5086 ⁸
3905 5058 3982 5125 τῷ

2467 5147 2620 5217 ἀνδρὶ
2653 5146 2744 5200 τὸν
2788 5149 3049 5217 χρυσοῦν,
3075 5149 3151 5209 ὡς
3196 5148 3342 5216 παρὰ
3368 5147 3469 5216 τῆς
3501 5149 3758 5214 γυναικός
3786 5165 3800 5177 ·
3842 5155 3945 5202 καὶ
3994 5153 4053 5200 ἐκ

2468 5238 2657 5306 τρίτου
2684 5237 2882 5298 αὐτοὺς
2913 5237 3296 5300 ἁνταλλάσσει,
3323 5238 3424 5306 τὴν
3455 5239 3662 5307 Τριάδα
3693 5240 3900 5306 τιμῶν,
3940 5245 4055 5309 ﬁt;

2472 5325 2685 5380 ἅπαντα
2706 5327 2905 5379 τελειοί
2937 5343 2992 5379 τε
3031 5329 3126 5378 καὶ
3159 5327 3386 5396 βεϐαιοῖ.
3430 5325 3564 5380 Εἶτα
3610 5332 3705 5383 καὶ
3737 5333 4056 5398 συμπὶὲχει

2470 5417 2651 5471 αὐτῶν
2682 5417 2779 5481 τὰς
2809 5418 3011 5482 δεξιὰς,
3049 5419 3262 5481 δεικνὺς
3313 5420 3395 5471 ὄτι
3429 5421 3486 5471 ἐν
3514 5422 3736 5490 Χριστῷ
3774 5425 4060 5491 συνηρμίο

2474 5510 2702 5579 σθησαν,
2735 5511 2828 5563 καὶ
2859 5511 2917 5563 ἓν
2942 5511 3230 5578 γεγόνασιο
3267 5513 3362 5563 καὶ
3396 5511 3476 5565 ὅτι
3504 5514 3530 5564 6
3554 5513 3694 5581 ἀνὴρ
3736 5513 3839 5582 τὴν
3873 5521 4061 5580 γυναῖ-

2473 5618 2544 5655 κα
2580 5604 2688 5654 ἀπὸ
2719 5603 2815 5671 τῆς
2870 5605 3050 5672 χειρὸς
3089 5607 3186 5672 τῆς
3228 5605 3556 5673 Ἐκκλησίας
3596 5606 3685 5658 διὰ
3717 5607 3816 5658 τοῦ
3857 5609 4054 5676 ἱερέως

2477 5692 2804 5760 παρέλαϐεν.
2848 5693 2908 5747 Ὀ
2941 5693 3119 5760 ἱερεὺς
3144 5695 3236 5745 οὖν
3268 5694 3592 5761 ἐκφωνήσας
3622 5696 3858 5765 εἰρήνη-ι
3900 5700 4057 5760 πᾶα,

2475 5786 2687 5848 δεικνὺς
2739 5786 2833 5853 τὴν
2879 5785 3077 5836 ἔναυσιν
3120 5787 3210 5838 καὶ
3245 5785 3519 5852 ὁμόνοιαν,
3581 5789 3673 5837 καὶ
3726 5790 3908 5839 κῖιῐιηαι
3966 5793 4059 5841 τὰς
