4208 6440
166 457 274 521 513

1470 449 1566 510 DE
1604 443 2129 508 MATRIMONIO.

3318 431 3420 493 5H

163 572 363 626 αὐτοῦ’
392 574 526 625 ὃπου
582 573 675 624 καὶ
713 570 801 624 διὰ
848 570 956 623 τῶν
994 569 1184 638 δώρων
1224 566 1385 630 ait-3;
1420 565 1737 637 ἱερουργού-

1773 566 1812 620 Λ
1845 561 2046 614 donum
2080 559 2192 625 ipse
2233 539 2286 607 ἰίι
2312 551 2639 608 sacriﬁcium
2672 548 2920 609 oll‘ertur.
2964 559 3017 601 et
3078 537 3417 616 producitur.

167 666 328 731 μενός
390 669 542 727 ἐστι,
612 665 706 716 καὶ
763 663 1099 731 προτίθεται,
1158 663 1253 715 καὶ
1313 662 1478 731 μέσος
1541 661 1739 730 ὁρᾶται

161 755 342 822 ἡμῶν.
366 752 495 806 Εἶτα
524 753 618 806 καὶ.
637 752 745 806 ἀπὸ
764 753 859 805 τοῦ
893 753 1072 806 κοινοῦ
1095 753 1277 805 δίδωσι
1315 752 1595 821 ποτηρίου.
1632 752 1738 802 Καὶ

162 847 246 905 τὸ,
286 865 304 896 ι
347 845 609 916 Ποτήριον
633 843 898 913 σωτηρίου
921 841 1213 913 hqd/opai,»
1250 842 1531 912 ψάλλεται.
1570 839 1740 894 Τοῦτο

161 939 220 990 δὲ
256 938 341 990 διὰ
399 938 468 990 τὰ
503 938 746 1004 πανάγια
796 935 971 1006 δῶρα,
1003 937 1097 988 καὶ
1152 937 1233 997 είς
1286 936 1513 1003 σημεῖον
1549 937 1648 1004 τῆς
1681 934 1740 984 ἐν

162 1031 476 1103 εὐφροσύνῃ
507 1031 615 1084 ἀπὸ
643 1031 736 1082 τοῦ
772 1029 911 1082 Θεοῦ
950 1028 1199 1093 ἐνώσεως
1225 1045 1238 1058 °
1274 1031 1368 1081 καὶ
1393 1029 1475 1081 ὅτι
1506 1029 1614 1081 άπὸ
1641 1031 1740 1098 τῆς

163 1125 390 1189 εἰρήνης
441 1124 534 1174 καὶ
587 1123 838 1189 ὁμονοίας
887 1121 1041 1175 ἔσται
1101 1121 1353 1190 αὐτοῖςή
1402 1119 1736 1189 εὐφροσύνη.

161 1214 294 1276 Τοῖς
327 1216 400 1283 μὴ
437 1216 643 1276 ἱκανοῖς
694 1214 750 1267 δὲ
798 1214 899 1282 τῆς
956 1215 1265 1278 κοινωνίας,
1298 1209 1410 1266 οἷον
1458 1213 1736 1282 διγάμοις,

163 1307 259 1360 καὶ
289 1307 513 1375 ὁμοίοις,
544 1306 605 1358 οὐ
636 1306 703 1358 τὰ
731 1307 850 1358 θεῖα
874 1305 1077 1357 δίδοται
1101 1306 1272 1375 δῶρα,
1307 1304 1441 1358 ἀλλὰ
1467 1285 1530 1356 τὸ
1559 1306 1742 1357 κοινδν

162 1400 426 1466 ποτήριον
460 1399 617 1467 μόνον
645 1401 725 1460 είς
759 1398 982 1466 μερικδν
1018 1397 1290 1465 ἁγιασμὸν
1325 1395 1419 1448 καὶ
1450 1395 1738 1448 κοινωνίαν

162 1492 377 1558 ἁγαθήν
407 1507 464 1542 τε
519 1491 612 1542 καὶ
664 1490 855 1542 ἕνωσιν
910 1489 967 1542 ἐν
1006 1489 1228 1558 εὐλογία
1278 1488 1439 1542 Θεοῦ.
1474 1484 1604 1540 Εἶτα
1642 1488 1733 1540 καί⁸

164 1583 418 1645 ἐκτενοῦς
473 1583 709 1651 δεήσεως
754 1581 1071 1650 γινομένης,
1106 1583 1200 1633 καὶ
1241 1580 1740 1650 μνημονευομένων

161 1675 299 1744 ὁμοῦ
333 1675 441 1728 τῶν
493 1674 917 1741 συζευχθέντων,
950 1673 1024 1736 ὡς
1079 1674 1181 1742 ἤδη
1235 1673 1622 1740 γεγενημένων
1655 1671 1736 1736 ἓν,

162 1767 261 1817 καὶ
317 1765 412 1817 τοῦ
475 1765 881 1834 ἀναδεξαμένου
938 1765 1013 1827 ὠς
1066 1762 1336 1832 συνεργοῦ
1398 1764 1492 1815 τοῦ
1547 1763 1738 1831 ἔργου,

168 1877 187 1910 ι
228 1859 354 1911 Ὀτι
408 1858 680 1927 ἐλεήμων,
714 1877 732 1909 ι
768 1859 1020 1925 ἐκφωνεῖ,
1046 1858 1140 1909 τὸν
1175 1857 1315 1909 θεῖον
1348 1855 1498 1908 ἔλεον
1552 1856 1737 1914 αὐτοῖς

163 1950 529 2017 ἐπευχόμενος
560 1964 574 1978 ’
635 1950 727 2001 καὶ
779 1949 857 2002 ὅτι
915 1949 1024 2000 ἀπὸ
1073 1949 1166 2001 τοῦ
1216 1947 1397 2010 ἰλέους
1447 1947 1543 2000 τοῦ
1599 1947 1733 1999 Θεοῦ

159 2041 354 2094 ταῦτα.
403 2037 535 2095 Εἶτα
589 2043 679 2092 καὶ
736 2040 925 2110 ὥσπερ
983 2041 1182 2102 αὐτοὺς
1240 2039 1495 2108 κατηχῶν
1539 2057 1597 2091 τε
1647 2037 1742 2091 καὶ

159 2132 448 2196 νουθετῶν,
484 2131 578 2184 καὶ
605 2133 706 2201 τὴν
732 2132 956 2200 εἰρήνην
983 2131 1370 2200 ἐπευχόμενος,
1397 2127 1737 2181 ἁποστολικά

159 2225 449 2291 ἐπιφέρει,
502 2224 696 2291 λέγων,
767 2221 1073 2291 Ἀδελφοί,
1130 2222 1366 2290 χαίρετε
1420 2220 1490 2272 ἐν
1545 2221 1740 2286 Κυρίῳ

158 2315 441 2378 πάντοτε,
476 2334 493 2366 ι
530 2317 622 2368 καὶ
673 2315 741 2369 τὰ
777 2315 938 2385 ἑξῆς·
966 2315 1059 2367 καὶ
1091 2313 1174 2379 τὸ,
1212 2331 1232 2365 ι
1281 2315 1338 2366 '0
1377 2314 1505 2375 Θεὸς
1535 2314 1736 2387 τῆςεί-

161 2409 335 2476 ρὴνης
365 2407 520 2460 ἔσται
550 2405 672 2474 μεθ’
694 2406 850 2475 ὐμῶν
878 2405 1132 2460 πάντοτε.
1162 2423 1180 2456 ι
1206 2406 1314 2458 Καὶ
1337 2405 1497 2464 εὐθὺς
1528 2404 1736 2475 λαμϐά-

160 2517 272 2552 νων
319 2501 518 2562 αὐτοὺς
563 2501 627 2552 ἐκ
680 2498 790 2550 τῶν
823 2496 1046 2568 χειρῶν,
1073 2497 1147 2560 ὡς
1176 2497 1314 2566 πρὸς
1346 2498 1408 2550 τὸ
1441 2497 1738 2567 θυσιαστή-

166 2610 284 2661 ριον
330 2593 476 2659 ἄγει,
506 2593 598 2646 καὶ
633 2592 853 2661 χορείαν
903 2591 1246 2660 ποιούμενος,
1285 2592 1399 2662 ᾄδει
1459 2593 1600 2661 μετὰ.
1629 2593 1738 2645 τῶν

159 2680 498 2749 ψαλλόντων,
532 2683 589 2734 ἐν
635 2681 858 2751 Χριστῷ
891 2681 1343 2752 εὐφραινόμενος,
1378 2683 1462 2744 τὸ,
1500 2701 1518 2733 ι
1548 2682 1735 2751 Ἀγιοι

165 2775 447 2845 μάρτυρες
502 2793 520 2826 ι
551 2777 622 2833 ὡς
652 2774 747 2826 ἐπὶ
773 2772 1076 2844 χειροτονίᾳ
1099 2789 1112 2802 ·
1143 2773 1341 2837 καὶτὸ,
1378 2791 1397 2824 ι
1433 2771 1567 2837 Δόξαι
1629 2790 1732 2838 σοι,

161 2867 322 2936 φησὶ,
350 2866 551 2934 Χριστὲ
590 2864 796 2930 ό-Θελις,
831 2863 1145 2918 ἀποστόλων
1195 2863 1475 2934 καύχημα.
1531 2883 1549 2916 ι
1605 2866 1735 2918 Κοι-

160 2959 326 3014 νωνοὶ
346 2959 454 3027 γὰρ
483 2956 723 3026 Χριστοῦ
751 2959 848 3010 καὶ
871 2955 980 3009 τῶν
1004 2956 1179 3022 ἁγίων
1205 2955 1374 3008 αὐτοῦ
1413 2957 1461 3009 οί
1488 2957 1732 3022 εὐσεὸὦς

161 3055 260 3105 καὶ
318 3049 610 3119 σωφρόνως
637 3047 925 3116 ζήσαντες,
958 3047 1051 3100 καὶ
1106 3047 1190 3099 ὅτι
1238 3048 1297 3098 οὐ
1342 3047 1508 3115 σαρκὶ
1549 3048 1734 3118 μόνον,

159 3144 300 3196 ἀλλὰ
349 3142 493 3210 ψυχῇ
546 3139 746 3208 μᾶλλον
803 3140 907 3210 χρὴ
969 3139 1362 3203 συνάπτεσθαι,
1402 3141 1489 3194 διά
1534 3158 1594 3193 τε
1639 3144 1738 3210 τῆς

159 3235 330 3302 ὀρθῆς
360 3236 517 3303 ἡμῶν
549 3232 807 3298 πίστεως,
841 3233 935 3283 καὶ
968 3232 1075 3283 τῶν
1104 3232 1201 3299 τῆς
1234 3232 1522 3294 εὐσεῦείας
1557 3235 1738 3299 θεοφι-

162 3327 278 3380 ὶῶν
329 3326 528 3394 ἔργων,
557 3327 643 3378 ἵνα
702 3325 798 3378 καὶ¹
852 3323 1056 3392 ἀληθὴς
1161 3323 1415 3390 συζυγία,
1441 3325 1535 3375 καὶ
1565 3324 1739 3392 γάμος

161 3419 454 3486 ἀμίαντος,
485 3417 578 3469 καὶ
607 3417 854 3470 κοινωνοὶ
882 3409 984 3467 ὦσι
1031 3414 1268 3482 Χριστοῦ
1302 3415 1394 3468 καὶ
1424 3415 1531 3466 τῶν
1570 3417 1740 3483 ἁγίων

159 3506 354 3572 αὐτοῦ,
412 3509 505 3560 καὶ
556 3507 756 3576 μᾶλλον
818 3505 928 3558 τῶν
977 3506 1072 3574 τῆς
1140 3505 1340 3573 σαρκὸς
1383 3524 1734 3577 καταφρονη-

161 3603 375 3655 σάντων
413 3600 542 3668 ἄχρι
574 3601 668 3651 καὶ
731 3597 1050 3665 μαρτυρίου.
1085 3596 1190 3649 Καὶ
1219 3595 1390 3657 οὕτως
1420 3599 1586 3667 εὐχὴ-ι
1642 3600 1736 3652 ἐπὶ

158 3689 229 3757 τῇ
258 3687 406 3738 λύσει
455 3686 563 3738 τῶν
609 3686 896 3758 στεφάνων
921 3686 1117 3752 ἐπάγει
1151 3701 1164 3716 ο
1203 3685 1288 3738 ἵνα
1316 3687 1344 3738 ό
1380 3686 1502 3749 δοὺς
1553 3688 1738 3751 αὐτοῖς

155 3779 288 3841 τοὺς
346 3777 642 3843 στεφάνους
671 3777 750 3838 είς
790 3777 1016 3845 σημεῖον
1076 3776 1173 3845 τῆς
1227 3777 1606 3847 σωφροσύνης,
1637 3780 1734 3832 καὶ

155 3870 255 3922 τὸν
287 3870 414 3939 ἄχρι
443 3868 538 3922 τοῦ
588 3871 766 3937 γάμου
815 3868 995 3920 αὐτῶν
1039 3869 1138 3935 τῆς
1168 3869 1392 3935 ἁγνείας
1428 3871 1522 3922 καὶ
1556 3871 1728 3923 καθα-

161 3965 390 4034 ρότητος
419 3962 629 4032 μισθὸν,
672 3961 754 4014 ὅτι
789 3961 942 4029 ἁγνοὶ
975 3962 1108 4030 πρὸς
1144 3962 1321 4031 γάμον
1353 3963 1730 4032 συνήφθησαν,

155 4055 325 4117 αὐτὸς
354 4055 448 4108 καὶ
473 4056 573 4124 τὴν
603 4054 758 4107 λύσιν
786 4056 896 4108 τῶν
924 4055 1208 4122 στεφάνων
1238 4055 1399 4125 199
1431 4057 1728 4128 εὐλογήσῃ.

155 4147 257 4201 καὶ
288 4147 654 4201 ἀδιάσπαστον
681 4146 850 4216 αὐτὴν
875 4147 1092 4216 τηρήσῃ
1111 4146 1211 4216 τὴν
1233 4147 1494 4215 συζυγίαν
1521 4151 1614 4202 καὶ
1638 4149 1734 4216 τὴν

155 4236 491 4304 συνάφειαν,
555 4236 641 4290 ῐνα
702 4235 1011 4306 συμφώνως
1069 4238 1370 4305 εὐλογῶσιν
1440 4239 1607 4292 αὐτοῦ
1665 4242 1726 4292 τδ

153 4331 331 4398 ὄνομα
391 4328 487 4381 τοῦ
539 4327 773 4396 Πατρδς,
807 4329 905 4382 καὶ
951 4327 1044 4381 τοῦ
1081 4327 1236 4394 Υἰοῦ,
1287 4330 1380 4383 καὶ
1429 4330 1526 4383 τοῦ
1573 4332 1731 4399 ἁγίου

157 4422 503 4489 Ιίνεύματος,
542 4419 798 4474 πάντοτε.
841 4421 992 4473 Ἐπεὶ
1024 4421 1119 4473 καὶ
1149 4420 1301 4483 οῦτός
1331 4423 1476 4474 ἐστιν
1501 4424 1528 4474 ὁ
1557 4425 1732 4477 πάντα

153 4514 298 4580 πρδς
332 4513 392 4565 τὸ
442 4513 722 4581 συμφέρον
767 4513 991 4580 ἁγαθῶς
1032 4513 1418 4582 ἐξοικονομῶν.
1451 4509 1584 4565 Εἶτα
1639 4514 1730 4567 τὸν

1842 659 1896 702 et
1919 649 1969 701 in
2001 645 2179 701 medio
2202 655 2442 696 nostrum
2466 640 2822 709 conspicitur.
2847 639 3036 692 Postea
3066 637 3233 690 dates
3269 651 3419 691 com-

1845 737 1996 790 muni
2029 736 2215 795 calicc,
2247 741 2302 789 et
2323 740 2607 785 cantatur:
2666 748 2684 779 ι
2722 727 2962 780 Calicem
3005 725 3258 778 salutaris
3318 738 3412 776 ac-

1841 829 2060 897 cipiam.
2102 828 2303 878 i'Doua
2351 837 2479 876 vero
2537 817 2876 874 sanctissima
2910 817 3046 868 ﬁunt
3102 817 3155 869 in
3205 815 3413 897 signum

1815 919 2065 974 unionis
2094 934 2122 971 a
2151 916 2260 969 Deo
2301 917 2354 968 in
2383 913 2578 982 gaudio
2613 911 2778 975 inite,
2819 919 2874 963 et
2906 908 3167 977 quoniam
3195 921 3225 960 a
3272 920 3405 974 pace

1841 1021 1894 1064 et
1924 1008 2213 1063 concordia
2240 1005 2448 1059 eriteis
2511 1003 2715 1055 lzetitia.
2773 1001 2883 1054 Illis
2935 1009 3112 1052 autem
3195 998 3284 1064 qui
3345 994 3412 1046 ad

1843 1102 2282 1157 communionem
2316 1113 2422 1150 non
2453 1103 2580 1149 sunt
2618 1093 2938 1163 comparati,
2998 1091 3146 1142 velut
3175 1088 3401 1157 higamis

1842 1205 1895 1248 ct
1923 1192 2212 1254 similibus,
2246 1177 2430 1241 divina
2459 1203 2562 1240 non
2609 1186 2808 1239 dantur
2862 1181 3143 1251 mysteria,
3181 1179 3290 1232 ‘scd
3323 1192 3409 1229 so-

1844 1281 2121 1334 lunnuoilo
2147 1277 2289 1328 calix
2316 1274 2628 1328 communis
2657 1274 2722 1324 ad
2783 1267 3172 1337 aliquantulam
3213 1264 3414 1316 sancti-

1846 1366 2174 1433 licationcm,
2230 1369 2294 1421 ail
2323 1367 2517 1420 bonum
2542 1361 2992 1417 communitatem
3049 1367 3105 1411 et
3149 1355 3409 1410 unionem

1844 1465 1896 1516 in
1930 1461 2316 1517 benedictione
2345 1458 2464 1511 Dei.
2498 1457 2699 1509 Deinde
2727 1455 2885 1522 longa
2915 1452 3160 1503 oratione
3189 1449 3325 1501 farta
3363 1447 3413 1497 in

1842 1569 1943 1620 qua
1973 1552 2131 1605 simul
2175 1552 2241 1603 de
2275 1548 2602 1617 cenjugibus
2632 1543 3220 1608 recordaturtanquam
3246 1552 3414 1590 unum

1837 1644 1947 1712 jam
2013 1643 2187 1704 factis,
2249 1654 2482 1707 cumque
2523 1645 2782 1691 cenuotat
2825 1632 2916 1701 qui
2975 1647 3111 1699 Opus
3176 1629 3408 1695 adjuvit,

1842 1735 2136 1804 quoniam,
2172 1734 2364 1802 inquit,
2413 1730 2725 1785 misericors
2761 1737 2862 1792 est,
2894 1726 3130 1778 div'nam
3185 1722 3265 1774 eis
3325 1736 3412 1788 po-

1845 1828 2014 1882 stulat
2075 1825 2525 1884 misericordiam,
2595 1830 2649 1874 et
2709 1818 2992 1873 denuntiat
3046 1815 3158 1867 lucc
3208 1827 3329 1866 esse
3383 1827 3412 1863 a

1771 1926 1809 1977 Β
1841 1921 2022 1974 divina
2053 1916 2450 1971 misericordia.
2501 1913 2692 1966 Postea
2747 1911 2904 1979 quasi
2961 1924 3056 1962 eos
3087 1907 3328 1959 edocens
3357 1913 3414 1957 ct

1847 2015 2144 2072 instruens,
2177 2018 2358 2077 optata
2419 2022 2582 2074 pace,
2648 2003 2943 2073 apostolica
3009 1999 3176 2053 refert
3227 1999 3411 2060 verba,

1843 2105 2031 2162 dicens
2069 2121 2082 2156 :
2122 2121 2139 2153 ι
2182 2101 2424 2160 Fratres,
2447 2097 2672 2167 gaudete
2709 2095 2763 2148 in
2793 2095 3018 2146 Domino
3047 2105 3284 2159 semper,
3319 2106 3336 2138 ι
3361 2095 3414 2141 ct

1847 2198 2073 2266 reliqua,
2109 2211 2172 2248 ac
2199 2194 2361 2247 illud:
2402 2213 2419 2243 ‹
2463 2193 2605 2245 Deus
2634 2190 2775 2258 pacis
2808 2189 2913 2240 erit
2944 2187 3222 2236 vobiscum
3262 2196 3407 2234 scm-

1847 2307 1962 2362 pcr,
1991 2310 2006 2340 ι
2047 2289 2273 2353 illosque
2314 2300 2477 2338 manu
2503 2281 2938 2352 apprehendens,
2969 2279 3113 2331 velut
3152 2275 3216 2327 ad
3237 2272 3407 2326 altare

1844 2382 2011 2443 ducit,
2042 2387 2096 2432 et
2127 2377 2265 2431 facta
2295 2376 2516 2438 chorea,
2550 2381 2730 2426 cantat
2756 2371 2900 2422 cum
2946 2364 3320 2422 cautatoribus
3352 2362 3407 2415 iu

1844 2472 2060 2526 Christo
2085 2469 2325 2523 laetatus:
2368 2483 2385 2515 ι
2425 2462 2610 2518 Sancti
2643 2472 2908 2530 martyres
2972 2479 3018 2525 ι,
3050 2467 3309 2525 tanquam
3353 2453 3411 2508 in

1844 2562 2206 2621 ordinatione,
2257 2570 2311 2613 et
2350 2556 2517 2610 illud:
2580 2573 2599 2607 ‹
2634 2554 2814 2608 Gloria
2876 2554 2992 2618 tibi,
3054 2552 3149 2611 ait.
3192 2550 3409 2603 Christe

1845 2655 2007 2719 Deus,
2039 2652 2400 2723 apostolorum
2429 2648 2616 2713 decus,
2643 2666 2661 2698 ι
2699 2662 2823 2699 nam
2867 2645 2996 2700 socii
3045 2647 3178 2695 liunt
3207 2639 3412 2696 Christi

1842 2759 1894 2803 et
1925 2757 2233 2801 sanctorum
2287 2745 2407 2813 ejus
2465 2742 2555 2813 qui
2595 2743 2683 2811 pie
2714 2751 2767 2795 et
2824 2739 3048 2809 pacilicc
3076 2739 3286 2801 vivunt,
3355 2743 3411 2788 ct

1841 2840 2097 2911 quoniam
2153 2852 2440 2892 noncarnc
2504 2844 2712 2890 tantum
2746 2833 2838 2886 sed
2898 2831 3079 2901 potius
3106 2831 3285 2883 anima
3318 2841 3411 2880 cu-

1844 2931 2012 3002 pulari
2068 2939 2282 3000 Oportet
2325 2944 2418 2999 per
2474 2937 2674 2981 rectam
2705 2925 2862 2978 [idem
2890 2933 3132 2978 nostram
3159 2934 3212 2978 et
3247 2935 3411 2991 opera

1845 3025 2060 3094 pietatis
2088 3024 2194 3077 Deo
2227 3021 2583 3090 bcncplacita,
2620 3030 2677 3072 ut
2703 3033 2890 3073 verum
2947 3022 3018 3071 sit
3068 3017 3410 3086 conjugium,

1843 3126 1898 3171 et
1973 3114 2304 3169 connubium
2368 3113 2727 3180 impollutum,
2805 3119 2861 3164 et
2925 3109 3128 3163 Christi
3182 3109 3408 3178 ejusque

1847 3222 2155 3262 sanetorum
2189 3209 2299 3259 sint
2337 3206 2494 3270 socii,
2519 3205 2790 3273 pt‘tt‘ciptte
2822 3218 3039 3257 carnem
3067 3204 3410 3271 aspernando

1845 3317 2017 3371 usque
2044 3301 2110 3354 ad
2147 3299 2486 3369 martyrium.
2540 3308 2595 3351 et
2625 3298 2699 3351 sic
2719 3298 3017 3350 orationem
3063 3296 3115 3349 in
3139 3297 3406 3350 solutione

1842 3409 2166 3448 coronarum
2202 3393 2494 3460 protrahit,
2523 3402 2581 3444 ut
2617 3392 2709 3460 qui
2743 3390 2892 3443 dedit
2954 3393 3034 3443 eis
3069 3404 3300 3444 coronas
3350 3389 3404 3442 iu

1841 3487 2053 3556 signum
2081 3485 2439 3547 castimonim,
2475 3495 2526 3536 et
2561 3483 2612 3535 in
2646 3481 2946 3536 incrccdun
2978 3497 3165 3536 eorum
3199 3481 3407 3550 purita-

1844 3592 1914 3637 tts
1943 3596 2004 3634 ac
2025 3578 2304 3633 munditia:
2325 3593 2497 3645 usque
2553 3576 2618 3628 ad
2651 3575 3058 3628 matrimonium
3092 3583 3404 3638 asservattl',

1838 3673 2094 3744 quoniam
2163 3671 2282 3740 puri
2339 3671 2393 3722 iu
2437 3669 2843 3722 matrimonium
2923 3668 3204 3736 conjuncti
3249 3679 3398 3734 sunt,

1840 3766 1957 3835 ipse
2006 3762 2167 3816 etiam
2221 3776 2543 3814 coronarum
2598 3761 2922 3813 solutionem
2975 3760 3282 3826 benedicat,
3334 3770 3390 3815 et

1843 3854 2221 3910 iudissulubile
2265 3854 2535 3907 cusmdiat
2561 3868 2749 3906 eorum
2786 3852 3099 3923 conjugiuin
3136 3867 3198 3906 ac
3227 3854 3403 3908 socie-

1835 3956 2021 4011 tatem,
2059 3956 2116 4000 ut
2148 3962 2253 3999 una
2285 3961 2416 4000 voce
2445 3945 2648 4014 jugiter
2674 3927 2999 3999 benedicaut
3022 3945 3141 4014 ejus
3175 3962 3396 4011 nomen,

1836 4027 2035 4107 Patris,
2055 4048 2107 4093 et
2138 4035 2279 4106 Filii,
2306 4047 2360 4092 et
2385 4040 2555 4093 sancti
2592 4039 2847 4107 Spiritus,
2873 4054 3038 4107 quum
3072 4040 3184 4108 ipse
3212 4040 3282 4093 sit
3310 4040 3402 4107 qui

1836 4135 2013 4186 omnia
2054 4132 2109 4185 in
2167 4133 2366 4184 bonum
2422 4131 2720 4199 dispensit.
2795 4131 3056 4197 Deinceps
3110 4141 3397 4202 postquam

1835 4225 2107 4281 Christum
2139 4223 2472 4276 invocaverit
2505 4236 2559 4275 ut
2595 4225 2766 4291 gratia
2803 4223 2990 4277 Matris
3009 4235 3060 4278 et
3085 4236 3395 4279 Sanctotuzu

1834 4315 1954 4384 ejus
2010 4313 2441 4366 misericordiam
2501 4314 2758 4366 omnibus
2821 4315 2986 4366 donet
3036 4327 3090 4368 et
3143 4316 3398 4372 salutem.

1833 4421 1926 4459 cos
1959 4405 2201 4468 dimittit,
2254 4413 2309 4457 et
2364 4403 2637 4457 benedicti
2705 4405 2870 4457 abeo
2923 4420 3092 4474 nuper
3119 4406 3397 4474 conjugaii

1833 4498 2053 4550 domum
2087 4511 2209 4549 cum
2261 4495 2456 4564 gaudio
2488 4505 2740 4563 pergunt.
2777 4496 2877 4550 lsta
2918 4497 3135 4564 quidem
3187 4499 3253 4552 de
3284 4515 3399 4552 HH-

149 4605 394 4674 Χριστὸν
421 4605 911 4672 ἐπικαλεσάμενος,
943 4606 1032 4659 διὰ
1055 4607 1151 4674 τῆς
1183 4605 1407 4676 Μητρὸς
1440 4606 1604 4660 αὐτοῦ
1630 4607 1727 4659 καὶ

1763 4603 1802 4657 ι)
1835 4586 2231 4652 ιτιιιιοηίο,ξιιοε
2247 4599 2370 4652 0pm
2385 4593 2460 4638 tet
2488 4585 2638 4652 plura
2662 4586 2861 4641 dicere.
2880 4588 3011 4640 Nam
3037 4590 3394 4656 etsiqnaeda.:i

150 4697 267 4751 τῶν
309 4697 480 4763 ἁγίων
507 4694 670 4749 αὐτοῦ
711 4695 862 4747 ἔλεον
908 4697 1043 4747 πᾶσι
1078 4695 1260 4748 δοῦναι
1288 4697 1382 4749 καὶ
1424 4697 1728 4765 σωτηρίαν,

150 4785 403 4840 ἀπολύει.
434 4786 542 4839 Καὶ
565 4783 951 4852 εὐλογοῦμενοι
979 4783 1110 4853 παρ’
1141 4783 1304 4836 αὐτοῦ
1331 4785 1380 4836 οί
1409 4785 1725 4853 νεόνυμφοι,

149 4882 298 4933 οἴκοι
334 4879 470 4948 μετὰ
523 4879 700 4947 χαρᾶς
751 4875 1090 4944 πορεύονται.
1132 4876 1319 4929 Ταῦτα
1371 4877 1468 4945 μὲν
1516 4872 1608 4930 οῦν
1635 4879 1731 4930 καὶ

149 4973 225 5025 τὰ
242 4971 337 5024 τοῦ
367 4973 568 5040 γάμου,
595 4969 689 5022 καὶ
727 4968 787 5019 οὐ
821 4968 926 5036 χρὴ
958 4967 1128 5021 πλείω
1153 4967 1354 5033 λέγειν.
1394 4968 1456 5018 Ei
1492 4967 1604 5036 γὰρ
1634 4969 1726 5020 καὶ

151 5063 412 5130 ζητήσεις
443 5060 570 5129 περὶ
623 5059 801 5128 γάμου
853 5059 997 5120 τινές
1055 5061 1214 5122 εἰσιν,
1248 5057 1362 5109 ἁλλ’
1417 5057 1476 5108 οὐ
1533 5057 1726 5124 καιρὸς

152 5156 304 5224 ἡμᾶς
358 5153 483 5221 περὶ
529 5150 735 5203 τούτων
791 5150 1009 5217 λέγειν·
1050 5151 1133 5202 ὄτι
1185 5153 1279 5201 καὶ
1317 5149 1445 5218 περὶ
1509 5150 1725 5201 πάντων

153 5244 346 5313 σαφῶς
414 5243 559 5311 ἡμᾶς
619 5241 1022 5294 ἐκδιδάσκουσιν
1097 5241 1148 5293 οί
1225 5241 1486 5310 Πατέρες.
1546 5241 1720 5293 Μόνον

151 5337 451 5402 ἀναγκαῖον
499 5334 656 5388 τοῦτο
709 5334 922 5402 μαθεῖν,
950 5333 1024 5393 ὡς
1081 5335 1130 5385 oi
1167 5333 1527 5400 συναφθέντες
1563 5335 1724 5402 γάμῳ

152 5430 309 5497 παρὰ
337 5427 470 5480 Θεοῦ
501 5426 873 5496 συνήφθησαν,
905 5425 999 5478 καὶ
1049 5425 1283 5494 καθαροὶ
1321 5428 1388 5494 τῇ
1439 5426 1723 5490 ἐπικλήσει

151 5519 252 5572 τοῦ
299 5517 561 5588 καθαροῦ.
593 5518 943 5587 Ἰἠρείτωσαν
986 5513 1082 5571 οὖν
1115 5517 1367 5586 ἀλλήλοις
1421 5517 1724 5587 ἁμόλυντον

149 5615 246 5666 τὸν
269 5613 464 5679 γάμον,
498 5611 592 5663 καὶ
623 5614 679 5662 ἐν
728 5611 920 5680 εἰρήνῃ
951 5612 1043 5663 καὶ
1078 5609 1335 5678 εὐλαϐείᾳ
1369 5608 1678 5678 μενέτωσαν
1703 5625 1716 5638 ο

149 5709 248 5759 καὶ
280 5703 308 5754 ὃ
337 5702 526 5755 ἔλαϐον
552 5701 701 5772 παρὰ
737 5701 830 5754 τοῦ
866 5701 1027 5767 Θεοῦ,
1059 5700 1158 5771 τὴν
1199 5700 1396 5752 ἕνωσιν
1426 5701 1483 5752 ἐν
1527 5699 1719 5768 σεμνό-

149 5810 301 5863 τητι,
333 5793 425 5845 καὶ
453 5793 673 5863 ἀγάπην
717 5795 776 5846 ἐν
822 5795 1169 5863 σωφροσύνῃ,
1201 5793 1295 5844 καὶ
1330 5789 1632 5860 συμόίωσιν
1661 5792 1717 5844 ἐν

151 5883 376 5949 ὁμονοία
403 5901 458 5937 τε
485 5886 579 5940 καὶ
623 5887 814 5952 εἰρήνῃ
844 5884 917 5950 ὡς
966 5884 1434 5954 παρακαταθήκην
1466 5881 1717 5951 ἀλλήλοις

1835 4681 1941 4734 sint
1966 4679 2033 4732 de
2060 4677 2409 4731 matrimonio
2439 4678 2786 4746 qumstiones,
2822 4679 2913 4732 sed
2937 4690 3149 4750 tempus
3183 4693 3397 4736 nonest

1830 4772 1895 4825 de
1921 4771 2005 4824 his
2030 4769 2263 4831 dicendi,
2295 4770 2551 4837 quoniam
2592 4767 2662 4822 de
2692 4770 2944 4824 oumibus
2968 4773 3246 4840 sapienter
3285 4788 3387 4825 nos

1829 4865 2132 4918 docuerunt
2156 4862 2364 4916 Patres.
2399 4860 2507 4915 lloc
2545 4868 2756 4916 tantum
2780 4864 2991 4917 discere
3023 4863 3388 4917 necessarium

1828 4966 1934 5019 est,
1960 4971 2155 5026 nempe
2185 4958 2532 5012 matrimonio
2569 4958 2896 5026 conjunctos
2923 4972 2952 5010 a
2999 4957 3107 5010 Deo
3128 4972 3248 5010 esse
3299 4973 3391 5011 so-

1829 5048 2019 5110 ciatos,
2045 5057 2095 5101 et
2118 5064 2279 5116 puros
2311 5064 2406 5116 per
2437 5049 2848 5104 invocationem
2881 5049 3001 5116 ejus
3049 5049 3139 5116 qui
3181 5049 3389 5116 μητίιαδ

1826 5140 1927 5193 eSt.
1963 5140 2128 5210 igitur
2149 5141 2245 5194 sibi
2274 5152 2461 5195 mutuo
2481 5142 2788 5196 custodiant
2816 5143 3079 5196 illibatum
3109 5142 3390 5195 matrimo-

1827 5233 2004 5294 nium,
2031 5242 2085 5286 (τι
2119 5234 2167 5284 in
2237 5247 2370 5301 pace
2403 5249 2465 5286 ac
2503 5234 2703 5302 pietate
2756 5245 3138 5302 permaneant,
3162 5244 3215 5286 et
3244 5236 3387 5302 quod

1835 5334 2183 5391 acceperunt,
2220 5327 2710 5393 scilicetlunionem
2746 5327 2795 5378 in
2829 5328 3139 5392 sanctitate,
3165 5337 3218 5380 ct
3250 5329 3390 5380 cari~

1832 5427 1997 5470 tatem
2033 5418 2082 5470 in
2135 5421 2407 5481 castitate,
2443 5429 2493 5472 et
2524 5422 2974 5473 communitatem
3005 5422 3130 5474 vitio
3167 5422 3219 5473 in
3254 5436 3388 5473 con-

1823 5509 2002 5563 cordia
2040 5521 2094 5563 ct
2149 5526 2280 5579 pace
2334 5521 2389 5563 ut
2421 5512 2765 5564 commissum
2825 5513 2925 5566 sibi
2988 5514 3216 5566 invicem
3251 5529 3386 5568 con-

1823 5611 2058 5664 servent,
2087 5618 2151 5656 ne
2181 5604 2228 5654 in
2255 5604 2509 5656 damnum
2557 5605 2625 5657 ab
2665 5606 2740 5658 eis
2770 5606 3015 5674 exigatur
3050 5609 3187 5658 ratio
3221 5611 3386 5660 casti-

1825 5691 1946 5745 tatis
1977 5702 2408 5760 cmterorumque
2436 5693 2746 5748 divinorum
2777 5711 3023 5763 operum.
3078 5695 3261 5765 Neque
3315 5702 3381 5753 dc

1821 5797 2046 5850 corpore
2109 5793 2346 5845 tantum,
2411 5786 2506 5838 sed
2570 5796 2622 5839 ct
2677 5786 2742 5840 de
2801 5787 3000 5848 animis
3028 5789 3138 5842 suis
3166 5799 3382 5848 curent.

1821 5876 2079 5945 quoniam
2136 5874 2383 5948 duplices
2423 5892 2482 5934 se
2549 5878 2998 5950 habent,ncmpe
3060 5897 3122 5936 es
3156 5896 3386 5948 corpore
