4208 6440
177 453 280 513 5Π

1473 465 1567 522 DE
1607 466 1664 526 S.
1706 465 1903 524 EUCH
1921 467 2145 529 ELEO.

3309 475 3411 537 518

177 571 362 633 λωσιν,
395 573 426 641 ἢ
474 574 563 626 καῖ
591 573 664 637 ὡς
695 577 893 645 νεκρᾶς
934 575 1098 647 οὔσης
1129 581 1224 645 tri;
1257 579 1434 648 ψυχῆς
1466 579 1608 632 κατά
1656 579 1742 646 μί·
1773 579 1816 635 Α

1773 579 1816 635 Α
1850 579 1916 631 μίι
1959 581 2162 640 anima,
2201 572 2264 634 ad
2300 583 2654 640 imitationem
2688 589 2962 658 prophetae
2999 607 3226 661 puerum
3263 596 3409 655 illius

177 679 346 732 μησιν
378 665 470 717 τοῦ
500 667 806 736 Προφήτου,
841 669 916 730 ὡς
947 671 1037 720 ἐπὶ
1072 671 1165 722 τοῦ
1196 672 1381 732 παιδὸς
1402 669 1612 740 ἐκείνης
1647 673 1740 738 τῆς

175 755 584 819 Σουμανίτιδος,
612 761 925 828 εὐξαμένων
943 761 1048 814 τῶν
1073 763 1260 828 ἱερέων
1285 763 1512 826 ἑπτάκις
1541 766 1744 834 ταύτην

173 847 451 914 ἐγείρωσι,
507 849 645 902 καοᾶ
701 852 764 920 δὴ
820 853 914 904 καὶ
969 855 996 905 6
1053 853 1354 916 Ἐλισσαῖος
1404 855 1496 907 τὸν
1554 856 1741 918 παῖδα,

171 935 339 1004 200
366 938 593 1000 ἑπτάκις
626 943 1054 1011 ἐπανακάμψας,
1107 946 1196 997 καὶ
1236 946 1466 1008 ἑπτάκις
1497 940 1745 1015 ἐὐξάμε-

172 1045 284 1090 νος·
318 1032 350 1099 ἢ
382 1032 474 1083 καὶ
510 1032 586 1093 ὡς
619 1034 644 1086 6
687 1033 872 1097 Ἠλίας
906 1035 1137 1100 ἑπτάκις
1166 1037 1484 1107 εὐξάμενος,
1531 1039 1620 1090 τὸν
1653 1039 1743 1091 οὐ-

171 1121 336 1189 ρανὸν
381 1121 440 1174 ὃν
473 1121 683 1175 ἔκλεισε
733 1127 844 1188 τοῖς
904 1128 1285 1198 ἁμαρτήμασι,
1344 1132 1509 1184 πάλιν
1564 1131 1741 1201 ἤνοιξε

166 1213 269 1264 καὶ
307 1214 623 1283 κατήγαγεν
651 1218 827 1281 ὑετὸν,
858 1220 952 1274 καὶ
978 1220 1126 1274 οὗτοι
1172 1223 1399 1288 ἑπτάκις
1429 1225 1738 1292 εὐξάμενοι,

166 1303 374 1356 λύσωσι
405 1306 506 1372 μὲν
533 1308 626 1359 τὸν
656 1308 754 1376 τῆς
800 1312 1075 1383 ἁμαρτίας
1099 1315 1334 1386 αὐχμὸν,
1381 1317 1633 1382 ἀνοίξωσι
1683 1317 1740 1370 δὲ

168 1394 313 1445 κατὰ
341 1393 435 1447 τὸν
468 1396 671 1462 Πέτρον
697 1401 790 1452 τὸν
839 1403 1092 1471 οὐρανδοι,
1126 1406 1223 1469 τὴν
1249 1406 1433 1460 κλεῖδα
1488 1407 1741 1477 βαλόντες

166 1485 270 1551 τῆς
299 1484 538 1554 χάριτος,
565 1515 570 1520 ·
596 1491 690 1541 καὶ
749 1490 842 1544 τὸν
885 1494 1032 1546 ἔλεον
1081 1496 1144 1550 ἐκ
1187 1497 1320 1552 Θεοῦ
1356 1500 1452 1566 τῆς
1495 1502 1741 1570 ἀφέσεως

167 1574 249 1638 ὼς
298 1576 452 1631 ὑετὸν
483 1582 890 1651 καταγάγωσιν.
942 1581 1112 1649 Οὗτος
1147 1589 1248 1658 μέν
1282 1591 1374 1645 οὖν
1414 1596 1441 1646 6
1488 1595 1636 1658 νοῦς,
1666 1595 1741 1657 ὡς

166 1667 293 1734 ἐμοὶ
323 1670 490 1739 δοκεῖ,
537 1677 805 1745 περὶτῶν
854 1680 1013 1734 ἑπτά.
1054 1682 1211 1744 Τινὲς
1258 1684 1315 1735 δὲ
1367 1683 1493 1737 ἔνθα
1544 1686 1740 1748 σπάνις

168 1757 384 1827 ἱερέων,
417 1763 512 1816 καὶ
541 1767 693 1834 τρεῖς
718 1771 1157 1838 προσκαλοῦνται
1189 1775 1407 1844 μόνους.
1443 1777 1551 1828 Καὶ
1582 1777 1739 1830 τοῦτο

163 1849 228 1899 ού
261 1855 561 1920 μεμπτέον.
607 1857 801 1913 Ἔσται
853 1863 961 1931 γὰρ
992 1864 1212 1934 πρῶτον
1253 1867 1353 1936 μὲν
1382 1869 1471 1922 διὰ
1509 1869 1740 1940 δύναμιν

162 1939 273 2005 τῆς
308 1942 558 2012 Τριάδοςο
608 1947 804 2005 ἔπειτα
853 1953 909 2006 δὲ
960 1956 1051 2011 καὶ
1096 1957 1185 2011 διὰ
1214 1959 1275 2012 τδ
1306 1962 1386 2023 εἰς
1427 1939 1736 2033 μαρτυρίαν

163 2034 265 2086 καὶ
299 2036 562 2108 κήρυγμα
611 2042 709 2109 τῆς
740 2044 968 2114 Τριάδος
1022 2051 1174 2120 παρά
1212 2053 1307 2104 τοῦ
1342 2053 1524 2106 Ἥλιοῦ
1577 2055 1736 2109 πάλιν

161 2127 412 2194 γεγονὸς,
456 2131 543 2184 ὅτε
596 2137 937 2204 νεκρωθέντα
970 2141 1064 2193 τὸν
1105 2143 1219 2195 υίδν
1254 2145 1568 2214 Σαραφθίας
1613 2147 1735 2199 ἀνέ-

165 2230 360 2287 στησε,
385 2222 506 2286 τρὶς
527 2225 973 2303 προσευξάμενος
999 2231 1093 2282 καὶ
1111 2232 1232 2301 τρὶς
1257 2234 1536 2286 ἐπιπεσὼν
1563 2235 1733 2304 αὐτῷ.

163 2308 326 2371 Τινὲς
357 2311 410 2365 δὲ
450 2317 545 2366 καὶ
580 2317 831 2381 πλείονας
881 2321 990 2374 τῶν
1021 2323 1159 2376 ἐπτά
1191 2324 1628 2395 συναθροίζουσιν
1656 2332 1734 2392 είς

147 2401 415 2467 οπλείονος
437 2406 636 2475 δεῖγμα
675 2410 912 2474 πίστεώς
946 2430 1005 2465 τε
1033 2417 1125 2467 καὶ
1157 2417 1483 2487 προθυμίας.
1507 2420 1645 2472 Ἀλλ’
1670 2421 1731 2473 οὐ

161 2492 725 2566 πολυπραγμονητέον
784 2502 914 2572 περὶ
964 2504 1060 2557 τοῦ
1096 2507 1330 2575 ἀριθμοῦ
1365 2526 1381 2542 ο
1437 2512 1555 2564 ἐπεὶ
1609 2513 1732 2566 οὐδὲ

161 2585 400 2655 ἀριθμὸς
427 2590 716 2659 γράφεται.
770 2594 918 2665 Πλὴν
948 2597 996 2649 εί
1027 2599 1120 2652 καὶ
1158 2599 1218 2652 οὐ
1257 2602 1582 2670 γέγραπται,
1617 2605 1731 2657 ἀλλ’

159 2678 462 2746 ἀναγκαῖον
511 2682 608 2752 τὴν
653 2686 887 2754 ἀρχαίαν
940 2691 1220 2759 τηρεῖσθαι
1277 2696 1592 2764 παράδοσιν.
1623 2698 1732 2750 Καὶ

159 2767 409 2824 εστωσαν
439 2773 538 2842 μὲν
577 2777 720 2830 ἐπτά
752 2779 828 2842 ὡς
876 2779 993 2845 ἐθος
1038 2783 1265 2852 ἀρχαῖον
1285 2801 1298 2815 ·
1331 2788 1380 2839 εἱ
1417 2787 1461 2840 δ’
1493 2789 1728 2857 ἀνάγκη,

158 2863 230 2913 τὸ’
252 2863 472 2917 ἔλαττον
501 2869 668 2935 τρεῖς·
699 2871 795 2922 καὶ
829 2871 1006 2925 πάντα
1042 2873 1353 2940 λεγέτωσαν
1377 2877 1474 2930 ὅσα
1499 2882 1732 2952 παραδὲ-

157 2953 311 3006 δοττι
350 2953 625 3023 λέγεσθαιο
677 2959 760 3012 ὅτι
809 2960 902 3014 τοῦ
943 2963 1258 3032 Πνεύματος
1302 2970 1479 3022 πάντα
1513 2973 1576 3024 ἐκ
1622 2974 1733 3027 τῶν

159 3043 423 3114 Πατέρων
456 3046 605 3102 ὄντα.
644 3046 738 3112 Εἷς
767 3050 823 3104 δὲ
855 3053 1224 3124 πρεσϐύτερος
1258 3059 1332 3129 μὴ
1374 3063 1596 3116 ποιείτω
1645 3065 1730 3118 εὑ-

155 3136 399 3200 χέλαιον·
433 3139 513 3192 ὅτι
541 3140 618 3203 ὡς
651 3143 778 3211 περὶ
813 3143 1114 3200 ἐπισκόπου
1163 3152 1469 3220 γέγραπται
1503 3155 1578 3222 μὴ
1619 3174 1731 3225 χει-

1851 672 2213 727 Sumanitidis
2255 676 2318 729 ad
2371 678 2533 730 vitam
2577 683 2900 746 revocantis,
2948 687 3260 744 sacerdotes
3294 706 3414 758 sep-

1849 764 1948 815 tics
2014 765 2286 833 deprecati
2345 768 2489 822 illam
2549 775 2899 838 resuscitant,
2953 779 3409 844 quemadmodum

1848 853 2070 907 Elisteus
2099 871 2322 922 puerum
2360 863 2557 928 septies
2587 863 2638 915 in
2678 879 2800 917 cum
2833 866 3146 922 incurvatus
3181 883 3234 924 et
3285 888 3408 943 sep.-

1849 944 1952 996 ties
2000 947 2316 1012 deprei-atus
2357 965 2371 1015 ;
2433 952 2513 1002 vel
2549 952 2765 1018 perinde
2795 971 2855 1008 ae
2889 957 3031 1010 Elias
3062 963 3258 1028 septies
3286 976 3412 1029 pre-

1848 1045 2000 1089 catus
2030 1038 2226 1090 omium
2257 1042 2400 1108 quod
2438 1053 2655 1111 propter
2691 1058 2908 1113 peccata
2948 1050 3239 1114 clauserat,
3283 1070 3404 1105 rurv

1847 1143 1965 1180 sum
2022 1133 2254 1198 apt-ruit.
2317 1143 2369 1185 et
2433 1135 2557 1186 inde
2620 1138 2856 1203 pluviam
2923 1141 3130 1200 eduxit.
3192 1144 3259 1196 ita
3321 1146 3408 1199 isti

1845 1220 2049 1285 septies
2075 1221 2347 1290 deprecati
2368 1225 2587 1278 solvunt
2608 1229 2826 1295 quidem
2852 1233 3054 1295 peccati
3089 1236 3404 1301 siccitatem,

1845 1311 2041 1362 cmlum
2099 1327 2228 1364 vero
2282 1315 2538 1383 aperiunt
2595 1335 2745 1373 more
2780 1322 2926 1374 Petri
2988 1324 3192 1378 clavem
3223 1329 3411 1395 gratiae

1845 1398 2144 1467 gesmntcs,
2172 1414 2227 1457 et
2263 1409 2690 1464 misericordiam
2719 1414 2721 1417 ’
2746 1428 2774 1464 a
2837 1412 2946 1467 Deo
2989 1419 3326 1474 remissionis
3353 1429 3410 1475 ut

1846 1491 2078 1558 pluviam
2109 1495 2366 1550 educunt.
2437 1499 2557 1554 llac
2591 1511 2673 1555 est
2718 1504 2874 1569 ratio,
2911 1515 2965 1558 ut
3014 1509 3144 1562 milii
3177 1511 3408 1576 videtur,

1843 1583 1910 1636 de
1949 1592 2153 1651 septem
2187 1587 2579 1645 saierdotibus.
2625 1593 2852 1657 Quidam
2900 1612 3052 1662 vero,
3094 1602 3181 1654 ubi
3209 1612 3292 1657 est
3324 1619 3412 1658 sa-

1843 1675 2123 1730 cordotum
2158 1681 2407 1747 penuria,
2445 1693 2554 1737 tres
2592 1695 2799 1740 tantum
2869 1689 3163 1755 advocant,
3223 1704 3278 1749 ct
3307 1697 3410 1753 hoc

1841 1770 1998 1838 Culpa
2059 1782 2230 1827 caret.
2296 1772 2379 1827 Fit
2431 1777 2573 1830 enim
2633 1780 2867 1848 primum
2913 1785 3130 1853 quidem
3190 1799 3411 1859 propter

1842 1862 2093 1917 virtutem
2149 1863 2454 1933 Trinitatis,
2486 1869 2682 1926 deinde
2735 1889 2860 1926 Vrro
2917 1887 3134 1944 propter
3183 1881 3308 1936 illud
3339 1883 3407 1938 ab

1843 1952 1955 2006 Elia
2010 1955 2061 2009 in
2130 1959 2495 2014 testimonium
2546 1971 2600 2015 et
2656 1964 3092 2031 praedicationem
3125 1968 3409 2030 Trinitatis

1840 2061 2028 2100 rursus
2099 2049 2322 2114 factum,
2396 2054 2614 2120 quando
2684 2068 2958 2113 mortuum
3018 2059 3409 2132 Sareplttltenaa

1841 2136 2010 2191 filium
2043 2141 2408 2204 resuscitavit,
2455 2153 2536 2196 ter
2579 2144 2924 2213 deprecatus,
2970 2153 3249 2223 terque‘in
3279 2171 3404 2211 eum

1837 2229 2176 2286 incurvatus.
2243 2231 2471 2297 Quidam
2536 2247 2715 2291 autem
2769 2240 2950 2307 plures
2987 2258 3149 2310 quam
3197 2257 3404 2315 septem

1834 2333 2163 2393 congregant
2193 2323 2245 2377 in
2271 2325 2480 2396 signum
2505 2330 2726 2397 majoris
2748 2331 2870 2398 fidei
2896 2345 2950 2406 et
2973 2335 3278 2391 voluntatis.
3297 2338 3405 2394 Sed

1835 2429 1943 2466 non
1999 2427 2213 2482 Oportet
2246 2418 2311 2472 de
2347 2436 2573 2475 numero
2609 2423 2938 2494 disceptare,
2990 2443 3113 2483 cum
3145 2446 3404 2486 numerus

1835 2506 2069 2573 scriptus
2097 2523 2204 2561 non
2238 2510 2328 2564 sit.
2365 2511 2638 2579 Attamen,
2672 2519 2771 2570 etsi
2802 2521 3037 2587 scriptus
3070 2537 3178 2576 non
3217 2522 3402 2588 fuerit,

1837 2612 2058 2652 necesse
2104 2609 2187 2653 est
2237 2603 2513 2672 antiquam
2549 2608 2753 2662 servari
2786 2610 3129 2667 traditionem
3165 2628 3182 2668 :
3221 2615 3405 2670 adsint

1833 2692 2050 2760 quidem
2082 2705 2288 2762 septem
2323 2699 2619 2753 secundum
2648 2703 2924 2771 antiquum
2955 2721 3199 2773 morem;
3239 2718 3317 2772 at,
3349 2709 3397 2762 si

1835 2797 2061 2836 necesse
2102 2783 2289 2852 fuerit,
2329 2787 2395 2840 ad
2427 2790 2714 2844 minimum
2749 2801 2881 2858 tres,
2919 2803 2973 2848 et
3001 2797 3180 2851 omnia
3219 2799 3402 2854 dicant

1833 2889 2168 2945 qumcuuque
2253 2879 2435 2936 dicere
2515 2883 2774 2937 traditum
2854 2897 2986 2953 est,
3043 2890 3302 2958 quoniam
3370 2907 3400 2946 a

1836 2963 2039 3032 Spiritu
2070 2979 2195 3020 sunt
2227 2971 2407 3024 omnia
2439 2987 2558 3041 qua:
2589 2987 2656 3028 ex
2686 2974 2937 3030 Patribus
2975 2989 3204 3048 excepta
3249 2990 3400 3035 sunt.

1837 3055 1987 3111 Unus
2035 3067 2216 3113 autem
2275 3062 2554 3133 presbyter
2587 3079 2694 3120 non
2743 3068 2989 3122 conficiat
3041 3069 3398 3138 eucbelazutn,

1833 3149 2088 3215 quoniam
2141 3154 2592 3219 quemadmodum
2637 3159 2704 3211 de
2738 3160 2994 3230 episcopo
3024 3163 3282 3232 scriptum
3315 3173 3400 3218 est

158 3228 499 3293 ροτονετσθαι
524 3233 656 3301 παρ’
683 3232 820 3298 ἐνὸς,
854 3234 996 3290 οὕτω
1027 3239 1121 3291 καὶ
1153 3243 1281 3310 περὶ
1315 3243 1622 3312 εὐχελαίου,
1654 3250 1729 3319 μὴ
1758 3253 1802 3311 (ς.

1758 3253 1802 3311 c
1835 3249 1900 3286 ne
1927 3235 1995 3288 ab
2031 3251 2138 3289 uno
2169 3239 2474 3306 ordinetur,
2522 3243 2594 3296 ita
2623 3255 2676 3299 et
2731 3247 2797 3299 de
2856 3228 3148 3315 eucltclaro,
3205 3267 3274 3307 ne
3331 3254 3399 3308 ab

155 3317 315 3386 παρὰ
332 3321 702 3396 πρεσϐυτέρου
733 3325 1164 3387 ἐνὺςτελεϊσθαι.
1209 3351 1227 3384 ι
1263 3317 1732 3404 Προσκαλεσάσθω

155 3407 286 3469 τοὺς
316 3394 723 3482 πρεσϐυτέρους
770 3415 873 3484 τῆς
903 3416 1252 3490 Ἐκκλησίας,
1301 3394 1455 3494 (inqui,
1491 3429 1585 3479 καὶ
1632 3430 1731 3501 οὐχ

153 3495 256 3551 ἕνα
285 3500 668 3571 πρεσϐύτερον.
725 3505 834 3558 Καὶ
878 3511 1369 3579 προσευξάσθωσαν
1407 3517 1499 3569 ἐπ’
1543 3495 1730 3589 αὐτὸν,

161 3586 484 3656 ἀλείψαντες
508 3591 674 3645 αὐτὸν
702 3594 888 3667 ἐλαίῳ.
918 3614 937 3649 ι

614 3685 772 3755 201
818 3691 1071 3747 ΚΕΦΑΛ.
1108 3695 1273 3750 my.

244 3770 375 3825 Ὀτι
400 3775 658 3845 μεγίστη
693 3779 799 3833 τοῦ
829 3783 1004 3850 ἁγίου
1032 3786 1243 3843 ἐλαίου
1277 3789 1315 3854 ἡ
1354 3790 1629 3863 δύναμις.

227 3863 341 3916 Καὶ
362 3865 415 3916 τί
441 3866 504 3917 ἐκ
537 3868 1060 3943 τούτουιγενήσεταις
1094 3879 1236 3949 Ὅρα
1262 3883 1343 3935 ὅτι
1372 3885 1431 3936 τδ
1455 3888 1727 3954 μέγιστον.

159 3973 179 4004 ι
207 3954 376 4025 Καὶή
406 3956 560 4028 εὐχὴ,
589 3965 744 4028 φησι,
768 3964 867 4034 τῆς
885 3967 1119 4033 πίστεως
1144 3971 1306 4025 σώσει
1328 3976 1417 4028 τὸν
1435 3978 1726 4047 κάμνοντα,

153 4047 251 4097 καὶ
274 4047 456 4118 ἐγερεῖ
485 4050 648 4105 αὑτὸν
678 4054 706 4104 ὁ
731 4056 961 4126 Κύριος*
979 4078 998 4111 ι
1031 4061 1127 4133 οὐχ
1151 4065 1198 4115 οἱ
1237 4065 1534 4137 ἄνθρωποι,
1562 4069 1675 4121 ἀλλ’
1701 4073 1730 4124 6

153 4138 383 4207 Κύριος.
429 4141 582 4195 Ἐπεὶ
611 4144 711 4215 τὴν
737 4148 898 4218 χάριν
924 4150 1018 4204 τοῦ
1057 4154 1261 4225 Κυρίου
1298 4157 1396 4227 τῆς
1430 4162 1728 4232 ἱερωσύνης

153 4230 484 4288 ἐνδέδυνται.
519 4236 626 4289 Καὶ
651 4238 702 4289 τί
729 4238 812 4292 ἐτι
837 4242 999 4296 πλέον
1025 4247 1054 4297 6
1084 4250 1307 4316 κάμνων
1338 4251 1580 4322 εὖρήσει;
1610 4230 1728 4308 ΚΞξν

153 4322 494 4397 ἀμαρτίαςῇ
527 4330 865 4399 πεποιηκὼς,
921 4335 1258 4407 ἀφεθήσεται
1311 4342 1479 4413 αὐτῷ.
1531 4346 1724 4414 Ὁρᾶτε

152 4412 388 4481 δύναμιν
419 4417 518 4485 τῆς
548 4419 772 4490 τελετῆς
801 4425 1007 4496 ταύτης
1034 4445 1050 4494 ;
1086 4433 1180 4484 καὶ
1223 4412 1536 4505 ἀρρωστίας
1585 4412 1722 4507 λύει,

152 4506 250 4558 καὶ
280 4506 407 4569 τοὺς
442 4510 728 4579 κειμένους
773 4515 999 4583 ἐγείρει,
1032 4520 1124 4573 καὶ
1169 4523 1438 4596 ἁμαρτίας
1479 4506 1722 4600 ἀφίησιν.

707 4625 961 4682 ΚΕΦΑΛ.
998 4631 1165 4691 ΣΠΕ’.

156 4707 322 4761 Κατὰ
355 4707 462 4777 τῆς
489 4712 560 4764 ἐν
604 4714 683 4781 τῷ
729 4719 1024 4843 εὐχελιέίῳ
1070 4726 1188 4781 τῶν
1226 4733 1497 4788 Λατίνων
1522 4753 1722 4793 καινο-

828 4805 934 4843 τοιι
961 4808 1055 4843 ac.

828 4805 954 4857 τομι
961 4808 1055 4858 ας.

236 4870 384 4922 Ἀλλ’
429 4873 477 4924 oi
514 4877 964 4945 καινοτομοῦντες
1034 4883 1212 4939 πάντα
1258 4889 1473 4947 Λατῖνοι
1521 4898 1614 4948 καὶ
1663 4898 1723 4950 τδ

155 4962 289 5030 περὶ
313 4961 506 5015 τούτου
542 4967 934 5038 παρέφθειραν.
976 4974 1083 5026 Καὶ
1121 4978 1179 5030 ού
1208 4981 1314 5050 χρὴ
1339 4981 1536 5038 διδόναι
1567 4987 1723 5042 τοῦτο

158 5051 527 5122 ἀρρωστοῦσι,
555 5059 740 5127 φασὶν,
769 5061 884 5114 ἀλλ’
914 5064 1366 5137 ἀποθνήσκουσιν,
1392 5075 1513 5127 ἐπεὶ
1545 5079 1722 5152 ἀμαρ-

155 5141 277 5204 τξας
307 5143 550 5216 ἀφίησιν,
588 5147 676 5202 ἵνα
713 5151 790 5221 μή
825 5153 986 5207 πάλιν
1038 5158 1304 5230 ἐπιζήσας
1343 5181 1425 5228 τις
1477 5141 1718 5242 ἐξαμάρ-

152 5248 256 5286 τοι.
292 5233 465 5289 Βαϐαὶ
489 5237 584 5307 τῆς
609 5241 867 5307 ἀπονοίας
895 5245 908 5299 !
947 5246 1012 5299 Ὀ
1042 5249 1143 5318 μὲν
1178 5251 1538 5323 Ἀδελᾳόθεος,
1577 5233 1719 5316 ὶκὶιι

155 5418 338 5484 ἐγερεῖ
378 5419 541 5473 αὑτὸν
570 5419 600 5471 6
650 5422 875 5493 Κύριος·
908 5445 928 5478 ι
981 5423 1130 5483 οὗτοι
1161 5433 1241 5496 δέ,
1279 5435 1395 5490 ’Ὶνα
1449 5440 1713 5516 ἀποθάνῃ,

156 5505 345 5572 φασίν.
387 5506 551 5580 Ὁρᾷς
585 5511 676 5564 τὸν
728 5514 1219 5588 ἐκκρημνισθὲντα,
1269 5525 1416 5590 ὅπως
1465 5531 1551 5582 ἀεὶ
1584 5505 1717 5603 apii:

149 5593 212 5647 τδ
235 5597 497 5662 κάταντες
528 5605 930 5674 καταφέρεταις
965 5610 1080 5663 Κᾶν
1114 5613 1387 5684 ἁμαρτίας
1491 5593 1716 5694 πεποιη-

150 5685 282 5752 κὼς,
328 5690 658 5760 ἀφεθήσεται
684 5697 854 5766 αὐτῷ,
888 5697 973 5753 ἴνα
1015 5703 1133 5774 ίαθῇ
1167 5708 1259 5759 καὶ
1300 5685 1497 5781 ἐγερθῇ
1529 5685 1715 5784 δηλον-

150 5774 248 5827 ότι.
302 5777 409 5832 Καὶ
442 5781 598 5834 τοῦτο
626 5784 898 5839 δείκνυσιν
927 5791 954 5843 6
990 5791 1198 5865 Σωτὴρ,
1235 5798 1370 5868 πρὸς
1402 5803 1491 5855 τὸν
1540 5808 1714 5875 παρά-

148 5864 304 5923 λυτον
335 5872 586 5941 εἰρηκὼς,
635 5877 948 5945 Ἀρέωνταί
981 5899 1077 5941 σοι
1129 5892 1186 5945 αἱ
1235 5890 1510 5960 ἁμαρτίαι
1572 5916 1709 5956 σου*

1834 3340 1941 3378 uno
1966 3329 2276 3398 presbytero
2303 3335 2654 3390 conficiatur:
2695 3357 2710 3388 ι
2737 3338 2984 3406 inducat,
3017 3343 3208 3413 inquit,
3241 3361 3398 3415 pres-

1833 3413 2048 3485 byteros
2097 3418 2353 3475 Ecclesia:
2417 3425 2493 3493 (et
2532 3441 2638 3481 non
2696 3445 2862 3482 unutn
2891 3413 3310 3504 presbyterum),
3343 3444 3399 3490 et

1832 3517 2170 3580 orentsuper
2202 3529 2350 3580 eum,
2379 3527 2638 3586 tingentes
2679 3534 2802 3574 eum
2832 3521 2975 3578 oleo.
3011 3541 3032 3575 ι

2289 3692 2519 3749 CAPUT
2567 3697 2940 3759 CCLXXXIV.

2056 3785 2204 3849 Quod
2239 3790 2472 3842 maxima
2510 3792 2577 3843 sit
2609 3795 2751 3846 sacri
2784 3794 2883 3847 olei
2907 3797 3158 3864 efﬁcacia.

1908 3879 1972 3932 Et
2002 3880 2261 3948 quidnam
2289 3896 2350 3932 cx
2385 3883 2483 3933 hoc
2510 3883 2761 3936 eveniet?
2804 3883 2934 3939 Vide
2959 3902 3120 3955 quam
3184 3891 3254 3945 sit
3282 3907 3394 3947 ma-

1831 3973 2062 4024 ximum.
2104 3990 2120 4021 ι
2148 3971 2206 4023 Et
2243 3968 2418 4025 oratio
2452 3973 2712 4039 fidei,ait,
2740 3976 2969 4030 salvabit
3008 3978 3307 4044 infirmum,
3338 3992 3395 4037 et

1830 4065 2104 4118 alleviabit
2135 4080 2258 4117 eum
2290 4065 2602 4128 Dominus,»
2642 4081 2745 4120 non
2774 4068 3043 4133 homines,
3080 4073 3176 4126 sed
3213 4073 3394 4128 Domi-

1829 4172 1952 4218 nus,
1989 4157 2245 4225 quoniam
2276 4159 2500 4224 gratiam
2550 4155 2759 4211 Domini
2814 4161 3259 4218 sanctificationis
3306 4165 3392 4219 in-

1827 4250 2082 4303 duerunt.
2113 4247 2174 4299 Et
2201 4248 2328 4316 quid
2350 4249 2580 4317 amplius
2607 4250 2859 4306 laborans
2888 4254 3162 4309 inveniet?
3197 4274 3214 4307 ι
3255 4255 3317 4311 Et
3344 4257 3390 4312 si

1828 4349 2049 4410 peccata
2103 4337 2320 4403 fecerit,
2358 4341 2698 4394 rctnittentur
2733 4343 2803 4396 ei.
2836 4361 2855 4395 ι
2919 4344 3190 4400 Videtisne
3222 4347 3391 4402 virtu-

1830 4439 1935 4483 tem
1970 4429 2133 4497 hujus
2165 4430 2448 4497 m_\-sterii?
2499 4441 2551 4484 et
2581 4431 2946 4489 infirmitatem
2981 4436 3165 4502 solvit,
3220 4447 3274 4493 et
3301 4438 3388 4508 ja-

1827 4529 2013 4574 centes
2045 4518 2279 4584 alieviat,
2313 4531 2367 4573 et
2397 4532 2615 4589 peccata
2652 4522 2896 4575 dimittit.

2304 4631 2432 4684 CAP
2448 4631 2534 4686 UT
2566 4631 2836 4687 CCLXXX
2855 4633 2914 4688 V.

1894 4721 2091 4777 Contra
2129 4724 2410 4776 novitatem
2461 4722 2774 4780 Latinorum
2804 4730 2948 4781 circa
2981 4732 3317 4787 cur/celatim.

1893 4900 1998 4955 Sed
2048 4899 2224 4955 Latini
2255 4903 2435 4956 omnia
2486 4904 2808 4962 innovantcs
2831 4908 3134 4966 doctrinam
3169 4930 3390 4987 quoque

1823 4991 1984 5061 hujus
2027 4993 2268 5062 mysterii
2300 4994 2761 5062 adulteraverunt,
2807 5010 2862 5055 et
2894 5001 3086 5059 dicunt
3111 5007 3238 5061 illud
3276 5024 3386 5063 non

1821 5083 2055 5138 dandum
2084 5100 2203 5138 esse
2272 5087 2524 5150 infirmis,
2558 5091 2651 5142 sed
2682 5094 3063 5160 morientibus,
3123 5102 3382 5167 quoniam

1820 5175 2040 5244 peccata
2075 5175 2320 5243 dimittit,
2378 5193 2447 5232 ne
2484 5196 2698 5235 rursum
2737 5186 2957 5240 sanitati
2995 5190 3237 5245 redditus
3289 5195 3384 5249 de-

1819 5268 2044 5335 linquat.
2081 5267 2196 5320 ileu
2226 5269 2238 5320 l
2271 5280 2468 5337 quanta
2507 5272 2750 5328 insania!
2785 5279 2872 5330 Dei
2904 5280 3122 5345 quidem
3151 5281 3378 5342 Frater:

1825 5355 1921 5409 «Et
1947 5359 2140 5422 oratio,
2169 5360 2360 5427 inquit,
2385 5361 2504 5416 fidei
2523 5365 2747 5420 salvabit
2769 5367 3062 5432 infirmum,
3090 5382 3144 5426 ct
3169 5375 3383 5431 allevia-

1819 5449 1894 5501 liit
1924 5464 2047 5502 eum
2070 5449 2364 5517 Dominus;
2390 5472 2409 5504 ι
2433 5454 2503 5507 illi
2533 5466 2711 5509 autem
2746 5459 2963 5516 dicunt:
3003 5463 3070 5518 Ut
3096 5469 3380 5526 moriatur.

1821 5541 2003 5597 \‘iden‘
2035 5547 2305 5612 quomodo
2341 5565 2578 5620 praeceps
2605 5552 2658 5604 in
2685 5556 2904 5612 tetriora
2933 5575 3148 5630 semper
3176 5565 3382 5622 feratur

1817 5636 2150 5704 praecipitia?
2211 5639 2274 5693 Et
2333 5643 2376 5694 si
2427 5655 2641 5710 peccata
2698 5648 2880 5715 fuerit,
2923 5657 3262 5711 remittemur
3304 5663 3379 5723 ei,

1817 5727 2023 5780 scilicet
2075 5741 2134 5781 ut
2188 5743 2413 5786 sanetur
2460 5745 2512 5788 et
2571 5738 2878 5804 allevietur,
2938 5749 3080 5814 quod
3134 5748 3379 5805 Salvator

1815 5815 2155 5873 de:.tonstrat
2191 5821 2423 5878 dicendo
2458 5828 2522 5879 ad
2553 5832 2909 5901 paralyticutn
2946 5855 2958 5889 :
3035 5857 3050 5888 ι
3080 5838 3378 5896 Remittun—

1817 5915 1901 5960 tttr
1935 5906 2029 5962 tibi
2060 5923 2276 5977 peccata
2307 5927 2392 5970 tua
2420 5934 2432 5980 ς
2460 5936 2477 5969 ι
2515 5929 2566 5974 et
2596 5937 2610 5976 :
2640 5940 2657 5974 ι
2684 5923 2852 5987 Surge
2883 5937 2934 5981 et
2965 5931 3178 5987 ambula
3202 5949 3248 5997 ;o
3279 5947 3370 5991 et:
