4208 6440
169 447 273 505 525

747 554 789 604 Κ
803 550 995 605 ΕΦΛΔ.
1053 551 1161 617 Σις.

180 666 308 721 Ὀτι
339 664 524 722 διπλὰ
560 668 628 719 τὰ
654 666 961 733 μυστήριὰ
989 666 1056 729 ἐξ
1087 666 1242 730 ὕλης
1276 667 1373 716 καὶ
1406 666 1747 734 πνεύματος

579 736 657 789 δι’
679 736 838 805 ἡμᾶς
868 737 1126 800 διπλοῦς
1155 736 1355 799 ὄντας.

246 829 356 883 Καὶ
387 830 454 882 τά
507 830 787 898 μυστήρια
831 828 1030 881 δέδωκε
1060 827 1244 885 διπλᾶ,
1288 827 1461 896 ὁρατά
1494 826 1592 895 μὲν
1620 825 1771 877 ὄντα

170 926 272 977 καὶ
299 925 366 977 ἐκ
398 923 675 991 στοιχείων
714 921 799 975 διὰ
834 921 895 974 τδ
937 920 1097 990 σῶμα
1147 920 1325 991 ἡμῶν,
1368 922 1533 990 νοητά
1566 922 1623 974 δὲ
1655 922 1749 973 καὶ

174 1015 421 1084 μυστικά
446 1014 539 1068 καὶ
571 1016 753 1086 πλήρη
788 1015 1005 1085 χάριτος
1042 1015 1275 1083 ἀοράτου
1316 1013 1405 1067 διὰ
1436 1015 1498 1066 τὺ
1530 1014 1748 1082 πνεῦμα

170 1108 368 1177 ήμῶνο
403 1108 486 1161 δτι
507 1109 619 1169 τοῖς
650 1108 972 1176 μυστηρίοις
999 1106 1235 1169 τούτοις,
1280 1110 1373 1160 καὶ
1409 1106 1629 1173 σώμασι
1660 1106 1752 1157 καὶ

170 1200 379 1271 ψυχαῖς
428 1200 912 1268 ἀνακαοαιρόμεθά
963 1216 1022 1253 τε
1073 1198 1166 1253 καὶ
1213 1199 1596 1268 φωτιζόμεοα,
1660 1200 1752 1249 καὶ

178 1291 379 1353 ἰάσεως
402 1290 518 1359 ἁμα
555 1284 855 1360 μετέχομεν
886 1292 979 1345 καὶ.
1013 1291 1313 1360 ἁγιασμοῦ.
1346 1290 1437 1343 Διὸ
1465 1291 1557 1343 καὶ
1590 1290 1663 1352 ὡς
1696 1293 1752 1342 ἐν

173 1385 257 1452 τῷ
304 1384 446 1455 ἁγίῳ
478 1384 815 1453 βαπτίσματι
863 1385 945 1454 τῷ
1001 1384 1257 1455 ἁγιασμῷ
1307 1384 1401 1438 τοῦ
1440 1383 1630 1447 ὓδατος
1660 1386 1755 1437 καὶ

172 1478 257 1546 τῷ
288 1478 447 1549 μύρῳ
475 1478 653 1531 διτταὶ
683 1478 860 1547 εὐχαὶ,
891 1482 984 1531 καὶ
1018 1480 1076 1531 ἐν
1099 1481 1216 1541 ταῖς
1252 1478 1608 1548 χειροτονίαις
1640 1478 1753 1531 διτ-

173 1571 293 1634 ταὶ,
317 1570 412 1623 καὶ
440 1573 499 1624 ἐν
527 1569 605 1640 τῷ
645 1570 926 1640 μοναχικῷ
972 1572 1215 1640 σχήματι
1251 1571 1307 1623 αἱ
1338 1570 1555 1639 πρῶται
1606 1571 1755 1623 τελε-

178 1664 369 1716 στικαὶ
397 1663 594 1728 διτταὶ,
636 1664 779 1717 οῦτω
809 1665 872 1732 δὴ
919 1665 1013 1717 καὶ
1043 1666 1100 1716 ἐν
1130 1664 1207 1733 τῷ
1257 1665 1398 1733 ἁγίῳ
1433 1664 1621 1731 ἐλαίῳ,
1662 1664 1757 1717 καὶ

175 1756 282 1823 τῆς
317 1754 539 1823 πρώτης
573 1757 832 1827 ρηθείσης
870 1755 1017 1825 παρὰ
1052 1756 1292 1819 πάντων,
1331 1756 1428 1809 καὶ
1459 1757 1754 1825 σφραγῖδος

180 1847 423 1921 σταυροῦ
463 1850 621 1914 θείας
668 1849 1037 1920 τελεσθείσης,
1094 1851 1127 1921 ὴ
1173 1850 1402 1920 δευτέρα
1452 1850 1605 1919 παρὰ
1658 1847 1752 1900 τοῦ

1436 437 1533 498 DE
1576 440 1635 500 S.
1682 436 1885 498 EUCH
1899 438 2127 498 EL/EO.

3322 435 3424 496 526

2420 544 2647 601 CAPUT
2686 546 2882 602 CCXC.

1852 665 2201 719 Sacramenta
2231 681 2293 716 ex
2322 665 2515 727 duplici
2548 682 2601 717 re
2620 674 2878 716 constare.
2913 662 3177 716 utatcriuli
3201 678 3245 715 et
3272 666 3430 729 spiri-

1909 738 2024 798 tali,
2048 737 2295 805 quoniam
2329 744 2377 787 et
2408 751 2497 786 nos
2525 750 2589 786 ea:
2611 734 2811 801 duplici
2840 734 3135 786 substantia
3166 751 3369 787 sumus.

1927 827 2026 891 Qui
2059 822 2279 896 insuper
2301 826 2531 894 duplicia
2556 825 2707 879 dedit
2737 826 3017 895 mysteria,
3043 825 3278 881 visibilia
3306 827 3429 895 qui-

1854 918 1976 971 dem
2008 932 2071 971 ex
2119 918 2406 971 elementis
2446 915 2754 971 constantia
2810 927 3035 985 propter
3086 931 3284 985 corpus
3334 932 3431 969 no-

1855 1022 2055 1073 Strum,
2096 1008 2357 1077 spiritalia
2394 1018 2575 1062 autem
2609 1016 2663 1061 et
2694 1009 2917 1077 mystica
2958 1019 3118 1077 atque
3147 1009 3433 1063 invisibilis

1858 1102 2046 1169 gratiae
2084 1102 2240 1171 plena
2292 1109 2511 1169 propter
2552 1100 2794 1153 animam
2853 1109 3120 1163 nostram,
3171 1102 3428 1168 quoniam

1858 1192 1943 1246 bis
1976 1191 2265 1255 mvsteriis,
2296 1198 2350 1244 et
2399 1204 2628 1259 corpore
2655 1200 2709 1243 et
2756 1190 2951 1259 spiritu
2985 1192 3319 1244 mundamur
3348 1201 3432 1245 at-

1857 1300 1962 1354 que
1986 1284 2375 1355 illuminamur,
2402 1282 2669 1352 simulque
2698 1284 3000 1339 sanationis
3036 1296 3088 1338 et
3115 1285 3394 1338 sanetiliea
3414 1317 3426 1327 ι

1860 1378 2026 1431 tionis
2066 1377 2223 1430 limus
2249 1376 2560 1445 participes.
2595 1375 2938 1445 Quapropter
2971 1378 3111 1431 sicut
3161 1378 3211 1430 in
3243 1376 3430 1431 divino

1861 1468 2182 1535 baptismate
2200 1469 2265 1521 ad
2298 1468 2745 1523 sanctiﬁcandum
2771 1485 2961 1537 aquam
2998 1481 3054 1524 et
3093 1481 3432 1537 unguentum

1862 1561 1983 1614 duae
2021 1570 2147 1614 sunt.
2173 1561 2448 1614 orationes
2479 1600 2493 1621 ,
2548 1559 2669 1613 dua:
2722 1560 2774 1611 in
2805 1560 3279 1623 ordinationibus,
3320 1564 3437 1615 diue

1863 1654 2025 1707 etiam
2059 1652 2384 1721 principales
2416 1653 2469 1705 in
2519 1652 2852 1720 conferendo
2894 1653 3079 1707 habitu
3110 1655 3432 1716 monastien,

1866 1746 1935 1799 ita
1994 1756 2047 1800 et
2098 1746 2150 1799 in
2182 1755 2367 1800 sancto
2395 1748 2533 1811 oleo;
2569 1754 2624 1800 et
2650 1747 2825 1812 priore
2859 1748 2998 1801 dicta
3035 1749 3101 1801 ab
3144 1750 3399 1802 omnibus
3421 1791 3434 1810 ,

1867 1837 2116 1905 factoque
2152 1838 2343 1891 divina:
2374 1838 2554 1891 crucis
2595 1838 2784 1906 signo,
2817 1839 3087 1906 posterior
3121 1841 3229 1892 lita
3265 1840 3441 1909 prium

180 1941 403 2011 πρώτου
434 1941 544 1994 τῶν
585 1943 774 2013 ἱερέων
817 1944 1045 2008 γίνεται,
1083 1943 1142 1995 ἐν
1186 1943 1261 2010 τῷ
1312 1942 1633 2010 σφραγίζειν
1663 1942 1759 1994 αὐ·-

1865 1928 2166 1992 sarerdote,
2194 1929 2433 1997 quicum
2464 1929 2678 1997 signat,
2717 1944 2908 1984 omnes
2950 1931 3111 1985 simul
3149 1932 3326 1985 oleum
3362 1934 3436 1984 si-

182 2033 301 2094 τὸν,
337 2033 746 2101 σφραγιζὸντων
792 2032 925 2102 ὁμοῦ
948 2034 1061 2093 ,καὶ
1100 2034 1321 2086 πάντων
1374 2033 1440 2086 τὺ
1491 2032 1687 2095 ἔλαιον,
1724 2034 1758 2103 ἢ

184 2124 285 2175 καὶ
311 2123 452 2176 οῦτω
486 2124 648 2194 φησίν
672 2141 685 2154 ·
723 2142 742 2175 ι
782 2126 1039 2194 Ἀναρχε,
1076 2125 1361 2194 ἁδιὰδοχε,,
1383 2125 1504 2191 ἆγιε
1525 2125 1754 2191 ἁγίων.»

185 2214 519 2283 Θαυμαστὸν
543 2214 603 2266 τὸ
632 2214 936 2283 προοίμιον.
992 2234 1009 2266 ι
1062 2216 1135 2268 Σὺ
1166 2217 1194 2269 δ
1240 2216 1493 2284 ἁπαρχῆς
1525 2216 1619 2267 καὶ
1675 2218 1765 2267 ἀεὶ

186 2306 461 2373 ἐλεήμων,
494 2306 587 2359 καὶ
625 2308 652 2358 ὀ
694 2307 770 2375 μὴ
802 2306 1052 2377 διαδοχὴν
1082 2306 1245 2376 ἔχων.
1287 2306 1345 2359 '0
1377 2308 1541 2367 αὐτὸς
1572 2308 1680 2375 γάρ
1716 2303 1765 2358 εῐ

193 2398 294 2449 σὺν
326 2397 403 2465 τῷ
430 2397 545 2467 Υίῷ
580 2414 673 2450 σου
702 2399 792 2450 καὶ
824 2400 1124 2468 Πνεύματι,
1150 2400 1236 2451 ἀεὶ
1262 2399 1447 2467 Πατὴρ
1475 2399 1767 2452 ἀναλλοίωο

192 2505 311 2552 τος,
345 2490 439 2541 καὶ
491 2490 646 2555 ἅγιος
680 2488 788 2542 τῶν
833 2488 1028 2557 ἁγίων,
1071 2491 1317 2542 τουτέστι
1376 2492 1534 2558 μόνος
1590 2491 1765 2557 ᾶγιος,

192 2580 292 2632 καὶ
316 2579 422 2633 τῶν
449 2581 825 2650 ἁγιαζομένων
859 2581 1155 2649 ἁγιασμὸς,
1177 2583 1337 2650 ἡμεῖς
1363 2581 1418 2633 δὲ
1455 2581 1770 2651 ἁμαρτωλοὶ

194 2672 291 2722 καὶ
328 2670 556 2740 πλήρεις
586 2672 785 2732 παντὸς
820 2670 1021 2741 ῥύπου,
1067 2672 1160 2724 καὶ
1212 2674 1288 2734 ώς
1340 2671 1637 2741 ἀρξάμενοι
1673 2673 1768 2724 ά)-

196 2762 526 2830 λοιούμενοι.
552 2762 644 2814 Διὸ
674 2763 735 2815 σὺ
763 2764 789 2815 ὁ
817 2763 1201 2828 ἐξαποστείλας
1229 2765 1285 2815 ἐν
1319 2764 1452 2814 ἐλέει
1488 2766 1580 2817 τὸν
1615 2781 1770 2831 μονο-

194 2853 334 2921 γενῆ
374 2870 469 2906 σου
503 2854 655 2917 Υίὸν,
693 2854 922 2921 ἰώμενον
953 2858 1133 2913 πάσας
1178 2857 1274 2916 τὰς
1322 2856 1509 2916 νόσους
1560 2857 1654 2908 καὶ
1704 2856 1771 2907 τὰ

199 2944 352 3012 πάθη
394 2944 567 3013 ἡμῶν,
630 2944 1012 3007 ἐξαποστειλον
1056 2946 1115 2997 τὸ
1164 2945 1317 3012 ἅγιόν
1385 2963 1476 2997 σου
1527 2945 1769 3012 Πνεῦμα,

198 3041 298 3091 καὶ
327 3038 552 3105 ἁγίασον
584 3039 643 3091 τὸ
673 3040 851 3091 ἔλαιον
885 3041 1061 3093 τοῦτο.
1105 3059 1121 3092 ι
1167 3042 1275 3093 Καὶ
1300 3040 1458 3103 εὐθὺς
1484 3040 1773 3111 σφραγίζει

199 3132 340 3184 αὐτὸ
400 3131 427 3183 ὃ
480 3147 537 3182 τε
595 3132 807 3199 πρῶτος
858 3133 1060 3199 ἱερεὺς,
1094 3132 1185 3182 καὶ
1219 3131 1335 3199 ἅμα
1396 3133 1630 3190 πάντες·
1683 3136 1774 3185 καὶ

199 3223 420 3288 ἐπάγει,
465 3240 482 3272 ι
527 3220 757 3292 Ποίησον
787 3222 920 3274 αὐτὸ
948 3222 1199 3289 γενέσθαι
1232 3222 1502 3291 χριομένῳ
1530 3223 1667 3291 τῷδε
1699 3224 1772 3293 τῷ

199 3314 377 3382 δούλῳ
434 3330 528 3365 σου
591 3317 671 3374 εἰς
728 3316 942 3367 τελείαν
1000 3314 1378 3383 ἀπολύτρωσιν
1435 3316 1544 3366 τῶν
1602 3315 1771 3367 αὐτοῦ

203 3406 715 3475 πλημμελημάτων.
751 3424 768 3455 ι
806 3406 1054 3473 Μεγίστη
1105 3405 1274 3464 ὅντως
1319 3408 1351 3475 ἡ
1384 3404 1583 3473 δωρεά.
1622 3424 1638 3456 ι
1681 3408 1772 3467 Εἰς

205 3496 483 3564 ἁγιασμὸν
524 3496 701 3565 ψυχῆς
733 3499 826 3550 καὶ
859 3497 1133 3567 σώματος,
1180 3516 1196 3548 ι
1246 3498 1378 3549 Ἰδοὺ
1410 3499 1505 3550 καὶ
1548 3498 1777 3568 δευτέρα

208 3591 444 3660 μεγίστη
493 3592 673 3657 χάρις.
730 3608 747 3641 ι
797 3590 891 3652 Ei;
938 3590 1215 3659 βασιλείας
1241 3591 1487 3659 οὐρανῶν
1519 3591 1778 3661 κληρονο-

209 3681 362 3748 μίαν.
403 3696 420 3729 ι
466 3680 598 3732 Ἰδοὺ
650 3682 745 3732 καὶ
792 3681 854 3732 τὸ
900 3681 1103 3733 τέλειον
1148 3681 1401 3751 δώρημα,
1452 3684 1485 3750 ή
1535 3682 1780 3751 σωτηρία

207 3765 391 3832 ἡμῶν,
448 3766 541 3816 καὶ
582 3765 615 3834 ἡ
670 3768 1006 3835 κληρονομία
1043 3767 1144 3834 τῆς
1195 3767 1289 3820 τοῦ
1333 3769 1468 3821 Θεοῦ
1508 3770 1782 3839 βασιλείας

207 3853 304 3905 καὶ
334 3852 514 3921 δόξης.
542 3854 649 3905 Καὶ
676 3853 834 3906 τοῦτο
868 3856 1032 3907 πόθεν
1074 3857 1205 3926 ἡμῖν
1230 3857 1291 3909 τὸ
1324 3859 1525 3926 ἀγαθόν
1554 3877 1566 3923 ;
1607 3879 1624 3911 ι
1658 3861 1781 3913 Ὀτι

206 3942 343 4005 Θεὸς
397 3945 581 4005 ἐλέους
631 3944 722 3996 καὶ
766 3944 1171 4015 φιλανθρωπίας
1223 3948 1512 4018 ὑπάρχεις,
1549 3967 1566 3999 ι
1626 3954 1780 4018 φησι.

213 4037 326 4087 Καὶ
372 4035 641 4103 δοξολογετ
673 4035 863 4088 τοῦτον
891 4036 1170 4105 ἐκφώνως,
1202 4038 1294 4090 τὸν
1334 4040 1549 4109 Πατέρα
1580 4044 1677 4093 σὺν
1708 4044 1783 4111 τῷ

212 4127 331 4194 Υίῴ
358 4128 451 4180 καὶ
488 4127 565 4196 τῷ
602 4126 901 4196 Πνεύματι.
939 4128 1046 4180 Καὶ
1091 4126 1264 4192 οὕτως
1298 4130 1398 4203 ἤδη
1452 4133 1785 4201 ἡγιασμένον

211 4220 333 4275 ἐστὶ
385 4222 444 4274 τὸ
498 4219 699 4287 ἔλαιον,
759 4223 855 4272 καὶ
913 4220 1141 4290 δύναμιν
1194 4222 1416 4276 πλουτεῖ
1471 4225 1643 4291 Θείαν,
1694 4226 1786 4279 καὶ

212 4310 395 4363 πάντα
445 4312 673 4378 παρέχει
728 4308 795 4361 τὰ
850 4310 949 4378 τῆς
1000 4311 1167 4381 εὐχῆς
1212 4315 1326 4377 τοῖς
1363 4317 1500 4383 μετὰ
1551 4318 1788 4379 πίστεως

213 4404 551 4473 χριομένοις.
585 4400 667 4455 Τὰ
704 4404 812 4472 γάρ
860 4404 963 4472 τῆς
996 4404 1165 4473 εὐχῆς
1216 4406 1415 4476 ἐνεργά
1470 4408 1648 4462 πάντα
1700 4412 1789 4480 ρἠ

216 4510 388 4562 ματα,
425 4494 515 4545 διά
549 4493 641 4545 τοῦ
698 4495 887 4562 ίερέως
943 4496 1231 4565 λεγόμενα,
1278 4500 1437 4568 χάριν
1473 4500 1686 4569 ἔχοντος
1722 4506 1786 4571 τῇ

1864 2031 2051 2091 guant,
2075 2032 2129 2076 et
2152 2022 2229 2077 sic
2248 2022 2360 2077 ait:
2389 2041 2405 2072 ι
2438 2024 2480 2077 0
2505 2037 2559 2077 ιιι
2592 2024 2677 2077 cui
2710 2040 2806 2079 nec
2839 2024 3053 2079 initium
3075 2036 3155 2079 οκι
3183 2043 3357 2096 neque
3382 2029 3440 2080 li-

1864 2118 1950 2169 nis
1968 2116 2090 2177 erit,
2114 2124 2297 2169 sancte
2319 2126 2629 2195 sanctorum
2654 2134 2700 2180 ςι
2728 2118 3045 2173 admirabile
3075 2120 3398 2189 principium
3424 2124 3437 2174 !

1873 2224 1890 2256 ι
1922 2218 1977 2259 tu
2008 2207 2098 2274 qui
2136 2208 2204 2262 ab
2234 2208 2390 2262 initio
2432 2217 2485 2261 et
2512 2202 2725 2278 Semper
2754 2226 2813 2264 es
2841 2213 3174 2274 misericors,
3202 2215 3287 2280 qui
3324 2230 3445 2267 suc-

1868 2310 2139 2349 cessorem
2174 2311 2282 2350 non
2313 2297 2508 2361 habes,
2542 2314 2663 2351 nam
2717 2301 2857 2353 idem
2907 2317 2970 2354 es
3010 2318 3131 2355 eum
3188 2303 3323 2356 Filio
3355 2315 3446 2357 tua

1869 2399 1923 2441 et
1982 2388 2205 2457 Spiritu,
2241 2405 2458 2460 semper
2508 2390 2669 2444 Pater
2713 2392 3084 2459 immutabilis,
3124 2404 3178 2448 et
3215 2396 3447 2450 Sanctus

1870 2491 2207 2545 sanctorum,
2245 2482 2297 2537 id
2334 2492 2439 2547 est,
2468 2484 2615 2536 solus
2639 2496 2881 2550 sanctus,
2908 2496 2959 2540 et
2984 2488 3445 2542 sanctilicatoruni

1872 2573 2236 2627 sanctificatio
2263 2615 2275 2639 ,
2319 2592 2416 2629 nos
2450 2584 2629 2629 autem
2665 2588 2978 2647 peccatores
3008 2590 3060 2632 et
3097 2581 3241 2647 pleni
3274 2586 3449 2632 (multis

1875 2666 2171 2733 spurcitia,
2200 2677 2253 2719 et
2282 2668 2405 2735 quia
2434 2668 2645 2721 initium
2699 2668 2962 2723 habemus
3011 2670 3292 2725 instabiles
3334 2688 3350 2725 :
3394 2684 3446 2725 tn

1877 2757 1997 2809 ideo
2024 2758 2114 2826 qui
2149 2759 2345 2812 misisti
2379 2760 2432 2812 in
2472 2760 2844 2815 misericordia
2886 2769 2975 2813 tua
3032 2761 3226 2815 Filium
3262 2766 3451 2832 [litigi--

1877 2848 2047 2899 nitnm
2111 2860 2390 2903 sanantem
2455 2865 2645 2904 omnes
2692 2851 2913 2905 morbos
2949 2864 3167 2907 nostros
3218 2856 3451 2925 vitiaquv

1878 2949 2059 2992 nostra
2095 2941 2368 3006 universa,
2405 2943 2591 2996 emitte
2616 2954 2863 2998 sanetum
2900 2944 3163 3015 Spiritum
3206 2956 3379 3010 tuum,
3403 2960 3450 3002 cl

1878 3031 2159 3085 sanctilica
2184 3033 2360 3086 olcmn
2385 3034 2548 3087 istud.
2586 3052 2603 3085 ι
2642 3034 2708 3087 Ει
2739 3042 2920 3090 statim
2961 3038 3087 3091 illud
3130 3041 3307 3106 signat
3342 3044 3452 3108 pri-

1878 3138 1999 3176 mus
2028 3124 2306 3184 sacerdos,
2355 3125 2624 3194 simulque
2658 3126 2920 3193 universi,
2974 3140 3023 3182 et
3062 3130 3211 3183 addit
3252 3150 3264 3185 :
3304 3151 3321 3182 ι
3353 3132 3453 3185 Fac

1882 3223 1940 3266 ut
1970 3213 2110 3267 istud
2142 3214 2213 3267 sit
2245 3215 2371 3268 huic
2404 3231 2561 3269 servo
2591 3227 2682 3271 tuo
2711 3219 2761 3271 in
2804 3219 3099 3285 perfectam
3131 3224 3453 3293 redemptio-

1804 3280 1848 3339 (ἶ
1882 3317 2064 3356 nema
2128 3305 2365 3373 peccatis
2401 3306 2523 3375 ejus
2588 3280 2817 3374 (donum
2864 3324 2985 3362 vere
3038 3280 3343 3382 magnum):
3403 3318 3454 3368 in

1883 3394 2375 3449 sanetiﬁcationem
2422 3398 2616 3450 aniinze
2655 3407 2707 3451 et
2756 3400 3004 3468 corporis
3076 3404 3163 3466 (en
3219 3408 3454 3458 secunda

1882 3488 2113 3541 maxima
2153 3490 2372 3559 gratia).
2416 3490 2468 3542 in
2496 3491 2863 3544 hmreditatem
2918 3495 3068 3560 regni
3102 3497 3389 3551 caelorum.
3432 3518 3448 3547 ι

1886 3579 2023 3633 Ecce
2061 3580 2260 3633 donum
2299 3580 2600 3649 perfectum
2633 3620 2647 3643 ,
2704 3583 2915 3637 sedicct
2961 3586 3107 3639 salus
3163 3599 3348 3641 nostra
3408 3600 3455 3641 et

1886 3670 2172 3724 luureditas
2212 3673 2359 3742 regni
2392 3682 2446 3725 et
2480 3672 2663 3741 gloria:
2715 3673 2830 3728 Dei.
2891 3673 2953 3728 Et
3004 3677 3147 3730 unde
3170 3679 3327 3733 nobis
3359 3681 3455 3733 hoc

1886 3763 2134 3815 bonum?
2173 3782 2189 3814 ι
2232 3764 2498 3828 Quoniam
2531 3778 2583 3817 tu
2614 3780 2694 3830 es,
2732 3766 2931 3833 inquit,
2967 3767 3107 3822 Deus
3148 3772 3455 3825 miserit-or-

1884 3855 1988 3909 ἀίω
2011 3867 2064 3910 et
2102 3856 2478 3925 benignitatis.
2516 3876 2534 3908 ι
2589 3858 2651 3909 Et
2684 3859 2833 3909 illum
2863 3860 3008 3913 clara
3038 3876 3168 3914 voce
3199 3864 3456 3931 gloriﬁcat

1889 3947 2097 4001 Patrem
2135 3965 2257 4001 cum
2298 3949 2432 4002 Filio
2458 3959 2508 4002 et
2538 3948 2764 4017 Spiritu.
2796 3949 2885 4004 Sic
2912 3952 3022 4017 jam
3057 3955 3458 4007 sanctiﬁcatum

1888 4050 1969 4092 est
1996 4040 2197 4103 oleum,
2226 4042 2517 4109 divinaque
2551 4043 2755 4096 virtute
2786 4046 3025 4110 gaudet,
3079 4056 3133 4097 et
3184 4048 3363 4097 oumia
3406 4048 3458 4097 i.i

1888 4131 2023 4182 orati
2052 4148 2131 4182 ne
2164 4131 2281 4183 decl
2304 4140 2435 4184 .rata
2485 4133 2734 4187 ﬁdelibus
2769 4134 2819 4186 in
2852 4134 2954 4187 fide
2986 4136 3165 4188 unctis
3217 4137 3460 4204 imperti-

1892 4232 2002 4281 tur,
2042 4237 2162 4273 nam
2192 4222 2377 4275 omnia
2423 4224 2693 4276 orationis
2728 4225 2889 4277 verba
2925 4236 3055 4279 sunt
3084 4228 3386 4293 operatoria
3432 4249 3461 4279 ει

1890 4313 2174 4365 Sacerdute
2204 4313 2409 4380 prolata
2435 4316 2523 4382 qui
2554 4331 2643 4382 per
2674 4315 3070 4368 ordinationem
3100 4315 3190 4369 Dei
3234 4318 3461 4386 gratiam

1894 4405 2088 4459 induit.
2123 4403 2317 4459 Verum
2346 4418 2467 4474 post
2496 4407 2798 4460 orationem
2837 4409 3135 4475 apostolica
3164 4409 3344 4463 fratris
3369 4410 3462 4463 Dei

1893 4499 2057 4551 verba
2106 4497 2409 4552 recitantur
2463 4508 2610 4552 recte
2663 4499 2819 4553 nobis
2882 4502 3133 4553 testantia
3180 4502 3321 4555 unde
3366 4519 3462 4553 nos

213 4586 522 4654 χειροτονίᾳ
549 4584 706 4638 Θεοῦ.
741 4587 894 4639 Μετά
926 4588 1027 4653 τὴν
1071 4588 1235 4660 εὐχὴν
1284 4590 1342 4642 δέ
1389 4590 1551 4654 εὐθὺς
1590 4595 1659 4644 τά
1690 4594 1764 4645 τοί

1849 4589 2052 4664 ,ἱειαιη
2102 4590 2478 4658 acceperimus
2541 4592 2911 4644 traditionem.
2972 4592 3175 4645 Deinde
3220 4605 3461 4645 cantatur

213 4676 524 4745 Θεαδέλφου
557 4678 993 4744 ἀναγινώσκεται
1024 4680 1361 4733 ἀποστολικά
1404 4684 1647 4751 ῥήματα.
1695 4699 1791 4737 σα-

218 4767 335 4836 φῶς
367 4768 501 4837 ἡμῖν
535 4770 941 4840 μαρτυροῦντα,
977 4769 1103 4823 ὅθεν
1132 4771 1294 4840 ἡμεῖς
1334 4771 1435 4841 τὴν
1487 4774 1790 4844 παράδοσιν

211 4859 424 4927 ταύτην
450 4858 737 4927 ἐλάϐομεν.
775 4856 909 4912 Εἶτα
939 4861 1001 4912 τὸ
1041 4861 1357 4931 ’Δλλῃλούῖα
1385 4862 1667 4932 ψάλλεται,
1709 4866 1790 4918 ὄτι

215 4967 280 5003 τε
306 4950 568 5019 ἐπιδημία
593 4950 784 5019 γέγονε
813 4950 966 5015 θείας
1007 4952 1253 5022 χάριτος,
1287 4954 1382 5008 καὶ
1409 4956 1490 5007 ὅτι
1526 4958 1554 5007 ὁ
1587 4956 1792 5025 Κύριος

216 5041 309 5094 διὰ
334 5040 427 5093 τοῦ
466 5040 801 5110 Εὐαγγιλίου
833 5041 1075 5113 ἔρχεται.
1105 5045 1197 5097 Διὸ
1222 5046 1317 5098 καὶ
1336 5046 1417 5109 είς
1438 5046 1596 5112 δόξαν
1627 5048 1791 5100 αὑτοῦ

218 5133 317 5183 καὶ
371 5131 651 5201 ἁγιασμδν
707 5132 866 5202 ἡμῶν
918 5132 1174 5202 θυμίαμα
1226 5137 1660 5206 προσκομίζεται
1715 5140 1793 5199 είς

216 5220 396 5292 ὀσμὴν
420 5222 650 5287 εὐωδίας
709 5224 804 5277 καὶ
832 5224 1120 5293 μετάδοσιν
1150 5224 1299 5290 θείας
1330 5228 1574 5298 χάριτος.
1602 5232 1707 5281 Καὶ
1735 5230 1795 5282 τὸ

219 5314 561 5381 Εὐαγγέλιον
610 5313 772 5377 εὐθὺς
818 5313 1379 5382 ἁναγινώσκεταιέπὶ
1426 5320 1522 5386 τῆς
1556 5320 1794 5388 κεφαλῆς

219 5402 317 5456 τοῦ
366 5403 715 5468 ἐπιτελοῦντος
759 5405 860 5476 τὴν
893 5406 1116 5474 τελετὴν
1162 5408 1315 5475 παρά
1347 5407 1443 5461 τοῦ
1479 5408 1692 5477 πρώτου
1720 5411 1792 5461 ίεο

223 5495 366 5566 ρὲως
395 5495 473 5557 είς
502 5496 822 5567 ἀποτροπὴν
854 5497 913 5562 ἐξ
947 5496 1113 5551 αὐτοῦ
1156 5500 1356 5561 παντὸς
1394 5502 1665 5565 ἐναντίου,
1716 5495 1795 5563 Ei;

222 5588 475 5655 εὐλογίαν
514 5587 720 5653 αὐτοῦ,
772 5588 852 5650 εἰς
897 5588 1165 5658 κάθαρσιν
1222 5588 1316 5641 τοῦ
1358 5590 1474 5651 νοὸς
1534 5591 1627 5642 καὶ
1689 5590 1797 5641 τῶν

224 5679 531 5747 αἰσθήσεων
557 5678 804 5732 ἁπασῶν.
834 5678 942 5729 Καὶ
979 5679 1117 5747 μετά
1167 5679 1228 5731 τδ
1279 5680 1609 5747 Εὑαγγέλιον
1664 5680 1796 5750 εὐχὴ

224 5768 463 5835 δεήσεως
518 5769 655 5836 ὑπὲρ
707 5771 953 5837 ἀφέσεως
1010 5772 1295 5838 ἁμαρτιῶν
1343 5772 1506 5823 αὐτοῦ
1553 5772 1796 5837 λέγεται,

227 5860 326 5911 καὶ
381 5860 621 5927 ἰατρείας
670 5860 827 5929 χάριν
868 5862 1185 5930 σωματικῆς
1226 5878 1285 5914 τε
1328 5865 1421 5917 καὶ
1454 5862 1727 5929 ψυχικῆς·
1762 5863 1794 5929 ἢ

1893 4678 2106 4732 alleluia
2135 4719 2149 4741 ,
2183 4678 2438 4747 quoniam
2472 4678 2647 4733 factus
2680 4690 2758 4733 est
2800 4680 2997 4734 divina:
3025 4681 3211 4748 gratiae
3259 4682 3462 4735 adven-

1894 4780 2001 4833 tus,
2027 4780 2083 4824 et
2115 4771 2238 4839 quia
2271 4771 2530 4824 Dominus
2556 4786 2650 4838 per
2678 4772 3021 4839 evangelium
3050 4773 3220 4827 venit.
3262 4774 3383 4826 Ideo
3414 4776 3463 4825 in

1894 4862 2122 4931 gloriam
2154 4863 2272 4932 ejus
2316 4870 2370 4916 et
2400 4862 2889 4916 sanctiﬁcationem
2940 4872 3180 4918 nostram
3216 4866 3342 4917 tlius
3384 4866 3461 4918 af-

1896 4959 2068 5009 fertur
2105 4955 2159 5008 in
2192 4956 2414 5009 odorem
2466 4956 2769 5017 suavitatis,
2812 4964 2866 5009 et
2914 4959 3464 5011 communicationem

1896 5048 2092 5102 divina:
2130 5046 2336 5116 gratiae,
2360 5056 2413 5102 et
2436 5048 2792 5115 Evangelium
2828 5049 2971 5101 illico
3006 5048 3265 5101 recitatur
3305 5064 3463 5117 Sllpt'l

1896 5128 2060 5207 eaput
2082 5140 2200 5206 ejus
2227 5140 2319 5207 qui
2339 5150 2739 5191 sacramentum
2771 5140 2997 5207 suscipit
3028 5155 3057 5193 a
3091 5140 3263 5208 primo
3291 5159 3465 5193 sacer-

1896 5232 2043 5294 dote,
2096 5230 2163 5284 ad
2219 5230 2573 5283 avertendum
2608 5230 2676 5283 ab
2710 5246 2776 5283 eo
2801 5246 3017 5283 omnem
3056 5232 3335 5283 inimicum
3366 5273 3380 5294 ,
3416 5234 3465 5284 iu

1898 5323 2332 5377 benedictionem
2365 5322 2530 5385 illius,
2560 5324 2612 5375 in
2642 5326 3013 5391 purgationem
3045 5324 3238 5376 tuentis
3264 5337 3313 5376 ct
3345 5340 3463 5376 Sen-

1898 5428 2056 5465 suum
2086 5412 2350 5463 omnium.
2398 5410 2502 5464 Sed
2524 5414 2651 5479 post
2684 5411 3035 5482 Evangelium
3070 5412 3240 5464 oratio
3273 5413 3465 5479 deprc-

1898 5501 2129 5555 cationis
2185 5516 2283 5569 pro
2342 5502 2668 5555 remissione
2719 5515 3063 5571 peccatorum
3117 5506 3266 5569 ejus,
3311 5517 3465 5570 atque

1900 5594 2071 5661 gratia
2118 5594 2418 5646 sanationis
2474 5603 2579 5647 tam
2630 5597 2929 5663 corporalis
2972 5613 3132 5664 quam
3170 5599 3466 5664 spiritalis;

1897 5698 2017 5751 qure
2049 5686 2219 5749 prima
2274 5692 2375 5745 est,
2418 5693 2469 5735 et
2524 5686 2593 5735 ita
2661 5694 2717 5737 ut
2772 5688 3022 5737 audiatur
3072 5688 3288 5749 dicitur,
3344 5706 3467 5740 rom

1901 5774 2078 5825 caeteri
2109 5773 2417 5825 sacerdotes
2457 5774 2619 5826 etiam
2644 5776 3030 5843 deprecentur.
3066 5776 3192 5830 Post
3234 5794 3350 5831 eam
3386 5800 3439 5823 εει

1902 5866 2074 5918 cunda
2107 5874 2319 5921 secreto
2341 5864 2539 5919 dicitur
2572 5868 2671 5921 alia
2704 5870 3002 5923 secundum
3052 5873 3275 5928 ligatam
3311 5889 3387 5929 su.
3415 5886 3465 5923 ra
