4208 6440
206 415 303 480 561

1378 424 1475 485 DE
1519 425 1754 486 SACRA
1799 427 2295 492 PRECATIONE.

3367 426 3468 492 552

203 533 425 601 ἡμέραν
471 532 703 604 λέγομεν
753 532 990 590 ἐνταῦθά
1035 552 1115 597 τε,
1163 536 1254 589 καὶ
1307 539 1373 607 τῇ
1436 538 1592 607 τρίτη
1640 537 1778 606 ὥρᾳ.

1899 543 1972 589 ler
2034 541 2089 593 in
2150 543 2236 594 die
2285 544 2621 595 recitamns:
2666 554 2808 595 nunc
2862 539 3080 608 quidem
3135 552 3196 590 ac
3230 537 3280 589 in
3333 536 3463 589 liora

207 629 305 682 καὶ
339 629 404 697 τῇ
438 628 545 680 τῶν
569 627 912 682 ἀποδείπνων
933 628 1233 699 δοξολογία,
1281 631 1404 698 ἥτις
1470 632 1563 682 καὶ
1631 629 1783 697 παρὰ

206 723 321 780 ταῖς
353 721 604 781 παλαιοῖς
636 719 877 789 ᾃδομένη
935 719 1270 788 εὑρίσκεται,
1339 721 1413 783 ὠς
1464 721 1558 774 καὶ
1610 723 1665 772 ἐν
1719 723 1786 789 τῇ

211 810 440 877 ἀθλήσει
482 810 576 862 τοῦ
622 811 1110 881 μεγαλομάρτυρος
1141 812 1478 884 Εὐστρατίου
1523 813 1602 874 τὸ,
1635 831 1652 862 t
1692 813 1792 863 Δέ-

209 919 388 957 σποτα
413 903 512 955 Θεὲ
545 904 725 973 Πάτερ
756 904 1155 973 παντοκράτορ.
1188 903 1360 972 Κύριε
1416 904 1513 956 Yth
1564 921 1788 972 μονογε-

206 995 298 1050 νὲς
340 995 515 1063 Ἰησοῦ
546 979 776 1067 Χριστὲ,
816 997 913 1050 καὶ
941 997 1095 1063 ἆγιον
1121 998 1369 1066 Πνεῦμα,
1407 998 1504 1066 μία
1557 997 1780 1067 Θεότης.

211 1083 313 1152 μία
350 1085 597 1152 δύναμις,
636 1105 654 1138 ι
691 1086 785 1138 καὶ
835 1086 901 1140 τὰ
961 1087 1109 1154 ἑξῆς.
1157 1089 1376 1156 Ταύτης
1422 1087 1788 1155 τελεσθείσης,

208 1173 310 1225 καὶ
341 1173 401 1225 τὸ
441 1173 629 1243 ὥσπερ
668 1176 940 1245 μεσώριον
970 1177 1194 1244 λέγεται
1220 1177 1314 1230 τοῦ
1371 1175 1788 1244 μεσονυκτικοῦ,

209 1261 360 1314 καθά
379 1280 524 1324 τινες
556 1265 766 1316 ποιοῦσι
797 1267 891 1320 καὶ
926 1267 983 1317 ὲν
1011 1270 1130 1328 ταῖς
1190 1268 1299 1319 τῶν
1352 1268 1512 1336 ὡρῶν
1568 1267 1789 1320 ἀκολου-

209 1352 383 1416 θίαις.
429 1356 570 1407 Ἀλλ’
596 1357 923 1423 ἐκεῖνοι.μὲν
954 1359 1027 1419 ὡς
1060 1358 1284 1426 θελητδν
1326 1360 1510 1422 αὐτοῖς
1571 1358 1646 1419 ὡς
1701 1362 1790 1410 καὶ

208 1445 380 1507 ἄλλας
433 1447 755 1510 ἀκολουθίας
798 1449 1082 1520 προθυμίᾳ
1132 1451 1340 1503 ἑαυτῶν
1384 1451 1479 1502 καὶ
1523 1450 1789 1519 διακρίσει

211 1537 474 1604 Πατέρων
499 1539 986 1606 διενεργείτωσαν·
1050 1542 1118 1592 τὰ
1174 1540 1539 1609 νενομισμένα
1579 1541 1635 1593 δέ
1686 1542 1789 1592 εἱσι

208 1625 408 1682 ταῦτα.
459 1628 603 1695 Ἐγὼ
627 1629 683 1680 δὲ
716 1629 874 1682 τοῦτο
915 1631 1080 1700 εὐχὴν
1111 1632 1250 1701 ὑπὲρ
1304 1633 1520 1709 τῶνθὲν
1570 1630 1790 1698 Χριστῷ

207 1722 555 1776 ἀπελθόντων
625 1724 832 1792 νομίζω
896 1725 1290 1778 συντεθεῖσθαι.
1350 1728 1479 1788 At’),
1543 1746 1560 1775 ‹
1601 1726 1787 1785 Δεῦτε,

208 1816 702 1883 προσκυνήσωμεν.
744 1834 762 1866 ι
797 1811 950 1876 αὖθις
1000 1816 1229 1884 λέγομεν
1285 1817 1418 1883 μετὰ
1439 1815 1537 1884 τὴν
1602 1816 1788 1882 εὐχὴν,
1822 1875 1862 1904 υ

205 1906 304 1959 καὶ
329 1906 424 1958 δύο
470 1907 742 1976 ψαλμοὺς.
777 1909 873 1960 καὶ
903 1908 1240 1976 Τρισαργίου
1276 1908 1463 1976 εὐχὴν,
1506 1909 1597 1960 καὶ
1627 1906 1789 1968 εὐθὺς

211 2000 358 2067 ὑπὲρ
413 1999 522 2051 τῶν
574 1999 995 2071 κεκοιμημένων
1045 2001 1337 2068 τροπᾶρια,
1401 2002 1478 2061 τὸ,
1532 2018 1548 2048 ι
1591 1998 1787 2066 Κύριε,

207 2090 459 2158 ἐλέησον.
495 2111 513 2143 ³
547 2091 870 2153 δωδεκάκις.
912 2092 1007 2144 καὶ
1036 2092 1133 2162 τὴν
1165 2093 1305 2160 ὑπὲρ
1372 2093 1553 2144 αὐτῶν
1601 2092 1788 2159 εὐχὴν,

205 2183 291 2247 τὸ,
337 2203 354 2234 ι
393 2184 703 2252 Μνήσθητι,
739 2187 930 2254 Κύριε,
973 2203 990 2235 ι
1022 2186 1116 2238 καὶ
1139 2185 1308 2245 οὕτως
1341 2185 1600 2245 ἀπόλυσις
1649 2183 1791 2250 γίνε-

210 2291 332 2326 ται.
367 2276 690 2338 Ἀναγκαῖον
718 2277 828 2345 γὰρ
859 2279 953 2330 καὶ
985 2277 1126 2346 ὑπὲρ
1173 2277 1284 2328 τῶν
1333 2276 1644 2328 τεθνεώτων
1693 2292 1790 2344 με·

220 2368 895 2438 μνῆσθαι,ὅτικαὶὴμεῖς
947 2369 1339 2437 τεθνηξόμεθα,
1401 2369 1496 2420 καὶ
1559 2367 1793 2437 μάλιστα

219 2458 365 2510 κατὰ
385 2459 445 2510 rb
477 2459 831 2526 μεσονύκτιον
865 2460 1226 2528 ἐλπιζομένης
1275 2462 1372 2526 τῆς
1426 2461 1532 2512 τῶν
1586 2461 1794 2528 νεκρῶν

214 2551 594 2614 ἀναστάσεως,
631 2553 725 2606 καὶ
749 2554 891 2620 ὑπὲρ
919 2555 1027 2606 τῶν
1066 2556 1208 2607 κατὰ
1243 2555 1423 2622 σάρκα
1456 2553 1512 2605 δὲ
1576 2554 1794 2606 οἰκείων

211 2643 313 2696 καὶ
347 2644 566 2696 πάντων
587 2645 930 2698 ἀπελθόντων
975 2645 1235 2715 εῦχεσθαι
1267 2647 1590 2712 ἀναγκαίως
1619 2662 1632 2676 ·
1660 2646 1794 2710 ἁγά-

211 2734 454 2802 πηγάρ.
490 2731 846 2806 Εἷταήύπὲρ
907 2736 1129 2790 πάντων
1188 2735 1342 2804 κοινὴ
1395 2736 1528 2805 εὐχή
1582 2754 1641 2788 τε
1704 2736 1797 2787 καὶ

209 2824 402 2894 δέησις
441 2825 675 2895 γίνεται,
703 2828 798 2881 τοῦ
835 2830 1026 2898 ἱερέως
1093 2829 1424 2899 ἀρχομένου,
1479 2829 1696 2880 πάντων
1744 2828 1800 2880 δὲ

217 2921 636 2987 συνευχομένων
709 2919 849 2988 ὑπὲρ
914 2921 1021 2973 τῶν
1068 2920 1282 2973 πιστῶν
1340 2920 1623 2988 βασιλέων,
1695 2918 1801 2971 τῶν

204 3005 510 3074 ὀρθοδόξων
531 3010 855 3079 ἀρχιερέων,
879 3013 971 3063 τοῦ
1001 3011 1415 3079 καθηγουμένου
1448 3011 1678 3079 Πατρδς,
1710 3011 1802 3064 καὶ

205 3100 399 3164 πάσης
429 3099 529 3166 τῆς
552 3102 611 3151 ὲν
639 3101 855 3169 Χριστῷ
876 3101 1036 3170 ἡμῶν
1067 3101 1430 3172 ἀδελφότητος
1462 3100 1558 3153 καὶ
1593 3100 1802 3153 λοιπῶν

1894 632 2049 684 tertia
2097 641 2260 700 atque
2299 633 2350 686 in
2402 631 2579 685 officio
2621 631 2971 698 Complelorii
3005 629 3144 697 quod
3180 637 3303 696 post
3355 641 3463 680 caa-

1895 737 2014 774 nazn
2076 725 2376 792 peragitur,
2440 739 2561 792 qua:
2611 725 2772 776 etiam
2839 724 2906 775 ab
2947 721 3188 790 antiquis
3248 729 3464 775 cantata

1898 815 2068 870 fuisse
2120 817 2420 883 invenitur~
2451 817 2590 870 sicut
2620 825 2673 868 et
2707 817 2756 868 in
2795 830 2965 882 agone
2993 813 3170 867 magni
3205 813 3460 882 martyris

1899 905 2157 960 Eustratii
2193 909 2286 975 qui
2317 908 2529 960 dicebat
2563 927 2574 961 :
2609 925 2626 957 ι
2663 906 2888 958 Domine
2925 906 3067 959 Deus
3098 909 3257 961 Pater
3290 906 3464 958 muni.

1894 1007 2105 1064 potens,
2131 999 2352 1052 Domine
2377 1000 2475 1053 Fili
2502 1000 2775 1068 unigenite
2803 998 2926 1052 Jesu
2948 999 3184 1058 Christe.
3204 1009 3258 1052 et
3280 1008 3468 1050 sancte

1901 1089 2158 1158 Spiritus,
2194 1107 2300 1144 una
2337 1092 2534 1154 Deitas,
2574 1109 2678 1144 ttna
2715 1092 2912 1148 virtus.
2953 1111 2969 1140 ι
3002 1100 3057 1144 et
3087 1101 3302 1143 caetera.
3348 1088 3467 1154 Qua

1895 1179 2066 1240 tinita.
2125 1182 2298 1234 media
2338 1183 2538 1235 dicitttr
2590 1182 2749 1234 officii
2811 1181 3064 1233 nocturni
3131 1179 3466 1247 deprecatio;

1895 1274 2352 1340 qucrnatlmodum
2389 1275 2593 1328 faciunt
2633 1276 2853 1342 quidam
2890 1275 2940 1324 in
2990 1273 3275 1325 ordinibus
3310 1272 3471 1324 bora-

1896 1380 2038 1427 ruzn,
2083 1365 2174 1417 sed
2219 1364 2301 1417 isti
2340 1365 2552 1429 quidem
2613 1367 2838 1418 libenter
2887 1363 3012 1416 illud
3047 1364 3189 1417 sicut
3245 1371 3299 1415 et
3334 1361 3469 1414 alios

1893 1457 2113 1509 ordines
2140 1473 2235 1525 pro
2268 1473 2375 1510 sua:
2413 1457 2628 1520 pietatis
2669 1457 2859 1508 ardore
2908 1468 2960 1508 et
3004 1456 3218 1507 Patrum
3267 1453 3470 1516 iudicio

1893 1549 2183 1602 observant
2211 1567 2222 1610 ;
2257 1550 2368 1601 lucc
2395 1561 2571 1601 autem
2607 1549 2708 1600 ista
2743 1559 2860 1599 sunt
2899 1555 3185 1614 prmccpta.
3211 1545 3321 1613 Ego
3342 1559 3470 1597 vero

1897 1640 2034 1691 bane
2077 1640 2374 1693 orationem
2440 1655 2637 1692 censeo
2681 1655 2776 1708 pro
2831 1639 3080 1691 ﬁdelibus
3133 1637 3186 1688 in
3247 1636 3469 1689 Christo

1894 1733 2165 1785 defunctis
2198 1734 2403 1801 peragi.
2433 1731 2557 1782 Ideo
2592 1748 2807 1785 rursum
2841 1742 2960 1798 post
2991 1731 3300 1782 orationem
3338 1728 3471 1781 dici-

1898 1840 2017 1876 mus
2068 1843 2081 1876 :
2144 1822 2332 1876 Vertite
2391 1826 2698 1886 adoremus,
2738 1834 2895 1890 atque
2931 1822 3068 1874 duos
3125 1821 3368 1889 psalmos
3417 1831 3472 1870 et

1895 1921 2259 1986 precationem
2299 1915 2554 1985 Trisagii.
2589 1918 2882 1985 statimque
2919 1931 3017 1981 pro
3067 1913 3470 1967 dormientibus

1893 2009 2190 2062 \‘t‘l'sit‘UlOS
2227 2009 2539 2067 recitamus,
2579 2026 2594 2056 ε
2630 2006 2806 2075 Kyrie,
2847 2008 3050 2057 eleisou
3085 2023 3102 2054 ι
3143 2004 3464 2062 duodecies.

1892 2110 1946 2152 et
1999 2100 2302 2151 orationem
2365 2113 2461 2165 pro
2498 2098 2630 2163 ipsis
2664 2115 2678 2150 :
2717 2115 2734 2147 ι
2765 2096 3054 2155 Memento,
3087 2095 3310 2147 Domine
3340 2115 3356 2145 ι
3411 2105 3465 2147 et

1894 2192 1962 2244 ita
2027 2191 2351 2244 absolvitur.
2403 2188 2534 2241 {iam
2594 2189 2961 2242 necessarium
3015 2197 3098 2238 est
3159 2187 3472 2240 meminisse

1894 2283 2057 2334 etiam
2093 2292 2430 2334 mortuormn
2465 2281 2722 2349 quoniam
2763 2296 2862 2334 nos
2896 2293 3114 2348 quoque
3146 2278 3471 2338 moriemur.

1895 2381 1949 2426 ct
1983 2371 2254 2438 praecipue
2289 2373 2464 2423 media
2496 2380 2653 2424 nocte
2685 2378 2900 2439 sperata
2927 2381 3264 2424 mortuorum
3289 2385 3472 2422 resuro

1898 2465 2159 2526 rectioue,
2193 2471 2242 2516 et
2293 2478 2513 2516 necesse
2559 2471 2640 2515 est
2678 2476 2772 2530 pro
2809 2462 3126 2529 propinquis
3159 2460 3462 2513 secundum

1906 2572 2125 2609 carnem
2161 2543 2224 2608 ac
2261 2571 2357 2623 pro
2405 2556 2662 2607 otnnibns
2715 2552 2986 2606 defunctis
3036 2568 3307 2608 exorare:
3372 2554 3473 2605 hoc

1898 2649 2043 2703 enim
2081 2657 2164 2701 est
2202 2647 2462 2701 citat-itas.
2503 2647 2702 2699 Deinde
2741 2645 2795 2697 fit
2831 2647 3140 2699 communis
3174 2659 3268 2712 pro
3297 2646 3474 2696 oumi-

1902 2743 2001 2794 bus
2037 2741 2215 2793 oratio
2268 2751 2321 2792 et
2372 2739 2683 2807 postulatio,
2743 2739 3037 2805 incipiente
3093 2737 3374 2791 sacerdote
3424 2747 3478 2788 et

1902 2829 2155 2882 omnibus
2187 2829 2347 2882 simul
2385 2827 2807 2896 depreCantibus
2840 2842 2934 2896 pro
2960 2827 3174 2891 regibus
3207 2826 3476 2888 ﬁdelibus.

1905 2938 2000 2990 pro
2032 2923 2350 2976 orthodoxis
2386 2921 2754 2990 pontificibus.
2786 2936 2880 2987 pro
2912 2929 3064 2987 patre
3108 2917 3354 2986 praeside,
3382 2932 3481 2984 pro

1907 3015 2160 3069 universa
2219 3021 2532 3066 nostrorum
2594 3012 2644 3063 in
2699 3011 2921 3064 Christo
2975 3009 3202 3063 fratrum
3265 3009 3472 3061 familia

1906 3115 2341 3174 cmleroruntqne
2377 3104 2841 3166 Christianorum,
2896 3112 3056 3168 atque
3091 3115 3187 3169 pro
3231 3099 3480 3166 patribus

209 3186 393 3241 ἄλλων
427 3188 788 3256 Χριστιανῶν,
815 3191 909 3243 καὶ
953 3190 1063 3242 τῶν
1125 3189 1421 3256 ὀρθοδόξως
1457 3190 1796 3258 κεκοιμημέ-

1909 3205 1960 3249 et
1994 3195 2256 3247 fratribus
2292 3195 2491 3246 nostris
2524 3195 2614 3260 qui
2673 3193 2802 3245 olim
2839 3193 2890 3244 in
2941 3191 3045 3244 fide
3091 3190 3429 3244 dormierunt
3461 3207 3476 3247 ;

209 3295 322 3329 νων
350 3278 516 3330 πάλιν
542 3279 803 3349 Πατέρων
829 3282 921 3333 καὶ
953 3282 1200 3348 ἀῖελφῶν
1230 3282 1410 3350 ἡμῶν,
1442 3282 1801 3350 χρειωδὲστα-

209 3384 312 3419 τον
347 3369 454 3436 γὰρ
523 3371 583 3424 ὲν
636 3370 715 3440 τῷ
769 3373 880 3424 τῶν
946 3373 1122 3443 εὐχῶν
1170 3373 1310 3426 τέλει
1359 3375 1495 3444 ὑπὲρ
1549 3373 1807 3426 ἁπάντων

213 3459 551 3528 μεμνῆσθαι.
593 3462 713 3515 Ὀτι
755 3462 916 3517 τοῦτο
970 3465 1248 3526 ποιοῦντες
1278 3464 1518 3526 ἅπαντες
1553 3465 1803 3518 ἅπαντα·

209 3550 333 3620 χοῦ,
364 3551 506 3619 ὑπὲρ
558 3553 802 3623 ἀλλήλων
866 3556 1140 3625 εὐχόμεθα
1170 3599 1182 3619 ,
1239 3557 1334 3608 καὶ
1356 3556 1498 3609 οὕτω
1524 3556 1665 3609 κατὰ
1713 3556 1805 3608 τὴν

209 3640 518 3710 Θεάδελφον
552 3645 700 3697 ἔσται
728 3645 945 3714 ίαθῆναι
975 3648 1119 3715 ἡμᾶς
1141 3648 1233 3700 καὶ
1263 3647 1496 3712 σωθῆναι
1523 3648 1614 3698 καὶ
1641 3643 1799 3696 ἐκόν-

212 3752 315 3795 τας
349 3735 444 3787 καὶ
467 3737 726 3799 ἄκοντας.
765 3738 876 3800 Τὰς
906 3739 1089 3796 κοινὰς
1124 3739 1180 3790 δὲ
1206 3738 1369 3805 εὐχὰς
1395 3739 1487 3790 καὶ
1525 3739 1553 3789 ὁ
1590 3736 1804 3803 πρῶτος

213 3828 643 3896 ὲπισφραγίζει,
675 3830 764 3883 διὰ
805 3831 914 3883 τῶν
938 3832 1117 3900 εὐχῶν
1145 3832 1252 3884 τῶν
1287 3832 1456 3898 ἁγίων
1489 3831 1646 3897 ἡμῶν
1695 3832 1801 3881 ΙΙα-

211 3921 392 3992 τέρων
411 3921 642 3990 Χριστὸν
661 3923 752 3976 τὸν
771 3923 903 3976 Θεὸν
939 3924 1193 3993 ἡμῶνείς
1213 3924 1359 3975 ἔλεον
1380 3923 1801 3988 ἐκκαλοῷμενος.

804 4038 1058 4092 ΚΕΦΑΛ.
1087 4037 1212 4092 ΤΘ.

209 4150 352 4218 Περῖ
376 4150 488 4218 τῆς
513 4153 618 4205 τοῦ
644 4151 860 4219 ὄρθρου
879 4153 1263 4216 ἀκολουθίας,
1287 4155 1382 4205 καί
1402 4153 1639 4218 πρῶτον
1658 4154 1713 4203 τί
1737 4152 1802 4202 τὸ

279 4224 634 4289 ἀνοίγεσθαι
663 4222 783 4273 τῶν
806 4221 1018 4275 πυλῶν
1035 4223 1143 4274 τοῦ
1165 4223 1315 4275 ναοῦ
1356 4227 1428 4274 τὰ
1453 4223 1799 4289 βηλόθυρα,

285 4292 386 4346 καί
413 4294 797 4360 είσέρχεσθαι
820 4291 1022 4354 ἔνδον,
1053 4291 1151 4344 καὶ
1177 4293 1242 4345 τό
1268 4295 1550 4360 θυμίαμα.

285 4383 398 4434 Καὶ
418 4381 592 4444 οὕτως
625 4385 654 4436 ὁ
683 4381 782 4452 μιν
839 4383 1230 4452 μεσονυκτικδς
1266 4382 1433 4450 ὕμνος
1459 4383 1795 4435 τετέλεσται.

208 4474 280 4526 At
306 4473 475 4525 πύλαι
504 4472 558 4525 δὲ
578 4472 672 4526 τοῦ
705 4472 834 4526 ναοῦ
869 4474 1178 4540 ἀνοίγονται
1209 4474 1283 4536 ὡς
1314 4477 1342 4526 ὁ
1394 4474 1646 4542 οὐρανὸς,
1702 4475 1797 4526 καὶ

1909 3288 2109 3356 quippe
2153 3286 2377 3354 perutile
2406 3297 2490 3339 est
2519 3286 2570 3338 in
2604 3287 2704 3338 line
2735 3298 2954 3352 precum
2990 3283 3056 3336 de
3087 3282 3343 3336 omnibus
3371 3297 3482 3333 meo

1910 3381 2136 3434 moriatn
2174 3378 2373 3441 facere,
2423 3378 2677 3443 quoniam
2737 3378 2807 3428 ita
2865 3375 3115 3428 faciendo
3181 3389 3371 3426 omnes
3424 3373 3478 3425 in

1907 3473 2052 3525 omni
2103 3471 2220 3523 loco
2274 3487 2368 3538 pro
2406 3471 2634 3524 invicem
2672 3484 2912 3533 oramus,
2958 3476 3012 3522 ct
3037 3469 3138 3530 sic,
3178 3467 3478 3520 secundum

1909 3564 2128 3617 fratrem
2171 3563 2400 3623 Domini,
2437 3562 2753 3615 sanabimur
2779 3574 2968 3613 omnes
2997 3568 3050 3612 et
3082 3559 3217 3613 salvi
3272 3559 3479 3611 erimus

1908 3655 2135 3709 libentes
2168 3663 2220 3707 et
2249 3654 2426 3707 inviti.
2487 3651 2822 3707 Conuuuncs
2862 3662 3040 3705 autem
3080 3667 3267 3720 preces
3321 3666 3479 3720 supe-

1907 3748 2020 3802 rior
2045 3747 2251 3816 perlicit
2281 3747 2532 3814 precibus
2564 3759 2876 3798 sam-torum
2910 3755 3225 3799 nostrorum
3253 3744 3474 3797 Patrum

1906 3841 2109 3894 Christi
2148 3839 2236 3893 Dei
2275 3841 2443 3892 nostri
2483 3839 2914 3892 misericordiam
2943 3836 3262 3906 “agitando.

2448 4033 2675 4087 CAPUT
2725 4031 2950 4088 CCCIX.

1909 4148 1984 4200 De
2035 4149 2213 4199 ordine
2247 4147 2498 4199 matutini
2529 4147 2700 4212 o/ﬂcii.
2728 4158 2774 4200 et
2809 4151 3032 4212 primum
3071 4147 3194 4213 quid
3225 4147 3480 4212 δὶῃηίριτιμι

1976 4218 2098 4270 vela
2140 4228 2415 4282 portarunt
2457 4217 2633 4282 templi
2665 4220 2894 4283 aperiri,
2932 4227 3087 4283 atque
3128 4233 3216 4284 per
3250 4218 3368 4270 illas
3401 4219 3482 4269 iu-

1974 4288 2155 4348 troire,
2185 4297 2231 4339 et
2259 4287 2480 4354 w/ﬁtus.

1980 4377 2043 4430 Et
2077 4377 2155 4432 sic
2189 4388 2511 4430 nocturnum
2545 4376 2821 4444 perﬁcitur
2849 4378 3105 4432 officium.
3146 4378 3320 4432 i’orttB
3351 4394 3479 4432 vero

1907 4469 2092 4538 templi
2131 4469 2455 4535 aperiuntur
2483 4480 2736 4536 tanquam
2772 4471 2991 4532 coelum,
3024 4479 3078 4523 et
3103 4469 3247 4524 velut
3277 4485 3305 4522 a
3337 4481 3475 4525 terra

206 4565 287 4627 ὡς
314 4565 423 4618 ἀπὸ
455 4566 553 4632 τῆς
575 4565 676 4632 γῆς
699 4566 774 4626 είς
814 4565 976 4617 αὐτὸν
1006 4565 1387 4633 εἰσερχόμεθα.
1423 4564 1580 4617 Καθὰ
1609 4564 1671 4634 δὴ
1700 4564 1794 4617 καὶ

1904 4562 1957 4614 itt
2013 4559 2146 4613 illud
2201 4559 2558 4627 ingredimur,
2601 4562 3057 4628 quemadmodum
3110 4571 3165 4615 et
3209 4573 3334 4616 tunc
3385 4563 3476 4630 qui

209 4657 340 4710 τότε
390 4655 808 4724 ἁρπαγήσονται
861 4658 911 4709 oi
962 4655 1056 4708 τοῦ
1124 4654 1360 4725 Χριστοῦ
1419 4657 1476 4706 ἐν
1516 4655 1791 4722 νεφέλαις.

216 4750 333 4801 Καὶ
361 4747 502 4800 οὕτω
534 4749 763 4801 πάντοτε
797 4748 895 4800 σὺν
950 4749 1137 4818 Κυρίῳ
1167 4747 1401 4816 ἐσόμεθα
1436 4765 1448 4777 ·
1489 4749 1582 4801 καὶ
1612 4749 1685 4808 ὡς
1713 4764 1796 4799 νε-

215 4839 356 4908 φέλη
390 4839 444 4892 δὲ
478 4839 536 4891 τὸ
576 4839 844 4908 θυμίαμα,
880 4839 940 4891 τὸ
965 4839 1186 4909 Πνεῦμα
1215 4840 1273 4891 τὸ
1296 4839 1448 4906 ἅγιον
1501 4838 1793 4892 ἐκτυποῦν-

208 4930 353 4984 ἀλλὰ
386 4930 475 4982 καὶ
510 4929 569 4981 τὸ
603 4928 953 4998 μεταδοτικὸν
977 4931 1075 4997 τῆς
1112 4929 1262 4991 Θείας
1292 4929 1458 4982 αὐτοῦ
1489 4929 1708 4999 χάριτός
1737 4945 1794 4981 τε

212 5023 315 5074 καὶ
343 5021 595 5088 εὐωδίας.
630 5021 805 5083 Εὐθὺς
841 5023 948 5092 γὰρ
983 5021 1337 5074 εἰσελθόντων
1365 5023 1645 5087 ἁπάντων,
1701 5023 1793 5073 τοῦ

213 5116 319 5183 μὲν
340 5114 754 5182 καθηγουμένου
787 5115 873 5166 διὰ
921 5117 1023 5183 τῆς
1094 5114 1382 5182 βασιλικῆς
1414 5113 1581 5182 218
1615 5113 1796 5180 Πύλης

213 5207 295 5269 ὡς
317 5205 412 5258 τοῦ
441 5205 677 5275 Χριστοῦ
709 5203 804 5258 τοῦ
837 5206 924 5258 διὰ
951 5205 1124 5272 πύλης
1161 5203 1497 5264 εἰσελθόντος
1556 5203 1618 5255 ἐν
1663 5204 1796 5271 ἡμῖν

213 5297 631 5365 κεκλεισμένης,
665 5297 764 5365 τῆς
793 5296 1085 5360 Θεοτόκου,
1128 5295 1222 5347 καὶ
1249 5295 1358 5346 τῶν
1386 5293 1635 5362 οὐρανῶν
1664 5295 1694 5362 ἡ
1706 5296 1795 5362 μίν

216 5387 320 5449 τὰς
345 5387 515 5448 πύλας
548 5385 882 5450 ἀνοίξαντος,
927 5385 1034 5437 τῶν
1064 5384 1122 5436 δὲ
1170 5384 1374 5436 λοιπῶν
1419 5386 1481 5436 ἐκ
1539 5383 1793 5449 πλαγίου,

220 5480 301 5541 ὡς
331 5480 434 5531 ὑπὸ
455 5479 552 5538 τας
580 5479 854 5548 πτέρυγας
877 5478 1045 5529 ὄντων
1067 5477 1231 5528 αὐτοῦ
1260 5478 1356 5527 καὶ
1372 5474 1574 5528 δούλων
1598 5475 1786 5536 αὐτοῦ,

221 5568 254 5618 ὁ
302 5567 480 5635 ἱερεὺς
534 5566 644 5618 ἀπὸ
696 5566 790 5616 τοῦ
850 5566 1237 5634 θυσιαστηρίου
1293 5565 1526 5631 εὐλογεῖ,
1577 5565 1651 5624 ὼς
1702 5562 1794 5615 τοῦ

221 5656 460 5723 Χριστοῦ
495 5659 786 5728 ὑπουργὸς,
822 5659 987 5712 αὐτὸν
1031 5659 1268 5724 εὐλογῶν
1303 5659 1440 5727 μετὰ
1474 5658 1685 5726 Πατρός
1736 5675 1794 5708 τε

226 5750 324 5802 καὶ
353 5749 668 5819 Πνεῦματος
702 5749 935 5803 ἐνώπιον
962 5749 1055 5802 τοῦ
1101 5749 1292 5819 θρόνου
1335 5749 1429 5801 καὶ
1460 5749 1566 5800 τῶν
1624 5749 1798 5815 ἁγίων

227 5841 416 5897 σότοῦ.
445 5843 551 5897 Καὶ
569 5843 616 5894 οἱ
653 5841 753 5909 μὲν
785 5843 984 5904 πάντες
1017 5841 1202 5911 ᾅδουσι
1237 5841 1324 5894 τὸν
1348 5841 1662 5909 Τρισάγιον,
1703 5843 1794 5894 καὶ

1906 4661 2035 4707 sunt
2061 4651 2265 4704 Christi
2308 4651 2584 4720 rapientur
2634 4653 2686 4704 in
2738 4653 2996 4719 nubibus,
3034 4661 3084 4704 et
3136 4654 3215 4707 sic
3263 4669 3480 4719 semper

1903 4759 2026 4796 cum
2061 4743 2289 4795 Domino
2336 4743 2584 4807 erimus;
2639 4743 2852 4796 suﬂitus
2904 4754 3083 4796 autem
3117 4745 3270 4812 quasi
3307 4745 3478 4797 nubes

1903 4850 2016 4903 quo
2059 4833 2298 4901 Spiritus
2351 4846 2575 4887 sanctus
2633 4837 2973 4903 exprimitur,
3031 4849 3238 4887 necaon
3278 4836 3475 4888 dixitne

1903 4927 2021 4994 ejus
2053 4927 2237 4994 gratim
2264 4926 2499 4992 bonique
2531 4925 2714 4978 odoris
2738 4925 3184 4979 communicatio.
3213 4925 3476 4980 Omnibus

1903 5015 2045 5068 enim
2086 5015 2370 5082 ingressis,
2405 5015 2632 5082 praeside
2682 5013 2898 5082 quidem
2935 5030 3024 5082 per
3062 5025 3271 5083 portam
3329 5031 3479 5083 rega-

1900 5103 2028 5170 lem,
2079 5107 2223 5160 velut
2273 5107 2494 5160 Christo
2531 5123 2624 5176 per
2674 5117 2885 5174 portam
2927 5107 3168 5160 intrante
3216 5107 3266 5160 in
3320 5107 3477 5160 nobis

1901 5201 2166 5265 clausam,
2192 5201 2393 5252 scilicet
2417 5198 2677 5266 Deipartr,
2706 5202 3074 5268 cmlortunque
3103 5200 3258 5251 nobis
3277 5199 3475 5267 januas

1901 5291 2265 5356 2t|'-tp('t'it'ttte,
2299 5291 2509 5342 (ueteris
2546 5305 2674 5342 vero
2707 5306 2732 5342 a
2777 5291 2940 5344 latere
2974 5292 3128 5355 quasi
3163 5301 3346 5345 essent
3373 5291 3476 5343 sub

1905 5385 2006 5435 alis
2035 5384 2156 5450 ejus
2185 5393 2237 5434 et
2265 5384 2408 5435 illius
2438 5383 2605 5446 servi,
2631 5382 2886 5436 sacerdos
2919 5382 2984 5434 ab
3016 5381 3172 5434 altari
3206 5381 3476 5435 benedicit

1903 5483 2083 5542 utpote
2109 5473 2312 5526 Christi
2350 5475 2620 5535 minister,
2649 5491 2770 5523 eum
2811 5471 3135 5525 benedicens
3157 5488 3280 5524 cum
3317 5473 3472 5523 l’atre

1903 5573 1954 5616 el.
1998 5564 2199 5631 Spiritu
2239 5564 2292 5616 in
2329 5574 2626 5632 conspectu
2661 5563 2839 5617 throni
2877 5573 2932 5616 et
2965 5574 3278 5618 sanctorum
3331 5564 3472 5631 ejus.

1901 5655 1967 5708 Et
2000 5670 2188 5708 omnes
2220 5663 2442 5724 cantant
2475 5654 2758 5720 Trisagion
2813 5670 2873 5709 ac
2922 5654 3080 5709 Pater
3119 5667 3321 5719 uoster,
3357 5655 3475 5707 Tri-

1904 5747 2126 5800 nitatem
2182 5745 2524 5799 celebrantes
2559 5760 2681 5798 cum
2733 5746 2957 5814 angelis,
2995 5755 3046 5798 et
3095 5746 3348 5799 traditam
3400 5749 3482 5800 di-

1903 5848 2084 5894 centes
2116 5841 2436 5894 oratiouem.
2476 5838 2545 5892 De
2573 5856 2675 5909 qua
2710 5839 2942 5911 Trisagii
2975 5843 3220 5895 oratione
3248 5841 3474 5911 dignum
