4208 6440
212 438 322 501 565

1367 446 1465 529 DE
1506 445 1746 510 saeua
1789 446 2293 528 PltECATlONR.
2520 524 2523 529 ν
3121 439 3162 494 ἰ
3336 434 3451 499 526

207 556 307 607 καὶ
328 555 542 609 ἀπὸτοῦ
564 556 748 623 Ἀγιου
773 555 881 609 τῶν
905 554 1075 624 ἁγίων
1091 558 1186 610 τοῦ
1204 540 1590 629 θυσιαστηρίου
1613 560 1774 629 άρχό-

1916 578 2030 614 ans.
2098 563 2436 630 Quapropter
2470 579 2524 645 ‘a
2583 564 2783 617 Samio
2840 571 3187 628 sanctorum,
3248 568 3455 621 Scilicet

211 666 399 719 μενος,
424 649 640 704 ἅπαντα
672 652 812 704 κατὰ
832 651 984 717 τάξιν
1004 652 1309 722 θυμιᾷ,ξούχ
1328 653 1512 713 ἁπλῶς
1541 654 1707 706 ποιῶν
1723 656 1782 721 τὸ

206 740 485 811 θυμίαμα,
512 743 645 795 ἀλλὰ
678 743 1013 812 σφραγίζων,
1039 746 1132 798 καὶ
1156 733 1528 813 ἁγιάζὼν,καὶ
1552 747 1628 815 τῷ
1658 748 1789 816 Χρι-

209 836 327 905 στῷ
363 836 429 889 δι’
452 836 615 906 εὐχῆς
641 837 915 899 ἀνατιθεὶς
968 838 1063 891 καὶ
1085 838 1295 909 προσφέ
1306 819 1537 910 ρων,καὶ
1559 841 1788 910 προσδε-

208 928 414 996 χθῆναι
442 928 552 982 άνω
574 926 773 997 ζητῶν,
790 932 884 983 καὶ
908 934 1375 1003 καταπεμφθῆναι
1401 930 1533 1003 ἡμῖν
1557 935 1660 1005 τὴν
1686 934 1786 1003 χά-

213 1036 305 1087 ριν
325 1021 419 1073 τοῦ
439 1021 709 1089 παναγίου
730 1017 1048 1091 Πνεύματος
1073 1038 1089 1054 ο
1121 1023 1261 1079 ὥστε
1279 1025 1365 1079 διὰ
1392 1026 1484 1079 τοῦ
1508 1027 1791 1094 θυμιάμα-

207 1126 308 1172 τος
329 1109 428 1179 τὴν
450 1110 608 1179 χάριν
627 1111 980 1181 λαμϐάνομεν
1008 1130 1023 1145 ο
1049 1115 1141 1168 καὶ
1173 1114 1361 1185 μηδεὶς
1403 1116 1672 1184 ἀμελείτω
1697 1118 1789 1171 τοῦ

210 1201 441 1272 θυμιᾷν.
463 1204 625 1257 Ὀλον
637 1200 729 1259 οὖν
744 1204 968 1259 διελθὼν
1010 1206 1309 1276 ταχύτερον
1326 1190 1415 1262 τὸν
1441 1210 1587 1275 ναὸν,
1605 1212 1700 1263 καὶ
1724 1211 1792 1265 τὰ

212 1290 383 1360 219
419 1291 543 1359 ἔξω,
582 1296 711 1363 περὶ
741 1293 801 1346 τὸ
832 1294 981 1357 τέλος
1000 1295 1103 1363 τῆς
1128 1300 1440 1368 προσευχῆς
1472 1298 1589 1363 τοῦ,
1628 1318 1646 1351 ι
1678 1300 1789 1354 Πά-

211 1398 317 1452 τερ
350 1384 530 1451 ἡμῶν,
570 1403 589 1435 ›
625 1386 938 1454 εἰσέρχεται
1002 1388 1100 1449 τὰς
1148 1389 1345 1453 πύλας,
1407 1392 1501 1442 καὶ
1556 1394 1793 1460 σταυρὸν

213 1472 408 1524 τυπῶν
428 1473 515 1526 διὰ
542 1475 635 1527 τοῦ
667 1476 1053 1547 θυμιατηρίου,
1090 1479 1279 1548 φησιν,
1321 1499 1343 1541 ι⁴
1374 1479 1500 1533 Ὀτι
1538 1482 1793 1536 σοῦὲστιν

224 1564 260 1628 ἠ
325 1563 594 1633 βασιλεία,
632 1586 653 1619 ι
719 1569 1135 1638 ὶπισφραγίζων
1178 1572 1277 1640 τὴν
1324 1572 1512 1642 εὐχὴν,
1561 1573 1636 1636 ὡς
1689 1576 1792 1644 ἔφη

221 1654 483 1725 Χριστὸς,
520 1658 616 1711 καὶ
641 1659 740 1728 τὴν
780 1661 987 1730 Τριάδα
1013 1663 1331 1731 δοξολογῶν.
1364 1659 1496 1718 Εἶτα
1527 1667 1618 1720 τδν
1655 1668 1794 1721 καθ-

224 1744 536 1814 ηγούμενον
561 1746 731 1820 θυμιᾷ
767 1751 829 1803 ἐκ
873 1752 1156 1824 δευτέρου,
1202 1756 1371 1823 τιμὴν
1402 1756 1576 1818 διδοὺς
1616 1758 1689 1820 ὡς
1718 1759 1796 1826 τῷ

1890 654 2047 706 altari
2085 654 2371 721 incipiens,
2420 640 2934 735 Oﬁlltia.sec;tttitltttll
2969 654 3216 720 ordinem
3273 658 3453 709 incen-

1890 754 1993 807 sat,
2045 761 2151 799 ttott
2193 746 2366 799 Solum
2417 746 2654 800 sullitttm
2718 746 2942 809 faciens,
2983 748 3074 799 sed
3131 755 3185 800 et
3240 747 3460 813 signans

1889 848 1944 892 et
1974 833 2347 900 sanctiﬁcans,
2374 837 2701 906 Christoque
2727 853 2821 904 per
2854 839 3158 891 orationem
3196 835 3460 888 adhibens

1890 940 1944 984 et
1979 930 2235 990 olIerens.
2273 946 2336 983 ac
2368 930 2668 1001 deprecans
2708 938 2765 981 ιιι
2813 930 3027 982 conlitus
3061 929 3361 996 accipiatur
3404 936 3461 979 et

1891 1024 2131 1091 desuper
2155 1024 2309 1077 nobis
2328 1024 2498 1092 gratia
2521 1023 2847 1077 sanctissimi
2874 1020 3107 1088 Spiritus
3123 1020 3459 1079 demittatur,

1892 1118 1964 1169 ita
1988 1125 2045 1169 ut
2074 1132 2166 1184 per
2199 1116 2477 1170 incensum
2515 1117 2743 1185 gratiam
2777 1116 3142 1178 accipiamus;
3170 1128 3329 1164 nemo
3366 1112 3461 1178 igi-

1895 1216 1982 1260 tur
2023 1206 2393 1261 sollitnentum
2426 1210 2678 1275 negligat.
2717 1206 2902 1274 Itaque
2932 1216 3045 1256 toto
3078 1203 3281 1271 templo
3312 1202 3461 1253 velo-

1892 1299 2009 1351 cius
2046 1308 2345 1365 permeato,
2391 1308 2445 1350 et
2473 1298 2615 1351 foras
2661 1314 2934 1364 egressus,
2965 1298 3106 1348 circa
3142 1295 3298 1347 ﬁnem
3337 1310 3461 1345 ora-

1894 1387 2300 1442 tionis:Pater
2365 1398 2573 1449 uester,
2622 1403 2801 1453 portas
2859 1388 3064 1450 intrat,
3128 1395 3182 1438 et
3243 1399 3460 1437 crucem

1894 1476 2151 1542 eﬁittgens
2176 1480 2226 1532 itt
2255 1478 2587 1533 incensando
2606 1478 2739 1531 dicit
2767 1494 2779 1530 :
2818 1497 2833 1527 ι
2867 1476 3039 1529 Tuum
3065 1484 3146 1529 est
3167 1488 3413 1543 regnum,
3443 1491 3460 1521 ι

1896 1568 2194 1636 obsignans
2251 1571 2553 1623 orationem
2616 1585 2778 1637 quam
2838 1568 3091 1621 Christus
3150 1568 3353 1624 docuit,
3413 1572 3467 1615 et

1897 1660 2217 1714 Trinitatem
2266 1661 2599 1731 gloriﬁcans.
2660 1660 2859 1713 Deinde
2911 1659 3190 1725 prmsitlem
3246 1670 3463 1709 rursum

1899 1753 2165 1814 incensat,
2193 1753 2451 1807 honorem
2481 1754 2726 1806 tribuens
2756 1754 2996 1811 Christo.
3023 1766 3233 1804 necnon
3268 1751 3470 1817 pariter

226 1836 473 1945 xercitr}?
527 1840 624 1892 καὶ
670 1842 770 1902 τὰς
806 1844 865 1897 ὲν
919 1845 1071 1912 μέσῳ
1124 1846 1275 1916 ἱεράς
1328 1848 1528 1915 όμοίως
1560 1850 1790 1914 εἰκόνας,

1912 1858 2086 1898 sacras
2118 1845 2382 1912 imagines
2408 1844 2461 1897 itt
2496 1845 2674 1897 medio
2700 1845 2940 1911 positas;
2971 1842 3166 1895 deinde
3198 1840 3263 1895 ad
3300 1843 3469 1893 altare

224 1929 325 1982 καὶ
349 1930 409 1982 το
437 1929 825 2003 θυσιαστήριον
846 1935 1135 1999 εἰσελθὼν,
1175 1936 1492 2007 ἔμπροσθεν
1519 1941 1616 2008 τῆς
1634 1941 1797 2008 ἁγίας

223 2019 510 2089 τραπέζης
550 2023 704 2089 στὰς,
743 2023 819 2088 ὡς
862 2026 956 2079 ἐπὶ
1013 2028 1111 2080 τοῦ
1154 2028 1300 2081 θείου
1332 2031 1522 2100 θρόνου
1559 2032 1654 2083 καὶ
1705 2034 1800 2087 τοῦ

225 2110 379 2179 ίιροῦ
413 2112 650 2181 Χριστοῦ
690 2117 997 2185 μνήματος,
1030 2119 1147 2183 τοῦ,
1183 2139 1201 2172 ι
1232 2122 1561 2193 Εὐλόγησον,
1596 2125 1798 2194 Πάτερ,

226 2205 387 2273 παρὰ
409 2205 516 2259 τῶν
538 2206 642 2274 ἔξω
672 2208 992 2279 λεγομένου,
1033 2214 1271 2281 ὲκφωνεῖ
1332 2218 1452 2284 μετ’
1513 2218 1801 2282 εὐλαϐείας

226 2295 329 2347 καὶ
360 2295 551 2359 πόθου,
589 2316 609 2350 ι
652 2298 789 2365 Δόξα
820 2304 885 2371 τῇ
937 2304 1072 2375 ἁγίᾳ
1098 2307 1192 2358 καὶ
1242 2308 1513 2378 ὁμοουσίῳ
1541 2310 1635 2363 καὶ
1670 2312 1803 2373 ζωο-

228 2385 374 2453 ποιῷ
405 2390 500 2442 καὶ
528 2389 825 2463 ἀδιαιρέτῳ
849 2394 940 2447 καὶ
982 2396 1384 2467 παντοδυνάμῳ
1415 2399 1608 2467 Τριάδι
1666 2398 1805 2453 πάν·

228 2494 379 2541 τοτε,
423 2497 441 2529 ι
469 2479 562 2532 τὸν
595 2481 770 2534 αἴτιον
802 2485 1022 2537 πάντων
1058 2487 1147 2539 καὶ
1177 2491 1478 2558 Δεσπότην,
1522 2496 1613 2542 τὸν
1647 2491 1805 2558 μόνον

229 2569 343 2621 τῶν
366 2569 503 2623 ὅλων
532 2574 587 2626 ἐν
618 2574 808 2643 Τριάδι
841 2576 973 2630 Θεὸν
994 2579 1100 2646 πρὸ
1134 2580 1314 2648 πάσης
1337 2582 1482 2651 ᾠδῆς
1504 2582 1802 2651 θεολογῶν,

229 2658 332 2712 καὶ
378 2660 699 2731 δοξολογῶν,
740 2669 836 2720 καὶ
888 2668 1062 2738 ἀρχὴν
1104 2671 1217 2722 τῶν
1280 2670 1465 2741 ὕμνων
1503 2674 1803 2745 τιθέμενος,

234 2752 335 2805 καὶ
367 2751 441 2815 ὡς
466 2754 644 2824 ἀρχὴν
664 2754 795 2811 ὄντα
829 2760 1051 2812 πάντων
1082 2761 1175 2816 καὶ
1199 2762 1374 2825 τέλος.
1401 2765 1512 2817 Καὶ
1534 2764 1679 2818 οῦτω
1707 2765 1803 2818 τοῦ

243 2842 353 2912 Ἀμ
366 2843 439 2911 ἦν
463 2845 782 2917 λεγομένου,
814 2849 953 2918 ὅπερ
987 2851 1104 2904 ἐστὶ
1160 2852 1516 2922 βεϐαιωτικὸν
1559 2857 1654 2909 καὶ
1685 2857 1805 2908 ἀντὶ

230 2936 332 2988 τοῦ
356 2936 490 3000 Ναὶ,
518 2938 738 2992 πάντων
768 2940 1069 3009 σιγώντων,
1094 2943 1193 3014 τὴν
1217 2944 1399 2999 ἔνθεον
1429 2947 1804 3017 σημαινόντων

235 3024 544 3093 άςρθεγξξαν
572 3027 683 3081 τῶν
706 3030 956 3097 ἀγγέλων
998 3034 1057 3084 ὲν
1084 3034 1199 3096 τοῖς
1232 3034 1324 3087 τοῦ
1356 3036 1496 3089 Θεοῦ
1553 3040 1806 3107 φρικτοῐς

236 3117 339 3169 καὶ
371 3118 682 3184 εὐλάϐειαν,
722 3115 806 3185 εἷς
863 3122 972 3175 τῶν
1031 3124 1341 3193 ἱσταμένων
1387 3128 1563 3180 ἐκεῖσε
1599 3128 1694 3182 καὶ
1720 3145 1807 3182 τεο

1903 1952 2247 2005 progressns,
2290 1947 2550 2002 stansque
2593 1935 2645 1988 itt
2705 1943 3000 2002 conspectu
3042 1947 3241 1985 nzensre
3281 1947 3470 1997 sacrm,

1903 2037 2162 2093 tanquam
2198 2038 2323 2081 ante
2362 2029 2618 2079 thronum
2660 2027 2747 2077 Dei
2777 2036 2830 2077 et
2863 2040 3077 2077 sacrum
3110 2023 3310 2076 Christi
3352 2041 3467 2072 tnu-

1904 2128 2247 2177 numentntn,
2271 2116 2482 2170 caeteris
2508 2116 2597 2183 qui
2627 2117 2757 2167 loris
2786 2123 2908 2167 sunt
2937 2112 3235 2180 prolnentis
3270 2126 3282 2161 :
3324 2129 3339 2158 ι
3372 2109 3472 2160 lie—

1906 2208 2160 2270 ncdicitc,
2195 2207 2374 2271 Pater,
2412 2227 2427 2258 t
2464 2208 2733 2260 cxtlamat
2763 2221 2886 2258 cum
2927 2205 3123 2271 pietate
3152 2212 3204 2256 et
3242 2216 3425 2254 amere
3458 2217 3471 2251 :

1910 2319 1928 2351 ι
1976 2299 2155 2354 Gloria
2188 2309 2389 2355 sancta;
2439 2309 2489 2352 et
2538 2296 2991 2364 consubstantiali
3041 2305 3093 2347 et
3139 2294 3384 2355 viviﬁcm,
3418 2303 3476 2345 et

1908 2393 2224 2447 inditisibili
2252 2404 2413 2461 atque
2434 2389 2790 2453 Ottlnipolenti
2822 2387 3076 2442 Trinitati
3102 2386 3173 2439 sit
3201 2400 3468 2452 semper,»

1904 2489 2145 2541 omnium
2175 2497 2456 2540 auctorem
2488 2500 2552 2538 ac
2577 2483 2861 2535 Dominum
2888 2482 3062 2535 solum
3096 2479 3473 2531 nuirersornn

1907 2580 1961 2633 itt
2003 2578 2273 2632 Trinitate
2307 2579 2472 2631 Deum
2509 2587 2633 2629 ante
2684 2573 2967 2643 quodlibet
3013 2586 3232 2623 carmen
3281 2570 3477 2638 pnedi-

1905 2686 2038 2726 cans
2070 2680 2123 2724 et
2153 2670 2486 2737 glorilicans,
2526 2682 2761 2734 cumquo
2794 2665 3113 2735 hymnorum
3154 2661 3473 2729 principium

1907 2779 2117 2832 ponens
2150 2770 2338 2830 utpote
2386 2759 2710 2827 principium
2764 2756 3034 2823 ﬁnemque
3070 2754 3473 2806 universorum.

1907 2856 2110 2924 Sicque
2146 2855 2289 2907 dicto
2323 2869 2342 2903 ι
2381 2850 2575 2913 Amen,
2623 2868 2641 2899 ι
2698 2847 2843 2914 quod
2890 2855 2975 2900 est
3011 2845 3390 2898 allirmativunt
3425 2859 3479 2895 ct

1906 2948 2027 3002 loco
2059 2946 2207 2999 vocis
2241 2960 2253 2994 :
2290 2962 2307 2994 ι
2337 2942 2515 2996 Etiam
2549 2958 2567 2990 ι
2604 2938 2862 3008 positum,
2889 2936 3142 2989 omnibus
3167 2933 3478 2996 silentibus,

1910 3052 2021 3107 quo
2072 3051 2287 3090 sacrum
2346 3035 2685 3101 signiﬁcatur
2717 3030 3031 3097 angelorum
3070 3026 3346 3081 silentium
3382 3040 3477 3077 eo-

1912 3144 2143 3196 rumque
2196 3128 2365 3194 pietas
2416 3126 2555 3178 inter
2588 3123 2868 3176 tremenda
2914 3120 3002 3173 Dei
3055 3117 3308 3187 mysteria
3340 3132 3493 3168 ututs

235 3207 556 3275 ταγμένων,
578 3209 748 3263 τύπον
767 3212 1002 3279 άγγέλου
1031 3213 1211 3280 φέρων
1237 3216 1634 3280 ἀποσταλέντος
1660 3219 1790 3285 παρέ

1914 3239 1978 3276 ex
2010 3222 2283 3276 stantibus
2317 3219 2498 3288 ibique
2526 3216 2581 3270 itt
2616 3216 2806 3269 ordine
2840 3212 3246 3270 assistentibus,
3288 3210 3480 3276 imagi-

238 3297 638 3379 8505,1116»:
670 3301 922 3369 ἀγγέλων
969 3305 1416 3373 προοιμιάζεται,
1465 3308 1533 3361 τὰ
1572 3309 1811 3379 άνυμνη-

240 3390 405 3443 θέντα
430 3392 487 3442 έν
514 3392 581 3460 τῇ
613 3390 708 3443 τοῦ
746 3392 952 3461 Κυρίου
981 3396 1252 3465 γεννήσει,
1274 3397 1417 3465 άπερ
1446 3391 1527 3459 εἷς
1564 3398 1663 3468 μὲν
1680 3401 1815 3469 πρό-

240 3497 403 3551 τερον
431 3480 663 3551 ἄγγελος
693 3486 805 3546 τοῖς
837 3485 1067 3553 ποιμέσι
1118 3490 1306 3557 φανεὶς
1336 3492 1594 3561 προῇδεν.
1632 3492 1813 3556 Εὐθὺς

239 3574 300 3626 ϐλ
328 3573 532 3642 πλῆθος
561 3577 827 3645 στρατιᾶς
859 3577 1115 3647 οὐρανίου
1161 3581 1345 3649 ὀφθὲν,
1402 3584 1682 3654 άνύμνησε
1729 3587 1811 3652 τὸ,

247 3685 267 3718 ι
318 3668 457 3733 Δόξα
489 3672 547 3722 έν
578 3671 824 3739 ὑψίστοις
851 3672 995 3742 Θεῷ.
1043 3692 1062 3726 ι
1121 3675 1150 3728 ὂ
1184 3675 1280 3729 καὶ
1334 3678 1558 3750 ἀπαρχὴ
1603 3680 1812 3745 δοξολο-

244 3759 375 3826 γίας
408 3759 525 3812 ἐστὶ
555 3761 652 3814 καὶ
693 3764 807 3823 τοῖς
843 3763 1099 3831 ἀγγέλοις
1129 3765 1223 3818 ἐπὶ
1254 3769 1320 3835 τῇ
1345 3767 1505 3835 ἡμῶν
1546 3770 1813 3840 σωτηρίᾳ.

248 3851 343 3902 Διὸ
378 3850 475 3903 καὶ
497 3842 600 3903 ὦδε
629 3846 707 3911 εἷς
734 3853 1151 3920 προοιμιάζεται
1190 3855 1370 3921 τοῦτο,
1405 3861 1497 3911 καί
1526 3875 1662 3928 φησι
1697 3864 1818 3929 τρὶς

245 3946 330 4005 εἰς
367 3942 526 4006 δόξαν
552 3943 652 4012 τῆς
679 3944 1041 4014 ὐπερενδόξου
1079 3946 1334 4015 Τριάδος,
1378 3966 1396 4000 ι
1436 3950 1573 4016 Δόξα
1613 3952 1668 4003 ὲν
1700 3952 1820 4022 ὐψί-

248 4050 401 4097 στοις
436 4032 578 4105 Θεῷ.
612 4053 630 4085 ›
667 4036 779 4089 Καὶ
808 4035 889 4099 δὶς
938 4036 1106 4089 εἰπὼν
1138 4039 1298 4103 αὐθις
1327 4040 1408 4102 τὸ,
1466 4060 1484 4093 ι
1523 4045 1719 4112 Κύριε,
1752 4047 1819 4097 τά

248 4124 406 4195 χείλη
444 4142 547 4195 μου
575 4126 829 4193 ἀνοίξοις,
875 4146 894 4180 ι
931 4130 990 4181 τὸ
1018 4130 1201 4198 τρίτον
1229 4133 1391 4185 πάλιν
1424 4136 1609 4202 φησὶν,
1638 4138 1719 4199 είς
1740 4153 1821 4189 τι-

253 4217 365 4285 μὴν
399 4217 682 4270 καὶτοῦτο
733 4219 831 4287 τῆς
876 4220 1129 4289 Τριάδος,
1170 4240 1188 4273 ι
1222 4224 1416 4293 Κύριε,
1471 4228 1524 4278 τί
1556 4228 1822 4298 ἐπληθύν-

251 4307 431 4374 θησαν
480 4309 530 4361 οῑ
565 4308 838 4371 θλίϐοντές
880 4329 971 4379 με,
1013 4330 1032 4363 ι
1086 4314 1179 4365 καὶ
1229 4315 1467 4386 καθεξῆς
1512 4317 1659 4385 λέγει
1696 4322 1822 4384 τοὺς

251 4397 313 4462 ἒξ
353 4397 448 4449 τοῦ
503 4396 703 4467 ὄρθρου
733 4398 1005 4469 ψαλμοὺς,
1032 4401 1155 4455 καθ’
1182 4403 1420 4473 ἑκάστην
1452 4406 1654 4476 Τριάδα
1686 4409 1823 4477 ψαλ-

262 4488 381 4557 μῶν
409 4488 723 4557 δοξολογίαν
757 4492 947 4557 ποιῶν,
979 4494 1059 4555 είς
1090 4478 1397 4564 άνύμνησιν
1439 4497 1537 4564 τῆς
1567 4499 1815 4566 Τριάδος,

251 4582 345 4631 ὅτε
394 4578 490 4631 καὶ
526 4579 555 4630 ὀ
609 4578 783 4649 ἱερεὺς
815 4582 914 4643 τὰς
975 4582 1203 4644 ἑωθινὰς
1233 4585 1400 4653 εὐχὰς
1458 4587 1578 4639 καθ’
1633 4590 1821 4641 ἑαυτὸν

259 4671 339 4737 τῷ
362 4670 483 4740 Θεῷ
512 4673 798 4742 ἀναφέρει,
847 4674 1076 4742 μεσίτης
1108 4676 1198 4727 ἐπὶ
1229 4680 1341 4738 τοῖς
1376 4678 1686 4744 λεγομένοις
1720 4681 1828 4734 δει-

260 4763 554 4831 σινόμενος,
588 4765 683 4817 καὶ
721 4767 921 4835 ἐνεργὰ
952 4767 1121 4819 τελῶν
1156 4768 1224 4821 τά
1275 4768 1535 4838 ᾀδόμενα,
1575 4776 1640 4840 τῇ
1676 4775 1832 4842 ἱερω-

262 4854 402 4926 σύνῃ
446 4855 554 4924 γάρ
584 4856 803 4909 ἅπαντα
856 4856 1186 4912 τελειοῦται.
1233 4859 1398 4913 Ὅθεν
1434 4863 1526 4913 καὶ
1579 4864 1605 4913 ὁ
1656 4864 1835 4934 ἱερεὺς

257 4945 552 5015 ἄρχεται,·
589 4948 682 4999 καὶ
748 4947 777 4999 ὁ
816 4947 997 5016 ἱερεὺς
1034 4950 1247 5003 τεὶειοῗ.
1282 4952 1455 5015 Εὐθὺς
1508 4949 1602 5007 οὖν
1642 4956 1668 5006 ὁ
1732 4956 1829 5023 μὲν

263 5038 439 5091 ποιῶν
470 5038 571 5102 τὰς
606 5037 838 5101 ἑωθινὰς
872 5040 1037 5109 εὐχάς
1068 5040 1164 5093 τοῦ
1211 5042 1347 5095 Θεοῦ
1378 5044 1635 5109 ἐνώπιον,
1662 5046 1728 5098 τὰ
1761 5048 1838 5098 εἱ-

266 5129 467 5200 ρηνικά
502 5131 641 5198 μετὰ
675 5131 733 5183 τὸ
756 5131 906 5193 τέλος
939 5132 1032 5184 τοῦ
1066 5132 1383 5203 ἐξαψάλμου
1419 5136 1587 5201 λέγει,
1622 5137 1839 5191 πάντων

262 5220 704 5289 ὐπερευχόμενος
736 5236 750 5251 ⁸
810 5223 908 5274 καὶ
965 5224 1145 5275 πάντα
1210 5225 1510 5277 άνάπτεται
1547 5226 1611 5277 τὰ
1660 5226 1838 5293 φῶτα,

262 5314 357 5367 διὰ
393 5314 473 5376 τὸ,
521 5332 541 5365 ι
571 5312 709 5377 Δόξα
737 5316 945 5383 Κυρίου
994 5317 1367 5387 περιέλαμψεν
1401 5318 1621 5381 αὐτούς.
1669 5337 1686 5369 t
1730 5320 1839 5371 Kal

265 5406 329 5459 τὸ
363 5424 381 5457 ι
433 5405 566 5467 Θεδς
614 5405 836 5474 Κύριος,
880 5424 898 5455 ι
933 5408 1067 5474 μετὰ
1104 5409 1303 5476 μέλους
1350 5409 1609 5476 ἐκφώνως
1654 5407 1839 5478 ᾄδεται

270 5494 417 5549 κατὰ
464 5494 699 5564 μίμησιν
723 5496 830 5545 τῶν
856 5494 1283 5563 δοξολογούντων
1311 5497 1579 5565 ἀγγέλων.
1622 5497 1726 5550 Καὶ
1755 5500 1840 5550 olo-

270 5586 548 5638 κειότατον
572 5586 631 5636 τὸ
664 5586 974 5654 λεγόμενον,
1016 5606 1034 5638 ι
1065 5587 1198 5649 Θεὸς
1234 5586 1455 5658 Κύριος,
1493 5589 1587 5640 καὶ
1622 5588 1830 5655 ἐπέφα-

284 5692 365 5726 ιεν
399 5675 554 5743 ἡμῖν,
590 5678 616 5726 ό
643 5675 736 5727 τοῦ
771 5675 907 5727 Θεοῦ
942 5677 1116 5743 Λόγος
1167 5678 1490 5747 σαρκωθείς.
1522 5677 1841 5746 Εὐλογημέο

276 5779 368 5824 νος
407 5764 433 5813 ὁ
462 5764 775 5832 ἐρχόμενος,
809 5764 968 5827 αὐτὸς
1000 5765 1075 5826 ὡς
1138 5766 1270 5827 Θεὸς
1307 5766 1394 5817 διὰ
1448 5766 1669 5835 σαρκὸς,
1700 5783 1718 5816 ι
1753 5765 1843 5818 Ἕν

277 5852 504 5920 ὀνόματι
550 5854 779 5919 Κυρίου,
822 5872 840 5905 t
877 5854 973 5908 τοῦ
1022 5857 1231 5920 Πατρὶς
1268 5855 1432 5910 αὐτοῦ
1484 5857 1577 5909 καὶ
1622 5855 1842 5909 ἑαυτοῦ.

1914 3326 2036 3365 netu
2079 3310 2257 3362 ferens
2296 3306 2472 3374 angeli
2517 3318 2545 3356 a
2582 3305 2691 3357 Deo
2726 3304 2900 3364 missi,
2928 3301 3228 3369 angelicum
3263 3298 3484 3351 inchoat

1915 3402 2185 3463 canticum
2224 3402 2277 3453 itt
2325 3398 2608 3453 nativitate
2635 3396 2846 3450 Domini
2881 3403 3176 3455 satttatnnt,
3209 3389 3351 3459 qttod
3385 3406 3483 3441 att-

1917 3494 2070 3563 gelus
2101 3508 2243 3546 unus
2272 3504 2543 3559 apparens
2575 3488 2887 3555 pastoribus
2918 3484 3064 3554 prius
3093 3484 3311 3552 quidem
3350 3497 3485 3546 prae-

1917 3587 2083 3649 cinit,
2152 3584 2335 3638 statim
2392 3596 2517 3635 vero
2577 3578 2866 3633 ntultitudo
2921 3577 3158 3631 cmlestis
3217 3574 3488 3627 exercitus

1919 3681 2034 3733 visa
2100 3688 2183 3732 cs'.
2236 3675 2573 3730 concinens:
2609 3690 2627 3722 ι
2670 3671 2849 3725 Gloria
2904 3671 2956 3723 itt
3013 3669 3249 3722 exce|~is
3295 3669 3420 3729 Dco,
3464 3684 3480 3715 ι

1918 3770 2061 3840 quod
2094 3780 2175 3822 est
2208 3768 2419 3820 initium
2455 3763 2787 3818 laudationis
2834 3763 2901 3815 ab
2952 3762 3083 3829 ipsis
3124 3760 3329 3829 angelis
3365 3772 3490 3825 pro-

1921 3872 2041 3932 pter
2092 3864 2326 3915 salutent
2390 3864 2633 3910 nostram
2701 3864 2953 3919 peracta).
3012 3849 3302 3918 Propterea
3362 3858 3489 3902 tunc

1924 3968 2065 4005 unus
2122 3948 2251 4003 illttd
2308 3948 2543 4008 inchoat,
2591 3956 2642 3998 et
2684 3954 2762 3997 ter
2812 3942 2944 3995 dicit
3000 3942 3051 3993 itt
3092 3940 3318 4009 gloriam
3375 3938 3491 4007 ejus

1923 4058 2043 4110 quae
2074 4052 2155 4093 est
2178 4052 2343 4106 super
2373 4050 2587 4088 omnem
2637 4033 2862 4102 gloriam
2898 4030 3215 4084 Trinitatis:
3254 4048 3272 4079 ι
3306 4026 3493 4083 Gloria

1923 4134 1976 4187 itt
2007 4130 2238 4185 excelsis
2270 4127 2395 4192 Deo,
2430 4144 2447 4177 t
2485 4127 2677 4194 biSque
2729 4140 2944 4177 rursum
2981 4123 3167 4176 dicens
3200 4137 3214 4176 :
3247 4120 3492 4185 Domine,

1924 4224 2065 4277 labia
2103 4236 2220 4275 mea
2272 4219 2509 4289 aperics,
2565 4236 2582 4268 ι
2637 4228 2795 4271 terno
2846 4216 2976 4267 dicit
3020 4215 3240 4275 iterum,
3285 4223 3340 4268 et
3394 4213 3496 4266 Inc

1925 4330 2145 4388 quoque
2201 4315 2256 4367 in
2314 4314 2573 4365 honorem
2630 4308 2913 4362 Trinitatis
2951 4322 2966 4360 :
3013 4325 3029 4356 ι
3076 4305 3319 4371 Domine,
3364 4306 3493 4373 quid

1929 4408 2269 4478 multiplicati
2316 4415 2445 4459 sunt
2494 4402 2583 4471 qui
2640 4401 2906 4454 tribulant
2945 4397 3075 4452 me?
3112 4416 3128 4448 ι
3165 4405 3499 4466 οωῑετυεοιιο

1930 4504 2125 4559 recitat
2163 4500 2404 4569 psalmos
2441 4512 2504 4550 ex
2539 4493 2715 4547 ollicio
2761 4492 3009 4555 dilneuli,
3048 4490 3348 4545 secundum
3384 4489 3499 4541 sin-

1937 4592 2089 4662 gulos
2119 4600 2227 4643 tres
2272 4586 2505 4654 psalmos
2550 4583 2893 4650 doxologiant
2929 4580 3151 4642 iaciens,
3185 4579 3239 4631 in
3290 4578 3497 4631 laudent

1933 4682 2239 4739 Trinitatis,
2274 4675 2496 4745 quando
2532 4674 2787 4726 sacerdos
2824 4671 3116 4724 matutinas
3141 4683 3326 4737 preces
3350 4682 3501 4720 seor-

1932 4776 2033 4829 sim
2071 4773 2179 4825 Deo
2218 4777 2516 4835 nuncupat,
2558 4768 2609 4817 in
2651 4766 2811 4818 dictis
2860 4764 3120 4817 neediator
3154 4776 3419 4829 apparens
3448 4769 3501 4812 ct

1934 4878 2098 4933 opere
2147 4868 2363 4915 cantata
2424 4857 2746 4925 perliciens;
2805 4871 2926 4907 nam
2982 4854 3163 4906 omnia
3196 4853 3503 4907 sacerdotto

1934 4965 2058 5009 sunt
2087 4950 2442 5006 sanctiﬁcata.
2464 4948 2613 5002 Unde
2642 4947 2900 5002 sacerdos
2935 4944 3144 5012 incipit,
3164 4951 3218 4997 et
3249 4943 3503 4997 sacerdos

1938 5044 2169 5114 perlicit.
2218 5041 2413 5093 Statim
2446 5054 2575 5105 ergo
2606 5037 2697 5105 qui
2731 5049 2916 5104 preces
2950 5034 3248 5087 matutinas
3290 5030 3416 5086 facit
3450 5032 3501 5084 in

1937 5136 2231 5202 conspectu
2272 5131 2387 5192 Dei,
2414 5130 2581 5182 ﬁnitis
2614 5144 2704 5183 sex
2734 5126 2983 5196 psalmis,
3011 5126 3170 5179 verba
3203 5124 3349 5190 pacis
3376 5122 3505 5176 facit

1939 5240 2035 5295 pro
2067 5224 2321 5276 omnibus
2349 5223 2669 5287 deprecans,
2721 5229 2773 5271 ct
2800 5218 2983 5270 omnia
3015 5215 3392 5269 accenduntur
3422 5214 3505 5264 lu-

1940 5320 2084 5369 mina
2131 5322 2352 5383 propter
2386 5312 2563 5364 illud:
2606 5328 2624 5360 ι
2669 5310 2852 5363 Gloria
2905 5306 3113 5359 Domini
3147 5302 3508 5358 cireumfnlsit

1937 5423 1967 5460 e
1992 5422 2052 5459 ns.
2093 5424 2111 5455 ι
2153 5404 2349 5456 Deinde
2382 5403 2511 5454 illud
2551 5418 2563 5454 :
2605 5420 2621 5451 ι
2659 5400 2802 5452 Deus
2838 5398 3099 5451 Dominus
3142 5414 3160 5447 ι
3197 5409 3320 5449 cum
3347 5402 3509 5447 cantu

1945 5510 2077 5550 voce
2108 5495 2212 5548 alta
2239 5494 2442 5547 dicitur
2471 5492 2536 5544 ad
2574 5494 2747 5543 ittstar
2777 5489 3109 5542 laudantium
3156 5487 3507 5553 angelorum;

1945 5594 1999 5641 el.
2053 5583 2626 5638 convenientissimum
2658 5588 2740 5634 est
2778 5580 2919 5648 qttod
2972 5587 3222 5632 cantatur
3256 5592 3271 5629 :
3312 5594 3330 5625 ι
3369 5573 3513 5629 Deus

1950 5677 2213 5730 Dominus
2247 5675 2423 5725 illuxit
2453 5672 2630 5733 nobis,
2667 5690 2684 5721 ι
2724 5686 2915 5737 nempe.
2947 5669 3180 5723 Verbum
3215 5665 3306 5719 Dei
3340 5666 3511 5719 incar-

1949 5773 2131 5817 natum
2158 5778 2172 5815 :
2215 5781 2232 5813 ι
2272 5761 2597 5815 Benedictus
2621 5760 2712 5828 qni
2745 5760 2911 5821 venit,
2944 5776 2962 5808 ι
2998 5760 3113 5826 ipse
3142 5756 3350 5807 scilicet
3379 5753 3513 5808 Deus

1950 5871 2042 5913 oer
2077 5869 2334 5914 carnem;
2372 5872 2389 5904 ι
2419 5852 2475 5908 ltt
2503 5852 2717 5907 nomine
2749 5848 2983 5911 Domini,
3027 5866 3045 5898 ι
3082 5859 3270 5909 nempe
3296 5845 3378 5898 sui
3408 5844 3524 5895 l’a-i
