4208 6440
276 370 397 485 δτλῖ¹

1379 411 1512 487 ‘DE
1550 426 1794 487 SACRA
1841 427 2354 488 PRECA'I‘IONE.

3422 424 3523 487 59?

274 542 481 605 εἰπεῖν,
519 529 639 611 τρὶς
671 543 770 611 τῆς
804 540 1016 613 ἡμέρας
1049 544 1115 613 τῇ
1150 543 1283 614 ἁγίᾳ
1318 545 1510 613 Τριάδι
1543 544 1848 612 δοξολογίαι

1953 523 2241 611 quoniam,-
2267 553 2324 596 ιιι
2359 554 2544 597 rursus
2579 541 2756 597 dicam
2783 579 2799 606 ,
2835 548 2914 595 ter
2944 540 2999 594 in
3035 539 3122 594 die
3154 547 3352 594 sancta:
3395 538 3522 594 Tri-

273 631 425 699 τρεῖς
444 632 523 691 είς
545 631 833 698 ὁμολογίαν
848 633 1016 700 αὐτῆς
1033 636 1133 702 ,καὶ
1155 635 1314 700 δόξαν
1333 634 1723 736 προσάγονταΐ,
1744 635 1848 686 ἀπὸ

273 721 371 774 τοῦ
413 722 802 792 θυσιαστηρίου
839 725 1133 794 ἐξαιρέτως
1169 727 1502 801 ἀρχόμεναι,
1541 730 1634 780 καὶ
1674 721 1754 796 εἰς
1789 727 1849 780 τὸ

278 812 663 883 θυσιαστήριον
703 815 770 867 δι’
798 816 986 883 ἱερέως
1028 818 1362 869 τελευτῶσαι
1391 835 1404 848 °
1448 819 1476 870 6
1518 818 1712 894 ὄρθρος
1756 819 1851 888 δη-

279 904 432 971 λαδὴ,
467 907 500 974 ἠ
531 905 638 958 τῶν
668 906 899 958 τελετῶν
929 908 1142 978 τελετὴ,
1173 910 1205 977 ἡ
1238 909 1358 979 [api
1384 897 1722 979 λειτουργία,
1755 911 1848 962 καὶ

277 997 305 1045 6
338 995 625 1062 έσττερινὸς
647 1011 661 1023 ·
690 995 751 1055 ἃς
781 998 843 1065 δὴ
873 997 1180 1074 δοξολογίας
1210 1001 1303 1052 καὶ
1333 999 1476 1061 ἅπας
1503 1000 1614 1052 τῶν
1644 1000 1848 1052 πιστῶν

279 1086 376 1137 καὶ
410 1086 592 1148 λαῖκλς
627 1087 844 1139 άκούεἰν
878 1089 1264 1159 ἀπαραιτήτως
1308 1091 1429 1142 καθ’
1458 1091 1664 1158 ἡμέραν
1700 1091 1854 1157 ἀφείς

277 1179 359 1230 λει
379 1221 392 1241 ,
426 1182 518 1234 καὶ
549 1182 675 1249 περῖ
705 1181 814 1233 τῶν
845 1182 1022 1234 ἄλλων
1052 1185 1362 1252 φροντίζειν
1391 1184 1562 1252 ὁπρση
1596 1184 1844 1251 δύναμις.

276 1272 384 1324 Τοῦ
425 1273 611 1342 ἱερέως
640 1273 820 1325 τοίνυν
852 1267 1244 1342 εὐλογήσαντοε
1276 1276 1331 1324 ἐν
1363 1276 1438 1341 τῷ
1471 1276 1847 1344 Θυσιτιστηρὶῳ

275 1364 350 1426 ὡς
389 1365 444 1416 ἐν
476 1365 690 1434 οὐρανῷ
727 1364 956 1420 ἐνώπιον
988 1367 1081 1419 τοῦ
1118 1367 1276 1429 Θεοῦ,
1313 1369 1392 1430 τὶ,
1436 1387 1454 1419 ι
1477 1367 1640 1420 Δεῦτε
1678 1385 1848 1437 πρυσω

275 1457 628 1525 κυνήσωμεν,
669 1476 686 1508 ι
748 1460 865 1526 τρὶς
896 1459 1026 1526 παρ’
1051 1459 1166 1521 ἑνὸς
1197 1459 1282 1511 διὰ
1308 1459 1405 1528 τὴν
1434 1459 1720 1512 εὐλάϐειαν
1750 1462 1847 1512 καὶ

275 1548 372 1617 τὴν
408 1549 515 1600 τῶν
551 1551 858 1616 λεγομένων
896 1551 1112 1603 σύνεσιν
1155 1551 1396 1618 λέγεται.
1439 1554 1545 1606 Καὶ
1588 1556 1636 1603 εί
1681 1553 1779 1622 μὲν
1816 1555 1848 1618 ἡ

275 1643 454 1710 ἡμέρα
487 1643 638 1712 κοινὴ
661 1683 675 1704 ,
706 1644 732 1695 6
760 1644 967 1712 ψαλμὸς
1000 1644 1146 1706 ἄπας
1177 1646 1394 1712 λέγεται
1416 1686 1431 1707 ,
1467 1649 1494 1699 ὁ
1523 1648 1614 1698 τον
1647 1648 1850 1716 Κύριον

274 1733 532 1798 εὐτυχῶν,
561 1739 652 1786 καὶ
677 1736 775 1802 τὴν
803 1737 1162 1805 δημιουργίαν
1188 1737 1354 1791 αὐτοῦ
1384 1738 1605 1791 ἅπασαν
1632 1739 1850 1806 διηγού-

279 1843 437 1890 μενος
459 1869 471 1890 ,
508 1827 602 1878 καὶ
637 1828 728 1878 ἐπὶ
765 1830 928 1879 πᾶσιν
963 1829 1308 1896 εὐχαριστῶν
1334 1844 1348 1858 ·
1384 1832 1506 1885 ἐπεὶ
1539 1832 1632 1882 καὶ
1667 1829 1850 1882 τελευ-

273 1915 452 1983 τώσης
477 1916 572 1984 τῆς
603 1917 835 1986 ἡμέρας,
866 1918 982 1969 δέον
1010 1919 1146 1986 ὑπὲρ
1174 1920 1434 1972 ἁπάντων
1461 1921 1808 1988 εὐχαριστεῖν
1832 1935 1846 1951 ⁸

273 2009 322 2055 εί
344 2005 396 2055 δὲ
422 2005 603 2074 ἡμέρα
628 2005 834 2072 έὸρτιος
852 2047 864 2066 ,
903 2007 1033 2076 ἄχρι
1059 2008 1176 2072 τοῦ,
1217 2026 1234 2058 ι
1265 2008 1598 2072 Ἀνοίξαντός
1625 2026 1717 2060 σου
1752 2009 1852 2078 τὴν

274 2097 429 2163 χεῖρα
454 2113 500 2145 ·›
534 2097 626 2147 καὶ
644 2098 762 2148 τότε
789 2099 937 2166 παρᾶ
975 2100 1189 2151 πάντων
1221 2099 1598 2168 λαμπρότερον
1629 2101 1810 2170 ᾅδεται
1833 2141 1848 2165 ν

275 2187 488 2256 ἑκάστῳ
531 2187 698 2256 στίχῳ
737 2189 836 2256 τὴν
880 2190 1086 2258 Τριάδα
1136 2191 1354 2243 πάντων
1397 2191 1847 2258 δοξολογούντων,

272 2278 392 2345 ἥτις
425 2277 534 2329 τῶν
569 2279 707 2330 ὅλων
741 2281 1090 2348 δημιουργός.
1131 2282 1233 2333 ’1ὀῦ
1277 2283 1465 2352 ἱερέως
1505 2284 1560 2336 δὲ
1595 2287 1662 2336 τὰ
1702 2287 1851 2353 είρη-

274 2368 397 2420 νικά
425 2369 743 2438 εὐξαμένου,
772 2373 866 2424 καὶ
892 2373 1152 2440 ὲκφώνως
1177 2374 1652 2443 δοξολογήσαντος,
1682 2378 1774 2428 καὶ
1798 2377 1849 2428 οἱ

273 2460 448 2530 ἓτεροι
494 2462 785 2526 ἐπάγονται
826 2464 1031 2534 ψαλμοὶ
1073 2466 1167 2518 τοῦ
1420 2467 1732 2535 Ψαλτῆρος,
1774 2469 1848 2531 ὠς

275 2553 370 2603 καὶ
401 2553 447 2602 οἱ
483 2554 536 2603 εν
567 2552 642 2621 τῷ
677 2553 856 2622 ὄρθρῳ
888 2557 1296 2622 τετυπωμένοι,
1329 2559 1485 2625 είπερ
1519 2559 1699 2627 ἡμέρα
1739 2576 1848 2611 κοι-

277 2642 374 2707 νὴ,
410 2642 483 2702 ὼς
517 2641 582 2694 ἂν
617 2645 647 2712 ἠ
683 2645 774 2695 τοῦ
809 2644 1099 2713 Ψαλτῆρος
1136 2646 1315 2712 βίϐλος
1350 2647 1430 2708 είς
1467 2646 1674 2714 ὕμνους
1709 2647 1846 2700 Θεοῦ

272 2732 687 2801 ἀποτεταγμένη
724 2734 1001 2804 τελεσθείη
1046 2735 1198 2806 πάσῃ
1235 2739 1300 2804 τῇ
1347 2738 1638 2804 έὸδομάδιο
1682 2740 1746 2802 τῆ
1791 2737 1846 2789 δέ

272 2839 338 2890 γε
382 2829 788 2891 τεσσαρακοστῇ
820 2826 934 2893 δὶς,
960 2828 1039 2889 είς
1073 2828 1242 2879 πλείω
1273 2828 1438 2880 κόπον
1466 2830 1618 2897 ἡμῶν
1643 2869 1657 2892 ,
1687 2829 1846 2894 δόξαν

271 2934 332 2970 τε
364 2919 621 2971 τοῦΘεοῦ
655 2922 746 2973 καὶ
778 2921 915 2990 ὑπὲρ
951 2921 1106 2990 ἡμῶν
1139 2923 1315 2974 αὐτῶν
1347 2917 1649 2986 ὲξιλέωσιν.

827 3037 1075 3090 ΚΕΦΑΛ.
1122 3037 1207 3088 ΤΛ
1219 3035 1292 3090 Β’.

273 3124 402 3178 Ὀτι
435 3127 485 3178 cl
515 3125 670 3198 τρεῖς
702 3125 918 3198 πρῶτοι
946 3128 1050 3179 τοῦ
1086 3128 1405 3193 ἰ”αλτῆρος
1437 3132 1663 3198 ψαλμοὶ
1693 3134 1848 3197 ἐξαι-

475 3197 662 3261 ρέτως
696 3201 782 3260 εις
816 3197 924 3249 τὸν
958 3200 1180 3264 Κύριον
1210 3198 1632 3265 ἀιναρέμονται.

343 3287 406 3340 Εἰ
439 3288 492 3340 δέ
523 3305 584 3356 γε
615 3289 797 3358 ἡμέρα
831 3289 1042 3357 ἑορτῆς,
1077 3293 1212 3358 μετὰ
1242 3294 1308 3343 τὰ.
1343 3294 1593 3357 τριαδικά
1625 3299 1715 3348 καὶ
1742 3301 1841 3367 τὴν

273 3384 552 3451 συναπτὴν
597 3383 646 3433 οἱ
694 3385 842 3450 τρεῖς
889 3382 1094 3452 πρῶτοι
1143 3382 1235 3434 τοῦ
1290 3384 1576 3454 Ψαλτῆρος
1627 3386 1842 3456 ᾅδονται

272 3471 474 3539 ψαλμοὶ
497 3510 510 3532 .
543 3472 592 3524 οἳ
628 3473 721 3525 καὶ
761 3475 840 3536 είς
871 3475 962 3524 τὸν
998 3474 1201 3542 Κύριον
1235 3476 1597 3545 ἀναφέρονται
1635 3480 1844 3549 ἐξαιρέ-

270 3579 401 3622 τως.
447 3563 903 3634 Ἐνανθρωπήσας
937 3566 1047 3635 γὰρ
1081 3569 1108 3618 ὁ
1147 3565 1239 3618 τοῦ
1275 3568 1409 3618 Θεοῦ
1446 3571 1614 3636 Λόγος
1636 3611 1650 3634 ,
1683 3573 1844 3636 αὐτὸς

269 3653 439 3714 ὅντως
482 3655 640 3723 μόνος
684 3656 953 3723 μακάριος
998 3656 1136 3724 ἀνὴρ
1179 3657 1392 3723 γέγονε,
1437 3661 1532 3711 καὶ
1571 3660 1845 3728 ἁμαρτίαν

270 3750 372 3799 οἰκ
398 3747 639 3817 ἐποίησε,
669 3750 760 3801 καὶ
790 3747 945 3812 ξύλον
974 3747 1120 3816 ζωῆς
1150 3752 1284 3812 ἐστι,
1315 3754 1409 3803 καὶ
1441 3753 1652 3821 καρπὸν
1680 3755 1847 3808 πολὺν

272 3841 418 3909 ἡμᾶς
446 3841 568 3902 τοὺς
600 3842 680 3902 είς
709 3841 874 3892 αὐτὸν
904 3841 1325 3904 πιστεύσαντας,
1357 3843 1556 3896 δέδωκε
1583 3860 1597 3874 ·
1631 3847 1722 3897 καὶ
1753 3848 1845 3918 ζῇ,

276 3934 352 4000 μὴ
398 3931 704 3999 ξηρανθεὶς,
744 3931 822 3984 ὣν
861 3932 1127 3996 ἀθάνατος
1152 3948 1166 3962 ’
1210 3934 1328 3986 οὐδὲ
1372 3936 1633 4006 ἀπορρέει
1674 3941 1843 4008 ἡμᾶς,

270 4023 347 4083 ὡς
378 4023 572 4089 φύλλον
602 4023 762 4075 αὐτοῦ
793 4024 1043 4085 ἀειθαλὲς
1071 4024 1162 4075 καὶ
1192 4024 1426 4094 καρπόν.
1462 4026 1599 4089 Τοὺς
1630 4026 1688 4080 δὲ
1717 4031 1847 4080 ἀσε-

269 4114 384 4175 6εῖς
431 4113 505 4175 ὡς
553 4114 681 4180 χοῦν
726 4115 815 4166 καὶ
861 4117 986 4176 τοὶς
1032 4115 1292 4181 δαίμονας
1339 4116 1686 4184 ὲκλικμήσει.
1738 4121 1846 4174 Καὶ

270 4205 610 4274 ὲφρυάξαντο
652 4206 771 4259 κατ’
797 4205 959 4258 αὑτοῦ
1004 4205 1244 4274 βασιλεῖς
1289 4208 1380 4258 καὶ
1422 4207 1718 4276 ἄρχοντες,
1753 4209 1846 4272 οὓς

270 4298 608 4366 ιμυκτήρισε
643 4297 742 4363 μὲν
768 4298 1013 4364 νικήσας,
1045 4299 1203 4359 αὐτὸς
1233 4298 1289 4349 δὲ
1320 4300 1574 4366 βασιλεὺς
1607 4302 1842 4372 κατέστη

270 4390 374 4458 τῆς
409 4388 734 4458 Ἐκκλησίας
767 4388 956 4442 αὐτοῦ.
992 4386 1097 4441 Καὶ
1134 4389 1258 4451 Υἱὸς
1295 4390 1430 4440 Θεοῦ
1467 4391 1616 4454 ἐπι,
1653 4393 1748 4444 καὶ
1776 4393 1847 4446 τὰ

1952 634 2137 686 nitatis
2171 637 2281 699 trefs
2314 628 2653 687 laudationes
2695 634 2748 686 in
2782 633 3186 689 confessionem
3208 642 3260 684 et
3293 630 3522 697 gloriam

1951 723 2097 775 illius
2133 709 2490 785 adhibentur,
2529 723 2596 777 ab
2624 721 2782 776 altari
2805 722 3089 791 insigniter
3122 721 3440 788 incipientes
3471 729 3525 773 et

1954 814 2006 865 in
2041 829 2104 866 cn
2135 814 2598 892 persacerdotem
2632 814 2982 878 desinentes,
3018 807 3266 867 videlicet
3305 811 3525 864 matuti-

1955 919 2102 966 num,
2141 919 2296 957 sacra
2334 906 2580 974 corporis
2613 912 2667 978 ct
2714 903 2999 974 sanguinis
3051 903 3256 958 Christi
3302 902 3522 970 liturgia

1952 1005 2007 1047 et
2042 997 2414 1063 vespertinum
2448 979 2684 1084 ollicinm
2718 1037 2732 1062 ,
2770 1010 2908 1065 quas
2939 994 3278 1072 laudationes
3317 993 3524 1064 singuli

1954 1087 2138 1140 ﬁdeles
2170 1099 2223 1140 et
2274 1090 2438 1142 etiam
2493 1083 2614 1158 laici
2646 1087 2893 1158 quotidie
2926 1086 3124 1140 debent
3159 1087 3365 1148 audire,
3400 1085 3522 1139 aliis

1953 1194 2082 1229 vrru
2129 1178 2392 1231 interesse
2448 1157 2715 1246 quantum
2776 1177 3072 1246 potuerint.
3117 1177 3281 1244 Igitur
3311 1177 3435 1230 data
3466 1176 3520 1229 in

1951 1271 2106 1323 altari
2143 1273 2284 1347 velut
2317 1271 2370 1323 in
2401 1271 2540 1326 caelo
2565 1255 2626 1323 in
2658 1280 2952 1338 conspectu
3011 1270 3102 1324 Dei
3145 1267 3524 1322 benedictione

1952 1365 2267 1428 Sacerdotis,
2305 1363 2435 1416 illud
2475 1381 2491 1414 ι
2533 1361 2726 1417 Venite
2763 1365 3054 1418 adoremus
3103 1381 3121 1414 ι
3173 1372 3255 1416 ter
3307 1361 3374 1414 ab
3408 1375 3516 1414 uno

1953 1456 2018 1507 ad
2055 1456 2306 1523 pietatem
2343 1464 2396 1509 et
2450 1455 2722 1509 dictorum
2761 1455 3172 1523 intelligentiam
3211 1453 3431 1516 dicitur,
3471 1461 3525 1505 et

1951 1546 1994 1597 si
2034 1547 2156 1599 dies
2181 1547 2394 1615 quidem
2431 1549 2742 1600 communis
2772 1547 2952 1607 fuerit,
2996 1557 3139 1599 totus
3170 1546 3413 1614 psalmus
3443 1560 3528 1598 re-

1952 1637 2151 1690 citatur
2199 1653 2306 1705 quo
2352 1638 2692 1692 benedicitur
2746 1637 3036 1696 Dominus.
3097 1637 3346 1690 universa
3404 1635 3526 1703 ejus

1950 1729 2154 1779 creatio
2186 1737 2492 1792 enarratur,
2525 1727 2819 1796 gratiaeque
2853 1735 3090 1794 aguntur
3136 1726 3202 1778 de
3237 1726 3518 1785 omnibus,

1951 1815 2212 1882 quoniam
2253 1813 2342 1868 die
2371 1825 2816 1882 vesperascente.
2853 1825 3066 1883 oportet
3123 1830 3233 1883 prov
3266 1815 3524 1870 omnibus

1952 1908 2154 1975 gratias
2189 1922 2369 1976 agere.
2395 1907 2591 1960 Verum
2621 1908 2664 1962 si
2693 1910 2812 1963 dies
2845 1909 3073 1963 festivus
3107 1910 3289 1969 fuerit,
3325 1909 3525 1962 dicitur

1954 2013 2124 2064 u5qnc
2155 2001 2219 2051 ad
2269 2000 2414 2052 hunc
2464 1999 2638 2051 locum
2677 2017 2691 2051 :
2731 2017 2748 2049 ι
2790 2001 3075 2067 Aperieute
3125 2008 3175 2054 te
3210 2017 3452 2063 manuni,
3496 2019 3512 2050 ι

1953 2101 2007 2144 ct
2041 2099 2168 2142 tunc
2203 2089 2268 2142 ab
2295 2089 2550 2145 omnibus
2583 2092 2796 2145 clariori
2838 2108 2968 2145 voce
3002 2102 3253 2144 cantatur
3289 2094 3519 2160 singulis

1953 2181 2206 2234 versibus
2231 2181 2556 2236 Trinitatem
2606 2184 3008 2238 celebrantibus
3061 2187 3354 2246 universis,
3401 2202 3522 2251 (ιιιιι

1954 2281 2032 2324 est
2069 2273 2312 2326 omnium
2347 2278 2600 2326 creatrix.
2636 2273 2931 2328 Sacerdote
2964 2285 3142 2328 autem
3178 2278 3395 2343 pat'ilica
3428 2277 3522 2328 tle-

1953 2375 2194 2433 prccalo,
2247 2365 2463 2434 altaque
2518 2380 2648 2420 voce
2696 2368 2842 2419 dicta
2889 2349 3051 2422 abeo
3085 2367 3395 2433 doxologia,
3431 2369 3522 2419 alii

1955 2454 2332 2519 producuntur
2379 2454 2566 2521 psalmi
2615 2457 2880 2522 psalterii,
2926 2457 3112 2526 quales
3150 2459 3201 2510 in
3257 2460 3526 2511 matutino

1953 2544 2151 2608 oﬂicio,
2190 2546 2231 2600 si
2268 2546 2384 2599 dics
2418 2548 2724 2601 communis
2756 2546 2938 2613 fuerit,
2975 2548 3240 2616 designati
3266 2561 3413 2613 sunt,
3451 2552 3524 2605 ita

1951 2645 2010 2689 ut
2036 2636 2173 2688 liber
2202 2636 2441 2705 psalterii
2481 2636 2546 2689 ad
2577 2637 2744 2692 Deum
2777 2639 3108 2693 laudandum
3146 2639 3440 2707 dispositus
3469 2642 3523 2695 in

1953 2725 2291 2779 hebdomade
2327 2727 2669 2788 absolvatur.
2711 2729 2796 2782 bis
2844 2745 2970 2783 vero
3020 2731 3071 2782 in
3101 2731 3522 2800 quadragesima

1951 2820 2015 2869 ad
2044 2818 2303 2886 majorem
2345 2820 2580 2874 laborem
2611 2823 2764 2874 nobis
2802 2820 3257 2891 Deiquegloriam
3290 2826 3521 2894 ejusque

1951 2922 2046 2975 pro
2088 2908 2244 2963 nobis
2281 2910 2412 2980 ipsis
2455 2911 2899 2980 propitiationem
2936 2915 3391 2983 comparandum.

2406 3023 2634 3078 CAPUT
2696 3025 3046 3080 CCCXXX“.

1952 3109 2070 3162 Tres
2107 3113 2360 3177 primores
2387 3112 2634 3195 Psalmos
2657 3118 2995 3195 peculiariter
3031 3119 3099 3169 ad
3125 3118 3392 3174 C/H’lalum
3427 3122 3524 3172 Do-

2516 3189 2717 3237 minum
2747 3189 2932 3253 referri
2941 3230 2952 3242 .

2025 3274 2290 3328 Caeterum
2326 3285 2448 3345 post
2479 3275 2766 3330 Trinitatis
2800 3279 3057 3346 hymnum
3113 3290 3164 3333 ct
3216 3285 3520 3337 orationem

1949 3368 2393 3434 subsequentem,
2427 3370 2471 3421 si
2507 3369 2626 3423 dies
2662 3369 2889 3424 festivus
2922 3372 3011 3435 sit,
3046 3383 3157 3425 trcs
3188 3377 3344 3441 primi
3381 3382 3527 3444 psal-

1950 3461 2066 3514 terii
2101 3471 2391 3515 cantantur
2419 3463 2610 3530 psalmi
2640 3463 2728 3530 qui
2761 3465 3106 3526 peculiariter
3134 3466 3198 3518 ad
3231 3469 3519 3522 Dominum

1953 3553 2289 3606 referuntur.
2323 3553 2456 3606 Nam
2500 3554 2843 3607 incarnatum
2888 3555 2978 3608 Dei
3017 3555 3256 3610 Verbum
3290 3602 3303 3623 ,
3340 3563 3515 3624 ipsum

1949 3657 2072 3696 rere
2107 3643 2280 3697 solum
2316 3644 2398 3697 vir
2446 3645 2639 3698 beatus
2671 3644 2871 3698 laetum
2905 3656 3008 3702 est.
3044 3648 3144 3712 Qui
3173 3647 3318 3705 Deus
3352 3649 3523 3704 "mnu

1951 3747 2232 3804 pecratum
2267 3751 2372 3791 non
2406 3736 2554 3798 fecit,
2579 3748 2634 3792 et
2659 3747 2740 3790 est
2764 3738 2967 3807 lignum
2994 3742 3134 3803 vitae.
3165 3742 3514 3809 fructumque

1950 3827 2204 3892 multum,
2237 3842 2336 3882 nos
2390 3827 2599 3882 scilicet
2641 3828 2694 3882 in
2735 3845 2859 3881 eum
2893 3831 3201 3896 credentes,
3239 3836 3518 3902 produxi,

1949 3931 2002 3975 et
2021 3920 2172 3985 vivit,
2191 3930 2376 3989 utpote
2401 3935 2742 3989 nequaquam
2774 3926 3032 3990 siccatus,
3062 3941 3184 3980 cum
3203 3927 3274 3980 sit
3304 3929 3523 3982 immor-

1949 4015 2094 4079 talis;
2131 4030 2227 4068 nos
2258 4030 2386 4069 vero
2414 4031 2519 4069 non
2555 4015 2753 4068 detinet
2787 4016 2882 4084 qni
2933 4018 3123 4072 folium
3157 4019 3278 4088 ejus
3319 4022 3524 4087 jugiter

1947 4106 2121 4159 viride
2157 4118 2208 4159 et
2238 4106 2449 4160 fructus
2484 4122 2697 4172 smnus,
2730 4109 2925 4174 impios
2955 4121 3129 4163 autem
3160 4123 3216 4164 ut
3243 4113 3520 4179 pulverem

1949 4195 2330 4265 dzenmncsque
2379 4196 2682 4250 ventilabit.
2734 4197 2797 4250 Et
2864 4198 3206 4253 fremuetunt
3255 4205 3520 4256 adversus

1949 4304 2070 4342 cum
2108 4304 2262 4358 reges
2296 4299 2348 4343 et
2383 4290 2658 4359 principes
2709 4306 2847 4357 quos
2901 4292 3120 4360 quidem
3169 4295 3523 4349 subsannarit

1949 4381 2230 4448 devictos,
2275 4381 2388 4445 ipse
2438 4396 2564 4434 vero
2605 4382 2942 4438 constitutus
2992 4393 3075 4439 est
3123 4399 3216 4439 rex
3266 4385 3519 4442 Ecclesia:

276 4483 406 4550 ἒθνη
439 4480 559 4548 ἔσχε
592 4481 956 4549 κληρονομίαν
980 4519 994 4542 ,
1025 4482 1113 4531 καὶ
1144 4482 1212 4531 τὰ
1245 4480 1454 4549 πέρατα
1487 4483 1717 4551 κατέσχε
1748 4485 1846 4553 τῆς

1952 4487 2084 4535 sum,
2116 4481 2169 4524 et
2201 4471 2367 4524 Filius
2401 4471 2493 4524 Dei
2526 4481 2630 4536 est,
2667 4481 2969 4542 gentesque
2994 4474 3186 4528 babuit
3231 4476 3521 4531 haeredita-

273 4571 396 4637 τῆς,
439 4572 533 4620 καὶ
574 4570 778 4638 ποιμήν
821 4571 965 4620 ἐστιν
1010 4570 1247 4638 ἰσχυρός.
1289 4571 1394 4621 Καὶ
1436 4572 1848 4642 ἐπληθύνθησαν

278 4663 377 4728 μὲν
417 4663 464 4712 οι
507 4658 781 4720 θλίϐοντες
830 4659 1028 4721 αὐτὸν,
1074 4661 1168 4711 καὶ
1213 4660 1702 4731 διαλοιδορούμενοι
1750 4666 1847 4717 καὶ

271 4753 582 4815 διώκοντες,
613 4751 661 4802 οἳ
696 4751 787 4803 καὶ
821 4750 1038 4820 σταυρῷ
1068 4752 1229 4803 αὐτὸν
1260 4751 1611 4806 ἐθανάτωσαν
1636 4771 1649 4784 ·
1684 4757 1846 4818 αὐτὸς

271 4844 331 4893 δὲ
367 4845 462 4893 καὶ
495 4843 633 4909 μετὰ
663 4841 756 4892 τοῦ
792 4843 1002 4910 Πατρὸς
1034 4838 1100 4910 ἦν
1133 4843 1358 4910 πάσχων
1391 4846 1557 4910 σαρκὶ
1581 4887 1595 4909 ,
1630 4845 1846 4915 ἀπαθὴς

273 4933 351 4983 ὢν
373 4935 438 5001 τῇ
466 4931 700 4999 θεότητι,
726 4933 818 4984 καὶ
842 4932 1029 5001 ἀντιλή
1041 4948 1188 5000 πτωρ
1213 4930 1366 5002 ὤφθη
1394 4934 1555 5001 ἡμῶν
1578 4937 1670 4987 καὶ
1693 4934 1843 4997 δόξα.

277 5023 389 5073 Καὶ
414 5025 461 5072 εἰ
491 5021 756 5090 ἐκοιμήθη
785 5021 986 5085 θανὼν,
1013 5023 1126 5073 ἀλλ’
1151 5021 1224 5083 ὡς
1255 5023 1437 5073 ὑπνῶν
1465 5022 1842 5095 έξεγήγερται.

272 5116 367 5165 Διὸ
392 5119 504 5177 καὶ,
534 5131 552 5162 ι
592 5113 846 5176 Ἀνάστα,
877 5133 895 5164 ι
927 5117 1080 5181 φησὶ,
1106 5114 1217 5177 καὶ,
1254 5132 1270 5163 ι
1304 5114 1485 5166 Σῶσόν
1512 5132 1600 5182 με,
1628 5119 1654 5169 6
1677 5117 1808 5179 Θεός
1827 5136 1840 5149 ·

268 5209 353 5258 ὅτι
389 5205 451 5256 σὺ
488 5204 694 5264 πάντας
730 5205 956 5271 ἐχθροὺς
993 5207 1320 5273 συνέτριψας
1346 5223 1360 5236 ·
1403 5227 1418 5257 ι
1458 5212 1586 5272 καὶ,
1627 5229 1643 5259 ι
1687 5211 1844 5280 Παρὰ

267 5298 368 5350 τοῦ
403 5297 603 5366 Κυρίου
637 5301 666 5357 ἡ
701 5297 966 5364 σωτηρία,
995 5298 1087 5347 καὶ
1117 5298 1206 5348 ὲπὶ
1239 5298 1328 5348 τὸν
1360 5299 1485 5350 λαόν
1515 5316 1607 5351 σου
1636 5299 1727 5352 τὸν
1758 5320 1842 5353 πι-

273 5391 396 5442 στὸν
432 5391 574 5458 ἡμᾶς
612 5390 644 5457 ἡ
681 5387 767 5440 διὰ
801 5387 895 5438 τοῦ
936 5389 1171 5456 σταυροῦ
1211 5390 1429 5455 εὐλογία
1471 5409 1588 5444 σου.
1631 5411 1649 5442 ι
1686 5393 1839 5444 Μετὰ

268 5482 396 5542 τοὺς
426 5481 671 5547 ψαλμοὺς
700 5480 754 5531 δὲ
780 5478 875 5531 τοῦ
910 5479 1097 5548 ἱερέως
1133 5482 1375 5546 συνήθως
1407 5472 1840 5552 εὐχαριστήσαν-

268 5590 392 5636 τ’)ς,
429 5574 520 5623 καὶ
548 5572 645 5640 τὴν
678 5572 922 5640 μεγάλην
955 5572 1239 5639 εἰρηκότος
1275 5576 1586 5643 συναπτην,
1621 5576 1738 5642 ἦτοι
1772 5577 1839 5629 τὰ

268 5667 546 5732 εἰρηνικὰ,
581 5665 675 5715 καὶ
705 5663 961 5730 ὲκφώνως
995 5663 1090 5732 τὴν
1124 5665 1327 5732 Τριαδα
1363 5666 1835 5734 δοξοὶογήσαντος,

267 5757 360 5813 τὸ,
397 5771 414 5802 ι
457 5755 661 5823 Κύριε,
690 5757 985 5824 ἑνέκραξα,
1026 5774 1042 5805 ι
1075 5755 1258 5826 ᾅδεται
1293 5760 1389 5807 συν
1422 5759 1530 5818 τοῖς
1563 5759 1660 5808 σὺν
1690 5758 1837 5826 αὐτῴ

265 5843 524 5914 ψαλμοῖς,
551 5849 624 5910 ὡς
655 5847 783 5916 πρὸς
815 5849 1053 5918 ἑσπέραν
1081 5849 1496 5920 συντεθειμένοι,
1529 5849 1618 5902 καὶ
1643 5849 1717 5914 ὡς
1745 5851 1834 5903 Ου-

1953 4573 2058 4616 tem
2091 4573 2146 4616 et
2176 4563 2576 4631 possessionem
2623 4579 2781 4616 suam
2826 4567 3092 4619 terminos
3137 4574 3318 4630 terra},
3353 4579 3518 4636 atque

1955 4665 2038 4708 est
2073 4661 2257 4722 pastor
2300 4653 2478 4708 fortis.
2512 4652 2572 4707 Et
2612 4654 2957 4722 multiplicati
2991 4657 3208 4723 quidem
3260 4669 3386 4711 sunt
3419 4661 3514 4728 qui

1951 4746 2211 4798 tribulant
2242 4761 2364 4798 eum
2397 4745 2666 4799 conviciis
2694 4745 2990 4802 alIicientes
3021 4756 3075 4802 et
3101 4760 3518 4817 persequentes.

1950 4838 2043 4906 qui
2071 4852 2196 4890 eum
2225 4837 2390 4890 etiam
2419 4835 2790 4905 cruciﬁgendo
2819 4836 3248 4904 interfecerunt;
3280 4839 3392 4907 ipse
3419 4857 3516 4892 au-

1949 4940 2056 4981 tem
2097 4943 2219 4981 cum
2273 4927 2430 4980 Patre
2473 4937 2590 4980 erat
2636 4941 2800 4980 carne
2834 4926 3074 4994 patiens,
3133 4938 3188 4981 at
3236 4930 3518 4983 divinitate

1948 5037 2052 5074 non
2083 5021 2310 5088 patiens,
2339 5017 2720 5086 pr’0tectorque
2751 5028 2934 5073 noster
2963 5029 3016 5073 ct
3041 5020 3209 5088 gloria
3239 5024 3513 5089 apparuit;

1928 5116 2000 5162 “et
2025 5107 2071 5161 si
2105 5107 2364 5161 dormivit
2402 5114 2673 5170 mortuus,
2708 5108 2863 5176 quasi
2910 5116 2961 5161 et
3007 5124 3198 5162 somno
3247 5114 3515 5166 excitatus

1946 5199 2206 5262 cst;ideo
2230 5199 2443 5267 inquit:
2479 5198 2754 5269 «Exsurge
2773 5208 2826 5252 et
2847 5200 3053 5254 salvum
3092 5217 3178 5256 me
3206 5200 3313 5267 fac,
3353 5202 3513 5268 Deus,

1945 5293 2267 5361 quoniamtu
2298 5308 2487 5346 omnes
2524 5293 2771 5347 inimicos
2794 5295 3148 5361 percussisti;
3185 5314 3202 5345 ι
3232 5305 3284 5349 et
3315 5313 3326 5348 :
3360 5315 3377 5346 ι
3411 5297 3488 5350 Do

1946 5386 2076 5438 mini
2108 5385 2380 5448 estsalus,
2407 5394 2460 5438 et
2485 5399 2646 5453 super
2680 5386 2936 5452 pOpulum
2971 5395 3123 5439 tuum
3153 5389 3388 5455 lidelem,
3417 5404 3515 5441 nos

1946 5478 2177 5538 scilicet,
2226 5486 2315 5529 tua
2358 5492 2453 5544 per
2491 5492 2708 5530 crucem
2742 5476 3067 5532 benediCtio.
3111 5497 3129 5530 ι
3181 5478 3349 5534 Porro
3394 5494 3515 5550 post

1944 5569 2203 5636 psalmos,
2266 5570 2456 5637 gratiis
2509 5569 2654 5623 illico
2701 5585 2731 5622 ει
2784 5571 3070 5623 sacerdote
3105 5573 3364 5639 peractis.
3400 5590 3484 5624 ma

1943 5679 2154 5730 gnaque
2185 5662 2332 5714 dicta
2371 5661 2621 5715 oratione
2667 5662 3022 5730 subsequenti
3080 5679 3172 5716 seu
3229 5666 3468 5731 pacillt-is
3495 5705 3508 5726 ,

1946 5770 2154 5810 necnon
2186 5755 2253 5806 ab
2288 5755 2476 5808 eodem
2517 5754 2654 5808 facta
2692 5771 2821 5809 voce
2852 5757 2958 5808 alta
2990 5754 3271 5808 Trinitatis
3303 5757 3511 5825 gloriﬁ-

1943 5848 2179 5911 cationc,
2218 5845 2460 5914 psalmus
2496 5865 2506 5902 :
2556 5865 2573 5897 ι
2617 5844 2864 5916 Domine,
2890 5848 3144 5916 clamavi,
3181 5867 3196 5900 ι
3232 5857 3502 5916 cantat-ur,
