4208 6440
254 385 355 450 601

1389 383 1486 444 DE
1527 381 1771 444 SACRA
1812 377 2235 440 PRECATION
2254 377 2310 432 Ε.

3405 363 3511 426 6οΞ

247 506 504 575 ’συναπτὴ
547 505 801 573 λέγεταις
842 504 1128 566 ’Δπαντας
1161 502 1388 570 συνάγει
1421 503 1501 563 εἰς
1552 499 1632 563 ἓν,
1670 499 1839 553 καθά-

1956 500 2070 553 haec
2104 493 2317 548 oratio?
2349 491 2646 545 Universos
2702 483 2984 554 coniungit
3030 481 3084 536 in
3133 493 3320 543 unum,
3353 482 3517 546 prout

255 615 365 669 περ
390 600 421 651 ὁ
452 597 646 665 Σωτὴρ
675 595 896 665 ηὔξατο.
928 594 1086 648 Μετὰ.
1113 592 1224 671 τοῦ,
1259 592 1390 646 λαοῦ
1448 594 1548 660 μὲν
1597 587 1693 644 οῦν
1740 592 1831 643 καί

254 692 382 753 τοὺς
431 688 673 759 βασιλεῖς
710 686 916 755 συνῆψε
969 690 1066 739 καὶ
1119 687 1388 755 ἄρχοντας
1437 687 1529 737 καὶ
1581 684 1834 753 στρατόν.

266 780 412 834 ’Δλλθ
441 782 566 832 ἐπεὶ
598 780 741 848 ὑπὲρ
780 778 874 831 τοῦ
912 776 1095 831 κοινοῦ
1140 777 1534 844 ἀγωνιζόμενοί
1569 778 1710 828 εἰσιν
1744 775 1834 829 οῦ-

252 892 360 938 τοι,
388 875 482 926 καὶ
523 873 628 943 ιδίᾳ
660 872 870 924 τούτων
906 875 1206 940 μέμνηται,
1244 871 1484 922 εύσείῶν
1519 870 1679 936 μόνον
1709 887 1838 937 τυγ-

260 967 548 1034 χανόντων.
605 966 751 1033 Ιιλὴν
789 966 894 1034 ὅρα
947 964 1023 1026 ὼς
1057 964 1153 1017 καὶ
1191 964 1430 1016 ἐνταῦθα
1474 963 1568 1015 καὶ
1617 965 1675 1015 ὲν
1716 966 1836 1024 ταῖς

258 1058 549 1121 μυστικαῖς
588 1057 774 1124 εὐχαῖς
808 1055 907 1124 τῆς
938 1054 1272 1123 ἱερουργίας,
1302 1056 1394 1106 καὶ
1425 1055 1481 1105 ἐν
1508 1055 1620 1115 τοῖς
1644 1051 1837 1103 διπτύ-

255 1165 395 1217 χοις,
423 1151 521 1200 καὶ
549 1151 608 1199 ὲν
633 1151 699 1216 τῇ
732 1147 1020 1225 τελευταίᾳ
1064 1148 1221 1216 εὐχῇ,
1253 1147 1375 1217 ἥτις
1410 1146 1836 1214 ὀπισοάμὸωνος

254 1231 497 1307 λέγεται,
537 1238 920 1310 προτίθησινή
967 1240 1267 1308 Ἐκκλησία
1307 1250 1430 1301 τοὺς
1463 1242 1741 1310 ἀρχιερεῖς
1773 1257 1833 1293 τε

255 1337 353 1385 καὶ
393 1335 590 1398 ἱερεῖς,
645 1332 742 1384 καὶ
791 1331 972 1383 πάντα
1027 1332 1120 1384 τὸν
1154 1332 1374 1401 κλῆρον.
1417 1329 1547 1384 Εἶτα
1582 1334 1832 1400 ἐπιφέρει

254 1425 383 1486 τοὺς
410 1421 677 1490 βασιλεῖς,
720 1421 817 1474 καὶ
847 1421 1008 1474 τοῦτο
1049 1424 1284 1491 νόμιμον
1315 1424 1458 1474 θεῖον
1504 1422 1736 1476 ἄνωθεν.
1776 1421 1835 1473 ὐ

254 1515 363 1583 γὰρ
398 1515 651 1582 χορηγῶν
704 1514 774 1566 τὰ
826 1513 920 1566 τοῦ
968 1514 1246 1582 ἁγιασμοῦ
1299 1515 1694 1583 προτιμότερος
1727 1515 1836 1566 τῶν

256 1609 638 1676 ἀγιαζομένων
691 1608 840 1659 ἐστί·
880 1607 941 1658 τὸ
988 1607 1207 1659 ἔλαττον
1247 1608 1352 1675 γὰρ
1391 1607 1494 1658 ὑπὸ
1523 1605 1614 1656 τοῦ
1647 1607 1832 1674 κρείτ-

256 1715 411 1762 τονος
438 1700 764 1766 εὐλογεῖται.
810 1700 951 1752 Ἀλλ’
983 1701 1082 1751 οὑκ
1110 1696 1202 1751 οἷδ’
1230 1701 1377 1760 ὅπως
1414 1697 1470 1750 ἓν
1498 1715 1608 1751 τισι
1637 1700 1705 1749 τὰ
1739 1699 1836 1764 τῆς

258 1791 466 1855 τάξεως
505 1792 682 1858 πάντη
716 1791 1012 1860 ἠλλοιώθη,
1062 1793 1157 1842 καὶ
1192 1791 1300 1841 τῶν
1355 1789 1637 1858 κοσμικῶν
1676 1792 1724 1842 οἱ
1761 1791 1836 1841 ἱε-

263 1885 498 1952 ρωμένοι
529 1884 587 1935 ἐν
612 1884 858 1936 ἐλάττονι
886 1886 1152 1946 πολλάκις
1184 1884 1494 1937 δείκνυνται
1536 1884 1711 1946 τάξει,
1739 1884 1836 1952 οὐχ

260 1978 566 2046 ύῳειμένης
594 1977 802 2039 τάξεως
830 1978 1007 2040 ὄντες,
1045 1977 1182 2030 ἀλλά
1217 1978 1486 2028 καταδυνα
1502 1977 1836 2043 στευόμενοε,

258 2071 337 2130 ῶς
365 2070 462 2120 καὶ
482 2071 538 2121 ἐν
568 2068 746 2131 ἄλλοις
781 2070 1065 2122 κάνταῦϋα
1093 2073 1221 2138 περὶ
1247 2071 1314 2122 τά
1343 2071 1463 2122 Osiri
1487 2088 1654 2121 τινων
1685 2088 1838 2140 περι-

258 2165 516 2233 φρονήσει
541 2168 856 2235 χρωμένων.
891 2165 1125 2235 Εὕχεται
1148 2162 1286 2234 οὖνὴ
1324 2166 1639 2234 Ἐκκλησία,
1660 2166 1840 2227 καλῶς

258 2258 354 2308 τὸν
371 2257 465 2308 τοῦ
489 2258 700 2311 Παύλου
728 2260 889 2324 νόμον
910 2259 1175 2327 τηροῦσα,
1197 2260 1337 2328 ὑπὲρ
1367 2278 1424 2311 τε
1443 2259 1552 2310 τῶν
1572 2259 1722 2326 βασιλ
1738 2261 1840 2310 ἐυιν

259 2348 357 2400 καί
404 2348 513 2400 τῶν
548 2351 604 2400 ὲν
640 2349 905 2420 ὑπεροχῇ.
945 2354 1038 2403 καὶ
1099 2353 1339 2419 μάλιστα
1389 2351 1506 2413 νῦν,
1541 2353 1840 2403 τελούντων

257 2441 473 2493 τούτων
513 2445 721 2495 πιστῶν
751 2484 763 2504 ,
831 2448 921 2496 καὶ
965 2447 1107 2516 ὑπὲρ
1158 2445 1253 2495 τοῦ
1305 2445 1682 2513 συμπολεμεῖν
1743 2447 1837 2496 αῦ-

258 2536 373 2596 τοῖς
403 2536 493 2586 τὸν
519 2535 672 2598 Θεὸν,
707 2537 1033 2590 ὑποτάττειν
1064 2555 1122 2590 τε
1156 2558 1172 2588 ε
1193 2539 1334 2600 ὐτοῖς
1366 2540 1491 2600 τοὺς
1523 2538 1840 2606 πολεμίους,

261 2627 352 2677 ἵνα
378 2627 466 2678 καὶ
501 2628 662 2695 ἡμεῖς
694 2629 904 2698 ἤρεμον
932 2631 1027 2682 καὶ
1058 2631 1288 2700 ἡσύχιον
1321 2631 1436 2698 βίον
1485 2630 1732 2698 ἄγωμεν,
1772 2631 1842 2683 τὰ

260 2720 360 2786 τῆς
395 2720 671 2781 εὐσεϐείας
706 2724 762 2771 ὲν
810 2722 1102 2791 σεμνότητι
1139 2721 1556 2792 συντηροῦντες.
1604 2723 1756 2774 Ἐπεὶ
1786 2723 1842 2775 δὲ

263 2813 359 2861 καὶ
386 2813 650 2880 φρουρίου
688 2813 848 2881 χρεία
882 2815 1038 2884 ἡμῖν,
1085 2814 1162 2875 ὡς
1193 2816 1284 2866 καὶ
1311 2816 1420 2866 τῶν
1457 2816 1844 2883 φρουρούντων

261 2904 565 2971 ἀρχόντων,
604 2907 696 2956 κσὶ
733 2895 832 2975 τῆς
876 2909 1225 2976 φρςιυρούσης
1275 2908 1693 2977 ὑπερευχόμεθα
1746 2910 1845 2961 πό-

261 2994 419 3056 λεως,
443 2998 535 3048 καὶ
565 2995 655 3049 διὰ
679 2999 775 3066 τὴν
804 2999 1049 3068 ἀγάπην,
1071 3000 1166 3052 καὶ
1192 2985 1380 3065 λοιπῐξς
1411 3002 1590 3070 πάσης
1615 3000 1840 3062 πόλεως·

263 3088 347 3137 ἑτι
380 3086 435 3138 δὲ
472 3087 654 3156 χώρας
685 3089 928 3158 ἀπάσης,
960 3092 1039 3141 ὅτι
1063 3091 1162 3143 οὐκ
1193 3092 1248 3142 ὲν
1283 3092 1470 3142 πόλεσι
1504 3093 1684 3159 μόνον,
1711 3093 1846 3145 ἀλλὰ

1940 601 2193 660 precatus
2226 597 2310 640 est
2365 584 2635 637 Salvator.
2685 581 2853 651 Igitur
2905 590 3030 631 cum
3088 573 3244 644 plebe
3291 568 3514 660 quidem

1939 657 2092 751 reges
2136 677 2422 747 coniunxit
2471 672 2858 742 principesque
2908 678 2962 722 et
3017 663 3367 725 exercitum,
3419 657 3515 713 sed

1938 786 2062 825 cum
2098 774 2186 825 isti
2230 787 2328 839 pro
2366 765 2645 822 communi
2682 764 2826 818 bono
2857 761 3156 818 luctentur,
3183 751 3515 840 peculiarem

1939 865 2135 916 horum
2171 861 2500 914 mentionem
2545 854 2712 916 facit,
2748 866 2936 905 eorum
2963 859 3144 902 autem
3180 839 3518 909 tantum’qui

1945 958 2031 1024 pie
2062 955 2279 1007 vivunt.
2305 953 2573 1006 Cirterum
2609 947 2792 1016 aspice
2813 941 3087 1012 quomodo
3116 940 3202 992 hic
3228 947 3282 992 et
3312 936 3366 990 in
3401 949 3518 1003 my—

1940 1050 2095 1105 sticis
2115 1047 2290 1101 sancti
2316 1043 2569 1099 sacriﬁcii
2599 1038 2969 1097 orationibus,
2997 1036 3050 1087 iu
3079 1029 3353 1101 diptychis
3384 1039 3437 1081 et
3461 1027 3515 1079 iu

1939 1143 2130 1194 ultima
2166 1137 2550 1205 deprecatione
2585 1147 2706 1200 qua:
2735 1145 2804 1183 ex
2836 1125 3095 1183 cathedra
3121 1121 3347 1182 dicitur,
3375 1132 3515 1187 pra:-

1939 1234 2092 1303 pouit
2133 1226 2388 1283 Ecclesim
2434 1225 2718 1294 poutiliccs
2745 1232 2796 1275 et
2840 1220 3159 1276 sacerdotes
3187 1225 3518 1278 omnemque

1938 1315 2172 1385 clerum,
2209 1320 2405 1374 deinde
2437 1315 2688 1384 adiungit
2735 1328 2908 1382 reges.
2945 1310 3060 1364 Hoc
3111 1307 3256 1362 enim
3306 1305 3515 1372 justum

1938 1428 2020 1470 est
2050 1425 2103 1468 et
2134 1415 2395 1468 divinitus
2423 1412 2735 1465 institutum
2764 1424 2779 1473 ;
2817 1421 2938 1459 nam
2968 1405 3060 1472 qui
3095 1400 3284 1454 tribuit
3310 1411 3373 1449 ea
3400 1409 3520 1462 quae

1940 1509 2284 1563 Sanctitacm
2309 1505 2600 1561 conferunt
2620 1496 2977 1554 sanctilicatis
2999 1503 3083 1549 est
3111 1489 3517 1550 honorabilior;

1940 1599 2085 1666 quod
2129 1597 2272 1652 enini
2308 1597 2487 1647 minus
2535 1604 2621 1646 est
2668 1607 2696 1643 a
2747 1589 2957 1656 majore
3002 1581 3367 1640 benedicitur.
3411 1574 3518 1628 Sed

1944 1693 2128 1744 nescio
2159 1703 2326 1758 quare
2361 1687 2691 1756 quibusdam
2722 1683 2774 1734 in
2804 1681 2940 1735 locis
2980 1678 3070 1733 hic
3094 1673 3231 1730 ordo
3278 1678 3521 1726 mutatus

1945 1782 2169 1838 omnino
2210 1782 2396 1845 fuerit,
2429 1789 2480 1832 et
2515 1789 2888 1844 satpeuumero
2937 1768 3255 1826 sacerdotes
3304 1764 3358 1817 iu
3413 1761 3518 1813 mi-

1875 1849 1911 1901 n
1945 1875 2061 1927 nori
2093 1872 2287 1926 ordine
2324 1885 2487 1939 quam
2536 1868 2658 1921 laici
2697 1867 2950 1918 videntur
2975 1901 2990 1925 ,
3025 1859 3246 1913 minime
3276 1855 3404 1923 quia
3438 1853 3517 1905 in-

1945 1968 2158 2020 ferioris
2193 1966 2304 2017 sint
2351 1961 2581 2024 ordinis,
2625 1959 2716 2013 sed
2763 1958 2893 2026 quia
2942 1954 3346 2022 deprimuntur,
3382 1962 3523 2000 nonv

1943 2060 2107 2112 nullis
2138 2060 2282 2113 sicut
2307 2057 2358 2109 in
2383 2055 2505 2108 aliis
2535 2052 2774 2116 casibus,
2815 2053 2888 2103 ita
2912 2060 2966 2104 et
2988 2049 3040 2101 in
3078 2042 3521 2113 istisquemdam

1942 2155 2086 2205 circa
2127 2151 2307 2204 divina
2329 2158 2699 2215 contemptum
2725 2142 3158 2198 ostentantibus.
3194 2138 3324 2194 Orat
3358 2137 3522 2206 igitur

1944 2245 2213 2307 Ecclesia,
2248 2252 2392 2295 recte
2431 2251 2644 2294 servata
2677 2238 2829 2290 Pauli
2877 2237 3018 2305 lege,
3070 2250 3167 2302 pro
3217 2232 3436 2299 regibus
3469 2239 3523 2281 et

1944 2339 2198 2390 omnibus
2227 2335 2319 2403 qui
2353 2336 2407 2386 in
2431 2333 2764 2386 sublimitate
2789 2317 2942 2390 sunt,
2972 2337 3026 2381 et
3047 2340 3194 2377 nunc
3219 2321 3521 2392 praesertim

1945 2448 2068 2481 (‘tliil
2109 2429 2194 2482 isti
2242 2428 2431 2480 iideles
2487 2427 2619 2487 sint,
2680 2435 2737 2478 ut
2767 2422 2914 2475 Deus
2945 2434 3067 2474 cum
3099 2418 3179 2471 cis
3211 2424 3436 2485 pugnet,
3471 2421 3526 2466 et

1948 2525 2025 2577 iri
2057 2550 2063 2572 :-
2093 2526 2210 2578 icos
2241 2523 2318 2577 eis
2350 2522 2629 2591 subjiciat,
2681 2529 2738 2573 ut
2775 2533 2875 2571 nos
2922 2529 3143 2584 quoque
3187 2512 3425 2580 quietam
3472 2498 3526 2561 ct

1947 2616 2295 2682 tranquillam
2333 2614 2496 2665 vitam
2545 2627 2640 2677 aga
2671 2625 2792 2673 nus,
2829 2610 3084 2676 pietatem
3118 2615 3170 2658 et
3202 2606 3514 2658 castitatem

1947 2718 2249 2762 servantes.
2269 2710 2495 2774 Insuper
2522 2721 2646 2755 rum
2679 2703 2924 2758 custodia
2965 2700 3330 2766 indigeamus,
3357 2703 3522 2750 etiam

1948 2817 2045 2868 pro
2076 2800 2507 2854 t'ustudietitibus
2558 2796 2900 2866 principibus
2931 2804 2985 2850 et
3018 2810 3117 2863 pro
3165 2793 3523 2847 custodienti-

1949 2894 2050 2946 bus
2079 2893 2292 2946 civibus
2321 2892 2676 2945 obsecramus
2705 2928 2718 2952 ,
2752 2889 2818 2941 ad
2855 2889 2956 2942 hoc
2981 2888 3127 2942 enim
3160 2887 3407 2941 Charitas
3439 2887 3523 2938 in-

1949 2988 2107 3051 vitat,
2144 3001 2356 3040 necnou
2394 3000 2490 3053 pro
2544 2984 2747 3050 reliqua
2779 2983 3034 3045 civitate,
3068 2984 3178 3034 imo
3211 2991 3264 3034 et
3297 2993 3398 3050 pro
3438 2995 3526 3033 re-

1949 3080 2115 3148 gione
2146 3080 2428 3138 universa,
2463 3077 2721 3143 quoniam
2767 3090 2875 3129 non
2918 3075 2972 3129 in
3020 3074 3247 3129 urbibus
3290 3083 3526 3138 tantum,

265 3179 362 3228 καὶ
397 3181 451 3228 ὲν
500 3179 715 3248 κώμαις
762 3180 1046 3250 οἰκοῦμεν.
1099 3183 1252 3234 Ἐπεὶ
1300 3183 1356 3234 δὲ
1389 3183 1591 3244 σκοπὸς
1620 3186 1715 3234 τοῦ
1747 3185 1843 3246 τὰς

1951 3173 2045 3227 sed
2077 3172 2130 3225 in
2165 3171 2299 3224 vicis
2326 3185 2544 3239 quoque
2577 3169 2887 3224 habitamus
2923 3186 2936 3233 ;
2974 3183 3164 3223 verum
3197 3184 3319 3221 cum
3356 3169 3524 3222 urbes

267 3268 450 3331 πόλεις
488 3271 668 3338 μένειν
694 3271 780 3323 διὰ
813 3273 940 3333 τοὺς
982 3273 1349 3335 ἐνοικοῦντας,
1384 3275 1478 3324 καὶ
1524 3273 1630 3326 τῶν
1661 3274 1843 3326 πίστει

268 3364 437 3428 φησὶν
467 3363 762 3416 οΞκούντων
810 3366 868 3414 ἐν
917 3366 1129 3429 αὑταῖς,
1176 3368 1257 3418 ὅτι
1309 3367 1409 3418 οὐκ
1461 3368 1578 3430 ἐξὸν
1627 3367 1844 3418 ἀσεῦῶν

267 3453 692 3524 ὑπερεύχεσθαι.
740 3456 892 3506 Ἐπεὶ
921 3456 975 3508 δέ
1013 3473 1075 3524 γε
1114 3458 1275 3510 πάλιν
1318 3457 1426 3510 τῶν
1463 3459 1842 3512 συνιστὼντων

265 3548 338 3600 τὰ
367 3548 595 3617 σώματα
632 3549 930 3619 χρῄζομεν,
964 3550 1137 3604 ταῦτα
1190 3551 1247 3604 δὲ
1297 3552 1371 3611 ὡς
1431 3555 1523 3605 καὶ
1574 3555 1734 3620 ἡμεῖς
1781 3558 1843 3606 ὲκ

267 3639 424 3698 θεοῦ,
457 3639 602 3707 ὑπὲρ
629 3640 920 3706 εὐκρασίας
952 3641 1151 3705 ἀέρων,
1197 3642 1351 3705 φησι,
1387 3640 1475 3689 διὰ
1506 3639 1567 3689 τὸ
1607 3640 1844 3706 ύγιεινὶν

267 3732 375 3783 τῶν
408 3735 699 3800 σωμάτων,
734 3733 992 3800 εύιρορίας
1023 3733 1130 3784 τῶν
1165 3733 1392 3800 καρπῶν
1432 3736 1530 3798 τῇς
1586 3737 1712 3801 γῇς,
1759 3736 1844 3786 ὀιὲι

268 3825 329 3874 τὸ
358 3825 456 3892 τῆς
486 3825 692 3893 τροφῆς
737 3826 1018 3894 χρειῶδες.
1055 3829 1148 3880 καὶ
1183 3826 1388 3894 καιρῶν
1416 3828 1732 3894 εἰρηνικῶν,
1759 3827 1845 3878 διὰ

268 3918 332 3968 τὸ
381 3918 742 3978 σοστατικοὺς
778 3917 1004 3978 τούτους
1055 3918 1152 3985 τῆς
1201 3918 1346 3985 ζωῆς
1401 3913 1562 3980 εἶναι,
1604 3918 1696 3968 καὶ
1745 3918 1841 3984 τῆς

267 4012 460 4079 χρείας
518 4012 673 4080 ἡμῶν
723 4011 815 4062 καὶ
868 4009 1182 4071 πολιτείαςο
1236 4009 1552 4072 στενώσεως
1590 4013 1701 4078 γὰρ
1749 4013 1844 4062 καὶ

271 4103 477 4171 φθορᾶς
509 4104 560 4152 αἱ
592 4103 831 4170 ταραχαὶ
864 4103 1136 4168 medim)».
1175 4100 1298 4150 ’Ότι
1335 4100 1389 4151 δὲ
1426 4102 1586 4153 πάλιν
1620 4103 1845 4154 πλεῖστα

271 4200 343 4250 τὰ
392 4199 755 4266 συμϐαίνοντα
801 4201 856 4249 εν
893 4201 998 4260 τοῖς
1042 4200 1199 4262 ζῶα,
1252 4199 1347 4250 καὶ
1380 4201 1638 4265 διάφορος
1674 4202 1771 4266 μὲν
1812 4201 1844 4268 ἠ

275 4296 430 4365 βιοτὴ
463 4295 555 4346 καὶ
607 4295 667 4345 τὸ
714 4294 1068 4362 ὲπιλβευμα,
1113 4293 1209 4345 καὶ
1254 4295 1321 4345 τὰ
1364 4293 1737 4362 συμϐαίνοντα
1788 4295 1846 4347 δὲ

257 4389 527 4456 διάφορα,
572 4387 714 4456 ὑπὲρ
761 4388 1015 4438 ἁπάντων
1041 4387 1178 4454 ὁμοῦ
1219 4387 1413 4446 κοινῶς
1440 4387 1708 4456 εὐχομένη
1740 4406 1844 4456 φη-

271 4485 380 4544 σὶν,
434 4482 576 4548 ὑπὲρ
612 4482 904 4543 πλεόντων,
959 4481 1045 4531 διὰ
1080 4481 1206 4541 τοὺς
1239 4481 1296 4531 ὲν
1347 4479 1612 4549 Θαλάσσῃ,
1640 4481 1847 4533 ὁδοιπο-

275 4574 534 4643 ρούντων,
565 4573 656 4626 διὰ
681 4575 806 4636 τοὺς
839 4572 1258 4641 ἀποδημοῦντας
1287 4571 1375 4623 διὰ
1407 4572 1602 4640 ξηρᾶς,
1634 4573 1848 4625 νοσοῦν·
1878 4549 1926 4608 D

270 4684 404 4730 των,
433 4665 554 4717 οἷσιν
587 4683 667 4726 τις
701 4667 849 4716 νοσεῖ
897 4665 1076 4727 νόσον,
1110 4666 1431 4732 καμνόντων
1487 4665 1583 4716 καὶ
1620 4663 1730 4735 τῶν
1761 4680 1848 4716 κο-

273 4760 547 4829 πιώντων,
597 4758 692 4810 καὶ
739 4757 848 4809 τῶν
897 4757 1412 4827 περιστατουμένων
1462 4758 1847 4824 αἰχμαλώτων,

273 4852 387 4904 τῶν
420 4844 779 4909 ἐνόουὶξείαις
817 4849 1008 4910 ὅντων,
1047 4849 1142 4900 καὶ
1175 4849 1386 4907 πάντας
1439 4847 1846 4914 συναγαγοῦσαι,

273 4943 378 5009 τῆς
409 4941 680 5009 σωτηρίας
714 4940 894 4993 αὐτῶν
941 4937 1331 5007 ύπερεύχεται.
1380 4937 1543 5007 Ὁρᾷς
1586 4939 1684 5005 τὴν
1725 4938 1848 4988 Ἐκ-

278 5031 512 5101 κλησίαν
557 5032 650 5083 τὸν
704 5030 838 5081 Θεὸν
894 5029 1240 5098 μιμουμένην
1294 5028 1390 5079 καὶ
1441 5028 1852 5096 προνοουμένην

277 5127 573 5189 ditis-tow;
605 5123 913 5182 Μανθάνεις
939 5122 995 5173 δὲ
1027 5122 1120 5172 καὶ
1154 5121 1304 5177 ὅπως
1333 5121 1541 5180 πάντας
1566 5121 1850 5183 συνάπτει,

276 5220 377 5272 καὶ
411 5217 553 5284 ὑπὲρ
583 5219 837 5268 ἁπάντων
869 5213 1123 5282 εὖχεται;
1155 5214 1256 5266 Διά
1281 5213 1440 5265 τοῦτο
1471 5212 1578 5280 ἄρα
1610 5211 1854 5282 συναπτὴ

281 5311 424 5378 αὕτη
452 5312 484 5378 ἡ
515 5309 649 5379 εὐχὴ
675 5309 913 5372 λέγεται.

355 5402 491 5454 Εἶτα
523 5401 663 5470 μετά
692 5402 750 5453 τὸ
983 5399 1212 5451 καλέσαι
1241 5400 1448 5459 πάντας
1482 5400 1560 5461 εἰς
1588 5399 1683 5466 τὴν
1716 5399 1853 5467 ὑπὲρ

280 5497 504 5548 πάντων
575 5495 762 5563 εὐχὴν,
817 5496 910 5544 καὶ
952 5493 1210 5562 δεηθῆναί
1269 5493 1410 5559 ὑπὲρ
1467 5492 1713 5560 ἀλλήλων
1766 5509 1854 5543 κε-

282 5588 495 5651 λεῦσαι,
537 5590 677 5639 κατᾶ
709 5594 807 5656 την
859 5584 1224 5653 ἀποστολικὴν
1280 5584 1520 5651 ἐντολὴν,
1571 5585 1706 5651 πρὸς
1764 5584 1854 5636 τὸν

279 5681 582 5749 δυνάμενον
638 5677 821 5730 δοῦναι
870 5680 1048 5730 πάντα
1097 5678 1386 5745 στρέφεται
1439 5679 1532 5726 καὶ
1582 5675 1856 5728 ἀνατείνε-

279 5787 378 5824 ται
427 5769 658 5839 Κύριον·
719 5769 812 5821 καί
876 5786 1062 5836 φησιν,
1115 5786 1132 5819 ι
1181 5766 1528 5820 ’Λντιλαὸοῦ”
1572 5787 1591 5818 ι
1646 5768 1726 5819 ὃτι
1791 5768 1854 5820 σὺ

283 5866 448 5937 μόνος
511 5863 792 5936 ἀντίληψις
850 5864 959 5918 τῶν
1015 5861 1253 5916 ἀσθενῶν
1315 5865 1406 5917 καὶ
1469 5861 1854 5932 ἀπολλυμένων

1951 3281 2058 3319 non
2093 3272 2348 3316 maneant
2381 3263 2482 3315 nisi
2519 3272 2739 3330 propter
2765 3262 3002 3321 incolas,
3034 3275 3326 3329 precamur
3359 3261 3523 3313 etiam

1954 3376 1972 3409 ι
2011 3372 2108 3424 pro
2155 3355 2430 3413 ﬁdelibus.
2468 3354 2664 3421 inquit,
2703 3353 3079 3406 habitantibus
3110 3352 3164 3404 iu
3195 3352 3299 3414 eis,
3337 3368 3356 3400 ι
3397 3355 3525 3418 quia

1948 3465 2056 3502 non
2089 3449 2211 3502 licet
2242 3462 2337 3514 pro
2362 3447 2670 3499 inﬁdelibus
2715 3446 3028 3513 deprecari.
3059 3443 3126 3497 Et
3167 3460 3359 3499 rursus
3391 3460 3526 3513 quo-

1952 3540 2095 3592 niam
2121 3539 2207 3592 his
2230 3540 2534 3609 indigemus
2556 3541 2754 3608 quibus
2783 3547 3128 3593 sustentatur
3153 3553 3375 3607 corpus,
3411 3541 3526 3592 hac

1949 3645 2133 3689 autem
2166 3636 2310 3688 sicut
2343 3645 2395 3686 et
2433 3648 2530 3686 nos
2566 3635 2676 3686 sint
2706 3648 2734 3685 a
2769 3633 2915 3699 Deo,
2945 3649 3169 3688 oramus
3205 3651 3224 3684 ι
3257 3649 3354 3702 pro
3388 3635 3524 3686 tem-

1953 3730 2099 3796 perie
2131 3728 2298 3790 aeris,
2335 3727 2536 3793 inquit,
2573 3741 2670 3791 pro
2698 3726 2931 3780 sanitate
2957 3741 3271 3793 corporum,
3305 3742 3402 3795 pro
3431 3742 3526 3782 co-

1949 3823 2036 3891 pia
2076 3822 2350 3874 fructuum
2382 3831 2572 3886 terrae;
2612 3841 2629 3869 ι
2668 3829 2889 3888 propter
2925 3820 3214 3874 utilitatem
3250 3822 3520 3888 ciborum,

1950 3927 2160 3966 necnon
2197 3931 2214 3962 ι
2252 3927 2348 3979 pro
2388 3913 2785 3979 tranquillitate
2831 3921 3136 3982 temporum
3164 3953 3179 3974 ,
3215 3933 3232 3965 ι
3267 3930 3388 3968 cum
3417 3917 3521 3971 ista

1951 4011 2112 4060 vitam
2157 4011 2467 4061 sustineant
2516 4023 2759 4075 ususijue
2811 4018 3030 4062 nostros
3060 4018 3112 4062 et
3146 4011 3521 4066 conversatio-

1952 4117 2107 4163 nem;
2147 4101 2428 4168 angustias
2471 4099 2616 4152 enim
2651 4106 2992 4167 mortemque
3021 4109 3280 4167 generant
3312 4102 3520 4154 tumul-

1951 4201 2058 4245 tus.
2089 4190 2283 4244 Verum
2310 4191 2568 4258 quoniam
2595 4190 2762 4242 multa
2795 4198 3062 4258 suntquze
3087 4191 3399 4252 viventibus
3429 4207 3520 4246 ac-

1951 4284 2164 4345 cidunt,
2196 4293 2249 4336 et
2284 4284 2497 4335 diversa
2547 4281 2768 4351 quidem
2803 4281 2912 4334 vita
2946 4298 3232 4351 moresque
3274 4285 3519 4351 diversi,

1951 4380 2168 4433 divi-rsa
2200 4377 2365 4429 etiam
2392 4392 2454 4427 ea
2479 4389 2600 4443 quae
2631 4375 2908 4438 accidunt,
2947 4393 2964 4426 ι
3004 4391 3103 4441 pro
3147 4378 3418 4434 universis
3448 4381 3522 4433 si-

1942 4476 2063 4524 mul
2098 4474 2148 4522 iu
2176 4467 2454 4522 communi
2489 4467 2866 4534 deprecemur,
2912 4486 2931 4520 ι
2989 4468 3189 4538 inquit,
3237 4485 3335 4540 pro
3361 4474 3522 4527 navi-

1956 4564 2234 4632 gantibus,
2267 4576 2454 4614 eorum
2488 4561 2659 4629 gratia
2686 4559 2780 4628 qui
2817 4561 2872 4620 in
2915 4563 3050 4616 mari
3086 4571 3237 4627 sunt,
3271 4580 3368 4633 pm
3401 4566 3519 4620 νίει.

1957 4657 2186 4721 toribus,
2217 4670 2409 4710 eorum
2439 4655 2611 4724 gratia
2645 4655 2738 4721 qui
2782 4655 2836 4708 in
2885 4666 3030 4710 terra
3066 4659 3518 4726 peregrinantur,

1957 4765 2054 4817 pro
2082 4747 2498 4815 :cgrotantihus,
2550 4761 2880 4813 quocunque
2930 4747 3118 4801 morbo
3157 4758 3385 4816 aegrotet
3424 4749 3525 4801 ali-

1955 4843 2101 4909 quis,
2136 4856 2233 4909 pro
2266 4839 2644 4892 laborantibus
2677 4848 2729 4890 et
2756 4837 3017 4906 fatigatis,
3050 4852 3148 4905 pro
3197 4840 3426 4907 captivis
3469 4849 3524 4905 et

1955 4949 2051 5000 pro
2084 4929 2256 4985 scivis
2284 4947 2298 4997 ;
2330 4947 2450 5000 qua:
2470 4931 2646 4985 oratio
2664 4944 2856 4983 omnes
2886 4930 3170 4998 complexa
3203 4945 3302 4999 pro
3325 4945 3524 4993 eorum

1955 5026 2129 5076 Salute
2162 5024 2504 5089 deprecatur.
2553 5018 2796 5074 Videsne
2847 5019 3144 5074 Ecclesiam
3183 5019 3352 5074 Deum
3405 5023 3526 5075 imi-

1957 5125 2161 5168 tantem
2195 5123 2250 5167 et
2286 5114 2544 5167 omnibus
2595 5112 3009 5181 providentem?
3061 5112 3313 5168 Discisne
3356 5116 3520 5168 etiam

1956 5207 2232 5278 quomodo
2282 5222 2472 5260 omnes
2519 5205 2804 5273 coniungit
2844 5213 2896 5257 et
2925 5219 3020 5272 pro
3070 5205 3324 5260 omnibus
3358 5207 3523 5260 orat?

1957 5302 2081 5356 Ideo
2115 5303 2278 5372 igitur
2307 5301 2600 5369 caujuucta
2638 5311 2857 5352 iocatur
2887 5298 3001 5353 haec
3027 5303 3224 5355 oratio.

2029 5401 2097 5450 At
2134 5404 2418 5464 postquam
2453 5408 2643 5446 omnes
2675 5391 2951 5443 vocaverit
3002 5391 3068 5443 a‘d
3112 5395 3376 5446 orandum
3429 5409 3528 5461 pro

1956 5491 2231 5552 omnibus,
2268 5497 2318 5539 et
2345 5487 2568 5555 jusserit
2605 5499 2702 5551 pro
2734 5482 2962 5535 invicem
2996 5486 3301 5552 deprecari,
3335 5501 3530 5539 secun-

1959 5585 2086 5637 dum
2125 5581 2434 5632 mandatum
2462 5578 2727 5646 ApOsloli,
2753 5576 2819 5629 ad
2862 5593 2987 5630 eum
3037 5577 3129 5643 qui
3171 5577 3354 5628 omnia
3396 5579 3528 5632 dare

1962 5683 2138 5745 potest
2172 5673 2459 5725 Dominum
2501 5669 2838 5723 convertitur
2887 5678 2941 5723 et
3009 5669 3261 5734 intendit,
3293 5671 3482 5725 dicens
3511 5690 3528 5724 :

1966 5786 1983 5818 ι
2019 5767 2249 5833 Adjuva,
2276 5783 2293 5814 ι
2326 5763 2581 5834 (ιιιοιιὶοιιι
2613 5771 2666 5815 ιιι
2699 5764 2848 5816 solus
2874 5760 3026 5815 nobis
3056 5760 3273 5828 adiutor
3300 5762 3529 5816 esinlir—

1963 5862 2064 5918 niis
2088 5870 2136 5917 ct
2168 5859 2521 5930 pereuntibus
2544 5874 2556 5922 ;
2582 5859 2813 5924 «salvan
2851 5855 3107 5928 quoniam
3135 5862 3190 5910 tu
3210 5854 3361 5913 solus
3389 5855 3529 5922 peti-
