4208 6440
706 397 814 481 603

1534 398 1915 460 svnsoms
1938 395 2695 458 THESSALONICENSIS
2737 395 3097 460 ARCDIEP.

3858 364 3976 458 soi

705 516 1019 573 clitantium
1047 525 1101 574 et
1136 516 1546 587 deaperatorum
1572 506 1825 572 Salvato'r
1851 532 1866 583 ;
1896 535 1915 568 ι
1944 515 2228 577 miserere,
2256 531 2276 565 ι

2386 513 2567 584 ἡμῶν.
2610 532 2629 569 ι
2667 514 2872 579 Σῶσον,
2920 533 2940 567 ι
2984 515 3072 569 ὅτι
3118 516 3185 569 σὺ
3245 515 3408 584 μόνος
3457 516 3571 570 τῶν
3627 516 3984 573 κινδυνευόν-

704 612 966 674 quoniam
994 609 1130 663 nihil
1161 609 1334 665 habes
1375 624 1406 664 a
1443 608 1625 675 nobis,
1663 609 1769 663 nisi
1806 609 2062 663 misertus
2092 606 2287 668 fueris.

2392 624 2503 660 των
2531 593 2626 671 καὶ
2663 607 3101 681 ἀπηλπισμένων
3147 608 3377 681 Σωτήρ·
3419 628 3439 662 ι
3495 609 3794 679 Ἐλέησον.
3833 630 3853 663 ι
3899 613 3985 666 δτι

701 701 796 766 qui
834 700 1148 758 misericors
1168 716 1252 764 es,
1276 709 1361 756 «et
1382 700 1615 764 custodi.
1632 720 1652 754 ι
1681 701 1940 771 quoniam
1964 700 2122 754 multi
2156 704 2283 753 sunt

2394 699 2549 754 οὐδὲν
2588 698 2735 770 ἔχεις
2768 700 2864 768 ἀφ’
2912 700 3092 771 ἡμῶν,
3128 703 3178 754 εἰ
3230 703 3305 771 μὴ
3331 701 3607 772 --ἐλεήσεις
3637 705 3666 756 ὁ
3699 702 3977 773 ἐλεήμων.

704 794 979 847 irruentes
1001 802 1055 847 et
1082 794 1402 850 tribulantes
1432 794 1615 860 multi,
1672 796 1932 863 solusque
1978 807 2081 848 nos
2134 801 2290 862 potes

2402 807 2422 841 ι
2452 790 2561 842 Καὶ
2588 782 2917 857 διαφύλάξον
2936 805 2951 821 ο
2993 808 3013 841 ι
3039 790 3123 844 ὅτι
3154 790 3341 844 πολλοὶ
3371 794 3421 846 oi
3446 794 3881 862 ἐπεμϐαίνοντές
3916 810 3980 846 τε

705 883 1002 949 eustodire,
1034 884 1199 950 Deus,
1243 886 1299 940 in
1332 886 1505 957 gratia
1529 894 1642 951 tua,
1676 885 1898 940 minime
1925 900 1993 939 ex
2030 883 2283 953 operibus

2395 883 2493 936 xui
2530 881 2830 945 θλίϐοντες,
2885 882 2981 937 καὶ
3018 883 3178 953 μόνος
3211 883 3438 940 δύνασαι
3475 887 3772 955 φυλάττειν
3798 890 3981 958 ἡμᾶς,

705 976 913 1031 nostris
943 1015 959 1040 ,
991 991 1093 1032 nec
1121 992 1183 1032 ex
1209 978 1585 1049 deprecatione
1612 985 1834 1044 nostra;
1864 990 1985 1030 nam
2018 975 2286 1029 immundi

707 1068 922 1133 s‘umus,
959 1078 1259 1141 nostraque
1285 1079 1415 1125 sunt
1453 1054 1761 1133 immunda,
1798 1068 1893 1122 sed
1947 1068 2000 1121 in
2034 1074 2128 1120 tua
2160 1075 2286 1119 tan-

705 1170 819 1217 tum
853 1161 1071 1229 gratia;
1128 1163 1457 1233 praecipuum
1519 1168 1701 1214 autem
1746 1158 1950 1214 donum
2006 1155 2286 1243 Unigeniti

706 1257 1009 1314 incarnatio
1044 1271 1163 1324 qua:
1192 1264 1247 1309 et
1278 1252 1454 1323 gratia
1487 1252 1809 1323 appellatur.
1871 1249 1967 1304 His
1993 1250 2284 1303 Dominum

704 1345 1199 1403 misericordiarum
1226 1343 1482 1397 obsecrat
1520 1341 1778 1398 sacerdos
1810 1356 1825 1402 ;
1862 1348 1919 1393 at
1947 1340 1993 1393 si
2026 1340 2285 1393 diaconus

702 1453 763 1492 ea
791 1434 1122 1508 prouttntiat,
1153 1434 1344 1490 eadem
1386 1450 1480 1503 per
1502 1441 1768 1489 secretam
1800 1433 2102 1486 orationem
2136 1432 2286 1486 intus

700 1530 1023 1599 deprecatus
1056 1529 1315 1583 sacerdos
1378 1541 1480 1580 nos
1530 1526 1780 1579 hortatur
1820 1533 1878 1578 ut
1924 1538 2051 1592 erga
2116 1523 2282 1578 Deum

700 1617 1187 1673 commendationis
1207 1618 1312 1670 ritu
1348 1616 1663 1686 fungamur.
1701 1615 1858 1671 Disce
1881 1631 2013 1670 vero
2047 1616 2285 1672 salutare

699 1721 754 1767 et
783 1711 1058 1765 mirabile.
1096 1729 1114 1763 ι
1155 1709 1549 1770 Sanctissimis,
1576 1707 1675 1771 ait,
1723 1718 1777 1761 et
1832 1708 2217 1775 immaculata,
2258 1726 2278 1760 ι

699 1815 753 1858 et
786 1816 1003 1868 cetera,
1037 1802 1306 1872 pra-conia
1343 1801 1638 1856 admodum
1683 1800 1969 1855 laudabilis
2013 1800 2274 1870 Deiparm,

701 1904 863 1965 prout
893 1896 1068 1960 decet,
1104 1894 1386 1960 arljiciens.‘
1461 1892 1758 1961 Postquam
1812 1908 2005 1947 omnes
2057 1902 2278 1947 sanctos

702 1987 1210 2049 meruerat/erimus,
1274 1986 1529 2040 videlicet
1586 1997 1780 2039 (lucem
1846 1993 2161 2038 sanctorum
2227 1993 2281 2038 et

698 2089 977 2135 auctorem
1008 2077 1481 2139 sanctificationis,
1516 2090 1729 2129 necnon
1763 2090 2106 2129 c0mutunent
2144 2090 2279 2147 ome-

700 2169 984 2225 diatrieem
1011 2167 1367 2234 divinumque
1392 2167 1822 2220 instrumentum
1855 2181 1951 2234 per
1982 2166 2127 2235 quod
2172 2167 2281 2220 sal-

700 2259 810 2314 vati
845 2273 1037 2314 sumus
1058 2267 1219 2326 atque
1250 2259 1494 2310 omnium
1524 2272 1753 2327 peream
1780 2259 2277 2321 sanetiiicatorum,

701 2366 826 2405 cum
855 2366 916 2403 ex
956 2356 1140 2403 nostra
1169 2348 1281 2402 sint
1310 2358 1504 2401 natura
1533 2362 1597 2401 ac
1643 2347 1709 2401 de
1744 2348 1920 2401 salute
1951 2359 2140 2401 nostra
2172 2348 2283 2402 sol-

702 2444 835 2498 liciti
868 2442 1025 2495 nobis
1049 2435 1370 2494 sitccurrere
1402 2441 1612 2508 possint
1643 2441 1732 2508 qui
1791 2454 1891 2507 pro
1958 2440 2128 2509 gloria
2187 2439 2279 2495 Dei

701 2550 780 2587 cei
797 2540 1068 2596 laverunt,
1095 2532 1215 2593 hos,
1236 2531 1437 2599 inquit,
1462 2540 1745 2597 postquam
1770 2533 2278 2594 memoraverimus,

701 2629 822 2681 loco
862 2626 1052 2679 vocis:
1110 2623 1178 2677 ad
1235 2622 1603 2677 auxiliandum
1662 2623 2128 2686 atlvocaverimus,
2184 2640 2279 2678 seu

703 2717 967 2773 recordati
1008 2730 1199 2771 corum
1256 2725 1315 2768 ut
1373 2716 1510 2769 bene
1577 2715 1644 2768 de
1694 2714 1851 2769 nobis
1900 2716 2278 2779 recordentur,

702 2810 1088 2878 nosmetipsos,
1115 2809 1240 2877 quia
1277 2822 1375 2861 nos
1430 2805 1540 2859 Deo
1569 2807 1827 2860 debemus
1878 2815 2043 2870 totes,
2098 2808 2282 2875 ιιι-θκί-

706 2918 947 2974 tuosque,
976 2904 1104 2973 quia
1166 2915 1267 2955 nos
1308 2900 1539 2955 invicem
1596 2899 1821 2967 diligere
1871 2900 2009 2968 jussi
2066 2916 2279 2967 sumus,

702 3011 1031 3065 nantemque
1066 2995 1230 3049 vitam
1269 3003 1534 3057 nostram,
1572 3003 1764 3063 utp0te
1786 2992 1877 3049 cui
1929 2994 2069 3049 Deus
2102 2996 2285 3061 provi-

702 3094 815 3152 dt",
859 3098 911 3141 et
942 3090 1143 3155 pariter
1165 3096 1383 3141 nostras
1409 3089 1459 3141 in
1488 3099 1550 3140 ea
1575 3087 1954 3154 cegitationcs.
1997 3102 2280 3143 sermones

2391 975 2420 1027 ὁ
2450 971 2608 1035 Θεὸς,
2642 974 2706 1042 τῇ
2743 974 2807 1041 σῇ
2833 971 3016 1043 χάριτι
3036 988 3050 1004 ο
3082 972 3183 1026 οὐκ
3213 971 3278 1026 ἐκ
3302 973 3412 1027 τῶν
3447 975 3737 1044 ἡμετέρων
3770 978 3977 1045 ἔργων,

2392 1063 2506 1117 οὐδ’
2564 1064 2629 1116 ἐκ
2686 1052 2809 1132 τῆς
2850 1063 3010 1133 ἡμῶν
3063 1064 3300 1129 ἱκεσίας,
3348 1066 3652 1138 ἀκάθαρτοι
3700 1072 3835 1139 γὰρ,
3883 1072 3981 1123 καὶ

2390 1154 2681 1224 ἀκάθαρτα
2709 1154 2776 1206 τὰ
2799 1154 2980 1223 ἡμῶν,
3008 1154 3146 1207 ἀλλὰ
3177 1158 3245 1226 τῇ
3276 1158 3344 1226 σῇ
3377 1158 3515 1230 μόνῃ
3544 1158 3753 1229 χάριτι.
3793 1160 3980 1227 Ἑξαῖο

2396 1263 2553 1317 ρετος
2587 1246 2644 1298 δὲ
2691 1245 2871 1315 δωρεὰ
2925 1247 2957 1315 ἡ
3011 1247 3105 1299 τοῦ
3158 1248 3504 1315 Μονογενοῦς
3538 1250 3975 1320 ἐνανθρώπησις,

2390 1337 2514 1405 ἥτις
2564 1336 2658 1387 καὶ
2710 1336 2872 1407 χάρις
2910 1337 3177 1392 καλεῖται.
3251 1337 3341 1393 Ἐν
3388 1340 3600 1405 τούτοις
3644 1336 3759 1395 οἷον
3812 1344 3975 1396 ἵλεων

2392 1427 2624 1497 θέμενος
2654 1428 2681 1481 ὁ
2718 1430 2899 1498 ἱερεὺς
2919 1429 3011 1481 τὸν
3038 1429 3196 1494 Θεὸν,
3225 1433 3273 1485 ει
3306 1432 3362 1485 δὲ
3390 1432 3636 1496 διάκονός
3664 1437 3781 1488 ἐστι
3812 1436 3976 1488 τοῦτο

2389 1520 2586 1589 λέγων,
2617 1521 2707 1574 διὰ
2741 1523 2935 1574 τούτου
2966 1540 3027 1576 τε
3058 1524 3154 1585 καὶ
3183 1528 3283 1595 τῆς
3322 1530 3593 1598 μυστικῆς
3625 1529 3775 1581 ἔνδον
3803 1531 3977 1599 εὐχῆς

2387 1613 2415 1665 δ
2458 1613 2659 1682 ἱερεὺς,
2693 1613 2761 1666 τὰ
2796 1613 2897 1681 τῆς
2922 1616 3256 1687 παραθήκης
3284 1617 3423 1684 πρὸς
3457 1618 3591 1672 Θεὸν
3626 1622 3776 1688 ἡμᾶς
3810 1623 3979 1689 ποιῆ-

2390 1721 2481 1758 σαι
2544 1704 2941 1758 διακελεύεται.
3004 1708 3117 1761 Καὶ
3174 1708 3413 1776 μάνθανε
3474 1712 3819 1781 σωτηριῶδες
3878 1713 3982 1766 καὶ

2389 1797 2730 1867 θαυμαστόν.
2774 1816 2793 1849 ι
2830 1799 2941 1867 Τῆς
2973 1799 3257 1867 Παναγεας
3289 1801 3586 1871 άχράντου,
3628 1820 3647 1853 ι
3686 1804 3846 1873 φησὶ,
3880 1806 3981 1858 καὶ

2382 1888 2450 1940 τά
2507 1888 2656 1957 ἐξῆς,
2715 1889 2999 1960 ἐπιφέρων
3037 1890 3104 1943 τὰ
3158 1891 3266 1944 τῶν
3303 1893 3600 1961 ἐγκωμίων
3658 1895 3761 1963 τῆς
3794 1913 3979 1946 πάνυ·

2384 1980 2591 2053 μνήτου
2625 1982 2890 2034 Θεοτόκου
2924 1981 3000 2044 ὡς
3055 1983 3310 2052 ἐγχωρεῖ.
3352 2002 3371 2034 ι
3419 1985 3574 2038 Μετὰ
3610 1986 3830 2039 πάντων
3862 1986 3979 2038 τῶν

2381 2074 2557 2141 ἁγίων
2617 2074 3121 2144 μνημονεύσαντες.
3176 2087 3222 2126 ι·
3265 2076 3398 2128 Ἰδοὺ
3436 2078 3538 2146 τῆς
3577 2079 3825 2147 ἀρχηγοῦ
3862 2081 3980 2133 τῶν

2382 2166 2578 2235 ἁγίων.
2609 2168 2702 2218 καὶ
2729 2170 2827 2237 τῆς
2876 2167 3111 2239 χορηγοῦ
3146 2168 3241 2220 τοῦ
3269 2169 3568 2238 ἀγιασμοῦ,
3602 2175 3698 2223 καὶ
3729 2172 3828 2239 τῆς
3853 2189 3980 2225 xm-

2382 2260 2479 2326 νῆς
2513 2258 2809 2326 μεσὶτιδος,
2844 2258 2937 2310 καὶ
2974 2257 3066 2309 τοῦ
3117 2259 3264 2312 θείου
3294 2260 3532 2329 ὀργάνον
3567 2261 3633 2313 δι’
3676 2261 3738 2313 οῦ
3794 2265 3977 2315 σεσώο

2384 2349 2584 2418 σμεθα,
2622 2350 2761 2419 μετά
2794 2350 2902 2402 τῶν
2940 2351 3297 2420 ἡγιασμένων
3325 2352 3394 2405 δι’
3425 2352 3596 2421 αὐτῆς
3619 2356 3862 2420 πάντων,
3898 2356 3976 2421 ὡς

2383 2444 2447 2495 ἐκ
2484 2445 2585 2513 τῆς
2617 2442 2777 2513 ἡμῶν
2806 2444 2978 2498 ὄντων
3024 2444 3264 2512 φύσεως,
3322 2448 3418 2499 καὶ
3452 2448 3769 2519 κηδομένων
3806 2451 3975 2520 ἡμῶν

2383 2536 2479 2588 καὶ
2503 2534 2825 2609 δυναμένων
2850 2535 2922 2598 ὡς
2947 2537 3342 2605 ἠγωνισμένων
3386 2539 3526 2610 ὑπὲρ
3552 2540 3651 2608 τῆς
3682 2542 3838 2609 δόξης
3872 2543 3975 2596 τοῦ

2382 2626 2542 2695 Θεοῦ,
2589 2626 2747 2695 φησὶ,
2794 2629 3295 2696 μνημονεύσαντες,
3333 2631 3453 2683 ἀντὶ
3500 2632 3593 2685 τοῦ
3632 2634 3975 2689 ἐπικαλεσά-

2387 2735 2560 2788 μενοι,
2618 2717 2651 2787 ﬂ
2695 2717 2790 2771 xui
2837 2717 2913 2781 ὡς
2961 2720 3188 2786 άγαθῶς
3235 2725 3606 2792 μεμνημένων
3632 2726 3793 2792 ἡμῶν
3822 2746 3971 2795 μνη·

2386 2809 2629 2872 σθέντες,
2681 2809 2931 2874 ἑαυτοὺς,
2984 2811 3059 2874 ὡς
3100 2813 3415 2880 ὀφείλοντες
3446 2817 3594 2884 ἡμᾶς
3636 2820 3839 2882 αὐτοὺς
3890 2822 3973 2891 τῷ

2382 2897 2525 2966 Θ.ῷ,
2570 2901 2663 2952 καὶ
2702 2901 2991 2971 ἀλλήλους,
3038 2904 3113 2966 ὡς
3158 2908 3255 2958 καὶ
3298 2908 3521 2979 ἀγαπᾷν
3574 2910 3839 2981 ἀλλήλους
3872 2915 3975 2967 λα-

2384 2989 2569 3055 ϐόντες
2593 2991 2835 3063 ἐντολὴν,
2864 2995 2958 3046 καὶ
2986 2996 3169 3049 πᾶσαν
3195 2996 3296 3065 τὴν
3322 2997 3467 3068 ζωὴν
3500 3001 3675 3069 ἡμῶν,
3699 3004 3775 3065 ὠς
3801 3023 3977 3075 χορη-

2383 3083 2660 3153 γουμένην
2704 3085 2853 3155 παρὰ
2899 3086 3057 3152 Θεοῦ,
3101 3091 3194 3141 καὶ
3226 3083 3338 3141 οἷον
3366 3092 3435 3143 τὰ
3461 3094 3519 3144 ἐν
3549 3094 3719 3164 ταύτῃ
3747 3096 3977 3167 διανοή-

701 3193 750 3232 ci
786 3193 973 3245 opera,
1011 3178 1330 3243 animasque
1360 3191 1424 3229 ac
1448 3190 1677 3245 corpora
1707 3175 1927 3229 Christo
1964 3176 2071 3228 Deo
2125 3190 2273 3229 com-

2388 3188 2537 3240 ματα
2584 3172 2681 3224 καὶ
2728 3174 2953 3242 ῥήματα
2998 3174 3153 3242 ἡμῶν
3184 3178 3279 3229 καὶ
3324 3178 3420 3242 τὰς
3453 3182 3682 3249 πράξεις
3730 3188 3824 3236 καὶ
3864 3190 3975 3250 τὰς

705 3271 1041 3332 u-cndemus,
1066 3282 1164 3336 pro
1196 3268 1351 3320 nobis
1386 3267 1669 3319 immolato
1726 3282 1826 3320 nos
1858 3266 2003 3335 ipsos
2039 3267 2273 3320 hostiam

703 3361 751 3411 vi
771 3364 969 3410 tentem
1010 3355 1302 3411 oneramus
1332 3355 1382 3408 ei
1431 3355 1523 3424 qui
1554 3354 1713 3408 nobis
1742 3358 2096 3424 semetipsum
2129 3356 2279 3410 dedit

706 3458 978 3505 tiostotos
1011 3430 1388 3511 exhibeamus,
1454 3450 1864 3501 committamus
1922 3465 2022 3502 nos
2089 3451 2136 3502 ei
2181 3449 2272 3517 qui

703 3542 940 3592 animant
972 3553 1125 3590 suam
1152 3552 1248 3605 pro
1277 3536 1434 3590 nobis
1466 3537 1666 3604 posuit,
1694 3550 1748 3589 et
1777 3537 1830 3590 in
1860 3538 2038 3590 cibum
2070 3548 2275 3593 seruet-

706 3636 883 3698 ipsum
909 3628 1291 3697 donavitgqui
1324 3630 1480 3682 nobis
1518 3629 1769 3696 providet
1834 3645 2044 3700 nosque
2098 3632 2278 3702 diligit

704 3738 921 3793 ειιιιιροι·
945 3722 1217 3776 sollicitus
1238 3736 1563 3790 semperque
1586 3722 1804 3775 salvaus
1827 3730 1883 3777 et
1937 3724 2091 3778 solus
2153 3724 2276 3778 Sal-

704 3830 876 3878 valor,
906 3814 1162 3884 quoniam
1191 3814 1399 3881 absque
1434 3812 1524 3866 illo
1549 3829 1656 3866 non
1694 3828 1983 3881 possumus
2007 3830 2152 3880 esse,
2177 3830 2277 3872 nec

705 3910 905 3970 vivere,
940 3919 1039 3958 nec
1070 3904 1311 3971 cogitare
1344 3916 1440 3957 nec
1473 3901 1770 3971 quidquam
1834 3918 2063 3972 prorsus
2125 3908 2277 3975 cogi-

707 4012 842 4061 tare,
872 3998 919 4050 ei
945 4007 1123 4049 autent
1160 3996 1540 4049 commendata
1576 4009 1738 4049 nemo
1766 4003 1944 4063 potest
1968 3996 2179 4066 eripere
2208 3997 2276 4052 de

707 4087 956 4141 manibus
981 4086 1161 4142 Patris
1189 4086 1309 4155 ejus
1338 4101 1355 4151 ;
1389 4100 1580 4139 inanus
1613 4100 1744 4140 vero
1790 4096 1917 4140 sunt
1945 4086 2123 4155 ipsum
2150 4089 2277 4142 bra.

704 4181 885 4234 citium
921 4180 1037 4247 ejus
1060 4187 1113 4230 ct
1163 4185 1384 4231 sanctus
1442 4177 1719 4247 Spiritus;
1744 4190 1814 4230 en
1846 4177 2274 4254 intelligentibus

706 4271 925 4324 maximi
965 4269 1326 4339 omnibusque
1351 4277 1670 4337 praestantes
1730 4268 1961 4324 fructus.
2026 4267 2273 4339 Quapro—

705 4378 822 4435 pter
844 4366 897 4418 lu
924 4363 1044 4417 aliis
1078 4362 1270 4417 oﬂieiis
1291 4371 1531 4418 astantes
1581 4363 1925 4418 solummodo
1986 4365 2271 4421 clamant:

710 4477 729 4508 ι
762 4456 923 4528 Kyrie
956 4456 1181 4520 eleison,
1216 4473 1237 4507 ι
1274 4456 1509 4509 divinam
1564 4455 1915 4525 implorantes
1964 4457 2274 4534 misericor-

2383 3260 2561 3329 ψυχὰς
2579 3260 2670 3313 καὶ
2693 3262 2761 3315 τὰ
2791 3262 3042 3332 σώματα,
3066 3265 3299 3334 Χριστῷ·
3315 3266 3391 3334 τῷ
3412 3267 3530 3335 Θεῴ
3558 3270 3971 3340 παραθώμεθα,

2384 3352 2461 3418 τῷ
2488 3351 2706 3405 τυθέντι
2742 3352 2882 3423 ὑπὲρ
2912 3354 3072 3423 ἡμῶν
3098 3355 3325 3421 ἑαυτοὺς
3354 3357 3544 3411 θυσίαν
3574 3363 3758 3423 ζῶσαν
3795 3382 3975 3431 προσ-

2384 3442 2623 3511 άξωμεν.
2662 3444 2752 3513 Τῷ
2786 3444 2929 3497 δόντι
2976 3447 3109 3515 ἡμῖν
3153 3449 3368 3514 ἑαυτὸν,
3416 3452 3511 3504 καὶ
3556 3454 3755 3519 αὐτοὺς
3803 3459 3974 3525 ἡμεῖς

2382 3535 2582 3597 ὑλικῶς
2645 3537 3132 3606 προσκομὶσωμεν.
3215 3542 3327 3594 Καὶ
3392 3543 3759 3615 θαρρήσωμεν
3814 3551 3974 3619 ἡμᾶς

2384 3628 2533 3696 αὑτῴ
2565 3628 2643 3697 τῷ
2676 3628 2778 3700 τὴν
2807 3628 2988 3699 ψυχὴν
3036 3631 3177 3702 ὑπὲρ
3212 3633 3372 3703 ἡμῶν
3415 3636 3709 3704 τεθεικδτι,
3746 3642 3843 3693 καὶ
3882 3645 3970 3706 εἰς

2380 3721 2589 3788 τροφὴν
2642 3720 2833 3772 ἐαυτὸν
2881 3721 3158 3786 δεδωκότι,
3218 3725 3311 3777 καὶ
3366 3731 3754 3801 προνοουμένῳ
3800 3734 3973 3801 ἡμῶν

2383 3809 2480 3862 καὶ
2530 3809 2797 3878 φιλοῦντι,
2857 3814 2950 3869 καὶ
3001 3815 3090 3867 ἀεὶ
3144 3814 3426 3890 κηδομένῳ
3473 3821 3569 3874 καὶ
3606 3820 3833 3887 σώζοντι
3870 3828 3972 3881 καὶ

2386 3906 2532 3972 μόνῳ
2567 3901 2681 3955 ὄντι
2705 3904 2954 3973 Σωτῆριο
2990 3907 3071 3958 ὅτι
3096 3908 3191 3960 καὶ
3223 3909 3394 3979 χωρὶς
3425 3912 3593 3965 αὑτοῦ
3643 3918 3704 3969 οὒ
3733 3917 3972 3975 δυνατίιν

2382 3986 2525 4044 εῖναι
2566 3991 2600 4064 ἢ
2640 3990 2759 4063 ζῇν,
2790 3993 2823 4063 ἢ
2855 3997 3016 4059 νοεῖν,
3051 3998 3084 4067 ἢ
3119 3998 3257 4061 ὅλως
3296 4018 3350 4054 τι
3380 4002 3630 4073 ἐνεργεῖν
3651 4020 3666 4035 ’
3717 4009 3843 4063 οὐδὲ
3874 4012 3971 4067 seu

2384 4080 2762 4149 παρατεθέντα
2813 4084 2963 4155 αὐτῷ
3008 4087 3235 4143 δύναταί
3275 4108 3360 4155 τις
3411 4094 3683 4163 ἁρπάζειν
3735 4103 3801 4154 ἐκ
3856 4106 3967 4158 τῶν

2382 4173 2586 4263 χειρῶν
2626 4173 2720 4263 τοῦ
2752 4177 2969 4263 ,Πατρδς
3014 4180 3206 4238 αὑτοῦ.
3240 4183 3438 4254 Χεῖρες
3466 4186 3523 4239 δέ
3553 4188 3715 4251 αὐτὸς
3753 4195 3781 4245 ὁ
3828 4193 3967 4263 Bp:-

2382 4262 2537 4332 χὶων,
2586 4262 2679 4315 καὶ
2711 4262 2773 4316 τὸ
2807 4267 3032 4336 Πνεῦμα
3060 4270 3123 4322 τὸ
3151 4269 3328 4339 ἅγιον.
3389 4273 3523 4327 Ἰδοὺ
3562 4281 3676 4340 τοῖς
3714 4262 3966 4337 συνιοῦσι

2386 4355 2621 4425 μέγιστα
2668 4357 2736 4411 τά
2771 4358 2835 4410 ἐκ
2868 4359 3072 4431 ταύτης
3120 4362 3223 4431 τῆς
3253 4369 3584 4437 προσευχῆς,
3619 4374 3714 4425 καὶ
3772 4375 3844 4428 τὰ
3879 4395 3969 4430 τε-

2380 4446 2627 4501 λεώτατα
2686 4450 2923 4507 πάντων.
2979 4454 3069 4505 Διὸ
3123 4456 3217 4509 καὶ
3269 4459 3327 4509 ἐν
3384 4458 3486 4528 μὲν
3516 4465 3630 4525 τοῖς
3673 4465 3861 4530 ἄλλοις
3911 4473 3965 4522 οἱ

706 4550 848 4602 diam
879 4564 895 4614 ;
926 4548 1014 4602 hic
1061 4557 1239 4602 autem
1274 4562 1289 4600 :
1337 4564 1358 4598 ι
1391 4546 1533 4613 Tibi,
1562 4547 1811 4614 Domine,
1853 4566 1872 4600 ι
1911 4548 2193 4618 inquiunt,
2226 4548 2278 4604 id

2384 4540 2731 4610 παρεστῶτες
2779 4542 2862 4605 τὸ,
2924 4562 2941 4595 ι
2987 4543 3183 4613 Κύριε,
3231 4546 3476 4618 ἐλέησον,
3537 4570 3555 4604 ι
3608 4553 3773 4621 μόνον
3827 4558 3965 4625 κρά-

705 4650 788 4695 est
822 4658 837 4695 :
878 4638 998 4693 ’l'ibi
1029 4654 1129 4693 nos
1153 4637 1305 4708 ipsos
1350 4640 1818 4704 commendamus,
1842 4639 2059 4697 Christe
2109 4643 2275 4698 Deus.

708 4731 832 4786 llazc
864 4741 949 4785 est
1000 4729 1401 4785 commendatio
1452 4731 1687 4783 maxime
1731 4733 2045 4786 necessario
2096 4733 2278 4789 verbis

706 4822 1005 4896 proﬁtenda
1032 4838 1049 4889 ;
1083 4836 1208 4875 nam
1231 4834 1435 4875 rectam
1467 4821 1519 4875 in
1546 4821 1822 4878 Christum
1854 4822 2013 4878 fidem
2031 4832 2276 4879 nostram

708 4925 1089 4982 acceptamque
1115 4910 1276 4966 eﬂicit
1304 4911 1633 4966 oblationem
1680 4911 1731 4967 ei
1780 4928 1846 4967 ex
1902 4912 2009 4969 fide
2053 4914 2273 4987 (aetatu,

708 5018 808 5057 nos
838 5001 946 5058 Deo
962 5002 1183 5067 aduuat,
1210 5016 1368 5071 opem
1399 5002 1517 5069 ejus
1566 5003 1942 5071 consequitur,
1995 5004 2276 5059 sanctissi-

710 5110 812 5149 mae
847 5091 1008 5147 Verbi
1030 5092 1295 5148 Geuitrici
1320 5092 1637 5163 sanctisque
1684 5095 1988 5162 conjunxit,
2016 5097 2276 5152 interces-

709 5184 919 5240 sionem
944 5198 1129 5239 eorum
1151 5182 1424 5238 efﬁcacem
1449 5182 1579 5239 facit
1607 5199 1704 5254 pro
1731 5185 1911 5241 nobis.
1937 5185 2089 5241 Hanc
2109 5188 2273 5243 etiam

711 5273 949 5327 maxime
979 5272 1287 5326 necessario
1342 5271 1605 5327 debemus
1660 5272 1920 5342 operibus
1976 5276 2274 5345 perﬁcere;

711 5368 970 5435 eperibus
994 5374 1177 5419 autem
1202 5365 1544 5432 perﬁciemus
1570 5363 1617 5418 si
1663 5376 1809 5420 recte
1860 5365 2171 5433 credamus,
2227 5368 2275 5421 si

711 5456 1023 5509 Christiane
1052 5455 1300 5507 vivamus
1328 5453 1383 5507 in
1440 5454 1697 5522 puritate,
1731 5455 1784 5508 in
1813 5457 2043 5511 veritate
2075 5467 2132 5511 et
2186 5457 2275 5525 ju-

711 5548 888 5614 stitia;
921 5546 966 5600 si
998 5545 1229 5601 orationi
1260 5557 1531 5612 vacemus,
1562 5545 1819 5614 quoniam
1851 5546 1961 5602 Deo
1978 5548 2158 5601 devoti
2188 5534 2278 5601 su,-

714 5656 855 5707 mus,
883 5638 1155 5709 mysteriis
1190 5636 1535 5700 sanctiﬁcati,
1570 5637 1915 5693 confessione
1967 5638 2115 5693 illius
2142 5654 2276 5693 con-

712 5729 929 5795 secrati,
952 5738 1146 5784 etcum
1170 5725 1388 5782 Christo
1443 5726 1627 5782 traditi
1681 5727 1853 5782 simus
1898 5737 2060 5799 atque
2098 5727 2167 5785 ab
2210 5744 2277 5783 eo

709 5821 901 5894 empti,
933 5820 1070 5879 nihil
1103 5819 1253 5876 aliud
1314 5819 1418 5877 nisi
1447 5834 1569 5891 qua:
1625 5829 1755 5876 sunt
1799 5818 2005 5877 Christi
2061 5823 2276 5886 operari

2381 4629 2558 4695 ζουσι⁹
2591 4631 2685 4684 τὸν
2730 4631 2876 4685 θεῖον
2911 4636 3334 4705 ἐπικαλούμενοι
3364 4639 3537 4706 ἔλεον,
3584 4644 3827 4699 ἐνταῦθα
3882 4648 3964 4713 δὲ,

2384 4738 2405 4771 ι
2442 4720 2555 4783 Σοὶ,
2590 4723 2816 4792 Κύριε,ι
2854 4726 3053 4792 φασίνο
3088 4728 3233 4798 ἦτοι,
3278 4731 3362 4782 ooi
3402 4733 3654 4800 ἑαυτοὺς,
3685 4736 3895 4804 Χριστὲ
3939 4743 3970 4791 ό

2376 4811 2531 4880 Θεὸς,
2568 4816 2968 4884 παρατίθεμεν.
3019 4818 3169 4889 Αὕτη
3217 4823 3251 4886 ὴ
3313 4824 3622 4893 παράθεσις
3660 4829 3967 4898 ἀναγκαιοο

2376 4903 2515 4972 τάτη
2548 4904 2647 4957 καὶ
2674 4905 2855 4973 λόγοις
2902 4908 3307 4977 ὁμολογεῖσθαι.
3345 4916 3457 4987 Τὴν
3499 4917 3606 4988 γὰρ
3652 4922 3790 4989 arpi;
3824 4923 3966 4991 Χρι-

2379 4996 2503 5047 στὸν
2532 4995 2699 5067 ὀρθὴν
2751 4999 2936 5052 πίστιν
2986 5003 3083 5055 καὶ
3121 5002 3222 5074 τὴν
3250 5007 3332 5071 εἰς
3377 5007 3544 5062 αὐτὸν
3588 5010 3869 5081 ἡμετέραν
3899 5015 3971 5070 ἐκ

2379 5086 2616 5151 πίστεως
2642 5093 2879 5144 ποιεῖται
2916 5094 3175 5149 ἀνάθεσιν
3197 5113 3211 5127 ·
3245 5099 3338 5151 καὶ
3372 5100 3485 5153 ἐνοῖ
3517 5102 3597 5172 τῷ
3627 5102 3749 5173 Θεῷ
3787 5086 3963 5175 ήμάς,

2379 5180 2475 5232 καὶ
2503 5179 2601 5250 τὴν
2640 5183 2806 5236 αὑτοῦ
2844 5186 3146 5241 ἐπισπᾶται
3180 5189 3457 5261 βοήθειαν,
3504 5195 3597 5246 καὶ
3629 5198 3697 5264 τῇ
3729 5197 3825 5248 τοῦ
3859 5199 3965 5249 Λό-

2378 5284 2478 5335 γου
2509 5270 2789 5343 ὑπεραγίᾳ
2821 5275 3006 5345 Μητρὶ
3035 5278 3134 5330 καὶ
3171 5280 3284 5342 τοῖς
3336 5281 3515 5349 ἁγίοις
3547 5283 3831 5348 συνάπτει,
3863 5289 3965 5339 sui.

2377 5360 2477 5426 τὴν
2504 5361 2807 5444 ,μεσιτείαν
2856 5366 3037 5417 αὐτῶν
3070 5368 3297 5438 ἐνεργὸν
3326 5374 3563 5425 ποιεῖται
3604 5374 3745 5443 ὑπὲρ
3777 5374 3971 5444 ἡμῶν,

2381 5450 2491 5503 Καὶ
2512 5451 2698 5521 ἐργοις
2728 5453 2785 5506 δέ
2813 5457 3155 5513 ἐκτελεῖσθαι
3182 5460 3324 5531 αῦτη
3350 5462 3483 5535 παρ’
3510 5467 3668 5535 ἡμῶν
3691 5467 3756 5518 τὸ
3786 5471 3966 5534 ἀνάγ·

2379 5543 2672 5596 καιότατον
2698 5548 2908 5616 χρῆμα.
2941 5549 3014 5600 Τὸ
3057 5551 3114 5603 δέ
3147 5552 3217 5606 δι’
3267 5553 3446 5623 Ιἔργων
3471 5558 3620 5609 ἐστὶν
3662 5558 3837 5628 ὀρθῶς
3870 5577 3967 5615 πι-

2383 5636 2619 5700 στεύειν,
2657 5640 2753 5691 καὶ
2783 5644 3172 5708 χριστιανικῶς
3218 5647 3277 5698 ἐν
3308 5646 3643 5718 καθαρότητι
3680 5650 3781 5721 ζῇν
3824 5654 3967 5725 άλη-

2382 5726 2502 5797 θείᾳ
2557 5744 2616 5779 τε
2669 5730 2765 5781 καὶ
2806 5731 3145 5807 δικαιοσύνῃ,
3190 5737 3284 5790 καὶ
3315 5738 3604 5807 σχολάζειν
3632 5744 3753 5805 ταῖς
3788 5760 3963 5815 προσ-

2383 5820 2610 5889 ευχαῖςο
2661 5820 2743 5874 ὅτι
2809 5822 3219 5897 ἀνατεθειμένοι
3278 5828 3398 5902 Θεῷ
3447 5831 3711 5905 τελοῦμεν
3768 5837 3959 5907 ἡμεῖς,
