4208 6440
220 409 330 472 605

1423 407 1518 469 DE
1562 370 1798 474 saeua
1829 409 2330 470 Pnacmous.

3358 362 3470 471 .606

217 526 318 579 καὶ
351 524 462 586 τοῖς
505 522 827 594 μυστηρίοις
886 520 1240 590 ἡγιασμένοι,
1294 504 1391 576 καὶ
1437 525 1502 592 τῇ
1528 523 1786 591 ὁμολογία

1911 524 2173 578 lcbemus.
2201 526 2273 578 Dc
2302 527 2401 579 hac
2416 523 2888 579 commendatione
2903 539 3092 580 omnes
3113 509 3474 579 meminerunt

218 615 372 685 αὗτῷ
386 615 780 684 άφιερωμὲνοι.
801 615 894 666 καὶ
909 613 984 676 ὼς
1000 611 1425 682 παραδεδομένοι
1439 613 1680 682 Χριστῷ,
1698 614 1787 664 καὶ

218 707 590 776 ἠγορασμένοι
617 706 706 758 ὑπ’
741 705 929 765 αὐτοῦ,
986 706 1153 774 μηδὲν
1183 705 1312 759 ἄλλο
1349 705 1379 771 ἦ
1415 707 1482 756 τὰ
1513 703 1610 755 τοῦ
1658 703 1789 770 Χρι-

219 798 348 851 στοῦ
392 797 699 864 ὀφείλοντες
734 796 1000 863 ἐνεργεῖν.
1039 796 1173 864 Περὶ
1219 795 1420 862 ταύτης
1467 793 1565 859 τῆς
1615 810 1791 861 παρα-

218 889 395 956 θήκης
441 889 643 949 πάντες
686 889 736 940 ot
790 887 934 955 ἅγιοι
994 886 1324 956 μέμνηνται,
1358 885 1453 937 καὶ
1492 884 1519 935 ὁ
1557 884 1745 952 Σωτήρ
1772 899 1786 913 ο

219 981 319 1031 καὶ
353 979 450 1050 τὴν
484 981 818 1050 παραθήκην
861 980 1079 1048 πρῶτος
1110 977 1409 1046 πεποίηκεν
1439 977 1602 1037 αὐτὸς
1634 977 1690 1027 ἐν
1713 975 1789 1043 τῷ

222 1073 442 1141 μέλλειν
495 1075 770 1141 πάσχειν,
824 1072 1212 1143 παραθέμενος
1263 1072 1408 1138 ἡμᾶς
1457 1069 1535 1138 τῷ
1593 1069 1787 1138 "arpi,

225 1180 245 1213 ι
279 1164 519 1229 Φύλαεον
553 1165 775 1229 αὐτοὺς,
810 1165 1000 1226 είπὼν,
1040 1166 1098 1216 ὲν
1148 1164 1228 1233 τῷ
1258 1161 1483 1232 ὀνόματί
1534 1178 1651 1226 σου,
1697 1162 1789 1214 καὶ

219 1255 450 1318 ἁγίασον
481 1257 677 1316 αὐτοὺς
711 1258 769 1308 ὲν
798 1258 862 1324 τῇ
899 1257 1128 1324 ἀληθεία
1167 1273 1285 1320 σου,
1329 1273 1347 1305 ι
1389 1257 1480 1306 καὶ
1525 1254 1591 1305 τὰ
1626 1253 1787 1321 ἑξῆς·

221 1346 453 1414 ἀλήθεια
484 1345 543 1398 δὲ
589 1347 769 1407 αὑτός.
807 1347 993 1423 Inita
1025 1346 1275 1408 τελέσας,
1308 1344 1694 1411 ἐπισφραγίζει
1723 1347 1788 1412 τῇ

225 1441 531 1506 ὲκῳωνήσει
561 1441 588 1490 ό
621 1439 800 1505 ίερεὺς
827 1440 925 1502 τὴν
947 1439 1259 1506 δοξολογίαν
1283 1439 1381 1503 τῆς
1416 1436 1675 1506 Τριάδος,
1708 1435 1788 1500 τὸ,

229 1547 248 1581 ι
291 1531 415 1581 Ὀτι
446 1531 647 1597 πρέπει
683 1547 786 1595 σοι,
835 1530 1094 1600 εἰρηκὼς,
1133 1548 1150 1580 ι
1189 1533 1254 1599 τῇ
1299 1529 1551 1596 θεολογίςι
1583 1529 1678 1578 καὶ
1708 1527 1794 1579 δο-

226 1620 442 1689 ξολογίᾳ
477 1621 609 1689 ὁμοῦ
653 1622 887 1689 βεϐαιῶν
913 1622 980 1674 τὰ
1015 1621 1413 1690 προειρημένα,
1453 1621 1547 1671 καὶ
1579 1635 1789 1687 μαρτυ-

226 1711 338 1776 ρῶν
372 1712 445 1772 ὡς
497 1712 669 1764 ταῦτα
720 1713 871 1765 ἔσται
905 1715 1038 1779 ἡμῖν
1074 1711 1182 1763 ἀπὸ
1231 1710 1324 1762 τοῦ
1372 1710 1529 1761 Θεοῦ.
1581 1709 1703 1761 Τῶν
1737 1710 1794 1761 δὲ

226 1801 412 1870 ὓμνων
455 1806 513 1856 ὲν
542 1807 858 1874 τροπαρίοις
898 1806 930 1873 ἢ
967 1805 1254 1873 ίδιομέλοις
1302 1804 1417 1872 ἃμα
1642 1804 1794 1870 λεγο-

1902 615 2100 678 sancti,
2131 617 2350 685 ipseque
2391 616 2640 669 Salvator
2668 618 2758 685 qui
2787 616 3310 698 commendationem
3365 614 3475 684 pri-

1901 723 2022 758 mus
2060 708 2183 761 fecit
2218 707 2434 774 iamjam
2473 722 2734 775 passurus
2767 723 2780 774 ;
2817 723 2916 762 nos
2945 706 3088 762 enim
3124 707 3267 760 Patri
3325 719 3476 759 com-

1901 797 2173 849 mendavit
2204 798 2389 850 dicens
2420 814 2433 848 :
2468 815 2486 845 ι
2519 795 2683 849 Serva
2740 810 2835 850 eos
2869 797 2923 849 in
2992 797 3212 850 nomine
3255 802 3369 856 tuo,
3392 860 3400 868 _
3422 801 3476 844 ct

1902 888 2182 940 sant-tilica
2212 902 2306 940 eos
2364 887 2416 941 in
2450 887 2678 944 veritate
2706 895 2816 949 tua,
2854 905 2869 936 ι
2911 886 3027 954 ipse
3058 896 3238 940 autem
3288 893 3473 939 estve-

1901 978 2056 1029 ritas.
2086 976 2294 1041 Quibus
2320 977 2511 1046 jussis,
2537 973 2781 1031 clamans
2813 976 3066 1044 obsignat
3090 976 3345 1031 sacerdos
3374 976 3476 1029 do-

1899 1069 2167 1132 xnlugiam
2230 1069 2513 1123 Trinitatis
2549 1086 2563 1121 :
2606 1085 2624 1119 t
2666 1067 2742 1121 Te
2802 1068 2994 1130 decet,
3035 1085 3053 1119 ι
3089 1067 3314 1132 dicens,
3378 1065 3472 1117 Dei

1898 1160 2241 1214 confessione
2269 1168 2322 1214 et
2361 1161 2755 1229 gloriﬁcatioue
2786 1159 2947 1214 simul
2972 1159 3298 1214 conﬁrmans
3325 1157 3477 1226 prius

1897 1254 2062 1316 dicta,
2097 1259 2421 1321 testansque
2452 1253 2553 1305 ista
2577 1268 2606 1306 a
2636 1251 2746 1306 Deo
2788 1246 2946 1306 nobis
2981 1250 3119 1305 fore.
3155 1250 3322 1303 Porro
3395 1249 3480 1300 di-

1898 1344 2000 1396 ctis
2025 1343 2241 1412 hymnis
2266 1344 2318 1396 iu
2351 1343 2648 1396 versiculos
2679 1345 3040 1410 strepitasque
3065 1339 3337 1396 distinctis
3360 1352 3481 1407 quae

1901 1435 2178 1489 Dominica
2209 1435 2428 1501 quidem
2459 1437 2644 1489 decem
2670 1435 2911 1501 strOphis
2959 1441 3211 1488 constant
3260 1437 3480 1502 propter

1900 1529 2109 1581 muneri
2142 1523 2552 1597 perfectionem,
2611 1528 2747 1580 festo
2810 1537 2990 1580 autem
3056 1536 3369 1580 sanctorum
3426 1523 3479 1575 iu

1899 1627 2022 1672 octo
2042 1619 2290 1684 strophas
2312 1618 2664 1686 distinguitur
2683 1630 2902 1684 propter
2924 1627 3170 1670 octavam
3207 1624 3260 1669 et
3285 1613 3477 1667 indeli-

1899 1713 2130 1764 cicntem
2172 1710 2334 1770 diem,
2371 1711 2422 1761 in
2456 1725 2561 1776 qua
2594 1719 2752 1763 erunt
2784 1726 2998 1776 semper
3020 1709 3113 1777 qui
3184 1709 3272 1762 Dei
3329 1713 3477 1769 sunt,

1902 1810 1955 1854 ct
1984 1816 2128 1854 nunc
2158 1811 2448 1854 versantur
2473 1802 2668 1854 auiun‘e
2694 1816 2814 1854 cum
2839 1800 3074 1863 Christo,
3098 1799 3332 1868 singulis
3353 1810 3481 1851 vero

232 1895 413 1964 μένων
447 1899 557 1957 τοῖς
577 1869 820 1964 -στίχοις,
851 1869 929 1964 τῇ*
954 1899 1052 1964 μὲν
1072 1869 1354 1966 *κυριακῇ*
1376 1869 1684 1964 ἱσταμένων
1716 1869 1799 1960 είς

1903 1893 2093 1947 diebus
2128 1894 2180 1946 in
2214 1908 2306 1946 sex
2343 1893 2620 1958 strophas,
2646 1892 2904 1961 quoniam
2934 1894 3098 1945 modo
3155 1899 3283 1945 sunt
3307 1889 3480 1944 sancti

227 1986 359 2039 δέκα
384 1987 621 2055 στίχους,
647 1987 736 2038 διὰ
764 1987 823 2038 τὸ
849 1987 942 2038 τοῦ
969 1986 1204 2056 ἀριθμοῦ
1225 1987 1450 2050 τέλειον,
1477 1989 1535 2037 ὲν
1559 1988 1615 2040 δὲ
1640 1989 1799 2056 ἐορτῇ

230 2096 379 2140 τινος
408 2078 518 2130 τῶν
559 2079 731 2145 ἁγίων
773 2079 852 2140 είς
886 2079 1113 2148 στίχους
1147 2079 1312 2142 ὀκτὼ,
1350 2079 1438 2132 διά
1466 2079 1565 2149 τὴν
1610 2079 1803 2146 ὀγδόην

229 2173 324 2224 καὶ
355 2173 781 2224 ἀκατάπαυστον
810 2172 1047 2242 ἡμέραν,
1074 2165 1186 2245 ὲνῇ
1213 2172 1426 2224 ἔσονται
1459 2173 1508 2225 οί
1540 2171 1632 2224 τοῦ
1663 2169 1800 2223 Θεοῦ

226 2265 486 2324 πάντοτε,
526 2265 618 2317 καὶ
658 2264 754 2316 νῦν
789 2267 896 2317 είσι
937 2267 1052 2326 τοῖς
1092 2263 1366 2332 πνεύμασι
1400 2265 1498 2316 σὺν
1535 2263 1757 2333 Χριστῷ
1783 2279 1796 2294 ο

227 2358 312 2418 είς
343 2356 401 2420 ἒξ
422 2358 476 2408 δὲ
505 2357 626 2409 καθ’
650 2356 868 2423 ἡμέραν
899 2355 987 2406 διὰ
1010 2355 1070 2406 τὸ
1096 2355 1235 2425 ὑπὲρ
1260 2357 1360 2423 τὴν
1387 2356 1638 2424 αἴσθησιν
1661 2353 1800 2406 εἶναι

230 2448 558 2516 πενταδικὴν
576 2444 740 2500 οὖσαν
768 2448 894 2508 τοὺς
913 2448 1098 2511 ἁγίους
1127 2447 1239 2506 νῦν,
1259 2447 1352 2506 καὶ
1370 2447 1451 2507 δὶς
1476 2447 1572 2514 τὴν
1598 2447 1800 2514 Τριάδα

232 2543 519 2610 σημαίνειν
538 2543 607 2594 τά
623 2541 700 2604 ἓξ,
724 2541 1063 2607 ἑκατέρωθεν
1077 2538 1222 2592 οζτοι
1240 2541 1291 2593 οἱ
1313 2539 1342 2590 ὖ
1353 2557 1471 2607 μνοι
1488 2541 1796 2608 ψάλλονται,

228 2633 341 2684 εἴτε
374 2635 501 2700 περὶ
546 2634 642 2702 τῆς
689 2634 1040 2692 ἀναστάσεως
1075 2632 1246 2694 ὄντες,
1291 2634 1396 2684 εἴτε
1444 2633 1574 2699 περὶ
1611 2631 1802 2701 ἐτέρας

234 2725 821 2792 προκειμένηςὲορτῆς
849 2724 879 2792 ἦ
911 2723 1086 2790 ἁγίου.
1111 2723 1200 2791 Τῷ
1234 2722 1532 2792 τελευταίῳ
1555 2723 1610 2775 δὲ
1636 2725 1804 2791 στίχῳ

229 2817 281 2866 ot
337 2816 487 2886 χοροὶ
539 2816 917 2883 συνέρχονται,
965 2815 1069 2883 τὴν
1121 2814 1441 2883 συμφωνίαν
1491 2813 1801 2884 δηλοῦντες,

229 2911 327 2962 καὶ
352 2910 446 2978 τὴν
479 2909 566 2961 διά
589 2909 684 2960 τοῦ
719 2907 967 2977 Σωτῆρος
995 2908 1089 2961 τοῦ
1118 2908 1325 2977 κόσμου
1351 2907 1554 2970 παντὸς
1581 2908 1802 2960 ἕνωσιν.

231 3001 403 3051 Ὅθεν
433 2999 569 3066 ὁμοῦ
605 2999 743 3067 πρὸς
776 3000 838 3050 τὸ
869 2999 1257 3065 θυσιαστήριον
1285 2996 1564 3059 κλίναντες
1605 2996 1809 3050 ἐκϐοῶ-

233 3112 342 3155 σιν,
382 3112 400 3144 ι
440 3093 564 3145 Ὅτι
597 3091 943 3159 ὲκραταιώθη
975 3091 1038 3142 τὸ
1066 3089 1216 3152 ἔλεος
1248 3089 1411 3142 αὑτοῦ
1446 3089 1534 3158 ἐφ’
1563 3091 1710 3158 ἡμᾶς
1733 3106 1746 3120 '
1779 3109 1798 3141 ι

1903 2001 2063 2052 Supra
2083 1987 2322 2054 quinque
2352 2001 2568 2047 sensus,
2611 1984 2805 2052 hisque
2858 1981 3178 2036 Trinitatem
3213 1981 3484 2050 signiﬁcat

1902 2085 2086 2132 sextus
2117 2092 2423 2141 numerus;
2464 2078 2553 2146 qui
2594 2077 2781 2147 hymni
2835 2076 3092 2142 utrinque
3153 2073 3480 2142 psalluntur,

1902 2169 2014 2220 sive
2046 2169 2096 2221 in
2125 2170 2542 2232 resurrectione,
2569 2170 2682 2222 sive
2724 2172 2776 2220 in
2810 2168 2913 2220 alia
2974 2166 3339 2229 solemnitate,
3395 2163 3480 2217 vel

1907 2260 1956 2310 in
1989 2259 2126 2311 testo
2162 2259 2392 2324 alicujus
2424 2259 2618 2312 sancti.
2652 2259 2721 2312 At
2751 2259 2802 2310 iu
2855 2259 3036 2310 ultima
3073 2257 3293 2324 strepha
3323 2253 3477 2310 chori

1904 2352 2260 2411 conveniunt,
2332 2352 2711 2420 symphoniam
2776 2343 3126 2402 ostendentes
3192 2357 3476 2415 totumque

1908 2445 2169 2496 mundum
2205 2458 2299 2511 per
2336 2443 2667 2497 Salvatoretn
2725 2441 3041 2494 adunatum.
3105 2439 3255 2493 Unde
3313 2438 3476 2491 simul

1904 2537 2074 2588 altare
2105 2551 2292 2588 versus
2323 2534 2647 2588 inclinantes
2672 2534 2906 2586 clamant
2935 2549 2948 2587 :
2989 2551 3006 2583 ι
3039 2531 3304 2596 Quoniam
3337 2545 3469 2582 eon-

1906 2627 2115 2679 tirmata
2144 2635 2226 2680 est
2255 2641 2417 2694 super
2447 2641 2546 2678 nos
2591 2623 2959 2678 misericordia
2993 2623 3133 2688 ejus,
3168 2639 3185 2671 ι
3229 2620 3471 2690 gentium

1906 2719 1960 2771 in
1985 2717 2203 2772 Christo
2234 2718 2462 2772 salutem
2492 2716 2878 2784 significantes,
2913 2715 3169 2783 quoniam
3203 2715 3257 2766 iu
3314 2714 3477 2765 mise-

1907 2810 2137 2864 ricordia
2172 2824 2269 2864 sua
2295 2824 2392 2880 pro
2433 2809 2588 2862 nobis
2617 2823 2829 2877 passus,
2859 2807 3058 2861 virtute
3082 2806 3134 2858 in
3161 2819 3324 2859 cruce
3353 2817 3486 2857 con-

1910 2905 2147 2967 ﬁrmata,
2186 2903 2355 2956 victor
2398 2916 2499 2955 nos
2545 2900 2597 2954 in
2645 2900 2938 2967 semetipso
2992 2897 3353 2965 congregavit.
3407 2894 3475 2948 Et

1907 2996 2101 3052 iterum
2135 2994 2295 3048 simul
2341 2995 2499 3046 modo
2549 2993 2709 3045 etiam
2743 2997 2984 3053 cantant,
3021 3007 3038 3039 ι
3067 2987 3270 3048 Gloria,
3307 3005 3326 3039 ι
3355 2987 3474 3040 sine

1911 3087 2172 3154 temporis
2227 3080 2629 3135 intermissione
2685 3094 2779 3134 seu
2847 3078 3116 3132 divisione
3180 3077 3467 3129 iudivisaut

228 3182 333 3252 τὴν
367 3184 423 3232 ὲν
453 3181 676 3250 Χριστῷ
706 3180 813 3232 τῶν
851 3180 1020 3232 ἐθνῶν
1054 3179 1342 3248 δηλοῦντες
1371 3182 1684 3249 σωτηρίανο
1711 3182 1807 3233 καὶ

1911 3178 2196 3232 laudantes
2224 3174 2569 3233 Trinitatem.
2606 3188 2667 3226 ac
2719 3173 2942 3240 insuper
2991 3171 3275 3239 lleiparam
3317 3168 3487 3236 virgi-

225 3279 312 3328 ὅτι
339 3277 396 3327 ὲν
426 3274 564 3326 ὲλέει
586 3271 752 3327 αὐτοῦ
775 3273 914 3341 ὑπὲρ
941 3270 1097 3340 ἡμῶν
1123 3270 1334 3337 παθὼν,
1363 3272 1457 3325 καὶ
1479 3271 1556 3341 τῷ
1584 3271 1803 3342 σταυρῷ

229 3365 399 3418 αὐτοῦ
456 3365 659 3435 κράτος
715 3365 1055 3432 στησάμενος
1105 3365 1200 3415 καὶ
1239 3363 1492 3431 νικήσας,
1542 3363 1691 3430 ἡμᾶς
1732 3363 1794 3411 ὲν

228 3456 407 3523 ἑαυτῷ
447 3455 811 3524 συνηγάγετο.
845 3455 955 3506 Καὶ
979 3453 1116 3521 ὁμοῦ
1158 3455 1321 3505 πάλιν
1363 3453 1447 3514 τὸ,
1485 3471 1504 3504 ι
1539 3452 1674 3515 Δόξα
1711 3455 1807 3506 καὶ

1912 3284 2035 3322 nem
2062 3269 2113 3320 in
2150 3267 2253 3320 ﬁne
2289 3265 2677 3334 gloriﬁcantes,
2711 3263 2834 3317 inde
2871 3263 3176 3316 conﬁtendo
3229 3260 3486 3313 incarna-

1912 3361 2111 3412 tionem
2144 3358 2260 3423 cjus
2288 3357 2382 3424 qui
2412 3371 2474 3409 ex
2506 3371 2569 3408 ea
2631 3356 2943 3409 incarnatus
2988 3365 3072 3406 est
3119 3363 3476 3421 magnamque

1913 3467 1961 3503 et
1998 3460 2388 3520 praepotentem
2439 3449 2556 3514 ejus
2597 3448 3060 3502 intercessionem.

229 3548 348 3610 νῦν,
390 3565 408 3598 ι
449 3547 658 3617 ᾅδουσι,
707 3544 1119 3613 δοξολογοῦντες
1164 3543 1486 3612 ἀδιαιρέτως
1549 3544 1647 3611 τὴν
1692 3543 1892 3613 Τριάδα
1939 3545 2035 3607 τὴν
2092 3543 2430 3607 ἀδιαίρετον·
2466 3541 2542 3591 ἔτι
2574 3541 2628 3591 δὲ
2662 3543 2755 3592 καὶ
2791 3539 2886 3609 τὴν
2922 3537 3243 3605 Θεομήτορκ
3294 3524 3463 3601 κόρην

231 3647 292 3696 ὲν
317 3642 394 3711 τῷ
430 3642 596 3703 τέλει,
623 3640 710 3692 διὰ
745 3641 846 3710 τὴν
887 3637 1177 3709 ὁμολογίαν
1207 3639 1303 3705 τῆς
1356 3638 1680 3704 σαρκώσεως
1737 3637 1830 3689 τοῦ
1884 3639 1940 3701 ἐξ
1999 3639 2161 3703 αὐτῇς

232 3739 463 3811 δυνατὴν
494 3738 796 3807 μεσιτείαν.

799 3900 1022 3955 ΚΕΦΑΛ
1067 3899 1238 3952 TAF'.

244 4041 308 4096 TI
328 4041 610 4108 σημαίνει
637 4037 674 4102 ἠ
713 4036 819 4108 τοῦ
844 4032 1168 4108 ἑσπερινοῦ
1214 4033 1478 4108 εἴσοδος·
1513 4031 1610 4108 καί
1660 4032 1726 4108 τίΔ
1741 4036 1806 4108 τι)

309 4101 544 4165 xxi-retr
570 4101 675 4160 u‘f
706 4105 862 4172 ἱερέα
892 4105 991 4156 καὶ
1024 4103 1407 4166 ἀνίστασθαι,
1440 4102 1536 4154 καὶ
1569 4101 1811 4153 ἀναϐαί-

310 4198 441 4235 νειν
459 4182 546 4243 εἰς
575 4179 641 4230 τὸ
664 4173 1121 4240 θυσιαστήριον,
1147 4172 1244 4224 καί
1264 4172 1667 4241 είσέρχεσθαι.

318 4295 487 4348 ’Ἔνθα
517 4294 582 4363 δὴ
612 4292 706 4346 καὶ
729 4293 758 4343 ὁ
795 4290 975 4360 ἱερεὺς
1034 4289 1268 4341 ποιεῖται
1300 4287 1400 4356 τὴν
1443 4288 1668 4351 είσοδον,
1705 4286 1814 4340 ἀπὸ

242 4389 338 4442 τοῦ
374 4383 766 4454 θυσιαστηρίου
805 4382 1052 4453 ἀσκεπὴς
1075 4381 1430 4451 ἐξερχόμενος
1465 4380 1604 4449 μετά
1619 4379 1815 4449 θυμια-

245 4477 340 4531 τοῦ
367 4496 424 4530 τε
451 4477 547 4528 καὶ
573 4475 939 4543 θυμιάματος,
978 4474 1073 4526 καὶ
1107 4472 1272 4542 μέσον
1312 4471 1407 4524 τοῦ
1438 4471 1568 4524 ναοῦ
1616 4471 1817 4524 κλίνων

2198 3635 2589 3704 σαριιιιθέντος.
2640 3637 2729 3686 καὶ
2769 3635 2864 3702 τὴν
2905 3633 3077 3700 αὐτῆς
3131 3628 3326 3697 nam;
3376 3629 3469 3680 καὶ

2389 3892 2616 3948 CAPUT
2642 3891 3014 3947 CCCXXXIII.

1919 4029 2059 4093 Quid
2080 4028 2371 4099 signiﬁcent
2405 4029 2678 4099 vespertini
2710 4030 2995 4099 ingressus,
3014 4033 3179 4099 etcur
3199 4022 3420 4099 int-tinet
3438 4039 3492 4076 se

1991 4093 2257 4155 sacerdos.
2311 4107 2358 4149 et
2399 4098 2583 4150 iterum
2616 4093 2817 4166 surgit,
2855 4095 3195 4163 ascenditque
3223 4095 3292 4146 ad
3322 4093 3495 4146 altare

1988 4179 2036 4221 ct
2061 4169 2376 4238 ingreditur.

1993 4281 2195 4335 Deinde
2219 4279 2472 4335 sacerdos
2507 4281 2810 4347 ingressum
2871 4277 3021 4340 facit,
3053 4293 3116 4331 ex
3150 4277 3307 4331 altari
3346 4277 3492 4330 nudo

1922 4375 2097 4442 capite
2121 4373 2423 4440 egrediens,
2453 4385 2575 4426 cum
2606 4369 2883 4424 thuribulo
2909 4379 2960 4422 et
2981 4369 3158 4432 thure,
3190 4377 3244 4423 et
3294 4370 3344 4422 in
3378 4383 3495 4422 me-

1923 4464 2013 4519 dio
2047 4463 2227 4531 templi
2259 4477 2379 4516 sese
2409 4462 2698 4522 inclinans.
2752 4475 2821 4516 ac
2847 4466 3102 4528 surgens,
3169 4462 3497 4529 siguausque

246 4571 343 4624 καὶ
368 4569 682 4637 εὐχόμενος,
712 4567 808 4618 καὶ
855 4564 1217 4632 ἀνιστάμενος
1258 4564 1353 4615 καὶ
1403 4563 1719 4633 σφραγίζων
1745 4563 1813 4631 τῇ

1921 4571 2082 4609 manu
2107 4562 2160 4608 et
2182 4553 2481 4617 thuribulo,
2512 4567 2842 4619 rursumque
2873 4551 2937 4604 ad
2980 4552 3151 4606 altare
3192 4559 3494 4605 revertens.

246 4661 394 4731 χειρὶ
424 4661 519 4712 καὶ
553 4659 630 4727 τῷ
685 4657 1015 4726 θυμιάματι,
1067 4654 1164 4707 καὶ
1207 4655 1288 4714 είς
1317 4654 1379 4706 τὸ
1429 4654 1817 4723 θυσιαστήριον

247 4750 682 4820 ἐπανερχόμενος
705 4744 880 4810 αὖθις.
927 4746 991 4800 Τί
1030 4745 1206 4815 τούτῳ
1238 4745 1413 4815 δηλῶν
1442 4761 1458 4812 ;
1510 4744 1636 4799 ’Ότι
1665 4744 1760 4798 καὶ
1788 4742 1818 4795 δ

244 4843 342 4896 τοῦ
372 4842 505 4894 Θεοῦ
533 4840 844 4909 Μονογενὴς
881 4837 1248 4908 μέχριςὴμῶν
1281 4838 1390 4890 ἀπὸ
1412 4835 1520 4889 τῶν
1550 4835 1820 4905 οὐρανίων

247 4929 529 4986 κατελθὼν
552 4930 778 5000 ἀψίδων,
813 4929 976 4981 πάλιν
1010 4929 1088 4990 είς
1118 4930 1209 4980 τὸν
1245 4928 1472 5000 οὐρανὸν
1521 4926 1819 4996 ἀνελήλυθε

248 5023 344 5075 καὶ
372 5021 519 5089 ἡμᾶς
537 5020 905 5089 ἐπανήγαγεν.
933 5018 1099 5070 Ὀθεν
1125 5021 1215 5070 καὶ
1239 5021 1304 5088 τῇ
1330 5017 1598 5083 ὲξελεύσει
1622 5016 1838 5090 ταύτῃ..

249 5111 348 5166 καὶ
379 5113 445 5180 τῇ
473 5110 648 5163 κλίσει
701 5111 799 5176 τῆς
854 5110 1096 5176 κεφαλῆς
1122 5112 1216 5163 καὶ
1243 5110 1564 5180 άνορθὼσει,
1601 5109 1693 5161 καὶ
1740 5109 1817 5177 τῷ

252 5205 544 5270 ἐκεοῆσαι,
577 5203 777 5270 ιΣοφὲᾳ
804 5202 977 5268 ὀρθοὶ,
1009 5221 1027 5250 ι
1062 5203 1154 5253 καὶ
1191 5201 1490 5271 σφραγίσαι
1519 5200 1596 5268 τῷ
1627 5201 1826 5268 θυμια-

251 5293 512 5361 τηρίῳ,ἢ
549 5291 834 5359 ἁνυψῶσαι
870 5292 929 5342 τὸ
982 5292 1332 5358 Εὑαγγέλιον,
1384 5293 1432 5341 εἰ
1490 5289 1821 5357 Εὑαγγελίου

251 5378 458 5441 εἴσοδός
487 5384 623 5444 ἐστι,
663 5384 758 5434 καὶ
783 5383 862 5440 είς
889 5381 948 5432 τδ
979 5380 1131 5447 βῆμα
1175 5381 1514 5445 ἐπανελθεῖν,
1546 5382 1726 5432 πάντα
1755 5378 1822 5431 τὰ

250 5475 356 5542 τῆς
377 5473 686 5540 οἰκονομίας
716 5473 868 5543 δηλοί
888 5489 903 5504 ο
928 5474 988 5524 τὸ
1021 5473 1258 5536 ἐξελθεῖν
1292 5475 1391 5540 μὲν
1437 5475 1532 5524 καὶ
1559 5474 1824 5542 κατέρχε⁴

257 5568 383 5619 σῧαι
410 5566 507 5634 τὴν
540 5566 840 5619 κατάϐασιν
869 5564 1106 5634 Χριστοῦ
1137 5566 1234 5617 καὶ
1275 5565 1602 5618 ταπείνωσιν
1621 5580 1634 5594 ⁸
1661 5565 1719 5617 τὸ
1743 5566 1828 5615 ἐν-

253 5659 545 5726 διδλμένον
575 5659 630 5710 δὲ
671 5655 814 5710 εἶναι
843 5659 910 5711 τά
969 5659 1242 5724 ἱερατικά,
1271 5657 1370 5726 τὴν
1420 5659 1698 5726 σάρκωσιν
1724 5673 1737 5686 ’
1769 5656 1828 5708 τὸ

261 5749 431 5819 μέσον
454 5765 514 5800 τε
544 5748 743 5801 στάντα
778 5751 957 5801 κλῖναι
1002 5749 1100 5820 τὴν
1131 5751 1397 5818 κεφαλὴν,
1443 5750 1502 5800 τὸ
1537 5749 1698 5817 μέσον
1729 5747 1828 5814 τῆς

258 5840 367 5911 γῆς
415 5839 793 5910 σταυρωθῆναι
838 5840 977 5910 ὑπὲρ
1027 5842 1183 5908 ἡμῶν
1214 5841 1308 5892 καὶ
1362 5839 1677 5902 ἀποθανεῖν,
1734 5841 1827 5891 καὶ

1920 4646 2059 4712 Quid
2117 4646 2201 4698 his
2250 4642 2567 4712 signiﬁcat?
2625 4643 2780 4707 Quod
2826 4643 3139 4712 unigenitus
3191 4641 3282 4696 Dei
3327 4640 3499 4695 Filius

1922 4752 2096 4803 usque
2125 4735 2191 4788 ad
2227 4750 2326 4788 nos
2365 4753 2395 4789 e
2447 4735 2765 4789 caelestibus
2816 4735 3038 4788 sedibus
3095 4735 3400 4798 descendit,
3441 4742 3497 4787 et

1921 4841 2113 4880 rursus
2137 4826 2189 4878 iu
2215 4827 2415 4879 cwlum
2450 4825 2696 4879 ascendit
2728 4840 2938 4894 nosque
2989 4827 3062 4879 ibi
3091 4826 3336 4880 adduxit.
3369 4827 3496 4880 Ideo

1922 4918 2050 4972 dum
2088 4917 2160 4970 ita
2190 4918 2469 4987 egreditur
2516 4924 2570 4969 et
2633 4924 2796 4984 caput
2841 4917 3065 4970 inclinat
3105 4932 3170 4971 ac
3227 4919 3403 4986 erigit,
3444 4927 3500 4974 et

1925 5009 2167 5060 clamat:
2205 5025 2224 5057 ι
2259 5006 2539 5076 Sapientia
2582 5008 2774 5070 erecti,
2815 5025 2834 5058 ι
2871 5008 3160 5078 signatque
3200 5009 3496 5074 tliuribulo,

1908 5104 2007 5156 'vel
2041 5103 2395 5171 Evangelium
2428 5104 2657 5170 extollit,
2692 5106 2736 5158 si
2784 5105 3065 5172 ingressus
3123 5104 3283 5159 fuerit
3316 5104 3497 5158 Evan-

1926 5194 2070 5262 gelii,
2103 5203 2265 5262 atque
2291 5195 2354 5246 ad
2385 5197 2587 5260 gradus
2615 5198 2929 5262 revertitur,
2963 5197 3140 5250 omnia
3176 5196 3497 5250 meonoutia:

1927 5285 2183 5355 mysteria
2227 5285 2486 5339 ostendit.
2520 5284 2653 5338 Nam
2689 5287 3016 5354 egredieudo
3054 5287 3271 5354 quidem
3305 5298 3359 5340 et
3403 5287 3501 5340 de-

1928 5379 2237 5432 scendendo
2257 5379 2578 5432 descensum
2597 5378 2802 5433 Christi
2832 5380 3100 5449 hujusque
3132 5380 3489 5434 humilitatem

1929 5470 2184 5539 patefacit
2218 5487 2231 5533 ;
2265 5472 2388 5522 dum
2424 5471 2599 5523 Sacris
2631 5471 2872 5524 induitur
2937 5469 3179 5526 vestibus
3244 5471 3498 5525 incarna-

1930 5564 2128 5614 tionem
2166 5561 2369 5614 iudicat
2400 5577 2414 5627 ;
2447 5561 2576 5614 dum
2617 5563 2667 5615 in
2694 5563 2868 5616 mcdio
2895 5575 3058 5632 caput
3110 5564 3354 5628 inclinat,
3382 5564 3502 5618 Sal-

1931 5661 2172 5706 vatoreru
2209 5667 2306 5719 pro
2339 5654 2492 5705 nobis
2525 5655 2577 5705 in
2642 5653 2819 5706 medio
2877 5667 3034 5708 terra:
3075 5656 3394 5709 cruciﬁxum
3450 5666 3504 5710 et

1933 5754 2206 5798 mortuum
2249 5754 2407 5813 atque
2439 5746 2490 5797 iu
2522 5745 2789 5799 infernum
2850 5747 3267 5800 descendentem
3319 5749 3501 5801 decla-

1934 5847 2036 5892 rat.
2074 5835 2197 5892 ldeo
2226 5836 2276 5890 in
2303 5836 2520 5892 silentio
2555 5847 2824 5910 caputque
2851 5839 3127 5894 inclinans
3154 5841 3497 5908 deprecatur,
