4208 6440
256 444 365 503 6‘25

1418 434 1515 495 DF.
1557 434 1801 495 SACDA
1846 431 2356 494 PRECATIONE.

3413 426 3518 487 6%

248 557 405 617 Θεός·
446 573 463 605 »
500 554 561 605 σὺ
606 552 715 620 γὰρ
746 550 867 611 ἔθος
909 546 1070 601 τοῦτο
1109 547 1166 600 ὲν
1211 548 1279 616 τῇ
1328 546 1487 611 τάξει
1522 545 1618 598 τοῦ
1656 545 1837 612 ᾄσμα-

1948 546 2283 606 rantionum,
2315 542 2573 612 quoniam
2605 540 2670 596 ad
2711 536 3280 593 vetusTestamenlum
3312 540 3518 590 solutu-

248 662 358 705 to:
391 646 473 697 ὅτι
524 643 622 709 τῆς
658 640 903 701 Παλαιᾶς
962 636 1186 707 Γραςρῆς
1240 634 1400 689 τοῦτο
1459 636 1650 705 μόνης.
1685 633 1827 687 Ἀλλ’

247 736 441 804 ὥσπερ
465 740 522 787 ὲν
560 736 624 801 τῇ
660 734 779 802 ἱερᾷ
809 730 1147 800 λειτουργίᾳ,
1180 747 1203 783 ι
1253 730 1611 798 Εὐλογημένη
1660 730 1693 791 ἡ
1731 728 1828 796 βα-

252 828 423 878 σιλεία
476 826 571 876 τοῦ
627 823 841 893 Πατρδς
898 822 995 875 καὶ
1058 822 1153 874 τοῦ
1196 822 1326 874 Υίοῦ
1374 824 1469 874 καὶ
1522 822 1617 873 τοῦ
1668 821 1827 887 ἁγίου

253 918 571 983 "utiocto:
603 918 860 968 πάντοτε·
900 933 917 964 »
965 912 1024 965 τὸ
1058 914 1260 966 ἑνιαῖον
1294 913 1391 981 τῆς
1429 912 1708 981 βασιλείας
1733 912 1829 964 καὶ

250 1010 489 1076 φύσεως,
531 1008 627 1058 καὶ
659 1007 720 1059 τὸ
749 1004 1032 1073 τριαδικὸν
1056 1003 1327 1071 θεολογῶν
1354 1004 1448 1056 τοῦ
1479 1002 1636 1067 Θεοῦ,
1665 1001 1693 1055 ὃ
1729 1002 1831 1069 τῆς

249 1099 470 1167 χάριτός
504 1101 619 1150 ἐστι
648 1100 951 1165 κήρυγμα,
1004 1098 1035 1164 ἡ
1087 1097 1383 1162 ἐπίγνωσις
1429 1097 1525 1147 καὶ
1572 1095 1832 1162 ὁμολογία

250 1190 412 1260 243
441 1188 534 1240 τοῦ
570 1189 732 1255 μόνου
767 1190 822 1239 ὲν
852 1186 1042 1256 Τριάδι
1068 1186 1224 1239 Θεοῦ.
1254 1188 1362 1239 Καὶ
1390 1185 1550 1249 εὐθὺς
1578 1188 1645 1238 τὰ
1681 1188 1833 1256 είρη-

250 1282 400 1338 νίκα,
433 1278 529 1343 τὴν
580 1280 806 1346 είρήνην
852 1277 1073 1346 πρῶτον
1120 1277 1228 1328 ἀπὸ
1262 1275 1356 1327 τοῦ
1398 1277 1601 1344 Κυρίου
1633 1274 1830 1338 διδοὺς,

251 1369 342 1418 καὶ
388 1368 657 1418 διδάσκων
713 1365 922 1427 πάντας
975 1364 1247 1416 αἰτεῖσθαι
1299 1368 1325 1416 ὁ
1368 1364 1572 1433 ἱερεύς.
1636 1364 1833 1416 Ἰστέον

250 1458 369 1521 οῦν,
399 1459 479 1509 ὅτι
511 1460 543 1524 ἡ
583 1458 682 1523 τῆς
750 1454 1094 1523 λειτουργίας
1134 1455 1428 1507 ἀκολουθία
1468 1458 1601 1524 μόνη
1640 1453 1832 1507 ὑπολέ-

250 1552 470 1602 λειπται
518 1551 658 1602 κατά
706 1549 801 1618 τὴν
831 1549 1072 1618 ἀρχαίαν
1103 1548 1353 1613 γίνεσθαι
1388 1547 1544 1610 τάξιν
1569 1563 1582 1577 ’
1630 1548 1709 1600 διὸ
1741 1550 1833 1600 καὶ

251 1644 427 1703 οὕτως
461 1643 675 1709 εὐλογεῖ
705 1643 796 1693 τὸν
848 1642 981 1693 Θεὸν
1024 1644 1052 1694 ὀ
1090 1641 1291 1708 ἱερεὺς,
1342 1641 1435 1692 καὶ
1467 1638 1639 1702 οὕτως
1670 1639 1833 1702 εὐθὺς

253 1736 325 1786 τὰ
358 1736 607 1805 εἰρηνικὰ
633 1733 806 1800 λέγει,
838 1734 936 1787 καὶ
979 1735 1047 1786 τὰ
1073 1734 1204 1803 τρία
1242 1732 1523 1802 ἀντίφωνα
1556 1733 1636 1793 είς
1662 1732 1834 1784 τύπον

254 1827 357 1893 τῆς
381 1827 610 1894 Τριάδος
639 1826 879 1895 ᾅδονται,
942 1825 1088 1895 ἅπερ
1132 1825 1228 1893 τῆς
1258 1821 1493 1894 ἀρχαίας
1524 1822 1617 1877 τοῦ
1651 1824 1831 1894 ᾅσμα-

1935 635 2097 690 modo
2120 637 2376 704 pertinet.
2413 633 2516 688 Sed
2550 630 3007 699 quemadmodum
3042 627 3287 681 inmissa
3318 641 3334 679 ι
3369 644 3386 674 ι
3415 626 3517 678 Be-
3580 632 3583 633 '

1934 726 2201 778 nedictum
2243 740 2469 791 regnum
2508 722 2683 777 Patris
2714 732 2767 775 et
2796 720 2915 773 Filii
2950 728 3003 774 et
3043 716 3281 787 Spiritus
3339 718 3515 772 sancti

1931 830 2146 879 semper
2172 835 2216 879 »,
2245 818 2505 868 unitatem
2542 814 2750 881 imperii
2779 823 2833 867 et
2863 822 3071 866 natum.
3101 812 3305 874 Deique
3359 808 3519 875 trini-

1933 914 2100 960 tatem
2160 905 2487 974 praedicans,
2523 904 2667 974 quod
2719 913 2802 958 est
2866 903 3052 972 gratiae
3112 898 3421 969 praedicatio
3450 908 3501 951 et

1932 998 2147 1067 agnitio
2178 1012 2390 1051 necnon
2417 997 2692 1050 confessio
2719 995 2889 1050 solius
2919 995 2971 1047 in
3007 992 3275 1047 Trinitate
3304 991 3419 1046 Dei.
3450 989 3512 1045 Et

1932 1092 2114 1145 statim
2148 1090 2370 1158 pacifica
2411 1090 2595 1153 verba,
2638 1104 2827 1158 pacem
2869 1089 3011 1143 enim
3045 1104 3073 1140 a
3125 1086 3355 1140 Domino
3405 1086 3517 1152 pri-

1934 1198 2081 1235 mum
2107 1183 2199 1236 dat
2246 1183 2508 1236 sacerdos
2558 1192 2613 1235 et
2637 1197 2826 1236 omnes
2878 1181 2944 1235 ad
3004 1178 3271 1233 orandum
3307 1177 3514 1229 invitat.

1935 1276 2108 1343 Igitur
2139 1279 2281 1329 scire
2338 1285 2579 1344 oportet,
2634 1275 2895 1343 quoniam
2934 1274 3085 1328 solus
3147 1274 3281 1326 ordo
3340 1271 3517 1322 missae

1936 1377 2182 1436 superest
2205 1350 2505 1423 secundum
2530 1368 2807 1436 antiquam
2859 1368 3258 1419 institutionem
3292 1379 3518 1417 servan-

1935 1462 2058 1515 dus.
2088 1459 2452 1525 Quamobrem
2488 1462 2559 1515 ita
2588 1460 2858 1514 benedicit
2885 1458 3163 1519 sacerdos,
3214 1469 3266 1510 et
3295 1458 3368 1511 ita
3395 1474 3519 1527 pro-

1938 1555 2085 1606 tinus
2134 1568 2322 1621 pacem
2371 1553 2534 1616 dicit,
2601 1564 2822 1620 tresque
2875 1551 3182 1618 antipbona:
3220 1553 3270 1603 in
3331 1560 3516 1620 typum

1936 1643 2222 1699 Trinitatis
2278 1654 2591 1707 cantantur,
2637 1661 2757 1712 qua:
2811 1630 2878 1698 ad
2940 1645 3222 1712 antiquum
3250 1644 3521 1698 cantionis

1936 1738 2182 1791 ordinem
2242 1737 2542 1805 pertinent.
2616 1737 2771 1801 Quod
2827 1736 3138 1791 nescientes
3187 1737 3406 1803 quidam
3468 1735 3520 1787 in

1938 1828 2246 1897 vespertina
2276 1828 2531 1881 cautione
2584 1827 2856 1881 dictarum
2900 1827 3061 1882 trium
3095 1827 3519 1897 autip'iouarum

256 1936 350 1979 τος
392 1919 720 1978 ἀκολουθίας
776 1918 902 1970 εἰσί.
957 1918 1070 1971 Καὶ
1113 1917 1188 1987 μὴ
1248 1917 1451 1979 εἰδότες
1501 1915 1661 1969 τοῦτό
1694 1934 1839 1977 τινες

1948 1929 1997 1972 et
2021 1920 2215 1973 deinde
2265 1918 2523 1987 Trisagii,
2562 1920 2746 1972 missa:
2792 1932 3013 1972 nomine
3074 1919 3175 1971 hoc
3227 1917 3524 1987 appellant.

257 2012 319 2062 ἐν
370 2011 445 2077 τῷ
501 2010 794 2079 ᾁσματικῷ
827 2010 1101 2079 έσπερινῷ
1157 2009 1469 2077 λεγομένων
1514 2008 1624 2060 τῶν
1671 2009 1841 2078 τριῶν

258 2103 600 2168 ἀντιφώνων.
647 2103 877 2170 ὕστερον
902 2103 959 2155 δὲ
999 2105 1095 2155 καὶ
1133 2103 1228 2155 τοῦ
1260 2102 1582 2170 Τρισαγίου,
1613 2101 1688 2163 ὼς
1735 2102 1843 2153 λεε-

256 2194 520 2262 τουργίαν
551 2194 708 2245 τοῦτο
742 2193 1202 2260 κατονομάζουσι.
1232 2194 1341 2246 Καὶ
1367 2192 1566 2261 μᾶλλον
1595 2193 1645 2243 oi
1678 2194 1840 2260 ἐσχη-

259 2287 418 2347 κότες
459 2286 697 2355 ἀρχῆθεν
735 2286 943 2352 ταύτην
1000 2286 1063 2351 δὴ
1108 2288 1207 2354 τὴν
1238 2286 1564 2338 ἀκολουθίαν
1599 2286 1647 2337 oi
1692 2288 1841 2335 Κων-

265 2378 769 2429 σταντινουπολίται
808 2377 970 2430 τοῦτο
1026 2378 1151 2445 ἄρτι
1193 2379 1562 2446 θαυμάζουσι,
1600 2379 1673 2446 μὴ
1706 2378 1844 2429 είδό-

260 2486 357 2530 τες
384 2470 460 2530 ὼς
490 2470 664 2521 ταῦτα
705 2470 932 2538 διωγμῷ
964 2471 1213 2523 Λατίνων
1248 2474 1313 2522 τὰ
1365 2470 1631 2523 κάλλιστα
1683 2474 1835 2523 κατέ-

263 2561 425 2612 λιπον
452 2560 547 2629 ἔθη
575 2580 586 2589 ·
625 2561 699 2622 ὠς
728 2563 824 2613 καὶ
850 2562 908 2613 ὲν
929 2564 1050 2622 ταῖς
1084 2564 1361 2628 νηστείαις
1384 2564 1481 2628 τὴν
1515 2562 1601 2627 τῆς
1636 2562 1842 2629 τρττοέ-

263 2668 401 2719 κτης
438 2653 590 2719 ἱερὰν
626 2653 722 2704 καὶ
767 2654 1004 2722 ἀρχαίαν
1039 2654 1347 2719 ὑπηρεσίαν
1385 2671 1444 2704 τε
1483 2658 1573 2706 καὶ
1601 2654 1845 2717 διάταξιν

264 2745 361 2795 καὶ
402 2745 498 2813 τὴν
553 2744 656 2812 τῆς
686 2744 989 2814 λεγομένης
1042 2745 1411 2813 παννυχίδοςο
1470 2747 1612 2798 κατὰ
1664 2750 1846 2799 πᾶσαν

263 2835 510 2904 ἑσπέραν
562 2835 863 2903 γινομένην
911 2836 1064 2898 ποτε,
1128 2837 1225 2887 καὶ
1276 2835 1511 2903 μάλιστα
1562 2841 1701 2889 κατὰ
1749 2840 1846 2905 τὴν

263 2928 429 2993 ἁγίαν
485 2929 736 2995 μεγάλην
791 2927 1270 2998 Τεσσαρακοστὴν,
1310 2932 1406 2980 καὶ
1441 2930 1499 2980 ἐν
1537 2932 1605 2997 τῇ
1654 2931 1848 3000 πρώτῃ

265 3020 495 3095 ταύτης,
516 3022 612 3074 καὶ
635 3023 701 3089 τῇ
732 3022 947 3092 μεγάλῃ
984 3021 1258 3086 ἐδδομάδι,
1292 3015 1369 3074 ὧν
1401 3022 1495 3072 καὶ
1527 3022 1683 3090 εὐχαί
1709 3026 1849 3073 εἰσιν

267 3114 570 3178 ἀναγκαῖαι
604 3113 659 3164 αι
692 3114 831 3165 κατὰ
862 3112 962 3182 τὴν
1009 3112 1317 3180 παννυχίδα
1366 3113 1843 3184 ἐπιγραφόμεναι·

1944 2010 2008 2064 Ει
2034 2012 2331 2080 praasertim
2375 2014 2469 2080 qui
2502 2026 2528 2063 a
2554 2011 2824 2080 principio
2850 2012 3015 2064 istum
3044 2010 3355 2065 habuerunt
3383 2009 3531 2063 ordi-

1946 2118 2066 2155 nem
2094 2103 2693 2172 Constantinpolitani
2719 2104 2864 2157 istud
2898 2104 3060 2156 modo
3083 2106 3351 2157 mirantur
3372 2104 3528 2169 igna-

1946 2204 2131 2249 rantes
2169 2212 2227 2250 se
2264 2196 2663 2264 pulcherrimos
2696 2197 2798 2251 hos
2830 2197 2969 2250 ritus
3004 2195 3390 2264 persecutione
3426 2194 3525 2246 La-

1944 2289 2182 2341 tinorum
2218 2288 2490 2350 amisisse,
2518 2288 2659 2341 sicut
2711 2300 2765 2341 et
2805 2289 2855 2341 in
2896 2288 3115 2357 jejuniis
3140 2302 3357 2340 sacrum
3385 2286 3530 2339 antic

1945 2395 2224 2445 quumque
2285 2380 2457 2432 tertia:
2512 2389 2565 2432 et
2628 2388 2796 2434 sextae
2859 2378 3002 2431 horae
3040 2378 3405 2435 ministerium
3459 2392 3525 2430 ac

1948 2467 2253 2519 institutum
2319 2476 2483 2535 atque
2533 2469 2949 2536 prmeeptionem
2994 2467 3265 2535 Παννυχὶς
3299 2467 3524 2528 dictam,

1948 2559 2070 2622 quia
2109 2574 2201 2625 per
2229 2567 2394 2610 totam
2436 2567 2647 2611 noctem
2678 2558 2933 2622 durabat,
2967 2558 3373 2627 quzeqnondatn
3407 2558 3527 2610 siu-

1949 2648 2089 2711 gulis
2132 2648 2375 2713 vesperis
2420 2648 2599 2712 liebat,
2657 2648 2708 2700 in
2749 2648 2935 2714 primis
2960 2664 3051 2715 per
3081 2663 3330 2716 magnam
3386 2646 3534 2712 Qua-

1947 2738 2334 2803 dragesimam,
2393 2748 2447 2791 et
2498 2739 2551 2791 in
2583 2740 2758 2807 prima
2794 2754 3100 2809 magnaque
3134 2740 3297 2808 hujus
3322 2738 3528 2793 hebdo-

1949 2829 2128 2896 made,
2164 2847 2227 2883 ex
2267 2832 2466 2898 quibus
2490 2846 2681 2899 preces
2738 2839 2866 2884 sunt
2893 2832 3236 2895 necessarire,
3272 2846 3392 2899 qua:
3423 2839 3530 2882 tota

1951 2934 2111 2978 nocte
2140 2922 2501 2985 dicebantur,
2535 2937 2746 2976 necnon
2775 2938 2963 2991 preces
2999 2924 3137 2976 inter
3165 2923 3377 2975 tertiam
3412 2935 3534 2974 sex-

1953 3023 2173 3081 tamque
2223 3012 2412 3065 horam
2470 3010 2774 3065 secundum
2827 3011 3105 3079 antiquam
3158 3010 3529 3071 traditionem,

1951 3119 2073 3186 qua?
2104 3105 2289 3157 cantio
2326 3104 2491 3155 horas
2519 3111 2900 3172 repraesentat,
2932 3112 2986 3153 et
3021 3102 3140 3154 ideo
3171 3102 3277 3154 hoc
3312 3100 3531 3153 nomine

267 3205 369 3257 καὶ
410 3206 463 3255 at
526 3204 629 3271 τῆς
686 3206 1008 3273 τριτοέκτης
1058 3204 1201 3255 κατὰ
1253 3206 1558 3272 παράδοσιν
1591 3206 1846 3273 ἀρχαίαν,

1955 3206 2188 3250 vocatur
2216 3214 2229 3261 ;
2260 3196 2487 3261 insuper
2547 3209 2737 3264 preces
2771 3204 2973 3247 sanclaa
3004 3193 3184 3247 missae
3233 3193 3299 3246 de
3336 3192 3537 3259 quibus

266 3294 443 3346 τύπον
480 3295 589 3344 τῶν
620 3293 779 3362 ὡρῶν
811 3293 1065 3362 ἐχούσης,
1099 3298 1192 3346 καὶ
1221 3292 1379 3346 τοῦτο
1421 3294 1761 3363 καλουμένης
1788 3298 1849 3347 ἐκ

269 3384 371 3436 τοῦ
408 3385 700 3452 ὀνόματος,
743 3386 839 3435 καὶ
876 3385 974 3451 τῆς
1012 3386 1164 3452 ίερᾶς
1207 3384 1573 3453 λειτουργίας,
1617 3387 1741 3452 περὶ
1777 3380 1852 3436 ὧν

270 3473 373 3526 vui.
401 3472 638 3540 ἐροῦμεν
667 3473 743 3533 ὠς
774 3474 831 3524 ιν
862 3470 1060 3540 βραχεῖ
1096 3473 1216 3540 μετ’
1255 3473 1457 3540 ὀλίγον.
1490 3473 1600 3525 Νῦν
1633 3473 1690 3526 δὲ
1724 3475 1852 3538 περὶ

269 3563 368 3615 τοῦ
390 3561 680 3629 ὲσπερινοῦ
708 3562 965 3628 λέγομεν,
992 3561 1065 3621 ὡς
1092 3559 1188 3611 τοῦ
1213 3562 1401 3629 ίερέως
1430 3560 1850 3628 εὖλογήσαντος,

272 3658 371 3706 καὶ
397 3655 463 3705 τὰ
497 3654 752 3722 είρηνικὶι
778 3652 1065 3720 είρηκότος
1103 3652 1306 3715 πάντα,
1342 3653 1438 3704 καὶ
1484 3652 1564 3713 τὸ,
1613 3670 1631 3700 ι
1678 3653 1853 3703 Ἀντι-

270 3746 463 3810 λαϐοῦ,
519 3747 713 3809 σῶσον,
748 3744 992 3813 ἐλέησον,
1059 3763 1076 3795 »
1114 3744 1389 3812 οἱψάλται
1446 3744 1625 3805 εὐθὺς.
1693 3764 1708 3793 ι
1755 3744 1849 3795 καὶ

288 3838 625 3890 Ἑπάκουσόν
692 3854 816 3904 μου,
869 3835 995 3899 δόξα
1026 3852 1129 3899 σοι,
1172 3839 1197 3887 ὁ
1239 3836 1390 3894 Θεὸς,
1435 3854 1450 3884 »
1490 3836 1695 3905 ᾄόνυει.
1745 3837 1851 3887 Καὶ

279 3930 579 3994 ἀναγκαῖον
603 3928 664 3978 τὸ
701 3927 1133 3996 μελῳδούμενον,
1171 3928 1381 3979 ἱκεσίαν
1413 3927 1528 3995 ἅμα
1572 3931 1662 3979 καὶ
1700 3929 1851 3992 δοξο-

279 4019 469 4084 λογίαν
504 4020 755 4087 περιέχον
790 4017 926 4071 Θεοῦ
950 4034 963 4047 ·
999 4020 1094 4071 καὶ
1123 4020 1183 4070 τὸ
1217 4022 1315 4084 μὲν
1340 4021 1446 4072 ἀπὸ
1472 4020 1565 4072 τοῦ
1596 4019 1850 4088 Ψαλμοῦ,

284 4129 309 4160 ι
344 4111 563 4171 κλῖνον,
597 4110 793 4175 Κύριε,
825 4110 887 4161 τὸ
916 4107 1009 4172 οῦς
1042 4126 1158 4175 σου,
1185 4110 1281 4163 καὶ
1306 4110 1615 4164 ὲπάκουσᾶν
1640 4129 1741 4179 μου
1770 4128 1782 4141 ο
1829 4131 1845 4162 »

277 4204 342 4253 τὸ
384 4202 441 4253 δὲ
486 4201 594 4253 ἀπὸ
624 4201 730 4253 τῶν
761 4201 1033 4268 ἀγγέλων,
1073 4220 1091 4253 ι
1128 4202 1264 4265 Δόξα
1296 4204 1354 4253 ἐν
1406 4202 1649 4270 ὑψίστοις
1695 4204 1813 4271 Θεῷ
1836 4221 1850 4235 ο

277 4293 398 4357 καὶ,
435 4310 453 4342 »
481 4293 703 4362 Πλήρης
760 4296 787 4346 ὁ
815 4293 1042 4361 οὐρανὸς
1072 4294 1163 4345 καὶ
1191 4294 1224 4362 ἡ
1246 4292 1322 4361 γῆ
1340 4292 1439 4362 τῆς
1464 4294 1622 4359 δόξης
1650 4293 1812 4346 αὑτοῦ
1836 4310 1849 4323 ·

276 4384 397 4445 καὶ,
440 4401 458 4432 ι
510 4382 866 4451 Εὐλογημένη
905 4383 938 4451 ἡ
966 4381 1092 4445 δόξα
1124 4383 1350 4450 Κυρίου.
1396 4400 1415 4434 »
1463 4381 1595 4437 Εἷτά
1628 4402 1794 4452 φησιν
1824 4387 1853 4437 6

275 4473 487 4542 ἱερεὺς,
527 4491 544 4523 ι
582 4471 692 4539 Τῆς
740 4471 1015 4537 Παναγίας
1043 4473 1348 4540 ἀχράντου·
1405 4490 1424 4522 »
1462 4476 1554 4523 καὶ
1592 4474 1852 4539 έκφώνως

1952 3289 2034 3342 vel
2064 3288 2305 3342 breviter
2328 3305 2454 3343 mox
2482 3288 2839 3343 disseremus.
2869 3285 3027 3339 Nunc
3057 3300 3184 3338 vero
3200 3283 3273 3357 de
3294 3284 3536 3351 vesperis

1952 3381 2213 3434 dicimus.
2281 3382 2576 3449 Postquam
2631 3396 2763 3450 ergo
2822 3379 3163 3433 benedixerit
3201 3377 3453 3432 sacerdos
3486 3384 3541 3427 et

1954 3488 2141 3541 pacem
2168 3472 2402 3532 dixerit,
2427 3487 2636 3525 necnon
2670 3490 2681 3525 :
2719 3471 2980 3539 «Suscipe
3016 3470 3184 3533 salva,
3219 3469 3531 3521 miserere.»

1960 3574 2215 3618 cantores
2283 3564 2427 3618 illico
2488 3564 2769 3630 psallunt:
2805 3582 2822 3614 ι
2863 3564 2931 3616 Ει
2964 3563 3160 3616 exaudi
3197 3577 3301 3620 me.
3368 3560 3535 3625 gloria

1953 3655 2074 3713 tibi,
2106 3654 2250 3706 Deus
2278 3674 2295 3702 »
2328 3654 2474 3720 quod
2524 3653 2697 3707 melos
2722 3662 2809 3707 est
2844 3652 3237 3716 necessitrinm,
3280 3652 3537 3718 depreca-

1958 3746 2162 3798 tionem
2220 3745 2497 3813 simulque
2548 3744 3007 3812 giorilieationem
3084 3745 3176 3797 Dei
3227 3745 3534 3798 continens.

1954 3837 2191 3889 (latitant
2220 3837 2385 3888 etiam
2444 3836 2576 3889 illud
2614 3851 2642 3888 e
2677 3837 2927 3903 psalmo:
2971 3854 2988 3885 ι
3015 3834 3248 3896 inclina,
3292 3835 3538 3894 Domine,

1956 3942 2141 3979 aurem
2178 3937 2345 3987 tuam,
2383 3936 2435 3978 et
2466 3928 2664 3979 exaudi
2723 3942 2833 3983 me.
2866 3946 2882 3977 »
2910 3928 3327 3995 angelicumque
3371 3928 3540 3978 canti-

1954 4030 2112 4068 cum:
2139 4016 2420 4067 «Gloriain
2449 4015 2733 4067 altissimis
2755 4016 2920 4077 Deo,»
2948 4027 3021 4078 et,
3050 4036 3067 4066 ι
3087 4016 3230 4067 Pleni
3254 4026 3381 4067 sunt
3413 4016 3535 4068 curii

1952 4118 2009 4161 et
2039 4118 2181 4159 terra
2204 4107 2374 4175 gloria
2400 4106 2573 4173 ejus,»
2607 4114 2695 4165 et;
2725 4124 2740 4155 ι
2760 4106 3050 4160 Benedicta
3073 4106 3242 4175 gloria
3267 4104 3535 4158 Domini.»

1959 4195 2218 4263 Deinceps
2249 4194 2502 4248 sacerdos
2554 4194 2629 4247 ait
2664 4209 2677 4248 2
2720 4212 2737 4242 ι
2768 4192 3137 4248 Sanetissimte
3184 4205 3236 4247 et
3265 4196 3535 4247 immacu-

1958 4289 2149 4351 latae»,
2213 4288 2432 4352 altaque
2486 4300 2616 4341 voce
2674 4286 2838 4337 Deum
2896 4285 2948 4338 in
3005 4284 3268 4338 Trinitate
3300 4286 3534 4338 celebrat

1957 4376 2179 4429 dicens:
2216 4394 2232 4425 ι
2266 4376 2530 4440 Quoniam
2592 4384 2641 4427 te
2669 4376 2822 4428 decet
2851 4376 3030 4427 omnis
3062 4374 3256 4443 gloria,
3294 4376 3468 4427 bonor
3490 4388 3543 4428 et

1957 4468 2223 4521 adoratio.
2251 4486 2267 4517 »
2295 4466 2356 4519 Et
2379 4467 2449 4519 ita
2485 4476 2629 4519 totus
2660 4464 2857 4517 dicitur
2888 4465 3130 4533 psalmus
3180 4481 3302 4518 Cum
3336 4465 3417 4518 liis
3452 4481 3541 4516 vo—

274 4566 511 4631 ἀνυμνεῖ
555 4564 648 4614 τὸν
690 4565 749 4615 ὲν
801 4562 989 4631 Τριάδι
1028 4563 1182 4627 Θεὸν,
1237 4582 1255 4614 ι
1312 4565 1435 4616 Ὀτι
1497 4565 1697 4633 πρέπει
1748 4584 1846 4632 σοι,

1958 4559 2109 4613 cibus
2145 4574 2156 4608 :
2201 4558 2409 4613 tGloria
2446 4558 2563 4621 tibi,
2601 4557 2795 4619 Deus,»
2824 4565 2916 4613 et:
2960 4555 3072 4609 die
3099 4556 3261 4623 igitur
3286 4556 3536 4610 exaudi.»

276 4655 478 4722 λέγων,
536 4656 686 4708 πᾶσα
740 4654 888 4719 δόξα,
931 4655 1069 4724 τιμὴ
1102 4656 1198 4708 καὶ
1252 4656 1648 4725 προσκύνησις.
1689 4676 1708 4710 ι
1748 4660 1854 4711 Καὶ

274 4743 425 4797 οὕτω
456 4744 561 4798 πᾶς
596 4745 624 4795 ὁ
657 4743 886 4809 Ψαλμὺς
939 4743 1158 4806 λέγεται
1196 4745 1331 4811 μετὰ
1356 4743 1475 4805 τοῦ,
1512 4761 1528 4793 ι
1572 4744 1707 4807 Δόξα
1750 4762 1853 4806 σοι,

275 4837 308 4887 ὁ
348 4835 499 4896 Θεός.
544 4853 563 4887 »
595 4836 667 4888 Τὸ
709 4834 1046 4887 Ἐπάκουσόν
1088 4852 1188 4903 μου
1232 4834 1346 4896 οὖν,
1372 4835 1467 4887 τοῦ
1513 4836 1856 4905 ἐπαγομένου

272 4926 498 4996 ψαλμοῦ
548 4926 838 4994 τυγχάνον,
880 4923 956 4989 ὡς
1002 4926 1249 4995 εἴρηται.
1294 4924 1463 4976 Τοῦτο
1519 4925 1639 4987 ἔθος
1679 4927 1773 4978 καὶ
1802 4930 1859 4978 ἐν

273 5020 403 5079 ταῖς
436 5018 626 5079 ἄλλαις
652 5017 999 5079 ἀκολουθίαις
1030 5018 1181 5070 ἐστὶν
1202 5018 1258 5069 ἐν
1283 5018 1358 5085 τῷ
1390 5018 1597 5087 ᾄσματι
1619 5034 1633 5047 ·
1668 5018 1861 5087 προλέ-

274 5124 441 5175 γουσι
471 5108 579 5177 γάρ
622 5125 674 5159 τι
708 5108 893 5177 στίχου
945 5106 1119 5176 μέρος
1153 5108 1249 5164 ἀεὶ
1302 5108 1397 5161 τοῦ
1453 5110 1859 5178 ἐπιφερομένου

274 5198 525 5267 ψαλμοῦ,
555 5199 588 5269 ἥ
629 5200 767 5267 μετὰ
790 5199 885 5251 τοῦ
927 5195 1274 5264 ’Ᾱλληλοῦῖα,
1306 5201 1339 5269 ἢ
1374 5202 1490 5266 τοῦ,
1528 5218 1547 5251 ι
1588 5201 1725 5263 Δόξα
1750 5217 1854 5262 σοι,

272 5295 308 5345 ὁ
345 5290 499 5355 Θεὸς,
561 5310 579 5343 »
626 5291 661 5359 ἧ
694 5308 839 5353 τινος
892 5292 1284 5361 ὑποψαλματος
1343 5294 1859 5362 προοιμιαζόμενοι·

278 5379 585 5447 ὑπόψιλμα
658 5380 717 5432 δὲ
769 5379 988 5448 λέγεται
1060 5382 1146 5434 διὰ
1195 5383 1257 5435 τὸ
1311 5384 1451 5451 μετὰ
1496 5383 1591 5435 τοῦ
1643 5383 1862 5451 ψαλμοῦ

279 5470 428 5522 κατὰ
452 5468 632 5537 στίχον
678 5469 923 5539 ᾄδεσθαι.
980 5471 1086 5523 Καὶ
1123 5472 1339 5539 πρῶτον
1387 5478 1486 5541 μὲν
1517 5475 1607 5525 τὸν
1661 5473 1862 5539 στίχον,

281 5561 482 5612 ἔπειτα
525 5560 581 5612 δὲ
632 5560 789 5613 τοῦτο
842 5561 1099 5627 λέγεσθαι
1126 5579 1140 5593 ο
1183 5558 1313 5627 οἷον,
1355 5582 1373 5614 ι
1411 5564 1623 5626 κλῖνον,
1664 5564 1862 5632 Κύριε,

279 5653 352 5705 τὸ
384 5650 477 5714 οῦς
505 5669 622 5717 σου,
660 5653 753 5704 καὶ
776 5655 1079 5708 ἐπάκουσόν
1117 5674 1242 5723 μου.
1280 5657 1417 5721 Δόξα
1452 5673 1557 5721 σοι,
1582 5656 1610 5706 ὁ
1630 5656 1763 5719 Θεός
1785 5672 1798 5686 '
1840 5677 1857 5707 »

284 5742 383 5795 καὶ
416 5742 475 5793 έν
505 5744 617 5805 τοῖς
658 5741 865 5805 λοιποῖς
895 5745 1117 5812 ὁμοίως.
1170 5746 1258 5798 Ἐν
1287 5749 1401 5809 τοῖς
1444 5749 1748 5813 ὲσπερινοίς
1773 5745 1865 5800 οὖν

286 5834 465 5893 ἅπασι
497 5834 577 5903 τὸ,
616 5853 635 5887 ‹
676 5834 891 5904 Κλίνον,
929 5836 1119 5904 Κύριε,
1154 5838 1213 5890 τὸ
1245 5837 1334 5901 οῦς
1366 5854 1481 5907 σου,
1522 5858 1538 5890 »
1577 5839 1862 5907 ψαλλεται.

1960 4664 2079 4717 quae
2116 4649 2166 4702 in
2236 4649 2445 4716 psalmo
2494 4649 2623 4702 dum
2687 4650 3037 4701 continuatur
3100 4649 3541 4715 interponuntur.

1959 4742 2101 4795 sicut
2127 4741 2337 4794 dictum
2367 4748 2472 4793 est.
2507 4740 2630 4793 llaec
2659 4748 2741 4794 est
2774 4740 2920 4793 enim
2969 4739 3020 4791 in
3076 4738 3331 4791 cautione
3380 4739 3541 4791 etiam

1961 4833 2013 4885 in
2045 4832 2167 4885 aliis
2201 4832 2486 4884 ordinibus
2522 4831 2859 4884 consuetudo
2889 4845 2901 4885 :
2935 4830 3085 4895 prius
3119 4838 3323 4899 partem
3358 4845 3545 4884 versus

1960 4924 2169 4985 dicunt,
2197 4932 2252 4976 et
2282 4921 2511 4988 singulis
2531 4921 2720 4989 psalmi
2746 4920 3047 4973 continuati
3080 4921 3324 4974 versibus
3349 4921 3545 4988 praelu-

1959 5016 2091 5069 duut
2116 5013 2358 5066 dicentes
2380 5010 2732 5080 Alleluia,§vel
2769 5022 2783 5063 :
2824 5010 3035 5063 «Gloria
3066 5010 3183 5075 tibi,
3225 5012 3363 5065 Deus
3400 5030 3419 5063 »
3462 5014 3541 5066 vel

1960 5106 2122 5159 alium
2156 5103 2529 5157 iutercalarem
2563 5102 2911 5164 versiculum,
2937 5102 3031 5170 qui
3066 5104 3165 5166 boe
3200 5113 3423 5154 vocatur
3450 5119 3543 5154 no-

1965 5197 2108 5250 mine
2141 5197 2269 5265 quia
2302 5209 2425 5249 cum
2451 5193 2661 5262 psalmo
2688 5193 2827 5247 inter
2870 5206 3060 5245 versus
3089 5201 3361 5245 cantatur.
3420 5190 3540 5243 Pri-

1964 5307 2089 5344 mus
2117 5288 2340 5357 quidem
2370 5286 2571 5339 dicitur
2603 5299 2813 5348 versus,
2846 5294 2899 5336 et
2950 5283 3147 5336 deinde
3179 5283 3271 5336 ille
3300 5284 3542 5336 versicu-

1965 5382 2071 5446 lus,
2095 5379 2328 5448 exempli
2358 5377 2530 5448 gratia
2561 5395 2575 5430 :
2610 5394 2626 5427 ι
2658 5374 2883 5441 inclina,
2907 5374 3154 5439 Domine,
3180 5390 3365 5429 aurem
3392 5386 3535 5451 tuam

1964 5484 2018 5529 et
2045 5472 2241 5527 exaudi
2294 5466 2425 5535 me;
2457 5468 2638 5524 Gloria
2692 5467 2786 5521 tibi
2840 5467 3052 5528 Deus»,
3105 5476 3159 5519 et
3213 5466 3464 5520 similiter
3492 5466 3544 5519 in

1966 5566 2198 5621 exteris.
2229 5562 2397 5631 Igitur
2460 5564 2511 5614 in
2548 5561 2858 5627 vespertina
2923 5560 3181 5612 cautione
3214 5566 3322 5610 tota
3356 5564 3545 5610 canta-

1970 5668 2056 5712 tur
2086 5673 2099 5707 :
2134 5676 2150 5706 ι
2172 5656 2393 5717 Inclina,
2419 5654 2665 5715 Domine,
2697 5667 2884 5705 aurem
2917 5661 3060 5704 tuam
3092 5668 3137 5706 ».
3171 5652 3435 5719 quoniam
3465 5651 3543 5703 sol

1963 5748 2187 5815 iustitia:
2237 5744 2706 5799 inclinavitcualos
2732 5751 2786 5796 et
2831 5742 3110 5796 descendit
3141 5741 3263 5795 licet
3289 5756 3545 5795 occasum

1972 5838 2240 5903 nesciens,
2279 5844 2420 5891 tunc
2458 5849 2588 5891 vero
2622 5833 2897 5891 sensibilis
2933 5832 3205 5890 inclinans
3225 5832 3305 5889 sol
3330 5832 3547 5900 occidit;
