  <div class='ocr_page' id='page_1' title='image "/cluster/home/n/w/nwhite01/storage/ocr_20150623/155/nnc1.0022106758/330.png"; bbox 0 0 4208 6440; ppageno 0'>
   <div class='ocr_carea' id='block_1_1' title="bbox 249 516 1627 596">
    <p class='ocr_par' dir='ltr' id='par_1_1' title="bbox 249 516 1627 596">
     <span class='ocr_line' id='line_1_1' title="bbox 249 516 1627 596; baseline -0.012 -13"><span class='ocrx_word' id='word_1_1' title='bbox 249 528 533 596; x_wconf 64' lang='grc' dir='ltr'>ἀντίληψιν</span> <span class='ocrx_word' id='word_1_2' title='bbox 558 528 673 587; x_wconf 68' lang='grc' dir='ltr'>ταῖς</span> <span class='ocrx_word' id='word_1_3' title='bbox 704 523 903 593; x_wconf 75' lang='grc' dir='ltr'>ψυχαῖς</span> <span class='ocrx_word' id='word_1_4' title='bbox 938 521 1115 593; x_wconf 75' lang='grc' dir='ltr'>ἡμῶν.</span> <span class='ocrx_word' id='word_1_5' title='bbox 1169 540 1186 573; x_wconf 91' lang='lat'><strong>9</strong></span> <span class='ocrx_word' id='word_1_6' title='bbox 1211 520 1396 573; x_wconf 82' lang='grc' dir='ltr'>Ταῦτα</span> <span class='ocrx_word' id='word_1_7' title='bbox 1440 518 1496 569; x_wconf 76' lang='grc' dir='ltr'>δὲ</span> <span class='ocrx_word' id='word_1_8' title='bbox 1528 516 1627 585; x_wconf 76' lang='grc' dir='ltr'>τὴν</span> 
     </span>
    </p>
   </div>
   <div class='ocr_carea' id='block_1_2' title="bbox 252 604 1821 689">
    <p class='ocr_par' dir='ltr' id='par_1_2' title="bbox 252 604 1821 689">
     <span class='ocr_line' id='line_1_2' title="bbox 252 604 1821 689; baseline -0.011 -16"><span class='ocrx_word' id='word_1_9' title='bbox 252 619 449 689; x_wconf 85' lang='grc' dir='ltr'>νομίαν</span> <span class='ocrx_word' id='word_1_10' title='bbox 480 616 956 686; x_wconf 79' lang='grc' dir='ltr'>προκηρυχοεῖσαν</span> <span class='ocrx_word' id='word_1_11' title='bbox 994 612 1231 684; x_wconf 78' lang='grc' dir='ltr'><strong>Χριστοῦ</strong></span> <span class='ocrx_word' id='word_1_12' title='bbox 1303 607 1691 681; x_wconf 80' lang='grc' dir='ltr'><strong>μεγαλύνουσι,</strong></span> <span class='ocrx_word' id='word_1_13' title='bbox 1725 604 1821 657; x_wconf 74' lang='grc' dir='ltr'><strong>καὶ</strong></span> 
     </span>
    </p>
   </div>
   <div class='ocr_carea' id='block_1_3' title="bbox 257 697 1817 783">
    <p class='ocr_par' dir='ltr' id='par_1_3' title="bbox 257 697 1817 783">
     <span class='ocr_line' id='line_1_3' title="bbox 257 697 1817 783; baseline -0.012 -16"><span class='ocrx_word' id='word_1_14' title='bbox 257 714 488 783; x_wconf 81' lang='grc' dir='ltr'>μάλιστα</span> <span class='ocrx_word' id='word_1_15' title='bbox 508 711 595 763; x_wconf 74' lang='grc' dir='ltr'>δια</span> <span class='ocrx_word' id='word_1_16' title='bbox 619 708 714 760; x_wconf 85' lang='grc' dir='ltr'><strong>τοῦ</strong></span> <span class='ocrx_word' id='word_1_17' title='bbox 761 708 925 761; x_wconf 81' lang='grc' dir='ltr'>τόκου</span> <span class='ocrx_word' id='word_1_18' title='bbox 952 708 1048 759; x_wconf 87' lang='grc' dir='ltr'><strong>τοῦ</strong></span> <span class='ocrx_word' id='word_1_19' title='bbox 1088 702 1427 765; x_wconf 85' lang='grc' dir='ltr'>Βαπτιστοῦ,</span> <span class='ocrx_word' id='word_1_20' title='bbox 1471 700 1545 762; x_wconf 86' lang='grc' dir='ltr'>ὠς</span> <span class='ocrx_word' id='word_1_21' title='bbox 1576 697 1817 768; x_wconf 60' lang='grc' dir='ltr'>προέφη·</span> 
     </span>
    </p>
   </div>
   <div class='ocr_carea' id='block_1_4' title="bbox 256 788 1820 866">
    <p class='ocr_par' dir='ltr' id='par_1_4' title="bbox 256 788 1820 866">
     <span class='ocr_line' id='line_1_4' title="bbox 256 788 1820 866; baseline -0.008 -17"><span class='ocrx_word' id='word_1_22' title='bbox 256 815 376 866; x_wconf 82' lang='grc' dir='ltr'>μεν.</span> <span class='ocrx_word' id='word_1_23' title='bbox 413 795 520 850; x_wconf 77' lang='grc' dir='ltr'>Καὶ</span> <span class='ocrx_word' id='word_1_24' title='bbox 554 795 718 858; x_wconf 81' lang='grc' dir='ltr'>εὐθὺς</span> <span class='ocrx_word' id='word_1_25' title='bbox 773 797 832 848; x_wconf 71' lang='grc' dir='ltr'>ιν</span> <span class='ocrx_word' id='word_1_26' title='bbox 873 794 949 865; x_wconf 81' lang='grc' dir='ltr'><strong>τῷ</strong></span> <span class='ocrx_word' id='word_1_27' title='bbox 1003 794 1219 864; x_wconf 80' lang='grc' dir='ltr'>ἀμὸωνι</span> <span class='ocrx_word' id='word_1_28' title='bbox 1271 792 1422 860; x_wconf 87' lang='grc' dir='ltr'><strong>παρά</strong></span> <span class='ocrx_word' id='word_1_29' title='bbox 1471 788 1820 856; x_wconf 77' lang='grc' dir='ltr'><strong>ἀναγνώστου</strong></span> 
     </span>
    </p>
   </div>
   <div class='ocr_carea' id='block_1_5' title="bbox 252 870 1823 958">
    <p class='ocr_par' dir='ltr' id='par_1_5' title="bbox 252 870 1823 958">
     <span class='ocr_line' id='line_1_5' title="bbox 252 870 1823 958; baseline -0.011 -12"><span class='ocrx_word' id='word_1_30' title='bbox 252 892 334 956; x_wconf 81' lang='grc' dir='ltr'>τὸ,</span> <span class='ocrx_word' id='word_1_31' title='bbox 374 910 393 943; x_wconf 75' lang='grc' dir='ltr'><strong>ι</strong></span> <span class='ocrx_word' id='word_1_32' title='bbox 445 891 584 956; x_wconf 79' lang='grc' dir='ltr'>Δόξα</span> <span class='ocrx_word' id='word_1_33' title='bbox 621 887 678 943; x_wconf 74' lang='grc' dir='ltr'>ἑν</span> <span class='ocrx_word' id='word_1_34' title='bbox 737 870 985 958; x_wconf 76' lang='grc' dir='ltr'>ὑψίστοις</span> <span class='ocrx_word' id='word_1_35' title='bbox 1036 887 1177 956; x_wconf 83' lang='grc' dir='ltr'>Θεῷ,</span> <span class='ocrx_word' id='word_1_36' title='bbox 1230 905 1248 937; x_wconf 96' lang='lat'><strong>9</strong></span> <span class='ocrx_word' id='word_1_37' title='bbox 1307 882 1681 953; x_wconf 79' lang='grc' dir='ltr'>λαμόάνοντος</span> <span class='ocrx_word' id='word_1_38' title='bbox 1733 876 1823 929; x_wconf 85' lang='grc' dir='ltr'>τὸν</span> 
     </span>
    </p>
   </div>
   <div class='ocr_carea' id='block_1_6' title="bbox 257 970 1821 1053">
    <p class='ocr_par' dir='ltr' id='par_1_6' title="bbox 257 970 1821 1053">
     <span class='ocr_line' id='line_1_6' title="bbox 257 970 1821 1053; baseline -0.012 -15"><span class='ocrx_word' id='word_1_39' title='bbox 257 983 490 1053; x_wconf 79' lang='grc' dir='ltr'>σταυρὸν</span> <span class='ocrx_word' id='word_1_40' title='bbox 517 982 635 1042; x_wconf 78' lang='grc' dir='ltr'>ταῖς</span> <span class='ocrx_word' id='word_1_41' title='bbox 656 981 838 1051; x_wconf 76' lang='grc' dir='ltr'>χερσὶ,</span> <span class='ocrx_word' id='word_1_42' title='bbox 897 981 991 1032; x_wconf 79' lang='grc' dir='ltr'>καὶ</span> <span class='ocrx_word' id='word_1_43' title='bbox 1024 980 1080 1034; x_wconf 69' lang='grc' dir='ltr'><strong>δν</strong></span> <span class='ocrx_word' id='word_1_44' title='bbox 1109 976 1186 1047; x_wconf 83' lang='grc' dir='ltr'>τῷ</span> <span class='ocrx_word' id='word_1_45' title='bbox 1235 972 1451 1044; x_wconf 70' lang='grc' dir='ltr'>ἄμϐωνι</span> <span class='ocrx_word' id='word_1_46' title='bbox 1511 970 1821 1039; x_wconf 74' lang='grc' dir='ltr'><strong>ἱσταμένου,</strong></span> 
     </span>
    </p>
   </div>
   <div class='ocr_carea' id='block_1_7' title="bbox 260 1054 1826 1140">
    <p class='ocr_par' dir='ltr' id='par_1_7' title="bbox 260 1054 1826 1140">
     <span class='ocr_line' id='line_1_7' title="bbox 260 1054 1826 1140; baseline -0.011 -10"><span class='ocrx_word' id='word_1_47' title='bbox 260 1077 354 1130; x_wconf 76' lang='grc' dir='ltr'>καὶ</span> <span class='ocrx_word' id='word_1_48' title='bbox 390 1068 825 1128; x_wconf 76' lang='grc' dir='ltr'>ἑπισυνάπτεται</span> <span class='ocrx_word' id='word_1_49' title='bbox 863 1070 1014 1140; x_wconf 87' lang='grc' dir='ltr'><strong>παρά</strong></span> <span class='ocrx_word' id='word_1_50' title='bbox 1046 1069 1153 1122; x_wconf 85' lang='grc' dir='ltr'>τῶν</span> <span class='ocrx_word' id='word_1_51' title='bbox 1186 1054 1462 1137; x_wconf 71' lang='grc' dir='ltr'>ψαλτῶνὴ</span> <span class='ocrx_word' id='word_1_52' title='bbox 1496 1062 1705 1133; x_wconf 79' lang='grc' dir='ltr'><strong>μεγάλη</strong></span> <span class='ocrx_word' id='word_1_53' title='bbox 1739 1062 1826 1114; x_wconf 83' lang='grc' dir='ltr'><strong>δο-</strong></span> 
     </span>
    </p>
   </div>
   <div class='ocr_carea' id='block_1_8' title="bbox 261 1146 1825 1232">
    <p class='ocr_par' dir='ltr' id='par_1_8' title="bbox 261 1146 1825 1232">
     <span class='ocr_line' id='line_1_8' title="bbox 261 1146 1825 1232; baseline -0.01 -14"><span class='ocrx_word' id='word_1_54' title='bbox 261 1152 506 1232; x_wconf 79' lang='grc' dir='ltr'>ξολογία.</span> <span class='ocrx_word' id='word_1_55' title='bbox 542 1161 718 1219; x_wconf 17' lang='grc' dir='ltr'>,Τοῦτο</span> <span class='ocrx_word' id='word_1_56' title='bbox 743 1161 799 1215; x_wconf 79' lang='grc' dir='ltr'><strong>δὲ</strong></span> <span class='ocrx_word' id='word_1_57' title='bbox 829 1160 1043 1228; x_wconf 76' lang='grc' dir='ltr'>γίνεται</span> <span class='ocrx_word' id='word_1_58' title='bbox 1077 1157 1202 1211; x_wconf 84' lang='grc' dir='ltr'><strong>καθ’</strong></span> <span class='ocrx_word' id='word_1_59' title='bbox 1232 1157 1495 1223; x_wconf 72' lang='grc' dir='ltr'>ἑκάστην.</span> <span class='ocrx_word' id='word_1_60' title='bbox 1529 1146 1609 1222; x_wconf 76' lang='grc' dir='ltr'><strong>Τῇ</strong></span> <span class='ocrx_word' id='word_1_61' title='bbox 1670 1152 1726 1204; x_wconf 85' lang='grc' dir='ltr'>δέ</span> <span class='ocrx_word' id='word_1_62' title='bbox 1760 1168 1825 1220; x_wconf 82' lang='grc' dir='ltr'><strong>γε</strong></span> 
     </span>
    </p>
   </div>
   <div class='ocr_carea' id='block_1_9' title="bbox 257 1245 1826 1329">
    <p class='ocr_par' dir='ltr' id='par_1_9' title="bbox 257 1245 1826 1329">
     <span class='ocr_line' id='line_1_9' title="bbox 257 1245 1826 1329; baseline -0.011 -16"><span class='ocrx_word' id='word_1_63' title='bbox 257 1260 514 1329; x_wconf 78' lang='grc' dir='ltr'>κυριακῇ</span> <span class='ocrx_word' id='word_1_64' title='bbox 560 1255 703 1309; x_wconf 77' lang='grc' dir='ltr'>κατὰ</span> <span class='ocrx_word' id='word_1_65' title='bbox 754 1255 847 1306; x_wconf 78' lang='grc' dir='ltr'>τὸν</span> <span class='ocrx_word' id='word_1_66' title='bbox 900 1250 1033 1322; x_wconf 73' lang='grc' dir='ltr'>ἦχον</span> <span class='ocrx_word' id='word_1_67' title='bbox 1081 1255 1131 1305; x_wconf 88' lang='grc' dir='ltr'>οἱ</span> <span class='ocrx_word' id='word_1_68' title='bbox 1203 1268 1222 1303; x_wconf 72' lang='grc' dir='ltr'><strong>ι</strong></span> <span class='ocrx_word' id='word_1_69' title='bbox 1255 1249 1464 1304; x_wconf 77' lang='grc' dir='ltr'>Δὶνεῖτε</span> <span class='ocrx_word' id='word_1_70' title='bbox 1495 1265 1513 1298; x_wconf 84' lang='grc' dir='ltr'><strong>ι</strong></span> <span class='ocrx_word' id='word_1_71' title='bbox 1572 1245 1826 1312; x_wconf 87' lang='grc' dir='ltr'>λέγονται</span> 
     </span>
    </p>
   </div>
   <div class='ocr_carea' id='block_1_10' title="bbox 259 1338 1828 1418">
    <p class='ocr_par' dir='ltr' id='par_1_10' title="bbox 259 1338 1828 1418">
     <span class='ocr_line' id='line_1_10' title="bbox 259 1338 1828 1418; baseline -0.009 -17"><span class='ocrx_word' id='word_1_72' title='bbox 259 1352 398 1418; x_wconf 84' lang='grc' dir='ltr'><strong>μετά</strong></span> <span class='ocrx_word' id='word_1_73' title='bbox 420 1349 529 1400; x_wconf 85' lang='grc' dir='ltr'><strong>τῶν</strong></span> <span class='ocrx_word' id='word_1_74' title='bbox 568 1346 932 1416; x_wconf 74' lang='grc' dir='ltr'>ὑποψάλμων.</span> <span class='ocrx_word' id='word_1_75' title='bbox 973 1344 1083 1396; x_wconf 73' lang='grc' dir='ltr'>Καὶ</span> <span class='ocrx_word' id='word_1_76' title='bbox 1106 1345 1182 1405; x_wconf 77' lang='grc' dir='ltr'><strong>είς</strong></span> <span class='ocrx_word' id='word_1_77' title='bbox 1207 1342 1267 1395; x_wconf 85' lang='grc' dir='ltr'>τὸ</span> <span class='ocrx_word' id='word_1_78' title='bbox 1291 1341 1442 1403; x_wconf 87' lang='grc' dir='ltr'>τέλος</span> <span class='ocrx_word' id='word_1_79' title='bbox 1476 1338 1828 1405; x_wconf 86' lang='grc' dir='ltr'>ἀναστάσιμα</span> 
     </span>
    </p>
   </div>
   <div class='ocr_carea' id='block_1_11' title="bbox 259 1430 1827 1509">
    <p class='ocr_par' dir='ltr' id='par_1_11' title="bbox 259 1430 1827 1509">
     <span class='ocr_line' id='line_1_11' title="bbox 259 1430 1827 1509; baseline -0.008 -17"><span class='ocrx_word' id='word_1_80' title='bbox 259 1439 555 1509; x_wconf 73' lang='grc' dir='ltr'>στεχηράἢ</span> <span class='ocrx_word' id='word_1_81' title='bbox 606 1439 702 1507; x_wconf 81' lang='grc' dir='ltr'>τῆς</span> <span class='ocrx_word' id='word_1_82' title='bbox 735 1436 951 1506; x_wconf 78' lang='grc' dir='ltr'><strong>ἑορτῆς,</strong></span> <span class='ocrx_word' id='word_1_83' title='bbox 999 1436 1032 1505; x_wconf 79' lang='grc' dir='ltr'><strong>ἦ</strong></span> <span class='ocrx_word' id='word_1_84' title='bbox 1092 1436 1332 1504; x_wconf 78' lang='grc' dir='ltr'><strong>μεγάλου</strong></span> <span class='ocrx_word' id='word_1_85' title='bbox 1387 1432 1565 1500; x_wconf 84' lang='grc' dir='ltr'>ἁγίου,</span> <span class='ocrx_word' id='word_1_86' title='bbox 1616 1433 1665 1483; x_wconf 84' lang='grc' dir='ltr'><strong>εί</strong></span> <span class='ocrx_word' id='word_1_87' title='bbox 1709 1430 1827 1481; x_wconf 78' lang='grc' dir='ltr'>ἔστι</span> 
     </span>
    </p>
   </div>
   <div class='ocr_carea' id='block_1_12' title="bbox 262 1519 1830 1602">
    <p class='ocr_par' dir='ltr' id='par_1_12' title="bbox 262 1519 1830 1602">
     <span class='ocr_line' id='line_1_12' title="bbox 262 1519 1830 1602; baseline -0.006 -19"><span class='ocrx_word' id='word_1_88' title='bbox 262 1537 450 1602; x_wconf 81' lang='grc' dir='ltr'>μνήμη</span> <span class='ocrx_word' id='word_1_89' title='bbox 480 1529 674 1594; x_wconf 85' lang='grc' dir='ltr'>αὐτοῦ,</span> <span class='ocrx_word' id='word_1_90' title='bbox 726 1529 863 1595; x_wconf 70' lang='grc' dir='ltr'>Δόξα</span> <span class='ocrx_word' id='word_1_91' title='bbox 918 1529 977 1580; x_wconf 80' lang='grc' dir='ltr'>τὸ</span> <span class='ocrx_word' id='word_1_92' title='bbox 1021 1528 1266 1581; x_wconf 76' lang='grc' dir='ltr'>ἑωθινόν.</span> <span class='ocrx_word' id='word_1_93' title='bbox 1308 1527 1397 1580; x_wconf 88' lang='grc' dir='ltr'>Ἐν</span> <span class='ocrx_word' id='word_1_94' title='bbox 1426 1519 1470 1593; x_wconf 82' lang='grc' dir='ltr'>ᾧ</span> <span class='ocrx_word' id='word_1_95' title='bbox 1500 1524 1701 1586; x_wconf 82' lang='grc' dir='ltr'>είσοδος</span> <span class='ocrx_word' id='word_1_96' title='bbox 1722 1522 1830 1575; x_wconf 77' lang='grc' dir='ltr'>τῶν</span> 
     </span>
    </p>
   </div>
   <div class='ocr_carea' id='block_1_13' title="bbox 260 1611 1833 1691">
    <p class='ocr_par' dir='ltr' id='par_1_13' title="bbox 260 1611 1833 1691">
     <span class='ocr_line' id='line_1_13' title="bbox 260 1611 1833 1691; baseline -0.005 -17"><span class='ocrx_word' id='word_1_97' title='bbox 260 1623 452 1691; x_wconf 76' lang='grc' dir='ltr'>ἱερέων</span> <span class='ocrx_word' id='word_1_98' title='bbox 490 1623 629 1689; x_wconf 88' lang='grc' dir='ltr'><strong>μετά</strong></span> <span class='ocrx_word' id='word_1_99' title='bbox 684 1622 776 1673; x_wconf 88' lang='grc' dir='ltr'><strong>τοῦ</strong></span> <span class='ocrx_word' id='word_1_100' title='bbox 818 1618 1058 1687; x_wconf 80' lang='grc' dir='ltr'>σταυροῦ</span> <span class='ocrx_word' id='word_1_101' title='bbox 1113 1611 1209 1673; x_wconf 69' lang='grc' dir='ltr'><strong>καὶ</strong></span> <span class='ocrx_word' id='word_1_102' title='bbox 1248 1618 1343 1671; x_wconf 83' lang='grc' dir='ltr'><strong>τοῦ</strong></span> <span class='ocrx_word' id='word_1_103' title='bbox 1384 1618 1530 1671; x_wconf 79' lang='grc' dir='ltr'>θείου</span> <span class='ocrx_word' id='word_1_104' title='bbox 1588 1616 1833 1683; x_wconf 81' lang='grc' dir='ltr'>Εὐαγγε-</span> 
     </span>
    </p>
   </div>
   <div class='ocr_carea' id='block_1_14' title="bbox 260 1706 1832 1784">
    <p class='ocr_par' dir='ltr' id='par_1_14' title="bbox 260 1706 1832 1784">
     <span class='ocr_line' id='line_1_14' title="bbox 260 1706 1832 1784; baseline -0.005 -17"><span class='ocrx_word' id='word_1_105' title='bbox 260 1717 401 1782; x_wconf 72' lang='grc' dir='ltr'>λξιυ,</span> <span class='ocrx_word' id='word_1_106' title='bbox 432 1716 530 1784; x_wconf 76' lang='grc' dir='ltr'><strong>τὴν</strong></span> <span class='ocrx_word' id='word_1_107' title='bbox 574 1714 667 1767; x_wconf 79' lang='grc' dir='ltr'><strong>τοῦ</strong></span> <span class='ocrx_word' id='word_1_108' title='bbox 703 1706 957 1783; x_wconf 78' lang='grc' dir='ltr'><strong>Σωτῆρος</strong></span> <span class='ocrx_word' id='word_1_109' title='bbox 994 1712 1291 1765; x_wconf 82' lang='grc' dir='ltr'><strong>ἀνάστασιν</strong></span> <span class='ocrx_word' id='word_1_110' title='bbox 1335 1712 1540 1779; x_wconf 79' lang='grc' dir='ltr'><strong>ταύτης</strong></span> <span class='ocrx_word' id='word_1_111' title='bbox 1570 1710 1665 1777; x_wconf 85' lang='grc' dir='ltr'>τῆς</span> <span class='ocrx_word' id='word_1_112' title='bbox 1695 1707 1832 1760; x_wconf 76' lang='grc' dir='ltr'>εἰσό-</span> 
     </span>
    </p>
   </div>
   <div class='ocr_carea' id='block_1_15' title="bbox 260 1800 1832 1877">
    <p class='ocr_par' dir='ltr' id='par_1_15' title="bbox 260 1800 1832 1877">
     <span class='ocr_line' id='line_1_15' title="bbox 260 1800 1832 1877; baseline -0.003 -17"><span class='ocrx_word' id='word_1_113' title='bbox 260 1809 350 1861; x_wconf 70' lang='grc' dir='ltr'>δου</span> <span class='ocrx_word' id='word_1_114' title='bbox 405 1807 784 1877; x_wconf 75' lang='grc' dir='ltr'><strong>σημαινούσης</strong></span> <span class='ocrx_word' id='word_1_115' title='bbox 830 1808 959 1875; x_wconf 71' lang='grc' dir='ltr'>περὶ</span> <span class='ocrx_word' id='word_1_116' title='bbox 1015 1806 1107 1858; x_wconf 72' lang='grc' dir='ltr'>τὸν</span> <span class='ocrx_word' id='word_1_117' title='bbox 1180 1804 1378 1875; x_wconf 73' lang='grc' dir='ltr'>ὄρθρον</span> <span class='ocrx_word' id='word_1_118' title='bbox 1435 1800 1832 1871; x_wconf 76' lang='grc' dir='ltr'><strong>γεγενημένης.</strong></span> 
     </span>
    </p>
   </div>
   <div class='ocr_carea' id='block_1_16' title="bbox 262 1893 1831 1967">
    <p class='ocr_par' dir='ltr' id='par_1_16' title="bbox 262 1893 1831 1967">
     <span class='ocr_line' id='line_1_16' title="bbox 262 1893 1831 1967; baseline -0.004 -17"><span class='ocrx_word' id='word_1_119' title='bbox 262 1901 353 1951; x_wconf 78' lang='grc' dir='ltr'><strong>Διὸ</strong></span> <span class='ocrx_word' id='word_1_120' title='bbox 380 1900 488 1950; x_wconf 85' lang='grc' dir='ltr'><strong>τῶν</strong></span> <span class='ocrx_word' id='word_1_121' title='bbox 512 1899 702 1967; x_wconf 88' lang='grc' dir='ltr'>ἱερέων</span> <span class='ocrx_word' id='word_1_122' title='bbox 725 1898 825 1967; x_wconf 85' lang='grc' dir='ltr'>τὴν</span> <span class='ocrx_word' id='word_1_123' title='bbox 853 1895 1017 1965; x_wconf 75' lang='grc' dir='ltr'>εὐχὴν</span> <span class='ocrx_word' id='word_1_124' title='bbox 1051 1895 1389 1964; x_wconf 71' lang='grc' dir='ltr'>κλινομένων</span> <span class='ocrx_word' id='word_1_125' title='bbox 1445 1894 1709 1961; x_wconf 76' lang='grc' dir='ltr'>λεγόντων</span> <span class='ocrx_word' id='word_1_126' title='bbox 1735 1893 1831 1959; x_wconf 84' lang='grc' dir='ltr'>τῆς</span> 
     </span>
    </p>
   </div>
   <div class='ocr_carea' id='block_1_17' title="bbox 263 1987 1834 2059">
    <p class='ocr_par' dir='ltr' id='par_1_17' title="bbox 263 1987 1834 2059">
     <span class='ocr_line' id='line_1_17' title="bbox 263 1987 1834 2059; baseline -0.006 -13"><span class='ocrx_word' id='word_1_127' title='bbox 263 1994 470 2046; x_wconf 76' lang='grc' dir='ltr'><strong>εἰσόδου</strong></span> <span class='ocrx_word' id='word_1_128' title='bbox 508 1994 565 2044; x_wconf 86' lang='grc' dir='ltr'>ὲν</span> <span class='ocrx_word' id='word_1_129' title='bbox 597 1991 673 2059; x_wconf 85' lang='grc' dir='ltr'><strong>τῷ</strong></span> <span class='ocrx_word' id='word_1_130' title='bbox 721 1991 953 2057; x_wconf 82' lang='grc' dir='ltr'>έωΘινῴ,</span> <span class='ocrx_word' id='word_1_131' title='bbox 991 1988 1019 2041; x_wconf 86' lang='grc' dir='ltr'>ὃ</span> <span class='ocrx_word' id='word_1_132' title='bbox 1056 1989 1209 2058; x_wconf 84' lang='grc' dir='ltr'><strong>δηλοί</strong></span> <span class='ocrx_word' id='word_1_133' title='bbox 1243 1987 1345 2057; x_wconf 86' lang='grc' dir='ltr'>τὴν</span> <span class='ocrx_word' id='word_1_134' title='bbox 1402 1988 1482 2049; x_wconf 88' lang='grc' dir='ltr'><strong>είς</strong></span> <span class='ocrx_word' id='word_1_135' title='bbox 1541 1987 1686 2054; x_wconf 78' lang='grc' dir='ltr'><strong>ἡμᾶς</strong></span> <span class='ocrx_word' id='word_1_136' title='bbox 1739 1987 1834 2037; x_wconf 79' lang='grc' dir='ltr'>καὶ</span> 
     </span>
    </p>
   </div>
   <div class='ocr_carea' id='block_1_18' title="bbox 264 2076 1836 2155">
    <p class='ocr_par' dir='ltr' id='par_1_18' title="bbox 264 2076 1836 2155">
     <span class='ocr_line' id='line_1_18' title="bbox 264 2076 1836 2155; baseline -0.009 -14"><span class='ocrx_word' id='word_1_137' title='bbox 264 2088 392 2155; x_wconf 57' lang='grc' dir='ltr'>ἄχρι</span> <span class='ocrx_word' id='word_1_138' title='bbox 425 2084 519 2138; x_wconf 89' lang='grc' dir='ltr'><strong>τοῦ</strong></span> <span class='ocrx_word' id='word_1_139' title='bbox 558 2084 686 2155; x_wconf 69' lang='grc' dir='ltr'>ᾅδου</span> <span class='ocrx_word' id='word_1_140' title='bbox 722 2083 1056 2135; x_wconf 81' lang='grc' dir='ltr'><strong>ταπείνωσιν</strong></span> <span class='ocrx_word' id='word_1_141' title='bbox 1104 2082 1199 2133; x_wconf 68' lang='grc' dir='ltr'><strong>καὶ</strong></span> <span class='ocrx_word' id='word_1_142' title='bbox 1250 2078 1555 2132; x_wconf 81' lang='grc' dir='ltr'>κατάσασιν</span> <span class='ocrx_word' id='word_1_143' title='bbox 1589 2076 1681 2128; x_wconf 84' lang='grc' dir='ltr'><strong>τοῦ</strong></span> <span class='ocrx_word' id='word_1_144' title='bbox 1725 2077 1836 2128; x_wconf 85' lang='grc' dir='ltr'>Κυ-</span> 
     </span>
    </p>
   </div>
   <div class='ocr_carea' id='block_1_19' title="bbox 266 2169 1836 2249">
    <p class='ocr_par' dir='ltr' id='par_1_19' title="bbox 266 2169 1836 2249">
     <span class='ocr_line' id='line_1_19' title="bbox 266 2169 1836 2249; baseline -0.009 -17"><span class='ocrx_word' id='word_1_145' title='bbox 266 2179 409 2249; x_wconf 87' lang='grc' dir='ltr'>ρίου,</span> <span class='ocrx_word' id='word_1_146' title='bbox 440 2177 533 2231; x_wconf 79' lang='grc' dir='ltr'><strong>καὶ</strong></span> <span class='ocrx_word' id='word_1_147' title='bbox 585 2174 951 2246; x_wconf 76' lang='grc' dir='ltr'>ἐγειρομένων</span> <span class='ocrx_word' id='word_1_148' title='bbox 1018 2172 1118 2241; x_wconf 82' lang='grc' dir='ltr'>τὴν</span> <span class='ocrx_word' id='word_1_149' title='bbox 1169 2171 1409 2242; x_wconf 75' lang='grc' dir='ltr'>ἔγερσιν,</span> <span class='ocrx_word' id='word_1_150' title='bbox 1459 2169 1535 2232; x_wconf 86' lang='grc' dir='ltr'>ὠς</span> <span class='ocrx_word' id='word_1_151' title='bbox 1578 2169 1836 2229; x_wconf 67' lang='grc' dir='ltr'>πολλάκις</span> 
     </span>
    </p>
   </div>
   <div class='ocr_carea' id='block_1_20' title="bbox 266 2261 1837 2340">
    <p class='ocr_par' dir='ltr' id='par_1_20' title="bbox 266 2261 1837 2340">
     <span class='ocr_line' id='line_1_20' title="bbox 266 2261 1837 2340; baseline -0.008 -16"><span class='ocrx_word' id='word_1_152' title='bbox 266 2273 590 2340; x_wconf 71' lang='grc' dir='ltr'>εἰρήκαμεν,</span> <span class='ocrx_word' id='word_1_153' title='bbox 621 2269 682 2321; x_wconf 86' lang='grc' dir='ltr'>τὸ</span> <span class='ocrx_word' id='word_1_154' title='bbox 710 2266 1042 2335; x_wconf 83' lang='grc' dir='ltr'>Εὐαγγέλιον</span> <span class='ocrx_word' id='word_1_155' title='bbox 1067 2265 1388 2333; x_wconf 77' lang='grc' dir='ltr'>ἀνυψοῦται,</span> <span class='ocrx_word' id='word_1_156' title='bbox 1447 2262 1719 2330; x_wconf 78' lang='grc' dir='ltr'>κηρύττον</span> <span class='ocrx_word' id='word_1_157' title='bbox 1744 2261 1837 2313; x_wconf 73' lang='grc' dir='ltr'><strong>καὶ</strong></span> 
     </span>
    </p>
   </div>
   <div class='ocr_carea' id='block_1_21' title="bbox 266 2353 1837 2433">
    <p class='ocr_par' dir='ltr' id='par_1_21' title="bbox 266 2353 1837 2433">
     <span class='ocr_line' id='line_1_21' title="bbox 266 2353 1837 2433; baseline -0.009 -17"><span class='ocrx_word' id='word_1_158' title='bbox 266 2364 396 2417; x_wconf 81' lang='grc' dir='ltr'>αὐτὸ</span> <span class='ocrx_word' id='word_1_159' title='bbox 426 2364 524 2433; x_wconf 86' lang='grc' dir='ltr'>τὴν</span> <span class='ocrx_word' id='word_1_160' title='bbox 547 2362 847 2414; x_wconf 83' lang='grc' dir='ltr'>ἀνάστασιν</span> <span class='ocrx_word' id='word_1_161' title='bbox 878 2359 972 2411; x_wconf 74' lang='grc' dir='ltr'><strong>καὶ</strong></span> <span class='ocrx_word' id='word_1_162' title='bbox 1006 2359 1086 2423; x_wconf 80' lang='grc' dir='ltr'>τὸ,</span> <span class='ocrx_word' id='word_1_163' title='bbox 1134 2375 1153 2408; x_wconf 86' lang='lat'><strong>«</strong></span> <span class='ocrx_word' id='word_1_164' title='bbox 1198 2356 1365 2425; x_wconf 78' lang='grc' dir='ltr'>Σοφία</span> <span class='ocrx_word' id='word_1_165' title='bbox 1413 2353 1586 2422; x_wconf 69' lang='grc' dir='ltr'>ὀρθοὶ,</span> <span class='ocrx_word' id='word_1_166' title='bbox 1622 2371 1639 2403; x_wconf 82' lang='grc' dir='ltr'><strong>ι</strong></span> <span class='ocrx_word' id='word_1_167' title='bbox 1683 2354 1837 2418; x_wconf 85' lang='grc' dir='ltr'>λέγε-</span> 
     </span>
    </p>
   </div>
   <div class='ocr_carea' id='block_1_22' title="bbox 266 2446 1839 2523">
    <p class='ocr_par' dir='ltr' id='par_1_22' title="bbox 266 2446 1839 2523">
     <span class='ocr_line' id='line_1_22' title="bbox 266 2446 1839 2523; baseline -0.008 -16"><span class='ocrx_word' id='word_1_168' title='bbox 266 2471 381 2520; x_wconf 85' lang='grc' dir='ltr'>ται,</span> <span class='ocrx_word' id='word_1_169' title='bbox 417 2456 495 2515; x_wconf 85' lang='grc' dir='ltr'><strong>είς</strong></span> <span class='ocrx_word' id='word_1_170' title='bbox 528 2453 791 2523; x_wconf 75' lang='grc' dir='ltr'>κήρυγμα</span> <span class='ocrx_word' id='word_1_171' title='bbox 825 2452 917 2504; x_wconf 73' lang='grc' dir='ltr'><strong>καὶ</strong></span> <span class='ocrx_word' id='word_1_172' title='bbox 954 2449 1112 2502; x_wconf 87' lang='grc' dir='ltr'>τοῦτο</span> <span class='ocrx_word' id='word_1_173' title='bbox 1142 2449 1239 2517; x_wconf 80' lang='grc' dir='ltr'>τῆς</span> <span class='ocrx_word' id='word_1_174' title='bbox 1305 2446 1681 2510; x_wconf 71' lang='grc' dir='ltr'>ἀναστάσεως,</span> <span class='ocrx_word' id='word_1_175' title='bbox 1745 2447 1839 2496; x_wconf 69' lang='grc' dir='ltr'><strong>καὶ</strong></span> 
     </span>
    </p>
   </div>
   <div class='ocr_carea' id='block_1_23' title="bbox 270 2535 1817 2615">
    <p class='ocr_par' dir='ltr' id='par_1_23' title="bbox 270 2535 1817 2615">
     <span class='ocr_line' id='line_1_23' title="bbox 270 2535 1817 2615; baseline -0.008 -17"><span class='ocrx_word' id='word_1_176' title='bbox 270 2545 608 2615; x_wconf 73' lang='grc' dir='ltr'>ψαλλομένου</span> <span class='ocrx_word' id='word_1_177' title='bbox 640 2545 719 2604; x_wconf 91' lang='grc' dir='ltr'><strong>είς</strong></span> <span class='ocrx_word' id='word_1_178' title='bbox 744 2543 827 2605; x_wconf 77' lang='grc' dir='ltr'>τὸ,</span> <span class='ocrx_word' id='word_1_179' title='bbox 859 2559 877 2591; x_wconf 76' lang='grc' dir='ltr'><strong>ι</strong></span> <span class='ocrx_word' id='word_1_180' title='bbox 920 2540 1023 2593; x_wconf 68' lang='grc' dir='ltr'><strong>Καὶ</strong></span> <span class='ocrx_word' id='word_1_181' title='bbox 1079 2538 1173 2590; x_wconf 90' lang='grc' dir='ltr'><strong>νῦν</strong></span> <span class='ocrx_word' id='word_1_182' title='bbox 1238 2537 1332 2590; x_wconf 68' lang='grc' dir='ltr'><strong>καὶ</strong></span> <span class='ocrx_word' id='word_1_183' title='bbox 1389 2536 1496 2600; x_wconf 79' lang='grc' dir='ltr'>ἀεὶ,</span> <span class='ocrx_word' id='word_1_184' title='bbox 1550 2535 1817 2603; x_wconf 75' lang='grc' dir='ltr'>ὑπερευλο</span> 
     </span>
    </p>
   </div>
   <div class='ocr_carea' id='block_1_24' title="bbox 272 2618 1836 2707">
    <p class='ocr_par' dir='ltr' id='par_1_24' title="bbox 272 2618 1836 2707">
     <span class='ocr_line' id='line_1_24' title="bbox 272 2618 1836 2707; baseline -0.008 -17"><span class='ocrx_word' id='word_1_185' title='bbox 272 2640 486 2707; x_wconf 83' lang='grc' dir='ltr'>γημένη</span> <span class='ocrx_word' id='word_1_186' title='bbox 524 2636 823 2705; x_wconf 79' lang='grc' dir='ltr'>ὑπάρχεις·</span> <span class='ocrx_word' id='word_1_187' title='bbox 859 2651 878 2686; x_wconf 93' lang='lat'><strong>9</strong></span> <span class='ocrx_word' id='word_1_188' title='bbox 908 2631 1096 2700; x_wconf 71' lang='grc' dir='ltr'>ἐπειδὴ</span> <span class='ocrx_word' id='word_1_189' title='bbox 1125 2629 1211 2683; x_wconf 80' lang='grc' dir='ltr'><strong>διὰ</strong></span> <span class='ocrx_word' id='word_1_190' title='bbox 1238 2633 1334 2701; x_wconf 82' lang='grc' dir='ltr'>τῆς</span> <span class='ocrx_word' id='word_1_191' title='bbox 1362 2630 1629 2681; x_wconf 81' lang='grc' dir='ltr'>Θεοτόκου</span> <span class='ocrx_word' id='word_1_192' title='bbox 1731 2644 1836 2678; x_wconf 90' lang='grc' dir='ltr'>σω-</span> 
     </span>
    </p>
   </div>
   <div class='ocr_carea' id='block_1_25' title="bbox 274 2721 1837 2798">
    <p class='ocr_par' dir='ltr' id='par_1_25' title="bbox 274 2721 1837 2798">
     <span class='ocr_line' id='line_1_25' title="bbox 274 2721 1837 2798; baseline -0.006 -15"><span class='ocrx_word' id='word_1_193' title='bbox 274 2732 440 2798; x_wconf 84' lang='grc' dir='ltr'>τηρία</span> <span class='ocrx_word' id='word_1_194' title='bbox 467 2731 598 2798; x_wconf 76' lang='grc' dir='ltr'>ἡμῖν</span> <span class='ocrx_word' id='word_1_195' title='bbox 633 2729 864 2789; x_wconf 81' lang='grc' dir='ltr'>δέδοται,</span> <span class='ocrx_word' id='word_1_196' title='bbox 890 2728 983 2779; x_wconf 69' lang='grc' dir='ltr'><strong>καὶ</strong></span> <span class='ocrx_word' id='word_1_197' title='bbox 1004 2726 1036 2794; x_wconf 81' lang='grc' dir='ltr'>ἠ</span> <span class='ocrx_word' id='word_1_198' title='bbox 1061 2724 1277 2793; x_wconf 81' lang='grc' dir='ltr'>κατάρα</span> <span class='ocrx_word' id='word_1_199' title='bbox 1306 2723 1401 2791; x_wconf 81' lang='grc' dir='ltr'>τῆς</span> <span class='ocrx_word' id='word_1_200' title='bbox 1430 2722 1566 2783; x_wconf 75' lang='grc' dir='ltr'>Εὔας</span> <span class='ocrx_word' id='word_1_201' title='bbox 1600 2721 1837 2774; x_wconf 78' lang='grc' dir='ltr'>λέλυται.</span> 
     </span>
    </p>
   </div>
   <div class='ocr_carea' id='block_1_26' title="bbox 279 2811 1841 2885">
    <p class='ocr_par' dir='ltr' id='par_1_26' title="bbox 279 2811 1841 2885">
     <span class='ocr_line' id='line_1_26' title="bbox 279 2811 1841 2885; baseline -0.007 -11"><span class='ocrx_word' id='word_1_202' title='bbox 279 2821 644 2874; x_wconf 72' lang='grc' dir='ltr'>[εἰσελθόντων</span> <span class='ocrx_word' id='word_1_203' title='bbox 694 2817 842 2869; x_wconf 77' lang='grc' dir='ltr'>ἔνδον</span> <span class='ocrx_word' id='word_1_204' title='bbox 892 2816 1001 2868; x_wconf 84' lang='grc' dir='ltr'><strong>τῶν</strong></span> <span class='ocrx_word' id='word_1_205' title='bbox 1062 2815 1275 2885; x_wconf 87' lang='grc' dir='ltr'>ἱερέων,</span> <span class='ocrx_word' id='word_1_206' title='bbox 1342 2813 1557 2883; x_wconf 84' lang='grc' dir='ltr'>πρῶτον</span> <span class='ocrx_word' id='word_1_207' title='bbox 1600 2814 1696 2881; x_wconf 82' lang='grc' dir='ltr'>μὲν</span> <span class='ocrx_word' id='word_1_208' title='bbox 1753 2811 1841 2863; x_wconf 60' lang='grc' dir='ltr'><strong>ὑπ’</strong></span> 
     </span>
    </p>
   </div>
   <div class='ocr_carea' id='block_1_27' title="bbox 277 2902 1842 2979">
    <p class='ocr_par' dir='ltr' id='par_1_27' title="bbox 277 2902 1842 2979">
     <span class='ocr_line' id='line_1_27' title="bbox 277 2902 1842 2979; baseline -0.01 -12"><span class='ocrx_word' id='word_1_209' title='bbox 277 2911 625 2979; x_wconf 70' lang='grc' dir='ltr'>ἀναγνώστου</span> <span class='ocrx_word' id='word_1_210' title='bbox 672 2909 728 2961; x_wconf 82' lang='grc' dir='ltr'>ὲν</span> <span class='ocrx_word' id='word_1_211' title='bbox 760 2908 835 2977; x_wconf 78' lang='grc' dir='ltr'><strong>τῷ</strong></span> <span class='ocrx_word' id='word_1_212' title='bbox 864 2907 1080 2975; x_wconf 75' lang='grc' dir='ltr'>ἀμϐωνι</span> <span class='ocrx_word' id='word_1_213' title='bbox 1115 2906 1205 2957; x_wconf 68' lang='grc' dir='ltr'>τὸν</span> <span class='ocrx_word' id='word_1_214' title='bbox 1240 2904 1473 2972; x_wconf 74' lang='grc' dir='ltr'>σταυρὸν</span> <span class='ocrx_word' id='word_1_215' title='bbox 1522 2902 1842 2969; x_wconf 65' lang='grc' dir='ltr'>κατέ,οντος</span> 
     </span>
    </p>
   </div>
   <div class='ocr_carea' id='block_1_28' title="bbox 276 2992 1845 3069">
    <p class='ocr_par' dir='ltr' id='par_1_28' title="bbox 276 2992 1845 3069">
     <span class='ocr_line' id='line_1_28' title="bbox 276 2992 1845 3069; baseline -0.01 -10"><span class='ocrx_word' id='word_1_216' title='bbox 276 3008 358 3067; x_wconf 75' lang='grc' dir='ltr'>τὸ,</span> <span class='ocrx_word' id='word_1_217' title='bbox 393 3023 409 3055; x_wconf 79' lang='grc' dir='ltr'><strong>ι</strong></span> <span class='ocrx_word' id='word_1_218' title='bbox 446 3004 584 3069; x_wconf 81' lang='grc' dir='ltr'>Δόξα</span> <span class='ocrx_word' id='word_1_219' title='bbox 620 3004 679 3055; x_wconf 79' lang='grc' dir='ltr'>ὲν</span> <span class='ocrx_word' id='word_1_220' title='bbox 726 3001 972 3069; x_wconf 73' lang='grc' dir='ltr'>ὑψίστοις</span> <span class='ocrx_word' id='word_1_221' title='bbox 1007 2998 1146 3068; x_wconf 79' lang='grc' dir='ltr'>Θεῷ,</span> <span class='ocrx_word' id='word_1_222' title='bbox 1196 3016 1215 3047; x_wconf 94' lang='lat'><strong>9</strong></span> <span class='ocrx_word' id='word_1_223' title='bbox 1285 2996 1525 3062; x_wconf 84' lang='grc' dir='ltr'>λέγεται,</span> <span class='ocrx_word' id='word_1_224' title='bbox 1558 2994 1751 3047; x_wconf 80' lang='grc' dir='ltr'>ἔπειτα</span> <span class='ocrx_word' id='word_1_225' title='bbox 1788 2992 1845 3044; x_wconf 79' lang='grc' dir='ltr'><strong>δὲ</strong></span> 
     </span>
    </p>
   </div>
   <div class='ocr_carea' id='block_1_29' title="bbox 277 3080 1845 3162">
    <p class='ocr_par' dir='ltr' id='par_1_29' title="bbox 277 3080 1845 3162">
     <span class='ocr_line' id='line_1_29' title="bbox 277 3080 1845 3162; baseline -0.011 -13"><span class='ocrx_word' id='word_1_226' title='bbox 277 3096 383 3149; x_wconf 75' lang='grc' dir='ltr'>ὑπὸ</span> <span class='ocrx_word' id='word_1_227' title='bbox 411 3094 519 3147; x_wconf 84' lang='grc' dir='ltr'>τῶν</span> <span class='ocrx_word' id='word_1_228' title='bbox 545 3092 763 3162; x_wconf 80' lang='grc' dir='ltr'>ψαλτῶν</span> <span class='ocrx_word' id='word_1_229' title='bbox 790 3088 1110 3161; x_wconf 76' lang='grc' dir='ltr'>ᾁσματικῶς</span> <span class='ocrx_word' id='word_1_230' title='bbox 1150 3086 1355 3157; x_wconf 75' lang='grc' dir='ltr'>ᾅδεται.</span> <span class='ocrx_word' id='word_1_231' title='bbox 1401 3080 1534 3136; x_wconf 75' lang='grc' dir='ltr'>Εἶτα</span> <span class='ocrx_word' id='word_1_232' title='bbox 1576 3084 1723 3142; x_wconf 71' lang='grc' dir='ltr'>ἐντὸς</span> <span class='ocrx_word' id='word_1_233' title='bbox 1752 3080 1845 3133; x_wconf 70' lang='grc' dir='ltr'><strong>τοῦ</strong></span> 
     </span>
    </p>
   </div>
   <div class='ocr_carea' id='block_1_30' title="bbox 281 3173 1848 3256">
    <p class='ocr_par' dir='ltr' id='par_1_30' title="bbox 281 3173 1848 3256">
     <span class='ocr_line' id='line_1_30' title="bbox 281 3173 1848 3256; baseline -0.011 -16"><span class='ocrx_word' id='word_1_234' title='bbox 281 3188 430 3256; x_wconf 86' lang='grc' dir='ltr'>ἱεροῦ</span> <span class='ocrx_word' id='word_1_235' title='bbox 478 3186 719 3255; x_wconf 82' lang='grc' dir='ltr'>βήματος</span> <span class='ocrx_word' id='word_1_236' title='bbox 748 3182 899 3249; x_wconf 83' lang='grc' dir='ltr'><strong>παρά</strong></span> <span class='ocrx_word' id='word_1_237' title='bbox 928 3181 1035 3233; x_wconf 84' lang='grc' dir='ltr'>τῶν</span> <span class='ocrx_word' id='word_1_238' title='bbox 1063 3178 1277 3249; x_wconf 41' lang='grc' dir='ltr'>μὶιρέων</span> <span class='ocrx_word' id='word_1_239' title='bbox 1331 3174 1466 3245; x_wconf 79' lang='grc' dir='ltr'>ὁμοῦ</span> <span class='ocrx_word' id='word_1_240' title='bbox 1518 3173 1663 3228; x_wconf 79' lang='grc' dir='ltr'>ἅπαν</span> <span class='ocrx_word' id='word_1_241' title='bbox 1697 3174 1848 3239; x_wconf 85' lang='grc' dir='ltr'>λέγε-</span> 
     </span>
    </p>
   </div>
   <div class='ocr_carea' id='block_1_31' title="bbox 279 3264 1845 3345">
    <p class='ocr_par' dir='ltr' id='par_1_31' title="bbox 279 3264 1845 3345">
     <span class='ocr_line' id='line_1_31' title="bbox 279 3264 1845 3345; baseline -0.012 -12"><span class='ocrx_word' id='word_1_242' title='bbox 279 3278 521 3345; x_wconf 83' lang='grc' dir='ltr'>ται,ἀπδ</span> <span class='ocrx_word' id='word_1_243' title='bbox 547 3276 662 3341; x_wconf 86' lang='grc' dir='ltr'>τοῦ,</span> <span class='ocrx_word' id='word_1_244' title='bbox 716 3274 839 3326; x_wconf 80' lang='grc' dir='ltr'><strong>«Ἑν</strong></span> <span class='ocrx_word' id='word_1_245' title='bbox 869 3271 1176 3341; x_wconf 80' lang='grc' dir='ltr'>ἀνθρώποις</span> <span class='ocrx_word' id='word_1_246' title='bbox 1223 3269 1456 3330; x_wconf 79' lang='grc' dir='ltr'>εὐδοκία,</span> <span class='ocrx_word' id='word_1_247' title='bbox 1494 3286 1512 3319; x_wconf 92' lang='lat'><strong>9</strong></span> <span class='ocrx_word' id='word_1_248' title='bbox 1551 3264 1845 3335; x_wconf 81' lang='grc' dir='ltr'>συμφώνου</span> 
     </span>
    </p>
   </div>
   <div class='ocr_carea' id='block_1_32' title="bbox 281 3356 1846 3439">
    <p class='ocr_par' dir='ltr' id='par_1_32' title="bbox 281 3356 1846 3439">
     <span class='ocr_line' id='line_1_32' title="bbox 281 3356 1846 3439; baseline -0.012 -16"><span class='ocrx_word' id='word_1_249' title='bbox 281 3372 378 3439; x_wconf 78' lang='grc' dir='ltr'>τῆς</span> <span class='ocrx_word' id='word_1_250' title='bbox 409 3368 717 3433; x_wconf 81' lang='grc' dir='ltr'>δοξολογίας</span> <span class='ocrx_word' id='word_1_251' title='bbox 750 3364 950 3429; x_wconf 76' lang='grc' dir='ltr'>ἔξωθέν</span> <span class='ocrx_word' id='word_1_252' title='bbox 999 3380 1058 3414; x_wconf 86' lang='grc' dir='ltr'><strong>τε</strong></span> <span class='ocrx_word' id='word_1_253' title='bbox 1097 3363 1192 3414; x_wconf 80' lang='grc' dir='ltr'><strong>καὶ</strong></span> <span class='ocrx_word' id='word_1_254' title='bbox 1250 3358 1452 3412; x_wconf 77' lang='grc' dir='ltr'>ἔσωθεν</span> <span class='ocrx_word' id='word_1_255' title='bbox 1506 3356 1797 3426; x_wconf 81' lang='grc' dir='ltr'>γινομένης</span> <span class='ocrx_word' id='word_1_256' title='bbox 1830 3368 1846 3383; x_wconf 72' lang='grc' dir='ltr'><strong><em>ο</em></strong></span> 
     </span>
    </p>
   </div>
   <div class='ocr_carea' id='block_1_33' title="bbox 280 3446 1851 3527">
    <p class='ocr_par' dir='ltr' id='par_1_33' title="bbox 280 3446 1851 3527">
     <span class='ocr_line' id='line_1_33' title="bbox 280 3446 1851 3527; baseline -0.013 -11"><span class='ocrx_word' id='word_1_257' title='bbox 280 3465 361 3517; x_wconf 79' lang='grc' dir='ltr'>ὅτι</span> <span class='ocrx_word' id='word_1_258' title='bbox 390 3462 482 3514; x_wconf 73' lang='grc' dir='ltr'>καὶ</span> <span class='ocrx_word' id='word_1_259' title='bbox 507 3458 604 3527; x_wconf 89' lang='grc' dir='ltr'><strong>μία</strong></span> <span class='ocrx_word' id='word_1_260' title='bbox 624 3455 921 3526; x_wconf 82' lang='grc' dir='ltr'>Ἐκκλησία</span> <span class='ocrx_word' id='word_1_261' title='bbox 953 3454 1041 3507; x_wconf 81' lang='grc' dir='ltr'>διά</span> <span class='ocrx_word' id='word_1_262' title='bbox 1074 3454 1166 3506; x_wconf 84' lang='grc' dir='ltr'><strong>τοῦ</strong></span> <span class='ocrx_word' id='word_1_263' title='bbox 1221 3450 1459 3522; x_wconf 80' lang='grc' dir='ltr'>Χριστοῦ</span> <span class='ocrx_word' id='word_1_264' title='bbox 1510 3449 1622 3502; x_wconf 86' lang='grc' dir='ltr'><strong>ἀνω</strong></span> <span class='ocrx_word' id='word_1_265' title='bbox 1657 3465 1710 3499; x_wconf 88' lang='grc' dir='ltr'><strong>τε</strong></span> <span class='ocrx_word' id='word_1_266' title='bbox 1756 3446 1851 3498; x_wconf 71' lang='grc' dir='ltr'><strong>καὶ</strong></span> 
     </span>
    </p>
   </div>
   <div class='ocr_carea' id='block_1_34' title="bbox 286 3534 1854 3617">
    <p class='ocr_par' dir='ltr' id='par_1_34' title="bbox 286 3534 1854 3617">
     <span class='ocr_line' id='line_1_34' title="bbox 286 3534 1854 3617; baseline -0.011 -14"><span class='ocrx_word' id='word_1_267' title='bbox 286 3551 436 3603; x_wconf 79' lang='grc' dir='ltr'>κάτω</span> <span class='ocrx_word' id='word_1_268' title='bbox 465 3546 791 3617; x_wconf 79' lang='grc' dir='ltr'>γεγόναμεν’</span> <span class='ocrx_word' id='word_1_269' title='bbox 848 3544 941 3595; x_wconf 82' lang='grc' dir='ltr'><strong>καὶ</strong></span> <span class='ocrx_word' id='word_1_270' title='bbox 990 3541 1148 3593; x_wconf 85' lang='grc' dir='ltr'>τοῦτο</span> <span class='ocrx_word' id='word_1_271' title='bbox 1197 3540 1275 3599; x_wconf 84' lang='grc' dir='ltr'><strong>είς</strong></span> <span class='ocrx_word' id='word_1_272' title='bbox 1343 3538 1605 3606; x_wconf 78' lang='grc' dir='ltr'>κήρυγμα</span> <span class='ocrx_word' id='word_1_273' title='bbox 1646 3536 1739 3587; x_wconf 74' lang='grc' dir='ltr'><strong>καὶ</strong></span> <span class='ocrx_word' id='word_1_274' title='bbox 1772 3534 1854 3585; x_wconf 82' lang='grc' dir='ltr'><strong>δό-</strong></span> 
     </span>
    </p>
   </div>
   <div class='ocr_carea' id='block_1_35' title="bbox 288 3621 1854 3705">
    <p class='ocr_par' dir='ltr' id='par_1_35' title="bbox 288 3621 1854 3705">
     <span class='ocr_line' id='line_1_35' title="bbox 288 3621 1854 3705; baseline -0.014 -13"><span class='ocrx_word' id='word_1_275' title='bbox 288 3639 387 3704; x_wconf 78' lang='grc' dir='ltr'>ξαν</span> <span class='ocrx_word' id='word_1_276' title='bbox 414 3637 513 3705; x_wconf 79' lang='grc' dir='ltr'>τῆς</span> <span class='ocrx_word' id='word_1_277' title='bbox 538 3631 776 3703; x_wconf 82' lang='grc' dir='ltr'>Χριστοῦ</span> <span class='ocrx_word' id='word_1_278' title='bbox 830 3631 1205 3690; x_wconf 87' lang='grc' dir='ltr'>ἀναστάσεως.</span> <span class='ocrx_word' id='word_1_279' title='bbox 1256 3627 1347 3678; x_wconf 83' lang='grc' dir='ltr'><strong>Διὸ</strong></span> <span class='ocrx_word' id='word_1_280' title='bbox 1403 3626 1498 3676; x_wconf 75' lang='grc' dir='ltr'><strong>καὶ</strong></span> <span class='ocrx_word' id='word_1_281' title='bbox 1562 3621 1854 3691; x_wconf 82' lang='grc' dir='ltr'>τροπάριον</span> 
     </span>
    </p>
   </div>
   <div class='ocr_carea' id='block_1_36' title="bbox 286 3713 1856 3795">
    <p class='ocr_par' dir='ltr' id='par_1_36' title="bbox 286 3713 1856 3795">
     <span class='ocr_line' id='line_1_36' title="bbox 286 3713 1856 3795; baseline -0.013 -12"><span class='ocrx_word' id='word_1_282' title='bbox 286 3726 665 3795; x_wconf 83' lang='grc' dir='ltr'>ἀναστάσιμον</span> <span class='ocrx_word' id='word_1_283' title='bbox 721 3725 803 3786; x_wconf 76' lang='grc' dir='ltr'>τὸ,</span> <span class='ocrx_word' id='word_1_284' title='bbox 880 3740 898 3773; x_wconf 79' lang='grc' dir='ltr'><strong>ι</strong></span> <span class='ocrx_word' id='word_1_285' title='bbox 936 3721 1185 3788; x_wconf 77' lang='grc' dir='ltr'>Σήμερον</span> <span class='ocrx_word' id='word_1_286' title='bbox 1240 3719 1505 3785; x_wconf 75' lang='grc' dir='ltr'>σωτηρία,</span> <span class='ocrx_word' id='word_1_287' title='bbox 1556 3735 1570 3766; x_wconf 93' lang='lat'><strong>9</strong></span> <span class='ocrx_word' id='word_1_288' title='bbox 1638 3715 1692 3765; x_wconf 82' lang='grc' dir='ltr'>ὲν</span> <span class='ocrx_word' id='word_1_289' title='bbox 1758 3713 1856 3781; x_wconf 77' lang='grc' dir='ltr'><strong>μιᾷ</strong></span> 
     </span>
    </p>
   </div>
   <div class='ocr_carea' id='block_1_37' title="bbox 288 3805 1854 3889">
    <p class='ocr_par' dir='ltr' id='par_1_37' title="bbox 288 3805 1854 3889">
     <span class='ocr_line' id='line_1_37' title="bbox 288 3805 1854 3889; baseline -0.013 -15"><span class='ocrx_word' id='word_1_290' title='bbox 288 3821 546 3889; x_wconf 78' lang='grc' dir='ltr'>Κυριακῇ</span> <span class='ocrx_word' id='word_1_291' title='bbox 575 3834 588 3850; x_wconf 91' lang='grc'><strong>·</strong></span> <span class='ocrx_word' id='word_1_292' title='bbox 624 3817 717 3869; x_wconf 72' lang='grc' dir='ltr'>καὶ</span> <span class='ocrx_word' id='word_1_293' title='bbox 743 3816 822 3875; x_wconf 75' lang='grc' dir='ltr'>τὸ,</span> <span class='ocrx_word' id='word_1_294' title='bbox 864 3834 881 3864; x_wconf 87' lang='lat'><strong>«</strong></span> <span class='ocrx_word' id='word_1_295' title='bbox 935 3812 1199 3871; x_wconf 78' lang='grc' dir='ltr'>’Δναστάς</span> <span class='ocrx_word' id='word_1_296' title='bbox 1232 3811 1294 3861; x_wconf 79' lang='grc' dir='ltr'><strong>ὲκ</strong></span> <span class='ocrx_word' id='word_1_297' title='bbox 1326 3807 1420 3860; x_wconf 84' lang='grc' dir='ltr'><strong>τοῦ</strong></span> <span class='ocrx_word' id='word_1_298' title='bbox 1459 3808 1743 3876; x_wconf 79' lang='grc' dir='ltr'>μνήματος</span> <span class='ocrx_word' id='word_1_299' title='bbox 1797 3805 1854 3854; x_wconf 84' lang='grc' dir='ltr'>ἐν</span> 
     </span>
    </p>
   </div>
   <div class='ocr_carea' id='block_1_38' title="bbox 289 3892 1856 3983">
    <p class='ocr_par' dir='ltr' id='par_1_38' title="bbox 289 3892 1856 3983">
     <span class='ocr_line' id='line_1_38' title="bbox 289 3892 1856 3983; baseline -0.015 -16"><span class='ocrx_word' id='word_1_300' title='bbox 289 3917 471 3983; x_wconf 76' lang='grc' dir='ltr'>ἑτέρᾳ,</span> <span class='ocrx_word' id='word_1_301' title='bbox 512 3931 528 3965; x_wconf 93' lang='lat'><strong>9</strong></span> <span class='ocrx_word' id='word_1_302' title='bbox 565 3912 682 3980; x_wconf 68' lang='grc' dir='ltr'>τρὶς</span> <span class='ocrx_word' id='word_1_303' title='bbox 707 3904 1011 3977; x_wconf 76' lang='grc' dir='ltr'>ἡδυμελῶς,</span> <span class='ocrx_word' id='word_1_304' title='bbox 1043 3903 1205 3961; x_wconf 81' lang='grc' dir='ltr'>ἐκτός</span> <span class='ocrx_word' id='word_1_305' title='bbox 1263 3917 1322 3951; x_wconf 90' lang='grc' dir='ltr'><strong>τε</strong></span> <span class='ocrx_word' id='word_1_306' title='bbox 1354 3898 1503 3967; x_wconf 80' lang='grc' dir='ltr'><strong>παρά</strong></span> <span class='ocrx_word' id='word_1_307' title='bbox 1562 3896 1670 3947; x_wconf 79' lang='grc' dir='ltr'>τῶν</span> <span class='ocrx_word' id='word_1_308' title='bbox 1716 3892 1856 3963; x_wconf 72' lang='grc' dir='ltr'>ψαλ-</span> 
     </span>
    </p>
   </div>
   <div class='ocr_carea' id='block_1_39' title="bbox 287 3987 1855 4068">
    <p class='ocr_par' dir='ltr' id='par_1_39' title="bbox 287 3987 1855 4068">
     <span class='ocr_line' id='line_1_39' title="bbox 287 3987 1855 4068; baseline -0.015 -9"><span class='ocrx_word' id='word_1_309' title='bbox 287 4008 418 4068; x_wconf 82' lang='grc' dir='ltr'><strong>τῶν,</strong></span> <span class='ocrx_word' id='word_1_310' title='bbox 469 4004 563 4056; x_wconf 80' lang='grc' dir='ltr'>καὶ</span> <span class='ocrx_word' id='word_1_311' title='bbox 618 4001 770 4062; x_wconf 74' lang='grc' dir='ltr'>ἐντὸς</span> <span class='ocrx_word' id='word_1_312' title='bbox 820 3996 971 4064; x_wconf 77' lang='grc' dir='ltr'>παρὰ</span> <span class='ocrx_word' id='word_1_313' title='bbox 1016 3995 1121 4047; x_wconf 82' lang='grc' dir='ltr'>τῶν</span> <span class='ocrx_word' id='word_1_314' title='bbox 1182 3992 1375 4060; x_wconf 79' lang='grc' dir='ltr'>ἱερέων</span> <span class='ocrx_word' id='word_1_315' title='bbox 1416 3988 1696 4058; x_wconf 66' lang='grc' dir='ltr'>ψάλλεται,</span> <span class='ocrx_word' id='word_1_316' title='bbox 1758 3987 1855 4053; x_wconf 77' lang='grc' dir='ltr'>τῆς</span> 
     </span>
    </p>
   </div>
   <div class='ocr_carea' id='block_1_40' title="bbox 288 4077 1858 4164">
    <p class='ocr_par' dir='ltr' id='par_1_40' title="bbox 288 4077 1858 4164">
     <span class='ocr_line' id='line_1_40' title="bbox 288 4077 1858 4164; baseline -0.017 -13"><span class='ocrx_word' id='word_1_317' title='bbox 288 4098 544 4164; x_wconf 77' lang='grc' dir='ltr'>τοιαύτης</span> <span class='ocrx_word' id='word_1_318' title='bbox 575 4092 783 4157; x_wconf 78' lang='grc' dir='ltr'>τάξεως</span> <span class='ocrx_word' id='word_1_319' title='bbox 822 4086 1009 4155; x_wconf 85' lang='grc' dir='ltr'>σαφῶς</span> <span class='ocrx_word' id='word_1_320' title='bbox 1051 4082 1405 4152; x_wconf 71' lang='grc' dir='ltr'>παριστώσης</span> <span class='ocrx_word' id='word_1_321' title='bbox 1446 4079 1542 4146; x_wconf 84' lang='grc' dir='ltr'>τὴν</span> <span class='ocrx_word' id='word_1_322' title='bbox 1560 4077 1858 4130; x_wconf 81' lang='grc' dir='ltr'>ἀνάστασιν</span> 
     </span>
    </p>
   </div>
   <div class='ocr_carea' id='block_1_41' title="bbox 290 4166 1859 4254">
    <p class='ocr_par' dir='ltr' id='par_1_41' title="bbox 290 4166 1859 4254">
     <span class='ocr_line' id='line_1_41' title="bbox 290 4166 1859 4254; baseline -0.017 -12"><span class='ocrx_word' id='word_1_323' title='bbox 290 4190 383 4243; x_wconf 82' lang='grc' dir='ltr'><strong>τοῦ</strong></span> <span class='ocrx_word' id='word_1_324' title='bbox 411 4187 678 4254; x_wconf 76' lang='grc' dir='ltr'>Σωτῆρος.</span> <span class='ocrx_word' id='word_1_325' title='bbox 715 4181 804 4233; x_wconf 80' lang='grc' dir='ltr'><strong>Διὸ</strong></span> <span class='ocrx_word' id='word_1_326' title='bbox 833 4181 923 4232; x_wconf 71' lang='grc' dir='ltr'><strong>καὶ</strong></span> <span class='ocrx_word' id='word_1_327' title='bbox 970 4176 1125 4237; x_wconf 73' lang='grc' dir='ltr'>εὑθζ)ς</span> <span class='ocrx_word' id='word_1_328' title='bbox 1174 4175 1255 4237; x_wconf 74' lang='grc' dir='ltr'>τὸ,</span> <span class='ocrx_word' id='word_1_329' title='bbox 1298 4190 1315 4222; x_wconf 83' lang='grc' dir='ltr'><strong>ι</strong></span> <span class='ocrx_word' id='word_1_330' title='bbox 1363 4168 1687 4235; x_wconf 76' lang='grc' dir='ltr'>Ἀνάστηθι,</span> <span class='ocrx_word' id='word_1_331' title='bbox 1752 4166 1859 4217; x_wconf 78' lang='grc' dir='ltr'><strong>Κύ-</strong></span> 
     </span>
    </p>
   </div>
   <div class='ocr_carea' id='block_1_42' title="bbox 294 4258 1860 4349">
    <p class='ocr_par' dir='ltr' id='par_1_42' title="bbox 294 4258 1860 4349">
     <span class='ocr_line' id='line_1_42' title="bbox 294 4258 1860 4349; baseline -0.017 -17"><span class='ocrx_word' id='word_1_332' title='bbox 294 4298 399 4349; x_wconf 87' lang='grc' dir='ltr'>ριε,</span> <span class='ocrx_word' id='word_1_333' title='bbox 439 4297 455 4329; x_wconf 92' lang='lat'><strong>9</strong></span> <span class='ocrx_word' id='word_1_334' title='bbox 544 4274 842 4343; x_wconf 62' lang='grc' dir='ltr'>ψάλλεται·</span> <span class='ocrx_word' id='word_1_335' title='bbox 898 4268 991 4321; x_wconf 71' lang='grc' dir='ltr'><strong>καὶ</strong></span> <span class='ocrx_word' id='word_1_336' title='bbox 1054 4266 1114 4316; x_wconf 74' lang='grc' dir='ltr'>τὸ</span> <span class='ocrx_word' id='word_1_337' title='bbox 1175 4261 1391 4316; x_wconf 76' lang='grc' dir='ltr'>ἑωθινὸν</span> <span class='ocrx_word' id='word_1_338' title='bbox 1457 4258 1546 4312; x_wconf 75' lang='grc' dir='ltr'><strong>ἐπ’</strong></span> <span class='ocrx_word' id='word_1_339' title='bbox 1606 4258 1860 4323; x_wconf 75' lang='grc' dir='ltr'>ἄμεωνος</span> 
     </span>
    </p>
   </div>
   <div class='ocr_carea' id='block_1_43' title="bbox 290 4350 1861 4437">
    <p class='ocr_par' dir='ltr' id='par_1_43' title="bbox 290 4350 1861 4437">
     <span class='ocr_line' id='line_1_43' title="bbox 290 4350 1861 4437; baseline -0.017 -13"><span class='ocrx_word' id='word_1_340' title='bbox 290 4366 729 4437; x_wconf 81' lang='grc' dir='ltr'>ἀναγινώσκεται</span> <span class='ocrx_word' id='word_1_341' title='bbox 766 4359 1095 4427; x_wconf 83' lang='grc' dir='ltr'>Εὑαγγὲλιον</span> <span class='ocrx_word' id='word_1_342' title='bbox 1154 4357 1302 4423; x_wconf 73' lang='grc' dir='ltr'>παρὰ</span> <span class='ocrx_word' id='word_1_343' title='bbox 1334 4351 1730 4421; x_wconf 76' lang='grc' dir='ltr'>πρεσϐυτέρου,</span> <span class='ocrx_word' id='word_1_344' title='bbox 1766 4350 1861 4409; x_wconf 87' lang='grc' dir='ltr'>τὴν</span> 
     </span>
    </p>
   </div>
   <div class='ocr_carea' id='block_1_44' title="bbox 290 4438 1860 4524">
    <p class='ocr_par' dir='ltr' id='par_1_44' title="bbox 290 4438 1860 4524">
     <span class='ocr_line' id='line_1_44' title="bbox 290 4438 1860 4524; baseline -0.018 -10"><span class='ocrx_word' id='word_1_345' title='bbox 290 4458 627 4524; x_wconf 68' lang='grc' dir='ltr'>τελεωτέραν</span> <span class='ocrx_word' id='word_1_346' title='bbox 656 4454 805 4517; x_wconf 79' lang='grc' dir='ltr'>τάξιν</span> <span class='ocrx_word' id='word_1_347' title='bbox 836 4452 945 4503; x_wconf 81' lang='grc' dir='ltr'><strong>τῶν</strong></span> <span class='ocrx_word' id='word_1_348' title='bbox 1014 4447 1262 4515; x_wconf 83' lang='grc' dir='ltr'>ἀγγέλων</span> <span class='ocrx_word' id='word_1_349' title='bbox 1321 4444 1699 4509; x_wconf 77' lang='grc' dir='ltr'>ἐμφαίνοντος.</span> <span class='ocrx_word' id='word_1_350' title='bbox 1754 4438 1860 4491; x_wconf 76' lang='grc' dir='ltr'><strong>Καὶ</strong></span> 
     </span>
    </p>
   </div>
   <div class='ocr_carea' id='block_1_45' title="bbox 1408 390 2343 466">
    <p class='ocr_par' dir='ltr' id='par_1_45' title="bbox 1408 390 2343 466">
     <span class='ocr_line' id='line_1_45' title="bbox 1408 390 2343 466; baseline -0.018 0"><span class='ocrx_word' id='word_1_351' title='bbox 1408 407 1502 466; x_wconf 91' lang='lat' dir='ltr'><strong>DE</strong></span> <span class='ocrx_word' id='word_1_352' title='bbox 1545 404 1778 465; x_wconf 66' lang='lat' dir='ltr'><strong>SACRA</strong></span> <span class='ocrx_word' id='word_1_353' title='bbox 1832 398 1925 459; x_wconf 73' lang='lat'><strong>1&#39;8</strong></span> <span class='ocrx_word' id='word_1_354' title='bbox 1940 390 2343 457; x_wconf 80' lang='lat' dir='ltr'><strong>ECATIONE.</strong></span> 
     </span>
    </p>
   </div>
   <div class='ocr_carea' id='block_1_46' title="bbox 1680 482 3500 574">
    <p class='ocr_par' dir='ltr' id='par_1_46' title="bbox 1680 482 3500 574">
     <span class='ocr_line' id='line_1_46' title="bbox 1680 482 3500 574; baseline -0.016 -8"><span class='ocrx_word' id='word_1_355' title='bbox 1680 516 1820 566; x_wconf 78' lang='grc' dir='ltr'>οἱκο-</span> <span class='ocrx_word' id='word_1_356' title='bbox 1855 523 1896 574; x_wconf 74' lang='grc' dir='ltr'>Α</span> <span class='ocrx_word' id='word_1_357' title='bbox 1930 508 2263 562; x_wconf 77' lang='lat' dir='ltr'><strong>olIensarum</strong></span> <span class='ocrx_word' id='word_1_358' title='bbox 2312 499 2693 556; x_wconf 70' lang='lat' dir='ltr'><strong>remissionem</strong></span> <span class='ocrx_word' id='word_1_359' title='bbox 2739 503 2791 549; x_wconf 86' lang='lat' dir='ltr'><strong>et</strong></span> <span class='ocrx_word' id='word_1_360' title='bbox 2831 488 3160 559; x_wconf 78' lang='lat' dir='ltr'><strong>adiutorium</strong></span> <span class='ocrx_word' id='word_1_361' title='bbox 3210 482 3500 541; x_wconf 74' lang='lat' dir='ltr'><strong>animabus</strong></span> 
     </span>
    </p>
   </div>
   <div class='ocr_carea' id='block_1_47' title="bbox 3396 366 3505 429">
    <p class='ocr_par' dir='ltr' id='par_1_47' title="bbox 3396 366 3505 429">
     <span class='ocr_line' id='line_1_47' title="bbox 3396 366 3505 429; baseline -0.037 0"><span class='ocrx_word' id='word_1_362' title='bbox 3396 366 3505 429; x_wconf 83' lang='grc'><strong>650</strong></span> 
     </span>
    </p>
   </div>
   <div class='ocr_carea' id='block_1_48' title="bbox 1926 577 3495 661">
    <p class='ocr_par' dir='ltr' id='par_1_48' title="bbox 1926 577 3495 661">
     <span class='ocr_line' id='line_1_48' title="bbox 1926 577 3495 661; baseline -0.018 -6"><span class='ocrx_word' id='word_1_363' title='bbox 1926 599 2152 655; x_wconf 85' lang='lat' dir='ltr'><strong>nostris.</strong></span> <span class='ocrx_word' id='word_1_364' title='bbox 2188 592 2293 649; x_wconf 87' lang='lat' dir='ltr'><strong>Ista</strong></span> <span class='ocrx_word' id='word_1_365' title='bbox 2326 607 2453 646; x_wconf 89' lang='lat' dir='ltr'><strong>vero</strong></span> <span class='ocrx_word' id='word_1_366' title='bbox 2486 582 2834 661; x_wconf 74' lang='lat' dir='ltr'><strong>przedicatam</strong></span> <span class='ocrx_word' id='word_1_367' title='bbox 2870 582 3074 639; x_wconf 74' lang='lat' dir='ltr'><strong>Christi</strong></span> <span class='ocrx_word' id='word_1_368' title='bbox 3129 577 3495 635; x_wconf 68' lang='lat' dir='ltr'><strong>oeconomiam</strong></span> 
     </span>
    </p>
   </div>
   <div class='ocr_carea' id='block_1_49' title="bbox 1922 671 3495 761">
    <p class='ocr_par' dir='ltr' id='par_1_49' title="bbox 1922 671 3495 761">
     <span class='ocr_line' id='line_1_49' title="bbox 1922 671 3495 761; baseline -0.016 -13"><span class='ocrx_word' id='word_1_369' title='bbox 1922 689 2283 761; x_wconf 65' lang='lat' dir='ltr'><strong>magniﬁcam</strong></span> <span class='ocrx_word' id='word_1_370' title='bbox 2332 696 2385 740; x_wconf 90' lang='lat' dir='ltr'><strong>et</strong></span> <span class='ocrx_word' id='word_1_371' title='bbox 2436 682 2733 754; x_wconf 64' lang='lat' dir='ltr'><strong>prmsertim</strong></span> <span class='ocrx_word' id='word_1_372' title='bbox 2789 695 2883 749; x_wconf 87' lang='lat' dir='ltr'><strong>per</strong></span> <span class='ocrx_word' id='word_1_373' title='bbox 2932 686 3148 745; x_wconf 78' lang='lat' dir='ltr'><strong>partum</strong></span> <span class='ocrx_word' id='word_1_374' title='bbox 3218 671 3495 741; x_wconf 68' lang='lat' dir='ltr'><strong>Baptistaz,</strong></span> 
     </span>
    </p>
   </div>
   <div class='ocr_carea' id='block_1_50' title="bbox 1924 766 3499 856">
    <p class='ocr_par' dir='ltr' id='par_1_50' title="bbox 1924 766 3499 856">
     <span class='ocr_line' id='line_1_50' title="bbox 1924 766 3499 856; baseline -0.014 -17"><span class='ocrx_word' id='word_1_375' title='bbox 1924 790 2088 856; x_wconf 86' lang='lat' dir='ltr'><strong>prout</strong></span> <span class='ocrx_word' id='word_1_376' title='bbox 2111 778 2485 851; x_wconf 67' lang='lat' dir='ltr'><strong>praediximus.</strong></span> <span class='ocrx_word' id='word_1_377' title='bbox 2519 774 2581 828; x_wconf 85' lang='grc' dir='ltr'>Ει</span> <span class='ocrx_word' id='word_1_378' title='bbox 2600 774 2782 828; x_wconf 90' lang='lat' dir='ltr'><strong>statim</strong></span> <span class='ocrx_word' id='word_1_379' title='bbox 2816 772 2867 824; x_wconf 90' lang='lat' dir='ltr'><strong>in</strong></span> <span class='ocrx_word' id='word_1_380' title='bbox 2893 775 3147 838; x_wconf 74' lang='lat' dir='ltr'><strong>suggesto</strong></span> <span class='ocrx_word' id='word_1_381' title='bbox 3172 766 3499 842; x_wconf 78' lang='lat' dir='ltr'><strong>inchoatur:</strong></span> 
     </span>
    </p>
   </div>
   <div class='ocr_carea' id='block_1_51' title="bbox 1942 859 3500 934">
    <p class='ocr_par' dir='ltr' id='par_1_51' title="bbox 1942 859 3500 934">
     <span class='ocr_line' id='line_1_51' title="bbox 1942 859 3500 934; baseline -0.013 -4"><span class='ocrx_word' id='word_1_382' title='bbox 1942 871 2159 934; x_wconf 90' lang='lat' dir='ltr'><strong>«Gloria</strong></span> <span class='ocrx_word' id='word_1_383' title='bbox 2194 875 2247 929; x_wconf 91' lang='lat' dir='ltr'><strong>in</strong></span> <span class='ocrx_word' id='word_1_384' title='bbox 2272 870 2501 927; x_wconf 78' lang='lat' dir='ltr'><strong>excelsis</strong></span> <span class='ocrx_word' id='word_1_385' title='bbox 2529 868 2691 930; x_wconf 65' lang='lat' dir='ltr'><strong>Deo,»</strong></span> <span class='ocrx_word' id='word_1_386' title='bbox 2736 880 2765 920; x_wconf 89' lang='lat' dir='ltr'><strong>a</strong></span> <span class='ocrx_word' id='word_1_387' title='bbox 2798 867 3000 920; x_wconf 86' lang='lat' dir='ltr'><strong>lectore</strong></span> <span class='ocrx_word' id='word_1_388' title='bbox 3034 860 3127 932; x_wconf 87' lang='lat' dir='ltr'><strong>qui</strong></span> <span class='ocrx_word' id='word_1_389' title='bbox 3155 861 3209 915; x_wconf 90' lang='lat' dir='ltr'><strong>in</strong></span> <span class='ocrx_word' id='word_1_390' title='bbox 3241 859 3500 914; x_wconf 71' lang='lat' dir='ltr'><strong>manibus</strong></span> 
     </span>
    </p>
   </div>
   <div class='ocr_carea' id='block_1_52' title="bbox 1927 949 3501 1034">
    <p class='ocr_par' dir='ltr' id='par_1_52' title="bbox 1927 949 3501 1034">
     <span class='ocr_line' id='line_1_52' title="bbox 1927 949 3501 1034; baseline -0.017 -8"><span class='ocrx_word' id='word_1_391' title='bbox 1927 983 2148 1026; x_wconf 79' lang='lat' dir='ltr'><strong>crucem</strong></span> <span class='ocrx_word' id='word_1_392' title='bbox 2187 965 2384 1034; x_wconf 88' lang='lat' dir='ltr'><strong>accipit</strong></span> <span class='ocrx_word' id='word_1_393' title='bbox 2422 962 2654 1017; x_wconf 77' lang='lat' dir='ltr'><strong>stans‘in</strong></span> <span class='ocrx_word' id='word_1_394' title='bbox 2688 968 2967 1028; x_wconf 78' lang='lat' dir='ltr'><strong>suggesto,</strong></span> <span class='ocrx_word' id='word_1_395' title='bbox 3034 963 3139 1009; x_wconf 89' lang='lat' dir='ltr'><strong>eta</strong></span> <span class='ocrx_word' id='word_1_396' title='bbox 3178 949 3501 1006; x_wconf 85' lang='lat' dir='ltr'><strong>cantoribus</strong></span> 
     </span>
    </p>
   </div>
   <div class='ocr_carea' id='block_1_53' title="bbox 1928 1040 3502 1124">
    <p class='ocr_par' dir='ltr' id='par_1_53' title="bbox 1928 1040 3502 1124">
     <span class='ocr_line' id='line_1_53' title="bbox 1928 1040 3502 1124; baseline -0.017 -6"><span class='ocrx_word' id='word_1_397' title='bbox 1928 1061 2284 1118; x_wconf 83' lang='lat' dir='ltr'><strong>continuatur</strong></span> <span class='ocrx_word' id='word_1_398' title='bbox 2317 1066 2513 1124; x_wconf 73' lang='lat' dir='ltr'><strong>magna</strong></span> <span class='ocrx_word' id='word_1_399' title='bbox 2549 1050 2857 1120; x_wconf 79' lang='lat' dir='ltr'><strong>doxologia.</strong></span> <span class='ocrx_word' id='word_1_400' title='bbox 2883 1046 2997 1100; x_wconf 86' lang='lat' dir='ltr'><strong>Hoc</strong></span> <span class='ocrx_word' id='word_1_401' title='bbox 3021 1054 3200 1099; x_wconf 86' lang='lat' dir='ltr'><strong>autem</strong></span> <span class='ocrx_word' id='word_1_402' title='bbox 3228 1042 3285 1096; x_wconf 81' lang='lat' dir='ltr'><strong>[it</strong></span> <span class='ocrx_word' id='word_1_403' title='bbox 3307 1040 3502 1095; x_wconf 73' lang='lat' dir='ltr'><strong>diebus</strong></span> 
     </span>
    </p>
   </div>
   <div class='ocr_carea' id='block_1_54' title="bbox 1927 1134 3495 1223">
    <p class='ocr_par' dir='ltr' id='par_1_54' title="bbox 1927 1134 3495 1223">
     <span class='ocr_line' id='line_1_54' title="bbox 1927 1134 3495 1223; baseline -0.015 -15"><span class='ocrx_word' id='word_1_404' title='bbox 1927 1153 2178 1223; x_wconf 74' lang='lat' dir='ltr'><strong>singulis.</strong></span> <span class='ocrx_word' id='word_1_405' title='bbox 2198 1147 2478 1204; x_wconf 73' lang='lat' dir='ltr'><strong>Doutinica</strong></span> <span class='ocrx_word' id='word_1_406' title='bbox 2492 1158 2621 1200; x_wconf 79' lang='lat' dir='ltr'><strong>vero</strong></span> <span class='ocrx_word' id='word_1_407' title='bbox 2633 1147 2925 1198; x_wconf 87' lang='lat' dir='ltr'><strong>cantantur</strong></span> <span class='ocrx_word' id='word_1_408' title='bbox 2940 1136 3131 1208; x_wconf 84' lang='lat' dir='ltr'><strong>psalmi</strong></span> <span class='ocrx_word' id='word_1_409' title='bbox 3158 1153 3171 1189; x_wconf 90' lang='lat'><strong>:</strong></span> <span class='ocrx_word' id='word_1_410' title='bbox 3194 1154 3210 1185; x_wconf 93' lang='lat'><strong>«</strong></span> <span class='ocrx_word' id='word_1_411' title='bbox 3226 1134 3463 1188; x_wconf 82' lang='lat' dir='ltr'><strong>Laudato</strong></span> <span class='ocrx_word' id='word_1_412' title='bbox 3474 1150 3495 1185; x_wconf 94' lang='lat'><strong>9</strong></span> 
     </span>
    </p>
   </div>
   <div class='ocr_carea' id='block_1_55' title="bbox 1928 1227 3505 1302">
    <p class='ocr_par' dir='ltr' id='par_1_55' title="bbox 1928 1227 3505 1302">
     <span class='ocr_line' id='line_1_55' title="bbox 1928 1227 3505 1302; baseline -0.015 0"><span class='ocrx_word' id='word_1_413' title='bbox 1928 1262 2052 1302; x_wconf 90' lang='lat' dir='ltr'><strong>cum</strong></span> <span class='ocrx_word' id='word_1_414' title='bbox 2073 1239 2390 1299; x_wconf 85' lang='lat' dir='ltr'><strong>intercalarl</strong></span> <span class='ocrx_word' id='word_1_415' title='bbox 2418 1236 2711 1300; x_wconf 84' lang='lat' dir='ltr'><strong>versiculo,</strong></span> <span class='ocrx_word' id='word_1_416' title='bbox 2744 1235 2865 1290; x_wconf 84' lang='lat' dir='ltr'><strong>etin</strong></span> <span class='ocrx_word' id='word_1_417' title='bbox 2888 1229 3074 1286; x_wconf 85' lang='lat' dir='ltr'><strong>ﬁnede</strong></span> <span class='ocrx_word' id='word_1_418' title='bbox 3104 1227 3505 1284; x_wconf 87' lang='lat' dir='ltr'><strong>resurrectione</strong></span> 
     </span>
    </p>
   </div>
   <div class='ocr_carea' id='block_1_56' title="bbox 1930 1313 3504 1400">
    <p class='ocr_par' dir='ltr' id='par_1_56' title="bbox 1930 1313 3504 1400">
     <span class='ocr_line' id='line_1_56' title="bbox 1930 1313 3504 1400; baseline -0.015 -7"><span class='ocrx_word' id='word_1_419' title='bbox 1930 1320 2212 1400; x_wconf 78' lang='lat' dir='ltr'><strong>versiculi,</strong></span> <span class='ocrx_word' id='word_1_420' title='bbox 2247 1334 2329 1387; x_wconf 85' lang='lat' dir='ltr'><strong>vel</strong></span> <span class='ocrx_word' id='word_1_421' title='bbox 2371 1330 2494 1386; x_wconf 79' lang='lat' dir='ltr'><strong>festi</strong></span> <span class='ocrx_word' id='word_1_422' title='bbox 2532 1329 2616 1384; x_wconf 92' lang='lat' dir='ltr'><strong>vel</strong></span> <span class='ocrx_word' id='word_1_423' title='bbox 2666 1327 2845 1396; x_wconf 82' lang='lat' dir='ltr'><strong>magni</strong></span> <span class='ocrx_word' id='word_1_424' title='bbox 2883 1323 3171 1393; x_wconf 86' lang='lat' dir='ltr'><strong>cujusdam</strong></span> <span class='ocrx_word' id='word_1_425' title='bbox 3224 1313 3423 1381; x_wconf 76' lang='lat' dir='ltr'><strong>saucii,</strong></span> <span class='ocrx_word' id='word_1_426' title='bbox 3458 1320 3504 1369; x_wconf 90' lang='lat' dir='ltr'><strong>si</strong></span> 
     </span>
    </p>
   </div>
   <div class='ocr_carea' id='block_1_57' title="bbox 1932 1416 3503 1499">
    <p class='ocr_par' dir='ltr' id='par_1_57' title="bbox 1932 1416 3503 1499">
     <span class='ocr_line' id='line_1_57' title="bbox 1932 1416 3503 1499; baseline -0.015 -12"><span class='ocrx_word' id='word_1_427' title='bbox 1932 1433 2025 1487; x_wconf 82' lang='lat' dir='ltr'><strong>ﬁat</strong></span> <span class='ocrx_word' id='word_1_428' title='bbox 2073 1430 2191 1499; x_wconf 79' lang='lat' dir='ltr'><strong>ejus</strong></span> <span class='ocrx_word' id='word_1_429' title='bbox 2249 1422 2722 1483; x_wconf 84' lang='lat' dir='ltr'><strong>commemoratio,</strong></span> <span class='ocrx_word' id='word_1_430' title='bbox 2793 1418 2977 1473; x_wconf 83' lang='lat' dir='ltr'><strong>Gloria</strong></span> <span class='ocrx_word' id='word_1_431' title='bbox 3055 1424 3111 1471; x_wconf 87' lang='lat' dir='ltr'><strong>et</strong></span> <span class='ocrx_word' id='word_1_432' title='bbox 3176 1416 3503 1468; x_wconf 89' lang='lat' dir='ltr'><strong>matutinum</strong></span> 
     </span>
    </p>
   </div>
   <div class='ocr_carea' id='block_1_58' title="bbox 1919 1506 3504 1587">
    <p class='ocr_par' dir='ltr' id='par_1_58' title="bbox 1919 1506 3504 1587">
     <span class='ocr_line' id='line_1_58' title="bbox 1919 1506 3504 1587; baseline -0.01 -16"><span class='ocrx_word' id='word_1_433' title='bbox 1919 1517 2308 1587; x_wconf 61' lang='lat' dir='ltr'><strong>«Evangelium.</strong></span> <span class='ocrx_word' id='word_1_434' title='bbox 2346 1510 2398 1567; x_wconf 91' lang='lat' dir='ltr'><strong>In</strong></span> <span class='ocrx_word' id='word_1_435' title='bbox 2430 1514 2538 1567; x_wconf 87' lang='lat' dir='ltr'><strong>isto</strong></span> <span class='ocrx_word' id='word_1_436' title='bbox 2572 1512 2629 1565; x_wconf 80' lang='lat' dir='ltr'><strong>tit</strong></span> <span class='ocrx_word' id='word_1_437' title='bbox 2664 1512 2943 1578; x_wconf 82' lang='lat' dir='ltr'><strong>ingressus</strong></span> <span class='ocrx_word' id='word_1_438' title='bbox 2976 1506 3322 1562; x_wconf 86' lang='lat' dir='ltr'><strong>sacerdotum</strong></span> <span class='ocrx_word' id='word_1_439' title='bbox 3381 1520 3504 1559; x_wconf 90' lang='lat' dir='ltr'><strong>cum</strong></span> 
     </span>
    </p>
   </div>
   <div class='ocr_carea' id='block_1_59' title="bbox 1933 1594 3515 1675">
    <p class='ocr_par' dir='ltr' id='par_1_59' title="bbox 1933 1594 3515 1675">
     <span class='ocr_line' id='line_1_59' title="bbox 1933 1594 3515 1675; baseline -0.012 -10"><span class='ocrx_word' id='word_1_440' title='bbox 1933 1625 2096 1665; x_wconf 87' lang='lat' dir='ltr'><strong>cruce</strong></span> <span class='ocrx_word' id='word_1_441' title='bbox 2151 1608 2447 1675; x_wconf 81' lang='lat' dir='ltr'><strong>divinaque</strong></span> <span class='ocrx_word' id='word_1_442' title='bbox 2475 1604 2807 1673; x_wconf 80' lang='lat' dir='ltr'><strong>Evangelio;</strong></span> <span class='ocrx_word' id='word_1_443' title='bbox 2843 1602 2933 1671; x_wconf 85' lang='lat' dir='ltr'><strong>qui</strong></span> <span class='ocrx_word' id='word_1_444' title='bbox 2960 1603 3242 1671; x_wconf 83' lang='lat' dir='ltr'><strong>ingressus</strong></span> <span class='ocrx_word' id='word_1_445' title='bbox 3262 1594 3405 1653; x_wconf 85' lang='lat' dir='ltr'><strong>circa</strong></span> <span class='ocrx_word' id='word_1_446' title='bbox 3434 1598 3515 1648; x_wconf 84' lang='lat' dir='ltr'><strong>di-</strong></span> 
     </span>
    </p>
   </div>
   <div class='ocr_carea' id='block_1_60' title="bbox 1936 1689 3516 1757">
    <p class='ocr_par' dir='ltr' id='par_1_60' title="bbox 1936 1689 3516 1757">
     <span class='ocr_line' id='line_1_60' title="bbox 1936 1689 3516 1757; baseline -0.011 -2"><span class='ocrx_word' id='word_1_447' title='bbox 1936 1701 2181 1755; x_wconf 90' lang='lat' dir='ltr'><strong>luculum</strong></span> <span class='ocrx_word' id='word_1_448' title='bbox 2234 1698 2410 1752; x_wconf 77' lang='lat' dir='ltr'><strong>factus</strong></span> <span class='ocrx_word' id='word_1_449' title='bbox 2474 1695 2774 1750; x_wconf 77' lang='lat' dir='ltr'><strong>Salvatoris</strong></span> <span class='ocrx_word' id='word_1_450' title='bbox 2839 1692 3295 1747; x_wconf 74' lang='lat' dir='ltr'><strong>resurreCtionem</strong></span> <span class='ocrx_word' id='word_1_451' title='bbox 3342 1689 3516 1757; x_wconf 80' lang='lat' dir='ltr'><strong>signi-</strong></span> 
     </span>
    </p>
   </div>
   <div class='ocr_carea' id='block_1_61' title="bbox 1939 1779 3514 1852">
    <p class='ocr_par' dir='ltr' id='par_1_61' title="bbox 1939 1779 3514 1852">
     <span class='ocr_line' id='line_1_61' title="bbox 1939 1779 3514 1852; baseline -0.009 -10"><span class='ocrx_word' id='word_1_452' title='bbox 1939 1790 2084 1843; x_wconf 82' lang='lat' dir='ltr'><strong>ﬁcat.</strong></span> <span class='ocrx_word' id='word_1_453' title='bbox 2134 1788 2260 1841; x_wconf 88' lang='lat' dir='ltr'><strong>Ideo</strong></span> <span class='ocrx_word' id='word_1_454' title='bbox 2292 1785 2667 1840; x_wconf 86' lang='lat' dir='ltr'><strong>sacerdotibus</strong></span> <span class='ocrx_word' id='word_1_455' title='bbox 2700 1784 2881 1852; x_wconf 89' lang='lat' dir='ltr'><strong>capite</strong></span> <span class='ocrx_word' id='word_1_456' title='bbox 2910 1782 3177 1836; x_wconf 89' lang='lat' dir='ltr'><strong>inclinato</strong></span> <span class='ocrx_word' id='word_1_457' title='bbox 3200 1779 3514 1833; x_wconf 67' lang='lat' dir='ltr'><strong>dicentibus</strong></span> 
     </span>
    </p>
   </div>
   <div class='ocr_carea' id='block_1_62' title="bbox 1940 1872 3513 1948">
    <p class='ocr_par' dir='ltr' id='par_1_62' title="bbox 1940 1872 3513 1948">
     <span class='ocr_line' id='line_1_62' title="bbox 1940 1872 3513 1948; baseline -0.011 -13"><span class='ocrx_word' id='word_1_458' title='bbox 1940 1881 2246 1935; x_wconf 89' lang='lat' dir='ltr'><strong>oralionem</strong></span> <span class='ocrx_word' id='word_1_459' title='bbox 2304 1880 2584 1948; x_wconf 79' lang='lat' dir='ltr'><strong>ingressus</strong></span> <span class='ocrx_word' id='word_1_460' title='bbox 2633 1877 2687 1930; x_wconf 92' lang='lat' dir='ltr'><strong>iu</strong></span> <span class='ocrx_word' id='word_1_461' title='bbox 2739 1874 3009 1928; x_wconf 89' lang='lat' dir='ltr'><strong>matutino</strong></span> <span class='ocrx_word' id='word_1_462' title='bbox 3080 1872 3255 1927; x_wconf 80' lang='lat' dir='ltr'><strong>factus</strong></span> <span class='ocrx_word' id='word_1_463' title='bbox 3314 1872 3513 1932; x_wconf 72' lang='lat' dir='ltr'><strong>oﬂiciu,</strong></span> 
     </span>
    </p>
   </div>
   <div class='ocr_carea' id='block_1_63' title="bbox 1942 1965 3511 2042">
    <p class='ocr_par' dir='ltr' id='par_1_63' title="bbox 1942 1965 3511 2042">
     <span class='ocr_line' id='line_1_63' title="bbox 1942 1965 3511 2042; baseline -0.008 -15"><span class='ocrx_word' id='word_1_464' title='bbox 1942 1973 2088 2042; x_wconf 90' lang='lat' dir='ltr'><strong>quod</strong></span> <span class='ocrx_word' id='word_1_465' title='bbox 2121 1972 2356 2027; x_wconf 86' lang='lat' dir='ltr'><strong>ostendit</strong></span> <span class='ocrx_word' id='word_1_466' title='bbox 2379 1970 2445 2023; x_wconf 90' lang='lat' dir='ltr'><strong>ad</strong></span> <span class='ocrx_word' id='word_1_467' title='bbox 2481 1984 2582 2023; x_wconf 92' lang='lat' dir='ltr'><strong>nos</strong></span> <span class='ocrx_word' id='word_1_468' title='bbox 2613 1976 2666 2022; x_wconf 86' lang='lat' dir='ltr'><strong>et</strong></span> <span class='ocrx_word' id='word_1_469' title='bbox 2700 1982 2873 2037; x_wconf 88' lang='lat' dir='ltr'><strong>usque</strong></span> <span class='ocrx_word' id='word_1_470' title='bbox 2905 1967 2970 2019; x_wconf 89' lang='lat' dir='ltr'><strong>ad</strong></span> <span class='ocrx_word' id='word_1_471' title='bbox 3014 1966 3285 2020; x_wconf 77' lang='lat' dir='ltr'><strong>internum</strong></span> <span class='ocrx_word' id='word_1_472' title='bbox 3333 1965 3511 2017; x_wconf 86' lang='lat' dir='ltr'><strong>Immi-</strong></span> 
     </span>
    </p>
   </div>
   <div class='ocr_carea' id='block_1_64' title="bbox 1944 2060 3515 2128">
    <p class='ocr_par' dir='ltr' id='par_1_64' title="bbox 1944 2060 3515 2128">
     <span class='ocr_line' id='line_1_64' title="bbox 1944 2060 3515 2128; baseline -0.004 -10"><span class='ocrx_word' id='word_1_473' title='bbox 1944 2064 2225 2118; x_wconf 88' lang='lat' dir='ltr'><strong>liationem</strong></span> <span class='ocrx_word' id='word_1_474' title='bbox 2262 2072 2316 2116; x_wconf 91' lang='lat' dir='ltr'><strong>et</strong></span> <span class='ocrx_word' id='word_1_475' title='bbox 2360 2061 2695 2116; x_wconf 86' lang='lat' dir='ltr'><strong>descensum</strong></span> <span class='ocrx_word' id='word_1_476' title='bbox 2784 2060 2998 2113; x_wconf 88' lang='lat' dir='ltr'><strong>Domini</strong></span> <span class='ocrx_word' id='word_1_477' title='bbox 3056 2070 3515 2128; x_wconf 74' lang='lat' dir='ltr'><strong>mortuorumque</strong></span> 
     </span>
    </p>
   </div>
   <div class='ocr_carea' id='block_1_65' title="bbox 1944 2154 3516 2222">
    <p class='ocr_par' dir='ltr' id='par_1_65' title="bbox 1944 2154 3516 2222">
     <span class='ocr_line' id='line_1_65' title="bbox 1944 2154 3516 2222; baseline -0.003 -11"><span class='ocrx_word' id='word_1_478' title='bbox 1944 2158 2428 2219; x_wconf 86' lang='lat' dir='ltr'><strong>resurrectionem,</strong></span> <span class='ocrx_word' id='word_1_479' title='bbox 2461 2155 2602 2210; x_wconf 88' lang='lat' dir='ltr'><strong>sicut</strong></span> <span class='ocrx_word' id='word_1_480' title='bbox 2652 2168 2797 2222; x_wconf 67' lang='lat' dir='ltr'><strong>smpe</strong></span> <span class='ocrx_word' id='word_1_481' title='bbox 2822 2169 2987 2221; x_wconf 85' lang='lat' dir='ltr'><strong>supra</strong></span> <span class='ocrx_word' id='word_1_482' title='bbox 3033 2154 3298 2218; x_wconf 80' lang='lat' dir='ltr'><strong>diximus,</strong></span> <span class='ocrx_word' id='word_1_483' title='bbox 3327 2157 3516 2209; x_wconf 66' lang='lat' dir='ltr'><strong>eleva-</strong></span> 
     </span>
    </p>
   </div>
   <div class='ocr_carea' id='block_1_66' title="bbox 1946 2248 3511 2323">
    <p class='ocr_par' dir='ltr' id='par_1_66' title="bbox 1946 2248 3511 2323">
     <span class='ocr_line' id='line_1_66' title="bbox 1946 2248 3511 2323; baseline -0.002 -21"><span class='ocrx_word' id='word_1_484' title='bbox 1946 2260 2033 2304; x_wconf 92' lang='lat' dir='ltr'><strong>tur</strong></span> <span class='ocrx_word' id='word_1_485' title='bbox 2072 2250 2430 2319; x_wconf 85' lang='lat' dir='ltr'><strong>Evangelium</strong></span> <span class='ocrx_word' id='word_1_486' title='bbox 2459 2248 2605 2317; x_wconf 90' lang='lat' dir='ltr'><strong>quod</strong></span> <span class='ocrx_word' id='word_1_487' title='bbox 2650 2248 2828 2316; x_wconf 86' lang='lat' dir='ltr'><strong>ipsum</strong></span> <span class='ocrx_word' id='word_1_488' title='bbox 2875 2251 3338 2323; x_wconf 85' lang='lat' dir='ltr'><strong>resurrectionem</strong></span> <span class='ocrx_word' id='word_1_489' title='bbox 3375 2264 3511 2317; x_wconf 70' lang='lat' dir='ltr'><strong>pra--</strong></span> 
     </span>
    </p>
   </div>
   <div class='ocr_carea' id='block_1_67' title="bbox 1945 2341 3513 2411">
    <p class='ocr_par' dir='ltr' id='par_1_67' title="bbox 1945 2341 3513 2411">
     <span class='ocr_line' id='line_1_67' title="bbox 1945 2341 3513 2411; baseline -0.002 -13"><span class='ocrx_word' id='word_1_490' title='bbox 1945 2344 2176 2408; x_wconf 86' lang='lat' dir='ltr'><strong>dicat,et</strong></span> <span class='ocrx_word' id='word_1_491' title='bbox 2200 2342 2401 2396; x_wconf 89' lang='lat' dir='ltr'><strong>dicitur</strong></span> <span class='ocrx_word' id='word_1_492' title='bbox 2427 2358 2441 2396; x_wconf 86' lang='lat'><strong>:</strong></span> <span class='ocrx_word' id='word_1_493' title='bbox 2472 2341 2776 2410; x_wconf 84' lang='lat' dir='ltr'><strong>«Sapientia</strong></span> <span class='ocrx_word' id='word_1_494' title='bbox 2798 2341 3021 2405; x_wconf 90' lang='lat' dir='ltr'><strong>erecti,9</strong></span> <span class='ocrx_word' id='word_1_495' title='bbox 3051 2341 3255 2410; x_wconf 89' lang='lat' dir='ltr'><strong>pariter</strong></span> <span class='ocrx_word' id='word_1_496' title='bbox 3292 2342 3345 2396; x_wconf 93' lang='lat' dir='ltr'><strong>iu</strong></span> <span class='ocrx_word' id='word_1_497' title='bbox 3376 2358 3513 2411; x_wconf 78' lang='lat' dir='ltr'><strong>pra:-</strong></span> 
     </span>
    </p>
   </div>
   <div class='ocr_carea' id='block_1_68' title="bbox 1946 2434 3516 2502">
    <p class='ocr_par' dir='ltr' id='par_1_68' title="bbox 1946 2434 3516 2502">
     <span class='ocr_line' id='line_1_68' title="bbox 1946 2434 3516 2502; baseline -0.001 -13"><span class='ocrx_word' id='word_1_498' title='bbox 1946 2437 2271 2491; x_wconf 87' lang='lat' dir='ltr'><strong>dicationem</strong></span> <span class='ocrx_word' id='word_1_499' title='bbox 2299 2435 2747 2501; x_wconf 87' lang='lat' dir='ltr'><strong>resurrectionis,</strong></span> <span class='ocrx_word' id='word_1_500' title='bbox 2780 2444 2833 2490; x_wconf 88' lang='lat' dir='ltr'><strong>et</strong></span> <span class='ocrx_word' id='word_1_501' title='bbox 2882 2434 3135 2502; x_wconf 82' lang='lat' dir='ltr'><strong>psallitur</strong></span> <span class='ocrx_word' id='word_1_502' title='bbox 3201 2434 3269 2487; x_wconf 93' lang='lat' dir='ltr'><strong>ad</strong></span> <span class='ocrx_word' id='word_1_503' title='bbox 3311 2436 3516 2488; x_wconf 82' lang='lat' dir='ltr'><strong>verba:</strong></span> 
     </span>
    </p>
   </div>
   <div class='ocr_carea' id='block_1_69' title="bbox 1954 2526 3513 2595">
    <p class='ocr_par' dir='ltr' id='par_1_69' title="bbox 1954 2526 3513 2595">
     <span class='ocr_line' id='line_1_69' title="bbox 1954 2526 3513 2595; baseline -0.001 -15"><span class='ocrx_word' id='word_1_504' title='bbox 1954 2548 1971 2580; x_wconf 93' lang='lat'><strong>«</strong></span> <span class='ocrx_word' id='word_1_505' title='bbox 2014 2528 2075 2581; x_wconf 84' lang='lat' dir='ltr'><strong>Et</strong></span> <span class='ocrx_word' id='word_1_506' title='bbox 2102 2541 2246 2581; x_wconf 91' lang='lat' dir='ltr'><strong>nunc</strong></span> <span class='ocrx_word' id='word_1_507' title='bbox 2279 2532 2334 2580; x_wconf 89' lang='lat' dir='ltr'><strong>et</strong></span> <span class='ocrx_word' id='word_1_508' title='bbox 2357 2541 2595 2595; x_wconf 88' lang='lat' dir='ltr'><strong>semper,</strong></span> <span class='ocrx_word' id='word_1_509' title='bbox 2629 2542 2792 2594; x_wconf 88' lang='lat' dir='ltr'><strong>super</strong></span> <span class='ocrx_word' id='word_1_510' title='bbox 2824 2540 3015 2581; x_wconf 89' lang='lat' dir='ltr'><strong>omnes</strong></span> <span class='ocrx_word' id='word_1_511' title='bbox 3054 2526 3337 2581; x_wconf 82' lang='lat' dir='ltr'><strong>benedicta</strong></span> <span class='ocrx_word' id='word_1_512' title='bbox 3376 2543 3453 2583; x_wconf 86' lang='lat' dir='ltr'><strong>es.</strong></span> <span class='ocrx_word' id='word_1_513' title='bbox 3495 2547 3513 2579; x_wconf 90' lang='lat'><strong>9</strong></span> 
     </span>
    </p>
   </div>
   <div class='ocr_carea' id='block_1_70' title="bbox 1949 2617 3521 2690">
    <p class='ocr_par' dir='ltr' id='par_1_70' title="bbox 1949 2617 3521 2690">
     <span class='ocr_line' id='line_1_70' title="bbox 1949 2617 3521 2690; baseline -0.003 -16"><span class='ocrx_word' id='word_1_514' title='bbox 1949 2621 2205 2688; x_wconf 83' lang='lat' dir='ltr'><strong>quoniam</strong></span> <span class='ocrx_word' id='word_1_515' title='bbox 2231 2619 2324 2690; x_wconf 84' lang='lat' dir='ltr'><strong>per</strong></span> <span class='ocrx_word' id='word_1_516' title='bbox 2351 2619 2639 2687; x_wconf 83' lang='lat' dir='ltr'><strong>Dciparam</strong></span> <span class='ocrx_word' id='word_1_517' title='bbox 2678 2618 2831 2672; x_wconf 91' lang='lat' dir='ltr'><strong>salus</strong></span> <span class='ocrx_word' id='word_1_518' title='bbox 2867 2617 3029 2672; x_wconf 85' lang='lat' dir='ltr'><strong>nobis</strong></span> <span class='ocrx_word' id='word_1_519' title='bbox 3068 2619 3194 2672; x_wconf 86' lang='lat' dir='ltr'><strong>data</strong></span> <span class='ocrx_word' id='word_1_520' title='bbox 3230 2630 3331 2683; x_wconf 87' lang='lat' dir='ltr'><strong>est,</strong></span> <span class='ocrx_word' id='word_1_521' title='bbox 3370 2622 3521 2673; x_wconf 87' lang='lat' dir='ltr'><strong>solu-</strong></span> 
     </span>
    </p>
   </div>
   <div class='ocr_carea' id='block_1_71' title="bbox 1949 2709 3524 2781">
    <p class='ocr_par' dir='ltr' id='par_1_71' title="bbox 1949 2709 3524 2781">
     <span class='ocr_line' id='line_1_71' title="bbox 1949 2709 3524 2781; baseline -0.002 -15"><span class='ocrx_word' id='word_1_522' title='bbox 1949 2722 2114 2781; x_wconf 86' lang='lat' dir='ltr'><strong>taque</strong></span> <span class='ocrx_word' id='word_1_523' title='bbox 2174 2712 2298 2766; x_wconf 63' lang='lat' dir='ltr'><strong>Evm</strong></span> <span class='ocrx_word' id='word_1_524' title='bbox 2349 2710 2677 2765; x_wconf 83' lang='lat' dir='ltr'><strong>maledictio.</strong></span> <span class='ocrx_word' id='word_1_525' title='bbox 2722 2709 2989 2779; x_wconf 86' lang='lat' dir='ltr'><strong>Ingressis</strong></span> <span class='ocrx_word' id='word_1_526' title='bbox 3023 2710 3171 2764; x_wconf 83' lang='lat' dir='ltr'><strong>intus</strong></span> <span class='ocrx_word' id='word_1_527' title='bbox 3224 2712 3524 2766; x_wconf 79' lang='lat' dir='ltr'><strong>sacerdoti-</strong></span> 
     </span>
    </p>
   </div>
   <div class='ocr_carea' id='block_1_72' title="bbox 1953 2801 3519 2872">
    <p class='ocr_par' dir='ltr' id='par_1_72' title="bbox 1953 2801 3519 2872">
     <span class='ocr_line' id='line_1_72' title="bbox 1953 2801 3519 2872; baseline -0.001 -15"><span class='ocrx_word' id='word_1_528' title='bbox 1953 2804 2078 2869; x_wconf 85' lang='lat' dir='ltr'><strong>bus,</strong></span> <span class='ocrx_word' id='word_1_529' title='bbox 2112 2804 2346 2872; x_wconf 91' lang='lat' dir='ltr'><strong>primum</strong></span> <span class='ocrx_word' id='word_1_530' title='bbox 2382 2803 2596 2870; x_wconf 87' lang='lat' dir='ltr'><strong>quidem</strong></span> <span class='ocrx_word' id='word_1_531' title='bbox 2636 2817 2664 2855; x_wconf 89' lang='lat' dir='ltr'><strong>a</strong></span> <span class='ocrx_word' id='word_1_532' title='bbox 2710 2801 2913 2855; x_wconf 89' lang='lat' dir='ltr'><strong>lectore</strong></span> <span class='ocrx_word' id='word_1_533' title='bbox 2948 2817 3163 2856; x_wconf 86' lang='lat' dir='ltr'><strong>crucem</strong></span> <span class='ocrx_word' id='word_1_534' title='bbox 3198 2810 3414 2857; x_wconf 89' lang='lat' dir='ltr'><strong>tenente</strong></span> <span class='ocrx_word' id='word_1_535' title='bbox 3469 2808 3519 2856; x_wconf 85' lang='lat' dir='ltr'><strong>in</strong></span> 
     </span>
    </p>
   </div>
   <div class='ocr_carea' id='block_1_73' title="bbox 1952 2891 3523 2961">
    <p class='ocr_par' dir='ltr' id='par_1_73' title="bbox 1952 2891 3523 2961">
     <span class='ocr_line' id='line_1_73' title="bbox 1952 2891 3523 2961; baseline 0.001 -15"><span class='ocrx_word' id='word_1_536' title='bbox 1952 2892 2448 2961; x_wconf 84' lang='lat' dir='ltr'><strong>suggestodicitur:</strong></span> <span class='ocrx_word' id='word_1_537' title='bbox 2477 2891 2688 2945; x_wconf 86' lang='lat' dir='ltr'><strong>«Gloria</strong></span> <span class='ocrx_word' id='word_1_538' title='bbox 2710 2892 2761 2944; x_wconf 88' lang='lat' dir='ltr'><strong>itt</strong></span> <span class='ocrx_word' id='word_1_539' title='bbox 2791 2892 3018 2945; x_wconf 56' lang='lat' dir='ltr'><strong>enelsis</strong></span> <span class='ocrx_word' id='word_1_540' title='bbox 3046 2894 3208 2951; x_wconf 80' lang='lat' dir='ltr'><strong>Deo.9</strong></span> <span class='ocrx_word' id='word_1_541' title='bbox 3243 2901 3293 2947; x_wconf 87' lang='lat' dir='ltr'><strong>et</strong></span> <span class='ocrx_word' id='word_1_542' title='bbox 3323 2894 3523 2947; x_wconf 84' lang='lat' dir='ltr'><strong>deinde</strong></span> 
     </span>
    </p>
   </div>
   <div class='ocr_carea' id='block_1_74' title="bbox 1952 2983 3519 3054">
    <p class='ocr_par' dir='ltr' id='par_1_74' title="bbox 1952 2983 3519 3054">
     <span class='ocr_line' id='line_1_74' title="bbox 1952 2983 3519 3054; baseline 0.001 -15"><span class='ocrx_word' id='word_1_543' title='bbox 1952 3001 1982 3038; x_wconf 88' lang='lat' dir='ltr'><strong>a</strong></span> <span class='ocrx_word' id='word_1_544' title='bbox 2023 2986 2343 3040; x_wconf 88' lang='lat' dir='ltr'><strong>cantoribus</strong></span> <span class='ocrx_word' id='word_1_545' title='bbox 2380 2985 2651 3038; x_wconf 86' lang='lat' dir='ltr'><strong>modulate</strong></span> <span class='ocrx_word' id='word_1_546' title='bbox 2681 2984 2957 3054; x_wconf 90' lang='lat' dir='ltr'><strong>psallitur.</strong></span> <span class='ocrx_word' id='word_1_547' title='bbox 2998 2983 3195 3041; x_wconf 86' lang='lat' dir='ltr'><strong>Postea</strong></span> <span class='ocrx_word' id='word_1_548' title='bbox 3254 2987 3395 3041; x_wconf 89' lang='lat' dir='ltr'><strong>intra</strong></span> <span class='ocrx_word' id='word_1_549' title='bbox 3429 3004 3519 3042; x_wconf 85' lang='lat' dir='ltr'><strong>sa-</strong></span> 
     </span>
    </p>
   </div>
   <div class='ocr_carea' id='block_1_75' title="bbox 1954 3076 3522 3133">
    <p class='ocr_par' dir='ltr' id='par_1_75' title="bbox 1954 3076 3522 3133">
     <span class='ocr_line' id='line_1_75' title="bbox 1954 3076 3522 3133; baseline 0.001 -2"><span class='ocrx_word' id='word_1_550' title='bbox 1954 3092 2106 3131; x_wconf 91' lang='lat' dir='ltr'><strong>crum</strong></span> <span class='ocrx_word' id='word_1_551' title='bbox 2138 3076 2509 3129; x_wconf 81' lang='lat' dir='ltr'><strong>sanctuarium</strong></span> <span class='ocrx_word' id='word_1_552' title='bbox 2543 3091 2570 3129; x_wconf 90' lang='lat' dir='ltr'><strong>a</strong></span> <span class='ocrx_word' id='word_1_553' title='bbox 2605 3076 2984 3133; x_wconf 88' lang='lat' dir='ltr'><strong>sacerdotibus</strong></span> <span class='ocrx_word' id='word_1_554' title='bbox 3011 3079 3175 3131; x_wconf 86' lang='lat' dir='ltr'><strong>simul</strong></span> <span class='ocrx_word' id='word_1_555' title='bbox 3216 3088 3388 3132; x_wconf 91' lang='lat' dir='ltr'><strong>totum</strong></span> <span class='ocrx_word' id='word_1_556' title='bbox 3436 3081 3522 3133; x_wconf 88' lang='lat' dir='ltr'><strong>«li-</strong></span> 
     </span>
    </p>
   </div>
   <div class='ocr_carea' id='block_1_76' title="bbox 1955 3166 3527 3232">
    <p class='ocr_par' dir='ltr' id='par_1_76' title="bbox 1955 3166 3527 3232">
     <span class='ocr_line' id='line_1_76' title="bbox 1955 3166 3527 3232; baseline 0.001 -10"><span class='ocrx_word' id='word_1_557' title='bbox 1955 3166 2096 3222; x_wconf 89' lang='lat' dir='ltr'><strong>citur</strong></span> <span class='ocrx_word' id='word_1_558' title='bbox 2111 3168 2178 3220; x_wconf 91' lang='lat' dir='ltr'><strong>ab</strong></span> <span class='ocrx_word' id='word_1_559' title='bbox 2203 3167 2314 3220; x_wconf 89' lang='lat' dir='ltr'><strong>his:</strong></span> <span class='ocrx_word' id='word_1_560' title='bbox 2349 3168 2446 3221; x_wconf 85' lang='lat' dir='ltr'><strong>«Et</strong></span> <span class='ocrx_word' id='word_1_561' title='bbox 2468 3167 2520 3220; x_wconf 91' lang='lat' dir='ltr'><strong>in</strong></span> <span class='ocrx_word' id='word_1_562' title='bbox 2548 3167 2863 3220; x_wconf 79' lang='lat' dir='ltr'><strong>hoaiuibus</strong></span> <span class='ocrx_word' id='word_1_563' title='bbox 2884 3169 3022 3221; x_wconf 86' lang='lat' dir='ltr'><strong>bona</strong></span> <span class='ocrx_word' id='word_1_564' title='bbox 3037 3169 3342 3232; x_wconf 51' lang='lat' dir='ltr'><strong>voluntas»</strong></span> <span class='ocrx_word' id='word_1_565' title='bbox 3377 3170 3447 3223; x_wconf 88' lang='lat' dir='ltr'><strong>ita</strong></span> <span class='ocrx_word' id='word_1_566' title='bbox 3470 3183 3527 3223; x_wconf 89' lang='grc' dir='ltr'><strong>ιιι</strong></span> 
     </span>
    </p>
   </div>
   <div class='ocr_carea' id='block_1_77' title="bbox 1955 3260 3523 3332">
    <p class='ocr_par' dir='ltr' id='par_1_77' title="bbox 1955 3260 3523 3332">
     <span class='ocr_line' id='line_1_77' title="bbox 1955 3260 3523 3332; baseline 0.001 -19"><span class='ocrx_word' id='word_1_567' title='bbox 1955 3270 2061 3313; x_wconf 91' lang='lat' dir='ltr'><strong>tam</strong></span> <span class='ocrx_word' id='word_1_568' title='bbox 2109 3270 2262 3313; x_wconf 81' lang='lat' dir='ltr'><strong>extra</strong></span> <span class='ocrx_word' id='word_1_569' title='bbox 2299 3274 2461 3329; x_wconf 90' lang='lat' dir='ltr'><strong>quam</strong></span> <span class='ocrx_word' id='word_1_570' title='bbox 2499 3261 2637 3313; x_wconf 91' lang='lat' dir='ltr'><strong>intra</strong></span> <span class='ocrx_word' id='word_1_571' title='bbox 2669 3260 3019 3314; x_wconf 85' lang='lat' dir='ltr'><strong>concorditer</strong></span> <span class='ocrx_word' id='word_1_572' title='bbox 3062 3261 3152 3314; x_wconf 77' lang='lat' dir='ltr'><strong>fiat</strong></span> <span class='ocrx_word' id='word_1_573' title='bbox 3192 3263 3477 3332; x_wconf 80' lang='lat' dir='ltr'><strong>doxologia</strong></span> <span class='ocrx_word' id='word_1_574' title='bbox 3508 3304 3523 3324; x_wconf 91' lang='lat'><strong>,</strong></span> 
     </span>
    </p>
   </div>
   <div class='ocr_carea' id='block_1_78' title="bbox 1953 3349 3525 3418">
    <p class='ocr_par' dir='ltr' id='par_1_78' title="bbox 1953 3349 3525 3418">
     <span class='ocr_line' id='line_1_78' title="bbox 1953 3349 3525 3418; baseline 0.003 -17"><span class='ocrx_word' id='word_1_575' title='bbox 1953 3349 2207 3418; x_wconf 90' lang='lat' dir='ltr'><strong>quoniam</strong></span> <span class='ocrx_word' id='word_1_576' title='bbox 2235 3364 2327 3416; x_wconf 91' lang='lat' dir='ltr'><strong>per</strong></span> <span class='ocrx_word' id='word_1_577' title='bbox 2361 3350 2639 3403; x_wconf 88' lang='lat' dir='ltr'><strong>Christum</strong></span> <span class='ocrx_word' id='word_1_578' title='bbox 2673 3366 2777 3403; x_wconf 91' lang='lat' dir='ltr'><strong>una</strong></span> <span class='ocrx_word' id='word_1_579' title='bbox 2814 3350 3051 3403; x_wconf 78' lang='lat' dir='ltr'><strong>Ecclesia</strong></span> <span class='ocrx_word' id='word_1_580' title='bbox 3081 3366 3243 3418; x_wconf 87' lang='lat' dir='ltr'><strong>supra</strong></span> <span class='ocrx_word' id='word_1_581' title='bbox 3279 3363 3335 3405; x_wconf 85' lang='lat' dir='ltr'><strong>et</strong></span> <span class='ocrx_word' id='word_1_582' title='bbox 3381 3354 3525 3405; x_wconf 82' lang='lat' dir='ltr'><strong>infra</strong></span> 
     </span>
    </p>
   </div>
   <div class='ocr_carea' id='block_1_79' title="bbox 1956 3438 3529 3508">
    <p class='ocr_par' dir='ltr' id='par_1_79' title="bbox 1956 3438 3529 3508">
     <span class='ocr_line' id='line_1_79' title="bbox 1956 3438 3529 3508; baseline 0.001 -16"><span class='ocrx_word' id='word_1_583' title='bbox 1956 3438 2085 3494; x_wconf 77' lang='lat' dir='ltr'><strong>facti</strong></span> <span class='ocrx_word' id='word_1_584' title='bbox 2144 3454 2368 3503; x_wconf 85' lang='lat' dir='ltr'><strong>sumus;</strong></span> <span class='ocrx_word' id='word_1_585' title='bbox 2408 3439 2550 3507; x_wconf 88' lang='lat' dir='ltr'><strong>quod</strong></span> <span class='ocrx_word' id='word_1_586' title='bbox 2583 3438 2745 3492; x_wconf 87' lang='lat' dir='ltr'><strong>etiam</strong></span> <span class='ocrx_word' id='word_1_587' title='bbox 2802 3440 2859 3491; x_wconf 81' lang='lat' dir='ltr'><strong>ﬁt</strong></span> <span class='ocrx_word' id='word_1_588' title='bbox 2916 3439 2983 3493; x_wconf 86' lang='lat' dir='ltr'><strong>ad</strong></span> <span class='ocrx_word' id='word_1_589' title='bbox 3042 3440 3438 3508; x_wconf 66' lang='lat' dir='ltr'><strong>praedicandam</strong></span> <span class='ocrx_word' id='word_1_590' title='bbox 3474 3453 3529 3494; x_wconf 76' lang='lat' dir='ltr'><strong>et</strong></span> 
     </span>
    </p>
   </div>
   <div class='ocr_carea' id='block_1_80' title="bbox 1954 3529 3529 3601">
    <p class='ocr_par' dir='ltr' id='par_1_80' title="bbox 1954 3529 3529 3601">
     <span class='ocr_line' id='line_1_80' title="bbox 1954 3529 3529 3601; baseline 0.003 -19"><span class='ocrx_word' id='word_1_591' title='bbox 1954 3530 2361 3601; x_wconf 77' lang='lat' dir='ltr'><strong>glorificandam</strong></span> <span class='ocrx_word' id='word_1_592' title='bbox 2394 3529 2596 3583; x_wconf 88' lang='lat' dir='ltr'><strong>Christi</strong></span> <span class='ocrx_word' id='word_1_593' title='bbox 2629 3531 3249 3586; x_wconf 87' lang='lat' dir='ltr'><strong>resurrectionem.ldeo</strong></span> <span class='ocrx_word' id='word_1_594' title='bbox 3272 3541 3326 3585; x_wconf 85' lang='lat' dir='ltr'><strong>et</strong></span> <span class='ocrx_word' id='word_1_595' title='bbox 3357 3536 3529 3588; x_wconf 88' lang='lat' dir='ltr'><strong>versi-</strong></span> 
     </span>
    </p>
   </div>
   <div class='ocr_carea' id='block_1_81' title="bbox 1957 3621 3529 3687">
    <p class='ocr_par' dir='ltr' id='par_1_81' title="bbox 1957 3621 3529 3687">
     <span class='ocr_line' id='line_1_81' title="bbox 1957 3621 3529 3687; baseline 0.002 -12"><span class='ocrx_word' id='word_1_596' title='bbox 1957 3623 2117 3676; x_wconf 89' lang='lat' dir='ltr'><strong>culus</strong></span> <span class='ocrx_word' id='word_1_597' title='bbox 2151 3622 2601 3676; x_wconf 74' lang='lat' dir='ltr'><strong>rcsnrrectionis:</strong></span> <span class='ocrx_word' id='word_1_598' title='bbox 2627 3621 2833 3676; x_wconf 82' lang='lat' dir='ltr'><strong>«Hodie</strong></span> <span class='ocrx_word' id='word_1_599' title='bbox 2854 3622 3053 3687; x_wconf 89' lang='lat' dir='ltr'><strong>salus,9</strong></span> <span class='ocrx_word' id='word_1_600' title='bbox 3123 3624 3174 3676; x_wconf 90' lang='lat' dir='ltr'><strong>in</strong></span> <span class='ocrx_word' id='word_1_601' title='bbox 3210 3640 3315 3678; x_wconf 89' lang='lat' dir='ltr'><strong>una</strong></span> <span class='ocrx_word' id='word_1_602' title='bbox 3342 3623 3529 3678; x_wconf 79' lang='lat' dir='ltr'><strong>Domi-</strong></span> 
     </span>
    </p>
   </div>
   <div class='ocr_carea' id='block_1_82' title="bbox 1961 3716 3529 3784">
    <p class='ocr_par' dir='ltr' id='par_1_82' title="bbox 1961 3716 3529 3784">
     <span class='ocr_line' id='line_1_82' title="bbox 1961 3716 3529 3784; baseline 0.001 -16"><span class='ocrx_word' id='word_1_603' title='bbox 1961 3716 2102 3779; x_wconf 89' lang='lat' dir='ltr'><strong>nica,</strong></span> <span class='ocrx_word' id='word_1_604' title='bbox 2134 3718 2233 3769; x_wconf 87' lang='lat' dir='ltr'><strong>iste</strong></span> <span class='ocrx_word' id='word_1_605' title='bbox 2268 3730 2397 3769; x_wconf 80' lang='lat' dir='ltr'><strong>vero</strong></span> <span class='ocrx_word' id='word_1_606' title='bbox 2423 3730 2719 3784; x_wconf 76' lang='lat' dir='ltr'><strong>resurgens</strong></span> <span class='ocrx_word' id='word_1_607' title='bbox 2743 3730 2808 3768; x_wconf 79' lang='lat' dir='ltr'><strong>ex</strong></span> <span class='ocrx_word' id='word_1_608' title='bbox 2861 3726 3232 3779; x_wconf 90' lang='lat' dir='ltr'><strong>monumento,</strong></span> <span class='ocrx_word' id='word_1_609' title='bbox 3276 3718 3328 3770; x_wconf 92' lang='lat' dir='ltr'><strong>iu</strong></span> <span class='ocrx_word' id='word_1_610' title='bbox 3359 3718 3529 3771; x_wconf 82' lang='lat' dir='ltr'><strong>altera</strong></span> 
     </span>
    </p>
   </div>
   <div class='ocr_carea' id='block_1_83' title="bbox 1962 3805 3522 3874">
    <p class='ocr_par' dir='ltr' id='par_1_83' title="bbox 1962 3805 3522 3874">
     <span class='ocr_line' id='line_1_83' title="bbox 1962 3805 3522 3874; baseline 0.001 -15"><span class='ocrx_word' id='word_1_611' title='bbox 1962 3818 2041 3860; x_wconf 88' lang='lat' dir='ltr'><strong>ter</strong></span> <span class='ocrx_word' id='word_1_612' title='bbox 2100 3806 2231 3859; x_wconf 84' lang='lat' dir='ltr'><strong>foris</strong></span> <span class='ocrx_word' id='word_1_613' title='bbox 2277 3821 2306 3858; x_wconf 89' lang='lat' dir='ltr'><strong>a</strong></span> <span class='ocrx_word' id='word_1_614' title='bbox 2362 3806 2683 3859; x_wconf 90' lang='lat' dir='ltr'><strong>cantoribus</strong></span> <span class='ocrx_word' id='word_1_615' title='bbox 2756 3805 3016 3874; x_wconf 87' lang='lat' dir='ltr'><strong>intusque</strong></span> <span class='ocrx_word' id='word_1_616' title='bbox 3067 3823 3097 3861; x_wconf 91' lang='lat' dir='ltr'><strong>a</strong></span> <span class='ocrx_word' id='word_1_617' title='bbox 3143 3808 3522 3863; x_wconf 78' lang='lat' dir='ltr'><strong>sacerdmibus</strong></span> 
     </span>
    </p>
   </div>
   <div class='ocr_carea' id='block_1_84' title="bbox 1961 3897 3530 3965">
    <p class='ocr_par' dir='ltr' id='par_1_84' title="bbox 1961 3897 3530 3965">
     <span class='ocr_line' id='line_1_84' title="bbox 1961 3897 3530 3965; baseline 0.003 -15"><span class='ocrx_word' id='word_1_618' title='bbox 1961 3899 2202 3951; x_wconf 84' lang='lat' dir='ltr'><strong>suaviter</strong></span> <span class='ocrx_word' id='word_1_619' title='bbox 2238 3898 2508 3965; x_wconf 81' lang='lat' dir='ltr'><strong>psallitur.</strong></span> <span class='ocrx_word' id='word_1_620' title='bbox 2536 3897 2632 3950; x_wconf 88' lang='lat' dir='ltr'><strong>llic</strong></span> <span class='ocrx_word' id='word_1_621' title='bbox 2654 3897 2787 3952; x_wconf 88' lang='lat' dir='ltr'><strong>ordo</strong></span> <span class='ocrx_word' id='word_1_622' title='bbox 2816 3898 3137 3952; x_wconf 88' lang='lat' dir='ltr'><strong>mirabiliter</strong></span> <span class='ocrx_word' id='word_1_623' title='bbox 3172 3904 3530 3955; x_wconf 86' lang='lat' dir='ltr'><strong>resurrectio-</strong></span> 
     </span>
    </p>
   </div>
   <div class='ocr_carea' id='block_1_85' title="bbox 1962 3987 3530 4060">
    <p class='ocr_par' dir='ltr' id='par_1_85' title="bbox 1962 3987 3530 4060">
     <span class='ocr_line' id='line_1_85' title="bbox 1962 3987 3530 4060; baseline 0.003 -18"><span class='ocrx_word' id='word_1_624' title='bbox 1962 4004 2082 4043; x_wconf 86' lang='lat' dir='ltr'><strong>nem</strong></span> <span class='ocrx_word' id='word_1_625' title='bbox 2121 3989 2419 4043; x_wconf 89' lang='lat' dir='ltr'><strong>Salvatoris</strong></span> <span class='ocrx_word' id='word_1_626' title='bbox 2447 3990 2686 4043; x_wconf 79' lang='lat' dir='ltr'><strong>exhibet.</strong></span> <span class='ocrx_word' id='word_1_627' title='bbox 2708 3987 3054 4058; x_wconf 89' lang='lat' dir='ltr'><strong>Quapropter</strong></span> <span class='ocrx_word' id='word_1_628' title='bbox 3084 3989 3231 4044; x_wconf 85' lang='lat' dir='ltr'><strong>illico</strong></span> <span class='ocrx_word' id='word_1_629' title='bbox 3252 3993 3530 4060; x_wconf 85' lang='lat' dir='ltr'><strong>psallitur:</strong></span> 
     </span>
    </p>
   </div>
   <div class='ocr_carea' id='block_1_86' title="bbox 1972 4080 3532 4153">
    <p class='ocr_par' dir='ltr' id='par_1_86' title="bbox 1972 4080 3532 4153">
     <span class='ocr_line' id='line_1_86' title="bbox 1972 4080 3532 4153; baseline 0.004 -22"><span class='ocrx_word' id='word_1_630' title='bbox 1972 4081 2276 4149; x_wconf 81' lang='lat' dir='ltr'><strong>«Exsurge,</strong></span> <span class='ocrx_word' id='word_1_631' title='bbox 2316 4080 2604 4146; x_wconf 84' lang='lat' dir='ltr'><strong>Domine,9</strong></span> <span class='ocrx_word' id='word_1_632' title='bbox 2647 4090 2700 4134; x_wconf 84' lang='lat' dir='ltr'><strong>et</strong></span> <span class='ocrx_word' id='word_1_633' title='bbox 2732 4084 3059 4135; x_wconf 88' lang='lat' dir='ltr'><strong>matutinum</strong></span> <span class='ocrx_word' id='word_1_634' title='bbox 3096 4081 3445 4153; x_wconf 73' lang='lat' dir='ltr'><strong>Evangelium</strong></span> <span class='ocrx_word' id='word_1_635' title='bbox 3480 4086 3532 4138; x_wconf 90' lang='lat' dir='ltr'><strong>in</strong></span> 
     </span>
    </p>
   </div>
   <div class='ocr_carea' id='block_1_87' title="bbox 1962 4171 3531 4243">
    <p class='ocr_par' dir='ltr' id='par_1_87' title="bbox 1962 4171 3531 4243">
     <span class='ocr_line' id='line_1_87' title="bbox 1962 4171 3531 4243; baseline 0.001 -18"><span class='ocrx_word' id='word_1_636' title='bbox 1962 4171 2194 4226; x_wconf 84' lang='lat' dir='ltr'><strong>amboue</strong></span> <span class='ocrx_word' id='word_1_637' title='bbox 2231 4172 2425 4240; x_wconf 80' lang='lat' dir='ltr'><strong>legitur</strong></span> <span class='ocrx_word' id='word_1_638' title='bbox 2463 4188 2491 4224; x_wconf 89' lang='lat' dir='ltr'><strong>a</strong></span> <span class='ocrx_word' id='word_1_639' title='bbox 2533 4174 2815 4228; x_wconf 84' lang='lat' dir='ltr'><strong>sacerdote</strong></span> <span class='ocrx_word' id='word_1_640' title='bbox 2863 4186 2955 4243; x_wconf 92' lang='lat' dir='ltr'><strong>qut</strong></span> <span class='ocrx_word' id='word_1_641' title='bbox 3001 4172 3379 4243; x_wconf 72' lang='lat' dir='ltr'><strong>perfectiorem</strong></span> <span class='ocrx_word' id='word_1_642' title='bbox 3432 4192 3531 4228; x_wconf 82' lang='lat' dir='ltr'><strong>an-</strong></span> 
     </span>
    </p>
   </div>
   <div class='ocr_carea' id='block_1_88' title="bbox 1963 4263 3528 4333">
    <p class='ocr_par' dir='ltr' id='par_1_88' title="bbox 1963 4263 3528 4333">
     <span class='ocr_line' id='line_1_88' title="bbox 1963 4263 3528 4333; baseline 0.003 -18"><span class='ocrx_word' id='word_1_643' title='bbox 1963 4263 2205 4331; x_wconf 84' lang='lat' dir='ltr'><strong>gelorum</strong></span> <span class='ocrx_word' id='word_1_644' title='bbox 2240 4264 2484 4317; x_wconf 88' lang='lat' dir='ltr'><strong>ordinem</strong></span> <span class='ocrx_word' id='word_1_645' title='bbox 2524 4263 2803 4331; x_wconf 83' lang='lat' dir='ltr'><strong>exprimit,</strong></span> <span class='ocrx_word' id='word_1_646' title='bbox 2829 4274 2884 4318; x_wconf 89' lang='lat' dir='ltr'><strong>et</strong></span> <span class='ocrx_word' id='word_1_647' title='bbox 2927 4276 3049 4333; x_wconf 90' lang='lat' dir='ltr'><strong>post</strong></span> <span class='ocrx_word' id='word_1_648' title='bbox 3102 4266 3204 4319; x_wconf 91' lang='lat' dir='ltr'><strong>hoc</strong></span> <span class='ocrx_word' id='word_1_649' title='bbox 3235 4268 3528 4321; x_wconf 89' lang='lat' dir='ltr'><strong>continens</strong></span> 
     </span>
    </p>
   </div>
   <div class='ocr_carea' id='block_1_89' title="bbox 1964 4354 3535 4424">
    <p class='ocr_par' dir='ltr' id='par_1_89' title="bbox 1964 4354 3535 4424">
     <span class='ocr_line' id='line_1_89' title="bbox 1964 4354 3535 4424; baseline 0.003 -18"><span class='ocrx_word' id='word_1_650' title='bbox 1964 4354 2295 4421; x_wconf 80' lang='lat' dir='ltr'><strong>deprecatio,</strong></span> <span class='ocrx_word' id='word_1_651' title='bbox 2357 4370 2563 4423; x_wconf 73' lang='lat' dir='ltr'><strong>magna:</strong></span> <span class='ocrx_word' id='word_1_652' title='bbox 2612 4371 2823 4424; x_wconf 81' lang='lat' dir='ltr'><strong>preces,</strong></span> <span class='ocrx_word' id='word_1_653' title='bbox 2879 4356 3069 4421; x_wconf 88' lang='lat' dir='ltr'><strong>capitis</strong></span> <span class='ocrx_word' id='word_1_654' title='bbox 3134 4358 3441 4421; x_wconf 89' lang='lat' dir='ltr'><strong>inclinatio,</strong></span> <span class='ocrx_word' id='word_1_655' title='bbox 3479 4370 3535 4410; x_wconf 75' lang='lat' dir='ltr'><strong>et.</strong></span> 
     </span>
    </p>
   </div>
   <div class='ocr_carea' id='block_1_90' title="bbox 1966 4444 3537 4515">
    <p class='ocr_par' dir='ltr' id='par_1_90' title="bbox 1966 4444 3537 4515">
     <span class='ocr_line' id='line_1_90' title="bbox 1966 4444 3537 4515; baseline 0.004 -20"><span class='ocrx_word' id='word_1_656' title='bbox 1966 4444 2254 4497; x_wconf 86' lang='lat' dir='ltr'><strong>absolutio.</strong></span> <span class='ocrx_word' id='word_1_657' title='bbox 2322 4444 2395 4497; x_wconf 85' lang='lat' dir='ltr'><strong>lta</strong></span> <span class='ocrx_word' id='word_1_658' title='bbox 2447 4445 2665 4511; x_wconf 71' lang='lat' dir='ltr'><strong>quidem</strong></span> <span class='ocrx_word' id='word_1_659' title='bbox 2707 4449 3034 4499; x_wconf 88' lang='lat' dir='ltr'><strong>matutinum</strong></span> <span class='ocrx_word' id='word_1_660' title='bbox 3082 4448 3362 4515; x_wconf 81' lang='lat' dir='ltr'><strong>perﬁcitur</strong></span> <span class='ocrx_word' id='word_1_661' title='bbox 3420 4450 3537 4501; x_wconf 85' lang='lat' dir='ltr'><strong>olli-</strong></span> 
     </span>
    </p>
   </div>
   <div class='ocr_carea' id='block_1_91' title="bbox 296 4530 1879 4619">
    <p class='ocr_par' dir='ltr' id='par_1_91' title="bbox 296 4530 1861 4619">
     <span class='ocr_line' id='line_1_91' title="bbox 296 4530 1861 4619; baseline -0.016 -17"><span class='ocrx_word' id='word_1_662' title='bbox 296 4553 438 4619; x_wconf 66' lang='grc' dir='ltr'>μετὰ</span> <span class='ocrx_word' id='word_1_663' title='bbox 468 4547 624 4599; x_wconf 78' lang='grc' dir='ltr'>τοῦτο</span> <span class='ocrx_word' id='word_1_664' title='bbox 655 4547 687 4614; x_wconf 84' lang='grc' dir='ltr'><strong>ἠ</strong></span> <span class='ocrx_word' id='word_1_665' title='bbox 722 4541 942 4611; x_wconf 72' lang='grc' dir='ltr'>ἐκτενὴς</span> <span class='ocrx_word' id='word_1_666' title='bbox 977 4539 1182 4606; x_wconf 80' lang='grc' dir='ltr'>δέησις,</span> <span class='ocrx_word' id='word_1_667' title='bbox 1213 4537 1269 4587; x_wconf 84' lang='grc' dir='ltr'><strong>αἱ</strong></span> <span class='ocrx_word' id='word_1_668' title='bbox 1313 4534 1545 4601; x_wconf 77' lang='grc' dir='ltr'>μεγάλαι</span> <span class='ocrx_word' id='word_1_669' title='bbox 1594 4530 1861 4597; x_wconf 72' lang='grc' dir='ltr'>αἰτήσεις,</span> 
     </span>
    </p>
   </div>
   <div class='ocr_carea' id='block_1_92' title="bbox 1929 4530 3537 4619">
    <p class='ocr_par' dir='ltr' id='par_1_92' title="bbox 1929 4534 3537 4604">
     <span class='ocr_line' id='line_1_92' title="bbox 1929 4534 3537 4604; baseline 0.002 -18"><span class='ocrx_word' id='word_1_670' title='bbox 1929 4550 1940 4597; x_wconf 72' lang='grc' dir='ltr'><strong>ι</strong></span> <span class='ocrx_word' id='word_1_671' title='bbox 1968 4534 2145 4596; x_wconf 86' lang='lat' dir='ltr'><strong>cium;</strong></span> <span class='ocrx_word' id='word_1_672' title='bbox 2179 4534 2316 4587; x_wconf 91' lang='lat' dir='ltr'><strong>ritus</strong></span> <span class='ocrx_word' id='word_1_673' title='bbox 2358 4550 2485 4588; x_wconf 89' lang='lat' dir='ltr'><strong>vero</strong></span> <span class='ocrx_word' id='word_1_674' title='bbox 2518 4537 2876 4590; x_wconf 73' lang='lat' dir='ltr'><strong>sanctissimae</strong></span> <span class='ocrx_word' id='word_1_675' title='bbox 2909 4536 3141 4604; x_wconf 77' lang='lat' dir='ltr'><strong>liturgiaz</strong></span> <span class='ocrx_word' id='word_1_676' title='bbox 3169 4537 3289 4590; x_wconf 88' lang='lat' dir='ltr'><strong>aliis</strong></span> <span class='ocrx_word' id='word_1_677' title='bbox 3315 4539 3367 4589; x_wconf 92' lang='lat' dir='ltr'><strong>in</strong></span> <span class='ocrx_word' id='word_1_678' title='bbox 3406 4538 3537 4591; x_wconf 86' lang='lat' dir='ltr'><strong>locis</strong></span> 
     </span>
    </p>
   </div>
   <div class='ocr_carea' id='block_1_93' title="bbox 295 4620 1867 4712">
    <p class='ocr_par' dir='ltr' id='par_1_93' title="bbox 295 4620 1867 4712">
     <span class='ocr_line' id='line_1_93' title="bbox 295 4620 1867 4712; baseline -0.016 -18"><span class='ocrx_word' id='word_1_679' title='bbox 295 4648 327 4712; x_wconf 76' lang='grc' dir='ltr'>ἡ</span> <span class='ocrx_word' id='word_1_680' title='bbox 364 4637 781 4708; x_wconf 71' lang='grc' dir='ltr'>κεφαλοκλισία,</span> <span class='ocrx_word' id='word_1_681' title='bbox 815 4635 909 4685; x_wconf 71' lang='grc' dir='ltr'><strong>καὶ</strong></span> <span class='ocrx_word' id='word_1_682' title='bbox 942 4633 973 4700; x_wconf 84' lang='grc' dir='ltr'>ἡ</span> <span class='ocrx_word' id='word_1_683' title='bbox 1010 4631 1301 4687; x_wconf 77' lang='grc' dir='ltr'>ἀπόλυσις.</span> <span class='ocrx_word' id='word_1_684' title='bbox 1334 4625 1493 4676; x_wconf 82' lang='grc' dir='ltr'>Οῦτω</span> <span class='ocrx_word' id='word_1_685' title='bbox 1526 4621 1626 4690; x_wconf 80' lang='grc' dir='ltr'><strong>μὲν</strong></span> <span class='ocrx_word' id='word_1_686' title='bbox 1653 4620 1746 4673; x_wconf 79' lang='grc' dir='ltr'><strong>οῦν</strong></span> <span class='ocrx_word' id='word_1_687' title='bbox 1774 4620 1867 4670; x_wconf 69' lang='grc' dir='ltr'><strong>καὶ</strong></span> 
     </span>
    </p>
   </div>
   <div class='ocr_carea' id='block_1_94' title="bbox 298 4710 1869 4798">
    <p class='ocr_par' dir='ltr' id='par_1_94' title="bbox 298 4710 1869 4798">
     <span class='ocr_line' id='line_1_94' title="bbox 298 4710 1869 4798; baseline -0.018 -12"><span class='ocrx_word' id='word_1_688' title='bbox 298 4737 367 4785; x_wconf 68' lang='grc' dir='ltr'>τὰ</span> <span class='ocrx_word' id='word_1_689' title='bbox 414 4732 505 4783; x_wconf 71' lang='grc' dir='ltr'><strong>τοῦ</strong></span> <span class='ocrx_word' id='word_1_690' title='bbox 542 4729 744 4798; x_wconf 72' lang='grc' dir='ltr'>ὖρθρου</span> <span class='ocrx_word' id='word_1_691' title='bbox 779 4722 1117 4775; x_wconf 77' lang='grc' dir='ltr'>τετέλεσται.</span> <span class='ocrx_word' id='word_1_692' title='bbox 1154 4718 1236 4770; x_wconf 80' lang='grc' dir='ltr'><strong>Τὰ</strong></span> <span class='ocrx_word' id='word_1_693' title='bbox 1268 4718 1320 4769; x_wconf 74' lang='grc' dir='ltr'><strong>δὲ</strong></span> <span class='ocrx_word' id='word_1_694' title='bbox 1370 4714 1464 4783; x_wconf 79' lang='grc' dir='ltr'>τῆς</span> <span class='ocrx_word' id='word_1_695' title='bbox 1501 4712 1711 4773; x_wconf 76' lang='grc' dir='ltr'>τελείας</span> <span class='ocrx_word' id='word_1_696' title='bbox 1763 4710 1869 4759; x_wconf 81' lang='grc' dir='ltr'>λει-</span> 
     </span>
    </p>
   </div>
   <div class='ocr_carea' id='block_1_95' title="bbox 297 4811 1374 4895">
    <p class='ocr_par' dir='ltr' id='par_1_95' title="bbox 297 4811 1374 4895">
     <span class='ocr_line' id='line_1_95' title="bbox 297 4811 1374 4895; baseline -0.015 -17"><span class='ocrx_word' id='word_1_697' title='bbox 297 4827 557 4895; x_wconf 79' lang='grc' dir='ltr'>τουργίας</span> <span class='ocrx_word' id='word_1_698' title='bbox 590 4819 1030 4891; x_wconf 80' lang='grc' dir='ltr'>προεγράφησαν</span> <span class='ocrx_word' id='word_1_699' title='bbox 1067 4817 1123 4865; x_wconf 79' lang='grc' dir='ltr'>ὲν</span> <span class='ocrx_word' id='word_1_700' title='bbox 1147 4811 1374 4881; x_wconf 77' lang='grc' dir='ltr'>ἑτέροις.</span> 
     </span>
    </p>
   </div>
   <div class='ocr_carea' id='block_1_96' title="bbox 869 4923 1335 4983">
    <p class='ocr_par' dir='ltr' id='par_1_96' title="bbox 869 4923 1335 4983">
     <span class='ocr_line' id='line_1_96' title="bbox 869 4923 1335 4983; baseline -0.013 0"><span class='ocrx_word' id='word_1_701' title='bbox 869 4928 1122 4983; x_wconf 81' lang='grc' dir='ltr'><strong>ΚΕΦΑΛ.</strong></span> <span class='ocrx_word' id='word_1_702' title='bbox 1157 4923 1335 4977; x_wconf 69' lang='grc' dir='ltr'><strong>ΤΝΒ’.</strong></span> 
     </span>
    </p>
   </div>
   <div class='ocr_carea' id='block_1_97' title="bbox 299 5006 1869 5099">
    <p class='ocr_par' dir='ltr' id='par_1_97' title="bbox 299 5006 1869 5099">
     <span class='ocr_line' id='line_1_97' title="bbox 299 5006 1869 5099; baseline -0.018 -13"><span class='ocrx_word' id='word_1_703' title='bbox 299 5031 439 5099; x_wconf 65' lang='grc' dir='ltr'>Περὶ</span> <span class='ocrx_word' id='word_1_704' title='bbox 474 5028 579 5094; x_wconf 82' lang='grc' dir='ltr'>τῆς</span> <span class='ocrx_word' id='word_1_705' title='bbox 612 5025 954 5096; x_wconf 77' lang='grc' dir='ltr'>τριτοέκτης</span> <span class='ocrx_word' id='word_1_706' title='bbox 975 5023 1043 5099; x_wconf 64' lang='grc' dir='ltr'><strong>εν</strong></span> <span class='ocrx_word' id='word_1_707' title='bbox 1063 5018 1189 5099; x_wconf 74' lang='grc' dir='ltr'>ταῖς</span> <span class='ocrx_word' id='word_1_708' title='bbox 1224 5013 1557 5099; x_wconf 57' lang='grc' dir='ltr'>νηστείξυς,</span> <span class='ocrx_word' id='word_1_709' title='bbox 1610 5009 1707 5063; x_wconf 77' lang='grc' dir='ltr'><strong>καὶ</strong></span> <span class='ocrx_word' id='word_1_710' title='bbox 1762 5006 1869 5073; x_wconf 75' lang='grc' dir='ltr'>τῆς</span> 
     </span>
    </p>
   </div>
   <div class='ocr_carea' id='block_1_98' title="bbox 617 5084 1545 5164">
    <p class='ocr_par' dir='ltr' id='par_1_98' title="bbox 617 5084 1545 5164">
     <span class='ocr_line' id='line_1_98' title="bbox 617 5084 1545 5164; baseline -0.014 -14"><span class='ocrx_word' id='word_1_711' title='bbox 617 5084 1104 5164; x_wconf 62' lang='grc' dir='ltr'>ἑροηγιαὰμένης</span> <span class='ocrx_word' id='word_1_712' title='bbox 1147 5084 1545 5151; x_wconf 74' lang='grc' dir='ltr'>λειτουργίας.</span> 
     </span>
    </p>
   </div>
   <div class='ocr_carea' id='block_1_99' title="bbox 373 5171 1870 5256">
    <p class='ocr_par' dir='ltr' id='par_1_99' title="bbox 373 5171 1870 5256">
     <span class='ocr_line' id='line_1_99' title="bbox 373 5171 1870 5256; baseline -0.016 -13"><span class='ocrx_word' id='word_1_713' title='bbox 373 5190 485 5242; x_wconf 85' lang='grc' dir='ltr'>Νῦν</span> <span class='ocrx_word' id='word_1_714' title='bbox 533 5189 589 5241; x_wconf 79' lang='grc' dir='ltr'><strong>δὲ</strong></span> <span class='ocrx_word' id='word_1_715' title='bbox 641 5184 903 5256; x_wconf 77' lang='grc' dir='ltr'>περὶτῆς</span> <span class='ocrx_word' id='word_1_716' title='bbox 951 5184 1007 5233; x_wconf 84' lang='grc' dir='ltr'>ὲν</span> <span class='ocrx_word' id='word_1_717' title='bbox 1070 5180 1186 5241; x_wconf 82' lang='grc' dir='ltr'>ταῖς</span> <span class='ocrx_word' id='word_1_718' title='bbox 1238 5175 1512 5245; x_wconf 84' lang='grc' dir='ltr'>νηστείαις</span> <span class='ocrx_word' id='word_1_719' title='bbox 1552 5171 1870 5241; x_wconf 74' lang='grc' dir='ltr'>τριτοέκτης</span> 
     </span>
    </p>
   </div>
   <div class='ocr_carea' id='block_1_100' title="bbox 296 5261 1865 5352">
    <p class='ocr_par' dir='ltr' id='par_1_100' title="bbox 296 5261 1865 5352">
     <span class='ocr_line' id='line_1_100' title="bbox 296 5261 1865 5352; baseline -0.018 -17"><span class='ocrx_word' id='word_1_720' title='bbox 296 5282 537 5352; x_wconf 70' lang='grc' dir='ltr'>ἐροῦμεν</span> <span class='ocrx_word' id='word_1_721' title='bbox 598 5279 720 5347; x_wconf 78' lang='grc' dir='ltr'>ἥτις</span> <span class='ocrx_word' id='word_1_722' title='bbox 789 5271 1236 5338; x_wconf 74' lang='grc' dir='ltr'>ἀναγκαιοτάτως</span> <span class='ocrx_word' id='word_1_723' title='bbox 1304 5262 1559 5334; x_wconf 80' lang='grc' dir='ltr'>ἡνωμένη</span> <span class='ocrx_word' id='word_1_724' title='bbox 1631 5261 1744 5311; x_wconf 72' lang='grc' dir='ltr'>ἐστὶ</span> <span class='ocrx_word' id='word_1_725' title='bbox 1804 5263 1865 5326; x_wconf 82' lang='grc' dir='ltr'>τῇ</span> 
     </span>
    </p>
   </div>
   <div class='ocr_carea' id='block_1_101' title="bbox 296 5350 1867 5439">
    <p class='ocr_par' dir='ltr' id='par_1_101' title="bbox 296 5350 1867 5439">
     <span class='ocr_line' id='line_1_101' title="bbox 296 5350 1867 5439; baseline -0.018 -14"><span class='ocrx_word' id='word_1_726' title='bbox 296 5350 617 5439; x_wconf 75' lang='grc' dir='ltr'>λειτουργίᾳ</span> <span class='ocrx_word' id='word_1_727' title='bbox 639 5367 783 5419; x_wconf 86' lang='grc' dir='ltr'>κατά</span> <span class='ocrx_word' id='word_1_728' title='bbox 806 5366 907 5432; x_wconf 81' lang='grc' dir='ltr'>τὴν</span> <span class='ocrx_word' id='word_1_729' title='bbox 937 5362 1097 5429; x_wconf 88' lang='grc' dir='ltr'>ἀγίαν</span> <span class='ocrx_word' id='word_1_730' title='bbox 1118 5353 1581 5425; x_wconf 81' lang='grc' dir='ltr'>Τεσσαρακοστὴν</span> <span class='ocrx_word' id='word_1_731' title='bbox 1606 5350 1867 5419; x_wconf 73' lang='grc' dir='ltr'>γινομένη</span> 
     </span>
    </p>
   </div>
   <div class='ocr_carea' id='block_1_102' title="bbox 296 5443 1876 5524">
    <p class='ocr_par' dir='ltr' id='par_1_102' title="bbox 296 5443 1876 5524">
     <span class='ocr_line' id='line_1_102' title="bbox 296 5443 1876 5524; baseline -0.02 -3"><span class='ocrx_word' id='word_1_732' title='bbox 296 5472 361 5521; x_wconf 78' lang='grc' dir='ltr'>ὲν</span> <span class='ocrx_word' id='word_1_733' title='bbox 380 5467 497 5524; x_wconf 86' lang='grc' dir='ltr'>ταῖς</span> <span class='ocrx_word' id='word_1_734' title='bbox 518 5460 835 5520; x_wconf 81' lang='grc' dir='ltr'>καθολικαῐς</span> <span class='ocrx_word' id='word_1_735' title='bbox 857 5455 1178 5524; x_wconf 77' lang='grc' dir='ltr'>ἐκκλησίαις</span> <span class='ocrx_word' id='word_1_736' title='bbox 1201 5450 1353 5520; x_wconf 85' lang='grc' dir='ltr'><strong>παρά</strong></span> <span class='ocrx_word' id='word_1_737' title='bbox 1370 5448 1478 5501; x_wconf 83' lang='grc' dir='ltr'>τῶν</span> <span class='ocrx_word' id='word_1_738' title='bbox 1502 5444 1780 5512; x_wconf 77' lang='grc' dir='ltr'>κοσμικῶν</span> <span class='ocrx_word' id='word_1_739' title='bbox 1803 5443 1876 5491; x_wconf 87' lang='grc' dir='ltr'>ἱε-</span> 
     </span>
    </p>
   </div>
   <div class='ocr_carea' id='block_1_103' title="bbox 299 5536 1876 5629">
    <p class='ocr_par' dir='ltr' id='par_1_103' title="bbox 299 5536 1876 5629">
     <span class='ocr_line' id='line_1_103' title="bbox 299 5536 1876 5629; baseline -0.016 -19"><span class='ocrx_word' id='word_1_740' title='bbox 299 5555 520 5629; x_wconf 78' lang='grc' dir='ltr'>ρέωνοὴ</span> <span class='ocrx_word' id='word_1_741' title='bbox 549 5552 751 5604; x_wconf 74' lang='grc' dir='ltr'>καὶτὸν</span> <span class='ocrx_word' id='word_1_742' title='bbox 773 5549 944 5601; x_wconf 79' lang='grc' dir='ltr'>τύπον</span> <span class='ocrx_word' id='word_1_743' title='bbox 972 5542 1246 5606; x_wconf 79' lang='grc' dir='ltr'>ἀποσώζει</span> <span class='ocrx_word' id='word_1_744' title='bbox 1267 5541 1361 5609; x_wconf 71' lang='grc' dir='ltr'>τῆς</span> <span class='ocrx_word' id='word_1_745' title='bbox 1386 5536 1682 5605; x_wconf 81' lang='grc' dir='ltr'>καθολικῆς</span> <span class='ocrx_word' id='word_1_746' title='bbox 1705 5536 1876 5603; x_wconf 79' lang='grc' dir='ltr'>μεγά-</span> 
     </span>
    </p>
   </div>
   <div class='ocr_carea' id='block_1_104' title="bbox 296 5626 1880 5717">
    <p class='ocr_par' dir='ltr' id='par_1_104' title="bbox 296 5626 1880 5717">
     <span class='ocr_line' id='line_1_104' title="bbox 296 5626 1880 5717; baseline -0.017 -16"><span class='ocrx_word' id='word_1_747' title='bbox 296 5626 402 5717; x_wconf 68' lang='grc' dir='ltr'><strong>λης</strong></span> <span class='ocrx_word' id='word_1_748' title='bbox 440 5644 599 5713; x_wconf 76' lang='lat'><strong>253</strong></span> <span class='ocrx_word' id='word_1_749' title='bbox 665 5642 817 5708; x_wconf 83' lang='grc' dir='ltr'>ἱερᾶς</span> <span class='ocrx_word' id='word_1_750' title='bbox 870 5636 1212 5706; x_wconf 85' lang='grc' dir='ltr'>λειτουργίας</span> <span class='ocrx_word' id='word_1_751' title='bbox 1243 5634 1373 5701; x_wconf 83' lang='grc' dir='ltr'>ἄχρι</span> <span class='ocrx_word' id='word_1_752' title='bbox 1402 5630 1618 5697; x_wconf 75' lang='grc' dir='ltr'>καὶτῆς</span> <span class='ocrx_word' id='word_1_753' title='bbox 1642 5626 1880 5696; x_wconf 72' lang='grc' dir='ltr'>μεγάλης</span> 
     </span>
    </p>
   </div>
   <div class='ocr_carea' id='block_1_105' title="bbox 1966 4626 2401 4694">
    <p class='ocr_par' dir='ltr' id='par_1_105' title="bbox 1966 4626 2401 4694">
     <span class='ocr_line' id='line_1_105' title="bbox 1966 4626 2401 4694; baseline 0 -15"><span class='ocrx_word' id='word_1_754' title='bbox 1966 4626 2215 4694; x_wconf 77' lang='lat' dir='ltr'><strong>explicati</strong></span> <span class='ocrx_word' id='word_1_755' title='bbox 2254 4636 2401 4679; x_wconf 89' lang='lat' dir='ltr'><strong>sunt.</strong></span> 
     </span>
    </p>
   </div>
   <div class='ocr_carea' id='block_1_106' title="bbox 2504 4900 3010 4962">
    <p class='ocr_par' dir='ltr' id='par_1_106' title="bbox 2504 4900 3010 4962">
     <span class='ocr_line' id='line_1_106' title="bbox 2504 4900 3010 4962; baseline -0.006 0"><span class='ocrx_word' id='word_1_756' title='bbox 2504 4900 2731 4962; x_wconf 76' lang='lat' dir='ltr'><strong>CAPUT</strong></span> <span class='ocrx_word' id='word_1_757' title='bbox 2768 4906 3010 4961; x_wconf 77' lang='lat' dir='ltr'><strong>CCCLII.</strong></span> 
     </span>
    </p>
   </div>
   <div class='ocr_carea' id='block_1_107' title="bbox 1970 4997 3539 5066">
    <p class='ocr_par' dir='ltr' id='par_1_107' title="bbox 1970 4997 3539 5066">
     <span class='ocr_line' id='line_1_107' title="bbox 1970 4997 3539 5066; baseline -0.004 -9"><span class='ocrx_word' id='word_1_758' title='bbox 1970 5004 2045 5057; x_wconf 84' lang='lat' dir='ltr'><strong>De</strong></span> <span class='ocrx_word' id='word_1_759' title='bbox 2075 5000 2277 5057; x_wconf 82' lang='lat' dir='ltr'><strong>cantico</strong></span> <span class='ocrx_word' id='word_1_760' title='bbox 2311 5003 2445 5053; x_wconf 79' lang='lat' dir='ltr'><strong>inter</strong></span> <span class='ocrx_word' id='word_1_761' title='bbox 2469 5002 2678 5053; x_wconf 83' lang='lat' dir='ltr'><strong>tertiam</strong></span> <span class='ocrx_word' id='word_1_762' title='bbox 2709 5009 2979 5052; x_wconf 72' lang='lat' dir='ltr'><strong>etsextam</strong></span> <span class='ocrx_word' id='word_1_763' title='bbox 3011 4997 3193 5051; x_wconf 80' lang='lat' dir='ltr'><strong>horam</strong></span> <span class='ocrx_word' id='word_1_764' title='bbox 3224 4997 3539 5066; x_wconf 78' lang='lat' dir='ltr'><strong>injejuuiis.</strong></span> 
     </span>
    </p>
   </div>
   <div class='ocr_carea' id='block_1_108' title="bbox 2271 5070 3243 5135">
    <p class='ocr_par' dir='ltr' id='par_1_108' title="bbox 2271 5070 3243 5135">
     <span class='ocr_line' id='line_1_108' title="bbox 2271 5070 3243 5135; baseline -0.006 -10"><span class='ocrx_word' id='word_1_765' title='bbox 2271 5085 2319 5125; x_wconf 82' lang='grc' dir='ltr'><strong>ει</strong></span> <span class='ocrx_word' id='word_1_766' title='bbox 2352 5075 2415 5124; x_wconf 85' lang='lat' dir='ltr'><strong>de</strong></span> <span class='ocrx_word' id='word_1_767' title='bbox 2450 5074 2611 5124; x_wconf 77' lang='lat' dir='ltr'><strong>missa</strong></span> <span class='ocrx_word' id='word_1_768' title='bbox 2638 5070 3243 5135; x_wconf 71' lang='lat' dir='ltr'><strong>Pra&#39;saucti/tcatorum.</strong></span> 
     </span>
    </p>
   </div>
   <div class='ocr_carea' id='block_1_109' title="bbox 2042 5160 3541 5231">
    <p class='ocr_par' dir='ltr' id='par_1_109' title="bbox 2042 5160 3541 5231">
     <span class='ocr_line' id='line_1_109' title="bbox 2042 5160 3541 5231; baseline -0.005 -11"><span class='ocrx_word' id='word_1_769' title='bbox 2042 5167 2192 5220; x_wconf 84' lang='lat' dir='ltr'><strong>Nunc</strong></span> <span class='ocrx_word' id='word_1_770' title='bbox 2247 5167 2312 5220; x_wconf 89' lang='lat' dir='ltr'><strong>de</strong></span> <span class='ocrx_word' id='word_1_771' title='bbox 2371 5166 2625 5219; x_wconf 88' lang='lat' dir='ltr'><strong>cautione</strong></span> <span class='ocrx_word' id='word_1_772' title='bbox 2677 5178 2797 5231; x_wconf 71' lang='lat' dir='ltr'><strong>qua:</strong></span> <span class='ocrx_word' id='word_1_773' title='bbox 2857 5161 2914 5213; x_wconf 81' lang='lat' dir='ltr'><strong>lit</strong></span> <span class='ocrx_word' id='word_1_774' title='bbox 2950 5162 3001 5214; x_wconf 91' lang='lat' dir='ltr'><strong>in</strong></span> <span class='ocrx_word' id='word_1_775' title='bbox 3034 5160 3259 5229; x_wconf 86' lang='lat' dir='ltr'><strong>jejuniis</strong></span> <span class='ocrx_word' id='word_1_776' title='bbox 3323 5162 3541 5213; x_wconf 89' lang='lat' dir='ltr'><strong>tertiam</strong></span> 
     </span>
    </p>
   </div>
   <div class='ocr_carea' id='block_1_110' title="bbox 1971 5251 3545 5317">
    <p class='ocr_par' dir='ltr' id='par_1_110' title="bbox 1971 5251 3545 5317">
     <span class='ocr_line' id='line_1_110' title="bbox 1971 5251 3545 5317; baseline -0.007 -5"><span class='ocrx_word' id='word_1_777' title='bbox 1971 5260 2109 5312; x_wconf 88' lang='lat' dir='ltr'><strong>inter</strong></span> <span class='ocrx_word' id='word_1_778' title='bbox 2154 5267 2210 5310; x_wconf 91' lang='lat' dir='ltr'><strong>et</strong></span> <span class='ocrx_word' id='word_1_779' title='bbox 2262 5267 2469 5310; x_wconf 89' lang='lat' dir='ltr'><strong>sextam</strong></span> <span class='ocrx_word' id='word_1_780' title='bbox 2532 5256 2719 5306; x_wconf 89' lang='lat' dir='ltr'><strong>horam</strong></span> <span class='ocrx_word' id='word_1_781' title='bbox 2782 5251 3124 5313; x_wconf 86' lang='lat' dir='ltr'><strong>disserimus,</strong></span> <span class='ocrx_word' id='word_1_782' title='bbox 3151 5265 3269 5317; x_wconf 73' lang='lat' dir='ltr'><strong>quae</strong></span> <span class='ocrx_word' id='word_1_783' title='bbox 3316 5264 3545 5317; x_wconf 84' lang='lat' dir='ltr'><strong>prorsus</strong></span> 
     </span>
    </p>
   </div>
   <div class='ocr_carea' id='block_1_111' title="bbox 1971 5338 3547 5411">
    <p class='ocr_par' dir='ltr' id='par_1_111' title="bbox 1971 5338 3547 5411">
     <span class='ocr_line' id='line_1_111' title="bbox 1971 5338 3547 5411; baseline -0.009 -7"><span class='ocrx_word' id='word_1_784' title='bbox 1971 5349 2282 5404; x_wconf 83' lang='lat' dir='ltr'><strong>necessario</strong></span> <span class='ocrx_word' id='word_1_785' title='bbox 2312 5348 2487 5401; x_wconf 66' lang='lat' dir='ltr'><strong>Missa!</strong></span> <span class='ocrx_word' id='word_1_786' title='bbox 2524 5345 2754 5397; x_wconf 86' lang='lat' dir='ltr'><strong>adunata</strong></span> <span class='ocrx_word' id='word_1_787' title='bbox 2789 5358 2882 5411; x_wconf 82' lang='lat' dir='ltr'><strong>per</strong></span> <span class='ocrx_word' id='word_1_788' title='bbox 2946 5350 3185 5396; x_wconf 87' lang='lat' dir='ltr'><strong>sanctam</strong></span> <span class='ocrx_word' id='word_1_789' title='bbox 3229 5338 3547 5409; x_wconf 66' lang='lat' dir='ltr'><strong>Quadragn-</strong></span> 
     </span>
    </p>
   </div>
   <div class='ocr_carea' id='block_1_112' title="bbox 1971 5433 3547 5495">
    <p class='ocr_par' dir='ltr' id='par_1_112' title="bbox 1971 5433 3547 5495">
     <span class='ocr_line' id='line_1_112' title="bbox 1971 5433 3547 5495; baseline -0.008 0"><span class='ocrx_word' id='word_1_790' title='bbox 1971 5444 2164 5495; x_wconf 89' lang='lat' dir='ltr'><strong>simam</strong></span> <span class='ocrx_word' id='word_1_791' title='bbox 2203 5442 2254 5492; x_wconf 94' lang='lat' dir='ltr'><strong>in</strong></span> <span class='ocrx_word' id='word_1_792' title='bbox 2290 5436 2561 5492; x_wconf 77' lang='lat' dir='ltr'><strong>univorsis</strong></span> <span class='ocrx_word' id='word_1_793' title='bbox 2614 5435 2872 5489; x_wconf 82' lang='lat' dir='ltr'><strong>Ecclesiis</strong></span> <span class='ocrx_word' id='word_1_794' title='bbox 2920 5433 2978 5487; x_wconf 84' lang='lat' dir='ltr'><strong>ﬁt</strong></span> <span class='ocrx_word' id='word_1_795' title='bbox 3008 5449 3037 5487; x_wconf 91' lang='lat' dir='ltr'><strong>a</strong></span> <span class='ocrx_word' id='word_1_796' title='bbox 3072 5433 3427 5486; x_wconf 77' lang='lat' dir='ltr'><strong>szecularibus</strong></span> <span class='ocrx_word' id='word_1_797' title='bbox 3460 5447 3547 5483; x_wconf 85' lang='lat' dir='ltr'><strong>sa-</strong></span> 
     </span>
    </p>
   </div>
   <div class='ocr_carea' id='block_1_113' title="bbox 1973 5526 3545 5595">
    <p class='ocr_par' dir='ltr' id='par_1_113' title="bbox 1973 5526 3545 5595">
     <span class='ocr_line' id='line_1_113' title="bbox 1973 5526 3545 5595; baseline -0.006 -9"><span class='ocrx_word' id='word_1_798' title='bbox 1973 5531 2331 5593; x_wconf 89' lang='lat' dir='ltr'><strong>cerdotibus,</strong></span> <span class='ocrx_word' id='word_1_799' title='bbox 2384 5530 2435 5580; x_wconf 93' lang='lat' dir='ltr'><strong>in</strong></span> <span class='ocrx_word' id='word_1_800' title='bbox 2485 5543 2591 5595; x_wconf 85' lang='lat' dir='ltr'><strong>qua</strong></span> <span class='ocrx_word' id='word_1_801' title='bbox 2640 5526 2921 5581; x_wconf 76' lang='lat' dir='ltr'><strong>catholica:</strong></span> <span class='ocrx_word' id='word_1_802' title='bbox 2978 5538 3185 5592; x_wconf 74' lang='lat' dir='ltr'><strong>magna:</strong></span> <span class='ocrx_word' id='word_1_803' title='bbox 3216 5532 3268 5576; x_wconf 86' lang='lat' dir='ltr'><strong>et</strong></span> <span class='ocrx_word' id='word_1_804' title='bbox 3334 5534 3545 5577; x_wconf 71' lang='lat' dir='ltr'><strong>sanctae</strong></span> 
     </span>
    </p>
   </div>
   <div class='ocr_carea' id='block_1_114' title="bbox 1979 5616 3545 5687">
    <p class='ocr_par' dir='ltr' id='par_1_114' title="bbox 1979 5616 3545 5687">
     <span class='ocr_line' id='line_1_114' title="bbox 1979 5616 3545 5687; baseline -0.008 -8"><span class='ocrx_word' id='word_1_805' title='bbox 1979 5628 2157 5679; x_wconf 68' lang='lat' dir='ltr'><strong>missae</strong></span> <span class='ocrx_word' id='word_1_806' title='bbox 2188 5634 2438 5677; x_wconf 85' lang='lat' dir='ltr'><strong>servatur</strong></span> <span class='ocrx_word' id='word_1_807' title='bbox 2468 5623 2603 5673; x_wconf 91' lang='lat' dir='ltr'><strong>ordo</strong></span> <span class='ocrx_word' id='word_1_808' title='bbox 2629 5634 2801 5687; x_wconf 82' lang='lat' dir='ltr'><strong>usque</strong></span> <span class='ocrx_word' id='word_1_809' title='bbox 2832 5616 2896 5670; x_wconf 91' lang='lat' dir='ltr'><strong>ad</strong></span> <span class='ocrx_word' id='word_1_810' title='bbox 2921 5630 3171 5683; x_wconf 90' lang='lat' dir='ltr'><strong>magnum</strong></span> <span class='ocrx_word' id='word_1_811' title='bbox 3218 5616 3545 5682; x_wconf 86' lang='lat' dir='ltr'><strong>ingressum.</strong></span> 
     </span>
    </p>
   </div>
   <div class='ocr_carea' id='block_1_115' title="bbox 297 5708 1879 5799">
    <p class='ocr_par' dir='ltr' id='par_1_115' title="bbox 297 5708 1879 5799">
     <span class='ocr_line' id='line_1_115' title="bbox 297 5708 1879 5799; baseline -0.014 -8"><span class='ocrx_word' id='word_1_812' title='bbox 297 5708 533 5792; x_wconf 48' lang='lat' dir='ltr'><strong>eiode—o—u&#39;.</strong></span> <span class='ocrx_word' id='word_1_813' title='bbox 557 5708 732 5787; x_wconf 51' lang='lat' dir='ltr'><strong>i‘oﬁto</strong></span> <span class='ocrx_word' id='word_1_814' title='bbox 754 5734 807 5785; x_wconf 75' lang='grc' dir='ltr'><strong>δὲ</strong></span> <span class='ocrx_word' id='word_1_815' title='bbox 833 5730 1100 5799; x_wconf 63' lang='grc' dir='ltr'>ἐπενοήθη</span> <span class='ocrx_word' id='word_1_816' title='bbox 1121 5731 1231 5790; x_wconf 86' lang='grc' dir='ltr'>τοῖς</span> <span class='ocrx_word' id='word_1_817' title='bbox 1248 5726 1495 5796; x_wconf 61' lang='grc' dir='ltr'>ἀρχαῖοις</span> <span class='ocrx_word' id='word_1_818' title='bbox 1528 5721 1771 5790; x_wconf 82' lang='grc' dir='ltr'>Πατράσι</span> <span class='ocrx_word' id='word_1_819' title='bbox 1796 5718 1879 5769; x_wconf 73' lang='grc' dir='ltr'><strong>διὰ</strong></span> 
     </span>
    </p>
   </div>
   <div class='ocr_carea' id='block_1_116' title="bbox 1929 5708 3547 5799">
    <p class='ocr_par' dir='ltr' id='par_1_116' title="bbox 1981 5708 3547 5781">
     <span class='ocr_line' id='line_1_116' title="bbox 1981 5708 3547 5781; baseline -0.008 -10"><span class='ocrx_word' id='word_1_820' title='bbox 1981 5720 2095 5771; x_wconf 80' lang='lat' dir='ltr'><strong>Hoc</strong></span> <span class='ocrx_word' id='word_1_821' title='bbox 2127 5726 2305 5767; x_wconf 87' lang='lat' dir='ltr'><strong>autem</strong></span> <span class='ocrx_word' id='word_1_822' title='bbox 2339 5729 2365 5764; x_wconf 92' lang='lat' dir='ltr'><strong>a</strong></span> <span class='ocrx_word' id='word_1_823' title='bbox 2398 5712 2595 5781; x_wconf 89' lang='lat' dir='ltr'><strong>priscis</strong></span> <span class='ocrx_word' id='word_1_824' title='bbox 2650 5709 2897 5779; x_wconf 83' lang='lat' dir='ltr'><strong>patribus</strong></span> <span class='ocrx_word' id='word_1_825' title='bbox 2938 5708 3219 5760; x_wconf 87' lang='lat' dir='ltr'><strong>inventum</strong></span> <span class='ocrx_word' id='word_1_826' title='bbox 3248 5713 3353 5764; x_wconf 81' lang='lat' dir='ltr'><strong>est,</strong></span> <span class='ocrx_word' id='word_1_827' title='bbox 3408 5720 3547 5774; x_wconf 53' lang='lat' dir='ltr'><strong>quod</strong></span> 
     </span>
    </p>
   </div>
   <div class='ocr_carea' id='block_1_117' title="bbox 294 5811 1881 5899">
    <p class='ocr_par' dir='ltr' id='par_1_117' title="bbox 294 5811 1881 5899">
     <span class='ocr_line' id='line_1_117' title="bbox 294 5811 1881 5899; baseline -0.015 -13"><span class='ocrx_word' id='word_1_828' title='bbox 294 5830 361 5886; x_wconf 82' lang='grc' dir='ltr'>τὸ</span> <span class='ocrx_word' id='word_1_829' title='bbox 413 5828 485 5899; x_wconf 81' lang='grc' dir='ltr'>μὴ</span> <span class='ocrx_word' id='word_1_830' title='bbox 546 5827 760 5879; x_wconf 80' lang='grc' dir='ltr'>τελείαν</span> <span class='ocrx_word' id='word_1_831' title='bbox 817 5823 1161 5889; x_wconf 86' lang='grc' dir='ltr'>λειτουργίαν</span> <span class='ocrx_word' id='word_1_832' title='bbox 1220 5822 1275 5872; x_wconf 47' lang='lat' dir='ltr'><strong>ei</strong></span> <span class='ocrx_word' id='word_1_833' title='bbox 1316 5823 1381 5888; x_wconf 82' lang='grc' dir='ltr'>τῇ</span> <span class='ocrx_word' id='word_1_834' title='bbox 1445 5818 1577 5887; x_wconf 77' lang='grc' dir='ltr'>ἁγία</span> <span class='ocrx_word' id='word_1_835' title='bbox 1636 5811 1881 5883; x_wconf 72' lang='grc' dir='ltr'>γίνεσθαι</span> 
     </span>
    </p>
   </div>
   <div class='ocr_carea' id='block_1_118' title="bbox 586 5912 1232 5979">
    <p class='ocr_par' dir='ltr' id='par_1_118' title="bbox 586 5912 1232 5979">
     <span class='ocr_line' id='line_1_118' title="bbox 586 5912 1232 5979; baseline -0.011 0"><span class='ocrx_word' id='word_1_836' title='bbox 586 5923 851 5979; x_wconf 63' lang='grc' dir='ltr'>Ριιτέιοι.</span> <span class='ocrx_word' id='word_1_837' title='bbox 908 5915 1001 5973; x_wconf 68' lang='lat' dir='ltr'><strong>(in</strong></span> <span class='ocrx_word' id='word_1_838' title='bbox 1063 5912 1232 5971; x_wconf 80' lang='lat' dir='ltr'><strong>CLV.</strong></span> 
     </span>
    </p>
   </div>
   <div class='ocr_carea' id='block_1_119' title="bbox 1984 5796 3547 5874">
    <p class='ocr_par' dir='ltr' id='par_1_119' title="bbox 1984 5796 3547 5874">
     <span class='ocr_line' id='line_1_119' title="bbox 1984 5796 3547 5874; baseline -0.008 -11"><span class='ocrx_word' id='word_1_839' title='bbox 1984 5808 2131 5863; x_wconf 85' lang='lat' dir='ltr'><strong>uiam</strong></span> <span class='ocrx_word' id='word_1_840' title='bbox 2161 5805 2322 5860; x_wconf 75' lang='lat' dir='ltr'><strong>Missa</strong></span> <span class='ocrx_word' id='word_1_841' title='bbox 2356 5820 2461 5859; x_wconf 88' lang='lat' dir='ltr'><strong>non</strong></span> <span class='ocrx_word' id='word_1_842' title='bbox 2498 5802 2777 5874; x_wconf 79' lang='lat' dir='ltr'><strong>perﬁcitur</strong></span> <span class='ocrx_word' id='word_1_843' title='bbox 2807 5802 2856 5854; x_wconf 92' lang='lat' dir='ltr'><strong>iu</strong></span> <span class='ocrx_word' id='word_1_844' title='bbox 2884 5808 3070 5854; x_wconf 75' lang='lat' dir='ltr'><strong>sancta</strong></span> <span class='ocrx_word' id='word_1_845' title='bbox 3099 5796 3547 5866; x_wconf 73' lang='lat' dir='ltr'><strong>Qumlragcsima.</strong></span> 
     </span>
    </p>
   </div>
   <div class='ocr_carea' id='block_1_120' title="bbox 3157 5889 3224 5947">
    <p class='ocr_par' dir='ltr' id='par_1_120' title="bbox 3157 5889 3224 5947">
     <span class='ocr_line' id='line_1_120' title="bbox 3157 5889 3224 5947; baseline 0 0"><span class='ocrx_word' id='word_1_846' title='bbox 3157 5889 3224 5947; x_wconf 73' lang='lat'><strong>‘21</strong></span> 
     </span>
    </p>
   </div>
  </div>
