4208 6440
266 422 373 490 653

1428 417 1525 475 DE
1572 416 1812 477 SACRA
1850 416 2349 477 PRECATIONE.

3396 412 3505 482 654

247 534 651 609 ιμφανέστερον
681 534 787 588 τῶν
824 534 996 587 ἄλλων
1026 533 1416 604 κηρύττοντος,
1473 535 1567 587 καὶ
1597 534 1665 587 τὰ
1697 534 1824 603 περὶ

1949 537 2187 591 rasteriis
2245 538 2377 591 liora
2437 546 2588 592 sexta
2637 538 2833 608 legitur
2882 539 3047 593 lectio
3099 538 3221 593 libri
3265 539 3417 593 lsais:
3449 540 3504 594 ln

250 632 341 683 τιῦ
369 629 572 690 πάθους
608 626 807 695 μᾶλλον
843 624 1034 678 αὐτοῦ.
1095 623 1221 678 Ὀτι
1275 626 1331 678 δὲ
1362 627 1521 677 τοῦτο
1577 625 1693 686 ἑθο,
1719 626 1822 694 ἀρ-

252 726 408 793 χαῖον
438 723 502 774 ὲκ
526 720 634 773 τῶν
667 719 949 787 Πατέρων,
994 717 1154 787 δῆλον
1185 715 1260 779 ὡς
1301 718 1394 769 καὶ
1427 718 1485 769 ὲν
1514 718 1627 779 τοῖς
1658 734 1827 779 μονα-

255 816 521 885 στηρίοις,
548 813 688 865 κατὰ
717 813 818 881 τὴν
845 812 1013 881 ἕκτην
1040 812 1073 881 ἡ
1114 812 1427 883 προφητεία
1469 810 1563 861 τοῦ
1604 810 1829 862 Ἡσαΐου

253 907 690 976 ἀναγινώσκεται
736 906 793 957 ὲν
848 905 944 975 ὅλῃ
998 906 1062 973 τῇ
1118 903 1573 972 Τεσσαρακοστῇ.
1616 901 1684 954 Ἣ
1736 902 1829 953 τοῦ

268 999 534 1069 Ἰεζεκιὴλ
569 996 626 1051 δὲ
653 998 712 1050 ὲν
742 999 807 1068 τῇ
843 998 1077 1067 μεγίστῃ
1116 994 1397 1064 έῦδομάδι,
1439 994 1516 1056 ὼς
1540 994 1637 1046 καὶ
1664 993 1831 1046 αὑτοῦ

256 1095 325 1148 τὰ
349 1092 495 1161 πάθη
526 1090 621 1144 τοῦ
655 1090 909 1159 Σωτῆρος
937 1091 1031 1142 καὶ
1059 1089 1160 1157 τὴν
1187 1087 1407 1157 ἔγερσιν
1434 1085 1836 1157 προαγορεύον-

256 1202 368 1248 τος.
404 1185 513 1238 Καὶ
542 1184 571 1235 6
602 1182 699 1251 μιν
735 1181 1001 1244 διάκονος,
1041 1199 1059 1232 «
1092 1178 1356 1246 Εῡξασθε,
1402 1179 1450 1231 οἱ
1486 1178 1835 1247 κατηχούμε-

258 1293 361 1334 νοι.
403 1294 422 1328 »
468 1274 653 1345 φησιν’
688 1273 716 1327 6
738 1274 797 1327 δὲ
829 1272 1007 1342 ἱερεὺς
1044 1271 1210 1340 εὐχὴν
1244 1270 1385 1342 ὑπὲρ
1428 1269 1538 1323 τῶν
1562 1283 1832 1337 κατηχου-

264 1375 445 1442 μένων
476 1371 732 1424 ποιεῖται.
770 1370 879 1422 Καὶ
926 1368 1037 1420 ἀπὸ
1067 1367 1163 1435 τῆς
1212 1364 1613 1436 μεσονηστίμου
1641 1365 1837 1428 τετρά-

258 1466 343 1528 δος
376 1466 403 1517 6
435 1464 534 1532 μὲν
563 1464 811 1523 διάκονος
841 1459 939 1523 τὰς
984 1460 1233 1530 αἰτήσεις
1286 1457 1426 1526 ὑπὲρ
1455 1455 1566 1509 τῶν
1618 1454 1754 1524 πρὸς
1777 1453 1838 1506 τὸ

260 1554 417 1621 ἅγιον
450 1553 707 1623 φώτισμα
742 1551 1220 1621 εὐτρεπιζομένων
1245 1564 1262 1581 ο
1300 1551 1330 1603 6
1362 1548 1418 1602 δὲ
1465 1547 1646 1617 ἱερεὺς
1672 1545 1837 1615 εὐχὴν

262 1644 405 1715 ὑπὲρ
443 1644 646 1710 αὐτῶν,
683 1663 702 1695 ι
738 1644 914 1714 Κύριε
946 1643 975 1694 6
1013 1642 1147 1704 Θεὸς
1176 1640 1356 1711 ἡμῶν,
1413 1638 1677 1707 ὲπίφανον
1709 1638 1837 1698 τοὺς

260 1737 581 1807 οἰκτιρμούς
632 1750 753 1800 σου,
793 1752 812 1788 »
876 1734 972 1789 καὶ
1025 1735 1357 1805 ὲκφώνησιν,
1406 1752 1424 1785 »
1457 1735 1578 1787 Ὅτι
1609 1733 1672 1785 σὺ
1725 1728 1776 1784 εἴ
1811 1734 1840 1784 6

1935 637 2045 681 tota
2078 630 2519 705 quadragesima,
2545 637 2601 682 at
2630 631 2681 683 in
2714 644 2906 699 magna
2940 629 3283 685 hebdomade
3309 630 3507 699 legitur

1933 718 2093 774 lectio
2122 720 2247 775 libri
2285 719 2567 785 Ezechiel,
2601 723 2693 792 qui
2746 722 2860 791 ipse
2918 737 3134 792 quoque
3193 721 3504 791 passionem

1934 809 2233 866 Salvatoris
2251 822 2304 865 et
2346 814 2811 867 resurrectionem
2845 813 3111 882 praedixit.
3149 813 3213 868 Et
3243 815 3506 869 diaconus

1934 905 2179 975 quidem,
2218 923 2236 956 «
2271 904 2455 971 Orate,
2499 907 2593 968 ait,
2627 907 3062 972 catechumeni,»
3097 908 3354 962 sacerdos
3382 923 3511 961 vero

1934 998 2238 1051 orationem
2271 997 2398 1053 facit
2431 1014 2529 1068 pro
2583 998 3014 1053 catechumenis.
3076 996 3277 1051 Verum
3321 1012 3348 1051 a
3378 1014 3513 1068 qua-

1941 1091 2119 1144 triduo
2150 1090 2342 1145 mediaa
2382 1090 2835 1160 quadragesimae,
2858 1092 3125 1146 diaconus
3141 1091 3362 1160 quidem
3396 1107 3516 1159 pre-

1937 1198 2030 1238 ces
2084 1182 2215 1237 facit
2270 1199 2368 1252 pro
2418 1183 2732 1252 praeparatis
2762 1182 2829 1236 ad
2866 1190 3114 1237 sanctam
3158 1180 3516 1235 illuminatio-

1940 1289 2088 1339 nem,
2150 1273 2411 1343 sacerdos
2454 1286 2635 1329 autem
2668 1275 2970 1329 orationem
3001 1286 3102 1342 pro
3142 1272 3277 1341 ipsis
3306 1287 3320 1325 :
3356 1289 3374 1321 «
3410 1272 3515 1324 Do-

1941 1368 2089 1419 mine
2118 1364 2288 1429 Deus,
2316 1367 2546 1419 ostende
2580 1366 2988 1420 misericordias
3018 1373 3161 1429 tuas,
3199 1381 3217 1415 »
3248 1370 3303 1418 et
3333 1362 3520 1416 excla-

1946 1466 2079 1521 mat,
2114 1476 2132 1509 «
2157 1456 2427 1523 Quoniam
2451 1464 2506 1509 tu
2539 1472 2598 1510 es
2618 1457 2944 1510 illuminatio
2974 1465 3217 1510 nostra.»
3245 1454 3522 1509 Disconus

1943 1545 2137 1599 iterum
2172 1554 2435 1600 consueta
2465 1546 2638 1600 dicit:
2683 1565 2700 1597 «
2734 1546 3058 1614 Quicunque
3078 1547 3515 1619 catechumeui.»

1941 1648 1993 1691 et
2022 1638 2276 1693 sacerdos
2310 1638 2541 1705 primam
2585 1637 2824 1692 ﬁdelium
2857 1638 3164 1693 orationem
3192 1653 3207 1690 :
3244 1656 3260 1688 «
3292 1637 3523 1691 Domine

1946 1732 2089 1785 Deus
2149 1741 2337 1785 noster
2384 1732 2478 1797 qui
2536 1746 2874 1800 paganorum
2908 1731 3135 1785 erroris.
3169 1747 3188 1782 »
3222 1730 3523 1793 Diaeonus.

261 1829 541 1899 φωτισμὺς
597 1828 780 1898 ἡμῶν.
819 1841 839 1880 »
886 1828 947 1881 Ὀ
983 1828 1230 1891 διάκονος
1280 1826 1441 1880 πάλιν
1487 1825 1555 1878 τὰ.
1608 1824 1835 1893 συνήθη,

1949 1821 2261 1892 «Sapientia
2285 1822 2454 1876 erecti
2477 1839 2529 1888 ;»
2560 1824 2840 1887 sacerdos,
2872 1822 3173 1888 «Quoniam
3206 1833 3262 1875 tu
3293 1838 3354 1878 es
3385 1824 3525 1878 Dens

269 1939 289 1970 «
326 1921 483 1974 Ὅσοι
540 1920 963 1991 κατηχούμενοι.
999 1937 1017 1971 »
1069 1920 1128 1972 Ὀ
1176 1920 1358 1987 ἱερεὺς
1412 1917 1577 1988 εὐχὴν
1630 1916 1835 1969 πιστῶν

260 2013 508 2083 πρώτην,
551 2032 568 2064 «
606 2012 777 2082 Κύριε
817 2015 844 2066 6
901 2014 1035 2075 Θεὸς
1094 2013 1274 2081 ἡμῶν,
1331 2014 1358 2064 6
1410 2011 1510 2081 τῆς
1568 2010 1835 2062 πολυθέου

262 2106 494 2175 πλάνης.
535 2124 552 2157 »
603 2105 663 2160 Ὀ
712 2106 979 2167 διάκονος,
1035 2123 1051 2155 «
1085 2105 1254 2173 Σοφία
1297 2103 1460 2175 254
1508 2102 1676 2173 ὀρθοί.
1712 2122 1728 2152 »
1777 2102 1837 2154 '0

264 2199 467 2266 ἱερεὺς,
506 2217 523 2248 «
570 2198 693 2249 Ὅτι
749 2198 813 2249 σὺ
861 2193 913 2249 εἴ
940 2199 967 2249 6
993 2196 1123 2256 Θεὸς
1159 2196 1372 2264 ἡμῶν.»
1411 2195 1471 2246 '0
1492 2192 1734 2253 διάκονος
1769 2195 1838 2245 τὰ

261 2290 535 2360 είρηνικὰ.
571 2290 631 2342 '0
667 2291 845 2359 ἱερεὺς
889 2287 1055 2357 εὐχὴν
1090 2286 1302 2340 πιστῶν
1355 2286 1634 2355 δευτέραν,
1672 2304 1689 2335 ι
1727 2286 1839 2337 Κύ-

264 2398 350 2452 ριε
384 2384 411 2434 6
443 2382 576 2443 Θεὸς
604 2380 760 2449 ἡμῶν
794 2382 821 2433 6
866 2382 923 2433 ὲν
948 2380 1116 2450 ὀλίγῳ
1138 2378 1337 2448 χρόνῳ.
1374 2396 1391 2429 »
1471 2378 1529 2430 '0
1570 2376 1837 2439 διάκονος,

270 2490 290 2524 «
321 2472 507 2539 Σοφία.
544 2490 562 2523 »
640 2471 699 2524 '0
752 2474 933 2542 ἱερεὺς
990 2473 1265 2540 ὲκφωνεϊ,
1305 2488 1323 2519 «
1361 2471 1481 2523 Ὀτι
1544 2469 1838 2535 εὐλόγηται

262 2566 362 2617 καὶ
384 2564 716 2627 δεδόξασται.
757 2582 775 2615 »
824 2564 883 2615 Ὀ
937 2564 1209 2625 διάκονος,
1270 2578 1289 2611 «
1330 2560 1719 2630 ιιληρώσωμεν
1743 2562 1841 2628 τὴν

262 2657 451 2724 δέησιν
488 2655 641 2725 ἡμῶν
680 2656 757 2725 τῷ
796 2655 1009 2723 Κυρίῳ,
1040 2675 1057 2707 »
1096 2658 1190 2708 καὶ
1236 2656 1303 2707 τὰ
1336 2654 1516 2705 λοιπά.
1559 2654 1619 2704 '0
1664 2654 1841 2723 ἱερεὺς

264 2750 365 2818 τὴν
398 2750 638 2819 μεγάλην
663 2749 849 2819 εὐχήνο
885 2767 903 2799 «
945 2750 1115 2818 Κύριε
1172 2750 1198 2800 ὁ
1222 2747 1353 2807 936;
1385 2747 1567 2815 ἡμῶν,
1619 2747 1646 2797 6
1682 2747 1842 2813 μόιος

265 2839 471 2908 ἀγαθὸς
501 2841 595 2891 καὶ
642 2840 1049 2910 φιλάνθρωπος
1092 2858 1110 2891 »
1166 2841 1220 2893 ὲν
1320 2839 1417 2891 καὶ
1449 2838 1548 2905 τῆς
1596 2837 1845 2907 σταυρώ-

269 2953 409 2999 σεως
460 2934 736 3005 μέμνηται
790 2936 892 2985 τοῦ
951 2933 1224 3003 Σωτῆρος,
1279 2933 1368 2983 καὶ
1421 2932 1517 3000 τῆς
1575 2931 1845 3001 ἐγέρσειυς

265 3026 462 3089 αὐτοῦ,
496 3026 712 3088 καὶτῆς
769 3024 1121 3091 ἀναλήψεως
1172 3025 1268 3076 καὶ
1326 3024 1617 3089 ἑξαιτείται
1672 3023 1845 3074 ἐλθεῖν

264 3120 369 3183 τὴν
404 3120 563 3187 χάριν
592 3115 687 3168 τοῦ
746 3114 882 3167 Θεοῦ
948 3115 1032 3182 ἐφ’
1090 3116 1261 3185 ἡμᾶς.
1324 3116 1418 3167 καὶ
1466 3114 1844 3183 ὲνδυναμῶσαι

267 3212 418 3279 ἡμᾶς
452 3210 544 3261 καὶ
576 3208 830 3275 φωτίσαι,
861 3207 954 3259 καὶ
1002 3208 1163 3275 ἕτερα
1222 3206 1447 3258 πλεῖστα
1472 3222 1484 3235 ·
1538 3208 1632 3259 καὶ
1694 3209 1844 3274 παρὰ
1877 3224 1919 3277 (ε

269 3299 410 3353 θεοῦ
442 3299 662 3367 εὓχρται
690 3299 756 3350 τὰ
778 3298 1048 3364 ἀναγκαῖά
1071 3315 1129 3351 τε
1165 3298 1258 3349 καὶ
1314 3298 1661 3366 συμφέροντα
1692 3312 1706 3326 °
1755 3298 1847 3349 καὶ

270 3391 454 3455 τέλος,
483 3392 623 3458 ἴναὴ
659 3389 817 3459 χάρις
840 3391 932 3440 καὶ
963 3390 1021 3440 τὸ
1063 3388 1209 3451 ἔλεος
1262 3388 1356 3439 τοῦ
1412 3387 1548 3439 Θεοῦ
1603 3387 1688 3456 εἴη
1729 3388 1847 3455 μεθ’

267 3482 429 3551 ἡμῶν
458 3483 706 3544 πὰντοτε,
744 3482 836 3533 καὶ
861 3483 1113 3546 ἔκφωνεῖ,
1148 3498 1165 3531 «
1203 3482 1322 3532 Ὀτι
1356 3479 1445 3532 σὸν
1486 3480 1545 3533 τὸ
1574 3481 1790 3549 κράτος.
1823 3500 1841 3531 »

269 3573 403 3628 Εἶτα
429 3576 507 3640 τὸ,
542 3594 560 3626 «
600 3576 804 3645 Εἰρήνη
855 3576 1010 3636 πᾶσι,
1048 3595 1065 3626 »
1125 3575 1294 3641 λέγει.
1361 3575 1472 3627 Καὶ
1519 3575 1546 3625 6
1592 3574 1846 3636 διάκονιις

268 3664 450 3731 αὖθις,
475 3686 492 3719 «
518 3668 629 3730 Τὰς
655 3667 893 3735 κεφαλὰς
922 3666 1129 3734 ἡμῶν.»
1151 3668 1259 3720 Καὶ
1293 3668 1319 3718 ὁ
1352 3666 1529 3734 ἱερεὺς
1563 3666 1726 3737 εὐχὴν
1756 3683 1847 3718 κε-

272 3759 649 3827 φαλοκλισίαςο
679 3775 699 3808 t
736 3759 905 3826 Κύριε
938 3760 965 3809 6
992 3758 1124 3819 Θεὸς
1156 3757 1335 3826 ἡμῶν,
1362 3758 1389 3808 ὁ
1415 3759 1725 3826 καθήμενος
1756 3759 1850 3810 ἐπὶ

273 3851 471 3919 θρόνου
500 3850 679 3919 δόξης.
720 3869 737 3901 »
795 3851 901 3901 Καὶ
929 3851 1184 3915 ὲκφωνεῖ,
1243 3866 1262 3898 «
1317 3849 1416 3919 Εῖη
1476 3849 1537 3902 τὸ
1583 3850 1849 3915 πανάγιον

269 3943 447 4013 ὕνομα
468 3946 565 4012 τῆς
611 3942 1022 4011 φιλανθρωπίας
1083 3959 1175 3993 σου
1217 3941 1580 4011 εὐλογημένον
1642 3942 1849 3993 καὶδεο

269 4034 625 4103 δοξασμένον.
663 4053 682 4087 »
720 4034 779 4085 '0
824 4034 1095 4095 διάκονος.
1139 4053 1155 4085 ι
1206 4033 1296 4085 Ἐν
1326 4034 1521 4105 είρήνῃ
1574 4033 1849 4102 προέλθω-

274 4142 403 4196 μεν.
444 4142 461 4176 »
491 4126 600 4178 Καὶ
625 4124 937 4188 ἐξελθόντος
971 4126 1064 4177 τοῦ
1096 4126 1308 4193 ἱερέως,
1350 4125 1467 4193 ἅμα
1525 4124 1849 4193 πορεύονται

270 4217 503 4272 ὕπισθεν
532 4217 628 4270 τοῦ
653 4217 928 4286 ἇμδωνος,
972 4217 1055 4269 ἵνα
1111 4218 1276 4285 μέσον
1338 4217 1595 4270 ἀπάντων
1645 4215 1853 4277 δοξολο-

280 4310 497 4378 γὴσωσί
529 4308 621 4360 τὸν
650 4308 800 4372 Θεζν,
830 4309 926 4360 καὶ
952 4307 1044 4360 τοῦ
1075 4306 1365 4376 έσπερινοῦ
1398 4306 1693 4375 ἄρξωνται.
1743 4307 1849 4359 Τοῦ

272 4402 523 4455 διακόνου
554 4400 649 4453 οὖν
673 4401 939 4465 είπόντος,
976 4417 993 4449 «
1032 4398 1138 4451 Τοῦ
1167 4399 1373 4466 Κυρίου
1425 4398 1727 4467 δεηθῶμεν,
1768 4418 1785 4451 »
1824 4401 1851 4450 6

275 4492 461 4563 ἱερεὺς
492 4492 704 4560 βλέπων
736 4490 874 4543 κατὰ
901 4489 1191 4553 ἀνατολὰς,
1237 4491 1492 4556 ὲκφιυνεί,
1548 4507 1565 4539 «
1605 4490 1848 4557 Εὐλογη-

1946 1924 2161 1979 noster;
2192 1916 2460 1969 diaconus
2496 1915 2722 1982 paciﬁca
2752 1915 2907 1975 dicit.
2943 1917 3198 1969 sacerdos
3226 1917 3524 1971 secundam

1947 2006 2189 2061 ﬁdelium
2225 2007 2554 2071 orationem,
2603 2007 2865 2061 «Domine
2892 2008 3030 2061 Deus
3071 2016 3286 2073 noster,
3322 2010 3414 2077 qui
3472 2010 3525 2060 in

1946 2098 2095 2152 brevi
2124 2107 2362 2166 tempore
2391 2115 2434 2160 ;»
2464 2097 2751 2160 diaconus,
2788 2097 3154 2167 «Sapientia,»
3188 2098 3394 2167 inquit;
3438 2113 3527 2151 εει-ο

1945 2189 2143 2243 cerdos
2156 2189 2373 2252 clamat,
2401 2207 2417 2239 «
2430 2190 2693 2254 Quoniam
2710 2189 3013 2243 heucdicitu
3026 2207 3048 2243 r
3064 2199 3115 2245 et
3130 2191 3483 2259 gloriﬁcatur.
3501 2210 3522 2245 »

1949 2279 2244 2341 Diaconus,
2279 2297 2296 2328 «
2332 2278 2740 2345 Adimpleamus
2787 2280 3090 2344 orationem
3128 2282 3410 2345 Domino,»
3470 2296 3527 2333 et

1950 2371 2178 2439 reliqua.
2202 2369 2468 2424 Sacerdos
2496 2385 2741 2438 titagttum
2765 2368 2894 2425 facit
2913 2373 3238 2432 orationem,
3264 2391 3281 2423 «
3300 2373 3529 2426 Domine

1952 2461 2091 2514 Deus
2128 2468 2333 2521 noster,
2371 2459 2521 2512 solus
2558 2459 2734 2513 bonus
2769 2469 2821 2512 et
2842 2460 3126 2514 hominum
3148 2473 3417 2522 amator,»
3466 2466 3519 2517 iu

1948 2568 2056 2621 qua
2081 2553 2143 2606 de
2172 2552 2529 2607 cruciﬁxioue
2588 2553 2888 2606 Salvatoris
2941 2557 3264 2609 recordatur
3299 2558 3531 2626 ejusque

1956 2644 2359 2698 resurrectione
2396 2654 2450 2698 et
2520 2645 2864 2708 ascensione,
2916 2656 3287 2716 precaturque
3339 2659 3397 2703 ut
3440 2666 3532 2701 re.

1953 2738 2067 2789 niat
2134 2738 2309 2805 gratia
2368 2737 2458 2790 Dei
2519 2751 2682 2804 super
2728 2754 2829 2791 nos
2890 2752 3097 2806 nosque
3139 2744 3426 2795 continuet
3474 2753 3530 2797 et

1954 2826 2227 2881 illuminet
2258 2867 2271 2891 ,
2314 2827 2529 2895 aliaque
2576 2828 2744 2881 multa
2776 2829 3040 2897 deposcit,
3079 2846 3288 2885 necnon
3344 2851 3370 2886 a
3422 2834 3534 2886 Deo

1955 2918 2161 2986 ﬂagitat
2190 2921 2499 2973 necessaria
2531 2929 2587 2973 et
2613 2921 2790 2981 utilia,
2834 2937 2897 2976 ac
2941 2923 3176 2992 denique
3201 2938 3253 2978 ut
3283 2928 3456 2995 gratia
3480 2939 3537 2982 et

1955 3013 2333 3066 misericordia
2358 3012 2446 3067 Dei
2483 3014 2552 3067 sit
2582 3029 2797 3083 semper
2852 3016 3164 3083 uobiscum,
3214 3030 3267 3072 et
3293 3020 3531 3086 clamat,

1961 3101 2103 3155 «Tua
2128 3114 2209 3155 est
2234 3103 2510 3157 fortitudo.
2530 3122 2546 3155 ι
2573 3105 2795 3167 Deinde,
2820 3108 2957 3159 «Pax
2981 3110 3293 3170 omnibus,»
3330 3111 3530 3179 inquit,

1954 3205 2006 3249 et
2032 3198 2297 3251 diaconus
2330 3198 2522 3250 iterum
2555 3213 2567 3250 :
2602 3217 2619 3248 «
2658 3196 2848 3266 Capita
2878 3209 3063 3253 nostra
3095 3218 3108 3264 ;
3144 3220 3162 3251 »
3202 3212 3255 3254 et
3284 3206 3536 3258 sacerdos

1952 3290 2149 3358 eapitis
2232 3290 2596 3343 inclinationis
2654 3295 2959 3344 orationem
3033 3292 3205 3349 facit:
3256 3295 3533 3349 «Domine

1955 3379 2096 3433 Dens
2128 3388 2313 3432 noster
2371 3379 2461 3446 qui
2494 3382 2648 3433 sedes
2703 3395 2870 3447 super
2904 3384 3162 3436 throumn
3198 3386 3439 3453 gloriae,»
3480 3399 3534 3440 et

1951 3471 2243 3534 exclamat,
2281 3467 2397 3521 «Sit
2425 3469 2836 3522 sanctissimum
2888 3472 3233 3539 benignitatis
3274 3483 3380 3526 tuae
3438 3490 3531 3527 uo-

1954 3574 2074 3612 men
2103 3559 2445 3613 benedictum
2478 3571 2531 3612 et
2557 3560 2975 3629 glorilicatum.»
3013 3563 3286 3617 Diacouus
3314 3580 3328 3617 :
3369 3564 3533 3617 «Pro-

1954 3655 2211 3709 cedamus
2247 3655 2301 3707 in
2352 3670 2554 3724 pace.»
2600 3655 2659 3708 Et
2710 3670 2929 3725 egresso
3012 3659 3296 3711 sacerdote
3367 3660 3534 3713 simul

1956 3745 2254 3813 procedunt
2303 3756 2425 3813 post
2498 3747 2785 3800 ambonem
2834 3758 2890 3799 ut
2945 3749 2998 3800 in
3058 3750 3235 3801 medio
3287 3751 3530 3804 omnium

1958 3837 2262 3902 glorificent
2314 3837 2504 3902 Deum,
2551 3853 2615 3891 ac
2667 3841 3040 3907 vespertinum
3105 3842 3369 3908 incipiant
3418 3845 3536 3896 olli-

1958 3928 2123 3981 cium.
2183 3928 2369 3997 Itaque
2406 3931 2636 3984 diacono
2684 3931 2899 3987 dicente
2939 3948 2952 3984 :
2986 3934 3303 3988 «Dominum
3337 3934 3535 4004 depre-

1955 4035 2201 4084 cemur,»
2246 4024 2507 4075 sacerdos
2541 4026 2608 4075 ad
2641 4025 2906 4077 orientem
2940 4035 3190 4089 spectans
3215 4027 3483 4079 exclamat
3517 4041 3534 4078 :

1967 4111 2296 4165 «Benedicta
2330 4112 2502 4180 gloria
2537 4113 2749 4167 Domini
2788 4114 2841 4167 in
2878 4115 2996 4167 loco
3026 4125 3213 4169 sancto
3249 4118 3368 4185 ejus
3417 4118 3537 4171 ubi-

1956 4219 2061 4270 que
2112 4218 2257 4258 nunc
2312 4214 2367 4258 et
2414 4219 2630 4274 semper
2690 4217 2745 4261 et
2800 4207 2853 4259 in
2910 4208 3113 4262 saecula
3144 4212 3529 4267 smculoruru.»

1962 4297 2119 4361 Quod
2206 4312 2336 4365 ergo
2427 4298 2492 4349 ad
2586 4299 2807 4352 litanias
2898 4301 3138 4366 attinet,
3198 4302 3536 4359 .lilaniarum

1958 4393 2061 4441 hoc
2112 4397 2196 4442 est
2250 4388 2488 4453 initium,
2524 4391 2783 4456 pontifice
2854 4390 2987 4443 illud
3056 4401 3179 4458 post
3244 4392 3534 4447 amboncm

1955 4483 2199 4548 dicente;
2236 4483 2325 4536 hic
2380 4498 2508 4536 vero
2573 4484 2787 4535 initium
2838 4494 2923 4537 est
2959 4485 3269 4553 lampadum
3319 4489 3532 4556 hymni.

277 4552 419 4654 μένη
445 4552 503 4652 -ήυ
520 4584 644 4649 δόξα
668 4582 876 4651 Κυρίου
931 4583 995 4631 ἐκ
1030 4580 1124 4631 τοῦ
1160 4552 1327 4633 τόπου
1355 4580 1449 4632 τοῦ
1475 4580 1630 4647 ἁγίου
1687 4552 1848 4634 αὖτοῦ

1960 4573 2026 4625 Et
2072 4576 2253 4625 statim
2315 4572 2366 4625 in
2403 4574 2572 4626 latere
2623 4573 2808 4637 templi
2846 4588 2875 4626 a
2922 4552 3241 4644 cantoribus
3275 4552 3531 4644 psallitur

275 4680 511 4728 πάντοτε
540 4673 633 4725 νῦν
660 4674 756 4725 καὶ
784 4673 869 4724 ἀεὶ
903 4673 996 4723 καὶ
1038 4673 1117 4732 εἰς
1152 4670 1277 4730 τοῦς
1332 4672 1533 4732 αίὼνας
1584 4674 1691 4725 τῶν
1718 4675 1848 4725 αἰώ-

276 4786 411 4821 νων.
446 4786 464 4817 »
508 4765 680 4817 Τοῦτο
707 4766 801 4817 οὖν
851 4766 927 4826 εἰς
958 4765 1056 4832 μὲν
1102 4762 1200 4826 τὰς
1239 4763 1530 4827 λιτανείας,
1577 4766 1719 4834 ἁρχὴ
1746 4767 1855 4817 τῶν

275 4859 562 4912 λιατνειῶν
597 4860 735 4921 ἐστι,
768 4857 1019 4923 λέγοντος
1040 4872 1201 4908 τουτο
1250 4856 1346 4908 τοῦ
1400 4857 1706 4926 ἀρχιερέως
1753 4859 1847 4909 τοῦ

273 4950 535 5017 ἄμσωνος
568 4949 827 5000 ὄπισθεν’
898 4948 1133 5000 ἐνταῦθα
1170 4947 1223 4999 δὲ
1254 4948 1400 5016 ἀρχὴ
1424 4948 1517 4999 τοῦ
1566 4950 1843 5016 ).υχνικοῦ.

278 5043 389 5093 Καὶ
420 5041 577 5101 εὐθὺς
610 5041 665 5091 ἐν
693 5043 760 5109 τῇ
798 5040 1002 5108 πλαγία
1028 5039 1289 5108 ψὰλλεται
1345 5041 1439 5091 τοῦ
1470 5040 1597 5092 ναοῦ
1633 5042 1706 5103 ὡς
1741 5059 1846 5093 πα-

274 5133 542 5205 ράκλησις
574 5135 599 5184 ὁ
631 5134 917 5202 ἑσπερινὸς
952 5132 1099 5201 παρᾶ
1146 5133 1257 5183 τῶν
1288 5132 1527 5199 ψαλτῶν.
1558 5134 1726 5185 Ἔνθα
1757 5136 1849 5185 καὶ

270 5227 339 5277 τὸ
366 5226 660 5294 ψαλτήριον
688 5225 929 5289 λέγεται,
965 5225 1058 5275 καὶ
1090 5224 1157 5275 τὰ
1204 5226 1437 5294 στιχηρά
1463 5225 1559 5277 τοῦ
1592 5226 1847 5293 τριῳδίου

271 5322 373 5371 καὶ
402 5318 497 5370 τοῦ
533 5318 786 5386 μηναίου,
814 5317 956 5368 κατὰ
980 5319 1070 5369 τὸν
1102 5321 1274 5369 τύπον
1298 5319 1405 5369 τῶν
1443 5321 1846 5387 μοναστηρίων,

272 5413 371 5462 καὶ
403 5412 483 5474 τὶ,
519 5428 537 5460 «
568 5408 686 5470 Φῶς
716 5409 922 5478 ἱλαρὸν,
957 5427 975 5459 »
1018 5410 1111 5461 καὶ
1136 5411 1214 5474 τὸ,
1259 5428 1275 5460 ι
1316 5410 1689 5475 Καταξίωσον,
1724 5429 1740 5459 »
1774 5411 1847 5473 ὡς

273 5500 622 5563 κατανύξεως
658 5499 949 5551 ἀκολουθία
980 5500 1073 5550 καὶ
1103 5495 1214 5550 οἷον
1244 5498 1539 5568 μοναχικὴ,
1591 5502 1682 5551 καί
1712 5502 1844 5551 ἁπο-

274 5596 461 5665 στίχνιυ
489 5596 546 5645 τὸ
590 5593 889 5661 Ἰδιόςιελον,
937 5593 1050 5655 καὶ,
1086 5611 1103 5642 ι
1144 5593 1259 5645 Νῦν
1291 5594 1569 5655 ἀπολύεις,
1612 5612 1630 5644 »
1668 5593 1759 5643 κ.ὶ
1794 5595 1851 5644 τὸ

1960 4668 2330 4732 vespertinum
2383 4664 2619 4719 ofﬁcium
2672 4682 2823 4719 more
2868 4666 3353 4720 invitatorii.Tum
3390 4670 3531 4721 dit-io

1970 4769 2055 4811 tur
2104 4760 2420 4828 psalterium
2475 4758 2730 4811 versiculi
2782 4758 2924 4811 tertii
2984 4757 3170 4827 hymni
3234 4768 3287 4813 et
3329 4763 3534 4813 mensis

1956 4850 2252 4900 secundum
2280 4848 2525 4901 ordinem
2560 4850 3047 4912 monasteriorum,
3089 4848 3233 4903 «Lux
3262 4850 3530 4919 jucunda,

1959 4940 2212 5008 dignare,
2239 4958 2256 4990 »
2290 4942 2444 5007 quasi
2486 4940 2621 4993 ordo
2658 4941 2985 5007 pmuizcntim
3016 4952 3071 4995 et
3122 4941 3424 4995 tnouastica
3456 4943 3537 4993 iu-

1958 5030 2184 5084 stitutio.
2213 5029 2414 5083 Deinde
2446 5030 2728 5098 proprium
2763 5030 3098 5099 responsorii
3134 5032 3327 5095 melos,
3350 5027 3535 5082 «Nunc

1957 5120 2240 5183 dimittis,»
2276 5118 2581 5187 TriSagiou,
2610 5120 2736 5173 «Dei
2763 5120 3010 5173 Genitrix
3039 5118 3201 5188 Virgo
3223 5136 3268 5183 ;»
3304 5119 3397 5173 sed
3426 5117 3535 5186 Κυ-

1959 5207 2035 5258 rie
2088 5207 2285 5259 elciunt
2336 5222 2441 5260 nou
2490 5208 2711 5270 d.citttr,
2775 5224 2951 5273 neque
3008 5213 3141 5262 liuut
3204 5212 3535 5277 poenitentia:

1962 5317 2061 5353 nec
2097 5300 2394 5361 alzsolutio,
2438 5314 2537 5351 nec
2565 5302 2942 5352 accenduntur
2972 5301 3245 5369 lampades
3268 5318 3437 5370 usque
3466 5303 3531 5354 ad

1960 5394 2377 5446 l‘roveibiorum
2422 5394 2707 5446 lectionem
2743 5396 2791 5445 in
2837 5396 2999 5447 missa
3040 5394 3533 5447 l‘rwsatictiﬁcato-

1959 5498 2079 5537 rum
2107 5497 2266 5546 ;uam
2296 5492 2416 5550 post
2457 5499 2651 5537 voces:
2683 5502 2700 5534 «
2732 5484 2820 5537 Dei
2856 5485 3099 5539 Geuitrix
3138 5482 3322 5552 Virgo,
3356 5503 3374 5534 »
3400 5498 3498 5537 σοι»
3521 5513 3533 5523 -

1960 5585 2110 5629 sueta
2139 5576 2415 5643 dicuntur,
2444 5586 2497 5631 ct
2526 5594 2715 5631 oumes
2743 5580 2793 5631 iu
2845 5595 2975 5631 suos
3028 5579 3177 5631 locos
3245 5578 3531 5630 recedunt.

272 5692 590 5758 Ὗρισάγιον,
636 5690 843 5751 καὶτὸ,
884 5709 901 5740 «
936 5688 1162 5741 Θεοτόκε
1201 5690 1463 5755 Παρθένε·
1505 5710 1521 5739 »
1586 5691 1761 5755 Κύριε
1817 5691 1870 5740 δὲ
1929 5690 2192 5755 ἐλέησον
2259 5692 2319 5742 οὐ
2379 5692 2642 5757 λέγεται·
2711 5695 2829 5745 οὑῖὲ
2894 5694 3175 5760 μετάνοιαν,
3245 5694 3485 5761 γίνονται
3516 5710 3529 5724 ·

273 5783 383 5835 ωδ,
421 5784 701 5843 ἀπόλυσιῗ
736 5782 854 5833 οὐδὲ
887 5783 1039 5849 φῶτα
1072 5784 1419 5846 ἀνάπτοντῖῆ
1452 5784 1578 5851 ἀέρι
1625 5786 1717 5834 κῖὶ
1751 5786 1844 5851 τῆς
1887 5786 2187 5851 πιροιμίεις
2211 5787 2263 5835 ἐν
2287 5788 2351 5853 τῇ
2378 5789 2793 5858 προίῒιῖσμέιῐι
2827 5788 3160 5856 λειτουργίέί.
3219 5788 3369 5841 Μετὰ
3422 5788 3532 5856 γέῖ)

286 5878 375 5941 τὲ,
410 5896 426 5926 «
468 5878 691 5929 ("50:62:
727 5877 992 5946 Παρθένῑ,
1028 5896 1043 5925 »
1083 5880 1171 5931 γαί
1208 5880 1267 5929 τὰ
1295 5878 1453 5929 ὶοεττὰ

1488 5878 1691 5947 ξυνήθη
1726 5880 1909 5944 inm:

1920 5896 1967 5927 :2
2004 5895 2200 5941 παντες
2244 5883 2318 5940 είς
2370 5888 2487 5941 τοὺς
2534 5882 2720 5943 τάττοις
2761 5884 2958 5934 αὑτά-ν.
