4208 6440
296 430 399 492 657

1403 504 1411 507 Ἴ
1447 422 1544 483 DE
1581 421 1821 482 SACRA
1867 420 2374 482 PRECATIONE.

3421 421 3526 484 658

299 540 363 589 Οἱ
388 537 444 589 δὲ
477 534 823 602 άναγνῶσται
855 531 1286 603 προπορεύονται
1323 532 1461 601 μετά
1493 534 1854 602 μανουαλίων.
1890 544 1931 600 Α

1890 544 1931 600 Α
1963 533 2239 588 lateralcm
2287 534 2509 604 januam
2548 533 2721 604 pergit
2768 542 2822 590 et
2876 533 2941 590 ad
2975 533 3134 589 finem
3180 530 3363 602 templi
3400 541 3526 604 proé

294 628 355 680 El
386 627 555 682 δὀύκ
593 627 710 679 ἔστι
759 625 1039 688 διάκονος,
1077 625 1358 696 ἐξέρχεται
1397 625 1554 693 μόνος
1590 627 1617 679 6
1649 627 1849 695 ίερεὺς,

1961 629 2122 683 cedit.

291 717 511 786 κρατῶν
534 716 633 782 τὴν
664 715 924 786 λαμπάδα
963 686 1058 768 καὶ
1089 686 1549 784 τὸθυμιατήριον
1583 686 2208 802 καὶυπροπορευομένων
2249 719 2358 772 τῶν
2431 721 2823 788 άναγνωστῶν,
2883 722 3156 794 διέρχεται
3223 722 3321 792 τὴν
3393 723 3527 775 πλαο

289 812 436 880 τίαν,
468 809 564 862 καὶ
593 808 674 874 τίς
700 808 762 864 τὸ
779 809 934 874 τέλος
956 808 1050 862 τοῦ
1075 806 1201 862 ναοῦ
1231 809 1470 880 ἔρχεται.

842 1016 1094 1072 ΚΕΦΑΛ.
1125 1014 1294 1070 ΤΝΔ’.

292 1135 457 1188 Διατί
488 1133 559 1186 ἐν
581 1131 661 1195 τῷ
681 1129 978 1201 ἑσπεριγῷ
1003 1131 1098 1183 καὶ
1133 1130 1211 1201 τῇ
1245 1131 1542 1200 Παροιμίᾳ
1569 1132 1640 1185 τὰ
1663 1132 1852 1201 φῶτα·

466 1202 565 1258 καὶ
590 1203 647 1256 τι
670 1203 763 1268 τὸ,
789 1196 950 1266 «Φῶς
969 1200 1227 1268 Χριστοῦ
1261 1196 1459 1269 φαίνει
1493 1196 1697 1257 πᾶσιᾶ

362 1407 478 1461 Καὶ
502 1405 890 1477 πληρωθείσης
914 1405 1014 1475 τῆς
1048 1405 1344 1470 Γενέσεως,
1402 1405 1652 1473 φαίνεται
1692 1405 1855 1467 εὐθὺς

293 1498 435 1567 μετά
471 1499 580 1550 τῶν
610 1496 828 1564 φώτων,
862 1496 960 1559 τάς
997 1497 1286 1565 βασιλικάς
1315 1497 1490 1559 πύλας
1526 1495 1736 1561 εἰσιὼν,
1763 1497 1862 1549 άν-

295 1587 603 1656 ισταμένων
637 1589 917 1644 ἁπάντων.
970 1588 1068 1648 ’ος
1098 1590 1194 1642 καὶ
1216 1591 1297 1652 εἰς
1318 1589 1378 1641 τὸ
1405 1590 1575 1657 μέσον
1600 1589 1729 1651 στάς
1760 1588 1852 1640 τοῦ

292 1677 445 1741 ναοῦ,
477 1679 715 1730 ποιεῖται
753 1678 991 1747 σταυροῦ
1049 1678 1222 1732 τύπον
1265 1680 1344 1748 τῷ
1373 1681 1718 1750 θυμιατηρίῳ
1765 1683 1856 1732 ὲκ-

2498 1019 2726 1079 CAPUT
2754 1018 3019 1075 CCCLIV.

1964 1128 2143 1208 Quare
2171 1139 2230 1208 in
2263 1140 2552 1208 vespertino
2591 1139 2769 1208 ofﬁcio
2801 1143 2849 1208 et
2880 1136 3003 1188 dum
3033 1143 3190 1208 caput
3222 1150 3286 1208 ετ
3315 1133 3529 1208 Prouer-

2035 1206 2132 1258 biis
2161 1204 2370 1273 legitur,
2415 1204 3024 1266 lumina'uccendautur,
3055 1215 3104 1259 et
3132 1205 3195 1258 de
3214 1204 3347 1258 illo:
3383 1204 3529 1258 «Lux

2034 1274 2232 1332 Christi
2256 1279 2497 1332 omnibus
2522 1287 2763 1347 apparet.
2798 1295 2816 1327 ι

2032 1408 2252 1474 lmpleta
2281 1419 2460 1464 autem
2499 1412 2620 1465 libri
2667 1411 2895 1466 Genesis
2930 1413 3199 1474 lectione,
3239 1411 3386 1464 illico
3433 1424 3530 1474 ap-

1962 1510 2113 1569 paret
2159 1518 2283 1555 cum
2325 1504 2650 1567 luminibus,
2697 1520 2793 1572 per
2823 1504 3029 1571 regales
3059 1503 3257 1571 'januas
3294 1503 3528 1558 intrans.

1962 1593 2236 1646 stantibus
2268 1595 2562 1654 universis.
2598 1596 2687 1663 qui
2724 1605 2874 1650 stans
2918 1596 2970 1649 in
3007 1596 3182 1649 medio
3215 1594 3421 1661 templo
3449 1593 3529 1646 si-

1962 1699 2125 1749 gnum
2157 1685 2337 1738 crucis
2370 1685 2496 1738 facit
2525 1701 2647 1739 cum
2683 1687 2982 1751 tburibulo,
3011 1688 3114 1740 alta
3141 1700 3272 1739 voce
3304 1687 3528 1739 dicens:

294 1768 488 1838 φώνως
545 1769 737 1834 λέγων,
775 1788 792 1820 «
831 1769 1001 1838 Σοφία
1047 1769 1218 1838 ὀρθοὶ,
1247 1770 1362 1837 φῶς
1414 1771 1650 1841 Χριστοῦ
1678 1770 1853 1837 φαίνει
1885 1807 1932 1864 Β

1885 1807 1932 1864 Β
1966 1772 2274 1840 «Sapientia
2310 1778 2496 1839 erecti,
2522 1777 2611 1828 lux
2631 1776 2830 1830 Chris'i
2856 1778 3111 1831 omnibus
3141 1784 3421 1844 apparet,»
3471 1785 3528 1828 et

301 1865 458 1915 πᾶσι.
495 1882 512 1914 ι
559 1862 669 1915 Καὶ
700 1864 777 1925 είς
806 1864 866 1917 τὸ
895 1865 1049 1931 ἅγιον
1077 1863 1226 1933 βῆμα
1251 1865 1558 1933 ἀνέρχεται.
1593 1865 1724 1915 Τότε
1747 1863 1858 1915 τοί-

297 1971 394 2006 νυν
427 1955 455 2004 ὁ
490 1955 588 2023 μὲν
617 1956 675 2008 ἐν
707 1955 785 2025 τῷ
823 1955 1039 2023 ἇμϐωνι
1089 1956 1445 2024 ἀναγνώστης
1492 1954 1860 2021 ἀναγινώσκει

292 2045 394 2114 τὴν
417 2048 742 2114 Παροιμίαν·
773 2046 841 2099 τά
865 2046 920 2099 δὲ
961 2048 1020 2099 ὲν
1034 2046 1109 2116 τῷ
1142 2047 1252 2116 ναῷ
1281 2047 1483 2116 συνήθη
1513 2047 1666 2116 φῶτα
1687 2048 1860 2100 ἀνάπ-

297 2153 472 2190 τεται.
513 2136 688 2188 Τοῦτο
721 2136 778 2189 δὲ
803 2137 974 2207 δηλοῖ,
1003 2137 1079 2199 ὡς
1113 2139 1248 2207 πρὸς
1279 2138 1360 2205 τῷ
1391 2138 1532 2190 τέλει
1592 2139 1703 2190 τῶν
1729 2137 1860 2191 αἰώ-

297 2247 405 2282 νων
443 2229 503 2280 τὸ
534 2228 649 2296 φῶς
681 2227 741 2279 τὸ
772 2228 1024 2298 ἀληθινὸν
1048 2230 1182 2297 ἡμῖν
1214 2231 1326 2290 τοῖς
1357 2231 1413 2280 ἐν
1461 2231 1641 2283 σκότει
1687 2231 1859 2298 καθη-

301 2320 484 2388 μένοις
534 2319 623 2373 διὰ
670 2319 870 2390 σαρκὸς
929 2320 1170 2389 ἔλαμψεν
1222 2320 1432 2390 Ἰησοῦς
1458 2322 1716 2390 Χριστὸς,
1770 2324 1863 2374 καὶ

295 2410 391 2463 τοῦ
425 2411 602 2480 φωτὸς
632 2414 734 2480 τῆς
762 2413 986 2482 χάριτος
1007 2411 1171 2466 αὐτοῦ
1207 2414 1305 2482 τὴν
1337 2414 1665 2484 οἰκουμένην
1696 2414 1862 2482 ἐπλή-

299 2520 467 2573 ρωσε.
503 2507 595 2556 Διὸ
635 2505 729 2556 καὶ
790 2506 884 2556 ἐπὶ
925 2504 1072 2558 τέλει
1116 2507 1315 2568 παντὸς
1375 2507 1663 2574 ἑσπερινοῦ
1706 2506 1864 2560 τοῦτο

294 2583 535 2662 λέγεται,
581 2615 599 2647 «
631 2597 754 2651 Ὅτι
784 2597 845 2649 σὺ
881 2595 930 2649 εἷ
982 2599 1009 2650 ὁ
1036 2596 1314 2668 φωτισμδς
1371 2597 1552 2670 ήμῶν,
1581 2599 1806 2668 Χριστὲ,
1838 2602 1864 2652 6

296 2687 430 2749 Θεὸς
482 2688 698 2757 optima
728 2688 938 2742 Γίνεται
969 2690 1025 2742 δὲ
1054 2689 1207 2742 τοῦτο
1233 2689 1370 2757 μετὰ
1405 2691 1501 2756 τὴν
1523 2690 1742 2744 Γένεσιν
1769 2693 1864 2761 άρ-

298 2777 537 2847 χομένης
583 2781 684 2846 τῆς
741 2779 1071 2848 Παροιμίας.
1128 2780 1320 2850 Ὂτιή
1374 2781 1474 2850 μὲν
1519 2782 1735 2844 Γένεσις
1795 2783 1863 2834 τά

297 2867 558 2937 ἀπαρχῆς
587 2869 879 2936 διηγεῖται,
917 2872 1015 2936 τὴν
1038 2871 1396 2940 δημιουργίαν
1422 2872 1529 2925 τῶν
1550 2873 1742 2935 ὄντων,
1770 2874 1864 2924 καὶ

297 2958 395 3026 τὴν
424 2959 695 3012 ἔκπτωσιν
723 2961 814 3011 τοῦ
857 2957 1057 3025 Ἀδάμ’
1120 2963 1152 3028 ή
1203 2962 1476 3030 Παροιμίαι
1521 2965 1576 3014 δὲ
1609 2964 1865 3032 αἰνιγμα-

299 3051 484 3111 τωδῶς
524 3051 591 3103 τά
619 3053 744 3120 περὶ
783 3052 874 3104 τοῦ
909 3053 1036 3104 Υίοῦ
1071 3053 1163 3104 τοῦ
1204 3053 1340 3105 Θεοῦ
1395 3054 1724 3116 ἐκδιδάσκει,
1770 3059 1863 3106 καὶ

1965 1866 2030 1918 ad
2062 1881 2280 1918 sacrum
2315 1868 2691 1921 sanctuarium
2723 1868 2987 1922 ascendit.
3013 1867 3149 1920 Tum
3177 1867 3339 1936 igitur
3367 1866 3533 1918 lector

1963 1957 2181 2026 quidem
2219 1958 2273 2011 iu
2307 1959 2539 2012 amboue
2573 1968 2729 2028 caput
2761 1959 2889 2029 legit
2915 1975 2977 2013 ex
3010 1958 3358 2025 Proverbiis;
3405 1972 3532 2010 con-

1965 2060 2120 2105 sueta
2165 2059 2351 2104 autem
2402 2052 2454 2104 iu
2513 2052 2713 2121 templo
2745 2051 3118 2110 accenduntur
3148 2051 3378 2104 lumina.
3420 2046 3534 2102 Hoc

1963 2157 2090 2195 vero
2121 2142 2360 2196 ostendit
2389 2142 2444 2203 in
2479 2143 2584 2195 line
2619 2143 2944 2198 saeculorum
2987 2144 3167 2196 lumen
3204 2156 3389 2196 verum
3435 2158 3534 2194 no-

1967 2235 2051 2288 bis
2086 2233 2139 2287 iu
2170 2234 2412 2289 tenebris
2444 2235 2758 2290 sedentibus
2789 2252 2885 2306 per
2919 2250 3138 2289 carnem
3172 2235 3417 2289 illuxisse
3443 2233 3535 2287 Je-

1965 2339 2085 2378 sum
2119 2323 2420 2386 Christum,
2461 2334 2773 2394 terramque
2813 2324 3154 2393 luce'gratiaa
3202 2337 3313 2377 suae
3345 2322 3536 2388 imple-

1965 2414 2128 2469 visse.
2173 2414 2297 2468 Ideo
2329 2415 2525 2482 legitur
2568 2415 2709 2468 istud
2763 2415 2816 2468 in
2867 2416 2972 2468 line
3015 2414 3312 2484 vespertini
3369 2414 3534 2466 totius

1965 2504 2126 2560 ollicii
2160 2520 2174 2558 :
2213 2505 2513 2571 «Quoniam
2553 2515 2608 2559 tu
2643 2522 2701 2559 es
2736 2507 3061 2560 illuminatio
3078 2515 3285 2567 nostra,
3320 2503 3538 2559 Christe

1969 2597 2107 2653 Deus
2137 2608 2373 2652 uestem
2433 2597 2578 2650 Illud
2611 2608 2789 2651 autem
2831 2597 2888 2650 fit
2933 2605 3057 2667 post
3096 2597 3381 2651 lectionem
3409 2593 3534 2646 libri

1967 2690 2219 2752 Genesis,
2267 2691 2483 2758 incepto
2531 2688 2954 2744 Proverbiorum
3009 2689 3223 2757 capite,
3271 2687 3533 2756 quoniam

1966 2781 2194 2836 Genesis
2225 2781 2440 2849 quidem
2486 2796 2606 2850 quae
2647 2779 2786 2834 facta
2839 2791 2966 2834 sunt
3015 2779 3083 2833 ab
3124 2780 3281 2832 initio
3315 2787 3537 2833 enarrat

1968 2887 2149 2926 rerum
2203 2874 2534 2925 creationem
2587 2879 2641 2924 et
2698 2873 2867 2924 Adam
2931 2871 3186 2934 lapsum;
3242 2870 3533 2923 Proveib‘a

1968 2978 2100 3016 vero
2133 2965 2184 3016 in
2213 2964 2499 3031 a-nigmatc
2529 2965 2727 3016 docent
2757 2979 2877 3031 quae
2907 2962 2971 3016 ad
3012 2961 3208 3015 Filium
3247 2961 3337 3013 Dei
3373 2961 3537 3027 pet-ti-

1971 3065 2119 3118 nent,
2155 3066 2318 3122 atque
2347 3071 2443 3123 per
2469 3071 2592 3108 eum
2630 3057 2913 3124 adoptatus
2947 3063 3203 3120 tanquam
3241 3055 3376 3107 filius
3413 3056 3536 3105 hor-

298 3145 414 3204 τοῖς
447 3142 515 3193 δι’
545 3143 704 3195 αὑτοῦ
765 3145 1122 3212 υίοοετηθεῖσι
1164 3150 1422 3216 παραινεῖ
1471 3147 1659 3211 ὥσπερ
1697 3149 1860 3212 υἱοῖς,
1893 3147 1934 3202 C

1893 3147 1934 3202 C
1972 3157 2188 3210 lantur,
2223 3148 2534 3218 ,ipsumque
2585 3147 2780 3201 Filium
2844 3147 3166 3215 sapientiam
3222 3145 3532 3213 appellant,

301 3233 396 3284 καὶ
445 3233 644 3300 Σοφίαν
703 3233 863 3285 αὑτὸν
909 3235 998 3285 τὸν
1050 3235 1175 3286 Υίὸν
1240 3235 1516 3304 ὀνομάζει,
1571 3238 1663 3289 καὶ
1718 3233 1864 3289 οἶκον

300 3324 662 3393 οἰκοδομῆσαι
688 3325 854 3393 ἑαυτῇ
880 3325 1049 3390 λέγει.
1082 3326 1142 3377 τὸ
1179 3327 1438 3394 πανάγιον
1463 3327 1626 3380 αὑτοῦ
1684 3329 1862 3396 σῶμα,

301 3420 362 3469 ὲν
391 3409 431 3480 ᾧ
464 3420 557 3470 καὶ
586 3416 724 3470 ἑπτά
786 3417 1012 3478 στύλους
1047 3417 1114 3470 τὰ
1179 3417 1272 3471 τοῦ
1320 3419 1633 3489 Πνεύματος
1686 3421 1866 3474 πάντα

299 3511 639 3578 χαρίσματα,
674 3509 747 3571 ὡς
778 3511 871 3561 καὶ
917 3511 995 3576 τῷ
1041 3511 1224 3580 οίκείῳ
1255 3511 1406 3582 ἄρτῳ
1461 3512 1555 3564 τοῦ
1613 3512 1864 3580 σώματος

299 3603 394 3652 καὶ
418 3599 492 3666 τῷ
518 3599 751 3666 κρατῆρι
790 3600 882 3651 τοῦ
907 3599 1157 3667 αἵματος,
1190 3601 1381 3669 τρέφει
1407 3618 1464 3652 τε
1515 3602 1608 3654 καὶ
1645 3602 1861 3664 ποτίζει

300 3691 509 3752 πάντας
531 3705 544 3719 ⁸
579 3693 672 3743 καὶ
703 3691 817 3757 φῶς
854 3692 1062 3743 ἐστιτὰ
1087 3691 1199 3743 ἄνω
1246 3692 1340 3745 καὶ
1392 3693 1460 3745 τὰ
1493 3692 1644 3745 κάτω
1701 3693 1866 3760 φωτί-

299 3779 430 3842 ζων.
478 3776 536 3831 '0
570 3778 700 3839 Θεὸς
731 3781 837 3846 γάρ
870 3783 934 3847 τῇ
966 3779 1134 3849 Σοφίᾳ
1185 3781 1511 3850 ὲθεμελίωσε
1569 3781 1668 3852 τὴν
1709 3782 1812 3849 γῆν
1848 3797 1862 3814 ο

301 3871 570 3939 ἡτοίμασε
599 3870 654 3922 δὲ
688 3870 973 3939 οὐρανοὺς,
1010 3873 1195 3938 φησὶν,
1243 3873 1301 3924 ὲν
1337 3875 1630 3943 φρονήσει·
1663 3873 1738 3936 ὡς
1774 3876 1864 3926 καὶ

301 3964 331 4013 6
382 3960 565 4024 Aa6‘t8,
614 3979 631 4010 «
675 3961 858 4012 Πάντα
905 3962 963 4011 ἐν
1021 3961 1190 4031 Σοφία
1239 3961 1520 4032 ἐποίησας,
1564 3981 1582 4014 ι
1619 3966 1862 4033 ἀνυμνεῗ.

301 4051 424 4102 Ὀτι
471 4051 528 4102 δὲ
582 4052 752 4103 τύπον
805 4049 899 4102 τοῦ
934 4050 1184 4118 ἀληθινοῦ
1220 4053 1395 4119 φωτὸς
1420 4052 1595 4122 Ἰησοῦ
1627 4052 1863 4123 Χριστοῦ

303 4143 562 4210 σημαίνει
592 4141 748 4194 τοῦτο
768 4143 827 4193 τὸ
852 4141 987 4209 φῶς,
1021 4141 1178 4207 δῆλον
1198 4157 1211 4170 °
1263 4143 1335 4205 ὠς
1370 4144 1619 4197 διακόνου
1659 4145 1866 4197 συλλει-

301 4235 659 4300 τουργοῦντος
718 4234 871 4301 ἱερεῖ,
925 4234 1286 4302 προσέρχεται
1329 4236 1476 4304 αύτῷ
1505 4253 1658 4299 ουτος
1702 4237 1735 4306 ἢ
1792 4237 1867 4305 τῷ

302 4325 552 4391 ἀρχιερεῖ
582 4322 1006 4390 λειτουργοῦν-ει.
1045 4326 1149 4376 Καὶ
1177 4325 1435 4394 λαμπάδα
1466 4329 1743 4392 ἀνάπτων,
1762 4329 1866 4397 πρὸ

297 4417 393 4466 τοῦ
417 4413 856 4485 ὲξε>.θείν,ίφησίν
873 4431 887 4446 ·
925 4433 942 4466 ι
980 4415 1304 4487 Εύλόγησον,
1334 4417 1589 4483 δέσποτα,
1607 4418 1665 4471 τὸ
1689 4419 1858 4488 φῶς.»

300 4505 410 4555 Kal.
435 4507 460 4555 6
484 4505 769 4571 ἀρχιερεὺς
796 4504 826 4572 ἢ
851 4509 876 4557 ὀ
906 4507 1106 4572 ίερεᾉς,
1145 4508 1387 4574 εὐλογῶν
1415 4508 1475 4561 τὸ
1511 4509 1647 4576 φῶς,
1675 4510 1860 4578 φησίν·

303 4615 323 4645 «
364 4594 483 4646 Ὅτι
505 4594 568 4646 σὺ
594 4596 641 4647 εί
663 4596 690 4647 6
720 4597 997 4664 φωτισμὸς
1029 4598 1207 4666 ήμῶν,
1239 4599 1440 4668 Χριστὲ
1471 4601 1500 4652 6
1531 4600 1661 4663 Θεὸς
1684 4601 1861 4670 ἡμῶν,

301 4687 556 4739 πάντοτε.
598 4704 616 4737 ι
651 4689 760 4740 Kal.
793 4687 934 4739 ούτω
971 4689 1075 4758 πρὸ
1117 4689 1218 4757 τῆς
1249 4691 1555 4760 Παροιμίας
1583 4694 1864 4764 ἐξέρχεται

299 4779 328 4828 6
356 4777 618 4839 διάκονος.
662 4779 817 4833 Μετὰ
862 4780 963 4850 τὴν
1019 4781 1182 4851 256
1225 4784 1530 4853 Παροιμίαν
1581 4787 1636 4839 δὲ
1700 4787 1864 4850 εὐθὺς

299 4867 561 4936 ψάλλεται
593 4871 674 4933 τὸ,
703 4888 722 4922 «
765 4871 1219 4943 Κατευθυνθήτω.
1254 4893 1270 4924 ι
1310 4877 1416 4928 Καὶ
1447 4878 1478 4944 ή
1515 4877 1675 4946 λοιπὴ
1721 4879 1864 4946 γίνε-

301 4974 392 5010 ται
420 4958 665 5028 συνήθως
686 4961 976 5015 ἀκολουθία
1007 4964 1115 5015 τῶν
1149 4966 1629 5036 προηγιασμένων,

847 5163 1094 5219 ΚΕΦΑΛ.
1127 5164 1299 5217 ΤΝΕ’.

303 5276 435 5329 Ὀτι
461 5274 557 5328 δεῖ
584 5275 952 5329 ὑποπίπτειν
978 5275 1169 5348 πῖ.ιέον
1201 5276 1354 5345 ἡμᾶς
1377 5277 1445 5330 ἐν
1481 5277 1556 5348 τῇ
1578 5277 1694 5332 τῶν
1726 5294 1865 5348 προσ

762 5346 1147 5414 ηγιασμένων
1173 5349 1412 5412 εἰσόδῳ.

377 5459 506 5511 Ὅτε
535 5459 626 5511 καὶ
656 5459 716 5510 ὲν
746 5460 809 5527 τῇ
834 5457 941 5512 τῶν
974 5459 1144 5525 ἁγίων
1172 5460 1362 5529 εξσζδῳ
1387 5461 1469 5513 δεῖ
1493 5461 1638 5530 ἡμᾶς
1665 5462 1866 5530 μᾶλλον

301 5551 651 5613 ὑποπίπτειν,
677 5550 751 5612 ὡς
782 5550 1182 5618 τετελεσμένων
1213 5551 1380 5605 ὄντων
1430 5552 1538 5604 τῶν
1580 5552 1740 5606 θείων
1767 5554 1868 5605 δὼ-

303 5659 436 5708 ρων,
469 5643 565 5707 καὶ
617 5641 781 5694 αὐτοῦ
809 5643 902 5694 τοῦ
943 5643 1196 5712 Σωτῆρος
1228 5643 1382 5710 ήμῶν
1439 5643 1652 5711 άληθῶς
1685 5646 1860 5706 ὄντος.

298 5731 441 5782 Δύτὸ
464 5731 571 5801 γάρ
592 5732 707 5784 ἔστι
741 5734 801 5784 τὸ
834 5733 1194 5802 κατεχόμενον
1243 5736 1300 5784 ἐν
1332 5733 1407 5802 τῷ
1440 5734 1627 5799 δίσκῳ,
1651 5736 1708 5786 τὸ
1735 5752 1863 5790 πάνυ

301 5824 456 5893 άγιον
496 5823 660 5888 αὑτοῦ
693 5826 850 5893 σῶμα
880 5827 1015 5894 μετὰ
1041 5825 1132 5878 τοῦ
1161 5825 1436 5882 θειοτάτου
1469 5826 1716 5896 αἵματος,

1968 3253 2129 3306 quam
2160 3237 2348 3290 dicunt
2372 3237 2723 3290 :cdilicavissc
2755 3237 2857 3290 sibi
2883 3238 3124 3296 domum,
3160 3251 3352 3298 nempe
3413 3248 3536 3287 san-

1969 3328 2270 3386 ctissimum
2309 3344 2511 3395 corpus
2544 3345 2721 3389 suum,
2753 3330 2803 3379 iu
2838 3343 2945 3396 quo
2978 3335 3185 3395 septem
3211 3327 3411 3380 excidit
3441 3341 3534 3379 co-

1968 3421 2219 3484 lumnas,
2251 3421 2430 3472 omnia
2467 3420 2672 3473 srilicet
2703 3418 2936 3488 Spiritus
2962 3419 3531 3479 cliarismata,nvciion

1974 3509 2194 3578 proprio
2245 3513 2495 3576 corporis
2536 3523 2672 3576 pane
2710 3519 2764 3560 et
2808 3507 3085 3575 sanguinis
3129 3509 3301 3560 calice
3347 3521 3534 3558 Otttuos

1975 3602 2184 3653 nutrire
2221 3599 2586 3665 omnibusque
2623 3599 2935 3665 propinare,
2966 3607 3020 3650 et
3048 3597 3224 3670 lumen
3245 3597 3530 3664 essequod

1969 3689 2211 3744 cwlesﬁa
2247 3699 2300 3742 et
2329 3680 2606 3743 terrestria
2641 3690 2931 3742 illuminat.
2967 3689 3109 3743 Deus
3140 3688 3282 3741 enim
3314 3689 3532 3753 sapieu-
3575 3697 3584 3707 '

1969 3780 2040 3833 tia
2081 3780 2326 3832 fundavit
2359 3788 2555 3831 terram
2587 3818 2602 3839 ,
2652 3779 2865 3846 inquit,
2905 3778 3072 3832 cmlos
3107 3793 3234 3832 vero
3273 3777 3535 3830 stabilivit

1968 3869 2271 3939 prudentia,
2295 3869 2744 3936 quemadmodum
2765 3881 2815 3922 et
2848 3869 3012 3922 David
3042 3869 3278 3922 cecinit:
3313 3867 3533 3923 «Omnia

1966 3961 2020 4014 in
2063 3961 2325 4028 sapientia
2356 3960 2553 4014 fecisti.
2604 3979 2621 4012 ι
2654 3960 2847 4024 Porro,
2888 3961 3148 4029 quoniam
3197 3968 3382 4028 typum
3423 3964 3532 4012 veri

1967 4053 2189 4107 luminis
2222 4051 2349 4107 Jesu
2382 4053 2580 4106 Christi
2615 4052 2887 4119 signiﬁcat
2941 4052 3032 4105 lux
3085 4052 3210 4116 ista,
3261 4051 3430 4119 liquet
3461 4067 3530 4106 ex

1966 4160 2029 4200 eo
2057 4143 2223 4212 quod,
2247 4143 2479 4198 diacono
2509 4159 2632 4196 cum
2667 4143 2950 4196 sacerdote
2980 4143 3141 4198 simul
3169 4144 3534 4204 ministrante,

1971 4235 2057 4289 hic
2101 4234 2166 4288 ad
2205 4251 2325 4289 eum
2358 4235 2440 4288 vel
2473 4234 2538 4289 ad
2574 4235 2885 4302 pontiﬁcem
2931 4235 3327 4287 ministrantem
3375 4251 3536 4288 acce-

1967 4327 2064 4389 dit,
2096 4333 2149 4380 et
2181 4329 2484 4379 accendens
2528 4325 2848 4394 lampadem,
2885 4326 3202 4392 priusquam
3245 4335 3423 4388 exeat,
3451 4326 3534 4379 di-

1968 4419 2042 4474 cit
2082 4430 2098 4470 :
2139 4417 2420 4481 «Benedic,
2453 4417 2694 4479 domine,
2731 4416 2960 4469 lucem.»
2984 4416 3051 4469 Et
3084 4415 3323 4483 pontifex
3344 4415 3425 4466 vel
3451 4430 3539 4466 sa-

1969 4510 2157 4565 cerdos
2180 4510 2351 4563 lucem
2377 4511 2699 4562 benedicens
2729 4509 2802 4560 ait
2834 4525 2846 4559 :
2888 4526 2906 4557 «
2940 4508 3204 4572 Quoniam
3239 4517 3291 4560 tu
3320 4522 3378 4559 es
3412 4506 3540 4559 illit-

1973 4600 2202 4654 minatio
2232 4609 2441 4662 nostra,
2478 4599 2691 4652 Christe
2728 4599 2869 4652 Deus
2901 4607 3084 4651 noster
3113 4598 3165 4650 in
3217 4598 3365 4651 omni
3399 4609 3539 4650 tem-

1969 4707 2154 4762 pore.»
2189 4690 2251 4745 Et
2276 4691 2353 4746 sic
2380 4699 2505 4744 ante
2526 4691 2807 4744 lectionem
2833 4688 3249 4742 Proverbiorum
3272 4688 3542 4756 egreditur

1971 4785 2283 4847 diaconus;
2330 4799 2432 4851 qua
2463 4783 2692 4836 lectione
2745 4783 2916 4843 facta,
2977 4782 3223 4848 protinus
3259 4791 3480 4836 cantant
3523 4799 3537 4839 :

1980 4892 1998 4924 «
2016 4875 2305 4939 Dirigatur.
2324 4892 2342 4925 ι
2380 4873 2442 4926 Et
2463 4874 2701 4942 reliquus
2727 4875 2793 4927 de
2813 4890 2961 4929 more
2986 4872 3043 4927 fit
3060 4875 3195 4929 ordo
3220 4871 3542 4927 Pnesancti-

1976 4968 2283 5020 licatorum.

2503 5167 2586 5220 CA
2602 5166 2682 5222 PU
2694 5164 2737 5220 T
2770 5165 3015 5221 CCCLV.

1975 5280 2126 5346 Quod
2150 5281 2271 5332 dum
2301 5279 2744 5345 pra’sanctiﬁcata
2784 5280 3099 5347 inferuntur,
3128 5282 3355 5347 amplius
3380 5283 3537 5336 etiam

2434 5350 2704 5416 procidere
2738 5366 2829 5402 uos
2860 5360 3080 5417 oportet.

2050 5465 2224 5515 Porro
2278 5462 2404 5514 dum
2461 5461 2903 5529 przesanctilicata
2947 5459 3276 5526 inferuntur,
3305 5463 3537 5530 amplius

1973 5555 2135 5607 etiam
2173 5568 2270 5606 nos
2316 5561 2529 5620 oportet
2578 5552 2879 5620 procidere,
2929 5555 3183 5620 quoniam
3221 5567 3536 5610 consecrata

1979 5658 2103 5697 siznt
2144 5644 2235 5696 Dei
2270 5649 2434 5702 (una,
2467 5643 2688 5711 ipseque
2718 5659 2839 5696 vere
2872 5646 3020 5696 adest
3059 5643 3310 5696 Salvator
3336 5655 3537 5706 noster;

1983 5751 2103 5786 nam
2135 5735 2276 5802 quod
2314 5734 2363 5784 in
2405 5744 2595 5800 patella
2632 5733 2862 5786 infertur
2916 5736 3044 5787 nihil
3080 5745 3159 5789 cst
3202 5737 3343 5789 aliud
3376 5753 3537 5805 quam

1969 5825 2378 5881 sanctissimum
2403 5825 2520 5893 ejus
2541 5841 2736 5896 co'pus
2760 5841 2880 5888 cum
2904 5827 2981 5880 dl\
2998 5827 3240 5882 iuiSsimo
3257 5831 3544 5898 sanguine.
