4208 6440
675 381 784 450 659

1545 382 1922 450 SYMEONIS
1941 343 2687 450 russsuomcsusrs
2727 343 3084 447 securae.

3824 387 3938 452 660

675 491 879 545 Verum
925 488 978 544 in
1033 489 1136 544 fine
1173 488 1349 546 Missae.
1399 488 1455 544 fit
1496 492 1673 546 oratio
1710 492 1849 546 dicta
1897 501 2019 562 past
2069 493 2251 549 ambo-
2280 502 2323 557 Α

2280 502 2323 557 Α
2355 495 2430 565 τῷ
2462 493 2606 550 τέλει
2631 494 2689 549 δὲ
2718 493 2819 564 τῆς
2858 491 3205 564 λειτουργίας
3241 493 3274 562 ή
3306 490 3730 563 ὀπιστάμσωνος
3769 496 3932 567 εὐχὴ,

678 595 828 646 nem,
862 589 1046 648 utpote
1081 595 1201 650 quae
1231 582 1664 637 misericordiam
1697 583 1935 649 invocat,
1971 584 2248 655 finemque

2347 587 2425 650 ὡς
2469 587 2717 655 licetur!)
2773 601 2832 636 τε
2869 587 2964 638 καὶ
2996 583 3306 655 ἀπολυτιιὴ
3342 586 3437 639 καὶ
3479 586 3742 656 δεήσεως.
3777 589 3931 657 εὐχο-

675 673 930 742 precibus
971 673 1236 743 imponit,
1266 674 1560 730 obsecrans
1591 686 1648 731 ut
1682 675 1962 732 videamus
2005 691 2250 732 resurre-

676 764 936 830 ctionem,
969 765 1165 834 bicque
1191 775 1245 820 et
1275 767 1348 821 ibi
1373 769 1838 837 congaudeamus.
1866 770 1953 824 Fit
1980 756 2161 824 autem
2192 770 2246 823 in

677 856 855 910 medio
900 857 1090 926 templi
1129 869 1250 928 post
1278 860 1562 916 ambonem
1598 870 1656 915 ut
1684 876 1876 917 omnes
1915 862 2142 917 audiant
2171 862 2248 916 si-

679 945 899 1014 mulque
935 949 1321 1015 deprecentur,
1351 959 1514 1020 atque
1560 949 1709 1003 velut
1743 949 1798 1005 in
1831 954 2135 1020 conspectu
2155 949 2248 1005 Dei

681 1050 777 1104 pro
815 1039 962 1091 omni
998 1038 1218 1107 populo.
1248 1041 1311 1094 Et
1341 1040 1421 1094 sic
1459 1041 1676 1107 impleta
1712 1042 1876 1099 missa
1899 1080 1915 1106 ,
1956 1041 2014 1095 fit
2043 1041 2246 1110 vigilia.

678 1126 851 1184 Porro
881 1129 1001 1185 vide
1030 1129 1194 1186 etiam
1223 1130 1469 1186 ordinem
1503 1131 1718 1204 vigiliae.

1189 1307 1420 1366 CAPUT
1457 1311 1724 1366 CCCLVI.

680 1421 758 1476 De
779 1421 960 1493 vigilia
983 1423 1036 1477 in
1058 1423 1233 1491 prima
1264 1425 1590 1479 hebdomade
1621 1442 1789 1480 sacra:
1810 1425 2246 1497 quadragesima.

747 1577 1008 1635 Oratione
1035 1590 1156 1651 post
1205 1581 1492 1637 ambonem
1546 1581 1689 1638 facta
1747 1585 1800 1638 in
1835 1584 2008 1654 prima
2040 1584 2242 1639 hebdo-

681 1672 859 1736 matla,
895 1672 1167 1728 benedicit
1189 1683 1469 1728 cautorem
1511 1675 1767 1729 sacerdos
1798 1686 1890 1728 aut
1929 1674 2172 1744 pontifex
2204 1675 2248 1729 si

679 1763 926 1829 adsit;ct
962 1765 1156 1818 statim
1193 1766 1371 1834 psallit
1403 1776 1592 1820 cantor
1622 1783 1636 1820 :
1678 1767 1812 1831 «Qui
1847 1767 2053 1820 habitat
2084 1767 2138 1819 in
2159 1766 2252 1818 ad-

2354 680 2490 748 μὲνη
2512 677 2664 748 ἡμᾶς
2696 677 2824 730 ἰδεῖν
2857 678 2957 748 τὴν
3013 676 3315 730 ἀνάστασιν
3353 676 3590 731 ἐνταῦθα
3622 681 3936 749 πανηγυρί-

2353 786 2444 823 σαι
2475 769 2638 822 κάκεῖ
2660 784 2674 799 ·
2711 767 2941 821 ὄπισθεν
2968 768 3025 822 δὲ
3049 766 3142 822 τοῦ
3165 767 3420 837 ἀμϐωνος
3451 768 3619 838 μέσον
3647 768 3746 824 τοῦ
3776 770 3934 833 ναοῦ.

2352 859 2429 924 ὡς
2459 858 2771 928 ἀκροᾶσθαι
2831 858 3052 920 πάντας
3087 858 3184 911 καὶ
3227 858 3405 928 τούτῳ
3434 860 3820 930 συνεύχεσθαι,
3843 862 3936 913 sui.

2352 950 2430 1014 ὡς
2487 948 2718 1004 ἐνώπιον
2784 949 2878 1003 τοῦ
2947 941 3086 1004 θεοῦ
3149 950 3291 1021 ὑπὲρ
3361 949 3565 1014 παντὸς
3623 950 3723 1003 τοῦ
3771 952 3930 1005 λαοῦ.

2353 1036 2464 1091 Kal.
2520 1037 2669 1091 οὕτω
2720 1040 2820 1108 τῆς
2871 1039 3218 1107 λειτουργίας
3272 1037 3647 1107 τελεσθείσης,
3713 1042 3748 1110 ἡ
3797 1058 3936 1095 παν-

2353 1126 2509 1193 νυχὶς
2559 1127 2791 1193 γίνεται.
2845 1127 2989 1199 Ὅρα
3017 1128 3074 1182 δὲ
3113 1129 3208 1181 καὶ
3259 1128 3360 1200 τὴν
3404 1128 3561 1193 τάξιν
3591 1129 3690 1200 τῆς
3718 1146 3930 1184 παννυ-

2353 1219 2498 1289 χίδος
2510 1257 2526 1272 .

2886 1313 3142 1400 κειιξΛΑ.
3173 1313 3363 1380 τΝςο.

2353 1429 2492 1493 Περι
2540 1443 2650 1493 της
2685 1427 3068 1494 παννυχίδος
3118 1429 3272 1482 κατὰ
3314 1427 3434 1494 τὴν
3480 1427 3725 1495 πρώτην
3771 1428 3936 1482 ἐϐδο-

2585 1495 2750 1563 μάδα
2772 1497 2886 1563 τῆς
2929 1498 3107 1564 ἁγίας
3160 1497 3691 1566 Τεσσαρακοστῆς.

2427 1587 2590 1641 Μετὰ
2621 1585 2722 1655 τὴν
2749 1585 3173 1656 ὀπιστάμὸωνον
3209 1589 3378 1657 εὐχὴν
3400 1589 3544 1640 κατὰ
3573 1589 3673 1658 τὴν
3707 1589 3936 1658 πρώτην

2361 1677 2648 1745 ἑϐδομάδα
2681 1677 2897 1746 εὐλογεῖ
2929 1679 3020 1730 τὸν
3051 1678 3263 1747 ψάλτην
3310 1681 3342 1731 6
3373 1678 3576 1747 ἱερεύς.
3608 1681 3669 1732 El
3711 1680 3768 1732 δὲ
3796 1681 3939 1748 πάρ-

2355 1770 2547 1821 εστινὸ
2571 1769 2886 1839 ἀρχιερεὺς,
2917 1769 3100 1831 αὑτός.
3137 1772 3245 1822 Καὶ
3298 1769 3492 1838 ψάλλει
3527 1773 3555 1823 6
3586 1770 3798 1839 ψάλτης
3851 1772 3934 1821 εὖ·

678 1858 939 1923 jutorio.»
979 1856 1250 1912 Sacerdos
1282 1874 1432 1924 vero,
1464 1860 1710 1914 oratione
1738 1860 1901 1924 dicta,
1930 1861 1982 1913 in
2009 1859 2257 1912 taberna-
2289 1837 2330 1891 Β

2289 1837 2330 1891 Β
2359 1859 2455 1921 θϋς
2484 1859 2563 1923 τὸ,
2596 1837 2620 1910 «7
2666 1837 2749 1912 Ὀ-
2780 1860 3056 1913 κατοικῶν
3089 1862 3145 1913 ἐν
3189 1837 3437 1930 βοηθείᾳ.
3478 1879 3495 1911 ι
3556 1861 3618 1914 '0
3653 1862 3706 1913 δὲ
3756 1837 3934 1930 ίερεῦς

680 1948 803 2003 culo
821 1959 1007 2005 sancta
1035 1951 1241 2020 reponit
1268 1969 1282 2019 ;
1313 1967 1498 2007 verum
1517 1953 1581 2006 ad
1612 1952 1825 2007 «Gloria
1849 1962 1902 2007 et
1928 1967 2099 2006 nunc»
2130 1949 2256 2004 facit

682 2042 1055 2110 coniunctam,
1076 2053 1128 2097 et
1152 2043 1380 2100 clamat:
1404 2045 1700 2110 «Quoniam
1723 2054 1772 2098 te
1789 2045 1964 2107 decet,
1993 2064 2010 2094 »
2032 2053 2255 2096 cantor—

682 2146 787 2200 que
817 2132 1045 2200 primam
1077 2132 1210 2186 dicit
1237 2132 1584 2200 antipbonam
1612 2147 1626 2182 :
1663 2132 1771 2187 «Ad
1796 2131 2107 2188 Dominum,
2132 2142 2254 2181 cum

685 2224 995 2288 nibularer,
1031 2225 1323 2288 clamavi,»
1378 2239 1503 2279 cum
1551 2223 1873 2291 interposito
1920 2221 2193 2274 versiculo
2238 2237 2251 2272 :

692 2315 1054 2380 «Misericors,
1101 2315 1383 2372 Domine.»
1413 2317 1473 2371 Et
1504 2331 1626 2370 cum
1654 2330 1718 2369 eo
1748 2316 2050 2384 psalluntur
2073 2329 2257 2370 versus

683 2411 752 2464 ab
769 2419 999 2478 utroque
1013 2410 1182 2466 eboro
1197 2411 1284 2478 qui
1300 2410 1402 2464 diei
1427 2409 1775 2463 conveniunt.
1795 2407 2057 2462 Sacerdos
2077 2417 2255 2460 autem

686 2503 812 2556 «licit
841 2503 1138 2555 orationem
1159 2501 1688 2568 prirnzeantipbnnre.
1717 2501 1779 2553 At
1810 2509 1919 2567 past
1966 2498 2186 2553 «Gloria
2205 2506 2262 2551 et

687 2607 885 2658 nunc,»
913 2607 975 2647 ac
995 2590 1326 2660 «Egregiam,
1343 2610 1363 2643 »
1394 2592 1588 2646 iterum
1609 2591 1865 2647 sacerdos
1890 2605 2104 2661 parvam
2129 2588 2260 2644 facit

686 2687 1056 2755 conjunctam,
1095 2697 1150 2738 et
1180 2686 1449 2741 exclamat
1487 2703 1499 2740 :
1547 2685 1853 2749 «Quoniam
1889 2684 2263 2738 sanctificatur

686 2794 739 2832 vl
768 2779 1208 2849 gluriflcatur.»Et
1236 2780 1458 2832 sinister
1487 2777 1684 2832 chorus
1720 2776 2017 2849 secundam
2072 2783 2259 2830 cantat

689 2874 1072 2942 autipbonam:
1105 2873 1212 2924 «Ad
1240 2848 2254 2935 te,Domine.levavianimam‘meam,»

2361 1950 2536 2004 είττὼν
2570 1951 2672 2020 τὴν
2725 1949 2913 2021 εὐχὴν,
2965 1953 3022 2003 ὲν
3063 1951 3140 2019 τῷ
3178 1953 3601 2022 σκευοφυλακίῳ
3647 1955 3933 2006 συστέλλει

2359 2044 2427 2100 τὰ
2454 2042 2641 2110 Ἅγια.
2675 2043 2768 2106 El;
2792 2042 2851 2095 δι
2879 2043 2958 2105 τὸ,
3001 2061 3019 2094 «
3051 2042 3186 2106 Δόξα
3217 2043 3312 2094 καὶ
3345 2043 3493 2105 νῦν,ι
3527 2048 3764 2097 ποιεῖται
3801 2062 3935 2096 συν·

2361 2135 2561 2204 απτήν.
2631 2135 2742 2187 Καὶ
2798 2135 3052 2203 ὲκφωνεί,
3103 2154 3120 2184 ‹
3171 2136 3295 2186 Ὅτι
3330 2136 3530 2202 πρέπει
3581 2153 3688 2198 σοι,
3725 2155 3743 2187 »
3786 2140 3877 2191 καὶ
3912 2139 3940 2188 6

2359 2226 2572 2294 ψάλτης
2596 2229 2656 2278 τὸ
2691 2227 2910 2296 πρῶτον
2931 2226 3256 2293 ἀντίφωνον,
3288 2245 3306 2277 r
3358 2228 3498 2297 Πρὸς
3525 2229 3732 2298 Κύριον
3761 2232 3817 2280 ἑν
3863 2231 3939 2297 τῷ

2363 2319 2648 2372 θλίϐεσθαί
2686 2336 2777 2388 με,
2818 2337 2835 2370 »
2867 2320 3004 2386 μετὰ
3039 2319 3393 2389 ὑποψάλμου,
3436 2339 3454 2371 «
3504 2319 3592 2382 Ὧς
3640 2322 3941 2388 οἰκτίρμων

2363 2411 2556 2478 Κύριε.
2596 2427 2614 2461 »
2657 2411 2768 2464 Kal
2798 2409 3090 2478 ψάλλονται
3117 2412 3164 2461 οἱ
3199 2410 3374 2478 στίχοι
3399 2411 3496 2463 σὺν
3511 2410 3688 2480 τούτῳ
3728 2411 3788 2474 ἐξ
3812 2412 3940 2462 ἑκα-

2359 2505 2520 2573 τέρου
2584 2501 2766 2572 χορεῦ,
2825 2503 2873 2553 oi
2920 2502 3060 2553 κατά
3094 2501 3183 2553 τὸν
3227 2501 3419 2570 καιρὸν
3467 2501 3567 2569 τῆς
3605 2503 3840 2570 ἡμέρας.
3885 2502 3942 2554 Ὀ

2359 2595 2416 2647 δὲ
2451 2594 2629 2664 ἱερεὺς
2657 2594 2803 2660 λέγει
2838 2593 2937 2664 τὴν
2993 2594 3158 2663 εὐχὴν
3183 2594 3278 2646 τοῦ
3329 2593 3552 2664 πρώτου
3607 2596 3938 2660 ἀντιφὼνου.

2362 2684 2517 2738 Μετὰ
2535 2684 2593 2736 δὲ
2628 2683 2710 2744 τὸ,
2746 2702 2763 2733 «
2805 2683 2941 2747 Δόξα
2991 2687 3086 2737 καὶ
3123 2685 3239 2748 νῦν,
3274 2703 3290 2734 »
3337 2685 3431 2737 καὶ
3488 2686 3590 2753 τὴν
3651 2686 3942 2755 περισσὴν,

2366 2776 2533 2829 πάλιν
2554 2778 2581 2829 6
2623 2777 2803 2846 ἱερεὺς
2831 2777 3036 2846 μικρὰν
3092 2778 3239 2830 ποιεί
3270 2777 3577 2846 συναπτὴν,
3637 2779 3730 2828 καὶ
3757 2779 3943 2844 ἐκφω-

2365 2869 2465 2930 νεῖ,
2503 2885 2522 2919 «
2563 2868 2974 2937 Ὀτιήγίασται
3007 2868 3103 2920 καὶ
3158 2867 3497 2934 δεδόξασται.
3540 2887 3558 2919 »
3610 2869 3721 2921 Kal.
3763 2871 3792 2920 6
3817 2870 3943 2938 ἀρι-

690 2980 813 3018 rum
870 2978 1028 3020 versu
1096 2963 1462 3031 interpolato:
1500 2978 1516 3010 «
1553 2959 1960 3013 Miserationum
2024 2967 2287 3036 portam.»

2282 2976 2287 3000 >
2366 2958 2554 3030 στερὸς
2614 2961 2772 3030 χορὸς
2818 2960 2881 3012 τὸ
2932 2959 3188 3029 δεύτερον
3228 2961 3551 3028 ἀντίφωνον,
3592 2979 3610 3012 «
3659 2960 3803 3028 Πρὸς
3861 2961 3944 3026 σὲ,

694 3057 860 3112 Dictis
930 3063 1110 3108 autem
1185 3071 1306 3107 cum
1363 3067 1430 3107 eo
1497 3052 1765 3112 versibus,
1822 3050 2082 3104 sacerdos
2138 3064 2262 3103 ora-

2365 3051 2562 3120 Κύριε,
2603 3047 2716 3121 ἦρα
2761 3051 2860 3122 τὴν
2912 3052 3093 3122 ψυχήν
3162 3069 3285 3120 μου,
3321 3071 3339 3102 »
3398 3054 3538 3122 μετὰ
3596 3054 3945 3122 ὑποψάὶμου,

694 3148 900 3199 tionem
941 3145 1073 3197 dicit
1113 3145 1367 3196 secunda:
1394 3141 1704 3211 antipbonzr
1735 3156 1748 3193 :
1786 3139 1910 3204 «'l‘e,
1936 3140 2026 3200 lux
2060 3147 2260 3192 aeterna
2285 3176 2334 3240 ε

2285 3176 2334 3240 C
2372 3163 2391 3197 «
2433 3146 2547 3214 Τῆς
2594 3146 3002 3214 εὐσπλαγχνίας
3054 3146 3155 3215 τὴν
3196 3143 3398 3215 πύλην.
3441 3165 3460 3196 »
3523 3145 3855 3213 Λεγομένων
3889 3146 3945 3198 δὲ

693 3254 755 3293 ac
785 3239 902 3294 sine
923 3252 1200 3306 vespere,»
1228 3237 1361 3289 alias
1384 3234 1657 3288 veroduus
1679 3233 1918 3302 adiungit
1947 3233 2258 3286 Orationes:

699 3349 717 3379 «
757 3329 860 3395 Qui
911 3329 1126 3396 vigilem
1171 3336 1226 3379 et
1275 3325 1669 3378 indeflcientenr
1720 3324 2119 3390 doxologiam,»
2159 3332 2260 3384 et;

697 3439 717 3473 «
759 3419 978 3474 Domine
1022 3417 1368 3487 omnipotens
1422 3414 2008 3485 incomprehensibilis.
2076 3432 2094 3463 »
2170 3411 2262 3466 liae

693 3521 822 3565 sunt
873 3509 1170 3579 przrsertim
1230 3507 1510 3561 mirabi‘es
1574 3506 1773 3574 vigilias
1826 3519 2034 3573 preces.
2091 3503 2263 3558 Porro

695 3615 813 3672 post
842 3600 1055 3658 «Gloria
1075 3608 1128 3652 et
1157 3613 1354 3664 nunc,»
1383 3607 1434 3650 et
1463 3596 1829 3664 «Egregiam,»
1860 3598 2114 3650 sacerdos
2139 3596 2265 3649 facit

694 3711 914 3766 parvam
945 3691 1315 3759 coniunctam.
1349 3689 1412 3744 Et
1428 3691 1660 3745 clamat:
1693 3687 1992 3753 «Quoniam
2029 3687 2257 3748 bonus;»

692 3797 748 3841 et
776 3785 934 3838 tertio
965 3783 1212 3852 psallitur
1243 3781 1534 3850 antipbona
1563 3797 1577 3832 :
1623 3777 1900 3834 «Lmtatus
1941 3794 2059 3833 sum
2095 3780 2148 3832 in
2181 3780 2264 3833 bis

694 3891 814 3943 qua!
840 3875 983 3928 dicta
1007 3880 1134 3927 sunt
1169 3871 1352 3933 milii,»
1384 3885 1509 3923 cum
1537 3868 1623 3922 bis
1655 3885 1667 3919 :
1715 3867 2004 3922 «Miserere
2052 3869 2260 3932 nostri,

699 3967 945 4030 llurnine,
979 3964 1239 4018 miserere
1259 3961 1453 4015 nostri.
1495 3979 1513 4012 »
1552 3959 1777 4025 Quando
1803 3961 2059 4014 sacerdos
2088 3968 2265 4028 portat

700 4056 1002 4128 lampadem
1031 4068 1316 4110 accensam
1335 4060 1387 4105 et
1417 4051 1782 4116 tburibulum,
1818 4052 1990 4120 primo
2019 4051 2267 4105 incensat

699 4151 894 4211 altare,
916 4145 1114 4202 deinde
1143 4144 1278 4198 foris
1307 4142 1567 4211 templum
1594 4153 1645 4196 et
1675 4142 1932 4212 populum
1964 4143 2266 4196 secundum

702 4242 983 4309 antiquam
1025 4234 1510 4293 consuetudinem.
1549 4232 1657 4287 Sed
1706 4233 1750 4286 si
1807 4219 2067 4288 diaconus
2100 4235 2266 4297 alsit,

702 4337 820 4403 ipse
844 4346 1066 4387 sumens
1086 4328 1387 4399 lampadem
1417 4326 1688 4381 sacerdoti
1718 4325 1890 4395 praeit.
1920 4324 2114 4378 Verum
2142 4335 2269 4395 post

709 4425 924 4480 «Gloria
942 4432 993 4477 et
1020 4436 1221 4485 nunc,»
1247 4435 1351 4472 non
1375 4420 1574 4474 dicitur
1601 4417 1877 4487 «Egregia,
1894 4435 1913 4468 »
1941 4417 2032 4470 sed
2056 4426 2267 4471 tantum

2365 3235 2476 3288 τῶν
2507 3235 2706 3304 στίχων
2739 3235 2836 3287 σὺν
2869 3235 3068 3305 τούτῳ,
3121 3238 3149 3286 6
3190 3236 3374 3304 ἱερεὺς
3428 3235 3529 3306 τὴν
3583 3237 3752 3305 εὐχὴν
3795 3238 3948 3304 λέγει

2365 3326 2460 3378 τοῦ
2486 3325 2739 3394 δευτέρου
2769 3325 3095 3392 ἀντιφώνου,
3130 3342 3147 3375 «
3184 3325 3250 3377 Σὲ
3283 3325 3347 3376 τὸ
3369 3325 3541 3378 ἀΐδιον
3571 3328 3666 3378 καὶ
3709 3328 3950 3378 ἁνὲσπε-

2324 3461 2331 3467 .
2369 3436 2461 3489 ρον
2489 3418 2626 3486 φῶς.
2669 3437 2686 3466 »
2713 3417 3108 3470 Ἐπισυνάπτει
3141 3416 3198 3469 δὶ
3225 3417 3320 3469 καί⁵
3366 3418 3464 3479 τὰς
3491 3418 3660 3478 ἄλλας
3713 3417 3810 3470 δύο
3854 3419 3949 3469 εὑ-

2366 3512 2487 3579 χὰς,
2527 3527 2546 3559 «
2597 3509 2657 3561 '0
2686 3508 2788 3578 τὴν
2828 3508 3036 3560 ἄῡπνον
3083 3507 3179 3559 καὶ
3209 3507 3500 3560 ἄπαυστον
3529 3495 3865 3572 δοξοὶίογίαν,
3923 3524 3943 3557 »

2367 3601 2463 3654 καὶ
2513 3601 2595 3660 τδ,
2649 3619 2666 3650 «
2715 3599 2960 3652 Δέσποτα
3010 3597 3392 3665 παντοκράτορ
3461 3597 3854 3666 ἀκατάληπτα.
3923 3615 3944 3650 »

2412 3686 2615 3748 ὗταιδὲ
2655 3689 2958 3760 θαυμάσιαί
3012 3689 3157 3750 τινές
3218 3691 3358 3741 εἶσιν
3409 3687 3703 3758 ἐξαιρέτως
3735 3688 3796 3740 αι
3845 3688 3950 3757 τῆς

2369 3785 2691 3854 παννυχίδος
2746 3783 2925 3852 εὐχαί,
2982 3782 3140 3835 Μετᾶ
3167 3781 3225 3833 δὲ
3264 3782 3350 3842 τὸ,
3386 3798 3405 3831 «
3438 3781 3574 3842 Δόξα
3603 3782 3703 3832 καὶ
3748 3779 3867 3840 νῦν,
3919 3798 3937 3829 »

2368 3876 2609 3943 xatthv
2670 3873 2960 3943 περισσὴν,
2990 3872 3021 3923 6
3071 3873 3253 3942 ἱερεὺς
3286 3872 3526 3923 ποιεῖται
3576 3869 3784 3939 μικρὰν
3817 3887 3947 3922 συν-

2367 3967 2568 4036 απτήν.
2625 3967 2732 4018 Καὶ
2765 3966 3023 4033 ὲκφωνεί,
3063 3982 3081 4013 «
3124 3962 3248 4016 Ὀτι
3279 3963 3507 4030 ἀγαθός.
3540 3979 3559 4013 »
3594 3963 3701 4013 Kal
3737 3962 3801 4013 τὸ
3829 3961 3946 4031 τρίο

2368 4074 2461 4110 τον
2513 4056 2817 4124 ἀντίφωνον
2847 4051 3133 4123 ψάλλεται,
3167 4072 3185 4106 «
3223 4051 3551 4123 Εὑφράνθην
3599 4052 3700 4104 ἐπὶ
3727 4055 3840 4114 τοίς
3861 4053 3945 4105 εί-

2373 4147 2569 4220 ρηκόσι
2618 4163 2731 4214 μοι,
2763 4163 2781 4197 »
2826 4144 2966 4215 μετὰ
3009 4143 3127 4206 τοῦ,
3164 4160 3184 4194 «
3217 4142 3476 4213 Ἐλέησον
3518 4143 3694 4210 ἡμᾶς,
3743 4142 3946 4211 Κύριε,

2369 4237 2595 4306 uinco»:
2624 4236 2795 4307 ἡμᾶς.
2834 4253 2854 4286 »
2882 4235 3012 4288 Ὅτε
3051 4234 3148 4287 καὶ
3167 4234 3196 4286 6
3231 4233 3415 4300 lapsi»;
3435 4232 3658 4304 κρατῶν
3685 4235 3946 4302 ἡμμένην

2370 4328 2631 4398 λαμπάδα
2662 4329 2758 4380 καὶ
2787 4326 3175 4396 θυμιατήριον,
3208 4325 3380 4394 θυμιᾷ
3403 4324 3623 4394 πρῶτον
3654 4324 3719 4376 τὸ
3754 4325 3946 4376 Buma-

2374 4423 2633 4490 στήριονο
2686 4419 2883 4472 ἔπειτα
2936 4418 3041 4484 ἔξω
3101 4417 3195 4470 τὸν
3259 4417 3387 4470 ναὸν
3415 4416 3514 4469 καὶ
3562 4416 3657 4469 τὸν
3689 4417 3822 4469 λαὸν
3871 4417 3949 4478 ὡς

705 4516 830 4569 tlnls
851 4513 1138 4569 versiculi:
1173 4510 1451 4574 «Domine,
1471 4510 1724 4562 miserere
1744 4508 1972 4563 nostri.»
2000 4508 2062 4562 Et
2083 4509 2268 4562 statim
2299 4521 2350 4583 ι)

2299 4521 2350 4583 ι)
2376 4512 2498 4575 ἔθος
2529 4512 2781 4583 ἀρχαῖον.
2808 4511 2870 4563 Ei
2911 4509 2969 4562 δὲ
2998 4509 3250 4571 διάκονός
3281 4509 3453 4572 ἐστιν,
3484 4508 3650 4569 αὐτὸς
3697 4507 3948 4575 κατέχων

705 4617 898 4667 cantor
928 4604 1067 4658 addit
1091 4603 1353 4674 psalmum
1379 4599 1888 4669 quinquagesimum
1932 4614 1946 4652 :
1987 4597 2275 4653 «Miserere

713 4697 843 4761 mei,
873 4693 1068 4757 Deus,»
1105 4708 1196 4762 per
1220 4690 1462 4759 singulos
1487 4703 1674 4743 versus
1693 4689 1878 4742 dicens
1912 4703 1926 4745 :
1962 4686 2278 4742 «Miserator

711 4789 969 4852 Domine,
997 4789 1253 4840 miserere
1287 4786 1511 4843 nostri,»
1576 4793 1629 4834 et
1663 4780 1910 4850 psallitur
1949 4781 2017 4834 ab
2045 4789 2278 4849 utroque

709 4883 878 4935 choro
903 4879 1114 4949 psalinu
1167 4886 1309 4930 tctus
1339 4873 1547 4928 «Gloria
1580 4881 1633 4928 et
1656 4887 1856 4934 nunc,»
1885 4884 1937 4928 et
1957 4871 2269 4943 «Egregia.»

711 4972 890 5025 Cense
935 4969 1100 5037 igitur
1133 4966 1370 5036 psalmos
1406 4972 1656 5020 cantatas
1689 4975 1853 5033 atque
1889 4979 2011 5018 cum
2047 4964 2128 5017 eis
2159 4977 2279 5014 ver-

719 5060 943 5123 siculos,
979 5067 1030 5113 et
1071 5069 1181 5113 tres
1211 5073 1331 5112 esse
1366 5058 1628 5118 invenies.
1660 5064 1771 5110 tres
1797 5055 1940 5110 enim
1972 5064 2103 5108 sunt
2137 5055 2279 5107 anti-

723 5155 942 5223 pbonae,
973 5163 1188 5220 tresque
1227 5151 1480 5204 versiculi
1520 5159 1736 5217 propter
1782 5148 2112 5201 adorari-dam
2152 5146 2277 5200 Tri-

723 5247 948 5298 nitatem
999 5243 1086 5297 cui
1131 5241 1461 5298 offeruntur.
1517 5241 1716 5295 Deinde
1756 5239 2064 5308 comperies
2103 5239 2158 5292 in
2196 5239 2280 5294 bis

717 5335 995 5391 abundare
1015 5334 1182 5388 Irumil
1208 5341 1614 5398 tatem.necnon
1641 5329 2035 5389 confessionem
2057 5339 2110 5384 et
2132 5345 2286 5386 con»-

722 5429 1096 5498 punctionem,
1140 5436 1193 5480 et
1220 5426 1452 5495 denique
1474 5427 1722 5478 ultimum
1755 5423 2050 5492 psalmum,
2088 5437 2283 5492 nempe

721 5521 1228 5590 quinquagesimum
1263 5533 1386 5571 cum
1432 5517 1738 5571 versiculo:
1787 5533 1807 5566 «
1848 5515 2092 5578 Domine,
2122 5517 2284 5570 mise-

723 5629 862 5677 rere,
881 5633 898 5665 »
930 5615 980 5666 in
1001 5611 1421 5681 compunctione
1446 5611 1612 5664 Deum
1628 5607 2134 5661 admisericordiam
2155 5624 2283 5675 pro-

724 5723 930 5760 vocare.
954 5704 1143 5757 Pustea
1166 5705 1426 5758 diaconus
1451 5721 1462 5755 :
1493 5725 1508 5753 «
1526 5705 1808 5756 Dominum
1835 5703 2192 5768 deprecemur
2228 5719 2273 5765 ;»

723 5797 980 5849 ωυρμ]ος
1006 5810 1166 5848 vero;
1211 5794 1504 5858 «Quoniam
1526 5802 1747 5847 Sanctus
1767 5807 1823 5844 rs
1846 5807 1887 5854 ;»
1912 5800 1963 5845 et
1994 5801 2280 5844 cantatur:

2377 4605 2479 4676 τὴν
2508 4603 2792 4673 λαμπάδα,
2817 4601 2912 4654 τοῦ
2968 4601 3160 4672 ἱερέως
3199 4599 3634 4670 προπορεύεται.
3698 4600 3853 4651 Μετά
3889 4599 3948 4649 δὲ

2377 4696 2459 4759 τὸ,
2501 4713 2520 4746 «
2555 4694 2692 4758 Δόξα
2724 4694 2816 4745 καὶ
2838 4691 2955 4754 νῦν,
2995 4710 3014 4742 »
3067 4692 3303 4759 περισσὴ
3324 4690 3386 4742 οὐ
3416 4689 3676 4754 λέγεται,
3715 4687 3857 4741 ἀλλὰ
3887 4687 3951 4738 τὸ

2377 4788 2528 4850 τέλος
2553 4785 2648 4838 τοῦ
2664 4783 2965 4856 τροπαρίου
2985 4782 3168 4853 μόνον,
3203 4799 3222 4833 «
3252 4781 3448 4850 Κύριε,
3473 4780 3697 4847 ἐλέησον
3721 4781 3888 4848 ἡμᾶς.
3920 4796 3940 4829 »

2381 4880 2492 4931 Kal.
2551 4877 2715 4937 εὐθὺς
2763 4874 2791 4926 6
2833 4873 3044 4942 ψάλτης
3106 4874 3361 4941 ἐπιφέρει
3435 4871 3532 4924 τὸν
3583 4868 3954 4938 πεντηκοστὸν

2380 4967 2629 5036 Ψαλμὸν,
2661 4965 2744 5029 τὸ,
2787 4983 2804 5016 «
2847 4963 3105 5030 Ἐλέησον
3144 4979 3235 5031 με,
3262 4964 3292 5015 6
3317 4961 3471 5025 Θεὸς,
3523 4980 3542 5011 »
3599 4963 3744 5014 κατά
3769 4961 3954 5028 στίχον

2381 5059 2579 5126 λέγων,
2624 5076 2642 5109 «
2706 5057 2990 5126 Ἐλεήμων
3046 5057 3245 5124 Κύριε,
3305 5053 3530 5121 ἐλέησον
3582 5055 3752 5123 ἡμᾶς,
3793 5071 3811 5103 »
3860 5055 3952 5103 κιὶ

2381 5147 2646 5216 ψάλλεται
2678 5148 2807 5215 παρ’
2835 5146 3112 5215 ἑκατέρων
3127 5145 3234 5196 τῶν
3261 5160 3438 5213 χορων
3472 5147 3498 5195 6
3517 5144 3751 5212 Ψλλμὸς
3773 5143 3945 5208 iur,

2391 5258 2408 5288 «
2445 5239 2584 5304 Δόξα
2609 5239 2700 5289 καὶ
2729 5236 2845 5296 νῦν.
2884 5255 2902 5287 »
2942 5237 3038 5288 καὶ
3067 5236 3334 5305 περισσή.
3391 5236 3747 5302 Κατανόησον
3776 5235 3956 5286 τοίνυν

2385 5329 2514 5392 τούς
2552 5346 2612 5382 τε
2650 5328 2945 5397 ὰδομένους
3001 5327 3292 5397 Ψαλμοὺς,
3343 5327 3442 5378 καὶ
3509 5326 3608 5379 σὺν
3654 5327 3838 5388 αὐτοῖς
3887 5331 3958 5378 τὰ

2386 5423 2664 5493 τροπάρια
2694 5437 2709 5451 ·
2748 5423 2840 5474 καὶ
2865 5422 3123 5489 εὑρήσεις
3160 5421 3263 5488 μὲν
3285 5419 3524 5487 τρισσῶς
3555 5419 3810 5488 κείμενα,
3831 5420 3959 5486 τρία

2389 5517 2498 5585 γάρ
2549 5515 2690 5565 εἰσιν
2743 5511 3045 5579 ἀντίφωνα,
3089 5509 3185 5563 καὶ
3233 5510 3360 5578 τρία
3401 5508 3700 5578 τροπὰρια,
3727 5509 3817 5561 διὰ
3860 5507 3960 5576 τὴν

2389 5607 2558 5674 τιμὴν
2589 5606 2684 5667 τῆς
2709 5604 2965 5673 Τριάδος,
2994 5604 3087 5655 καὶ
3118 5603 3194 5663 ὡς
3235 5602 3380 5670 πρὸς
3424 5601 3632 5668 ταύτην
3693 5601 3960 5668 ἀναφερό-

2394 5714 2552 5766 μενα.
2593 5690 2722 5746 Είῑα
2742 5695 2834 5746 καὶ
2867 5693 3051 5761 πλήρη
3077 5693 3464 5754 ταπεινώσεως
3511 5689 3960 5758 ὲξομολογήσεώς

2390 5807 2446 5841 τε
2490 5789 2579 5840 καὶ
2615 5785 2983 5848 κατανύξεως.
3044 5785 3150 5836 Καὶ
3202 5783 3290 5834 τὶν
3337 5782 3648 5834 τελευταῖον
3683 5781 3737 5836 δὲ
3789 5780 3962 5835 πάλιν
