4208 6440
685 377 788 437 667

686 593 911 631 rursum
974 577 1175 633 deinde
1243 581 1296 631 in
1356 579 1647 647 prztlieata
1711 580 1938 649 Deipara
1976 621 1991 643 ,
2058 592 2266 637 necnon

685 669 866 740 agnita
903 670 1289 723 incarnatione
1329 669 1512 735 Verhi,
1576 671 1804 741 ipsaque
1852 671 1944 724 Dei
2003 670 2269 738 genitrice

684 764 742 816 in
771 763 1030 816 auxilium
1061 763 1335 823 invocata.
1362 780 1558 836 magna
1587 773 1764 832 potest
1792 779 1844 820 et
1870 782 1897 817 a
1933 765 2123 816 multis
2157 779 2269 816 ma-

689 853 755 906 lis
785 854 950 912 eruit.
1000 868 1094 906 seu
1126 856 1308 922 potius
1345 856 1413 909 ab
1465 859 1741 920 omnibus,
1772 867 1825 908 et
1877 857 2135 910 omnibus
2179 872 2264 906 re-

691 946 798 1012 plet
823 944 982 997 bonis
1013 959 1078 998 ac
1129 947 1307 999 salvat
1369 949 1661 1000 continuo.
1696 946 2048 1014 Quapropter
2077 947 2160 999 die
2204 961 2266 1001 ac

685 1046 846 1090 nocte
875 1045 1041 1105 atque
1078 1036 1189 1091 fere
1217 1039 1268 1091 in
1310 1039 1461 1092 omni
1520 1039 1651 1091 hora
1713 1037 1862 1092 istud
1900 1055 2000 1092 nos
2048 1049 2267 1106 oportet

683 1129 889 1195 facere,
923 1146 1251 1198 semperque
1285 1135 1383 1183 has
1413 1146 1574 1185 Voces
1608 1132 1870 1187 clamare.
1904 1147 2115 1186 necnon
2149 1148 2265 1184 tua-

682 1239 715 1290 ρ
742 1221 942 1278 .ilicare
973 1223 1296 1276 Trinitatem
1330 1223 1422 1276 Dei
1449 1241 1536 1287 pte
1559 1224 1888 1278 G=-nitricetn
1915 1226 1967 1277 in
1999 1225 2261 1277 auxilium

683 1312 964 1366 invocare.
997 1312 1290 1377 Quodnam
1323 1314 1468 1366 enim
1528 1317 1705 1383 majus
1746 1329 1906 1382 quam
1957 1315 2078 1382 ejus
2110 1315 2265 1368 auxi-

687 1404 868 1457 lium?
896 1402 988 1456 Vel
1020 1404 1142 1471 quis
1204 1405 1319 1472 ipsa
1372 1407 1635 1474 majorem
1674 1407 1836 1458 haln-t
1888 1406 2264 1472 potestatem?

684 1497 764 1547 vel
799 1494 922 1563 quis
951 1497 1124 1565 magis
1154 1511 1272 1562 Ipsa
1298 1499 1512 1550 salvare
1561 1498 1771 1566 potest?
1801 1497 1966 1568 Igitur
1998 1515 2098 1566 ego
2138 1498 2265 1566 qui-

684 1590 806 1639 «lem
838 1588 982 1642 istud
1016 1590 1169 1641 multi
1219 1589 1425 1642 faciens
1456 1591 1638 1642 divina
1675 1590 1786 1644 lucc
1820 1593 1978 1645 verba
2020 1593 2143 1645 dico
2171 1608 2262 1646 as-

686 1679 864 1744 s'due,
917 1682 1228 1750 multosque
1279 1683 1344 1736 ad
1415 1683 1518 1736 hoc
1549 1682 1768 1735 incitavi
1804 1693 1861 1736 ut
1914 1693 1968 1737 et
2014 1684 2115 1750 ipsi
2171 1683 2262 1737 illa

1465 380 1847 444 SYMEONIS
1887 374 2635 435 THESSALDNICENSiS
2685 379 3039 441 AiiCHlEP.

683 483 1387 555 euml‘aeta,evpressoque
1445 487 1514 538 ab
1569 487 1726 539 initio
1783 486 1963 538 crucis
2011 485 2268 553 situ-0.0!

2375 488 2468 552 τῆς
2509 491 2864 558 σαρκωοέντι,
2915 497 3008 547 καὶ
3061 496 3129 547 6-.'

3185 498 3330 564 ἡμᾶς
3394 499 3661 562 ἑκουσίως
3717 509 3963 570 σταυρδν

2374 581 2768 648 ὑπομείναντι·
2801 587 2936 656 ὅπερ
2985 590 3080 640 καὶ
3129 589 3216 642 διὰ
3261 590 3351 642 τοῦ
3397 593 3630 661 σταυροῦ
3667 596 3693 643 ὀ
3728 598 3962 663 ave-diu

2371 672 2616 724 ἐκτυποῖ.
2656 674 2713 726 '0
2753 675 2918 744 ἄρτος
2953 673 3048 730 οὖν
3079 673 3255 742 οὗτος,
3289 681 3365 744 ὡς
3396 683 3610 750 καὶτῆς
3643 683 3794 746 θείας
3825 687 3959 740 ὀνο⁴

2375 765 2578 832 μασῐας
2602 765 2687 817 ἐπ’
2712 767 2860 836 αὑτῷ
2889 771 3205 838 γινομένης,
3231 771 3326 824 καὶ
3357 774 3415 838 ἐξ
3444 775 3619 842 ἀρχῆς
3651 779 3748 844 τῆς
3786 793 3958 829 σταυο

2372 858 2533 927 ρικῆς
2563 861 2856 928 σφραγῖδος
2882 863 2976 914 καὶ
3017 864 3178 917 πάλιν
3212 863 3442 932 ὕστερον
3470 869 3564 922 καὶ
3620 869 3717 936 τῆς
3755 869 3957 922 650:6—

2371 966 2468 1002 κου
2510 950 2598 1001 ἐπ’
2629 951 2774 1018 αὑτῷ
2802 954 3302 1023 ἀνακηρυχθείσης,
3331 959 3427 1010 καὶ
3471 957 3573 1024 τῆς
3612 960 3957 1026 σαρκώσεως

2369 1042 2463 1094 τοῦ
2518 1043 2693 1107 Λόγου
2747 1045 3264 1116 ἀνομολογηθείσης.
3322 1051 3416 1101 καὶ
3455 1051 3554 1116 τῆς
3602 1051 3958 1119 Θεομήτορος

2369 1134 2542 1202 αὐτῆς
2577 1135 2656 1196 είς
2699 1135 2954 1204 βοήθειαν
2983 1138 3397 1208 ἐπικληθείσης,
3428 1142 3640 1207 μετᾶλα
3684 1143 3916 1196 δύναται
3938 1161 3952 1172 ·

2372 1228 2462 1280 καὶ
2501 1228 2714 1280 πολλῶν
2747 1229 2934 1296 ῥύεται
2996 1231 3185 1283 δεινῶν
3207 1251 3220 1264 ·
3258 1233 3495 1300 μαλιστα
3520 1235 3574 1285 δέ
3607 1252 3669 1300 γε
3703 1238 3953 1298 παντων,

2371 1321 2463 1370 καὶ
2499 1321 2713 1373 πάντων
2750 1324 3015 1390 ἐκπληροῖ
3042 1323 3320 1392 χρηστῶν,
3349 1327 3439 1376 καὶ
3473 1326 3634 1390 σώζει
3661 1327 3954 1392 διηνεκῶς.

2370 1413 2573 1480 Διόπερ
2601 1413 2696 1465 καὶ
2732 1415 2788 1464 ἐν
2818 1415 3006 1483 ἡμέρα
3045 1418 3137 1466 καὶ
3179 1418 3234 1467 ἐν
3269 1417 3426 1468 νυκτὶ
3453 1418 3546 1468 καὶ
3574 1419 3630 1468 ἐν
3659 1419 3810 1487 πασῃ
3834 1418 3956 1486 ὥρᾳ

2371 1504 2558 1573 σχεδὸν
2589 1504 2746 1557 τοῦτο
2779 1507 2860 1559 δεῖ
2895 1511 3064 1560 ποιεῖν
3121 1510 3293 1578 ἡμᾶς,
3340 1512 3434 1562 καὶ
3487 1511 3573 1561 ἀεὶ
3608 1511 3816 1569 ταύτας
3848 1513 3954 1571 τας

2371 1597 2552 1664 φωνὰς
2579 1598 2798 1668 ἐκϐοᾷ-ι,
2834 1601 2927 1652 καὶ
2961 1601 3282 1668 μεγαλύνειν
3319 1604 3418 1669 τὴν
3449 1603 3688 1670 Τριάδα,
3734 1605 3827 1653 καὶ
3853 1604 3955 1668 τὴν

2367 1689 2629 1742 Θεοτόκον
2667 1693 3045 1745 ἐπικαλεῖσθαι
3085 1694 3161 1755 είς
3197 1694 3453 1762 βοήθειαν
3476 1711 3493 1726 ⁸
3525 1697 3606 1747 ὅτι
3629 1696 3707 1756 τίς
3749 1696 3954 1763 μείζων

683 1773 866 1826 dicant
896 1776 1139 1838 assidue,
1161 1785 1215 1828 et
1242 1791 1337 1830 vos
1373 1777 1526 1830 scitis
1564 1793 1645 1830 me
1678 1779 1730 1829 in
1759 1777 2030 1830 universis
2091 1777 2264 1831 eccle-

2372 1781 2467 1848 τῆς
2495 1781 2744 1850 βνηθείαε
2781 1784 2952 1852 αὐτῆς
2975 1803 2988 1848 ;
3010 1786 3039 1853 ἦ
3060 1787 3140 1849 τίς
3171 1787 3492 1856 παρρησίαν
3515 1789 3712 1852 ἔχουςα
3739 1788 3912 1854 μείζω
3939 1806 3952 1850 ;

685 1867 784 1918 siis
813 1867 1137 1933 praecepisse
1169 1868 1311 1921 istud
1369 1870 1614 1938 quotidie
1664 1868 1866 1934 facere,
1899 1879 1952 1922 et
2006 1871 2058 1923 in
2113 1870 2262 1923 omni

686 1960 958 2012 matutino
1003 1960 1183 2014 «inicio
1238 1971 1360 2031 post
1426 1962 1586 2016 linem
1625 1964 1772 2015 liora:
1823 1979 2002 2026 nomn,
2069 1979 2260 2032 panem

690 2051 836 2104 hunc
866 2052 918 2104 in
946 2053 1116 2106 alzum
1147 2067 1175 2105 a
1208 2055 1498 2108 sacerdote
1556 2057 1798 2118 sustolli,
1863 2065 2264 2126 consuetasque

685 2144 794 2197 dici
827 2159 1015 2198 sacras
1041 2147 1137 2199 has
1173 2162 1360 2213 preces
1385 2165 1413 2201 a
1459 2148 1711 2202 Ρειιι·ἰ1›ιιε
1745 2149 1994 2212 traditas,
2032 2151 2085 2202 in
2134 2165 2265 2204 cou-

688 2237 986 2291 l'essioncm
1045 2249 1249 2293 sancta:
1307 2239 1594 2293 Trinitatis
1652 2243 1812 2294 unius
1881 2242 2261 2295 universorum

692 2329 785 2388 Dei
816 2333 1012 2397 nostri,
1045 2341 1207 2401 prout
1253 2333 1517 2395 diximus,
1550 2344 1602 2387 et
1651 2336 2046 2388 incarnationis
2082 2336 2261 2399 Verbi,

691 2440 904 2478 necnon
932 2425 986 2478 in
1024 2425 1289 2479 bonoretn
1319 2425 1506 2480 Matris
1545 2427 1664 2495 ejus
1692 2428 2058 2480 sanctissima:
2091 2429 2264 2483 solius

689 2533 906 2586 semper
935 2519 1167 2589 virginis
1191 2534 1424 2586 vereque
1448 2519 1692 2587 Deiparze
1715 2560 1727 2577 .
1758 2530 1921 2588 atque
1958 2521 2077 2585 ejus
2107 2537 2264 2588 opem

691 2611 970 2675 invocare,
1013 2611 1273 2677 quoniam
1302 2612 1530 2665 multum
1569 2629 1631 2666 ex
1663 2613 1769 2666 hoc
1815 2614 2132 2670 invenimus
2164 2617 2260 2666 ad-

685 2703 981 2769 juturium,
1011 2703 1154 2755 istud
1189 2705 1352 2754 etiam
1385 2701 1562 2757 lacere
1602 2705 1798 2758 mando
1847 2704 1900 2757 in
1936 2705 2179 2764 Christo,
2213 2712 2268 2757 et

693 2799 884 2847 houtor
913 2805 967 2848 et
999 2795 1276 2864 praecipio,
1314 2811 1521 2864 vosque
1553 2813 1746 2850 omnes
1784 2798 1990 2850 advoco
2022 2799 2072 2850 in
2121 2797 2270 2850 salu-

687 2896 796 2940 tem
822 2897 1084 2942 nostram.
1113 2888 1167 2942 Si
1193 2904 1323 2958 ergo
1362 2889 1611 2942 nonnulli
1633 2907 1661 2943 a
1688 2891 1791 2944 fide
1814 2891 1974 2943 alieni
2019 2905 2178 2943 mane
2205 2905 2268 2944 ac

685 2995 912 3048 vespere
941 2995 1152 3049 semper
1183 2980 1366 3035 dicere
1382 2981 1620 3045 student,
1647 3002 1666 3033 «
1693 2984 1824 3048 Ave,
1852 2983 2022 3048 gratia
2053 2983 2260 3050 plena,»

689 3075 795 3128 hoc
823 3073 1089 3128 ducentes
1118 3075 1378 3127 honorem
1429 3083 1596 3130 casta:
1622 3074 1715 3128 Dei
1751 3074 2075 3140 Geuitricis,
2123 3077 2264 3145 quod

2370 1871 2510 1938 ἣτίς
2539 1872 2812 1939 δυναμένη
2866 1875 3038 1926 σῶσαι
3087 1876 3248 1926 πλέον
3280 1877 3488 1942 αὑτῆςς
3534 1877 3678 1941 Ἐγὼ
3718 1877 3816 1943 μὲν
3858 1874 3952 1929 οὖν

2367 1963 2526 2014 τοίτο
2563 1965 2692 2032 περὶ
2726 1964 2979 2017 πλείστου
3030 1971 3378 2034 ποιούμενος,
3415 1971 3651 2037 συνεχῶς
3673 1969 3768 2028 τὰς
3801 1971 3952 2022 θείας

2368 2056 2569 2119 ταύτας
2607 2057 2750 2124 λέγω
2781 2060 2966 2126 φωνάς
2999 2076 3012 2089 ⁶
3046 2059 3139 2110 καὶ
3186 2058 3312 2126 περὶ
3349 2059 3537 2111 τούτου
3583 2061 3800 2121 πολλοῖς
3831 2061 3951 2111 ανέ-

2369 2147 2533 2215 θηκα,
2560 2147 2699 2199 ὥστε
2738 2150 2974 2216 συνεχῶς
3004 2150 3163 2201 τοῦτο
3194 2155 3397 2202 ποιεῖν’
3437 2151 3534 2202 καὶ
3566 2151 3723 2218 ὑμεῖς
3769 2152 3951 2202 οἴδατε

2366 2240 2440 2296 ὡς
2497 2244 2590 2292 καὶ
2646 2243 2706 2292 ἐν
2759 2244 2878 2304 ταῖς
2934 2244 3248 2305 καθολικαῖς
3285 2243 3609 2310 ἐκκλησίαις
3650 2242 3952 2307 παρέδωκα

2365 2330 2526 2384 τοῦτο
2557 2332 2678 2384 καθ’
2707 2334 2915 2401 ἡμέραν
2947 2337 3139 2395 ποιεῖν,
3175 2337 3268 2387 καὶ
3304 2339 3357 2386 ἐν
3382 2337 3548 2387 παντὶ
3583 2334 3766 2404 ὄρθρῳ
3808 2335 3953 2402 μετᾶ

2367 2423 2426 2473 τδ
2460 2423 2611 2487 τέλος
2649 2426 2747 2494 τῆς
2795 2428 3018 2494 ὲννατης
3063 2427 3229 2497 ᾠδῆς.
3278 2427 3429 2494 παρᾶ
3458 2425 3551 2478 τοῦ
3590 2429 3776 2493 ἱερέως
3816 2427 3950 2476 5w-

2368 2517 2604 2585 ψοῦσθαι
2648 2519 2838 2571 τοῦτον
2889 2522 2977 2570 τὸν
3011 2521 3198 2588 ἄρτον,
3241 2521 3334 2570 καὶ
3365 2519 3464 2580 τὰς
3495 2519 3745 2585 συνήθεις
3796 2520 3952 2585 ἱερᾶς

2369 2612 2572 2674 ταύτας
2603 2611 2782 2678 λέγειν
2811 2613 2907 2672 τὰς
2931 2612 3035 2665 ὑπὸ
3066 2612 3174 2663 τῶν
3208 2612 3471 2680 Πατέρων
3506 2612 3952 2681 παραδεδομένας

2371 2705 2576 2772 φωνὰς,
2625 2705 2706 2767 είς
2754 2705 3048 2774 ὁμολογίαν
3079 2722 3136 2756 τε
3196 2707 3294 2772 τῆς
3352 2705 3515 2772 ἁγίας
3575 2705 3801 2775 Τριάδος
3855 2704 3953 2757 τοῦ

2373 2798 2538 2864 μόνου
2565 2796 2673 2848 τῶν
2704 2795 2840 2848 ὅλων
2873 2794 3007 2848 Θεοῦ
3041 2797 3217 2864 ἡμῶν,
3249 2796 3324 2852 ὡς
3364 2798 3690 2866 εἰρήκαμεν,
3727 2797 3820 2847 καὶ
3850 2796 3952 2862 τῆς

2369 2889 2464 2942 τοῦ
2513 2889 2688 2956 Λόγου
2737 2889 3233 2958 ὲνανθρωπήσεως·
3269 2891 3363 2942 καὶ
3403 2890 3482 2941 ἔτι
3531 2891 3611 2951 εἰς
3647 2889 3812 2956 τιμὴν
3847 2887 3951 2952 τῆς

2371 2981 2536 3035 αὑτοῦ
2577 2980 2803 3053 Μητρὸς
2835 2981 2935 3050 τῆς
2967 2981 3243 3048 Παναγίας
3280 2981 3447 3048 μόνης
3487 2982 3859 3048 ἁειπαρθὲνου
3891 2996 3952 3030 τε

2375 3075 2468 3126 καὶ
2499 3074 2705 3145 κυρίως
2745 3073 3012 3126 Θεοτόκου
3038 3089 3051 3102 ·
3085 3078 3178 3125 καὶ
3211 3073 3310 3143 τὴν
3359 3073 3529 3139 αὑτῆς
3565 3069 3952 3123 ἐπικαλεῖσθαι

688 3181 798 3222 noa
827 3168 1153 3220 invenerunt
1175 3168 1296 3234 ipsi,
1331 3167 1425 3223 sed
1456 3169 1681 3236 antiqua
1722 3167 1944 3221 Patrum
1973 3179 2268 3222 consuetu-

2376 3167 2630 3238 βοήθειαν
2653 3183 2668 3195 ·
2693 3168 2809 3220 ἐπεὶ
2835 3167 2932 3219 καὶ
2963 3166 3229 3234 πλείστην
3258 3165 3574 3232 εὑρήκαμεν
3605 3165 3704 3230 τὴν
3732 3167 3795 3214 ἐκ
3816 3166 3942 3214 τοὺ-

689 3262 821 3312 dine
854 3260 1112 3313 traditum
1142 3273 1246 3322 est,
1277 3269 1438 3330 prout
1479 3261 1629 3315 brevu
1681 3261 1885 3325 disces,
1921 3273 2130 3330 quanto
2159 3277 2269 3313 ma—

690 3353 776 3421 gis
795 3362 1010 3421 oportet
1039 3367 1139 3406 nos
1163 3353 1500 3406 orthodoxos
1529 3367 1656 3406 vere
1694 3355 1984 3407 catholicae
2015 3353 2271 3406 Ecclesiae

691 3445 837 3497 Iilios
867 3445 970 3498 hoc
1001 3446 1182 3502 facere
1244 3446 1363 3502 sine
1419 3447 1826 3500 intermissione
1870 3455 1923 3500 et
1967 3446 2272 3514 diligentis-

689 3539 847 3591 sime.
865 3534 995 3590 Illud
1020 3547 1221 3597 autem.
1249 3539 1415 3603 «Ave,
1437 3538 1610 3606 gratia
1632 3537 1843 3604 plena,»
1861 3537 1988 3589 olim
2010 3539 2062 3590 in
2089 3537 2274 3592 Eccle-

690 3629 768 3680 sia
792 3627 998 3679 cantari
1027 3628 1245 3681 solitmn
1276 3626 1446 3680 fuisse
1476 3629 1673 3681 discite
1700 3643 1763 3680 es
1790 3627 2035 3694 vesperis
2068 3639 2273 3679 sanetae

691 3719 1162 3790 quatlragesiuim.
1207 3735 1377 3787 quum
1437 3727 1563 3774 ante
1622 3721 1982 3788 quodcunque
2021 3721 2165 3773 aliud
2219 3719 2270 3773 in

694 3815 799 3864 line
827 3823 944 3878 post
967 3810 1158 3864 «Pater
1181 3821 1417 3873 noster,»
1450 3812 1552 3864 hoc
1579 3813 1827 3880 protinus
1855 3813 2052 3866 dicitur
2082 3830 2093 3864 :
2137 3832 2154 3864 «
2179 3813 2271 3866 Dei

691 3902 932 3960 Genitrix
966 3903 1146 3972 Virgo,
1172 3918 1289 3969 ave,
1307 3905 1482 3973 gratia
1521 3905 1568 3972 pl
1593 3920 1698 3968 'na,
1733 3905 1993 3960 Dominus
2021 3916 2222 3969 tecum,
2247 3926 2266 3958 ι

697 4013 909 4051 necnon
946 4013 974 4050 a
1003 3999 1249 4066 vesperis
1275 3998 1607 4064 vigiliarum,
1653 4008 1780 4054 ante
1829 3999 2270 4054 benedictionem

695 4105 897 4158 panum
933 4091 1062 4142 illud
1084 4088 1310 4144 assidue
1363 4090 1591 4150 dicitur,
1625 4099 1682 4142 et
1733 4091 1786 4144 in
1849 4091 2130 4144 cantionis
2180 4108 2271 4144 or—

693 4183 822 4233 dine
848 4181 901 4234 in
942 4181 1204 4235 omnibus
1229 4180 1498 4249 vesperis,
1531 4189 1588 4232 ut
1615 4180 1810 4243 nostis,
1858 4195 1977 4236 mos
2013 4192 2090 4235 est
2126 4181 2272 4235 istud

693 4274 925 4342 singulis
959 4273 1201 4341 vesperis
1221 4273 1329 4326 dici
1360 4273 1411 4326 in
1438 4274 1537 4326 ltac
1569 4288 1764 4340 magna
1787 4272 2271 4326 Thessaloniceusi

695 4364 960 4426 Ecclesia.
990 4363 1152 4434 Igitur
1178 4365 1222 4419 si
1254 4363 1530 4433 simplices
1554 4365 1876 4428 istmvoees,
1907 4364 2071 4432 «Ave,
2099 4365 2273 4433 gratia

2371 3278 2467 3312 του
2517 3258 2793 3328 βοήθειαν,
2821 3262 2915 3312 καὶ
2965 3258 3123 3311 τοῦτο
3175 3259 3348 3310 ποιεῖν
3391 3257 3858 3325 παρακελεύομαι
3897 3259 3952 3308 ἐν

2373 3353 2630 3421 Χριστῷ·
2665 3351 2758 3402 καὶ
2786 3349 3108 3415 ἀνατίθημι,
3152 3349 3242 3399 καὶ
3283 3346 3673 3417 παραγγέλλω,
3711 3347 3803 3398 καὶ
3852 3364 3952 3397 πα-

2376 3443 2600 3513 ρακαλῶ
2642 3443 2786 3510 ὑμᾶς
2833 3443 3042 3503 πάντας
3091 3443 3170 3502 εἰς
3227 3441 3503 3507 σωτηρίαν
3534 3439 3719 3506 ἡμῶν.
3763 3440 3823 3491 Ei
3861 3438 3952 3490 οὑν

2371 3537 2482 3588 τῶν
2515 3535 2836 3605 ἑτεροδόξων
2865 3535 3008 3593 τινὲς
3029 3530 3176 3600 πρωῒ
3195 3533 3289 3584 καὶ
3316 3531 3556 3599 ἑσπέρας
3586 3531 3668 3591 το,
3707 3550 3724 3580 «
3756 3530 3954 3598 Χαῖρε,

2374 3626 2814 3697 κεχαριτωμένη,
2867 3643 2885 3676 ι
2940 3625 3121 3691 λέγειν
3181 3625 3268 3676 ἀεὶ
3333 3620 3724 3684 σπουδάζουσι,
3784 3621 3956 3688 τιμὴ-ι

2371 3719 2535 3771 τοῦτο
2565 3718 2856 3788 ἡγούμενοι
2885 3719 2981 3785 τῆς
3008 3718 3178 3784 ἁγνῆς
3207 3714 3492 3777 Θεοτὸκου,
3511 3715 3648 3780 ὅπερ
3667 3713 3787 3764 οὐδὲ
3822 3712 3954 3778 παρέ

2373 3805 2555 3858 αὑτῶν
2589 3808 2734 3858 ἐστιν
2765 3805 3090 3875 εὑρημένον,
3123 3804 3240 3856 ἀλλ’
3263 3803 3379 3866 ἔθος
3409 3805 3636 3874 ἀρχαῖον
3661 3805 3953 3871 πατρικὸν,

2373 3897 2516 3950 καθὰ
2548 3898 2643 3950 καὶ
2672 3897 2892 3969 μαθήσῃ
2925 3897 3062 3965 μετὰ
3085 3895 3282 3966 βραχυ,
3314 3896 3494 3964 πολλῷ
3523 3912 3586 3962 γε
3619 3897 3822 3964 μᾶλλον
3848 3897 3954 3964 χρὴ

2373 3990 2497 4050 τοὺς
2522 3987 2838 4058 δρθοδόξους
2866 3988 3014 4060 ημᾶς
3050 3989 3145 4039 καὶ
3176 3990 3272 4054 τῆς
3299 3987 3595 4054 καθολικῆς
3628 3988 3797 4047 ὄντως
3831 3986 3952 4037 Ἕκα

2375 4083 2602 4151 κλησίας
2633 4082 2791 4134 τοῦτο
2847 4083 3025 4132 ποιεῖν
3072 4079 3431 4142 ἀδιαλείπτως
3481 4081 3575 4133 καὶ
3614 4083 3672 4132 ἐν
3720 4081 3950 4148 σπουδῇ.

2375 4175 2501 4226 Ὀτι
2549 4174 2606 4227 δὲ
2637 4175 2718 4234 τὸ,
2753 4192 2772 4224 «
2815 4174 3010 4241 Χαῖρε,
3058 4173 3500 4240 κεχαριτωμένη,
3552 4190 3570 4222 ι
3614 4171 3839 4242 ᾄδεσθαι
3893 4175 3952 4222 ἐν

2378 4268 2444 4335 τῇ
2509 4265 2780 4334 ἐκκλησία
2812 4265 2982 4317 πάλαι
3021 4263 3334 4331 εἰθισμένον
3372 4264 3510 4326 ἐστὶ,
3541 4262 3717 4328 γνῶτε
3745 4264 3855 4314 ἀπο
3887 4278 3944 4312 τε

2371 4359 2484 4410 τῶν
2509 4356 2654 4411 κατὰ
2679 4359 2776 4427 τὴν
2800 4358 2963 4423 ἁγίαν
2997 4355 3460 4427 Τεσσαρακοστὴν
3506 4354 3836 4421 ἑσπιρινῶν.
3867 4355 3954 4406 ὅτε

699 4460 909 4527 plena,»
949 4459 1022 4512 ita
1043 4467 1168 4511 sunt
1197 4456 1466 4521 eﬂicaces,
1489 4465 1652 4519 atque
1680 4457 1730 4507 iu
1777 4457 2036 4509 honorem
2071 4464 2124 4508 et
2152 4455 2268 4520 glo-

2382 4449 2488 4517 πρδ
2529 4449 2727 4508 παντὸς
2766 4448 2930 4500 ἄλλου
2981 4450 3038 4501 ἐν
3084 4446 3163 4515 τῷ
3212 4447 3356 4498 τέλει
3395 4448 3535 4513 μετὰ
3582 4447 3666 4509 τὸ,
3704 4464 3722 4495 «
3772 4445 3956 4513 Πάτερ

703 4553 838 4611 riam
874 4551 965 4605 Dei
995 4551 1294 4607 Genitricis
1335 4550 1641 4614 tendentes,
1669 4553 1928 4620 quoniam
1954 4551 2268 4619 archangeli

699 4655 828 4700 sunt
862 4645 1119 4698 salutatio
1143 4644 1196 4699 in
1229 4659 1336 4714 qua
1367 4645 1544 4699 soluta
1583 4652 1672 4698 est
1723 4644 2041 4698 maledictio
2082 4655 2139 4695 et
2165 4643 2269 4697 im-

702 4738 901 4805 pertita
947 4737 1158 4801 laetitia,
1221 4738 1349 4804 quia
1390 4737 1775 4792 universorum
1823 4736 2079 4791 Salvator
2128 4735 2271 4791 Deus

702 4828 794 4886 Dei
825 4826 1059 4881 Verbum
1087 4829 1142 4880 in
1176 4841 1240 4881 ea
1281 4826 1545 4883 habitavit
1583 4838 1746 4896 atque
1771 4844 1836 4882 ex
1870 4843 1931 4882 ea
1963 4828 2064 4880 fuit
2095 4829 2272 4880 incar-

699 4933 913 4984 natum,
945 4929 1153 4989 quanto
1181 4922 1358 4992 magis
1395 4932 1610 4990 oportet
1657 4923 1771 4976 ﬁeri
1821 4931 1876 4975 et
1908 4921 2094 4988 perlici
2134 4920 2268 4972 «livi-

701 5029 830 5067 nnm
853 5013 993 5071 istud
1019 5028 1158 5084 opus
1185 5028 1247 5067 ac
1300 5012 1765 5082 antiquissimum,
1805 5021 1991 5081 utpote
2028 5027 2056 5065 a
2089 5012 2269 5065 Patri-

700 5105 804 5170 pus
838 5105 1122 5162 traditum.
1144 5103 1441 5160 Teslantur
1503 5106 1686 5172 typiea
1723 5105 1907 5158 omnia
1943 5113 1997 5160 et
2026 5118 2266 5158 consoc-

703 5199 834 5254 tudo
857 5197 1145 5267 desupera
1203 5198 1459 5253 Patrihus
1503 5198 1568 5250 ad
1604 5213 1703 5251 nos
1758 5199 2079 5250 transmissa
2149 5211 2276 5248 san-

703 5303 848 5346 ctam
890 5304 1012 5344 esse
1045 5289 1204 5341 istam
1235 5292 1390 5354 panis
1439 5289 1634 5342 elevati
1697 5287 1916 5356 Deoque
1968 5287 2135 5340 olilati
2170 5302 2276 5339 CT-

706 5385 1031 5444 remnniant,
1097 5378 1388 5433 Trinitatis
1428 5379 1858 5442 confessionem,
1920 5386 2121 5433 saneta:
2181 5377 2272 5430 Dei

705 5475 989 5545 genitricis
1025 5474 1427 5529 invocationem
1457 5489 1519 5526 ac
1549 5474 1761 5526 laudem
1826 5474 1876 5522 iu
1943 5472 2273 5540 adjutorium

705 5576 952 5622 nostrum
985 5566 1206 5628 iactam,
1241 5582 1447 5620 necnon
1479 5567 1608 5619 illml
1644 5583 1654 5619 :
1692 5565 1941 5618 «Beatam
1969 5574 2019 5618 te
2040 5564 2276 5617 dicimus

704 5671 895 5710 omnes
923 5658 1349 5721 generationes,»
1398 5659 1598 5711 honuni
1631 5659 1679 5711 ei
1704 5673 1820 5710 «sse
1841 5669 2057 5709 cautam
2095 5666 2147 5707 et
2175 5670 2267 5708 ac-

706 5749 977 5816 ct‘ptablle
1006 5755 1265 5817 tanquam
1298 5749 1364 5800 ali
1394 5764 1455 5800 ea
1505 5748 1820 5815 prrdictum
1851 5756 1904 5798 ct
1928 5761 1991 5798 ex
2017 5760 2078 5797 ea
2115 5746 2198 5797 ius
2229 5745 2270 5796 i-

713 5847 889 5894 tutum
921 5853 982 5892 ac
1008 5839 1464 5907 quemadmodum
1516 5838 1626 5901 ipsa
1682 5837 1906 5906 protulit
1941 5836 2272 5907 repetitum,

2379 4539 2561 4609 ἡμῶν,
2605 4557 2623 4589 ι
2662 4538 2819 4591 τοῦτο
2871 4537 3032 4599 εὐθὺς
3063 4537 3318 4604 λέγομεν,
3349 4555 3367 4586 «
3412 4535 3641 4587 Θεοτόκε
3682 4533 3952 4601 Παρθένε,

2381 4635 2559 4702 χαῖρε,
2588 4631 3075 4702 κεχαριτωμένη,ὁ
3103 4629 3304 4698 Κύριος
3340 4631 3480 4697 μετὰ
3516 4629 3634 4692 σοῦ,
3672 4646 3690 4678 t
3723 4630 3816 4680 καὶ
3845 4629 3958 4680 ἀπὸ

2378 4725 2472 4778 τοῦ
2499 4727 2557 4777 ὲν
2594 4726 2708 4785 τοῖς
2749 4725 3058 4793 ἑσπερινοῖς
3085 4722 3191 4774 τῶν
3242 4721 3565 4790 ἀγρυπνιῶν
3596 4722 3704 4789 προ
3737 4719 3836 4783 τῆς
3866 4721 3958 4770 εὖ-

2379 4818 2565 4884 ).ογίας
2593 4817 2703 4868 τῶν
2737 4816 2918 4883 ἄρτων
2956 4814 3116 4866 τοῦτο
3147 4811 3410 4880 διηνεκῶς
3439 4811 3698 4875 λέγεσθαι
3724 4826 3737 4838 ·
3769 4812 3858 4862 καὲ
3897 4811 3958 4859 ἐν

2378 4910 2446 4977 τῇ
2485 4909 2767 4979 ᾁσματικῇ
2799 4906 2854 4957 δὲ
2884 4906 3036 4970 τάξει
3069 4906 3128 4956 ὲν
3164 4905 3299 4955 πᾶσι
3345 4902 3459 4962 τοῖς
3489 4903 3818 4970 ἑσπερινοῖς,
3845 4900 3960 4952 ὦσ-

2381 5019 2484 5073 περ
2533 5001 2733 5066 οἴδατε,
2767 4999 2888 5060 ἔθος
2915 4999 3075 5051 τοῦτο
3113 4996 3235 5049 καθ’
3283 4995 3534 5062 ἑσπέραν
3584 4995 3642 5046 ὲν
3671 4997 3844 5061 ταύτῃ
3884 4994 3956 5059 τῇ

2384 5091 2593 5160 μεγάλῃ
2619 5089 2728 5141 τῶν
2767 5087 3210 5142 Θεσσαλονικέων
3253 5084 3550 5153 Ἐκκλησία
3583 5081 3863 5150 λέγεσθαι.
3892 5081 3960 5135 Εἰ

2377 5181 2472 5237 οὖν
2525 5182 2713 5244 ἁπλῶς
2760 5180 2840 5244 τὸ,
2907 5197 2926 5232 «
2967 5181 3164 5246 Χαῖρε,
3215 5175 3664 5246 κεχαριτωμένη,
3708 5191 3726 5224 ι
3791 5173 3963 5240 μόνον

2378 5278 2672 5346 λεγόμενον
2712 5273 2876 5344 260
2911 5273 3230 5338 ἀναγκαῖον,
3269 5272 3365 5322 καὶ
3400 5269 3481 5330 είς
3527 5268 3693 5335 τιμὴν
3729 5267 3826 5318 καὶ
3872 5267 3963 5318 δᾶ-

2381 5372 2473 5436 ξαν
2515 5373 2614 5439 τῆς
2651 5368 3012 5435 Θεομήτορος,
3041 5364 3129 5417 διὰ
3174 5360 3350 5415 τὸτοῦ
3400 5359 3747 5429 ἀρχαγγέλου
3813 5353 3965 5410 εἶναι

2380 5465 2586 5533 φωνὴν,
2630 5464 2687 5514 ὲν
2825 5459 2890 5526 δὴ
2928 5460 2962 5526 ὴ
3015 5456 3125 5526 ἀρα
3175 5454 3362 5522 ἐλύθη,
3401 5457 3493 5504 καὶ
3529 5453 3562 5520 ἡ
3597 5449 3740 5520 χαρὰ
3792 5450 3968 5516 ἐδιδα-

2381 5557 2568 5623 6εύθηγ
2617 5557 2644 5607 ὀ
2686 5553 2876 5620 Σωτὴρ
2911 5550 3020 5601 τῶν
3050 5549 3187 5601 ’ὀλων
3220 5550 3246 5598 ὁ
3291 5546 3384 5596 τοῦ
3421 5541 3559 5595 Θεοό
3613 5543 3745 5601 Θεος
3780 5541 3964 5606 Λόγος

2383 5645 2728 5714 ὲνσκηνώσας
2781 5644 2838 5693 ὲν
2891 5640 3056 5707 αὐτῇ,
3110 5640 3202 5689 καὶ
3261 5635 3320 5698 ἐξ
3377 5634 3550 5700 αὐτῆς
3611 5630 3960 5699 σαρκωθείς·

2384 5739 2563 5809 πολλῷ
2594 5756 2652 5804 γε
2689 5736 2886 5808 μᾶλλον
2920 5735 3001 5787 δεῖ
3046 5732 3107 5784 τὸ
3160 5729 3303 5781 θεῖον
3337 5725 3692 5794 τοῦτο³ἐργον
3719 5724 3814 5774 καὶ
3857 5723 3967 5788 ἁρ-

2385 5836 2669 5904 χαιότατον
2711 5828 3069 5893 ἐκτελεῖσθαι,
3097 5824 3170 5887 ὡς
3207 5822 3310 5875 ὑπο
3345 5821 3452 5870 τῶν
3487 5819 3743 5884 Ιιατέρων
3769 5831 3958 5884 παρα-
