4170 6444
713 405 823 468 675

1215 507 1442 568 CAPUT
1481 515 1750 569 CCCLXI.

711 607 785 662 De
819 606 1086 675 sepultura
1109 609 1486 672 cpisaipurum,
1518 607 1871 668 sarerdoiunt,
1897 623 1986 660 nec
2019 623 2120 659 non
2158 623 2266 658 mo-

1125 683 1436 737 nachorum,
1471 677 1848 746 laicurumque.

781 769 1024 824 Fratrem
1056 785 1190 824 vero
1217 773 1270 822 in
1305 773 1407 824 lide
1431 771 1746 824 defunctum
1776 772 1850 824 ita
1880 771 2109 839 sepelire
2140 786 2272 838 prae-

707 862 849 928 οςινίι
893 858 1154 915 Ecclesia.
1203 860 1520 914 Pontiﬁcem
1567 862 1790 930 quidem
1836 871 1891 915 et
1934 862 2269 915 sacerdotem

709 952 960 1006 munibus
1015 955 1363 1008 sacerdotum
1425 953 1720 1006 committit
1773 965 2034 1023 tanquam
2095 963 2268 1008 totum

709 1051 990 1107 sanctum,
1025 1041 1118 1112 qui
1155 1060 1279 1097 cum
1300 1043 1516 1098 mundis
1545 1043 1787 1100 vestibus
1820 1045 2022 1116 proprii
2055 1045 2273 1098 habitus

709 1134 966 1191 induunt.
1015 1135 1172 1187 Prius
1205 1135 1424 1203 quidem
1458 1135 1606 1191 intus
1641 1151 1782 1206 aqua
1829 1146 2037 1191 tantum
2071 1151 2275 1210 corpus

711 1227 764 1276 in
816 1227 1045 1278 formam
1079 1226 1264 1280 crucis
1296 1229 1524 1297 spongia
1562 1240 1913 1299 aspergentes
1953 1230 2008 1283 in
2055 1230 2270 1299 signum

708 1319 878 1370 divini
922 1318 1285 1386 baptismatis,
1321 1322 1533 1374 scilicet
1569 1324 1621 1374 in
1658 1323 1855 1388 fronte,
1888 1323 1942 1376 in
1980 1324 2182 1386 oculis,
2219 1324 2272 1376 in

710 1409 887 1471 labiis,
916 1410 971 1463 in
995 1422 1219 1478 pectore
1239 1420 1294 1464 et
1324 1411 1545 1480 insuper
1568 1413 1620 1465 in
1644 1414 1873 1483 genibus
1903 1428 1966 1467 ac
1998 1415 2271 1478 manibus,

709 1514 830 1550 eum
865 1498 1059 1552 deinde
1090 1499 1320 1560 desuper
1350 1502 1701 1570 prmcinctum
1734 1503 2030 1572 pontificiis
2057 1520 2150 1559 seu
2180 1519 2270 1558 sa-

709 1590 1082 1646 cerdotalibus
1125 1592 1465 1648 vestimentis
1501 1593 1770 1658 induunt,
1827 1596 2030 1664 caligas
2093 1605 2271 1650 autem

710 1697 1029 1735 coninumes
1078 1683 1130 1735 in
1179 1683 1343 1750 pedes
1383 1684 1690 1749 inducunt;
1737 1686 1992 1746 manibus
2024 1701 2154 1742 vero
2189 1702 2276 1742 sa-

708 1785 863 1821 crum
916 1771 1166 1824 inserunt
1207 1771 1607 1844 Evangelium,
1656 1776 1801 1846 quod
1852 1779 2003 1846 prius
2053 1778 2271 1847 quidem

1522 405 1896 465 SYMEONIS
1938 401 2374 464 THESSALON
2393 402 2688 462 lCENSlS
2727 400 3076 462 ARCHlFl’.

2292 521 2340 572 Α

3846 395 3961 462 676

2941 507 3191 559 KE'PAA.
3214 503 3382 559 TEA'.

2379 605 2514 670 Περί
2539 601 2788 669 κηδείας
2818 596 3253 674 ἀρχιερέωιςκᾳί
3274 594 3511 674 γιερέων,
3545 593 3634 646 ἔτι
3661 609 3723 646 τε
3751 610 3954 662 μονα-

2894 669 3019 737 χῶν
3049 668 3145 720 καί
3172 668 3430 720 λαϊκῶν.

2447 765 2552 818 Τὸν
2575 764 2629 816 δέ
2659 781 2722 831 γε
2769 762 2827 814 ιν
2857 763 3040 814 πίστει
3064 758 3297 826 ἀδελφὺν
3322 758 3758 828 τετελευτηκότα
3803 756 3957 810 οὕτω

2376 856 2692 924 κηδεύεινή
2746 852 3046 922 Ἐκκλησία
3088 850 3422 920 παρέλαϐεν.
3489 852 3783 922 Ἀρχιερέα
3847 851 3952 918 μὲν

2375 947 2504 1000 ὄντα
2529 949 2624 1000 καὶ
2654 947 2805 1015 ἱερέα
2879 947 3068 1014 χερσὶν
3109 945 3301 1014 ἰερέων
3354 945 3655 1013 οἰκονομεῖ,
3691 945 3766 1006 ὡς
3805 944 3957 1012 ίερὺν

2375 1039 2495 1091 ὅλον
2524 1029 2742 1092 ὅντα·ο¹ἰ
2782 1044 2876 1091 καὶ
2934 1038 3154 1107 καθαρὰ
3196 1038 3388 1091 τοῦτον
3433 1037 3631 1107 ἰμάτια
3661 1036 3758 1089 τοῦ
3815 1037 3954 1090 ἰδίου

2379 1133 2656 1200 σχήματος
2694 1128 3067 1184 ἑνδιδύσκουσι
3100 1147 3114 1162 ·
3177 1131 3447 1199 πρότερον
3511 1129 3614 1198 μὲν
3665 1127 3821 1204 ἐντὸς
3891 1131 3955 1182 τὸ

2380 1223 2539 1290 σῶμα
2560 1222 2954 1285 άπονίπτοντες
2981 1223 3135 1274 ὕδατι
3171 1221 3320 1306 μόνῳ
3349 1222 3438 1274 διὰ
3472 1220 3720 1288 σπόγγου
3785 1238 3956 1274 "au-

2379 1311 2621 1379 ροειδῶς,
2654 1311 2732 1376 εἰς
2771 1310 2943 1364 τύπον
2977 1310 3071 1365 τοῦ
3105 1311 3256 1380 ἰεροῦ
3287 1311 3687 1379 βαπτίσματος,
3721 1311 3864 1362 κατά
3894 1325 3952 1360 τε
4003 1361 4006 1364 .

2377 1404 2436 1455 τὸ
2478 1396 2732 1472 μέτωπον
2763 1404 2859 1456 καὶ
2903 1403 3031 1466 τούς
3074 1402 3413 1473 ὀφθαλμοὺς,
3456 1403 3524 1454 τά
3561 1402 3716 1471 χείλη
3753 1418 3812 1453 τε
3856 1402 3955 1452 καί

2374 1497 2435 1548 τὸ
2467 1495 2685 1565 στῆθος,
2719 1497 2817 1549 καὶ
2850 1496 2928 1549 ἔτι
2955 1496 3021 1549 τὰ
3053 1497 3254 1564 γόνατα
3284 1494 3380 1546 καὶ
3408 1495 3506 1554 τάς
3532 1497 3718 1564 χιίρας
3748 1510 3762 1522 ·
3798 1493 3956 1547 litet-

2375 1605 2446 1641 τα
2498 1588 2555 1640 δι
2605 1589 3006 1658 περιζώσαντες
3071 1589 3299 1650 ἀνωθεν,
3350 1587 3419 1640 τὰ
3470 1585 3858 1656 ἀρχιερατικὰ,
3917 1584 3955 1654 ἢ

2379 1680 2624 1747 ἱερατικά
2671 1679 3090 1750 περιϐάλλουσιν
3159 1680 3356 1749 άμφιά.
3438 1679 3551 1731 Kal
3621 1677 3955 1747 ὑποδήματα

2374 1769 2429 1822 δὲ
2463 1772 2628 1823 καινὰ
2676 1771 3040 1839 ἐμϐάλλουσιν
3061 1774 3139 1834 εἰς
3174 1773 3301 1834 τοὺς
3327 1771 3514 1833 πόδας.
3552 1771 3648 1833 Εἰς
3697 1772 3800 1832 τάς
3843 1771 3956 1838 χεῖ-

706 1861 907 1913 dicitur
938 1861 992 1914 in
1029 1863 1204 1931 ipsum
1238 1879 1268 1917 e
1300 1865 1408 1918 vita
1440 1867 1805 1922 discedentem
1843 1869 1924 1922 vel
1966 1877 2085 1937 post
2122 1884 2264 1922 ntor-

2379 1879 2480 1930 ρας
2506 1863 2562 1915 δὲ
2593 1862 2654 1914 τὸ
2688 1863 2836 1932 ἰερδν
2857 1863 3097 1916 διδόασιν
3130 1863 3469 1932 Εὐαγγέλιον
3492 1880 3506 1895 ο
3542 1863 3571 1917 ὃ
3593 1864 3657 1934 δὴ
3685 1867 3782 1916 καὶ
3813 1866 3954 1932 πρό-

711 1964 816 2004 Iem
842 1989 858 2015 ,
891 1955 936 2006 si
970 1953 1178 2007 dederit
1209 1962 1440 2026 tempus,
1473 1959 1725 2027 quoniam
1761 1959 2057 2014 secundum
2097 1960 2273 2013 Evan-

706 2041 907 2110 gelium
941 2045 1110 2110 vixit,
1155 2045 1424 2116 simulque
1454 2058 1511 2102 ut
1545 2051 1947 2102 miserationem
1981 2060 2034 2103 et
2084 2051 2269 2119 propi-

710 2134 986 2189 tiationem
1020 2146 1342 2205 assequatur
1372 2155 1436 2193 ex
1473 2140 1674 2194 divinis
1709 2141 1964 2211 eloquiis.
2006 2144 2268 2207 Qua-nam

706 2227 850 2280 enim
887 2228 994 2280 alia
1024 2229 1194 2299 magis
1223 2230 1415 2284 idonea
1450 2232 1515 2284 ad
1557 2233 1720 2287 Deum
1758 2250 1854 2302 pro
1895 2246 2112 2288 mortuo
2149 2250 2273 2303 pro-

707 2317 1008 2385 pitiandum
1043 2311 1206 2390 quam
1241 2325 1352 2376 hznc
1389 2324 1532 2378 dicta
1556 2366 1571 2386 ,
1609 2325 1914 2379 incarnatio
1955 2327 2108 2381 Verbi
2163 2346 2263 2382 ano

709 2411 976 2476 nuntiata,
1009 2413 1291 2477 doctrinm,
1328 2417 1600 2484 mysteria,
1640 2416 1766 2470 data
1797 2428 2145 2485 peccatorum
2180 2418 2266 2472 re-

709 2501 934 2569 missio,
975 2505 1220 2559 tolerata:
1253 2522 1351 2575 pro
1390 2508 1546 2562 nobis
1585 2511 1866 2579 passiones
1890 2550 1906 2575 ,
1943 2528 2092 2565 mors
2133 2513 2271 2568 vivi-

709 2596 914 2658 licans,
947 2603 1002 2650 et
1040 2599 1390 2652 resurrectio.
1441 2598 1567 2654 Hch
1613 2602 1781 2670 igitur
1812 2612 1982 2658 totum
2022 2604 2269 2658 ordinem

709 2695 992 2753 superant,
1026 2689 1360 2758 dicendoque
1391 2700 1514 2745 sunt
1546 2694 1710 2747 etiam
1744 2695 1798 2748 in
1829 2694 2058 2751 decessu
2087 2712 2266 2750 sacer-

707 2778 916 2831 dotum.
944 2779 1010 2831 At
1043 2795 1140 2848 pro
1170 2781 1452 2836 monachis
1520 2782 1714 2852 legitur
1748 2785 2092 2850 Psalterium,
2128 2790 2272 2858 quod

711 2872 915 2937 pariter
959 2881 1206 2925 servatur
1241 2873 1380 2942 apud
1433 2875 1634 2930 multos
1685 2884 1740 2929 et
1793 2892 1964 2946 usque
2007 2879 2074 2931 ad
2131 2881 2271 2933 hanc

708 2962 901 3013 horam
937 2961 1139 3016 dicitur
1185 2965 1372 3033 sicque
1418 2981 1582 3036 super
1638 2983 1763 3021 eum
1817 2971 1881 3023 de
1926 2986 2077 3025 more
2113 2970 2272 3026 factis

709 3052 962 3122 precibus
998 3064 1053 3108 et
1111 3054 1332 3119 sullitu,
1381 3059 1638 3124 quoniam
1697 3059 1809 3112 Deo
1863 3063 2269 3116 commendavit

708 3141 980 3208 spiritum,
1020 3155 1329 3212 corpusque
1362 3147 1759 3201 sanctiﬁcatum
1793 3160 1978 3204 sancte
2010 3154 2268 3207 commit-

710 3232 840 3284 titur
886 3243 1086 3300 tcrrar;
1141 3235 1420 3290 incensum
1453 3239 1608 3291 enim
1663 3240 1777 3293 Deo
1815 3240 2054 3294 oblatum
2090 3252 2174 3298 est
2214 3246 2271 3299 in
2298 3209 2340 3265 C

709 3323 1146 3391 prOpitiationem
1194 3342 1294 3395 pro
1344 3338 1560 3383 mortuo
1585 3373 1600 3395 ,
1634 3341 1690 3383 et
1743 3336 1796 3384 in
1829 3334 2039 3402 signum
2081 3336 2181 3403 pia:
2217 3344 2272 3390 et

708 3413 1026 3468 orthodoxae
1055 3416 1173 3485 ejus
1205 3418 1327 3471 vita:
1355 3435 1475 3489 qua:
1507 3421 1631 3474 boni
1668 3421 1850 3477 odoris
1873 3463 1888 3486 ,
1931 3427 2057 3492 quia
2091 3441 2223 3493 pura
2252 3465 2268 3489 ,

709 3508 918 3560 exstitit
951 3526 968 3573 ;
1013 3509 1192 3563 levant
1224 3521 1408 3580 postea
1438 3521 1494 3566 et
1531 3514 1584 3566 in
1621 3517 1877 3584 templum
1910 3533 2033 3570 cum
2067 3519 2273 3587 lampa-

706 3597 865 3652 dibus
893 3609 1110 3667 portant
1139 3601 1378 3656 divinam
1411 3604 1558 3658 illam
1588 3617 1640 3660 et
1669 3607 2066 3662 indelicientcm
2097 3609 2268 3663 lucem

707 3690 1102 3757 signiﬁcantes.
1183 3695 1254 3746 At
1305 3693 1349 3747 si
1408 3699 1708 3749 monachus
1762 3698 1924 3752 fuerit
1983 3710 2273 3766 mortuus,

707 3791 989 3849 postquam
1023 3783 1073 3836 in
1106 3781 1334 3836 formam
1369 3787 1548 3841 crucis
1579 3789 1680 3841 fuit
1713 3805 1994 3858 aspersum
2021 3830 2037 3855 ,
2083 3792 2270 3847 habitu

705 3886 828 3924 eum
864 3873 1135 3936 induunt,
1176 3882 1230 3927 et
1265 3873 1500 3944 desuper
1535 3878 1588 3930 in
1623 3895 1690 3932 eo
1720 3882 2006 3936 consuitur
2044 3884 2268 3951 pallium

704 3961 846 4029 quod
923 3963 1154 4031 sepulcri
1202 3966 1435 4033 speciem
1485 3970 1662 4035 gerit,
1714 3972 1968 4025 crucibus
2041 3973 2273 4042 desuper

708 4052 864 4107 laetis
897 4065 1117 4124 propter
1141 4056 1420 4111 Christum
1450 4059 1541 4112 cui
1571 4059 1869 4116 crucilixus
1901 4071 2005 4119 est.

1209 4325 1436 4381 CAPUT
1469 4326 1759 4384 CCCLX".

705 4415 883 4482 Quare
929 4433 1083 4471 sacra
1131 4418 1330 4472 Christi
1383 4421 1557 4488 imago
1589 4435 1743 4489 super
1779 4423 2005 4477 cadaver
2037 4421 2266 4491 defuncti

1324 4500 1574 4556 ponatur.

771 4577 836 4632 Et
875 4580 1046 4648 ipsius
1071 4593 1232 4648 quem
1267 4577 1454 4634 dilexit
1479 4594 1699 4637 sursum
1726 4592 1936 4653 ponunt
1967 4585 2258 4655 imaginem

701 4677 754 4723 et
786 4671 1033 4724 oratione
1065 4671 1212 4725 dicta
1251 4686 1280 4724 a
1321 4673 1626 4737 sacerdote,
1662 4689 1786 4728 eum
1824 4676 2062 4742 tollunt,
2104 4692 2169 4732 ac
2204 4679 2260 4732 in

702 4761 944 4815 divinum
975 4763 1236 4832 templum
1267 4778 1389 4817 cum
1423 4765 1762 4834 lampadibus
1793 4767 2054 4823 inferunt.
2098 4767 2262 4824 Sinti-

704 4854 832 4907 liter
883 4853 942 4908 tit
991 4870 1089 4923 pro
1136 4855 1287 4909 laicis
1308 4895 1324 4919 ,
1358 4870 1454 4910 eos
1481 4858 1625 4911 enim
1657 4859 1874 4915 mundis
1907 4875 1938 4914 e
1983 4862 2262 4918 consuetis

699 4945 942 4999 vestibus
973 4945 1227 5010 induunt,
1258 4946 1459 5016 quibus
1487 4963 1705 5003 sacrum
1740 4949 2029 5018 imponunt
2059 4953 2260 5009 instru-

700 5044 940 5090 mentum
967 5075 983 5102 ,
1014 5037 1270 5107 quoniam
1321 5038 1496 5093 ﬁdelis
1545 5040 1648 5093 fuit
1693 5049 1857 5110 atque
1903 5051 2168 5112 sanctus,
2210 5058 2263 5100 et

704 5138 926 5197 propter
955 5127 1160 5184 Christi
1194 5130 1608 5199 preteetionem,
1641 5132 1802 5199 cujus
1834 5133 2062 5204 insuper
2099 5136 2263 5206 erigi-

698 5215 988 5287 tur'iznago
1020 5229 1236 5288 propter
1260 5220 1380 5287 ejus
1414 5219 1573 5273 ﬁdem
1607 5222 1659 5274 in
1694 5221 1971 5278 Christum
1997 5264 2013 5290 ,
2045 5235 2100 5280 et
2125 5240 2261 5295 quo-

697 5309 841 5362 niam
869 5310 995 5364 huic
1016 5325 1167 5364 suam
1192 5310 1595 5365 commendavit
1615 5314 1878 5369 animam.
1908 5315 2112 5373 Deinde
2137 5333 2264 5372 ora-

697 5402 840 5455 tione
883 5401 1026 5455 l‘aeta
1048 5439 1066 5466 ,
1093 5403 1392 5469 attollitur,
1419 5413 1474 5458 et
1502 5417 1627 5458 cum
1658 5404 2002 5475 lampadibus
2041 5411 2094 5463 in
2129 5421 2260 5464 tem-

693 5497 840 5565 plum
873 5494 966 5549 Dei
998 5495 1292 5550 inducitur.

1183 5584 1412 5641 CAPUT
1446 5584 1763 5641 CCCLXIII.

692 5677 872 5743 Quare
901 5687 1142 5732 cantetur
1165 5679 1391 5747 hymnus
1419 5677 1666 5748 Trisagii,
1691 5679 1899 5747 quando
1926 5679 2171 5748 defuncti
2201 5684 2254 5734 in

1193 5746 1443 5816 templum
1483 5746 1802 5816 inferuntur.

754 5837 1002 5907 Hymnus
1028 5855 1174 5906 vero.
1195 5843 1320 5898 dum
1345 5843 1656 5897 inte-runtur
1676 5844 1990 5903 sacerdotes
2021 5855 2075 5904 et
2103 5846 2249 5911 laici,

2375 1970 2533 2023 τερον
2562 1954 3002 2022 ἀναγινώσκεται
3030 1956 3119 2008 ἐπ’
3140 1956 3306 2008 αὐτὸν
3333 1957 3434 2025 ἤδη
3483 1955 3829 2008 τελευτῶντα
3860 1971 3872 1985 ·
3917 1957 3950 2025 ἢ

2375 2046 2471 2096 καὶ
2497 2043 2637 2113 μετὰ
2675 2043 2926 2108 Θάνατον,
2960 2047 3007 2097 εἰ
3038 2048 3064 2098 ὁ
3100 2047 3289 2114 καιρὸς
3335 2045 3574 2112 δίδωσιν,
3617 2045 3694 2108 ὡς
3721 2047 3958 2112 εὐαγγε-

2375 2135 2542 2198 λικῶς
2569 2135 2731 2188 αὐτδν
2760 2135 3036 2206 ζήσαντα·
3071 2136 3186 2206 ἅμα
3216 2136 3272 2189 δὲ
3320 2137 3413 2189 καὶ
3459 2139 3537 2201 εἰς
3573 2139 3802 2208 ἰλασμὸν
3859 2142 3954 2191 καὶ

2376 2226 2648 2295 άγιασμδν
2680 2225 2848 2279 αὐτοῦ
2872 2228 2936 2278 ὲκ
2966 2229 3075 2280 τῶν
3103 2227 3397 2282 Θειοτάτων
3415 2229 3613 2298 λογίων
3635 2244 3649 2258 ⁶
3684 2230 3808 2283 τίνα
3842 2233 3953 2301 γάρ

2372 2320 2537 2388 ἔτερα
2562 2320 2641 2380 εἰς
2673 2319 2955 2384 ὲξιλέωσιν
2982 2318 3120 2372 Θεοῦ
3147 2321 3372 2390 μείζονα
3398 2322 3538 2392 ὑπὲρ
3560 2321 3652 2375 τοῦ
3687 2324 3950 2392 κειμένου

2376 2410 2784 2480 ἔσταιῆταῦτα
2830 2412 3151 2482 λεγόμενα;
3199 2414 3486 2482 Σάρκωσις
3542 2414 3680 2468 Θεοῦ
3732 2432 3951 2482 καταγ-

2374 2503 2698 2572 γελλομένη,
2728 2502 3096 2569 διδασκαλίαι,
3136 2506 3434 2574 μυστήρια,
3493 2505 3638 2567 δόσις
3702 2507 3954 2575 ἀφέσεως

2371 2595 2755 2664 ἐγκλημάτων,
2779 2595 2846 2648 τὰ
2881 2594 3022 2665 ὑπὲρ
3060 2596 3218 2664 ἡμῶν
3252 2595 3420 2665 πάθη,
3450 2598 3478 2649 ὁ
3527 2597 3794 2660 ζωοποιδς
3837 2597 3934 2649 Θά-

2373 2703 2552 2748 νατος,
2579 2687 2672 2738 καί
2706 2687 2740 2755 ἠ
2773 2685 2994 2756 ἔγερσις
3019 2702 3033 2716 ·
3077 2686 3219 2754 ὑπὲρ
3247 2686 3470 2740 ἃπασαν
3500 2682 3594 2740 οὖν
3619 2687 3797 2741 ταῦτα
3824 2690 3954 2741 axo-

2371 2775 2633 2828 λουοίαν·
2665 2774 2761 2828 καὶ
2818 2774 3042 2827 λεκτέον
3099 2774 3192 2828 ἐπὶ
3248 2779 3362 2838 τοῖς
3418 2775 3764 2846 ἰερωμένοις.
3825 2778 3950 2829 Ἐπὶ

2371 2868 2427 2921 δὲ
2463 2869 2754 2938 μονάξουσι
2787 2869 2848 2921 τὸ
2871 2868 3212 2938 Ψαλτήριον,
3239 2867 3267 2920 δ
3294 2870 3388 2923 καὶ
3417 2868 3760 2936 φυλάσσεται
3790 2872 3946 2938 παρὰ

2372 2961 2482 3022 τοῖς
2507 2959 2722 3022 πολλοῖς
2753 2960 2857 3025 ἔτι,
2912 2960 3006 3013 καὶ
3029 2961 3134 3022 ἕως
3151 2960 3246 3012 τοῦ
3281 2960 3374 3012 νῦν
3406 2960 3647 3027 λέγεται.
3677 2961 3788 3013 Kal
3804 2962 3950 3015 οὕτω

2372 3049 2470 3118 τῆς
2490 3048 2655 3117 εὐχῆς
2679 3047 2754 3110 ὡς
2783 3049 2904 3110 E00;
2927 3049 3023 3101 σὺν
3067 3047 3353 3118 Τρισαγίῳ
3380 3049 3566 3102 ἐπάνω
3631 3049 3826 3102 τούτου
3861 3067 3948 3117 γιο

2374 3143 2608 3212 νομένης
2639 3143 2734 3194 καὶ
2759 3141 3134 3211 θυμιάματος,
3173 3142 3256 3194 ὅτι
3305 3141 3428 3210 Θεῷ
3459 3142 3819 3211 παραδέδωκε
3849 3144 3947 3212 τὴν

2376 3233 2575 3302 ψυχὴν,
2611 3233 2706 3284 καὶ
2737 3233 2797 3284 τὸ
2816 3234 2975 3302 σῶμα
3005 3235 3343 3303 ἡγιασμένον
3375 3236 3550 3302 άγίως
3578 3239 3644 3305 τῇ
3671 3239 3744 3305 γῇ
3770 3254 3950 3306 rupa-

2376 3325 2613 3377 δίδοται⁶
2653 3325 2748 3376 καὶ
2805 3325 2865 3377 τὸ
2899 3325 3153 3394 Θυμίαμα
3196 3327 3306 3396 γὰρ
3356 3327 3475 3396 Θεῷ
3534 3329 3948 3396 προσαγόμενον

2375 3414 2455 3476 εἰς
2486 3414 2714 3483 ἰλασμόν
2747 3417 2894 3468 ἐστιν
2935 3417 3077 3486 ὑπὲρ
3109 3415 3201 3468 τοῦ
3257 3419 3537 3486 κειμένου,
3597 3421 3691 3470 καὶ
3749 3419 3947 3486 δεῖγμα

2373 3507 2471 3571 τῆς
2501 3505 2758 3567 εὐσεϐοῦς
2783 3504 2946 3557 αὑτοῦ
2983 3507 3077 3558 καὶ
3106 3504 3390 3575 ὀρθοδόξου
3426 3507 3591 3577 ζωῆς,
3645 3509 3948 3562 εὐωδεστά-

2371 3610 2474 3661 της
2505 3592 2671 3662 οὔσης
2700 3593 2775 3656 ὡς
2809 3595 3085 3665 καθαρᾶς.
3117 3591 3250 3648 Εἶτα
3283 3601 3528 3666 αῐρουσι,
3565 3599 3660 3650 καί
3717 3601 3796 3660 εἰς
3854 3603 3944 3650 τὸν

2375 3687 2502 3740 ναὸν
2526 3688 2664 3755 μετά
2700 3688 3005 3758 λαμπάδων
3047 3689 3364 3758 κομίζουσι,
3389 3691 3448 3742 τὸ
3476 3689 3618 3744 Θεῖον
3648 3693 3827 3744 ἐκεῖνο
3853 3694 3944 3744 καὶ

2376 3777 2800 3833 ἀκατάπαυστον
2817 3780 3185 3843 ὲκτυποῦντες
3227 3781 3363 3850 φῶς.
3397 3782 3458 3835 Εἰ
3501 3781 3559 3836 δέ
3599 3799 3662 3850 γε
3712 3785 3946 3852 μοναχδς

2374 3874 2402 3923 6
2433 3872 2759 3942 τελευτήσας
2788 3874 2929 3938 ἐστὶ,
2965 3873 3104 3942 μετὰ
3153 3874 3215 3927 τὸ
3269 3876 3679 3942 ἀποσπογγίσαι
3716 3894 3951 3947 σταυρο-

2375 3963 2554 4025 ειδῶς,
2589 3965 2656 4015 τά
2687 3963 2782 4017 τοῦ
2817 3966 3102 4034 σχήματος
3132 3965 3524 4033 ὲνδιδύσκουσι,
3558 3971 3662 4021 καὶ
3691 3970 3786 4022 τὶν
3816 3988 3952 4037 μαν-

2371 4050 2507 4105 δύαν
2533 4052 2741 4105 ἄνωθεν
2763 4054 3224 4125 ιπιρράπτουσιν,
3255 4056 3314 4119 ὃς
3355 4058 3450 4110 καὶ
3479 4058 3555 4121 ὡς
3589 4059 3766 4126 τάφος
3800 4061 3951 4112 ἐστὶν

2373 4149 2523 4217 αὐτῷ
2555 4161 2570 4177 '
2600 4151 2693 4200 xal
2725 4151 2994 4220 σταυροὺς
3031 4149 3240 4202 ἄνωθεν
3265 4151 3569 4216 ποιοῦντες,
3595 4149 3685 4203 διὰ
3711 4151 3950 4221 Χριστὸν

2374 4232 2819 4305 ᾦζὲσταύρωται.

2939 4329 3190 4384 ΚΕΦΔΛ.
3244 4329 3414 4384 ΤΞΒ⁹.

2372 4422 2528 4475 Arar!
2556 4422 2699 4491 ἁγία
2734 4422 2912 4476 εἰκὼν
2930 4423 3133 4476 ἐπάνω
3156 4423 3260 4476 τοῦ
3313 4424 3614 4492 λειψάνου
3663 4427 3771 4481 τοῦ
3833 4443 3951 4480 κοι-

2853 4492 3153 4561 μηθέντος
3201 4493 3447 4548 τίθεται.

2441 4583 2552 4635 Kal
2573 4583 2762 4636 εἰκόνα
2779 4584 2944 4636 αὐτοῦ
2969 4583 3141 4655 οὗπερ
3155 4584 3468 4655 ἠγάπησεν,
3495 4584 3683 4638 ἐπάνω
3703 4587 3947 4642 τιθέασι.

2371 4673 2478 4724 Καὶ
2504 4674 2602 4741 τὴν
2626 4671 2790 4743 εὐχὴν
2817 4672 3102 4742 εἰρηκότος
3152 4672 3250 4725 τοῦ
3311 4673 3528 4741 ἰερέως,
3557 4675 3815 4744 αἴρουσιν
3849 4681 3953 4730 αὐ-

2369 4760 2483 4824 τὸν,
2519 4762 2613 4812 καὶ
2644 4763 2723 4822 εἰς
2755 4760 2848 4812 τὸν
2874 4761 3019 4816 Θείον
3063 4761 3195 4814 ναὸν
3227 4765 3370 4831 μετά
3423 4763 3732 4832 λαμπάδων
3777 4774 3945 4837 κομί-

2369 4851 2576 4915 ζουσιν.
2608 4852 2838 4922 Ὁμοίως
2868 4854 2923 4906 δὲ
2955 4855 3051 4907 καὶ
3071 4855 3232 4926 263
3273 4857 3330 4909 έν
3357 4856 3566 4921 λαῑκοῖς
3581 4859 3792 4926 γίνεται
3816 4879 3828 4891 ·
3856 4879 3955 4915 κα-

2370 4943 2636 5014 θαράξγὰρ
2659 4945 2932 5000 ὲνδύουσιν
2949 4947 3054 5000 άπὸ
3085 4950 3192 5001 τῶν
3225 4951 3488 5019 συνήθων.
3512 4951 3658 5006 Ἀνω
3675 4952 3728 5004 δὲ
3743 4954 3951 5006 τούτων

2372 5037 2518 5106 ἰερδν
2545 5037 2788 5091 τιθέασιν
2829 5038 3085 5105 ἐπιπλον,
3109 5042 3192 5092 ὃτι
3217 5043 3414 5105 πιστός
3439 5059 3499 5095 τε
3533 5045 3631 5096 καὶ
3659 5045 3810 5110 ἰερδς
3849 5049 3948 5098 καὶ

2370 5129 2476 5181 ὑπὸ
2505 5129 2604 5199 τὴν
2628 5129 2723 5182 τοῦ
2771 5131 3015 5196 Χριστοῦ
3073 5132 3309 5202 σκέπην.
3361 5136 3473 5189 Kal
3539 5135 3705 5189 εἰκὼν
3759 5140 3951 5192 ἐπάνω

2368 5220 2560 5272 τούτου
2583 5221 2672 5273 διὰ
2705 5221 2805 5291 τὴν
2835 5226 2917 5286 εἰς
2947 5224 3184 5290 Χριστὸν
3225 5225 3411 5279 πίστιν
3451 5227 3662 5281 τίθεται
3699 5245 3714 5259 ο
3741 5236 3837 5285 καὶ
3865 5234 3948 5285 ὅτι

2366 5311 2540 5381 τούτῳ
2574 5313 2859 5380 παρέδωκε
2884 5315 3202 5386 τὴνψυχήν.
3230 5316 3342 5370 Kal
3373 5318 3475 5387 τῆς
3498 5319 3664 5388 εὐχῆς
3711 5321 3938 5391 λεγομέο

2368 5420 2464 5471 νης
2495 5405 2734 5473 αἰρεται,
2774 5407 2868 5457 καὶ
2899 5407 2997 5459 σὺν
3029 5406 3318 5474 λαμπάσιν
3349 5411 3430 5469 εἰς
3479 5410 3575 5461 τὸν
3610 5408 3760 5464 θεῖον
3808 5414 3946 5467 ναὸν

2367 5497 2664 5565 ἀπάγεται.

2929 5592 3182 5647 ΚΕΦΑΔ.
3215 5592 3378 5648 ΤΞΓ.

2365 5683 2527 5736 Arari
2555 5685 2587 5735 ὁ
2627 5681 2937 5750 Τρισὰγιος
2964 5685 3155 5751 ὕμνος
3201 5683 3429 5750 ᾅδεται,
3454 5685 3525 5738 ἐν
3564 5685 3642 5749 τῷ
3672 5685 3819 5753 τοὺς
3844 5703 3944 5742 τε·

2575 5753 2918 5819 λευτῶντας
2945 5757 3031 5820 εἰς
3063 5756 3168 5807 τὸν
3191 5757 3344 5809 ναὸν
3364 5756 3721 5823 ἀπάγεσθαι.

2437 5845 2645 5910 ’Υμνος
2680 5845 2735 5900 δὲ
2771 5847 2827 5901 ἐν
2855 5847 2930 5908 τῷ
2966 5848 3268 5909 ἁπάγεσοοι
3301 5850 3634 5909 ἰεοωαένους
3679 5850 3772 5904 καὶ
3819 5850 3946 5907 lato
