4170 6444
199 404 296 465 753

1245 403 1658 465 EXPOSITIO
1685 404 1902 466 SACRI
1940 406 2301 469 SYMBOLI.

3319 417 3420 480 754

197 515 401 578 σιλέως,
444 515 603 584 καὶὴ
656 512 890 582 δευτέρα
919 511 1012 565 ἐπὶ
1041 509 1324 565 Θεοδοσίου
1375 512 1466 564 τοῦ
1517 510 1744 581 φιλοχρί-

1863 514 2263 570 confcssionein
2297 533 2544 589 vermque
2579 533 2644 575 ac
2691 521 3008 577 orthodoxa:
3050 523 3168 578 nilei
3203 502 3418 596 signum

139 604 143 607 ’
198 623 316 658 στου
345 605 607 676 βασιλέως
639 607 695 657 ἔν
719 605 784 674 τῇ
827 603 1188 674 βασιλευούσῃ
1235 604 1752 656 Κωνσταντινουπό-

192 697 268 751 λει
317 697 427 751 τῶν
456 695 651 751 ἑκατὸν
685 698 1024 765 πεντήκοντα
1083 695 1254 762 ἁγίων
1292 694 1550 765 Πατέρων
1604 694 1753 748 σύνο-

188 790 398 852 δοι,καὶ
442 788 879 858 συνεγράψαντο,
938 789 1030 840 καὶ
1075 785 1436 840 τελειώσασαι
1491 787 1753 840 έῦεςαίω-

191 897 304 933 σαν.
360 873 431 951 Ὦ
488 897 595 934 τινι
653 879 718 950 δὴ
767 881 861 934 καὶ
909 881 963 932 αἱ
1015 878 1134 948 μετ’
1174 879 1344 941 αὑτὰς
1370 878 1753 946 οἰκουμενικαὶ

187 971 321 1024 θεῖαι
349 970 513 1024 πέντε
543 970 752 1024 σύνοδοι
783 969 1350 1040 κατακολουθήσασαι,
1392 969 1558 1039 μηδὲν
1586 985 1754 1039 προσ-

189 1061 361 1116 θεῖσαι
421 1062 545 1131 μηδ’
589 1061 946 1131 ἀφελόμεναι,
1007 1060 1289 1129 ἀκραιφνῆ
1346 1061 1437 1112 τὸν
1488 1061 1753 1129 Χριστια-

187 1154 372 1222 νισμὸν
415 1154 550 1223 ημῖν
580 1154 942 1222 τετηρήκασι,
972 1154 1068 1206 καὶ⁵
1095 1151 1255 1204 τοῦτο
1297 1151 1396 1220 τῆς
1426 1150 1752 1220 Ἐκκλησίας

188 1244 451 1313 θεμέλιος.
515 1246 628 1299 Καὶ
719 1245 831 1298 τῶν
902 1242 1278 1297 εὐσεϐούντων
1341 1241 1604 1311 ὁμολογία
1654 1242 1752 1310 τῆς

185 1335 410 1404 ἀληθοῦς
466 1353 526 1390 τε
583 1339 676 1391 καὶ
732 1336 1016 1406 όρθοδόξου
1072 1336 1311 1397 πίστεως
1371 1336 1619 1402 σημεῖον,
1658 1335 1751 1385 καὶ

187 1429 375 1498 στήλη,
407 1430 500 1482 καὶ
553 1431 679 1499 ὄρος
719 1429 968 1498 ἀσφαλὴς
1026 1429 1120 1482 καὶ
1163 1427 1477 1490 ἀσάλευτος.
1536 1426 1752 1494 Ταύτην

183 1519 279 1588 τὴν
313 1519 604 1589 ὁμολογίαν
625 1521 654 1572 6
683 1520 922 1590 ἀρχῆθεν
952 1521 1210 1589 πολέμιος
1258 1519 1316 1584 ἐξ
1348 1519 1521 1586 ἀρχῆς
1580 1535 1748 1570 κατα-

187 1610 463 1678 πολεμῶν,
499 1610 574 1674 ῶς
615 1609 711 1662 καὶ
756 1611 846 1662 τὸν
895 1609 1183 1680 ἄνθρωπον
1222 1610 1393 1662 πάλαι
1450 1608 1553 1676 τῆς
1600 1608 1750 1669 θείας

181 1701 512 1755 ἐσπούδακεν
543 1701 743 1768 ἐξῶσαι
792 1701 1009 1770 βουλῆς.
1049 1702 1155 1754 Καὶ
1187 1701 1283 1753 νῦν
1318 1700 1524 1761 ἀθέοις,
1553 1700 1750 1767 ἑτερο-

177 1794 346 1858 δόξοις
390 1811 448 1847 τε
511 1796 786 1858 πλείστοις
834 1794 934 1864 τὴν
985 1795 1126 1863 πρὸς
1174 1792 1348 1862 αὐτὴν
1414 1791 1749 1860 ἀναθέμενος

183 1889 382 1957 μάχην,
413 1890 615 1954 ἐξῶσαι
640 1889 805 1942 πάλιν
840 1889 937 1954 τῆς
963 1885 1224 1956 ἀψευδοῦς
1269 1883 1589 1938 ἑπισπεύδει
1655 1883 1746 1934 τὸν
1779 1867 1820 1922 Β

181 1977 466 2046 ἄνθρωπον
522 1977 796 2046 γνώσεως.
865 1976 1002 2029 Ἀλλ’
1063 1978 1198 2045 ἡμῖν
1274 1974 1582 2044 φυλακτέον
1645 1971 1744 2043 τὴν

179 2067 380 2121 πίστιν.
423 2070 484 2122 Εἰ
515 2071 622 2138 γὰρ
658 2070 752 2123 καὶ
786 2070 1085 2138 ἁμαρτίαις
1129 2068 1228 2120 οὐκ
1273 2067 1558 2119 ἀνεύθυνοι
1612 2067 1745 2119 πάν-

177 2175 302 2221 τως.
336 2158 474 2211 ἀλλά
497 2176 560 2226 γε
584 2162 650 2229 τῇ
679 2158 940 2229 μετανοίᾳ
973 2157 1066 2212 καὶ
1091 2156 1272 2210 πίστει
1307 2156 1443 2225 πρὸς
1485 2155 1546 2208 τὸ
1571 2155 1746 2222 σωθῆ-

179 2264 266 2299 ναι
290 2246 512 2319 θαρρεῖν
565 2249 803 2312 ἅπαντες
843 2248 1058 2318 ἔχομεν.
1121 2245 1520 2315 Ὀμολογητέον
1567 2246 1743 2296 τοίνυν

179 2338 276 2408 τὴν
308 2339 477 2411 καλὴν
501 2341 816 2409 ὁμολογίαν,
844 2342 939 2394 καὶ⁴
990 2339 1357 2410 ὲρμηνευτέον
1402 2338 1501 2404 τὴν
1546 2337 1746 2404 γνῶσιν

173 2431 369 2500 ταύτης
391 2431 465 2495 ὼς
505 2433 750 2501 ἐφικτόν.
787 2434 858 2485 Σὺ
894 2431 949 2485 δὲ
971 2432 1139 2500 Τριάς
1168 2431 1262 2483 καὶ
1305 2430 1469 2498 μονάς
1529 2431 1556 2480 6
1613 2427 1746 2489 Θεὸς

174 2521 352 2590 ἡμῶν,
384 2525 412 2575 ό
433 2523 591 2592 μόνος
615 2523 702 2577 ἀεὶ
717 2522 813 2587 ῶν,
845 2522 1004 2593 293
1030 2525 1058 2574 6
1087 2520 1435 2590 προαιώνιος,
1465 2521 1492 2572 ό
1513 2518 1746 2589 ύπερού-

1858 607 2200 676 reliquerint,
2236 609 2472 678 itemque
2496 612 2805 665 columnam
2832 628 2895 666 ac
2916 615 3206 668 terminum
3237 618 3422 672 incon-

1855 713 2074 772 cussum
2115 699 2446 754 deﬁnieriut.
2487 701 2632 755 llanc
2667 703 3064 758 coniessionein
3092 721 3422 776 oppugnans

1857 791 1902 843 is
1935 792 2026 859 qui
2055 807 2083 844 a
2117 792 2385 862 principio
2421 794 2674 846 inimicus
2708 798 2981 850 hominem
3007 799 3072 851 ad
3103 798 3424 861 inobedien-

1857 881 1984 934 tiam
2009 897 2134 953 erga
2162 883 2490 936 voluntatem
2524 884 2764 939 divinam
2788 888 3021 952 seduxit,
3044 905 3423 961 nuncqnoquo

1856 969 2136 1026 hmreticos
2158 975 2223 1028 ad
2249 976 2594 1030 rebellionem
2638 977 2838 1029 excitat
2863 990 2914 1031 ut
2938 980 3206 1034 hominem
3227 997 3254 1034 a
3283 984 3420 1033 veri-

1855 1062 2003 1123 tatis,
2029 1063 2080 1114 in
2103 1080 2208 1132 qua
2247 1066 2378 1118 nihil
2411 1066 2556 1129 falsi,
2579 1068 2887 1134 cegnitione
2923 1083 3218 1125 semet-eat.
3255 1073 3420 1126 Nobis

1854 1164 2034 1207 autem
2057 1166 2181 1208 ante
2204 1157 2380 1208 omnia
2417 1158 2548 1211 lides
2579 1165 2665 1212 est
2684 1158 2969 1214 servanda.
2991 1158 3251 1225 Quamvis
3269 1164 3414 1216 enim

1853 1259 1881 1297 a
1917 1245 2156 1312 peccatis
2193 1245 2413 1298 minime
2449 1248 2718 1301 immunes
2755 1249 2949 1312 simus,
2995 1265 3188 1303 omnes
3240 1263 3416 1306 tamen

1855 1349 1951 1402 per
1984 1321 2356 1400 pmnitcntiam
2409 1336 2564 1387 iidem
2601 1338 2857 1390 amissam
2901 1354 3224 1408 recuperare
3279 1344 3421 1395 vale-

1853 1439 1995 1478 tnus.
2021 1424 2387 1478 Conliteatnur
2418 1425 2578 1493 igitur
2613 1437 2864 1479 sam-tnui
2909 1431 3236 1497 symbolum,
3270 1433 3420 1491 citis-

1853 1530 1956 1582 que
1986 1515 2350 1583 cognitionem
2383 1515 2581 1584 ubique
2620 1519 2918 1585 t'ulgcinns.
2945 1518 3023 1573 Tu
3054 1531 3254 1588 autem,
3280 1523 3420 1577 Deus

1853 1617 2038 1661 noster
2067 1608 2210 1664 triue
2250 1616 2304 1662 ct
2352 1607 2535 1671 unice,
2599 1610 2688 1675 qui
2755 1611 2905 1663 solus
2946 1629 3004 1664 cs
3046 1621 3171 1665 ante
3199 1615 3416 1678 san‘ula,

1852 1712 2015 1766 super
2048 1712 2263 1753 omnem
2296 1699 2677 1762 substantiam,
2716 1715 2931 1753 omnem
2967 1718 3231 1770 superans
3260 1706 3419 1756 ἱιιιιιιο

1854 1788 2071 1849 lectum,
2102 1787 2262 1843 Pater
2293 1791 2495 1858 optime
2543 1800 2596 1844 et
2635 1807 2856 1844 causam
2889 1809 2996 1846 non
3052 1794 3281 1860 habens,
3319 1797 3415 1849 Fili

1854 1879 2130 1948 nnigenite
2151 1889 2204 1934 et
2231 1880 2322 1936 Dei
2361 1880 2620 1945 Verbum,
2647 1891 2700 1936 et
2730 1885 2966 1952 Spiritus
2997 1898 3185 1940 sancte
3205 1903 3233 1940 e
3263 1888 3418 1942 l'atre

1855 1973 2176 2042 procedens,
2205 1975 2359 2028 unica
2390 1984 2647 2042 potestas,
2681 1976 2898 2028 unicum
2928 1979 3415 2048 omniumrprinci-

1852 2069 2024 2135 pium,
2066 2081 2244 2119 rerum
2294 2082 2415 2134 qua:
2465 2083 2569 2120 non
2624 2078 2777 2120 erant
2813 2069 3097 2134 Conditor,
3140 2080 3192 2124 et
3234 2073 3419 2126 omnia

1852 2160 2160 2220 coiitinens.
2211 2165 2265 2211 et
2301 2159 2698 2213 rationabiliuin
2735 2161 3075 2215 illuminator
3120 2170 3284 2232 atque
3318 2165 3421 2217 do-

1851 2256 1990 2313 ctor,
2026 2248 2196 2316 dirige
2237 2263 2336 2303 nos
2373 2250 2468 2318 qui
2516 2249 2754 2303 divinam
2808 2251 3182 2321 expattdantus
3218 2270 3312 2322 pro
3345 2255 3420 2306 vi-

1858 2341 2007 2393 ribus
2038 2340 2342 2402 scientiam,
2389 2341 2586 2393 virtute
2631 2330 2983 2412 bonitateque
3017 2355 3126 2397 tua.
3157 2346 3415 2398 Sanctiti-

1856 2429 1962 2482 cati
1992 2444 2121 2496 ergo
2156 2440 2208 2482 et
2235 2429 2516 2484 Trinitatis
2553 2433 2894 2486 invocatione
2928 2433 3166 2504 signati,
3204 2435 3419 2490 confes.

1854 2520 2025 2574 sionis
2063 2520 2379 2590 Symbolum
2427 2522 2767 2590 incipiamus.

174 2632 308 2682 σιος,
341 2616 370 2668 6
393 2617 796 2687 ἀκατάληπτος,
829 2618 1009 2687 Πάτερ
1039 2615 1208 2684 ἀγαθὲ
1233 2616 1325 2668 καὶ
1354 2613 1585 2680 ἀναίτιε,
1609 2614 1699 2666 Υἱὲ
1737 2617 2022 2682 μονογενὲς
2063 2616 2156 2667 καὶ
2183 2615 2321 2680 Λόγε
2348 2614 2501 2672 Θεοῦ.
2535 2616 2628 2667 καὶ
2661 2615 2881 2684 Πνεῦμα
2904 2615 3058 2684 ἅγιον
3109 2618 3171 2669 ἐκ
3207 2618 3417 2686 Πατρὺς

172 2715 594 2783 προερχόμενον,
620 2717 654 2784 ἠ
689 2715 786 2783 μία
817 2713 1063 2782 δύναμις,
1097 2713 1130 2781 ἡ
1168 2714 1264 2781 μία
1282 2711 1389 2763 τῶν
1412 2711 1547 2763 ὅλων
1573 2711 1736 2779 ἀρχὴ,
1770 2712 1802 2779 ἠ
1837 2711 2166 2779 δημιουργὸς
2197 2713 2259 2762 ὲκ
2294 2711 2368 2779 μὴ
2401 2711 2586 2768 ὄντων,
2621 2711 2713 2763 καὶ
2735 2714 3028 2780 συνεκτικὴ
3066 2714 3282 2766 πάντων
3324 2711 3420 2763 καὶ

171 2807 281 2860 τῶν
319 2805 552 2875 λογικῶν
579 2806 880 2876 φωτιστικὴ
908 2808 1001 2861 καὶ
1035 2805 1379 2868 διδάσκαλος,
1410 2805 1715 2875 χορήγησον
1763 2805 1895 2872 ἡμῖν
1934 2821 2026 2854 σου
2081 2803 2177 2873 τὴν
2218 2803 2366 2854 θείαν
2417 2803 2751 2871 διασαφῆσαι
2793 2805 2993 2870 γνῶσιν
3055 2806 3130 2866 ὡς
3185 2805 3418 2874 ἐγχωρεῖ

172 2901 420 2969 ἐνεργείᾳ.
446 2901 512 2968 τῇ
539 2901 604 2969 σῇ
625 2899 717 2950 καὶ
741 2899 1091 2968 χρηστότητι.
1124 2896 1604 2961 Καθαγιασθέντες
1632 2894 1825 2947 οὐκοῦν
1860 2897 2039 2963 ἡμεῖς,
2065 2912 2153 2945 κατ
2183 2895 2606 2963 σφραγισθέντες
2638 2898 2702 2965 τῇ
2732 2895 3014 2966 ἐπικλήσει
3044 2899 3139 2966 τῆς
3165 2900 3416 2977 Τριάδος⁸

171 2995 266 3046 καὶ
301 2990 394 3045 τοῦ
427 2991 703 3060 Συμϐόλου
741 2991 838 3059 τῆς
861 2990 1149 3057 ὁμολογίας
1173 2990 1341 3059 αὐτῆς
1392 2987 1708 3058 ἀρξώμεθα.

172 3081 441 3136 Πιστεύω
492 3082 580 3144 εις
633 3078 742 3131 ἕνα
790 3078 939 3130 Θεὸν
982 3076 1213 3146 Πατέρα
1262 3079 1736 3145 παντοκράτορα.

1917 3071 2084 3126 Credo
2113 3074 2164 3126 in
2205 3090 2365 3126 unum
2401 3073 2564 3128 Deum
2593 3074 2752 3128 Patre
2801 3094 2848 3129 ni
2878 3079 3309 3146 omnipotentem.

254 3174 342 3237 Ὠς
381 3173 667 3242 θαυμαστὴ
707 3173 740 3242 ἡ
778 3169 886 3224 τῶν
941 3169 1204 3240 Πατέρων
1259 3168 1531 3238 θεολογία.
1577 3169 1733 3221 Κατὰ

1905 3183 1950 3238 0
1987 3186 2122 3238 inira
2175 3184 2393 3239 Pati-mn
2449 3188 2737 3257 theologia.
2787 3191 2946 3257 cujus
2993 3193 3254 3246 adversus
3300 3209 3418 3246 oni-

173 3267 390 3323 πάντων
419 3267 525 3335 γὰρ
548 3265 709 3326 εὐθὺς
737 3263 847 3317 τῶν
881 3261 1221 3316 ἀσεσούντων
1256 3262 1476 3315 πλουτεί
1517 3261 1577 3312 τὸ
1605 3276 1738 3328 προ-

170 3362 373 3430 οίμιον,
415 3358 478 3410 τὸ
507 3355 778 3411 Πιστεύω
810 3354 910 3423 μὲν
959 3353 1277 3422 προτιθεῐσα
1310 3352 1399 3405 διὰ
1432 3352 1492 3404 τὸ
1523 3353 1620 3420 τῆς
1651 3352 1736 3403 πί-

173 3468 347 3512 στεως
367 3449 638 3516 ἀσφαλέςο
681 3449 772 3513 εις
802 3446 911 3499 ἕνα
948 3446 1003 3499 δὲ
1055 3444 1205 3499 Θεὸν
1253 3444 1486 3513 Πατέρα
1515 3461 1737 3498 παντο-

173 3543 453 3611 κράτορα,
480 3543 561 3592 ὅτι
591 3539 722 3601 Θεὸς
770 3533 872 3602 εἷς,
906 3539 1002 3591 καὶ
1034 3532 1212 3601 οὗτος,
1245 3537 1452 3607 Πατὴρ,
1485 3537 1558 3599 ὼς
1585 3537 1735 3607 πηγὴ

170 3634 285 3686 τῶν
323 3632 381 3697 ἐξ
411 3630 598 3694 αὑτοῦ,
640 3629 768 3682 Υίοῦ
799 3645 858 3681 τε
894 3630 990 3681 καὶ
1023 3629 1338 3698 Πνεύματος
1362 3643 1377 3659 ο
1414 3629 1506 3680 καὶ
1531 3629 1735 3680 Παντο-

169 3724 398 3792 κράτωρ
424 3721 598 3786 οὗτος,
641 3719 724 3780 ὠς
757 3720 894 3788 μετά
923 3717 1017 3770 τοῦ
1068 3703 1243 3784 Λόγου
1291 3719 1385 3770 καὶ
1426 3718 1736 3784 Πνεύματος

166 3817 282 3868 τῶν
303 3815 438 3867 ὅλων
475 3813 788 3880 κτισμάτων
828 3811 1078 3880 ποιητής.
1116 3808 1273 3861 Ἐπεὶ
1315 3810 1424 3878 γὰρ
1458 3810 1600 3859 κατὰ
1640 3805 1736 3876 τὴν

171 3906 454 3966 κίωῦσέως
512 3902 857 3971 συγγραφὴν,
914 3901 1036 3969 ἥτις
1084 3900 1425 3969 ἀληθεστάτη
1485 3899 1584 3967 μὲν
1644 3900 1738 3949 καὶ

165 4000 505 4070 ἀρχαιοτάτη
531 3998 700 4060 ἐστὶν,
733 3994 950 4064 ἐπιδεὴς
979 3993 1034 4046 δὲ
1066 3995 1224 4063 μόνον
1247 3993 1341 4045 τοῦ
1385 3993 1530 4044 θείου
1559 3993 1736 4057 Εὐαγ-

165 4093 260 4159 γε)
278 4091 378 4153 ίου,
415 4089 650 4156 σκιώδης
687 4083 820 4140 οὖσα
860 4089 955 4140 καὶ
989 4086 1208 4154 ἀτελὴς,
1251 4080 1330 4147 εἷς
1370 4083 1499 4145 Θεὸς
1533 4083 1738 4134 ἐδιδάσ-

165 4200 300 4235 κετο
331 4184 512 4246 μόνον,
545 4181 574 4232 6
606 4179 792 4246 Πατὴρ
817 4177 1055 4246 δηλονότι
1082 4192 1098 4208 ο
1127 4177 1154 4227 6
1180 4175 1236 4228 δέ
1267 4191 1330 4242 γε
1364 4176 1533 4241 Λόγος
1560 4175 1651 4226 καὶ
1677 4174 1738 4226 τὸ

168 4273 402 4343 Πνεῦμα
437 4271 692 4340 ἀμυδρῶς
737 4265 804 4338 ἦν
852 4272 909 4321 ἐν
956 4268 1091 4338 αὐτῇ
1146 4267 1607 4336 μαρτυρούμεναο
1651 4267 1739 4317 ού-

167 4364 336 4432 ρανδς
365 4363 420 4414 δὲ
457 4361 556 4413 καὶ
602 4359 676 4427 γῆ
729 4360 822 4412 καὶ
859 4360 925 4410 τά
962 4359 1020 4409 ὲν
1062 4358 1246 4419 αὐτοῖς
1289 4357 1504 4409 ἅπαντα
1538 4358 1597 4420 ἐξ
1639 4358 1738 4410 ούκ

162 4458 340 4508 ὄντων
363 4454 520 4522 Λόγῳ
547 4451 639 4504 καὶ
667 4450 944 4518 Πνεύματι
975 4449 1318 4516 πεποιημένα
1344 4448 1476 4501 Θεοῦ
1505 4450 1736 4517 ὲγέ-ίρα-

1847 3291 1943 3330 nes
1977 3277 2176 3345 impios
2213 3279 2323 3331 cito
2353 3280 2603 3347 praevalet
2629 3281 2978 3347 proemium.
3002 3282 3170 3336 Credo
3198 3286 3418 3352 quidem

1848 3369 2192 3436 praemittitur
2240 3369 2310 3422 ob
2355 3369 2475 3422 lidei
2527 3373 2933 3424 certitudinent.
2993 3372 3062 3426 In
3094 3390 3255 3427 unum
3288 3392 3416 3429 vero

1847 3458 2014 3511 Deum
2071 3459 2283 3513 Patrem
2336 3460 2767 3528 omnipotentem,
2819 3464 2944 3532 quia
2990 3464 3130 3519 Deus
3176 3482 3317 3520 unus
3364 3477 3416 3521 et

1847 3551 1959 3618 ipse
1987 3550 2175 3612 Pater,
2216 3561 2473 3619 tanquam
2506 3551 2627 3606 fons
2667 3568 2858 3606 eorum
2897 3556 2988 3622 qui
3012 3571 3078 3608 ex
3113 3557 3228 3624 ipso
3263 3568 3412 3618 sunt,

1845 3642 2053 3695 scilicet
2101 3641 2220 3695 Filii
2266 3652 2318 3696 et
2376 3643 2634 3712 Spiritus.
2668 3644 2736 3697 Et
2776 3647 3148 3714 omnipotens,
3186 3649 3279 3716 qui
3321 3663 3417 3716 per

1849 3731 2084 3786 Verbum
2127 3743 2180 3787 et
2220 3731 2482 3802 Spiritum
2511 3737 2752 3788 omnium
2789 3745 3161 3791 creaturarum
3213 3747 3299 3794 est
3337 3741 3415 3794 ta-

1846 3831 1984 3873 ctor.
2021 3821 2300 3888 Siquidem
2327 3821 2630 3875 secundum
2664 3821 2861 3890 Moysis
2907 3823 3258 3891 scripturam,
3290 3841 3412 3892 qua:

1848 3912 2130 3966 verissima
2159 3911 2376 3979 quidem
2408 3920 2460 3965 et
2492 3913 2888 3976 vetustissima,
2923 3923 3132 3966 tantum
3169 3930 3296 3969 vero
3327 3917 3410 3968 di-

1846 4006 1974 4055 vino
2007 4011 2126 4070 eget
2165 4000 2482 4070 Evangelia,
2512 4018 2634 4071 qua:
2667 4005 2913 4057 umbram
2945 4005 3103 4058 habet
3133 4016 3185 4059 et
3217 4007 3413 4070 imper-

1847 4091 2161 4153 fectionem,
2209 4106 2351 4144 unus
2387 4091 2528 4145 Deus
2582 4092 2848 4145 duntaxat
2895 4093 3218 4158 docebatur,
3260 4095 3412 4148 Pater

1813 4182 2088 4247 'seilicet;
2124 4180 2360 4234 Verbum
2399 4188 2580 4234 autem
2615 4195 2678 4234 ac
2715 4179 2950 4250 Spiritus
2980 4184 3316 4238 subobscure
3359 4189 3410 4238 in

1846 4268 2114 4336 scriptura
2153 4267 2570 4333 indicebantur;
2597 4269 2794 4322 ccelum
2818 4283 2945 4321 vero
2967 4280 3019 4322 et
3054 4279 3196 4324 terra
3221 4285 3273 4326 et
3297 4290 3412 4326 o:u-

1847 4363 1936 4413 nia
1959 4374 2078 4428 qua:
2109 4359 2161 4411 in
2184 4359 2266 4414 eis
2301 4368 2428 4414 sunt
2449 4374 2478 4413 e
2503 4375 2609 4413 non
2638 4360 3025 4416 exsistentibus
3055 4377 3152 4431 per
3176 4361 3408 4418 Verbum

1846 4461 1900 4506 et
1939 4450 2202 4520 Spiritum
2252 4449 2394 4503 facta
2435 4464 2465 4502 a
2516 4449 2625 4503 Deo
2675 4452 3086 4517 reputabantur.
3116 4452 3405 4508 Hominum

165 4563 279 4598 πτο
305 4561 317 4576 °
351 4545 528 4612 ἕτεροι
557 4542 613 4595 δὲ
642 4541 748 4593 τῶν
775 4540 1074 4609 ἀνθρώπων
1107 4539 1584 4608 ἀποπλανηθέντες
1608 4541 1735 4591 πολε

1848 4552 2018 4596 autem
2066 4550 2384 4595 ca’terorum
2419 4542 2738 4596 aberrantes
2791 4544 2972 4606 multi,
3009 4544 3098 4596 alii
3149 4560 3254 4598 non
3288 4561 3408 4598 esse

161 4642 276 4701 λοὶ,
317 4639 365 4690 οἱ
396 4637 495 4702 μὲν
531 4635 605 4702 μὴ
637 4630 773 4686 εἶναι
803 4633 936 4684 Θεὸν
965 4634 1279 4701 εἰρήκασιν,
1319 4633 1546 4700 ἄφρονες
1571 4633 1739 4693 ὅντως

161 4732 346 4792 ὄντες,
385 4727 478 4778 καὶ
522 4725 659 4794 τύχῃ
701 4725 792 4776 καὶ
828 4724 1140 4792 εἱμαρμένῃ
1176 4722 1236 4774 τὸ
1277 4724 1384 4774 πᾶν
1417 4724 1696 4790 ὑπέθηκαν
1723 4740 1736 4754 ·

161 4822 217 4872 oi.
252 4821 310 4871 δὲ
363 4817 501 4869 θεῶν
530 4815 749 4884 πλῆθος,
784 4815 875 4866 καὶ
914 4815 1174 4882 δυνάμεις
1208 4812 1386 4865 αὐτῶν
1440 4815 1740 4882 ἐπενόησαν

165 4911 410 4972 ἑαυτοῖς,
443 4905 886 4974 εἰδωλολατρείας
918 4905 1116 4971 μανίαν
1139 4921 1197 4957 τε
1227 4909 1318 4955 καὶ
1355 4903 1613 4958 ἀσέϐειαν
1643 4921 1739 4956 συ-

166 5004 541 5069 νεστήσαντο’
579 4997 728 5052 ἀλλοι
760 4999 816 5049 δὲ
856 4997 1146 5064 .γοητείαν,
1175 5000 1269 5048 καὶ
1311 4997 1555 5065 ἀστέρων
1589 4999 1742 5065 κινή-

166 5111 295 5155 σεις
327 5095 421 5144 καὶ
455 5093 670 5158 γένεσιν
699 5089 1123 5155 συνεσκέψαντο,
1148 5090 1238 5140 καὶ
1263 5088 1356 5140 τὸν
1394 5090 1592 5157 κόσμον
1621 5088 1740 5140 τοῦ-

162 5202 266 5235 τον
289 5183 456 5235 ἀΐδιον
484 5180 577 5232 καὶ
609 5179 947 5232 ἀκατάλυτον
975 5178 1302 5247 ὑπενόησαν,
1332 5181 1423 5230 καὶ
1452 5177 1742 5248 λατρευταὶ

161 5275 474 5343 δαιμονίων
507 5275 602 5325 καὶ
658 5272 756 5340 τῆς
787 5270 1018 5332 κτίσεως
1057 5271 1173 5338 ἅμα
1207 5271 1494 5337 γεγόνασιν
1525 5286 1538 5300 ·
1583 5273 1614 5340 ή
1646 5273 1741 5322 τυῦ

163 5366 414 5437 Χριστοῦ
449 5365 747 5435 Ἐκκλησία
780 5364 943 5416 αὐτὸν
972 5364 1064 5415 τὸν
1109 5364 1201 5416 τοῦ
1251 5364 1386 5415 Θεοῦ
1436 5364 1612 5429 λόγον,
1651 5365 1741 5415 τὸν

168 5459 447 5531 μονογενῆ
477 5458 625 5519 Υίδν,
657 5459 756 5527 τὴν
793 5458 1159 5509 ὲνυπόστατον
1210 5457 1306 5509 καὶ
1338 5455 1518 5518 ζῶσαν
1553 5456 1744 5522 σοφίαν

162 5549 494 5604 διδάσκαλον
527 5549 746 5617 ἔχουσα,
799 5546 1152 5617 διορθουμένη
1205 5545 1266 5598 τὸ
1326 5546 1454 5610 πᾶν,
1505 5547 1596 5596 καὶ
1645 5545 1744 5612 τὴν

162 5645 442 5712 ἀλήθειαν
506 5639 978 5711 ἐπιμαρτυροῦσι,
1031 5638 1392 5691 ἁποὸἀλλεται
1453 5638 1552 5706 μὲν
1603 5641 1742 5704 μετα

164 5723 273 5787 τοθ
303 5733 465 5786 Δασὶδ
496 5733 623 5794 τοὺς
665 5733 740 5802 μὴ
766 5732 1165 5799 ὁμολογοῦντας
1195 5729 1286 5781 τὸν
1312 5729 1467 5781 Θεόν.
1507 5729 1742 5788 Ἐκεῖνος

165 5829 291 5895 γάρ
326 5842 509 5897 φησιν,
549 5821 732 5880 Εἶπεν
779 5822 982 5892 ἄφρων
1039 5822 1107 5874 ἐν
1146 5817 1357 5887 καρδίᾳ
1403 5816 1588 5873 αὑτοῦ
1633 5821 1740 5870 vim

1845 4635 2009 4688 Deum
2032 4633 2307 4692 dixerunt,
2341 4632 2662 4700 insipientes
2692 4632 2868 4696 valde,
2901 4642 2954 4686 et
2980 4633 3207 4688 fortuito
3237 4636 3411 4690 fatali-

1843 4737 2033 4794 terque
2083 4725 2264 4778 omnia
2298 4724 2515 4777 condita
2563 4725 3004 4790 contenderunt;
3051 4727 3139 4779 alii
3185 4728 3408 4782 deorum

1845 4817 2248 4870 multitudinem
2281 4825 2335 4869 et
2361 4830 2552 4869 eorum
2587 4816 2815 4869 virtutes
2839 4816 2942 4870 sibi
2971 4817 3262 4882 ﬁnxerunt,
3295 4820 3408 4873 ido-

1845 4909 2087 4962 lulatriae
2123 4909 2489 4977 insipientiam
2542 4916 2594 4960 et
2621 4908 2952 4976 impietatem
2986 4911 3409 4962 constituerun'.

1843 5001 1946 5053 Alii
1979 4999 2264 5069 geniorum
2305 5000 2508 5053 cultum
2539 5009 2592 5051 et
2626 5008 2893 5051 astrorum
2931 5011 3109 5055 motus
3150 5009 3203 5052 et
3230 5012 3408 5054 ortum

1841 5087 2329 5142 'considcrat'erunt
2358 5124 2375 5150 ,
2423 5098 2476 5141 et
2511 5086 2772 5138 mundum
2811 5087 2975 5141 istutn
3006 5098 3271 5150 a-ternum
3313 5106 3411 5143 nec

1849 5195 2088 5246 unquam
2143 5182 2536 5232 destruendum
2592 5186 2956 5247 pttlaterunt,
3005 5188 3057 5232 et
3107 5182 3408 5245 daemonum

1845 5273 2084 5325 cultores
2113 5280 2273 5338 atque
2305 5277 2687 5323 creaturarum
2719 5267 2845 5322 facti
2878 5277 3026 5321 sunt.
3067 5269 3270 5322 Chriin
3307 5270 3409 5324 Ec-

1848 5366 2012 5418 clesia
2041 5365 2214 5431 ipsum
2241 5359 2334 5415 Dei
2371 5359 2626 5423 Verbum,
2650 5360 2868 5411 unicum
2904 5359 3121 5420 Filium,
3143 5361 3406 5413 viventem

1846 5464 1899 5508 et
1931 5469 2024 5522 per
2040 5467 2098 5507 se
2119 5452 2471 5507 exsistentem
2496 5451 2815 5519 sapientiam
2847 5451 3160 5518 magistrum
3183 5451 3407 5512 habens,

1852 5547 2006 5616 plene
2037 5553 2183 5601 recta
2219 5554 2272 5597 et
2305 5543 2516 5598 veritati
2551 5541 2927 5595 testiinonium
2962 5541 3270 5609 perhibens,
3304 5556 3407 5591 una

1847 5653 1967 5692 cuin
1993 5636 2194 5689 Davitie
2215 5636 2430 5703 quidem
2462 5650 2555 5688 eos
2586 5635 2812 5698 abnegat
2839 5632 2930 5699 qui
2959 5646 3064 5682 non
3095 5644 3216 5683 esse
3243 5631 3407 5683 Deum

1847 5728 2034 5780 dicunt
2067 5742 2082 5778 :
2130 5723 2400 5777 exclamat
2440 5726 2582 5774 enim
2619 5723 2733 5789 ipse
2773 5740 2785 5774 :
2822 5740 2839 5771 ‹
2875 5720 3014 5772 Dixit
3042 5720 3305 5788 insipiens
3354 5723 3406 5772 in

1847 5817 2007 5872 corde
2039 5830 2160 5880 suo,
2189 5815 2302 5869 Non
2327 5823 2409 5868 est
2443 5814 2602 5868 Deus.
2632 5833 2648 5864 ι
2689 5811 2948 5868 Similiter
2967 5822 3141 5864 autem
3171 5827 3291 5865 cum
3320 5826 3407 5866 co-
