4170 6444
191 395 277 456 ’757

1209 397 1617 461 EXPOSiTIO
1651 396 1870 465 SACRI
1907 397 2050 456 SYM
2063 391 2255 456 BOLI.

3285 393 3390 459 753

181 518 290 580 Θεὸς
337 518 521 586 Πατήρ
550 519 698 570 ἐστιν
723 515 810 570 ἀεὶ
836 514 929 568 τοῦ
963 512 1242 583 συμφυοῦς
1270 513 1416 583 αὖτῷ
1452 516 1545 565 καὶ
1575 513 1709 576 ζῶν-

1836 504 2007 558 Credo
2040 509 2091 558 in
2117 521 2275 557 unum
2311 503 2474 558 Deum
2513 505 2746 559 Patrem.
2801 505 3213 571 Ontuipotcntent
3265 508 3394 557 vero

182 629 258 671 τος
283 611 602 678 συνανάρχου
636 610 811 675 Λόγου
841 609 932 661 καὶ
959 606 1052 658 τοῦ
1079 606 1342 667 ζωοποιοῦ
1376 604 1711 673 Πνεύματος.

182 702 349 764 Καλῶς
395 702 501 772 ἄρα
536 704 566 770 ἡ
606 701 906 768 Ἐκκλησία
956 701 1110 766 φησὶ,
1167 697 1439 750 Πιστεύω
1491 698 1577 761 είς
1606 696 1717 748 ἕνα

181 795 307 846 Θεὸν
337 794 580 857 Πατέρα.
620 790 1076 856 Παντοκράτορα
1126 789 1202 853 δὲ,
1236 789 1324 842 διὰ
1355 788 1416 840 τὸ
1439 788 1506 840 τὰ
1537 785 1714 838 πάντα

179 885 414 954 συνέχειν.
463 885 539 938 05
582 883 692 952 γὰρ
739 881 874 952 τύχῃ
906 883 999 934 καὶ
1030 881 1262 949 γενέσει,
1308 878 1445 933 ἀλλὰ
1488 878 1715 948 προνοίᾳ

176 975 318 1028 αὑτοῦ
347 976 520 1027 πάντα
570 974 782 1038 ἄγεται,
819 973 866 1024 εί
925 973 1017 1024 καὶ
1052 971 1118 1022 τὰ
1155 969 1256 1040 μὲν
1278 969 1534 1029 εὐδοκῶν,
1563 969 1629 1020 τὰ
1657 968 1714 1020 δὲ

177 1066 453 1134 συγχωρῶν
500 1064 762 1135 ἀρρήτοις
803 1063 1116 1129 οἰκονομίας
1160 1060 1401 1132 τρόποις,
1429 1059 1620 1112 διοικεῖ
1655 1075 1714 1110 τε

175 1156 259 1207 καὶ
300 1155 603 1222 προνοεῖται
640 1151 1050 1221 συμφερόντως.
1085 1151 1208 1204 Ἔτι
1256 1148 1714 1216 Παντοκράτορα

172 1245 323 1310 λέγει,
360 1247 437 1297 δτι
469 1246 644 1298 πάντα
687 1244 852 1297 αὑτοῦ
887 1244 981 1296 καὶ
1008 1242 1066 1307 ἐξ
1111 1241 1276 1296 αὐτοῦ
1304 1240 1715 1311 δημιουργικῶς

170 1332 240 1402 τῷ
265 1334 411 1403 Λόγῳ
440 1324 626 1386 τεκαὶ
676 1334 755 1402 τῷ
787 1334 1087 1400 Πνεύματι,
1116 1332 1192 1394 ὡς
1221 1334 1286 1384 ἐκ
1341 1333 1414 1402 μὴ
1447 1332 1616 1384 ὄντων
1648 1332 1716 1384 τὰ

170 1427 326 1478 πάντα
357 1427 738 1495 πεποιηκότος.
773 1428 956 1480 Πάντα
978 1424 1071 1479 οὖν
1091 1427 1393 1495 διακρατεῐ,
1424 1428 1511 1478 καὶ
1537 1427 1711 1488 καλῶς

166 1517 534 1588 διακυϐερνῶν,
563 1518 778 1586 συνέχει
803 1517 875 1578 ὡς
901 1518 1168 1587 βούλεται.
1196 1520 1288 1572 Διὸ
1324 1518 1411 1570 καὶ
1434 1518 1712 1586 ποιήματα

164 1611 342 1662 τούτου
375 1605 512 1664 εἶναι
539 1609 607 1663 τὰ
633 1608 810 1662 πάντα.
842 1608 901 1661 τὸ
939 1609 1081 1680 ίερόν
1125 1627 1257 1678 φησι
1297 1608 1594 1679 Σύμϐολον,
1629 1608 1711 1661 λέ-

163 1718 254 1768 γον
283 1701 439 1754 αὑτὸν

163 1811 415 1882 "oratur
439 1814 700 1883 οὐρανοῦ
727 1816 825 1868 καὶ
859 1815 988 1883 γῆς,
1015 1814 1242 1881 ὁρατῶν
1269 1831 1328 1868 τε
1349 1813 1589 1867 πάντων
1613 1809 1710 1866 καὶ

579 1901 593 1915 '
776 1885 1062 1952 ἀοράτων.

230 1976 298 2028 Τδ
343 1976 438 2044 μὲν
478 1977 583 2029 ἀπὸ
626 1975 720 2028 τοῦ
764 1977 1044 2039 Μωῦσέως
1078 1976 1374 2044 λαμϐάνον,
1409 1976 1469 2026 τδ
1499 1973 1556 2026 δὲ
1604 1974 1712 2026 ἀπὸ

160 2066 251 2120 τοῦ
286 2068 516 2122 Παύλου.
555 2068 817 2120 Ἐνταῦθα
851 2068 904 2120 δὲ
938 2070 1053 2137 ἅμα
1079 2069 1169 2120 καὶ
1201 2069 1378 2121 πᾶσαν
1415 2067 1710 2120 ἀπωθεῖται

157 2158 337 2218 ἁθεῖας
364 2159 633 2214 ἐπίνοιαν.
654 2158 773 2210 Τῶν
806 2176 864 2211 τε
895 2162 964 2227 γὲ
975 2177 1004 2229 ρ
1034 2159 1204 2212 ἀίδιον
1230 2158 1602 2227 ὐπειληφότων
1618 2158 1710 2209 τὸν

155 2248 394 2316 οὖρανδν,
422 2249 514 2302 καὶ
548 2251 655 2319 πρὸ
685 2250 872 2304 τούτου
901 2251 998 2320 τὴν
1029 2249 1162 2319 ὕλην
1182 2250 1434 2319 ἄναρχον,
1454 2251 1546 2309 καὶ
1573 2248 1711 2310 ίδέας

153 2339 302 2401 τινὰς
331 2341 386 2392 ὲν
414 2341 534 2408 Θεῷ
557 2342 657 2411 τὴν
700 2342 958 2394 ἀπόνοιαν
1001 2343 1289 2411 καταργεί,
1329 2341 1421 2393 καὶ
1459 2341 1566 2392 τῶν
1590 2339 1710 2391 θεο-

153 2430 448 2484 ποιούντων
478 2432 534 2484 δὲ
570 2435 634 2485 τὰ
665 2431 840 2498 ἄστρα
870 2433 967 2502 τὴν
1010 2432 1240 2502 πλάνην,
1275 2433 1368 2484 καὶ
1399 2432 1478 2484 ἔτι
1509 2430 1616 2483 τῶν
1644 2431 1712 2482 τὰ

151 2523 281 2592 περὶ
306 2523 395 2590 τῆ;
429 2523 552 2590 γῆς,
589 2524 682 2576 καὶ
711 2526 808 2594 τὴν
843 2527 945 2592 γῆν
968 2525 1156 2594 αὐτὴν,
1189 2529 1282 2579 καὶ
1311 2525 1376 2576 τὰ
1405 2523 1539 2577 ἄλλα
1569 2538 1712 2574 στοι-

148 2615 273 2681 χεία
330 2612 485 2676 θεοὺς
537 2613 872 2683 νομιζόντων
912 2614 1111 2678 ἀθέως,
1144 2615 1239 2666 καὶ
1282 2613 1505 2681 περὶτὰ
1551 2612 1713 2665 λοιπὰ

149 2706 423 2773 κτίσματα
470 2705 854 2775 πλανωμένων.
894 2707 1068 2759 Μόνον
1102 2708 1208 2776 γὰρ
1250 2706 1356 2758 τῶν
1387 2707 1524 2759 ὅλων
1551 2721 1715 2774 ποιη-

143 2795 269 2864 τὴν,
297 2798 383 2848 τὸν
411 2797 543 2848 Θεόν
588 2814 754 2866 φησιν
784 2797 1035 2866 ούρανοῦ,
1089 2799 1182 2848 καὶ
1219 2797 1327 2848 τῶν
1367 2798 1426 2848 ὲν
1474 2794 1708 2866 οὐρανῷ,

143 2888 250 2955 γῆς
307 2888 533 2940 καὶτῶν
563 2890 620 2940 ὲν
661 2890 748 2958 γῇ,
784 2888 996 2958 ὁρατῶν
1021 2905 1079 2941 τε
1135 2889 1371 2952 πάντων,
1412 2890 1571 2957 ἀέρος
1609 2905 1711 2957 φη-

145 2980 212 3045 μὶ
246 2980 336 3030 καὶ
368 2980 475 3031 τῶν
507 2981 564 3032 ἐν
596 2979 766 3048 αὐτῷ,
803 2979 1078 3050 Θαλάσσης
1113 2997 1169 3031 τε
1203 2983 1294 3033 καὶ
1330 2979 1435 3032 τῶν
1461 2981 1517 3031 ἐν
1552 2978 1709 3046 αὐτῇ,

144 3069 319 3134 πυρὸς
354 3067 445 3118 καὶ
473 3067 582 3119 τῶν
610 3069 752 3119 κατὰ
784 3069 947 3137 μέρος
994 3068 1251 3120 ἁπάντων
1276 3085 1289 3100 ·
1320 3068 1459 3120 ἀλλὰ
1486 3070 1574 3120 καὶ
1602 3067 1712 3119 τῶν

137 3152 394 3220 ἀοράτων
442 3153 640 3219 αὐτῶν,
690 3155 937 3221 ἀγγέλων
990 3156 1084 3208 καὶ
1136 3157 1424 3224 δαιμόνων,
1475 3157 1712 3211 καὶτῶν

1741 1859 1784 1918 Β

1831 611 1897 650 eo
1927 596 2071 665 quod
2101 599 2282 651 omnia
2311 598 2614 662 contineat;
2652 612 2771 665 qua:
2799 613 2904 650 non
2937 599 3158 651 fortuito
3191 609 3239 650 et
3267 615 3392 663 prn-

1832 697 1950 754 pter
1987 688 2344 754 nativitatem,
2383 689 2476 742 sed
2532 688 2651 758 ejus
2695 689 3038 743 Providentia
3095 700 3394 749 moventur,

1836 777 1964 831 licet
1997 776 2361 832 ineﬂabilibus
2387 780 2702 833 oeconomia:
2738 779 3039 833 rationibus
3070 779 3179 832 lucc
3206 793 3397 846 appro-

1833 867 1944 932 bet,
1973 869 2060 923 illa
2093 869 2402 940 permittat;
2433 882 2736 939 opportune.
2771 879 2824 924 et
2849 873 3112 939 gubernat
3141 881 3192 924 et
3216 858 3396 940 provi-

1831 959 1941 1014 det.
1968 960 2156 1016 Adhuc
2187 959 2624 1026 Omnipotentem
2658 962 2812 1026 dicit,
2848 965 2971 1031 quia
2998 963 3178 1016 omnia
3225 963 3397 1031 ipsius

1832 1055 1984 1114 sunt,
2014 1058 2070 1102 et
2100 1065 2164 1103 ex
2198 1050 2314 1119 ipso
2347 1051 2645 1106 conditoris
2674 1052 2886 1106 actione
2932 1068 3025 1122 per
3078 1053 3309 1106 Verbum
3345 1065 3398 1106 et

1833 1140 2092 1208 Spiritum
2121 1140 2342 1204 factore,
2366 1150 2422 1196 ut
2440 1157 2470 1197 e
2491 1157 2596 1197 non
2617 1144 3000 1197 exsistentibtts
3022 1153 3226 1197 starent
3247 1146 3396 1198 exsi-

1831 1233 2042 1285 stenlia.
2077 1230 2270 1285 Omnia
2304 1249 2433 1302 ergo
2477 1234 2576 1288 sub
2609 1235 2835 1304 imperio
2870 1242 3054 1299 tenet,
3092 1244 3145 1287 ct
3181 1236 3398 1304 optime

1829 1324 2159 1393 gubernans,
2193 1327 2434 1377 continet
2471 1335 2628 1395 prout
2659 1328 2804 1390 vult;
2845 1326 2964 1379 ideo
2993 1337 3045 1377 et
3070 1325 3190 1392 ejus
3223 1325 3398 1380 factu—

1831 1429 1943 1466 ram
1979 1428 2100 1466 esse
2132 1414 2312 1467 omnia
2347 1426 2592 1472 sanctum
2628 1418 2762 1485 dicit
2797 1418 3112 1489 Symbolum
3143 1455 3156 1480 ,
3197 1419 3393 1487 [mndi-

1826 1520 1957 1563 cans
1986 1523 2048 1562 ευ
2058 1520 2107 1558 III

1829 1805 2107 1861 Faciat-em
2141 1808 2256 1860 caeli
2290 1817 2334 1861 et
2370 1820 2541 1864 terrm.
2575 1806 2855 1859 visibilium
2890 1805 3120 1856 omnium
3157 1814 3202 1855 et
3251 1803 3381 1854 inei-

2475 1877 2724 1928 sibii‘ium.

1901 1965 2032 2019 Illud
2067 1980 2094 2017 e
2126 1964 2302 2034 Moyse
2338 1973 2549 2032 petens,
2581 1966 2683 2018 hoc
2715 1980 2743 2017 e
2766 1964 2951 2016 Paulo.
2990 1965 3046 2017 lu
3085 1980 3193 2030 quo
3226 1964 3386 2017 simul

1828 2071 1878 2115 et
1919 2075 2132 2113 omnem
2164 2061 2454 2127 impietatis
2491 2059 2666 2128 rejieit
2704 2067 2940 2112 reatum.
2976 2059 3202 2111 lstorn-n
3245 2059 3387 2109 enim

1827 2153 1916 2220 qui
1951 2162 2208 2204 teterntun
2232 2151 2426 2204 emittm
2463 2160 2649 2219 putant
2676 2162 2720 2204 el
2762 2160 2888 2203 ante
2920 2150 3048 2201 illud
3108 2149 3386 2201 materiam

1827 2240 2093 2310 principio
2124 2253 2418 2310 expertem,
2448 2252 2501 2296 et
2541 2243 2688 2295 ideas
2717 2243 2982 2306 quasdam
3016 2243 3067 2294 in
3103 2242 3209 2294 Deo
3249 2242 3389 2295 insa-

1827 2333 1970 2385 niam
2009 2334 2212 2401 abjicit,
2244 2343 2296 2387 et
2347 2351 2534 2387 eorum
2569 2335 2657 2404 qui
2701 2335 2924 2388 deorum
2974 2351 3216 2386 numero.
3243 2347 3386 2387 asua

1822 2424 2104 2476 ascribunt
2153 2425 2569 2488 aberrationem,
2602 2425 2778 2477 adhuc
2805 2433 2856 2476 et
2884 2425 3110 2476 istorum
3137 2425 3226 2491 qui
3259 2426 3390 2479 deos

1823 2514 1967 2582 quod
2016 2525 2101 2568 est
2146 2529 2315 2583 super
2367 2524 2583 2578 terram,
2615 2524 2815 2568 terram
2849 2516 3018 2584 ipsam
3053 2525 3105 2566 et
3139 2517 3240 2568 alia
3273 2518 3388 2569 cie-

1824 2616 1998 2660 ntenta
2033 2608 2316 2660 atlteorttm
2351 2623 2495 2660 more
2526 2608 2882 2666 arbitrantur.
2911 2619 2962 2661 et
2994 2609 3135 2662 eirea
3171 2619 3388 2661 creatu-

1825 2713 1913 2751 ras
1941 2700 2176 2766 reliquas
2204 2711 2407 2753 errant.
2435 2699 2618 2753 Solum
2647 2702 2788 2753 enim
2817 2699 3193 2753 universorum
3225 2701 3390 2753 faeto-

1824 2805 1933 2841 rem
1966 2789 2132 2842 Deum
2165 2790 2316 2852 dicit,
2342 2790 2461 2842 (ιωιί
2496 2800 2547 2842 et
2578 2805 2767 2843 eorum
2801 2804 2922 2859 quae
2956 2791 3006 2841 in
3042 2791 3201 2852 cmlo,
3233 2802 3388 2843 terra,-

1820 2891 1874 2934 et
1925 2897 2113 2934 eorum
2160 2897 2277 2948 qua;
2317 2882 2368 2934 itt
2439 2891 2621 2944 terra;
2664 2893 2718 2935 et
2761 2882 3056 2934 visibilium
3105 2882 3388 2942 omnium,

1821 2987 1999 3026 aerem
2027 2971 2146 3024 dico
2177 2982 2229 3026 et
2257 2987 2376 3041 quae
2401 2973 2452 3025 in
2477 2988 2562 3035 eo,
2585 2987 2733 3026 utare
2763 2983 2810 3025 et
2837 2989 2956 3042 qua:
2991 2973 3042 3025 in
3071 2989 3153 3033 eo.
3184 2972 3391 3042 ignem,

1820 3071 1872 3117 et
1905 3064 2082 3116 omnia
2114 3064 2266 3132 juxta
2299 3079 2489 3131 genus.
2521 3065 2626 3117 Sed
2659 3076 2710 3118 et
2738 3066 3113 3130 invisibilittut,
3166 3067 3388 3132 angelo-

1824 3170 1969 3221 rum,
2002 3157 2306 3210 dzemontnn
2340 3167 2394 3210 et
2426 3158 2628 3226 pariter
2667 3158 3025 3210 humanarum
3059 3158 3383 3217 animarum,

135 3241 497 3309 ἀνθρωπίνων
529 3242 606 3294 ἔτι
647 3242 854 3312 ψυχῶν.
900 3243 1084 3297 Ταῦτα
1131 3247 1239 3314 γὰρ
1287 3247 1709 3315 προηγουμένως

1824 3245 1940 3300 hac
1989 3249 2132 3301 enim
2186 3249 2560 3317 principaliter
2597 3249 2751 3302 nobis
2788 3250 2999 3316 cognita
3056 3247 3342 3300 invisibilia
3369 3288 3381 3307 ,

134 3334 466 3399 ἐγνωσμένα
502 3336 634 3402 ἡμῖν
673 3336 903 3404 ἀόρατα,
931 3339 1026 3389 καὶ
1063 3338 1266 3390 τούτων
1318 3338 1585 3408 κηρύσσει
1623 3338 1712 3407 δη-

135 3423 410 3492 μιουργὸν
439 3423 528 3476 τὸν
560 3425 692 3478 Θεὸν
718 3443 731 3457 ·
764 3429 854 3478 καὶ
888 3428 962 3490 ὡς
1001 3429 1214 3497 ἀληθῶς
1241 3429 1331 3482 καὶ
1361 3430 1584 3492 δικαίως
1615 3429 1710 3499 δη-

133 3515 411 3583 μιουργὸν
458 3517 549 3568 καὶ
595 3517 703 3569 τῶν
740 3518 986 3587 ἀοράτων
1023 3520 1114 3572 τὸν
1149 3520 1279 3572 Θεὸν
1309 3522 1707 3591 ἐπιμαρτυρεῖ·

125 3607 223 3656 ὅτι
254 3607 348 3657 καὶ
378 3606 514 3672 ἐστι,
559 3610 651 3660 καὶ
691 3609 841 3661 οὐδὲν
867 3610 974 3662 τῶν
1000 3613 1321 3678 γεγονότων,
1357 3612 1494 3680 πλὴν
1513 3611 1676 3664 αὐτοῦ
1695 3628 1708 3642 ·

125 3699 236 3750 καὶ
289 3699 370 3751 ἔτι
420 3701 695 3764 συνετίζον
745 3703 912 3772 ἡμᾶς,
975 3701 1062 3754 ἵνα
1121 3703 1195 3772 μὴ
1228 3704 1588 3773 πλανηθῶμεν
1637 3707 1710 3767 ὡς

125 3792 537 3863 προαιρετικὴν
567 3793 742 3862 ψυχὴν
764 3793 994 3863 ἔχοντες,
1031 3797 1124 3847 καὶ
1157 3796 1295 3865 ὑπὲρ
1335 3799 1480 3865 ἡμᾶς
1509 3816 1558 3848 τι
1582 3815 1710 3864 φρο-

121 3883 421 3949 νήσωμεν,
449 3883 592 3935 καθὰ
623 3885 927 3937 πεπόνθασι
962 3885 1072 3938 τῶν
1102 3887 1376 3939 ἀσυνέτων
1432 3888 1639 3950 πολλοὶ,
1674 3886 1708 3957 ἢ

119 3973 440 4040 δαιμονίων
472 3977 817 4042 φαντασίαις,
867 3977 899 4046 ἢ
934 3977 1167 4037 πλάναις
1206 3978 1365 4040 ἰδίαις
1401 3977 1493 4030 τοῦ
1541 3980 1710 4045 καθή-

120 4081 334 4126 κοντος
376 4066 849 4136 ἀποπλανηθέντες
874 4081 888 4096 ⁶
922 4067 1079 4120 τοῦτο
1117 4069 1221 4137 γὰρ
1260 4069 1410 4137 φίλον
1451 4073 1559 4131 τοῖς
1600 4069 1710 4122 δαί-

120 4151 295 4222 μοσῗ,
352 4155 684 4223 πανούργοις
719 4157 1061 4221 φαντασίαις,
1115 4157 1386 4226 ὑποσυλᾷν
1432 4160 1523 4210 καὶ
1577 4159 1709 4210 ὑπο-

115 4245 388 4313 φετιρειν
414 4245 522 4297 τῶν
569 4246 867 4309 ἀλογίστων
904 4247 1130 4307 πολλούς
1153 4265 1168 4280 ο
1204 4249 1337 4300 ἀλλὰ
1365 4249 1476 4302 οιαὶ
1519 4249 1603 4300 ἵνα
1639 4252 1710 4318 μή

112 4351 272 4386 ποτε
300 4336 400 4397 τὰς
433 4336 729 4402 άγγελινὰς
764 4342 856 4388 καί¹
892 4339 1147 4406 ὑπεράνω
1187 4341 1442 4409 δυνάμεις
1464 4339 1538 4402 ὡς
1563 4341 1714 4401 θεοὺς

110 4425 521 4494 λογισώμεθα,
575 4426 733 4480 τοῦτο
783 4429 1023 4496 τίθησιν.
1059 4430 1118 4481 ΕΞ
1171 4431 1278 4499 γὰρ
1305 4433 1398 4482 καὶ
1425 4432 1556 4501 περὶ
1584 4432 1714 4484 Θεὸν

110 4511 325 4581 αὗται,
365 4518 458 4569 καὶ
512 4518 940 4587 πεπληρωμέναι
998 4522 1176 4591 δόξης,
1222 4524 1316 4574 καὶ
1362 4521 1507 4575 θείου
1543 4525 1712 4576 πᾶσαι

108 4608 345 4677 φωτὸς,
380 4607 495 4660 ἀλλ’
534 4611 681 4678 ὅμως
709 4611 982 4676 κτίσματα
1014 4615 1108 4665 καὶ
1139 4613 1334 4675 ἐνδεεῖς
1359 4613 1468 4666 τῶν
1504 4614 1711 4666 ἐκεῖθεν

104 4702 616 4770 ἀπαυγασμάτων,
651 4703 746 4754 καὶ
790 4702 1050 4755 λαϐοῦσαι
1102 4704 1226 4756 ὅσον
1279 4704 1585 4772 εἰλήφασιν,
1630 4703 1708 4756 ἔτι

102 4791 225 4843 καὶ
261 4790 461 4858 χρείαν
495 4789 676 4858 ἔχουσι
735 4790 998 4859 μειζόνων
1021 4806 1033 4818 ·
1068 4792 1160 4844 καὶ
1207 4792 1268 4843 τὸ
1317 4793 1523 4846 τέλειον
1564 4792 1711 4844 οὐδέ-

101 4899 266 4934 ποτε
301 4882 588 4950 λήψονται,
628 4883 704 4953 μὴ
735 4883 1010 4953 χωροῦσαι
1057 4884 1175 4937 ὅλον
1205 4885 1265 4936 το
1300 4885 1392 4938 τοῦ
1423 4885 1705 4949 ἀκτίστου,

99 4975 381 5034 κτισταὶ,
413 4973 488 5036 ὼς
546 4972 780 5043 εἴρηται,
815 4975 974 5027 οὖσαι
1012 4975 1239 5041 ἄπειρον
1274 4977 1401 5043 γὰρ,
1443 4975 1559 5028 ἀλλ’
1589 4977 1710 5028 ὅσον

93 5067 403 5118 δύνανται
435 5068 657 5134 χωρεῖν,
691 5064 956 5129 ἐλλειπεῖς
998 5056 1085 5118 άεὶ
1128 5063 1302 5121 οὖσαι.
1340 5067 1503 5129 Τέλος
1530 5065 1585 5117 δὲ
1617 5067 1709 5118 καὶ

94 5155 462 5217 παντέλειος
495 5155 654 5221 μόνος
693 5159 720 5208 ό
748 5157 1042 5226 τριαδικῶς
1085 5158 1423 5227 ὑμνούμενος
1453 5156 1582 5227 παρ’
1613 5158 1707 5210 αὐ-

91 5247 236 5300 τῶν
275 5246 437 5306 Θεός.
467 5246 621 5297 Ἔστι
653 5246 708 5298 δὲ
743 5248 839 5298 καὶ
869 5246 1008 5300 ἄλλα
1038 5248 1273 5300 πλεῖστα
1303 5247 1410 5299 τῶν
1439 5249 1707 5318 ἀοράτων,

85 5337 190 5393 ὦν
236 5340 344 5390 καὶ
377 5339 443 5389 τὰ
471 5338 711 5405 ὀνόματα
741 5339 797 5390 ὲν
841 5338 916 5407 τῷ
955 5339 1204 5408 μέλλοντι
1232 5340 1390 5392 αίῶνι
1432 5339 1709 5393 ἀποκαλύ-

89 5429 380 5484 πτεσθαι
411 5428 573 5498 295
600 5430 1023 5499 μεμαθήκαμεν.
1064 5413 1255 5500 Ὅμως
1271 5431 1328 5483 δὲ
1351 5431 1555 5484 τούτων
1577 5432 1710 5484 πάν-

82 5539 232 5573 των
268 5521 530 5587 ἀοράτων
545 5536 601 5571 τε
625 5520 740 5589 ἃμα
760 5523 852 5574 καὶ
869 5522 1080 5590 ὁρατῶν
1110 5514 1332 5589 ποιητὴν
1363 5522 1707 5591 ἡἙκκλησία

82 5617 210 5665 τὸν
247 5611 400 5663 Θεὸν
436 5613 724 5680 μαρτυρεῖ,
757 5613 851 5665 τὸν
882 5614 1099 5682 Πατέρα
1139 5613 1231 5666 τοῦ
1270 5612 1468 5676 ζῶντος
1513 5615 1705 5678 Λόγου,

79 5708 210 5760 τὸν
278 5703 608 5770 ἀγέννητον,
641 5702 732 5754 τὸν
795 5704 1058 5770 ἀναίτιον,
1094 5707 1184 5758 τὸν
1216 5705 1577 5774 προάναρχον,
1620 5706 1708 5755 τὸν

81 5793 534 5853 ατελεύτητον.
567 5792 655 5844 τὸν
706 5793 943 5860 αἰώνιον,
981 5796 1068 5848 τὸν
1111 5795 1447 5858 πανταίτιον,
1503 5794 1589 5846 τὸν
1625 5794 1709 5848 ἀεὶ

1821 3354 2052 3407 quorum
2104 3339 2446 3394 conditorem
2491 3341 2785 3407 proclamat
2828 3339 3018 3396 Deum,
3050 3346 3103 3390 et
3155 3351 3278 3389 verc
3323 3351 3386 3386 ac

1818 3430 1965 3497 juste
1997 3431 2157 3482 etiam
2188 3430 2538 3484 invisiliilium
2564 3430 2902 3483 conditorem
2934 3428 3101 3480 Deum
3135 3434 3382 3482 testatur,

1821 3523 1910 3588 qui
1947 3531 2110 3575 estet
2143 3522 2263 3576 sine
2295 3523 2412 3590 ipso
2444 3523 2574 3574 nihil
2615 3523 2812 3575 factum
2851 3529 2952 3573 cst.
2988 3519 3046 3570 Et
3080 3519 3257 3570 adhuc
3290 3533 3387 3570 nos

1821 3612 1975 3664 docet
2005 3628 2072 3665 ne
2102 3612 2254 3680 quasi
2279 3627 2414 3666 vane
2446 3611 2865 3679 distinguentem
2901 3610 3139 3660 animum
3177 3608 3379 3659 Italicu-

1823 3711 1902 3754 tes
1927 3716 2170 3755 erremus
2197 3711 2248 3753 et
2280 3716 2438 3769 supra
2467 3700 2682 3753 modum
2717 3699 3143 3764 cogitationibus
3178 3697 3384 3751 nostris

1821 3791 2146 3844 extollamttr
2189 3801 2345 3859 prout
2370 3791 2548 3844 aﬂ‘ecti
2577 3799 2707 3844 sunt
2741 3790 3113 3858 imprudentes
3143 3790 3383 3857 plurimi,

1823 3891 1911 3934 aut
1939 3883 2241 3935 daemonum
2278 3882 2576 3950 phantasiis
2609 3892 2700 3933 aut
2734 3881 2969 3951 propriis
3008 3880 3386 3934 deliramentis

1822 3987 1850 4025 a
1881 3982 2026 4026 recto
2061 3972 2440 4036 deﬂectentes;
2471 3974 2772 4027 daemonum
2794 3972 2994 4040 quippe
3022 3987 3136 4024 mos
3161 3980 3241 4024 est
3266 3973 3388 4039 ηυξ-

1824 4062 2056 4116 buslibet
2085 4064 2384 4130 phantasiis
2414 4066 2592 4132 plures
2633 4064 2919 4132 subripere
2952 4074 3006 4116 et
3033 4079 3388 4130 corrumpere

1823 4153 2055 4220 ineptos.
2093 4153 2196 4207 Sed
2221 4155 2381 4207 etiam
2419 4171 2484 4208 ne
2509 4155 2647 4210 forte
2679 4155 2952 4222 angelieas
2987 4163 3041 4207 et
3073 4157 3386 4223 superiores

1823 4253 2115 4309 potestates
2143 4245 2273 4298 deos
2298 4246 2641 4308 arbitremur,
2677 4246 2789 4299 haec
2824 4246 2983 4298 verba
3015 4245 3227 4300 ell'atur.
3258 4247 3389 4311 Qua:

1817 4336 1865 4396 ,si
1899 4336 2040 4389 circa
2077 4340 2241 4388 Deum
2274 4337 2424 4403 ipsm,
2459 4338 2626 4406 gloria
2658 4337 2867 4392 referta:
2890 4351 2942 4391 et
2967 4339 3150 4390 divino
3181 4339 3386 4390 redun-

1825 4429 2012 4481 dantes
2049 4428 2266 4492 lumine,
2305 4430 2658 4484 nihilominus
2694 4439 2961 4484 creaturae
3004 4441 3056 4484 et
3097 4432 3391 4499 Splendore

1823 4533 1849 4569 a
1883 4518 1990 4571 Deo
2027 4519 2324 4588 indigentes
2357 4535 2383 4573 a
2417 4537 2523 4588 quo
2550 4530 2882 4590 acceperunt
2934 4538 3054 4590 qua:
3090 4523 3293 4575 habent
3338 4533 3388 4576 et

1824 4609 2123 4676 majoribus
2160 4610 2351 4664 horum
2381 4611 2557 4665 adhuc
2588 4627 2723 4679 opus
2750 4612 2973 4673 habent,
2997 4622 3049 4665 et
3079 4613 3386 4680 perfectum

1824 4716 2100 4769 nunquam
2152 4702 2416 4771 attingent
2441 4742 2455 4765 ,
2493 4702 2718 4756 increati
2761 4704 3148 4770 plenitudinem
3185 4718 3382 4770 capere

1824 4808 1929 4848 non
1958 4780 2218 4857 vaientes,
2253 4802 2435 4862 utpote
2467 4803 2728 4848 creaturae
2759 4794 2901 4846 sicut
2931 4792 3134 4845 dictum
3161 4805 3262 4854 ρει,
3289 4791 3388 4843 im-

1826 4885 2082 4954 possibile
2112 4893 2195 4937 est
2222 4885 2362 4938 enim
2395 4901 2408 4948 ;
2477 4885 2570 4937 sed
2614 4883 3013 4952 quantumlibet
3045 4897 3240 4949 capere
3268 4896 3391 4950 pos-

1824 4976 1954 5038 sint,
1989 4989 2205 5044 semper
2238 4976 2317 5029 eis
2348 4975 2552 5043 aliquid
2588 4975 2760 5028 deest.
2806 4974 3083 5027 Perfectus
3125 4984 3307 5025 autem
3337 4984 3390 5025 et

1823 5068 2048 5121 omnino
2082 5065 2351 5136 perfectus
2376 5067 2522 5118 solus
2557 5075 2638 5118 ter
2669 5066 2736 5118 ab
2773 5066 2852 5118 eis
2879 5064 3183 5117 celebratus
3220 5064 3382 5115 Deus.

1823 5158 1961 5211 Sunt
1991 5166 2044 5211 et
2069 5159 2172 5211 alia
2205 5158 2556 5212 int'isibilium
2591 5159 2847 5224 pleraque
2890 5171 3117 5222 quorum
3167 5155 3385 5207 nomina

1824 5252 1878 5303 in
1903 5259 2130 5304 venturo
2164 5251 2361 5303 sareulo
2392 5249 2614 5302 revelari
2641 5246 2964 5300 audilvitnus.
2995 5245 3256 5297 Similiter
3293 5245 3392 5296 lto-

1825 5358 1942 5396 rum
1986 5343 2229 5396 omnium
2269 5341 2614 5395 invisibilium
2649 5341 2850 5408 pariter
2876 5349 2929 5392 et
2973 5337 3267 5391 visibilium
3302 5336 3420 5388 fit--

1828 5443 2030 5485 ctorem
2068 5433 2302 5487 Ecclesia
2337 5431 2502 5485 Deutn
2537 5441 2785 5490 testatur,
2835 5429 3066 5483 viventis
3098 5429 3254 5481 Verbi
3289 5430 3389 5479 Pa-

1827 5535 1960 5577 trem
2017 5525 2336 5592 ingcnitum,
2366 5523 2570 5590 absque
2627 5535 2815 5584 causa,
2861 5519 3037 5578 initio,
3077 5519 3196 5580 line,
3231 5527 3388 5571 aeter-

1827 5634 1990 5685 uunt,
2013 5617 2253 5668 omnium
2285 5629 2526 5675 causam,
2558 5613 2648 5682 qui
2684 5627 2904 5680 semper
2933 5619 3034 5670 est,
3069 5610 3160 5677 qui
3197 5622 3388 5661 natura

1827 5707 1973 5761 solus
2007 5707 2198 5758 bonus.
2229 5706 2266 5757 Ε
2295 5703 2477 5772 seipso
2506 5717 2629 5756 ante
2658 5717 2817 5754 omne
2841 5700 3098 5752 saeculum
3129 5707 3181 5750 et
3205 5697 3390 5749 int-ffa-

1828 5800 2028 5861 biliter,
2062 5797 2177 5851 sine
2214 5797 2437 5851 tnatctia
2472 5806 2826 5863 corporequc,
2873 5800 2926 5846 ct
2960 5789 3166 5859 absque
3218 5789 3394 5840 animi
