4170 6444
705 397 806 461 767

1481 394 1872 456 SYMEONIS
1909 397 2672 464 THESSALONICENSIS
2709 403 3077 464 ARClllEP.

3863 408 3968 471 7'33

704 518 882 583 Illum,
931 531 964 570 ο
999 515 1293 568 maximam
1337 511 1805 583 pliilantbropiam
1857 522 1912 568 et
1966 517 2310 577 bonitatan

2389 515 2468 583 τῆς
2496 515 2597 584 τῆς
2628 515 3038 584 φιλανθρωπίας
3073 517 3165 569 καὶ
3193 516 3638 586 ὑπερϐαλλούσης
3678 515 3786 586 τῆς
3817 519 3963 584 ἀγα⁸

707 625 874 680 supra
907 607 1164 662 modum!
1220 607 1374 659 illum
1413 605 1698 660 nobiscum
1769 607 1968 661 habere
1999 607 2276 675 possimus

704 711 759 756 et
784 700 935 770 quasi
975 699 1195 752 fratrem
1233 699 1441 762 videre,
1473 699 1788 752 societatem
1817 714 1940 751 cum
1977 713 2041 752 eo
2065 698 2274 751 baben-

708 806 786 848 tes
813 809 828 858 ;
859 791 1000 860 apud
1035 808 1134 846 nos
1163 791 1444 846 hominem
1471 790 1774 860 perfectum
1806 789 2030 854 factum,
2065 789 2274 859 perfec-

709 897 795 939 tus
820 885 914 953 qui
946 884 1084 937 Deus
1126 893 1388 945 remanet,
1411 882 1699 950 dignamur
1731 895 2060 950 cognoscere
2106 896 2268 950 quem

715 990 947 1044 corpore
984 976 1248 1037 videmus,
1275 973 1433 1038 cujus
1470 981 1649 1025 tamen
1681 973 1838 1026 nobis
1862 972 2158 1024 invisibilis
2191 970 2272 1024 di-

710 1070 928 1125 vinitas.
958 1067 1080 1121 Haec
1111 1066 1413 1119 exinanitio
1443 1074 1662 1133 propter
1681 1066 1781 1117 alia
1796 1065 2012 1132 quidem
2033 1063 2277 1118 adrnira-

712 1163 837 1214 bilia
866 1172 917 1214 et
962 1159 1274 1226 propterid,
1294 1168 1351 1210 ut
1380 1158 1702 1211 iuvisibilem
1725 1172 1819 1225 per
1835 1172 2052 1209 carnem
2092 1156 2277 1209 videa-

711 1269 865 1318 mus;
892 1250 1160 1320 siquidem
1206 1250 1372 1304 Deum
1397 1266 1553 1302 nemo
1579 1251 1708 1304 vidit
1739 1265 1970 1318 unquam
1990 1265 2004 1312 ;
2024 1265 2118 1317 per
2139 1249 2276 1302 divi-

709 1345 990 1398 nissimam
1015 1354 1193 1396 tamen
1218 1343 1684 1396 etsanctissimam
1711 1342 2137 1410 aSsnmptionem
2167 1340 2275 1395 fra-

711 1448 821 1489 tres
867 1436 916 1489 ei
942 1450 1172 1498 sumus;
1209 1434 1388 1500 itaque
1413 1433 1586 1486 oculis
1623 1432 1826 1486 nostris
1853 1448 1978 1486 eum
2015 1431 2272 1496 vidimus,

708 1539 768 1581 ut
785 1528 861 1579 ait
882 1527 1114 1580 dilectus
1137 1525 1436 1590 apostolus,
1464 1533 1513 1577 et
1535 1523 2005 1592 participationem
2034 1523 2274 1577 societa-

708 1627 929 1685 temque
959 1631 1084 1669 cum
1109 1616 1230 1683 ipso
1265 1615 1482 1682 quando
1500 1615 1746 1667 voluums
1800 1613 2092 1675 habemus,
2151 1628 2277 1667 vere

710 1723 834 1762 eum
865 1715 1184 1772 cernentes;
1219 1706 1308 1773 qni
1346 1705 1399 1759 in
1435 1705 1592 1758 terris
1624 1705 1774 1759 visus
1822 1714 1906 1758 est
1934 1714 1987 1758 et
2016 1720 2139 1758 cum
2176 1705 2273 1757 lto-

711 1799 953 1852 niiuibus
977 1807 1336 1852 conversatus
1366 1806 1448 1850 est
1477 1813 1490 1861 ;
1519 1807 1570 1850 et
1600 1798 1653 1849 in
1686 1797 1968 1852 altissimis
1997 1797 2271 1851 sedentem

712 1899 833 1959 post
860 1890 998 1943 banc
1021 1889 1451 1956 assumplioneln
1497 1889 1673 1942 oculis
1735 1890 1938 1943 nostris
1992 1889 2185 1941 iterum
2223 1904 2282 1940 a-

714 1999 924 2053 Spicere
959 1997 1263 2049 speramus,
1293 1998 1458 2033 unum
1486 1997 1606 2032 cum
1645 1995 1708 2033 eo
1729 1995 1851 2034 esse
1869 1991 1924 2033 et
1959 1980 2142 2049 gloria:
2165 1982 2281 2049 ejus

713 2089 968 2131 societate
1001 2075 1124 2132 frui.
1151 2089 1244 2142 per
1263 2076 1382 2140 ejus
1413 2073 1865 2137 misericordiam,
1887 2083 2045 2141 prout
2067 2074 2279 2127 Patrem

716 2183 815 2236 pro
879 2164 1033 2218 nobis
1068 2166 1268 2216 oravit.
1326 2162 1460 2215 Illud
1515 2177 1642 2230 ergo
1674 2172 1927 2215 sanctum
1948 2163 2282 2216 conﬁrmans

714 2259 1022 2329 symbolum
1055 2266 1180 2325 post
1234 2255 1393 2308 Verbi
1451 2265 1575 2313 ante
1631 2270 1791 2307 omne
1837 2254 2161 2322 principium
2196 2267 2287 2320 ge-

716 2354 1075 2412 nerationem,
1103 2361 1156 2404 et
1198 2352 1251 2404 in
1286 2350 1596 2404 noviSsituis
1647 2350 1981 2418 temporibus
2027 2349 2284 2403 incarna-

719 2448 915 2501 tionem
945 2445 1110 2500 dicit:

1119 2536 1224 2602 Qni
1254 2548 1463 2603 propter
1500 2552 1593 2588 nos
1613 2536 1870 2589 homines.

790 2629 899 2684 Nos
938 2630 1083 2683 enim
1109 2636 1394 2682 erecturus
1454 2629 1596 2679 venit
1653 2627 1855 2695 lapsos,
1895 2643 2000 2681 non
2043 2630 2286 2699 angelos,

722 2735 954 2789 quorum
1007 2723 1050 2774 si
1092 2719 1310 2788 quidam
1385 2718 1719 2783 ceciderunt,
1780 2719 2098 2774 insanabilis
2155 2723 2289 2791 ipsis

720 2827 884 2865 casus
929 2826 1025 2863 sua
1055 2817 1248 2880 sponte
1272 2809 1584 2878 jaceulibus
1615 2819 1666 2862 et
1701 2810 1838 2862 mala
1869 2814 2003 2865 velle
2027 2812 2292 2866 studenti-

721 2904 848 2964 bus,
891 2912 1052 2972 atque
1104 2903 1258 2956 nobis
1304 2901 1519 2954 malitia:
1575 2902 2014 2956 stimulatoribus
2061 2904 2287 2959 effectis.

722 2992 913 3058 Διπαιειί
949 3001 1130 3045 autem
1164 3006 1194 3044 e
1218 2990 1377 3044 Verbi
1411 3002 1628 3059 propter
1658 3007 1758 3045 nos
1789 2993 2091 3045 meouomia
2116 2995 2288 3046 maxi-

726 3100 873 3137 mum
903 3096 957 3138 et
989 3085 1089 3151 ipsi
1124 3083 1555 3149 lucratibonum,
1581 3084 1645 3136 ad
1675 3099 1916 3136 amorem
1937 3084 2028 3138 Dei
2054 3095 2106 3138 et
2123 3089 2293 3140 socie-

2384 605 2642 674 θὸτητοςι
2684 605 2770 659 ἵνα
2801 606 3121 677 δυνηθῶμεν
3160 607 3307 678 ἔχειν
3340 607 3457 676 μεθ’
3482 607 3658 676 ἡμῶν,
3693 609 3795 660 καὶ
3835 624 3965 671 συγ-

2383 696 2556 762 γενῶς
2607 697 2738 764 ὸρᾷν
2791 697 2886 748 καὶ
2948 699 3234 761 κοινωνίας
3293 701 3573 767 μετέχειν,
3632 699 3760 752 καθ’

2383 788 2674 853 γενόμενον
2709 785 3000 855 ἄνθρωπον
3041 789 3269 852 τέλειον,
3301 791 3528 858 μένοντα
3556 791 3762 842 τέλειον
3809 791 3965 851 θεὸν,

2379 878 2693 947 ἠξιώθημεν
2723 878 2929 945 γνῶναι
2955 893 2968 908 ’
3007 878 3066 930 ὃν
3097 881 3189 931 καὶ
3217 880 3434 950 εἴδομεν
3471 881 3544 949 τῷ
3589 881 3838 947 σώματι,
3877 881 3966 931 καὶ

2385 970 2546 1022 πάλιν
2584 969 2750 1022 αὐτοῦ
2784 969 3096 1039 ἀθεώρητος
3127 972 3260 1040 ἡμῖν
3292 973 3325 1042 ή
3365 971 3577 1040 θεότης.
3609 973 3717 1025 Καὶ
3767 973 3805 1041 ἡ
3842 989 3968 1037 συγ-

2382 1061 2682 1123 κατάϐασις
2739 1060 2902 1130 αὕτη,
2934 1063 3029 1114 καὶ
3084 1063 3152 1115 δι’
3185 1063 3320 1116 ἄλλα
3357 1064 3456 1131 μὲν
3503 1064 3823 1132 θαυμαστὰ,
3877 1067 3968 1114 καὶ

2387 1153 2477 1206 διά
2508 1153 2664 1205 τοῦτο
2691 1153 2770 1216 δὲ,
2803 1155 2888 1206 ἵνα
2921 1155 3012 1206 τὸν
3037 1155 3346 1226 ἀθεώρητον
3375 1157 3463 1210 διὰ
3497 1145 3697 1224 σαρκὸς
3722 1158 3934 1223 ἴδωμεν
3954 1172 3965 1183 ’

2381 1246 2504 1296 ἐπεὶ
2536 1243 2672 1297 Θεὸν
2703 1245 2876 1306 οὐδεὶς
2907 1244 3118 1315 ἑώρακε
3145 1248 3386 1301 πώποτε.
3419 1249 3517 1300 Διά
3547 1250 3603 1300 δὲ
3633 1249 3729 1300 τοῦ
3755 1249 3970 1300 θειοτά-

2382 1349 2479 1386 του
2517 1337 2612 1387 καὶ
2657 1335 2928 1402 παναγίου
2978 1338 3406 1406 προσλήμματος
3451 1339 3730 1406 συγγενῶ;
3769 1339 3970 1406 ἔχομεν

2383 1424 2479 1478 νῦν
2529 1427 2665 1493 πρὸς
2719 1428 2904 1480 αὐτόν.
2951 1418 3054 1481 ’Διὸ
3106 1429 3199 1481 καὶ
3255 1431 3586 1499 ἑωράκαμεν
3633 1431 3802 1483 αὐτὸν
3857 1434 3968 1493 τοῖς

2381 1518 2679 1587 ὀφθαλμοῖς
2709 1521 2886 1590 ἡμῶν,
2914 1522 2990 1584 ὡς
3019 1525 3046 1576 ὁ
3082 1523 3441 1591 ὴγαπημένος
3470 1525 3634 1592 φησί·
3673 1526 3770 1577 καὶ
3811 1527 3973 1592 μετέ-

2382 1628 2502 1680 χειν
2528 1611 2694 1665 αὑτοῦ
2732 1616 2827 1666 καὶ
2858 1617 3140 1668 κοινωνεῖν
3169 1616 3390 1685 ἔχομεν,
3417 1618 3579 1669 ὁπότε
3614 1616 3970 1686 βουλοίμεθα.

2385 1702 2496 1753 Καὶ
2532 1702 2749 1771 ἀληθῶς
2779 1703 2993 1772 εἴδομεν
3025 1705 3187 1756 αὐτόν
3213 1721 3227 1733 ⁸
3262 1707 3354 1757 ἐπὶ
3383 1706 3480 1776 τῆς
3509 1708 3610 1775 γῆς
3639 1710 3752 1775 γαρ
3785 1705 3969 1774 (Ii-967;,

2383 1793 2477 1845 καὶ
2525 1796 2640 1855 τοῖς
2679 1793 2992 1862 ἀνθρώποις
3030 1799 3446 1868 συνανεστράφη
3475 1813 3489 1828 ·
3531 1801 3624 1851 καὶ
3656 1800 3974 1866 καθήμενον

2389 1884 2528 1949 μετά
2553 1884 2647 1936 τοῦ
2681 1885 3113 1956 προσλήμματος
3141 1890 3254 1942 ἀνω
3289 1891 3487 1958 adeo?!
3519 1891 3683 1944 πάλιν
3717 1891 3856 1943 ἰδεῖν
3891 1892 3975 1942 ὲ).-

2385 1975 2636 2046 πίζομεν,
2668 1977 2763 2029 καὶ
2791 1978 2849 2030 ἓν
2876 1974 3017 2033 εἷναι
3046 1983 3164 2050 μετ’
3195 1982 3383 2046 αὐτοῦ,
3426 1984 3519 2036 καὶ
3553 1986 3843 2035 κοινωνεῖν
3878 1984 3974 2052 τῆς

2384 2069 2544 2139 δόξης
2567 2070 2739 2140 αὐτῷ,
2775 2072 2915 2125 ἐλέει
2940 2073 3130 2137 αὑτοῦ,
3168 2075 3241 2138 ῶς
3269 2078 3408 2145 πρὸς
3442 2077 3533 2128 τὸν
3569 2078 3792 2144 Πατέρα
3830 2078 3974 2144 ὑπὲρ

2386 2163 2546 2232 ἡμῶν
2575 2164 2945 2234 προσηύξατο.
2982 2165 3153 2220 Τοῦτο
3180 2165 3275 2220 οὖν
3302 2171 3394 2220 καὶ
3428 2169 3486 2220 τὸ
3523 2169 3660 2221 θεῖον
3690 2169 3977 2238 Σύμϐολον

2389 2256 2642 2326 βεϐαιοῦν
2675 2259 2814 2327 μετά
2851 2260 2954 2328 τὴν
2987 2261 3333 2332 προαναρχον
3362 2261 3455 2313 τοῦ
3481 2262 3579 2330 Λόγ
3593 2279 3652 2315 ου
3687 2263 3974 2334 γέννησιν,

2389 2352 2483 2402 καὶ
2505 2352 2604 2418 τὴν
2636 2351 2725 2404 ἐπ’
2749 2352 2994 2421 ἐσχάτων
3028 2356 3330 2425 σαρκωσιν,
3357 2355 3507 2421 λέγει
3533 2370 3546 2384 ·

2673 2529 2788 2586 Τὸν
2817 2533 2895 2586 δι’
2926 2533 3085 2603 ἡμᾶς
3123 2535 3266 2603 τοὺς
3307 2537 3679 2605 ἀνθρώπους.

2472 2624 2653 2693 Ἢμᾶς
2687 2625 2794 2698 γὰρ
2817 2622 2981 2698 ἦλθεν
3006 2630 3308 2697 ἀναστῆσαι
3343 2634 3724 2694 πεπτωκότας,
3755 2633 3817 2684 οὗ
3853 2636 3979 2694 τοὺς

2391 2711 2658 2779 ἀγγέλους
2681 2728 2697 2745 ·
2727 2716 2774 2766 εἰ
2801 2715 2908 2783 γὰρ
2938 2717 3032 2769 καὶ
3063 2718 3545 2786 παραπεπτὼκασι
3566 2721 3772 2773 τούτων
3804 2727 3978 2787 τινὲς,

2393 2802 2526 2856 ἀλλὰ
2556 2804 2614 2856 τὸ
2651 2805 2850 2874 πτῶμα
2892 2806 3102 2870 τούτοις
3147 2810 3297 2862 ἐστὶν
3345 2810 3745 2878 ἀθεράπευτον,
3784 2816 3980 2867 ἑκοντὶ

2392 2897 2686 2964 κειμένοις,
2721 2900 2815 2951 καὶ
2841 2899 3186 2954 ἐθελοκακεῖν
3217 2903 3527 2965 σπεύδουσι,
3552 2907 3644 2957 καὶ
3671 2907 3806 2974 ἡμῖν
3847 2925 3982 2976 προ-

2396 2990 2566 3052 ξένοις
2608 2990 2808 3054 κακίας
2845 2995 3177 3062 γινομένοις.
3226 2996 3481 3062 ’Ἄγγελοι
3525 2997 3580 3049 δὲ
3621 2997 3684 3049 ἐκ
3723 2999 3828 3066 μὲν
3881 2999 3980 3060 τῆς

2397 3082 2536 3150 ὑπὲρ
2587 3082 2745 3151 ἡμῶν
2793 3084 3104 3153 οἰκονομίας
3147 3083 3241 3138 τοῦ
3299 3086 3475 3154 Λόγου
3548 3088 3647 3158 τὴν
3705 3093 3980 3159 μεγίστην

725 3185 914 3240 tatem,
939 3177 1195 3244 majorem
1218 3178 1357 3229 nacti
1392 3176 1800 3238 exaltatiouetu,
1821 3177 1886 3229 de
1909 3177 2085 3232 salute
2110 3189 2292 3231 nostra

2397 3169 2688 3239 ἐσχηκότες
2723 3164 2816 3224 καί
2857 3189 3002 3226 ουτοι
3036 3174 3328 3242 ὠφέλειαν,
3366 3178 3498 3245 πρὸς
3549 3178 3837 3246 ἀγάπησιν
3883 3181 3976 3232 τοῦ

723 3269 990 3323 laetantur.
1042 3268 1224 3336 Itaque
1257 3269 1411 3322 nobis
1458 3270 1623 3322 etiam
1671 3271 1974 3323 servientes
2009 3271 2291 3335 festinant,

723 3369 780 3413 et
804 3359 1060 3428 gaudent.
1103 3361 1307 3415 Salvati
1334 3376 1460 3415 vero
1487 3361 1712 3415 omnino
1739 3371 1794 3417 et
1825 3361 1993 3416 erecti
2022 3376 2120 3416 nos
2161 3362 2291 3420 soli.

723 3452 846 3508 Ideo
869 3453 998 3507 dicit
1040 3471 1057 3510 :

1076 3717 1143 3771 Et
1169 3729 1381 3786 propter
1402 3727 1639 3772 nostram
1693 3718 1937 3773 salutent.

795 3806 927 3862 Nam
959 3811 1049 3878 qui
1079 3813 1377 3878 perit-runt.
1405 3828 1502 3864 nos
1520 3827 1731 3876 sumus,
1749 3821 1805 3866 et
1831 3813 1977 3866 salus
1999 3812 2181 3876 nouis,
2201 3827 2294 3867 ex-

727 3901 914 3969 pulsos
942 3912 993 3953 et
1027 3912 1285 3956 enecatos
1311 3918 1503 3957 rursus
1525 3903 1590 3955 ad
1617 3903 1782 3956 Deum
1809 3904 2016 3968 reduci,
2042 3914 2097 3958 et
2128 3908 2290 3957 vitam

723 4008 778 4045 Ill
837 3992 993 4045 nobis
1057 3993 1256 4045 habere
1291 3993 1480 4054 Deum,
1548 4003 1603 4047 et
1672 4011 1763 4063 per
1821 3996 1991 4063 ipsam
2045 3997 2290 4049 renovari

724 4098 823 4137 nos
854 4095 907 4137 et
935 4083 1132 4148 vivere,
1159 4099 1326 4152 quare
1355 4095 1409 4138 et
1437 4087 1681 4152 pervenit
1703 4102 1870 4155 usque
1901 4088 1967 4140 ad
1996 4103 2097 4141 nos
2131 4093 2235 4140 vita
2263 4103 2277 4152 ;

723 4174 868 4243 quod
900 4184 954 4228 et
985 4175 1226 4229 Ecclesia
1257 4177 1518 4240 celebrat,
1548 4178 1736 4230 dict-ns
1769 4197 1783 4232 :

1207 4353 1486 4408 Descendit
1522 4354 1586 4406 de
1623 4353 1789 4408 aclis.

795 4449 912 4503 Non
959 4450 1223 4515 localiter,
1245 4451 1336 4502 sed
1366 4451 1729 4502 exinanitioue
1763 4466 1776 4502 :
1806 4465 1912 4502 non
1943 4450 1997 4503 in
2027 4451 2168 4514 loco,
2201 4453 2288 4505 cui

2395 3262 2532 3314 Θεοῦ
2596 3262 2692 3314 καὶ
2741 3262 2956 3328 ἕνωσιν,
2991 3264 3257 3318 ἀνάϐασιν
3311 3266 3533 3335 μείζονα
3563 3269 3869 3338 εὑρηκότες
3912 3273 3974 3337 τῇ

2393 3352 2553 3418 ἡμῶν
2607 3353 2852 3422 σωτηρία
2902 3353 3325 3429 εὐφραίνονται·
3375 3356 3458 3408 διὸ
3508 3358 3602 3409 καὶ
3657 3360 3781 3418 ταῖς
3836 3359 3978 3429 ὑπὲρ

2394 3442 2550 3510 ἡμῶν
2585 3441 2884 3509 διακονίαις
2910 3445 3203 3498 σπεύδουσί
3237 3464 3296 3499 τε
3328 3447 3422 3500 καὶ
3449 3450 3736 3517 χαίρουσιν
3765 3466 3779 3481 ·
3809 3451 3861 3502 οι
3895 3467 3977 3502 σεο

2398 3547 2672 3604 σωσμενοι
2724 3535 2780 3588 δὲ
2836 3534 3098 3599 ὀλοτελῶς
3156 3539 3251 3590 καὶ
3307 3540 3747 3610 ἀνεγηγερμένοι
3823 3543 3978 3611 μόνοι

2395 3626 2576 3695 ἡμεῖς.
2607 3626 2696 3678 Διὸ
2718 3627 2810 3679 καί
2845 3644 2978 3697 φησι
3001 3645 3016 3661 ο

2661 3719 2766 3775 Καὶ
2791 3719 2886 3773 διὰ
2912 3721 3027 3788 τὴν
3051 3724 3349 3792 ἡμετεραν
3373 3725 3698 3792 σωτηρίαν.

2464 3811 2528 3863 0!
2562 3811 2671 3881 γὰρ
2706 3811 3049 3877 ἀπολωλότες
3079 3817 3241 3885 ἡμεῖς
3269 3832 3282 3844 ⁶
3317 3817 3409 3869 καὶ
3437 3818 3678 3885 σωτηρία
3728 3819 3864 3887 ἡμῖν
3895 3819 3976 3883 τὸ,

2393 3902 2743 3967 ἀπωσθέντας
2795 3907 2890 3958 καὶ
2941 3910 3332 3977 νεκρωθέντας,
3372 3910 3756 3979 ἐπαναχθῆναι
3812 3913 3978 3964 πάλιν

2393 3992 2470 4061 τῷ
2499 3992 2636 4061 Θεῷ,
2679 3996 2772 4046 καὶ
2819 3997 2916 4064 τὴν
2970 3997 3115 4067 ζωὴν
3147 4005 3293 4067 σχεῖν
3328 4001 3387 4051 ὲν
3433 4003 3646 4063 ἑαυτοῖς
3681 4002 3778 4055 τὸν
3814 4004 3973 4066 θεὸν,

2391 4085 2487 4134 καὶ
2533 4083 2601 4136 δι’
2627 4086 2795 4156 αὐτῆς
2830 4088 3284 4158 ἀνακαινισθῆναι
3337 4094 3430 4144 καὶ
3487 4092 3685 4161 ζῆσαι·
3744 4095 3831 4146 διὸ
3885 4098 3979 4148 καὶ

2392 4175 2627 4243 κατῆλθε
2663 4178 2854 4246 μέχρις
2885 4180 3040 4248 ἡμῶν
3072 4184 3103 4250 ἡ
3132 4181 3267 4252 ζωή.
3303 4185 3366 4236 Ὃ
3405 4187 3499 4236 καὶ
3526 4184 3834 4254 Ἐκκλησῐα
3875 4206 3977 4256 χη-

2395 4265 2600 4334 ρύττει,
2625 4267 2859 4334 λέγουσα
2881 4286 2895 4300 ·

2707 4361 3083 4414 Κιιτε.1θόντα
3113 4364 3180 4416 ἐκ
3209 4365 3328 4417 τῶν
3355 4367 3646 4434 οὐρανῶν.

2465 4444 2540 4496 Οὐ
2584 4449 2844 4512 τοπικῶς,
2896 4455 3384 4519 συγκαταϐατικῶς
3419 4459 3508 4511 δέ·
3554 4461 3612 4511 οὐ
3648 4461 3760 4530 γὰρ
3797 4463 3858 4514 ὲν
3889 4465 3977 4516 τά.

726 4559 834 4598 non
885 4541 1382 4610 conpus;omnium
1446 4551 1658 4594 creator
1708 4544 1886 4594 omnia
1936 4544 2124 4612 replet,
2156 4547 2296 4599 sicut

2399 4553 2485 4606 πῳ
2505 4577 2520 4602 ,
2553 4539 2674 4591 ἐπεὶ
2707 4542 2767 4591 οὗ
2802 4544 2981 4608 σῶμα,
3006 4547 3099 4596 καὶ
3132 4547 3237 4599 τῶν
3267 4548 3404 4601 ὅλων
3427 4548 3502 4602 ῶν
3549 4554 3817 4621 mariti};
3843 4557 3980 4606 πάνυ

723 4636 980 4703 scriptmn
1012 4643 1116 4686 est.
1154 4633 1452 4686 Consiliqu
1482 4633 1692 4700 cepisse
1749 4634 1913 4702 igitur
1953 4649 2004 4689 et
2035 4637 2291 4703 voluisse,

725 4727 1138 4780 descensionem
1172 4725 1322 4788 dit-it,
1343 4724 1436 4778 sed
1458 4723 1620 4778 etiam
1655 4725 1928 4779 humiliter
1946 4728 2213 4795 abjectum
2241 4741 2296 4783 et

727 4831 891 4869 carne
957 4814 1196 4868 hominis
1254 4813 1421 4866 lilium
1470 4813 1609 4877 fieri,
1660 4814 1714 4867 iit
1769 4815 2295 4884 mundoquelnimis

729 4915 940 4959 tenuem
974 4921 1095 4960 esse
1119 4914 1172 4958 et
1219 4906 1272 4958 in
1301 4913 1562 4974 egestate.

1256 5087 1322 5141 Et
1349 5089 1656 5144 incarnalus
1674 5101 1770 5144 est.

810 5176 941 5232 Vere
975 5180 1118 5232 enim
1157 5188 1324 5234 totam
1372 5193 1614 5236 nostram
1672 5187 1966 5254 assumpsit
2018 5197 2288 5254 naturam,

729 5279 936 5323 tantum
966 5271 1169 5339 absque
1199 5283 1435 5339 peccato,
1467 5275 1611 5329 sicut
1650 5279 1791 5330 etab
1827 5279 1980 5332 initio
2033 5281 2293 5335 innoeeu-

729 5373 835 5415 tem
870 5363 1154 5431 plasmavit
1182 5374 1235 5418 et
1283 5365 1400 5421 sine
1431 5368 1529 5420 viri
1582 5371 1874 5425 connubio.
1931 5371 2005 5425 Ita
2058 5376 2199 5427 enini
2229 5375 2294 5428 de

730 5461 874 5504 terra
903 5456 969 5506 ab
999 5453 1161 5507 initio
1196 5454 1362 5507 Adnu
1392 5459 1700 5524 plasmavit.
1734 5459 2072 5514 lncarnalnm
2131 5466 2294 5532 igitur

730 5542 886 5608 dicit,
918 5559 1021 5597 non
1054 5545 1392 5612 pltantastice
1454 5550 1648 5612 visum,
1681 5551 1823 5618 quod
1881 5553 2029 5621 impii
2075 5558 2292 5622 quidam

730 5645 1010 5684 asserunt.
1037 5630 1093 5686 Si
1128 5634 1270 5686 enim
1301 5636 1639 5703 pliantastice
1667 5641 1840 5700 visus,
1864 5654 2000 5691 vana
2033 5649 2117 5694 est
2153 5657 2296 5695 uaco-

729 5722 924 5774 nomia:
957 5731 1066 5776 tota
1118 5726 1276 5789 ratio,
1311 5741 1407 5779 nec
1469 5729 1793 5790 animarum,
1853 5745 1954 5784 nec
2001 5747 2291 5801 corporqu

729 5819 1037 5868 nostrorum
1073 5815 1366 5883 reparatio,
1393 5815 1489 5870 sed
1521 5831 1619 5870 nec
1645 5816 1698 5870 iu
1732 5814 1953 5887 Virgine
1993 5830 2290 5889 conceptus

2398 4642 2466 4678 τα
2497 4629 2717 4697 πληροῖ,
2751 4633 2893 4683 καθὰ
2923 4636 3268 4703 γέγραπται·
3300 4639 3358 4691 τὸ
3394 4639 3719 4710 βουληθῆναι
3758 4642 3860 4696 οὖν
3885 4651 3980 4699 καὶ

2399 4715 2622 4783 θελῆσαι
2645 4720 2793 4786 λέγει
2823 4725 3158 4778 κατάῦασιν’
3193 4727 3327 4781 ἀλλά
3361 4733 3451 4782 καὶ
3478 4735 3536 4783 τὸ
3559 4738 3980 4803 ταπεινωθῆναι

2396 4807 2668 4870 τοσοῦτον,
2711 4813 2802 4862 καὶ
2839 4815 2950 4864 υίδν
3001 4817 3286 4885 ἀνθρώπου
3327 4821 3580 4885 γενέσθαι
3627 4830 3824 4894 σαρκὶ,
3877 4830 3979 4895 ἐμ-

2399 4899 2778 4969 πολιτευθῆναί
2826 4920 2886 4954 τε
2944 4905 3021 4958 τῶ
3055 4909 3243 4976 κόσμῳ
3285 4914 3518 4980 μετρίως
3564 4915 3706 4980 ἄγαν
3744 4918 3848 4967 καί
3883 4936 3981 4970 πε-

2397 5005 2620 5056 νιχρως.

2904 5086 3016 5140 Καὶ
3045 5092 3446 5156 σαρκωθέντα.

2480 5170 2718 5243 Ἀληθῶς
2765 5175 2873 5245 γὰρ
2900 5177 2999 5246 τὴν
3046 5178 3173 5248 ὃλην
3209 5183 3364 5249 ἡμῶν
3396 5184 3551 5236 ἔλαϐε
3583 5185 3769 5254 φύσιν,
3812 5190 3980 5257 μόνον

2395 5264 2672 5333 ἁμαρτίας
2728 5268 2918 5335 χωρὶς,
2977 5269 3054 5330 ὡς
3109 5274 3203 5323 καὶ
3254 5272 3312 5336 ἐξ
3353 5275 3530 5343 ἀρχῆς
3576 5279 3979 5351 ἀναμάρτητον

2395 5353 2597 5406 ἔπλασε
2632 5357 2724 5407 καὶ
2761 5359 2932 5425 χωρὶς
2961 5359 3154 5428 ἀνδρὸς
3199 5365 3527 5430 συναφείας·
3578 5368 3700 5417 ἐπεὶ
3729 5372 3830 5420 καὶ

2395 5445 2497 5512 γῆς
2529 5445 2702 5506 οὕτως
2735 5448 2976 5516 ἀρχῆθεν
3004 5450 3208 5504 ἔπλασε
3252 5455 3341 5505 τὸν
3369 5455 3560 5524 Ἀδάμ.
3599 5457 3976 5527 Σαρκωθὲντα

2394 5535 2488 5588 οὖν
2528 5554 2709 5606 φησιν,
2745 5541 2806 5590 οὐ
2857 5542 2997 5593 κατὰ
3030 5545 3330 5608 φαντασίαν
3367 5546 3621 5614 ὀφθέντα.
3657 5549 3770 5600 Καὶ
3812 5551 3977 5603 τοῦτο

2395 5633 2502 5696 γὰρ
2535 5630 2642 5681 τῶν
2668 5631 3012 5686 ἀσεὸούντων
3037 5636 3180 5696 τινές
3222 5652 3403 5703 φασιν.
3437 5639 3498 5689 El
3547 5639 3655 5705 γὰρ
3694 5647 3977 5714 φαντασίᾳ

2395 5722 2573 5790 ὤφθη,
2605 5724 2663 5774 τὸ
2697 5725 2804 5776 πᾶν
2837 5727 2934 5792 τῆς
2977 5728 3288 5797 οἰκονομίας
3319 5733 3509 5784 κενόνο
3544 5735 3635 5785 καὶ
3681 5736 3808 5787 οὔτε
3857 5742 3974 5797 ταῖς

2394 5814 2613 5884 ψυχαῖς,
2644 5815 2764 5870 ἀὖτε
2798 5821 2907 5881 τοῖς
2931 5823 3172 5890 σώμασιν
3208 5824 3362 5893 ἡμῶν
3391 5827 3416 5894 ἡ
3444 5826 3771 5890 ἀνάκλασις,
3825 5829 3969 5880 ’ἀλλ’
