4170 6444
220 324 326 392 773

1252 344 1350 406 EX
1365 347 1667 409 POSITIO
1708 349 1931 411 SACRI
1970 357 2116 418 SYM
2132 361 2330 422 BOLI.

3370 368 3477 449 774,

230 435 373 490 tam
402 438 549 506 ὅμως
575 442 682 495 εἰσὶ
715 446 808 498 καὶ
830 447 978 515 λόγοι
1005 449 1208 505 τούτων
1231 455 1494 523 οὐράνιοι,
1527 460 1622 511 καὶ
1654 461 1758 525 πρά

1899 465 2113 520 veritati
2144 470 2514 536 testimonium
2559 472 2866 539 perhibent.
2939 484 2990 526 et
3041 474 3210 529 Grzeci
3251 472 3470 545 quidem

217 527 334 614 εεις
357 529 492 584 Θεοῦ
536 533 629 592 τοῦ
661 538 1041 604 σαρκωθέντος
1067 544 1594 617 καλοστσυρωθέντος
1625 553 1758 619 ὑπερ

1892 555 1958 607 de
1993 559 2501 628 crneejnsipientes
2541 564 2740 623 rident,
2770 564 3147 632 blasphemant
3208 583 3338 622 vero
3369 567 3470 623 Ju-

216 609 372 685 φυεῖς
419 624 518 692 τὴν
546 624 813 694 ἀλήθειαν
846 609 1342 705 ἑπιμαρτυροῦσαιί
1391 639 1496 693 Καὶ
1526 609 1789 713 Ἓλληνες

217 713 322 780 μὲν
344 714 437 767 ἐπὶ
461 715 541 786 τῷ
576 720 794 790 σταυρῷ
822 722 1210 790 ἀδυνατοῦντες
1249 729 1502 795 γελῶσιν.
1543 735 1787 790 Ἰουδαῖοι

212 803 273 857 δὲ
311 804 718 878 βλασφημοῦσι,
743 813 838 865 καὶ
866 815 977 868 τῶν
997 816 1172 870 ἀθέων
1201 820 1353 873 ἄλλοι
1388 825 1594 878 πολλοί.
1646 828 1786 880 ’Λ>.λ’

213 897 667 969 αἰσχυνθήτωσαν
724 906 773 956 οἱ
842 907 1172 977 ἀνομοῦντες
1234 916 1524 984 διακενῆς·
1592 920 1648 971 ὲν
1708 921 1786 990 τῷ

179 991 456 1084 ,σταυρῷ-
482 994 589 1062 γὰρ
612 996 874 1066 Χριστοῦ,
900 1002 996 1053 καὶ
1021 992 1112 1071 ’τῷ
1145 1003 1377 1072 μώλωπι
1413 1011 1506 1060 καὶ
1542 1009 1780 1084 Θανάτῳ,

209 1079 276 1129 τὸ
301 1082 586 1146 μεγαλεῖον
613 1087 777 1139 αὑτοῦ
807 1092 1135 1160 φανεροῦται
1171 1097 1372 1162 μᾶλλον
1398 1101 1496 1169 τῆς
1516 1101 1698 1170 ίσχύος
1725 1123 1781 1157 τε

212 1175 308 1224 καὶ
347 1173 619 1245 θεότητος.
653 1181 760 1236 Καὶ
790 1184 892 1250 ὅρα
938 1187 993 1237 τί
1025 1189 1364 1257 σταυρωθεὶς
1408 1193 1776 1251 ἐκτετέλεκεν.

210 1268 290 1318 Οὐ
347 1270 447 1339 τὴν
497 1272 606 1326 τῶν
659 1276 932 1329 ἀσυνέτων
1002 1281 1269 1350 Ἑλλήνων
1326 1285 1533 1356 πλάνην
1599 1291 1778 1342 πᾶσαν

211 1359 400 1422 ἐδίωξε
440 1361 518 1431 τῷ
545 1367 763 1436 σταυρῷ
786 1385 800 1432 ;
834 1369 909 1422 Οὐ
937 1372 1033 1438 τὴν
1059 1374 1247 1428 άθεῖαν
1276 1376 1458 1429 πᾶσαν
1487 1380 1734 1448 ἀπήλασε
1759 1400 1774 1447 ;

206 1450 306 1510 Τίς
341 1451 438 1505 νῦν
466 1455 494 1505 6
517 1455 802 1512 πολυθεῖαν
826 1460 999 1512 νοσῶν
1022 1479 1038 1526 ;
1068 1464 1162 1526 Τές
1191 1466 1220 1516 6
1251 1467 1537 1532 κνωδάλοις
1562 1471 1658 1522 καὶ
1682 1471 1776 1540 θη-

207 1543 352 1610 ρίοις
395 1547 497 1615 τὴν
537 1546 691 1602 Θείαν
733 1552 1024 1621 ἀπονέμων
1051 1557 1251 1625 τιμήν;
1283 1560 1357 1610 Οὐ
1389 1558 1488 1630 τὴν
1537 1563 1644 1614 τῶν
1674 1564 1775 1627 ἔξω

203 1638 388 1704 σοφῶν
422 1639 615 1710 σοφίαν
646 1645 837 1713 μωρὰν
890 1648 1205 1716 άπέδειξεν;
1259 1652 1319 1703 οὐ
1386 1655 1604 1721 σιγῆσαι
1647 1659 1773 1719 τοὺς

201 1728 402 1795 λήρους
434 1732 743 1802 φιλοσόφων
773 1738 1105 1807 είργάσατο;
1134 1743 1303 1805 άλιεῖς
1331 1745 1438 1813 γὰρ
1470 1746 1566 1798 τοῦ
1611 1764 1771 1800 σταυ-

203 1820 476 1884 ρωθέντος
515 1823 801 1880 ἀπόστολοι
854 1831 1020 1883 αὑτὸν
1066 1833 1157 1886 τὸν
1201 1837 1585 1906 σταυρωθέντα
1639 1838 1771 1891 Θεδν

196 1913 483 1981 ὁμολογεῖν
515 1918 718 1982 πάντας
755 1921 1000 1978 ἔπεισαν.
1037 1925 1145 1978 Ποῦ
1178 1927 1274 1979 νῦν
1317 1930 1630 1995 εἰδωλείονς
1669 1929 1769 1982 ποῦ

202 2005 424 2058 εἴδωλον
452 2008 680 2075 ὲναγές;
715 2013 816 2064 ποῦ
844 2019 1136 2081 μαντεῖον;
1185 2019 1288 2070 ποῦ
1347 2021 1505 2082 ζώων
1539 2025 1635 2074 καὶ
1680 2025 1759 2076 ἁν-

202 2095 440 2164 θρὼπων
466 2101 695 2167 σφαγαὶ,
719 2105 814 2156 καὶ
851 2107 1060 2160 τελεταὶ
1108 2110 1380 2178 δαιμόνων
1429 2114 1729 2183 ἀκάθαρτοι
1753 2133 1767 2182 ;

202 2187 306 2240 ποῦ
361 2207 442 2252 τις
499 2192 633 2264 άλλη
686 2194 780 2248 νῦν
830 2200 888 2250 ιν
912 2200 1102 2272 κόσμῳ
1132 2202 1226 2256 τοῦ
1255 2205 1500 2258 διαϐόλου
1541 2209 1632 2258 καὶ
1664 2211 1770 2260 τῶν

199 2281 411 2334 ἐκείνου
441 2282 666 2356 λατρεία
689 2305 704 2355 ;
738 2291 925 2346 Πάντα
948 2294 1117 2347 ταῦτα
1140 2297 1338 2358 ἐξεῖλεν
1361 2301 1386 2351 ὁ
1413 2300 1766 2369 σταυρωθείς·

201 2376 299 2428 καὶ
332 2377 501 2441 τύπος
555 2382 718 2449 μόνος
775 2387 1008 2454 σταυροῦ
1063 2390 1251 2441 διώκει
1310 2394 1434 2454 τοὺς
1485 2394 1766 2460 δαίμονας,

196 2469 357 2530 θεοὺς
385 2473 651 2543 πρότερον
679 2477 1068 2546 νομιζομένους
1094 2484 1204 2544 τοῖς
1229 2483 1476 2552 Ἕλλησι.
1499 2487 1606 2540 Καὶ
1632 2490 1769 2553 μᾶλ-

194 2564 290 2616 λον
339 2566 397 2617 ἐν
429 2566 602 2636 τούτῳ
633 2569 927 2640 θαυμαστὴ
969 2574 1062 2626 τοῦ
1106 2578 1569 2650 σταυρωθέντοςή
1611 2582 1770 2635 δύνα-

193 2674 314 2725 μις,
345 2661 427 2712 ὅτι
452 2661 545 2713 καὶ
570 2661 712 2716 οῦτω
734 2665 899 2734 πένης
927 2667 1134 2734 ὀφθεὶς,
1193 2671 1289 2724 καὶ
1315 2672 1456 2725 οῦτω
1488 2677 1764 2744 πτωχείαν

195 2752 400 2817 σαρκὸς
428 2753 811 2822 ἐνδυσάμενος,
846 2761 937 2810 καὶ
968 2759 1043 2826 τῷ
1081 2762 1269 2830 κόσμῳ
1308 2766 1530 2832 μέτριος
1576 2769 1767 2834 φανεὶς

189 2842 290 2895 καὶ
315 2848 548 2911 πτωχὸς,
580 2848 671 2898 καὶ
698 2851 1048 2916 κατακριθεὶς
1076 2853 1152 2914 ὡς
1182 2854 1276 2906 καὶ
1302 2858 1496 2909 παθεῖν
1525 2860 1764 2927 σταυρῷ,

189 2937 292 2985 καὶ
319 2936 634 2998 ἀποθανεῖν,
672 2941 764 2991 καὶ
792 2941 935 2994 οὕτω
965 2946 1114 3012 παρὰ
1143 2946 1253 2997 τῶν
1283 2948 1539 3018 μαθητῶν
1569 2951 1766 3003 ὲσταυ-

187 3031 436 3097 ρωμένος
460 3032 886 3102 ὁμολογούμενος
932 3039 1024 3090 καὶ
1068 3039 1418 3108 καλούμενος,
1449 3043 1606 3103 αὐτὸς
1655 3063 1767 3097 τοι·

1889 645 2013 710 ιΙωῘ,
2069 649 2460 715 atheorumque
2512 653 2600 705 alii
2654 654 2972 718 rnnlti;sed
3033 658 3358 713 erubescant
3415 662 3467 712 in

1889 753 2084 791 vanum
2127 751 2430 808 peccantes.
2466 742 2668 797 Christi
2737 760 2920 805 cruce.
2956 746 3125 803 livore
3181 759 3232 802 et
3290 761 3467 804 morte

1888 833 2123 898 amplius
2153 847 2375 902 apparet
2409 836 2579 904 ipsius
2601 840 2814 894 virtutis
2845 850 2896 892 et
2923 841 3220 894 divinitatis
3253 822 3466 907 magni-

1889 924 2130 977 ficentia.
2171 925 2233 979 Et
2264 928 2382 981 vide
2415 930 2558 998 quid,
2588 932 2813 998 perfecit
2870 933 3169 986 cruciﬁxus
3199 951 3213 989 :
3284 951 3466 990 nonne

1889 1014 2264 1083 insipientium
2297 1019 2610 1075 Graecorum
2647 1040 2860 1077 omnem
2886 1040 3049 1078 cruce
3086 1026 3287 1092 fugavit
3316 1041 3465 1078 erro-

1885 1106 2043 1159 rem?
2076 1124 2256 1162 nonne
2305 1113 2627 1166 alheisnium
2650 1132 2862 1167 omnem
2886 1116 3130 1184 expulit?
3159 1115 3289 1180 Quis
3321 1134 3463 1170 nunc

1888 1200 2182 1252 multorum
2230 1204 2454 1257 deorum
2487 1208 2655 1258 cultui
2719 1209 3064 1261 inserviens?
3128 1207 3259 1272 Quis
3299 1211 3462 1261 maris

1881 1293 2240 1360 etsyharum
2313 1295 2502 1348 bestiis
2557 1297 2802 1349 divinum
2862 1299 3096 1352 otl'erens
3153 1299 3464 1351 honorem?

1878 1381 2066 1436 Nonne
2156 1386 2454 1439 alienorsnn
2515 1389 2847 1455 sapientium
2909 1390 3152 1442 insanam
3217 1392 3456 1445 convicit

1880 1476 2204 1542 sapientiam
2233 1479 2255 1530 ?
2284 1478 2474 1531 Nonne
2504 1481 2951 1549 philosophorum
3009 1482 3240 1548 ineptias
3279 1492 3458 1534 tacere

1876 1568 2100 1634 cneg‘t?
2152 1568 2456 1622 Piscatores
2531 1574 2773 1625 eruciﬁxi
2853 1574 3078 1641 apostoli
3132 1575 3452 1627 crucifixum

1877 1657 2042 1712 Deum
2076 1659 2317 1713 conﬁteri
2367 1664 2619 1716 omnibus
2661 1675 2975 1718 suaserunt.
3026 1665 3122 1718 Ubi
3162 1684 3302 1719 nunc
3339 1668 3456 1720 ido-

1874 1753 2047 1806 lorum
2115 1756 2438 1822 tetnplum?
2517 1757 2605 1808 ubi
2666 1757 2864 1807 idolum
2933 1759 3318 1810 maledictum?
3364 1758 3452 1810 ubi

1876 1843 2154 1896 oraculum
2189 1845 2210 1895 ?
2246 1846 2331 1897 tthi
2396 1846 2710 1897 animalium
2748 1856 2798 1897 ct
2832 1845 3118 1897 hominum
3184 1846 3451 1899 sacriﬁcia

1875 1945 1926 1987 et
1961 1935 2096 1990 ritus
2128 1936 2432 1989 diemomim
2487 1938 2726 2005 impuri?
2763 1937 2849 1988 ubi
2886 1953 3027 1989 nunc
3058 1939 3109 1989 in
3144 1937 3273 1989 orbe
3300 1952 3452 2002 qum--

1873 2028 1955 2081 vis
1991 2029 2092 2080 alia
2125 2029 2322 2081 diaboli
2359 2039 2412 2082 et
2445 2031 2562 2096 ejus
2613 2045 2835 2096 Operum
2900 2031 3142 2082 avloratio
3170 2029 3200 2079 ?-
3239 2028 3446 2082 Cuncta

1876 2117 2275 2170 lnecdcstruxit
2326 2119 2619 2170 cruciﬁxus
2677 2129 2732 2170 et
2790 2118 3062 2171 daemones
3129 2116 3276 2185 fugat
3335 2119 3450 2171 sola

1876 2210 2057 2261 crucis
2092 2209 2260 2276 ﬁgura
2289 2225 2424 2276 quos
2456 2219 2611 2262 antea
2641 2211 2770 2262 deos
2814 2211 3088 2263 habebant
3134 2196 3305 2263 Grreei
3337 2229 3348 2262 :
3385 2213 3434 2262 in

1873 2313 1983 2366 quo
2011 2299 2354 2367 potissimum
2412 2299 2545 2351 mira
2602 2299 2848 2352 cruciﬁxi
2903 2295 3095 2360 virtus,
3165 2298 3308 2366 quod
3369 2300 3448 2351 sic

1873 2406 2079 2460 egenus
2128 2393 2298 2455 visus,
2335 2392 2516 2446 carnis
2550 2399 2869 2459 paupertate
2903 2391 3128 2442 vestitus
3157 2401 3210 2442 et
3246 2392 3446 2442 mundo

1874 2485 2156 2539 modestus
2199 2501 2470 2554 apparens
2522 2493 2575 2536 et
2634 2501 2837 2553 panper
2891 2500 2952 2536 ac
3007 2489 3294 2537 damnatus
3351 2487 3444 2551 qui

1872 2591 2085 2630 Crucem
2111 2585 2452 2641 mortemque
2502 2585 2804 2643 pateretur,
2833 2587 2995 2642 atque
3027 2577 3102 2627 sic
3131 2594 3158 2628 ιι
3201 2576 3449 2643 discipu-

1874 2667 1938 2719 lis
1965 2666 2254 2720 cruciﬁxus
2315 2665 2662 2719 confessione
2704 2668 3068 2732 proclamatus
3098 2676 3150 2717 et
3193 2676 3440 2732 vocatus,

1873 2761 1987 2828 ipse
2023 2769 2231 2814 tantum
2290 2760 2462 2811 v;:leat
2494 2769 2548 2810 ut
2581 2760 2765 2810 orbem
2808 2758 2872 2810 ad
2941 2759 3179 2824 seipsum
3240 2761 3437 2822 trahat,

1873 2853 1989 2906 sine
2020 2853 2217 2920 gladio,
2249 2852 2409 2914 bello,
2445 2850 2904 2918 possvssionibus,
2947 2850 3152 2904 divitiis
3211 2851 3441 2920 aliisque

1875 2944 1926 2996 in
1966 2944 2163 3012 quibus
2191 2958 2449 3011 prosliere
2487 2941 2798 2995 hominibus
2846 2943 3110 3006 succedit,
3146 2956 3251 2994 non
3308 2958 3440 2997 suos

1872 3037 2168 3088 secundum
2204 3049 2418 3086 carnem
2447 3035 2497 3084 in
2532 3033 2874 3086 dilectionem
2900 3034 3178 3086 attrahens
3203 3043 3435 3102 tantum,

184 3120 327 3172 αὕτα
345 3121 501 3190 301
527 3124 718 3191 ίσχύει.
752 3124 891 3178 ὥστε
914 3128 1004 3179 τὸν
1031 3131 1233 3195 κόσμον
1266 3133 1443 3184 ἕλκειν
1465 3135 1541 3194 εἰς
1570 3136 1758 3189 ἑαυτὸν

1875 3127 1966 3178 sed
1998 3134 2052 3177 et
2086 3123 2344 3176 mundum
2377 3123 2715 3176 universum.
2743 3122 2954 3190 Moyses
2987 3124 3203 3190 quidem
3247 3126 3433 3178 eodem

179 3209 307 3279 δίχα
328 3215 623 3282 μαχαίρας,
657 3217 780 3284 δέχα
812 3220 1069 3286 πολέμου,
1096 3221 1307 3285 ἐξουσία
1333 3227 1560 3295 ςχωρῖς,
1599 3229 1759 3280 πλού-

180 3317 304 3362 του,
334 3303 555 3354 καὶτῶν
575 3306 770 3369 ἄλλων,
794 3308 852 3360 ἐν
876 3304 955 3370 οἷς
986 3312 1340 3380 κατορθοῦσιν
1365 3315 1662 3382 ἄνθρωποι,
1693 3321 1753 3369 οὗ

179 3394 311 3454 τοὺς
339 3394 400 3447 ἐκ
419 3395 607 3462 γένους
634 3400 712 3458 εἰς
733 3400 1011 3468 ἀγάπησιν
1034 3404 1392 3471 ἐφελκόμενος
1413 3407 1593 3474 μόνον,
1623 3409 1756 3462 ἀλλὰ

182 3487 284 3538 καὶ
311 3486 401 3537 τὸν
438 3488 643 3556 κόσμον
669 3489 903 3546 ἅπαντα.
935 3495 1140 3564 Μωσῆς
1181 3498 1281 3562 μὲν
1306 3500 1415 3567 γὰρ
1451 3501 1578 3562 τοὺς
1610 3502 1754 3555 κατὰ

180 3579 343 3642 γένος
372 3579 539 3648 αὐτῷ,
575 3583 671 3636 καλ⁸
697 3583 902 3637 τούτων
935 3587 1098 3654 μέρος
1126 3586 1377 3656 ὠφέλησε
1421 3591 1592 3660 βραχύ
1616 3609 1631 3624 ο
1672 3594 1753 3645 ὅτι

180 3670 280 3718 καὶ
318 3668 601 3734 ἄνθρωπος
632 3672 889 3739 Μωῦσῆς,
919 3676 1010 3728 καὶ
1038 3675 1133 3728 τοῦ
1172 3676 1428 3748 Σωτῆρος
1453 3682 1534 3743 είς
1558 3680 1749 3747 τύπον,

179 3758 283 3810 καὶ
327 3759 354 3810 6
396 3759 573 3822 διαθεὶς
608 3762 759 3830 αὐτῷ
787 3765 970 3831 νόμος,
1000 3768 1236 3835 σκιώδης
1274 3772 1368 3823 καὶ
1413 3773 1626 3842 ἀτελὴς.
1659 3781 1752 3829 καὶ

177 3848 311 3908 τοὺς
337 3849 445 3900 ἀπὸ
473 3849 670 3902 Ἰακὼϐ
697 3852 904 3914 πάντας
926 3856 1274 3924 οἰκονομῆσαι
1303 3858 1376 3925 μὴ
1403 3859 1647 3927 δυνηθείς
1674 3880 1688 3892 ·
1721 3866 1749 3915 ὁ

173 3941 235 3990 δὲ
265 3941 517 4006 Χριστὸς.
571 3943 693 4006 Υἱὸς
725 3943 800 3996 ὢν
826 3944 962 3997 Θεοῦ
1007 3950 1102 3999 καὶ
1149 3947 1258 4002 τῶν
1305 3951 1442 4002 ὅλων
1483 3953 1637 4013 Θεὸς,
1682 3956 1749 4007 τὰ

174 4030 309 4098 ἔθνη
357 4033 556 4095 πάντα,
591 4034 684 4086 καὶ
714 4035 870 4101 γένος
895 4037 1064 4099 ἅπαν,
1102 4041 1194 4091 καὶ
1241 4040 1491 4105 γλῶσσαν
1528 4044 1746 4096 ἅπασαν

172 4125 276 4174 καὶ
304 4123 472 4191 φυλὴν
498 4127 878 4194 προσηγάγετο
900 4142 914 4153 ·
947 4130 1040 4180 καὶ
1070 4128 1299 4191 ἕκαστος
1331 4133 1438 4181 ἀπει
1463 4132 1555 4183 τοῦ
1579 4133 1743 4185 τόπου

172 4215 346 4268 αὑτοῦ
397 4217 483 4268 διὰ
513 4218 611 4284 τῆς
646 4218 893 4286 γλώσσης
930 4220 1096 4271 αὐτοῦ
1119 4219 1331 4283 δοξάζει
1361 4222 1450 4274 τὸν
1484 4222 1617 4274 Θεὸν
1654 4225 1745 4275 καὶ

173 4309 416 4377 Πατέρα,
469 4308 530 4360 ὃν
561 4309 659 4360 οὐκ
691 4309 806 4379 ᾔδει
835 4311 1121 4379 πρότερον,
1145 4312 1234 4364 διὰ
1279 4311 1374 4364 τοῦ
1423 4315 1742 4380 μονογενοῦς

169 4399 353 4466 Λόγου
386 4397 480 4451 τοῦ
511 4402 673 4470 σαρκὶ
727 4402 1129 4470 σταυρωθέντος
1175 4403 1528 4472 καταμαθών.
1571 4405 1740 4457 Τοῦτο

1865 3230 2060 3281 genere
2095 3215 2226 3267 ortis
2257 3223 2309 3267 et.
2338 3203 2542 3266 horurn'
2574 3213 2710 3280 parti
2773 3214 2984 3266 cuidam
3018 3230 3195 3282 operae
3246 3231 3434 3284 parum

1862 3307 2112 3364 Contulit.
2142 3306 2339 3373 quippe
2387 3307 2475 3372 qui
2520 3307 2681 3358 homo
2745 3315 2859 3357 erat
2910 3317 2957 3358 et
3018 3307 3069 3360 in
3127 3307 3433 3362 Salvatoris

1862 3401 2053 3464 ﬁgura,
2086 3409 2137 3451 et
2173 3398 2255 3449 let
2296 3397 2396 3465 ipsi
2422 3399 2543 3448 data
2579 3399 2822 3449 umbram
2853 3397 3054 3451 habens
3082 3408 3132 3450 et
3170 3400 3425 3467 imperie-

1857 3491 2113 3547 ctiouem.
2173 3487 2340 3541 Jacob
2383 3490 2517 3542 [ilius
2586 3490 2637 3539 in
2675 3489 2892 3540 domum
2947 3488 3038 3541 Dei
3090 3490 3432 3544 introducere

1862 3578 2143 3645 nequibat.
2179 3576 2432 3629 Christus
2460 3591 2585 3630 vero
2625 3576 2714 3629 Dei
2753 3579 2943 3638 Filius,
2994 3589 3430 3647 cunctarumque

1858 3666 2001 3719 Dens
2034 3682 2248 3720 omnem
2283 3668 2545 3735 populum
2582 3678 2634 3720 ct
2667 3666 2922 3720 familiam
2993 3678 3045 3720 et
3109 3670 3346 3736 linguam
3375 3679 3430 3721 et

1866 3759 2063 3812 tribum
2099 3758 2418 3820 introduxit,
2454 3766 2506 3812 et
2545 3761 2916 3826 unusquisque
2957 3759 3020 3812 de
3055 3761 3174 3812 loco
3203 3775 3301 3813 suo
3333 3775 3428 3826 per

1853 3849 2091 3917 linguam
2126 3865 2275 3903 suam
2309 3849 2473 3902 Deum
2505 3849 2771 3918 gloriﬁrat
2801 3849 3013 3905 Patrem
3050 3867 3210 3918 quem
3265 3861 3425 3906 antea

1851 3953 1956 3990 non
1989 3948 2235 3997 noverat.
2259 3940 2328 3991 ab
2352 3940 2630 4007 unigenilo
2666 3940 2839 3992 \erbo
2881 3941 2933 3993 in
2972 3957 3137 3994 carne
3200 3943 3423 3994 cruciﬁ-

1851 4046 1916 4082 xo
1965 4032 2176 4084 doctus.
2233 4031 2367 4084 illud
2418 4032 2559 4084 enim
2616 4043 3025 4085 sacrosanctum
3089 4048 3306 4101 corpus,
3337 4043 3424 4087 ut-

1850 4134 1970 4193 pote
2009 4123 2098 4176 Dei
2131 4123 2290 4177 Verbi
2315 4139 2512 4190 corpus
2560 4123 2606 4176 ei
2657 4125 2865 4177 unitum
2911 4127 3112 4194 absque
3153 4127 3422 4180 divisione

1848 4228 1899 4269 et
1921 4214 2270 4276 confusione,
2299 4225 2471 4267 totum
2505 4217 2745 4269 divinum
2783 4225 2837 4269 et
2859 4216 3034 4269 solum
3076 4217 3338 4272 innocens
3365 4228 3422 4270 et

1847 4316 2098 4360 sanetum
2131 4323 2226 4375 pro
2266 4307 2444 4360 l‘atris
2477 4307 2792 4360 adoratione
2825 4308 3107 4376 saluteque
3142 4318 3326 4364 nostra
3351 4313 3415 4363 ad

1849 4397 2186 4451 moriendum
2224 4413 2317 4463 per
2342 4411 2528 4451 mantus
2561 4396 2838 4449 hominum
2871 4397 3210 4462 damnatum,
3245 4399 3420 4452 liben-

168 4494 286 4558 γὰρ
326 4492 388 4543 τὸ
428 4493 693 4559 πανάγιον
725 4493 884 4562 σῶμα
928 4495 1003 4556 ὡς
1038 4493 1130 4546 τοῦ
1157 4494 1292 4546 Θεοῦ
1333 4496 1506 4562 Λόγον
1571 4497 1737 4563 πῶμα,

1870 4506 1926 4542 er
1955 4490 2021 4542 ab
2049 4488 2346 4557 accipiente
2376 4485 2554 4541 Verbo
2576 4489 2722 4542 Patri
2754 4487 2994 4541 oblatum
3021 4491 3245 4559 solaque
3271 4506 3401 4559 pura

167 4584 325 4654 αὑτῷ
359 4586 554 4638 ὲνωθὲν
580 4587 899 4656 ἀδιαιρέτως
924 4604 982 4639 τε
1019 4587 1114 4640 καὶ
1146 4588 1425 4655 ἁφύρτως,
1457 4589 1598 4642 θεῖον
1623 4590 1743 4641 ὅλον

168 4675 270 4728 καὶ
298 4677 683 4745 ἀναμάρτητον
716 4678 874 4746 μόνον
907 4680 999 4731 κοιλ⁵
1025 4680 1178 4744 ἅγιον
1209 4679 1288 4742 ὃν,
1325 4680 1461 4748 ὑπὲρ
1489 4681 1585 4748 τῆς
1611 4683 1742 4749 ὁμο-

167 4769 360 4833 λογίας
392 4769 486 4820 τοῦ
520 4770 753 4837 Πατρδς,
789 4770 1008 4834 καὶτῆς
1052 4771 1206 4839 ἡμῶν
1255 4779 1528 4840 σωτηρίας
1571 4791 1740 4823 κατα-

165 4861 360 4931 κριθὲν
390 4861 481 4913 ὑπ’
508 4860 812 4929 ἀνθρώπων
845 4863 1159 4925 ἀποθανεῖν,
1191 4864 1453 4925 ἑκουσίως
1501 4865 1605 4916 ὑπὸ
1643 4864 1736 4916 τοῦ

166 4946 427 5000 λιισοίψτορ
480 4948 632 5016 αὑτῷ
688 4949 862 5016 Λόγου
897 4949 973 5018 τῷ
1010 4951 1183 5018 Πατρὶ
1232 4953 1610 5022 προσηνέχθη·
1646 4955 1739 5007 καὶ

166 5045 335 5091 ουσία
392 5039 526 5109 μόνη
583 5041 800 5108 καθαρᾶ
851 5042 1012 5094 τοῦτο
1051 5043 1188 5110 ὑπὲρ
1222 5044 1474 5094 ἁπάντων
1503 5045 1690 5111 γέγονε
1724 5063 1736 5074 ·

165 5130 267 5182 καὶ
311 5129 478 5181 θέλων
529 5131 731 5182 ἔπαθεν
790 5133 817 5183 6
855 5135 1158 5202 Δεσπότης,
1193 5135 1300 5185 τῶν
1332 5136 1585 5204 πονηρῶν
1641 5136 1738 5202 μὲν

164 5220 634 5290 ἐπιδεικνυμένων
668 5222 737 5274 τὰ
772 5222 1002 5287 ἑαυτῶν,
1039 5227 1133 5276 καὶ
1178 5228 1276 5286 τὰς
1309 5224 1495 5293 ὕϐρεις
1543 5227 1739 5292 ἐπιφε-

169 5315 377 5386 ρόντων
409 5318 504 5368 καὶ
557 5317 657 5378 τὰς
709 5317 925 5386 πληγὰς
954 5322 1047 5371 κα)⁸
1073 5319 1166 5370 τὸν
1205 5318 1455 5384 θάνατον,
1489 5320 1656 5373 αὑτοῦ
1683 5320 1737 5371 δὲ

165 5405 266 5458 τοῦ
304 5404 553 5475 Σωτῆρος
611 5409 682 5458 τά
743 5407 910 5459 αὑτοῦ
960 5408 1098 5477 ὑπὲρ
1157 5410 1314 5478 ἡμῶν
1367 5409 1735 5479 ἐνεργοῦντος.

170 5495 338 5548 Ὅθεν
367 5496 459 5548 ἐπὶ
493 5495 590 5548 τοῦ
637 5496 871 5567 σταυροῦ
903 5498 1195 5566 ἐκκέχυται
1229 5499 1326 5566 μὲν
1361 5499 1421 5550 τὸ
1460 5494 1599 5567 αἷμα
1636 5501 1734 5551 αὑ-

166 5585 289 5645 τοῦ.
323 5587 420 5656 τὴν
470 5588 525 5640 δὲ
570 5587 697 5656 γῆν,
730 5591 818 5642 τὸν
850 5591 1008 5659 άέρα,
1052 5591 1146 5642 καὶ
1174 5593 1355 5643 πᾶσαν
1409 5592 1506 5660 τὴν
1563 5592 1738 5642 κτίσιν

166 5680 422 5746 ἡγίασεν,
452 5682 525 5742 ὡς
557 5685 823 5749 πανάγιον
870 5678 1010 5749 αἷμα
1045 5682 1138 5734 τοῦ
1176 5683 1426 5749 σώματος
1479 5683 1569 5734 τοῦ
1605 5700 1739 5732 παν-

169 5774 338 5844 ταχοῦ
369 5776 520 5838 δντος
567 5774 762 5844 Λόγου.
797 5775 972 5839 Εὐθὺς
1013 5772 1104 5830 οῦν
1141 5777 1458 5842 Exul-4831;,

1846 4596 1942 4647 pro
1972 4581 2226 4632 omnibus
2259 4581 2432 4631 bnstia
2460 4579 2656 4631 factum
2689 4589 2790 4634 est.
2861 4579 2922 4631 Et
2955 4591 3147 4648 sponte
3221 4595 3418 4649 passus

1851 4682 1934 4728 est
1962 4674 2258 4736 Dominus;
2290 4674 2444 4727 malis
2465 4688 2583 4742 qnze
2615 4674 2744 4742 ipsis
2766 4677 2816 4726 in
2849 4675 3031 4728 animo
3065 4683 3418 4729 erantosten-

1842 4766 2114 4828 dentibus,
2153 4765 2397 4829 injurias,
2451 4764 2650 4832 plagas,
2683 4773 2906 4818 mortem
2968 4767 3410 4832 congerentibus,

1844 4855 2122 4910 Salvatore
2149 4871 2274 4908 vero
2298 4871 2415 4923 quae
2437 4857 2609 4923 ipsum
2632 4857 2892 4907 docebant
2917 4871 3011 4924 pro
3027 4857 3181 4909 nobis
3201 4866 3410 4925 agente.

1850 4949 2057 5001 Exinde
2083 4949 2133 5000 in
2163 4962 2321 4999 cruce
2356 4947 2508 5000 fusus
2536 4947 2755 5013 sanguis
2808 4947 2923 5011 ejus
2981 4958 3198 5011 terrain,
3231 4963 3410 5000 aerem

1848 5049 1902 5092 ‘et
1934 5051 2111 5092 creata
2147 5050 2338 5092 ςυηιια
2391 5038 2774 5100 sanctitieavit,
2807 5046 3060 5105 tanquam
3125 5054 3404 5093 sacrosan-

1847 5141 1967 5184 ctus
1996 5130 2241 5197 corporis
2271 5130 2470 5197 ubique
2494 5129 2810 5182 cxsistentis
2845 5129 3002 5183 Verbi
3025 5132 3277 5199 sanguis;
3305 5141 3413 5184 sta-

1849 5225 1941 5277 tim
1971 5240 2097 5292 ergo
2121 5227 2337 5276 ablutus
2398 5225 2684 5276 innovatus
2730 5231 2812 5277 est
2875 5225 3059 5289 homo,
3092 5234 3203 5278 etc
3245 5227 3412 5281 latere

1847 5331 2042 5382 aquam
2076 5331 2197 5368 cum
2225 5318 2487 5385 sanguine
2519 5314 2802 5368 eﬂ'undens
2833 5314 3106 5378 Christus,
3145 5317 3232 5368 illa
3291 5318 3410 5384 qui-

1845 5410 1965 5460 dem
1998 5407 2340 5460 accedentem
2402 5414 2634 5473 reparat,
2699 5405 2799 5458 hoc
2854 5422 2979 5458 vero
3030 5408 3306 5474 viviticat;
3355 5420 3408 5462 et

1847 5501 2023 5551 omnis
2114 5508 2252 5549 terra
2313 5507 2365 5549 et
2430 5498 2605 5564 lingua
2703 5510 2847 5548 nunc
2897 5494 3176 5548 Christum
3237 5499 3404 5550 conti-

1845 5600 2004 5642 tctur.
2049 5588 2178 5640 Tam
2223 5589 2355 5639 inira
2387 5597 2662 5656 tantaque,
2711 5586 2802 5655 qui
2845 5588 3110 5639 mirabilia
3158 5588 3280 5641 facit
3313 5605 3409 5658 per

1845 5696 2058 5735 crucem
2090 5687 2346 5745 operatus
2372 5687 2476 5730 est.

1546 5774 1910 5847 ἁνεμορφὼθη
1966 5776 1992 5825 6
2053 5774 2371 5844 ἅνθρωπος·
2430 5774 2524 5827 καὶ
2584 5773 2724 5844 ὕδωρ
2785 5775 2881 5828 σὺν
2934 5774 3122 5841 αἵματι
3209 5773 3408 5845 ῥεύσας
