4158 6440
180 332 265 395 853

867 323 1260 388 RESPONSA
1302 326 1401 385 AD
1428 323 1878 386 GABRIELEM
1908 324 2635 390 PENTAPOLITANUM.

3275 330 3378 393 854

179 449 272 517 κίᾳ,
295 449 342 498 ἐν
363 448 427 514 τῇ
465 444 628 513 γενεᾷ
660 443 808 514 πάσῃ
833 441 1022 505 αὑτοῖ,
1055 441 1173 510 ῆτις
1211 441 1302 492 καὶ
1333 438 1706 508 κατακλυσμῷ

1827 454 1930 492 ·ιιηι
1969 449 2110 495 recta
2151 451 2204 496 et
2229 443 2312 510 pia
2356 443 2733 498 manifestatur
2759 445 2890 511 vita,
2920 454 2975 499 ut
2998 446 3214 500 fuerunt
3245 447 3378 517 Abel

178 538 549 606 ὲξωλόθρευται,
583 536 640 586 έν
749 534 964 594 πάντως
994 534 1156 602 γενεᾷ
1183 535 1246 601 τῇ
1286 531 1577 599 φθαρείσῃ,
1610 531 1704 582 καὶ

177 631 318 698 νήπια
353 628 629 698 μυριάδες,
671 626 827 698 331
883 627 1058 677 πάντα
1098 625 1193 675 καὶ
1222 625 1358 675 αὑτά
1407 621 1547 675 κατὰ
1581 622 1706 682 τοὺς

179 722 390 788 Πατέρας
430 720 690 789 μέλλοντα
720 719 904 785 ζῆσαι.
939 716 1050 769 Καὶ
1081 715 1155 776 ὡς
1196 714 1444 783 ’Λϐραὰμ
1483 717 1538 766 ἐν
1564 712 1706 765 Χαλ-

175 812 319 874 δαίοις
337 814 424 865 καὶ
457 811 605 882 πάσῃ
630 813 698 879 γῇ
726 810 867 880 πλὴν
901 808 1233 877 Μελχισεδὲκ
1262 809 1351 860 καὶ
1376 809 1480 858 τῶν
1509 809 1706 876 ὁμοίων

174 908 319 976 αὐτῷ,
345 907 504 976 εἴπερ
553 907 648 958 καὶ
681 904 832 958 ἄλλοι
866 901 987 956 κατ’
1029 900 1223 953 αὐτόν·
1263 899 1358 952 καὶ
1393 899 1464 960 ὡς
1497 899 1617 951 Λὼτ
1650 900 1707 950 ὲν

175 999 417 1067 Σοδόμοις,
475 999 570 1051 καὶ
613 997 809 1066 Ἰωσὴφ
859 996 916 1047 ἐν
978 991 1261 1060 Αἰγύπτῳ,
1318 992 1410 1043 καὶ
1455 990 1516 1042 τὸ
1558 989 1705 1051 ἔθνος

170 1089 266 1140 τῶν
299 1087 558 1142 Ἰουδαίων
595 1087 752 1156 μόνον
801 1087 858 1136 ὲν
889 1088 982 1152 γῇ,
1010 1084 1104 1135 καὶ
1148 1082 1278 1135 αὐτὸ
1320 1083 1546 1134 πλεῖστα
1577 1080 1705 1133 πολ-

171 1179 308 1240 λάκις
354 1179 741 1246 σφαλλόμενον.
791 1177 885 1240 Τίς
912 1172 1005 1229 οὖν
1051 1177 1157 1244 ἄρα
1181 1177 1207 1228 ό
1252 1173 1418 1236 αἴτιος
1449 1174 1549 1243 τῆς
1583 1175 1706 1225 ἀσε-

174 1271 306 1333 ϐείας
326 1273 430 1332 τοῖς
457 1269 742 1330 ἀσεϐοῦσι;
783 1268 914 1330 Θεός
936 1285 949 1329 ;
994 1267 1164 1336 ’Υπὲρ
1197 1268 1374 1320 πᾶσαν
1398 1267 1556 1318 τοῦτο
1584 1266 1708 1319 ἀσέ-

168 1363 300 1414 ϐειαν
349 1364 398 1414 ετ
428 1378 511 1425 τις
560 1363 675 1430 ὲρεῖ
704 1362 797 1412 καὶ
841 1359 1208 1428 βλασφημίαν.
1258 1358 1424 1427 Δῆλον
1481 1357 1589 1426 γὰρ
1634 1357 1709 1420 ὡς

169 1456 362 1520 κολάζει
400 1457 525 1517 τοὺς
559 1454 796 1514 ἀσεϐεῖς.
834 1452 986 1505 Διατί
1035 1448 1127 1504 οὖν
1157 1453 1291 1520 τιμᾷ
1324 1452 1419 1518 μὲν
1444 1450 1704 1514 δικαίους,

167 1551 252 1602 καὶ
296 1549 491 1600 τούτων
530 1547 772 1615 κήδεται,
825 1544 1146 1612 τιμωρεῖται
1207 1543 1264 1595 δὲ
1310 1541 1705 1603 δυσσεϐοὖντας

168 1642 251 1690 καὶ
285 1639 680 1709 ἀποστρέφεται
709 1656 726 1700 ;
759 1637 980 1697 Πάντως
1027 1637 1101 1696 ὡς
1149 1634 1274 1693 τοὺς
1324 1632 1566 1696 εὐσεϐεῖς
1612 1631 1710 1700 μὲν

164 1729 573 1797 ἀποδεχόμενος,
626 1729 750 1789 τοὺς
813 1726 1025 1787 ἀσεϐεῖς
1075 1724 1131 1778 δὲ
1186 1723 1706 1792 ἀποστρεφόμενος,

163 1818 276 1870 ἐπεὶ
306 1819 420 1871 οὐδὲ
458 1818 651 1886 ἀφίησί
695 1835 746 1869 τι
795 1817 901 1868 τῶν
933 1816 1066 1884 πρὸς
1120 1815 1397 1884 σωτηρίαν
1453 1814 1527 1882 μὴ
1559 1814 1711 1883 ἐνερ-

163 1913 292 1978 γεῖν,
317 1909 452 1962 ὥστε
496 1910 791 1977 ἐπιγνῶναι
843 1908 1005 1960 αὐτόν
1030 1925 1044 1939 ·
1108 1909 1202 1961 καὶ
1236 1907 1325 1959 τὸν
1374 1907 1574 1974 κόσμον
1606 1906 1712 1977 γὰρ

163 2001 229 2053 δι’
257 2002 393 2069 ἡμᾶς
422 2000 646 2068 ἐποίησέ
693 2017 750 2052 τε
788 2000 883 2052 καὶ
915 1999 1124 2060 διοικεῖ,
1159 1997 1252 2049 καὶ
1285 1995 1353 2048 τὰ
1387 1997 1482 2065 τῆς
1513 1995 1713 2063 ἀρετῆς

163 2090 367 2158 ἔμφυτα
405 2090 600 2157 ἔθηκεν
630 2090 686 2140 ὲν
715 2091 866 2157 ἡμῖν,
897 2088 991 2140 καὶ
1017 2087 1237 2149 δούλους
1271 2085 1587 2139 ἀπέστειλεν
1615 2085 1713 2137 αὖα

163 2181 252 2234 τοῦ
289 2181 346 2234 τὸ
372 2180 534 2234 αὑτοῦ
569 2179 939 2248 κηρύττοντας
972 2179 1187 2247 θέλημα
1215 2194 1227 2208 ·
1263 2178 1353 2230 καὶ
1378 2177 1536 2246 νόμον
1560 2176 1714 2229 ἔθετο

159 2273 312 2334 θεῖον,
351 2273 441 2325 καὶ
489 2274 770 2341 προφήτας
819 2271 1003 2336 ἔδειξε,
1035 2271 1125 2322 καὶ
1181 2269 1329 2328 τέλος
1381 2269 1540 2331 αὐτὸς
1584 2263 1714 2337 ἦλθε

155 2366 223 2416 δι’
253 2365 438 2417 ἑαυτοῦ
461 2381 475 2396 ⁸
514 2366 608 2418 καὶ
659 2363 916 2432 μαθητῶν
949 2362 1108 2432 χορὸν
1157 2362 1458 2428 ἐξελέξατο,
1492 2362 1582 2413 καὶ
1637 2362 1715 2422 εἰς

159 2458 245 2510 τὸν
273 2460 468 2526 κόσμον
500 2457 791 2527 κηρύσσειν
832 2455 1124 2524 ἐξέπεμψε,
1161 2456 1254 2508 καὶ
1302 2454 1554 2522 θαύματα
1586 2469 1716 2504 κατ-

155 2555 465 2621 ειργάσατο,
509 2551 670 2605 ἆτινα
699 2551 762 2620 δὴ
793 2552 884 2603 καὶ
915 2550 1076 2618 μέχρι
1108 2547 1204 2600 νῦν
1253 2548 1576 2614 ἐνεργεῖται.
1611 2545 1719 2596 Καὶ

157 2647 368 2716 πρῶτον
401 2645 497 2714 μὲν
529 2643 620 2696 τοῦ
648 2643 907 2712 ὀνόματος
939 2641 1103 2694 αὑτοῦ
1131 2637 1534 2710 κηρυττομένον
1558 2637 1719 2689 παντὶ

155 2739 232 2807 τῷ
265 2739 474 2807 κόσμῳ,
523 2737 714 2788 ἔπειτα
758 2735 843 2786 διὰ
892 2734 992 2796 τῆς
1033 2731 1338 2799 Παρθενίας
1373 2728 1536 2782 αὐτοῦ
1566 2730 1716 2780 τιολι⁴

151 2831 449 2900 τευομένης
492 2832 548 2883 ὲν
597 2831 666 2898 γῇ
694 2844 706 2857 ·
743 2823 857 2878 εἶτα
901 2825 985 2878 διὰ
1014 2826 1107 2893 τῆς
1148 2824 1240 2876 τοῦ
1287 2823 1489 2892 κόσμου
1521 2821 1716 2889 φυγῆς,

158 2923 312 2992 παρά
345 2922 556 2974 πολλῶν
582 2921 708 2989 ἄχρι
736 2919 828 2971 τοῦ
854 2917 946 2970 νῦν
974 2917 1373 2986 πραττομένης,
1411 2916 1503 2966 καὶ
1529 2914 1608 2966 ἔτι
1636 2914 1721 2966 διὰ

157 3019 258 3085 τῆς
298 3012 632 3082 μονογαμίας
683 3011 775 3063 καὶ
808 3010 1160 3078 σωφροσύνης
1187 3009 1296 3060 τῶν
1338 3008 1476 3060 κατά
1518 3008 1721 3075 κόσμον

1807 539 1862 583 et
1895 529 2040 596 Scin,
2073 533 2173 586 soli
2205 533 2259 586 in
2291 537 2643 602 generatione
2658 537 2813 600 Cain,
2843 547 2897 592 et
2929 538 3041 593 Noe
3070 541 3222 593 solus
3248 554 3376 592 cum

1809 636 1904 676 sua
1933 621 2094 676 domo
2124 623 2176 676 in
2215 624 2362 677 omni
2400 625 2516 693 ejus
2549 629 2897 692 generatione
2936 644 3056 698 qua:
3089 639 3143 683 et
3173 629 3380 682 diluvio

1810 727 2130 788 consumpta
2160 729 2242 773 est
2275 737 2288 773 :
2326 732 2379 773 et
2430 719 2485 772 in
2515 720 2601 774 illa
2652 722 2874 776 omnino
2923 738 3176 792 corrupta
3221 740 3382 794 gene-

1812 809 2022 863 ratione
2052 819 2205 862 erant
2239 825 2458 879 quoque
2497 811 2752 887 infantes,
2807 825 2862 868 et
2905 814 3125 887 insuper
3157 830 3376 881 omnes,

1813 909 1871 954 ut
1904 910 2089 955 notant
2121 902 2326 965 Patres,
2350 904 2444 971 qui
2477 904 2638 957 modo
2671 905 2971 974 ingressuri
3020 917 3176 961 erant
3207 909 3273 961 ad
3301 909 3381 961 vi-

1812 1001 1919 1047 tam
1945 1009 1960 1058 ;
1988 1005 2041 1047 et
2065 994 2335 1048 Abraham
2364 996 2415 1049 in
2440 995 2707 1049 Chaldaeis
2732 1006 2785 1050 et
2821 997 2871 1048 in
2903 1008 3203 1062 tota'terra,
3239 1015 3377 1066 pra:-

1812 1094 1890 1138 tcr
1939 1086 2353 1148 Melchisedech,
2407 1088 2480 1141 illi
2535 1090 2758 1154 similes,
2810 1089 2903 1142 alii
2955 1091 3098 1143 enim
3128 1092 3385 1143 dicuntur

1812 1177 2110 1250 secundum
2153 1179 2459 1246 exemplum
2497 1181 2616 1247 ejus
2650 1181 2883 1245 vixisse;
2939 1189 2994 1235 et
3027 1182 3171 1236 sicut
3195 1181 3293 1234 Lnt
3326 1183 3381 1235 in

1812 1268 2083 1333 Sodomis,
2123 1279 2176 1323 et
2205 1268 2401 1335 Jnseph
2454 1271 2506 1322 in
2541 1269 2792 1340 Egypto,
2822 1283 2874 1326 et
2926 1274 3156 1340 pepulus
3224 1271 3385 1326 Israel

1813 1363 1960 1417 solus
1991 1364 2132 1416 inter
2159 1363 2384 1430 populos
2415 1370 2572 1417 terrae
2629 1363 2721 1432 qui
2777 1372 2955 1418 tamen
2983 1372 3036 1418 et
3064 1365 3290 1419 multum
3324 1376 3380 1418 et

1810 1465 1951 1519 saepe
1975 1451 2221 1521 deliquit.
2250 1453 2382 1518 Quis
2403 1468 2531 1521 ergo
2552 1454 2732 1521 impiis
2755 1468 2918 1509 causa
2946 1465 3030 1510 est
3049 1456 3388 1525 impietatis?

1815 1542 1993 1597 Deus?
2022 1541 2135 1597 Hoc
2167 1544 2212 1597 si
2250 1545 2374 1612 quis
2413 1543 2634 1606 dixerit,
2670 1559 2836 1613 super
2865 1559 3085 1599 onmem
3141 1547 3388 1614 impieta-

1815 1641 1925 1690 tem
1966 1645 2016 1688 et
2061 1636 2472 1704 blasphemiam.
2516 1636 2746 1692 Evidcns
2798 1638 2942 1692 enim
2989 1646 3074 1692 est
3118 1647 3386 1705 quantum

1815 1728 2001 1796 puniat
2031 1728 2246 1797 impios.
2271 1726 2450 1793 Quare
2482 1743 2610 1796 ergo
2645 1730 2874 1782 honorat
2897 1730 3077 1798 justos
3103 1738 3156 1785 et
3185 1731 3251 1785 de
3280 1732 3388 1785 illis

1813 1833 1988 1887 curat,
2019 1821 2144 1875 dum
2169 1821 2398 1890 castigat
2431 1829 2486 1875 et
2531 1822 2679 1890 ejicit
2716 1823 2950 1890 impios?
2978 1822 3213 1877 Omnino
3240 1825 3390 1877 sicut

1813 1913 1930 1979 pios
1992 1911 2256 1980 gloriﬁeat
2307 1924 2360 1966 et
2429 1913 2622 1980 impios
2679 1912 2892 1980 clongat
2950 1928 3128 1967 :eum
3169 1913 3389 1982 quidem

1818 2004 1947 2058 nihil
1992 2019 2098 2056 non
2159 2004 2349 2058 fecerit
2405 2015 2624 2074 propter
2673 2005 2900 2059 salutem
2936 2014 3179 2060 nostram
3232 2015 3285 2059 ct
3331 2016 3404 2059 ut-

1815 2103 2266 2165 eognoseeretur;
2291 2107 2342 2149 et
2364 2096 2884 2163 orbemjuniversum
2902 2097 3146 2151 condidit
3175 2109 3393 2166 propter

1815 2204 1915 2244 nos
1942 2198 1994 2243 et
2024 2190 2322 2256 gubernat;
2345 2198 2398 2242 et
2423 2187 2477 2242 in
2505 2187 2659 2244 nobis
2686 2189 2866 2257 posuit
2899 2190 3106 2244 semina
3137 2190 3392 2254 virtutis;

1817 2291 1870 2336 et
1917 2281 2068 2335 misit
2131 2295 2322 2335 Servos
2373 2295 2502 2334 suos
2549 2281 2640 2349 qui
2699 2279 2854 2334 nobis
2904 2281 3228 2334 annuntient
3272 2281 3393 2348 ejus

1816 2371 2184 2433 voluntatem;
2221 2379 2275 2424 et
2315 2371 2486 2438 legem
2530 2370 2722 2424 statuit
2765 2370 3004 2424 divinam
3035 2386 3048 2436 ;
3075 2379 3127 2424 et
3157 2375 3394 2438 prophe-

1823 2472 1902 2516 tas
1938 2462 2115 2526 misit;
2149 2472 2200 2516 et
2230 2463 2466 2530 denique
2497 2464 2612 2530 ipse
2667 2463 2814 2515 venit
2851 2479 2864 2527 ;
2897 2472 2950 2516 et
2987 2461 3393 2530 discipulorum

1819 2556 2047 2610 chorum
2089 2555 2250 2626 elegit
2311 2569 2451 2623 quos
2487 2555 2633 2608 misit
2667 2554 2720 2607 in
2767 2555 3081 2609 universum
3122 2554 3393 2608 mundum

1822 2648 2236 2716 prredicaturos;
2292 2654 2344 2698 et
2405 2645 2669 2698 miracula
2735 2643 2860 2698 fecit
2909 2660 3028 2713 quae
3084 2645 3298 2714 quidem
3343 2652 3404 2700 et

1821 2755 1992 2809 usque
2060 2753 2202 2792 nunc
2239 2745 2509 2807 operatur.
2579 2736 2818 2801 Quorum
2873 2740 3107 2805 primum
3171 2737 3274 2790 fuit
3345 2745 3402 2790 ut

1823 2833 2211 2902 pnedicarctur
2259 2845 2452 2884 nomen
2504 2830 2622 2895 ejus
2654 2831 2708 2882 in
2761 2839 2872 2883 toto
2910 2830 3041 2884 orbe
3085 2840 3396 2892 terrarum;

1821 2925 2014 2978 deinde
2052 2931 2105 2975 ut
2145 2939 2238 2990 per
2260 2922 2618 2988 virginitatem
2651 2921 2771 2988 ejus
2815 2922 3127 2976 alliceretur
3159 2931 3212 2976 et
3244 2925 3402 2989 quasi

1823 3016 2217 3083 gubernaretur
2259 3021 2398 3065 te'rra
2424 3010 2732 3073 ;dein;|eut
2767 3012 3004 3064 mundus
3046 3013 3401 3067 desereretur

149 3106 446 3174 ὁρθοδόξων
482 3102 687 3155 πιστῶν
747 3099 938 3164 αὑτοῦ,
974 3099 1161 3151 ἔπειτα
1210 3098 1297 3151 διὰ
1354 3098 1454 3167 τῆς
1497 3114 1726 3150 κακοπα-

1844 3115 1896 3158 et
1925 3119 1951 3155 a
1979 3103 2161 3155 multis
2188 3103 2352 3157 etiam
2419 3116 2562 3155 nunc
2593 3101 2916 3168 deseratur;
2947 3113 2999 3156 et
3032 3113 3089 3157 ut
3117 3106 3403 3159 credentes

150 3199 306 3260 θείας
353 3196 452 3264 τῆς
496 3194 717 3264 σαρκὸς,
770 3194 827 3244 ὲν
876 3191 1087 3252 πολλοῖς
1129 3191 1237 3242 τῶν
1287 3190 1486 3241 δούλων
1552 3189 1718 3242 αὐτοῦ

147 3288 554 3358 ἐνεργουμένης
597 3284 857 3344 ἑκουσίως
895 3285 957 3351 τῇ
995 3283 1226 3349 ἀσκήσει
1263 3281 1355 3332 καὶ
1377 3282 1719 3348 ἀναχωρήσει

147 3382 265 3432 τῶν
289 3378 597 3447 κοσμικῶν,
623 3377 695 3437 ὼς
722 3375 884 3436 αὐτὸς
909 3372 1206 3435 διετάξατο,
1235 3372 1326 3422 καὶ
1351 3371 1438 3422 διὰ
1460 3371 1566 3422 τῶν
1590 3371 1722 3420 ἀπο-

148 3471 504 3538 θνησκόντων
538 3471 664 3537 ἄχρι
693 3466 787 3518 τοῦ
831 3465 924 3518 νῦν
950 3465 1042 3518 καὶ
1071 3462 1419 3530 διωκομένων
1458 3461 1596 3528 ὑπὲρ
1622 3460 1720 3525 τῆς

143 3561 318 3614 αὑτοῦ
355 3560 658 3630 μαρτυρίας
689 3559 782 3610 καὶ
831 3555 922 3607 τοῦ
957 3554 1096 3621 ὑπὲρ
1127 3554 1224 3620 τῆς
1271 3552 1501 3612 πίστεως
1536 3551 1718 3617 ζήλου.

146 3655 265 3706 Καὶ
310 3652 376 3704 δι’
413 3651 589 3704 αὑτῶν
618 3649 669 3700 δὲ
702 3649 806 3698 τῶν
839 3646 998 3711 ἱερῶν
1047 3645 1246 3705 τόπων,
1279 3644 1334 3694 ἐν
1364 3638 1445 3702 οἷς
1492 3642 1559 3693 τὰ
1585 3642 1723 3708 ὑπὲρ

140 3746 313 3814 ἡμῶν
351 3744 645 3810 ἐνήργησε,
688 3741 747 3791 τὸ
779 3737 1092 3806 θαυμαστὸν
1132 3733 1452 3801 καθορᾶται,
1487 3733 1588 3783 ὑπὸ
1616 3731 1722 3782 τῶν

146 3836 628 3906 βλασφημούντων
652 3832 811 3883 αὐτὸν
837 3829 1013 3882 ἀθέων
1037 3827 1105 3878 τὰ
1134 3828 1309 3878 ἐκεῖσε
1342 3825 1616 3892 ἀρχόντων
1650 3823 1724 3891 μὴ

139 3931 594 3999 ἀφανιζομένων,
643 3923 1045 3992 συνισταμένων
1097 3920 1152 3972 δὲ
1202 3920 1402 3988 μᾶλλον
1456 3919 1624 3984 ἁγίων
1667 3919 1725 3966 ἐν

140 4023 343 4082 αὐτοῖς
372 4020 559 4082 οἴκων,
596 4015 788 4082 καὶτῷ
822 4014 914 4066 τοῦ
953 4013 1202 4082 Σωτῆρος
1231 4011 1452 4078 ὀνόματι
1482 4010 1724 4078 τιμωμέ·

137 4131 285 4175 νων,
321 4113 413 4162 καὶ
446 4110 547 4162 ἀπ)
561 4108 634 4169 ῶς
660 4106 726 4160 δι’
758 4106 959 4174 ἐτέρων
987 4103 1375 4171 ἀναριθμήτων
1407 4101 1722 4168 θαυμάτων,

138 4208 262 4259 τῶν
301 4221 360 4256 τε
413 4205 469 4254 ἐν
499 4201 671 4267 ἁγίοις
702 4201 868 4258 ναοῖς,
903 4199 959 4247 ὲν
993 4197 1164 4262 ἁγίοις
1201 4194 1406 4256 ὕδασιν,
1454 4195 1510 4246 ὲν
1541 4193 1726 4259 ἁγίαις

131 4293 362 4345 εἰκόσιν
388 4331 401 4354 ,
446 4291 502 4340 έν
551 4289 712 4355 ἱεροῖς
745 4286 1015 4353 λειψάνοις
1049 4283 1476 4352 ἐνεργουμένων,
1521 4282 1613 4332 κοιλ⁸
1642 4281 1726 4332 διὰ

133 4381 245 4435 τιιῦ
297 4381 485 4448 μένειν
542 4377 678 4429 αύτά
723 4375 893 4442 εὐώδη
931 4374 1024 4425 καὶ
1073 4373 1250 4435 ἀσινῆ,
1288 4372 1367 4422 ἔτι
1415 4389 1470 4423 τε
1512 4370 1597 4423 διὰ
1634 4369 1725 4422 τοῦ

1832 3196 1882 3247 in
1925 3210 2046 3248 enin
2089 3193 2154 3246 de
2189 3193 2392 3245 mundo
2423 3192 2718 3247 didicerint
2746 3202 2800 3247 et
2827 3194 3250 3262 approbaverint
3286 3213 3402 3250 inn-

1833 3285 2136 3354 nogamiam
2175 3295 2226 3336 et
2268 3285 2599 3337 castitatem.
2660 3284 2864 3338 Deinde
2901 3294 2958 3338 ut
2987 3301 3262 3340 servorum
3287 3291 3406 3355 ejus

1834 3374 2084 3444 permulti
2145 3374 2381 3444 amplexi
2463 3375 2575 3428 sint
2627 3377 3098 3428 mertilieationem
3132 3378 3405 3433 heroicam

1831 3467 2010 3521 carnis
2073 3475 2269 3534 sponte
2332 3481 2428 3519 sua
2490 3482 2582 3534 per
2616 3468 3128 3533 contemplationem
3160 3477 3215 3522 et
3273 3486 3408 3524 atta-

1832 3557 2160 3611 elioreticatn
2203 3557 2543 3609 aversionem
2598 3573 2625 3609 a
2684 3559 2993 3620 mundanis,
3046 3560 3404 3614 sicutexem-

1833 3649 1919 3718 pio
1957 3651 2075 3717 igne
2109 3649 2390 3712 doetierat,
2424 3658 2476 3701 et
2520 3659 2576 3702 ut
2641 3651 2795 3701 multi
2850 3661 3076 3704 mortem
3139 3654 3409 3721 subierint

1833 3751 1886 3794 et
1914 3742 2164 3795 exsilium
2200 3755 2370 3807 usque
2405 3757 2544 3794 nunc
2584 3742 2634 3792 iii
2674 3743 3038 3796 testium-nium
3061 3745 3179 3810 eju\
3210 3753 3264 3798 et
3296 3746 3409 3799 zelo

1835 3832 1955 3885 fidei
1989 3853 2002 3881 ε
2038 3840 2090 3885 et
2122 3841 2177 3884 ut
2210 3832 2263 3884 in
2299 3832 2431 3885 locis
2472 3832 2678 3886 sanctis
2742 3834 2829 3885 ubi
2865 3843 3088 3902 propter
3121 3852 3218 3887 nos
3264 3838 3410 3887 labo-

1838 3924 1972 3975 ravit
2037 3931 2355 3991 perpetuum
2428 3924 2794 3991 conspiciatur
2867 3927 3190 3978 miraculum
3264 3928 3406 3992 ιμιυςΙ

1837 4011 2188 4081 blasphemiis
2240 4013 2522 4065 athent'um
2580 4030 2684 4065 non
2735 4014 3028 4067 obscurata
3069 4024 3122 4068 ct
3182 4018 3409 4082 praecisa

1835 4107 1938 4158 sint
1979 4119 2099 4173 quae
2163 4103 2295 4158 inibi
2329 4105 2650 4172 principium
2689 4105 3031 4168 habuerunt,
3084 4108 3174 4160 sed
3234 4109 3412 4174 potius

1835 4197 2091 4252 stabilitaa
2147 4198 2256 4250 sint
2292 4197 2343 4250 in
2395 4197 2497 4250 illis
2520 4205 2834 4250 sanctorum
2893 4199 3090 4252 demtis
3123 4208 3176 4251 et
3217 4214 3408 4252 eorum

1835 4288 1927 4357 qui
1961 4287 2259 4340 Salvatoris
2311 4301 2504 4339 nomen
2539 4285 2859 4354 gloriiieant.
2904 4285 3024 4340 Uno
3051 4287 3216 4339 verbo
3247 4288 3409 4338 innu-

1837 4395 1986 4433 mera
2019 4379 2122 4432 alia
2150 4387 2358 4447 patrata
2394 4387 2521 4430 sunt
2547 4377 2808 4429 miracula
2843 4378 2895 4430 in
2932 4379 3140 4430 sanctis
3167 4379 3409 4444 ιριιινιίς,

135 4472 462 4539 μυστηρίου
509 4471 604 4537 τῆς
656 4467 876 4537 χάριτος
914 4462 1007 4517 τοῦ
1039 4465 1187 4516 λύειν
1232 4481 1290 4515 τε
1349 4464 1441 4514 καὶ
1487 4463 1726 4531 δεσμεῖν,

1841 4473 1894 4525 in
1927 4471 2135 4524 sanctis
2186 4468 2365 4538 aquis,
2409 4469 2460 4520 in
2494 4467 2697 4521 sanctis
2731 4468 3080 4533 imaginibus,
3118 4468 3168 4520 in
3207 4471 3415 4522 sanctis

129 4565 242 4614 καὶ
299 4561 394 4613 διὰ
423 4560 514 4611 τοῦ
542 4561 723 4628 μένειν
759 4558 1093 4626 διωκομένην
1118 4555 1217 4625 τὴν
1261 4556 1614 4623 Ἐκκλησίαν,
1639 4555 1734 4606 καὶ

130 4654 322 4722 μέσον
357 4646 525 4704 οὖσαν
552 4650 659 4703 τῶν
690 4647 862 4700 ἐθνῶν
894 4646 1230 4715 μισουμένην
1265 4645 1358 4696 καὶ
1397 4644 1730 4712 θλιϐομένην

127 4745 292 4796 κατά
326 4744 430 4813 τὴν
465 4743 861 4812 προαγόρευσιν
896 4739 1004 4792 τῶν
1038 4738 1197 4790 θείων
1245 4738 1416 4803 λόγων
1448 4737 1633 4797 αὑτοῦ,
1665 4735 1732 4787 δι’

124 4830 216 4888 ὧν
244 4839 351 4887 καὶ
389 4835 488 4903 τὴν
521 4833 794 4902 βασιλείαν
825 4831 1012 4894 αὐτοῦ,
1045 4831 1117 4891 ὠς
1152 4829 1274 4898 ἔφη,
1313 4829 1622 4896 ἐλπίζομεν.
1663 4826 1735 4878 Τὸ

129 4931 343 4999 μεῖζον
369 4927 428 4980 δέ
451 4944 534 4994 γε,
567 4927 648 4980 ὅτι
677 4926 771 4978 καὶ
791 4925 956 4993 χωρὶς
984 4924 1279 4992 μαχαίρας,
1307 4923 1473 4990 χωρίς
1488 4937 1546 4972 τε
1575 4936 1733 4988 στρα-

126 5020 477 5086 τευμάτων,
508 5018 601 5070 καὶ
629 5017 795 5086 χωρὶς
825 5016 1090 5085 βασιλέων
1118 5013 1563 5081 στρατευομένων
1594 5011 1735 5081 ὑπὲρ

126 5113 352 5175 αὐτοῦ,
411 5111 477 5164 δι’
508 5112 708 5165 ἀλιέων
744 5111 838 5162 καὶ
877 5107 1143 5177 πενήτων,
1193 5105 1556 5172 διωκομένων,
1599 5105 1735 5156 ἀπο-

122 5198 529 5268 Θνησκόντων,
584 5197 829 5260 ἰδιωτῶν,
865 5197 1267 5263 ἀγριμμάτων,
1303 5195 1730 5263 λοιδορουμένων

117 5291 234 5343 καὶ
271 5289 814 5357 καταφρονουμένων
869 5285 935 5338 δι’
989 5287 1172 5345 αὑτὸν,
1222 5286 1429 5349 πάντας
1488 5287 1731 5354 νικῆσαι,

121 5383 240 5436 καὶ
273 5382 350 5434 τὰ
382 5382 594 5450 μεγάλα
622 5379 1066 5448 κατωρθωκέναι.
1115 5378 1276 5431 Ἀλλά
1317 5379 1411 5430 καὶ
1443 5381 1502 5429 τὸ
1552 5378 1737 5446 μένειν

121 5476 330 5528 αὐτοῦ
359 5474 462 5544 τὴν
504 5473 835 5542 Ἐκκλησίαν
883 5473 1006 5540 δίχα
1037 5473 1306 5540 κοσμικῆς
1335 5471 1428 5523 νῦν
1467 5469 1736 5536 ἐξουσίας,

117 5568 507 5636 διωκομένην
541 5566 671 5636 παρ’
720 5566 951 5635 ἐχθρῶν,
984 5566 1120 5634 ὅπερ
1153 5565 1241 5616 καὶ
1285 5567 1393 5626 τοῖς
1429 5565 1641 5626 πολλοῖς
1670 5564 1736 5617 ἂν

119 5659 457 5729 νομισθείη
487 5659 761 5722 ἀσθένεια,
797 5658 1024 5725 δύναμις
1055 5658 1218 5709 αὑτοῦ
1253 5656 1450 5725 μᾶλλον
1481 5658 1575 5706 καὶ
1608 5657 1739 5723 κρά-

111 5766 231 5811 τος
280 5750 444 5802 ἔσται
480 5749 684 5819 σαφῶς.
712 5748 825 5803 Ἰνα
855 5746 929 5818 μὴ
955 5747 1299 5816 καυχήσηται
1327 5745 1559 5814 (Παῦλός
1587 5746 1740 5814 φησι)

1839 4561 2086 4630 reliquiis
2119 4575 2240 4627 qua:
2281 4558 2579 4611 manebant
2635 4560 2792 4628 plene
2844 4561 3175 4628 incorrupta:
3201 4569 3254 4612 et
3285 4575 3413 4611 sua-

1837 4652 2122 4707 vissimum
2168 4649 2424 4704 efﬂabant
2453 4650 2694 4702 odorem.
2751 4651 2814 4701 Et
2847 4650 3074 4716 insuper
3115 4651 3166 4702 iii
3206 4663 3411 4720 myste-

1841 4745 1920 4797 rio
1947 4743 2135 4813 gratiae
2183 4758 2305 4810 quae
2352 4742 2513 4796 Solvit
2545 4751 2597 4794 et
2624 4741 2787 4810 ligat;
2834 4742 2886 4794 in
2916 4757 2981 4795 eo
3036 4744 3175 4809 quod
3233 4753 3415 4795 manet

1842 4835 2082 4888 Ecclesia
2107 4834 2410 4904 proscripta
2435 4843 2488 4886 et
2514 4834 2668 4902 quasi
2706 4833 2965 4886 exsulans
2995 4833 3051 4886 in
3085 4833 3259 4886 medio
3281 4849 3418 4901 gen-

1845 4926 1976 4979 tium
2003 4940 2121 4994 quae
2138 4939 2255 4977 eam
2279 4925 2510 4977 oderunt
2533 4931 2586 4977 et
2608 4924 2948 4986 conculcant,
2977 4932 3034 4975 ιιι
3083 4925 3418 4991 atlitnplean-

1844 5027 1930 5070 tur
1992 5032 2275 5071 sermones
2329 5016 2445 5084 ejus
2501 5015 2670 5068 divini
2723 5015 2922 5082 quibus
2971 5015 3132 5067 etiam
3197 5030 3419 5082 sperare

1834 5110 2086 5180 juhemur
2117 5124 2338 5179 regnum
2377 5107 2516 5174 ejus.
2561 5107 2699 5160 Illud
2767 5117 2944 5162 autem
3012 5108 3248 5160 maxime
3304 5115 3416 5160 stn-

1842 5203 2076 5272 pentlum
2101 5202 2242 5269 quod
2267 5201 2472 5268 absque
2503 5201 2799 5258 machaera,
2826 5200 3033 5267 absque
3061 5198 3418 5260 exercitibus,

1846 5304 1900 5347 et
1928 5292 2133 5361 absque
2165 5289 2387 5359 regibus
2427 5305 2526 5358 pro
2570 5290 2661 5343 illo
2713 5289 3084 5360 pugnantibus
3121 5303 3216 5355 per
3244 5287 3420 5353 pisca-

1845 5394 1990 5438 tores
2027 5383 2278 5443 miseros,
2314 5378 2541 5446 ejectos,
2576 5379 2812 5442 occisos,
2866 5380 3204 5446 ignorantes,
3254 5376 3414 5430 ditia-

1848 5483 2024 5528 matus
2075 5481 2129 5527 et
2172 5479 2515 5538 contemptus
2569 5479 2791 5539 proliter
2841 5470 3039 5536 ipsum,
3074 5482 3264 5520 omnes
3299 5468 3420 5519 vin-

1848 5578 1969 5617 cere
1998 5572 2050 5616 et
2075 5577 2266 5631 magna
2302 5561 2540 5628 dirigere
2577 5559 2767 5629 potuit.
2805 5559 2936 5611 Dum
2970 5568 3152 5612 autem
3177 5557 3414 5610 Eccle~ia

1847 5654 1964 5723 ejus
1995 5653 2140 5706 omni
2179 5659 2358 5706 manet
2402 5654 2673 5705 mundana
2704 5650 3012 5705 substantia
3057 5657 3109 5703 et
3153 5655 3418 5716 potestate

1852 5746 2134 5810 destituta,
2195 5743 2539 5817 abinimicis
2601 5745 2814 5816 repulsa
2849 5754 2902 5801 et
2939 5744 3147 5814 ejecta;
3187 5740 3329 5811 quod
3390 5752 3420 5790 a
