4158 6440
216 369 320 436 861

953 365 1343 428 RESPONSA
1391 366 1490 425 AD
1527 363 1983 426 GABR'lELEM
2020 368 2754 438 PENTAPOLITANUM.

3343 381 3446 444 862

208 486 445 543 καὶτῶν
486 485 626 556 ὑπὲρ
653 485 751 554 τὴν
800 483 956 547 ἀξίαν
998 483 1163 536 αὐτοῦ
1204 486 1634 555 περιφρονητὴς,
1673 485 1766 536 πό-

1873 495 2061 546 gerens
2087 498 2212 551 erga
2241 502 2325 541 res
2359 503 2465 540 non
2497 505 2649 550 suas,
2681 496 2888 557 quanto
2923 490 3091 558 magis
3115 494 3447 548 condemna-

214 596 293 646 σῳ
331 577 493 648 334
517 593 579 639 γε
606 576 806 644 μᾶλλον
843 575 1302 644 κατακριθήσεται
1329 578 1356 629 6
1385 579 1443 628 ἐν
1472 577 1580 640 τοῖς
1610 576 1774 639 θείοις

208 673 303 722 καὶ
331 669 600 738 οὐρανίοις
647 667 1027 736 καταφρονῶν,
1059 670 1153 722 καὶ
1188 668 1424 736 μάλιστα
1449 671 1561 730 τοῖς
1607 669 1773 720 αὐτοῦ

205 757 303 812 τοῦ
331 759 464 812 Θεοῦ
502 759 663 828 μόνου
693 760 873 827 εργοις
898 777 913 824 ς
963 761 1069 812 Καὶ
1100 762 1147 812 εί
1177 763 1205 812 6
1234 760 1470 824 ἀναξίως
1503 761 1776 813 κοινωνῶν

215 855 374 923 μόνον
423 855 769 922 κατάκριτος,
810 855 838 906 6
888 853 982 904 καὶ
1027 852 1262 917 ἀναξίως
1315 853 1572 920 ἐνεργῶν,
1625 853 1774 919 πόσῳ

212 943 431 1012 μᾶλλον.
464 946 572 996 Καὶ
614 943 786 998 ταῦτα
820 944 918 1013 μὲν
962 946 1086 1012 περὶ
1122 944 1229 995 τῶν
1262 945 1597 1014 χειροτονίαν
1624 945 1776 1010 δεξαο

213 1038 410 1105 μένων,
444 1037 639 1097 οἵτινες
699 1040 806 1092 eiu
863 1038 1146 1106 πρότερον,
1183 1037 1291 1090 εἴτε
1327 1037 1551 1106 ὕστερον
1598 1039 1777 1107 ἥμαρ-

207 1148 320 1193 τον,
368 1131 574 1191 ἀνάξιοι
603 1132 824 1190 πάντες.
856 1133 963 1183 Καὶ
1011 1133 1124 1198 εἴγε
1163 1136 1490 1200 μετανοῆσαι
1539 1135 1631 1184 καὶ
1674 1150 1778 1184 σω-

210 1222 362 1291 θῆναι
405 1223 554 1289 μέλει
596 1223 800 1283 αὐτοῖς.
838 1223 1234 1291 ἀποστήτωσαν
1273 1225 1518 1290 ἐνεργεῖν
1563 1224 1631 1276 τὰ
1678 1225 1776 1292 τῆς

211 1315 507 1382 ἱερωσύνης
558 1315 838 1381 ἁγιώτατα
889 1313 1046 1382 ἔργα,
1112 1315 1206 1366 καὶ
1265 1316 1322 1366 ὲν
1387 1316 1776 1386 ἐξομολογήσει

211 1410 307 1460 καὶ
335 1407 536 1470 πένθει,
563 1408 653 1458 τὸν
680 1405 813 1458 Θεὸν
843 1409 1055 1467 εαυτοίς
1089 1405 1468 1460 ίλεούσθωσαν.
1501 1407 1635 1459 Οὐδὲ
1665 1411 1775 1479 γὰρ

210 1500 336 1553 ἄλλο
385 1517 436 1552 τι
485 1502 667 1559 αὐτοῖς
713 1500 791 1560 είς
832 1500 1140 1568 μετάνοιαν,
1168 1501 1217 1552 εἰ
1265 1501 1339 1570 μὴ
1386 1501 1598 1567 πρῶτον
1632 1503 1776 1555 παύ-

216 1610 410 1646 σωνται
461 1593 529 1645 τὰ
579 1595 675 1660 τῆς
735 1594 1034 1662 ἱερωσύνης
1081 1595 1347 1661 ἐνεργεῖν.
1407 1595 1468 1646 Ei
1521 1597 1578 1648 δέ
1631 1612 1777 1658 τινες

213 1687 600 1755 παραχωρήσει
636 1685 771 1738 Θεοῦ
801 1688 934 1752 πρὸς
977 1685 1136 1738 τοῦτο
1176 1687 1343 1756 ἦκασι
1377 1687 1603 1756 τόλμης,
1636 1687 1776 1740 ῶστε

212 1781 453 1840 ἀπίστως
502 1779 594 1830 καὶ
634 1778 906 1841 δυσσεϐῶς
954 1779 1200 1846 (ἀπιστία
1241 1778 1348 1846 γὰρ
1399 1773 1461 1828 τὸ
1509 1776 1774 1842 τοιοῦτον)

211 1871 378 1938 χωρὶς
431 1870 522 1923 τοῦ
583 1868 880 1940 ἱερωσύνης
932 1868 1262 1938 χειροτονίαν
1312 1868 1515 1932 λαϐεῖν,
1571 1868 1640 1920 τὰ
1675 1869 1774 1934 τῆς

214 1964 510 2032 ἱερωσύνης
544 1963 860 2030 διενεργεῖν,
890 1963 988 2014 οὐκ
1019 1961 1133 2014 ἔστι
1168 1961 1324 2028 λόγος
1348 1963 1520 2014 εἰπεῖν
1551 1961 1616 2014 τὰ
1645 1962 1771 2031 περὶ

209 2058 306 2122 τῆς
346 2056 722 2124 κατακρίσεως
776 2053 869 2105 τοῦ
918 2054 1180 2109 τοιούτου.
1213 2055 1408 2122 Χεῖρον
1458 2055 1565 2123 γὰρ
1614 2054 1772 2106 τοῦτο

207 2149 270 2200 τὸ
298 2149 454 2218 ἔργον
481 2150 574 2200 καὶ
603 2147 814 2200 ἀσεϐῶν
839 2148 1037 2212 αὐτῶν,
1066 2147 1158 2200 καὶ
1190 2149 1350 2214 μόνον
1387 2148 1658 2216 δαιμόνων
1692 2148 1770 2209 είς

207 2242 436 2307 ἄγγελον
492 2241 666 2308 φωτὸς
731 2240 1383 2309 μετασχηματιζομένων,
1439 2241 1514 2308 μὴ
1573 2240 1764 2296 ὄντων,

207 2333 303 2384 καὶ
331 2333 396 2384 τὰ
426 2331 518 2383 τοῦ
561 2331 696 2383 Θεοῦ
740 2331 1204 2399 ὑποκρινομένων,
1235 2330 1413 2381 ἀθέων
1442 2330 1632 2392 ὅντων,
1672 2329 1770 2380 καὶ

207 2423 487 2476 ἀντιθέων.
519 2425 581 2475 Οί
623 2421 857 2475 τοιοῦτοι
908 2423 968 2474 οὐ
1024 2424 1184 2491 μόνον
1236 2417 1329 2474 οὖν
1370 2423 1634 2490 μεγίστην
1676 2420 1768 2472 καὶ

207 2516 444 2585 ἄρρητον
487 2519 881 2587 ὑποστήσονται
933 2517 1226 2585 τιμωρίαν,
1276 2517 1416 2570 κατά
1460 2517 1568 2568 τῶν
1607 2514 1770 2567 θείων

203 2609 347 2662 οὕτω
387 2610 450 2679 δή
499 2611 1006 2678 βλασφημήσαντες,
1041 2610 1102 2663 οὗ
1134 2612 1240 2679 γάρ
1277 2611 1453 2677 φωναὶ
1506 2609 1646 2661 θεῖαι
1699 2609 1768 2660 τὰ

203 2697 336 2761 παρ’
361 2697 560 2759 αὐτῶν,
586 2698 705 2749 οὐδὲ
758 2698 885 2750 θεῖα
917 2699 1074 2767 ἔργα,
1109 2700 1404 2768 ἐπειδήπερ
1439 2700 1602 2768 χάριν
1648 2717 1763 2767 χει-

207 2791 446 2856 ροτονίας
471 2791 568 2842 οὐκ
594 2790 831 2858 ἔχουσιν,
861 2791 994 2842 ἀλλά
1021 2794 1115 2843 καὶ
1143 2790 1296 2860 δίκην
1331 2791 1572 2842 τίσουσιν
1601 2791 1768 2860 ἄλλην

203 2880 366 2932 ἕνεκα
415 2882 522 2933 τῶν
559 2883 649 2934 ὑπ’
700 2883 877 2934 αὐτῶν
925 2883 1373 2950 ἐξηπατημένων,
1410 2883 1503 2934 καὶ
1541 2883 1573 2953 ἢ
1608 2883 1767 2951 δῆθεν

203 2975 628 3041 βαπτισθέντων,
681 2976 709 3045 ἢ
767 2977 1274 3044 χειροτονηθέντων.
1308 2970 1466 3029 Οὗτοι
1512 2975 1619 3044 γὰρ
1676 2977 1768 3026 καὶ

204 3067 602 3134 ἀχειροτόνητοι
661 3069 752 3119 καὶ
809 3068 1154 3120 ἀδάπτιστοι.
1208 3069 1374 3121 Οὐδὲν
1434 3069 1540 3137 γὰρ
1603 3070 1630 3120 6
1690 3070 1765 3137 μὴ

1884 570 2032 627 bitur
2060 577 2150 644 qui
2179 580 2575 633 contumeliose
2607 596 2695 636 res
2725 582 2940 636 divinas
2976 593 3027 636 et
3069 586 3319 639 euelestes
3346 595 3454 638 tra-

1881 673 2012 728 ctat,
2037 674 2090 719 ct
2111 668 2252 735 quod
2275 668 2626 724 {mitissimum
2646 681 2790 726 estet
2811 674 3298 743 iniprohisssimum
3324 691 3450 742 erga

1885 753 1999 821 ipsa
2055 759 2221 826 opera
2258 760 2357 813 soli
2393 763 2498 815 Deo
2535 767 2748 832 propria
2781 765 2803 817 ?
2847 763 2909 816 Et
2957 765 3002 818 si
3038 769 3453 820 communicatis

1884 852 2097 901 tantum
2152 851 2368 919 indigne
2413 856 2832 918 condemnatur,
2897 857 3068 908 multo
3131 862 3302 926 magis
3358 859 3450 926 qui

1887 935 2106 1008 indigne
2136 951 2354 997 tractat.
2397 943 2462 997 Et
2501 947 2612 1001 hare
2664 947 2730 1000 de
2765 946 2870 1002 illis
2905 948 2996 1015 qui
3052 947 3451 1001 ordinationem

1885 1044 2230 1099 rect-perunt,
2250 1036 2364 1090 sive
2385 1048 2512 1092 ante
2540 1053 2822 1109 susceptos
2839 1043 3058 1093 ordines
3085 1046 3447 1110 peccaverint,

1883 1123 1997 1175 sive
2033 1133 2170 1190 post,
2202 1142 2390 1183 omnes
2429 1131 2631 1197 indigni
2664 1151 2676 1195 ;
2703 1135 2745 1186 si
2775 1135 2935 1187 modo
2959 1134 3092 1200 ipsis
3121 1135 3450 1202 pmnitentizu

1882 1222 1936 1267 et
1965 1217 2158 1292 salutis
2185 1234 2313 1273 cura
2344 1226 2717 1289 supervenerit
2753 1228 3008 1280 recedant
3060 1229 3127 1280 ab
3151 1230 3450 1279 exerceo-lo

1892 1309 2242 1362 sanctissima
2296 1315 2584 1368 sacerdotii
2617 1331 2804 1385 opera,
2840 1327 2894 1370 et
2927 1322 2974 1371 in
3007 1320 3351 1373 confessione
3401 1331 3451 1371 et

1883 1393 2052 1456 luctu,
2073 1397 2236 1450 Deum
2258 1401 2356 1454 sibi
2378 1405 2668 1472 propitium
2692 1407 2934 1460 reddant.
2958 1407 3088 1460 Nam
3123 1418 3244 1462 ante
3275 1414 3450 1476 ptent-

1883 1487 2104 1539 tentiam
2140 1491 2438 1547 ministerio
2467 1511 2626 1550 sacro
2657 1499 2955 1552 valedicere
2987 1499 3205 1555 debent.
3233 1502 3287 1554 Si
3326 1518 3451 1553 vero

1883 1581 2106 1649 quidam
2138 1585 2489 1650 permissione
2516 1589 2605 1643 Dei
2629 1606 2692 1643 co
2723 1592 3006 1646 dementia:
3025 1602 3076 1646 et
3105 1595 3451 1662 impudentiae

1884 1673 2249 1739 pervenerint,
2304 1684 2380 1736 ιιι,
2438 1678 2592 1730 iidem
2650 1680 2979 1746 abnegantes
3029 1685 3174 1749 (lidei
3238 1686 3452 1752 negatio

1885 1765 2116 1830 esthoc)
2150 1777 2203 1819 et
2243 1769 2579 1837 religionem,
2639 1775 2885 1840 privatim
2944 1777 3234 1828 saewdotii
3296 1777 3446 1829 ordi-

1877 1871 2002 1908 nem
2037 1860 2353 1928 suscipiant,
2389 1874 2440 1914 et
2461 1879 2685 1916 tnunera
2713 1876 3000 1920 exercemt
3054 1869 3232 1936 lingua
3261 1880 3310 1921 et
3349 1887 3390 1920 vt
3421 1887 3448 1922 χ

1883 1949 2146 2005 deficiunt
2178 1954 2242 2006 ad
2273 1953 2558 2008 dicendqu
2582 1969 2838 2024 quantam
2865 1964 3450 2016 mcreanturcmnletn-

1884 2044 2182 2096 nationem.
2223 2047 2389 2114 Pejus
2436 2050 2576 2101 enim
2613 2050 2816 2104 faciunt
2843 2070 3002 2120 quam
3040 2057 3247 2123 ipsimct
3277 2058 3446 2124 itnp’i;

1879 2141 1954 2195 et,
1992 2136 2136 2202 quod
2204 2140 2333 2192 solis
2394 2142 2664 2209 proprium
2706 2153 2788 2197 est
2843 2146 3198 2212 dzemonibus,
3253 2150 3344 2215 qui
3393 2165 3451 2201 se

1879 2228 2267 2295 transiigurant
2329 2234 2380 2286 in
2431 2236 2654 2301 angelos
2713 2236 2956 2301 luminis,
3009 2254 3130 2292 cum
3167 2241 3272 2294 sint
3298 2250 3449 2294 tene-

1879 2319 2025 2372 brosi
2077 2323 2326 2390 spiritus,
2387 2325 2473 2378 isti
2527 2329 3070 2396 psvudo-saccrdotes
3127 2348 3288 2400 opera
3354 2334 3446 2385 Dei

1881 2414 2140 2467 simulant
2183 2433 2301 2468 cum
2354 2432 2477 2472 vere
2526 2420 2670 2473 athei
2719 2423 2826 2475 sint
2870 2424 3039 2476 etDei
3101 2425 3329 2477 inimici.
3383 2425 3443 2477 lli

1876 2515 2056 2558 autem
2076 2522 2178 2559 non
2205 2511 2362 2564 modo
2383 2525 2596 2578 prenam
2625 2513 2769 2566 luent
2789 2516 3076 2568 maximam
3102 2517 3448 2570 etinenarra-

1879 2595 2061 2660 bilem,
2099 2613 2194 2665 pro
2223 2601 2386 2652 tantis
2409 2602 2460 2653 in
2484 2605 2661 2654 divina
2693 2603 3038 2672 blaspbcmiis
3063 2621 3075 2670 ;
3103 2621 3209 2659 non
3245 2607 3444 2658 habent

1877 2687 2020 2740 enim
2049 2706 2231 2744 vorem
2265 2691 2376 2756 Dei,
2439 2709 2537 2745 nec
2598 2709 2756 2763 agere
2822 2709 3050 2765 possunt
3111 2697 3200 2750 Dei
3254 2714 3440 2767 opera,

1884 2793 2006 2832 cum
2060 2795 2335 2844 Imnqnam
2406 2785 2696 2838 habuerint
2744 2789 2974 2855 gratiam
3011 2789 3269 2853 ordinis;
3349 2793 3442 2846 sed

1877 2868 2098 2939 insuper
2125 2870 2283 2924 aliam
2337 2874 2539 2928 dabunt
2629 2891 2838 2942 pmnam
2891 2889 3111 2945 propter
3170 2894 3261 2930 eos
3307 2895 3443 2948 quos

1878 2964 2210 3031 dccc-perunt
2250 2978 2303 3019 et
2333 2983 2472 3033 quos
2504 2977 2651 3019 eerle
2680 2977 2769 3020 aut
2807 2969 3200 3036 baptizarcriut
3227 2986 3318 3024 aut
3355 2989 3442 3024 or-

1877 3055 2202 3108 tiinarcrinl.
2242 3057 2332 3109 isti
2377 3058 2592 3125 quidem
2616 3075 2710 3112 nec
2741 3061 2978 3113 ordinati
3007 3077 3103 3115 nec
3139 3066 3393 3131 baptizati
3423 3082 3439 3120 ε

205 3159 343 3225 ἔχων
374 3160 577 3221 δίδωσι,
616 3161 706 3211 καὶ
749 3161 900 3212 οὐδέν
946 3179 1030 3222 τις
1074 3161 1340 3226 λαμϐάνει
1376 3162 1526 3228 παρά
1566 3160 1660 3212 τοῦ
1695 3163 1768 3231 μὴ

1877 3161 2034 3197 nemo
2069 3149 2212 3199 enim
2249 3150 2381 3202 dare
2411 3161 2585 3218 potest
2612 3153 2756 3220 quod
2791 3169 2894 3206 non
2932 3154 3130 3220 habet;
3180 3165 3235 3209 et
3283 3173 3443 3210 nemo

205 3252 438 3317 ἔχοντος,
471 3253 572 3304 κᾶν
612 3252 809 3323 νομίζῃ
846 3253 990 3321 ἔχειν
1026 3254 1208 3304 αὐτόν.
1233 3253 1397 3304 Ὅθεν
1429 3255 1520 3304 xit
1555 3255 1771 3320 ἀπατη-

203 3341 338 3402 θεὶς,
373 3343 462 3393 καὶ
497 3343 767 3394 πιστεύων
817 3339 960 3395 εἶναι
1004 3343 1437 3412 βεϐαπτισμένος
1485 3346 1515 3413 ἢ
1569 3345 1767 3411 ἱερεὺς,

200 3431 302 3482 ούκ
331 3431 463 3490 ἔστι,
513 3432 606 3484 καὶ
657 3433 754 3500 τῆς
805 3433 1078 3494 ἀπωλείας
1138 3433 1328 3484 τούτου
1389 3436 1416 3485 6
1477 3435 1768 3501 ἀπατήσας

200 3524 394 3584 αἴτιος.
427 3524 499 3574 Οὐ
556 3523 663 3591 γὰρ
718 3524 1003 3591 ἄνθρωπός
1058 3541 1109 3575 τι
1160 3525 1405 3587 δύναται,
1462 3525 1534 3593 μὴ
1588 3524 1768 3576 λαὸὼν

201 3615 354 3681 παρὰ
382 3615 473 3666 τοῦ
504 3615 658 3667 Θεοῦ.
686 3616 865 3684 Χωρὶς
900 3615 1033 3686 ἐμοῦ
1065 3617 1193 3686 γὰρ,
1228 3618 1411 3686 φησὶν,
1446 3618 1506 3669 ού
1537 3618 1766 3669 δύνασθε

201 3723 241 3755 π
260 3708 374 3757 ,ιεῖν
400 3707 571 3759 οὐδέν.

276 3799 408 3866 Περὶ
451 3798 508 3849 δέ
560 3815 622 3863 γε
666 3798 1036 3866 πνευματικοῦ
1087 3799 1576 3869 λειτουργήματος.
1603 3802 1768 3868 ἐγγὺς

199 3888 294 3939 τοῦ
355 3890 782 3956 ἀχειροτονήτως
838 3891 1186 3957 ἐνεργοῦντος
1237 3893 1316 3960 τῷ
1379 3893 1764 3961 ἁμαρτήματι,

200 3980 293 4030 καὶ
335 3982 362 4031 ὁ
408 3979 528 4047 δίχα
579 3982 890 4049 προτροπῆς
929 3982 1232 4048 ἀρχιερέως
1288 3983 1380 4033 καὶ
1431 3984 1767 4050 ἐντάλματος

199 4072 460 4140 ἐνεργῶν.
491 4073 610 4123 Ὅτι
637 4072 796 4123 τοῦτο
825 4073 883 4123 τὸ
928 4071 1076 4123 λθειν
1111 4089 1167 4123 τε
1201 4073 1295 4126 καὶ
1329 4073 1566 4142 δεσμεῖν,
1607 4077 1766 4144 μόνον

196 4165 306 4214 τῶν
363 4166 676 4215 ἐπισκόπων
739 4164 876 4227 ἐστὶ,
933 4164 1030 4216 καὶ
1084 4165 1332 4234 διάφοροι
1395 4167 1522 4234 περὶ
1569 4166 1764 4219 τούτου

197 4255 416 4316 κανόνες
475 4255 624 4322 φασί.
665 4257 771 4307 Καὶ
825 4255 985 4322 δῆλον
1033 4256 1107 4314 ὡς
1156 4258 1248 4307 καὶ
1290 4259 1401 4319 τοῖς
1449 4260 1764 4321 ἀποστόλοις

198 4348 379 4414 μόνοις
413 4347 567 4398 τοῦτο
600 4348 806 4400 δέδοται
838 4350 986 4417 παρά
1017 4349 1257 4416 Χριστοῦ
1289 4351 1381 4401 τοῦ
1409 4351 1545 4403 Θεοῦ
1571 4354 1726 4420 ήμῶν
1747 4367 1760 4382 ⁶

193 4439 303 4490 τῶν
352 4441 664 4491 ἀποστόλων
688 4440 744 4492 δὲ
794 4440 1028 4510 διάδοχοι
1079 4443 1128 4494 oi
1174 4442 1484 4495 ἐπίσκοποι.
1520 4445 1684 4496 Ὅθεν
1713 4444 1761 4494 oi
1793 4475 1838 4530 Β

196 4531 562 4598 πρεσϐύτεροι
615 4531 689 4592 ὡς
736 4534 844 4582 τῶν
904 4534 1272 4601 ἑϐδομήκοντα
1326 4537 1425 4602 τὴν
1458 4535 1608 4597 τάξιν
1642 4539 1764 4589 £7.6-

192 4637 401 4690 χοντες,
435 4623 533 4673 οὐκ
562 4623 773 4690 ἔχουσιν
802 4624 984 4675 ἄδειαν
1013 4625 1233 4692 Πνεῦμα
1265 4625 1486 4688 διδῦναε,
1517 4629 1762 4680 τουτέστι

191 4715 379 4781 χάριν,
416 4715 512 4765 καὶ
553 4713 585 4781 ἦ
635 4719 980 4781 χειροτονεῖν,
1016 4716 1048 4784 ἢ
1100 4718 1270 4784 μύρον
1324 4719 1513 4781 ποιεῖν,
1549 4718 1579 4785 ἢ
1609 4717 1762 4768 λύσιν

190 4805 393 4857 διδόναι
443 4807 727 4873 ἁμαρτιῶν
761 4808 818 4858 ἐν
869 4808 1168 4876 Πνεύματι,
1203 4810 1277 4871 ὡς
1318 4810 1436 4862 οὐδὲ
1489 4811 1758 4873 Φίλιππος

188 4893 304 4944 τῶν
339 4894 475 4945 ἐπτά
504 4895 730 4961 ἠδύνατο
774 4895 966 4948 τοῦτο’
1000 4899 1242 4950 ἐπιθέσει
1291 4900 1346 4952 δὲ
1393 4902 1595 4970 χειρῶν
1652 4903 1759 4952 ἐξί-

187 4987 286 5036 δον
332 4983 492 5037 τοῦτο
543 4988 749 5056 Πέτρος
785 4989 882 5041 καὶ
923 4989 1200 5058 Ἰωάννης,
1237 4993 1331 5042 καὶ
1362 4994 1410 5043 oi
1450 4992 1626 5044 λοιποὶ
1658 4993 1757 5060 τῆς

185 5078 488 5140 δωδεκάδος
542 5079 851 5146 ἀπόστολοι,
888 5083 980 5133 καὶ
1024 5083 1070 5133 οἱ
1127 5081 1330 5136 τούτων
1375 5083 1609 5151 διάδοχοι
1663 5084 1762 5147 τῆς

185 5169 520 5238 ἐπισκοπῆς.
552 5171 714 5221 Ὀθεν
754 5175 849 5224 καὶ
882 5177 944 5224 ἐκ
969 5174 1080 5224 τῶν
1106 5174 1478 5243 ὲὸδομὴκοντα
1522 5176 1754 5238 πολλοὺς

187 5256 420 5328 ὕστερον
469 5258 614 5312 οὗτοι
655 5261 990 5324 ἐπισκόπους
1037 5265 1472 5333 ἐχειροτόνησαν.
1528 5267 1618 5316 Διὸ
1663 5267 1763 5318 οὐκ

186 5351 374 5417 ἔχουσι
418 5353 481 5419 τῇ
517 5351 820 5419 χειροτονία
860 5355 920 5404 τὸ
958 5355 1106 5407 λύειν
1144 5357 1239 5407 καὶ
1289 5357 1506 5423 δεσμεῖν
1536 5359 1583 5408 oi
1623 5374 1756 5425 πρε-

186 5441 466 5510 σεὺτεροι,
501 5443 612 5494 ἀλλ’
639 5445 690 5494 οἱ
723 5445 1007 5497 ἐπίσκοποι
1043 5448 1209 5515 μόνοι.
1249 5449 1537 5516 Προτροπῇ
1575 5448 1758 5516 μέντοι

182 5532 300 5584 τῶν
356 5536 668 5586 ἐπισκόπων
716 5537 833 5603 ἦτοι
883 5539 1176 5607 ὲντάλματι
1234 5541 1355 5591 κατ’
1389 5541 1652 5608 ἀνάγκην,
1683 5541 1758 5601 ὼς

182 5624 237 5675 οἱ
281 5624 502 5687 κανόνες
550 5629 699 5693 φασὶ,
734 5626 983 5681 δύνανται
1037 5631 1194 5682 τοῦτο
1246 5632 1338 5683 καὶ
1391 5632 1753 5700 πρεσΰύτεοοι

266 5813 305 5843 ¹¹
334 5811 488 5866 Joan.
524 5829 610 5880 xv,
637 5816 683 5868 Si.

1877 3238 2090 3303 aliquod
2147 3242 2284 3294 valet
2315 3246 2558 3310 accipere
2589 3261 2614 3295 a
2654 3262 2756 3297 non
2799 3249 3028 3299 habente
3098 3251 3200 3303 etsi
3254 3253 3441 3305 Credat

1878 3330 2026 3379 illum
2055 3333 2271 3384 habere.
2320 3335 2466 3386 [inde
2503 3348 2553 3389 et
2583 3339 2841 3403 deceptus
2861 3349 2963 3403 est,
2993 3351 3044 3392 et
3068 3344 3295 3397 credens
3322 3359 3442 3399 esse

1829 3465 1834 3470 .
1876 3421 2180 3488 baptizatus
2209 3426 2287 3476 vel
2324 3431 2577 3479 sacerdos
2613 3431 2832 3482 minime
2856 3442 2939 3484 est
2976 3451 2990 3485 :
3023 3443 3074 3484 et
3114 3436 3272 3500 hujus
3324 3439 3438 3488 rui-

1874 3529 1955 3566 n:e
1995 3530 2157 3566 causa
2208 3528 2289 3569 est
2347 3519 2628 3586 irnpostor.
2668 3521 2841 3574 ilomo
2875 3526 3014 3577 enim
3068 3526 3198 3579 nihil
3243 3539 3437 3595 potest.

1873 3620 2034 3671 quam
2059 3607 2202 3670 quod
2228 3623 2254 3658 a
2295 3610 2401 3661 Deo
2435 3614 2639 3676 accepit
2707 3613 2904 3666 facere.
2938 3633 2956 3666 ι
2992 3616 3120 3670 Sine
3160 3633 3245 3671 me
3302 3620 3434 3672 nihil

1873 3707 2104 3765 potestts
2125 3698 2300 3752 facere
2321 3701 2382 3761 “.
2415 3720 2434 3752 ι
2465 3703 2595 3754 dicit
2623 3705 2899 3759 ilouiinus.

1943 3790 2020 3841 Ad
2064 3791 2422 3844 ministerium
2478 3807 2689 3848 sacrum
2735 3799 2878 3865 quod
2919 3799 3130 3861 attinet,
3165 3801 3303 3855 i'em
3353 3814 3440 3855 Csl

1871 3881 2047 3947 quoad
2087 3892 2364 3948 peccatum
2406 3885 2471 3936 de
2492 3900 2558 3937 eo
2599 3886 2688 3953 qui
2722 3889 2993 3940 ministrat
3019 3893 3222 3958 ahSque
3292 3895 3438 3945 ordi-

1870 3970 2092 4024 natione
2142 3981 2195 4025 et
2235 3973 2300 4026 de
2337 3989 2402 4026 eo
2432 3976 2523 4042 qui
2563 3977 2670 4042 agit
2703 3979 2754 4030 in
2789 3981 2964 4032 sacris
3003 3982 3122 4035 sine
3157 3984 3434 4038 admonitu

1872 4061 1953 4113 vel
1995 4061 2239 4127 juSsione
2297 4065 2696 4134 archiepisciipi
2731 4084 2744 4120 :
2775 4070 2900 4135 quia
2932 4070 3141 4124 solvere
3175 4084 3228 4124 et
3269 4075 3436 4140 ligare

1868 4153 2040 4204 solum
2071 4157 2450 4223 episcoporum
2483 4168 2590 4219 est,
2623 4169 2680 4211 ut
2730 4160 2930 4214 diversi
2955 4163 3024 4215 de
3079 4163 3182 4218 hoc
3234 4167 3437 4219 habent

1867 4259 2124 4300 cenones.
2166 4246 2226 4300 Et
2265 4248 2394 4301 illud
2431 4262 2637 4304 certum
2688 4252 2830 4319 quod
2857 4255 2985 4308 solis
3008 4258 3268 4320 apostolis
3297 4259 3436 4313 hanc

1869 4345 2186 4404 potestatein
2208 4340 2619 4398 deditChrtstus
2645 4343 2786 4398 Deus
2805 4355 2989 4400 noster
3019 4366 3032 4401 :
3059 4353 3432 4417 apostolorum

1868 4439 2047 4480 autem
2068 4444 2416 4486 successores
2444 4443 2571 4486 sunt
2592 4439 2852 4504 episcopi.
2885 4436 3035 4493 Unde
3053 4450 3104 4492 et
3130 4443 3430 4510 presbyteri

1868 4521 1960 4586 qui
1989 4521 2180 4572 horum
2225 4526 2563 4591 septuaginta
2609 4527 3006 4595 discipulorum
3041 4531 3216 4583 locum
3249 4541 3435 4584 leuent

1869 4621 2228 4682 nou-possunt
2270 4613 2530 4680 Spiritum
2578 4615 2728 4674 dare.
2752 4618 2954 4670 hocest
2989 4620 3432 4688 gratiam,neque

1867 4709 2142 4773 ordinare,
2172 4723 2344 4774 neque
2371 4707 2549 4760 oleum
2587 4723 2929 4769 consecrare.
2970 4725 3143 4778 neque
3203 4714 3430 4765 absolu—

1867 4802 2066 4854 tionem
2107 4808 2453 4869 peccatorum
2510 4800 2812 4854 coneedere
2870 4803 2922 4854 in
2975 4802 3226 4868 Spiritu;
3285 4805 3430 4857 sicut

1864 4905 1962 4944 nec
2023 4890 2304 4960 Philippus
2341 4893 2515 4960 potuit
2545 4908 2686 4947 unus
2729 4909 2759 4946 e
2793 4902 3000 4961 septem
3044 4895 3306 4957 diaconis,
3335 4898 3427 4948 sed

1861 4983 1962 5037 hoc
2014 4985 2354 5038 donaverunt
2409 4985 2602 5038 Petrus
2677 4994 2731 5038 et
2792 4985 3028 5040 Joannes
3086 4987 3427 5054 itnpositione

1861 5089 2141 5138 manuum,
2201 5082 2255 5126 et
2307 5075 2486 5127 caeteri
2519 5075 2753 5143 apostoli
2792 5090 2821 5127 e
2855 5091 3082 5127 numero
3113 5074 3420 5136 duodecim,

1861 5174 1914 5218 et
1949 5180 2138 5218 eorum
2174 5180 2517 5219 successores
2548 5167 2599 5218 in
2622 5166 2960 5233 episcopatu.
2989 5165 3140 5221 Unde
3167 5179 3220 5220 et
3242 5168 3425 5234 plures

1860 5270 1891 5309 e
1925 5257 2268 5324 septuaginta
2303 5254 2412 5308 illis
2430 5257 2665 5324 apostoli
2701 5257 3424 5324 ordinaveruntepiseopos.

1860 5342 2039 5408 Quare
2069 5346 2119 5396 vi
2147 5345 2513 5398 ordinationis
2551 5347 2852 5416 presbyteri
2903 5363 3007 5399 non
3063 5355 3292 5415 possunt
3317 5347 3427 5402 sol-

1859 5452 1984 5489 vere
2016 5449 2067 5489 et
2093 5436 2280 5504 ligare,
2337 5449 2566 5504 possunt
2607 5451 2734 5490 vero
2769 5437 3004 5506 episcopi
3057 5438 3423 5490 solummodo.

1859 5532 2153 5585 Admonitu
2185 5542 2366 5585 autem
2417 5534 2796 5602 episcoporum
2858 5533 2938 5586 vel
2999 5534 3263 5601 jussionc,
3296 5549 3424 5586 cum

1860 5628 2162 5682 necessitas
2189 5626 2369 5689 fuerit,
2392 5627 2567 5679 sancti
2600 5641 2836 5680 canones
2864 5627 3046 5681 volunt
3082 5628 3429 5697 presbyteros
