4158 6440
667 395 771 491 εει

1518 427 1898 489 SYMEONIS
1919 413 2658 488 TIIESSALONICENSIS
2696 385 3046 486 ARCIIIEP.

3803 431 3917 490 928

665 550 813 608 vina.
839 547 951 599 sive
978 544 1086 611 jam
1119 550 1363 612 paratum
1395 541 1661 603 inveniat,
1682 542 1795 593 sive
1824 556 1931 594 non
1964 537 2214 610 paratum

2336 542 2400 610 εὴ
2432 540 2713 611 πρόθυμον
2745 538 3018 608 διεγείρας
3055 537 3254 607 πολλὴν
3305 538 3453 608 αὖτῷ
3497 543 3756 609 προξενεῖ
3813 544 3918 610 τὴν

668 639 928 707 itupellat,
967 636 1186 688 multam
1243 635 1316 686 illi
1369 632 1615 686 conferet
1657 634 1964 697 utilitatem,
1999 642 2051 686 et
2106 633 2221 700 ipse

664 727 1086 783 communicabit
1139 725 1369 779 mercedi
1419 725 1676 792 operarii.
1728 725 1836 778 Nec
1885 733 2096 793 oportet
2129 738 2222 777 eos

666 825 878 874 tantum
930 818 1020 884 qui
1080 809 1437 885 peccaverunt
1477 818 1541 868 ad
1575 816 1967 884 i-leeinosynam
2018 822 2073 865 ct
2117 828 2225 866 cre-

667 923 778 965 tera
835 925 998 979 opera
1046 907 1432 962 misericordiae
1467 918 1518 961 et
1553 906 1764 974 pietatis
1824 905 2084 969 excitare,
2130 903 2224 958 sed

669 1006 834 1058 itiam
871 1003 1090 1057 fratrem
1136 1004 1225 1071 qui
1260 1017 1363 1055 non
1426 999 1707 1067 peccarit;
1745 995 1860 1049 fieri
1917 998 2059 1049 enim
2121 1011 2225 1049 non

666 1105 844 1165 potest
897 1103 954 1147 nt
1005 1094 1127 1162 quis
1184 1109 1285 1145 non
1319 1099 1521 1160 peccet.
1583 1089 1833 1141 Altamen
1863 1087 2005 1155 juSte
2049 1088 2228 1141 vivere

667 1197 844 1257 potest
883 1189 1064 1248 homo,
1116 1200 1280 1250 opera
1325 1179 1550 1250 justiti'e
1594 1195 1874 1234 exercens.
1914 1179 1978 1232 Et
2014 1179 2224 1247 justitia

669 1293 752 1334 i-st
783 1290 843 1333 ut
891 1280 998 1332 lleo
1028 1289 1076 1330 et
1107 1275 1255 1328 fratri
1287 1273 1582 1326 secundum
1633 1273 1775 1338 quod
1826 1271 2088 1324 docemur
2135 1269 2227 1321 dc-

673 1373 780 1426 hita
812 1377 1127 1438 praestemus
1175 1365 1348 1420 oﬂicia
1414 1364 1474 1418 ct'
1512 1365 1851 1417 rharitatem.
1903 1362 2069 1414 Amor
2105 1375 2232 1424 erga

677 1462 992 1534 Denmvult
1022 1471 1080 1514 ut
1102 1463 1353 1532 vivamus
1383 1458 1713 1512 immaculati
1743 1463 1795 1509 et
1828 1453 2190 1532 irreprehensi
2209 1477 2227 1493 -

680 1553 832 1610 biles.
872 1558 927 1607 et
994 1560 1050 1605 ut
1109 1552 1281 1620 ipwm
1335 1561 1639 1617 precemur,
1701 1554 1750 1601 et
1799 1545 1918 1615 ejus
1970 1557 2232 1600 canamus

677 1647 929 1714 gloriam,
968 1653 1020 1697 ct
1066 1642 1452 1696 conveniamus
1482 1640 1545 1694 ad
1592 1639 1787 1707 templa
1821 1640 1991 1708 ipsius
2021 1646 2226 1693 sancta.

675 1738 751 1793 Ad
795 1738 905 1790 haec
955 1736 1117 1788 etiam
1150 1733 1341 1786 afferre
1370 1733 1416 1787 ei
1451 1732 1710 1786 debemus
1751 1732 1894 1798 quod
1921 1731 2234 1796 accepimus

673 1830 740 1883 ab
767 1843 856 1890 eo,
908 1827 972 1878 ad
1007 1828 1121 1894 ejus
1154 1825 1379 1893 gloriam
1419 1831 1472 1876 et
1504 1822 1766 1878 honorem
1798 1832 1851 1876 et
1881 1832 2119 1876 nostram
2150 1821 2234 1875 in-

676 1917 1005 1980 norentiam,
1031 1926 1084 1970 ct
1113 1926 1168 1968 ιιι
1192 1900 1497 1968 sani-litatis
1521 1921 1573 1968 et
1596 1911 2021 1967 consecrationis
2043 1912 2235 1965 divinae

603 2025 607 2030 ν
678 2007 948 2078 possimus
977 2009 1270 2077 participes
1295 2020 1439 2060 esse.
1469 2007 1650 2060 Amori
1677 2013 1855 2058 autem
1882 2019 2008 2074 erga
2039 2003 2234 2058 fratres

675 2102 1024 2156 includuntur
1055 2113 1160 2152 non
1193 2098 1368 2152 Solum
1402 2097 1600 2151 oblivio
1631 2097 1955 2164 injuriarum
2010 2110 2076 2150 ex
2118 2095 2234 2149 ani-

675 2207 784 2253 mo,
819 2192 957 2243 bona
988 2190 1332 2243 conversatio
1364 2198 1417 2242 et
1457 2188 1730 2243 vinculum
1765 2189 1934 2257 pacis,
1969 2197 2022 2242 et
2056 2190 2234 2244 unitas

673 2281 1138 2347 conformitasque
1170 2293 1477 2333 sermonum
1506 2280 1860 2348 laudumque,
1911 2295 2034 2348 quae
2065 2279 2234 2333 debe-

678 2389 799 2427 mus
829 2383 1106 2442 prmstare;
1143 2373 1233 2425 sed
1262 2372 1371 2424 haec
1399 2373 1652 2438 Operibus
1671 2381 1882 2439 Oportet
1908 2370 2191 2425 ostendere
2215 2387 2229 2423 :

677 2479 858 2518 eseam
896 2465 1183 2516 tribuendo
1216 2463 1476 2516 esurienti
1518 2472 1572 2515 ct
1605 2463 1805 2515 sitienti
1839 2471 2048 2530 potum,
2080 2476 2234 2530 pere-

675 2561 833 2626 grino
850 2558 1164 2624 hospitium,
1198 2557 1337 2608 nudo
1361 2556 1757 2619 vestimentum,
1777 2564 1828 2607 et
1857 2555 2070 2606 infirmo
2103 2568 2233 2606 con-

679 2629 1026 2708 solutionem,
1053 2657 1106 2700 et
1137 2649 1187 2700 in
1219 2662 1437 2700 carcere
1468 2645 1700 2698 deti-niis
1731 2661 1918 2697 curam
1948 2653 2001 2697 et
2036 2644 2235 2697 sollici-

688 2743 952 2801 tudinem,
997 2749 1052 2792 ut
1082 2740 1267 2791 docuit
1305 2736 1584 2801 Salvator;
1615 2739 1706 2805 qui
1739 2737 1823 2788 illa
1861 2751 2023 2802 opera
2075 2751 2232 2788 exer-

682 2844 868 2888 centes
897 2831 1208 2886 benedictos
1257 2839 1433 2893 vorat,
1484 2830 1564 2882 eis
1619 2831 1670 2881 in
1701 2829 1806 2880 line
1834 2826 2235 2896 gratilicatuius

684 2941 906 2992 regnum
931 2928 1216 2978 cmlorum.
1254 2921 1479 2975 Maxime
1508 2936 1634 2990 ergo
1661 2921 2023 2973 necessarium
2046 2927 2147 2978 est,
2178 2928 2236 2970 ut

684 3021 888 3073 dictum
933 3029 1034 3081 est,
1072 3018 1265 3071 fratres
1320 3015 1513 3068 docere
1549 3025 1602 3067 et
1640 3013 1914 3067 exhortari
1966 3022 2024 3065 ut
2069 3025 2232 3080 opera

685 3111 942 3165 bonitatis
967 3117 1290 3172 exerceant,
1320 3108 1690 3176 cleemosynas
1720 3116 1774 3158 et
1809 3104 2074 3158 sacrificia
2104 3103 2225 3157 offe-

2322 628 2613 698 ὠφέλειαν,
2675 629 2768 681 καὶ
2816 628 3071 690 κοινωνὸς
3122 628 3275 680 ἐσται
3334 629 3409 697 τῷ
3446 628 3758 697 ἐνεργοῦντι
3815 632 3916 684 τοῦ

2328 721 2728 789 μισθοῦ.’Καὶ
2795 723 2900 792 χρὴ
2969 721 3028 772 οὐ
3093 722 3257 788 μόνον
3311 722 3702 791 ἡμαρτηκότας
3770 726 3918 792 πρδις

2326 811 2473 863 ἔλεον
2528 815 2620 866 καὶ
2680 815 2750 866 τά
2802 815 2965 867 λοιπά
3007 799 3319 885 διεγείρειν,
3356 815 3492 868 ἀλλά
3526 818 3620 868 καὶ
3678 817 3773 868 τὸν
3838 818 3916 885 μὴ

2327 904 2797 973 πλημμελήσαντα
2842 904 3093 974 ἀδελφὸν,
3129 903 3267 974 ἔπερ
3316 909 3464 958 ἐστ’ν
3513 907 3781 960 ἀδύνατον
3839 909 3918 975 μὴ

2331 994 2648 1063 ἀμαρτῆσαί
2683 997 3043 1061 τινα.”υμως
3087 997 3135 1048 εί
3185 997 3281 1048 xal
3333 997 3554 1060 δικαίως
3609 998 3744 1066 βιῶν
3797 1001 3918 1050 ἐστὶ

2328 1102 2432 1148 τις,
2485 1086 2576 1138 καὶ
2631 1086 2820 1138 τούτου
2885 1088 3092 1147 δίκαιος
3147 1088 3322 1153 Errat,
3373 1090 3436 1140 ἐκ
3495 1088 3586 1141 τοῦ
3641 1090 3715 1141 τά
3768 1091 3916 1158 ἔργα

2332 1174 2431 1242 τῆς
2469 1175 2820 1246 δικαιοσύνης
2868 1181 3062 1231 ποιεῖν.
3117 1179 3442 1248 Δικαιοσύνη
3494 1174 3552 1232 δὲ
3602 1183 3916 1248 ἀπονέμειν

2331 1264 2409 1332 τῷ
2454 1264 2572 1335 Θεῷ
2616 1268 2709 1318 καὶ
2763 1266 2840 1334 τῷ
2871 1267 3085 1336 ἀδελφῷ
3131 1269 3272 1321 καθά
3302 1269 3669 1337 διδασκόμεθα
3713 1273 3783 1324 τά
3819 1273 3918 1340 τῆς

2333 1357 2551 1426 ὀφειλῆς
2614 1359 2707 1411 καὶ
2763 1361 3004 1429 ἀγάπης.
3053 1361 3265 1428 ’Δγάπη
3300 1361 3355 1414 δέ
3405 1365 3486 1424 είς
3537 1362 3671 1414 Θεὸν
3727 1365 3828 1416 καὶ
3861 1366 3920 1414 τδ

2334 1449 2658 1518 καθαρεύειν
2691 1451 2790 1519 μιν
2817 1454 2911 1504 καὶ
2944 1451 3357 1525 προσεύχεσθαι·
3388 1455 3483 1509 καὶ
3514 1456 3782 1523 ἀνυμνεῖν
3816 1459 3921 1509 αὖ-

2333 1538 2425 1593 τὸν
2477 1541 2571 1594 καὶ
2627 1539 2948 1610 δοξοὶογεῖν,
3002 1547 3095 1598 καὶ
3156 1545 3516 1616 προστρέχειν
3571 1542 3746 1600 αὐτοῦ
3799 1549 3920 1610 τοῖς

2337 1634 2499 1697 θείοις
2531 1637 2696 1697 ναοῖς.
2729 1637 2871 1706 Πρὸς
2896 1635 3104 1697 τούτοις
3127 1637 3182 1689 δὲ
3219 1639 3312 1690 καὶ
3338 1641 3398 1690 τὸ
3424 1640 3727 1708 προσάγειν
3763 1639 3921 1708 αὐτῷ

2339 1725 2398 1789 ἐξ
2431 1719 2504 1778 ὧν
2552 1727 2906 1797 λαμϐάνομεν
2940 1729 3069 1797 παρ’
3099 1729 3286 1792 αὑτοῦ,
3316 1732 3393 1790 είς
3422 1731 3582 1795 δόξαν
3615 1730 3786 1782 αὑτοῦ
3823 1735 3920 1783 καὶ

2337 1818 2503 1903 ⁸ιίιμὴν
2553 1822 2648 1874 καὶ
2673 1822 2949 1890 ἡμετέραν
2981 1824 3268 1891 κάθαρσιν,
3301 1824 3394 1874 καὶ
3427 1822 3520 1875 τοῦ
3554 1824 3704 1876 θείου
3755 1824 3921 1890 άγια-

2340 1912 2478 1974 σμοῦ
2509 1913 2764 1982 μετοχὴν.
2797 1914 2904 1966 Kal
2933 1915 2990 1967 ἐν
3021 1917 3133 1976 τοῖς
3158 1914 3407 1982 ἀδελφοῖς
3431 1914 3488 1966 δέ
3527 1917 3591 1968 οὐ
3627 1917 3795 1985 μόνον
3825 1918 3920 1970 διὰ

2335 2001 2432 2070 τῆς
2458 2004 2838 2072 ἀμνησικάκου
2871 2005 3094 2074 γνώμης
3135 2007 3231 2058 καὶ
3279 2007 3447 2075 καλῆς
3488 2006 3794 2070 διιθεσεως
3822 2010 3919 2060 καὶ

2333 2093 2541 2163 τρόπου
2574 2094 2877 2164 εἰρηνικοῦ,
2910 2097 3005 2147 καὶ
3040 2099 3330 2164 συνεργέας
3361 2100 3458 2168 τῆς
3492 2098 3582 2150 διὰ
3612 2099 3789 2165 λόγων
3818 2103 3919 2152 καὶ

2334 2186 2571 2239 ἐπαίνων
2619 2189 2715 2240 καὶ
2763 2188 3073 2256 ἐγκωμίων,
3107 2189 3404 2256 ἀπονέμειν
3438 2191 3496 2242 τὸ
3527 2193 3917 2260 ὀφειλόμενον,

2334 2277 2471 2330 ἀλλά
2501 2279 2595 2329 καὶ
2628 2277 2695 2330 δι’
2718 2279 2895 2350 ἔργων
2946 2280 3101 2332 τοῦτο
3151 2280 3443 2346 δεικνύναι,
3484 2286 3541 2334 ὲν
3571 2284 3652 2353 τῷ
3678 2285 3917 2353 τρὶ-,ρειν

2335 2369 2622 2432 πεινῶντα,
2656 2369 2748 2421 καὶ
2775 2370 3012 2433 ποτίζειν
3040 2371 3295 2438 διψῶντα,
3326 2375 3416 2424 καὶ
3449 2371 3598 2437 ξένον
3625 2379 3914 2441 συνάγειν,

2334 2461 2428 2514 καὶ
2459 2461 2663 2528 γυμνὸν
2695 2461 3061 2532 περιϐάλλειν,
3091 2466 3181 2517 καὶ
3211 2466 3410 2534 ἀσθενῆ
3446 2469 3913 2530 ἐπισκέπτεσθαι,

2335 2553 2430 2605 καὶ
2463 2553 2573 2605 τῶν
2613 2553 2671 2605 ἐν
2701 2555 2914 2622 φυλακῇ
2949 2555 3316 2623 προνοεῖσθαι,
3351 2556 3425 2618 ὡς
3455 2558 3696 2621 ἐδίδαξεν
3741 2563 3767 2611 δ
3802 2561 3915 2612 Σω-

2334 2645 2455 2712 τὴρ,
2491 2643 2560 2696 δι’
2590 2636 2663 2696 ὧν
2690 2647 2782 2696 καὶ
2816 2645 3212 2710 εὐλογηυένους
3247 2645 3402 2698 καλεῖ
3429 2649 3551 2705 τοὺς
3576 2650 3648 2699 τά
3677 2649 3912 2704 τοιαῦτα

2334 2733 2595 2802 δρῶντας,
2622 2736 2716 2786 καὶ
2742 2734 2840 2804 τὴν
2871 2734 3150 2804 βασιλείαν
3173 2737 3354 2798 αὐτοῖς
3380 2739 3690 2806 χαρίζεται.
3717 2742 3921 2807 ’Δναγο

2335 2825 2620 2876 καιότατον
2676 2821 2791 2887 οὖν,
2824 2827 2897 2887 ὡς
2949 2827 3188 2896 εἴρηται,
3226 2828 3286 2880 τὸ
3337 2829 3702 2898 ἀγαθοεργεῖν
3761 2834 3918 2884 ἀίδια

2333 2916 2572 2981 δάσκειν,
2603 2922 2695 2970 καὶ
2729 2917 3100 2986 ἐλεημοσύνας
3134 2924 3225 2973 καὶ
3256 2921 3444 2985 θυσίας
3475 2923 3628 2991 ἱεράς
3665 2925 3919 2975 ἐκτελεῖν

2334 3008 2459 3070 τοὺς
2487 3009 2768 3075 ἀδελφούς.
2819 3010 2926 3062 Καὶ
2957 3015 3068 3072 τοϊς
3107 3012 3416 3082 ἐγκλήμασι
3461 3015 3562 3082 μὲν
3608 3015 3919 3083 ὑποκειμέ-

2336 3119 2446 3162 νοις
2474 3100 2548 3164 ὡς
2584 3103 2784 3154 κανόνα
2827 3103 2988 3156 τοῦτο
3016 3105 3216 3157 διδόναι
3250 3105 3376 3173 χρὴ,
3412 3109 3540 3167 τοὶς
3584 3105 3810 3168 λοιποὺς
3860 3107 3917 3158 δὲ

685 3215 828 3257 rant.
863 3204 955 3256 llis
985 3202 1177 3255 deinde
1209 3200 1300 3268 qui
1333 3198 1769 3254 contentionibus
1813 3197 2070 3263 implicati
2109 3205 2230 3248 sunt

2339 3192 2495 3243 τοῦτο
2532 3194 2822 3261 παραινεῖν
2853 3195 3029 3245 ποιεῖν
3078 3195 3169 3244 καὶ
3204 3193 3278 3261 μὴ
3303 3192 3660 3260 ἐνεχομένους
3708 3193 3918 3261 ἐγκλή-

685 3299 798 3351 li:ec
825 3298 896 3350 sit
932 3296 1119 3363 agendi
1158 3307 1341 3345 norma
1369 3307 1384 3356 ;
1415 3299 1472 3343 ut
1503 3290 1696 3356 reliqui
1732 3292 1799 3340 ita
1831 3289 2107 3340 exhortari
2144 3304 2234 3340 sa-

686 3396 890 3454 tagunt,
923 3401 986 3436 nc
1010 3382 1382 3436 contentiones
1411 3381 1602 3431 iterum
1630 3379 1779 3440 tiant,
1816 3384 2032 3444 propter
2059 3375 2233 3428 oﬂicia

684 3494 803 3546 qua:
839 3477 946 3530 Deo
977 3475 1239 3527 debentur
1265 3480 1318 3526 et
1360 3488 1424 3525 ne
1451 3471 1571 3538 quis
1604 3471 1657 3522 in
1689 3481 1963 3536 peccatum
1997 3467 2231 3518 labatur.

687 3566 791 3619 Sed
815 3574 866 3618 et
900 3581 994 3633 pro
1031 3561 1345 3632 pirentihus
1378 3569 1430 3612 et
1466 3558 1887 3626 consanguineis
1919 3567 1972 3610 et
2025 3556 2234 3608 caeteris

683 3658 790 3727 piis
821 3665 1031 3725 oportet
1083 3668 1272 3707 omnes
1305 3651 1506 3705 offerre
1540 3651 1806 3705 sacrificia
1846 3650 1972 3709 Deo,
2004 3650 2147 3702 sicut
2183 3656 2237 3700 et

685 3747 737 3797 in
773 3746 1028 3796 honorem
1055 3751 1108 3794 et
1130 3740 1445 3793 tnemoriam
1472 3746 1804 3801 sanctorum,
1833 3750 1972 3805 quos
1995 3736 2236 3788 invenire

684 3837 954 3904 possimus
993 3831 1314 3886 mediatores
1349 3829 1540 3883 salutis
1569 3839 1788 3891 nostrae,
1806 3837 1858 3879 et
1885 3824 2080 3878 deinde
2109 3839 2232 3878 cum

685 3930 816 3998 ipsis
848 3923 1247 3980 communicare
1271 3922 1493 3990 gloriam
1527 3919 1749 3973 Christi.
1787 3919 2118 3972 Paenitentes
2151 3917 2232 3968 in-

684 4036 843 4090 super
875 4019 962 4088 qui
996 4017 1260 4070 accedunt
1296 4026 1513 4067 monere
1542 4018 1752 4079 oportet
1781 4019 1837 4061 nt
1887 4009 1988 4062 ista
2035 4009 2236 4062 faciant

685 4127 812 4165 vero
844 4125 1026 4162 amore
1054 4107 1165 4159 Dei.
1200 4103 1350 4170 Quod
1387 4111 1642 4170 prmterea
1668 4100 1733 4154 ad
1765 4099 1947 4153 Patres
1976 4101 2233 4169 spiritua-

688 4206 764 4257 Ies
785 4204 997 4263 attinet,
1020 4201 1133 4253 hac
1153 4200 1334 4251 omnia
1358 4210 1461 4248 non
1485 4202 1700 4261 propter
1721 4201 1984 4260 quaestum
2009 4189 2229 4256 faciant,

687 4310 806 4362 quae
840 4293 930 4346 Dei
979 4297 1106 4344 sunt
1142 4287 1588 4354 intercipientes,
1638 4285 1691 4335 in
1739 4297 1892 4335 suam
1944 4282 2234 4349 pessimam

690 4388 922 4447 minam,
955 4391 1006 4434 et
1040 4379 1106 4434 de
1150 4378 1349 4447 quibus
1383 4376 1522 4428 ratio
1586 4374 1691 4426 erit
1749 4372 2042 4426 reddenda.
2096 4369 2237 4424 Oile-

612 4519 616 4522 .
690 4489 865 4531 ii-utcs
896 4483 1073 4528 autem
1105 4473 1242 4525 idem
1290 4469 1492 4522 faciunt
1522 4481 1585 4520 ac
1616 4467 1689 4517 illi
1741 4466 1831 4534 qui
1878 4462 2236 4532 projicicbant

688 4572 826 4624 bona
853 4583 972 4637 qua:
1018 4563 1284 4618 habebant
1322 4572 1446 4614 ante
1473 4560 1634 4629 pedes
1659 4558 2072 4627 apostolorum;
2109 4569 2232 4606 cum
2264 4544 2314 4604 Ι)

688 4676 894 4732 partem
934 4676 1000 4714 ex
1027 4661 1105 4713 eis
1135 4659 1364 4712 retinent
1392 4655 1675 4707 imitantur
1700 4653 1965 4706 Ananiam
1990 4663 2112 4702 cum
2141 4646 2236 4700 Sa-

687 4758 840 4827 phira
875 4762 929 4808 ct
959 4753 1108 4822 pejus
1139 4758 1323 4818 agunt.
1359 4748 1448 4801 Ille
1489 4745 1704 4814 quidem
1733 4759 1799 4797 ex
1830 4743 2062 4813 propriis
2110 4738 2240 4793 sub-

688 4857 929 4910 trahens,
956 4854 1126 4899 totum
1155 4843 1266 4910 agri
1301 4839 1534 4908 pretium
1557 4835 1803 4889 attulisse
1833 4848 1893 4887 se
1916 4832 2239 4900 pmdiabat

689 4949 742 4993 et
773 4950 897 4991 ante
931 4937 1093 5005 pedes
1139 4931 1312 4986 sancti
1368 4929 1511 4983 Petri
1563 4927 1858 4995 exspiravit
1907 4924 2070 4978 simul
2114 4937 2237 4977 cum

691 5042 859 5082 uxore
893 5065 908 5089 ,
969 5022 1240 5091 sacrilegii
1321 5018 1610 5073 manifeste
1661 5031 1789 5071 reus
1840 5018 2038 5069 factus.
2113 5012 2240 5066 Tale

682 5121 949 5188 judicium
1002 5116 1106 5169 sibi
1169 5120 1380 5183 parant,
1439 5119 1499 5163 ut
1533 5119 1588 5164 et
1636 5117 1792 5162 antea
1852 5107 1985 5170 dixi,
2025 5106 2238 5174 opinor,

697 5217 791 5285 qui
834 5213 1160 5268 subtrahunt
1186 5223 1247 5261 ea
1272 5221 1392 5274 qua:
1423 5204 1517 5258 Dei
1552 5211 1681 5257 sunt
1709 5209 1767 5254 ut
1793 5200 1988 5254 exinde
2018 5199 2238 5252 thesau-

691 5315 882 5361 rizent.
916 5303 1020 5356 Sed
1047 5315 1154 5354 non
1184 5297 1606 5368 dedignandum,
1631 5307 1805 5361 neque
1839 5289 2234 5359 denegandum,

689 5398 1003 5467 operarium
1054 5388 1350 5461 quemlibet
1398 5387 1463 5440 ad
1511 5399 1666 5439 suam
1720 5383 1887 5436 solam
1951 5382 2237 5434 utilitatem

691 5493 928 5542 fructum
959 5483 1256 5552 percipere.
1287 5479 1378 5533 Sic
1407 5480 1551 5533 enim
1583 5478 1740 5531 docet
1797 5474 2023 5537 Paulus,
2079 5473 2238 5528 nobis

690 5592 906 5647 gregem
927 5588 1233 5643 proponens
1257 5571 1554 5624 laborantis
1571 5569 1749 5623 coloni
1783 5576 1835 5621 ct
1865 5568 2101 5635 pastoris
2131 5564 2242 5617 fru-

690 5679 838 5722 ctum
878 5665 1166 5731 facientis;
1221 5662 1470 5734 quamvis
1516 5662 1628 5731 ipse
1666 5659 2012 5729 Evangelium
2071 5656 2241 5728 gratis

689 5763 990 5833 praedicans
1020 5768 1075 5813 et
1105 5756 1407 5813 mercedem
1439 5770 1470 5810 e
1499 5755 1638 5808 uelo
1668 5767 1892 5823 sperans
1923 5765 2030 5804 non
2065 5762 2242 5802 uterc-

690 5866 780 5909 tur
799 5854 896 5908 hac
917 5851 1186 5907 facultate.
1213 5847 1343 5904 Nam
1370 5847 1568 5903 idcirco
1593 5845 1933 5900 laborabatet
1957 5855 2118 5912 opere
2140 5855 2238 5894 suo

2343 3300 2498 3352 μασι,
2529 3286 2616 3336 διά
2643 3301 2700 3337 τε
2731 3287 2829 3353 τὴν
2860 3285 2995 3352 πρὸς
3027 3284 3158 3337 Θεδν
3189 3284 3431 3352 ὀφειλὴν,
3470 3286 3563 3335 καὶ
3609 3283 3673 3335 τὸ
3711 3285 3790 3353 μὴ
3828 3286 3919 3335 άν-

2339 3363 2652 3444 αμάρτητόν
2684 3392 2804 3428 τινα
2828 3369 2988 3430 εἶναι.
3024 3378 3131 3429 Καὶ
3161 3378 3300 3445 ὑπὲρ
3333 3377 3537 3443 γονέων
3568 3378 3623 3428 δὲ
3655 3380 3749 3428 καὶ
3784 3394 3916 3440 συγ-

2336 3466 2508 3531 γενῶν
2539 3465 2633 3516 καὶ
2663 3464 2867 3516 λοιπῶν
2905 3465 3083 3517 ἄλλων
3108 3465 3349 3517 εὐσεϐῶν
3388 3467 3627 3531 ὀφείλειν
3672 3469 3916 3534 προσφέ-

2342 3572 2455 3621 ρειν
2474 3555 2590 3623 Θεῷ
2615 3555 2843 3617 πάντας,
2865 3555 2958 3607 καὶ
2980 3555 3119 3622 ὑπὲρ
3146 3557 3309 3624 τιμῆς
3339 3557 3428 3608 καὶ
3457 3558 3683 3625 μνήμης
3708 3558 3916 3621 ἁγίων,

2337 3646 2414 3708 ὡς
2462 3646 2528 3699 ἂν
2561 3649 2788 3715 μεσίτας
2830 3648 3007 3700 ἐκεῖσε
3056 3646 3313 3718 εὕροιμεν
3365 3650 3458 3701 καὶ
3503 3651 3915 3714 συγκοτνωγοῦς

2337 3739 2435 3806 τῆς
2464 3738 2621 3808 δόξης
2651 3739 2910 3808 Χριστοῦ.
2944 3741 3050 3792 Ka“.
3101 3739 3270 3792 ταῦτα
3317 3741 3418 3807 μὲν
3461 3739 3739 3793 διδάσκειν
3786 3742 3914 3802 τοὺς

2339 3831 2663 3900 προσιόντας
2691 3830 2952 3898 θεοφιλῶς
2981 3833 3224 3900 ἐνεργεῖν
3244 3849 3256 3862 ι
3289 3833 3351 3885 οὐ
3385 3833 3491 3901 μὴν
3517 3834 3572 3885 δὲ
3598 3836 3727 3894 τοὺς
3750 3852 3915 3886 ποιευ-

2343 3923 2602 3988 ματικοῦς
2632 3923 2878 3988 Πατέρας
2925 3922 3016 3974 ἐπὶ
3053 3924 3232 3991 κέρδει
3273 3941 3430 3976 τουτο
3462 3927 3658 3984 ποιεῖν,
3692 3926 3765 3976 τὰ
3817 3926 3912 3977 to:

2338 4013 2474 4067 Θεοῦ
2507 4015 2921 4083 νοσφιζομένους
2944 4029 2960 4048 ο
2991 4017 3162 4086 ζημία
3199 4017 3305 4084 γὰρ
3337 4019 3519 4080 αὐτοῖς
3561 4019 3592 4086 ἡ
3645 4021 3912 4086 μεγίστη,

2338 4105 2434 4159 καὶ
2490 4105 2648 4172 λόγον
2692 4105 3181 4176 ἀπαιτηθήσονται.
3241 4108 3348 4159 Kal
3401 4109 3451 4160 ol
3504 4109 3606 4175 μὲν
3667 4110 3914 4171 διδόντες

2339 4198 2516 4248 ἐκεῖνο
2574 4195 2784 4248 ποιοῦσι
2835 4197 2896 4246 τὸ
2941 4197 3049 4250 τῶν
3111 4201 3410 4268 ριπτόντων
3474 4200 3542 4251 τά
3582 4201 3913 4268 ὑπάρχοντα

2341 4286 2492 4352 παρά
2521 4289 2646 4349 τοὺς
2690 4286 2852 4348 πόδας
2881 4287 2988 4339 τῶν
3031 4288 3346 4339 ἀποστόλων
3370 4301 3384 4316 ·
3420 4291 3470 4339 oi
3513 4289 3571 4342 δέ
3612 4307 3678 4356 γε
3736 4307 3918 4358 τιάρας

2340 4375 2685 4446 κρατοῦντες,
2717 4378 2852 4447 ὅπερ
2884 4378 2981 4430 σὺν
3006 4381 3072 4448 τῇ
3107 4380 3393 4449 Σαπφείρα
3434 4383 3462 4432 ό
3493 4381 3777 4444 Ἀνανίας.
3819 4387 3916 4433 καὶ

2342 4473 2555 4540 χεῖρον·
2615 4471 2741 4522 ἐπεὶ
2764 4471 2967 4533 ἐκεῖνος
3001 4474 3064 4523 ἐκ
3095 4473 3201 4522 τῶν
3247 4473 3392 4523 ἰδίων
3423 4473 3775 4538 ἐνοσφίσατο.
3808 4471 3914 4526 03o

2339 4579 2428 4623 τος
2471 4562 2578 4630 γάρ
2607 4561 2904 4624 όἋνανίας
2943 4562 3410 4630 ἐπαγγειλάμενος
3444 4563 3589 4615 ἅπαν
3620 4563 3817 4616 δοῦναι
3853 4568 3916 4616 τὸ

2338 4653 2434 4707 τοῦ
2459 4654 2735 4724 κτήματος
2764 4654 3004 4723 τίμημα,
3035 4657 3128 4707 καὶ
3171 4656 3564 4724 νοσφισάμενος
3607 4657 3667 4722 ἐξ
3711 4658 3909 4720 αὐτοῦ,

2341 4747 2489 4817 παρὰ
2520 4747 2645 4807 τοὺς
2677 4747 2840 4808 πόδας
2867 4746 2961 4800 τοῦ
2993 4749 3139 4800 θείου
3170 4747 3398 4816 τέθνηκε
3431 4749 3641 4817 Πέτρου
3684 4749 3915 4817 σύναμα

2339 4841 2404 4908 τῇ
2466 4837 2706 4905 γυναικὶ,
2772 4839 3047 4907 ἱερόσυλος
3105 4838 3416 4905 ἐκφανθεὶς,
3481 4835 3543 4891 οῦ
3608 4840 3673 4891 τὸ
3738 4843 3919 4894 κατά-

2340 4945 2513 4998 κριμα
2573 4924 2751 4997 οἶμαι,
2822 4929 2896 4989 ὡς
2953 4935 3045 4981 και
3116 4930 3383 4997 προεφην,
3454 4929 3762 4996 λαμϐάνειν
3833 4934 3916 4993 είς

2340 5021 2589 5083 ἑαυτοὺς,
2633 5021 2760 5082 τοὺς
2810 5021 3298 5089 παρακρατοῦντας
3341 5023 3408 5074 τά
3465 5021 3556 5073 τοῦ
3602 5021 3746 5074 Θεοῦ
3815 5027 3917 5074 καὶ

2338 5109 2495 5179 361
2530 5108 2590 5172 ἐξ
2621 5108 2800 5162 αὐτῶν
2845 5110 3291 5180 θησαυρίζοντας.
3329 5111 3441 5180 Τὴν
3489 5113 3683 5180 χρείαν
3731 5113 3788 5164 δέ
3848 5131 3915 5182 γε

2343 5201 2514 5270 μόνην
2540 5199 2839 5270 λαμϐάνειν
2863 5200 2939 5263 ὡς
2969 5201 3246 5254 κοπιῶντά
3270 5219 3408 5266 τινα,
3438 5204 3539 5254 οὐκ
3568 5204 3912 5271 ἀπόϐλητον.

2339 5290 2449 5343 Kal
2481 5288 2690 5351 Παῦλος
2717 5289 2875 5341 τοῦτό
2906 5305 3092 5358 φησιν,
3135 5289 3242 5340 ἀπὸ
3265 5288 3358 5340 τοῦ
3387 5289 3689 5349 κοπιιῖιντος
3732 5307 3918 5357 γεωρ.

2340 5381 2438 5449 γοῦ
2469 5382 2564 5434 καὶ
2593 5379 2688 5433 τοῦ
2744 5380 3122 5449 ποιμαίνοντος
3157 5381 3393 5449 ποίμνην
3427 5381 3714 5448 παριστῶν
3755 5384 3914 5450 ἡμῖν,

2341 5475 2394 5526 ει
2446 5476 2539 5527 καὶ
2585 5473 2745 5535 αὐτὸς
2803 5474 3075 5526 ἀδάπανον
3119 5472 3268 5540 ἐτίθη
3307 5473 3366 5524 τὸ
3417 5471 3778 5539 Εὑαγγέλιον,
3817 5476 3917 5526 καὶ

2340 5565 2464 5626 τοὺς
2520 5563 2743 5632 μισθοὺς
2801 5561 3038 5626 ἐλπίζων
3095 5561 3153 5627 ἐξ
3201 5559 3436 5630 οὐρανοῦ
3482 5561 3584 5612 οὐκ
3626 5560 3940 5629 ἐχρήσατο’

2340 5654 2512 5726 ταύτῃ
2550 5657 2616 5722 τῇ
2669 5653 2908 5721 ἐξουσία.
2950 5656 3039 5704 Διὸ
3075 5654 3168 5705 xal
3220 5653 3424 5705 κοπιῶν
3453 5647 3522 5721 ἦν
3551 5653 3642 5702 καὶ
3675 5653 3919 5719 ἐργαςοο

2344 5763 2503 5814 μενος
2524 5749 2642 5808 ταῖς
2665 5745 2838 5816 χερσί.
2877 5765 2894 5794 ι
2933 5746 3040 5798 Kal
3071 5747 3186 5806 ταῖς
3220 5744 3430 5813 χρείαις
3467 5759 3594 5811 μου,
3623 5744 3789 5809 φησι,
3821 5745 3921 5794 καὶ

2343 5841 2451 5901 τοῖς
2488 5835 2605 5892 οὖσι
2645 5837 2761 5907 μετ’
2794 5835 2950 5908 ἐμοῦ,
2974 5837 3329 5907 ὑπηρέτησαν
3360 5836 3415 5888 αί
3453 5835 3630 5902 χεῖρες
3653 5827 3855 5885 αὗται.
3895 5850 3913 5881 ι
