4158 6440
213 422 316 487 929

913 436 1294 502 RESPONSA
1337 445 1435 504 AD
1459 447 1901 514 GABRIELEM
1943 456 2654 520 PENTAPOUTANUM.

3343 455 3451 520 930

209 542 303 595 Διὸ
337 546 363 595 6
389 545 495 595 τῶν
533 545 721 617 ψυχῶν
751 549 1040 622 οἰκονόμος
1081 558 1286 625 ὀφείλει
1321 563 1505 631 σχεδὸν
1549 569 1748 636 μηδενὺ

1853 570 2088 631 ιγῖοιιιιιι
2127 576 2426 642 maerebat,
2465 587 2517 629 ut
2551 585 2786 631 lt‘Slalttr
2822 593 2834 628 :
2873 596 2887 626 ι
2930 576 3009 630 Ad
3039 592 3100 629 ea
3151 592 3269 643 qum
3321 578 3448 629 mihi

205 634 474 690 ἅπτεσθαι
507 639 614 691 τῶν
670 647 1157 714 προσφερομένων,
1191 652 1238 703 εί
1277 654 1522 720 δυνατὸν,
1553 634 1644 712 θῖνα
1694 661 1768 732 μὴ

205 729 455 800 ἀνάγκην
487 731 582 802 ἔχῃ
611 732 862 805 ἀνασπᾷν
910 737 1197 809 ἀλλοτρίας
1233 744 1502 812 ἀκάνθας-
1536 753 1585 804 εί
1619 753 1676 805 δέ
1698 729 1767 821 γε

206 823 366 890 χρεία
387 825 596 893 τροφῆς
623 824 655 895 ἢ
690 827 1010 896 ἐνδύματος,
1046 833 1120 903 μὴ
1145 836 1206 886 τὸ
1237 841 1512 905 περιττὸν,
1550 843 1684 896 ἀλλὰ
1710 847 1769 899 τὸ

202 915 341 984 πρδς
379 918 570 984 χρείαν
624 919 787 987 μόνον
846 925 1089 989 ποιείτω,
1131 928 1225 979 καὶ
1266 930 1360 993 τὰς
1394 934 1556 1002 εὐχὰς
1582 938 1764 991 ἀποδι-

199 1005 378 1070 δότω,’
416 1008 508 1060 καὶ
556 1009 657 1072 τὰς
705 1010 899 1076 θυσίας
927 1016 1218 1072 ὲκτελείτω
1264 1022 1405 1092 ὑπὲρ
1437 1026 1530 1077 τοῦ
1567 1045 1766 1098 προσε-

201 1097 492 1165 νέγκαντος
506 1102 582 1169 τῷ
603 1103 742 1173 Θεῷ,
773 1124 834 1173 με
848 1125 950 1177 μνη
963 1112 1119 1175 μένος
1139 1114 1232 1168 καὶ
1257 1117 1362 1168 τῶν
1385 1097 1652 1189 πενήτων,
1673 1125 1767 1178 καὶ

198 1190 283 1242 ὃτι
326 1192 424 1245 οὐκ
475 1195 636 1258 αὐτὸς
669 1199 853 1265 μόνον,
880 1201 1016 1257 ἀλλά
1075 1210 1171 1258 καὶ
1209 1207 1387 1279 ἕτεροι
1440 1212 1542 1281 τῆς
1579 1217 1766 1284 χρείας

198 1280 448 1350 ἀνάγκην
479 1283 717 1365 ἔχουσιν.
748 1288 806 1342 ΕΞ
832 1289 888 1341 δὲ
921 1291 1016 1345 καὶ
1047 1295 1266 1366 ἰδιώτης
1303 1302 1331 1352 6
1370 1301 1438 1353 τὰ
1463 1280 1767 1376 τῶν-μετα-

196 1371 466 1426 νοούντων
510 1374 819 1446 δεχόμενος,
867 1379 1250 1450 ἀσφαλιξίσοω
1287 1389 1446 1443 πλέον
1473 1409 1486 1423 ·
1541 1371 1620 1446 ὅτι
1676 1398 1762 1451 διὰ

195 1459 296 1528 τῆς
354 1462 650 1534 ἱερωσύνης
702 1468 768 1521 τὰ
822 1473 920 1539 τῆς
969 1476 1250 1543 σωτηρίας
1289 1483 1401 1543 τοῖς
1456 1483 1764 1555 ἀνθρώποις

195 1553 499 1620 ἐνεργεῖται
524 1597 538 1619 ,
573 1561 664 1612 καὶ
696 1561 782 1614 διὰ
822 1564 924 1633 τῆς
980 1565 1128 1637 ἱερᾶς
1156 1569 1212 1622 δὲ
1256 1571 1447 1636 θυσίας
1480 1553 1572 1628 καί
1606 1577 1762 1646 εὐχε-

193 1642 352 1698 λαίου
391 1648 486 1701 καὶ
516 1651 624 1702 τῶν
655 1651 856 1707 λοιπῶν
881 1657 1118 1713 τελετῶν
1152 1663 1184 1729 ἡ
1221 1664 1413 1729 ἄφεσίς
1442 1684 1500 1718 τε
1533 1667 1626 1723 καὶ
1660 1642 1762 1723 ἐά-

195 1735 394 1805 θαρσις
425 1739 648 1804 δίδοται,
683 1746 774 1800 καὶ
824 1748 856 1817 ή
890 1751 1176 1816 μετάδοσις
1213 1755 1306 1806 τοῦ
1337 1757 1632 1827 άγιασμοῦ,
1668 1763 1763 1814 καὶ

195 1829 402 1895 μᾶλλον
425 1833 521 1900 τῆς
552 1835 736 1904 χρείας
762 1835 946 1907 ἔχουσι
979 1844 1263 1908 κοινωνίας
1298 1849 1325 1916 ἠ
1358 1851 1495 1917 μετὰ
1521 1852 1758 1922 Χριστοῦ

189 1919 405 1983 ἔνωσις.
444 1923 534 1976 Διὸ
575 1928 623 1978 εἰ
651 1925 812 1979 πάθει
851 1946 934 1994 τις
962 1933 1169 2003 οἰκείῳ,
1201 1935 1231 2005 ἦ
1268 1937 1341 2001 ὡς
1369 1919 1759 2013 διαφθονούμε-

191 2028 282 2070 νος
322 2013 538 2084 ίερεί,ἦ
577 2016 652 2078 ὡς
702 2024 1170 2089 παρακερδαίνειν
1216 2027 1377 2092 αὐτὸς
1415 2030 1761 2103 βουλόμενος,

189 2102 392 2155 κωλύει
447 2106 544 2173 μὲν
601 2109 804 2176 ἱερεῦσι
852 2112 1069 2179 διδόναι,
1103 2115 1132 2184 ἢ
1174 2117 1270 2188 τὴν
1308 2123 1536 2195 φρικτην
1574 2102 1764 2182 θυσίαν

185 2191 222 2260 ἢ
262 2195 326 2245 τὰ
358 2194 449 2247 τεῦ
472 2197 748 2267 εὐχελαίου
774 2203 1023 2270 γενέσθαι
1054 2207 1192 2276 ὑπέρ
1226 2229 1394 2280 τινος,
1432 2219 1763 2286 προφασίζε-

185 2301 281 2335 ται
314 2286 368 2337 es
413 2288 509 2354 τὴν
572 2291 960 2364 ἐλεημοσύνην,
996 2300 1090 2352 καὶ
1136 2301 1295 2355 τοῦτο
1347 2310 1596 2374 κρεῖσσον
1623 2307 1762 2364 εἶναι

185 2377 410 2432 rei»th
432 2383 580 2446 φησι,
605 2387 694 2437 καὶ
715 2387 1008 2458 ἀποστερεῖ
1027 2409 1146 2445 τινα
1168 2379 1278 2449 τ’ῶν
1301 2398 1506 2450 πιστῶν
1531 2401 1628 2471 τῆς
1656 2403 1762 2455 ἀπὸ

182 2468 280 2522 τοῦ
311 2471 463 2536 ἁγίου
489 2475 669 2530 ἐλαίου
696 2479 788 2530 καὶ
829 2482 936 2532 τῶν
961 2485 1138 2554 εὐχῶν
1169 2489 1511 2558 καθάρσεως,
1546 2495 1638 2546 καὶ
1664 2495 1757 2548 τοῦ

182 2560 332 2613 θείου
359 2563 464 2616 ἀπὸ
482 2568 576 2634 τῆς
599 2573 928 2644 κοινωνίαςῆ
952 2577 1261 2647 ἱερουργίας
1282 2584 1575 2653 ἀγιασμοῢ,
1597 2588 1759 2649 αὐτὸς

179 2655 278 2707 τὸν
295 2659 420 2727 περὶ
437 2659 626 2713 τούτου
646 2662 802 2732 λόγον
819 2669 1016 2736 μᾶλλον
1036 2673 1644 2749 άπαιτηθήσεται.Πλὴν
1663 2682 1757 2734 καὶ

179 2747 415 2800 ἕκαστον
445 2753 550 2804 τῶν
571 2755 986 2826 ἁμαρτημάτων
1003 2764 1061 2815 τὸ
1083 2767 1280 2819 οἰκεῖον
1304 2768 1411 2834 ἕξει
1436 2771 1527 2822 καὶ
1562 2747 1756 2826 ἀνάλο-

179 2859 279 2907 γον
310 2845 606 2915 ἐπιτίμιον,
664 2853 760 2903 καὶ
794 2855 851 2905 οὺ
889 2857 1064 2909 πάντα
1115 2859 1183 2910 δι’
1209 2861 1328 2924 ἑνὸς
1378 2863 1591 2916 ἔσονται
1626 2882 1755 2931 συγ-

179 2935 509 3003 χωρούμενα
532 2954 543 2967 °
579 2941 693 2993 ἀλλ’
719 2944 765 2995 εί
793 2945 891 3011 μὲν
924 2950 1078 3014 φόνος
1102 2950 1185 3018 εἴη
1211 2952 1270 3003 τὸ
1302 2953 1576 3023 ἔγκλημα,
1614 2958 1752 3025 μετᾶ

176 3026 275 3076 τὶν
308 3029 506 3082 κανόνα
538 3032 632 3100 τῆς
672 3034 1000 3104 Ἐκκλησίας
1043 3042 1134 3093 καὶ
1174 3044 1524 3111 αἰχμαλώτου
1553 3048 1749 3118 λύτρον

178 3115 326 3184 ὑπὲρ
361 3117 454 3169 τοῦ
517 3122 899 3192 ἡμαρτηκότος
955 3129 1046 3180 καὶ
1076 3130 1171 3183 τοῦ
1207 3132 1527 3199 τεθνηκότος
1556 3137 1603 3187 εί
1653 3155 1752 3189 πε·

1872 678 2010 733 opus
2035 674 2216 732 erant,
2248 679 2296 719 et
2337 669 2419 722 his
2465 672 2556 734 qui
2593 684 2800 723 mecum
2850 679 2975 722 sunt
3007 669 3452 723 ministraret-unt

1872 772 2064 812 manus
2095 759 2210 812 ista:
2244 759 2310 812 ".
2354 778 2371 810 ι
2404 759 2582 824 Quare
2617 760 2925 813 moderator
2965 761 3270 813 animat-mn
3315 759 3449 814 nihil

1870 861 2039 917 prope
2069 849 2135 903 ab
2166 850 2362 904 oblatis
2419 851 2706 905 desumere
2757 851 2936 914 debet,
2987 853 3031 904 si
3083 853 3192 904 ﬁeri
3229 861 3405 920 potest
3433 891 3448 911 ,

1870 937 1972 992 nisi
2009 939 2149 994 forte
2190 956 2410 995 necesse
2451 942 2648 995 habeat
2678 941 2871 996 alienis
2915 938 3320 994 difﬁcultatibus
3351 941 3449 994 ob-

1870 1031 2074 1093 venire,
2119 1043 2212 1086 aut
2261 1049 2397 1101 opus
2434 1035 2631 1087 habeat
2663 1036 2713 1086 in
2744 1035 2945 1088 victum
2981 1042 3034 1088 et
3070 1036 3120 1086 in
3155 1037 3447 1087 vestimen-

1870 1129 2005 1184 tum,
2040 1137 2143 1175 non
2181 1124 2463 1191 splendide
2496 1126 2712 1192 quidem
2750 1126 3080 1192 impendere,
3107 1125 3199 1179 sed
3239 1134 3441 1178 tantum

1869 1220 2031 1280 prout
2064 1229 2284 1268 necesse
2315 1217 2492 1278 habet,
2522 1227 2575 1269 et
2610 1218 2803 1271 fundat
2843 1233 3049 1284 preces,
3087 1226 3137 1269 et
3176 1217 3439 1270 sacriﬁcia

1868 1303 1976 1359 Deo
2008 1306 2295 1375 atlimpleat
2331 1323 2425 1374 pro
2455 1308 2730 1372 otii-rente,
2763 1325 3057 1377 pauperum
3085 1309 3436 1371 rec-ardatus;

1868 1413 1974 1452 non
2007 1397 2144 1450 enim
2186 1398 2300 1466 ipse
2329 1402 2500 1460 solus.
2538 1401 2628 1452 s--d
2678 1402 2853 1454 adhuc
2908 1403 3083 1454 caueri
3124 1401 3211 1469 jus
3245 1401 3444 1454 habent

1867 1489 1918 1542 in
1952 1489 2086 1543 tales
2116 1488 2347 1545 fructus.
2418 1491 2481 1544 Et
2513 1492 2555 1543 si
2595 1491 2839 1559 privatus
2869 1493 3070 1560 aliquis
3105 1495 3131 1545 a
3173 1492 3442 1560 paeniten-

1867 1578 2008 1634 tibus
2040 1581 2286 1649 recipiat,
2326 1591 2515 1636 caveat
2553 1583 2746 1647 magis,
2778 1584 2902 1650 quia
2946 1599 3040 1652 per
3075 1585 3437 1637 sacerdotium

1864 1671 2011 1725 salus
2045 1672 2356 1728 hominibus
2398 1674 2667 1740 provenit,
2707 1687 2757 1728 et
2794 1675 2920 1743 quia
2957 1691 3052 1741 per
3087 1676 3325 1728 divinum
3353 1690 3443 1727 sa-

1863 1758 2153 1822 criﬁcium,
2185 1776 2279 1828 per
2314 1778 2527 1816 sacrum
2557 1763 2732 1817 oleum
2766 1777 2815 1816 et
2843 1781 2935 1832 per
2966 1775 3191 1820 crateras
3221 1775 3438 1818 sanctas

1863 1851 2218 1905 caeremonias
2252 1854 2403 1905 venia
2441 1856 2764 1908 conceditur
2797 1865 2848 1909 ct
2885 1857 3197 1910 innocentia
3233 1866 3442 1910 restau-

1870 1951 2041 2004 ratur,
2065 1950 2117 1994 et
2142 1945 2485 2012 participatio
2511 1946 2962 2001 sanctiﬁcationis
2983 1947 3097 2012 Dei,
3127 1957 3179 2000 et
3202 1949 3442 2000 maxime

1867 2033 1996 2086 unio
2025 2048 2142 2086 cum
2174 2033 2391 2088 Christo
2424 2051 2520 2104 per
2549 2036 2753 2092 fructus
2781 2038 3211 2092 coinmuniouis.
3254 2037 3435 2103 Quare

1865 2121 1909 2176 si
1957 2124 2218 2178 acciderit
2253 2127 2411 2180 alicui
2462 2136 2518 2180 ut
2553 2130 2631 2180 vel
2663 2130 2858 2182 invidia
2894 2146 3015 2198 erga
3058 2130 3440 2194 sacerdotem,

1865 2212 1945 2265 vel
1971 2227 2064 2280 spe
2097 2216 2296 2283 proprii
2327 2217 2593 2270 commodi
2625 2229 2678 2271 et
2714 2218 2846 2271 lucri
2877 2259 2890 2280 ,
2949 2219 3239 2286 prohibeat
3288 2219 3440 2271 obta-

1865 2303 2044 2359 tiones
2101 2305 2212 2359 ﬁcri
2257 2307 2663 2373 sacerdotibus,
2729 2310 2810 2362 vel
2869 2309 3050 2383 oilerri
3105 2311 3434 2363 sacriﬁcium

1867 2397 2228 2460 tremendum,
2261 2400 2341 2452 vel
2387 2401 2581 2454 conﬁci
2617 2403 2797 2454 oleum
2833 2418 3045 2454 sacrum
3097 2418 3192 2469 pro
3229 2404 3434 2471 aliqua,

1864 2488 2260 2558 cleetnosyuam
2289 2505 2414 2543 vero
2452 2493 2790 2558 praetendat,
2835 2495 2988 2560 quasi
3042 2495 3112 2547 sit
3161 2496 3273 2547 lucc
3321 2512 3440 2546 om-

1863 2581 2009 2633 nium
2047 2581 2314 2634 bonorum
2353 2584 2669 2645 maxitmtm,
2713 2595 2764 2640 et
2807 2587 2876 2638 ita
2911 2589 3146 2654 aliquem
3199 2589 3434 2640 lldeliu'u

1861 2681 2043 2724 arcoat
2069 2687 2096 2722 a
2132 2674 2500 2741 comparanda
2541 2677 2852 2730 innocentia
2883 2694 3003 2747 quae
3034 2695 3096 2730 ex
3134 2695 3290 2731 sacro
3314 2680 3434 2733 υιιιη

1858 2763 2153 2827 obtinetur,
2177 2764 2257 2817 vel
2285 2781 2313 2818 a
2345 2766 2523 2818 divina
2556 2768 2928 2821 benedictione
2951 2786 3151 2838 qumex
3185 2786 3432 2824 commu-

1861 2856 2021 2908 nione
2061 2866 2153 2909 aut
2193 2858 2462 2910 sacriﬁcia
2505 2861 2825 2928 percipitur,
2862 2861 2947 2915 ille
2991 2864 3222 2915 maxime
3259 2866 3416 2930 hujus

1857 2947 2099 3000 criminis
2158 2959 2422 3002 rationem
2483 2949 2706 3002 reddere
2756 2951 2997 3004 debebit.
3049 2954 3255 3006 lutet-ea
3305 2971 3432 3006 vero

1856 3048 2112 3091 caveatur
2148 3041 2371 3109 insuper
2417 3043 2648 3108 singulis
2682 3045 2922 3111 peccatis
2964 3060 3114 3098 soam
3150 3051 3426 3114 propriam

1855 3129 2039 3183 deberi
2078 3131 2325 3190 multam,
2371 3146 2467 3184 nec
2498 3134 2678 3184 omnia
2719 3136 2908 3186 eodem
2955 3137 3115 3186 modo
3155 3137 3422 3202 expianda

178 3209 428 3274 ριουσίαν
461 3211 487 3262 6
521 3213 786 3278 φονεύσας
819 3217 953 3285 ἔχει,
1010 3223 1244 3283 γινέσθω
1290 3225 1437 3295 ψυχὴ
1491 3229 1611 3282 ἀντὶ
1650 3233 1747 3298 τῆς

1855 3235 1975 3274 esse
2030 3233 2082 3273 et
2143 3223 2502 3274 retuitteuda.-
2536 3223 2591 3274 Si
2644 3240 2773 3290 ergo
2821 3235 3013 3291 agatur
3040 3227 3105 3278 de
3146 3227 3425 3280 homicidii

171 3300 395 3367 ψυχῆς·
433 3304 558 3356 είδέ
595 3324 656 3372 γε
693 3309 933 3374 ἐμϐρύου
969 3313 1229 3382 ἀποϐολὴ,
1268 3318 1332 3368 δι’
1363 3319 1628 3391 ἀναδοχῆς
1659 3324 1750 3377 καὶ

173 3391 492 3461 ἀνατροφῆς
524 3397 740 3466 πτωχοῦ
779 3404 975 3468 νηπίου
1029 3405 1307 3475 ήίατρεία
1367 3411 1528 3465 ἔστω.
1586 3415 1643 3466 Εἰ
1694 3416 1749 3468 δὲ

172 3483 403 3549 πορνεία
429 3483 460 3552 ἢ
492 3487 758 3558 μοιχείαή
789 3507 872 3552 τις
895 3492 1230 3563 ἀκαθαρσία,
1258 3497 1326 3549 δι’
1355 3499 1566 3570 ἀποχῆς
1596 3503 1747 3572 πρῶ-

170 3588 268 3624 τον
305 3573 402 3642 μὲν
432 3575 524 3627 τοῦ
576 3580 915 3648 πταίσματος
966 3585 1058 3636 καὶ
1090 3589 1191 3654 τῆς
1227 3589 1522 3659 ἁμαρτίας,
1551 3592 1744 3648 ἔπειτα

166 3663 228 3715 δὲ
255 3663 345 3717 διὰ
367 3667 463 3733 τῆς
486 3668 627 3722 κατὰ
646 3670 871 3740 δύναμιν
894 3678 1259 3741 κακοπαθείας
1277 3682 1376 3746 τῆς
1403 3685 1605 3752 σαρκός
1627 3702 1638 3714 ⁸
1665 3689 1746 3740 ὅτι

167 3758 270 3808 καὶ
286 3762 498 3827 τρυφῆς
537 3762 632 3814 καὶ
668 3766 868 3833 σαρκὸς
886 3768 1075 3837 ἡδονῆς
1097 3770 1155 3822 τὸ
1187 3772 1510 3840 ἁμάρτημα.
1542 3779 1650 3831 Καὶ
1671 3780 1746 3843 ὡς

163 3848 238 3915 τῇ
271 3847 382 3917 Εὔα
403 3849 566 3902 λύπαι
596 3851 715 3904 ἀντὶ
741 3857 838 3924 τῆς
867 3857 1082 3924 ἡδονῆς,
1111 3861 1201 3910 καὶ
1231 3861 1491 3932 τῷἈδαμ
1526 3867 1744 3936 ἱδρῶτες

165 3939 264 3990 καὶ
297 3937 552 4007 ἀκανθατ,
583 3943 781 4010 ὁμοίως
822 3945 1079 4010 στένωσις
1114 3953 1315 4019 σαρκὸς
1365 3955 1444 4017 εἰς
1477 3956 1742 4010 ταπείνω-

165 4045 258 4080 σιν
295 4031 465 4098 αὖτῆς
495 4048 553 4084 τε
587 4034 682 4085 καὶ
718 4035 960 4104 ἰατρείαν
999 4039 1151 4092 ἔσται
1196 4043 1272 4106 τῷ
1303 4043 1390 4096 διὰ
1432 4045 1742 4115 φιληδονίας

163 4120 411 4174 πεσόντι.
447 4123 508 4174 Εἰ
535 4123 583 4176 δ’
607 4125 668 4176 οὐ
697 4127 1016 4196 προαίρεσις
1049 4131 1168 4182 οὐδὲ
1206 4134 1384 4202 ἰσχὺς,
1411 4135 1481 4188 δι’
1513 4137 1740 4205 ἐλεημο-

163 4210 337 4280 σύνης
375 4214 714 4283 ίατριυθήτω
764 4216 794 4286 ἢ
829 4219 1158 4287 ἐγκρατείας
1199 4221 1228 4290 ἦ
1263 4222 1584 4292 λυτρώσεως
1620 4227 1738 4296 αίχ·

166 4302 446 4370 μαλώτου,
483 4305 532 4355 εί
574 4305 806 4373 εὐπορία
833 4307 908 4375 τῷ
952 4311 1294 4378 ἡμαρτηκότι
1347 4315 1493 4366 ἐστίν
1522 4330 1536 4345 °
1578 4319 1626 4369 εί
1679 4319 1735 4371 δὲ

159 4393 381 4455 ἀδικίας
430 4394 566 4463 ἔργα
623 4397 842 4466 συνέϐη,
886 4400 974 4452 διὰ
1007 4401 1104 4468 τῆς
1176 4404 1488 4468 ἀποδόσεως
1515 4407 1608 4460 τοῦ
1640 4408 1734 4477 λη-

159 4482 397 4551 φθέντος
431 4484 584 4538 ἔσται
603 4488 702 4555 τῆς
727 4489 1002 4557 ἁμαρτίας
1032 4494 1340 4564 ἀπαλλαγή.
1362 4495 1730 4568 Ἐλεημοσύνη

1855 3322 2027 3377 reatu,
2083 3313 2380 3367 secundum
2431 3315 2687 3370 Ει.·ρ1υ5ἰ;ε
2735 3333 2989 3383 (ιιιιοηος,
3048 3321 3091 3374 si
3149 3323 3421 3376 occidenti

1853 3402 2011 3456 fuerit
2045 3403 2270 3458 fortunze
2292 3407 2468 3471 copia,
2495 3422 2589 3474 pro
2610 3424 2667 3459 se
2699 3418 2750 3460 et
2783 3423 2879 3476 pro
2912 3412 3090 3464 oeciso
3107 3413 3420 3479 expiaturus

1849 3494 2023 3548 solvet
2056 3498 2289 3563 pretium
2316 3499 2477 3550 unius
2505 3499 2724 3566 captivi,
2772 3511 2824 3552 et
2851 3503 2932 3553 sic
2979 3504 3081 3554 erit
3111 3506 3288 3556 anima
3325 3522 3419 3573 pro

1849 3585 2052 3639 anima.
2087 3586 2142 3639 Si
2177 3587 2340 3640 fuerit
2369 3589 2682 3652 abortivus,
2728 3591 3109 3646 remissionem
3148 3610 3423 3651 tueueatar

1849 3674 2040 3728 alendo
2077 3685 2130 3729 et
2161 3676 2445 3732 educando
2518 3693 2810 3748 pauperem
2865 3683 3099 3750 aliquem
3134 3686 3418 3743 infatuem.

1855 3765 1910 3820 Si
1943 3768 2007 3821 de
2044 3768 2406 3823 fornicatione
2453 3783 2666 3840 agatur,
2722 3775 2805 3827 vel
2861 3776 3151 3843 adulterio,
3201 3781 3279 3832 ιιι-Ι
3313 3782 3416 3834 alia

1847 3859 2040 3926 quavis
2070 3860 2403 3926 impuritate,
2430 3865 2681 3919 remissio
2707 3867 2793 3919 llet
2829 3870 3001 3935 primo
3039 3886 3129 3937 per
3156 3874 3418 3926 cessatio-

1847 3963 1967 4001 nem
2006 3950 2174 4017 culpa:
2222 3964 2273 4004 ct
2328 3957 2533 4022 peccati
2565 3975 2576 4009 :
2605 3956 2797 4010 deinde
2833 3975 3050 4012 carnem
3109 3978 3206 4029 pro
3255 3980 3416 4032 posse

1844 4043 2181 4110 castigando,
2219 4046 2344 4111 quia
2379 4057 2658 4113 peccatum
2697 4049 2799 4102 fuit
2831 4051 2882 4104 in
2928 4053 3151 4106 mollitie
3184 4065 3237 4109 et
3267 4058 3416 4110 volu-

1844 4139 1988 4198 ptate
2023 4133 2228 4188 carnis.
2287 4133 2352 4187 Et
2396 4137 2539 4190 sicut
2573 4137 2691 4192 Evze
2724 4141 2935 4195 dolores
2980 4159 3076 4211 pro
3109 4146 3405 4214 voluptate,

1838 4228 1892 4272 et
1915 4218 2124 4274 Adamo
2151 4225 2376 4278 sudores
2407 4236 2458 4278 et
2488 4228 2716 4283 tribulos
2751 4241 2803 4284 et
2827 4233 3012 4298 spinas
3052 4237 3291 4292 minatus
3320 4251 3404 4294 est

1844 4311 2005 4376 Deus,
2031 4313 2102 4366 ita
2133 4318 2406 4383 repressio
2460 4321 2642 4374 carnis
2672 4321 2738 4375 sit
2766 4323 2815 4375 iu
2839 4325 2955 4392 ejus
2979 4326 3408 4384 humiliatiouem

1837 4413 1886 4454 et
1917 4405 2254 4459 sanationem
2296 4408 2367 4461 illi
2400 4411 2491 4477 qui
2523 4415 2964 4482 concupiscentia
2994 4419 3178 4470 carnis
3212 4435 3373 4487 pecca

1841 4496 1934 4546 vit.
1972 4494 2028 4548 Si
2067 4511 2190 4550 vero
2233 4513 2329 4549 uec
2377 4500 2498 4553 vita:
2536 4517 2727 4570 genus,
2757 4519 2855 4559 nec
2886 4507 3173 4562 inﬁrmitas
3202 4512 3401 4574 obstet,

158 4576 222 4628 δὲ
258 4576 396 4629 κατὰ
450 4577 540 4630 τὸν
574 4581 842 4650 Ζακχαῖον
876 4583 1146 4652 κάθαρσις
1183 4557 1322 4639 ἔστω
1355 4587 1447 4640 τοῦ
1617 4557 1730 4644 ἀδιί

1853 4585 2212 4640 )mniteutiatu
2244 4589 2404 4643 faciet
2438 4607 2529 4659 per
2573 4593 2990 4665 eleemosynam,
3021 4601 3401 4656 abstinentiam

157 4667 292 4728 κίας
345 4669 440 4722 καὶ
469 4671 722 4741 ἁρπαγῆς
751 4674 1123 4744 ἐγκλήματος.
1161 4680 1220 4732 Et
1261 4680 1316 4731 δὲ
1349 4680 1666 4752 βλασφημία
1698 4685 1729 4753 ἢ

160 4760 397 4830 ἄρνησίς
434 4779 540 4815 τινι
597 4765 809 4830 γέγονε,
844 4767 929 4819 διὰ
976 4771 1286 4840 προσευχῆς
1336 4774 1613 4841 συνεχοῦς,
1649 4774 1734 4827 ἵνα

155 4851 263 4916 τὴν
295 4850 642 4921 βλασφημίαν
674 4857 850 4929 ἐξέλῃ.
891 4860 980 4912 καὶ
1013 4861 1281 4929 δακρύων,
1322 4864 1388 4914 ἵν’
1436 4865 1731 4934 ὲκπλυνθῇ,

158 4939 261 4992 καὶ
291 4941 660 5015 ἔλεημοσύνης
692 4947 760 4998 ἶν’
808 4948 993 5012 ἐλέους
1049 4951 1282 5022 ἐπιτύχῃ
1341 4953 1614 5022 ἀθετήσας
1641 4955 1733 5007 τὸν

159 5034 416 5103 ποιητὴν,
438 5036 529 5087 καὶ
554 5037 883 5107 ἐγκρατείας
907 5040 994 5092 διὰ
1018 5043 1116 5103 τὰς
1143 5045 1493 5113 κρεωφαγίας
1522 5046 1731 5110 καὶτὰς

158 5123 511 5192 ἀκαθάρτους
535 5127 698 5190 ἄλλας
721 5131 945 5198 τροφάς.
987 5133 1272 5202 Ἐπιορκία
1296 5134 1351 5186 δὲ
1383 5138 1429 5186 εί
1464 5136 1727 5206 συμϐαίη,

155 5213 191 5282 ἢ
228 5213 446 5284 διαϐολή
486 5234 631 5280 τινος
667 5222 803 5290 πρὸς
833 5223 1039 5292 ἕτερον,
1089 5225 1120 5294 ἢ
1158 5227 1416 5294 προδοσία
1461 5228 1596 5296 πρὸς
1633 5229 1728 5298 ἆρ-

158 5322 330 5373 χοντα
357 5309 683 5374 πταίσαντος
721 5313 751 5381 ἢ
784 5315 857 5382 μὴ
895 5316 1243 5380 πταίσαντος,
1269 5318 1358 5371 διά
1394 5318 1499 5370 τῶν
1525 5320 1726 5386 ὁμοίων

153 5397 263 5463 τῆς
308 5396 659 5468 βλασφημίας
706 5403 1133 5474 διορθωθήσεται
1178 5409 1206 5460 6
1242 5409 1446 5474 πεσὼν,
1497 5411 1591 5461 καὶ
1633 5408 1725 5461 τοῦ

155 5488 472 5556 ἀπαλλάξαι
501 5493 593 5544 τὸν
619 5495 902 5565 ἄνθρωπον
945 5500 1040 5552 τοῦ
1083 5500 1276 5555 κακοῦ.
1316 5503 1590 5570 Ἐνέχεται
1617 5503 1724 5571 γὰρ

153 5577 320 5631 τοῦτο
343 5582 561 5648 πρῶτον
586 5586 834 5653 ποιῆσαι,
868 5589 917 5640 ει
947 5590 1196 5651 δύναται.
1231 5591 1304 5653 ὡς
1357 5594 1452 5646 καὶ
1486 5594 1583 5662 τὴν
1613 5595 1726 5645 ἀδι-

158 5672 287 5722 κίαν
350 5674 569 5743 πρῶτον
594 5677 884 5732 ἀποδοῦναι
920 5684 947 5734 6
981 5684 1246 5754 ἀδικήσας
1293 5684 1325 5754 ἢ
1358 5684 1582 5753 κλέψας,
1613 5684 1722 5738 εἴτε

237 5864 276 5891 ¹⁵
306 5864 426 5916 Act.
458 5880 544 5929 xx,
579 5866 666 5919 δι.

1831 4684 1922 4728 aut
1949 4676 2370 4748 redemptionem
2392 4684 2607 4748 captivi.
2631 4682 2687 4737 Si
2707 4703 2835 4741 vero
2851 4690 3258 4758 opesiujustitia
3286 4710 3380 4761 par
3400 4733 3403 4735 ›

1833 4776 1898 4820 ta:
1929 4768 2037 4821 sint
2073 4770 2260 4836 alicui,
2293 4775 2645 4829 restitutione
2682 4778 2843 4832 ablati
2866 4785 3066 4848 peccati
3110 4787 3260 4837 venia
3297 4788 3399 4839 im-

1833 4862 2164 4928 petrabitur,
2198 4872 2254 4917 ut
2287 4865 2495 4921 Zachzei
2530 4885 2811 4923 monemur
2840 4878 3106 4940 exemplo,
3141 4879 3231 4945 qui
3257 4879 3394 4932 elee-

1836 4967 2059 5022 tnosyna
2102 4955 2331 5008 redemit
2385 4959 2662 5025 iujustititr
2689 4971 2742 5013 et
2776 4965 3011 5018 avaritia:
3062 4978 3290 5020 reatum.
3343 4970 3399 5023 Si

1837 5054 2016 5097 autem
2048 5059 2334 5113 peccatqu
2369 5048 2716 5118 blasphemite
2742 5056 2819 5106 vel
2847 5054 2935 5109 Dei
2969 5060 3273 5126 negationis
3301 5063 3399 5114 ali-

1829 5136 1914 5188 cui
1945 5138 2226 5200 arciderit,
2259 5139 2492 5194 assiduis
2522 5155 2672 5195 vacet
2703 5148 3063 5214 orationibus,
3089 5160 3144 5203 ut
3181 5153 3398 5206 miseri-

1826 5227 2064 5279 cordiam
2102 5243 2196 5295 pro
2227 5228 2562 5297 blasphemia
2608 5235 2868 5299 obtineat,
2899 5238 3189 5307 etjugibus
3224 5243 3397 5311 lacry-

1827 5317 1928 5371 tuis
1971 5333 2088 5371 eam
2132 5320 2336 5385 abluat,
2369 5325 2804 5396 eteleemosyna,
2843 5337 2900 5381 ut
2948 5330 3199 5384 misereat
3231 5333 3396 5386 Deum

1836 5408 2020 5461 miseri
2079 5409 2261 5477 hujus,
2301 5415 2392 5480 qui
2445 5426 2604 5469 antea
2662 5416 2971 5473 Creatorem
3010 5432 3310 5488 Spreverat,
3343 5433 3398 5476 et

1833 5499 2063 5566 denique
2087 5503 2409 5556 abstinentia
2434 5507 2499 5557 ab
2524 5521 2615 5559 esu
2643 5510 2886 5562 carnium
2930 5512 3008 5564 vel
3032 5512 3097 5565 ab
3115 5511 3233 5565 aliis
3263 5528 3398 5580 quo-

1833 5594 2106 5662 quomodo
2135 5597 2378 5664 impuris.
2399 5596 2455 5650 Si
2486 5601 2691 5654 crimen
2716 5603 2933 5669 perjuril
2973 5603 3282 5668 incurrerit,
3315 5605 3396 5657 vel

1831 5688 2112 5742 calumnia:
2133 5689 2363 5758 alicujus
2381 5702 2566 5746 contra
2596 5694 2925 5761 proximum,
2955 5694 3031 5749 vel
3073 5696 3397 5764 proditionis
