4158 6440
292 410 394 468 933

1012 415 1395 477 RESI‘ONSA
1437 421 1534 480 AD
1568 421 2006 487 GABRIELEM
2040 427 2725 490 PEN’TAPOLITANU“

3410 423 3512 486 93I

292 533 452 586 tunae,
489 534 806 592 procuretur
855 525 1154 597 redemptio
1194 533 1551 601 captivorum,
1625 545 1676 589 et
1713 537 2076 607 eleemosyum
2104 543 2426 608 pauperibus
2464 550 2773 610 crogcntur,
2841 547 2890 592 et
2962 538 3154 591 domus
3203 537 3298 591 Dei
3347 539 3512 592 aedili-

290 623 478 668 centur
505 626 558 670 ct
602 617 784 671 omnia
814 630 1001 672 caetera
1045 621 1174 675 [iant
1205 641 1322 692 quae
1348 626 1414 678 ad
1458 628 1684 682 salutem
1728 628 1846 695 ejus
1885 631 2136 685 conferre
2169 621 2422 700 pessiint.

826 734 1158 796 ΕΡΩΤΗΣΙΣ
1186 742 1304 794 Ui".

300 848 771 923 Ὀφείλορσιξερι
824 855 1217 921 πνευματικοί
1281 859 1538 923 Πατέρες
1573 860 1848 913 ἀπαιτεῖν

359 919 450 992 τὰ.
483 917 591 992 τῆς
645 917 1085 992 eammeam,
1150 917 1529 989 diate‘ai’ftol'
1573 929 1846 992 atadvat:

359 990 458 1075 καί
517 991 567 1040 ει
623 989 1034 1056 λαμϐάνοντες
1085 996 1609 1065 παρακατέχουσι,
1675 999 1734 1070 τι
1778 989 1846 1052 ἐκ

358 1073 573 1112 τουτου
597 1075 616 1120 ;

370 1170 432 1225 Ὀ
463 1173 833 1241 πνευματικὸς
871 1173 1058 1228 Πατὴρ
1113 1176 1212 1228 οὐκ
1244 1176 1400 1239 αὐτὸς
1425 1179 1631 1246 ὀφείλει
1663 1180 1845 1250 ζητεῖν

289 1265 353 1315 τὸ
387 1263 638 1330 διδόμενα
671 1268 747 1328 είς
771 1267 1144 1336 ἐλεημοσύνην
1172 1268 1487 1337 λαμϐάνειν,
1525 1271 1610 1323 ἴνα
1645 1272 1718 1338 μὴ
1750 1272 1843 1325 καὶ

290 1356 478 1424 μῶμον
510 1355 688 1425 ἐαυτῷ
717 1359 811 1408 καὶ
847 1358 1140 1412 σκάνδαλον
1169 1362 1282 1422 τοῖς
1336 1361 1587 1430 ἀδελφοῖς
1645 1365 1845 1430 προξε-

284 1450 446 1517 νήσῃ,
480 1447 596 1499 ἀλλ’
619 1447 756 1515 εῖγε
790 1448 934 1502 θέλει
969 1451 1059 1504 καὶ
1089 1454 1447 1520 σωτηριωδῶς
1472 1456 1716 1524 ἐνεργεῖν
1748 1456 1842 1508 καί⁵

283 1538 584 1604 ἐπωφελῶς
618 1541 730 1602 τοῖς
769 1544 1251 1611 προσερχομένοις,
1300 1546 1657 1614 προτρεπέτω
1682 1547 1842 1616 μόνον

284 1631 375 1682 καὶ
411 1630 745 1692 κανονιζέτω
793 1633 967 1684 ποιεῖν
995 1648 1008 1661 ·
1073 1634 1236 1696 αὐτὸς
1266 1633 1320 1687 δὲ
1359 1637 1526 1704 μηδὲν
1575 1637 1842 1705 λαμϐανέ-

281 1735 392 1772 τωο
429 1719 505 1783 ὡς
534 1719 684 1788 παρὰ
715 1720 987 1774 πλείστων
1043 1723 1214 1790 ἁγίων
1243 1725 1398 1778 τοῦτο
1432 1729 1842 1793 σπουδαζόντων

281 1813 343 1863 τὸ
381 1813 456 1881 μὴ
501 1813 798 1882 λαμϐάνειν
847 1814 1146 1883 ἐμάθομεν.
1179 1817 1350 1869 Τοῦτο
1393 1819 1446 1870 δὲ
1500 1822 1591 1872 καὶ
1635 1823 1842 1885 Παῦλος

279 1904 475 1966 ἐποίει,
518 1905 725 1972 μηδένα
780 1905 1048 1977 βαρύνων,
1101 1911 1236 1981 μηδὲ
1286 1911 1600 1980 λαμϐάνων,
1644 1916 1693 1966 εί
1745 1916 1839 1967 καὶ

278 1994 418 2061 ὑπὲρ
463 1995 571 2048 τῶν
601 1997 657 2051 ἐν
704 1998 1096 2074 Ἰεροσολύμοις
1141 2007 1386 2074 πενήτων
1419 2005 1662 2074 ἀδελφῶν
1698 2023 1838 2075 παρ·

2436 743 2761 816 QU/ESTIO
2788 747 3021 810 LXXIII.

1947 865 2084 919 Num
2121 866 2337 918 debeant
2369 866 2554 940 Patres
2593 867 3002 940 confessionarii
3038 865 3507 940 elecmosynaspo-

2017 937 2236 1000 stnlare,
2267 947 2320 988 ut
2349 938 2448 1002 ipsi
2474 934 2563 989 eos
2599 936 2957 988 distribuant?
2982 945 3136 1002 atque
3163 936 3207 987 si
3242 934 3507 1002 accipiant

2019 1005 2367 1074 habeantque,
2400 1007 2526 1073 quid
2551 1005 2656 1058 illis
2690 1005 2986 1073 agendum!

2029 1181 2334 1249 Spiritualis
2394 1181 2550 1236 Pater
2631 1199 2734 1235 non
2803 1182 2963 1236 debet
3034 1183 3148 1250 ipse
3234 1186 3505 1253 postulare

1944 1273 2085 1327 dona
2144 1288 2263 1341 qua:
2306 1275 2356 1326 in
2407 1275 2801 1344 eleemosyuam
2868 1276 3169 1342 praestanda
3238 1289 3384 1342 sunt,
3439 1295 3506 1330 ne

1944 1364 2314 1419 confusionem
2340 1376 2391 1419 et
2429 1366 2749 1431 vituperium
2782 1367 3047 1428 irrcurrat,
3085 1369 3209 1421 dum
3245 1368 3505 1423 fratrilzus

1943 1457 2252 1511 scandalum
2279 1456 2472 1523 affert;
2505 1458 2597 1510 sed
2627 1459 2669 1508 si
2700 1459 2798 1525 ipsi
2833 1474 2958 1511 cura
2984 1461 3051 1512 sit
3082 1475 3179 1528 pro
3210 1462 3382 1512 salute
3410 1478 3502 1513 sua

1943 1556 1997 1601 et
2031 1563 2125 1615 pro
2164 1549 2536 1603 accedentium
2570 1550 2800 1603 utilitate
2834 1565 3015 1615 agere,
3063 1552 3307 1604 hortetur
3330 1553 3501 1604 solum

1945 1647 2002 1691 ut
2035 1637 2256 1699 faciant,
2280 1650 2334 1692 et
2368 1644 2602 1710 regulam
2647 1641 2879 1695 faciendi
2915 1643 3126 1705 tradat;
3170 1642 3282 1708 ipse
3326 1658 3504 1695 autem

1945 1729 2172 1783 minime
2229 1731 2435 1798 aliquid
2491 1734 2731 1800 arcipiat
2765 1752 2777 1785 :
2810 1734 2879 1786 ita
2930 1735 3192 1787 docemur
3239 1751 3265 1786 a
3324 1736 3503 1788 multis

1942 1819 2142 1872 sanctis
2173 1820 2365 1886 quibus
2399 1836 2607 1874 summa
2644 1823 2740 1874 fuit
2773 1839 2899 1876 cura
2947 1836 3002 1876 ut
3033 1841 3138 1877 non
3167 1827 3499 1892 ﬂt'trlltt't‘t‘lll.

1940 1906 2016 1960 Ita
2049 1908 2283 1964 faciebat
2315 1910 2532 1975 Paulus,
2563 1912 2834 1965 neminem
2870 1929 3140 1978 premens,
3169 1931 3221 1967 et
3247 1917 3376 1966 nihil
3407 1933 3503 1981 pro

1941 2015 1996 2054 se
2028 2003 2316 2068 accipiens,
2357 2004 2601 2070 quamvis
2629 2005 2784 2058 enixe
2824 2016 3094 2076 satageret
3134 2008 3503 2075 elecmosyuas

277 2092 446 2142 εκίνει
480 2108 540 2142 τε
588 2097 680 2150 καὶ
732 2095 1079 2151 ἀπέστελλεν.
1129 2095 1594 2165 ’Δναγκαζόμενος
1647 2099 1700 2150 δέ
1757 2116 1840 2159 τις

1946 2093 2275 2158 pauperibus
2311 2093 2566 2146 fratribus
2599 2096 2688 2162 qui
2735 2105 2892 2148 erant
2928 2098 2978 2148 in
3022 2095 3314 2149 Jerusalem
3353 2099 3498 2150 colli-

275 2183 462 2238 λαὸεῖν
493 2185 864 2248 άπδπίστεως
909 2188 1001 2241 τοῦ
1030 2189 1286 2253 διδόντος,
1321 2190 1481 2242 πάλιν
1512 2193 1592 2253 είς
1630 2191 1835 2258 πληροο

278 2275 477 2343 φορίαν
503 2275 713 2342 τούτου,
755 2277 894 2343 μετὰ
940 2278 1033 2330 καὶ
1071 2281 1327 2347 γνώσεως
1379 2280 1543 2334 αὐτοῦ
1576 2282 1669 2335 καὶ
1695 2281 1836 2352 είδη-

275 2381 414 2424 σεως
437 2366 504 2419 τὲ
540 2366 676 2434 ὑπὲρ
706 2367 872 2420 αὑτοῦ
901 2373 1145 2434 ποιείτω,
1183 2372 1268 2423 ἵνα
1313 2372 1384 2442 μὴ
1427 2373 1687 2441 διχόνοιαν
1715 2375 1832 2447 ἔχῃ.

275 2453 337 2506 EI
380 2451 473 2508 οῦν
523 2455 724 2524 ἱερεὺς,
765 2457 1088 2526 λαμϐάνετω
1152 2461 1244 2510 καὶ
1301 2461 1461 2522 αὐτὸς
1493 2463 1567 2524 ὡς
1615 2463 1829 2530 ίερεύς’

271 2547 370 2598 καὶ
402 2547 620 2615 ἐτέρους
656 2546 712 2598 δέ
745 2547 1185 2616 προσκαλείσθω,
1229 2551 1320 2601 καὶ
1359 2551 1430 2620 μὴ
1467 2553 1589 2614 τοὺς
1623 2554 1830 2618 φίλους,

271 2640 408 2692 ἀλλὰ
431 2641 554 2700 τοὺς
589 2640 778 2704 ἐνδεῶς
807 2640 1029 2709 ἔχοντας
1078 2643 1298 2709 μᾶλλον,
1326 2646 1419 2694 καὶ
1462 2645 1586 2706 τοὺς
1617 2645 1834 2697 εὐλαϐε-

273 2732 523 2801 στέρους.
557 2733 614 2784 ΕΞ
645 2732 700 2786 δέ
734 2733 896 2802 τυχὸν
929 2733 1166 2801 ἰδιώτης,
1215 2735 1381 2803 μηδὲν
1405 2736 1510 2788 ἀπὸ
1546 2738 1652 2790 τῶν
1676 2739 1835 2807 χάριν

269 2821 628 2890 λειτουργιῶν
695 2823 990 2890 διδομένων
1061 2823 1422 2891 λαμϐανέτωε
1495 2827 1575 2876 ὅτι
1645 2826 1834 2895 ἱερέων

266 2912 467 2978 ταῦτα,
499 2913 590 2964 καὶ
640 2913 846 2981 ἱερεῦσι
895 2913 1214 2981 διανεμέτω.
1266 2915 1396 2965 Ἀπὸ
1430 2915 1485 2967 δὲ
1552 2915 1658 2966 τῶν
1703 2917 1833 2968 διδο-

270 3002 447 3069 μένων
507 3003 702 3074 μοῖραν
757 3001 917 3070 χάριν
982 3001 1163 3064 ἐλέους
1200 3002 1366 3069 ἐχέτω
1413 3002 1504 3054 καὶ
1551 3003 1709 3063 αὐτὸς
1746 3019 1835 3052 κο-

265 3093 412 3144 πιῶν
472 3092 539 3144 τὰ
598 3095 696 3162 τῆς
754 3093 940 3162 χρείας
988 3093 1300 3161 μεταδιδοὺς
1363 3095 1457 3145 καὶ
1517 3095 1627 3156 τοῖς
1665 3094 1833 3162 πένη-

265 3200 372 3237 σιν.

682 3295 852 3366 363
899 3295 1189 3348 raporum
1210 3297 1247 3347 Σ
1278 3297 1398 3350 ων.

1937 2195 2081 2248 gere,
2123 2196 2256 2249 quas
2289 2182 2517 2236 fideliter
2550 2185 2814 2237 mittebat.
2850 2186 2902 2238 Si
2941 2187 3064 2254 quis
3101 2203 3226 2239 vero
3258 2193 3497 2256 compul-

1936 2285 2026 2322 sus
2047 2270 2203 2323 fuerit
2222 2271 2562 2326 aboll'ereute
2587 2274 2726 2327 lialeli
2747 2276 3016 2343 accipere,
3044 2278 3176 2329 nihil
3205 2279 3416 2331 lia-silet
3443 2290 3497 2331 et.

1937 2361 2169 2415 vicissim
2197 2380 2292 2431 pro
2327 2364 2414 2417 tali
2451 2383 2644 2417 munus
2676 2385 2830 2419 suum
2860 2368 3151 2436 adimpleat
3202 2386 3322 2421 cum
3349 2372 3495 2422 ornni

1935 2452 2154 2507 scientia
2188 2467 2237 2508 ct
2268 2457 2572 2514 sedulitate.
2602 2474 2666 2510 ne
2691 2459 2956 2511 dissensio
2981 2462 3206 2512 oriatur.
3270 2461 3323 2511 Si
3379 2461 3497 2513 fue-

1938 2545 2005 2598 rit
2032 2545 2306 2610 sacerdos,
2342 2548 2570 2616 accipiat
2604 2560 2657 2602 et
2716 2549 2826 2616 ipse
2881 2560 2940 2603 ut
2985 2552 3259 2614 sacerdos,
3302 2553 3497 2606 deinde

1936 2635 2070 2688 alios
2104 2646 2381 2701 conrocct,
2411 2653 2516 2691 non
2545 2641 2773 2702 amicos,
2814 2642 2908 2694 sed
2946 2655 3169 2709 egentes
3203 2652 3254 2695 et
3286 2645 3497 2709 sapien-

1940 2725 2120 2777 tiores.
2159 2724 2212 2779 Si
2249 2744 2374 2778 vero
2416 2728 2550 2781 forte
2575 2729 3494 2798 fueritprivatus,uihilohlatorum

1936 2823 2156 2882 propter
2205 2816 2454 2869 sacrificii
2493 2820 2744 2870 meritum
2787 2820 3020 2886 accipiat
3059 2821 3183 2881 sibi,
3214 2823 3337 2889 quia
3381 2823 3493 2875 lucc

1935 2905 2278 2958 sacerdotum
2338 2917 2466 2959 sunt
2513 2926 2524 2960 :
2580 2911 2866 2962 distribuat
2904 2926 3033 2979 ergo
3082 2914 3492 2976 sacerdotibus;

1936 2996 2029 3046 sed
2066 2997 2176 3061 ipse
2205 2996 2384 3050 labore
2417 2999 2634 3051 functus
2667 3011 2874 3065 partem
2917 3003 3106 3054 habeat
3148 3015 3363 3072 propter
3397 3007 3467 3058 mi

1936 3086 2309 3148 sericordiam,
2344 3098 2396 3141 et
2428 3093 2756 3158 pauperibus
2781 3110 2996 3162 quoque
3032 3097 3341 3150 meminerit
3369 3114 3483 3151 cro-

1937 3192 2086 3246 gare.

2416 3291 2745 3358 ΟυΑΞΞΤίΟ
2777 3296 3006 3351 LXXIV.

277 3403 344 3458 '0
396 3406 588 3485 ίερεῖές
631 3407 1007 3485 λειτουργίας
1035 3409 1381 3485 faenero;
1434 3411 1532 3462 καί
1577 3412 1662 3485 μὴ
1709 3415 1827 3485 ,ζει-

1932 3399 2190 3456 Sacerdos
2235 3403 2504 3485 liturgiam
2538 3407 2895 3460 celebrantium
2934 3411 2984 3459 in
3026 3425 3080 3461 se
3119 3413 3402 3477 suscipiens
3443 3417 3489 3466 si

334 3476 618 3543 τουργῶν.
667 3476 722 3528 τι
773 3478 1059 3542 προξενεῖ
1104 3479 1182 3542 τῷ
1236 3478 1498 3544 (Scodra;
1541 3481 1637 3533 καί
1679 3484 1731 3533 εἱ
1763 3483 1829 3534 ἐν

339 3548 526 3610 τούτῳ
563 3545 853 3614 ἐνέχεται.

345 3726 405 3777 Ὀ
452 3725 632 3777 λαϐὼν
687 3725 844 3793 χάριν
896 3727 1260 3794 λειτουργίας,
1316 3729 1410 3781 καὶ
1451 3729 1525 3799 μὴ
1577 3731 1825 3798 ποιήσας,

258 3817 505 3883 ἐνέχεται
534 3815 629 3868 καὶ
654 3815 742 3867 διὰ
770 3816 830 3868 τὸ
869 3817 943 3885 μὴ
974 3817 1220 3886 ποιῆσαι,
1254 3818 1346 3872 καὶ
1384 3819 1473 3870 διὰ
1505 3820 1564 3872 τὸ
1596 3821 1828 3872 ἀποστε-

263 3907 431 3974 ρῆσαι
475 3905 570 3957 τοῦ
623 3905 897 3975 ἁγιασμοῦ
953 3907 1043 3960 τὸν
1092 3909 1550 3977 προσενεγκόντα.
1602 3911 1678 3964 Οὐ
1719 3911 1826 3980 γὰρ

255 3997 603 4063 λειτουργίας
627 3997 896 4064 λαμϐάνει
938 3998 1238 4066 άγιασμὸν,
1274 3999 1389 4052 ἀλλ’
1425 4001 1554 4062 ἴσως
1588 4001 1822 4068 ἐλεημο-

253 4089 425 4154 σύνης
457 4087 671 4152 μισθόν*
698 4089 788 4139 καὶ
812 4088 872 4139 οὐ
895 4087 1166 4152 τοσοῦτον,
1193 4084 1304 4141 οἷον
1323 4091 1369 4140 εί
1388 4090 1584 4142 δέδωκε
1605 4091 1821 4161 πένητι.

249 4179 349 4229 Διδ
380 4181 485 4239 πᾶς
521 4180 547 4229 ὁ
591 4178 769 4230 λαϐὼν
803 4179 1206 4248 λειτουργείτω,
1243 4179 1329 4232 ἵνα
1363 4179 1438 4249 μὴ
1480 4181 1571 4233 καὶ
1597 4181 1669 4242 ὡς
1707 4182 1820 4234 ἀδι-

249 4268 391 4328 κῶν,
433 4269 528 4319 καὶ
565 4267 640 4328 ὡς
672 4267 939 4330 κλέπτων,
981 4270 1074 4319 καὶ
1111 4269 1202 4320 τὸν
1248 4268 1476 4336 ἀδελφὺν
1503 4271 1821 4340 ἀποστερῶν

246 4358 349 4411 τοῦ
372 4357 668 4427 άγιασμοῦ,
703 4359 1065 4427 κατακριθείη
1092 4361 1244 4426 παρά
1275 4359 1431 4412 Θεοῦ.

785 4450 1124 4502 ΕΡΩΤΗΣΙΣ
1165 4449 1285 4502 ΟΙ*2’.

484 4539 630 4590 Ποία
660 4539 943 4604 κρείττων
980 4539 1363 4608 ἐλεημοσύνη
1397 4540 1607 4606 ἐστίν;

337 4623 394 4674 Ὀ
427 4626 746 4693 βουλόμενος
771 4629 946 4680 ποιεῖν
969 4627 1356 4698 ἐλεημοσύνην,
1385 4632 1431 4682 εί
1461 4631 1678 4684 δύναται
1710 4631 1815 4703 πρί,

2009 3489 2121 3550 eum
2148 3489 2269 3550 lnon
2305 3475 2545 3550 celebret.
2580 3479 2716 3550 quid.
2747 3480 2909 3543 prasit
2952 3482 2996 3530 ei
3032 3482 3119 3546 qui
3160 3475 3266 3546 pro
3285 3484 3377 3534 illa
3409 3485 3490 3550 fa-

2006 3543 2191 3593 cienda
2231 3545 2424 3594 donum
2454 3546 2664 3608 obtulit,
2703 3560 2748 3597 et
2784 3564 2906 3598 nam
2931 3552 2997 3598 ad
3027 3543 3174 3600 illam
3201 3543 3491 3606 obeundam

1998 3611 2064 3661 sit
2096 3613 2371 3679 obligatus.

1999 3721 2097 3787 Qui
2129 3724 2337 3790 accepit
2373 3724 2426 3776 in
2466 3726 2693 3793 gratiam
2739 3729 2984 3782 sacriﬁcii
3006 3770 3021 3797 ,
3053 3732 3097 3784 si
3130 3731 3228 3785 hoc
3254 3748 3360 3786 non
3393 3737 3490 3791 ad»

1929 3812 2170 3880 impleat,
2209 3830 2332 3868 vere
2383 3831 2508 3867 reus
2562 3827 2644 3870 est
2675 3821 2818 3885 quod
2851 3836 2958 3872 non
2992 3824 3369 3889 satisfecerit,
3429 3838 3490 3882 et

1927 3905 2071 3975 quod
2105 3905 2424 3960 offerentem
2460 3905 2636 3960 fructu
2668 3918 2720 3960 et
2757 3912 3188 3966 sanctificatione
3230 3916 3484 3972 sacrificii

1926 3995 2240 4064 privaverit.
2275 3995 2388 4048 Non
2438 3997 2581 4049 enim
2614 4000 2864 4052 sacriﬁcii
2904 4004 3156 4056 meritum
3201 4009 3487 4075 suscipiet,

1923 4086 2014 4139 sed
2047 4094 2254 4137 tantum
2279 4086 2506 4153 pretium
2528 4089 2902 4158 eleemosynm,
2928 4094 3100 4146 minus
3120 4105 3297 4148 tamen
3323 4115 3487 4165 quam

1922 4176 1966 4227 si
1992 4177 2209 4242 pauperi
2234 4177 2500 4228 tribuerit.
2528 4181 2703 4240 Quare
2721 4181 2896 4231 turmis
2920 4184 3010 4249 qni
3032 4183 3108 4235 sic
3129 4187 3325 4251 accipit
3345 4190 3486 4242 cele-

1924 4264 2406 4329 bretsacril‘icium,
2433 4282 2496 4318 ne
2522 4268 2908 4321 condermictur
2932 4285 2959 4321 a
2993 4270 3100 4324 Deo
3129 4284 3183 4324 ut
3219 4273 3480 4342 injustus.

1923 4365 1982 4407 ut
2014 4353 2117 4417 fur,
2153 4354 2244 4421 qui
2278 4355 2497 4407 fratrem
2531 4356 2708 4408 fructu
2743 4373 2896 4408 sai-ro
2921 4361 3193 4425 spoliavit.

2407 4444 2729 4508 ρυΑίδτιΟ
2779 4447 2986 4502 LXXV.

2059 4535 2336 4598 Quodnam
2371 4538 2436 4589 sit
2471 4553 2628 4605 genus
2660 4540 2911 4602 Optimum
2955 4541 3314 4612 clcemosyna'.

1989 4623 2089 4688 Qui
2117 4625 2514 4692 eleemosynam
2551 4626 2728 4678 facere
2763 4629 2813 4678 in
2846 4628 3028 4680 animo
3059 4631 3327 4696 habui-rit,
3353 4648 3488 4687 ante

243 4717 470 4769 πάντων
505 4717 646 4785 ὑπὲρ
686 4718 1022 4788 ἐλευθερίας,
1061 4719 1136 4782 ὡς
1169 4721 1400 4790 ἔφημεν,
1441 4723 1663 4776 ποιείτω
1707 4725 1814 4778 τῶν
1847 4727 1852 4780 l

1930 4717 2118 4777 )mnia,
2152 4728 2208 4768 ut
2242 4717 2496 4780 diximus,
2519 4716 2678 4768 faciat
2707 4718 2757 4769 in
2785 4717 3083 4772 libertatem
3117 4723 3475 4789 captivorum,

241 4807 635 4875 αἰχμαλώτων,
675 4810 769 4861 καὶ
818 4810 1050 4877 μάλιστα
1084 4811 1289 4880 νηπίων
1312 4815 1404 4865 καὶ
1447 4815 1648 4866 παίδων
1695 4833 1810 4867 κιν-

239 4898 577 4949 δυνευόντων
603 4899 742 4951 κατὰ
766 4899 944 4969 ψυχήν
963 4918 977 4932 ο
1005 4898 1124 4954 εἶτα
1149 4902 1290 4972 ὑπὲρ
1312 4921 1369 4955 τε
1399 4906 1588 4973 ίερέων
1613 4908 1813 4976 αἰχμά-

240 4986 435 5037 λὼτων
466 4987 560 5038 καὶ
595 4990 842 5058 γηραιῶν
883 4989 976 5041 καὶ
1001 4990 1222 5047 λοιπῶν.
1252 4993 1511 5064 Δεύτερον
1539 4996 1592 5048 δὲ
1621 4997 1809 5050 διδότω

240 5074 502 5128 ἀσθενέσι
532 5077 931 5148 λελωϐημένοις
969 5097 1026 5133 τε
1063 5081 1156 5133 καὶ
1192 5081 1397 5146 λοιποῖς
1422 5087 1531 5146 τοῖς
1562 5089 1652 5138 καὶ
1675 5088 1807 5139 πολ-

239 5167 344 5234 λῆς
378 5166 628 5237 βοηθείας
663 5169 958 5238 δεομένοις.
993 5173 1102 5224 Σὺν
1138 5172 1322 5235 αὐτοῖς
1355 5174 1410 5225 δὲ
1453 5177 1546 5227 καὶ
1585 5179 1695 5238 τοῖς
1729 5178 1814 5232 διὰ

235 5252 378 5304 Θεὸν
419 5255 856 5319 ἐναποκλείστοις
885 5257 995 5309 τῶν
1045 5261 1317 5328 μοναχῶν,
1356 5262 1429 5324 ὡς
1481 5264 1530 5314 οἱ
1575 5265 1814 5332 Πατέρες

236 5343 432 5412 φασὶν,
460 5343 581 5398 ἐπεὶ
601 5344 737 5398 Θεοῦ
763 5347 940 5400 δοῦλοι
979 5341 1144 5413 οῦτοι,
1173 5351 1268 5403 καὶ
1301 5350 1462 5420 ἔργον
1493 5354 1809 5423 ἐνεργοῦσιν

236 5435 515 5501 ἀγγέλων,
549 5439 644 5490 καὶ
673 5437 760 5490 διὰ
790 5439 922 5490 Θεόν
965 5443 1101 5492 εἰσιν
1157 5444 1586 5509 ἐναπόκλειστοι,
1634 5449 1725 5500 καὶ
1759 5448 1813 5499 εί

234 5543 307 5593 γε
337 5525 473 5588 ζῶσι
507 5526 651 5581 κατὰ
673 5528 825 5590 Θεὸν,
871 5531 928 5582 ἐν
965 5533 1147 5593 αὐτοῖς
1178 5535 1348 5586 πᾶσαι
1387 5536 1716 5605 πληροῦνται
1747 5541 1804 5591 at

233 5615 485 5667 ἐντολαί·
513 5615 707 5670 ἔπειτα
738 5621 846 5680 τοῖς
869 5619 927 5672 ἐν
953 5621 1169 5692 φυλακῇ
1202 5625 1296 5676 καὶ
1320 5625 1536 5694 χήραις,
1568 5628 1660 5679 καὶ
1691 5628 1800 5679 λοι-

234 5707 364 5768 ποῖς
395 5707 595 5772 ἄλλοις,
629 5708 704 5778 μὴ
730 5708 846 5772 ἔθος
881 5709 1062 5780 ἔχουσι
1085 5713 1184 5782 τῆς
1213 5716 1386 5777 οίκίας
1411 5716 1644 5780 ἐξελθεῖν
1664 5733 1677 5748 ⁸
1705 5719 1799 5771 καὶ

234 5797 548 5851 τελευταῖον
592 5801 700 5862 τοῖς
739 5799 944 5864 λοιποῖς
986 5799 1155 5853 ἆπασι
1205 5806 1459 5873 πτωχοῖς.
1491 5807 1598 5860 Καὶ
1629 5807 1792 5875 ἡτῶν

1927 4810 2157 4860 maxime
2189 4806 2470 4859 infantium
2496 4821 2550 4860 et
2577 4823 2863 4876 puerorum
2887 4813 2975 4876 qui
3005 4810 3056 4862 in
3082 4815 3317 4876 perirqu
3349 4824 3475 4867 sunt

1922 4912 2017 4967 pro
2041 4899 2216 4950 anima
2243 4915 2257 4960 ;
2293 4898 2487 4952 deinde
2509 4914 2604 4966 pro
2622 4901 2990 4953 sacerdotibus
3007 4903 3250 4970 captivis,
3277 4921 3369 4971 pro
3392 4923 3470 4959 se-

1917 4990 2077 5042 nibus
2110 4998 2162 5042 et
2190 4990 2399 5042 czeteris
2434 4991 2706 5044 omnibus.
2736 4991 2923 5044 l’ostea
2950 4993 3209 5061 iujuriose
3234 4997 3476 5049 tractatis

1915 5081 2200 5149 egentibus
2225 5089 2412 5148 eroget
2440 5090 2493 5132 et
2518 5083 2724 5134 caeteris
2757 5083 2952 5149 quibus
2976 5085 3182 5137 auxilio
3209 5097 3475 5154 przestan~

1915 5171 2032 5226 tiori
2059 5188 2192 5240 opus
2219 5180 2324 5224 est.
2364 5171 2509 5224 Inter
2539 5186 2675 5239 quos
2702 5175 3096 5226 aunumerandi
3125 5186 3325 5229 suntet
3351 5195 3467 5231 Inoo

1912 5264 2069 5318 naclii
2109 5272 2327 5332 propter
2361 5264 2528 5316 Deum
2563 5263 2785 5330 reclusi,
2827 5273 2883 5318 ut
2913 5265 3208 5333 loquuntur
3246 5269 3474 5332 Patres,

1913 5361 2038 5405 sunt
2069 5352 2212 5404 enim
2248 5351 2339 5404 Dei
2373 5353 2534 5414 servi,
2563 5353 2874 5422 angelorum
2901 5356 3157 5422 operibus
3192 5361 3469 5426 occupati,

1913 5443 2267 5496 reclusionem
2319 5453 2536 5511 propter
2571 5442 2736 5497 Deum
2773 5447 3070 5514 eligentes;
3110 5463 3340 5517 cumque
3376 5465 3464 5503 se-

1908 5536 2144 5587 Cuntlum
2183 5534 2346 5588 Deum
2386 5535 2593 5599 vivant,
2635 5538 2685 5589 in
2731 5537 2859 5605 ipsis
2889 5539 3068 5592 omnia
3101 5540 3473 5609 adimplentur

1908 5626 2192 5690 mandata;
2223 5627 2416 5680 deinde
2448 5643 2666 5682 carcere
2689 5629 2920 5683 detentis
2947 5631 3191 5685 etviduis
3224 5633 3470 5687 tribuen-

1907 5715 2033 5768 dum
2065 5725 2114 5768 et
2143 5718 2370 5778 caneris,
2407 5718 2497 5786 qui
2537 5733 2564 5770 a
2590 5705 2765 5772 domo.
2790 5718 3069 5774 discedere
3114 5737 3220 5775 non
3253 5723 3464 5787 solent;

1907 5819 2174 5875 postremo
2206 5809 2420 5864 miseris
2484 5809 2935 5876 quibuscumque.
2986 5811 3183 5867 Curam
3245 5829 3465 5883 quoque
