4158 6440
259 420 363 491 953

1564 411 1662 472 DE
1696 412 2196 473 SACERDOTIO.

3409 417 3516 485 νει

3305 567 3452 580 ε-ῌ-
3462 571 3504 580 ..ε

1545 709 1774 796 ΤΟΥ
1848 708 2227 801 ΑΥΤΟΥ

927 891 1456 1060 ΠΕΡΙ
1530 887 2822 1063 ΙΕΡΩΣΥΝΗΣ

799 1177 1090 1263 ΠΡΟΣ
1165 1173 1429 1263 ΤΙΝΑ
1500 1177 1730 1264 ΤΩΝ
1805 1175 2325 1264 ΕΥΛΑΒΩΝ
2397 1173 2960 1266 ΜΟΝΑΧΩΝ

1361 1340 1560 1394 rem
1605 1338 1974 1392 ΑιΑκοΝιΑΣ
2018 1325 2443 1407 ιιΞιΩΜΕΝοΝ,

479 1453 582 1506 ΕΤΙ
621 1452 735 1508 ΚΑΙ
765 1451 902 1508 ΤΟΥ
932 1453 1319 1509 ΔΡΧΙΕΡΕΩΣ
1345 1457 1453 1509 ΕΙΣ
1480 1455 1619 1508 ΤοΝ
1655 1455 1791 1508 ΤΟΥ

1936 1457 2338 1510 ΕΣΒΥΤΕΡΟΥ
2385 1459 2796 1515 ΤΕΛΟΥΝΤΟΣ
2819 1461 2997 1514 ΤΟΤΕ
3028 1461 3329 1523 ΒΔΘΜΟΝ.

1629 1802 2168 1895 EJUSDEM

1110 2027 1366 2182 DE
1446 2024 2662 2188 SACERDOTIO

731 2294 880 2383 AD
973 2289 1448 2384 PIOBUM
1530 2289 2379 2385 MONACHORUM
2474 2298 3062 2403 QUEMDAM

1218 2473 1437 2529 SACRO
1515 2470 1791 2527 DIACONI

1858 2471 2146 2527 MUNERE
2207 2473 2540 2532 ORNATUM

616 2619 750 2675 NEC
808 2615 943 2674 NON
1007 2618 1095 2673 AB
1152 2617 1479 2674 EPISCOPO
1518 2616 1768 2671 DEINDE
1829 2613 2154 2669 EVECTUM
2199 2616 2290 2670 AD
2356 2617 2645 2674 GRADUM
2703 2603 3154 2679 PRESBYTERI.

346 2920 431 2972 Ἐν
451 2918 670 2988 Χριστῷ
702 2934 796 2988 μοι
848 2920 920 2986 ἀγ
934 2919 1109 2987 απητὶ
1137 2919 1231 2972 καὶ
1251 2920 1587 2989 γνησιώτατε
1622 2922 1830 2989 ἀδελφὲ.

2015 2924 2071 2977 In
2102 2921 2321 2976 Christo
2342 2921 2537 2975 dilecte
2576 2919 2707 2972 mihi
2763 2929 2816 2972 et
2865 2918 3121 2972 ﬁdissime
3152 2919 3340 2981 frater,
3387 2921 3509 2974 om-

261 3014 360 3078 ’τὴν
419 3010 641 3080 ὀφειλὴν
679 3013 776 3077 τῆς
826 3011 1046 3079 ἀγάπης
1097 3011 1233 3063 πᾶσι
1283 3015 1422 3066 κατὰ
1471 3014 1568 3082 τὴν
1615 3017 1835 3080 ἐντολὴν

259 3103 592 3170 ὀφείλοντες,
655 3101 834 3170 πολλῷ
888 3102 1090 3171 μάλλον
1121 3103 1327 3174 ταύτην
1369 3105 1660 3173 ὀφείλομεν
1726 3109 1836 3167 τοῖς

261 3197 507 3262 γνησίοις
544 3198 634 3258 καὶ
666 3183 782 3255 τοῖς
809 3193 1076 3261 φιλοῦσιν.
1137 3193 1199 3247 Ei
1255 3196 1364 3265 γάρ
1409 3198 1501 3250 καὶ
1546 3197 1760 3267 ἀμερὴς
1805 3202 1834 3268 ἡ

267 3288 405 3338 κατὰ
436 3285 566 3337 Θεὸν
588 3287 777 3352 ἀγάπη
813 3286 905 3338 καὶ
943 3285 1112 3354 ἁπλῆ,
1156 3287 1252 3338 καὶ
1287 3286 1590 3349 ἀποίκιλος,
1625 3288 1719 3339 καὶ
1740 3291 1838 3341 πάι

265 3395 350 3428 σιν
385 3378 510 3438 ἴσως
539 3377 863 3445 ὀφειλομένη
887 3379 1030 3429 κατὰ
1056 3379 1148 3428 τὸν
1183 3378 1387 3431 τέλειον
1416 3379 1594 3444 λόγον,
1643 3380 1758 3432 ἀλλ’
1802 3385 1832 3448 ἡ

260 3469 588 3536 αὑτοαγάττη
619 3470 713 3520 καὶ
740 3470 1150 3538 αὑτοτελειὸτης
1182 3469 1414 3538 Ἰησοῦς,
1440 3471 1634 3523 ἑαυτὸν
1659 3471 1835 3533 διδοὺς

264 3561 453 3621 πᾶσιν,
487 3558 633 3626 ὅμως
665 3560 804 3612 κατὰ
850 3560 948 3626 τὴν
975 3561 1200 3627 γνώμην
1235 3562 1469 3613 ἑκάστου
1505 3561 1836 3632 φανεροῦται

259 3654 373 3713 τοῖς
406 3651 768 3720 βουλομένοις,
803 3649 876 3712 ὡς
925 3653 1014 3702 καὶ
1041 3654 1100 3702 τὸ
1131 3653 1244 3718 φῶς
1287 3653 1543 3720 αὐγάζων
1576 3654 1705 3718 ἴσως
1732 3656 1836 3707 πᾶα

262 3763 348 3795 σιν
378 3748 403 3796 ὀ
429 3744 596 3812 ἣλιος,
631 3746 772 3795 κατὰ
802 3744 861 3794 τὸ
903 3742 1078 3795 θέλειν
1104 3746 1236 3812 ὁρᾷν
1273 3746 1366 3797 καὶ
1395 3746 1454 3796 τὸ
1483 3745 1708 3799 δυνατὸν
1735 3747 1836 3816 τῆς

257 3838 523 3903 ὁράσεως,
552 3837 850 3904 καθορᾶται
874 3837 1115 3904 ἑκάστῳ.
1149 3837 1312 3889 ’Ὅθεν
1337 3840 1428 3890 καί
1458 3856 1620 3909 φησιν
1674 3841 1836 3903 αὑτδς

259 3930 290 3978 ὁ
322 3929 552 3996 Σωτήρ·
613 3947 631 3979 ι
685 3930 827 3995 Ἐγὼ
875 3930 999 3988 τους
1049 3929 1148 3997 ἐμὲ
1201 3930 1490 3996 φιλοῦντας
1548 3933 1767 3998 ἀγαπῶ·
1814 3953 1831 3983 ι

256 4021 358 4088 οὐχ
395 4023 476 4071 ὅτι
513 4023 664 4082 τινάς
721 4021 819 4089 μὲν
869 4021 1034 4088 φιλεῖ,
1082 4019 1232 4082 τινάς
1287 4022 1343 4072 δὲ
1402 4023 1463 4075 οὐ
1505 4023 1668 4091 φιλεῖ,
1718 4026 1833 4078 ἁλλ’

256 4113 450 4174 ἁπλῶς
486 4114 690 4174 πάντας
733 4124 806 4174 ως
835 4114 1160 4183 αὑτοαγάπη
1191 4113 1286 4176 ὢν,
1318 4115 1546 4180 ἀγαπῶν
1594 4117 1720 4180 τοὺς
1760 4121 1834 4186 μὴ

258 4203 621 4271 βουλομένους
651 4203 812 4254 αὑτὸν
833 4204 1053 4270 ἀγαπᾷν
1068 4204 1162 4254 καὶ
1180 4205 1626 4273 μακρυνομένους
1647 4207 1830 4270 αὑτοῦ,

1939 3014 2080 3068 cium
2116 3011 2398 3065 charitatis
2466 3019 2662 3063 nostra:
2706 3010 2855 3077 juxta
2887 3010 3199 3062 mandatum
3258 3010 3510 3062 omnibus

1938 3105 2220 3168 debentes,
2254 3102 2424 3156 multo
2448 3103 2619 3168 magis
2651 3101 2793 3152 illam
2855 3100 3098 3169 ingenuis
3147 3107 3201 3152 et
3234 3100 3508 3168 diligenti-

1939 3196 2038 3249 bus
2067 3195 2348 3249 debemus.
2392 3191 2500 3245 Etsi
2541 3190 2684 3243 enim
2730 3206 2849 3259 quas
2896 3191 3190 3244 secundum
3230 3188 3396 3244 Deum
3428 3201 3511 3244 est

1937 3287 2174 3341 charitas
2237 3284 2489 3348 indivisa,
2520 3281 2748 3350 simplex
2773 3290 2825 3335 et
2857 3281 3140 3334 uniformis
3161 3284 3251 3345 sit,
3279 3292 3332 3335 et
3367 3281 3508 3336 illam

1937 3378 2192 3431 omnibus
2225 3376 2525 3430 debeamus
2573 3373 2872 3427 secundum
2920 3375 3050 3444 legis
3094 3373 3506 3444 perfectionem,

1939 3471 2003 3522 ad
2030 3469 2200 3522 instar
2228 3465 2611 3528 DominiJesu,
2645 3465 2734 3532 qui
2767 3473 2851 3518 est
2892 3467 3005 3534 ipsa
3037 3465 3279 3519 Charitas
3315 3475 3370 3518 et
3395 3467 3508 3534 ipsa

1941 3560 2200 3630 perfectio
2229 3571 2284 3613 et
2311 3573 2432 3612 sese
2460 3573 2556 3626 pro
2581 3558 2835 3609 omnibus
2869 3557 3040 3620 dedit,
3063 3556 3156 3609 sed
3198 3567 3374 3610 tamen
3404 3557 3508 3610 illis

1939 3653 2030 3722 qui
2055 3667 2178 3704 eum
2216 3652 2526 3704 desiderant
2571 3649 2877 3702 declaratur
2905 3649 3204 3702 secundum
3253 3651 3510 3703 intentio-

1940 3757 2062 3795 nem
2100 3741 2386 3808 cujusque.
2417 3739 2489 3792 Ita
2522 3749 2575 3792 et
2605 3739 2786 3792 lumen
2814 3738 2864 3790 in
2902 3739 3016 3792 sole
3042 3738 3232 3791 lucens
3256 3739 3513 3792 similiter

1939 3834 2212 3896 omnibus,
2248 3832 2314 3883 ab
2373 3844 2695 3898 unotu0que
2729 3830 2967 3883 cernitur
2994 3830 3144 3896 juxta
3172 3831 3505 3882 voluntatem

1939 3924 2160 3976 videndi
2194 3931 2247 3975 ct
2279 3921 2504 3976 visionis
2562 3922 2884 3990 potentiam.
2937 3922 3092 3976 Unde
3133 3930 3188 3975 ct
3235 3921 3365 3974 dicit
3392 3923 3506 3989 ipse

1939 4015 2186 4070 Salvator
2244 4031 2258 4067 :
2326 4033 2343 4064 ι
2379 4015 2490 4082 Ego
2531 4014 2816 4083 diligentes
2866 4030 2950 4068 me
3003 4014 3166 4082 diligo
3197 4014 3213 4043 ί
3246 4031 3259 4065 :
3298 4033 3316 4063 ι
3393 4031 3502 4066 non

1939 4109 2081 4175 quod
2138 4108 2349 4174 aliquos
2406 4108 2622 4175 quidem
2679 4106 2866 4175 diligat
2927 4121 2980 4158 et
3062 4107 3322 4175 quosdam
3379 4107 3506 4158 odio

1943 4201 2175 4263 habeat;
2231 4200 2325 4253 sed
2392 4215 2515 4252 cum
2567 4199 2637 4251 sit
2687 4199 2923 4251 Charitas
2975 4197 3111 4264 ipsa,
3147 4212 3335 4250 omnes
3387 4198 3504 4250 dili-

252 4297 318 4346 οὐ
348 4294 680 4363 τυραννικῶς
707 4295 1024 4362 ἀναγκάζει.
1059 4296 1169 4347 Καὶ
1198 4298 1304 4364 γάρ
1339 4297 1438 4348 οὐκ
1489 4299 1700 4365 ἀναιρεῖ
1734 4298 1830 4364 τὴν

1941 4294 2035 4362 git,
2093 4301 2148 4346 et
2198 4308 2292 4345 eos
2340 4291 2432 4361 qui
2502 4306 2625 4343 cum
2705 4291 2898 4342 nolunt
2963 4304 3146 4342 amare
3201 4301 3254 4341 et
3307 4289 3396 4357 qui
3446 4306 3502 4342 sc

253 4386 601 4451 προαιρεσιν,
635 4383 822 4452 ὥσπερ
857 4386 949 4437 καὶ
981 4388 1089 4447 τοῖς
1125 4386 1371 4455 φιλοῦσιν
1404 4388 1565 4439 αὐτὸν
1595 4388 1687 4439 καὶ
1739 4391 1829 4455 ἐγ-

253 4477 431 4541 γίζειν
471 4477 821 4528 ἐπιποθοῦσιν
851 4478 1040 4529 ἑαυτὸν
1073 4479 1193 4530 ὅλον
1216 4479 1464 4548 παρέχει,
1489 4480 1582 4530 καὶ
1612 4480 1678 4530 τὰ
1731 4479 1828 4544 τῆς

253 4572 479 4636 ἀγάπης
509 4568 915 4638 αὑτοαγαθότης
944 4567 1020 4621 ὢν
1049 4569 1409 4624 ἐπιδείκνυσι.
1452 4572 1562 4624 Καὶ
1599 4573 1626 4622 ὁ
1675 4572 1830 4624 Ἀπό-

255 4662 444 4722 στολος
468 4661 521 4712 δὲ
540 4662 649 4721 τοῖς
671 4661 892 4721 οἰκείοις
916 4660 1023 4730 πρὸ
1044 4661 1262 4714 πάντων
1279 4662 1377 4730 τὴν
1391 4664 1649 4731 πρόνοιαν
1669 4680 1831 4732 χορη-

252 4755 376 4819 γεῖν
403 4751 704 4818 ἐπιτρέπει,
723 4751 848 4811 τοὺς
869 4751 1099 4812 οἰκείους
1124 4751 1299 4818 λέγων
1315 4755 1378 4821 τῇ
1398 4754 1713 4808 πίστει.Καὶ
1736 4755 1832 4804 αὐ·

249 4845 348 4905 τὸς
371 4843 544 4894 τοίνυν
563 4841 610 4893 εἰ
631 4844 721 4894 καὶ
743 4841 851 4893 τῶν
869 4840 1167 4909 ἐλαχίστων
1197 4841 1603 4910 ὲλαχιστότατος
1629 4847 1829 4913 τυγχά-

249 4952 367 4986 νων
391 4935 530 5002 elui,
561 4934 746 4995 πιστὸς
766 4931 809 4983 δ’
836 4933 982 4999 ὅμως
1015 4931 1250 5000 Χριστοῦ
1286 4935 1343 4986 ὲν
1361 4933 1508 5001 αὑτῷ
1538 4937 1605 5004 τῇ
1639 4936 1826 4987 τούτου

255 5043 324 5079 τε
352 5025 635 5094 ἀντιλήψει
670 5025 847 5093 ἱερεὺς
887 5026 982 5076 καὶ
1003 5022 1186 5086 δοῦλος
1226 5024 1417 5088 αὑτοῦ,
1449 5027 1590 5078 κατὰ
1620 5028 1680 5077 τὸ
1711 5028 1826 5078 ὲνδν

251 5118 409 5187 ἐμοὶ,
437 5117 681 5183 ἀνάγκην
711 5115 820 5185 ἔχω
850 5115 959 5166 τῶν
1009 5114 1238 5168 ἐντολῶν
1275 5115 1440 5168 αὐτοῦ
1493 5118 1825 5186 μεμνῆσθαι,

256 5207 484 5276 καὶτῆς
526 5205 620 5257 τοῦ
652 5205 948 5272 κεφαλαίου
1002 5205 1189 5256 πασῶν
1229 5206 1430 5275 μᾶλλον
1485 5209 1705 5276 ἀγάπης
1753 5209 1827 5272 ὡς

259 5301 514 5368 ἐφικτὸν,
547 5300 632 5350 ἵνα
663 5299 803 5350 κατὰ
826 5300 916 5349 τὸν
945 5299 1304 5367 ἠγαπημένον
1356 5301 1502 5368 αὐτῷ
1559 5302 1828 5370 μαθητὴν,

251 5395 353 5443 καὶ
421 5389 650 5458 Χριστὸς
700 5388 860 5450 αὐτὸς
909 5388 1220 5456 διὰταύτης
1251 5391 1452 5460 μικράν
1482 5409 1600 5442 τινα
1646 5391 1830 5460 χώραν

251 5486 318 5536 ὲν
357 5483 478 5546 ἐμοὶ
526 5483 621 5535 καὶ
650 5479 814 5550 μονὴν
849 5480 986 5548 ἔχων
1025 5481 1245 5550 εὑρεθῇ.
1287 5499 1305 5531 ι
1361 5483 1418 5534 Ὀ
1465 5483 1641 5550 μένων
1696 5486 1827 5552 γὰρ,

252 5577 445 5642 φησιν,
470 5574 525 5623 ὲν
556 5575 619 5640 τῇ
654 5572 862 5641 ἀγάπῃ,
895 5574 951 5624 ἑν
982 5572 1058 5641 τῷ
1112 5575 1230 5644 Θεῴ
1285 5575 1456 5642 μένει,
1512 5578 1599 5628 καὶ
1627 5580 1653 5629 ὁ
1695 5579 1824 5640 Θεὸς

252 5669 320 5716 ἐν
351 5665 518 5732 αὐτῷ.
566 5683 583 5714 ι
617 5664 815 5716 Λοιπὸν
862 5666 953 5717 καὶ
987 5667 1148 5728 αὐτὸς
1204 5669 1408 5737 ταύτην
1442 5672 1624 5739 τηρεῖν
1673 5670 1822 5737 ὀφεί-

347 5845 362 5875 ¹
386 5845 544 5902 Prov.
580 5863 699 5914 vni,
748 5847 832 5902 l7.

1934 4393 2188 4437 avertunt
2224 4386 2374 4435 abeo
2420 4397 2528 4434 non
2578 4381 2856 4450 tyrannice
2913 4381 3086 4450 cogit;
3145 4381 3345 4432 etenim
3395 4395 3500 4432 non

1933 4476 2108 4528 aulert
2139 4475 2444 4538 arbitrium,
2479 4474 2568 4524 sed
2597 4481 2756 4541 prout
2786 4472 3014 4540 diligunt
3040 4472 3186 4524 illum
3210 4479 3263 4523 et
3281 4472 3346 4522 ad
3377 4486 3498 4523 eum

1930 4567 2187 4620 accedere
2219 4566 2461 4627 student,
2501 4580 2558 4617 se
2590 4575 2758 4618 totum
2805 4565 2965 4617 tradit
2997 4574 3051 4617 et
3081 4564 3265 4628 donat,
3299 4572 3494 4617 etcum

1932 4659 2001 4712 sit
2043 4659 2408 4726 bonitasipsa,
2433 4656 2632 4709 amoris
2673 4657 2978 4709 testimonia
3014 4656 3232 4724 praebet.
3270 4657 3331 4709 lit
3355 4656 3496 4721 Apo-

1931 4751 2104 4804 stolus
2133 4749 2445 4803 domesticis
2468 4757 2592 4801 ante
2609 4763 2798 4800 omnes
2819 4748 3036 4801 mandat
3066 4763 3188 4801 esse
3212 4747 3498 4815 providen-

1931 4841 2081 4906 dum,
2137 4841 2463 4894 domesticos
2519 4854 2716 4892 vocans
2771 4839 3015 4906 ejusdem
3067 4839 3187 4891 ﬁdei
3244 4838 3492 4892 famulos.

1933 4932 2045 5001 Ego
2076 4931 2264 5000 igitur,
2290 4931 2539 4999 quamvis
2580 4931 2716 4984 forte
2743 4931 2998 4984 minimus
3031 4930 3133 4983 sim
3171 4931 3309 4982 inter
3340 4930 3501 4981 ruini-

1935 5041 2074 5087 mos,
2109 5025 2279 5078 ﬁdelis
2325 5034 2503 5077 tamen
2555 5039 2670 5076 sum
2707 5021 2927 5086 Christi,
2967 5024 3020 5074 in
3067 5023 3184 5091 ipsa
3231 5021 3347 5087 ejus
3376 5037 3493 5074 sus-

1934 5123 2180 5189 ceptione
2213 5131 2266 5172 et
2320 5119 2522 5172 auxilio
2562 5118 2816 5172 sacerdos
2857 5119 2977 5186 ejus
3010 5126 3064 5171 et
3089 5133 3298 5180 servus,
3327 5132 3498 5185 quan-

1933 5223 2045 5266 tum
2078 5212 2132 5265 in
2171 5225 2256 5264 me
2283 5221 2386 5275 est,
2425 5225 2652 5263 nect'sse
2684 5210 2855 5262 habeo
2909 5209 3223 5262 meminisse
3273 5209 3494 5260 matula-

1936 5315 2110 5358 torum
2140 5304 2276 5372 ejus,
2307 5303 2539 5355 maxime
2589 5301 2891 5362 charitatis,
2926 5313 3044 5368 qua:
3072 5298 3309 5352 omnium
3335 5307 3498 5364 caput

1938 5407 2039 5460 est,
2065 5411 2162 5464 pro
2186 5395 2392 5449 viribus
2420 5393 2574 5455 meis,
2604 5402 2662 5445 ut
2685 5393 2978 5445 secundum
3024 5389 3343 5456 discipulum
3391 5388 3493 5456 ipsi

1934 5487 2464 5551 dilecttiiii,tlhristtis
2485 5485 2537 5537 in
2558 5500 2643 5538 me
2661 5484 2772 5552 ipse
2787 5482 2931 5536 solus
2947 5496 3165 5550 parvam
3185 5479 3495 5532 inveniatur

1934 5583 2143 5635 habens
2177 5577 2466 5646 quaindam
2501 5579 2834 5630 mansionem
2858 5588 2873 5638 ;
2901 5571 3491 5653 diull'ellitllJOﬂﬂltCli

1938 5693 1955 5723 ι
2001 5671 2100 5737 Qui
2137 5679 2317 5724 manet
2359 5672 2410 5724 in
2444 5669 2701 5722 charitutc
2733 5667 2785 5719 in
2818 5665 2925 5719 Deo
2954 5672 3155 5728 manet,
3178 5671 3228 5716 et
3271 5659 3497 5726 Deusjn
