4158 6440
645 388 751 451 959

1474 384 1476 390 “
1502 376 1879 442 SYMEONIS
1909 372 2659 437 THESSALONICENSIS
2693 368 3041 432 ARCUIEP.

3816 354 3922 418 960

721 501 828 556 Nos
844 514 991 568 ergo,
1014 495 1353 559 citarissime,
1385 493 1545 563 ltujos
1568 491 1742 546 meriti
1775 487 2064 560 participes
2096 479 2220 540 esse
2253 531 2257 546 ι

2396 487 2616 542 Τούτων
2649 484 2746 554 τῆς
2775 484 2931 548 ἀξίας
2966 480 3056 536 καὶ
3105 480 3266 552 ἡμεῖς
3325 477 3595 539 κοινωνοῖ,
3627 476 3921 543 ἁγατητέ,

649 594 956 662 cupientes,
1018 596 1282 659 quantum
1337 588 1676 656 poterimus,
1735 581 2013 637 enitemur
2063 580 2227 633 vitam

654 699 841 754 regere
888 693 941 739 et
987 683 1290 736 reformare
1323 681 1388 735 ad
1431 693 1623 733 eorum
1666 674 1975 746 exemplum
2011 682 2066 727 et
2101 688 2231 726 nor-

653 793 819 830 mam.
855 775 966 829 lloc
998 791 1139 843 opus
1191 788 1296 828 non
1343 772 1519 826 solum
1577 785 1687 824 non
1723 777 1807 823 est
1857 774 2104 821 nostrum
2139 761 2231 830 qui

655 881 845 920 sman
881 866 1072 919 tantuli
1115 865 1259 918 inter
1310 864 1590 924 minimos,
1645 873 1749 913 nec
1780 864 2123 920 consequens
2167 864 2231 901 ex

653 971 845 1014 nostro
877 959 1094 1022 merito,
1124 957 1217 1010 sed
1237 957 1398 1010 etiam
1431 967 1610 1022 neque
1641 960 1721 1004 est
1745 963 1882 1016 opus
1910 960 2100 1001 eorum
2129 941 2224 1012 qui

651 1062 778 1106 sunt
799 1067 961 1122 quam
995 1049 1233 1116 maximje
1253 1048 1372 1118 puri
1409 1057 1463 1101 et
1490 1045 1582 1113 qui
1600 1041 1898 1096 secundum
1919 1037 2140 1105 angelos
2162 1034 2237 1086 vi-

651 1151 812 1204 vunt,
842 1140 936 1196 Sed
965 1154 1145 1214 neque:
1160 1152 1298 1207 opus
1315 1146 1400 1190 est
1426 1135 1664 1203 ipsorum
1685 1129 2024 1199 angelorum.
2055 1125 2240 1180 Solius

651 1235 848 1287 divina!
881 1242 962 1285 est
1001 1247 1134 1298 opus
1175 1219 1409 1280 natura!
1445 1223 1796 1295 producentis
1831 1219 2092 1275 ex'nihilo
2122 1233 2241 1285 quae

655 1336 783 1380 sunt
812 1335 865 1379 et
898 1339 1001 1379 non
1031 1318 1439 1388 fueruntprius,
1471 1335 1592 1386 qua:
1621 1317 1804 1372 omnia
1841 1321 2149 1370 conservat.
2187 1324 2243 1370 et

661 1432 778 1485 qua:
814 1423 993 1482 potest
1054 1428 1150 1481 pro
1183 1411 1480 1466 voluntatis
1516 1419 1649 1463 nutu
1711 1423 1772 1461 ea
1817 1414 2048 1460 mutare.
2076 1400 2239 1468 .Quod

658 1510 780 1562 inde
820 1516 987 1575 patet.
1057 1504 1170 1559 Soli
1219 1504 1359 1557 inter
1405 1517 1492 1556 res
1537 1509 1746 1555 creatas
1793 1497 2239 1552 reformationem

656 1609 1043 1671 exspectamus
1065 1612 1170 1665 qua
1197 1596 1526 1664 indigemus,
1546 1592 1749 1645 misere
1775 1588 2008 1644 triturati
2030 1596 2083 1640 et
2112 1584 2238 1656 pul-

657 1690 986 1748 chritudinis
1010 1687 1252 1757 pristime
1269 1671 1533 1753 iacturam
1566 1682 1710 1751 passi
1733 1696 1838 1734 non
1864 1676 2134 1732 audiendo
2153 1688 2250 1727 vo-

660 1801 777 1841 cem
797 1785 886 1837 Dei
907 1780 1121 1844 aeterni,
1142 1776 1484 1841 immortalis,
1507 1772 1838 1842 immaculati
1858 1778 1913 1825 ct
1931 1767 2243 1824 immutabio

659 1883 748 1946 lis;
770 1880 1102 1934 bonoautem
1117 1889 1179 1929 ex
1198 1869 1368 1924 nihilo
1391 1879 1572 1924 creato
1589 1865 1911 1929 servientes;
1936 1859 2240 1915 voluntarie

659 1975 900 2043 corrupti
969 1989 1033 2028 ex
1089 1987 1176 2036 eo,
1213 1970 1394 2025 divina
1453 1961 1859 2019 immortalitate
1904 1956 2142 2024 spoliati,
2186 1963 2241 2007 et

661 2069 1004 2138 separatione
1032 2075 1086 2120 et
1125 2063 1446 2118 alienatione
1464 2059 1530 2111 ab
1559 2052 1953 2111 immortalibus
1983 2047 2240 2102 mortales

661 2163 810 2225 facti,
847 2162 899 2214 in
933 2169 1135 2214 tantam
1182 2155 1369 2226 gratiae
1422 2149 1803 2206 necessitatem
1862 2143 2156 2199 incidimus
2185 2147 2241 2196 et

662 2253 951 2326 penuriam
1001 2251 1212 2304 auxilii.
1266 2247 1374 2301 Etsi
1417 2245 1562 2299 enim
1604 2249 1847 2311 apostata
1884 2238 1985 2292 sibi
2027 2235 2130 2305 ipsi
2159 2233 2240 2288 vi-

664 2361 802 2401 vens
850 2354 902 2399 et
939 2352 1094 2400 stans
1139 2341 1410 2401 videatur,
1467 2345 1646 2389 tamen
1692 2332 1935 2402 privatur
1968 2343 2095 2383 vera
2145 2325 2238 2382 Dei

662 2441 795 2505 vita,
836 2439 1070 2507 pessima
1123 2432 1422 2487 mutatione
1471 2436 1662 2497 sponte
1707 2440 1804 2479 sua
1861 2434 2136 2486 mutatus;
2186 2428 2241 2474 et

666 2535 765 2587 liae
790 2532 904 2599 ipsa
957 2525 1310 2597 persuasione
1354 2519 1701 2576 adversarius
1742 2514 2092 2570 constituitur
2139 2511 2240 2565 Do-

664 2624 797 2678 mini
831 2622 922 2692 qui
957 2620 1085 2674 fecit
1114 2618 1260 2671 illum
1296 2624 1350 2669 et
1381 2624 1664 2682 promerea
1694 2609 1794 2662 sibi
1843 2607 1945 2676 ipsi
1985 2616 2038 2660 et
2083 2604 2240 2658 nobis

664 2732 801 2787 quos
835 2713 1036 2782 perfide
1066 2711 1314 2766 alliciens
1351 2707 1414 2759 ad
1439 2704 1794 2759 imitationem
1829 2699 1913 2753 sui
1950 2697 2238 2766 persuasit,

665 2825 824 2862 causa
853 2804 1175 2874 perditionis
1205 2801 1324 2854 fuit.
1357 2799 1459 2853 Sed
1489 2799 1578 2850 ille.
1609 2795 1805 2849 mansit
1839 2799 2103 2859 apostata,
2143 2805 2243 2842 nec

665 2901 923 2956 malitiam
958 2895 1232 2959 deseruit;
1259 2907 1358 2945 nos
1391 2904 1515 2942 vero
1535 2898 1589 2941 et
1614 2895 1728 2956 post
1753 2891 2031 2952 peccatum
2064 2881 2240 2934 locum

646 2991 961 3046 'liabuimus
1012 2987 1078 3040 ad
1114 2986 1276 3040 vitam
1321 2979 1642 3039 remeandi,
1691 2976 1934 3030 bonitate
1975 2974 2096 3040 ejus
2147 2970 2240 3039 qui

667 3086 792 3140 fecit
849 3097 966 3136 nos.
997 3079 1091 3133 Ille
1141 3077 1286 3132 enim
1342 3089 1449 3126 non
1508 3070 1812 3125 illusionem
1862 3077 2242 3133 quamcunque

2336 581 2456 650 θείᾳ
2497 578 2680 647 χάριτι
2730 577 3036 644 γεγονότες,
3067 572 3144 637 ὡς
3189 572 3420 639 δύναμις
3469 567 3807 636 ἐξακριϐοῦν
3835 566 3927 620 τδν

2336 672 2450 741 βίον
2509 672 2603 724 καὶ
2645 667 2947 722 διευθύνειν
2998 664 3119 721 κατ’
3183 664 3429 726 ἐκείνους
3492 659 3923 729 σπουδάσωμσν.

2336 767 2504 820 Τοῦτο
2544 765 2605 818 τὸ
2643 765 2803 834 ἔργον
2831 763 2930 830 οὔχ
2957 762 3105 823 ὃπως
3148 759 3258 811 τῶν
3296 757 3596 827 ἐλαχίστων
3629 757 3659 823 ἡ
3671 754 3797 824 μῶν
3825 753 3928 808 οὐκ

2337 858 2483 910 ἔστιν
2543 855 2703 926 ἐργον
2765 855 2925 920 ἀξίας
2971 853 3072 922 τῆς
3126 850 3402 922 ἡμετέρας
3457 849 3778 911 ἀκόλουθον,
3809 845 3928 898 ἀλλ’

2337 951 2460 1003 οὐδὲ
2511 917 2632 1017 τῆξ
2661 948 2772 1002 τῶν
2814 917 3484 1018 -άκρως-κεκάθαρμένων
3533 941 3788 1000 ἐκείνων,
3835 917 3950 993 καῖ’

2339 1043 2448 1094 τῶν
2492 1041 2612 1094 κατ’
2653 1038 2922 1110 ἀγγέλους
2972 1035 3069 1091 καὶ
3113 1034 3365 1104 ἀγγέλων
3411 1033 3614 1108 αύτῶν.
3649 1033 3844 1097 Μόνης
3872 1029 3928 1082 ἃ

2339 1137 2439 1204 τῆς
2496 1134 2644 1197 θείας
2710 1131 2868 1186 τοῦτο
2922 1131 3184 1202 τυγχάνει
3241 1126 3457 1197 φύσεως
3509 1125 3696 1196 ἔργον,
3729 1124 3829 1191 τῆς
3862 1123 3929 1175 τά

2341 1228 2468 1281 ὄντα
2523 1222 2958 1296 παραγαγούσης
2995 1220 3070 1289 μὴ
3124 1220 3256 1273 δντα
3304 1218 3591 1286 πρότερον.
3634 1216 3732 1267 καὶ
3768 1211 3931 1272 αὖθις

2346 1317 2786 1388 συγκρατούσης,
2823 1317 2916 1368 καὶ
2973 1311 3225 1375 ἀλλοιοῦν
3280 1309 3589 1379 δυναμένης
3620 1310 3696 1370 ὡς
3734 1308 3930 1378 βούλεο

2343 1428 2454 1464 ται.
2489 1408 2601 1462 Καὶ
2659 1407 2819 1476 δῆλον
2873 1403 3148 1457 ἐντεῦθεν.
3185 1401 3341 1454 Ἐπεὶ
3387 1401 3496 1470 γάρ
3554 1401 3720 1469 ἡμεῖς
3775 1398 3934 1464 μόνοι

2345 1503 2453 1554 τῶν
2490 1497 2790 1568 γεγονότων
2817 1495 3075 1550 ἁπάντων
3113 1495 3216 1558 τῆς
3251 1491 3703 1562 ἀναμορφώσεως
3761 1489 3934 1558 ἐχρῄο

2348 1590 2536 1660 ζομεν.
2569 1586 2948 1658 συντριϐέντες
2997 1584 3199 1648 ἀθλίως
3237 1585 3333 1637 καὶ
3386 1583 3446 1635 τὸ
3482 1580 3675 1651 πρῴην
3731 1580 3935 1633 ἀπολέ-

2352 1699 2543 1745 σαντες
2587 1679 2782 1743 κάλλος
2807 1679 2903 1732 τοῦ
2933 1679 3018 1732 ἀεὶ
3053 1675 3153 1746 μὲν
3184 1675 3336 1737 δντος
3373 1675 3468 1727 καὶ
3523 1673 3804 1727 ἀθανάτου
3841 1672 3938 1722 καὶ

2352 1777 2634 1846 ἀφθάρτου
2684 1775 2778 1827 καὶ
2830 1770 3195 1827 ἀναλλοιώτου
3258 1769 3396 1822 Θεοῦ
3451 1767 3936 1835 παρακούσαντες,

2347 1869 2758 1930 ὑπακούσαντες
2788 1865 2844 1918 δὲ
2875 1863 2971 1918 τοῦ
2996 1866 3059 1917 ἐκ
3100 1864 3175 1932 μὴ
3210 1862 3364 1924 ϐντος
3386 1860 3671 1928 γεγονότος
3699 1854 3935 1923 ἀγαθοῦ,

2347 1967 2440 2020 καὶ
2474 1961 2927 2032 παραφθαρέντος
2986 1957 3270 2021 ἑκουσίως,
3326 1957 3421 2007 καὶ
3468 1955 3566 2022 τὴν
3623 1950 3938 2003 ἀθανασίαν

2346 2056 2752 2119 ἀπολωλεκότος
2819 2053 2916 2122 τὴν
2971 2051 3145 2110 θείαν.
3178 2046 3375 2116 θνητοῦ
3432 2063 3492 2098 τε
3550 2041 3939 2101 καταστάντος

2346 2153 2412 2219 τῇ
2466 2149 2746 2202 διαστάσει
2794 2144 2889 2198 τοῦ
2948 2143 3241 2205 ἀθανάτου,
3279 2142 3360 2203 είς
3411 2139 3511 2206 τὴν
3566 2135 3762 2207 χρείαν
3833 2133 3937 2198 τῆς

2348 2243 2570 2314 χάριτος
2595 2240 2798 2308 ταύτης
2829 2237 3090 2308 ἤλθομεν.
3127 2235 3188 2289 El
3216 2235 3325 2302 γὰρ
3358 2234 3450 2284 καλ
3482 2230 3593 2294 ζῶν
3616 2228 3715 2280 καὶ
3757 2227 3936 2293 μένων

2347 2341 2375 2392 ὁ
2413 2336 2724 2403 ἀποστάτης
2751 2334 2922 2394 δοκεῖ,
2953 2331 3087 2384 ἀλλὰ
3119 2330 3216 2398 τῆς
3254 2327 3488 2390 ἀληθοῦς
3520 2324 3666 2392 ζωῆς
3693 2323 3803 2388 τῆς
3832 2321 3935 2374 τοῦ

2349 2430 2483 2483 Θεοῦ
2515 2428 2905 2496 ἀπεστέρηται,
2940 2423 3253 2483 άλλοιωθεὶς
3283 2419 3588 2479 αύτοθελῶς
3618 2417 3718 2486 τὴν
3765 2433 3936 2467 ποντ-

2353 2522 2452 2592 ράν
2488 2519 2796 2584 ἀλλοίωσιν,
2829 2519 2925 2571 καὶ
2959 2514 3203 2576 ἐναντίος
3235 2513 3378 2565 κατα
3433 2513 3492 2564 τὸ
3538 2510 3730 2563 δοκοῦν
3785 2509 3940 2576 αὖτῷ

2349 2613 2598 2682 ὑπάρξας
2663 2611 2743 2680 τῷ
2798 2607 3122 2676 πεποιηκότι
3190 2605 3353 2659 αὑτὸν
3407 2603 3674 2670 Δεσπότη.
3721 2603 3816 2654 καὶ
3852 2599 3943 2650 διά

2350 2706 2506 2762 τοῦτο
2560 2705 2836 2766 ἀπωλείας
2885 2703 2983 2767 τῆς
3045 2701 3167 2766 ίσης
3221 2697 3394 2765 αὐτῷ,
3437 2697 3530 2748 καὶ
3591 2695 3728 2762 ἡμῖν
3792 2691 3944 2758 αὐτῷ

2350 2798 2739 2865 πεπεισμένοις
2791 2793 3083 2862 παραίτιος
3117 2790 3362 2856 γέγονεν.
3411 2786 3554 2840 Ἀλλ’
3583 2787 3798 2843 ἐκεῖνος
3840 2786 3943 2850 μὲν

2350 2892 2660 2958 ἀποστάτης
2699 2887 2872 2958 μένει,
2907 2886 2999 2938 καὶ
3028 2887 3061 2953 ἡ
3099 2883 3266 2936 κακία
3320 2879 3468 2949 αὐτῷ
3503 2876 3890 2945 ἀναπόϐλητος
3922 2890 3934 2902 ·

2350 2986 2510 3054 ἡμεῖς
2566 2983 2622 3035 δέ
2680 2981 2772 3033 καὶ
2833 2978 2971 3047 μετὰ
3028 2976 3088 3028 τὶ
3151 2975 3360 3033 πεσεῖν,
3387 2969 3686 3039 ἐγερθῆναι
3744 2966 3939 3035 χώραν

2351 3077 2650 3145 εἰλήφαμεν
2683 3070 2982 3141 ἀγαθὸτητι
3010 3067 3107 3122 τοῦ
3143 3064 3508 3132 πεποιηκότος
3553 3077 3569 3091 ·
3608 3062 3689 3114 ὃτι
3723 3062 3939 3122 ἐκεῖνος

665 3192 859 3246 passus
888 3184 975 3229 est
1007 3179 1060 3224 ut
1098 3171 1356 3230 caderet;
1411 3181 1509 3219 nec
1542 3172 1658 3219 erat
1709 3161 1951 3230 pondere
1983 3157 2162 3211 carnis
2190 3165 2245 3210 et

2355 3166 2453 3237 μὲν
2482 3165 2584 3218 οὐκ
2627 3163 2813 3232 ἀπάτῃ
2865 3161 3179 3216 πέπτωκεν,
3209 3155 3332 3209 ούδέ
3366 3155 3475 3222 γάρ
3510 3151 3718 3221 σαρκὸς
3771 3151 3943 3216 πάχει

663 3269 909 3322 materiae
957 3263 1226 3318 illecebris
1263 3259 1580 3321 innodatus,
1643 3253 1736 3308 sed
1768 3251 2089 3315 voluntarie,
2146 3248 2248 3303 etsi

665 3361 790 3424 eius
825 3373 1005 3409 veram
1035 3364 1089 3409 et
1115 3352 1347 3407 lucidam
1380 3349 1606 3402 haberet
1637 3344 2028 3414 cognitionem,
2052 3339 2251 3393 decidit

667 3469 695 3503 a
731 3452 892 3503 bono.
933 3445 1072 3500 llinc
1122 3460 1251 3513 ergo
1285 3451 1339 3496 ct
1389 3439 1726 3510 ponitentia:
1781 3437 1962 3490 locum
2011 3448 2121 3488 non
2152 3431 2250 3485 Ita-

668 3544 823 3606 bcns,
847 3539 1068 3607 nertidia
1094 3529 1328 3590 maxime
1341 3535 1537 3593 malus,
1560 3531 1615 3583 in
1638 3529 1839 3583 malitia
1862 3523 2247 3596 perseveravit,

671 3646 726 3688 et
780 3634 1041 3686 malitiun
1103 3644 1257 3684 suam
1327 3628 1499 3680 auxit.
1557 3623 1665 3676 Nos
1721 3630 1902 3675 autem
1961 3634 1992 3673 e
2065 3618 2245 3673 sensi-

670 3730 770 3779 bus
823 3725 992 3791 erepti
1043 3732 1096 3775 et
1147 3729 1335 3772 contra
1395 3717 1660 3786 pt-ssimas
1732 3713 1852 3780 ejus
1901 3708 2250 3764 seductiones

671 3815 907 3879 muniti,
986 3813 1210 3881 gratiam
1266 3810 1576 3877 accepimus
1629 3804 1964 3874 pmnitentiae
2000 3842 2012 3863 ,
2073 3809 2132 3853 ut
2205 3799 2249 3852 si

683 3908 908 3975 quando
962 3905 1015 3957 in
1065 3903 1420 3957 tcntationem
1473 3899 1598 3951 mali
1642 3898 1802 3965 hujus
1853 3894 2023 3949 hostis
2080 3891 2250 3946 nostri

676 3998 1053 4061 incideritnus,
1084 4008 1304 4048 sensum
1339 4001 1392 4046 et
1419 3989 1834 4059 intelligentiam
1867 3986 2046 4054 adepti
2092 4000 2249 4038 vero-

671 4107 792 4144 rum
839 4099 892 4142 et
937 4088 1244 4142 divinorum
1265 4086 1557 4146 bonorum,
1606 4097 1636 4135 e
1674 4081 1874 4150 quibus
1924 4078 2248 4140 excidimus,

675 4183 1080 4250 resipiscamus.
1110 4179 1305 4232 iterum
1357 4189 1699 4235 revocemur,
1731 4180 1782 4225 et
1812 4167 1907 4239 pro
1952 4169 2109 4238 culpa
2143 4169 2248 4220 mi-

673 4273 984 4329 sericordia:
1014 4271 1237 4340 gratiam
1276 4270 1595 4330 habeamus,
1623 4275 1679 4319 et
1714 4266 1893 4318 denuo
1927 4264 1978 4317 in
2026 4261 2248 4330 partici-

677 4367 950 4436 pationetn
1029 4363 1292 4417 bonitatis
1351 4361 1548 4414 divina:
1602 4358 2056 4422 redintegremur.
2115 4353 2250 4408 Cum

675 4460 840 4529 igitur
870 4458 936 4512 ad
970 4457 1082 4511 haec
1123 4454 1350 4510 tendant
1407 4462 1460 4507 et
1492 4452 1770 4520 propltctze
1800 4458 1854 4503 ct
1896 4451 1976 4501 lex
2005 4458 2060 4501 et
2087 4463 2252 4501 caere-

2356 3259 2455 3311 καὶ
2492 3257 2597 3326 ὕλῃ
2630 3252 3024 3324 συμπέπλεκτο
3045 3267 3057 3281 ·
3090 3248 3355 3307 ἑκουσίως
3381 3244 3460 3310 δέ,
3497 3243 3670 3313 οὗπερ
3717 3241 3944 3309 ἀληθῶς

2355 3351 2455 3417 τὴν
2489 3348 2694 3418 γνῶσιν
2733 3343 2902 3416 εἶχεν,
2957 3343 3311 3412 ἀπεπήδησεν
3367 3336 3598 3405 ἀγαθοῦ.
3643 3333 3942 3387 Ἐντεῦθεν

2367 3439 2462 3496 οὖν
2510 3442 2605 3496 καὶ
2670 3439 2958 3510 μετανοίας
3018 3435 3203 3506 χώραν
3241 3435 3338 3487 οὐκ
3391 3433 3552 3502 ἔχων,
3582 3426 3944 3482 ἐθελοκακῶν

2363 3536 2561 3604 μᾶλλον
2624 3533 2796 3603 μένει,
2831 3530 2927 3584 καὶ
2974 3532 3039 3598 τῇ
3073 3527 3312 3599 πονηρίᾳ
3341 3524 3691 3578 πλατύνεται.
3745 3521 3944 3588 Ἡμεῖς

2357 3627 2435 3687 δέ,
2472 3625 2723 3695 αίσθήσει
2754 3621 3054 3681 κλαπέντες
3088 3619 3184 3671 καὶ
3233 3618 3412 3688 πλάνῃ
3452 3613 3647 3666 τούτου
3696 3613 3944 3681 πονηρᾷ,

2358 3719 2518 3786 χάριν
2561 3717 2861 3785 εἰλήφαμεν
2890 3711 3203 3782 μετανοίας.
3236 3710 3312 3772 ὡς
3342 3709 3387 3760 εί
3426 3706 3523 3760 τοῦ
3556 3705 3739 3760 κακοῦ
3776 3722 3948 3770 γεγοο

2357 3811 2509 3871 νότες
2537 3810 2595 3862 ἐν
2621 3808 2807 3877 πείρᾳ,
2838 3805 3029 3857 τούτου
3056 3801 3572 3869 καταφρονήσομεν,
3614 3799 3699 3860 είς
3742 3797 3948 3865 αίσθηο

2361 3902 2443 3954 σίν
2493 3919 2553 3952 τε
2612 3900 2721 3952 τῶν
2770 3895 2986 3966 ἀληθῶν
3031 3895 3124 3947 καὶ
3175 3892 3335 3945 θείων
3369 3886 3444 3942 ὧν
3485 3888 3946 3955 ἐκπεπτώκαμεν

2359 3993 2642 4062 γεγονότες
2700 3985 3202 4058 μεταμεληθῶμεν,
3272 3981 3428 4044 αὖθις
3492 3980 3946 4048 ἁνακληθώμεν,

2358 4087 2453 4138 καὶ
2505 4083 2604 4152 τῆς
2664 4082 2881 4149 ἀπάτης
2941 4080 3157 4146 ἐκείνης
3215 4077 3378 4146 χάριν
3434 4073 3779 4143 ἐλεηθῶμεν,
3848 4074 3950 4137 τῆς

2358 4177 2506 4237 θείας
2566 4175 2622 4226 δέ
2683 4173 2845 4225 πάλιν
2906 4169 3303 4239 μεταλάϐωμεν
3358 4166 3730 4233 ἀγαθότητος.
3786 4164 3948 4217 Ἐπεὶ

2358 4267 2451 4322 οὖν
2487 4268 2574 4321 διὰ
2604 4265 2777 4320 ταῦτα
2814 4265 2908 4317 καὶ
2935 4261 3238 4331 προφῆται,
3270 4260 3364 4312 καὶ
3397 4259 3582 4326 νόμος,
3618 4259 3715 4309 καὶ
3746 4258 3948 4323 τελετὴ

2359 4362 2511 4414 πᾶσα
2565 4357 2780 4419 τούτου,
2831 4357 2928 4409 καὶ
2972 4355 3286 4407 τελευταῖον
3317 4350 3454 4404 Θεοῦ
3487 4350 3945 4418 ἐνανθρώτ.ητι;,

2359 4453 2448 4524 ἵνα
2477 4451 2569 4504 καὶ
2613 4448 2951 4517 διδαχθῶμεν
2995 4448 3094 4516 τὴν
3129 4445 3359 4504 πτῶσιν,
3403 4444 3494 4496 καὶ
3546 4443 3756 4513 ταύτης
3809 4446 3949 4494 atto-

678 4553 871 4606 monia:
899 4551 1273 4616 sacrificiaque
1301 4548 1482 4600 omnia
1519 4547 1636 4611 lege
1671 4543 1983 4612 prmscripta
2013 4553 2065 4595 et
2097 4541 2250 4595 deni-

2358 4544 2580 4604 στάντες
2616 4541 2707 4593 καὶ
2737 4537 2829 4591 τοῦ
2870 4537 3189 4607 φθείραντος
3218 4537 3364 4604 ἡμᾶς
3395 4535 3488 4588 καὶ
3532 4535 3947 4603 πλανήσαντος,

675 4658 782 4710 que
801 4642 891 4696 Dei
921 4639 1223 4694 inearnatio
1254 4641 1391 4690 inter
1421 4635 1693 4697 homines,
1728 4643 1788 4686 ut
1815 4632 2011 4685 malum
2044 4631 2249 4699 peccati

677 4735 992 4795 doceamur,
1021 4738 1295 4800 quatenus
1325 4728 1391 4780 ab
1426 4726 1516 4780 illo
1549 4726 1866 4779 recedentes
1897 4732 1953 4776 et
1989 4723 2132 4775 hunc
2157 4721 2247 4788 qui

677 4843 775 4881 nos
796 4823 1094 4892 corrumpit
1116 4831 1170 4877 et
1190 4821 1421 4885 seducit,
1444 4819 1728 4888 fugientes,
1756 4817 2094 4869 inveniamur
2111 4813 2253 4867 sicut

678 4919 826 4988 prius
872 4915 1096 4978 fuimus,
1146 4923 1241 4968 aut
1275 4913 1454 4980 potius
1508 4910 1778 4971 meliores,
1817 4918 2008 4960 natura
2040 4905 2252 4960 scilicet

676 5017 867 5062 nostra
901 5004 1144 5060 Creatori
1174 5003 1358 5066 unita,,
1377 5009 1437 5054 ιιι
1484 5000 1687 5054 dictum
1720 5009 1843 5064 est;
1888 4997 2119 5065 denique
2153 5011 2251 5063 per

674 5099 1112 5152 incarnationem
1141 5095 1376 5151 revocati
1405 5107 1595 5147 sumus
1617 5093 1682 5146 ad
1722 5090 2006 5144 Dominum
2041 5103 2251 5142 summe

675 5192 988 5261 diligentem
1015 5199 1069 5243 et
1100 5189 1320 5241 bonum.
1355 5185 1461 5240 Sed
1487 5201 1610 5240 cmn
1659 5185 1992 5254 impossibile
2015 5191 2160 5238 esset
2195 5193 2252 5236 ut

677 5283 993 5336 incarnatus
1021 5287 1282 5348 perpetuo
1327 5286 1574 5353 maneret
1622 5275 1709 5328 hic
1760 5274 1902 5328 inter
1930 5289 2047 5340 nos,
2107 5273 2248 5342 quod

679 5375 926 5427 humanm
956 5382 1166 5426 natura:
1189 5371 1425 5424 alienum
1450 5372 1550 5423 hoc
1579 5378 1743 5433 esset,
1762 5368 2038 5437 proprium
2068 5376 2249 5420 autem

677 5476 732 5521 et
789 5466 1090 5534 legitimum
1133 5464 1257 5517 vitae
1295 5477 1454 5531 quam
1513 5470 1639 5530 post
1678 5457 2004 5514 sacrificium
2037 5472 2248 5511 resum-

679 5555 808 5622 psit,
840 5569 950 5606 non
987 5558 1196 5621 poterat
1233 5551 1453 5618 insuper
1483 5563 1700 5603 carnem
1730 5556 1905 5600 morte
1933 5544 2250 5600 immortali-

679 5656 790 5701 tate
836 5647 947 5714 jam
1000 5645 1252 5699 donatam
1320 5641 1637 5696 mortalibus
1701 5641 1971 5710 subjicere
2025 5639 2197 5692 oculis
2233 5677 2248 5701 ,

679 5737 915 5794 maxime
961 5737 1251 5805 impiorum
1290 5744 1344 5789 et
1397 5743 1741 5804 peccatorum
1798 5733 2094 5794 hominum,
2147 5747 2248 5785 nec

677 5835 906 5891 istorum
954 5829 1166 5900 operari
1217 5827 1655 5885 reformationem
1689 5845 1699 5880 :
1735 5825 1859 5897 quia
1905 5827 2067 5881 etiam
2117 5827 2247 5882 illud

2360 4629 2644 4698 γενώμεθα
2668 4629 2742 4690 ὡς
2772 4627 2833 4678 τὸ
2859 4626 3051 4695 πρώην
3079 4643 3093 4658 ο
3127 4624 3326 4691 μᾶλλον
3357 4624 3411 4676 δέ
3443 4641 3506 4690 γε
3542 4625 3634 4676 καὶ
3664 4627 3945 4691 κρεῖττον,

2359 4722 2434 4786 ὡς
2467 4721 2566 4787 τῆς
2618 4720 2913 4789 ἡμετέρας,
2964 4718 3041 4779 ὡς
3096 4717 3338 4786 εἴρηται,
3370 4714 3586 4782 φύσεως
3619 4715 3702 4782 τῷ
3740 4719 3944 4783 ποιητῇ

2361 4812 2676 4880 ἐνωθείσης,
2726 4810 2884 4863 τοῦτο
2943 4809 3044 4878 ήδη
3110 4808 3208 4861 καὶ
3265 4808 3480 4875 γέγονε,
3535 4807 3633 4859 καὶ
3691 4805 3792 4860 διὰ
3848 4808 3948 4876 τῆς

2361 4906 2826 4975 ἐνανθρωπήσεως
2859 4902 3238 4972 άνεκλήθημεν
3277 4900 3371 4953 τοῦ
3408 4899 3945 4970 φιλανθρωποτάτου

2359 4998 2654 5051 Δεσπότου.
2692 4997 2835 5066 Πλὴν
2860 4995 3158 5064 ἐπειδήπερ
3188 4995 3276 5046 τὸν
3309 4993 3670 5062 σαρκωθέντα
3699 4994 3945 5046 ἐνταῦθα

2362 5091 2595 5143 πάντοτε
2653 5088 2834 5156 μένειν
2888 5087 2947 5138 ού
3005 5086 3234 5137 δυνατὸν
3273 5080 3510 5154 ἦν,ούδέ
3557 5085 3667 5153 γάρ
3723 5084 3949 5151 φύσεως

2359 5180 2708 5252 ἀνθρωπίνης
2756 5178 2934 5237 τοῦτο,
2977 5179 3102 5246 ὅρον
3157 5175 3304 5245 ζωῆς
3353 5175 3624 5241 λαϐούσης
3687 5179 3838 5242 μετά
3892 5178 3952 5228 τό

2361 5274 2655 5342 ἐπιτίμιον,
2689 5275 2780 5324 καὶ
2833 5272 2931 5338 τὴν
2993 5270 3171 5339 σάρκα
3219 5268 3274 5320 δὲ
3309 5268 3384 5335 τῷ
3419 5267 3636 5336 θανάτῳ
3681 5268 3948 5320 ἀθανατὶ-

2362 5383 2549 5431 σαντα,
2581 5366 2678 5416 οὐκ
2717 5359 2785 5434 ἦν
2817 5362 3043 5415 δυνατὸν
3097 5360 3252 5422 αὖθις
3297 5361 3535 5429 ὁρᾶσθαι
3570 5359 3820 5425 θνητοῖς,
3854 5363 3947 5411 καὶ

2357 5458 2576 5509 ἀσεϐέσι
2633 5457 2832 5523 μᾶλλον
2889 5454 2920 5523 ἦ
2978 5451 3392 5522 πλημμελοῦσιν
3451 5449 3796 5518 ἀνθρώποις,
3853 5452 3945 5502 καὶ

2359 5550 2564 5602 τούτων
2598 5549 2840 5616 ἐνεργεῖν
2869 5547 2968 5614 τὴν
2998 5545 3302 5597 ἀνάπλασιν
3327 5560 3344 5576 ·
3384 5544 3466 5594 ὅτι
3493 5544 3585 5593 καὶ
3620 5543 3754 5609 παρ’
3787 5543 3946 5606 ἀξίαν

2359 5640 2454 5693 τοῦ
2512 5639 2657 5691 θείου
2731 5640 2826 5691 καὶ
2886 5636 3167 5705 ἀφθάρτου
3224 5637 3318 5687 καὶ
3383 5634 3627 5701 ἀλήπτου
3689 5639 3946 5703 σώματος

2360 5736 2569 5788 ἐκείνου
2604 5734 2762 5786 τοῦτο
2799 5730 2887 5803 ἦν,
2925 5734 3019 5786 καὶ
3069 5733 3150 5784 ὅτι
3203 5731 3322 5784 οὐδὲ
3378 5731 3529 5798 παρά
3574 5730 3806 5783 πάντων
3856 5733 3946 5782 da.

2360 5826 2593 5898 Opt-szv
2635 5824 2962 5894 αὖτεξουσίῳ
3012 5822 3332 5894 χρωμένων,
3363 5820 3747 5875 ὑπακούεσθαι
3796 5817 3941 5889 εῗχεν
