4158 6440
643 333 753 396 SE7
1465 338 1850 397 SYMEONIS
1897 337 2670 399 TllESSALONICENSlS
2715 337 3072 399 ARCHIEP.
3793 338 3888 404 εδ

649 452 830 504 Bonus
858 450 1106 511 tradidit.
1135 464 1328 520 passus
1355 463 1459 516 est,
1503 463 1748 505 nzortuns
1777 463 1883 512 est,
1912 452 2210 504 resurrexit
2247 464 2283 511 Α

2247 464 2283 511 Α
2322 454 2417 504 καὶ
2451 452 2741 520 συγκιρυᾷ,
2773 452 2865 504 καὶ
2903 450 3262 519 συμμίγνυσι,
3297 453 3390 502 καὶ
3432 451 3568 518 μέλη
3600 452 3744 502 ποιεῖ
3772 453 3883 503 ἑασ

644 553 700 597 et
728 559 829 598 nos
855 559 1038 598 secum
1075 546 1330 599 excitavit
1351 560 1381 597 e
1407 558 1622 606 somno;
1659 544 1906 597 ascendit
1935 544 1986 596 in
2014 543 2209 596 cmlum

2319 543 2435 601 τοῦ,
2488 545 2580 594 καὶ
2623 544 2808 610 μένειν
2844 543 3166 612 άχωρίστως
3199 542 3256 592 ἓν
3305 543 3440 609 ἡμῖν
3494 539 3769 608 βούλεται,
3807 543 3891 590 za‘:

645 645 702 690 et
735 651 835 691 nos
868 651 1053 691 secum
1095 637 1349 697 elevavit,
1379 646 1434 689 et
1460 636 1698 705 denique
1737 650 1797 690 se
1827 636 2002 704 ipsum
2033 637 2213 703 posuit

2319 635 2530 701 ἐφίεται
2561 633 2776 699 τούτου,
2817 637 2914 688 καὶ
2942 632 3162 686 σπεύδει
3197 632 3334 702 πρὸς
3361 632 3540 686 τοῦτο,
3581 630 3645 685 τί
3678 631 3890 698 προσοί-

645 739 866 799 pr0pter
899 745 998 784 nos
1051 729 1103 780 in
1151 729 1446 783 aeternum!
1480 726 1590 784 Nos
1621 727 1725 782 sibi
1769 729 1958 782 miscet
1990 735 2046 780 et
2079 740 2210 779 00n-

2321 712 2485 790 σομεν
2516 723 2639 776 ἀντὶ
2693 724 2940 789 τούτωνς
2974 725 3160 777 πόσων
3208 724 3479 785 θανάτων,
3506 724 3554 776 εί
3604 722 3839 789 ἑνεχώρε
3867 740 3890 782 ς

643 831 931 889 corporat;
966 829 1018 873 et
1054 821 1357 875 membrum
1390 821 1474 874 sui
1523 822 1694 890 ipsius
1739 820 1868 874 facit
1910 829 1963 874 ct
1993 833 2212 871 manere

2320 817 2412 867 xui
2479 815 2808 885 ἀμετρήτων
2864 816 3144 884 ὀφειλέται
3180 814 3356 884 τοῦτῳ
3387 816 3766 882 τυγχάνομενς
3804 814 3889 865 ui.

644 927 856 981 semper
890 913 943 965 in
967 915 1126 969 nobis
1179 926 1422 985 exoptat,
1458 925 1514 969 et
1543 915 1645 969 hoc
1677 913 1828 982 jubet
1859 921 1912 968 et
1947 912 2092 966 omni
2120 925 2211 963 co-

2316 906 2488 960 ταῦτα
2522 906 2800 977 χρεῶσται
2827 907 3121 966 διαπαντὸς
3155 905 3329 983 ὄντες,
3360 908 3458 957 καὶ
3507 904 3630 957 οὐδὲ
3663 906 3736 958 τά
3763 905 3893 973 χρέα

643 1007 860 1059 namine
890 1007 1085 1075 satagit
1133 1017 1192 1062 ut
1223 1007 1334 1062 fiat.
1390 1007 1528 1072 Quid
1578 1021 1675 1075 pro
1726 1006 1810 1060 bis
1861 1003 2210 1059 referamus?

2315 1000 2574 1052 ἀποτῖσαι
2604 999 2914 1068 δυνάμενοι.
2949 996 3152 1051 Δοιπδν
3185 998 3348 1048 ὁπότε
3377 994 3484 1049 κᾶν
3506 992 3893 1064 παριστάμεθα

641 1099 784 1161 Quot
826 1107 882 1151 et
925 1109 1156 1164 quantas
1203 1107 1406 1152 mortes
1435 1112 1535 1165 pro
1569 1098 1693 1166 ipso
1725 1096 2058 1152 deberemus
2091 1093 2210 1150 suf-

2315 1091 2508 1160 τούτῳ,
2571 1092 2780 1144 καὶτὰ
2833 1091 2932 1159 τῆς
2989 1089 3370 1152 ταπεινώσεως
3432 1087 3571 1156 ἔργα
3617 1089 3719 1140 καὶ
3775 1091 3892 1147 τοὺς

639 1193 786 1244 ferre
817 1191 864 1243 si
913 1190 1239 1260 contigerit?
1285 1192 1379 1243 sed
1413 1203 1644 1258 semper
1676 1188 1744 1242 de
1785 1189 1902 1242 istis
1935 1188 2209 1243 debitores

2315 1185 2505 1251 λόγους
2537 1183 2772 1252 λέγομέν
2824 1200 2882 1235 τε
2932 1182 3026 1235 καὶ
3067 1182 3408 1252 πράττομεν,
3466 1180 3893 1246 ταπεινωθῶμεν

643 1283 866 1346 erimus,
908 1297 1007 1334 nec
1037 1297 1273 1350 unquam
1301 1282 1488 1335 debita
1522 1283 1823 1350 rependere
1850 1282 2111 1336 valentes.
2135 1281 2208 1334 lle

2311 1274 2549 1340 ὁρῶντες
2615 1273 2707 1325 τὸν
2770 1273 3175 1326 ταπεινωθέντα
3252 1274 3350 1324 καὶ
3425 1272 3888 1339 ταπειιούμενιιν·

640 1385 834 1426 (τωρωι
861 1374 1077 1438 quando
1111 1375 1177 1426 ad
1221 1390 1344 1427 eum
1388 1374 1722 1437 accedimus,
1755 1389 1920 1442 opera
1954 1383 2010 1427 et
2044 1373 2206 1426 verba

2312 1364 2597 1432 φρίεωμεν
2629 1363 2941 1426 ἐννοοῦντες
2970 1365 3158 1424 αὑτὸν,
3187 1356 3662 1432 ᾧπαριστάμεθα.
3713 1363 3894 1423 Μέσας

640 1466 962 1519 humilitatis
1013 1467 1284 1535 loquimur
1327 1476 1380 1520 et
1425 1482 1789 1530 exercemus;
1847 1464 2205 1523 humiliemur

2312 1455 2472 1524 ἡμῶν
2529 1455 2814 1523 πρόκειται
2856 1456 2950 1506 καὶ
2998 1456 3246 1525 ἀοράτως
3279 1456 3513 1524 Χριστὸς
3547 1457 3639 1507 καὶ
3679 1455 3891 1522 ὁρατῶς

637 1573 763 1624 ergo
792 1557 846 1609 in
885 1567 1180 1627 conspectu
1217 1557 1332 1624 ejus
1359 1556 1450 1626 qui
1487 1570 1582 1610 nos
1614 1557 1862 1610 hutniliat
1897 1566 1952 1609 et
1983 1557 2073 1625 qui
2107 1573 2206 1626 pro

2309 1550 2386 1618 τῷ
2415 1549 2542 1618 θείῳ
2579 1550 2729 1620 ἄρτῳ
2761 1550 2854 1600 τοῦ
2891 1549 3169 1618 σώματος,
3197 1551 3291 1602 καὶ
3321 1550 3398 1619 τῷ
3431 1549 3613 1618 σεπτῴ
3643 1549 3894 1617 ποτηρίῳ

638 1650 796 1702 nobis
837 1650 1152 1702 humiliatus
1190 1639 1308 1702 ests
1347 1648 1848 1703 Contremiscamus
1903 1649 2205 1718 cogitantes

2309 1641 2402 1695 τοῦ
2436 1643 2692 1710 αἵματος,
2730 1642 2798 1694 τὰ
2848 1643 2996 1711 πάθη
3026 1644 3243 1703 δεικνὺς
3275 1640 3493 1706 ἑαυτοῦ,
3522 1643 3621 1708 τὴν
3654 1640 3892 1708 σφαγὴι,

635 1755 760 1791 cunt
803 1739 889 1791 cui
921 1751 1162 1792 astamus
1206 1756 1220 1792 :
1269 1738 1482 1793 medius
1541 1739 1698 1816 nobis
1743 1741 1920 1794 adstat
1949 1741 2204 1794 Christus
2241 1805 2275 1816 ᾗ

2253 1805 2275 1816 ⁵
2306 1737 2433 1798 τοὺς
2461 1736 2647 1805 ἥλους,
2671 1737 2732 1789 τὸ
2761 1731 2922 1804 αἷμα,
2951 1736 3042 1788 τὸν
3071 1737 3303 1789 θάνατον
3333 1751 3347 1764 ·
3387 1735 3577 1804 τρόμῳ
3604 1733 3895 1801 supth-

639 1832 930 1884 int'isibilis
965 1833 1018 1884 in
1052 1846 1132 1895 se,
1178 1832 1274 1884 sed
1315 1832 1543 1886 visibilis
1575 1849 1674 1901 per
1723 1844 1970 1886 sanctum
2004 1849 2198 1902 panem
2240 1805 2278 1859 Β

2249 1805 2278 1859 Β
2310 1847 2409 1899 μεν
2443 1830 2757 1898 ἐγγίζοντες
2808 1830 2980 1897 αὐτῷ,
3016 1830 3110 1882 καὶ
3142 1829 3365 1898 ἀμέσως
3405 1827 3599 1879 τοῦτον
3630 1826 3891 1893 δρῶντες,

636 1925 901 1991 corporis,
935 1937 1031 1991 per
1069 1923 1442 1976 venerandum
1475 1924 1699 1976 calicem
1733 1925 2014 1991 sanguinis
2036 1968 2050 1990 ,
2085 1926 2203 1994 qui-

2306 1924 2593 1991 τέμνοντές
2623 1940 2682 1974 τε
2737 1924 2829 1973 καὶ
2862 1921 3161 1985 ἐσθίοντες,
3212 1921 3310 1973 καὶ
3365 1923 3612 1982 πίνοντες
3665 1922 3730 1972 ἐκ
3796 1919 3892 1971 τοῦ

638 2017 739 2068 lius
763 2024 819 2067 et
847 2016 1130 2083 passiones
1154 2015 1273 2084 ejus
1303 2024 1769 2083 repraesentantur
1804 2033 1816 2068 :
1851 2015 2202 2077 sacrificium,

2305 2018 2558 2084 αἵματος,
2593 2016 2687 2069 καὶ
2721 2015 2931 2084 ἑτέροις
2975 2015 3351 2083 μεταδιδόντες
3393 2014 3530 2065 κατὰ
3572 2013 3669 2081 τὴν
3719 2011 3895 2063 δοθεῖ-

635 2108 801 2172 clavi,
840 2108 1063 2177 sanguis
1095 2119 1150 2160 et
1195 2122 1364 2161 mors.
1412 2093 1741 2172 Tremei‘ttes
1776 2108 2104 2162 accedamus
2149 2120 2204 2161 et

2307 2123 2406 2158 σαν
2438 2107 2596 2176 χάριν
2626 2106 2779 2175 ἡμῖν.
2820 2106 2955 2158 Τότε
2991 2105 3265 2172 θαυμάζει
3316 2105 3384 2157 τά
3432 2103 3739 2173 Χερουϐὶμ,
3785 2104 3896 2165 εξε-

639 2211 879 2253 astemus
917 2201 964 2253 ei
993 2216 1008 2265 ;
1045 2199 1322 2253 cernimus
1351 2200 1498 2253 enim
1531 2215 1657 2254 eum
1697 2199 1901 2268 absque
1937 2199 2091 2266 velo;
2125 2200 2208 2253 di-

2307 2215 2501 2252 σταται
2524 2198 2591 2251 τὰ
2621 2199 2892 2266 Σεραφὶμ,
2926 2199 3074 2250 πᾶσα
3101 2199 3355 2265 θειοτάτη
3386 2197 3617 2265 δύναμις
3647 2198 3891 2264 πέςτρικε

637 2292 874 2345 vidimus
915 2301 969 2345 et
1000 2290 1386 2345 manducamus
1416 2331 1431 2356 ,
1461 2301 1517 2345 et
1547 2291 1614 2346 de
1649 2293 1921 2362 sanguine
1969 2293 2208 2348 bibimus

2308 2289 2620 2360 καθορῶσα,
2656 2291 2752 2342 καὶ
2803 2288 2911 2341 δέει
2963 2288 3321 2359 παρίσταται,
3383 2287 3477 2340 καὶ
3542 2286 3638 2355 τὴν
3707 2287 3894 2338 οἰκίαν

638 2391 696 2437 et
740 2383 913 2452 gratia
964 2381 1057 2435 Dei
1111 2381 1272 2437 nobis
1315 2383 1578 2436 attributa
1627 2381 1752 2436 aliis
1801 2383 2203 2439 distribuimus.

2307 2381 2664 2451 ἐπιγινώσκει
2697 2382 2860 2449 φύσιν
2893 2382 2968 2443 ῶς
2995 2381 3195 2450 κτιστὴ
3227 2381 3324 2432 καὶ
3371 2379 3630 2449 ἀσθενὴς,
3663 2378 3758 2431 καὶ
3804 2381 3897 2430 lx-

595 2482 602 2489 ‘
638 2469 796 2525 'l‘unc
827 2471 1091 2524 mirantur
1134 2470 1440 2536 cherubim,
1473 2480 1694 2539 stupent
1742 2472 2016 2541 serapbim
2043 2513 2059 2537 ,
2099 2483 2208 2527 tre-

2307 2477 2569 2547 πλήκτως
2595 2473 2812 2539 δοξάζει
2845 2475 2946 2545 τῆς
2969 2475 3061 2527 τοῦ
3094 2473 3233 2528 Θεοῦ
3262 2474 3320 2527 τδ
3342 2475 3583 2543 ἄμετρον
3609 2473 3895 2540 άγαθότη-

638 2571 794 2616 tnunt
839 2576 1030 2615 omnes
1076 2562 1439 2618 sanctissima:
1473 2564 1722 2628 virtutes,
1759 2563 2108 2618 considerant
2141 2582 2205 2620 ex

2307 2583 2426 2620 τος·
2464 2566 2586 2635 μεθ’
2617 2567 2774 2638 ἡμῶν
2808 2567 3053 2620 ἵστανται
3084 2566 3282 2630 ταῦτα,
3315 2565 3526 2635 ararim}
3548 2563 3646 2617 τοῦ
3702 2566 3896 2616 θυσια-

635 2653 767 2718 alto,
783 2669 906 2707 cum
926 2656 1118 2707 timore
1129 2655 1417 2719 assistunt,
1431 2665 1488 2709 et
1501 2667 1799 2724 agnoscunt
1819 2666 2066 2711 naturam
2083 2672 2208 2727 pro-

2309 2661 2538 2730 στηρίου
2607 2661 3007 2730 συστελλόμενα
3065 2659 3220 2729 φόὸῳ
3264 2658 3441 2728 μένει.
3491 2655 3897 2725 Ἐπιθυμοῦτιν

637 2745 809 2814 priam
847 2759 900 2799 et
923 2743 1156 2799 debilem
1190 2756 1471 2800 creaturae.
1493 2744 1558 2799 Et
1594 2754 1876 2817 stupentes
1907 2747 2209 2817 glorificant

2307 2754 2576 2816 ἁτενίζειν
2599 2754 2675 2824 τῷ
2700 2753 3007 2823 μυστηρίῳ.
3033 2755 3105 2804 Οὐ
3135 2754 3244 2820 γὰρ
3269 2751 3566 2821 ἀπράκτω;
3590 2751 3897 2817 παρίσταν·

638 2839 954 2890 immensant
986 2837 1076 2891 Dei
1106 2837 1428 2890 bonitatem.
1457 2834 1751 2890 Nobiscum
1777 2846 1922 2892 stant
1949 2853 1964 2889 ε
1998 2838 2206 2891 circum

2308 2865 2419 2902 ται.
2465 2846 2709 2901 Ἐκεῖθεν
2743 2848 2838 2899 τοῦ
2875 2847 3006 2900 ἰδίου
3041 2847 3215 2914 φάους
3248 2845 3496 2914 δέχονται
3538 2843 3636 2912 τὴν
3667 2845 3894 2896 enim.

636 2928 806 2979 altare
842 2927 1048 2995 pressis
1092 2926 1398 2995 agminibus
1429 2926 1664 2981 humiles
1707 2936 1762 2981 et
1809 2943 1933 2982 cum
1967 2937 2207 2982 tremore

2308 2941 2545 2994 Αὐτὸθεν
2575 2941 2684 3009 γάρ
2716 2940 2810 2992 τοῦ
2839 2940 3014 3007 φωτὸς
3039 2939 3219 2991 αὐτῶν
3251 2940 3282 3007 ἡ
3317 2938 3531 3008 Ruﬁni;
3580 2935 3680 2988 =05
3715 2936 3895 3001 πυρῖς

638 3030 884 3082 manent,
910 3020 1296 3089 praestolamur
1352 3019 1598 3074 zelantes
1649 3021 1917 3089 inspicere
1957 3033 2204 3076 sanctum

2310 3032 2487 3086 αὐτῶν
2513 3034 2710 3104 θέρμη,
2743 3035 2775 3103 ἠ
2805 3031 2940 3102 ζωὴ,
2975 3034 3006 3102 ἡ
3053 3033 3242 3100 σοςία,
3278 3033 3311 3099 ἠ
3346 3031 3568 3099 μύησις.
3607 3029 3673 3080 ΕΞ
3709 3028 3897 3079 τοίνυν

638 3109 974 3179 mysterium,
1033 3125 1138 3161 non
1192 3114 1337 3162 enim
1374 3109 1548 3163 otiose
1597 3126 1848 3181 vaueque
1878 3115 2149 3168 assistunt
2189 3132 2273 3214 :C

2257 3159 2273 3213 Ξ
2310 3125 2484 3188 οὕτως
2515 3119 2666 3177 οὗτοι
2699 3128 3087 3194 παρίστανται,
3129 3126 3178 3175 οῖ
3229 3121 3332 3187 ἔξω
3364 3122 3590 3182 πάθους,
3621 3122 3671 3171 οῖ
3703 3120 3899 3190 utﬁt»

638 3203 785 3255 iilinc
813 3202 1044 3270 propria:
1072 3203 1340 3264 claritatis
1367 3201 1642 3270 accipiunt
1672 3206 1881 3258 radium
1922 3216 1977 3259 et
2011 3207 2200 3275 splen-
2236 3201 2273 3214 ν

2258 3201 2273 3212 ”
2307 3217 2515 3280 πάθους
2581 3218 2804 3279 παντὸς,
2844 3220 2872 3270 ὁ
2918 3216 3046 3286 χοῦς
3099 3217 3284 3284 ἡμεῖς,
3327 3215 3357 3266 ὀ
3416 3213 3609 3280 πηλὸς.
3650 3214 3683 3264 ὀ
3749 3211 3900 3261 σιώο

636 3297 824 3349 dorem
861 3312 873 3346 :
911 3295 1146 3347 indidem
1181 3296 1385 3364 pariter
1428 3296 1644 3350 luminis
1695 3312 1884 3351 eorum
1941 3297 2156 3352 ﬂamma
2182 3341 2196 3366 ,

2305 3308 2422 3378 ληξ,
2462 3308 2577 3370 πῶς
2626 3309 2970 3376 παρεστάναι
3015 3305 3339 3374 ὀφείλομεν;
3390 3303 3504 3365 πῶς
3569 3300 3897 3368 ἑτοιμάζειν

637 3388 883 3454 ignisque
910 3402 1099 3440 eorum
1125 3388 1303 3450 ardor,
1326 3402 1514 3442 eorum
1540 3389 1668 3450 vita,
1693 3390 1983 3459 sapientia,
2008 3408 2202 3446 consc-

2305 3401 2534 3463 ὲαυτοὺς
2575 3401 2710 3470 πρὸς
2753 3401 2916 3466 ἔργον
2962 3398 3100 3453 Θεοῦ
3149 3397 3508 3470 τηλικοῦτον;
3547 3396 3701 3462 Ὀλῳ
3736 3392 3893 3459 φόΰῳ

637 3481 830 3534 oratio.
864 3480 921 3533 Si
966 3495 1096 3549 ergo
1131 3480 1203 3534 ita
1238 3483 1507 3536 assistunt
1545 3482 1632 3536 isti
1666 3484 1974 3537 nescientes
2003 3499 2202 3553 corpo-

2305 3493 2400 3544 καὶ
2445 3492 2551 3561 ὅλῳ
2586 3489 2736 3561 πόθῳ
2767 3489 3170 3561 προσέρχεσθαι
3197 3507 3258 3543 τε
3296 3489 3394 3542 καὶ
3426 3487 3895 3555 ἐξυπηρετείσθαι

638 3589 783 3626 ream
824 3574 1170 3638 densitatem,
1213 3575 1496 3646 ignarique
1520 3577 1699 3630 omnis
1738 3578 2032 3646 passionis,
2065 3594 2204 3646 quo-

2303 3583 2546 3655 τοσούτῳ
2574 3584 2862 3653 πράγματι
2887 3585 3117 3647 ἑαυτοὺς
3149 3582 3550 3652 ἑτοιμάσωμεν.
3585 3579 3746 3631 Ἐπεὶ
3776 3582 3893 3644 γάρ

636 3665 798 3717 modo
829 3666 1086 3719 assistere
1113 3666 1378 3720 debemus
1408 3682 1508 3722 nos
1538 3668 1630 3736 qui
1660 3683 1848 3722 sumus
1876 3678 2042 3734 terra,
2071 3670 2161 3739 pul
2181 3699 2200 3711 -

2301 3681 2362 3730 τὸ
2411 3678 2652 3732 τοιοῦτον
2707 3682 2808 3732 οὐκ
2855 3679 2983 3732 άλλο
3025 3696 3100 3743 τι,
3153 3678 3187 3747 ἢ
3254 3677 3445 3744 ἀγάπη
3508 3673 3674 3741 μόνον
3734 3673 3894 3722 τετέ-

635 3772 737 3820 νιε,
771 3757 1019 3810 vermes?
1048 3756 1332 3823 Quomodo
1359 3760 1727 3829 nosmetipsos
1755 3762 2097 3819 servabimus
2133 3765 2202 3818 ad

2305 3771 2484 3836 λεκεν,
2537 3771 2916 3841 άγαπήσωμεν
2965 3773 3131 3824 αὐτὸν
3181 3770 3273 3823 τὸν
3310 3771 3682 3838 ἀγαπήσαντα
3733 3771 3895 3840 πρῶ-

639 3859 844 3901 tantum
875 3848 969 3902 Dei
997 3848 1171 3917 opus?
1204 3847 1524 3920 Satagentes
1547 3852 1819 3907 custodire
1842 3870 1942 3910 nos
1975 3855 2028 3908 in
2054 3858 2201 3910 onmi

2303 3880 2395 3916 τον
2425 3865 2595 3932 ἡμᾶς,
2623 3865 2720 3917 καὶ
2753 3867 2819 3934 τῇ
2861 3864 3108 3935 διακονία
3153 3863 3252 3932 τῆς
3298 3864 3542 3932 ἀγάπης,
3592 3864 3706 3932 ὅλῳ
3767 3863 3896 3915 σθέ-

638 3942 829 3994 timore
854 3942 985 3996 etin
1017 3941 1166 3995 omni
1200 3941 1474 3996 desiderio
1504 3942 1556 3996 in
1591 3946 1902 4000 accedendo
1938 3958 1994 4001 et
2027 3947 2079 4000 in
2113 3950 2203 4003 tali

2305 3974 2385 4009 νει
2451 3954 2631 4024 ψυχῆς
2699 3955 3163 4025 προσερχώμεθα.
3210 3955 3472 4021 Ἐπείπερ
3527 3956 3725 4023 ἀγάπη
3791 3971 3895 4005 τα-

638 4037 854 4100 negotio
915 4034 1302 4088 ministrando.
1341 4033 1482 4088 Cum
1535 4044 1718 4090 autem
1788 4039 1920 4092 illud
1989 4050 2202 4095 tantum

2304 4048 2636 4102 πεινωθέντα
2694 4049 2951 4101 τοσοῦτον
3012 4050 3103 4103 τὸν
3167 4049 3300 4102 Θεὸν
3349 4049 3539 4113 ἔδειξε,
3609 4049 3692 4118 τῷ
3738 4050 3896 4118 ἔργῳ

637 4125 911 4195 negotium
948 4140 1105 4179 amor
1133 4127 1284 4179 solus
1317 4125 1629 4192 perfecerit,
1675 4146 1695 4180 ι
1733 4128 2028 4199 Diligemus
2076 4149 2202 4187 eum

2303 4141 2404 4210 τῆς
2438 4141 2823 4204 ταπεινώσεως
2849 4143 3086 4203 οίκείους
3121 4146 3180 4194 ὲν
3209 4143 3536 4196 ταπεινώσει
3566 4146 3658 4194 καὶ
3694 4146 3899 4212 ἀγάπῃ

635 4217 727 4286 qui
751 4218 895 4286 prior
910 4216 1098 4272 dilexit
1120 4233 1220 4272 nos
1241 4218 1395 4271 ""J
1429 4218 1494 4273 Et
1517 4220 1582 4274 ad
1613 4221 1976 4277 ministerium
2000 4229 2204 4283 amoris

2306 4235 2766 4302 ὑπηρετήσωμεν,
2797 4235 2923 4286 ἐπεὶ
2954 4234 3157 4298 ἔδειξεν
3197 4234 3622 4305 ὲνανθρωπήσας
3659 4239 3691 4288 ὁ
3730 4238 3897 4301 Θεὸς,

633 4312 778 4362 onmi
829 4311 1021 4362 anima:
1055 4310 1256 4363 virtute
1285 4319 1341 4363 et
1374 4319 1642 4380 potestate
1673 4315 2014 4369 accedamus.
2065 4318 2201 4373 Cum

2303 4326 2376 4386 ὡς
2406 4312 2664 4377 ἀδύνατον
2693 4321 2761 4396 ἦν
2792 4325 2919 4395 δίχα
2971 4326 3108 4378 Θεοῦ
3150 4328 3250 4394 τὴν
3308 4326 3521 4395 βροτῶν
3572 4328 3897 4395 ἀναπτῆναι

634 4399 835 4453 deinde
863 4415 1014 4453 amor
1037 4401 1194 4454 nobis
1234 4401 1539 4455 ostenderit
1573 4411 1783 4457 tantum
1821 4403 1990 4458 Deum
2027 4406 2202 4460 horni-

2305 4415 2488 4484 φύσιν,
2512 4416 2712 4486 ἑαυτὴν
2741 4417 3009 4481 ἑκουσίως
3039 4418 3303 4471 ἐπιδοῦσαν
3342 4417 3421 4486 τῷ
3464 4419 3755 4487 πτώματι,
3791 4425 3896 4470 καὶ

636 4493 841 4556 liatum,
871 4506 1036 4558 opere
1066 4492 1390 4545 humilitatis
1431 4493 1482 4546 ei
1511 4494 1941 4551 ministrabimus
1975 4516 2078 4554 nos
2115 4504 2196 4555 si-
2233 4511 2276 4566 Β

2257 4514 2276 4564 )
2306 4509 2393 4560 διὰ
2423 4508 2583 4562 τοῦτο
2611 4510 2749 4562 Θεοῦ
2780 4510 2976 4579 ἐδεήθη
3016 4510 3262 4571 ὲνώσεως
3303 4511 3613 4579 ἅνθρωπος,
3649 4514 3899 4574 ἑαυτοὺς

637 4583 792 4636 miles
818 4622 835 4646 ,
862 4582 1050 4636 afﬁnes
1096 4583 1402 4636 humilitate
1431 4592 1486 4637 et
1517 4584 1808 4643 dilectione
1841 4605 1857 4641 :
1887 4606 2007 4645 cum
2042 4593 2199 4648 ιιι-ηἰ-

2307 4601 2400 4666 καὶ
2427 4601 2585 4669 ἡμεῖς
2621 4600 2698 4663 ῶς
2755 4601 3083 4669 πεφύκαμεν
3115 4601 3367 4664 ἀσθενεῖς
3391 4603 3481 4655 ἀεὶ
3519 4603 3898 4671 λογιζόμεθα,

634 4689 741 4742 que
774 4673 960 4727 vivens
989 4674 1043 4726 in
1089 4674 1344 4728 humanis
1380 4675 1518 4730 Deus
1565 4679 1722 4733 nobis
1753 4684 2056 4738 ostenderit
2091 4703 2196 4740 non

2306 4692 2399 4742 καὶ
2431 4690 2716 4760 δεηθῶμεν
2754 4692 2845 4744 ἀεὶ
2871 4691 3008 4744 Θεοῦ
3053 4693 3326 4762 βοηθείας,
3362 4694 3455 4747 καὶ
3505 4695 3679 4762 μηδὲν
3713 4697 3901 4767 χωρὶς

638 4777 797 4830 posse
836 4763 1091 4816 homines
1134 4764 1461 4819 naturaliter
1504 4769 1709 4837 absque
1742 4769 1852 4825 Deo
1885 4789 2195 4846 resurgere,

2304 4780 2495 4834 τούτου
2533 4781 2762 4834 πάντοτε
2816 4783 3112 4853 ἐννοῶμεν,
3139 4785 3219 4838 ὅτι
3260 4788 3377 4846 καὶ,
3412 4803 3431 4836 ι
3479 4785 3667 4854 me‘t;
3728 4789 3899 4854 ἐμοῦ,

636 4853 730 4921 qui
761 4855 973 4922 seipsos
1023 4854 1329 4909 voluntarie
1373 4859 1441 4912 ad
1492 4863 1706 4929 culpam
1761 4863 2099 4921 tradiderunt
2142 4879 2198 4923 et

2303 4875 2363 4927 οὐ
2404 4873 2634 4927 δύνασθε
2666 4877 2840 4927 ποιεῖν
2885 4875 3057 4942 οὐδὲν,
3096 4894 3114 4926 ι
3149 4877 3289 4945 ἔφη·
3328 4877 3415 4930 ἵνα
3465 4878 3555 4930 καὶ
3581 4853 3901 4948 emota...”

636 4954 856 5013 pr0pter
886 4945 992 4998 hoc
1021 4946 1152 5014 ipsis
1177 4951 1485 5002 necessaria
1521 4952 1620 5005 fuit
1645 4954 1774 5008 unio
1797 4971 1920 5011 cum
1949 4959 2079 5025 Deo,
2105 4977 2198 5016 co-

2305 4965 2476 5033 αὑτῷ,
2515 4966 2610 5018 καὶ
2673 4967 3000 5035 ἀχωρίστως
3053 4969 3326 5037 συνῶμεν.
3376 4968 3440 5021 Ei
3496 4945 3831 5040 ἀποστάτης
3871 4975 3902 5023 ὁ

635 5035 866 5104 gitemus
906 5053 1122 5107 semper
1162 5051 1428 5107 quantum
1475 5041 1682 5098 debiles
1738 5046 1863 5101 facti
1899 5052 2091 5115 simus,
2147 5065 2204 5108 et

2305 5057 2540 5128 πονηρὸς
2565 5061 2630 5126 τῇ
2662 5059 2898 5130 ὲπάρσει
2935 5063 3030 5114 καὶ
3053 5035 3285 5132 ἀπονοίᾳ
3311 5063 3625 5130 γεγένηται,
3669 5069 3742 5134 τῇ
3766 5035 3901 5118 έπε-

636 5137 900 5197 perpetuo
955 5130 1293 5200 indigeamus
1341 5133 1548 5188 auxilio
1595 5135 1727 5203 Dei,
1775 5150 1830 5194 et
1875 5144 1944 5196 ad
1992 5145 2199 5201 nullam

2298 5149 2504 5218 γνώσει
2546 5152 2646 5218 τῆς
2679 5144 2953 5222 πτωχείας
2991 5154 3175 5224 ἡμῶν,
3208 5130 3368 5224 ἡμεῖ,
3395 5130 3784 5227 οίκειωθῶμεν
3811 5160 3900 5229 τῷ

637 5223 842 5290 absque
894 5223 986 5276 illo
1029 5239 1318 5293 assurgere
1365 5228 1642 5296 possimus
1685 5233 2008 5301 scientiam;
2064 5240 2198 5294 dicit

2298 5243 2531 5314 κτίστῃ.
2570 5262 2589 5295 ι
2639 5245 2699 5299 Ὁ
2733 5247 3005 5299 ταπεινῶν
3031 5223 3162 5316 γάρ,
3193 5223 3382 5318 φήσῖν,
3410 5251 3610 5303 ἑαυτὸν

635 5314 775 5367 enim
814 5329 830 5367 :
873 5331 891 5364 t
929 5315 1060 5369 Sine
1091 5331 1176 5370 me
1212 5319 1346 5372 nihil
1375 5321 1602 5387 potestis
1631 5321 1810 5377 facere
1847 5327 1908 5378 “.
1951 5347 1969 5378 ι
2007 5327 2196 5397 Itaque

2301 5309 2537 5390 σεται.-)
2577 5336 2637 5390 Εἰ
2663 5339 2804 5406 ὑπὲρ
2836 5309 3055 5394 πάντων
3096 5309 3330 5395 δὲγδωιιεν
3368 5309 3568 5396 tum
3605 5349 3632 5398 6
3675 5309 3894 5401 4.2m;-

635 5411 689 5457 et
727 5418 823 5456 nos
849 5403 948 5472 ipsi
990 5406 1382 5471 consociemus,
1409 5417 1464 5462 et
1493 5410 1761 5464 indivulse
1795 5430 2113 5472 maneamus
2139 5421 2192 5475 in

2299 5444 2422 5497 της,
2472 5432 2566 5483 ιιιὶ
2619 5403 2914 5497 πᾶσι-τοῖς
2977 5436 3243 5506 χρῄζουσι
3289 5438 3359 5490 τὰ
3396 5439 3582 5492 πάντα
3635 5443 3896 5509 ἐγένετο,

635 5491 746 5544 illo.
777 5491 948 5546 Malus
969 5497 1206 5547 amentia
1237 5505 1292 5548 et
1321 5500 1574 5567 superbia
1614 5502 1791 5556 factus
1817 5515 1899 5559 est
1925 5521 2188 5575 ap0stata:

2359 5491 2367 5497 .
2893 5491 2909 5497 ν
2979 5491 3115 5506 ηιη-
3426 5491 3432 5492 ί
3556 5491 3579 5492 η
3642 5491 3897 5509 'I""‘

2302 5519 2528 5582 ἑαυτοὺς
2548 5523 2708 5590 ἡμεῖς
2730 5525 2877 5594 αὐτῷ
2898 5526 3100 5594 δῶμεν,
3133 5527 3220 5578 ἴνα
3249 5529 3342 5580 καὶ
3368 5527 3479 5580 τῶν
3511 5531 3692 5584 αὑτοῦ
3728 5533 3897 5592 αὖθις

635 5597 734 5637 nos
771 5588 1076 5654 cognitione
1107 5597 1163 5640 et
1206 5589 1550 5646 confessione
1605 5597 1835 5652 miseriae
1881 5615 2081 5658 nostra:
2115 5605 2196 5660 [σε

2305 5609 2591 5680 γεν‹τ›μεθα
2627 5614 2868 5685 μέτοχοι.
2926 5621 3348 5688 Διακονήσωμεν
3400 5621 3572 5675 αὐτοῦ
3610 5622 3692 5692 τῷ
3739 5625 3897 5694 [erat

701 5761 793 5796 ¹ο¹⁰
827 5760 847 5814 l
878 5761 1033 5820 Joan.
1073 5781 1144 5833 tv,
1191 5767 1273 5824 l9.
1360 5771 1397 5800 ¹¹
1427 5771 1584 5827 Joan.
1619 5791 1704 5842 xv,
1745 5779 1796 5831 5.
