4158 6440
233 365 331 427 m9

1507 369 1600 426 DE
1661 367 1840 426 SACE
1854 367 1896 424 [ἶ
1911 366 2145 428 DOTIO.

3378 359 3482 420 970

236 479 551 548 προθύμως,
606 480 697 530 καὶ
755 479 804 530 εί
843 478 1068 532 δυνατὸν
1107 479 1226 530 καθ’
1258 478 1496 546 ἑκάστην
1557 483 1652 547 τὴν
1684 499 1803 550 φρι-

1922 481 2117 532 ;niliare
2171 477 2259 528 Dei
2320 476 2653 528 lucrabimur
2707 475 3072 528 consortium.
3131 471 3344 526 Dictmn
3396 486 3480 528 est

237 575 368 642 κτην
413 573 561 642 αύτῷ
595 571 790 624 θυσίαν
822 572 1249 641 προσφέρωμεν.
1299 573 1665 641 Ἐπιθυμητὸν
1699 576 1805 642 γὰρ

236 662 384 730 αὐτῷ
411 660 589 715 τοῦτο.
634 681 650 712 ι
701 662 1019 729 Ἐπιθυμίᾳ,
1057 662 1244 730 φησὶν,
1281 662 1601 731 ἐπεθύμησα
1645 665 1805 715 τοῦτο

237 754 295 804 τὸ
338 752 527 820 Ιιὰσχα
551 752 750 817 φαγεῖν
780 749 898 818 μεθ’
929 749 1101 818 ὑμῶν.
1138 769 1156 800 ι
1191 752 1296 802 Καὶ
1347 753 1610 817 διηνεκῶς
1645 755 1806 808 τοῦτο

238 839 416 907 ζητεῖ.
451 858 468 890 ι
494 841 569 892 υὺ
595 841 864 909 Ποιήσατε
891 841 1022 910 γὰρ,
1043 840 1172 909 ἔφη,
1194 842 1330 894 ἀλλὰ
1359 861 1375 892 ι
1401 843 1572 894 Τοῦτο
1601 848 1805 896 ποιεῖτε

239 935 317 994 εἰς
347 933 447 999 τὴν
477 931 617 1000 ἐμὴν
663 931 995 1001 ἀνάμνησιν,
1035 951 1053 982 ›
1099 934 1656 1002 τουτέστιδιηνεκῶς.
1697 937 1806 987 Καὶ

235 1032 284 1084 τί
321 1028 448 1083 ἄλλο
477 1029 661 1097 μεῖζον
692 1027 855 1095 ἔργον
884 1027 950 1079 ἂν
970 1027 1054 1097 εἴη
1086 1028 1180 1080 τοῦ
1214 1030 1380 1098 ἔργου
1411 1031 1603 1082 τούτου
1631 1048 1645 1094 ;
1673 1031 1808 1100 ὅπερ

171 1109 174 1112 ’
241 1121 357 1173 ἐστὶ
382 1119 619 1189 Χριστοῦ
643 1121 676 1188 η
704 1119 1032 1188 ἀνάμνησις,
1060 1120 1119 1171 τὸ
1148 1121 1421 1189 σφαγῆναι
1452 1121 1642 1175 τοῦτον
1666 1124 1806 1193 ὑπὲρ

242 1213 397 1281 ήμῶν
452 1211 544 1263 καὶ
582 1209 845 1276 διηνεκῶς
901 1208 1148 1261 θύεσθαι.
1203 1228 1221 1258 ι
1262 1208 1435 1260 Τοῦτο
1493 1210 1602 1278 γάρ
1638 1211 1808 1272 ἐστιν,

239 1310 364 1374 ἔφη,
390 1306 450 1356 τὸ
486 1301 646 1370 σῶμά
697 1318 797 1368 μου
829 1300 891 1352 τὸ
926 1300 1068 1368 ὑπὲρ
1095 1301 1250 1368 ὑμῶν
1284 1302 1590 1371 κλώμενον,
1632 1320 1650 1351 ι
1687 1319 1810 1353 του-

235 1399 415 1451 τέστιν
447 1398 539 1449 ἀεί
568 1412 579 1422 ·
618 1414 633 1445 ι
678 1397 787 1448 Καὶ
816 1393 975 1445 τοῦτό
1005 1395 1120 1446 ἐστι
1155 1395 1215 1446 τὸ
1256 1392 1393 1462 αἷμά
1425 1412 1554 1462 μου,
1585 1395 1644 1446 τὸ
1673 1397 1812 1464 ὑπὲρ

239 1490 388 1553 ὑμῶν
414 1488 795 1558 ὲκχυνόμενον,
837 1506 854 1537 ι
885 1488 981 1555 οὐχ
1030 1486 1180 1550 ἅπαξ
1220 1486 1470 1556 ἐκχυθὲν,
1500 1488 1637 1543 ἀλλὰ
1677 1490 1815 1540 πάν-

236 1601 355 1635 τοτε
389 1581 651 1650 δηλονότι.
705 1580 872 1633 Οὐδὲν
897 1582 1006 1650 ἄρα
1037 1581 1200 1653 376
1231 1584 1436 1652 ταύτης
1485 1587 1584 1652 τῆς
1618 1584 1813 1648 Θυσίας

236 1674 679 1742 ὲπωφελέστερον
712 1674 843 1742 ἡμῖν
877 1674 971 1726 καὶ
1005 1673 1125 1742 Θεῷ
1155 1676 1646 1745 προσφιλέστερον.
1683 1676 1814 1731 Ὀτι

236 1767 330 1818 καὶ
366 1765 526 1835 ἔργον
554 1765 747 1830 αὑτοῦ,
786 1767 1013 1833 καὶτῆς
1063 1767 1484 1839 ἀνθρωπότητος
1526 1771 1812 1823 ἀνακαίνι-

1906 573 2050 624 enim
2080 585 2090 619 :
2120 570 2250 634 «Qui
2278 583 2337 621 se
2361 568 2609 620 humiliat
2631 568 2957 621 cxaltahitur
2986 569 3077 620 η.»
3101 565 3206 619 Pro
3229 566 3484 620 omnibus

1909 664 2152 732 seipsum
2209 662 2428 714 tradidit
2484 659 2770 720 Dominus,
2826 668 2879 711 et
2931 659 3182 712 onmibus
3229 660 3470 727 profit-ua

1911 754 2130 806 fnerunt
2169 769 2286 821 quin
2326 754 2447 803 fecit
2489 764 2502 802 :
2551 752 2649 818 ipsi
2695 766 2794 803 nos
2837 753 3101 802 donemus
3153 759 3211 803 ut
3244 749 3483 803 vicissim

1912 849 2177 900 Ionorum
2237 847 2355 912 ejus
2420 845 2726 897 habt-anius
2800 841 3294 911 participationem.
3371 839 3485 894 lloe

1911 954 2074 1007 apere
2106 939 2222 1004 ejus
2257 937 2500 989 zelanler
2552 936 2840 1004 fungentur
2892 934 3267 987 ministrantes
3292 973 3307 997 ,
3353 922 3408 988 et
3439 937 3482 989 si

1912 1029 2029 1082 fieri
2067 1037 2268 1096 potest,
2301 1027 2542 1094 quotidie
2575 1025 2901 1078 sacrificium
2929 1023 3264 1078 tremendum
3289 1024 3486 1079 offere-

1915 1133 2037 1172 mus
2077 1121 2158 1182 ei;
2211 1119 2339 1170 illud
2397 1119 2510 1186 ipse
2559 1119 2913 1170 vehementer
2954 1126 3206 1185 exopzat,
3249 1117 3434 1170 dicens
3473 1137 3486 1168 ε

1922 1227 1939 1259 ι
1981 1209 2261 1262 Desiderio
2295 1208 2598 1260 desideravi
2637 1209 2737 1260 hoc
2774 1207 2975 1274 pascha
3038 1207 3371 1260 n:andue:.re
3400 1223 3491 1260 vo-

1915 1299 2124 1354 biscum
2164 1281 2226 1352 ίδ.
2267 1318 2285 1350 ›
2323 1299 2383 1351 Et
2415 1300 2544 1351 illud
2582 1308 2842 1366 perpetuo
2878 1298 3114 1365 postulat
3156 1314 3168 1348 :
3207 1313 3316 1350 non
3353 1298 3491 1353 dicit

1914 1394 2098 1450 enim:
2137 1391 2392 1455 Facit-tis,
2438 1395 2528 1443 sed
2565 1408 2581 1445 :
2621 1407 2637 1440 ι
2673 1391 2784 1444 lloe
2814 1390 2975 1445 facile
3029 1392 3080 1444 in
3136 1398 3312 1446 meam
3342 1410 3490 1447 com-

1916 1484 2364 1537 memoratiunem
2393 1485 2454 1546 “,
2484 1503 2501 1534 ι
2538 1483 2639 1536 hoc
2669 1492 2772 1545 est,
2797 1493 3077 1550 perpetuo.
3103 1483 3388 1547 Quodnam
3408 1492 3491 1537 est

1919 1576 2065 1629 aliud
2094 1593 2232 1644 opus
2262 1578 2362 1630 isto
2391 1592 2556 1643 opere
2590 1576 2800 1642 majus?
2831 1576 2973 1642 quod
2999 1585 3082 1629 est
3108 1577 3310 1630 Christi
3341 1592 3492 1630 com-

1919 1671 2241 1723 memoratio
2265 1712 2277 1731 ,
2321 1671 2470 1722 iiilllll
2524 1685 2724 1738 nempe
2781 1685 2878 1738 pro
2910 1670 3071 1723 nobis
3104 1672 3403 1725 sacriﬁcari
3439 1682 3493 1724 et

1919 1773 2186 1831 perpetuo
2238 1761 2464 1816 oﬂ'erri:
2505 1779 2522 1810 ι
2583 1761 2694 1813 lloe
2737 1769 2820 1815 est
2865 1761 3011 1815 enim
3058 1777 3258 1829 corpus
3308 1778 3490 1814 meum

236 1872 342 1919 σις,
388 1857 480 1907 καὶ
526 1855 709 1908 τούτου
771 1859 1029 1909 κοινωνία
1115 1858 1234 1926 μεθ’
1261 1860 1441 1928 ἡμῶν,
1497 1861 1676 1922 καθὼς
1720 1862 1810 1912 καὶ

1922 1855 2060 1922 quod
2099 1871 2193 1923 pro
2229 1854 2376 1906 vobis
2401 1853 2634 1906 traditur
2661 1851 2739 1920 ¹⁵;
2778 1870 2795 1902 r
2839 1851 2940 1906 hoc
2970 1862 3074 1918 est,
3106 1868 3339 1919 semper.
3374 1852 3439 1904 Et
3474 1868 3488 1903 :

235 1946 541 2015 σαρκωθεὶς
557 1947 750 2013 ἔδειξε,
775 1950 871 2002 καὶ
896 1948 1103 2019 μέλλων
1128 1951 1380 2019 πάσχειν,
1408 1951 1610 2020 ηὔξατο
1630 1952 1804 2007 τοῦτο.

240 2057 258 2090 ι
301 2041 415 2093 Ἰνα
446 2033 578 2093 ὦσιν
607 2039 687 2102 ἓν,
745 2039 925 2102 καθὼς
963 2042 1148 2110 ἡμεῖς,
1190 2061 1207 2091 ι
1241 2045 1432 2111 φησίν.
1474 2046 1591 2096 Ὀ.ι
1635 2044 1691 2096 δὲ
1724 2046 1810 2098 διὰ

234 2129 427 2183 τούτου
461 2130 521 2184 ἓν
578 2130 846 2200 γινόμεθα
886 2131 1003 2200 μετ’
1050 2131 1240 2192 αὑτοῦ,
1295 2132 1459 2194 αὐτὸς
1517 2137 1807 2203 μαρτυρεῖ.

241 2240 260 2272 ι
305 2222 364 2274 '0
390 2222 619 2291 τρώγων
657 2240 781 2293 μου,
812 2222 970 2293 φησὶ,
998 2222 1098 2293 τὴν
1129 2225 1332 2291 σάρκα,
1363 2224 1458 2276 καὶ
1490 2226 1662 2277 πίνων
1706 2241 1809 2293 μου

241 2319 305 2370 τὸ
334 2311 492 2387 αἷμα,
533 2321 590 2369 ἐν
623 2320 746 2388 ἐμοὶ
780 2322 952 2389 μένει,
995 2319 1147 2387 κάγὼ
1179 2321 1236 2372 ἐν
1275 2320 1445 2388 αὐτῷ.
1483 2340 1499 2370 ι

1922 1965 1939 1997 ι
1985 1944 2080 1997 llic
2110 1955 2193 1998 est
2244 1944 2464 2014 sanguis
2510 1960 2665 1998 meus
2697 1943 2788 2012 qui
2816 1959 2913 2013 pro
2945 1943 3097 1997 vobis
3121 1941 3367 1997 funditur
3391 1943 3484 1994 ¹⁸.»

1920 2037 2037 2091 Non
2069 2039 2235 2090 semel
2258 2037 2464 2091 effusus
2486 2047 2592 2099 est,
2628 2038 2720 2090 sed
2756 2036 3026 2104 hodieque
3052 2045 3108 2089 et
3137 2040 3348 2103 semper
3371 2034 3495 2087 fun-

1918 2132 2088 2192 ditur.
2139 2131 2439 2183 evidenter.
2496 2130 2639 2182 l\'ihil
2678 2139 2762 2183 est
2797 2139 2979 2183 autem
3030 2136 3086 2182 et
3133 2127 3291 2182 nobis
3322 2129 3493 2197 magis

1920 2226 2223 2294 proficuum
2270 2234 2325 2278 et
2360 2223 2470 2277 Deo
2514 2223 2682 2293 magis
2725 2221 3052 2292 glorifieum,
3079 2221 3206 2290 quia
3252 2223 3355 2275 hoc
3406 2228 3496 2273 est.

1932 2338 2069 2391 opus
2114 2322 2231 2389 ejus
2277 2321 2537 2374 dilectum
2589 2330 2644 2374 et.
2694 2316 3051 2372 humanitatis
3087 2321 3389 2380 renovatio,
3441 2329 3497 2373 ιι.

241 2413 362 2480 ejus
387 2414 672 2468 nobiscum
701 2413 1142 2477 communicatio,
1200 2422 1258 2466 ut
1281 2415 1517 2468 ostendit
1561 2414 1891 2483 incarnatus,
1933 2426 1987 2471 et
2025 2433 2147 2470 mox
2187 2431 2450 2487 passurus
2483 2415 2723 2485 apertius
2764 2414 2943 2470 innuit
2972 2419 3160 2472 dicens
3195 2436 3205 2470 :
3240 2434 3257 2465 ι
3287 2414 3355 2469 Ut
3384 2413 3496 2470 sint

241 2523 412 2561 unum
447 2507 588 2559 sicut
635 2521 733 2560 nos
765 2507 826 2558 "’.
869 2524 884 2555 ι
932 2504 1041 2559 Nos
1083 2518 1264 2560 autem
1305 2505 1406 2561 hoc
1471 2524 1638 2576 opere
1676 2526 1844 2563 unum
1895 2511 2007 2565 fieri
2043 2527 2169 2565 cum
2227 2513 2364 2581 ipso,
2402 2513 2515 2581 ipse
2547 2523 2781 2568 testatur
2817 2529 2940 2567 cum
2981 2513 3098 2567 ait;
3139 2532 3156 2562 ι
3196 2509 3298 2575 Qui
3340 2524 3495 2561 man-

240 2602 402 2656 ducat
433 2616 605 2653 meam
653 2615 872 2654 earrem
905 2612 959 2655 et
1001 2601 1132 2653 bibit
1173 2619 1349 2655 meum
1397 2605 1717 2672 sanguinem
1751 2608 1802 2658 in
1848 2621 1932 2659 me
1963 2619 2147 2660 manet
2177 2619 2229 2660 et
2261 2624 2360 2676 ego
2391 2611 2443 2661 in
2475 2624 2539 2662 eo
2565 2609 2626 2661 ¹⁸.
2661 2630 2679 2660 ι

323 2695 493 2761 ’Υπὲρ
525 2697 707 2749 πᾶσαν
739 2695 919 2748 τοίνυν
975 2697 1290 2764 προσευχήν
1323 2714 1382 2748 τε
1437 2699 1529 2750 καὶ
1581 2698 1812 2759 αἴνεοιν,

241 2789 435 2842 vol-tau
472 2786 834 2857 ἐπιμελητέον
863 2786 959 2839 τοῦ
1007 2787 1194 2857 ἔργου’
1255 2791 1334 2841 ὅτι
1405 2791 1499 2841 καί
1539 2791 1623 2841 διὰ
1658 2790 1814 2843 τοῦτο

240 2881 392 2931 πᾶσα
449 2881 746 2946 προσευχὴ.
809 2877 916 2927 Καὶ
965 2876 1024 2926 τὸ
1083 2877 1240 2927 πλέον
1295 2875 1403 2928 τῶν
1452 2877 1676 2944 ἡμερῶν
1713 2877 1810 2942 τῆς

239 2972 522 3038 ἡμετέρας
558 2968 700 3037 ζωῆς
731 2966 889 3018 τοῦτο
916 2966 1186 3034 ποιῶμεν.
1212 2966 1335 3018 Ὀτι
1371 2967 1465 3018 καὶ
1495 2967 1654 3019 τοῦτο
1684 2968 1815 3036 περὶ

238 3062 434 3114 τούτου
467 3061 777 3127 λογίζεσθαι
819 3060 1017 3129 χρεῶν,
1056 3061 1104 3110 εἰ
1136 3058 1338 3129 ἐνεργὰ
1374 3058 1444 3110 τὰ
1485 3058 1606 3111 θεῖα
1636 3059 1814 3112 πάντα

238 3157 384 3223 ἔργα
417 3172 471 3206 τε
508 3155 598 3205 καὶ
630 3153 779 3219 λόγος
811 3153 859 3202 oi.
902 3153 960 3203 ὲν
986 3150 1064 3219 τῷ
1093 3151 1309 3219 κόσμῳ,
1347 3150 1440 3202 καὶ
1466 3151 1619 3203 οὐδὲν
1647 3151 1817 3220 ἀργὸν

244 3248 387 3314 μετὰ
443 3245 502 3296 τὸ
537 3239 790 3311 γενέσθαι
851 3241 1006 3298 ποτέ.
1043 3242 1156 3294 Καὶ
1195 3240 1357 3310 δῆλον
1407 3240 1467 3304 ἐξ
1498 3234 1573 3293 ὧν
1601 3241 1816 3310 ὁρῶμεν

237 3335 465 3385 πάντων
498 3334 818 3401 κτισμάτων
871 3331 1114 3399 ἐνεργῶν
1143 3331 1311 3384 ὄντων
1338 3332 1446 3395 ἀεὶ,
1498 3331 1729 3400 ούρανοῦ
1755 3347 1814 3382 τε

1990 2701 2166 2768 Super
2195 2719 2414 2756 onmem
2443 2718 2573 2771 ergo
2608 2718 2821 2772 precem
2855 2710 2908 2756 et
2935 2699 3149 2756 laudem
3183 2701 3343 2768 hujus
3365 2715 3496 2768 θρυα-

1921 2799 1995 2848 ris
2033 2796 2171 2849 ratio
2204 2796 2444 2850 curanda
2494 2805 2594 2855 est,
2641 2795 2769 2865 quia
2807 2807 3033 2864 propter
3082 2797 3258 2864 ipsum
3311 2804 3365 2846 et
3400 2807 3498 2860 per

1920 2887 2094 2956 ipsum
2127 2889 2305 2940 onmis
2335 2888 2534 2939 oratio.
2561 2886 2627 2939 Et
2653 2888 2988 2954 prmeipumn
3014 2885 3221 2938 dierum
3248 2883 3492 2935 omnimn

1920 2980 2042 3030 vitae
2069 2987 2268 3031 nostra:
2298 2979 2574 3044 negotium
2608 2978 2707 3029 hoc
2733 2976 3022 3041 faciamus;
3049 2976 3175 3044 quia
3214 2985 3268 3026 et
3293 2975 3396 3027 hoc
3425 2975 3494 3027 de

1923 3069 2015 3121 illo
2049 3069 2338 3122 dicendum
2373 3085 2386 3121 :
2426 3068 2480 3121 Si
2515 3083 2678 3136 opera
2706 3082 3098 3136 sermonesque
3127 3083 3248 3136 qme
3284 3070 3336 3119 in
3361 3067 3496 3119 orbe

1925 3167 2163 3225 aguntur
2210 3173 2364 3211 suum
2397 3173 2424 3210 a
2469 3157 2575 3210 Deo
2607 3159 2712 3209 vim
2757 3158 2960 3210 habent
2992 3156 3246 3218 actionis,
3277 3165 3332 3209 et
3364 3154 3492 3207 nul-

1928 3249 2033 3300 lum
2065 3248 2298 3300 otiosum
2328 3259 2409 3300 est
2441 3258 2727 3316 postquam
2752 3259 2992 3302 creatum
3015 3257 3118 3302 est.
3146 3246 3280 3300 Illud
3305 3259 3490 3301 autem

1921 3346 2004 3390 est
2024 3338 2249 3390 evidens
2283 3354 2347 3390 ex
2380 3339 2479 3391 hnc
2508 3339 2650 3407 quod
2687 3339 2932 3392 videmus
2960 3339 3141 3416 omnia
3162 3352 3344 3393 creata
3369 3354 3498 3405 ope-

235 3425 384 3491 λέγω
407 3425 725 3492 κινουμένου
756 3425 863 3487 ἀεὶ,
892 3425 988 3476 καὶ
1018 3426 1121 3491 γῆς
1146 3423 1552 3494 βλαστανούσης
1579 3423 1673 3476 καὶ
1703 3422 1814 3475 τῶν

1923 3425 2132 3477 ratione
2170 3427 2442 3480 constanti
2475 3428 2742 3491 exerceri,
2787 3427 2985 3483 malum
3018 3429 3238 3496 inquam
3280 3440 3497 3497 semper

236 3519 299 3570 ἐν
333 3517 408 3586 τῷ
438 3518 586 3584 μέσῳ
617 3514 1039 3585 διενεργούντων
1071 3514 1302 3567 ἑκάστου
1338 3515 1400 3566 τὸ
1444 3513 1600 3566 ῐδιονο
1634 3511 1812 3580 πολλῷ

238 3605 446 3674 μᾶλλον
480 3602 698 3672 ἐνεργὸς
732 3603 936 3669 ὀφείλει
988 3603 1284 3670 τυγχάνειν
1316 3603 1344 3653 ὁ
1378 3602 1517 3672 πρὸς
1564 3601 1626 3654 τὸ
1653 3601 1814 3670 ἔργον

238 3697 402 3751 τοῦτο
435 3697 494 3748 τὸ
538 3696 813 3749 θειότατον
864 3698 962 3748 καὶ
1014 3696 1276 3764 μέγιστον
1341 3694 1645 3756 καταστάς.
1707 3695 1816 3746 Καὶ

241 3792 292 3841 εί
320 3791 387 3840 τὰ
421 3787 655 3856 αἰσθητὰ
702 3789 880 3840 πάντα
915 3787 1217 3855 ἀκαμάτως
1270 3787 1510 3853 ἐνεργεῖ,
1539 3786 1632 3837 καὶ
1661 3785 1691 3836 δ
1727 3801 1815 3853 μι-

242 3883 377 3950 κρὸς
427 3881 630 3948 κόσμος
659 3872 815 3942 οὗτος
866 3883 960 3932 καὶ
1015 3883 1194 3948 μέγας
1235 3881 1262 3931 ὁ
1317 3877 1626 3948 ἄνθρωπος,
1659 3877 1818 3928 τοῦτο

241 3971 538 4037 δείκνυσιν,
578 3972 800 4040 ἐνεργὸς
832 3973 920 4024 ἀεὶ
951 3971 1144 4036 τελῶν,
1182 3971 1262 4040 τῷ
1298 3970 1548 4040 αίσθητῴ
1576 3969 1675 4038 μὲν
1707 3971 1818 4031 τοῖς

243 4066 548 4136 αἰσθητοῖς,
580 4064 935 4134 τρεφόμενος,
977 4063 1182 4129 αὺξανό
1195 4079 1378 4131 μενος,
1409 4060 1816 4129 ἀλλοιούμενος,

243 4160 324 4230 τῷ
355 4159 531 4227 νοητῷ
560 4158 638 4222 δὲ,
668 4160 774 4216 τοῖς
807 4158 1039 4224 νοητοῖς,
1068 4156 1155 4208 ἀεὶ
1187 4154 1264 4223 τῷ
1290 4154 1363 4223 νῷ
1395 4155 1588 4222 καὶτῷ
1618 4155 1821 4223 λογικῷ

241 4254 347 4322 τῆς
370 4250 549 4321 ψυχῆς
581 4248 820 4316 ἐνεργῶν
848 4248 944 4299 καὶ
976 4247 1319 4314 κινούμενος,
1354 4247 1430 4308 ὡς
1474 4245 1726 4298 ἐντεῦθεν
1757 4247 1821 4296 ἐκ

244 4345 350 4414 τῆς
380 4343 473 4396 τοῦ
506 4342 853 4411 ἀνθρωπίνου
882 4340 999 4403 νοὸς
1051 4341 1323 4407 κινήσεως
1370 4340 1464 4392 καὶ
1495 4339 1592 4400 τὰς
1625 4339 1817 4406 vespa;

249 4438 347 4488 καὶ
381 4434 529 4495 θείας
581 4432 840 4500 δυνάμεις
875 4431 1217 4497 ἁεικινήτους
1277 4425 1419 4483 εἶναι
1479 4427 1820 4496 λογίζεσθαι.

247 4527 374 4589 Πῶς
415 4525 522 4593 ἄρα
550 4524 608 4575 τὺ
669 4525 926 4591 μέγιστον
977 4522 1140 4591 ἔργον
1173 4521 1274 4590 τῆς
1329 4522 1571 4593 μεγάλης
1616 4521 1822 4590 ταύτης

243 4618 525 4680 διακονίας
544 4615 638 4666 τοῦ
653 4611 811 4674 Θεοῦ,
837 4612 899 4663 τὸ
927 4612 1063 4678 ὑπὲρ
1088 4611 1268 4681 πάσης
1294 4614 1620 4678 κτίσεως,δι“
1647 4606 1706 4664 οὗ
1745 4617 1824 4674 είς

244 4717 311 4771 τὸ
325 4715 385 4768 εὖ
404 4711 540 4766 εἶναι
568 4713 636 4764 τὰ
657 4712 786 4764 ὅντα
812 4711 1253 4779 χειραγωγεὴαι,
1273 4709 1391 4777 Θεῷ
1413 4707 1696 4777 ὲνούμενα,
1732 4710 1826 4760 καὶ

249 4809 370 4860 θεῖα
395 4805 682 4874 γινόμενα,
720 4803 814 4853 καὶ
842 4800 1043 4869 μᾶλλον
1076 4801 1142 4852 τὰ
1179 4798 1393 4866 λογικὰ,
1427 4799 1521 4850 καί⁵
1545 4797 1824 4867 ἄνθρωποι

250 4899 360 4969 πρὸ
420 4898 637 4948 πάντων
688 4892 1015 4962 τεθνηκότες
1057 4891 1153 4942 καὶ
1188 4892 1410 4954 ζῶντες,
1456 4889 1626 4959 ἀργὸν
1672 4891 1825 4940 ἔσται

251 4992 385 5045 ποτὲ
436 4990 522 5042 διὰ
557 4987 656 5056 τῆς
690 4985 984 5056 ῥᾳθυμίας,
1015 4983 1048 5052 ἢ
1077 4983 1173 5033 καὶ
1227 4982 1491 5051 δοκούσης
1536 4981 1823 5041 εύλαῦείας

248 5086 362 5137 τῶν
389 5083 616 5152 ίερέων;
646 5080 760 5133 Οὐκ
783 5080 898 5130 ἐστι
920 5077 1017 5144 τῆς
1041 5076 1150 5127 τῶν
1170 5075 1489 5145 μυστηρίων
1513 5076 1824 5144 ἱερουργίας

253 5178 288 5244 η
315 5174 485 5245 ἀργία
513 5171 792 5235 εὐλάϐεια,
826 5171 926 5222 ούκ
967 5171 1104 5232 ἔστι,
1130 5168 1362 5238 κώλυμα
1405 5168 1458 5220 δὲ
1493 5168 1694 5237 μᾶλλον
1721 5168 1822 5233 τῆς

252 5273 528 5338 σωτηρίου
569 5267 758 5326 θυσίας
783 5266 874 5316 καὶ
907 5263 1009 5331 τῆς
1039 5262 1290 5313 ἐντεῦθεν
1319 5260 1606 5329 ὠφελείας.
1643 5260 1705 5310 Et
1729 5253 1823 5310 οὖν

254 5365 336 5433 μὴ
363 5361 426 5412 τὸ
461 5358 669 5412 κωλύον
704 5357 837 5424 πρὸς
873 5357 932 5409 τὸ
960 5357 1263 5424 ἱερουργεῖν
1293 5355 1461 5415 ἐστιν,
1492 5355 1525 5421 ἡ
1555 5353 1825 5420 σωτήριος

252 5457 419 5506 θυσία
453 5451 713 5521 διηνεκῶς
743 5447 1093 5518 ὲνεργείσθω.
1117 5449 1385 5516 ὐργανον
1419 5447 1561 5514 ἱερὸν
1587 5446 1614 5496 ὁ
1647 5445 1824 5513 ἱερεὺς

254 5544 585 5613 ἀπεδείχθη’
628 5543 700 5611 μὴ
739 5544 906 5610 ἀργὸν
944 5539 1173 5610 μενέτω.
1209 5541 1380 5591 Δῶσει
1411 5541 1517 5605 γὰρ
1545 5540 1724 5607 λόγον,
1752 5540 1825 5599 ῶς

251 5638 563 5702 λογίζομαι,
598 5633 696 5704 τῆς
746 5635 965 5703 ἀργίας·
1006 5633 1080 5692 ὡς
1113 5635 1204 5686 καὶ
1235 5636 1261 5684 ὸ
1293 5632 1434 5694 θεῖός
1467 5649 1601 5699 φησι
1663 5629 1823 5681 Bato!-

362 5755 400 5784 ι’
434 5753 616 5806 Matth.
655 5767 808 5817 χχιιι,
838 5750 923 5803 12.
1009 5749 1050 5779 ¹³
1084 5746 1215 5800 Luc.
1249 5760 1383 5811 xm,
1411 5745 1496 5800 15.

259 5827 306 5859 ⁸⁸
328 5823 484 5879 JOan.
516 5839 587 5881 vt,
630 5821 716 5876 57.

502 5919 772 5978 PATBOL.
806 5915 917 5975 Gn.
956 5912 1130 5972 CLV.

1577 5745 1616 5774 ιδ
1650 5740 1779 5797 Luc.
1815 5758 1948 5807 xm,
1993 5743 2078 5798 i9.

1917 3517 2139 3580 moveri,
2172 3525 2226 3569 et
2257 3527 2457 3570 terram
2487 3516 2771 3572 frondibus
2799 3519 2979 3574 virere
3004 3529 3062 3574 et
3102 3536 3223 3588 qua:
3292 3519 3345 3572 in
3405 3520 3498 3573 illa

1917 3618 2043 3660 sunt
2070 3610 2496 3679 unumquodque
2529 3614 2672 3680 quod
2715 3611 2817 3681 ipsi
2853 3611 3131 3681 proprium
3173 3623 3256 3665 est
3288 3626 3450 3681 agere
3473 3630 3490 3665 :

1920 3699 2087 3752 multo
2111 3701 2282 3771 magis
2302 3713 2621 3772 eperantem
2653 3704 3068 3772 deprehendere
3089 3716 3304 3772 oportet
3331 3720 3493 3772 quem

1920 3790 2065 3846 Deus
2097 3792 2380 3847 constituit
2412 3809 2576 3863 super
2606 3810 2744 3863 opus
2778 3794 3193 3850 sanctissimum
3227 3805 3282 3849 et
3324 3797 3499 3849 maxi-

1930 3899 2100 3938 mum.
2135 3886 2198 3938 Et
2244 3887 2289 3940 si
2334 3886 2615 3940 sensibilia
2665 3887 2847 3939 omnia
2911 3889 3031 3941 sine
3082 3887 3494 3942 intermissione

1921 3985 2106 4044 agunt,
2146 3976 2237 4052 hic
2263 3992 2463 4045 parvus
2492 3987 2546 4031 et
2569 3978 2730 4032 simul
2763 3994 2992 4049 magnus
3022 3980 3262 4032 mundus
3292 3983 3381 4048 qui
3410 3989 3497 4035 est

1923 4069 2106 4133 homo,
2150 4070 2282 4123 illud
2308 4070 2362 4122 in
2389 4086 2447 4124 se
2482 4070 2841 4134 demonstrat,
2874 4087 3039 4142 agens
3081 4074 3326 4140 perfecte
3366 4074 3497 4129 abs-

1921 4175 2026 4229 que
2057 4161 2266 4229 requie,
2299 4161 2632 4215 sensibiliter
2671 4172 2856 4229 utpote
2885 4163 3243 4216 sensibilibus
3271 4163 3492 4229 similis,

1924 4255 2160 4306 nutritus
2189 4252 2485 4314 alimentis,
2521 4262 2576 4305 et
2621 4268 2872 4306 crescens
2899 4293 2912 4316 ,
2944 4265 2997 4306 et
3031 4257 3338 4309 successive
3375 4274 3492 4310 mu-

1926 4357 2068 4401 tatus
2096 4365 2108 4398 :
2139 4347 2584 4400 intellectualiter
2613 4356 2792 4400 autem
2825 4349 3127 4402 secundum
3158 4352 3300 4416 quod
3337 4352 3498 4403 habet

1926 4459 2048 4496 cum
2073 4443 2445 4512 intelligentiis
2469 4443 2908 4508 similitudinem,
2929 4445 3194 4498 continuo
3221 4447 3496 4499 intellectu

1926 4546 1980 4589 et
2032 4537 2240 4588 ratione
2290 4537 2482 4589 anima:
2525 4551 2637 4590 sua;
2681 4551 2849 4605 agens
2884 4546 2935 4588 et
2975 4552 3199 4590 movens
3233 4553 3246 4590 :
3284 4554 3347 4591 ex
3384 4554 3500 4590 mo-

1930 4628 2075 4681 tione
2108 4628 2330 4694 Spiritus
2366 4628 2592 4680 hurnani
2632 4628 3044 4695 intelligendum
3082 4640 3344 4697 perpetuo
3381 4648 3496 4683 mo—

1930 4720 2042 4772 veri
2072 4720 2265 4787 agique
2283 4728 2337 4770 et
2372 4733 2531 4786 agere
2563 4719 2957 4770 intellectuales
2988 4731 3042 4772 et
3069 4719 3287 4775 divinas
3311 4736 3500 4773 omnes

1930 4810 2181 4863 virtutes.
2239 4807 2523 4872 Quomodo
2575 4807 2742 4874 igitur
2793 4807 3088 4858 iiiaximum
3143 4823 3282 4875 Opus
3336 4809 3500 4874 hujus

1931 4899 2112 4969 magm
2149 4898 2438 4951 ministerii
2471 4897 2586 4958 Dei,
2621 4898 2762 4966 quod
2791 4907 2875 4950 est
2905 4913 2999 4964 pio
3025 4901 3170 4950 omni
3202 4899 3498 4958 creatione.

1930 5008 2027 5060 per
2086 4991 2232 5058 quod
2285 4991 2351 5042 ad
2400 4991 2603 5042 bonum
2655 4991 2809 5057 quasi
2876 4999 3320 5043 inannuducuntur
3382 5005 3503 5058 qum

1930 5092 2100 5143 sunt,
2158 5081 2265 5132 Deo
2325 5080 2617 5147 conjuncta
2648 5117 2662 5138 ,
2713 5091 2765 5132 ct
2815 5080 2994 5131 divina
3049 5081 3226 5136 facta.
3273 5079 3503 5130 maxine

1928 5191 2048 5243 quae
2077 5178 2186 5241 jam
2213 5175 2421 5225 ratione
2443 5173 2740 5232 denantur,
2770 5185 2821 5224 et
2847 5190 2953 5240 pne
2979 5177 3234 5224 omnibus
3254 5172 3502 5224 homines

1929 5266 2126 5319 mortui
2158 5265 2349 5328 etvivi,
2374 5267 2667 5331 quomodo,
2699 5263 2939 5330 inquam,
2977 5277 3113 5330 opus
3139 5262 3239 5314 hoc
3270 5261 3500 5312 otiosum

1932 5369 2175 5411 maneret
2209 5355 2386 5424 aliqua
2419 5356 2765 5424 negligentia,
2791 5371 2908 5420 quae
2936 5357 3109 5418 pietas
3135 5355 3185 5404 in
3208 5354 3472 5403 sat-eulotl
3492 5382 3504 5389 -

1929 5450 2033 5502 bus
2060 5447 2424 5516 judicaretur?
2458 5446 2573 5497 Non
2601 5457 2681 5498 est
2706 5446 2848 5496 enim
2879 5446 3049 5511 pietas
3083 5444 3410 5511 negligentia
3448 5443 3500 5492 in

1931 5539 2260 5593 celebrando
2282 5538 2531 5606 mysteria
2559 5553 2573 5602 ;
2600 5537 2706 5588 imo
2731 5545 2812 5588 est
2836 5535 3285 5603 impedimentum
3317 5533 3492 5598 potius

1933 5632 2182 5685 sacrificii
2220 5631 2493 5692 salutaris,
2526 5641 2581 5685 et
2620 5631 2736 5699 ejus
2770 5646 2888 5698 qum
2921 5638 2998 5680 est
3035 5644 3100 5679 ex
3125 5643 3188 5678 eo
3229 5624 3499 5677 utilitatis.

2160 5743 2200 5775 ¹⁸
2229 5745 2359 5798 ibid.
2390 5744 2476 5796 19.
2560 5744 2600 5773 ¹⁶
2634 5743 2762 5795 ibid.
2798 5744 2887 5795 ‘20.
2971 5741 3010 5769 ¹⁷
3036 5740 3190 5793 Joau.
3237 5754 3368 5805 χνιι,
3413 5738 3497 5793 Η.

3000 5901 3069 5960 31
