4158 6440
218 307 314 372 973

1533 333 1628 396 DE
1676 333 2152 398 SACERDOTIO

3360 345 3466 414 9'75

218 419 290 492 τῷ
312 423 525 494 Ῥώμης
558 430 686 498 περὶ
715 430 906 484 τούτου
942 437 1374 510 προθυμουμένῳ
1409 444 1470 495 τδ
1504 447 1645 494 θεῖον
1677 445 1766 514 ἔρ-

1892 463 2077 501 ιιιηιιιιτι
2109 466 2233 504 cura
2270 452 2619 508 ct-lchrationi
2667 457 2831 510 divini
2866 459 3044 524 operis
3119 457 3452 526 iniigilabat.

220 529 324 581 γον.
352 518 443 567 καὶ
473 520 531 570 έν
558 522 676 582 ταῖς
720 523 993 591 νηστείαις
1036 529 1094 580 ιν
1142 532 1205 597 τῇ
1251 532 1348 598 τῆς
1381 531 1604 603 Ῥώμης
1656 537 1776 587 Ἐκ-

218 604 440 674 adquia;
471 609 547 672 ὼς
601 612 840 679 λέγεται,
872 617 1082 671 τελείαν
1127 622 1441 691 ἱερουργίαν
1486 626 1779 694 νομοθετή-

220 716 386 761 σαντι,
423 705 515 754 καὶ
551 707 676 774 περί
698 724 842 770 τινος
881 712 1182 767 ἐπισκόπου
1224 716 1378 770 τοῦτο
1413 721 1689 781 ποιοῦντος
1724 719 1783 770 τδ

221 790 334 842 καθ’
361 795 573 864 ἡμέραν
620 798 923 871 ἱερουργεῖν
955 805 1288 870 έκδιδάξαντι
1313 823 1327 839 ⁸
1360 811 1419 863 ὃν
1459 810 1521 879 δὴ
1557 811 1779 864 ἐπίσκο-

219 899 316 974 πον
343 887 394 938 οι
431 894 714 959 κορυφαῖοι
746 897 886 949 κατὰ
922 899 1019 968 τὴν
1054 902 1231 953 αὐτῶν
1267 905 1488 974 μνήμην
1519 906 1783 972 προσελά-

219 972 386 1037 ϐοντο,
439 982 595 1047 φησὶ,
654 985 791 1052 μετὰ
838 988 938 1056 τὴν
977 989 1130 1044 θείαν
1171 972 1505 1064 ἱερουργίαν,
1555 995 1632 1059 ὡς
1685 999 1779 1051 καὶ

221 1065 335 1160 καθ’
369 1067 587 1160 ὖπνονςῌ
609 1075 761 1145 αὑτῷ
792 1081 1209 1151 προηγόρευσαν
1234 1099 1248 1114 ·
1294 1087 1388 1139 καὶ
1432 1088 1780 1160 Ἀπολλωνίῳ

219 1157 294 1225 τῷ
325 1161 473 1229 ὁσίῳ,
528 1157 590 1216 οὗ
643 1167 738 1221 καὶ
796 1170 844 1222 οῖ
914 1174 1154 1241 μαθηταὶ
1210 1177 1332 1231 καθ’
1378 1180 1636 1248 ἑκάστην,
1687 1157 1782 1236 καλ

222 1249 532 1320 ίερούργουν
583 1257 675 1308 καὶ
729 1260 975 1329 μετεῖχον
1025 1262 1139 1314 τῶν
1195 1265 1532 1333 μυστηρίων.
1587 1268 1694 1320 Καὶ
1752 1271 1779 1321 ὁ

221 1339 357 1408 ίερὸς
391 1342 447 1394 δι
479 1344 861 1417 Χρυσόστομος
897 1351 952 1402 ὲν
980 1351 1157 1421 τούτῳ
1190 1357 1255 1408 τὰ
1280 1357 1378 1424 τῆς
1399 1357 1548 1420 θείας
1578 1377 1781 1426 μυστα-

219 1429 422 1497 γωγίας
443 1436 817 1506 συνεγράψατο
840 1440 936 1494 σὺν
956 1440 1033 1509 τῷ
1059 1443 1233 1510 Πατρὶ
1257 1441 1545 1515 Βασιλείῳ,
1566 1447 1782 1500 ἐπαινεῖ

217 1538 273 1572 τε
305 1523 424 1575 καθ’
453 1527 664 1596 ἡμέραν
694 1532 818 1592 τοὺς
845 1533 942 1601 τῆς
978 1536 1264 1598 κοινωνίας
1301 1537 1648 1605 μετέχοντας,
1680 1539 1779 1606 μό·

219 1629 304 1664 νον
333 1615 572 1679 εὐλαϐῶς
607 1620 702 1673 καὶ
730 1621 913 1687 ἀξίως,
947 1625 1039 1677 καὶ
1087 1628 1148 1678 ὲν
1192 1627 1314 1690 ταῖς
1361 1629 1673 1694 καθολικαῖς
1725 1632 1778 1684 δὲ

232 1703 574 1774 Ἐκκλησίαις
637 1713 731 1766 καὶ
802 1714 1080 1785 πανταχοῦ
1139 1721 1254 1781 τοῖς
1313 1720 1780 1792 προθυμουμένοις

220 1797 340 1849 καθ’
400 1801 638 1871 ἑκάστην
695 1805 1030 1876 ἐνεργεῖσθαι
1101 1814 1168 1865 τά
1224 1815 1324 1880 τῆς
1389 1815 1779 1882 μυσταγωγίας

219 1891 595 1956 παραδέδοται.
632 1896 744 1950 Ἵνα
795 1901 851 1952 δὲ
885 1903 959 1971 μή
997 1920 1104 1956 τισι
1149 1904 1210 1957 τὸ
1263 1906 1427 1978 ῥηθὲν
1475 1905 1580 1970 ἔξω
1617 1907 1777 1974 λόγου

217 1983 365 2055 δόξῃ,
405 1986 483 2058 τῷ
529 1991 623 2041 καὶ
680 1997 979 2060 κοσμικους
1042 1999 1139 2065 μὲν
1198 1997 1516 2051 ὑποκεῖσθαι
1567 2001 1660 2051 καί
1714 2004 1779 2070 τῇ

218 2079 441 2149 τοιαύτῃ
471 2080 719 2152 διακονίᾳ
748 2086 962 2151 γυναιξὶ
1003 2089 1301 2154 συζῶντας,
1336 2093 1428 2144 καὶ
1460 2096 1571 2155 τοῖς
1615 2111 1783 2162 μονα-

220 2173 332 2237 χοῖς
398 2171 454 2225 δὲ
515 2174 774 2240 πολλάκις
835 2177 933 2249 τὴν
989 2183 1313 2251 νυκτερινὴν
1366 2184 1785 2256 ὲπισυμὸαίνειν

219 2264 502 2332 ἐπήρειαν,
555 2268 688 2322 ἀλλά
739 2274 831 2323 καὶ
882 2273 1056 2342 θυμοῦ
1115 2277 1209 2328 καὶ
1265 2279 1652 2346 μνησικακίας,
1692 2283 1786 2334 καὶ

223 2355 430 2408 πολλῶν
488 2361 691 2429 ἑτέρων
740 2363 928 2415 παθῶν
977 2367 1239 2437 ἐπήρειαν
1268 2369 1607 2436 ἐπιγίνεσθαι
1641 2373 1787 2425 πλεί-

224 2465 367 2512 στοις
401 2452 643 2507 ιπιθέσει
677 2454 770 2508 τοῦ
803 2459 1066 2528 πονηροῦ.
1098 2459 1316 2516 Τούτων
1350 2463 1405 2516 δὲ
1440 2465 1659 2519 πάντων
1687 2467 1790 2519 ἁπ-

218 2543 555 2613 ηλὶαγμένος
591 2547 796 2614 ὀφείλει
849 2545 987 2603 εἶναι
1042 2552 1068 2602 ὁ
1117 2553 1334 2621 ἀληθῶς
1371 2557 1572 2625 ἱερεὺς,
1607 2557 1668 2609 τὸ
1693 2558 1787 2611 τοῦ

225 2639 456 2707 μεγάλου
501 2641 802 2705 Βασιλείου,
829 2643 874 2694 εί
917 2643 1162 2708 δυνατδν,
1198 2646 1546 2714 ὲνεργείσθω,
1587 2649 1646 2701 τὸ
1694 2651 1790 2717 τῆς

225 2729 517 2799 ἑϐδομάδος
570 2735 830 2800 τετράκις
885 2735 1207 2804 ἱερουργεῖν,
1260 2737 1334 2799 ὡς
1367 2740 1603 2805 είρηται.
1644 2741 1703 2794 El
1747 2742 1790 2793 δ’

222 2821 338 2888 οἷν,
364 2822 464 2876 κᾶν
491 2825 570 2885 δῖς
596 2825 690 2890 τῆς
723 2825 1015 2895 ἑϐδομάδος
1044 2826 1458 2897 ἀπαραιτήτως.
1487 2831 1656 2884 Τοῦτο
1686 2833 1791 2900 γὰρ

225 2919 320 2969 καὶ
352 2919 462 2980 τοῖς
487 2921 545 2971 έν
575 2921 761 2987 κόσμῳ
786 2922 880 2974 καὶ
916 2924 1173 2993 μοναχοῖς
1208 2924 1430 2977 δυνατόν
1465 2927 1578 2979 ἐστι
1609 2929 1700 2981 καὶ
1730 2931 1789 2981 οὐ

225 3009 379 3078 χώρα
410 3009 616 3072 τούτοις
653 3011 970 3078 ἀπολογίας,
1007 3016 1072 3081 τῇ
1112 3013 1216 3065 τῶν
1252 3017 1409 3067 πέντε
1444 3018 1665 3084 ἡμερῶν
1701 3037 1792 3080 ειε-

1882 547 1935 588 et
1958 537 2164 606 legibus
2213 543 2531 608 providebat
2578 546 2851 612 quomodo
2904 547 2956 600 in
3021 547 3176 600 festis
3211 547 3459 603 Ecclesim

1884 626 2143 680 Romana'
2177 629 2467 685 ollerrvtur
2497 634 2846 696 sacriﬁcium,
2884 644 2938 687 et
2970 638 3261 690 occasione
3286 637 3459 688 alica-

1878 723 1968 785 jus
2001 718 2251 792 EpisCopi
2286 726 2374 792 qui
2407 727 2650 793 quotidie
2685 727 2991 782 celebrabat
3033 729 3355 782 decreverat
3379 728 3455 781 ita

1883 813 2214 876 faciendum;
2238 816 2434 869 deinde
2464 820 2635 871 sancti
2674 819 2964 886 Apollonii,
3009 820 3166 887 cujus
3198 820 3454 888 discipuli

1883 919 2097 958 sacrum
2129 906 2476 962 celebrabant
2503 909 2744 978 quotidie
2779 909 3098 963 sacrificium
3133 920 3186 962 et
3213 926 3459 963 commu-

1883 996 2140 1050 nicabant
2163 1001 2368 1053 sanctis
2401 1001 2696 1070 mysteriis.
2723 1000 3022 1056 Etsanctus
3038 1000 3458 1071 Chrysostomus

1884 1086 1938 1139 in
1976 1087 2079 1142 hoc
2111 1092 2250 1156 quod
2282 1093 2346 1146 ad
2375 1109 2581 1146 sacram
2612 1095 2996 1164 mystagogiam
3051 1105 3263 1162 spectat
3318 1111 3458 1149 con-

1881 1179 2047 1232 sentit
2110 1181 2251 1252 Patri
2283 1183 2482 1237 Basilio
2531 1203 2544 1238 :
2609 1185 2902 1254 laudatque
2961 1202 3056 1239 eos
3082 1186 3174 1256 qui
3215 1188 3458 1254 quotidie

1881 1273 2249 1327 communioni
2282 1277 2629 1345 participant,
2681 1279 2842 1330 modo
2875 1280 2958 1345 pie
3003 1279 3271 1348 digneque
3313 1279 3459 1333 acci-

1881 1364 2130 1432 piant,et
2161 1366 2213 1419 in
2270 1368 2513 1422 ecclesiis
2542 1369 2827 1422 catholicis
2862 1380 2916 1422 et
2965 1371 3164 1436 uhique
3212 1372 3318 1424 illis
3368 1372 3456 1435 qui

1880 1465 2135 1523 satagunt
2155 1459 2397 1525 quotidie
2418 1459 2694 1513 celebrare
2718 1476 2938 1514 munera
2969 1465 3255 1515 traduntur
3280 1462 3465 1516 initia-

1883 1547 2066 1601 lionis.
2103 1547 2177 1602 Ne
2213 1560 2393 1602 autem
2431 1549 2754 1618 quihusdam
2784 1562 3110 1620 prmposterc
3142 1551 3344 1603 dictum
3383 1548 3462 1602 vi-

1881 1637 2108 1703 deatur;
2132 1653 2257 1692 nam
2288 1650 2342 1692 et
2378 1641 2430 1692 in
2460 1641 2659 1694 mundo
2685 1643 2871 1695 vivunt
2904 1643 2995 1695 tali
3027 1641 3327 1695 ministerio
3360 1639 3464 1693 ini-

1884 1728 2000 1781 tiati
2030 1729 2335 1783 habitantes
2364 1746 2484 1784 cum
2517 1734 2817 1797 uxoribus;
2868 1743 2922 1786 et
2967 1734 3249 1786 monachis
3299 1733 3460 1785 etiam

1884 1833 2121 1888 pers:epe
2150 1819 2401 1873 accidunt
2428 1831 2705 1875 nocturnae
2753 1821 3099 1879 tentationes,
3148 1823 3232 1873 vel
3273 1820 3367 1873 ira!
3411 1830 3460 1873 et

1883 1910 2047 1964 animi
2076 1913 2316 1966 rancoris
2335 1925 2428 1966 aut
2466 1915 2701 1982 plurium
2734 1913 2961 1967 aliarum
2990 1912 3299 1981 passionum
3329 1921 3454 1966 ten-

1886 2003 2118 2058 tationes
2141 2004 2373 2058 maxime
2407 2007 2874 2074 praeoccupatione
2911 2004 3187 2057 daemonis
3213 2021 3228 2065 ;
3257 2003 3325 2057 ab
3356 2002 3465 2056 illis

1885 2093 2142 2146 omnibus
2173 2096 2337 2165 longe
2373 2098 2564 2151 abesse
2600 2097 2761 2151 debet
2797 2095 2887 2164 qui
2916 2111 3044 2150 vere
3078 2095 3337 2150 sacerdos
3366 2105 3460 2148 est

1886 2197 1936 2239 et
1963 2195 2228 2256 quantum
2263 2197 2440 2256 potest
2474 2189 2651 2258 magni
2707 2187 3171 2250 Basiliinormam
3218 2188 3370 2255 sequi
3405 2196 3462 2240 ut

1889 2288 2081 2346 quater
2110 2279 2160 2332 in
2200 2279 2533 2333 hebdomada
2578 2280 2838 2334 celebret.
2900 2279 2994 2332 Sin
3028 2281 3209 2338 aliter,
3273 2280 3464 2330 saltem

1890 2369 1975 2422 bis
2001 2369 2418 2423 in‘hebdomada
2452 2368 2544 2423 sed
2576 2380 2725 2423 certo
2758 2385 2772 2432 ;
2814 2373 2915 2422 hoc
2937 2369 3082 2423 enim
3118 2378 3168 2422 et
3206 2369 3271 2421 iis
3297 2369 3387 2434 qui
3415 2368 3465 2419 iu

1889 2458 2095 2511 mundo
2122 2467 2251 2510 sunt
2284 2468 2338 2511 et
2371 2457 2660 2511 monachis
2689 2447 2910 2510 omnino
2943 2457 3200 2526 possibile
3231 2466 3334 2513 ρει.
3370 2471 3468 2509 nec

1892 2549 1997 2602 illis
2030 2565 2153 2604 esse
2205 2560 2387 2619 potest
2438 2549 2810 2603 excusationis
2889 2551 3080 2612 locus;
3118 2559 3466 2618 possuntque

1893 2655 1990 2708 per
2024 2640 2158 2694 alios
2191 2642 2429 2711 quinque
2462 2641 2577 2694 dies
2624 2641 2977 2694 meditatione
3014 2651 3067 2694 et
3103 2651 3306 2694 attcuta
3335 2656 3465 2694 cura

1893 2745 1946 2785 et
1978 2731 2326 2785 confessione
2376 2734 2742 2787 innocentiam
2803 2747 3149 2798 recuperare.
3184 2732 3366 2797 Quare
3412 2744 3466 2787 et

1893 2825 2266 2894 priedicatioui
2309 2827 2412 2880 illis
2451 2836 2534 2880 est
2575 2827 2891 2879 instandum
2930 2835 3056 2878 ante
3108 2827 3311 2889 omnia,
3344 2841 3463 2894 qua

1895 2933 2004 2986 prae
2036 2918 2154 2970 aliis
2188 2919 2513 2972 innocentia:
2541 2918 2693 2986 origo
2723 2933 2842 2972 esse
2874 2927 3076 2986 potest,
3108 2927 3161 2972 et
3189 2917 3360 2985 magis
3382 2923 3463 2970 est

1898 3010 2276 3062 sacerdotibus
2307 3009 2610 3063 necessaria
2667 3013 2756 3078 qui
2803 3011 3062 3079 pcrpetim
3097 3011 3363 3064 accedunt
3396 3009 3465 3063 ad

224 3098 356 3169 λὲτῃ
384 3098 476 3150 καὶ
505 3102 745 3170 προσοχῇ
775 3103 866 3153 καὶ
899 3101 1289 3172 ἐξομολογήσει
1325 3106 1789 3175 προκαθαίρεσθαι

1903 3099 2070 3151 Deum
2099 3101 2190 3168 qui
2225 3101 2406 3153 omnia
2464 3102 2600 3154 videt
2655 3113 2708 3153 ct
2743 3104 3074 3170 pmniteutia:
3101 3103 3193 3155 dat
3230 3103 3464 3157 veniant.

219 3189 562 3257 δυναμένοις.
599 3194 690 3242 Διὸ
722 3192 817 3244 καὶ
860 3191 960 3258 τῆς
993 3192 1400 3262 ὲξαγορεύσεως
1442 3197 1546 3264 πρὸ
1587 3200 1787 3260 πανττς

221 3283 405 3343 αὐτοῖς
462 3282 794 3333 ἀνθεκτέον·
853 3283 934 3335 ὅτι
985 3285 1081 3335 καὶ
1136 3285 1270 3353 αὕτη
1308 3285 1413 3354 πρὸ
1460 3287 1568 3338 τῶν
1614 3289 1787 3340 ἄλλων

222 3373 509 3443 καθαίρειν
540 3375 786 3435 δύναται,
820 3377 912 3429 καὶ
941 3379 1052 3438 τοῖς
1102 3377 1338 3446 ἱερεῦσιν
1390 3379 1789 3449 ἀναγκαιοτέρα

218 3467 274 3518 δὲ
311 3466 508 3529 μᾶλλον
541 3467 680 3536 αὕτη
724 3470 832 3529 τοῖς
866 3467 1131 3536 διηνεκῶς
1169 3468 1444 3534 ἐγγίζουσι
1495 3472 1574 3540 τῷ
1615 3474 1789 3525 πάντα

220 3559 386 3611 εἰδότι
423 3557 561 3626 Θεῷ,
593 3561 682 3610 καὶ
714 3561 779 3627 τῇ
816 3560 1075 3629 μετανοίᾳ
1115 3559 1212 3628 τὴν
1265 3560 1459 3628 ἄφεσιν
1510 3563 1787 3617 δεδωκότι.

223 3650 286 3701 El
337 3649 390 3700 δέ
427 3666 486 3715 γε
525 3648 728 3709 πάθους
761 3649 903 3710 τινος
947 3650 1272 3718 ἐπικράτεια
1314 3651 1510 3715 μᾶλλον
1541 3656 1680 3708 κατά
1713 3674 1792 3708 τι-

221 3757 314 3800 νος
340 3739 576 3805 γένοιτο·
621 3739 860 3791 τοῦτοδὲ
897 3743 1007 3802 τοῖς
1057 3743 1455 3810 μνησικακοῦσι
1504 3747 1790 3811 συμόαίνει

222 3830 389 3881 πλέον
417 3831 510 3882 καὶ
548 3833 659 3892 τοῖς
699 3832 966 3900 βασκανίᾳ
994 3834 1087 3885 καὶ
1115 3834 1299 3900 φθάνω
1321 3853 1749 3906 κεκρατημένοις
1776 3856 1790 3870 ο

217 3921 282 3971 03
315 3919 430 3972 δέον
467 3921 563 3985 μὲν
601 3922 691 3972 τον
716 3921 791 3988 τῷ
828 3920 990 3973 πάθει
1024 3921 1219 3974 άλὸντα
1246 3923 1322 3991 τῷ
1351 3926 1539 3994 ἀγαθῷ
1572 3928 1665 3980 καὶ
1697 3931 1792 3996 τῆς

218 4010 448 4076 εἰρήνης
485 4011 706 4078 χορηγῷ
755 4013 1139 4078 προσεγγίσαι,
1171 4015 1400 4082 ὄργανον
1447 4020 1791 4072 καταστάντα

216 4099 300 4166 τῷ
328 4116 459 4166 πονη
474 4098 568 4166 ρῷ.
597 4100 672 4161 ὡς
714 4101 770 4149 ἐν
799 4100 948 4167 αὐτῷ
988 4102 1074 4153 διὰ
1108 4102 1201 4154 τοῦ
1235 4103 1440 4167 πάθους
1474 4109 1787 4176 οἰκήσαντι·

216 4189 539 4251 γινωσκέτω
575 4191 630 4241 δὲ
659 4189 833 4254 οὗτος,
864 4192 938 4253 ὡς
985 4192 1074 4242 τὸν
1115 4193 1208 4245 τοῦ
1253 4196 1457 4259 πάθους
1501 4198 1658 4266 λόγον
1701 4203 1792 4254 καὶ

215 4285 321 4353 τῆς
354 4285 549 4354 ἀργίας
589 4287 1047 4356 ἁπαιτηθήσεται,
1083 4287 1418 4358 αὖτεξουσίῳ
1447 4292 1639 4363 γνώμῃ
1671 4294 1791 4345 ἑαυ-

215 4378 316 4428 τλιν
347 4377 531 4438 ἒκδοὺς
572 4379 696 4438 ταῖς
742 4377 834 4428 τοῦ
865 4379 1100 4446 πονηροῦ
1137 4379 1484 4446 συμϐουλαῖς.
1521 4382 1655 4434 Οὐδὲ
1687 4387 1792 4452 γὰρ

219 4468 384 4536 ἰσχὺς
425 4468 502 4533 τῷ
534 4468 712 4536 ὲχθρῷ
747 4470 852 4537 ὅπη
909 4469 1167 4539 βουλητὸν
1202 4470 1350 4538 αὐτῷ
1377 4474 1526 4540 ἡμᾶς
1560 4477 1793 4542 καταφέ-

444 4559 525 4610 ὅτι
558 4559 765 4610 δέδοται
788 4561 919 4628 ἡμῖν
947 4561 1162 4626 ἐξουσία
1185 4564 1377 4614 πατεῖν
1407 4563 1592 4616 ἐπάνω
1620 4565 1796 4631 ὄφεων

215 4650 320 4700 καὶ
359 4651 655 4719 σκορπίων,
687 4651 797 4701 τῶν
830 4652 1136 4705 ἐπιϐούλων
1176 4655 1272 4706 καὶ
1313 4659 1645 4724 νεκροποιῶν
1684 4660 1796 4712 δαι-

216 4740 427 4807 μόνων.
461 4742 552 4791 καὶ
584 4743 672 4791 ἐπὶ
708 4743 888 4794 πᾶσαν
920 4744 1084 4795 αὑτοῦ
1118 4743 1211 4796 τοῦ
1246 4748 1479 4815 πονηροῦ
1512 4747 1607 4816 τὴν
1643 4748 1798 4802 δύνα-

219 4848 344 4899 μιν.
380 4832 556 4883 Μόνον
599 4834 706 4900 γάρ
757 4833 1117 4900 προσὸάλλειν
1152 4835 1336 4906 χώραν
1373 4838 1616 4907 εὑρίσκει
1643 4843 1670 4892 ὁ
1703 4845 1798 4908 τῆς

214 4921 429 4978 κακίας
458 4922 710 4990 εὖρέτης.
747 4925 837 4986 Εἰς
866 4925 1094 4995 δοκιμὴν
1123 4927 1177 4979 δὲ
1210 4929 1500 4992 καὶτοῦτο,
1527 4930 1601 4993 ὼς
1631 4932 1799 4997 ἔγνω-

219 5028 358 5080 μεν,
385 5011 491 5062 τῶν
523 5013 730 5065 πιστῶν
756 5032 814 5066 τε
851 5017 942 5067 καὶ
975 5017 1245 5070 ἐκλεκτῶν
1272 5032 1285 5046 ⁸
1319 5021 1379 5071 οὐ
1418 5021 1523 5090 μὴν
1555 5021 1675 5088 βίαν
1707 5025 1800 5074 έπ-

217 5102 388 5166 ἀγειν
426 5104 557 5164 ὅλως
591 5105 684 5156 καὶ
714 5109 1014 5174 τυραννεῖν.
1047 5109 1171 5160 Ὀτι
1203 5111 1325 5162 οὐδὲ
1361 5114 1504 5163 κατὰ
1535 5113 1644 5165 τῶν
1671 5115 1798 5166 ἀλό-

221 5212 350 5260 γων
383 5196 572 5263 ἰσχύει,
604 5195 804 5264 κτίσμα
835 5199 1118 5266 τυγχάνων
1166 5199 1325 5252 Θεοῦ.
1369 5201 1446 5269 Τῇ
1479 5205 1798 5272 προαιρέσει

214 5289 410 5340 τοίνυν
436 5288 595 5356 ἡμῶν
627 5289 719 5340 καὶ
750 5289 966 5359 θελήσει
1001 5294 1255 5359 κειμένου
1296 5293 1390 5345 τοῦ
1424 5295 1580 5364 νικᾷν
1614 5296 1798 5357 αὐτὸν.

216 5380 321 5431 καὶ
366 5378 460 5447 τὴν
496 5379 695 5445 ἀρετὴν
726 5381 1050 5451 κατορθοῦν,
1089 5384 1605 5453 κατακριθησὸμεοα
1640 5387 1802 5438 νικώ-

221 5487 389 5534 μενοι
426 5469 550 5539 παρ’
586 5471 777 5533 αὐτοῦ,
808 5474 896 5523 καὶ
926 5472 1012 5524 διὰ
1048 5473 1217 5536 πάθος
1245 5492 1293 5526 τι
1322 5475 1628 5543 βδελυκτὺν,
1658 5480 1803 5547 τηλι-

216 5559 442 5623 καύτης
485 5563 838 5631 στερούμενοι
894 5565 1290 5632 ὑπερουρανίου
1324 5565 1551 5635 δωρεᾶς,
1594 5571 1693 5636 τῆς
1744 5588 1802 5622 τε

220 5655 551 5721 ἱερουργίας
583 5655 747 5723 φημὶ,
774 5657 866 5709 καὶ
908 5655 1000 5708 τοῦ
1051 5657 1113 5708 ὲκ
1146 5658 1345 5726 ταύτης
1378 5660 1673 5728 ἁγιασμοῦ,
1709 5663 1806 5714 Διὰ

221 5745 328 5797 τοῦ
345 5783 352 5792 .
371 5763 397 5796 ο
425 5753 514 5798 καὶ
539 5747 838 5816 γαθαρτέον
861 5748 1032 5818 ὁπόση
1054 5749 1300 5818 δύναμις,
1323 5752 1415 5803 καὶ
1439 5753 1804 5807 σπουδαστέον

216 4575 363 4626 (κείν’

1893 3189 1945 3242 Si
1995 3189 2164 3255 igitur
2210 3191 2440 3257 alicujus
2502 3193 2580 3243 vis
2630 3192 2904 3259 passionis
2945 3203 3132 3246 contra
3174 3193 3465 3260 quemdam

1890 3280 2106 3342 Sa-viat;
2138 3281 2236 3332 hoc
2281 3290 2459 3332 autem
2504 3281 2671 3347 magis
2726 3281 2923 3334 accidit
2972 3282 3168 3334 amaris
3229 3283 3311 3334 vel
3365 3297 3468 3334 sas-

1894 3369 2163 3422 vieutibus
2194 3371 2320 3422 odio
2351 3371 2432 3422 vel
2463 3369 2662 3423 invidia
2690 3371 3026 3439 consumptis
3056 3386 3071 3436 ;
3109 3386 3214 3423 non
3246 3371 3463 3440 quidem

1893 3471 2104 3529 oportet
2125 3463 2380 3515 accedere
2409 3463 2472 3514 ad
2497 3478 2619 3513 eum
2642 3463 2730 3529 qui
2760 3464 2932 3514 bonus
2955 3473 3036 3516 est
3065 3471 3116 3514 et
3141 3463 3246 3516 dux
3279 3464 3466 3531 pacili-

1894 3566 2025 3612 cus;
2084 3567 2206 3604 eum
2251 3553 2339 3622 qui
2399 3553 2652 3619 passione
2697 3563 3000 3606 cxcmcatur
3052 3567 3172 3606 Cum
3226 3553 3342 3621 ipse
3390 3554 3462 3607 sit

1896 3643 2069 3696 factus
2089 3643 2208 3696 mali
2241 3659 2500 3711 organum
2531 3643 2621 3711 qui
2654 3643 2702 3694 in
2731 3659 2794 3696 eo
2824 3644 3005 3697 sedem
3037 3661 3131 3713 per
3157 3647 3460 3712 passionem

1895 3735 2077 3787 habet.
2101 3736 2401 3803 (Ioguoscat
2433 3743 2609 3786 autent
2637 3735 2723 3788 ille
2751 3736 2876 3803 quia
2908 3736 3177 3804 passimiis
3207 3747 3258 3790 et
3286 3738 3457 3805 negli-

1893 3838 2082 3896 gentia-
2113 3828 2374 3880 rationem
2411 3828 2597 3879 reddet
2622 3867 2634 3885 ,
2678 3842 2734 3878 sc
2763 3828 3069 3880 voluntarie
3117 3829 3466 3894 scienterque

1895 3921 2134 3974 subdens
2160 3920 2283 3971 mali
2322 3920 2782 3988 suggestionibus.
2811 3919 2925 3972 Non
2952 3931 3033 3974 est
3064 3923 3209 3973 enim
3246 3921 3468 3974 inimico

1895 4021 2133 4079 potestas
2164 4028 2260 4064 nos
2292 4027 2634 4078 quoetiuique
2683 4012 2913 4064 voluerit
2961 4012 3237 4080 impellere
3266 4029 3280 4075 ;
3308 4014 3466 4065 nobis

1892 4104 2143 4172 equidem
2179 4103 2300 4155 data
2334 4113 2416 4154 est
2449 4102 2671 4155 libertas
2703 4102 2946 4155 calcandi
2980 4113 3290 4170 serpentes.
3320 4109 3466 4171 aspi-

1896 4196 1993 4246 des
2035 4203 2087 4246 et
2116 4195 2455 4261 scorpiones,
2508 4192 2782 4245 dmmones
2843 4193 3049 4246 scilicet
3107 4202 3376 4247 tentantes
3415 4205 3469 4246 ct

1897 4297 2126 4339 mortem
2154 4285 2474 4347 inferentes,
2505 4294 2557 4336 et
2585 4284 2868 4338 incedendi
2922 4301 3083 4353 super
3109 4301 3324 4338 omnem
3360 4289 3466 4338 vir-

1903 4391 2070 4432 tutem
2106 4377 2388 4434 daemonis.
2452 4375 2803 4429 Solummodo
2845 4377 3113 4428 licentiam
3167 4379 3320 4428 habet
3371 4395 3468 4430 nos

1904 4471 2252 4540 impugnandi
2281 4469 2496 4522 malitizc
2524 4470 2623 4520 iste
2651 4470 2821 4520 tristis
2858 4469 3125 4529 inventor,
3167 4469 3216 4520 in
3253 4472 3467 4537 experi-

1906 4572 2169 4620 mentum,
2199 4570 2257 4612 ut
2312 4560 2566 4612 novimus
2616 4558 2851 4610 lideliunt
2900 4568 2953 4610 et
3001 4560 3317 4620 electorum,
3363 4576 3467 4611 non

1903 4664 2085 4706 autem
2113 4652 2280 4703 vitam
2305 4650 2496 4716 agendi
2539 4659 2590 4700 et
2636 4648 2915 4716 tyranniee
2963 4649 3186 4699 omnino
3224 4649 3466 4717 regendi.

1898 4739 2508 4800 Contra"irrationabilia
2531 4738 2663 4791 nihil
2691 4749 2884 4805 potest.
2917 4754 3036 4806 qua:
3061 4739 3153 4790 Dei
3173 4749 3298 4791 sunt
3321 4754 3472 4792 crea-

1900 4846 2037 4888 tura.
2058 4835 2193 4888 Cum
2223 4834 2382 4903 igitur
2419 4848 2514 4900 per
2546 4846 2644 4883 nos
2671 4841 2773 4882 stet
2793 4839 2849 4882 ut
2877 4830 3228 4882 inclinatione
3269 4831 3468 4883 mentis

1900 4937 1954 4982 et
1984 4926 2258 4979 voluntate
2289 4927 2569 4977 vincamus
2623 4923 2770 4974 illum
2794 4931 2847 4974 et
2873 4921 3170 4973 secundum
3203 4922 3454 4974 virtutem

1901 5031 2049 5072 recte
2070 5020 2335 5073 vivamus.
2372 5015 2860 5068 coudcnmahiuiur
2901 5013 2942 5065 si
2991 5014 3058 5064 ab
3102 5011 3218 5078 ipso
3269 5021 3471 5066 attera-

1905 5128 2026 5166 mur
2048 5122 2103 5163 et
2133 5109 2262 5161 illud
2291 5107 2618 5161 horrendum
2665 5105 2956 5156 subeamus
2989 5113 3047 5155 ut
3079 5120 3106 5155 a
3143 5111 3287 5154 tanta
3322 5104 3470 5154 deci-

1901 5205 2091 5257 damus
2146 5202 2316 5268 gratia
2358 5197 2731 5266 supercmlcsti
2756 5234 2769 5252 .
2802 5193 3105 5249 sacerdotio
3138 5200 3379 5263 inquam,
3411 5205 3470 5248 et

1903 5292 2449 5355 cousecratiouetwae
2479 5300 2562 5339 est
2611 5303 2673 5339 ev
2733 5289 2840 5338 illo.
2889 5287 3066 5349 Quare
3112 5302 3240 5352 ιιι·μο
3285 5296 3472 5338 sancte

1903 5401 1955 5440 et
1981 5402 2112 5455 pure
2137 5384 2290 5437 nobis
2321 5382 2607 5434 vivendum
2644 5392 2730 5432 est
2771 5378 2916 5430 omni
2951 5378 3238 5430 conamine
3274 5390 3327 5432 et
3357 5379 3469 5432 for-

1907 5478 2169 5538 titudine;
2199 5473 2493 5528 etomuino
2517 5473 2796 5523 nitendqu
2829 5484 2894 5522 ne
2919 5469 3221 5522 incidamus
3253 5471 3305 5522 in
3330 5473 3465 5524 retia

1911 5570 2060 5624 mali.
2087 5567 2472 5620 Custodiamus
2502 5565 2861 5630 nosmetipsos
2893 5561 2981 5628 qui
3031 5562 3337 5615 sacerdotio
3381 5562 3467 5614 di-

1910 5663 1996 5728 gni
2028 5674 2214 5712 sumus
2244 5657 2432 5717 habiti,
2466 5668 2522 5707 ut
2561 5653 2887 5705 intutaculati
2927 5665 3190 5720 quantum
3231 5653 3285 5705 in
3318 5655 3471 5706 nobis

1909 5763 1983 5803 est
2018 5750 2338 5801 assistamus
2379 5757 2428 5799 et
2476 5745 2848 5811 tuiuistremus
2892 5741 2998 5794 Deo
3041 5743 3384 5796 immaculato
3418 5755 3470 5796 et
