  <div class='ocr_page' id='page_1' title='image "/cluster/home/n/w/nwhite01/storage/ocr_20150623/155/nnc1.0022106758/493.png"; bbox 0 0 4158 6440; ppageno 0'>
   <div class='ocr_carea' id='block_1_1' title="bbox 671 420 777 486">
    <p class='ocr_par' dir='ltr' id='par_1_1' title="bbox 671 420 777 486">
     <span class='ocr_line' id='line_1_1' title="bbox 671 420 777 486; baseline -0.057 0"><span class='ocrx_word' id='word_1_1' title='bbox 671 420 777 486; x_wconf 74' lang='grc'><strong>9⁵15</strong></span> 
     </span>
    </p>
   </div>
   <div class='ocr_carea' id='block_1_2' title="bbox 1163 413 3424 485">
    <p class='ocr_par' dir='ltr' id='par_1_2' title="bbox 1163 413 3424 485">
     <span class='ocr_line' id='line_1_2' title="bbox 1163 413 3424 485; baseline 0 -5"><span class='ocrx_word' id='word_1_2' title='bbox 1163 420 1543 483; x_wconf 71' lang='grc' dir='ltr'><strong>ΞΥΜΕΟΝΙΒ</strong></span> <span class='ocrx_word' id='word_1_3' title='bbox 1574 421 2327 485; x_wconf 73' lang='lat' dir='ltr'><strong>TIIESSALONICENSIS</strong></span> <span class='ocrx_word' id='word_1_4' title='bbox 2363 413 2727 484; x_wconf 83' lang='lat' dir='ltr'><strong>ARClIlEP.</strong></span> <span class='ocrx_word' id='word_1_5' title='bbox 2773 419 2871 482; x_wconf 87' lang='lat' dir='ltr'><strong>DE</strong></span> <span class='ocrx_word' id='word_1_6' title='bbox 2927 417 3424 481; x_wconf 76' lang='lat' dir='ltr'><strong>SACERDUTIO.</strong></span> 
     </span>
    </p>
   </div>
   <div class='ocr_carea' id='block_1_3' title="bbox 3831 412 3939 476">
    <p class='ocr_par' dir='ltr' id='par_1_3' title="bbox 3831 412 3939 476">
     <span class='ocr_line' id='line_1_3' title="bbox 3831 412 3939 476; baseline -0.056 0"><span class='ocrx_word' id='word_1_7' title='bbox 3831 412 3939 476; x_wconf 77' lang='lat'><strong>976</strong></span> 
     </span>
    </p>
   </div>
   <div class='ocr_carea' id='block_1_4' title="bbox 661 529 2237 607">
    <p class='ocr_par' dir='ltr' id='par_1_4' title="bbox 661 529 2237 601">
     <span class='ocr_line' id='line_1_4' title="bbox 661 529 2237 601; baseline -0.001 -11"><span class='ocrx_word' id='word_1_8' title='bbox 661 529 1058 596; x_wconf 73' lang='lat' dir='ltr'><strong>sanctissimo;</strong></span> <span class='ocrx_word' id='word_1_9' title='bbox 1096 541 1155 584; x_wconf 94' lang='lat' dir='ltr'><strong>ut</strong></span> <span class='ocrx_word' id='word_1_10' title='bbox 1208 533 1398 587; x_wconf 86' lang='lat' dir='ltr'><strong>electis</strong></span> <span class='ocrx_word' id='word_1_11' title='bbox 1443 533 1563 601; x_wconf 87' lang='lat' dir='ltr'><strong>ejus</strong></span> <span class='ocrx_word' id='word_1_12' title='bbox 1604 533 1784 588; x_wconf 83' lang='lat' dir='ltr'><strong>verbis</strong></span> <span class='ocrx_word' id='word_1_13' title='bbox 1827 547 2134 601; x_wconf 70' lang='lat' dir='ltr'><strong>satagamus</strong></span> <span class='ocrx_word' id='word_1_14' title='bbox 2168 537 2237 589; x_wconf 91' lang='lat' dir='ltr'><strong>vi-</strong></span> 
     </span>
    </p>
   </div>
   <div class='ocr_carea' id='block_1_5' title="bbox 2345 529 3938 607">
    <p class='ocr_par' dir='ltr' id='par_1_5' title="bbox 2351 530 3938 607">
     <span class='ocr_line' id='line_1_5' title="bbox 2351 530 3938 607; baseline -0.003 -18"><span class='ocrx_word' id='word_1_15' title='bbox 2351 537 2426 607; x_wconf 82' lang='grc' dir='ltr'><strong>μὴ</strong></span> <span class='ocrx_word' id='word_1_16' title='bbox 2456 536 2810 606; x_wconf 85' lang='grc' dir='ltr'><strong>περιπίπτειν</strong></span> <span class='ocrx_word' id='word_1_17' title='bbox 2863 536 2936 597; x_wconf 79' lang='grc' dir='ltr'><strong>ὡς</strong></span> <span class='ocrx_word' id='word_1_18' title='bbox 2987 533 3151 604; x_wconf 79' lang='lat'><strong>378</strong></span> <span class='ocrx_word' id='word_1_19' title='bbox 3187 535 3344 603; x_wconf 76' lang='grc' dir='ltr'><strong>ἔτυχε</strong></span> <span class='ocrx_word' id='word_1_20' title='bbox 3382 534 3500 594; x_wconf 86' lang='grc' dir='ltr'>ταῖς</span> <span class='ocrx_word' id='word_1_21' title='bbox 3533 530 3627 583; x_wconf 74' lang='grc' dir='ltr'><strong>τοῦ</strong></span> <span class='ocrx_word' id='word_1_22' title='bbox 3689 532 3938 599; x_wconf 83' lang='grc' dir='ltr'><strong>πονηροῦ</strong></span> 
     </span>
    </p>
   </div>
   <div class='ocr_carea' id='block_1_6' title="bbox 659 624 2235 694">
    <p class='ocr_par' dir='ltr' id='par_1_6' title="bbox 659 624 2235 694">
     <span class='ocr_line' id='line_1_6' title="bbox 659 624 2235 694; baseline 0.001 -15"><span class='ocrx_word' id='word_1_23' title='bbox 659 635 770 680; x_wconf 92' lang='lat' dir='ltr'><strong>tam</strong></span> <span class='ocrx_word' id='word_1_24' title='bbox 799 635 986 679; x_wconf 89' lang='lat' dir='ltr'><strong>sancte</strong></span> <span class='ocrx_word' id='word_1_25' title='bbox 1015 624 1270 678; x_wconf 88' lang='lat' dir='ltr'><strong>ordinare</strong></span> <span class='ocrx_word' id='word_1_26' title='bbox 1301 625 1354 677; x_wconf 92' lang='lat' dir='ltr'><strong>in</strong></span> <span class='ocrx_word' id='word_1_27' title='bbox 1401 624 1680 694; x_wconf 84' lang='lat' dir='ltr'><strong>operibus,</strong></span> <span class='ocrx_word' id='word_1_28' title='bbox 1709 625 1763 680; x_wconf 91' lang='lat' dir='ltr'><strong>in</strong></span> <span class='ocrx_word' id='word_1_29' title='bbox 1806 628 2008 692; x_wconf 82' lang='lat' dir='ltr'><strong>verbis,</strong></span> <span class='ocrx_word' id='word_1_30' title='bbox 2044 628 2098 681; x_wconf 93' lang='lat' dir='ltr'><strong>in</strong></span> <span class='ocrx_word' id='word_1_31' title='bbox 2144 643 2235 682; x_wconf 87' lang='lat' dir='ltr'><strong>co-</strong></span> 
     </span>
    </p>
   </div>
   <div class='ocr_carea' id='block_1_7' title="bbox 657 715 2239 787">
    <p class='ocr_par' dir='ltr' id='par_1_7' title="bbox 657 715 2239 787">
     <span class='ocr_line' id='line_1_7' title="bbox 657 715 2239 787; baseline 0.001 -18"><span class='ocrx_word' id='word_1_32' title='bbox 657 718 1038 787; x_wconf 78' lang='lat' dir='ltr'><strong>gitationibus,</strong></span> <span class='ocrx_word' id='word_1_33' title='bbox 1063 725 1119 770; x_wconf 92' lang='lat' dir='ltr'><strong>et</strong></span> <span class='ocrx_word' id='word_1_34' title='bbox 1156 716 1209 768; x_wconf 88' lang='lat' dir='ltr'><strong>in</strong></span> <span class='ocrx_word' id='word_1_35' title='bbox 1235 715 1395 770; x_wconf 87' lang='lat' dir='ltr'><strong>nobis</strong></span> <span class='ocrx_word' id='word_1_36' title='bbox 1436 716 1557 786; x_wconf 86' lang='lat' dir='ltr'><strong>ejus</strong></span> <span class='ocrx_word' id='word_1_37' title='bbox 1608 719 1791 772; x_wconf 73' lang='lat' dir='ltr'><strong>divina</strong></span> <span class='ocrx_word' id='word_1_38' title='bbox 1821 733 2010 787; x_wconf 81' lang='lat' dir='ltr'><strong>gerere</strong></span> <span class='ocrx_word' id='word_1_39' title='bbox 2043 734 2239 776; x_wconf 9' lang='lat' dir='ltr'><strong>vexem-</strong></span> 
     </span>
    </p>
   </div>
   <div class='ocr_carea' id='block_1_8' title="bbox 660 808 2238 876">
    <p class='ocr_par' dir='ltr' id='par_1_8' title="bbox 660 808 2238 876">
     <span class='ocr_line' id='line_1_8' title="bbox 660 808 2238 876; baseline 0.004 -20"><span class='ocrx_word' id='word_1_40' title='bbox 660 810 768 876; x_wconf 75' lang='lat' dir='ltr'><strong>pla.</strong></span> <span class='ocrx_word' id='word_1_41' title='bbox 809 808 1068 873; x_wconf 68' lang='lat' dir='ltr'><strong>Qumnam</strong></span> <span class='ocrx_word' id='word_1_42' title='bbox 1119 816 1301 861; x_wconf 86' lang='lat' dir='ltr'><strong>autem</strong></span> <span class='ocrx_word' id='word_1_43' title='bbox 1349 808 1465 862; x_wconf 73' lang='lat' dir='ltr'><strong>lucc</strong></span> <span class='ocrx_word' id='word_1_44' title='bbox 1513 809 1690 862; x_wconf 79' lang='lat' dir='ltr'><strong>sunt?</strong></span> <span class='ocrx_word' id='word_1_45' title='bbox 1718 809 1898 874; x_wconf 82' lang='lat' dir='ltr'><strong>Amor,</strong></span> <span class='ocrx_word' id='word_1_46' title='bbox 1939 810 2238 873; x_wconf 73' lang='lat' dir='ltr'><strong>humilitas,</strong></span> 
     </span>
    </p>
   </div>
   <div class='ocr_carea' id='block_1_9' title="bbox 660 897 2238 969">
    <p class='ocr_par' dir='ltr' id='par_1_9' title="bbox 660 897 2238 969">
     <span class='ocr_line' id='line_1_9' title="bbox 660 897 2238 969; baseline 0.003 -18"><span class='ocrx_word' id='word_1_47' title='bbox 660 899 1053 960; x_wconf 76' lang='lat' dir='ltr'><strong>misericordia,</strong></span> <span class='ocrx_word' id='word_1_48' title='bbox 1097 899 1337 954; x_wconf 85' lang='lat' dir='ltr'><strong>cltaritas</strong></span> <span class='ocrx_word' id='word_1_49' title='bbox 1383 897 1435 952; x_wconf 91' lang='lat' dir='ltr'><strong>in</strong></span> <span class='ocrx_word' id='word_1_50' title='bbox 1477 914 1692 965; x_wconf 86' lang='lat' dir='ltr'><strong>omnes,</strong></span> <span class='ocrx_word' id='word_1_51' title='bbox 1766 915 1866 969; x_wconf 81' lang='lat' dir='ltr'><strong>pax</strong></span> <span class='ocrx_word' id='word_1_52' title='bbox 1917 909 1970 954; x_wconf 89' lang='lat' dir='ltr'><strong>ct</strong></span> <span class='ocrx_word' id='word_1_53' title='bbox 2023 901 2238 956; x_wconf 89' lang='lat' dir='ltr'><strong>divino-</strong></span> 
     </span>
    </p>
   </div>
   <div class='ocr_carea' id='block_1_10' title="bbox 662 991 2236 1061">
    <p class='ocr_par' dir='ltr' id='par_1_10' title="bbox 662 991 2236 1061">
     <span class='ocr_line' id='line_1_10' title="bbox 662 991 2236 1061; baseline 0.003 -17"><span class='ocrx_word' id='word_1_54' title='bbox 662 1007 780 1044; x_wconf 88' lang='lat' dir='ltr'><strong>rum</strong></span> <span class='ocrx_word' id='word_1_55' title='bbox 833 991 1221 1061; x_wconf 69' lang='lat' dir='ltr'><strong>contemplatio</strong></span> <span class='ocrx_word' id='word_1_56' title='bbox 1277 992 1547 1047; x_wconf 88' lang='lat' dir='ltr'><strong>donorum</strong></span> <span class='ocrx_word' id='word_1_57' title='bbox 1580 1010 1594 1045; x_wconf 90' lang='lat'><strong>:</strong></span> <span class='ocrx_word' id='word_1_58' title='bbox 1627 1000 1754 1045; x_wconf 86' lang='lat' dir='ltr'><strong>ante</strong></span> <span class='ocrx_word' id='word_1_59' title='bbox 1815 1003 1995 1046; x_wconf 87' lang='lat' dir='ltr'><strong>autem</strong></span> <span class='ocrx_word' id='word_1_60' title='bbox 2055 995 2236 1048; x_wconf 86' lang='lat' dir='ltr'><strong>omnia</strong></span> 
     </span>
    </p>
   </div>
   <div class='ocr_carea' id='block_1_11' title="bbox 658 1085 2237 1151">
    <p class='ocr_par' dir='ltr' id='par_1_11' title="bbox 658 1085 2237 1151">
     <span class='ocr_line' id='line_1_11' title="bbox 658 1085 2237 1151; baseline 0.004 -16"><span class='ocrx_word' id='word_1_61' title='bbox 658 1085 969 1139; x_wconf 75' lang='lat' dir='ltr'><strong>cmnmnnio</strong></span> <span class='ocrx_word' id='word_1_62' title='bbox 1016 1087 1158 1140; x_wconf 90' lang='lat' dir='ltr'><strong>inter</strong></span> <span class='ocrx_word' id='word_1_63' title='bbox 1210 1101 1307 1138; x_wconf 86' lang='lat' dir='ltr'><strong>nos</strong></span> <span class='ocrx_word' id='word_1_64' title='bbox 1366 1095 1421 1138; x_wconf 93' lang='lat' dir='ltr'><strong>et</strong></span> <span class='ocrx_word' id='word_1_65' title='bbox 1469 1085 1765 1151; x_wconf 82' lang='lat' dir='ltr'><strong>sanctitas;</strong></span> <span class='ocrx_word' id='word_1_66' title='bbox 1821 1095 2043 1141; x_wconf 85' lang='lat' dir='ltr'><strong>sanctus</strong></span> <span class='ocrx_word' id='word_1_67' title='bbox 2091 1089 2237 1142; x_wconf 89' lang='lat' dir='ltr'><strong>enim</strong></span> 
     </span>
    </p>
   </div>
   <div class='ocr_carea' id='block_1_12' title="bbox 658 1177 2240 1247">
    <p class='ocr_par' dir='ltr' id='par_1_12' title="bbox 658 1177 2240 1247">
     <span class='ocr_line' id='line_1_12' title="bbox 658 1177 2240 1247; baseline 0.004 -19"><span class='ocrx_word' id='word_1_68' title='bbox 658 1177 802 1232; x_wconf 83' lang='lat' dir='ltr'><strong>Deus</strong></span> <span class='ocrx_word' id='word_1_69' title='bbox 830 1189 1019 1232; x_wconf 88' lang='lat' dir='ltr'><strong>noster</strong></span> <span class='ocrx_word' id='word_1_70' title='bbox 1043 1189 1098 1231; x_wconf 91' lang='lat' dir='ltr'><strong>et</strong></span> <span class='ocrx_word' id='word_1_71' title='bbox 1148 1193 1242 1232; x_wconf 90' lang='lat' dir='ltr'><strong>eos</strong></span> <span class='ocrx_word' id='word_1_72' title='bbox 1272 1178 1363 1246; x_wconf 91' lang='lat' dir='ltr'><strong>qui</strong></span> <span class='ocrx_word' id='word_1_73' title='bbox 1411 1177 1853 1247; x_wconf 86' lang='lat' dir='ltr'><strong>appropinquant</strong></span> <span class='ocrx_word' id='word_1_74' title='bbox 1890 1179 1963 1233; x_wconf 93' lang='lat' dir='ltr'><strong>illi</strong></span> <span class='ocrx_word' id='word_1_75' title='bbox 1999 1182 2240 1235; x_wconf 85' lang='lat' dir='ltr'><strong>sanetili-</strong></span> 
     </span>
    </p>
   </div>
   <div class='ocr_carea' id='block_1_13' title="bbox 659 1271 2234 1342">
    <p class='ocr_par' dir='ltr' id='par_1_13' title="bbox 659 1271 2234 1342">
     <span class='ocr_line' id='line_1_13' title="bbox 659 1271 2234 1342; baseline 0 -18"><span class='ocrx_word' id='word_1_76' title='bbox 659 1283 773 1335; x_wconf 87' lang='lat' dir='ltr'><strong>cat;</strong></span> <span class='ocrx_word' id='word_1_77' title='bbox 809 1279 864 1324; x_wconf 87' lang='lat' dir='ltr'><strong>et</strong></span> <span class='ocrx_word' id='word_1_78' title='bbox 896 1271 1046 1324; x_wconf 89' lang='lat' dir='ltr'><strong>illum</strong></span> <span class='ocrx_word' id='word_1_79' title='bbox 1076 1271 1127 1323; x_wconf 88' lang='lat' dir='ltr'><strong>in</strong></span> <span class='ocrx_word' id='word_1_80' title='bbox 1157 1271 1368 1326; x_wconf 85' lang='lat' dir='ltr'><strong>sanctis</strong></span> <span class='ocrx_word' id='word_1_81' title='bbox 1399 1271 1652 1324; x_wconf 88' lang='lat' dir='ltr'><strong>habitare</strong></span> <span class='ocrx_word' id='word_1_82' title='bbox 1679 1281 1734 1325; x_wconf 86' lang='lat' dir='ltr'><strong>et</strong></span> <span class='ocrx_word' id='word_1_83' title='bbox 1768 1272 2021 1340; x_wconf 85' lang='lat' dir='ltr'><strong>quiscere</strong></span> <span class='ocrx_word' id='word_1_84' title='bbox 2047 1274 2234 1342; x_wconf 80' lang='lat' dir='ltr'><strong>juvat;</strong></span> 
     </span>
    </p>
   </div>
   <div class='ocr_carea' id='block_1_14' title="bbox 657 1360 2238 1433">
    <p class='ocr_par' dir='ltr' id='par_1_14' title="bbox 657 1360 2238 1433">
     <span class='ocr_line' id='line_1_14' title="bbox 657 1360 2238 1433; baseline 0.003 -17"><span class='ocrx_word' id='word_1_85' title='bbox 657 1364 744 1431; x_wconf 89' lang='lat' dir='ltr'><strong>qui</strong></span> <span class='ocrx_word' id='word_1_86' title='bbox 782 1373 837 1416; x_wconf 93' lang='lat' dir='ltr'><strong>et</strong></span> <span class='ocrx_word' id='word_1_87' title='bbox 863 1377 959 1417; x_wconf 92' lang='lat' dir='ltr'><strong>nos</strong></span> <span class='ocrx_word' id='word_1_88' title='bbox 985 1361 1176 1432; x_wconf 81' lang='lat' dir='ltr'><strong>dignos</strong></span> <span class='ocrx_word' id='word_1_89' title='bbox 1210 1360 1376 1417; x_wconf 82' lang='lat' dir='ltr'><strong>faciet</strong></span> <span class='ocrx_word' id='word_1_90' title='bbox 1411 1371 1622 1433; x_wconf 86' lang='lat' dir='ltr'><strong>partem</strong></span> <span class='ocrx_word' id='word_1_91' title='bbox 1665 1363 1867 1418; x_wconf 88' lang='lat' dir='ltr'><strong>habere</strong></span> <span class='ocrx_word' id='word_1_92' title='bbox 1894 1378 2017 1417; x_wconf 93' lang='lat' dir='ltr'><strong>cum</strong></span> <span class='ocrx_word' id='word_1_93' title='bbox 2049 1365 2238 1420; x_wconf 88' lang='lat' dir='ltr'><strong>electis</strong></span> 
     </span>
    </p>
   </div>
   <div class='ocr_carea' id='block_1_15' title="bbox 662 1452 2237 1524">
    <p class='ocr_par' dir='ltr' id='par_1_15' title="bbox 662 1452 2237 1524">
     <span class='ocr_line' id='line_1_15' title="bbox 662 1452 2237 1524; baseline 0.001 -17"><span class='ocrx_word' id='word_1_94' title='bbox 662 1464 717 1507; x_wconf 90' lang='lat' dir='ltr'><strong>et</strong></span> <span class='ocrx_word' id='word_1_95' title='bbox 767 1455 974 1509; x_wconf 83' lang='lat' dir='ltr'><strong>sanctis</strong></span> <span class='ocrx_word' id='word_1_96' title='bbox 1008 1456 1148 1524; x_wconf 82' lang='lat' dir='ltr'><strong>ejus.</strong></span> <span class='ocrx_word' id='word_1_97' title='bbox 1183 1452 1280 1509; x_wconf 81' lang='lat' dir='ltr'><strong>llic</strong></span> <span class='ocrx_word' id='word_1_98' title='bbox 1315 1455 1458 1508; x_wconf 88' lang='lat' dir='ltr'><strong>enim</strong></span> <span class='ocrx_word' id='word_1_99' title='bbox 1497 1455 1777 1508; x_wconf 91' lang='lat' dir='ltr'><strong>constituit</strong></span> <span class='ocrx_word' id='word_1_100' title='bbox 1811 1457 2154 1524; x_wconf 87' lang='lat' dir='ltr'><strong>custoditque</strong></span> <span class='ocrx_word' id='word_1_101' title='bbox 2183 1457 2237 1509; x_wconf 88' lang='lat' dir='ltr'><strong>in</strong></span> 
     </span>
    </p>
   </div>
   <div class='ocr_carea' id='block_1_16' title="bbox 660 1532 2238 1617">
    <p class='ocr_par' dir='ltr' id='par_1_16' title="bbox 660 1532 2238 1617">
     <span class='ocr_line' id='line_1_16' title="bbox 660 1532 2238 1617; baseline 0.003 -19"><span class='ocrx_word' id='word_1_102' title='bbox 660 1546 1096 1600; x_wconf 81' lang='lat' dir='ltr'><strong>sanctiﬁcatione</strong></span> <span class='ocrx_word' id='word_1_103' title='bbox 1146 1561 1318 1614; x_wconf 87' lang='lat' dir='ltr'><strong>usque</strong></span> <span class='ocrx_word' id='word_1_104' title='bbox 1376 1548 1430 1600; x_wconf 90' lang='lat' dir='ltr'><strong>in</strong></span> <span class='ocrx_word' id='word_1_105' title='bbox 1490 1547 1650 1600; x_wconf 84' lang='lat' dir='ltr'><strong>ﬁnem</strong></span> <span class='ocrx_word' id='word_1_106' title='bbox 1705 1548 1899 1617; x_wconf 73' lang='lat' dir='ltr'><strong>dignos</strong></span> <span class='ocrx_word' id='word_1_107' title='bbox 1957 1532 2238 1603; x_wconf 77' lang='lat' dir='ltr'><strong>ministros</strong></span> 
     </span>
    </p>
   </div>
   <div class='ocr_carea' id='block_1_17' title="bbox 659 1637 2239 1708">
    <p class='ocr_par' dir='ltr' id='par_1_17' title="bbox 659 1637 2239 1708">
     <span class='ocr_line' id='line_1_17' title="bbox 659 1637 2239 1708; baseline 0.004 -18"><span class='ocrx_word' id='word_1_108' title='bbox 659 1637 1129 1691; x_wconf 86' lang='lat' dir='ltr'><strong>sanctissimorum</strong></span> <span class='ocrx_word' id='word_1_109' title='bbox 1171 1638 1589 1708; x_wconf 81' lang='lat' dir='ltr'><strong>mysteriorum;</strong></span> <span class='ocrx_word' id='word_1_110' title='bbox 1631 1640 1986 1708; x_wconf 84' lang='lat' dir='ltr'><strong>vicissimque</strong></span> <span class='ocrx_word' id='word_1_111' title='bbox 2013 1640 2123 1695; x_wconf 92' lang='lat' dir='ltr'><strong>illic</strong></span> <span class='ocrx_word' id='word_1_112' title='bbox 2153 1643 2239 1695; x_wconf 86' lang='lat' dir='ltr'><strong>in-</strong></span> 
     </span>
    </p>
   </div>
   <div class='ocr_carea' id='block_1_18' title="bbox 661 1725 2237 1803">
    <p class='ocr_par' dir='ltr' id='par_1_18' title="bbox 661 1725 2237 1803">
     <span class='ocr_line' id='line_1_18' title="bbox 661 1725 2237 1803; baseline 0.004 -22"><span class='ocrx_word' id='word_1_113' title='bbox 661 1730 822 1784; x_wconf 80' lang='lat' dir='ltr'><strong>ducet</strong></span> <span class='ocrx_word' id='word_1_114' title='bbox 852 1731 904 1783; x_wconf 89' lang='lat' dir='ltr'><strong>in</strong></span> <span class='ocrx_word' id='word_1_115' title='bbox 947 1731 1143 1784; x_wconf 85' lang='lat' dir='ltr'><strong>Sancta</strong></span> <span class='ocrx_word' id='word_1_116' title='bbox 1183 1725 1519 1796; x_wconf 81' lang='lat' dir='ltr'><strong>sanctorum,</strong></span> <span class='ocrx_word' id='word_1_117' title='bbox 1545 1745 1598 1786; x_wconf 86' lang='lat' dir='ltr'><strong>et</strong></span> <span class='ocrx_word' id='word_1_118' title='bbox 1629 1749 1723 1788; x_wconf 90' lang='lat' dir='ltr'><strong>eos</strong></span> <span class='ocrx_word' id='word_1_119' title='bbox 1743 1735 1832 1803; x_wconf 86' lang='lat' dir='ltr'><strong>qui</strong></span> <span class='ocrx_word' id='word_1_120' title='bbox 1861 1735 2237 1788; x_wconf 72' lang='lat' dir='ltr'><strong>communimui</strong></span> 
     </span>
    </p>
   </div>
   <div class='ocr_carea' id='block_1_19' title="bbox 659 1822 2237 1903">
    <p class='ocr_par' dir='ltr' id='par_1_19' title="bbox 659 1822 2237 1903">
     <span class='ocr_line' id='line_1_19' title="bbox 659 1822 2237 1903; baseline 0.004 -29"><span class='ocrx_word' id='word_1_121' title='bbox 659 1822 863 1875; x_wconf 65' lang='lat' dir='ltr'><strong>intima:</strong></span> <span class='ocrx_word' id='word_1_122' title='bbox 897 1835 1021 1876; x_wconf 88' lang='lat' dir='ltr'><strong>cum</strong></span> <span class='ocrx_word' id='word_1_123' title='bbox 1065 1822 1180 1891; x_wconf 85' lang='lat' dir='ltr'><strong>ipso</strong></span> <span class='ocrx_word' id='word_1_124' title='bbox 1234 1823 1681 1903; x_wconf 83' lang='lat' dir='ltr'><strong>participaverint</strong></span> <span class='ocrx_word' id='word_1_125' title='bbox 1734 1825 1972 1894; x_wconf 81' lang='lat' dir='ltr'><strong>perﬁciet</strong></span> <span class='ocrx_word' id='word_1_126' title='bbox 2001 1826 2237 1880; x_wconf 89' lang='lat' dir='ltr'><strong>uniendo</strong></span> 
     </span>
    </p>
   </div>
   <div class='ocr_carea' id='block_1_20' title="bbox 2350 625 3938 699">
    <p class='ocr_par' dir='ltr' id='par_1_20' title="bbox 2350 625 3938 699">
     <span class='ocr_line' id='line_1_20' title="bbox 2350 625 3938 699; baseline -0.014 -13"><span class='ocrx_word' id='word_1_127' title='bbox 2350 631 2577 696; x_wconf 70' lang='grc' dir='ltr'>πάγαις.</span> <span class='ocrx_word' id='word_1_128' title='bbox 2608 629 2972 699; x_wconf 81' lang='grc' dir='ltr'><strong>Συντηρῶμεν</strong></span> <span class='ocrx_word' id='word_1_129' title='bbox 2999 629 3053 680; x_wconf 82' lang='grc' dir='ltr'><strong>δὲ</strong></span> <span class='ocrx_word' id='word_1_130' title='bbox 3083 628 3312 689; x_wconf 77' lang='grc' dir='ltr'><strong>ἑαυτοὺς</strong></span> <span class='ocrx_word' id='word_1_131' title='bbox 3346 626 3396 678; x_wconf 73' lang='grc' dir='ltr'><strong>οἱ</strong></span> <span class='ocrx_word' id='word_1_132' title='bbox 3429 625 3734 694; x_wconf 70' lang='grc' dir='ltr'><strong>ἱερωσύνης</strong></span> <span class='ocrx_word' id='word_1_133' title='bbox 3766 626 3938 692; x_wconf 69' lang='grc' dir='ltr'>ὴξιω-</span> 
     </span>
    </p>
   </div>
   <div class='ocr_carea' id='block_1_21' title="bbox 2351 713 3939 790">
    <p class='ocr_par' dir='ltr' id='par_1_21' title="bbox 2351 713 3939 790">
     <span class='ocr_line' id='line_1_21' title="bbox 2351 713 3939 790; baseline -0.004 -18"><span class='ocrx_word' id='word_1_134' title='bbox 2351 720 2503 788; x_wconf 70' lang='grc' dir='ltr'><strong>μένοι</strong></span> <span class='ocrx_word' id='word_1_135' title='bbox 2536 719 2677 772; x_wconf 85' lang='grc' dir='ltr'><strong>ὥστε</strong></span> <span class='ocrx_word' id='word_1_136' title='bbox 2707 719 3010 790; x_wconf 79' lang='grc' dir='ltr'><strong>καθαροὺς,</strong></span> <span class='ocrx_word' id='word_1_137' title='bbox 3045 719 3120 780; x_wconf 78' lang='grc' dir='ltr'><strong>ὠς</strong></span> <span class='ocrx_word' id='word_1_138' title='bbox 3162 718 3406 783; x_wconf 69' lang='grc' dir='ltr'>δυνατὸν,</span> <span class='ocrx_word' id='word_1_139' title='bbox 3445 717 3784 786; x_wconf 79' lang='grc' dir='ltr'><strong>παρεστάναι</strong></span> <span class='ocrx_word' id='word_1_140' title='bbox 3843 713 3939 766; x_wconf 72' lang='grc' dir='ltr'><strong>καὶ</strong></span> 
     </span>
    </p>
   </div>
   <div class='ocr_carea' id='block_1_22' title="bbox 2348 808 3938 884">
    <p class='ocr_par' dir='ltr' id='par_1_22' title="bbox 2348 808 3938 884">
     <span class='ocr_line' id='line_1_22' title="bbox 2348 808 3938 884; baseline 0.002 -20"><span class='ocrx_word' id='word_1_141' title='bbox 2348 813 2686 884; x_wconf 77' lang='grc' dir='ltr'><strong>λειτουργεῖν</strong></span> <span class='ocrx_word' id='word_1_142' title='bbox 2739 814 2817 882; x_wconf 83' lang='grc' dir='ltr'><strong>τῷ</strong></span> <span class='ocrx_word' id='word_1_143' title='bbox 2875 813 3274 880; x_wconf 62' lang='grc' dir='ltr'>καθαρωτάτῳ,</span> <span class='ocrx_word' id='word_1_144' title='bbox 3321 813 3415 863; x_wconf 80' lang='grc' dir='ltr'><strong>καὶ</strong></span> <span class='ocrx_word' id='word_1_145' title='bbox 3461 813 3570 872; x_wconf 79' lang='grc' dir='ltr'><strong>τοῖς</strong></span> <span class='ocrx_word' id='word_1_146' title='bbox 3625 808 3938 876; x_wconf 71' lang='grc' dir='ltr'><strong>ἐξαιρέτοις</strong></span> 
     </span>
    </p>
   </div>
   <div class='ocr_carea' id='block_1_23' title="bbox 2345 899 3940 975">
    <p class='ocr_par' dir='ltr' id='par_1_23' title="bbox 2345 899 3940 975">
     <span class='ocr_line' id='line_1_23' title="bbox 2345 899 3940 975; baseline -0.006 -16"><span class='ocrx_word' id='word_1_147' title='bbox 2345 906 2456 958; x_wconf 81' lang='grc' dir='ltr'><strong>τῶν</strong></span> <span class='ocrx_word' id='word_1_148' title='bbox 2505 907 2811 975; x_wconf 70' lang='grc' dir='ltr'><strong>ἰδιωμάτων</strong></span> <span class='ocrx_word' id='word_1_149' title='bbox 2865 904 3033 958; x_wconf 68' lang='grc' dir='ltr'><strong>αὑτοῦ</strong></span> <span class='ocrx_word' id='word_1_150' title='bbox 3079 902 3331 956; x_wconf 82' lang='grc' dir='ltr'><strong>σπεύδειν</strong></span> <span class='ocrx_word' id='word_1_151' title='bbox 3357 899 3829 969; x_wconf 80' lang='grc' dir='ltr'>κατακοσμεῖσθαι</span> <span class='ocrx_word' id='word_1_152' title='bbox 3881 900 3940 950; x_wconf 74' lang='grc' dir='ltr'>ἐν</span> 
     </span>
    </p>
   </div>
   <div class='ocr_carea' id='block_1_24' title="bbox 2347 991 3937 1068">
    <p class='ocr_par' dir='ltr' id='par_1_24' title="bbox 2347 991 3937 1068">
     <span class='ocr_line' id='line_1_24' title="bbox 2347 991 3937 1068; baseline -0.006 -17"><span class='ocrx_word' id='word_1_153' title='bbox 2347 999 2533 1068; x_wconf 76' lang='grc' dir='ltr'><strong>ἔργοις</strong></span> <span class='ocrx_word' id='word_1_154' title='bbox 2571 1016 2630 1051; x_wconf 90' lang='grc' dir='ltr'><strong>τε</strong></span> <span class='ocrx_word' id='word_1_155' title='bbox 2663 998 2755 1051; x_wconf 73' lang='grc' dir='ltr'><strong>καὶ</strong></span> <span class='ocrx_word' id='word_1_156' title='bbox 2784 998 2964 1064; x_wconf 73' lang='grc' dir='ltr'>λόγοις</span> <span class='ocrx_word' id='word_1_157' title='bbox 2997 997 3087 1049; x_wconf 68' lang='grc' dir='ltr'><strong>καὶ</strong></span> <span class='ocrx_word' id='word_1_158' title='bbox 3111 996 3412 1064; x_wconf 76' lang='grc' dir='ltr'><strong>λογισμοῖς·</strong></span> <span class='ocrx_word' id='word_1_159' title='bbox 3459 995 3552 1046; x_wconf 69' lang='grc' dir='ltr'><strong>καὶ</strong></span> <span class='ocrx_word' id='word_1_160' title='bbox 3606 991 3798 1044; x_wconf 84' lang='grc' dir='ltr'><strong>τούτου</strong></span> <span class='ocrx_word' id='word_1_161' title='bbox 3836 991 3937 1056; x_wconf 71' lang='grc' dir='ltr'><strong>φέ-</strong></span> 
     </span>
    </p>
   </div>
   <div class='ocr_carea' id='block_1_25' title="bbox 2349 1082 3940 1157">
    <p class='ocr_par' dir='ltr' id='par_1_25' title="bbox 2349 1082 3940 1157">
     <span class='ocr_line' id='line_1_25' title="bbox 2349 1082 3940 1157; baseline -0.006 -17"><span class='ocrx_word' id='word_1_162' title='bbox 2349 1105 2461 1157; x_wconf 83' lang='grc' dir='ltr'>ρειν</span> <span class='ocrx_word' id='word_1_163' title='bbox 2504 1091 2562 1141; x_wconf 80' lang='grc' dir='ltr'><strong>ὲν</strong></span> <span class='ocrx_word' id='word_1_164' title='bbox 2611 1090 2824 1150; x_wconf 80' lang='grc' dir='ltr'><strong>ἑαυτοῖς</strong></span> <span class='ocrx_word' id='word_1_165' title='bbox 2857 1105 2978 1140; x_wconf 91' lang='grc' dir='ltr'>τινα</span> <span class='ocrx_word' id='word_1_166' title='bbox 3008 1087 3405 1156; x_wconf 71' lang='grc' dir='ltr'><strong>ἐκμιμήματα.</strong></span> <span class='ocrx_word' id='word_1_167' title='bbox 3440 1082 3577 1137; x_wconf 84' lang='grc' dir='ltr'>Τίνα</span> <span class='ocrx_word' id='word_1_168' title='bbox 3601 1083 3655 1136; x_wconf 75' lang='grc' dir='ltr'><strong>δὲ</strong></span> <span class='ocrx_word' id='word_1_169' title='bbox 3686 1083 3756 1134; x_wconf 70' lang='grc' dir='ltr'><strong>τὰ</strong></span> <span class='ocrx_word' id='word_1_170' title='bbox 3790 1082 3940 1132; x_wconf 81' lang='grc' dir='ltr'><strong>ὲκεί-</strong></span> 
     </span>
    </p>
   </div>
   <div class='ocr_carea' id='block_1_26' title="bbox 2345 1174 3938 1251">
    <p class='ocr_par' dir='ltr' id='par_1_26' title="bbox 2345 1174 3938 1251">
     <span class='ocr_line' id='line_1_26' title="bbox 2345 1174 3938 1251; baseline -0.006 -17"><span class='ocrx_word' id='word_1_171' title='bbox 2345 1198 2472 1246; x_wconf 87' lang='grc' dir='ltr'><strong>νου;</strong></span> <span class='ocrx_word' id='word_1_172' title='bbox 2518 1180 2926 1251; x_wconf 82' lang='grc' dir='ltr'>Φιλανθρωπία,</span> <span class='ocrx_word' id='word_1_173' title='bbox 2968 1177 3318 1241; x_wconf 71' lang='grc' dir='ltr'>ταπείνωσις,</span> <span class='ocrx_word' id='word_1_174' title='bbox 3359 1177 3531 1240; x_wconf 79' lang='grc' dir='ltr'><strong>ἔλεος,</strong></span> <span class='ocrx_word' id='word_1_175' title='bbox 3567 1175 3759 1244; x_wconf 78' lang='grc' dir='ltr'>ἀγάπη</span> <span class='ocrx_word' id='word_1_176' title='bbox 3793 1174 3938 1239; x_wconf 67' lang='grc' dir='ltr'><strong>πρὸς</strong></span> 
     </span>
    </p>
   </div>
   <div class='ocr_carea' id='block_1_27' title="bbox 2347 1266 3936 1343">
    <p class='ocr_par' dir='ltr' id='par_1_27' title="bbox 2347 1266 3936 1343">
     <span class='ocr_line' id='line_1_27' title="bbox 2347 1266 3936 1343; baseline -0.006 -19"><span class='ocrx_word' id='word_1_177' title='bbox 2347 1272 2575 1336; x_wconf 77' lang='grc' dir='ltr'><strong>πάντας,</strong></span> <span class='ocrx_word' id='word_1_178' title='bbox 2608 1273 2819 1343; x_wconf 80' lang='grc' dir='ltr'><strong>εἰρήνη,</strong></span> <span class='ocrx_word' id='word_1_179' title='bbox 2859 1273 2952 1325; x_wconf 77' lang='grc' dir='ltr'><strong>καὶ</strong></span> <span class='ocrx_word' id='word_1_180' title='bbox 2988 1273 3148 1324; x_wconf 85' lang='grc' dir='ltr'>Θείων</span> <span class='ocrx_word' id='word_1_181' title='bbox 3189 1271 3476 1340; x_wconf 77' lang='grc' dir='ltr'><strong>μετάδοσις</strong></span> <span class='ocrx_word' id='word_1_182' title='bbox 3522 1267 3782 1336; x_wconf 75' lang='grc' dir='ltr'><strong>δωρεῶνο</strong></span> <span class='ocrx_word' id='word_1_183' title='bbox 3827 1266 3936 1332; x_wconf 70' lang='grc' dir='ltr'><strong>πρδ</strong></span> 
     </span>
    </p>
   </div>
   <div class='ocr_carea' id='block_1_28' title="bbox 2345 1356 3934 1430">
    <p class='ocr_par' dir='ltr' id='par_1_28' title="bbox 2345 1356 3934 1430">
     <span class='ocr_line' id='line_1_28' title="bbox 2345 1356 3934 1430; baseline -0.007 -16"><span class='ocrx_word' id='word_1_184' title='bbox 2345 1362 2400 1416; x_wconf 84' lang='grc' dir='ltr'>δὲ</span> <span class='ocrx_word' id='word_1_185' title='bbox 2425 1361 2641 1414; x_wconf 78' lang='grc' dir='ltr'>πάντων</span> <span class='ocrx_word' id='word_1_186' title='bbox 2670 1361 2927 1424; x_wconf 73' lang='grc' dir='ltr'>κοινωνία</span> <span class='ocrx_word' id='word_1_187' title='bbox 2954 1361 3072 1428; x_wconf 80' lang='grc' dir='ltr'><strong>μεθ’</strong></span> <span class='ocrx_word' id='word_1_188' title='bbox 3104 1359 3260 1430; x_wconf 78' lang='grc' dir='ltr'><strong>ἡμῶν</strong></span> <span class='ocrx_word' id='word_1_189' title='bbox 3287 1361 3380 1410; x_wconf 72' lang='grc' dir='ltr'>καὶ</span> <span class='ocrx_word' id='word_1_190' title='bbox 3403 1356 3706 1426; x_wconf 77' lang='grc' dir='ltr'>ἁγιωσύνη.</span> <span class='ocrx_word' id='word_1_191' title='bbox 3734 1356 3934 1420; x_wconf 72' lang='grc' dir='ltr'>’Λγιος</span> 
     </span>
    </p>
   </div>
   <div class='ocr_carea' id='block_1_29' title="bbox 2345 1447 3934 1523">
    <p class='ocr_par' dir='ltr' id='par_1_29' title="bbox 2345 1447 3934 1523">
     <span class='ocr_line' id='line_1_29' title="bbox 2345 1447 3934 1523; baseline -0.007 -17"><span class='ocrx_word' id='word_1_192' title='bbox 2345 1453 2452 1523; x_wconf 82' lang='grc' dir='ltr'><strong>γὰρ</strong></span> <span class='ocrx_word' id='word_1_193' title='bbox 2493 1453 2571 1505; x_wconf 83' lang='grc' dir='ltr'>ὢν</span> <span class='ocrx_word' id='word_1_194' title='bbox 2609 1454 2636 1506; x_wconf 83' lang='grc' dir='ltr'>ὀ</span> <span class='ocrx_word' id='word_1_195' title='bbox 2667 1452 2798 1515; x_wconf 76' lang='grc' dir='ltr'><strong>Θεὸς</strong></span> <span class='ocrx_word' id='word_1_196' title='bbox 2830 1453 3009 1521; x_wconf 77' lang='grc' dir='ltr'><strong>ἡμῶν,</strong></span> <span class='ocrx_word' id='word_1_197' title='bbox 3048 1452 3142 1505; x_wconf 79' lang='grc' dir='ltr'>καὶ</span> <span class='ocrx_word' id='word_1_198' title='bbox 3183 1449 3399 1518; x_wconf 74' lang='grc' dir='ltr'>ἁγιάζει</span> <span class='ocrx_word' id='word_1_199' title='bbox 3445 1449 3571 1509; x_wconf 69' lang='grc' dir='ltr'><strong>τοὺς</strong></span> <span class='ocrx_word' id='word_1_200' title='bbox 3605 1447 3934 1514; x_wconf 76' lang='grc' dir='ltr'>ὲγγίζοντας</span> 
     </span>
    </p>
   </div>
   <div class='ocr_carea' id='block_1_30' title="bbox 2345 1541 3933 1614">
    <p class='ocr_par' dir='ltr' id='par_1_30' title="bbox 2345 1541 3933 1614">
     <span class='ocr_line' id='line_1_30' title="bbox 2345 1541 3933 1614; baseline -0.006 -14"><span class='ocrx_word' id='word_1_201' title='bbox 2345 1547 2514 1614; x_wconf 79' lang='grc' dir='ltr'><strong>αὐτῷ,</strong></span> <span class='ocrx_word' id='word_1_202' title='bbox 2540 1547 2634 1600; x_wconf 76' lang='grc' dir='ltr'><strong>καὶ</strong></span> <span class='ocrx_word' id='word_1_203' title='bbox 2658 1549 2714 1600; x_wconf 76' lang='grc' dir='ltr'><strong>ὲν</strong></span> <span class='ocrx_word' id='word_1_204' title='bbox 2745 1545 2922 1614; x_wconf 81' lang='grc' dir='ltr'>ἁγίοις</span> <span class='ocrx_word' id='word_1_205' title='bbox 2944 1543 3324 1599; x_wconf 77' lang='grc' dir='ltr'><strong>ἀναπαύεσθαι</strong></span> <span class='ocrx_word' id='word_1_206' title='bbox 3353 1542 3597 1595; x_wconf 57' lang='grc' dir='ltr'><strong>εὖδοκεῦ</strong></span> <span class='ocrx_word' id='word_1_207' title='bbox 3627 1541 3682 1603; x_wconf 76' lang='grc' dir='ltr'><strong>ὃς</strong></span> <span class='ocrx_word' id='word_1_208' title='bbox 3712 1541 3808 1593; x_wconf 82' lang='grc' dir='ltr'><strong>καὶ</strong></span> <span class='ocrx_word' id='word_1_209' title='bbox 3837 1541 3933 1608; x_wconf 79' lang='grc' dir='ltr'><strong>τῆς</strong></span> 
     </span>
    </p>
   </div>
   <div class='ocr_carea' id='block_1_31' title="bbox 2348 1632 3934 1706">
    <p class='ocr_par' dir='ltr' id='par_1_31' title="bbox 2348 1632 3934 1706">
     <span class='ocr_line' id='line_1_31' title="bbox 2348 1632 3934 1706; baseline -0.004 -18"><span class='ocrx_word' id='word_1_210' title='bbox 2348 1636 2567 1706; x_wconf 85' lang='grc' dir='ltr'><strong>μερίδος</strong></span> <span class='ocrx_word' id='word_1_211' title='bbox 2627 1636 2778 1706; x_wconf 79' lang='grc' dir='ltr'><strong>ἡμᾶς</strong></span> <span class='ocrx_word' id='word_1_212' title='bbox 2837 1635 3089 1700; x_wconf 76' lang='grc' dir='ltr'><strong>ἀξιώσειε</strong></span> <span class='ocrx_word' id='word_1_213' title='bbox 3142 1635 3253 1688; x_wconf 85' lang='grc' dir='ltr'><strong>τῶν</strong></span> <span class='ocrx_word' id='word_1_214' title='bbox 3306 1633 3581 1687; x_wconf 79' lang='grc' dir='ltr'><strong>ἐκλεκτῶν</strong></span> <span class='ocrx_word' id='word_1_215' title='bbox 3621 1633 3787 1686; x_wconf 73' lang='grc' dir='ltr'><strong>αὑτοῦ</strong></span> <span class='ocrx_word' id='word_1_216' title='bbox 3837 1632 3934 1683; x_wconf 65' lang='grc' dir='ltr'><strong>καὶ</strong></span> 
     </span>
    </p>
   </div>
   <div class='ocr_carea' id='block_1_32' title="bbox 2344 1725 3935 1798">
    <p class='ocr_par' dir='ltr' id='par_1_32' title="bbox 2344 1725 3935 1798">
     <span class='ocr_line' id='line_1_32' title="bbox 2344 1725 3935 1798; baseline -0.006 -16"><span class='ocrx_word' id='word_1_217' title='bbox 2344 1729 2537 1796; x_wconf 83' lang='grc' dir='ltr'>ἁγίων,</span> <span class='ocrx_word' id='word_1_218' title='bbox 2597 1727 2832 1782; x_wconf 74' lang='grc' dir='ltr'><strong>ἐνταῦθα</strong></span> <span class='ocrx_word' id='word_1_219' title='bbox 2900 1729 2999 1798; x_wconf 83' lang='grc' dir='ltr'><strong>μὲν</strong></span> <span class='ocrx_word' id='word_1_220' title='bbox 3046 1726 3236 1791; x_wconf 82' lang='grc' dir='ltr'><strong>ἀξίους</strong></span> <span class='ocrx_word' id='word_1_221' title='bbox 3291 1727 3781 1795; x_wconf 77' lang='grc' dir='ltr'><strong>καταστησάμενος</strong></span> <span class='ocrx_word' id='word_1_222' title='bbox 3840 1725 3935 1774; x_wconf 66' lang='grc' dir='ltr'><strong>καὶ</strong></span> 
     </span>
    </p>
   </div>
   <div class='ocr_carea' id='block_1_33' title="bbox 2346 1816 3933 1892">
    <p class='ocr_par' dir='ltr' id='par_1_33' title="bbox 2346 1816 3933 1892">
     <span class='ocr_line' id='line_1_33' title="bbox 2346 1816 3933 1892; baseline -0.004 -19"><span class='ocrx_word' id='word_1_223' title='bbox 2346 1820 2646 1890; x_wconf 77' lang='grc' dir='ltr'>φυλάσσων</span> <span class='ocrx_word' id='word_1_224' title='bbox 2684 1821 2809 1892; x_wconf 80' lang='grc' dir='ltr'>ἄχρι</span> <span class='ocrx_word' id='word_1_225' title='bbox 2844 1821 3033 1883; x_wconf 80' lang='grc' dir='ltr'><strong>τέλους</strong></span> <span class='ocrx_word' id='word_1_226' title='bbox 3087 1819 3196 1872; x_wconf 84' lang='grc' dir='ltr'><strong>τῶν</strong></span> <span class='ocrx_word' id='word_1_227' title='bbox 3232 1818 3552 1887; x_wconf 82' lang='grc' dir='ltr'>ἁγιωτάτων</span> <span class='ocrx_word' id='word_1_228' title='bbox 3609 1816 3779 1870; x_wconf 76' lang='grc' dir='ltr'><strong>αὑτοῦ</strong></span> <span class='ocrx_word' id='word_1_229' title='bbox 3833 1835 3933 1886; x_wconf 81' lang='grc' dir='ltr'><strong>μυ-</strong></span> 
     </span>
    </p>
   </div>
   <div class='ocr_carea' id='block_1_34' title="bbox 660 1904 2237 1986">
    <p class='ocr_par' dir='ltr' id='par_1_34' title="bbox 660 1913 2237 1986">
     <span class='ocr_line' id='line_1_34' title="bbox 660 1913 2237 1986; baseline 0.003 -20"><span class='ocrx_word' id='word_1_230' title='bbox 660 1913 718 1966; x_wconf 91' lang='lat' dir='ltr'><strong>in</strong></span> <span class='ocrx_word' id='word_1_231' title='bbox 750 1914 948 1969; x_wconf 67' lang='lat' dir='ltr'><strong>saecula</strong></span> <span class='ocrx_word' id='word_1_232' title='bbox 993 1924 1219 1968; x_wconf 65' lang='lat' dir='ltr'><strong>aeterna.</strong></span> <span class='ocrx_word' id='word_1_233' title='bbox 1255 1916 1433 1981; x_wconf 88' lang='lat' dir='ltr'><strong>Quare</strong></span> <span class='ocrx_word' id='word_1_234' title='bbox 1467 1917 1646 1971; x_wconf 83' lang='lat' dir='ltr'><strong>omnis</strong></span> <span class='ocrx_word' id='word_1_235' title='bbox 1678 1920 1748 1971; x_wconf 90' lang='lat' dir='ltr'><strong>sit</strong></span> <span class='ocrx_word' id='word_1_236' title='bbox 1799 1917 1990 1986; x_wconf 71' lang='lat' dir='ltr'><strong>gloria.</strong></span> <span class='ocrx_word' id='word_1_237' title='bbox 2045 1918 2237 1984; x_wconf 83' lang='lat' dir='ltr'><strong>honor,</strong></span> 
     </span>
    </p>
   </div>
   <div class='ocr_carea' id='block_1_35' title="bbox 2345 1904 3932 1986">
    <p class='ocr_par' dir='ltr' id='par_1_35' title="bbox 2349 1909 3932 1983">
     <span class='ocr_line' id='line_1_35' title="bbox 2349 1909 3932 1983; baseline -0.003 -18"><span class='ocrx_word' id='word_1_238' title='bbox 2349 1913 2587 1982; x_wconf 73' lang='grc' dir='ltr'>στηρίων</span> <span class='ocrx_word' id='word_1_239' title='bbox 2635 1913 2690 1964; x_wconf 81' lang='grc' dir='ltr'><strong>ὲν</strong></span> <span class='ocrx_word' id='word_1_240' title='bbox 2732 1912 2992 1983; x_wconf 84' lang='grc' dir='ltr'>ἁγιασμῷ</span> <span class='ocrx_word' id='word_1_241' title='bbox 3020 1913 3326 1982; x_wconf 77' lang='grc' dir='ltr'><strong>ὑπηρέτας,</strong></span> <span class='ocrx_word' id='word_1_242' title='bbox 3361 1913 3538 1964; x_wconf 81' lang='grc' dir='ltr'>ὲκείσε</span> <span class='ocrx_word' id='word_1_243' title='bbox 3565 1909 3621 1962; x_wconf 84' lang='grc' dir='ltr'><strong>δὲ</strong></span> <span class='ocrx_word' id='word_1_244' title='bbox 3647 1910 3816 1962; x_wconf 78' lang='grc' dir='ltr'>πάλιν</span> <span class='ocrx_word' id='word_1_245' title='bbox 3854 1910 3932 1972; x_wconf 77' lang='grc' dir='ltr'><strong>είς</strong></span> 
     </span>
    </p>
   </div>
   <div class='ocr_carea' id='block_1_36' title="bbox 663 2004 2239 2076">
    <p class='ocr_par' dir='ltr' id='par_1_36' title="bbox 663 2004 2239 2076">
     <span class='ocr_line' id='line_1_36' title="bbox 663 2004 2239 2076; baseline 0.004 -19"><span class='ocrx_word' id='word_1_246' title='bbox 663 2005 1047 2072; x_wconf 83' lang='lat' dir='ltr'><strong>tuagttiﬂcatio,</strong></span> <span class='ocrx_word' id='word_1_247' title='bbox 1110 2016 1161 2060; x_wconf 92' lang='lat' dir='ltr'><strong>et</strong></span> <span class='ocrx_word' id='word_1_248' title='bbox 1191 2006 1310 2061; x_wconf 83' lang='lat' dir='ltr'><strong>laus</strong></span> <span class='ocrx_word' id='word_1_249' title='bbox 1343 2008 1442 2076; x_wconf 90' lang='lat' dir='ltr'><strong>ipsi</strong></span> <span class='ocrx_word' id='word_1_250' title='bbox 1490 2006 1620 2062; x_wconf 83' lang='lat' dir='ltr'><strong>Jesu</strong></span> <span class='ocrx_word' id='word_1_251' title='bbox 1671 2009 1909 2073; x_wconf 82' lang='lat' dir='ltr'><strong>Christe,</strong></span> <span class='ocrx_word' id='word_1_252' title='bbox 1953 2004 2090 2062; x_wconf 81' lang='lat' dir='ltr'><strong>Filio</strong></span> <span class='ocrx_word' id='word_1_253' title='bbox 2146 2009 2239 2064; x_wconf 90' lang='lat' dir='ltr'><strong>Dei</strong></span> 
     </span>
    </p>
   </div>
   <div class='ocr_carea' id='block_1_37' title="bbox 663 2097 2238 2170">
    <p class='ocr_par' dir='ltr' id='par_1_37' title="bbox 663 2097 2238 2170">
     <span class='ocr_line' id='line_1_37' title="bbox 663 2097 2238 2170; baseline 0.003 -21"><span class='ocrx_word' id='word_1_254' title='bbox 663 2097 898 2151; x_wconf 81' lang='lat' dir='ltr'><strong>viventis</strong></span> <span class='ocrx_word' id='word_1_255' title='bbox 931 2107 988 2151; x_wconf 90' lang='lat' dir='ltr'><strong>et</strong></span> <span class='ocrx_word' id='word_1_256' title='bbox 1047 2098 1156 2152; x_wconf 89' lang='lat' dir='ltr'><strong>Deo</strong></span> <span class='ocrx_word' id='word_1_257' title='bbox 1203 2112 1418 2163; x_wconf 88' lang='lat' dir='ltr'><strong>nostro,</strong></span> <span class='ocrx_word' id='word_1_258' title='bbox 1483 2101 1574 2168; x_wconf 80' lang='lat' dir='ltr'><strong>qui</strong></span> <span class='ocrx_word' id='word_1_259' title='bbox 1642 2115 1738 2169; x_wconf 92' lang='lat' dir='ltr'><strong>pro</strong></span> <span class='ocrx_word' id='word_1_260' title='bbox 1796 2100 1952 2154; x_wconf 80' lang='lat' dir='ltr'><strong>nobis</strong></span> <span class='ocrx_word' id='word_1_261' title='bbox 1999 2100 2238 2170; x_wconf 88' lang='lat' dir='ltr'><strong>seipsum</strong></span> 
     </span>
    </p>
   </div>
   <div class='ocr_carea' id='block_1_38' title="bbox 661 2185 2239 2255">
    <p class='ocr_par' dir='ltr' id='par_1_38' title="bbox 661 2185 2239 2255">
     <span class='ocr_line' id='line_1_38' title="bbox 661 2185 2239 2255; baseline 0 -15"><span class='ocrx_word' id='word_1_262' title='bbox 661 2186 1020 2241; x_wconf 84' lang='lat' dir='ltr'><strong>snnctilicavit</strong></span> <span class='ocrx_word' id='word_1_263' title='bbox 1053 2187 1232 2240; x_wconf 90' lang='lat' dir='ltr'><strong>crucis</strong></span> <span class='ocrx_word' id='word_1_264' title='bbox 1302 2185 1597 2253; x_wconf 82' lang='lat' dir='ltr'><strong>sacriﬁcio,</strong></span> <span class='ocrx_word' id='word_1_265' title='bbox 1637 2195 1696 2240; x_wconf 91' lang='lat' dir='ltr'><strong>ut</strong></span> <span class='ocrx_word' id='word_1_266' title='bbox 1751 2186 1850 2255; x_wconf 90' lang='lat' dir='ltr'><strong>ipsi</strong></span> <span class='ocrx_word' id='word_1_267' title='bbox 1919 2185 2239 2241; x_wconf 85' lang='lat' dir='ltr'><strong>sanetiticati</strong></span> 
     </span>
    </p>
   </div>
   <div class='ocr_carea' id='block_1_39' title="bbox 661 2277 2242 2349">
    <p class='ocr_par' dir='ltr' id='par_1_39' title="bbox 661 2277 2242 2349">
     <span class='ocr_line' id='line_1_39' title="bbox 661 2277 2242 2349; baseline 0.001 -18"><span class='ocrx_word' id='word_1_268' title='bbox 661 2279 836 2333; x_wconf 86' lang='lat' dir='ltr'><strong>simus</strong></span> <span class='ocrx_word' id='word_1_269' title='bbox 870 2279 921 2332; x_wconf 92' lang='lat' dir='ltr'><strong>in</strong></span> <span class='ocrx_word' id='word_1_270' title='bbox 959 2277 1186 2333; x_wconf 84' lang='lat' dir='ltr'><strong>veritate</strong></span> <span class='ocrx_word' id='word_1_271' title='bbox 1229 2293 1349 2332; x_wconf 84' lang='lat' dir='ltr'><strong>cum</strong></span> <span class='ocrx_word' id='word_1_272' title='bbox 1394 2278 1556 2332; x_wconf 81' lang='lat' dir='ltr'><strong>Patre</strong></span> <span class='ocrx_word' id='word_1_273' title='bbox 1596 2278 1863 2349; x_wconf 81' lang='lat' dir='ltr'><strong>ingenito,</strong></span> <span class='ocrx_word' id='word_1_274' title='bbox 1918 2288 1973 2332; x_wconf 90' lang='lat' dir='ltr'><strong>ct</strong></span> <span class='ocrx_word' id='word_1_275' title='bbox 2012 2279 2242 2334; x_wconf 88' lang='lat' dir='ltr'><strong>sanctis-</strong></span> 
     </span>
    </p>
   </div>
   <div class='ocr_carea' id='block_1_40' title="bbox 659 2369 2238 2441">
    <p class='ocr_par' dir='ltr' id='par_1_40' title="bbox 659 2369 2238 2441">
     <span class='ocr_line' id='line_1_40' title="bbox 659 2369 2238 2441; baseline 0.001 -17"><span class='ocrx_word' id='word_1_276' title='bbox 659 2371 801 2424; x_wconf 85' lang='lat' dir='ltr'><strong>simo</strong></span> <span class='ocrx_word' id='word_1_277' title='bbox 830 2369 1138 2424; x_wconf 79' lang='lat' dir='ltr'><strong>etbono-et</strong></span> <span class='ocrx_word' id='word_1_278' title='bbox 1171 2370 1482 2426; x_wconf 79' lang='lat' dir='ltr'><strong>viviﬁcante</strong></span> <span class='ocrx_word' id='word_1_279' title='bbox 1504 2371 1729 2441; x_wconf 83' lang='lat' dir='ltr'><strong>Spiritu,</strong></span> <span class='ocrx_word' id='word_1_280' title='bbox 1763 2386 1906 2426; x_wconf 92' lang='lat' dir='ltr'><strong>nunc</strong></span> <span class='ocrx_word' id='word_1_281' title='bbox 1945 2381 2000 2425; x_wconf 86' lang='lat' dir='ltr'><strong>et</strong></span> <span class='ocrx_word' id='word_1_282' title='bbox 2023 2385 2238 2440; x_wconf 85' lang='lat' dir='ltr'><strong>semper</strong></span> 
     </span>
    </p>
   </div>
   <div class='ocr_carea' id='block_1_41' title="bbox 659 2461 1640 2518">
    <p class='ocr_par' dir='ltr' id='par_1_41' title="bbox 659 2461 1640 2518">
     <span class='ocr_line' id='line_1_41' title="bbox 659 2461 1640 2518; baseline 0.001 -1"><span class='ocrx_word' id='word_1_283' title='bbox 659 2461 800 2517; x_wconf 84' lang='lat' dir='ltr'><strong>etin</strong></span> <span class='ocrx_word' id='word_1_284' title='bbox 837 2461 1031 2516; x_wconf 70' lang='lat' dir='ltr'><strong>smcula</strong></span> <span class='ocrx_word' id='word_1_285' title='bbox 1066 2461 1415 2516; x_wconf 66' lang='lat' dir='ltr'><strong>saeculorum.</strong></span> <span class='ocrx_word' id='word_1_286' title='bbox 1449 2464 1640 2518; x_wconf 78' lang='lat' dir='ltr'><strong>Amen.</strong></span> 
     </span>
    </p>
   </div>
   <div class='ocr_carea' id='block_1_42' title="bbox 2341 2003 3934 2073">
    <p class='ocr_par' dir='ltr' id='par_1_42' title="bbox 2341 2003 3934 2073">
     <span class='ocr_line' id='line_1_42' title="bbox 2341 2003 3934 2073; baseline -0.004 -14"><span class='ocrx_word' id='word_1_287' title='bbox 2341 2006 2409 2059; x_wconf 83' lang='grc' dir='ltr'><strong>τά</strong></span> <span class='ocrx_word' id='word_1_288' title='bbox 2443 2007 2610 2073; x_wconf 81' lang='grc' dir='ltr'>Ἀγια</span> <span class='ocrx_word' id='word_1_289' title='bbox 2646 2005 2756 2058; x_wconf 86' lang='grc' dir='ltr'>τῶν</span> <span class='ocrx_word' id='word_1_290' title='bbox 2787 2006 2961 2073; x_wconf 84' lang='grc' dir='ltr'>ἁγίων</span> <span class='ocrx_word' id='word_1_291' title='bbox 2993 2005 3254 2073; x_wconf 83' lang='grc' dir='ltr'>εἰσαγὼν,</span> <span class='ocrx_word' id='word_1_292' title='bbox 3285 2004 3380 2057; x_wconf 80' lang='grc' dir='ltr'><strong>καὶ</strong></span> <span class='ocrx_word' id='word_1_293' title='bbox 3425 2003 3523 2068; x_wconf 80' lang='grc' dir='ltr'><strong>τῆς</strong></span> <span class='ocrx_word' id='word_1_294' title='bbox 3555 2003 3770 2072; x_wconf 66' lang='grc' dir='ltr'><strong>ἀμέσου</strong></span> <span class='ocrx_word' id='word_1_295' title='bbox 3818 2020 3934 2053; x_wconf 77' lang='grc' dir='ltr'><strong>κοι-</strong></span> 
     </span>
    </p>
   </div>
   <div class='ocr_carea' id='block_1_43' title="bbox 2341 2096 3930 2167">
    <p class='ocr_par' dir='ltr' id='par_1_43' title="bbox 2341 2096 3930 2167">
     <span class='ocr_line' id='line_1_43' title="bbox 2341 2096 3930 2167; baseline -0.004 -17"><span class='ocrx_word' id='word_1_296' title='bbox 2341 2098 2537 2159; x_wconf 85' lang='grc' dir='ltr'>νωνίας</span> <span class='ocrx_word' id='word_1_297' title='bbox 2587 2096 2755 2150; x_wconf 80' lang='grc' dir='ltr'><strong>αὑτοῦ</strong></span> <span class='ocrx_word' id='word_1_298' title='bbox 2816 2098 3080 2167; x_wconf 84' lang='grc' dir='ltr'><strong>μετόχους</strong></span> <span class='ocrx_word' id='word_1_299' title='bbox 3137 2096 3596 2165; x_wconf 73' lang='grc' dir='ltr'><strong>ἀπεργαζόμενος</strong></span> <span class='ocrx_word' id='word_1_300' title='bbox 3663 2096 3930 2157; x_wconf 68' lang='grc' dir='ltr'>αἰωνίως·</span> 
     </span>
    </p>
   </div>
   <div class='ocr_carea' id='block_1_44' title="bbox 2339 2188 3935 2274">
    <p class='ocr_par' dir='ltr' id='par_1_44' title="bbox 2339 2188 3935 2274">
     <span class='ocr_line' id='line_1_44' title="bbox 2339 2188 3935 2274; baseline -0.003 -31"><span class='ocrx_word' id='word_1_301' title='bbox 2339 2191 2421 2244; x_wconf 84' lang='grc' dir='ltr'>ὅτι</span> <span class='ocrx_word' id='word_1_302' title='bbox 2457 2190 2608 2260; x_wconf 85' lang='grc' dir='ltr'><strong>αὐτῷ</strong></span> <span class='ocrx_word' id='word_1_303' title='bbox 2643 2191 2844 2261; x_wconf 83' lang='grc' dir='ltr'>πρέπει</span> <span class='ocrx_word' id='word_1_304' title='bbox 2871 2191 3020 2244; x_wconf 75' lang='grc' dir='ltr'>πᾶσα</span> <span class='ocrx_word' id='word_1_305' title='bbox 3053 2189 3201 2255; x_wconf 82' lang='grc' dir='ltr'><strong>δόξα,</strong></span> <span class='ocrx_word' id='word_1_306' title='bbox 3226 2189 3392 2274; x_wconf 55' lang='grc' dir='ltr'><strong>ξιμὴ,</strong></span> <span class='ocrx_word' id='word_1_307' title='bbox 3435 2189 3806 2258; x_wconf 77' lang='grc' dir='ltr'>μεγαλωσύνη</span> <span class='ocrx_word' id='word_1_308' title='bbox 3844 2188 3935 2240; x_wconf 69' lang='grc' dir='ltr'><strong>καὶ</strong></span> 
     </span>
    </p>
   </div>
   <div class='ocr_carea' id='block_1_45' title="bbox 2340 2279 3933 2352">
    <p class='ocr_par' dir='ltr' id='par_1_45' title="bbox 2340 2279 3933 2352">
     <span class='ocr_line' id='line_1_45' title="bbox 2340 2279 3933 2352; baseline -0.004 -17"><span class='ocrx_word' id='word_1_309' title='bbox 2340 2282 2547 2344; x_wconf 73' lang='grc' dir='ltr'>αἷνεσις</span> <span class='ocrx_word' id='word_1_310' title='bbox 2575 2281 2751 2352; x_wconf 85' lang='grc' dir='ltr'><strong>Ἰησοῦ</strong></span> <span class='ocrx_word' id='word_1_311' title='bbox 2786 2280 3008 2352; x_wconf 77' lang='grc' dir='ltr'>Χριστῷ</span> <span class='ocrx_word' id='word_1_312' title='bbox 3038 2282 3116 2350; x_wconf 84' lang='grc' dir='ltr'><strong>τῷ</strong></span> <span class='ocrx_word' id='word_1_313' title='bbox 3151 2281 3264 2351; x_wconf 84' lang='grc' dir='ltr'><strong>Υίῷ</strong></span> <span class='ocrx_word' id='word_1_314' title='bbox 3294 2280 3386 2333; x_wconf 77' lang='grc' dir='ltr'><strong>τοῦ</strong></span> <span class='ocrx_word' id='word_1_315' title='bbox 3419 2281 3622 2345; x_wconf 77' lang='grc' dir='ltr'><strong>ζῶντος</strong></span> <span class='ocrx_word' id='word_1_316' title='bbox 3657 2279 3802 2332; x_wconf 77' lang='grc' dir='ltr'><strong>Θεοῦ</strong></span> <span class='ocrx_word' id='word_1_317' title='bbox 3838 2281 3933 2331; x_wconf 71' lang='grc' dir='ltr'>καὶ</span> 
     </span>
    </p>
   </div>
   <div class='ocr_carea' id='block_1_46' title="bbox 2344 2373 3932 2444">
    <p class='ocr_par' dir='ltr' id='par_1_46' title="bbox 2344 2373 3932 2444">
     <span class='ocr_line' id='line_1_46' title="bbox 2344 2373 3932 2444; baseline -0.001 -17"><span class='ocrx_word' id='word_1_318' title='bbox 2344 2373 2463 2443; x_wconf 86' lang='grc' dir='ltr'><strong>Θεῴ</strong></span> <span class='ocrx_word' id='word_1_319' title='bbox 2495 2375 2673 2444; x_wconf 79' lang='grc' dir='ltr'><strong>ἡμῶν,</strong></span> <span class='ocrx_word' id='word_1_320' title='bbox 2700 2375 2778 2442; x_wconf 84' lang='grc' dir='ltr'>τῷ</span> <span class='ocrx_word' id='word_1_321' title='bbox 2804 2373 2992 2428; x_wconf 79' lang='grc' dir='ltr'><strong>ἑαυτὸν</strong></span> <span class='ocrx_word' id='word_1_322' title='bbox 3018 2375 3157 2443; x_wconf 83' lang='grc' dir='ltr'>ὑπὲρ</span> <span class='ocrx_word' id='word_1_323' title='bbox 3186 2375 3342 2443; x_wconf 74' lang='grc' dir='ltr'><strong>ἡμῶν</strong></span> <span class='ocrx_word' id='word_1_324' title='bbox 3380 2374 3676 2440; x_wconf 75' lang='grc' dir='ltr'>ἁγιάσαντι</span> <span class='ocrx_word' id='word_1_325' title='bbox 3707 2373 3797 2425; x_wconf 79' lang='grc' dir='ltr'><strong>δ;ἀ</strong></span> <span class='ocrx_word' id='word_1_326' title='bbox 3834 2374 3932 2441; x_wconf 76' lang='grc' dir='ltr'><strong>τῆς</strong></span> 
     </span>
    </p>
   </div>
   <div class='ocr_carea' id='block_1_47' title="bbox 2343 2459 3933 2536">
    <p class='ocr_par' dir='ltr' id='par_1_47' title="bbox 2343 2459 3933 2536">
     <span class='ocr_line' id='line_1_47' title="bbox 2343 2459 3933 2536; baseline -0.003 -17"><span class='ocrx_word' id='word_1_327' title='bbox 2343 2464 2441 2519; x_wconf 84' lang='grc' dir='ltr'><strong>τοῦ</strong></span> <span class='ocrx_word' id='word_1_328' title='bbox 2478 2465 2713 2536; x_wconf 81' lang='grc' dir='ltr'>σταυροῦ</span> <span class='ocrx_word' id='word_1_329' title='bbox 2743 2465 2957 2530; x_wconf 83' lang='grc' dir='ltr'><strong>θυσίας,</strong></span> <span class='ocrx_word' id='word_1_330' title='bbox 2992 2465 3078 2518; x_wconf 84' lang='grc' dir='ltr'><strong>ἵνα</strong></span> <span class='ocrx_word' id='word_1_331' title='bbox 3107 2467 3200 2518; x_wconf 69' lang='grc' dir='ltr'><strong>καὶ</strong></span> <span class='ocrx_word' id='word_1_332' title='bbox 3225 2467 3384 2536; x_wconf 72' lang='grc' dir='ltr'><strong>ἡμεῖς</strong></span> <span class='ocrx_word' id='word_1_333' title='bbox 3407 2459 3555 2534; x_wconf 72' lang='grc' dir='ltr'><strong>ὦμεν</strong></span> <span class='ocrx_word' id='word_1_334' title='bbox 3591 2466 3933 2534; x_wconf 71' lang='grc' dir='ltr'>ἡγιασμένοι</span> 
     </span>
    </p>
   </div>
   <div class='ocr_carea' id='block_1_48' title="bbox 664 2550 3937 2630">
    <p class='ocr_par' dir='ltr' id='par_1_48' title="bbox 664 2550 3937 2630">
     <span class='ocr_line' id='line_1_48' title="bbox 664 2550 3937 2630; baseline 0 -23"><span class='ocrx_word' id='word_1_335' title='bbox 664 2558 722 2608; x_wconf 79' lang='grc' dir='ltr'><strong>ἐν</strong></span> <span class='ocrx_word' id='word_1_336' title='bbox 761 2553 1010 2624; x_wconf 76' lang='grc' dir='ltr'><strong>ἀληθείᾳ,</strong></span> <span class='ocrx_word' id='word_1_337' title='bbox 1045 2551 1143 2605; x_wconf 82' lang='grc' dir='ltr'>σὺν</span> <span class='ocrx_word' id='word_1_338' title='bbox 1179 2551 1258 2619; x_wconf 89' lang='grc' dir='ltr'>τῷ</span> <span class='ocrx_word' id='word_1_339' title='bbox 1306 2551 1527 2622; x_wconf 82' lang='grc' dir='ltr'>ἁνάρχῳ</span> <span class='ocrx_word' id='word_1_340' title='bbox 1577 2550 1742 2607; x_wconf 83' lang='grc' dir='ltr'><strong>αὐτοῦ</strong></span> <span class='ocrx_word' id='word_1_341' title='bbox 1778 2553 1976 2624; x_wconf 68' lang='grc' dir='ltr'><strong>Πατρὶ,</strong></span> <span class='ocrx_word' id='word_1_342' title='bbox 2015 2555 2111 2608; x_wconf 77' lang='grc' dir='ltr'><strong>καὶ</strong></span> <span class='ocrx_word' id='word_1_343' title='bbox 2159 2554 2237 2626; x_wconf 86' lang='grc' dir='ltr'><strong>τῷ</strong></span> <span class='ocrx_word' id='word_1_344' title='bbox 2278 2557 2529 2627; x_wconf 78' lang='grc' dir='ltr'>παναγίῳ</span> <span class='ocrx_word' id='word_1_345' title='bbox 2560 2555 2658 2610; x_wconf 78' lang='grc' dir='ltr'><strong>καὶ</strong></span> <span class='ocrx_word' id='word_1_346' title='bbox 2689 2556 2878 2628; x_wconf 84' lang='grc' dir='ltr'>ἀγαθῷ</span> <span class='ocrx_word' id='word_1_347' title='bbox 2905 2557 2996 2610; x_wconf 80' lang='grc' dir='ltr'><strong>καὶ</strong></span> <span class='ocrx_word' id='word_1_348' title='bbox 3023 2557 3273 2630; x_wconf 76' lang='grc' dir='ltr'><strong>ζωοποιῷ</strong></span> <span class='ocrx_word' id='word_1_349' title='bbox 3306 2557 3607 2628; x_wconf 85' lang='grc' dir='ltr'><strong>Πνεύματι,</strong></span> <span class='ocrx_word' id='word_1_350' title='bbox 3679 2557 3774 2610; x_wconf 70' lang='grc' dir='ltr'><strong>νῦν</strong></span> <span class='ocrx_word' id='word_1_351' title='bbox 3841 2553 3937 2608; x_wconf 71' lang='grc' dir='ltr'>καὶ</span> 
     </span>
    </p>
   </div>
   <div class='ocr_carea' id='block_1_49' title="bbox 660 2644 1988 2717">
    <p class='ocr_par' dir='ltr' id='par_1_49' title="bbox 660 2644 1988 2717">
     <span class='ocr_line' id='line_1_49' title="bbox 660 2644 1988 2717; baseline 0.002 -17"><span class='ocrx_word' id='word_1_352' title='bbox 660 2647 750 2700; x_wconf 79' lang='grc' dir='ltr'><strong>ἀεὶ</strong></span> <span class='ocrx_word' id='word_1_353' title='bbox 781 2648 876 2700; x_wconf 75' lang='grc' dir='ltr'><strong>καὶ</strong></span> <span class='ocrx_word' id='word_1_354' title='bbox 900 2647 980 2710; x_wconf 74' lang='grc' dir='ltr'><strong>τίς</strong></span> <span class='ocrx_word' id='word_1_355' title='bbox 1001 2645 1130 2709; x_wconf 79' lang='grc' dir='ltr'><strong>τοὺς</strong></span> <span class='ocrx_word' id='word_1_356' title='bbox 1149 2646 1350 2712; x_wconf 84' lang='grc' dir='ltr'>αίῶνας</span> <span class='ocrx_word' id='word_1_357' title='bbox 1383 2646 1489 2700; x_wconf 76' lang='grc' dir='ltr'>τῶν</span> <span class='ocrx_word' id='word_1_358' title='bbox 1515 2644 1750 2701; x_wconf 84' lang='grc' dir='ltr'>ιιίὼνων.</span> <span class='ocrx_word' id='word_1_359' title='bbox 1792 2648 1988 2717; x_wconf 83' lang='grc' dir='ltr'><strong>Ἀμήν.</strong></span> 
     </span>
    </p>
   </div>
  </div>
