4134 6310
544 413 616 479 Π

545 546 704 605 reges
737 528 818 584 vel
844 524 1118 598 principes
1140 520 1500 584 constituunt,
1526 516 1787 585 inopesve
1814 521 1869 568 et
1897 509 2116 572 divites,
2146 513 2194 569 Α

547 597 720 693 αξξεσς
757 625 811 673 et
839 597 1025 679 sanos,
1061 611 1359 668 morientes
1388 616 1444 663 et
1472 602 1739 667 viventes,
1782 600 1911 655 viles
1935 607 1988 651 et
2022 597 2123 650 lto-

549 692 844 771 norabi'les,
868 705 1061 762 stultos
1086 712 1137 759 el
1163 702 1457 773 sapientes,
1476 697 1649 753 bonos
1680 704 1733 749 et
1766 692 1973 773 malos;
1998 702 2125 743 nam

1395 401 1778 466 SYMEONIS
1813 389 2567 460 THESSALONICENSIS
2621 381 2983 447 ARCHIEP.

2223 506 2400 568 ἔτους,
2432 503 2497 572 τῇ
2553 500 2769 569 κινήσε.
2818 495 3026 549 τούτων
3060 484 3214 553 αὖθις
3271 487 3445 559 ἀρχὴν
3493 483 3762 555 λαμϐάνει
3791 528 3804 543 ,

3738 369 3811 432 ιε

2230 595 2326 652 καὶ
2363 593 2649 648 διοικεῖται
2681 588 2750 643 τὰ
2785 588 3042 657 ὁρώμενα
3090 584 3256 646 οὑτω,
3289 581 3507 651 θελήσει
3542 576 3679 631 Θεοῦ
3716 577 3813 628 καὶ

2232 680 2622 753 προστάγματι
2676 674 3091 745 συμφερόντως.
3127 673 3201 725 0-3
3239 670 3346 742 μὴν
3378 670 3435 724 δὲ
3485 666 3663 737 ἀρχὴν
3695 665 3813 735 εχει

554 802 848 873 impietatis
880 807 963 854 est
995 759 1376 854 credere'talia
1452 802 1613 860 posse
1646 794 1791 841 nstra
1848 772 1906 838 et
1932 780 2128 836 nativi-

2265 774 2299 829 ἀ
2326 772 2627 841 κτίσματα,
2656 768 2690 840 ή
2717 764 3041 821 δυναστείαν
3070 764 3267 825 ἐπάγει
3291 801 3306 827 ,
3342 763 3377 834 ή
3416 759 3623 831 γνώμῃ,
3644 759 3817 823 ποιεῖ,

554 871 741 950 tatem.
806 891 1007 946 Sancta
1070 887 1213 943 enim
1254 882 1389 939 dixit
1445 879 1769 948 Scriptura:
1814 892 1832 926 ι
1868 871 2129 928 Dominus

552 984 770 1051 inOpem
838 980 968 1036 facit
1025 987 1079 1034 et
1118 977 1272 1041 ditat,
1324 971 1572 1027 humiliat
1603 976 1658 1021 et
1706 965 1980 1027 sublevat,
2023 979 2041 1014 ι
2078 966 2131 1014 et

555 1074 638 1130 sic
657 1050 875 1127 deinde.
901 1069 963 1127 Et
994 1085 1008 1122 :
1039 1085 1057 1119 ι
1083 1058 1728 1121 Dominusmortiilcatet
1747 1054 2005 1116 vivillcat,
2025 1050 2128 1103 du-

553 1163 630 1218 cit
656 1163 720 1217 ad
752 1160 961 1215 inferos
989 1168 1043 1213 et
1067 1154 1299 1219 reducit,
1335 1170 1354 1205 ι
1383 1148 1633 1221 equidem
1660 1142 1804 1217 iuste
1833 1141 2130 1198 secundum

563 1246 1008 1322 uniuscujusque
1058 1246 1383 1303 electionem
1437 1249 1601 1310 atque
1661 1237 2016 1297 voluntatem,
2078 1235 2131 1285 vi

557 1355 736 1400 autem
774 1341 1019 1405 minime,
1075 1336 1326 1408 quoniam
1377 1333 1561 1403 justus
1614 1339 1698 1385 est
1760 1326 2025 1381 Dominus
2079 1330 2132 1375 et

552 1435 821 1506 justitiam
870 1430 1101 1495 dilexit;
1139 1436 1213 1493 et,
1248 1443 1266 1477 ι
1311 1422 1390 1479 Tu
1420 1423 1633 1485 reddes,
1665 1418 1861 1489 inquit,
1921 1413 2134 1469 unicui-

558 1539 665 1595 que
693 1522 990 1578 secundum
1020 1533 1179 1589 Opera
1221 1516 1366 1586 ejus.
1408 1532 1428 1567 ι
1486 1510 1769 1579 Quomodo
1800 1516 1978 1563 autem
2012 1505 2134 1559 red-

559 1616 669 1680 det,
706 1614 750 1669 si
782 1612 903 1683 quis
926 1611 977 1665 vi
1018 1620 1297 1681 peccatum
1332 1606 1656 1661 virtutemve
1688 1597 1978 1671 Operatnr?
2007 1610 2132 1649 nam

562 1705 607 1760 si
638 1704 685 1757 vi
716 1712 862 1775 agat,
912 1713 1089 1770 neque
1124 1705 1314 1770 peccat
1355 1694 1598 1765 iniquus,
1636 1703 1813 1761 neque
1843 1687 1980 1744 bene
2007 1684 2141 1739 facit

563 1796 768 1867 justus,
794 1807 969 1862 neque
992 1789 1224 1845 trucidat
1248 1785 1581 1850 interfector,
1601 1780 1987 1839 nec‘adulter‘at
2008 1788 2140 1831 mce—

2232 868 2265 938 ῆ
2297 866 2395 935 τῆς
2422 864 2602 936 ψυχῆς
2641 859 2932 930 κατάρχει,
2960 856 2993 927 ἢ
3044 856 3389 926 ἁμαρτάνειν
3420 851 3746 921 ἀναγκάζει,
3779 850 3814 919 ἦ

2232 955 2438 1029 ἀρετὴν
2470 953 2737 1024 ινεργείν,
2762 950 2792 1020 ή
2829 948 3071 1020 βασ·.λείς
3096 945 3363 1015 καθιστᾷν
3392 961 3450 997 τε
3477 944 3571 996 καὶ
3606 943 3811 1010 ἄρχον·

2233 1067 2354 1113 τας,
2388 1044 2721 1115 πενομένους
2751 1058 2811 1095 τε
2857 1042 2955 1093 καὶ
2992 1037 3303 1100 πλουσίους,
3346 1034 3691 1100 ὑγιαίνοντας
3720 1028 3816 1080 καὶ

2234 1141 2577 1212 ἀρρώστους,
2608 1137 2949 1207 θνήσκοντας
2982 1132 3076 1184 καὶ
3104 1128 3335 1193 ζῶντας,
3373 1126 3601 1194 ἀτίμους
3628 1136 3684 1172 τε
3719 1118 3819 1169 καὶ

2235 1210 2473 1303 τιμίους,
2523 1227 2802 1300 ἔμφρονάς
2838 1242 2898 1276 τε
2926 1226 3019 1277 καὶ
3052 1223 3316 1289 ἄφρονας,
3337 1213 3592 1297 ,ἀγαθούς
3620 1228 3679 1263 τε
3716 1210 3819 1264 καὶ

2237 1292 2798 1393 πονηρούς.”Αθεῖας
2850 1316 2957 1385 γὰρ
3011 1314 3073 1366 τὸ
3132 1292 3358 1364 τοιαῦτα
3404 1303 3668 1360 δύνασθαι
3718 1301 3824 1369 τὴν

2237 1392 2454 1484 γένεσιν
2500 1412 2595 1465 καὶ
2643 1412 2769 1471 τοὺς
2818 1407 3055 1477 ἀστέρας
3092 1402 3359 1469 δοξάζειν.
3404 1398 3472 1452 Ἦ
3530 1400 3639 1464 γὰρ
3692 1392 3826 1461 άγία

2240 1507 2457 1578 Γραφὴ,
2508 1504 2746 1573 Κύριος,
2784 1500 2940 1570 φησι,
2975 1496 3241 1567 πτωχίζει
3272 1494 3367 1546 καὶ
3392 1487 3669 1552 πλουτίξει
3692 1528 3705 1549 ,
3738 1501 3830 1537 τα-

2244 1602 2421 1656 πεινοί
2468 1598 2562 1653 καὶ
2592 1596 2807 1666 mw,
2847 1594 2943 1647 καὶ
3002 1590 3069 1644 τά
3102 1588 3357 1657 καθεξῆς.
3391 1585 3441 1655 ⁷
3476 1582 3585 1635 Καὶ
3621 1578 3829 1647 Κύριος

2243 1692 2464 1745 θανατοϊ
2496 1690 2591 1741 καὶ
2631 1686 2906 1753 ζωογονεῖ,
2947 1683 3176 1749 κατάγει
3235 1681 3313 1737 είς
3365 1676 3494 1748 ᾅδου
3545 1672 3640 1726 καὶ
3688 1670 3824 1721 ἀνά-

2246 1801 2351 1852 γει.
2383 1783 2482 1835 καὶ
2532 1780 2691 1832 τοῦτο
2740 1777 2969 1838 δικαίως
3004 1774 3100 1851 καὶ
3136 1771 3277 1825 κατά
3328 1766 3652 1847 προαίρεσιν
3688 1760 3824 1813 ἑκά-

570 1884 706 1938 chus
733 1898 750 1945 ;
780 1880 1029 1950 impurus
1052 1893 1159 1934 non
1188 1888 1270 1932 est
1297 1877 1566 1946 impurus,
1596 1886 1771 1941 nepte
1798 1868 1882 1925 fur
1911 1866 2141 1930 furatur,

2265 1895 2380 1931 nou
2431 1875 2522 1929 καὶ
2566 1873 2804 1940 κίνησιν,
2854 1870 2951 1921 καὶ
2977 1868 3038 1920 οὐ
3082 1858 3223 1919 κατά
3278 1862 3421 1932 βῖαν.
3454 1858 3580 1911 Ὀτι
3618 1854 3833 1913 δίκαιος

569 1985 747 2040 neque
776 1971 947 2025 salvat
974 1968 1229 2030 salvator,
1273 1980 1371 2020 nec
1421 1963 1575 2033 virgo
1605 1959 1916 2031 virginitate
1951 1958 2139 2021 claret,

576 2078 752 2133 neque
784 2054 1482 2133 sapitsapiensﬂuomodo
1498 2052 1726 2121 denique
1758 2049 1945 2119 puniet
1966 2046 2148 2100 Domi-

574 2155 702 2209 nus?
722 2152 991 2224 quomodo
1003 2149 1136 2219 justi
1162 2157 1213 2203 et
1236 2146 1403 2201 multa
1423 2144 1536 2200 sive
1558 2143 1753 2197 veteris
1767 2143 1881 2197 sive
1900 2155 2053 2195 nova:
2072 2139 2145 2193 le—

572 2246 655 2317 gis
672 2243 945 2310 exempla?
961 2240 1127 2297 Nobis
1151 2253 1274 2295 vero
1295 2234 1643 2292 credentibus
1663 2248 1769 2289 non
1799 2231 2145 2289 solummodo

576 2338 877 2396 secundum
962 2342 1207 2387 naturam
1270 2327 1474 2383 moveri
1540 2322 1836 2381 creduntur
1890 2322 2143 2387 visibilis,

575 2434 670 2486 sed
723 2429 886 2484 etiam
924 2426 1047 2495 jure
1080 2439 1243 2493 super
1296 2434 1569 2477 naturam.
1612 2417 1748 2473 Nam
1787 2417 1880 2488 qui
1934 2424 2148 2472 creatu-

578 2536 667 2577 ras
710 2518 837 2576 fecit
873 2525 1047 2587 potest
1090 2529 1205 2580 eas,
1258 2523 1319 2567 ut
1376 2510 1630 2574 voluerit,
1687 2509 1995 2563 immutare.
2024 2506 2151 2560 ideo

579 2611 827 2684 prodigia
866 2584 994 2664 iecit
1024 2620 1188 2677 supra
1221 2612 1471 2660 naturam
1518 2602 1694 2673 posita
1749 2610 1856 2669 tam
1919 2608 2045 2653 ante
2078 2584 2149 2652 le-

579 2719 722 2774 gem,
749 2717 912 2773 quam
953 2702 1006 2756 in
1041 2701 1179 2769 lege,
1221 2711 1275 2754 et
1310 2707 1432 2767 post
1492 2696 1661 2764 legem
1697 2692 2042 2749 orationibus
2067 2690 2154 2760 ju-

575 2808 811 2859 storum,
843 2803 899 2852 et
925 2792 1248 2847 miraculum
1292 2786 1426 2844 fecit
1459 2802 1712 2857 magnum
1743 2799 1907 2854 super
1935 2797 2151 2837 omnem

579 2897 817 2943 mentem
870 2894 1034 2953 atque
1098 2886 1433 2943 sermonem.
1482 2876 1723 2934 Verbum
1781 2884 2003 2946 pr0pter
2054 2886 2155 2927 nos

582 2982 923 3034 incarnatutu
957 2984 1012 3031 et
1057 2988 1151 3044 per
1198 2972 1364 3028 vitam
1403 2969 1547 3025 inter
1604 2960 1703 3021 nos
1747 2970 2154 3025 conversatum,

581 3079 637 3123 et
668 3080 833 3121 carne
864 3078 1107 3135 passum,
1136 3071 1190 3116 et
1225 3057 1526 3115 redivivum
1557 3063 1612 3111 et
1643 3064 1767 3126 post
1795 3050 2158 3108 resurrectio-

584 3178 705 3216 nem
788 3169 1168 3228 conspectum,
1248 3161 1450 3210 tactum
1544 3160 1708 3220 atque
1785 3158 2157 3218 progressum,

586 3270 793 3312 necnon
853 3258 908 3308 in
964 3251 1160 3306 caelum
1211 3261 1335 3302 cum
1401 3259 1567 3299 carne
1618 3241 1941 3307 ascendens,
1974 3248 2029 3294 et
2064 3253 2163 3309 per

590 3347 869 3418 apostolos
896 3353 1149 3400 naturam
1170 3340 1465 3395 humanam
1485 3334 1697 3405 replens
1716 3331 1923 3403 Spiritu
1946 3338 2166 3395 sancto;

591 3440 821 3507 etsigna
874 3433 1171 3493 fecitDeus
1235 3438 1399 3501 atque
1448 3428 1716 3502 prodigia,
1756 3433 2072 3492 terramque
2102 3421 2168 3475 ad

593 3532 751 3585 tltlcm
795 3527 962 3584 traxit
1009 3524 1123 3582 sola
1155 3521 1544 3594 praedicatione
1576 3528 1631 3573 et
1680 3515 1989 3577 miraculis,
2042 3526 2171 3566 nec—

591 3636 701 3676 non
739 3632 912 3688 usque
944 3617 1011 3672 ad
1061 3618 1202 3670 hanc
1260 3616 1451 3669 horam
1510 3609 1756 3679 prodigia
1813 3605 2069 3676 patravit,
2116 3609 2171 3657 et

599 3711 831 3766 mortuis
859 3717 1174 3766 sanctorum
1197 3704 1443 3774 reliquiis
1464 3701 1831 3773 precibusque
1850 3705 2167 3753 sanctorum

600 3802 868 3857 mirabilia
900 3806 1178 3871 operatur,
1210 3808 1265 3852 et
1313 3793 1517 3866 ligandi
1554 3801 1721 3862 atque
1775 3787 2021 3846 solvendi
2076 3802 2172 3855 po-

600 3905 771 3949 testas
801 3891 1187 3947 manifestatur
1219 3906 1237 3955 ;
1273 3901 1394 3957 quae
1423 3885 1607 3940 omnia
1661 3890 1786 3937 sunt
1818 3894 1983 3951 supra
2014 3888 2172 3933 natu-

599 4004 739 4050 ram,
771 3985 972 4055 Deique
999 3995 1165 4051 opera
1195 3977 1613 4055 omnipotentis.
1646 3974 1940 4044 Propterea
1967 3970 2172 4027 infirmi

600 4053 979 4147 precamur—nt
1034 4057 1324 4126 sanitatem
1381 4053 1735 4137 accipiamus,
1783 4076 1839 4119 et
1891 4065 2082 4120 tentati
2115 4072 2176 4117 ut

601 4171 895 4225 liberentur
929 4182 994 4222 ex
1034 4162 1300 4228 adversis,
1330 4170 1384 4216 et
1416 4162 1543 4215 dum
1574 4160 1844 4216 elementa
1869 4154 2177 4213 inordinate

603 4270 909 4328 moventur,
944 4258 1288 4330 postulamus
1329 4262 1389 4309 ut
1412 4248 2005 4308 secundum.ordinem
2057 4262 2174 4299 mo-

604 4368 871 4425 vcantur,
940 4365 996 4412 et
1054 4353 1315 4425 pleraque
1362 4350 1499 4425 ﬁunt
1548 4348 1791 4399 virorum
1855 4347 2175 4396 sanctorum

604 4452 877 4524 precibus,
928 4451 1073 4505 velut
1130 4443 1315 4517 pluvia
1377 4448 1499 4514 pou
1552 4446 1767 4502 aestum,
1826 4436 1887 4489 tit
1932 4432 2176 4488 hostium

601 4523 802 4613 elades,
835 4552 895 4605 ut
926 4539 1088 4598 famis
1117 4546 1181 4594 et-
1219 4535 1389 4605 pestis
1424 4531 1650 4597 solutio,
1685 4537 1740 4584 et
1780 4528 2041 4597 pleraque
2069 4523 2192 4578 alia.

601 4648 655 4696 et
688 4639 1029 4693 inﬁrmorum
1094 4628 1431 4687 saltationes,
1483 4624 1536 4683 e't
1570 4618 1941 4690 calamitatum
1972 4614 2177 4669 exstin-

602 4730 837 4793 c.iones,
876 4732 1095 4796 propter
1122 4734 1247 4791 quae
1302 4718 1634 4787 deprecatur
1691 4709 1956 4765 Ecclesia.
2010 4706 2180 4775 Igitur

603 4836 756 4893 spem
798 4819 854 4874 in
887 4817 1058 4872 Deum
1082 4814 1280 4870 evertit
1305 4809 1443 4864 falsa
1470 4807 1537 4863 Δο
1578 4806 1796 4859 fortuna
1827 4810 1885 4856 et‘
1916 4798 2029 4855 tato
2061 4797 2180 4869 opi-

604 4892 717 4981 nio,
749 4913 1040 4983 ipsumque
1104 4906 1274 4962 Deum
1338 4899 1593 4964 destruit,
1649 4896 2007 4962 divinamque
2061 4892 2181 4960 eius

604 5006 931 5078 potentiam,
957 5012 1013 5059 et
1040 5012 1261 5057 omnem
1299 4993 1636 5062 Scripturam
1672 4996 1939 5050 sanctam,
1983 4993 2039 5040 et
2076 4982 2184 5039 ini-

604 5076 839 5172 quorum
900 5109 1111 5167 pcenas,
1146 5101 1199 5147 et
1234 5090 1508 5161 iustorum
1553 5083 1882 5146 mercedem,
1912 5091 1968 5135 et
2000 5076 2182 5132 omnia

605 5171 697 5247 [lci
734 5186 1010 5262 mysteria.
1042 5184 1163 5239 Ideo
1187 5181 1355 5236 nolite
1405 5175 1779 5233 Christianum
1808 5171 2010 5227 ducere
2058 5182 2184 5224 eum

606 5282 701 5355 qui
749 5283 814 5338 de
877 5279 988 5335 lato
1017 5286 1072 5336 et
1103 5271 1401 5342 astrologia
1446 5278 1612 5337 atque
1657 5264 1929 5324 similibus
1978 5262 2183 5317 studet.

610 5373 676 5437 Et
708 5375 756 5432 si
786 5373 912 5445 quis
960 5368 1161 5426 dixerit
1202 5381 1265 5429 se
1318 5363 1522 5424 talibus
1598 5359 1804 5424 doceri,
1856 5373 1885 5413 a
1940 5359 2189 5413 daemone

608 5469 887 5527 deluditur
931 5473 986 5521 et
1022 5460 1293 5534 rejicitur,
1330 5468 1387 5516 et
1420 5455 1490 5512 ab
1528 5452 1771 5512 Ecclesia
1803 5452 1862 5507 lit
1899 5451 2110 5505 alienus
2136 5456 2191 5504 et

609 5559 867 5617 mendax.
925 5554 1118 5613 Omnis
1186 5561 1367 5612 autem
1428 5548 1511 5613 vir
1572 5545 1881 5615 religiosus.
1940 5557 2064 5597 cum
2117 5542 2192 5596 sit

610 5650 835 5717 Christi,
861 5650 955 5723 qni
995 5657 1080 5705 est
1104 5646 1275 5701 virtus
1311 5642 1511 5709 Patris,
1530 5640 1757 5705 veritas,
1794 5638 2027 5695 Verbum
2073 5649 2190 5690 om-

614 5746 892 5817 nipotens,
916 5750 1099 5814 speret
1128 5740 1184 5794 in
1240 5734 1552 5803 Dominum,
1589 5732 1682 5804 qui
1715 5742 1980 5789 estutunc
2008 5739 2063 5785 et
2096 5742 2193 5798 per

612 5851 776 5895 omne
825 5832 1113 5902 scculum,
1160 5831 1423 5903 quoniam
1485 5825 1725 5899 praeterit
1792 5822 1965 5895 ﬁgura
2023 5819 2189 5896 hujus

2253 1969 2450 2038 Κύριος
2487 1964 2581 2017 καὶ
2617 1960 2957 2018 δικαιοσύνας
2988 1958 3271 2026 ἠγάπησε.
3307 1952 3415 2003 Καὶ
3445 1941 3528 2002 ὅτι
3565 1944 3667 1997 «Σύ
3694 1944 3834 1994 ἀπο-

2252 2034 2439 2115 δώσεις
2473 2058 2709 2123 ἑκάστῳ,
2735 2055 2889 2122 φησὶ,
2910 2050 3051 2104 κατὰ
3076 2049 3142 2100 τά
3171 2046 3308 2116 ἔργα
3335 2040 3557 2097 αὐτοῦ.»
3582 2038 3690 2093 Καὶ
3713 2034 3838 2095 πῶς

2261 2148 2558 2211 ἀποδώσει,
2593 2147 2642 2198 εί
2681 2145 2825 2198 κατά
2876 2142 2996 2212 βίαν
3032 2136 3361 2210 ἁμαρτάνει,
3408 2134 3443 2203 ἦ
3479 2128 3775 2198 κατορθοῖ;
3807 2127 3838 2177 ό

2256 2240 2366 2312 γὰρ
2400 2240 2544 2293 κατὰ
2577 2238 2702 2311 βίαν
2736 2235 2909 2289 ποιῶν
2937 2232 3060 2286 οὔτε
3097 2230 3283 2292 ἄδικος
3316 2223 3676 2299 ἁμαρτάνων,
3706 2216 3835 2271 οὔτε

2254 2307 2462 2398 δίκαιος
2490 2307 2774 2404 κατορθῶν
2805 2345 2818 2361 ο
2851 2328 2949 2381 καὶ
2992 2324 3120 2379 οῦτε
3156 2324 3184 2376 ό
3219 2320 3493 2389 φονεύσας
3524 2311 3740 2383 φονεὺς,
3796 2307 3834 2377 ἢ

2256 2428 2285 2480 ὸ
2344 2400 2643 2496 μοιχεύσας
2701 2420 2925 2492 μοιχὸς,
2971 2418 3005 2489 ἢ
3053 2422 3080 2471 ὁ
3108 2413 3427 2485 ἀκάθαρτος
3480 2408 3578 2462 καὶ
3625 2400 3840 2473 ἅρπαξ.

2257 2494 2567 2590 ἀκάθαρτος
2616 2533 2678 2568 τε
2720 2514 2812 2569 καὶ
2861 2510 3070 2583 ἀρπαξ,
3123 2506 3249 2563 οὔτε
3300 2508 3328 2559 ὁ
3383 2501 3574 2567 σώζων
3628 2494 3836 2567 σωτὴρ,

2260 2614 2355 2666 καὶ
2410 2588 2457 2666 όν
2496 2608 2766 2681 παρθένος
2822 2605 3113 2677 παρθένος,
3183 2600 3279 2655 καὶ
3353 2597 3588 2665 σώφρων
3644 2592 3671 2644 ὁ
3726 2588 3837 2641 σώ-

2262 2721 2439 2774 φρων,
2472 2702 2567 2757 καὶ
2613 2704 2641 2755 ὸ
2678 2700 2887 2763 δίκαιος
2929 2698 3156 2759 δίκαιος.
3182 2748 3185 2751 ,
3210 2692 3321 2746 Καὶ
3373 2691 3489 2751 πῶς
3520 2685 3706 2740 λοιπὸν
3744 2699 3842 2735 κο-

2261 2797 2414 2859 λάζει
2458 2794 2626 2859 Θεός;
2668 2774 2762 2844 καὶ
2796 2790 2915 2853 πῶς
2940 2788 3141 2841 δικαιοῖ
3182 2785 3276 2838 καὶ
3329 2782 3556 2834 πλεῖστα
3598 2778 3654 2830 ἐν
3682 2793 3741 2829 τε
3771 2774 3842 2843 τῇ

2264 2888 2480 2957 Παλαιᾷ
2507 2888 2605 2941 καὶ
2634 2886 2811 2954 Καινῇ
2839 2882 2910 2935 τὰ
2956 2880 3339 2948 ὑποδείγματα
3369 2894 3385 2943 ;
3422 2871 3585 2928 Ἀλλὰ
3612 2870 3724 2932 τοῖς
3755 2882 3847 2917 πι-

2266 2981 2410 3043 στοῖς
2434 2980 2567 3049 ήμίν
2591 2976 2712 3030 οὐδὲ
2740 2975 2798 3028 τὸ
2822 2973 2966 3027 κατά
2996 2972 3159 3043 φύσιν
3190 2968 3462 3022 κινεῖσθαι
3484 2964 3553 3017 τά
3585 2961 3843 3032 ὁρώμενα

2269 3072 2430 3143 μόνον
2461 3070 2610 3137 δόξα,
2663 3069 2801 3123 ἀλλά
2849 3068 2946 3121 καὶ
2991 3065 3133 3134 ὑπὲρ
3167 3063 3330 3132 φύσιν
3358 3060 3605 3119 δικαίως.
3646 3054 3707 3107 Ὀ
3734 3053 3847 3121 γάρ

2266 3163 2502 3233 ποιήσας
2547 3160 2646 3225 τὴν
2677 3158 2859 3212 κτίσιν
2909 3154 3086 3226 ἰσχύει
3138 3150 3501 3224 μεταϐάλλειν
3530 3146 3605 3209 ὡς
3653 3144 3847 3215 βούλεσ-

2266 3270 2379 3308 ται.
2416 3250 2506 3305 Διὸ
2532 3251 2629 3304 καὶ
2676 3249 2881 3320 τέρατα
2929 3248 3230 3316 πεποίηκεν
3258 3244 3401 3313 ὑπὲρ
3433 3241 3614 3311 φύσιν,
3641 3239 3712 3291 τά
3743 3236 3851 3302 πρὸ

2267 3343 2363 3400 τοῦ
2396 3344 2587 3414 νόμου,
2619 3341 2688 3395 τά
2711 3343 2769 3394 ἐν
2812 3339 2892 3409 τῷ
2918 3340 3096 3409 νόμῳ,
3138 3338 3232 3390 καὶ
3271 3336 3411 3406 μετά
3462 3333 3627 3401 νόμον
3668 3344 3849 3400 προσ-

2268 3438 2454 3509 ευχαῖς
2490 3434 2603 3487 τῶν
2636 3434 2862 3487 δικαίων
2890 3472 2906 3497 ,
2937 3437 3033 3484 καὶ
3062 3430 3124 3485 τὸ
3178 3429 3321 3499 μέγα
3372 3426 3466 3480 καὶ
3497 3424 3639 3493 ὑπὲρ
3671 3423 3854 3475 πάντα

2283 3530 2410 3583 νοῦν
2436 3546 2495 3581 τε
2526 3529 2621 3581 καὶ
2645 3525 2806 3593 λόγον
2850 3526 2910 3578 τὸ
2973 3523 3327 3596 σηαρκωθῆναι
3368 3520 3461 3572 τὸν
3512 3517 3683 3585 Λόγον
3714 3516 3857 3581 ὑπὲρ

2272 3618 2452 3691 ήμῶν,
2486 3618 2582 3670 καὶ
2614 3613 3076 3685 ὲμπολιτευθῆναι
3125 3609 3205 3682 τῷ
3248 3610 3371 3681 βίῳ,
3402 3607 3499 3661 καὶ
3532 3605 3701 3677 σαρκὶ
3748 3623 3857 3658 πα-

2272 3713 2411 3776 θεῖν,
2441 3713 2534 3764 καὶ
2565 3709 2898 3776 ἀναστῆναι,
2946 3708 3041 3760 καὶ
3070 3704 3341 3775 ὁραθῆναι
3380 3692 3521 3772 μετά
3563 3702 3663 3773 τὴν
3696 3700 3857 3767 ἐγερ-

2273 3819 2381 3865 σιν,
2416 3800 2510 3855 καὶ
2529 3796 2952 3868 ψηλαφηθῆναι,
2986 3796 3080 3847 καὶ
3112 3790 3417 3863 τραφῆναι,
3444 3799 3537 3842 και
3570 3791 3649 3851 εἰς
3684 3787 3855 3854 οὐρα-

2273 3894 2398 3956 νοὺς
2435 3893 2575 3963 μετὰ
2609 3890 2709 3959 τῆς
2749 3888 2956 3958 σαρκὸς
2986 3886 3235 3940 ἀνελθεῖν
3290 3884 3385 3937 καὶ
3443 3881 3646 3949 πλῆσαι
3686 3876 3861 3931 Πνεύ-

2279 4000 2445 4053 ματος
2484 3981 2646 4053 ἁγίου
2674 3981 2778 4051 τὴν
2810 3979 3166 4051 ἀνθρωπίνην
3207 3976 3372 4045 φύσιν
3428 3973 3517 4027 διὰ
3566 3971 3677 4024 τῶν
3727 3972 3865 4023 ἀπο·

2278 4077 2504 4143 στόλων,
2531 4075 2628 4128 καὶ
2657 4074 2865 4143 σημεῖα
2894 4073 2989 4126 καὶ
3015 4070 3222 4141 τέρατα
3252 4067 3580 4139 ἐνεργῆσαι,
3608 4064 3706 4118 καὶ
3754 4062 3862 4131 τὴν

2276 4165 2606 4237 οίκουμὲνην
2644 4167 2726 4229 είς
2778 4163 2878 4235 τήν
2928 4163 3116 4243 πίστιν
3170 4158 3399 4214 ὶλκῦσαι
3454 4157 3605 4229 μόνῳ
3643 4155 3724 4226 τῷ
3760 4171 3868 4224 κη-

2280 4261 2524 4331 ρύγματι
2579 4259 2829 4321 καὶτοῖς
2903 4238 3170 4326 θαύμασι,
3254 4253 3352 4307 καὶ
3410 4254 3541 4322 ἄχρι
3607 4248 3700 4302 τοῦ
3765 4245 3865 4300 νῦν

2279 4355 2338 4407 ἐν
2393 4351 2673 4422 θαύμασιν
2741 4349 2994 4418 ινεργεῖν
3027 4388 3042 4414 ,
3115 4348 3215 4401 καὶ
3298 4345 3515 4414 νεκροῖς
3580 4340 3869 4408 λειψάνοις

2280 4445 2479 4515 ἀγὶων,
2522 4442 2618 4496 καὶ
2650 4441 2837 4511 εὐχαῖς
2875 4440 3071 4511 ίερὲων
3116 4438 3513 4509 τερατουργείν
3554 4433 3663 4493 τὸν,
3702 4430 3867 4493 Θεὸν,

2281 4537 2377 4591 καὶ
2421 4536 2520 4605 τὴν
2565 4534 2659 4587 τοῦ
2690 4532 2843 4586 λύειν
2890 4532 2987 4585 καὶ
3033 4530 3255 4601 δεσμεῖν
3297 4526 3671 4599 φανεροῦσθαι
3700 4520 3867 4578 δύνα-

2284 4645 2399 4699 μιν,
2432 4627 2578 4698 ἅπερ
2610 4626 2789 4680 πάντα
2826 4622 3112 4694 ὑπερφυῆ,
3148 4622 3248 4675 καὶ
3300 4619 3396 4674 τοῦ
3443 4616 3868 4686 παντοδννὰμου

2283 4719 2420 4791 ἔργα
2453 4718 2613 4774 Θεοῦ.
2651 4716 2745 4771 Διὸ
2778 4715 2873 4770 καὶ
2916 4712 3339 4786 ἀρρωστοῦντες
3367 4710 3644 4783 εὐχόμεθα
3674 4708 3870 4764 ὑγείαν

2285 4783 2489 4882 εὑρεῖν,
2515 4813 2612 4865 καὶ
2652 4783 3167 4879 περιστατούμενοι,
3200 4806 3549 4877 λυτρωθῆναι
3596 4802 3706 4857 τῶν
3730 4802 3871 4856 δυσ·-
3945 4783 3948 4787 ’

2285 4923 2347 4979 χε
2356 4904 2488 4976 ρῶν,
2546 4904 2643 4957 καὶ
2687 4901 2801 4957 τῶν
2828 4901 3122 4973 στοιχείων
3150 4900 3482 4973 παραλόγως
3510 4896 3876 4966 κινουμένων,

2286 5000 2367 5062 είς
2401 4998 2462 5050 τὸ
2501 4996 2751 5066 εὐφόρως
2776 4982 3074 5048 κινεῖσθαι.
3107 4993 3220 5047 Καὶ
3262 4992 3493 5045 πλείστα
3540 4990 3753 5059 γίνεται
3784 4991 3877 5042 εὐ-

2284 5093 2411 5162 χαῖς
2437 5090 2665 5143 δικαίων
2694 5086 2930 5159 ἀνδρῶν’
2962 5085 3040 5147 ὡς
3087 5084 3241 5148 ὑετὸς
3281 5083 3342 5147 ἐξ
3388 5082 3627 5153 αὐχμοῦ,
3664 5081 3740 5145 ὠς
3775 5098 3878 5133 κα-

2288 5180 2567 5253 ταστροφὴ
2607 5179 2927 5250 πολεμίων,
2976 5175 3052 5239 ὡς
3096 5174 3259 5245 λιμοῦ
3302 5175 3460 5236 λύσις
3510 5173 3607 5227 καὶ
3648 5171 3869 5243 λοιμοῦ,

2291 5276 2387 5329 καὶ
2416 5274 2647 5328 πλεῖστα
2705 5272 2861 5325 ἀλλαο
2896 5270 2994 5325 καὶ
3057 5266 3304 5322 ἀσθενῶν
3362 5266 3704 5338 ἀναρῤώσεις
3730 5306 3745 5332 ,
3783 5268 3879 5321 καὶ

2290 5364 2587 5435 ἀπαλλαγή
2644 5361 2935 5434 λυπηρῶν,
2966 5359 3033 5414 δι’
3064 5358 3101 5414 ἀ
3152 5360 3253 5413 καὶ
3290 5362 3325 5431 ή
3364 5360 3671 5428 Ἐκκλησία
3708 5373 3881 5426 προσ-

2293 5457 2538 5526 εύχεται.
2580 5455 2911 5525 Ἀνατρέπει
2944 5453 3130 5506 τοίνυν
3164 5454 3374 5527 τήνέίς
3409 5452 3546 5505 Θεὸν
3574 5451 3769 5504 ἐλπίδα
3806 5449 3881 5503 τά

2291 5548 2391 5617 τῆς
2424 5546 2595 5618 τύχης
2646 5563 2706 5600 τε
2751 5547 2847 5599 καὶ
2896 5545 3170 5616 γενέσεως
3213 5528 3331 5601 και
3362 5545 3529 5599 αὐτὸν
3574 5544 3759 5598 ἀθετεῖ
3784 5543 3879 5596 τὸν

2294 5638 2462 5705 Θεὸν,
2492 5641 2588 5692 καὶ
2636 5639 2737 5710 τὴν
2789 5637 2957 5692 αὐτοῦ
2998 5639 3153 5693 θείαν
3203 5638 3482 5710 δύναμιν,
3546 5639 3645 5692 καὶ
3694 5637 3881 5693 πᾶσαν

2297 5730 2458 5799 ἁγίαν
2490 5729 2742 5802 Γραφὴν,
2777 5729 2877 5784 καὶ⁵
2912 5728 3137 5789 κόλασιν
3169 5729 3394 5798 ἀδίκων,
3430 5731 3528 5783 καὶ
3574 5726 3881 5783 ἀπόλαυσιν

2299 5822 2548 5893 δικαίων,
2587 5824 2681 5879 καὶ
2716 5820 2896 5881 πάντα
2928 5819 3065 5876 Θεοῦ
3095 5822 3402 5894 μυστήρια.
3437 5823 3532 5879 Διὸ
3558 5821 3655 5878 καὶ
3687 5820 3881 5895 μηδεὶς
