4134 6310
326 325 396 389 49
1393 331 1670 394 DIALOG
1683 334 1776 395 US
1817 336 2124 397 CONTRA
2164 338 2557 404 I‘LERESES.
3537 343 3612 411 50

325 436 572 504 ἡγείσθω
617 436 966 506 Χριστιανὸν,
1023 437 1116 490 τὸν
1149 440 1280 508 περὶ
1311 440 1529 508 γένεσιν
1578 445 1669 495 καὶ
1716 444 1917 514 ἀστρο-

2041 449 2236 509 nundi,
2273 459 2325 502 et
2363 463 2616 506 creatura
2671 453 3044 524 corrumpitur
3102 462 3268 524 atque
3311 461 3607 526 mutatur;

323 528 516 596 λογίαν
540 530 634 582 καὶ
664 529 731 581 τὰ
767 527 991 581 τοιαῦτα
1025 528 1386 611 σχολάζοντα.
1424 535 1534 586 Καὶ
1564 537 1617 588 ετ
1647 551 1732 598 τις
1758 536 1904 590 εἴποι

2041 554 2115 595 nos
2149 550 2332 597 autem
2364 543 2420 597 in
2473 542 2697 600 Christo
2753 561 2862 601 non
2915 561 3107 602 sumus
3157 548 3262 604 sub
3319 548 3611 608 elementis

323 620 388 673 ὲκ
419 621 532 673 τῶν
566 621 831 674 τοιούτων
867 621 1190 690 μανθάνειν,
1227 625 1586 696 ὴπατημένος
1638 626 1744 680 ὑπὸ
1787 628 1906 681 δαι-

2041 633 2197 686 nundi
2234 635 2555 700 servientes,
2583 648 2745 706 prout
2803 638 2943 693 dixit
3002 639 3226 703 Paulus,
3260 640 3356 696 sed
3423 644 3608 697 anima

327 715 528 781 μόνων,
563 714 660 766 καὶ
712 714 1045 779 ἀπόϐλητος.
1100 718 1195 772 καὶ
1245 718 1343 786 τῆς
1384 717 1716 789 Ἐκκλησίας
1747 721 1905 779 ἁλλό-

2045 732 2064 776 ι
2101 740 2266 780 carne
2305 730 2648 797 corruptioni
2688 731 3003 801 superiores
3041 730 3172 787 facti
3201 747 3393 789 sumus
3429 734 3604 802 gratia

323 819 496 874 τριος,
528 807 623 859 καὶ
655 806 934 860 ἀπατεὼν.
964 809 1078 873 Πᾶς
1109 809 1167 861 δὲ
1204 809 1456 880 εὐσεϐὴς,
1506 811 1581 874 ὥς
1626 809 1720 864 τοῦ
1770 812 1907 882 Χρι-

2041 814 2251 885 ipit'itus
2283 817 2742 891 incorruptibilis.
2763 823 2934 893 lgitur
2975 824 3160 881 omnia
3192 835 3321 882 sunt
3347 824 3442 880 Dei
3474 839 3605 895 ope-

327 896 458 948 στοῦ
489 894 586 960 ῶν,
617 897 716 967 τῆς
762 897 1047 966 δυνάμεως
1073 898 1170 952 τοῦ
1201 899 1440 969 Πατρὸς,
1473 891 1579 968 τῆς
1619 901 1902 970 ἀληθείας,

2041 920 2089 970 a,
2129 923 2228 963 nec
2270 909 2568 979 quidquam
2609 929 2801 970 eorum
2841 915 3006 971 Deus.

328 987 420 1039 τοῦ
478 987 894 1058 παντοδυνάμου
945 989 1145 1058 Λόγου,
1199 990 1480 1059 ἐλπισάτω
1535 991 1632 1044 ini
1697 992 1900 1061 Κύριον
1934 995 2043 1049 ἀπὸ
2086 997 2177 1050 τοῦ
2211 999 2310 1053 νῦν
2358 1003 2456 1055 καὶ
2487 1003 2592 1068 ἕως
2647 1003 2745 1058 τοῦ
2796 1006 3026 1071 αίῶνοςο
3088 1008 3169 1061 ὅτι
3221 1006 3461 1076 παράγει
3540 1005 3602 1060 τὸ

327 1080 517 1148 σχῆμα
575 1079 669 1134 τοῦ
709 1082 920 1150 κόσμου
967 1083 1182 1150 τούτου,
1219 1086 1315 1136 καὶ
1373 1085 1407 1155 ἡ
1478 1084 1658 1147 κτίσις
1703 1084 1944 1158 φθαρτή,
1985 1092 2084 1144 καὶ
2145 1091 2593 1167 ἀλλοιωθήσεται.
2624 1099 2733 1150 Καὶ
2765 1101 2926 1168 ἡμεῖς
2961 1100 3018 1154 ἐν
3050 1099 3274 1171 Χριστῷ
3307 1101 3406 1154 οὐκ
3436 1100 3608 1170 ἐσμὲν

323 1172 431 1225 ὑπὸ
497 1173 567 1226 τὰ
624 1176 868 1243 στοιχεῖα
935 1175 1031 1231 τοῦ
1082 1177 1291 1247 κόσμου
1338 1178 1767 1248 δεδουλωμένοι,
1829 1179 1905 1244 ῶς
1947 1197 2083 1252 φησι
2118 1185 2354 1254 Παῦλοςο
2394 1191 2509 1244 ἀλλ’
2544 1192 2838 1261 ὑπέρτεροι
2865 1195 2931 1262 τῇ
2963 1196 3110 1263 ψυχῇ
3139 1194 3233 1248 καὶ
3297 1196 3366 1264 τῇ
3436 1182 3608 1266 σαρκὶ

323 1265 638 1410 γεγόὶναμεν
671 1267 1030 1412 τῆςΘφθορᾶς,
1099 1273 1164 1340 τῇ
1207 1269 1303 1324 τοῦ
1351 1270 1635 1343 ἀφθάρτου
1689 1273 2012 1345 Πνεύματος
2078 1277 2286 1351 χάριτι.
2352 1285 2831 1356 Δημιουργήματα
2886 1281 2981 1339 οῦν
3055 1287 3235 1362 πάντα
3292 1285 3468 1352 Θεοῦ,
3512 1265 3606 1341 καὶ

323 1358 446 1412 οὐδε
475 1375 501 1412 ς
535 1359 718 1412 αὐτῶν
808 1360 918 1412 εόε.

323 1359 501 1422 οὐδεὶς
535 1359 718 1412 αὐτῶν
761 1359 918 1424 Θεός.

929 1457 1107 1511 ΚΕΦΑ
1116 1457 1181 1513 Λ.
1230 1461 1304 1515 Z'.

594 1550 728 1604 Ὀτι
783 1550 974 1619 μόνος
1006 1550 1148 1618 Θεὸς
1178 1553 1218 1619 ἠ
1260 1551 1400 1619 ἁγία
1440 1553 1635 1622 Τριάς.
1715 1557 1717 1560 ⁴

395 1635 490 1705 Εἷς
545 1642 602 1696 δι
655 1644 816 1712 μόνος
868 1644 986 1696 ἐστὶ
1043 1645 1138 1696 καὶ
1191 1645 1470 1714 ἀληθινὸς,
1525 1647 1554 1700 6
1614 1646 1674 1700 ιν
1703 1646 1903 1718 Τριάδι

2619 1470 2849 1526 CAPUT
2887 1470 3000 1525 VII.

2163 1558 2320 1626 Quod
2351 1572 2700 1616 sacrosancta
2732 1561 2972 1618 Trinitas
3018 1562 3166 1617 solus
3196 1565 3267 1616 sit
3304 1560 3467 1618 Deus.

2087 1647 2241 1706 Unus
2260 1667 2390 1709 vero
2413 1654 2561 1708 solus
2590 1665 2643 1709 et
2662 1671 2824 1730 νει-νε
2853 1655 2945 1726 qui
2965 1665 3050 1710 est
3072 1656 3124 1710 in
3147 1656 3418 1711 Trinitate
3445 1653 3613 1719 Deus,

324 1734 482 1801 Θεὸς,
529 1735 624 1786 καὶ
653 1733 845 1812 τοῦτον
887 1736 1040 1789 πᾶσα
1085 1735 1353 1805 κηρύττει
1392 1737 1593 1801 κτίσις.
1625 1733 1775 1793 Οῦσα
1797 1737 1909 1809 γάρ

2047 1751 2064 1795 ι
2101 1741 2207 1797 hoc
2237 1759 2428 1800 omnes
2475 1747 2770 1814 praedicant
2824 1757 3133 1815 creaturas;
3171 1757 3300 1803 sunt
3358 1748 3504 1803 enim
3546 1763 3615 1802 ex

323 1827 477 1878 ἔστιν
530 1827 594 1878 ἐκ
639 1826 730 1880 τοῦ
777 1826 929 1889 ὄντος
973 1827 1058 1881 ἀεὶ
1112 1828 1348 1898 Πατρδς,
1377 1829 1473 1881 καὶ⁵
1499 1829 1647 1900 λόγῳ
1674 1830 1919 1885 διοικου-,

2041 1848 2080 1889 :o
2112 1836 2204 1905 qui
2235 1850 2451 1904 semper
2481 1848 2564 1892 est
2597 1837 2778 1906 Pater,
2821 1849 2874 1895 et
2910 1840 3091 1896 Verbo
3129 1823 3612 1905 administrantur,

329 1917 490 1984 μένη,
545 1917 610 1968 ὲκ
659 1914 755 1970 τοῦ
791 1917 992 1981 ζῶντος
1040 1917 1214 1985 Λόγου
1270 1916 1369 1970 τοῦ
1411 1918 1498 1974 ἀεὶ
1541 1920 1782 1996 ηατρός·
1819 1922 1912 1976 καὶ

2041 1941 2139 1979 :um
2177 1936 2464 1996 generetur
2485 1929 2720 1983 Verbum
2747 1932 2816 1986 ab
2835 1946 2898 1986 eo
2925 1933 3020 2002 qui
3053 1948 3269 2004 semper
3308 1941 3394 1989 est
3425 1932 3616 1996 Pater,

327 2005 616 2077 Πνεύματι
665 2009 1000 2078 συνεχομένη
1051 2012 1147 2064 καὶ
1211 2010 1451 2076 μένουσα
1507 2011 1762 2083 ζωοποιῷ
1808 2013 1909 2066 ’τοῦ

2041 2025 2074 2074 ιι
2108 2018 2313 2088 Spiritu
2349 2020 2643 2076 viviﬁcanti
2697 2024 2872 2080 solius
2899 2025 3006 2080 vivi
3034 2024 3126 2080 Del
3192 2026 3446 2082 adunatze
3491 2041 3619 2097 per-

328 2099 467 2153 Θεοῦ
507 2098 603 2153 τοῦ
637 2101 801 2169 μόνου
839 2101 934 2155 καὶ
974 2100 1201 2165 ζῶντος.
1253 2102 1365 2156 Καὶ
1409 2102 1730 2167 ’Δθανάσιος
1784 2104 1914 2175 περὶ

2041 2122 2259 2166 nanent.
2322 2110 2479 2178 Quod
2539 2123 2590 2169 te
2638 2115 2915 2172 docebunt
2964 2118 3300 2175 Athanasius
3355 2134 3612 2190 magnus.

327 2192 522 2255 τούτου
574 2195 603 2246 6
634 2192 834 2262 μέγας,
872 2194 970 2246 καὶ
1014 2193 1322 2266 Γρηγόριός
1381 2212 1440 2248 σε
1497 2197 1526 2249 6
1589 2195 1914 2269 θεορῤήμων

2041 2201 2314 2274 iregorius
2346 2205 2658 2277 Theologus
2698 2211 2990 2280 caeterique
3025 2227 3150 2266 cutn
3211 2210 3348 2282 ipsis
3395 2209 3613 2268 Patres.

330 2284 646 2350 διδάξουσι,
703 2285 798 2340 καὶ
859 2287 908 2339 οί
961 2285 1144 2340 λοιποὶ
1198 2288 1298 2342 σὺν
1356 2287 1696 2357 αὐτοῖςτῶν
1741 2288 1915 2344 Πατί-

333 2394 467 2446 ρων.

411 2470 470 2538 8
493 2469 821 2534 Κληρικός.
837 2468 1084 2534 ’ῐκανῶς,
1111 2470 1372 2539 δέσποτα,
1404 2471 1500 2526 καὶ
1524 2472 1615 2526 τὸν
1643 2473 1801 2541 λόγον
1824 2474 1919 2527 τὸν

2091 2476 2346 2533 Clericus.
2385 2477 2556 2543 Satis,
2583 2479 2826 2547 domine,
2871 2482 3179 2538 orationem
3235 2491 3433 2539 contra
3460 2481 3621 2538 Grae-

329 2564 474 2614 κατὰ
495 2562 605 2614 τῶν
620 2561 891 2634 Ἐλλήνων
907 2562 1015 2614 τῶν
1039 2562 1321 2618 πολυθέων
1354 2555 1701 2635 δπέγνωμεν.
1719 2565 1920 2634 ’Δνάγοο

2041 2583 2121 2624 :os
2153 2569 2310 2638 plura
2370 2571 2596 2626 numina
2649 2572 2949 2629 adorantes
2996 2577 3385 2645 percepimus;
3427 2585 3483 2630 at
3519 2589 3621 2631 ne-

327 2673 400 2726 κη
455 2655 513 2708 δὲ
566 2655 771 2723 γνῶναι
805 2655 900 2708 καὶ
956 2655 1044 2708 τὸν
1102 2658 1232 2730 περὶ
1262 2658 1494 2728 Τριάδος
1542 2657 1924 2729 ἀριδηλότερον

2041 2674 2188 2716 nesse
2215 2671 2300 2716 est
2336 2662 2480 2717 scire
2537 2663 2786 2718 lucidum
2848 2668 2913 2720 de
2948 2665 3228 2722 Trinitate
3277 2682 3621 2730 sermonem,

330 2749 508 2816 λόγον,
540 2748 616 2812 ὡς
643 2747 709 2802 ἂν
735 2747 862 2810 τοὺς
890 2748 982 2801 τὸν
1016 2748 1145 2801 Υίδν
1177 2750 1268 2803 καὶ
1304 2751 1365 2804 τὸ
1395 2749 1623 2820 Πνεῦμα
1649 2748 1745 2804 τοῦ
1783 2749 1922 2804 Θεοῦ

2041 2760 2091 2808 ut
2122 2767 2220 2810 eos
2269 2755 2362 2824 qui
2402 2753 2604 2811 Filium
2663 2766 2718 2811 et
2772 2756 3040 2826 Spiritum
3111 2757 3205 2814 Dei
3259 2759 3520 2829 rejiciunt
3553 2760 3622 2814 ad

335 2839 671 2900 ἀθετοῦντας
704 2839 842 2906 πρὸς
872 2841 970 2909 τὴν
1001 2840 1100 2908 τῆς
1133 2840 1396 2908 ἀληθείας
1431 2845 1635 2910 γνῶσιν
1681 2841 1927 2897 ἑλκύσω-

2041 2846 2282 2901 notitiam
2320 2848 2573 2904 veritatis
2621 2850 2986 2907 adducamus.
3025 2851 3160 2906 Nam
3216 2853 3269 2906 in
3304 2853 3408 2908 Itoc
3435 2853 3629 2922 princi-

337 2949 461 3001 μεν.
497 2933 614 2986 Καὶ
661 2931 772 3001 γὰρ
806 2931 943 3000 πρδς
973 2933 1135 2985 τοῦτο
1173 2932 1412 3002 μάλιστα
1440 2934 1468 2986 6
1501 2934 1675 3001 ἀγὼν.
1711 2933 1928 2987 πολλῶν

2041 2953 2136 3006 pue
2163 2948 2389 2993 constat
2420 2955 2629 3009 pugna,
2663 2957 2792 2997 cum
2836 2943 2994 2998 multi
3027 2945 3143 2999 sint
3171 2943 3265 3001 Dei
3295 2944 3538 3002 Verbum
3570 2953 3626 3002 et

330 3027 503 3077 ὅντων
533 3024 645 3076 τῶν
674 3023 893 3087 ἀσεϐῶς
941 3022 1288 3078 ἀθετοῦντων
1313 3025 1404 3077 τὸν
1434 3025 1528 3078 τοῦ
1563 3024 1702 3079 Θεοῦ
1755 3025 1928 3095 Λόγον

2041 3027 2304 3099 Spiritum
2339 3040 2594 3087 sanctum
2635 3033 2800 3104 impie
2837 3035 3198 3107 abnegantes.

332 3113 510 3168 καὶτὸ
541 3113 768 3183 Πνεῦμα
792 3114 853 3166 τὸ
879 3114 1060 3181 ἅγιον.
1951 3107 2001 3172 C

934 3226 1189 3282 ΚΕΦΑΛ.
1241 3227 1327 3281 ll'.

2624 3231 2860 3288 CAPUT
2901 3232 3044 3291 Vill.

934 3235 1189 3282 ΚΕΨΑΛ.
1241 3235 1327 3281 ll'.

333 3320 501 3377 Κατὰ
535 3319 852 3375 Ἰουδαίων
878 3319 976 3374 καί
1004 3321 1364 3400 incautam
1403 3321 1504 3385 καί
1536 3321 1661 3377 τῶν
1691 3325 1925 3380 λοιπῶν

2624 3235 2860 3288 CAPUT
2901 3235 3044 3291 VIII.

2041 3320 2224 3379 Contra
2253 3321 2475 3379 Judaos
2501 3333 2550 3379 et
2583 3322 2905 3394 Subeltium,
2937 3335 2996 3382 et
3010 3327 3149 3384 alios
3171 3329 3338 3400 impia
3358 3329 3626 3386 docentes.

1032 3390 1246 3445 ἀθέων.

419 3485 774 3554 Ἀρχιερεύς.
806 3482 943 3537 Οὐδὲ
971 3483 1110 3550 πρὸς
1135 3481 1298 3537 τοῦτο
1328 3483 1570 3554 σπουδῆς
1613 3485 1725 3556 ἄρα
1765 3485 1926 3558 χρεία

339 3578 568 3647 πολλῆς,
603 3577 678 3640 ὠς
725 3575 827 3644 τῆς
862 3575 1031 3642 ἁγίας
1081 3573 1304 3644 ἀπάσης
1329 3574 1586 3646 Τραφῆς
1630 3575 1765 3647 περὶ
1826 3575 1924 3632 τοῦ

341 3673 517 3739 Λόγου
546 3670 643 3724 τοῦ
673 3668 812 3722 Θεοῦ
851 3669 947 3722 καὶ
1001 3665 1096 3721 τοῦ
1152 3667 1313 3735 ἁγίου
1361 3667 1685 3737 Πνεύματος
1719 3685 1930 3740 μαρτυ-

339 3765 563 3834 ρούσης.
601 3762 707 3815 Ἦν
739 3760 920 3830 δήπερ
947 3759 1114 3827 ἁγίαν
1156 3759 1388 3830 Γραφὴν
1415 3759 1668 3831 δέχεσθαι
1703 3760 1929 3829 λέγουσι

333 3857 496 3925 δῆθεν
543 3857 592 3908 oi
623 3853 758 3907 Θεὸν
808 3853 936 3922 δίχα
974 3852 1150 3937 Λόγου
1185 3849 1516 3922 φρονοῦντες
1547 3852 1642 3937 καὶ
1675 3851 1931 3922 Πνεῦμα-

338 3965 456 4010 τος.
490 3943 686 4000 ’Δθεοι
713 3945 770 3998 δὲ
805 3943 902 3997 καὶ
931 3935 1102 4010 οὗτοι,
1137 3944 1185 3996 εί
1224 3942 1322 3996 καὶ
1364 3940 1502 3996 Θεὸν
1540 3935 1744 3996 εἰδέναι
1776 3941 1930 4012 νομί.

340 4043 551 4102 ζουσιν.
603 4035 662 4089 Ὀ
706 4025 922 4087 ἀθετῶν
952 4031 1086 4101 γὰρ,
1131 4031 1303 4102 φησι,
1342 4031 1438 4085 τὸν
1479 4031 1604 4084 Υίδν
1629 4031 1814 4086 ἀθετεῖ
1840 4031 1933 4085 τδν

340 4133 566 4203 Πατέρα
598 4133 690 4184 τδν
739 4128 1041 4198 πέμψαντα
1090 4127 1276 4181 αὐτόν.
1312 4126 1425 4181 Καὶ
1456 4127 1656 4196 ἄλογον
1680 4121 1779 4183 ’καὶ
1811 4127 1936 4183 ἀσο-

338 4245 441 4294 ςον
485 4224 621 4278 Θεδν
667 4219 1172 4292 ἑαυτῷκηρύσσει,
1231 4219 1330 4274 καὶ
1387 4219 1712 4289 Πνεῦματος
1763 4218 1936 4290 χωρὶς

334 4319 431 4370 τοῦ
482 4316 686 4382 ζῶντος
731 4315 827 4368 καὶ
859 4312 1009 4384 ζωὴν
1042 4315 1180 4366 πᾶσι
1219 4311 1502 4382 νέμοντος.
1540 4309 1710 4364 Ὅθεν
1762 4310 1937 4376 ἄθεοι,

335 4410 410 4471 ὡς
444 4408 682 4477 ἔφημεν,
740 4405 836 4458 καὶ
870 4397 1018 4458 οῦτοί
1053 4405 1160 4458 sict
1183 4445 1199 4470 ,
1243 4405 1338 4457 καὶ
1388 4403 1647 4468 καθάπαξ
1674 4403 1939 4457 ἀσεϐοῦν-

2105 3473 2380 3546 Pontifex.
2413 3475 2532 3532 Non
2593 3478 2768 3534 multo
2819 3480 2886 3533 ad
2946 3480 3050 3535 ltoc
3088 3497 3230 3553 opus
3284 3491 3369 3540 est
3419 3484 3630 3549 studio,

2029 3581 2157 3622 cum
2191 3566 2479 3639 Scriptura
2516 3583 2676 3626 sacra
2712 3572 2915 3642 ubique
2945 3573 3012 3629 de
3042 3573 3225 3631 Verbo
3257 3573 3352 3630 Dei
3405 3584 3461 3631 et
3502 3575 3628 3648 Spi-

2029 3658 2138 3714 ritu
2170 3669 2363 3715 sancto
2395 3661 2779 3717 testimonium
2815 3662 2871 3716 ia
2887 3664 3016 3729 ciat,
3049 3679 3214 3732 quam
3253 3668 3448 3722 saltem
3481 3666 3633 3723 Scri-

2031 3758 2244 3818 pturam
2283 3762 2498 3804 sacram
2560 3764 2789 3817 prorsus
2854 3762 3114 3807 asserunt
3142 3767 3202 3807 se
3251 3754 3504 3823 accipere
3533 3756 3631 3826 qui

2033 3840 2203 3895 Deum
2255 3840 2378 3896 sine
2441 3839 2622 3896 Verbo
2679 3854 2736 3896 et
2793 3841 3005 3910 Spiritu
3060 3845 3400 3914 excogitant.
3455 3843 3632 3901 Porro

2032 3932 2179 3987 athei
2211 3938 2344 3984 sunt
2408 3937 2464 3985 et
2522 3929 2650 3996 isti,
2712 3931 2820 3986 etsi
2874 3930 3047 3986 Deum
3083 3947 3314 3989 noscere
3337 3946 3626 3992 censeant.

2033 4023 2126 4078 Ait
2150 4023 2339 4079 enim:
2380 4041 2400 4075 ι
2448 4021 2556 4091 Qui
2596 4033 2762 4094 negat
2814 4021 3042 4088 Filium,
3102 4037 3270 4101 negat
3307 4036 3364 4082 et
3407 4025 3630 4084 Patrem

2036 4115 2133 4183 qui
2167 4115 2491 4178 misiteum,
2534 4131 2556 4165 ι
2593 4121 2648 4168 ει
2683 4110 2851 4168 Denm
2900 4113 3023 4168 sine
3071 4111 3254 4168 Verbo
3299 4124 3355 4171 et
3386 4115 3508 4171 sine
3543 4131 3634 4172 sa-

2038 4203 2246 4274 pientia
2310 4201 2640 4272 siltimetipsi
2696 4203 2960 4272 praedicat
3017 4219 3234 4260 necnon
3267 4206 3388 4260 sine
3423 4205 3630 4275 Spiritu

2037 4294 2132 4364 qui
2161 4294 2292 4348 vivit
2325 4303 2380 4349 et
2412 4295 2581 4349 vitam
2637 4295 2902 4352 omnibus
2958 4296 3225 4368 impertit.
3265 4296 3632 4369 Quapropter,

2041 4397 2104 4442 ut
2134 4385 2400 4450 diximus,
2441 4386 2591 4442 atltei
2631 4395 2764 4442 sunt
2793 4396 2851 4444 et
2902 4388 3016 4454 isti,
3074 4396 3129 4443 et
3172 4403 3408 4460 prorsus
3455 4390 3636 4445 irreli-

337 4501 431 4564 τὲς
601 4472 698 4551 καὶ
725 4497 985 4552 ἀντίθεοι.
1036 4497 1203 4566 Ἡμῖν
1260 4496 1317 4551 δὲ
1370 4489 1451 4556 εἷς
1482 4495 1615 4559 Θεὸς
1656 4494 1686 4547 6
1726 4495 1935 4565 Πατὴρ,

2048 4478 2187 4547 giosi
2223 4477 2446 4549 Deoque
2475 4478 2803 4534 adversarii.
2849 4477 3021 4536 Nobis
3072 4474 3256 4534 autem
3309 4497 3457 4537 unus
3491 4484 3634 4540 Dens

341 4589 484 4658 μετά
518 4588 612 4643 τοῦ
654 4587 1024 4642 ἔνυποστὰτου
1075 4585 1242 4642 αὑτοῦ
1295 4585 1469 4654 Λόγου
1493 4624 1509 4650 ,
1542 4586 1640 4640 καὶ
1670 4584 1765 4638 τοῦ
1799 4587 1940 4648 ζωο-

339 4681 498 4734 ποιοῦ
541 4679 862 4750 Πνεῦματος
891 4717 905 4741 ,
951 4677 1135 4740 καθὼς
1177 4677 1590 4748 παρελάϐομεν,
1625 4675 1723 4730 καὶ
1757 4674 1940 4739 καθὼς

339 4773 489 4838 ἡμᾶς
548 4771 712 4833 αὐτὸς
769 4772 799 4824 6
854 4769 950 4823 τοῦ
992 4768 1131 4823 Θεοῦ
1196 4769 1373 4838 Λόγος
1420 4767 1659 4831 ἐδίδαξεν
1733 4763 1942 4837 Ἰησοῦς

342 4864 586 4935 Χριστὸς
611 4901 628 4926 ,
668 4863 732 4914 τὺ
778 4860 1124 4929 ἀπαύγασμα
1177 4859 1272 4927 τῆς
1327 4848 1494 4927 ’δόξης
1519 4897 1534 4924 ,
1574 4857 1604 4910 6
1652 4856 1942 4930 χαρακτὴρ

339 4954 440 5018 τῆς
496 4952 852 5014 ὑποστάσεως
894 4949 991 5003 τοῦ
1053 4947 1270 5018 Πατρὸς
1337 4949 1397 5000 εν
1457 4947 1538 5017 τῷ
1590 4945 1944 5001 ἀποστέλλειν

334 5045 463 5105 τοὺς
530 5042 786 5112 μαθητὰς
852 5039 1184 5110 μαθητεύειν
1238 5042 1307 5093 τά
1367 5037 1518 5107 ἔθνη,
1555 5041 1942 5110 παραγγείλας

339 5134 628 5203 βαπτίζειν
702 5133 829 5197 τοὺς
905 5131 1268 5193 πιστεύοντας
1329 5132 1411 5193 είς
1472 5131 1683 5197 αὑτὸν,
1744 5133 1827 5194 είς
1881 5132 1943 5183 τὸ

337 5227 511 5294 ὄνομα
557 5224 653 5278 τοῦ
707 5223 955 5292 Πιτρδς,
1014 5224 1108 5275 καὶ
1170 5221 1267 5275 τοῦ
1315 5221 1472 5287 Υίοῦ,
1502 5223 1597 5274 καὶ
1645 5221 1741 5274 τοῦ
1781 5222 1942 5288 ἁγίου

346 5315 688 5384 Πνεύματος,
729 5313 848 5381 ἃμα
896 5311 1009 5381 γὰρ
1065 5311 1162 5364 καὶ
1214 5311 1277 5364 τὸ
1317 5311 1517 5364 ὲνιαῖον
1575 5312 1671 5364 καὶ
1699 5309 1761 5363 τδ
1790 5326 1944 5380 τρισ-

343 5408 433 5456 σὸν
483 5403 585 5472 τῆς
644 5403 880 5471 Τριάδος
931 5401 1096 5464 αὐτὸς
1144 5403 1172 5454 6
1237 5397 1320 5464 εἷς
1374 5402 1476 5472 τῆς
1543 5401 1778 5470 Τριάδος
1837 5402 1943 5456 ιδί-

345 5496 499 5561 δαξε.
553 5496 666 5549 Καὶ
722 5496 781 5546 ὲν
823 5495 900 5564 τῷ
935 5496 1140 5569 εἰπεῖν’
1168 5495 1268 5563 μὲν
1304 5513 1322 5546 ε
1365 5496 1444 5557 εἰς
1474 5494 1536 5548 τὸ
1573 5493 1745 5564 ὄνομα
1771 5535 1785 5557 ,
1828 5513 1847 5546 s
1885 5495 1945 5548 τὸ

343 5588 444 5655 τῆς
472 5586 705 5656 Τριάδος
752 5584 1021 5656 ἐκήρυξεν
1054 5585 1288 5638 ἑνιαῖον·
1327 5585 1387 5638 ἓν
1429 5585 1537 5654 γὰρ
1571 5588 1666 5637 καὶ
1704 5586 1944 5656 ἀδιαίρε-

345 5695 440 5730 τον
468 5678 562 5731 καὶ
594 5679 657 5730 τὸ
686 5676 880 5748 ὄνομα,
916 5679 990 5738 ῶς
1020 5678 1116 5730 καὶ
1152 5679 1186 5746 ἡ
1223 5678 1386 5730 οὐσία
1421 5679 1521 5747 μία
1563 5679 1658 5730 καὶ
1705 5677 1943 5748 δύναμις

350 5767 447 5825 καὶ
479 5771 771 5843 ίνέργεια·
809 5771 908 5835 τὰς
961 5771 1113 5839 τρεῖς
1160 5770 1216 5824 δὶ
1258 5768 1616 5834 ὑποστάσεις,
1644 5771 1702 5821 ἰν
1747 5768 1826 5840 τῷ
1857 5771 1936 5822 εἰ-

2043 4572 2232 4637 Pater,
2305 4586 2431 4626 enm
2477 4571 2943 4627 consubstantiali
2993 4572 3116 4643 ejus
3161 4572 3340 4629 Verbo
3368 4583 3424 4631 et
3454 4574 3638 4630 viviti-

2044 4670 2207 4718 cante
2240 4662 2472 4731 Spiritu,
2516 4671 2682 4731 prout
2726 4663 2994 4719 traditum
3036 4673 3123 4720 est
3151 4664 3335 4730 nobis,
3383 4673 3441 4721 et
3471 4675 3639 4735 prout

2045 4756 2222 4826 ipsum
2282 4755 2376 4811 Dei
2417 4753 2650 4810 Verbum
2703 4771 2804 4812 nos
2849 4756 3102 4823 edocuit,
3132 4756 3296 4812 Jesus
3355 4756 3638 4825 Christus,

2045 4845 2305 4916 splendor
2350 4846 2538 4917 gloria:
2567 4855 2626 4901 et
2660 4847 2833 4917 ligura
2863 4848 3190 4903 substantiae
3219 4847 3431 4913 Patris,
3461 4865 3641 4918 quan:

2045 4939 2117 4994 do
2149 4937 2450 5006 discipulos
2499 4937 2654 4993 misit
2713 4937 2782 4994 ad
2851 4939 3131 4994 docendas
3174 4950 3387 5008 gentes,
3432 4943 3638 5012 jubens

2047 5031 2325 5100 baptizare
2356 5032 2652 5083 credentes
2691 5031 2744 5084 in
2780 5045 2906 5086 eum
2963 5030 3019 5084 in
3081 5031 3304 5086 nomine
3346 5031 3549 5096 Patris,
3584 5042 3639 5087 et

2046 5119 2192 5183 Filii,
2233 5135 2286 5175 et
2323 5119 2565 5190 Spiritus
2594 5121 2797 5177 sancti.
2850 5121 3065 5191 Quippe
3114 5121 3442 5178 Trinitatem
3475 5124 3640 5178 simul

2046 5219 2101 5266 et
2141 5210 2404 5265 unitatem
2437 5209 2656 5265 Triadis
2710 5212 2830 5282 ipse
2889 5228 3033 5267 unus
3072 5228 3139 5267 es
3174 5211 3380 5268 Triade
3405 5214 3636 5268 demon-

2043 5303 2239 5358 stravit
2261 5319 2275 5368 ;
2297 5301 2532 5370 dicendo
2560 5303 2784 5372 quidem
2819 5322 2832 5358 :
2858 5323 2875 5356 ι
2900 5302 2957 5359 in
2977 5305 3199 5360 nomine
3224 5325 3242 5357 ›
3273 5304 3491 5362 Triadis
3515 5312 3638 5360 uni-

2050 5383 2589 5465 tatetn‘prmdicavit,
2615 5411 2783 5450 unum
2818 5399 2963 5452 enim
2991 5405 3073 5454 est
3108 5408 3160 5454 et
3180 5399 3512 5454 indivisibile
3543 5413 3640 5453 no-

2047 5504 2197 5553 men,
2250 5488 2395 5543 sicut
2445 5495 2500 5542 et
2534 5497 2729 5543 natura
2763 5505 2895 5554 una,
2945 5499 2998 5545 ct
3051 5500 3292 5560 potestas
3341 5501 3395 5546 et
3437 5492 3634 5557 virtus.

2049 5590 2158 5636 tres
2189 5589 2371 5633 autem
2406 5595 2674 5650 personas
2709 5581 2916 5644 docuit,
2948 5581 3138 5637 dicens
3173 5601 3185 5637 :
3220 5581 3402 5638 Patris
3431 5593 3482 5638 et
3512 5581 3639 5638 Filii

2046 5679 2103 5726 et
2133 5671 2374 5739 Spiritus
2412 5672 2624 5737 sancti;
2666 5681 2718 5726 et
2771 5687 2992 5726 rursum
3028 5676 3194 5729 unius
3245 5673 3461 5728 Triadis
3491 5689 3642 5729 eant-

2049 5764 2176 5819 dem
2206 5771 2261 5819 cl.
2296 5779 2460 5818 unam
2490 5772 2820 5834 potestatem
2871 5774 3033 5835 atque
3087 5770 3346 5823 virtutem
3396 5766 3637 5825 ostendit
