4134 6310
243 364 319 427 65
1152 368 1159 373 ’
1321 358 1713 423 DIALOGUS
1744 355 1856 420 (ΞοῈ

1964 357 2051 419 ΚΑ
2092 356 2143 416 Η
2158 356 2491 418 .‘ERESES.
3465 344 3537 407 66

245 477 427 548 τὶροις
460 475 699 545 ὠφέλεια
721 492 735 507 ⁸
763 475 856 529 καὶ
883 470 1277 544 συναιρομένου
1334 472 1495 539 Θεοῦ,
1605 472 1702 527 καὶ
1740 472 1832 526 τὸν

1964 472 2089 526 llum
2119 470 2300 526 studio
2327 470 2490 525 simul
2521 478 2574 523 et
2604 469 2785 524 divina
2810 469 3075 526 eharitate
3131 468 3393 540 corriges,
3452 472 3535 523 vel

249 567 614 640 πλανώμενον
673 566 881 622 ἐκεῖνον
940 565 1071 629 ἴσως
1100 567 1166 638 τῇ
1202 565 1406 637 σπουδῇ
1441 566 1533 619 καὶ¹
1585 568 1652 637 τῇ
1708 563 1831 635 θείᾳ

251 660 448 732 ἀγάπῃ
498 657 882 729 διορθώσεις,
936 657 970 729 ἢ
1035 657 1249 727 σεαυτῷ
1307 656 1503 727 μισθὸν
1564 655 1837 729 προξενή-

251 767 409 819 σᾛς,
449 752 545 805 καὶ
598 750 720 803 ἀντὶ
772 749 867 804 τοῦ
910 751 1082 803 κόπου
1132 750 1295 821 χάριν
1355 747 1613 822 εὑρήσεις
1683 748 1839 821 παρά

248 844 385 899 Θεοῦ
399 884 415 901 .

319 935 644 1005 Κληρικός.
688 934 801 988 Καὶ
849 934 982 989 ποίά
1014 934 1123 988 τῶν
1158 936 1430 1006 αῐρέσεων
1458 934 1693 1007 χείρων;

338 1027 693 1097 Ἀρχιερεύς.
725 1027 932 1092 "Attus,
972 1026 1191 1095 ἀδελφὲ,
1250 1028 1388 1100 ὅπερ
1426 1032 1509 1093 εἰς
1562 1025 1840 1097 βάραθρον

246 1116 532 1179 ἀπωλεὼς
568 1115 823 1179 συνωθεῖ,
859 1116 965 1187 τῆς
1002 1118 1252 1187 πονηρᾶς
1308 1120 1427 1171 ἐστι
1461 1118 1687 1189 μοίρας’
1747 1117 1841 1169 καὶ

251 1211 361 1266 πᾶν
392 1212 535 1282 ὅπερ
580 1209 682 1279 τὴν
724 1209 1008 1279 σωτηρίαν
1053 1208 1268 1278 ζημιοῖ,
1320 1213 1420 1282 τῆς
1453 1210 1839 1278 ἀπολλυμένης

247 1304 516 1374 τυγχάνει
549 1302 782 1367 τάξεως.
818 1300 968 1354 Ἀλλ’
1025 1300 1178 1370 ὅμως
1230 1301 1423 1373 ὥσπερ
1471 1301 1730 1373 διαφοραὶ
1784 1301 1841 1354 ὲν

243 1398 359 1457 τοῖς
387 1395 641 1463 ἀγαθοῖς,
673 1394 769 1449 καὶ
799 1394 857 1447 έν
899 1394 1128 1465 ἀρεταῖς
1162 1393 1489 1449 ἀναϐάσεων
1528 1395 1839 1465 ἐπιδόσεις,

248 1482 342 1539 καὶ
368 1486 520 1539 κατά
550 1486 654 1550 τὰς
694 1484 927 1555 πράξεις
958 1486 1016 1539 ad.
1038 1485 1364 1550 ἀντιδόσεις,
1400 1487 1479 1541 διὸ
1517 1487 1611 1541 καί
1672 1500 1843 1556 φησιν

247 1581 277 1633 6
305 1578 525 1647 Κύριος
546 1594 562 1612 ο
592 1598 612 1631 ε
662 1578 755 1631 Ἐν
778 1581 846 1650 τῇ
895 1579 1047 1651 οἰκίᾳ
1081 1579 1178 1634 τοῦ
1235 1581 1454 1651 Πατρός
1489 1597 1590 1651 μου
1648 1578 1842 1633 πολλαὶ

251 1672 417 1742 μοναί
449 1672 591 1724 εἰσιν
610 1687 625 1701 ·
654 1689 671 1721 ι
702 1667 900 1739 οὕτως,
927 1665 1107 1741 οἴμαι,
1136 1671 1230 1724 καὶ
1251 1674 1306 1723 έν
1333 1672 1448 1734 τοῖς
1486 1671 1774 1736 ἐναντίοις,
1792 1671 1843 1724 εἰ

249 1764 348 1818 καὶ
370 1762 573 1826 ἀταξία
596 1762 747 1815 πᾶσα
784 1761 957 1826 ὅντως
992 1763 1141 1816 ἐστὶν
1170 1764 1231 1816 έν
1264 1764 1473 1829 αὐτοῖς,
1532 1764 1687 1817 οὐδὲν
1733 1762 1843 1833 γάρ

1941 562 2271 633 tibimetipsi
2304 564 2615 616 mercedem
2652 563 3018 632 comparabis,
3087 574 3143 618 et
3199 577 3304 619 oro
3346 560 3533 616 labore

1940 657 2174 730 gratiam
2211 650 2357 728 apud
2394 654 2563 711 Deum
2598 656 2867 712 invenies.

2019 919 2288 976 Clericus.
2322 919 2385 974 Et
2411 937 2660 992 quamam
2695 903 2777 976 est
2805 938 2869 976 ex
2896 921 3203 977 baéresibus
3225 922 3435 993 pejor?

2015 1010 2292 1081 Pontifex.
2328 1010 2521 1074 Omne,
2555 1012 2743 1078 frater,
2778 1015 2920 1083 quod
2953 1015 3005 1067 itt
3067 1016 3328 1084 abyssum
3388 1014 3539 1069 exitii

1945 1104 2226 1174 immergit
2254 1105 2419 1157 sortis
2452 1113 2537 1158 est
2570 1105 2841 1173 pessimae,
2872 1117 3102 1159 etomne
3132 1105 3277 1175 quod
3308 1106 3547 1159 salutem

1946 1198 2168 1267 perimit
2196 1199 2437 1267 iniquam
2466 1198 2623 1252 habet
2652 1197 2966 1265 fortunam;
3030 1200 3123 1253 sed
3186 1200 3546 1269 quemadmo-

1946 1287 2075 1341 dum
2105 1296 2231 1341 sunt
2260 1287 2644 1357 discrepantia!
2678 1287 2730 1341 in
2760 1288 2920 1343 bonis
2953 1289 3222 1359 ntuitiqne
3246 1298 3374 1343 sunt
3422 1294 3547 1357 gra—

1947 1377 2051 1433 dus
2086 1378 2153 1432 ad
2212 1380 2469 1433 virtutem
2509 1380 2874 1434 ascendentes
2929 1388 2983 1433 et
3034 1383 3202 1434 variae
3243 1382 3547 1435 secundum

1948 1487 2113 1542 opera
2148 1472 2561 1537 retributiones,
2601 1483 2891 1542 propterea
2955 1473 3103 1527 enim
3159 1473 3301 1528 dixit
3364 1474 3553 1527 Domi-

1957 1580 2066 1621 nus
2100 1581 2116 1619 :
2152 1582 2170 1617 ι
2212 1563 2269 1619 ιιι
2291 1566 2455 1619 domo
2480 1565 2659 1620 Patris
2680 1566 2785 1620 mei
2809 1566 3314 1621 tnnltremansiones
3338 1578 3500 1633 sunt;
3531 1591 3549 1617 ι

1950 1656 2048 1722 ita,
2079 1656 2164 1710 me
2190 1656 2397 1726 judice,
2429 1656 2482 1709 in
2524 1657 2839 1723 contrariis,
2900 1658 3024 1712 licet
3057 1658 3109 1712 in
3138 1658 3274 1729 ipsis
3306 1659 3378 1714 sit
3441 1675 3557 1713 ont-

1950 1742 2038 1799 nis
2072 1744 2431 1814 perturbatio,
2488 1746 2624 1799 nihil
2680 1748 2828 1800 enim
2892 1747 3015 1801 tnali
3072 1757 3156 1802 est
3220 1749 3273 1801 in
3334 1748 3555 1814 ordme,

248 1854 361 1907 τῶν
390 1853 651 1924 πονηρῶν
678 1853 735 1905 έν
757 1852 935 1918 τάξει,
969 1853 1096 1907 ἐπεὶ
1150 1854 1247 1907 καὶ
1279 1827 1515 1917 ἄτακτος
1566 1856 1593 1907 6
1658 1827 1843 1925 πατὴρ

1964 1838 2077 1891 cum
2114 1837 2372 1893 inimicus
2404 1838 2473 1892 sit
2506 1839 2714 1893 ordinis
2760 1849 2914 1905 pater
2971 1841 3257 1906 mendacii,
3314 1854 3555 1896 attamen

248 1943 343 1999 τοῦ
373 1944 613 2014 ψεύδους
643 1944 815 2007 ιστὶν,
852 1942 973 1996 ἀλλ’
1000 1944 1151 2015 ὅμως
1190 1945 1397 2015 χείρων
1435 1945 1536 2014 μὲν
1571 1944 1842 2015 αἵρεσις-ἡ

252 2035 383 2106 περὶ
405 2033 545 2088 Θεοῦ
582 2032 833 2097 πλείονας
883 2032 1084 2103 ἔχουσα
1129 2033 1507 2106 βλασφημίας,
1562 2034 1762 2105 ἑφεξῆς
1786 2034 1846 2088 δὲ

255 2127 421 2199 μέσαι
446 2142 508 2178 τε
544 2126 640 2179 καλ⁵
669 2127 907 2195 έσχάται
938 2129 997 2181 αι
1048 2127 1351 2181 ἐλάττωσιν
1381 2124 1640 2181 δοκοῦσαι
1699 2125 1846 2196 ἔχειν

251 2222 375 2272 τινὰ
408 2218 506 2272 τοῦ
538 2219 641 2289 τῆς
663 2218 1023 2290 βλασφημίας
1080 2217 1280 2274 κακοῦ.
1332 2219 1507 2276 Τοῦτο
1556 2219 1613 2274 δὲ
1649 2220 1747 2275 καὶ
1785 2221 1846 2274 έν

254 2312 368 2373 τοῖς
390 2309 664 2364 ἀσεϐέσιν
685 2308 828 2364 εἶναι
856 2309 1172 2380 λογίζομαι.
1198 2310 1425 2381 Πρῶτος
1456 2290 1557 2383 μέν
1596 2312 1705 2383 γὰρ
1737 2312 1849 2367 τῶν

254 2401 437 2457 ἀθέων
463 2407 491 2457 6
520 2402 600 2475 μὴ
630 2403 765 2457 Θεὸν
818 2405 959 2467 ὅλως
1009 2404 1188 2472 εἰδὼς,
1235 2407 1333 2460 καὶ
1366 2404 1449 2460 ἔτι
1485 2405 1513 2458 6
1546 2406 1630 2477 ’τῇ
1681 2406 1850 2461 πολυ-

257 2489 365 2558 θέῳ
401 2490 587 2563 πλάνῃ
641 2493 1039 2562 κρατούμενος.
1095 2495 1171 2547 Οὐ
1206 2495 1317 2564 γὰρ
1366 2495 1605 2566 διαφορά
1638 2494 1850 2559 τούτοις

258 2569 522 2644 ἀσεϐείας
557 2583 729 2649 ἔστὶν,
760 2584 884 2652 επεὶ
928 2587 1023 2640 καὶ
1068 2586 1184 2640 ἴσον
1225 2588 1286 2641 τὸ
1333 2587 1410 2659 μὴ
1458 2587 1663 2641 ειδέναι
1709 2587 1850 2652 ὅλως

259 2674 397 2726 Θεὸν
429 2673 529 2727 τοῦ
556 2675 759 2730 ειδέναι
789 2675 995 2745 λέγειν,
1024 2680 1121 2732 καὶ
1142 2677 1327 2733 σέϐειν
1366 2679 1543 2745 ἀθέως
1569 2679 1644 2743 ώς
1692 2678 1852 2743 θεοὺς

264 2767 333 2819 τὰ
361 2765 463 2820 τοῦ
497 2765 636 2820 Θεοῦ
666 2768 1034 2839 κτίσματα,·ῆ
1066 2769 1137 2823 τὰ
1187 2769 1444 2840 ὁρώμενα
1478 2770 1666 2836 ταῦτα,
1704 2769 1737 2842 ἢ
1780 2769 1852 2824 τά

264 2855 441 2927 έναγῆ
490 2856 785 2926 δαιμόνιαο
840 2859 978 2930 μετὰ
1006 2860 1066 2914 δὲ
1113 2861 1242 2925 τοὺς
1288 2860 1543 2933 πρώτους
1573 2862 1769 2927 ἀθέους
1802 2863 1852 2917 οι

261 2945 396 3000 Θεὸν
451 2947 554 3016 μὲν
584 2947 746 3016 δῆθεν
776 2948 1037 3016 λέγοντες
1055 2950 1262 3022 Κύριον
1295 2952 1535 3023 οὐρανοῦ
1587 2954 1684 3008 καὶ
1716 2953 1843 3024 γῆς.

267 3035 444 3109 χωρὶς
494 3036 553 3091 δὲ
611 3040 789 3107 Λόγου
827 3039 1054 3105 ,ζῶντος
1113 3042 1209 3096 καὶ
1265 3044 1602 3115 Πνεύματος.
1665 3045 1853 3101 ’Δθεοι

264 3123 360 3184 οὖν
391 3130 492 3183 καὶ
520 3128 696 3197 οὗτοι,
725 3131 803 3196 ὡς
830 3134 892 3186 ού
926 3134 1017 3189 τὸν
1051 3134 1230 3205 ἀληθῆ
1255 3137 1349 3190 καὶ
1400 3138 1562 3209 μόνον
1594 3137 1729 3192 Θεὸν
1757 3156 1858 3210 κη-
1888 3184 1932 3244 c

268 3222 584 3291 ρύττοντες.
618 3224 753 3290 Θεὸς
779 3226 892 3299 γὰρ
923 3228 1085 3297 μόνος
1132 3228 1339 3300 ἀληθὴς
1374 3231 1402 3284 6
1465 3229 1656 3302 Πατὴρ
1714 3233 1855 3302 μετά

267 3316 358 3371 τοῦ
394 3318 726 3387 μονογενοῦς
749 3320 940 3389 εαὺτοῦ
966 3320 1100 3376 Υίοῦ
1133 3324 1228 3377 καὶ
1258 3323 1353 3377 τοῦ
1388 3323 1658 3389 ζωοποιοῦ
1682 3323 1857 3378 Πνεύ-

272 3425 462 3481 ματος.
502 3411 568 3464 Et
607 3410 703 3466 οὖν
744 3413 841 3466 καὶ
875 3407 1023 3468 οῦτοι
1076 3416 1307 3471 καθόλου
1341 3417 1513 3479 ἄθεοι,
1562 3418 1679 3471 ἀλλ’
1707 3419 1859 3487 ὅμως

267 3499 329 3553 οῦ
358 3500 729 3571 προσκυνοῦσι
761 3503 820 3555 τὸ
838 3503 971 3575 πῦρ,
1007 3504 1039 3578 ἢ
1071 3508 1162 3558 τὸν
1190 3507 1363 3579 ἣλιον,
1383 3509 1504 3563 οὐδε
1527 3508 1651 3571 τοὺς
1670 3509 1860 3579 δαίμο·

268 3609 362 3656 νας
376 3592 601 3662 λέγουσι
614 3594 796 3659 θεούςο
817 3596 913 3651 καὶ
928 3598 1019 3652 διὰ
1040 3597 1132 3653 τοῦ
1143 3615 1198 3653 το
1219 3599 1501 3665 ἐλάττονος
1520 3603 1720 3665 κακίας
1734 3602 1863 3658 εἰσί.

337 3686 662 3755 Κληρικός.
692 3685 846 3743 Μετά
894 3689 1120 3754 τούτους
1162 3690 1219 3746 δὶ
1264 3692 1410 3757 τίνες
1468 3694 1578 3747 εἰσὶ
1606 3692 1858 3765 χείρονες

268 3780 375 3835 τῶν
403 3780 585 3837 ἄλλων
609 3781 691 3845 είς
720 3781 983 3838 ἀσέϐειαν
1007 3801 1024 3850 ;

863 3899 1120 3955 ΚΕΦΔΛ.
1172 3899 1274 3955 IA'.

272 4010 436 4084 Κατᾲ
460 4012 735 4084 Σίμωνος
783 4012 891 4084 τοῦ
940 4014 1162 4084 μάγου.
1209 4014 1313 4069 καί
1367 4014 1704 4083 Μάνδντθς,
1748 4019 1852 4074 καί

348 4082 469 4160 τῶν
498 4082 741 4160 όέιιιίωζσΣ
770 4083 872 4160 καὶ
898 4082 1052 4160 κατὰ
1069 4084 1189 4139 τῶν
1209 4084 1535 4142 δυσσεὸῶν
1590 4082 1861 4160 Horam}-

339 4157 491 4216 λων,
520 4152 654 4223 ἢτοι
689 4152 1148 4227 Κουδουγέρων.

340 4243 708 4314 ’Δρχιερεύς.
738 4244 896 4299 Μετά
920 4245 1147 4311 τούτους
1183 4247 1240 4302 αι
1281 4248 1344 4315 ἑξ
1376 4250 1553 4321 ἀρχῆς
1592 4250 1864 4323 αἱρέσεις,

269 4337 393 4391 ὅσαι
422 4337 517 4389 τὸν
559 4336 802 4409 Χριστὸν
862 4336 1028 4408 δῆθεν
1066 4337 1320 4404 ιδὲξαντο
1358 4341 1482 4412 μὲν,
1518 4344 1620 4395 οὐκ
1677 4342 1861 4413 ὀρθῶς

275 4428 378 4501 15
406 4430 488 4495 δὲ,
514 4429 637 4484 οὑδὲ
687 4429 767 4493 ώς
797 4430 860 4483 τὸ
888 4428 1000 4483 τῶν
1056 4431 1378 4493 ἀποστόλων
1412 4432 1701 4503 παρέδωκε
1753 4434 1863 4505 κή-

1961 1928 2209 1999 pessima
2244 1936 2326 1983 est
2362 1930 2509 1982 inter
2539 1928 2775 1984 haereses
2814 1945 2935 2001 qum
2968 1930 3149 1999 plures
3170 1931 3236 1985 de
3258 1932 3561 1987 Deocouti-

1955 2028 2051 2076 net
2106 2020 2531 2091 blasphemias;
2574 2022 2771 2076 deinde
2824 2037 2946 2091 qua:
3007 2024 3295 2092 pauciores
3358 2026 3561 2080 habent

1956 2114 2148 2171 media:
2200 2123 2350 2179 sunt,
2400 2124 2453 2169 et
2526 2114 2728 2169 ultimae
2795 2131 2918 2184 qua:
2972 2132 3136 2185 quam
3191 2117 3551 2186 paucissimis

1957 2205 2314 2277 biasphemiis
2344 2215 2575 2260 scatent.
2621 2204 2775 2272 Quod
2831 2206 2995 2261 etiam
3052 2206 3106 2260 in
3180 2207 3561 2278 impietatibus

1958 2299 2191 2355 inveniri
2221 2314 2441 2355 censeo.
2475 2297 2694 2353 Primus
2714 2299 2934 2368 quidem
2963 2299 3251 2353 atheorum
3272 2300 3363 2369 qui
3390 2300 3560 2353 Deum

1960 2408 2191 2464 prorsus
2226 2393 2423 2456 nescit,
2463 2401 2519 2447 et
2562 2392 2656 2461 qui
2715 2391 2954 2462 plurium
3016 2393 3308 2446 numinum
3366 2393 3560 2449 falsam

1959 2486 2277 2556 opinionem
2317 2484 2603 2552 sequitur;
2636 2498 2758 2536 nam
2782 2484 2923 2537 inter
2946 2484 3062 2537 haec
3081 2484 3231 2537 nulla
3258 2495 3340 2539 est
3364 2486 3561 2555 impie-

1960 2578 2087 2633 tatis
2108 2576 2503 2649 discrepantia,
2523 2590 2648 2630 cum
2683 2592 2776 2645 par
2797 2575 2868 2630 sit
2890 2575 3057 2630 Deum
3081 2592 3310 2647 prorsus
3331 2593 3439 2631 non
3466 2593 3563 2631 no-

1960 2684 2117 2726 scere
2144 2678 2199 2723 et
2221 2669 2401 2724 dicere
2432 2684 2491 2724 se
2523 2684 2725 2723 numen
2768 2684 3092 2739 agnoscere,
3126 2670 3220 2723 sed
3260 2669 3565 2740 irreligiose

1963 2770 2023 2816 ut
2055 2760 2187 2816 deos
2224 2759 2507 2815 adorando
2550 2773 2840 2816 creaturas
2873 2761 2989 2817 sive
3022 2777 3108 2816 res
3136 2778 3257 2831 quae
3304 2764 3564 2817 videntur

1962 2840 2079 2910 sive
2111 2853 2399 2909 maledicta
2428 2853 2721 2908 daemonia.
2750 2854 2883 2909 Post
2947 2856 3083 2911 istos
3129 2856 3323 2912 atheos
3355 2857 3566 2924 primos
3625 2844 3627 2847 ’

1964 2945 2339 3014 arceduntqui
2368 2945 2533 2999 Deum
2564 2947 2785 3014 quidem
2821 2946 3323 3001 dieuntDmuitnnn
3351 2949 3477 3003 cmli
3511 2957 3568 3003 et

1964 3048 2151 3103 terrm,
2175 3038 2270 3093 sed
2299 3037 2508 3106 absque
2546 3034 2732 3091 Verbo
2780 3037 2996 3092 vivente
3027 3046 3082 3093 et
3110 3037 3344 3108 Spiritu.
3399 3039 3570 3110 Igitur

1966 3131 2115 3186 athei
2133 3140 2263 3187 sunt
2291 3131 2378 3186 isti
2398 3132 2491 3201 qui
2518 3129 2680 3184 talem
2709 3146 2895 3185 verum
2921 3131 3210 3201 solumque
3235 3132 3403 3187 Deum
3431 3149 3572 3203 prte-

1965 3225 2192 3292 dicanl;
2239 3222 2380 3278 Deus
2407 3225 2551 3277 enim
2578 3222 2732 3279 solus
2777 3238 2936 3278 verus
2969 3232 3053 3278 est
3082 3223 3241 3279 Pater
3275 3240 3400 3279 eum
3436 3226 3565 3281 uni-

1965 3318 2151 3390 genito
2180 3317 2301 3385 ejus
2329 3314 2467 3383 Filio
2491 3326 2545 3371 et
2574 3314 2889 3370 viviﬁcante
2913 3315 3149 3385 Spiritu.
3182 3316 3322 3386 Ergo
3350 3319 3402 3372 bi
3430 3333 3573 3389 quo-

1969 3425 2077 3481 que
2100 3421 2227 3463 sunt
2245 3410 2425 3476 allici;
2458 3408 2548 3462 sed
2571 3423 2695 3462 cum
2718 3422 2827 3463 non
2849 3408 3036 3463 colant
3058 3407 3239 3478 ignem
3264 3410 3347 3464 vel
3372 3410 3568 3479 solem,

1980 3518 2163 3573 neque
2220 3502 2402 3555 dicant
2454 3501 2585 3555 deos
2644 3516 2769 3557 esse
2822 3501 3122 3569 daemones,
3192 3501 3315 3556 ideo
3368 3503 3571 3559 minori

1976 3596 2182 3651 malitia
2215 3596 2566 3648 horrescunt.

2041 3689 2304 3746 Clericus.
2342 3688 2542 3743 Verum
2570 3686 2799 3754 abistis,
2837 3672 3063 3757 quinam
3100 3701 3131 3743 e
3173 3686 3393 3744 caeteris
3440 3698 3574 3744 sunt

1967 3781 2185 3854 Pejm‘es
2211 3782 2263 3835 in
2304 3774 2643 3855 impietate?

2577 3891 2810 3949 CAPUT
2833 3892 2932 3949 XI.

1974 4010 2175 4066 Contra
2231 4007 2500 4064 Simonem
2550 4025 2784 4078 magum.
2823 4007 3091 4064 Hanetem
3130 4018 3203 4062 et.
3230 4012 3452 4077 similes,
3484 4031 3584 4069 nec

2082 4098 2187 4135 non
2225 4091 2409 4135 contra
2440 4081 2631 4149 impios
2655 4078 2961 4151 Bogomilos
2987 4080 3094 4135 sive
3111 4079 3444 4152 Cudugeros.

2042 4234 2317 4302 Pontifex.
2348 4232 2430 4303 Ab
2458 4232 2577 4288 istis
2599 4232 2815 4303 pejores
2857 4232 2927 4287 ab
2962 4233 3124 4290 initio
3155 4235 3393 4292 haereses
3447 4246 3580 4305 sunt

1970 4328 2076 4384 illa:
2105 4342 2227 4398 quae
2264 4325 2549 4381 Christum
2585 4326 2807 4395 quidem
2844 4338 3201 4397 acceperunt,
3236 4344 3344 4384 non
3389 4342 3575 4387 autent

1970 4430 2120 4477 recte
2149 4434 2331 4488 neque
2385 4418 2530 4473 sicut
2586 4416 2891 4489 apostolica
2957 4418 3184 4473 tradidit
3236 4420 3585 4489 praedicatio,

273 4540 462 4593 ρυγμα
494 4539 508 4553 ο
548 4523 684 4578 ἀλλά
721 4523 817 4578 καὶ
865 4524 1001 4599 περὶ
1044 4525 1147 4597 τῆς
1193 4528 1496 4598 ὲμφανείας
1560 4527 1731 4582 αὑτοῦ
1772 4529 1856 4583 καὶ

1977 4517 2070 4572 sed
2093 4516 2162 4571 de
2188 4513 2643 4570 manifestatione
2674 4512 2797 4583 ejus
2830 4524 2884 4569 ct
2912 4515 3291 4570 incarnatione
3331 4517 3583 4574 diversas

272 4614 614 4687 σαρκώσεως
643 4616 944 4688 διαφόρους
972 4619 1230 4687 ἐδέξαντο
1266 4620 1449 4686 δόξας.
1497 4614 1621 4675 Ἔτι
1668 4623 1728 4676 δὲ
1769 4622 1867 4676 καὶ

270 4708 362 4761 τὸν
394 4708 530 4778 περὶ
561 4709 661 4778 τῆς
687 4708 851 4778 ἁγίας
875 4710 1111 4781 Τριάδος
1158 4711 1322 4783 ὀρθὸν
1363 4712 1642 4783 ἠθέτησαν
1669 4709 1865 4783 λόγον.

272 4802 336 4855 οἱ
358 4800 533 4869 δὲμαὶ
562 4801 962 4876 Παρακλήτους
987 4804 1220 4864 ἑαυτοὺς
1246 4791 1600 4860 ἀπεκάλεσαν
1627 4805 1868 4870 ἀσεϐῶς,

272 4894 369 4945 καὶ
392 4892 632 4961 δύναμιν
656 4891 820 4961 Θεοῦ,
871 4892 950 4958 ὡς
1000 4894 1189 4965 Σίμων
1217 4895 1248 4947 6
1293 4896 1491 4967 μάγος,
1525 4896 1743 4951 διώκων
1776 4897 1869 4950 τὸν

276 4985 452 5054 μέγαν
486 4984 715 5055 Σίμωνα
770 4975 1001 5056 Πέτρον,
1034 4986 1132 5045 καὶ
1184 4988 1380 5058 Μάνης
1420 5007 1505 5053 τις
1553 4989 1862 5061 ἀλιτήριος,

272 5080 323 5132 οῖ
356 5083 609 5148 χείρονες
647 5079 879 5133 καὶτῶν
928 5079 1114 5133 ἀθέων
1166 5081 1331 5137 εἰσίν.
1365 5082 1490 5137 Ἔτι
1543 5083 1601 5137 δὲ
1656 5083 1869 5153 Κήρινο

273 5166 364 5230 θός
396 5185 484 5231 τις
519 5168 616 5222 καὶ
650 5169 1068 5242 Καρποκράτης
1094 5169 1146 5224 oi
1191 5172 1408 5243 μιαροὶ,
1467 5174 1707 5229 ἐναντίοι
1754 5177 1871 5240 τοῖς

271 5261 608 5324 ἀποστόλοις
659 5261 905 5332 Χριστοῦ
938 5278 953 5293 ’
982 5266 1080 5317 καὶ
1104 5264 1354 5318 πλείστοι
1388 5264 1544 5320 ἄλλοι
1572 5266 1672 5335 τῆς
1727 5268 1871 5338 ἀλη-

274 5351 430 5416 θείας
486 5352 700 5423 ιχθροὶ,
732 5353 931 5417 οἵτινες
954 5356 1050 5408 καὶ
1073 5355 1250 5419 ἀθέως
1293 5356 1388 5410 δύο
1422 5355 1595 5427 ἀρχάς
1627 5358 1872 5427 ἐδογμά-

272 5446 447 5511 τιζον.
483 5446 573 5511 Ἐξ
600 5443 679 5503 ὧν
710 5447 805 5501 καὶ
834 5447 932 5503 νῦν
966 5448 1110 5503 εἰσιν
1140 5449 1190 5504 oi
1227 5449 1552 5521 Βογόμυλοι,
1580 5452 1874 5522 ἀνθρώπια

272 5537 541 5609 δυσσεϐῆ,
572 5540 623 5593 οι
652 5543 752 5595 καὶ
798 5540 1172 5614 Κουδούγεροι
1218 5543 1578 5614 καλούμενοι.
1636 5545 1730 5597 Διὸ
1778 5546 1876 5600 sui.

278 5629 426 5707 ῦμᾶς
449 5636 579 5703 περὶ
610 5633 793 5687 αὐτῶν
821 5634 1042 5707 ἀνάγκη
1099 5633 1321 5705 μαθεῖν,
1378 5636 1453 5700 ὡς
1487 5639 1580 5690 καὶ
1637 5637 1871 5707 πλησίον

274 5722 447 5779 ὅντων
478 5730 544 5799 τῇ
578 5729 862 5800 κατοικία.
891 5728 988 5785 Ἐν
1035 5728 1209 5802 πολλῇ
1264 5730 1375 5800 γὰρ
1419 5730 1717 5801 ὑποκρίσει
1772 5730 1874 5783 καὶ

276 5818 358 5888 τῷ
384 5820 792 5895 προσεύχεσθαι
820 5820 1278 5896 σχηματίζονται,
1307 5822 1406 5879 καὶ
1437 5823 1497 5879 τὸ
1527 5820 1872 5895 Εὐαγγέλιον

1974 4617 2276 4666 tenuerunt
2302 4608 2617 4680 opiniones,
2652 4615 2709 4663 et
2740 4607 2967 4677 insuper
2997 4616 3210 4663 rectum
3269 4609 3339 4666 de
3388 4622 3582 4668 sancta

1972 4702 2243 4769 Trinitate
2275 4701 2953 4772 sermonemrejecerunt.
2979 4700 3084 4769 Qui
3117 4701 3284 4771 impie
3310 4706 3575 4774 semetip-

1971 4811 2066 4853 sos
2094 4801 2433 4851 vocaverunt
2461 4792 2774 4863 paraeletos
2807 4803 2864 4848 et
2901 4792 2996 4847 Dei
3056 4792 3339 4861 virtutem,
3378 4803 3440 4850 ut
3488 4794 3578 4851 Si-

1971 4904 2102 4946 mon
2143 4903 2339 4960 magus
2376 4887 2473 4959 qui
2498 4903 2759 4957 magnum
2798 4886 3079 4943 Simonem
3124 4885 3345 4941 Petrum
3396 4874 3586 4958 perse-

1973 4984 2267 5056 quebatur,
2308 4991 2361 5038 et
2391 4980 2579 5036 Manes
2614 4996 2874 5047 nequam,
2910 4984 3004 5053 qui
3054 4983 3193 5051 ipsis
3259 4982 3441 5039 atheis
3491 4998 3585 5052 pe-

1967 5078 2122 5149 jores
2153 5083 2305 5142 sunt,
2333 5073 2558 5144 insuper
2594 5073 2897 5130 Cerintltus
2940 5085 2995 5130 et
3036 5074 3407 5145 Carpoeratea
3481 5065 3607 5133 itn-’

1978 5171 2189 5238 mundi,
2220 5170 2315 5241 qui
2345 5168 2557 5225 Christi
2595 5168 2862 5239 apes-telis
2888 5168 3353 5237 adversabantur,
3378 5170 3588 5241 aliique

1976 5262 2482 5333 plurimiweritatis
2514 5262 2722 5316 inimici
2758 5263 2852 5331 qui
2896 5262 3106 5317 nefarie
3132 5263 3242 5316 duo
3298 5264 3580 5333 principia

1976 5364 2245 5426 ponentes
2291 5352 2433 5410 falso
2461 5354 2928 5424 dogmatizabant.
2969 5352 3043 5407 Ex
3076 5354 3280 5423 quibus
3312 5372 3457 5411 nunc
3480 5356 3587 5413 ad-

1979 5446 2088 5502 huc
2124 5455 2257 5501 sunt
2294 5444 2582 5516 Bogomili,
2629 5445 2938 5517 irreligiosa
2984 5446 3305 5512 muLitudo,
3356 5448 3453 5518 qui
3525 5457 3591 5503 et

1976 5537 2252 5610 Cudogeri
2309 5537 2676 5610 appellantur.
2704 5538 3006 5609 Propterea
3063 5554 3291 5596 necesse
3347 5550 3432 5596 est
3483 5555 3591 5595 vos

1980 5634 2048 5687 de
2084 5633 2219 5702 ipsis
2251 5632 2462 5697 doceri,
2486 5648 2612 5687 cum
2640 5647 2750 5687 non
2781 5632 3023 5702 procula
3052 5633 3207 5689 vobis
3255 5642 3542 5688 morentur
3561 5649 3586 5699 ι

1982 5742 2111 5781 nam
2138 5726 2490 5783 simulatione
2531 5726 2700 5782 multa
2757 5728 2969 5797 tingunt
3026 5742 3088 5783 se
3150 5725 3461 5798 deprecari,
3526 5735 3585 5781 et

1985 5819 2341 5893 Evangelium
2374 5819 2598 5893 quidem
2626 5833 2687 5880 se
2729 5821 2863 5879 tueri
2884 5818 3147 5879 simulant
3168 5829 3334 5892 atque
3356 5827 3581 5891 apostolo
