  <div class='ocr_page' id='page_1' title='image "/cluster/home/n/w/nwhite01/storage/ocr_20150623/155/pst.000005714759/078.png"; bbox 0 0 4134 6310; ppageno 0'>
   <div class='ocr_carea' id='block_1_1' title="bbox 218 296 312 404">
    <p class='ocr_par' dir='ltr' id='par_1_1' title="bbox 218 296 312 404">
     <span class='ocr_line' id='line_1_1' title="bbox 218 296 312 404; baseline -0.043 0"><span class='ocrx_word' id='word_1_1' title='bbox 218 296 312 404; x_wconf 76' lang='grc' dir='ltr'><strong>ιιι</strong></span> 
     </span>
    </p>
   </div>
   <div class='ocr_carea' id='block_1_2' title="bbox 1275 327 2450 398">
    <p class='ocr_par' dir='ltr' id='par_1_2' title="bbox 1275 327 2450 398">
     <span class='ocr_line' id='line_1_2' title="bbox 1275 327 2450 398; baseline -0.007 0"><span class='ocrx_word' id='word_1_2' title='bbox 1275 328 1661 398; x_wconf 76' lang='lat' dir='ltr'><strong>DIALOGUS</strong></span> <span class='ocrx_word' id='word_1_3' title='bbox 1706 327 2014 392; x_wconf 81' lang='lat' dir='ltr'><strong>CONTRA</strong></span> <span class='ocrx_word' id='word_1_4' title='bbox 2052 327 2450 390; x_wconf 72' lang='lat' dir='ltr'><strong>ILERESES.</strong></span> 
     </span>
    </p>
   </div>
   <div class='ocr_carea' id='block_1_3' title="bbox 3387 325 3491 392">
    <p class='ocr_par' dir='ltr' id='par_1_3' title="bbox 3387 325 3491 392">
     <span class='ocr_line' id='line_1_3' title="bbox 3387 325 3491 392; baseline -0.038 -2"><span class='ocrx_word' id='word_1_5' title='bbox 3387 325 3491 392; x_wconf 70' lang='lat' dir='ltr'><strong>Ii2</strong></span> 
     </span>
    </p>
   </div>
   <div class='ocr_carea' id='block_1_4' title="bbox 211 425 1816 522">
    <p class='ocr_par' dir='ltr' id='par_1_4' title="bbox 211 441 1802 522">
     <span class='ocr_line' id='line_1_4' title="bbox 211 441 1802 522; baseline -0.008 -14"><span class='ocrx_word' id='word_1_6' title='bbox 211 453 388 508; x_wconf 81' lang='grc' dir='ltr'><strong>Γνῶθι</strong></span> <span class='ocrx_word' id='word_1_7' title='bbox 419 452 496 512; x_wconf 82' lang='grc' dir='ltr'><strong>ῶς</strong></span> <span class='ocrx_word' id='word_1_8' title='bbox 526 450 752 522; x_wconf 65' lang='grc' dir='ltr'><strong>ἔμαθες.</strong></span> <span class='ocrx_word' id='word_1_9' title='bbox 801 446 944 504; x_wconf 78' lang='grc' dir='ltr'><strong>Ἀλλ’</strong></span> <span class='ocrx_word' id='word_1_10' title='bbox 988 447 1064 511; x_wconf 87' lang='grc' dir='ltr'><strong>ὡς</strong></span> <span class='ocrx_word' id='word_1_11' title='bbox 1111 444 1302 515; x_wconf 57' lang='lat' dir='ltr'><strong>law;</strong></span> <span class='ocrx_word' id='word_1_12' title='bbox 1333 446 1408 499; x_wconf 78' lang='grc' dir='ltr'><strong>(ιῦ</strong></span> <span class='ocrx_word' id='word_1_13' title='bbox 1446 445 1520 516; x_wconf 83' lang='grc' dir='ltr'><strong>μὴ</strong></span> <span class='ocrx_word' id='word_1_14' title='bbox 1563 441 1802 518; x_wconf 76' lang='grc' dir='ltr'>δυνηθῇς</span> 
     </span>
    </p>
   </div>
   <div class='ocr_carea' id='block_1_5' title="bbox 1923 425 3495 522">
    <p class='ocr_par' dir='ltr' id='par_1_5' title="bbox 1923 425 3495 512">
     <span class='ocr_line' id='line_1_5' title="bbox 1923 425 3495 512; baseline 0.006 -19"><span class='ocrx_word' id='word_1_15' title='bbox 1923 456 1986 498; x_wconf 78' lang='lat' dir='ltr'><strong>es</strong></span> <span class='ocrx_word' id='word_1_16' title='bbox 2018 442 2072 497; x_wconf 92' lang='lat' dir='ltr'><strong>in</strong></span> <span class='ocrx_word' id='word_1_17' title='bbox 2109 458 2338 498; x_wconf 89' lang='lat' dir='ltr'><strong>numero</strong></span> <span class='ocrx_word' id='word_1_18' title='bbox 2381 425 2683 512; x_wconf 60' lang='lat' dir='ltr'><strong>‘putaveris,</strong></span> <span class='ocrx_word' id='word_1_19' title='bbox 2718 440 2830 497; x_wconf 92' lang='lat' dir='ltr'><strong>noli</strong></span> <span class='ocrx_word' id='word_1_20' title='bbox 2878 443 3071 498; x_wconf 74' lang='lat' dir='ltr'><strong>saltem</strong></span> <span class='ocrx_word' id='word_1_21' title='bbox 3106 443 3158 498; x_wconf 90' lang='lat' dir='ltr'><strong>in</strong></span> <span class='ocrx_word' id='word_1_22' title='bbox 3195 454 3377 501; x_wconf 91' lang='lat' dir='ltr'><strong>mente</strong></span> <span class='ocrx_word' id='word_1_23' title='bbox 3403 457 3495 502; x_wconf 84' lang='lat' dir='ltr'><strong>tua</strong></span> 
     </span>
    </p>
   </div>
   <div class='ocr_carea' id='block_1_6' title="bbox 216 535 1798 615">
    <p class='ocr_par' dir='ltr' id='par_1_6' title="bbox 216 535 1798 615">
     <span class='ocr_line' id='line_1_6' title="bbox 216 535 1798 615; baseline -0.006 -17"><span class='ocrx_word' id='word_1_24' title='bbox 216 545 435 615; x_wconf 76' lang='grc' dir='ltr'><strong>μαθεῖν.</strong></span> <span class='ocrx_word' id='word_1_25' title='bbox 491 543 600 598; x_wconf 74' lang='grc' dir='ltr'><strong>Καὶ</strong></span> <span class='ocrx_word' id='word_1_26' title='bbox 649 544 761 612; x_wconf 69' lang='grc' dir='ltr'><strong>γὰρ</strong></span> <span class='ocrx_word' id='word_1_27' title='bbox 813 539 1200 610; x_wconf 79' lang='grc' dir='ltr'><strong>ἀκατάληπτος</strong></span> <span class='ocrx_word' id='word_1_28' title='bbox 1225 555 1238 570; x_wconf 89' lang='grc'><strong>·</strong></span> <span class='ocrx_word' id='word_1_29' title='bbox 1270 540 1366 592; x_wconf 70' lang='grc' dir='ltr'><strong>καὶ</strong></span> <span class='ocrx_word' id='word_1_30' title='bbox 1396 538 1458 592; x_wconf 81' lang='grc' dir='ltr'><strong>οὐ</strong></span> <span class='ocrx_word' id='word_1_31' title='bbox 1496 539 1578 590; x_wconf 63' lang='grc' dir='ltr'><strong>σοὶ</strong></span> <span class='ocrx_word' id='word_1_32' title='bbox 1612 535 1798 606; x_wconf 87' lang='grc' dir='ltr'><strong>μόνον,</strong></span> 
     </span>
    </p>
   </div>
   <div class='ocr_carea' id='block_1_7' title="bbox 213 630 1800 706">
    <p class='ocr_par' dir='ltr' id='par_1_7' title="bbox 213 630 1800 706">
     <span class='ocr_line' id='line_1_7' title="bbox 213 630 1800 706; baseline -0.006 -13"><span class='ocrx_word' id='word_1_33' title='bbox 213 639 349 694; x_wconf 76' lang='grc' dir='ltr'><strong>ἀλλὰ</strong></span> <span class='ocrx_word' id='word_1_34' title='bbox 391 639 490 694; x_wconf 72' lang='grc' dir='ltr'><strong>καὶ</strong></span> <span class='ocrx_word' id='word_1_35' title='bbox 519 641 631 702; x_wconf 83' lang='grc' dir='ltr'><strong>τοῖς</strong></span> <span class='ocrx_word' id='word_1_36' title='bbox 653 636 928 705; x_wconf 75' lang='grc' dir='ltr'><strong>ἀγγέλοις.</strong></span> <span class='ocrx_word' id='word_1_37' title='bbox 956 635 1067 689; x_wconf 76' lang='grc' dir='ltr'><strong>Καὶ</strong></span> <span class='ocrx_word' id='word_1_38' title='bbox 1095 636 1124 688; x_wconf 86' lang='grc' dir='ltr'>ὁ</span> <span class='ocrx_word' id='word_1_39' title='bbox 1156 632 1394 706; x_wconf 79' lang='grc' dir='ltr'><strong>χρυσοῦς</strong></span> <span class='ocrx_word' id='word_1_40' title='bbox 1424 630 1525 702; x_wconf 77' lang='grc' dir='ltr'><strong>τὴν</strong></span> <span class='ocrx_word' id='word_1_41' title='bbox 1549 630 1800 699; x_wconf 89' lang='grc' dir='ltr'><strong>γλῶτταν</strong></span> 
     </span>
    </p>
   </div>
   <div class='ocr_carea' id='block_1_8' title="bbox 213 709 1800 801">
    <p class='ocr_par' dir='ltr' id='par_1_8' title="bbox 213 709 1800 801">
     <span class='ocr_line' id='line_1_8' title="bbox 213 709 1800 801; baseline -0.008 -16"><span class='ocrx_word' id='word_1_42' title='bbox 213 733 342 801; x_wconf 75' lang='grc' dir='ltr'><strong>περὶ</strong></span> <span class='ocrx_word' id='word_1_43' title='bbox 375 731 571 784; x_wconf 87' lang='grc' dir='ltr'><strong>τούτου</strong></span> <span class='ocrx_word' id='word_1_44' title='bbox 599 728 843 782; x_wconf 78' lang='grc' dir='ltr'><strong>διδάσκει</strong></span> <span class='ocrx_word' id='word_1_45' title='bbox 881 744 966 791; x_wconf 90' lang='grc' dir='ltr'><strong>σε,</strong></span> <span class='ocrx_word' id='word_1_46' title='bbox 998 726 1058 780; x_wconf 80' lang='grc' dir='ltr'><strong>εί</strong></span> <span class='ocrx_word' id='word_1_47' title='bbox 1081 743 1146 795; x_wconf 83' lang='grc' dir='ltr'><strong>γε</strong></span> <span class='ocrx_word' id='word_1_48' title='bbox 1177 726 1270 779; x_wconf 75' lang='grc' dir='ltr'><strong>καὶ</strong></span> <span class='ocrx_word' id='word_1_49' title='bbox 1308 723 1463 792; x_wconf 66' lang='grc' dir='ltr'><strong>μέλει</strong></span> <span class='ocrx_word' id='word_1_50' title='bbox 1498 739 1582 774; x_wconf 87' lang='grc' dir='ltr'><strong>σοι</strong></span> <span class='ocrx_word' id='word_1_51' title='bbox 1607 709 1800 774; x_wconf 75' lang='grc' dir='ltr'><strong>τούτου</strong></span> 
     </span>
    </p>
   </div>
   <div class='ocr_carea' id='block_1_9' title="bbox 211 814 1801 898">
    <p class='ocr_par' dir='ltr' id='par_1_9' title="bbox 211 814 1801 898">
     <span class='ocr_line' id='line_1_9' title="bbox 211 814 1801 898; baseline -0.009 -18"><span class='ocrx_word' id='word_1_52' title='bbox 211 827 311 881; x_wconf 72' lang='grc' dir='ltr'><strong>καὶ</strong></span> <span class='ocrx_word' id='word_1_53' title='bbox 341 825 452 879; x_wconf 84' lang='grc' dir='ltr'><strong>τῶν</strong></span> <span class='ocrx_word' id='word_1_54' title='bbox 483 823 685 892; x_wconf 83' lang='grc' dir='ltr'><strong>ὁμοίων</strong></span> <span class='ocrx_word' id='word_1_55' title='bbox 719 820 892 892; x_wconf 82' lang='grc' dir='ltr'><strong>αύτῷ,</strong></span> <span class='ocrx_word' id='word_1_56' title='bbox 928 822 1022 874; x_wconf 76' lang='grc' dir='ltr'><strong>καὶ</strong></span> <span class='ocrx_word' id='word_1_57' title='bbox 1062 820 1138 889; x_wconf 80' lang='grc' dir='ltr'><strong>μὴ</strong></span> <span class='ocrx_word' id='word_1_58' title='bbox 1171 819 1267 872; x_wconf 76' lang='grc' dir='ltr'><strong>καὶ</strong></span> <span class='ocrx_word' id='word_1_59' title='bbox 1295 816 1440 887; x_wconf 69' lang='grc' dir='ltr'><strong>ὑπὲρ</strong></span> <span class='ocrx_word' id='word_1_60' title='bbox 1462 815 1690 898; x_wconf 64' lang='grc' dir='ltr'><strong>τούτους</strong></span> <span class='ocrx_word' id='word_1_61' title='bbox 1716 814 1801 867; x_wconf 80' lang='grc' dir='ltr'><strong>δο-</strong></span> 
     </span>
    </p>
   </div>
   <div class='ocr_carea' id='block_1_10' title="bbox 210 905 1804 986">
    <p class='ocr_par' dir='ltr' id='par_1_10' title="bbox 210 905 1804 986">
     <span class='ocr_line' id='line_1_10' title="bbox 210 905 1804 986; baseline -0.007 -16"><span class='ocrx_word' id='word_1_62' title='bbox 210 921 331 981; x_wconf 74' lang='grc' dir='ltr'><strong>κεῖς</strong></span> <span class='ocrx_word' id='word_1_63' title='bbox 367 916 526 986; x_wconf 83' lang='grc' dir='ltr'><strong>παρὰ</strong></span> <span class='ocrx_word' id='word_1_64' title='bbox 565 913 780 982; x_wconf 76' lang='grc' dir='ltr'><strong>σεαυτῷ</strong></span> <span class='ocrx_word' id='word_1_65' title='bbox 823 913 1061 982; x_wconf 84' lang='grc' dir='ltr'><strong>φρονεῖν.</strong></span> <span class='ocrx_word' id='word_1_66' title='bbox 1087 910 1252 964; x_wconf 81' lang='grc' dir='ltr'><strong>Ἀλλά</strong></span> <span class='ocrx_word' id='word_1_67' title='bbox 1283 908 1365 973; x_wconf 85' lang='grc' dir='ltr'><strong>τίς</strong></span> <span class='ocrx_word' id='word_1_68' title='bbox 1399 909 1534 962; x_wconf 87' lang='grc' dir='ltr'><strong>Θεοῦ</strong></span> <span class='ocrx_word' id='word_1_69' title='bbox 1564 905 1675 963; x_wconf 77' lang='grc' dir='ltr'><strong>οἶδε</strong></span> <span class='ocrx_word' id='word_1_70' title='bbox 1705 909 1804 976; x_wconf 85' lang='grc' dir='ltr'><strong>φύ-</strong></span> 
     </span>
    </p>
   </div>
   <div class='ocr_carea' id='block_1_11' title="bbox 212 1000 1806 1082">
    <p class='ocr_par' dir='ltr' id='par_1_11' title="bbox 212 1000 1806 1082">
     <span class='ocr_line' id='line_1_11' title="bbox 212 1000 1806 1082; baseline -0.006 -18"><span class='ocrx_word' id='word_1_71' title='bbox 212 1027 324 1077; x_wconf 84' lang='grc' dir='ltr'><strong>σιν,</strong></span> <span class='ocrx_word' id='word_1_72' title='bbox 353 1009 391 1082; x_wconf 71' lang='grc' dir='ltr'>ἢ</span> <span class='ocrx_word' id='word_1_73' title='bbox 435 1006 807 1077; x_wconf 72' lang='grc' dir='ltr'><strong>ἑξηγόρευσε;</strong></span> <span class='ocrx_word' id='word_1_74' title='bbox 840 1004 1100 1075; x_wconf 83' lang='grc' dir='ltr'><strong>Πείσθητι</strong></span> <span class='ocrx_word' id='word_1_75' title='bbox 1150 1001 1339 1058; x_wconf 83' lang='grc' dir='ltr'><strong>λοιπὸν</strong></span> <span class='ocrx_word' id='word_1_76' title='bbox 1387 1004 1500 1064; x_wconf 86' lang='grc' dir='ltr'><strong>τοῖς</strong></span> <span class='ocrx_word' id='word_1_77' title='bbox 1533 1000 1628 1056; x_wconf 83' lang='grc' dir='ltr'><strong>τοῦ</strong></span> <span class='ocrx_word' id='word_1_78' title='bbox 1666 1002 1806 1080; x_wconf 28' lang='grc' dir='ltr'><strong>θεοῦ,</strong></span> 
     </span>
    </p>
   </div>
   <div class='ocr_carea' id='block_1_12' title="bbox 212 1088 1804 1170">
    <p class='ocr_par' dir='ltr' id='par_1_12' title="bbox 212 1088 1804 1170">
     <span class='ocr_line' id='line_1_12' title="bbox 212 1088 1804 1170; baseline -0.006 -17"><span class='ocrx_word' id='word_1_79' title='bbox 212 1101 415 1170; x_wconf 68' lang='grc' dir='ltr'><strong>φίλοις,</strong></span> <span class='ocrx_word' id='word_1_80' title='bbox 440 1093 524 1162; x_wconf 78' lang='grc' dir='ltr'><strong>οἷς</strong></span> <span class='ocrx_word' id='word_1_81' title='bbox 559 1094 722 1160; x_wconf 78' lang='grc' dir='ltr'><strong>αὐτὸς</strong></span> <span class='ocrx_word' id='word_1_82' title='bbox 776 1095 996 1167; x_wconf 75' lang='grc' dir='ltr'><strong>ἑωράθη</strong></span> <span class='ocrx_word' id='word_1_83' title='bbox 1040 1095 1173 1148; x_wconf 78' lang='grc' dir='ltr'><strong>’ὅσον</strong></span> <span class='ocrx_word' id='word_1_84' title='bbox 1218 1094 1447 1148; x_wconf 80' lang='grc' dir='ltr'><strong>δυνατὸν</strong></span> <span class='ocrx_word' id='word_1_85' title='bbox 1476 1088 1565 1165; x_wconf 80' lang='grc' dir='ltr'><strong>ἦν,</strong></span> <span class='ocrx_word' id='word_1_86' title='bbox 1602 1093 1676 1155; x_wconf 80' lang='grc' dir='ltr'><strong>ὡς</strong></span> <span class='ocrx_word' id='word_1_87' title='bbox 1713 1092 1804 1145; x_wconf 69' lang='grc' dir='ltr'><strong>καὶ</strong></span> 
     </span>
    </p>
   </div>
   <div class='ocr_carea' id='block_1_13' title="bbox 210 1185 1805 1264">
    <p class='ocr_par' dir='ltr' id='par_1_13' title="bbox 210 1185 1805 1264">
     <span class='ocr_line' id='line_1_13' title="bbox 210 1185 1805 1264; baseline -0.006 -16"><span class='ocrx_word' id='word_1_88' title='bbox 210 1195 431 1264; x_wconf 72' lang='grc' dir='ltr'><strong>Μωῦσῇ</strong></span> <span class='ocrx_word' id='word_1_89' title='bbox 463 1191 753 1262; x_wconf 72' lang='grc' dir='ltr'><strong>πρότερον,</strong></span> <span class='ocrx_word' id='word_1_90' title='bbox 787 1185 872 1254; x_wconf 75' lang='grc' dir='ltr'><strong>οἷς</strong></span> <span class='ocrx_word' id='word_1_91' title='bbox 919 1187 1309 1258; x_wconf 75' lang='grc' dir='ltr'><strong>ἀπεκαλύφθη,</strong></span> <span class='ocrx_word' id='word_1_92' title='bbox 1345 1187 1420 1251; x_wconf 83' lang='grc' dir='ltr'><strong>ὡς</strong></span> <span class='ocrx_word' id='word_1_93' title='bbox 1454 1186 1550 1242; x_wconf 79' lang='grc' dir='ltr'><strong>καὶ</strong></span> <span class='ocrx_word' id='word_1_94' title='bbox 1580 1185 1658 1256; x_wconf 82' lang='grc' dir='ltr'><strong>τῷ</strong></span> <span class='ocrx_word' id='word_1_95' title='bbox 1704 1185 1805 1239; x_wconf 80' lang='grc' dir='ltr'><strong>Πέ-</strong></span> 
     </span>
    </p>
   </div>
   <div class='ocr_carea' id='block_1_14' title="bbox 210 1278 1804 1357">
    <p class='ocr_par' dir='ltr' id='par_1_14' title="bbox 210 1278 1804 1357">
     <span class='ocr_line' id='line_1_14' title="bbox 210 1278 1804 1357; baseline -0.003 -19"><span class='ocrx_word' id='word_1_96' title='bbox 210 1303 351 1357; x_wconf 78' lang='grc' dir='ltr'><strong>τρῳ,</strong></span> <span class='ocrx_word' id='word_1_97' title='bbox 408 1278 491 1348; x_wconf 79' lang='grc' dir='ltr'><strong>οἷς</strong></span> <span class='ocrx_word' id='word_1_98' title='bbox 539 1286 793 1356; x_wconf 61' lang='grc' dir='ltr'><strong>ἔμφανης</strong></span> <span class='ocrx_word' id='word_1_99' title='bbox 831 1284 1076 1352; x_wconf 81' lang='grc' dir='ltr'><strong>γέγονεν,</strong></span> <span class='ocrx_word' id='word_1_100' title='bbox 1099 1281 1179 1345; x_wconf 87' lang='grc' dir='ltr'><strong>ῶς</strong></span> <span class='ocrx_word' id='word_1_101' title='bbox 1216 1281 1297 1352; x_wconf 81' lang='grc' dir='ltr'><strong>τῷ</strong></span> <span class='ocrx_word' id='word_1_102' title='bbox 1328 1280 1532 1351; x_wconf 85' lang='grc' dir='ltr'><strong>Παύλῳ</strong></span> <span class='ocrx_word' id='word_1_103' title='bbox 1560 1281 1655 1333; x_wconf 82' lang='grc' dir='ltr'><strong>καὶ</strong></span> <span class='ocrx_word' id='word_1_104' title='bbox 1691 1282 1804 1342; x_wconf 79' lang='grc' dir='ltr'><strong>τοῖς</strong></span> 
     </span>
    </p>
   </div>
   <div class='ocr_carea' id='block_1_15' title="bbox 210 1369 1804 1446">
    <p class='ocr_par' dir='ltr' id='par_1_15' title="bbox 210 1369 1804 1446">
     <span class='ocr_line' id='line_1_15' title="bbox 210 1369 1804 1446; baseline -0.004 -18"><span class='ocrx_word' id='word_1_105' title='bbox 210 1375 426 1446; x_wconf 75' lang='grc' dir='ltr'><strong>ὁμοίοις</strong></span> <span class='ocrx_word' id='word_1_106' title='bbox 464 1375 682 1446; x_wconf 83' lang='grc' dir='ltr'><strong>Παύλῳ.</strong></span> <span class='ocrx_word' id='word_1_107' title='bbox 726 1375 840 1428; x_wconf 75' lang='grc' dir='ltr'><strong>Καὶ</strong></span> <span class='ocrx_word' id='word_1_108' title='bbox 887 1372 1139 1441; x_wconf 85' lang='grc' dir='ltr'><strong>πείσθητι</strong></span> <span class='ocrx_word' id='word_1_109' title='bbox 1174 1371 1352 1440; x_wconf 84' lang='grc' dir='ltr'><strong>τούτῳ</strong></span> <span class='ocrx_word' id='word_1_110' title='bbox 1387 1370 1462 1440; x_wconf 83' lang='grc' dir='ltr'><strong>τῷ</strong></span> <span class='ocrx_word' id='word_1_111' title='bbox 1499 1369 1700 1441; x_wconf 85' lang='grc' dir='ltr'><strong>Παύλῳ</strong></span> <span class='ocrx_word' id='word_1_112' title='bbox 1729 1369 1804 1431; x_wconf 88' lang='grc' dir='ltr'><strong>ῶς</strong></span> 
     </span>
    </p>
   </div>
   <div class='ocr_carea' id='block_1_16' title="bbox 211 1460 1804 1537">
    <p class='ocr_par' dir='ltr' id='par_1_16' title="bbox 211 1460 1804 1537">
     <span class='ocr_line' id='line_1_16' title="bbox 211 1460 1804 1537; baseline -0.006 -15"><span class='ocrx_word' id='word_1_113' title='bbox 211 1471 293 1532; x_wconf 78' lang='grc' dir='ltr'><strong>εἰς</strong></span> <span class='ocrx_word' id='word_1_114' title='bbox 321 1469 587 1537; x_wconf 80' lang='grc' dir='ltr'><strong>οὐρανοὺς</strong></span> <span class='ocrx_word' id='word_1_115' title='bbox 619 1468 899 1522; x_wconf 79' lang='grc' dir='ltr'><strong>ἀνελθόντι</strong></span> <span class='ocrx_word' id='word_1_116' title='bbox 931 1464 1072 1536; x_wconf 73' lang='grc' dir='ltr'><strong>ὑπὶρ</strong></span> <span class='ocrx_word' id='word_1_117' title='bbox 1103 1465 1161 1518; x_wconf 68' lang='grc' dir='ltr'><strong>σε</strong></span> <span class='ocrx_word' id='word_1_118' title='bbox 1198 1464 1409 1536; x_wconf 72' lang='grc' dir='ltr'><strong>(θαρρῶ</strong></span> <span class='ocrx_word' id='word_1_119' title='bbox 1445 1463 1674 1533; x_wconf 81' lang='grc' dir='ltr'><strong>λέγειν),</strong></span> <span class='ocrx_word' id='word_1_120' title='bbox 1706 1460 1804 1514; x_wconf 75' lang='grc' dir='ltr'><strong>καὶ</strong></span> 
     </span>
    </p>
   </div>
   <div class='ocr_carea' id='block_1_17' title="bbox 213 1555 1806 1632">
    <p class='ocr_par' dir='ltr' id='par_1_17' title="bbox 213 1555 1806 1632">
     <span class='ocr_line' id='line_1_17' title="bbox 213 1555 1806 1632; baseline -0.007 -16"><span class='ocrx_word' id='word_1_121' title='bbox 213 1560 324 1616; x_wconf 76' lang='grc' dir='ltr'><strong>τῶν</strong></span> <span class='ocrx_word' id='word_1_122' title='bbox 364 1562 702 1632; x_wconf 65' lang='grc' dir='ltr'><strong>ἀπορρήτων</strong></span> <span class='ocrx_word' id='word_1_123' title='bbox 738 1561 1038 1615; x_wconf 78' lang='grc' dir='ltr'><strong>ἀκούσαντι</strong></span> <span class='ocrx_word' id='word_1_124' title='bbox 1069 1556 1322 1629; x_wconf 82' lang='grc' dir='ltr'><strong>κρεῖττόν</strong></span> <span class='ocrx_word' id='word_1_125' title='bbox 1353 1573 1449 1609; x_wconf 86' lang='grc' dir='ltr'><strong>σου</strong></span> <span class='ocrx_word' id='word_1_126' title='bbox 1475 1557 1571 1610; x_wconf 70' lang='grc' dir='ltr'><strong>καὶ</strong></span> <span class='ocrx_word' id='word_1_127' title='bbox 1597 1555 1806 1626; x_wconf 87' lang='grc' dir='ltr'><strong>κηρύσ-</strong></span> 
     </span>
    </p>
   </div>
   <div class='ocr_carea' id='block_1_18' title="bbox 215 1632 1807 1725">
    <p class='ocr_par' dir='ltr' id='par_1_18' title="bbox 215 1632 1807 1725">
     <span class='ocr_line' id='line_1_18' title="bbox 215 1632 1807 1725; baseline -0.002 -21"><span class='ocrx_word' id='word_1_128' title='bbox 215 1632 384 1718; x_wconf 80' lang='grc' dir='ltr'><strong>σοντι,</strong></span> <span class='ocrx_word' id='word_1_129' title='bbox 419 1671 438 1704; x_wconf 79' lang='grc' dir='ltr'><strong>ι</strong></span> <span class='ocrx_word' id='word_1_130' title='bbox 488 1652 753 1706; x_wconf 74' lang='grc' dir='ltr'><strong>Πείθεσθε</strong></span> <span class='ocrx_word' id='word_1_131' title='bbox 801 1652 913 1714; x_wconf 90' lang='grc' dir='ltr'><strong>τοῖς</strong></span> <span class='ocrx_word' id='word_1_132' title='bbox 963 1651 1293 1725; x_wconf 74' lang='grc' dir='ltr'><strong>ἡγουμένοις</strong></span> <span class='ocrx_word' id='word_1_133' title='bbox 1338 1646 1493 1718; x_wconf 81' lang='grc' dir='ltr'><strong>ὑμῶν</strong></span> <span class='ocrx_word' id='word_1_134' title='bbox 1538 1646 1648 1718; x_wconf 66' lang='grc'><strong>47</strong></span> <span class='ocrx_word' id='word_1_135' title='bbox 1711 1649 1807 1702; x_wconf 79' lang='grc' dir='ltr'><strong>καὶ</strong></span> 
     </span>
    </p>
   </div>
   <div class='ocr_carea' id='block_1_19' title="bbox 219 1731 1803 1814">
    <p class='ocr_par' dir='ltr' id='par_1_19' title="bbox 219 1731 1803 1814">
     <span class='ocr_line' id='line_1_19' title="bbox 219 1731 1803 1814; baseline -0.004 -19"><span class='ocrx_word' id='word_1_136' title='bbox 219 1743 504 1798; x_wconf 77' lang='grc' dir='ltr'><strong>ὑπείκετε.</strong></span> <span class='ocrx_word' id='word_1_137' title='bbox 532 1762 552 1794; x_wconf 78' lang='grc' dir='ltr'><strong>ι</strong></span> <span class='ocrx_word' id='word_1_138' title='bbox 590 1745 923 1814; x_wconf 83' lang='grc' dir='ltr'><strong>Ἠγούμενος</strong></span> <span class='ocrx_word' id='word_1_139' title='bbox 951 1742 1009 1795; x_wconf 79' lang='grc' dir='ltr'><strong>δὲ</strong></span> <span class='ocrx_word' id='word_1_140' title='bbox 1038 1742 1150 1794; x_wconf 92' lang='grc' dir='ltr'><strong>τῶν</strong></span> <span class='ocrx_word' id='word_1_141' title='bbox 1173 1739 1364 1811; x_wconf 75' lang='grc' dir='ltr'><strong>ψυχῶν</strong></span> <span class='ocrx_word' id='word_1_142' title='bbox 1385 1739 1540 1809; x_wconf 78' lang='grc' dir='ltr'><strong>ἡμῶν</strong></span> <span class='ocrx_word' id='word_1_143' title='bbox 1561 1731 1716 1800; x_wconf 79' lang='grc' dir='ltr'><strong>οὗτός</strong></span> <span class='ocrx_word' id='word_1_144' title='bbox 1744 1753 1803 1790; x_wconf 85' lang='grc' dir='ltr'><strong>τε</strong></span> 
     </span>
    </p>
   </div>
   <div class='ocr_carea' id='block_1_20' title="bbox 218 1829 1808 1906">
    <p class='ocr_par' dir='ltr' id='par_1_20' title="bbox 218 1829 1808 1906">
     <span class='ocr_line' id='line_1_20' title="bbox 218 1829 1808 1906; baseline -0.002 -18"><span class='ocrx_word' id='word_1_145' title='bbox 218 1829 316 1888; x_wconf 65' lang='grc' dir='ltr'><strong>καὶ</strong></span> <span class='ocrx_word' id='word_1_146' title='bbox 343 1836 395 1888; x_wconf 88' lang='grc' dir='ltr'><strong>οί</strong></span> <span class='ocrx_word' id='word_1_147' title='bbox 423 1836 526 1904; x_wconf 81' lang='grc' dir='ltr'><strong>τῆς</strong></span> <span class='ocrx_word' id='word_1_148' title='bbox 553 1835 838 1890; x_wconf 76' lang='grc' dir='ltr'><strong>εὐσεϐείας</strong></span> <span class='ocrx_word' id='word_1_149' title='bbox 869 1833 1136 1906; x_wconf 81' lang='grc' dir='ltr'><strong>Πατέρες,</strong></span> <span class='ocrx_word' id='word_1_150' title='bbox 1162 1833 1213 1886; x_wconf 82' lang='grc' dir='ltr'><strong>οῖ</strong></span> <span class='ocrx_word' id='word_1_151' title='bbox 1236 1831 1374 1903; x_wconf 80' lang='grc' dir='ltr'><strong>ὁμοῦ</strong></span> <span class='ocrx_word' id='word_1_152' title='bbox 1399 1831 1600 1894; x_wconf 85' lang='grc' dir='ltr'><strong>πάντες</strong></span> <span class='ocrx_word' id='word_1_153' title='bbox 1631 1833 1691 1883; x_wconf 81' lang='grc' dir='ltr'><strong>τὸ</strong></span> <span class='ocrx_word' id='word_1_154' title='bbox 1711 1830 1808 1899; x_wconf 80' lang='grc' dir='ltr'><strong>τῆς</strong></span> 
     </span>
    </p>
   </div>
   <div class='ocr_carea' id='block_1_21' title="bbox 220 1922 1813 1997">
    <p class='ocr_par' dir='ltr' id='par_1_21' title="bbox 220 1922 1813 1997">
     <span class='ocr_line' id='line_1_21' title="bbox 220 1922 1813 1997; baseline -0.004 -16"><span class='ocrx_word' id='word_1_155' title='bbox 220 1929 463 1991; x_wconf 75' lang='grc' dir='ltr'><strong>πίστεως</strong></span> <span class='ocrx_word' id='word_1_156' title='bbox 499 1928 748 1993; x_wconf 68' lang='grc' dir='ltr'><strong>ἐξέθεντο</strong></span> <span class='ocrx_word' id='word_1_157' title='bbox 773 1927 1078 1997; x_wconf 75' lang='grc' dir='ltr'><strong>Σύμϐολον,</strong></span> <span class='ocrx_word' id='word_1_158' title='bbox 1107 1926 1202 1979; x_wconf 76' lang='grc' dir='ltr'><strong>καὶ</strong></span> <span class='ocrx_word' id='word_1_159' title='bbox 1229 1925 1281 1978; x_wconf 86' lang='grc' dir='ltr'><strong>οῖ</strong></span> <span class='ocrx_word' id='word_1_160' title='bbox 1307 1926 1470 1978; x_wconf 87' lang='grc' dir='ltr'><strong>τοῦτο</strong></span> <span class='ocrx_word' id='word_1_161' title='bbox 1494 1922 1813 1992; x_wconf 85' lang='grc' dir='ltr'><strong>καθωμολό-</strong></span> 
     </span>
    </p>
   </div>
   <div class='ocr_carea' id='block_1_22' title="bbox 218 2011 1813 2088">
    <p class='ocr_par' dir='ltr' id='par_1_22' title="bbox 218 2011 1813 2088">
     <span class='ocr_line' id='line_1_22' title="bbox 218 2011 1813 2088; baseline -0.003 -16"><span class='ocrx_word' id='word_1_162' title='bbox 218 2021 494 2088; x_wconf 74' lang='grc' dir='ltr'><strong>γουν,ιιαὶ</strong></span> <span class='ocrx_word' id='word_1_163' title='bbox 527 2018 579 2072; x_wconf 85' lang='grc' dir='ltr'><strong>οῖ</strong></span> <span class='ocrx_word' id='word_1_164' title='bbox 606 2021 741 2088; x_wconf 79' lang='grc' dir='ltr'><strong>ὁμοῦ</strong></span> <span class='ocrx_word' id='word_1_165' title='bbox 791 2018 1225 2087; x_wconf 76' lang='grc' dir='ltr'><strong>ὲπεσφράγιζον.</strong></span> <span class='ocrx_word' id='word_1_166' title='bbox 1277 2016 1339 2069; x_wconf 83' lang='lat' dir='ltr'><strong>El</strong></span> <span class='ocrx_word' id='word_1_167' title='bbox 1390 2015 1435 2068; x_wconf 79' lang='grc' dir='ltr'><strong>δ’</strong></span> <span class='ocrx_word' id='word_1_168' title='bbox 1487 2011 1604 2077; x_wconf 83' lang='grc' dir='ltr'><strong>οὖν,</strong></span> <span class='ocrx_word' id='word_1_169' title='bbox 1632 2013 1813 2068; x_wconf 72' lang='grc' dir='ltr'><strong>αὐτῶν</strong></span> 
     </span>
    </p>
   </div>
   <div class='ocr_carea' id='block_1_23' title="bbox 165 2107 1815 2185">
    <p class='ocr_par' dir='ltr' id='par_1_23' title="bbox 165 2107 1815 2185">
     <span class='ocr_line' id='line_1_23' title="bbox 165 2107 1815 2185; baseline -0.004 -20"><span class='ocrx_word' id='word_1_170' title='bbox 165 2163 168 2165; x_wconf 66' lang='grc'><strong>.</strong></span> <span class='ocrx_word' id='word_1_171' title='bbox 220 2112 581 2185; x_wconf 80' lang='grc' dir='ltr'><strong>παρακούων,</strong></span> <span class='ocrx_word' id='word_1_172' title='bbox 610 2111 707 2166; x_wconf 75' lang='grc' dir='ltr'><strong>καὶ</strong></span> <span class='ocrx_word' id='word_1_173' title='bbox 736 2113 934 2174; x_wconf 70' lang='grc' dir='ltr'><strong>αὐτοὺς</strong></span> <span class='ocrx_word' id='word_1_174' title='bbox 976 2109 1210 2171; x_wconf 79' lang='grc' dir='ltr'><strong>ἀθετῶν,</strong></span> <span class='ocrx_word' id='word_1_175' title='bbox 1235 2109 1475 2179; x_wconf 77' lang='grc' dir='ltr'><strong>Χριστὸν</strong></span> <span class='ocrx_word' id='word_1_176' title='bbox 1506 2107 1744 2172; x_wconf 79' lang='grc' dir='ltr'><strong>ἀθετεῖς,</strong></span> <span class='ocrx_word' id='word_1_177' title='bbox 1784 2108 1815 2160; x_wconf 84' lang='grc' dir='ltr'>ὁ</span> 
     </span>
    </p>
   </div>
   <div class='ocr_carea' id='block_1_24' title="bbox 219 2200 1817 2276">
    <p class='ocr_par' dir='ltr' id='par_1_24' title="bbox 219 2200 1817 2276">
     <span class='ocr_line' id='line_1_24' title="bbox 219 2200 1817 2276; baseline -0.005 -17"><span class='ocrx_word' id='word_1_178' title='bbox 219 2206 458 2276; x_wconf 60' lang='grc' dir='ltr'><strong>Χριστος</strong></span> <span class='ocrx_word' id='word_1_179' title='bbox 491 2207 622 2274; x_wconf 67' lang='grc' dir='ltr'><strong>ἔφη,</strong></span> <span class='ocrx_word' id='word_1_180' title='bbox 665 2203 906 2275; x_wconf 79' lang='grc' dir='ltr'><strong>Χριστοῦ</strong></span> <span class='ocrx_word' id='word_1_181' title='bbox 945 2201 1306 2273; x_wconf 83' lang='grc' dir='ltr'><strong>παρακούεις,</strong></span> <span class='ocrx_word' id='word_1_182' title='bbox 1335 2202 1430 2254; x_wconf 73' lang='grc' dir='ltr'><strong>καὶ</strong></span> <span class='ocrx_word' id='word_1_183' title='bbox 1460 2200 1568 2253; x_wconf 88' lang='grc' dir='ltr'><strong>τῶν</strong></span> <span class='ocrx_word' id='word_1_184' title='bbox 1613 2200 1817 2252; x_wconf 85' lang='grc' dir='ltr'><strong>Πεντα-</strong></span> 
     </span>
    </p>
   </div>
   <div class='ocr_carea' id='block_1_25' title="bbox 222 2292 1816 2368">
    <p class='ocr_par' dir='ltr' id='par_1_25' title="bbox 222 2292 1816 2368">
     <span class='ocr_line' id='line_1_25' title="bbox 222 2292 1816 2368; baseline -0.006 -16"><span class='ocrx_word' id='word_1_185' title='bbox 222 2298 464 2352; x_wconf 84' lang='grc' dir='ltr'><strong>πολιτῶν</strong></span> <span class='ocrx_word' id='word_1_186' title='bbox 513 2299 691 2350; x_wconf 70' lang='grc' dir='ltr'><strong>ἐκεῖσε</strong></span> <span class='ocrx_word' id='word_1_187' title='bbox 740 2294 935 2367; x_wconf 77' lang='grc' dir='ltr'><strong>’χεῖρον</strong></span> <span class='ocrx_word' id='word_1_188' title='bbox 973 2296 1384 2368; x_wconf 78' lang='grc' dir='ltr'><strong>κατακριθήσῃ.</strong></span> <span class='ocrx_word' id='word_1_189' title='bbox 1425 2292 1816 2363; x_wconf 83' lang='grc' dir='ltr'><strong>’Λνεκτότερον</strong></span> 
     </span>
    </p>
   </div>
   <div class='ocr_carea' id='block_1_26' title="bbox 220 2386 1818 2463">
    <p class='ocr_par' dir='ltr' id='par_1_26' title="bbox 220 2386 1818 2463">
     <span class='ocr_line' id='line_1_26' title="bbox 220 2386 1818 2463; baseline -0.008 -15"><span class='ocrx_word' id='word_1_190' title='bbox 220 2395 328 2463; x_wconf 84' lang='grc' dir='ltr'><strong>γάρ</strong></span> <span class='ocrx_word' id='word_1_191' title='bbox 364 2394 523 2446; x_wconf 72' lang='grc' dir='ltr'><strong>ἔσται</strong></span> <span class='ocrx_word' id='word_1_192' title='bbox 571 2391 830 2460; x_wconf 79' lang='grc' dir='ltr'><strong>Σοδόμοις</strong></span> <span class='ocrx_word' id='word_1_193' title='bbox 857 2390 892 2461; x_wconf 71' lang='grc' dir='ltr'>ἢ</span> <span class='ocrx_word' id='word_1_194' title='bbox 923 2389 1249 2461; x_wconf 80' lang='grc' dir='ltr'><strong>Γομόρῥοις,</strong></span> <span class='ocrx_word' id='word_1_195' title='bbox 1298 2389 1487 2458; x_wconf 61' lang='grc' dir='ltr'><strong>φησιν,</strong></span> <span class='ocrx_word' id='word_1_196' title='bbox 1537 2389 1594 2440; x_wconf 78' lang='grc' dir='ltr'><strong>ὲν</strong></span> <span class='ocrx_word' id='word_1_197' title='bbox 1634 2386 1818 2456; x_wconf 76' lang='grc' dir='ltr'><strong>ἡμέρᾳ</strong></span> 
     </span>
    </p>
   </div>
   <div class='ocr_carea' id='block_1_27' title="bbox 221 2478 1820 2555">
    <p class='ocr_par' dir='ltr' id='par_1_27' title="bbox 221 2478 1820 2555">
     <span class='ocr_line' id='line_1_27' title="bbox 221 2478 1820 2555; baseline -0.007 -18"><span class='ocrx_word' id='word_1_198' title='bbox 221 2487 465 2555; x_wconf 84' lang='grc' dir='ltr'><strong>κρίσεως</strong></span> <span class='ocrx_word' id='word_1_199' title='bbox 494 2483 527 2550; x_wconf 79' lang='grc' dir='ltr'>ἦ</span> <span class='ocrx_word' id='word_1_200' title='bbox 557 2485 672 2546; x_wconf 89' lang='grc' dir='ltr'><strong>τοῖς</strong></span> <span class='ocrx_word' id='word_1_201' title='bbox 710 2484 786 2552; x_wconf 76' lang='grc' dir='ltr'><strong>μὴ</strong></span> <span class='ocrx_word' id='word_1_202' title='bbox 831 2481 1153 2552; x_wconf 78' lang='grc' dir='ltr'><strong>δεξαμένοις</strong></span> <span class='ocrx_word' id='word_1_203' title='bbox 1185 2481 1245 2532; x_wconf 82' lang='grc' dir='ltr'><strong>τὸ</strong></span> <span class='ocrx_word' id='word_1_204' title='bbox 1275 2480 1566 2549; x_wconf 83' lang='grc' dir='ltr'><strong>κήρυγμα.</strong></span> <span class='ocrx_word' id='word_1_205' title='bbox 1596 2478 1820 2546; x_wconf 74' lang='grc' dir='ltr'><strong>Κήρυγ-</strong></span> 
     </span>
    </p>
   </div>
   <div class='ocr_carea' id='block_1_28' title="bbox 227 2571 1819 2646">
    <p class='ocr_par' dir='ltr' id='par_1_28' title="bbox 227 2571 1819 2646">
     <span class='ocr_line' id='line_1_28' title="bbox 227 2571 1819 2646; baseline -0.004 -16"><span class='ocrx_word' id='word_1_206' title='bbox 227 2594 304 2646; x_wconf 77' lang='grc' dir='ltr'><strong>μα</strong></span> <span class='ocrx_word' id='word_1_207' title='bbox 338 2577 398 2630; x_wconf 74' lang='grc' dir='ltr'><strong>δδ</strong></span> <span class='ocrx_word' id='word_1_208' title='bbox 434 2574 699 2645; x_wconf 81' lang='grc' dir='ltr'><strong>Χριστοῦ,</strong></span> <span class='ocrx_word' id='word_1_209' title='bbox 744 2574 819 2638; x_wconf 84' lang='grc' dir='ltr'><strong>ὡς</strong></span> <span class='ocrx_word' id='word_1_210' title='bbox 848 2575 907 2628; x_wconf 76' lang='grc' dir='ltr'><strong>τὸ</strong></span> <span class='ocrx_word' id='word_1_211' title='bbox 950 2575 1062 2626; x_wconf 91' lang='grc' dir='ltr'><strong>τῶν</strong></span> <span class='ocrx_word' id='word_1_212' title='bbox 1091 2575 1412 2628; x_wconf 76' lang='grc' dir='ltr'><strong>ἀποστόλων</strong></span> <span class='ocrx_word' id='word_1_213' title='bbox 1445 2571 1674 2625; x_wconf 73' lang='grc' dir='ltr'><strong>καὶτῶν</strong></span> <span class='ocrx_word' id='word_1_214' title='bbox 1714 2572 1819 2624; x_wconf 83' lang='grc' dir='ltr'><strong>Πα-</strong></span> 
     </span>
    </p>
   </div>
   <div class='ocr_carea' id='block_1_29' title="bbox 223 2660 1820 2739">
    <p class='ocr_par' dir='ltr' id='par_1_29' title="bbox 223 2660 1820 2739">
     <span class='ocr_line' id='line_1_29' title="bbox 223 2660 1820 2739; baseline -0.004 -18"><span class='ocrx_word' id='word_1_215' title='bbox 223 2672 427 2739; x_wconf 75' lang='grc' dir='ltr'><strong>τίρων.</strong></span> <span class='ocrx_word' id='word_1_216' title='bbox 452 2669 561 2720; x_wconf 70' lang='grc' dir='ltr'><strong>Καὶ</strong></span> <span class='ocrx_word' id='word_1_217' title='bbox 590 2667 640 2719; x_wconf 83' lang='grc' dir='ltr'><strong>εί</strong></span> <span class='ocrx_word' id='word_1_218' title='bbox 679 2668 708 2720; x_wconf 79' lang='grc'>6</span> <span class='ocrx_word' id='word_1_219' title='bbox 735 2665 1107 2731; x_wconf 75' lang='grc' dir='ltr'><strong>σκανδαλίζων</strong></span> <span class='ocrx_word' id='word_1_220' title='bbox 1133 2660 1245 2719; x_wconf 57' lang='grc' dir='ltr'><strong>ινα</strong></span> <span class='ocrx_word' id='word_1_221' title='bbox 1265 2664 1375 2717; x_wconf 82' lang='grc' dir='ltr'><strong>τῶν</strong></span> <span class='ocrx_word' id='word_1_222' title='bbox 1411 2664 1626 2736; x_wconf 79' lang='grc' dir='ltr'><strong>μικρῶν</strong></span> <span class='ocrx_word' id='word_1_223' title='bbox 1670 2663 1820 2716; x_wconf 82' lang='grc' dir='ltr'><strong>ἁδελ-</strong></span> 
     </span>
    </p>
   </div>
   <div class='ocr_carea' id='block_1_30' title="bbox 226 2755 1820 2844">
    <p class='ocr_par' dir='ltr' id='par_1_30' title="bbox 226 2755 1820 2844">
     <span class='ocr_line' id='line_1_30' title="bbox 226 2755 1820 2844; baseline -0.004 -31"><span class='ocrx_word' id='word_1_224' title='bbox 226 2761 366 2832; x_wconf 75' lang='grc' dir='ltr'><strong>ιρῶν,</strong></span> <span class='ocrx_word' id='word_1_225' title='bbox 394 2759 581 2829; x_wconf 79' lang='grc' dir='ltr'><strong>ενοχος</strong></span> <span class='ocrx_word' id='word_1_226' title='bbox 625 2759 1038 2829; x_wconf 83' lang='grc' dir='ltr'><strong>κατακρίματος</strong></span> <span class='ocrx_word' id='word_1_227' title='bbox 1085 2755 1442 2828; x_wconf 80' lang='grc' dir='ltr'><strong>τηλικούτου,</strong></span> <span class='ocrx_word' id='word_1_228' title='bbox 1467 2758 1495 2809; x_wconf 71' lang='grc' dir='ltr'><strong>ὁ</strong></span> <span class='ocrx_word' id='word_1_229' title='bbox 1527 2757 1820 2844; x_wconf 60' lang='grc' dir='ltr'><strong>τοσούτουρ</strong></span> 
     </span>
    </p>
   </div>
   <div class='ocr_carea' id='block_1_31' title="bbox 227 2847 1821 2920">
    <p class='ocr_par' dir='ltr' id='par_1_31' title="bbox 227 2847 1821 2920">
     <span class='ocr_line' id='line_1_31' title="bbox 227 2847 1821 2920; baseline -0.004 -12"><span class='ocrx_word' id='word_1_230' title='bbox 227 2853 606 2920; x_wconf 76' lang='grc' dir='ltr'><strong>σκανδαλίζων</strong></span> <span class='ocrx_word' id='word_1_231' title='bbox 635 2853 730 2906; x_wconf 75' lang='grc' dir='ltr'><strong>καὶ</strong></span> <span class='ocrx_word' id='word_1_232' title='bbox 757 2851 1007 2907; x_wconf 76' lang='grc' dir='ltr'><strong>διασπῶν</strong></span> <span class='ocrx_word' id='word_1_233' title='bbox 1029 2854 1220 2906; x_wconf 78' lang='grc' dir='ltr'><strong>ὁποίου</strong></span> <span class='ocrx_word' id='word_1_234' title='bbox 1251 2867 1266 2917; x_wconf 84' lang='grc'><strong>;</strong></span> <span class='ocrx_word' id='word_1_235' title='bbox 1300 2849 1518 2903; x_wconf 86' lang='grc' dir='ltr'><strong>Γένοιτο</strong></span> <span class='ocrx_word' id='word_1_236' title='bbox 1543 2849 1599 2903; x_wconf 72' lang='grc' dir='ltr'><strong>δὲ</strong></span> <span class='ocrx_word' id='word_1_237' title='bbox 1628 2847 1821 2903; x_wconf 76' lang='grc' dir='ltr'><strong>ταπει-</strong></span> 
     </span>
    </p>
   </div>
   <div class='ocr_carea' id='block_1_32' title="bbox 227 2940 1820 3015">
    <p class='ocr_par' dir='ltr' id='par_1_32' title="bbox 227 2940 1820 3015">
     <span class='ocr_line' id='line_1_32' title="bbox 227 2940 1820 3015; baseline -0.003 -16"><span class='ocrx_word' id='word_1_238' title='bbox 227 2946 477 2999; x_wconf 77' lang='grc' dir='ltr'><strong>νωθέντα</strong></span> <span class='ocrx_word' id='word_1_239' title='bbox 518 2962 578 2997; x_wconf 88' lang='grc' dir='ltr'><strong>σε</strong></span> <span class='ocrx_word' id='word_1_240' title='bbox 611 2947 678 3015; x_wconf 76' lang='grc' dir='ltr'><strong>τῇ</strong></span> <span class='ocrx_word' id='word_1_241' title='bbox 714 2944 953 3014; x_wconf 78' lang='grc' dir='ltr'><strong>μιμήσει</strong></span> <span class='ocrx_word' id='word_1_242' title='bbox 981 2943 1078 2997; x_wconf 82' lang='grc' dir='ltr'><strong>τοῦ</strong></span> <span class='ocrx_word' id='word_1_243' title='bbox 1105 2940 1391 3014; x_wconf 77' lang='grc' dir='ltr'><strong>εἰρηνικοῦ</strong></span> <span class='ocrx_word' id='word_1_244' title='bbox 1424 2959 1483 2996; x_wconf 85' lang='grc' dir='ltr'><strong>τε</strong></span> <span class='ocrx_word' id='word_1_245' title='bbox 1522 2943 1615 2995; x_wconf 76' lang='grc' dir='ltr'><strong>καὶ</strong></span> <span class='ocrx_word' id='word_1_246' title='bbox 1644 2942 1820 3010; x_wconf 84' lang='grc' dir='ltr'>πράου</span> 
     </span>
    </p>
   </div>
   <div class='ocr_carea' id='block_1_33' title="bbox 226 3033 1821 3104">
    <p class='ocr_par' dir='ltr' id='par_1_33' title="bbox 226 3033 1821 3104">
     <span class='ocr_line' id='line_1_33' title="bbox 226 3033 1821 3104; baseline -0.003 -14"><span class='ocrx_word' id='word_1_247' title='bbox 226 3035 557 3091; x_wconf 65' lang='grc' dir='ltr'><strong>ἐπανελθεῖν</strong></span> <span class='ocrx_word' id='word_1_248' title='bbox 586 3036 682 3088; x_wconf 78' lang='grc' dir='ltr'><strong>καὶ</strong></span> <span class='ocrx_word' id='word_1_249' title='bbox 711 3033 982 3104; x_wconf 73' lang='grc' dir='ltr'><strong>ἑνωθῆναι</strong></span> <span class='ocrx_word' id='word_1_250' title='bbox 1031 3035 1145 3097; x_wconf 86' lang='grc' dir='ltr'><strong>τοῖς</strong></span> <span class='ocrx_word' id='word_1_251' title='bbox 1195 3034 1337 3086; x_wconf 82' lang='grc' dir='ltr'><strong>κατὰ</strong></span> <span class='ocrx_word' id='word_1_252' title='bbox 1381 3033 1517 3087; x_wconf 75' lang='grc' dir='ltr'><strong>Θεὸν</strong></span> <span class='ocrx_word' id='word_1_253' title='bbox 1545 3033 1821 3102; x_wconf 75' lang='grc' dir='ltr'><strong>ἀδελφοῖς,</strong></span> 
     </span>
    </p>
   </div>
   <div class='ocr_carea' id='block_1_34' title="bbox 1902 532 3499 605">
    <p class='ocr_par' dir='ltr' id='par_1_34' title="bbox 1902 532 3499 605">
     <span class='ocr_line' id='line_1_34' title="bbox 1902 532 3499 605; baseline -0.001 -16"><span class='ocrx_word' id='word_1_254' title='bbox 1902 533 2151 605; x_wconf 80' lang='lat' dir='ltr'><strong>cogitare</strong></span> <span class='ocrx_word' id='word_1_255' title='bbox 2179 545 2232 590; x_wconf 90' lang='lat' dir='ltr'><strong>te</strong></span> <span class='ocrx_word' id='word_1_256' title='bbox 2269 533 2380 589; x_wconf 78' lang='lat' dir='ltr'><strong>illis</strong></span> <span class='ocrx_word' id='word_1_257' title='bbox 2407 533 2612 602; x_wconf 79' lang='lat' dir='ltr'><strong>majora</strong></span> <span class='ocrx_word' id='word_1_258' title='bbox 2646 548 3004 603; x_wconf 77' lang='lat' dir='ltr'><strong>cognoscere.</strong></span> <span class='ocrx_word' id='word_1_259' title='bbox 3037 532 3146 589; x_wconf 67' lang='lat' dir='ltr'><strong>Sed</strong></span> <span class='ocrx_word' id='word_1_260' title='bbox 3183 536 3499 604; x_wconf 78' lang='lat' dir='ltr'><strong>quis’natu-</strong></span> 
     </span>
    </p>
   </div>
   <div class='ocr_carea' id='block_1_35' title="bbox 1907 613 3495 697">
    <p class='ocr_par' dir='ltr' id='par_1_35' title="bbox 1907 613 3495 697">
     <span class='ocr_line' id='line_1_35' title="bbox 1907 613 3495 697; baseline 0.004 -17"><span class='ocrx_word' id='word_1_261' title='bbox 1907 641 2023 680; x_wconf 83' lang='lat' dir='ltr'><strong>ram</strong></span> <span class='ocrx_word' id='word_1_262' title='bbox 2059 625 2152 680; x_wconf 87' lang='lat' dir='ltr'><strong>Dei</strong></span> <span class='ocrx_word' id='word_1_263' title='bbox 2188 613 2420 682; x_wconf 64' lang='lat' dir='ltr'><strong>riditvel</strong></span> <span class='ocrx_word' id='word_1_264' title='bbox 2455 625 3242 697; x_wconf 69' lang='lat' dir='ltr'><strong>patefecit?Caeterum&#39;crede</strong></span> <span class='ocrx_word' id='word_1_265' title='bbox 3296 632 3495 686; x_wconf 76' lang='lat' dir='ltr'><strong>amicis</strong></span> 
     </span>
    </p>
   </div>
   <div class='ocr_carea' id='block_1_36' title="bbox 1909 721 3496 794">
    <p class='ocr_par' dir='ltr' id='par_1_36' title="bbox 1909 721 3496 794">
     <span class='ocr_line' id='line_1_36' title="bbox 1909 721 3496 794; baseline 0.003 -19"><span class='ocrx_word' id='word_1_266' title='bbox 1909 721 2221 794; x_wconf 85' lang='lat' dir='ltr'><strong>Deiquibus</strong></span> <span class='ocrx_word' id='word_1_267' title='bbox 2250 723 2366 793; x_wconf 80' lang='lat' dir='ltr'><strong>ipse</strong></span> <span class='ocrx_word' id='word_1_268' title='bbox 2389 731 2655 793; x_wconf 89' lang='lat' dir='ltr'><strong>quantum</strong></span> <span class='ocrx_word' id='word_1_269' title='bbox 2689 721 2802 775; x_wconf 87' lang='lat' dir='ltr'><strong>lleri</strong></span> <span class='ocrx_word' id='word_1_270' title='bbox 2855 731 3069 792; x_wconf 79' lang='lat' dir='ltr'><strong>poterat</strong></span> <span class='ocrx_word' id='word_1_271' title='bbox 3121 725 3396 794; x_wconf 76' lang='lat' dir='ltr'><strong>apparuit.</strong></span> <span class='ocrx_word' id='word_1_272' title='bbox 3435 737 3496 780; x_wconf 79' lang='lat' dir='ltr'><strong>ut</strong></span> 
     </span>
    </p>
   </div>
   <div class='ocr_carea' id='block_1_37' title="bbox 1907 814 3489 887">
    <p class='ocr_par' dir='ltr' id='par_1_37' title="bbox 1907 814 3489 887">
     <span class='ocr_line' id='line_1_37' title="bbox 1907 814 3489 887; baseline 0.003 -18"><span class='ocrx_word' id='word_1_273' title='bbox 1907 816 2060 886; x_wconf 87' lang='lat' dir='ltr'><strong>prius</strong></span> <span class='ocrx_word' id='word_1_274' title='bbox 2089 815 2282 886; x_wconf 80' lang='lat' dir='ltr'><strong>Moysi,</strong></span> <span class='ocrx_word' id='word_1_275' title='bbox 2311 815 2512 884; x_wconf 82' lang='lat' dir='ltr'><strong>quibus</strong></span> <span class='ocrx_word' id='word_1_276' title='bbox 2541 815 2813 870; x_wconf 74' lang='lat' dir='ltr'><strong>revelatus</strong></span> <span class='ocrx_word' id='word_1_277' title='bbox 2843 826 2951 881; x_wconf 90' lang='lat' dir='ltr'><strong>est,</strong></span> <span class='ocrx_word' id='word_1_278' title='bbox 2976 826 3036 870; x_wconf 92' lang='lat' dir='ltr'><strong>ut</strong></span> <span class='ocrx_word' id='word_1_279' title='bbox 3067 814 3252 883; x_wconf 84' lang='lat' dir='ltr'><strong>Petro,</strong></span> <span class='ocrx_word' id='word_1_280' title='bbox 3288 820 3489 887; x_wconf 66' lang='lat' dir='ltr'><strong>quibus</strong></span> 
     </span>
    </p>
   </div>
   <div class='ocr_carea' id='block_1_38' title="bbox 1908 906 3489 978">
    <p class='ocr_par' dir='ltr' id='par_1_38' title="bbox 1908 906 3489 978">
     <span class='ocr_line' id='line_1_38' title="bbox 1908 906 3489 978; baseline 0.002 -16"><span class='ocrx_word' id='word_1_281' title='bbox 1908 906 2238 963; x_wconf 75' lang='lat' dir='ltr'><strong>manifestus</strong></span> <span class='ocrx_word' id='word_1_282' title='bbox 2261 906 2438 962; x_wconf 61' lang='lat' dir='ltr'><strong>fartus</strong></span> <span class='ocrx_word' id='word_1_283' title='bbox 2469 916 2573 971; x_wconf 83' lang='lat' dir='ltr'><strong>est,</strong></span> <span class='ocrx_word' id='word_1_284' title='bbox 2609 916 2668 961; x_wconf 93' lang='lat' dir='ltr'><strong>ut</strong></span> <span class='ocrx_word' id='word_1_285' title='bbox 2691 907 2859 962; x_wconf 82' lang='lat' dir='ltr'><strong>Paulo</strong></span> <span class='ocrx_word' id='word_1_286' title='bbox 2891 917 2946 962; x_wconf 90' lang='lat' dir='ltr'><strong>et</strong></span> <span class='ocrx_word' id='word_1_287' title='bbox 2973 909 3142 964; x_wconf 85' lang='lat' dir='ltr'><strong>Paulo</strong></span> <span class='ocrx_word' id='word_1_288' title='bbox 3174 910 3489 978; x_wconf 86' lang='lat' dir='ltr'><strong>similibus;</strong></span> 
     </span>
    </p>
   </div>
   <div class='ocr_carea' id='block_1_39' title="bbox 1907 998 3482 1072">
    <p class='ocr_par' dir='ltr' id='par_1_39' title="bbox 1907 998 3482 1072">
     <span class='ocr_line' id='line_1_39' title="bbox 1907 998 3482 1072; baseline 0.003 -18"><span class='ocrx_word' id='word_1_289' title='bbox 1907 1001 2069 1054; x_wconf 85' lang='lat' dir='ltr'><strong>crede</strong></span> <span class='ocrx_word' id='word_1_290' title='bbox 2102 1000 2232 1054; x_wconf 88' lang='lat' dir='ltr'><strong>huic</strong></span> <span class='ocrx_word' id='word_1_291' title='bbox 2257 998 2429 1053; x_wconf 84' lang='lat' dir='ltr'><strong>Paulo</strong></span> <span class='ocrx_word' id='word_1_292' title='bbox 2459 999 2554 1069; x_wconf 87' lang='lat' dir='ltr'><strong>qui</strong></span> <span class='ocrx_word' id='word_1_293' title='bbox 2579 1000 2708 1054; x_wconf 92' lang='lat' dir='ltr'><strong>licet</strong></span> <span class='ocrx_word' id='word_1_294' title='bbox 2742 999 2796 1054; x_wconf 90' lang='lat' dir='ltr'><strong>in</strong></span> <span class='ocrx_word' id='word_1_295' title='bbox 2817 1001 3016 1055; x_wconf 78' lang='lat' dir='ltr'><strong>etelum</strong></span> <span class='ocrx_word' id='word_1_296' title='bbox 3047 1002 3212 1058; x_wconf 95' lang='lat' dir='ltr'><strong>altius</strong></span> <span class='ocrx_word' id='word_1_297' title='bbox 3233 1019 3398 1072; x_wconf 87' lang='lat' dir='ltr'><strong>quam</strong></span> <span class='ocrx_word' id='word_1_298' title='bbox 3426 1014 3482 1058; x_wconf 92' lang='lat' dir='ltr'><strong>tu</strong></span> 
     </span>
    </p>
   </div>
   <div class='ocr_carea' id='block_1_40' title="bbox 1907 1089 3490 1166">
    <p class='ocr_par' dir='ltr' id='par_1_40' title="bbox 1907 1089 3490 1166">
     <span class='ocr_line' id='line_1_40' title="bbox 1907 1089 3490 1166; baseline 0.002 -20"><span class='ocrx_word' id='word_1_299' title='bbox 1907 1089 2274 1161; x_wconf 79' lang='lat' dir='ltr'><strong>(conﬁdenter</strong></span> <span class='ocrx_word' id='word_1_300' title='bbox 2303 1090 2450 1156; x_wconf 84' lang='lat' dir='ltr'><strong>dico)</strong></span> <span class='ocrx_word' id='word_1_301' title='bbox 2493 1093 2825 1154; x_wconf 83' lang='lat' dir='ltr'><strong>ascenderit,</strong></span> <span class='ocrx_word' id='word_1_302' title='bbox 2877 1102 2930 1147; x_wconf 92' lang='lat' dir='ltr'><strong>et</strong></span> <span class='ocrx_word' id='word_1_303' title='bbox 2981 1094 3274 1148; x_wconf 77' lang='lat' dir='ltr'><strong>inell&#39;abilia</strong></span> <span class='ocrx_word' id='word_1_304' title='bbox 3315 1097 3490 1166; x_wconf 81' lang='lat' dir='ltr'><strong>magis</strong></span> 
     </span>
    </p>
   </div>
   <div class='ocr_carea' id='block_1_41' title="bbox 1908 1183 3496 1263">
    <p class='ocr_par' dir='ltr' id='par_1_41' title="bbox 1908 1183 3496 1263">
     <span class='ocr_line' id='line_1_41' title="bbox 1908 1183 3496 1263; baseline 0.003 -25"><span class='ocrx_word' id='word_1_305' title='bbox 1908 1201 2072 1255; x_wconf 89' lang='lat' dir='ltr'><strong>quam</strong></span> <span class='ocrx_word' id='word_1_306' title='bbox 2104 1194 2158 1238; x_wconf 91' lang='grc' dir='ltr'><strong>ιιι</strong></span> <span class='ocrx_word' id='word_1_307' title='bbox 2193 1183 2468 1238; x_wconf 79' lang='lat' dir='ltr'><strong>audiverit</strong></span> <span class='ocrx_word' id='word_1_308' title='bbox 2509 1202 2524 1238; x_wconf 90' lang='lat'><strong>:</strong></span> <span class='ocrx_word' id='word_1_309' title='bbox 2588 1202 2609 1235; x_wconf 73' lang='grc' dir='ltr'><strong>ι</strong></span> <span class='ocrx_word' id='word_1_310' title='bbox 2640 1183 2895 1250; x_wconf 85' lang='lat' dir='ltr'><strong>Obedite,</strong></span> <span class='ocrx_word' id='word_1_311' title='bbox 2948 1185 3149 1263; x_wconf 85' lang='lat' dir='ltr'><strong>inquit,</strong></span> <span class='ocrx_word' id='word_1_312' title='bbox 3189 1188 3496 1255; x_wconf 68' lang='lat' dir='ltr'><strong>praepositis</strong></span> 
     </span>
    </p>
   </div>
   <div class='ocr_carea' id='block_1_42' title="bbox 1908 1275 3491 1346">
    <p class='ocr_par' dir='ltr' id='par_1_42' title="bbox 1908 1275 3491 1346">
     <span class='ocr_line' id='line_1_42' title="bbox 1908 1275 3491 1346; baseline 0.002 -16"><span class='ocrx_word' id='word_1_313' title='bbox 1908 1277 2109 1331; x_wconf 74' lang='lat' dir='ltr'><strong>vestris</strong></span> <span class='ocrx_word' id='word_1_314' title='bbox 2155 1286 2209 1330; x_wconf 92' lang='lat' dir='ltr'><strong>et</strong></span> <span class='ocrx_word' id='word_1_315' title='bbox 2258 1275 2538 1346; x_wconf 76' lang='lat' dir='ltr'><strong>subjarete</strong></span> <span class='ocrx_word' id='word_1_316' title='bbox 2579 1275 2680 1330; x_wconf 89' lang='lat' dir='ltr'><strong>eis.</strong></span> <span class='ocrx_word' id='word_1_317' title='bbox 2718 1295 2736 1328; x_wconf 82' lang='grc' dir='ltr'><strong>ι</strong></span> <span class='ocrx_word' id='word_1_318' title='bbox 2793 1275 3128 1346; x_wconf 71' lang='lat' dir='ltr'><strong>Prarpositus</strong></span> <span class='ocrx_word' id='word_1_319' title='bbox 3180 1279 3491 1335; x_wconf 77' lang='lat' dir='ltr'><strong>animarum</strong></span> 
     </span>
    </p>
   </div>
   <div class='ocr_carea' id='block_1_43' title="bbox 1909 1368 3499 1442">
    <p class='ocr_par' dir='ltr' id='par_1_43' title="bbox 1909 1368 3499 1442">
     <span class='ocr_line' id='line_1_43' title="bbox 1909 1368 3499 1442; baseline 0.002 -19"><span class='ocrx_word' id='word_1_320' title='bbox 1909 1381 2224 1423; x_wconf 84' lang='lat' dir='ltr'><strong>nostrarum</strong></span> <span class='ocrx_word' id='word_1_321' title='bbox 2271 1368 2361 1420; x_wconf 88' lang='lat' dir='ltr'><strong>ille</strong></span> <span class='ocrx_word' id='word_1_322' title='bbox 2424 1377 2507 1421; x_wconf 88' lang='lat' dir='ltr'><strong>est</strong></span> <span class='ocrx_word' id='word_1_323' title='bbox 2535 1383 2845 1438; x_wconf 77' lang='lat' dir='ltr'><strong>omnesque</strong></span> <span class='ocrx_word' id='word_1_324' title='bbox 2897 1369 3119 1439; x_wconf 84' lang='lat' dir='ltr'><strong>pietatis</strong></span> <span class='ocrx_word' id='word_1_325' title='bbox 3147 1369 3359 1437; x_wconf 84' lang='lat' dir='ltr'><strong>Patres,</strong></span> <span class='ocrx_word' id='word_1_326' title='bbox 3403 1373 3499 1442; x_wconf 86' lang='lat' dir='ltr'><strong>qui</strong></span> 
     </span>
    </p>
   </div>
   <div class='ocr_carea' id='block_1_44' title="bbox 1907 1459 3500 1536">
    <p class='ocr_par' dir='ltr' id='par_1_44' title="bbox 1907 1459 3500 1536">
     <span class='ocr_line' id='line_1_44' title="bbox 1907 1459 3500 1536; baseline 0.003 -20"><span class='ocrx_word' id='word_1_327' title='bbox 1907 1474 2100 1516; x_wconf 83' lang='lat' dir='ltr'><strong>omnes</strong></span> <span class='ocrx_word' id='word_1_328' title='bbox 2144 1459 2309 1514; x_wconf 87' lang='lat' dir='ltr'><strong>simul</strong></span> <span class='ocrx_word' id='word_1_329' title='bbox 2358 1460 2482 1513; x_wconf 82' lang='lat' dir='ltr'><strong>lidei</strong></span> <span class='ocrx_word' id='word_1_330' title='bbox 2534 1460 2858 1531; x_wconf 84' lang='lat' dir='ltr'><strong>Symbolum</strong></span> <span class='ocrx_word' id='word_1_331' title='bbox 2919 1463 3355 1530; x_wconf 87' lang='lat' dir='ltr'><strong>constituerunt,</strong></span> <span class='ocrx_word' id='word_1_332' title='bbox 3403 1469 3500 1536; x_wconf 76' lang='lat' dir='ltr'><strong>qui</strong></span> 
     </span>
    </p>
   </div>
   <div class='ocr_carea' id='block_1_45' title="bbox 1911 1543 3497 1627">
    <p class='ocr_par' dir='ltr' id='par_1_45' title="bbox 1911 1543 3497 1627">
     <span class='ocr_line' id='line_1_45' title="bbox 1911 1543 3497 1627; baseline 0.005 -20"><span class='ocrx_word' id='word_1_333' title='bbox 1911 1553 2042 1608; x_wconf 87' lang='lat' dir='ltr'><strong>illud</strong></span> <span class='ocrx_word' id='word_1_334' title='bbox 2077 1552 2318 1609; x_wconf 78' lang='lat' dir='ltr'><strong>confessi</strong></span> <span class='ocrx_word' id='word_1_335' title='bbox 2345 1561 2497 1614; x_wconf 82' lang='lat' dir='ltr'><strong>sunt,</strong></span> <span class='ocrx_word' id='word_1_336' title='bbox 2527 1555 2621 1623; x_wconf 91' lang='lat' dir='ltr'><strong>qui</strong></span> <span class='ocrx_word' id='word_1_337' title='bbox 2643 1552 2790 1608; x_wconf 79' lang='lat' dir='ltr'><strong>illud</strong></span> <span class='ocrx_word' id='word_1_338' title='bbox 2847 1555 3012 1609; x_wconf 87' lang='lat' dir='ltr'><strong>simul</strong></span> <span class='ocrx_word' id='word_1_339' title='bbox 3040 1543 3497 1627; x_wconf 73' lang='lat' dir='ltr'><strong>obsignaverunt.</strong></span> 
     </span>
    </p>
   </div>
   <div class='ocr_carea' id='block_1_46' title="bbox 1912 1647 3500 1719">
    <p class='ocr_par' dir='ltr' id='par_1_46' title="bbox 1912 1647 3500 1719">
     <span class='ocr_line' id='line_1_46' title="bbox 1912 1647 3500 1719; baseline 0.003 -19"><span class='ocrx_word' id='word_1_340' title='bbox 1912 1647 2084 1717; x_wconf 77' lang='lat' dir='ltr'><strong>Igitur</strong></span> <span class='ocrx_word' id='word_1_341' title='bbox 2124 1647 2170 1703; x_wconf 80' lang='lat' dir='ltr'><strong>si</strong></span> <span class='ocrx_word' id='word_1_342' title='bbox 2193 1647 2333 1703; x_wconf 82' lang='lat' dir='ltr'><strong>istos</strong></span> <span class='ocrx_word' id='word_1_343' title='bbox 2362 1662 2689 1718; x_wconf 76' lang='lat' dir='ltr'><strong>aspernans,</strong></span> <span class='ocrx_word' id='word_1_344' title='bbox 2741 1648 2990 1717; x_wconf 90' lang='lat' dir='ltr'><strong>istosque</strong></span> <span class='ocrx_word' id='word_1_345' title='bbox 3024 1650 3306 1719; x_wconf 88' lang='lat' dir='ltr'><strong>rejicieus,</strong></span> <span class='ocrx_word' id='word_1_346' title='bbox 3337 1650 3500 1704; x_wconf 72' lang='lat' dir='ltr'><strong>Clzri-</strong></span> 
     </span>
    </p>
   </div>
   <div class='ocr_carea' id='block_1_47' title="bbox 1913 1740 3501 1814">
    <p class='ocr_par' dir='ltr' id='par_1_47' title="bbox 1913 1740 3501 1814">
     <span class='ocr_line' id='line_1_47' title="bbox 1913 1740 3501 1814; baseline 0.004 -23"><span class='ocrx_word' id='word_1_347' title='bbox 1913 1748 2058 1794; x_wconf 88' lang='lat' dir='ltr'><strong>stum</strong></span> <span class='ocrx_word' id='word_1_348' title='bbox 2111 1740 2451 1810; x_wconf 80' lang='lat' dir='ltr'><strong>_asperuaris,</strong></span> <span class='ocrx_word' id='word_1_349' title='bbox 2516 1745 2577 1794; x_wconf 78' lang='lat' dir='ltr'><strong>ut</strong></span> <span class='ocrx_word' id='word_1_350' title='bbox 2635 1741 2714 1794; x_wconf 85' lang='lat' dir='ltr'><strong>ait</strong></span> <span class='ocrx_word' id='word_1_351' title='bbox 2760 1741 3038 1808; x_wconf 82' lang='lat' dir='ltr'><strong>Christus,</strong></span> <span class='ocrx_word' id='word_1_352' title='bbox 3099 1741 3501 1814; x_wconf 83' lang='lat' dir='ltr'><strong>Christumque</strong></span> 
     </span>
    </p>
   </div>
   <div class='ocr_carea' id='block_1_48' title="bbox 1917 1832 3497 1903">
    <p class='ocr_par' dir='ltr' id='par_1_48' title="bbox 1917 1832 3497 1903">
     <span class='ocr_line' id='line_1_48' title="bbox 1917 1832 3497 1903; baseline 0.004 -17"><span class='ocrx_word' id='word_1_353' title='bbox 1917 1832 2122 1900; x_wconf 66' lang='lat' dir='ltr'><strong>rejicis.</strong></span> <span class='ocrx_word' id='word_1_354' title='bbox 2149 1833 2302 1901; x_wconf 81' lang='lat' dir='ltr'><strong>pejus</strong></span> <span class='ocrx_word' id='word_1_355' title='bbox 2320 1833 2751 1902; x_wconf 83' lang='lat' dir='ltr'><strong>Pentapolitanis</strong></span> <span class='ocrx_word' id='word_1_356' title='bbox 2774 1833 3048 1902; x_wconf 82' lang='lat' dir='ltr'><strong>judicium</strong></span> <span class='ocrx_word' id='word_1_357' title='bbox 3084 1835 3337 1903; x_wconf 83' lang='lat' dir='ltr'><strong>habebis;</strong></span> <span class='ocrx_word' id='word_1_358' title='bbox 3369 1853 3497 1893; x_wconf 77' lang='lat' dir='ltr'><strong>nant</strong></span> 
     </span>
    </p>
   </div>
   <div class='ocr_carea' id='block_1_49' title="bbox 1917 1923 3505 1984">
    <p class='ocr_par' dir='ltr' id='par_1_49' title="bbox 1917 1923 3505 1984">
     <span class='ocr_line' id='line_1_49' title="bbox 1917 1923 3505 1984; baseline 0.004 -8"><span class='ocrx_word' id='word_1_359' title='bbox 1917 1923 2263 1978; x_wconf 75' lang='lat' dir='ltr'><strong>tolerabilius</strong></span> <span class='ocrx_word' id='word_1_360' title='bbox 2283 1925 2390 1978; x_wconf 91' lang='lat' dir='ltr'><strong>erit</strong></span> <span class='ocrx_word' id='word_1_361' title='bbox 2419 1933 2578 1978; x_wconf 80' lang='lat' dir='ltr'><strong>terrae</strong></span> <span class='ocrx_word' id='word_1_362' title='bbox 2606 1925 2976 1980; x_wconf 78' lang='lat' dir='ltr'><strong>Sodomorum</strong></span> <span class='ocrx_word' id='word_1_363' title='bbox 3021 1937 3075 1982; x_wconf 86' lang='lat' dir='ltr'><strong>et</strong></span> <span class='ocrx_word' id='word_1_364' title='bbox 3120 1927 3505 1984; x_wconf 67' lang='lat' dir='ltr'><strong>Gomorrhzeu—</strong></span> 
     </span>
    </p>
   </div>
   <div class='ocr_carea' id='block_1_50' title="bbox 1919 2016 3507 2096">
    <p class='ocr_par' dir='ltr' id='par_1_50' title="bbox 1919 2016 3507 2096">
     <span class='ocr_line' id='line_1_50' title="bbox 1919 2016 3507 2096; baseline 0.006 -27"><span class='ocrx_word' id='word_1_365' title='bbox 1919 2031 2063 2081; x_wconf 86' lang='lat' dir='ltr'><strong>rum,</strong></span> <span class='ocrx_word' id='word_1_366' title='bbox 2093 2016 2292 2086; x_wconf 89' lang='lat' dir='ltr'><strong>inquit,</strong></span> <span class='ocrx_word' id='word_1_367' title='bbox 2316 2016 2370 2070; x_wconf 91' lang='lat' dir='ltr'><strong>in</strong></span> <span class='ocrx_word' id='word_1_368' title='bbox 2397 2019 2487 2073; x_wconf 91' lang='lat' dir='ltr'><strong>die</strong></span> <span class='ocrx_word' id='word_1_369' title='bbox 2509 2018 2703 2090; x_wconf 89' lang='lat' dir='ltr'><strong>judicii</strong></span> <span class='ocrx_word' id='word_1_370' title='bbox 2734 2035 2898 2090; x_wconf 85' lang='lat' dir='ltr'><strong>quam</strong></span> <span class='ocrx_word' id='word_1_371' title='bbox 2923 2021 3003 2078; x_wconf 89' lang='lat' dir='ltr'><strong>eis</strong></span> <span class='ocrx_word' id='word_1_372' title='bbox 3024 2024 3119 2092; x_wconf 86' lang='lat' dir='ltr'><strong>qui</strong></span> <span class='ocrx_word' id='word_1_373' title='bbox 3151 2039 3256 2078; x_wconf 92' lang='lat' dir='ltr'><strong>non</strong></span> <span class='ocrx_word' id='word_1_374' title='bbox 3281 2039 3507 2096; x_wconf 78' lang='lat' dir='ltr'><strong>recepe-</strong></span> 
     </span>
    </p>
   </div>
   <div class='ocr_carea' id='block_1_51' title="bbox 1917 2109 3510 2183">
    <p class='ocr_par' dir='ltr' id='par_1_51' title="bbox 1917 2109 3510 2183">
     <span class='ocr_line' id='line_1_51' title="bbox 1917 2109 3510 2183; baseline 0.005 -21"><span class='ocrx_word' id='word_1_375' title='bbox 1917 2117 2046 2162; x_wconf 88' lang='lat' dir='ltr'><strong>runt</strong></span> <span class='ocrx_word' id='word_1_376' title='bbox 2077 2109 2544 2177; x_wconf 45' lang='lat' dir='ltr'><strong>pra‘tlicatiouem,</strong></span> <span class='ocrx_word' id='word_1_377' title='bbox 2585 2126 2781 2180; x_wconf 86' lang='lat' dir='ltr'><strong>nempe</strong></span> <span class='ocrx_word' id='word_1_378' title='bbox 2805 2113 3250 2181; x_wconf 58' lang='lat' dir='ltr'><strong>praedicationem</strong></span> <span class='ocrx_word' id='word_1_379' title='bbox 3276 2115 3510 2183; x_wconf 82' lang='lat' dir='ltr'><strong>Christi,</strong></span> 
     </span>
    </p>
   </div>
   <div class='ocr_carea' id='block_1_52' title="bbox 1920 2190 3512 2272">
    <p class='ocr_par' dir='ltr' id='par_1_52' title="bbox 1920 2190 3512 2272">
     <span class='ocr_line' id='line_1_52' title="bbox 1920 2190 3512 2272; baseline 0.008 -18"><span class='ocrx_word' id='word_1_380' title='bbox 1920 2215 2045 2254; x_wconf 86' lang='lat' dir='ltr'><strong>eum</strong></span> <span class='ocrx_word' id='word_1_381' title='bbox 2085 2202 2153 2255; x_wconf 87' lang='lat' dir='ltr'><strong>ab</strong></span> <span class='ocrx_word' id='word_1_382' title='bbox 2179 2201 2460 2272; x_wconf 88' lang='lat' dir='ltr'><strong>Apostolis</strong></span> <span class='ocrx_word' id='word_1_383' title='bbox 2512 2190 2570 2256; x_wconf 76' lang='lat' dir='ltr'><strong>et</strong></span> <span class='ocrx_word' id='word_1_384' title='bbox 2611 2201 2881 2259; x_wconf 69' lang='lat' dir='ltr'><strong>‘l&#39;atribus</strong></span> <span class='ocrx_word' id='word_1_385' title='bbox 2923 2205 3068 2261; x_wconf 79' lang='lat' dir='ltr'><strong>facta</strong></span> <span class='ocrx_word' id='word_1_386' title='bbox 3112 2207 3298 2263; x_wconf 83' lang='lat' dir='ltr'><strong>fuerit.</strong></span> <span class='ocrx_word' id='word_1_387' title='bbox 3351 2209 3416 2264; x_wconf 83' lang='lat' dir='ltr'><strong>Et</strong></span> <span class='ocrx_word' id='word_1_388' title='bbox 3466 2213 3512 2266; x_wconf 79' lang='lat' dir='ltr'><strong>si</strong></span> 
     </span>
    </p>
   </div>
   <div class='ocr_carea' id='block_1_53' title="bbox 1922 2293 3518 2370">
    <p class='ocr_par' dir='ltr' id='par_1_53' title="bbox 1922 2293 3518 2370">
     <span class='ocr_line' id='line_1_53' title="bbox 1922 2293 3518 2370; baseline 0.009 -25"><span class='ocrx_word' id='word_1_389' title='bbox 1922 2294 2050 2362; x_wconf 84' lang='lat' dir='ltr'><strong>quis</strong></span> <span class='ocrx_word' id='word_1_390' title='bbox 2109 2293 2586 2351; x_wconf 79' lang='lat' dir='ltr'><strong>scandalizaverit</strong></span> <span class='ocrx_word' id='word_1_391' title='bbox 2641 2313 2814 2352; x_wconf 91' lang='lat' dir='ltr'><strong>unum</strong></span> <span class='ocrx_word' id='word_1_392' title='bbox 2871 2313 2937 2353; x_wconf 74' lang='lat' dir='ltr'><strong>ex</strong></span> <span class='ocrx_word' id='word_1_393' title='bbox 2974 2301 3189 2370; x_wconf 88' lang='lat' dir='ltr'><strong>pusillis</strong></span> <span class='ocrx_word' id='word_1_394' title='bbox 3251 2302 3518 2360; x_wconf 75' lang='lat' dir='ltr'><strong>fratribus</strong></span> 
     </span>
    </p>
   </div>
   <div class='ocr_carea' id='block_1_54' title="bbox 1921 2386 3509 2462">
    <p class='ocr_par' dir='ltr' id='par_1_54' title="bbox 1921 2386 3509 2462">
     <span class='ocr_line' id='line_1_54' title="bbox 1921 2386 3509 2462; baseline 0.008 -23"><span class='ocrx_word' id='word_1_395' title='bbox 1921 2401 2049 2440; x_wconf 89' lang='lat' dir='ltr'><strong>reus</strong></span> <span class='ocrx_word' id='word_1_396' title='bbox 2073 2386 2179 2440; x_wconf 87' lang='lat' dir='ltr'><strong>erit</strong></span> <span class='ocrx_word' id='word_1_397' title='bbox 2202 2397 2365 2441; x_wconf 70' lang='lat' dir='ltr'><strong>tanta:</strong></span> <span class='ocrx_word' id='word_1_398' title='bbox 2383 2386 2784 2456; x_wconf 77' lang='lat' dir='ltr'><strong>damnationis,</strong></span> <span class='ocrx_word' id='word_1_399' title='bbox 2811 2405 3030 2460; x_wconf 67' lang='lat' dir='ltr'><strong>quanta:</strong></span> <span class='ocrx_word' id='word_1_400' title='bbox 3048 2394 3141 2462; x_wconf 91' lang='lat' dir='ltr'><strong>qui</strong></span> <span class='ocrx_word' id='word_1_401' title='bbox 3174 2403 3252 2448; x_wconf 88' lang='lat' dir='ltr'><strong>tot</strong></span> <span class='ocrx_word' id='word_1_402' title='bbox 3274 2396 3509 2451; x_wconf 81' lang='lat' dir='ltr'><strong>scanda-</strong></span> 
     </span>
    </p>
   </div>
   <div class='ocr_carea' id='block_1_55' title="bbox 1923 2479 3511 2550">
    <p class='ocr_par' dir='ltr' id='par_1_55' title="bbox 1923 2479 3511 2550">
     <span class='ocr_line' id='line_1_55' title="bbox 1923 2479 3511 2550; baseline 0.008 -21"><span class='ocrx_word' id='word_1_403' title='bbox 1923 2479 2172 2534; x_wconf 85' lang='lat' dir='ltr'><strong>lizaverit</strong></span> <span class='ocrx_word' id='word_1_404' title='bbox 2208 2488 2263 2536; x_wconf 93' lang='lat' dir='ltr'><strong>et</strong></span> <span class='ocrx_word' id='word_1_405' title='bbox 2305 2480 2364 2547; x_wconf 72' lang='lat' dir='ltr'><strong>in</strong></span> <span class='ocrx_word' id='word_1_406' title='bbox 2425 2496 2593 2550; x_wconf 81' lang='lat' dir='ltr'><strong>prava</strong></span> <span class='ocrx_word' id='word_1_407' title='bbox 2645 2482 2986 2540; x_wconf 77' lang='lat' dir='ltr'><strong>distraxerit.</strong></span> <span class='ocrx_word' id='word_1_408' title='bbox 3043 2484 3262 2542; x_wconf 88' lang='lat' dir='ltr'><strong>Utinam</strong></span> <span class='ocrx_word' id='word_1_409' title='bbox 3311 2495 3511 2545; x_wconf 66' lang='lat' dir='ltr'><strong>temet-</strong></span> 
     </span>
    </p>
   </div>
   <div class='ocr_carea' id='block_1_56' title="bbox 1927 2571 3515 2646">
    <p class='ocr_par' dir='ltr' id='par_1_56' title="bbox 1927 2571 3515 2646">
     <span class='ocr_line' id='line_1_56' title="bbox 1927 2571 3515 2646; baseline 0.009 -27"><span class='ocrx_word' id='word_1_410' title='bbox 1927 2571 2101 2640; x_wconf 78' lang='lat' dir='ltr'><strong>ipsum</strong></span> <span class='ocrx_word' id='word_1_411' title='bbox 2159 2571 2455 2628; x_wconf 86' lang='lat' dir='ltr'><strong>humiliaus</strong></span> <span class='ocrx_word' id='word_1_412' title='bbox 2490 2573 2555 2626; x_wconf 88' lang='lat' dir='ltr'><strong>ad</strong></span> <span class='ocrx_word' id='word_1_413' title='bbox 2592 2576 2904 2642; x_wconf 78' lang='lat' dir='ltr'><strong>exemplum</strong></span> <span class='ocrx_word' id='word_1_414' title='bbox 2949 2579 3161 2646; x_wconf 84' lang='lat' dir='ltr'><strong>paciﬁci</strong></span> <span class='ocrx_word' id='word_1_415' title='bbox 3209 2585 3515 2636; x_wconf 84' lang='lat' dir='ltr'><strong>mansueti-</strong></span> 
     </span>
    </p>
   </div>
   <div class='ocr_carea' id='block_1_57' title="bbox 1925 2662 3516 2743">
    <p class='ocr_par' dir='ltr' id='par_1_57' title="bbox 1925 2662 3516 2743">
     <span class='ocr_line' id='line_1_57' title="bbox 1925 2662 3516 2743; baseline 0.009 -29"><span class='ocrx_word' id='word_1_416' title='bbox 1925 2679 2030 2732; x_wconf 87' lang='lat' dir='ltr'><strong>que</strong></span> <span class='ocrx_word' id='word_1_417' title='bbox 2058 2662 2383 2728; x_wconf 83' lang='lat' dir='ltr'><strong>Salvatoris,</strong></span> <span class='ocrx_word' id='word_1_418' title='bbox 2419 2665 2587 2721; x_wconf 82' lang='lat' dir='ltr'><strong>redux</strong></span> <span class='ocrx_word' id='word_1_419' title='bbox 2623 2670 2920 2725; x_wconf 77' lang='lat' dir='ltr'><strong>convenias</strong></span> <span class='ocrx_word' id='word_1_420' title='bbox 2951 2671 3014 2725; x_wconf 89' lang='lat' dir='ltr'><strong>ad</strong></span> <span class='ocrx_word' id='word_1_421' title='bbox 3037 2686 3150 2734; x_wconf 89' lang='lat' dir='ltr'><strong>,eos</strong></span> <span class='ocrx_word' id='word_1_422' title='bbox 3178 2676 3270 2743; x_wconf 90' lang='lat' dir='ltr'><strong>qui</strong></span> <span class='ocrx_word' id='word_1_423' title='bbox 3309 2689 3516 2728; x_wconf 72' lang='lat' dir='ltr'><strong>secun-</strong></span> 
     </span>
    </p>
   </div>
   <div class='ocr_carea' id='block_1_58' title="bbox 1925 2756 3520 2822">
    <p class='ocr_par' dir='ltr' id='par_1_58' title="bbox 1925 2756 3520 2822">
     <span class='ocr_line' id='line_1_58' title="bbox 1925 2756 3520 2822; baseline 0.008 -14"><span class='ocrx_word' id='word_1_424' title='bbox 1925 2757 2055 2809; x_wconf 89' lang='lat' dir='ltr'><strong>dum</strong></span> <span class='ocrx_word' id='word_1_425' title='bbox 2095 2756 2262 2822; x_wconf 88' lang='lat' dir='ltr'><strong>Deum</strong></span> <span class='ocrx_word' id='word_1_426' title='bbox 2296 2756 2495 2813; x_wconf 79' lang='lat' dir='ltr'><strong>fratres</strong></span> <span class='ocrx_word' id='word_1_427' title='bbox 2529 2769 2678 2822; x_wconf 89' lang='lat' dir='ltr'><strong>sunt,</strong></span> <span class='ocrx_word' id='word_1_428' title='bbox 2709 2771 2761 2815; x_wconf 91' lang='lat' dir='ltr'><strong>et</strong></span> <span class='ocrx_word' id='word_1_429' title='bbox 2797 2778 2966 2816; x_wconf 89' lang='lat' dir='ltr'><strong>unum</strong></span> <span class='ocrx_word' id='word_1_430' title='bbox 3004 2765 3103 2820; x_wconf 79' lang='lat' dir='ltr'><strong>fias</strong></span> <span class='ocrx_word' id='word_1_431' title='bbox 3137 2780 3260 2820; x_wconf 92' lang='lat' dir='ltr'><strong>cum</strong></span> <span class='ocrx_word' id='word_1_432' title='bbox 3295 2766 3520 2822; x_wconf 77' lang='lat' dir='ltr'><strong>Christo</strong></span> 
     </span>
    </p>
   </div>
   <div class='ocr_carea' id='block_1_59' title="bbox 1925 2848 3518 2920">
    <p class='ocr_par' dir='ltr' id='par_1_59' title="bbox 1925 2848 3518 2920">
     <span class='ocr_line' id='line_1_59' title="bbox 1925 2848 3518 2920; baseline 0.009 -18"><span class='ocrx_word' id='word_1_433' title='bbox 1925 2857 1981 2902; x_wconf 89' lang='lat' dir='ltr'><strong>et</strong></span> <span class='ocrx_word' id='word_1_434' title='bbox 2006 2849 2117 2904; x_wconf 83' lang='lat' dir='ltr'><strong>illis</strong></span> <span class='ocrx_word' id='word_1_435' title='bbox 2144 2848 2467 2920; x_wconf 83' lang='lat' dir='ltr'><strong>Christique</strong></span> <span class='ocrx_word' id='word_1_436' title='bbox 2496 2850 2720 2906; x_wconf 76' lang='lat' dir='ltr'><strong>famulis</strong></span> <span class='ocrx_word' id='word_1_437' title='bbox 2744 2852 3004 2910; x_wconf 77' lang='lat' dir='ltr'><strong>Patribus</strong></span> <span class='ocrx_word' id='word_1_438' title='bbox 3040 2859 3264 2919; x_wconf 83' lang='lat' dir='ltr'><strong>nostris.</strong></span> <span class='ocrx_word' id='word_1_439' title='bbox 3319 2860 3518 2915; x_wconf 80' lang='lat' dir='ltr'><strong>delini-</strong></span> 
     </span>
    </p>
   </div>
   <div class='ocr_carea' id='block_1_60' title="bbox 1929 2939 3517 3018">
    <p class='ocr_par' dir='ltr' id='par_1_60' title="bbox 1929 2939 3517 3018">
     <span class='ocr_line' id='line_1_60' title="bbox 1929 2939 3517 3018; baseline 0.01 -28"><span class='ocrx_word' id='word_1_440' title='bbox 1929 2947 2042 2991; x_wconf 90' lang='lat' dir='ltr'><strong>tum</strong></span> <span class='ocrx_word' id='word_1_441' title='bbox 2082 2939 2149 2992; x_wconf 87' lang='lat' dir='ltr'><strong>ab</strong></span> <span class='ocrx_word' id='word_1_442' title='bbox 2179 2939 2259 2993; x_wconf 87' lang='lat' dir='ltr'><strong>cis</strong></span> <span class='ocrx_word' id='word_1_443' title='bbox 2283 2940 2444 3008; x_wconf 89' lang='lat' dir='ltr'><strong>quale</strong></span> <span class='ocrx_word' id='word_1_444' title='bbox 2504 2941 2931 2998; x_wconf 85' lang='lat' dir='ltr'><strong>declaraverunt</strong></span> <span class='ocrx_word' id='word_1_445' title='bbox 2987 2947 3310 3018; x_wconf 85' lang='lat' dir='ltr'><strong>Symbolum</strong></span> <span class='ocrx_word' id='word_1_446' title='bbox 3370 2963 3517 3005; x_wconf 78' lang='lat' dir='ltr'><strong>recta</strong></span> 
     </span>
    </p>
   </div>
   <div class='ocr_carea' id='block_1_61' title="bbox 1930 3028 3524 3100">
    <p class='ocr_par' dir='ltr' id='par_1_61' title="bbox 1930 3028 3524 3100">
     <span class='ocr_line' id='line_1_61' title="bbox 1930 3028 3524 3100; baseline 0.01 -17"><span class='ocrx_word' id='word_1_447' title='bbox 1930 3030 2034 3084; x_wconf 76' lang='lat' dir='ltr'><strong>[ide</strong></span> <span class='ocrx_word' id='word_1_448' title='bbox 2068 3028 2376 3094; x_wconf 76' lang='lat' dir='ltr'><strong>confessus,</strong></span> <span class='ocrx_word' id='word_1_449' title='bbox 2415 3041 2474 3086; x_wconf 91' lang='lat' dir='ltr'><strong>ut</strong></span> <span class='ocrx_word' id='word_1_450' title='bbox 2505 3032 2594 3088; x_wconf 91' lang='lat' dir='ltr'><strong>hic</strong></span> <span class='ocrx_word' id='word_1_451' title='bbox 2626 3046 2678 3088; x_wconf 91' lang='lat' dir='ltr'><strong>et</strong></span> <span class='ocrx_word' id='word_1_452' title='bbox 2721 3035 2831 3090; x_wconf 86' lang='lat' dir='ltr'><strong>illic</strong></span> <span class='ocrx_word' id='word_1_453' title='bbox 2859 3053 3029 3092; x_wconf 91' lang='lat' dir='ltr'><strong>unum</strong></span> <span class='ocrx_word' id='word_1_454' title='bbox 3065 3039 3238 3096; x_wconf 89' lang='lat' dir='ltr'><strong>simus</strong></span> <span class='ocrx_word' id='word_1_455' title='bbox 3273 3044 3327 3096; x_wconf 92' lang='lat' dir='ltr'><strong>in</strong></span> <span class='ocrx_word' id='word_1_456' title='bbox 3361 3042 3524 3100; x_wconf 87' lang='lat' dir='ltr'><strong>Chri-</strong></span> 
     </span>
    </p>
   </div>
   <div class='ocr_carea' id='block_1_62' title="bbox 227 3121 1816 3196">
    <p class='ocr_par' dir='ltr' id='par_1_62' title="bbox 227 3124 1816 3196">
     <span class='ocr_line' id='line_1_62' title="bbox 227 3124 1816 3196; baseline -0.003 -14"><span class='ocrx_word' id='word_1_457' title='bbox 227 3128 329 3182; x_wconf 71' lang='grc' dir='ltr'><strong>καὶ</strong></span> <span class='ocrx_word' id='word_1_458' title='bbox 355 3127 414 3180; x_wconf 71' lang='grc' dir='ltr'><strong>ἓν</strong></span> <span class='ocrx_word' id='word_1_459' title='bbox 444 3127 698 3196; x_wconf 81' lang='grc' dir='ltr'><strong>γενέσθαι</strong></span> <span class='ocrx_word' id='word_1_460' title='bbox 748 3128 890 3196; x_wconf 82' lang='grc' dir='ltr'><strong>μετά</strong></span> <span class='ocrx_word' id='word_1_461' title='bbox 930 3125 1171 3196; x_wconf 83' lang='grc' dir='ltr'><strong>Χριστοῦ</strong></span> <span class='ocrx_word' id='word_1_462' title='bbox 1209 3125 1303 3179; x_wconf 71' lang='grc' dir='ltr'><strong>καὶ</strong></span> <span class='ocrx_word' id='word_1_463' title='bbox 1353 3124 1560 3196; x_wconf 70' lang='grc' dir='ltr'><strong>αὐτῶν,</strong></span> <span class='ocrx_word' id='word_1_464' title='bbox 1588 3124 1680 3177; x_wconf 68' lang='grc' dir='ltr'><strong>καὶ</strong></span> <span class='ocrx_word' id='word_1_465' title='bbox 1712 3124 1816 3177; x_wconf 85' lang='grc' dir='ltr'><strong>τῶν</strong></span> 
     </span>
    </p>
   </div>
   <div class='ocr_carea' id='block_1_63' title="bbox 1923 3121 3155 3196">
    <p class='ocr_par' dir='ltr' id='par_1_63' title="bbox 1928 3121 3155 3193">
     <span class='ocr_line' id='line_1_63' title="bbox 1928 3121 3155 3193; baseline 0.007 -15"><span class='ocrx_word' id='word_1_466' title='bbox 1928 3133 2012 3179; x_wconf 90' lang='lat' dir='ltr'><strong>sto</strong></span> <span class='ocrx_word' id='word_1_467' title='bbox 2041 3121 2193 3186; x_wconf 81' lang='lat' dir='ltr'><strong>Jesu,</strong></span> <span class='ocrx_word' id='word_1_468' title='bbox 2226 3133 2391 3192; x_wconf 81' lang='lat' dir='ltr'><strong>prout</strong></span> <span class='ocrx_word' id='word_1_469' title='bbox 2411 3123 2739 3193; x_wconf 84' lang='lat' dir='ltr'><strong>deprecatus</strong></span> <span class='ocrx_word' id='word_1_470' title='bbox 2767 3138 2849 3182; x_wconf 83' lang='lat' dir='ltr'><strong>est</strong></span> <span class='ocrx_word' id='word_1_471' title='bbox 2875 3127 3155 3187; x_wconf 84' lang='lat' dir='ltr'><strong>Christus.</strong></span> 
     </span>
    </p>
   </div>
   <div class='ocr_carea' id='block_1_64' title="bbox 225 3221 3521 3305">
    <p class='ocr_par' dir='ltr' id='par_1_64' title="bbox 225 3221 3521 3305">
     <span class='ocr_line' id='line_1_64' title="bbox 225 3221 3521 3305; baseline 0.01 -47"><span class='ocrx_word' id='word_1_472' title='bbox 225 3225 322 3280; x_wconf 61' lang='grc' dir='ltr'><strong>τώ</strong></span> <span class='ocrx_word' id='word_1_473' title='bbox 377 3226 614 3298; x_wconf 69' lang='grc' dir='ltr'><strong>Χριστοῦ</strong></span> <span class='ocrx_word' id='word_1_474' title='bbox 676 3224 1049 3296; x_wconf 70' lang='grc' dir='ltr'><strong>θεραπόντων,</strong></span> <span class='ocrx_word' id='word_1_475' title='bbox 1100 3222 1260 3293; x_wconf 78' lang='grc' dir='ltr'><strong>ἡμῶν</strong></span> <span class='ocrx_word' id='word_1_476' title='bbox 1297 3221 1354 3275; x_wconf 83' lang='grc' dir='ltr'><strong>δὲ</strong></span> <span class='ocrx_word' id='word_1_477' title='bbox 1413 3222 1698 3290; x_wconf 81' lang='grc' dir='ltr'><strong>Πατέρων,</strong></span> <span class='ocrx_word' id='word_1_478' title='bbox 1747 3224 1809 3275; x_wconf 67' lang='grc' dir='ltr'><strong>τὸ</strong></span> <span class='ocrx_word' id='word_1_479' title='bbox 1845 3223 1979 3294; x_wconf 84' lang='grc' dir='ltr'><strong>παρ’</strong></span> <span class='ocrx_word' id='word_1_480' title='bbox 2006 3221 2234 3275; x_wconf 76' lang='grc' dir='ltr'><strong>ἐκείνων</strong></span> <span class='ocrx_word' id='word_1_481' title='bbox 2275 3221 2522 3302; x_wconf 75' lang='grc' dir='ltr'><strong>ἐκτεθὲν,</strong></span> <span class='ocrx_word' id='word_1_482' title='bbox 2568 3223 2643 3286; x_wconf 85' lang='grc' dir='ltr'><strong>ὡς</strong></span> <span class='ocrx_word' id='word_1_483' title='bbox 2696 3223 2966 3294; x_wconf 79' lang='grc' dir='ltr'><strong>ἐξέθεντο,</strong></span> <span class='ocrx_word' id='word_1_484' title='bbox 3031 3230 3521 3305; x_wconf 75' lang='grc' dir='ltr'><strong>άνομολογήσαντα</strong></span> 
     </span>
    </p>
   </div>
   <div class='ocr_carea' id='block_1_65' title="bbox 227 3312 3032 3394">
    <p class='ocr_par' dir='ltr' id='par_1_65' title="bbox 227 3312 3032 3394">
     <span class='ocr_line' id='line_1_65' title="bbox 227 3312 3032 3394; baseline 0 -17"><span class='ocrx_word' id='word_1_485' title='bbox 227 3325 512 3394; x_wconf 76' lang='grc' dir='ltr'><strong>Σύμὸολον</strong></span> <span class='ocrx_word' id='word_1_486' title='bbox 541 3321 862 3394; x_wconf 82' lang='grc' dir='ltr'><strong>ὀρθοδόξως,</strong></span> <span class='ocrx_word' id='word_1_487' title='bbox 915 3321 1002 3374; x_wconf 88' lang='grc' dir='ltr'><strong>ῖνα</strong></span> <span class='ocrx_word' id='word_1_488' title='bbox 1038 3322 1134 3374; x_wconf 77' lang='grc' dir='ltr'><strong>καὶ</strong></span> <span class='ocrx_word' id='word_1_489' title='bbox 1167 3312 1268 3372; x_wconf 80' lang='grc' dir='ltr'><strong>ὧδε</strong></span> <span class='ocrx_word' id='word_1_490' title='bbox 1299 3320 1461 3373; x_wconf 86' lang='grc' dir='ltr'><strong>κάκεῖ</strong></span> <span class='ocrx_word' id='word_1_491' title='bbox 1497 3312 1555 3371; x_wconf 74' lang='grc' dir='ltr'><strong>ἓν</strong></span> <span class='ocrx_word' id='word_1_492' title='bbox 1591 3312 1741 3386; x_wconf 75' lang='grc' dir='ltr'><strong>ὦμεν</strong></span> <span class='ocrx_word' id='word_1_493' title='bbox 1783 3321 1843 3372; x_wconf 78' lang='grc' dir='ltr'><strong>ὲν</strong></span> <span class='ocrx_word' id='word_1_494' title='bbox 1883 3316 2108 3389; x_wconf 85' lang='grc' dir='ltr'><strong>Χριστῷ</strong></span> <span class='ocrx_word' id='word_1_495' title='bbox 2137 3315 2340 3388; x_wconf 82' lang='grc' dir='ltr'><strong>Ἰησοῦ,</strong></span> <span class='ocrx_word' id='word_1_496' title='bbox 2368 3318 2442 3382; x_wconf 88' lang='grc' dir='ltr'><strong>ὼς</strong></span> <span class='ocrx_word' id='word_1_497' title='bbox 2475 3320 2503 3372; x_wconf 85' lang='grc' dir='ltr'>ὀ</span> <span class='ocrx_word' id='word_1_498' title='bbox 2534 3320 2772 3392; x_wconf 80' lang='grc' dir='ltr'><strong>Χριστὸς</strong></span> <span class='ocrx_word' id='word_1_499' title='bbox 2804 3321 3032 3392; x_wconf 75' lang='grc' dir='ltr'><strong>ηῦξατο.</strong></span> 
     </span>
    </p>
   </div>
   <div class='ocr_carea' id='block_1_66' title="bbox 305 3438 1821 3511">
    <p class='ocr_par' dir='ltr' id='par_1_66' title="bbox 305 3438 1821 3511">
     <span class='ocr_line' id='line_1_66' title="bbox 305 3438 1821 3511; baseline -0.007 -11"><span class='ocrx_word' id='word_1_500' title='bbox 305 3441 628 3510; x_wconf 68' lang='grc' dir='ltr'><strong>Κλτιρικόςῐ</strong></span> <span class='ocrx_word' id='word_1_501' title='bbox 654 3442 831 3511; x_wconf 83' lang='grc' dir='ltr'><strong>Χάρις</strong></span> <span class='ocrx_word' id='word_1_502' title='bbox 859 3440 937 3510; x_wconf 87' lang='grc' dir='ltr'><strong>τῷ</strong></span> <span class='ocrx_word' id='word_1_503' title='bbox 965 3440 1107 3510; x_wconf 81' lang='grc' dir='ltr'><strong>Θεῷ,</strong></span> <span class='ocrx_word' id='word_1_504' title='bbox 1150 3439 1406 3492; x_wconf 88' lang='grc' dir='ltr'><strong>δέσποτα.</strong></span> <span class='ocrx_word' id='word_1_505' title='bbox 1457 3438 1682 3499; x_wconf 76' lang='grc' dir='ltr'><strong>Ἰκανῶς</strong></span> <span class='ocrx_word' id='word_1_506' title='bbox 1713 3439 1821 3508; x_wconf 84' lang='grc' dir='ltr'><strong>γὰρ</strong></span> 
     </span>
    </p>
   </div>
   <div class='ocr_carea' id='block_1_67' title="bbox 228 3524 1826 3606">
    <p class='ocr_par' dir='ltr' id='par_1_67' title="bbox 228 3524 1826 3606">
     <span class='ocr_line' id='line_1_67' title="bbox 228 3524 1826 3606; baseline -0.005 -16"><span class='ocrx_word' id='word_1_507' title='bbox 228 3539 296 3592; x_wconf 74' lang='grc' dir='ltr'><strong>τά</strong></span> <span class='ocrx_word' id='word_1_508' title='bbox 329 3536 460 3606; x_wconf 76' lang='grc' dir='ltr'><strong>περὶ</strong></span> <span class='ocrx_word' id='word_1_509' title='bbox 507 3535 606 3604; x_wconf 86' lang='grc' dir='ltr'><strong>τῆς</strong></span> <span class='ocrx_word' id='word_1_510' title='bbox 639 3535 937 3604; x_wconf 79' lang='grc' dir='ltr'><strong>Λατινικῆς</strong></span> <span class='ocrx_word' id='word_1_511' title='bbox 980 3524 1340 3603; x_wconf 59' lang='grc' dir='ltr'><strong>ϐιαινοτομίας</strong></span> <span class='ocrx_word' id='word_1_512' title='bbox 1392 3533 1695 3602; x_wconf 83' lang='grc' dir='ltr'><strong>ἐμάθομεν,</strong></span> <span class='ocrx_word' id='word_1_513' title='bbox 1730 3533 1826 3585; x_wconf 78' lang='grc' dir='ltr'><strong>καὶ</strong></span> 
     </span>
    </p>
   </div>
   <div class='ocr_carea' id='block_1_68' title="bbox 229 3625 1823 3697">
    <p class='ocr_par' dir='ltr' id='par_1_68' title="bbox 229 3625 1823 3697">
     <span class='ocr_line' id='line_1_68' title="bbox 229 3625 1823 3697; baseline -0.005 -13"><span class='ocrx_word' id='word_1_514' title='bbox 229 3632 307 3693; x_wconf 71' lang='grc' dir='ltr'><strong>ὡς</strong></span> <span class='ocrx_word' id='word_1_515' title='bbox 339 3631 400 3683; x_wconf 76' lang='grc' dir='ltr'><strong>οὐ</strong></span> <span class='ocrx_word' id='word_1_516' title='bbox 428 3629 573 3683; x_wconf 80' lang='grc' dir='ltr'><strong>κατά</strong></span> <span class='ocrx_word' id='word_1_517' title='bbox 601 3629 787 3681; x_wconf 74' lang='grc' dir='ltr'><strong>πίστιν</strong></span> <span class='ocrx_word' id='word_1_518' title='bbox 817 3625 960 3697; x_wconf 82' lang='grc' dir='ltr'><strong>αῦτη</strong></span> <span class='ocrx_word' id='word_1_519' title='bbox 987 3625 1287 3694; x_wconf 82' lang='grc' dir='ltr'><strong>σφάλλεται</strong></span> <span class='ocrx_word' id='word_1_520' title='bbox 1321 3627 1504 3694; x_wconf 80' lang='grc' dir='ltr'><strong>μόνον,</strong></span> <span class='ocrx_word' id='word_1_521' title='bbox 1531 3625 1655 3677; x_wconf 75' lang='grc' dir='ltr'><strong>ἐπεὶ</strong></span> <span class='ocrx_word' id='word_1_522' title='bbox 1685 3626 1823 3676; x_wconf 72' lang='grc' dir='ltr'><strong>κατὰ</strong></span> 
     </span>
    </p>
   </div>
   <div class='ocr_carea' id='block_1_69' title="bbox 230 3716 1827 3792">
    <p class='ocr_par' dir='ltr' id='par_1_69' title="bbox 230 3716 1827 3792">
     <span class='ocr_line' id='line_1_69' title="bbox 230 3716 1827 3792; baseline -0.006 -14"><span class='ocrx_word' id='word_1_523' title='bbox 230 3722 329 3778; x_wconf 74' lang='grc' dir='ltr'><strong>τοῦ</strong></span> <span class='ocrx_word' id='word_1_524' title='bbox 367 3720 514 3792; x_wconf 69' lang='grc' dir='ltr'><strong>ίεροῦ</strong></span> <span class='ocrx_word' id='word_1_525' title='bbox 544 3723 776 3774; x_wconf 84' lang='grc' dir='ltr'><strong>κινεῖται</strong></span> <span class='ocrx_word' id='word_1_526' title='bbox 808 3719 1090 3786; x_wconf 79' lang='grc' dir='ltr'><strong>Συμϐόλου</strong></span> <span class='ocrx_word' id='word_1_527' title='bbox 1126 3719 1224 3788; x_wconf 77' lang='grc' dir='ltr'><strong>τῆς</strong></span> <span class='ocrx_word' id='word_1_528' title='bbox 1259 3718 1518 3782; x_wconf 86' lang='grc' dir='ltr'><strong>πίστεως,</strong></span> <span class='ocrx_word' id='word_1_529' title='bbox 1563 3718 1701 3772; x_wconf 73' lang='grc' dir='ltr'><strong>ἀλλὰ</strong></span> <span class='ocrx_word' id='word_1_530' title='bbox 1736 3716 1827 3770; x_wconf 76' lang='grc' dir='ltr'><strong>καὶ</strong></span> 
     </span>
    </p>
   </div>
   <div class='ocr_carea' id='block_1_70' title="bbox 233 3795 1827 3884">
    <p class='ocr_par' dir='ltr' id='par_1_70' title="bbox 233 3795 1827 3884">
     <span class='ocr_line' id='line_1_70' title="bbox 233 3795 1827 3884; baseline -0.004 -14"><span class='ocrx_word' id='word_1_531' title='bbox 233 3818 381 3870; x_wconf 81' lang='grc' dir='ltr'><strong>κατὰ</strong></span> <span class='ocrx_word' id='word_1_532' title='bbox 419 3816 639 3870; x_wconf 86' lang='grc' dir='ltr'><strong>πάντων</strong></span> <span class='ocrx_word' id='word_1_533' title='bbox 671 3795 859 3884; x_wconf 72' lang='grc' dir='ltr'><strong>σχεδδν</strong></span> <span class='ocrx_word' id='word_1_534' title='bbox 905 3813 1016 3866; x_wconf 89' lang='grc' dir='ltr'><strong>τῶν</strong></span> <span class='ocrx_word' id='word_1_535' title='bbox 1041 3811 1186 3866; x_wconf 75' lang='grc' dir='ltr'><strong>ἐθῶν</strong></span> <span class='ocrx_word' id='word_1_536' title='bbox 1233 3829 1293 3866; x_wconf 88' lang='grc' dir='ltr'><strong>τε</strong></span> <span class='ocrx_word' id='word_1_537' title='bbox 1344 3812 1437 3865; x_wconf 77' lang='grc' dir='ltr'><strong>καὶ</strong></span> <span class='ocrx_word' id='word_1_538' title='bbox 1471 3811 1827 3880; x_wconf 79' lang='grc' dir='ltr'><strong>παραδόσεων</strong></span> 
     </span>
    </p>
   </div>
   <div class='ocr_carea' id='block_1_71' title="bbox 229 3905 1826 3980">
    <p class='ocr_par' dir='ltr' id='par_1_71' title="bbox 229 3905 1826 3980">
     <span class='ocr_line' id='line_1_71' title="bbox 229 3905 1826 3980; baseline -0.004 -18"><span class='ocrx_word' id='word_1_539' title='bbox 229 3912 336 3980; x_wconf 78' lang='grc' dir='ltr'><strong>τῆς</strong></span> <span class='ocrx_word' id='word_1_540' title='bbox 359 3911 513 3980; x_wconf 77' lang='grc' dir='ltr'><strong>ἱερᾶς</strong></span> <span class='ocrx_word' id='word_1_541' title='bbox 551 3908 900 3979; x_wconf 77' lang='grc' dir='ltr'><strong>Ἐκκλησίας.</strong></span> <span class='ocrx_word' id='word_1_542' title='bbox 930 3907 1130 3960; x_wconf 80' lang='grc' dir='ltr'><strong>Λοιπὸν</strong></span> <span class='ocrx_word' id='word_1_543' title='bbox 1157 3906 1493 3973; x_wconf 82' lang='grc' dir='ltr'><strong>προσεκτέον</strong></span> <span class='ocrx_word' id='word_1_544' title='bbox 1519 3905 1672 3957; x_wconf 77' lang='grc' dir='ltr'><strong>ἔσται</strong></span> <span class='ocrx_word' id='word_1_545' title='bbox 1695 3905 1826 3973; x_wconf 75' lang='grc' dir='ltr'><strong>ἡμῖν</strong></span> 
     </span>
    </p>
   </div>
   <div class='ocr_carea' id='block_1_72' title="bbox 231 3994 1826 4072">
    <p class='ocr_par' dir='ltr' id='par_1_72' title="bbox 231 3994 1826 4072">
     <span class='ocr_line' id='line_1_72' title="bbox 231 3994 1826 4072; baseline -0.004 -18"><span class='ocrx_word' id='word_1_546' title='bbox 231 4005 294 4056; x_wconf 72' lang='grc' dir='ltr'><strong>τὸ</strong></span> <span class='ocrx_word' id='word_1_547' title='bbox 326 4001 575 4072; x_wconf 76' lang='grc' dir='ltr'><strong>περὶτῆς</strong></span> <span class='ocrx_word' id='word_1_548' title='bbox 604 3998 898 4063; x_wconf 75' lang='grc' dir='ltr'><strong>κοινωνίας</strong></span> <span class='ocrx_word' id='word_1_549' title='bbox 919 3998 1126 4060; x_wconf 81' lang='grc' dir='ltr'><strong>αὐτῶν,</strong></span> <span class='ocrx_word' id='word_1_550' title='bbox 1159 3998 1253 4050; x_wconf 70' lang='grc' dir='ltr'><strong>καὶ</strong></span> <span class='ocrx_word' id='word_1_551' title='bbox 1288 3996 1347 4050; x_wconf 78' lang='grc' dir='ltr'><strong>τὸ</strong></span> <span class='ocrx_word' id='word_1_552' title='bbox 1372 3994 1504 4064; x_wconf 78' lang='grc' dir='ltr'><strong>περὶ</strong></span> <span class='ocrx_word' id='word_1_553' title='bbox 1541 3995 1640 4064; x_wconf 78' lang='grc' dir='ltr'><strong>τῆς</strong></span> <span class='ocrx_word' id='word_1_554' title='bbox 1672 3995 1826 4062; x_wconf 86' lang='grc' dir='ltr'><strong>λεγο-</strong></span> 
     </span>
    </p>
   </div>
   <div class='ocr_carea' id='block_1_73' title="bbox 234 4089 1360 4166">
    <p class='ocr_par' dir='ltr' id='par_1_73' title="bbox 234 4089 1360 4166">
     <span class='ocr_line' id='line_1_73' title="bbox 234 4089 1360 4166; baseline -0.007 -16"><span class='ocrx_word' id='word_1_555' title='bbox 234 4096 407 4166; x_wconf 76' lang='grc' dir='ltr'><strong>μένης</strong></span> <span class='ocrx_word' id='word_1_556' title='bbox 440 4095 685 4156; x_wconf 76' lang='grc' dir='ltr'><strong>ὲνώσεως</strong></span> <span class='ocrx_word' id='word_1_557' title='bbox 718 4092 838 4145; x_wconf 86' lang='grc' dir='ltr'><strong>δέον</strong></span> <span class='ocrx_word' id='word_1_558' title='bbox 869 4090 1052 4153; x_wconf 81' lang='grc' dir='ltr'><strong>καλῶς</strong></span> <span class='ocrx_word' id='word_1_559' title='bbox 1085 4089 1360 4155; x_wconf 70' lang='grc' dir='ltr'><strong>ἐξετάσαι.</strong></span> 
     </span>
    </p>
   </div>
   <div class='ocr_carea' id='block_1_74' title="bbox 319 4182 1827 4255">
    <p class='ocr_par' dir='ltr' id='par_1_74' title="bbox 319 4182 1827 4255">
     <span class='ocr_line' id='line_1_74' title="bbox 319 4182 1827 4255; baseline -0.005 -13"><span class='ocrx_word' id='word_1_560' title='bbox 319 4186 675 4255; x_wconf 77' lang='grc' dir='ltr'><strong>Ἀρχιερεύς.</strong></span> <span class='ocrx_word' id='word_1_561' title='bbox 708 4185 861 4250; x_wconf 85' lang='grc' dir='ltr'><strong>Δέον,</strong></span> <span class='ocrx_word' id='word_1_562' title='bbox 896 4183 1117 4252; x_wconf 74' lang='grc' dir='ltr'><strong>ἀδελφὶ,</strong></span> <span class='ocrx_word' id='word_1_563' title='bbox 1165 4184 1288 4236; x_wconf 76' lang='grc' dir='ltr'><strong>ἐπεὶ</strong></span> <span class='ocrx_word' id='word_1_564' title='bbox 1333 4183 1444 4237; x_wconf 81' lang='grc' dir='ltr'><strong>οὐδ’</strong></span> <span class='ocrx_word' id='word_1_565' title='bbox 1476 4182 1664 4244; x_wconf 79' lang='grc' dir='ltr'><strong>ἁπλῶς</strong></span> <span class='ocrx_word' id='word_1_566' title='bbox 1714 4183 1827 4244; x_wconf 84' lang='grc' dir='ltr'><strong>τοῖς</strong></span> 
     </span>
    </p>
   </div>
   <div class='ocr_carea' id='block_1_75' title="bbox 233 4273 1825 4351">
    <p class='ocr_par' dir='ltr' id='par_1_75' title="bbox 233 4273 1825 4351">
     <span class='ocr_line' id='line_1_75' title="bbox 233 4273 1825 4351; baseline -0.004 -18"><span class='ocrx_word' id='word_1_567' title='bbox 233 4285 345 4351; x_wconf 80' lang='grc' dir='ltr'><strong>πρὸ</strong></span> <span class='ocrx_word' id='word_1_568' title='bbox 377 4280 535 4350; x_wconf 79' lang='grc' dir='ltr'><strong>ἡμῶν</strong></span> <span class='ocrx_word' id='word_1_569' title='bbox 572 4281 597 4350; x_wconf 62' lang='grc' dir='ltr'>ἡ</span> <span class='ocrx_word' id='word_1_570' title='bbox 629 4278 913 4343; x_wconf 79' lang='grc' dir='ltr'><strong>διάστασις</strong></span> <span class='ocrx_word' id='word_1_571' title='bbox 950 4280 1196 4346; x_wconf 84' lang='grc' dir='ltr'><strong>γέγονεν.</strong></span> <span class='ocrx_word' id='word_1_572' title='bbox 1227 4273 1389 4340; x_wconf 76' lang='grc' dir='ltr'><strong>Οἶδας</strong></span> <span class='ocrx_word' id='word_1_573' title='bbox 1413 4277 1543 4346; x_wconf 82' lang='grc' dir='ltr'><strong>γὰρ,</strong></span> <span class='ocrx_word' id='word_1_574' title='bbox 1572 4276 1647 4338; x_wconf 85' lang='grc' dir='ltr'><strong>ὡς</strong></span> <span class='ocrx_word' id='word_1_575' title='bbox 1684 4277 1777 4329; x_wconf 71' lang='grc' dir='ltr'><strong>καὶ</strong></span> <span class='ocrx_word' id='word_1_576' title='bbox 1797 4275 1825 4326; x_wconf 85' lang='grc' dir='ltr'>ὁ</span> 
     </span>
    </p>
   </div>
   <div class='ocr_carea' id='block_1_76' title="bbox 231 4369 1826 4443">
    <p class='ocr_par' dir='ltr' id='par_1_76' title="bbox 231 4369 1826 4443">
     <span class='ocr_line' id='line_1_76' title="bbox 231 4369 1826 4443; baseline -0.006 -15"><span class='ocrx_word' id='word_1_577' title='bbox 231 4377 332 4443; x_wconf 85' lang='grc' dir='ltr'><strong>τῆς</strong></span> <span class='ocrx_word' id='word_1_578' title='bbox 361 4373 608 4433; x_wconf 75' lang='grc' dir='ltr'><strong>ἑνώσεως</strong></span> <span class='ocrx_word' id='word_1_579' title='bbox 654 4371 804 4439; x_wconf 87' lang='grc' dir='ltr'><strong>δηλοί</strong></span> <span class='ocrx_word' id='word_1_580' title='bbox 833 4371 1033 4441; x_wconf 83' lang='grc' dir='ltr'><strong>Τόμος,</strong></span> <span class='ocrx_word' id='word_1_581' title='bbox 1060 4371 1210 4434; x_wconf 79' lang='grc' dir='ltr'><strong>ὅπως</strong></span> <span class='ocrx_word' id='word_1_582' title='bbox 1243 4371 1403 4441; x_wconf 81' lang='grc' dir='ltr'><strong>χάριν</strong></span> <span class='ocrx_word' id='word_1_583' title='bbox 1429 4370 1682 4438; x_wconf 74' lang='grc' dir='ltr'><strong>δευτέρου</strong></span> <span class='ocrx_word' id='word_1_584' title='bbox 1731 4369 1826 4420; x_wconf 79' lang='grc' dir='ltr'><strong>καὶ</strong></span> 
     </span>
    </p>
   </div>
   <div class='ocr_carea' id='block_1_77' title="bbox 231 4457 1827 4538">
    <p class='ocr_par' dir='ltr' id='par_1_77' title="bbox 231 4457 1827 4538">
     <span class='ocr_line' id='line_1_77' title="bbox 231 4457 1827 4538; baseline -0.006 -18"><span class='ocrx_word' id='word_1_585' title='bbox 231 4466 425 4538; x_wconf 87' lang='grc' dir='ltr'><strong>τρίτου</strong></span> <span class='ocrx_word' id='word_1_586' title='bbox 457 4466 660 4535; x_wconf 89' lang='grc' dir='ltr'><strong>γάμου,</strong></span> <span class='ocrx_word' id='word_1_587' title='bbox 691 4464 765 4518; x_wconf 81' lang='grc' dir='ltr'><strong>ἔτι</strong></span> <span class='ocrx_word' id='word_1_588' title='bbox 795 4465 851 4518; x_wconf 68' lang='grc' dir='ltr'><strong>δὲ</strong></span> <span class='ocrx_word' id='word_1_589' title='bbox 879 4465 974 4517; x_wconf 72' lang='grc' dir='ltr'><strong>καὶ</strong></span> <span class='ocrx_word' id='word_1_590' title='bbox 1021 4467 1307 4535; x_wconf 81' lang='grc' dir='ltr'><strong>τετάρτου,</strong></span> <span class='ocrx_word' id='word_1_591' title='bbox 1351 4457 1464 4515; x_wconf 77' lang='grc' dir='ltr'><strong>οἷον</strong></span> <span class='ocrx_word' id='word_1_592' title='bbox 1502 4462 1707 4531; x_wconf 84' lang='grc' dir='ltr'><strong>σχίσμα</strong></span> <span class='ocrx_word' id='word_1_593' title='bbox 1736 4477 1827 4526; x_wconf 89' lang='grc' dir='ltr'><strong>γε-</strong></span> 
     </span>
    </p>
   </div>
   <div class='ocr_carea' id='block_1_78' title="bbox 233 4551 1826 4627">
    <p class='ocr_par' dir='ltr' id='par_1_78' title="bbox 233 4551 1826 4627">
     <span class='ocr_line' id='line_1_78' title="bbox 233 4551 1826 4627; baseline -0.007 -14"><span class='ocrx_word' id='word_1_594' title='bbox 233 4559 463 4627; x_wconf 66' lang='grc' dir='ltr'><strong>γένηται</strong></span> <span class='ocrx_word' id='word_1_595' title='bbox 490 4557 584 4608; x_wconf 74' lang='grc' dir='ltr'><strong>καὶ</strong></span> <span class='ocrx_word' id='word_1_596' title='bbox 612 4556 704 4606; x_wconf 65' lang='grc' dir='ltr'><strong>ἐπὶ</strong></span> <span class='ocrx_word' id='word_1_597' title='bbox 740 4555 977 4617; x_wconf 71' lang='grc' dir='ltr'><strong>πολλοῖς,</strong></span> <span class='ocrx_word' id='word_1_598' title='bbox 1009 4553 1083 4616; x_wconf 87' lang='grc' dir='ltr'><strong>ῶς</strong></span> <span class='ocrx_word' id='word_1_599' title='bbox 1118 4553 1484 4622; x_wconf 72' lang='grc' dir='ltr'><strong>μανθάνομεν,</strong></span> <span class='ocrx_word' id='word_1_600' title='bbox 1517 4553 1665 4604; x_wconf 79' lang='grc' dir='ltr'><strong>ἔτεσι</strong></span> <span class='ocrx_word' id='word_1_601' title='bbox 1688 4590 1702 4616; x_wconf 92' lang='grc'><strong>,</strong></span> <span class='ocrx_word' id='word_1_602' title='bbox 1732 4551 1826 4603; x_wconf 69' lang='grc' dir='ltr'><strong>καὶ</strong></span> 
     </span>
    </p>
   </div>
   <div class='ocr_carea' id='block_1_79' title="bbox 1999 3434 3521 3522">
    <p class='ocr_par' dir='ltr' id='par_1_79' title="bbox 1999 3434 3521 3522">
     <span class='ocr_line' id='line_1_79' title="bbox 1999 3434 3521 3522; baseline 0.012 -32"><span class='ocrx_word' id='word_1_603' title='bbox 1999 3438 2262 3493; x_wconf 73' lang='lat' dir='ltr'><strong>Clericus.</strong></span> <span class='ocrx_word' id='word_1_604' title='bbox 2298 3440 2405 3494; x_wconf 83' lang='lat' dir='ltr'><strong>Deo</strong></span> <span class='ocrx_word' id='word_1_605' title='bbox 2434 3441 2659 3509; x_wconf 76' lang='lat' dir='ltr'><strong>gratias,</strong></span> <span class='ocrx_word' id='word_1_606' title='bbox 2690 3444 2929 3499; x_wconf 86' lang='lat' dir='ltr'><strong>domine.</strong></span> <span class='ocrx_word' id='word_1_607' title='bbox 2975 3434 3110 3500; x_wconf 87' lang='lat' dir='ltr'><strong>Nam</strong></span> <span class='ocrx_word' id='word_1_608' title='bbox 3139 3450 3274 3506; x_wconf 82' lang='lat' dir='ltr'><strong>satis</strong></span> <span class='ocrx_word' id='word_1_609' title='bbox 3305 3466 3369 3506; x_wconf 90' lang='lat' dir='ltr'><strong>ea</strong></span> <span class='ocrx_word' id='word_1_610' title='bbox 3398 3469 3521 3522; x_wconf 69' lang='lat' dir='ltr'><strong>qum</strong></span> 
     </span>
    </p>
   </div>
   <div class='ocr_carea' id='block_1_80' title="bbox 1927 3528 3524 3604">
    <p class='ocr_par' dir='ltr' id='par_1_80' title="bbox 1927 3528 3524 3604">
     <span class='ocr_line' id='line_1_80' title="bbox 1927 3528 3524 3604; baseline 0.013 -20"><span class='ocrx_word' id='word_1_611' title='bbox 1927 3546 1956 3584; x_wconf 80' lang='grc' dir='ltr'><strong>ο</strong></span> <span class='ocrx_word' id='word_1_612' title='bbox 1999 3528 2208 3584; x_wconf 83' lang='lat' dir='ltr'><strong>Latinis</strong></span> <span class='ocrx_word' id='word_1_613' title='bbox 2243 3543 2439 3586; x_wconf 84' lang='lat' dir='ltr'><strong>novata</strong></span> <span class='ocrx_word' id='word_1_614' title='bbox 2494 3544 2622 3588; x_wconf 90' lang='lat' dir='ltr'><strong>sunt</strong></span> <span class='ocrx_word' id='word_1_615' title='bbox 2652 3535 2974 3601; x_wconf 89' lang='lat' dir='ltr'><strong>didicimus,</strong></span> <span class='ocrx_word' id='word_1_616' title='bbox 3017 3549 3071 3594; x_wconf 90' lang='lat' dir='ltr'><strong>et</strong></span> <span class='ocrx_word' id='word_1_617' title='bbox 3134 3544 3387 3601; x_wconf 79' lang='lat' dir='ltr'><strong>novimus</strong></span> <span class='ocrx_word' id='word_1_618' title='bbox 3426 3562 3524 3604; x_wconf 68' lang='lat' dir='ltr'><strong>eos</strong></span> 
     </span>
    </p>
   </div>
   <div class='ocr_carea' id='block_1_81' title="bbox 1931 3626 3519 3704">
    <p class='ocr_par' dir='ltr' id='par_1_81' title="bbox 1931 3626 3519 3704">
     <span class='ocr_line' id='line_1_81' title="bbox 1931 3626 3519 3704; baseline 0.011 -26"><span class='ocrx_word' id='word_1_619' title='bbox 1931 3641 2038 3678; x_wconf 87' lang='lat' dir='ltr'><strong>non</strong></span> <span class='ocrx_word' id='word_1_620' title='bbox 2098 3626 2451 3681; x_wconf 87' lang='lat' dir='ltr'><strong>solummodo</strong></span> <span class='ocrx_word' id='word_1_621' title='bbox 2502 3630 2804 3684; x_wconf 87' lang='lat' dir='ltr'><strong>secundum</strong></span> <span class='ocrx_word' id='word_1_622' title='bbox 2878 3632 3039 3704; x_wconf 74' lang='lat' dir='ltr'><strong>{idem</strong></span> <span class='ocrx_word' id='word_1_623' title='bbox 3113 3647 3332 3703; x_wconf 86' lang='lat' dir='ltr'><strong>nutare,</strong></span> <span class='ocrx_word' id='word_1_624' title='bbox 3391 3654 3519 3696; x_wconf 89' lang='lat' dir='ltr'><strong>cum</strong></span> 
     </span>
    </p>
   </div>
   <div class='ocr_carea' id='block_1_82' title="bbox 1928 3716 3516 3790">
    <p class='ocr_par' dir='ltr' id='par_1_82' title="bbox 1928 3716 3516 3790">
     <span class='ocr_line' id='line_1_82' title="bbox 1928 3716 3516 3790; baseline 0.011 -21"><span class='ocrx_word' id='word_1_625' title='bbox 1928 3728 2146 3769; x_wconf 78' lang='lat' dir='ltr'><strong>sacrum</strong></span> <span class='ocrx_word' id='word_1_626' title='bbox 2181 3716 2300 3769; x_wconf 85' lang='lat' dir='ltr'><strong>lldei</strong></span> <span class='ocrx_word' id='word_1_627' title='bbox 2337 3717 2658 3786; x_wconf 84' lang='lat' dir='ltr'><strong>Symbolum</strong></span> <span class='ocrx_word' id='word_1_628' title='bbox 2693 3724 3043 3790; x_wconf 82' lang='lat' dir='ltr'><strong>violaverim,</strong></span> <span class='ocrx_word' id='word_1_629' title='bbox 3078 3729 3367 3788; x_wconf 78' lang='lat' dir='ltr'><strong>sedetiam</strong></span> <span class='ocrx_word' id='word_1_630' title='bbox 3402 3731 3516 3786; x_wconf 76' lang='lat' dir='ltr'><strong>fer-</strong></span> 
     </span>
    </p>
   </div>
   <div class='ocr_carea' id='block_1_83' title="bbox 1936 3808 3525 3877">
    <p class='ocr_par' dir='ltr' id='par_1_83' title="bbox 1936 3808 3525 3877">
     <span class='ocr_line' id='line_1_83' title="bbox 1936 3808 3525 3877; baseline 0.013 -19"><span class='ocrx_word' id='word_1_631' title='bbox 1936 3823 2019 3860; x_wconf 91' lang='lat' dir='ltr'><strong>me</strong></span> <span class='ocrx_word' id='word_1_632' title='bbox 2041 3808 2342 3861; x_wconf 75' lang='lat' dir='ltr'><strong>secuuduin</strong></span> <span class='ocrx_word' id='word_1_633' title='bbox 2386 3825 2580 3866; x_wconf 90' lang='lat' dir='ltr'><strong>omnes</strong></span> <span class='ocrx_word' id='word_1_634' title='bbox 2631 3823 2837 3868; x_wconf 80' lang='lat' dir='ltr'><strong>sancta:</strong></span> <span class='ocrx_word' id='word_1_635' title='bbox 2869 3815 3130 3872; x_wconf 75' lang='lat' dir='ltr'><strong>Ecclesia:</strong></span> <span class='ocrx_word' id='word_1_636' title='bbox 3161 3825 3525 3877; x_wconf 81' lang='lat' dir='ltr'><strong>consuetudi—</strong></span> 
     </span>
    </p>
   </div>
   <div class='ocr_carea' id='block_1_84' title="bbox 1936 3900 3526 3973">
    <p class='ocr_par' dir='ltr' id='par_1_84' title="bbox 1936 3900 3526 3973">
     <span class='ocr_line' id='line_1_84' title="bbox 1936 3900 3526 3973; baseline 0.012 -23"><span class='ocrx_word' id='word_1_637' title='bbox 1936 3913 2032 3952; x_wconf 89' lang='lat' dir='ltr'><strong>nes</strong></span> <span class='ocrx_word' id='word_1_638' title='bbox 2067 3910 2118 3952; x_wconf 85' lang='lat' dir='ltr'><strong>et</strong></span> <span class='ocrx_word' id='word_1_639' title='bbox 2144 3900 2490 3958; x_wconf 88' lang='lat' dir='ltr'><strong>traditiones.</strong></span> <span class='ocrx_word' id='word_1_640' title='bbox 2543 3904 2808 3973; x_wconf 86' lang='lat' dir='ltr'><strong>Superest</strong></span> <span class='ocrx_word' id='word_1_641' title='bbox 2846 3917 2902 3960; x_wconf 92' lang='lat' dir='ltr'><strong>ut</strong></span> <span class='ocrx_word' id='word_1_642' title='bbox 2933 3908 2999 3962; x_wconf 88' lang='lat' dir='ltr'><strong>dc</strong></span> <span class='ocrx_word' id='word_1_643' title='bbox 3027 3926 3223 3964; x_wconf 84' lang='lat' dir='ltr'><strong>corum</strong></span> <span class='ocrx_word' id='word_1_644' title='bbox 3277 3929 3526 3970; x_wconf 85' lang='lat' dir='ltr'><strong>commu-</strong></span> 
     </span>
    </p>
   </div>
   <div class='ocr_carea' id='block_1_85' title="bbox 1937 3992 3526 4073">
    <p class='ocr_par' dir='ltr' id='par_1_85' title="bbox 1937 3992 3526 4073">
     <span class='ocr_line' id='line_1_85' title="bbox 1937 3992 3526 4073; baseline 0.014 -30"><span class='ocrx_word' id='word_1_645' title='bbox 1937 3992 2102 4047; x_wconf 90' lang='lat' dir='ltr'><strong>nione</strong></span> <span class='ocrx_word' id='word_1_646' title='bbox 2152 3994 2520 4063; x_wconf 87' lang='lat' dir='ltr'><strong>instruamur,</strong></span> <span class='ocrx_word' id='word_1_647' title='bbox 2558 3999 2928 4070; x_wconf 85' lang='lat' dir='ltr'><strong>etdiligenter</strong></span> <span class='ocrx_word' id='word_1_648' title='bbox 2994 4013 3213 4073; x_wconf 88' lang='lat' dir='ltr'><strong>oportet</strong></span> <span class='ocrx_word' id='word_1_649' title='bbox 3265 4006 3334 4063; x_wconf 88' lang='lat' dir='ltr'><strong>de</strong></span> <span class='ocrx_word' id='word_1_650' title='bbox 3378 4010 3526 4065; x_wconf 74' lang='lat' dir='ltr'><strong>diem</strong></span> 
     </span>
    </p>
   </div>
   <div class='ocr_carea' id='block_1_86' title="bbox 1934 4087 2620 4158">
    <p class='ocr_par' dir='ltr' id='par_1_86' title="bbox 1934 4087 2620 4158">
     <span class='ocr_line' id='line_1_86' title="bbox 1934 4087 2620 4158; baseline 0.013 -21"><span class='ocrx_word' id='word_1_651' title='bbox 1934 4087 2274 4143; x_wconf 87' lang='lat' dir='ltr'><strong>adunationc</strong></span> <span class='ocrx_word' id='word_1_652' title='bbox 2307 4089 2620 4158; x_wconf 89' lang='lat' dir='ltr'><strong>inquirere.</strong></span> 
     </span>
    </p>
   </div>
   <div class='ocr_carea' id='block_1_87' title="bbox 2009 4180 3520 4260">
    <p class='ocr_par' dir='ltr' id='par_1_87' title="bbox 2009 4180 3520 4260">
     <span class='ocr_line' id='line_1_87' title="bbox 2009 4180 3520 4260; baseline 0.012 -28"><span class='ocrx_word' id='word_1_653' title='bbox 2009 4180 2287 4249; x_wconf 74' lang='lat' dir='ltr'><strong>Pontifex.</strong></span> <span class='ocrx_word' id='word_1_654' title='bbox 2339 4185 2455 4239; x_wconf 80' lang='lat' dir='ltr'><strong>Hoc</strong></span> <span class='ocrx_word' id='word_1_655' title='bbox 2513 4201 2667 4252; x_wconf 85' lang='lat' dir='ltr'><strong>sane,</strong></span> <span class='ocrx_word' id='word_1_656' title='bbox 2728 4187 2915 4253; x_wconf 82' lang='lat' dir='ltr'><strong>frater,</strong></span> <span class='ocrx_word' id='word_1_657' title='bbox 2971 4201 3054 4247; x_wconf 88' lang='lat' dir='ltr'><strong>est</strong></span> <span class='ocrx_word' id='word_1_658' title='bbox 3116 4197 3520 4260; x_wconf 71' lang='lat' dir='ltr'><strong>necessarium,</strong></span> 
     </span>
    </p>
   </div>
   <div class='ocr_carea' id='block_1_88' title="bbox 1938 4279 3526 4357">
    <p class='ocr_par' dir='ltr' id='par_1_88' title="bbox 1938 4279 3526 4357">
     <span class='ocr_line' id='line_1_88' title="bbox 1938 4279 3526 4357; baseline 0.011 -31"><span class='ocrx_word' id='word_1_659' title='bbox 1938 4291 2060 4328; x_wconf 83' lang='lat' dir='ltr'><strong>rum</strong></span> <span class='ocrx_word' id='word_1_660' title='bbox 2088 4292 2192 4330; x_wconf 91' lang='lat' dir='ltr'><strong>non</strong></span> <span class='ocrx_word' id='word_1_661' title='bbox 2227 4279 2394 4332; x_wconf 87' lang='lat' dir='ltr'><strong>semel</strong></span> <span class='ocrx_word' id='word_1_662' title='bbox 2427 4280 2711 4346; x_wconf 88' lang='lat' dir='ltr'><strong>prioribus</strong></span> <span class='ocrx_word' id='word_1_663' title='bbox 2748 4286 2959 4337; x_wconf 80' lang='lat' dir='ltr'><strong>nostris</strong></span> <span class='ocrx_word' id='word_1_664' title='bbox 2995 4285 3138 4339; x_wconf 82' lang='lat' dir='ltr'><strong>facta</strong></span> <span class='ocrx_word' id='word_1_665' title='bbox 3168 4289 3242 4341; x_wconf 81' lang='lat' dir='ltr'><strong>sit</strong></span> <span class='ocrx_word' id='word_1_666' title='bbox 3271 4288 3526 4357; x_wconf 85' lang='lat' dir='ltr'><strong>disjunc-</strong></span> 
     </span>
    </p>
   </div>
   <div class='ocr_carea' id='block_1_89' title="bbox 1939 4366 3525 4449">
    <p class='ocr_par' dir='ltr' id='par_1_89' title="bbox 1939 4366 3525 4449">
     <span class='ocr_line' id='line_1_89' title="bbox 1939 4366 3525 4449; baseline 0.008 -31"><span class='ocrx_word' id='word_1_667' title='bbox 1939 4366 2051 4433; x_wconf 88' lang='lat' dir='ltr'><strong>tio;</strong></span> <span class='ocrx_word' id='word_1_668' title='bbox 2111 4369 2220 4423; x_wconf 89' lang='lat' dir='ltr'><strong>scis</strong></span> <span class='ocrx_word' id='word_1_669' title='bbox 2267 4369 2438 4432; x_wconf 82' lang='lat' dir='ltr'><strong>enim,</strong></span> <span class='ocrx_word' id='word_1_670' title='bbox 2499 4380 2667 4440; x_wconf 91' lang='lat' dir='ltr'><strong>prout</strong></span> <span class='ocrx_word' id='word_1_671' title='bbox 2697 4373 2870 4440; x_wconf 87' lang='lat' dir='ltr'><strong>aperit</strong></span> <span class='ocrx_word' id='word_1_672' title='bbox 2912 4373 3050 4429; x_wconf 83' lang='lat' dir='ltr'><strong>liber</strong></span> <span class='ocrx_word' id='word_1_673' title='bbox 3101 4377 3335 4436; x_wconf 84' lang='lat' dir='ltr'><strong>uuionis.</strong></span> <span class='ocrx_word' id='word_1_674' title='bbox 3384 4394 3525 4449; x_wconf 88' lang='lat' dir='ltr'><strong>quo-</strong></span> 
     </span>
    </p>
   </div>
   <div class='ocr_carea' id='block_1_90' title="bbox 1938 4459 3528 4540">
    <p class='ocr_par' dir='ltr' id='par_1_90' title="bbox 1938 4459 3528 4540">
     <span class='ocr_line' id='line_1_90' title="bbox 1938 4459 3528 4540; baseline 0.011 -31"><span class='ocrx_word' id='word_1_675' title='bbox 1938 4459 2088 4511; x_wconf 86' lang='lat' dir='ltr'><strong>niam</strong></span> <span class='ocrx_word' id='word_1_676' title='bbox 2141 4460 2437 4515; x_wconf 87' lang='lat' dir='ltr'><strong>occasione</strong></span> <span class='ocrx_word' id='word_1_677' title='bbox 2486 4463 2717 4517; x_wconf 87' lang='lat' dir='ltr'><strong>secundi</strong></span> <span class='ocrx_word' id='word_1_678' title='bbox 2764 4475 2814 4519; x_wconf 88' lang='lat' dir='ltr'><strong>et</strong></span> <span class='ocrx_word' id='word_1_679' title='bbox 2850 4467 2994 4520; x_wconf 85' lang='lat' dir='ltr'><strong>tertii</strong></span> <span class='ocrx_word' id='word_1_680' title='bbox 3029 4468 3111 4521; x_wconf 73' lang='lat' dir='ltr'><strong>vel</strong></span> <span class='ocrx_word' id='word_1_681' title='bbox 3144 4469 3312 4524; x_wconf 89' lang='lat' dir='ltr'><strong>etiam</strong></span> <span class='ocrx_word' id='word_1_682' title='bbox 3341 4473 3528 4540; x_wconf 86' lang='lat' dir='ltr'><strong>quarti</strong></span> 
     </span>
    </p>
   </div>
   <div class='ocr_carea' id='block_1_91' title="bbox 1935 4549 3525 4631">
    <p class='ocr_par' dir='ltr' id='par_1_91' title="bbox 1935 4549 3525 4631">
     <span class='ocr_line' id='line_1_91' title="bbox 1935 4549 3525 4631; baseline 0.009 -27"><span class='ocrx_word' id='word_1_683' title='bbox 1935 4549 2179 4622; x_wconf 78' lang='lat' dir='ltr'><strong>eonjugii</strong></span> <span class='ocrx_word' id='word_1_684' title='bbox 2214 4555 2489 4621; x_wconf 90' lang='lat' dir='ltr'><strong>quoddam</strong></span> <span class='ocrx_word' id='word_1_685' title='bbox 2521 4555 2760 4610; x_wconf 88' lang='lat' dir='ltr'><strong>schisma</strong></span> <span class='ocrx_word' id='word_1_686' title='bbox 2788 4572 2884 4626; x_wconf 89' lang='lat' dir='ltr'><strong>per</strong></span> <span class='ocrx_word' id='word_1_687' title='bbox 2915 4560 3134 4626; x_wconf 76' lang='lat' dir='ltr'><strong>multos,</strong></span> <span class='ocrx_word' id='word_1_688' title='bbox 3157 4570 3215 4614; x_wconf 94' lang='lat' dir='ltr'><strong>ut</strong></span> <span class='ocrx_word' id='word_1_689' title='bbox 3237 4560 3525 4631; x_wconf 77' lang='lat' dir='ltr'><strong>discimus,</strong></span> 
     </span>
    </p>
   </div>
   <div class='ocr_carea' id='block_1_92' title="bbox 235 4645 1816 4732">
    <p class='ocr_par' dir='ltr' id='par_1_92' title="bbox 235 4645 1816 4721">
     <span class='ocr_line' id='line_1_92' title="bbox 235 4645 1816 4721; baseline -0.006 -16"><span class='ocrx_word' id='word_1_690' title='bbox 235 4652 369 4721; x_wconf 84' lang='grc' dir='ltr'><strong>περὶ</strong></span> <span class='ocrx_word' id='word_1_691' title='bbox 395 4649 728 4718; x_wconf 73' lang='grc' dir='ltr'><strong>ζητημάτων</strong></span> <span class='ocrx_word' id='word_1_692' title='bbox 760 4647 817 4700; x_wconf 81' lang='grc' dir='ltr'><strong>δέ</strong></span> <span class='ocrx_word' id='word_1_693' title='bbox 847 4664 1008 4699; x_wconf 89' lang='grc' dir='ltr'><strong>τινων</strong></span> <span class='ocrx_word' id='word_1_694' title='bbox 1040 4645 1216 4700; x_wconf 76' lang='grc' dir='ltr'><strong>άλλων</strong></span> <span class='ocrx_word' id='word_1_695' title='bbox 1254 4645 1470 4715; x_wconf 89' lang='grc' dir='ltr'><strong>μικρῶν</strong></span> <span class='ocrx_word' id='word_1_696' title='bbox 1521 4645 1816 4698; x_wconf 64' lang='grc' dir='ltr'><strong>δοκούντων</strong></span> 
     </span>
    </p>
   </div>
   <div class='ocr_carea' id='block_1_93' title="bbox 1923 4645 3525 4732">
    <p class='ocr_par' dir='ltr' id='par_1_93' title="bbox 1938 4649 3525 4723">
     <span class='ocr_line' id='line_1_93' title="bbox 1938 4649 3525 4723; baseline 0.012 -27"><span class='ocrx_word' id='word_1_697' title='bbox 1938 4660 2116 4699; x_wconf 86' lang='lat' dir='ltr'><strong>annos</strong></span> <span class='ocrx_word' id='word_1_698' title='bbox 2146 4657 2332 4701; x_wconf 92' lang='lat' dir='ltr'><strong>ortum</strong></span> <span class='ocrx_word' id='word_1_699' title='bbox 2362 4657 2469 4712; x_wconf 90' lang='lat' dir='ltr'><strong>est,</strong></span> <span class='ocrx_word' id='word_1_700' title='bbox 2502 4659 2555 4702; x_wconf 92' lang='lat' dir='ltr'><strong>et</strong></span> <span class='ocrx_word' id='word_1_701' title='bbox 2584 4649 2731 4703; x_wconf 89' lang='lat' dir='ltr'><strong>circa</strong></span> <span class='ocrx_word' id='word_1_702' title='bbox 2760 4650 2899 4705; x_wconf 88' lang='lat' dir='ltr'><strong>alias</strong></span> <span class='ocrx_word' id='word_1_703' title='bbox 2929 4653 3200 4721; x_wconf 87' lang='lat' dir='ltr'><strong>quasdam</strong></span> <span class='ocrx_word' id='word_1_704' title='bbox 3260 4659 3525 4723; x_wconf 64' lang='lat' dir='ltr'><strong>quaestio-</strong></span> 
     </span>
    </p>
   </div>
   <div class='ocr_carea' id='block_1_94' title="bbox 237 4727 1816 4817">
    <p class='ocr_par' dir='ltr' id='par_1_94' title="bbox 237 4727 1816 4811">
     <span class='ocr_line' id='line_1_94' title="bbox 237 4727 1816 4811; baseline -0.004 -15"><span class='ocrx_word' id='word_1_705' title='bbox 237 4740 605 4809; x_wconf 54' lang='grc' dir='ltr'><strong>πολὺςςῆλος</strong></span> <span class='ocrx_word' id='word_1_706' title='bbox 637 4741 881 4808; x_wconf 79' lang='grc' dir='ltr'><strong>ἐγεγόνει</strong></span> <span class='ocrx_word' id='word_1_707' title='bbox 916 4739 1097 4792; x_wconf 90' lang='grc' dir='ltr'><strong>τινῶν.</strong></span> <span class='ocrx_word' id='word_1_708' title='bbox 1146 4738 1207 4811; x_wconf 71' lang='lat' dir='ltr'><strong>El</strong></span> <span class='ocrx_word' id='word_1_709' title='bbox 1235 4727 1332 4791; x_wconf 62' lang='grc' dir='ltr'><strong>οὖν</strong></span> <span class='ocrx_word' id='word_1_710' title='bbox 1358 4737 1488 4805; x_wconf 71' lang='grc' dir='ltr'><strong>περὶ</strong></span> <span class='ocrx_word' id='word_1_711' title='bbox 1536 4738 1635 4808; x_wconf 79' lang='grc' dir='ltr'><strong>τῆς</strong></span> <span class='ocrx_word' id='word_1_712' title='bbox 1683 4738 1816 4790; x_wconf 79' lang='grc' dir='ltr'><strong>κατὰ</strong></span> 
     </span>
    </p>
   </div>
   <div class='ocr_carea' id='block_1_95' title="bbox 1923 4727 3540 4817">
    <p class='ocr_par' dir='ltr' id='par_1_95' title="bbox 1939 4739 3540 4817">
     <span class='ocr_line' id='line_1_95' title="bbox 1939 4739 3540 4817; baseline 0.009 -27"><span class='ocrx_word' id='word_1_713' title='bbox 1939 4753 2034 4792; x_wconf 87' lang='lat' dir='ltr'><strong>nes</strong></span> <span class='ocrx_word' id='word_1_714' title='bbox 2063 4755 2184 4806; x_wconf 72' lang='lat' dir='ltr'><strong>qua:</strong></span> <span class='ocrx_word' id='word_1_715' title='bbox 2213 4739 2362 4795; x_wconf 67' lang='lat' dir='ltr'><strong>leres</strong></span> <span class='ocrx_word' id='word_1_716' title='bbox 2402 4741 2674 4806; x_wconf 83' lang='lat' dir='ltr'><strong>videntur,</strong></span> <span class='ocrx_word' id='word_1_717' title='bbox 2703 4744 2952 4797; x_wconf 89' lang='lat' dir='ltr'><strong>nonnulli</strong></span> <span class='ocrx_word' id='word_1_718' title='bbox 2979 4760 3235 4814; x_wconf 82' lang='lat' dir='ltr'><strong>magnum</strong></span> <span class='ocrx_word' id='word_1_719' title='bbox 3261 4763 3540 4817; x_wconf 58' lang='lat' dir='ltr'><strong>expr.om-.</strong></span> 
     </span>
    </p>
   </div>
   <div class='ocr_carea' id='block_1_96' title="bbox 237 4829 1829 4906">
    <p class='ocr_par' dir='ltr' id='par_1_96' title="bbox 237 4829 1829 4906">
     <span class='ocr_line' id='line_1_96' title="bbox 237 4829 1829 4906; baseline -0.004 -20"><span class='ocrx_word' id='word_1_720' title='bbox 237 4836 338 4906; x_wconf 64' lang='grc' dir='ltr'><strong>τὴν</strong></span> <span class='ocrx_word' id='word_1_721' title='bbox 381 4834 661 4886; x_wconf 80' lang='grc' dir='ltr'><strong>πολιτείαν</strong></span> <span class='ocrx_word' id='word_1_722' title='bbox 685 4831 793 4885; x_wconf 89' lang='grc' dir='ltr'><strong>τῶν</strong></span> <span class='ocrx_word' id='word_1_723' title='bbox 825 4829 1067 4884; x_wconf 79' lang='grc' dir='ltr'><strong>εὐσεὸῶν</strong></span> <span class='ocrx_word' id='word_1_724' title='bbox 1103 4830 1259 4900; x_wconf 78' lang='grc' dir='ltr'><strong>ἡμῶν</strong></span> <span class='ocrx_word' id='word_1_725' title='bbox 1305 4829 1563 4895; x_wconf 79' lang='grc' dir='ltr'><strong>εὐταξίας</strong></span> <span class='ocrx_word' id='word_1_726' title='bbox 1595 4829 1760 4890; x_wconf 80' lang='grc' dir='ltr'><strong>πολὺς</strong></span> <span class='ocrx_word' id='word_1_727' title='bbox 1800 4829 1829 4880; x_wconf 82' lang='grc' dir='ltr'>ὁ</span> 
     </span>
    </p>
   </div>
   <div class='ocr_carea' id='block_1_97' title="bbox 236 4922 1830 4994">
    <p class='ocr_par' dir='ltr' id='par_1_97' title="bbox 236 4922 1830 4994">
     <span class='ocr_line' id='line_1_97' title="bbox 236 4922 1830 4994; baseline -0.003 -16"><span class='ocrx_word' id='word_1_728' title='bbox 236 4928 399 4994; x_wconf 79' lang='grc' dir='ltr'><strong>λόγος</strong></span> <span class='ocrx_word' id='word_1_729' title='bbox 437 4925 696 4988; x_wconf 78' lang='grc' dir='ltr'><strong>πολλάκις</strong></span> <span class='ocrx_word' id='word_1_730' title='bbox 737 4926 982 4993; x_wconf 80' lang='grc' dir='ltr'><strong>γέγονεν,</strong></span> <span class='ocrx_word' id='word_1_731' title='bbox 1017 4923 1099 4978; x_wconf 81' lang='grc' dir='ltr'><strong>ὅτι</strong></span> <span class='ocrx_word' id='word_1_732' title='bbox 1134 4923 1229 4976; x_wconf 75' lang='grc' dir='ltr'><strong>καὶ</strong></span> <span class='ocrx_word' id='word_1_733' title='bbox 1264 4922 1378 4994; x_wconf 82' lang='grc' dir='ltr'><strong>βίος</strong></span> <span class='ocrx_word' id='word_1_734' title='bbox 1418 4922 1552 4993; x_wconf 84' lang='grc' dir='ltr'><strong>παρ’</strong></span> <span class='ocrx_word' id='word_1_735' title='bbox 1592 4923 1724 4992; x_wconf 67' lang='grc' dir='ltr'><strong>ἡμῖν</strong></span> <span class='ocrx_word' id='word_1_736' title='bbox 1754 4922 1830 4984; x_wconf 85' lang='grc' dir='ltr'><strong>ὼς</strong></span> 
     </span>
    </p>
   </div>
   <div class='ocr_carea' id='block_1_98' title="bbox 239 5014 1830 5090">
    <p class='ocr_par' dir='ltr' id='par_1_98' title="bbox 239 5014 1830 5090">
     <span class='ocr_line' id='line_1_98' title="bbox 239 5014 1830 5090; baseline -0.004 -17"><span class='ocrx_word' id='word_1_737' title='bbox 239 5021 337 5073; x_wconf 79' lang='grc' dir='ltr'><strong>καὶ</strong></span> <span class='ocrx_word' id='word_1_738' title='bbox 370 5021 403 5090; x_wconf 74' lang='grc' dir='ltr'><strong>η</strong></span> <span class='ocrx_word' id='word_1_739' title='bbox 436 5020 618 5082; x_wconf 81' lang='grc' dir='ltr'><strong>πίστις</strong></span> <span class='ocrx_word' id='word_1_740' title='bbox 646 5021 1002 5087; x_wconf 83' lang='grc' dir='ltr'><strong>κηρύττεται,</strong></span> <span class='ocrx_word' id='word_1_741' title='bbox 1059 5016 1243 5084; x_wconf 84' lang='grc' dir='ltr'><strong>πολλῴ</strong></span> <span class='ocrx_word' id='word_1_742' title='bbox 1297 5017 1362 5085; x_wconf 77' lang='grc' dir='ltr'><strong>δὴ</strong></span> <span class='ocrx_word' id='word_1_743' title='bbox 1419 5015 1624 5085; x_wconf 70' lang='grc' dir='ltr'><strong>μᾶλλον</strong></span> <span class='ocrx_word' id='word_1_744' title='bbox 1675 5014 1830 5067; x_wconf 74' lang='grc' dir='ltr'><strong>ἔσται</strong></span> 
     </span>
    </p>
   </div>
   <div class='ocr_carea' id='block_1_99' title="bbox 240 5111 769 5183">
    <p class='ocr_par' dir='ltr' id='par_1_99' title="bbox 240 5111 769 5183">
     <span class='ocr_line' id='line_1_99' title="bbox 240 5111 769 5183; baseline -0.002 -18"><span class='ocrx_word' id='word_1_745' title='bbox 240 5113 486 5183; x_wconf 73' lang='grc' dir='ltr'><strong>περὶτῆς</strong></span> <span class='ocrx_word' id='word_1_746' title='bbox 507 5111 769 5174; x_wconf 78' lang='grc' dir='ltr'><strong>πίστεως.</strong></span> 
     </span>
    </p>
   </div>
   <div class='ocr_carea' id='block_1_100' title="bbox 312 5265 1832 5366">
    <p class='ocr_par' dir='ltr' id='par_1_100' title="bbox 312 5265 1832 5366">
     <span class='ocr_line' id='line_1_100' title="bbox 312 5265 1832 5366; baseline 0 -19"><span class='ocrx_word' id='word_1_747' title='bbox 312 5293 632 5362; x_wconf 72' lang='grc' dir='ltr'><strong>Κληρικός.</strong></span> <span class='ocrx_word' id='word_1_748' title='bbox 664 5292 852 5356; x_wconf 80' lang='grc' dir='ltr'><strong>Οὕτως</strong></span> <span class='ocrx_word' id='word_1_749' title='bbox 883 5295 917 5365; x_wconf 69' lang='grc' dir='ltr'><strong>η</strong></span> <span class='ocrx_word' id='word_1_750' title='bbox 959 5293 1192 5361; x_wconf 79' lang='grc' dir='ltr'><strong>ἀλήθεια</strong></span> <span class='ocrx_word' id='word_1_751' title='bbox 1243 5265 1389 5365; x_wconf 70' lang='grc' dir='ltr'><strong>ἔχει,</strong></span> <span class='ocrx_word' id='word_1_752' title='bbox 1429 5295 1631 5365; x_wconf 81' lang='grc' dir='ltr'><strong>Πάτερ.</strong></span> <span class='ocrx_word' id='word_1_753' title='bbox 1685 5294 1832 5366; x_wconf 75' lang='grc' dir='ltr'><strong>Πλὴν</strong></span> 
     </span>
    </p>
   </div>
   <div class='ocr_carea' id='block_1_101' title="bbox 240 5384 1834 5456">
    <p class='ocr_par' dir='ltr' id='par_1_101' title="bbox 240 5384 1834 5456">
     <span class='ocr_line' id='line_1_101' title="bbox 240 5384 1834 5456; baseline 0 -16"><span class='ocrx_word' id='word_1_754' title='bbox 240 5387 324 5440; x_wconf 72' lang='lat' dir='ltr'><strong>In</strong></span> <span class='ocrx_word' id='word_1_755' title='bbox 354 5384 610 5454; x_wconf 80' lang='grc' dir='ltr'><strong>δεόμεθα,</strong></span> <span class='ocrx_word' id='word_1_756' title='bbox 640 5385 854 5452; x_wconf 78' lang='grc' dir='ltr'><strong>δίδαξον</strong></span> <span class='ocrx_word' id='word_1_757' title='bbox 883 5388 1028 5456; x_wconf 76' lang='grc' dir='ltr'><strong>ἡμᾶς</strong></span> <span class='ocrx_word' id='word_1_758' title='bbox 1047 5389 1096 5438; x_wconf 79' lang='grc' dir='ltr'><strong>εἰ</strong></span> <span class='ocrx_word' id='word_1_759' title='bbox 1119 5387 1330 5456; x_wconf 77' lang='grc' dir='ltr'><strong>άνεφύη</strong></span> <span class='ocrx_word' id='word_1_760' title='bbox 1357 5387 1452 5440; x_wconf 75' lang='grc' dir='ltr'><strong>καὶ</strong></span> <span class='ocrx_word' id='word_1_761' title='bbox 1477 5387 1606 5442; x_wconf 82' lang='grc' dir='ltr'><strong>ἄλλο</strong></span> <span class='ocrx_word' id='word_1_762' title='bbox 1621 5405 1671 5440; x_wconf 85' lang='grc' dir='ltr'><strong>τι</strong></span> <span class='ocrx_word' id='word_1_763' title='bbox 1691 5389 1834 5440; x_wconf 82' lang='grc' dir='ltr'><strong>κατά</strong></span> 
     </span>
    </p>
   </div>
   <div class='ocr_carea' id='block_1_102' title="bbox 241 5477 1835 5553">
    <p class='ocr_par' dir='ltr' id='par_1_102' title="bbox 241 5477 1835 5553">
     <span class='ocr_line' id='line_1_102' title="bbox 241 5477 1835 5553; baseline 0.003 -23"><span class='ocrx_word' id='word_1_764' title='bbox 241 5479 343 5548; x_wconf 83' lang='grc' dir='ltr'><strong>τῆς</strong></span> <span class='ocrx_word' id='word_1_765' title='bbox 386 5477 673 5546; x_wconf 73' lang='grc' dir='ltr'><strong>ὀρθοδοξου</strong></span> <span class='ocrx_word' id='word_1_766' title='bbox 719 5477 965 5546; x_wconf 75' lang='grc' dir='ltr'><strong>ζιζάνιον</strong></span> <span class='ocrx_word' id='word_1_767' title='bbox 1003 5479 1235 5543; x_wconf 87' lang='grc' dir='ltr'><strong>πίστεως</strong></span> <span class='ocrx_word' id='word_1_768' title='bbox 1297 5479 1442 5550; x_wconf 83' lang='grc' dir='ltr'><strong>μετὰ</strong></span> <span class='ocrx_word' id='word_1_769' title='bbox 1497 5480 1655 5536; x_wconf 90' lang='grc' dir='ltr'><strong>τοῦτο</strong></span> <span class='ocrx_word' id='word_1_770' title='bbox 1685 5481 1835 5553; x_wconf 76' lang='grc' dir='ltr'><strong>δὴτδ</strong></span> 
     </span>
    </p>
   </div>
   <div class='ocr_carea' id='block_1_103' title="bbox 240 5573 508 5627">
    <p class='ocr_par' dir='ltr' id='par_1_103' title="bbox 240 5573 508 5627">
     <span class='ocr_line' id='line_1_103' title="bbox 240 5573 508 5627; baseline -0.004 0"><span class='ocrx_word' id='word_1_771' title='bbox 240 5573 508 5627; x_wconf 75' lang='grc' dir='ltr'><strong>Λατίνων.</strong></span> 
     </span>
    </p>
   </div>
   <div class='ocr_carea' id='block_1_104' title="bbox 1938 4833 3529 4909">
    <p class='ocr_par' dir='ltr' id='par_1_104' title="bbox 1938 4833 3529 4909">
     <span class='ocr_line' id='line_1_104' title="bbox 1938 4833 3529 4909; baseline 0.008 -26"><span class='ocrx_word' id='word_1_772' title='bbox 1938 4845 2095 4900; x_wconf 85' lang='lat' dir='ltr'><strong>psere</strong></span> <span class='ocrx_word' id='word_1_773' title='bbox 2120 4833 2385 4886; x_wconf 84' lang='lat' dir='ltr'><strong>studium.</strong></span> <span class='ocrx_word' id='word_1_774' title='bbox 2435 4833 2607 4904; x_wconf 71' lang='lat' dir='ltr'><strong>igitur</strong></span> <span class='ocrx_word' id='word_1_775' title='bbox 2646 4836 2692 4888; x_wconf 88' lang='lat' dir='ltr'><strong>si</strong></span> <span class='ocrx_word' id='word_1_776' title='bbox 2722 4850 2948 4905; x_wconf 86' lang='lat' dir='ltr'><strong>propter</strong></span> <span class='ocrx_word' id='word_1_777' title='bbox 2983 4837 3328 4906; x_wconf 87' lang='lat' dir='ltr'><strong>disciplinam</strong></span> <span class='ocrx_word' id='word_1_778' title='bbox 3354 4841 3529 4909; x_wconf 81' lang='lat' dir='ltr'><strong>piaru-</strong></span> 
     </span>
    </p>
   </div>
   <div class='ocr_carea' id='block_1_105' title="bbox 1939 4929 3525 4998">
    <p class='ocr_par' dir='ltr' id='par_1_105' title="bbox 1939 4929 3525 4998">
     <span class='ocr_line' id='line_1_105' title="bbox 1939 4929 3525 4998; baseline 0.007 -23"><span class='ocrx_word' id='word_1_779' title='bbox 1939 4938 2048 4992; x_wconf 91' lang='lat' dir='ltr'><strong>que</strong></span> <span class='ocrx_word' id='word_1_780' title='bbox 2077 4930 2561 4979; x_wconf 83' lang='lat' dir='ltr'><strong>conversationem</strong></span> <span class='ocrx_word' id='word_1_781' title='bbox 2604 4936 2851 4981; x_wconf 84' lang='lat' dir='ltr'><strong>n0stram</strong></span> <span class='ocrx_word' id='word_1_782' title='bbox 2904 4929 3074 4983; x_wconf 87' lang='lat' dir='ltr'><strong>multa</strong></span> <span class='ocrx_word' id='word_1_783' title='bbox 3136 4931 3342 4998; x_wconf 87' lang='lat' dir='ltr'><strong>pluries</strong></span> <span class='ocrx_word' id='word_1_784' title='bbox 3399 4932 3525 4987; x_wconf 75' lang='lat' dir='ltr'><strong>data</strong></span> 
     </span>
    </p>
   </div>
   <div class='ocr_carea' id='block_1_106' title="bbox 1941 5018 3530 5090">
    <p class='ocr_par' dir='ltr' id='par_1_106' title="bbox 1941 5018 3530 5090">
     <span class='ocr_line' id='line_1_106' title="bbox 1941 5018 3530 5090; baseline 0.006 -21"><span class='ocrx_word' id='word_1_785' title='bbox 1941 5025 2028 5069; x_wconf 80' lang='lat' dir='ltr'><strong>est</strong></span> <span class='ocrx_word' id='word_1_786' title='bbox 2050 5031 2240 5085; x_wconf 87' lang='lat' dir='ltr'><strong>opera,</strong></span> <span class='ocrx_word' id='word_1_787' title='bbox 2273 5018 2534 5086; x_wconf 90' lang='lat' dir='ltr'><strong>quoniam</strong></span> <span class='ocrx_word' id='word_1_788' title='bbox 2571 5020 2768 5088; x_wconf 76' lang='lat' dir='ltr'><strong>agendi</strong></span> <span class='ocrx_word' id='word_1_789' title='bbox 2803 5021 2990 5090; x_wconf 73' lang='lat' dir='ltr'><strong>regula</strong></span> <span class='ocrx_word' id='word_1_790' title='bbox 3019 5019 3162 5076; x_wconf 86' lang='lat' dir='ltr'><strong>sicut</strong></span> <span class='ocrx_word' id='word_1_791' title='bbox 3186 5029 3240 5075; x_wconf 91' lang='lat' dir='ltr'><strong>et</strong></span> <span class='ocrx_word' id='word_1_792' title='bbox 3261 5024 3530 5079; x_wconf 85' lang='lat' dir='ltr'><strong>credendi</strong></span> 
     </span>
    </p>
   </div>
   <div class='ocr_carea' id='block_1_107' title="bbox 1935 5108 3533 5185">
    <p class='ocr_par' dir='ltr' id='par_1_107' title="bbox 1935 5108 3533 5185">
     <span class='ocr_line' id='line_1_107' title="bbox 1935 5108 3533 5185; baseline 0.006 -24"><span class='ocrx_word' id='word_1_793' title='bbox 1935 5108 2084 5176; x_wconf 80' lang='lat' dir='ltr'><strong>apud</strong></span> <span class='ocrx_word' id='word_1_794' title='bbox 2113 5124 2216 5185; x_wconf 84' lang='lat' dir='ltr'><strong>nos</strong></span> <span class='ocrx_word' id='word_1_795' title='bbox 2247 5110 2602 5179; x_wconf 54' lang='lat' dir='ltr'><strong>praedicatur,</strong></span> <span class='ocrx_word' id='word_1_796' title='bbox 2635 5125 2844 5181; x_wconf 84' lang='lat' dir='ltr'><strong>quanto</strong></span> <span class='ocrx_word' id='word_1_797' title='bbox 2873 5116 3048 5184; x_wconf 73' lang='lat' dir='ltr'><strong>magis</strong></span> <span class='ocrx_word' id='word_1_798' title='bbox 3071 5114 3139 5168; x_wconf 87' lang='lat' dir='ltr'><strong>de</strong></span> <span class='ocrx_word' id='word_1_799' title='bbox 3191 5113 3296 5169; x_wconf 77' lang='lat' dir='ltr'><strong>ﬁde</strong></span> <span class='ocrx_word' id='word_1_800' title='bbox 3329 5128 3533 5170; x_wconf 88' lang='lat' dir='ltr'><strong>curan-</strong></span> 
     </span>
    </p>
   </div>
   <div class='ocr_carea' id='block_1_108' title="bbox 1943 5200 2212 5255">
    <p class='ocr_par' dir='ltr' id='par_1_108' title="bbox 1943 5200 2212 5255">
     <span class='ocr_line' id='line_1_108' title="bbox 1943 5200 2212 5255; baseline 0.007 -2"><span class='ocrx_word' id='word_1_801' title='bbox 1943 5200 2070 5253; x_wconf 85' lang='lat' dir='ltr'><strong>dum</strong></span> <span class='ocrx_word' id='word_1_802' title='bbox 2103 5210 2212 5255; x_wconf 85' lang='lat' dir='ltr'><strong>est.</strong></span> 
     </span>
    </p>
   </div>
   <div class='ocr_carea' id='block_1_109' title="bbox 2011 5293 3530 5364">
    <p class='ocr_par' dir='ltr' id='par_1_109' title="bbox 2011 5293 3530 5364">
     <span class='ocr_line' id='line_1_109' title="bbox 2011 5293 3530 5364; baseline 0.003 -14"><span class='ocrx_word' id='word_1_803' title='bbox 2011 5293 2273 5350; x_wconf 74' lang='lat' dir='ltr'><strong>Clericus.</strong></span> <span class='ocrx_word' id='word_1_804' title='bbox 2332 5295 2435 5364; x_wconf 83' lang='lat' dir='ltr'><strong>Ita,</strong></span> <span class='ocrx_word' id='word_1_805' title='bbox 2494 5296 2676 5364; x_wconf 80' lang='lat' dir='ltr'><strong>Pater,</strong></span> <span class='ocrx_word' id='word_1_806' title='bbox 2733 5313 2856 5353; x_wconf 77' lang='lat' dir='ltr'><strong>sese</strong></span> <span class='ocrx_word' id='word_1_807' title='bbox 2921 5298 3086 5354; x_wconf 89' lang='lat' dir='ltr'><strong>habet</strong></span> <span class='ocrx_word' id='word_1_808' title='bbox 3139 5298 3362 5355; x_wconf 74' lang='lat' dir='ltr'><strong>veritus.</strong></span> <span class='ocrx_word' id='word_1_809' title='bbox 3423 5297 3530 5354; x_wconf 81' lang='lat' dir='ltr'><strong>Sed</strong></span> 
     </span>
    </p>
   </div>
   <div class='ocr_carea' id='block_1_110' title="bbox 1944 5388 3532 5463">
    <p class='ocr_par' dir='ltr' id='par_1_110' title="bbox 1944 5388 3532 5463">
     <span class='ocr_line' id='line_1_110' title="bbox 1944 5388 3532 5463; baseline 0.006 -23"><span class='ocrx_word' id='word_1_810' title='bbox 1944 5388 2125 5444; x_wconf 85' lang='lat' dir='ltr'><strong>adhuc</strong></span> <span class='ocrx_word' id='word_1_811' title='bbox 2182 5390 2568 5463; x_wconf 72' lang='lat' dir='ltr'><strong>deprecamur,</strong></span> <span class='ocrx_word' id='word_1_812' title='bbox 2601 5393 2738 5447; x_wconf 85' lang='lat' dir='ltr'><strong>doce</strong></span> <span class='ocrx_word' id='word_1_813' title='bbox 2765 5407 2865 5447; x_wconf 88' lang='lat' dir='ltr'><strong>nos</strong></span> <span class='ocrx_word' id='word_1_814' title='bbox 2897 5406 2964 5446; x_wconf 87' lang='lat' dir='ltr'><strong>an</strong></span> <span class='ocrx_word' id='word_1_815' title='bbox 3013 5400 3139 5463; x_wconf 85' lang='lat' dir='ltr'><strong>post</strong></span> <span class='ocrx_word' id='word_1_816' title='bbox 3177 5393 3445 5449; x_wconf 77' lang='lat' dir='ltr'><strong>zizaniam</strong></span> <span class='ocrx_word' id='word_1_817' title='bbox 3500 5409 3532 5449; x_wconf 71' lang='grc' dir='ltr'>ι</span> 
     </span>
    </p>
   </div>
   <div class='ocr_carea' id='block_1_111' title="bbox 1944 5461 3532 5564">
    <p class='ocr_par' dir='ltr' id='par_1_111' title="bbox 1944 5461 3532 5564">
     <span class='ocr_line' id='line_1_111' title="bbox 1944 5461 3532 5564; baseline 0.005 -27"><span class='ocrx_word' id='word_1_818' title='bbox 1944 5480 2154 5537; x_wconf 84' lang='lat' dir='ltr'><strong>Latinis</strong></span> <span class='ocrx_word' id='word_1_819' title='bbox 2178 5461 2505 5541; x_wconf 65' lang='lat' dir='ltr'><strong>seminatam</strong></span> <span class='ocrx_word' id='word_1_820' title='bbox 2534 5486 2642 5542; x_wconf 83' lang='lat' dir='ltr'><strong>alia</strong></span> <span class='ocrx_word' id='word_1_821' title='bbox 2661 5487 2823 5543; x_wconf 85' lang='lat' dir='ltr'><strong>etiam</strong></span> <span class='ocrx_word' id='word_1_822' title='bbox 2846 5461 3037 5544; x_wconf 74' lang='lat' dir='ltr'><strong>contra</strong></span> <span class='ocrx_word' id='word_1_823' title='bbox 3064 5488 3338 5546; x_wconf 84' lang='lat' dir='ltr'><strong>sinceram</strong></span> <span class='ocrx_word' id='word_1_824' title='bbox 3363 5504 3532 5564; x_wconf 75' lang='lat' dir='ltr'><strong>sano-</strong></span> 
     </span>
    </p>
   </div>
   <div class='ocr_carea' id='block_1_112' title="bbox 1945 5575 2772 5656">
    <p class='ocr_par' dir='ltr' id='par_1_112' title="bbox 1945 5575 2772 5656">
     <span class='ocr_line' id='line_1_112' title="bbox 1945 5575 2772 5656; baseline 0.008 -28"><span class='ocrx_word' id='word_1_825' title='bbox 1945 5585 2168 5646; x_wconf 88' lang='lat' dir='ltr'><strong>tamque</strong></span> <span class='ocrx_word' id='word_1_826' title='bbox 2230 5575 2395 5634; x_wconf 78' lang='lat' dir='ltr'><strong>ﬁdem</strong></span> <span class='ocrx_word' id='word_1_827' title='bbox 2451 5579 2712 5656; x_wconf 76' lang='lat' dir='ltr'><strong>creverit.</strong></span> <span class='ocrx_word' id='word_1_828' title='bbox 2769 5608 2772 5611; x_wconf 95' lang='lat'><strong><em>-</em></strong></span> 
     </span>
    </p>
   </div>
  </div>
