  <div class='ocr_page' id='page_1' title='image "/cluster/home/n/w/nwhite01/storage/ocr_20150623/155/pst.000005714759/081.png"; bbox 0 0 4134 6310; ppageno 0'>
   <div class='ocr_carea' id='block_1_1' title="bbox 571 416 3898 489">
    <p class='ocr_par' dir='ltr' id='par_1_1' title="bbox 571 416 3898 489">
     <span class='ocr_line' id='line_1_1' title="bbox 571 416 3898 489; baseline 0.002 -9"><span class='ocrx_word' id='word_1_1' title='bbox 571 455 577 460; x_wconf 63' lang='grc' dir='ltr'><strong>ν</strong></span> <span class='ocrx_word' id='word_1_2' title='bbox 633 416 732 481; x_wconf 71' lang='lat' dir='ltr'><strong>H7</strong></span> <span class='ocrx_word' id='word_1_3' title='bbox 1485 419 1865 482; x_wconf 79' lang='lat' dir='ltr'><strong>SYMEONIS</strong></span> <span class='ocrx_word' id='word_1_4' title='bbox 1899 419 2656 482; x_wconf 74' lang='lat' dir='ltr'><strong>THESSALONICENSIS</strong></span> <span class='ocrx_word' id='word_1_5' title='bbox 2708 421 3064 485; x_wconf 80' lang='lat' dir='ltr'><strong>ARCHIEP.</strong></span> <span class='ocrx_word' id='word_1_6' title='bbox 3792 423 3898 489; x_wconf 65' lang='lat'><strong>“8</strong></span> 
     </span>
    </p>
   </div>
   <div class='ocr_carea' id='block_1_2' title="bbox 624 535 2215 615">
    <p class='ocr_par' dir='ltr' id='par_1_2' title="bbox 624 535 2196 609">
     <span class='ocr_line' id='line_1_2' title="bbox 624 535 2196 609; baseline -0.003 -14"><span class='ocrx_word' id='word_1_7' title='bbox 624 543 724 596; x_wconf 80' lang='lat' dir='ltr'><strong>tuti</strong></span> <span class='ocrx_word' id='word_1_8' title='bbox 755 541 901 597; x_wconf 89' lang='lat' dir='ltr'><strong>enim</strong></span> <span class='ocrx_word' id='word_1_9' title='bbox 955 547 1203 595; x_wconf 66' lang='lat' dir='ltr'><strong>creatur»</strong></span> <span class='ocrx_word' id='word_1_10' title='bbox 1253 540 1501 609; x_wconf 86' lang='lat' dir='ltr'><strong>subjecta</strong></span> <span class='ocrx_word' id='word_1_11' title='bbox 1557 548 1666 606; x_wconf 84' lang='lat' dir='ltr'><strong>est,</strong></span> <span class='ocrx_word' id='word_1_12' title='bbox 1703 556 1809 596; x_wconf 91' lang='lat' dir='ltr'><strong>non</strong></span> <span class='ocrx_word' id='word_1_13' title='bbox 1853 538 2060 602; x_wconf 67' lang='lat' dir='ltr'><strong>videns.</strong></span> <span class='ocrx_word' id='word_1_14' title='bbox 2101 535 2196 591; x_wconf 86' lang='lat' dir='ltr'><strong>sed</strong></span> 
     </span>
    </p>
   </div>
   <div class='ocr_carea' id='block_1_3' title="bbox 2319 535 3892 615">
    <p class='ocr_par' dir='ltr' id='par_1_3' title="bbox 2319 539 3892 615">
     <span class='ocr_line' id='line_1_3' title="bbox 2319 539 3892 615; baseline 0.004 -23"><span class='ocrx_word' id='word_1_15' title='bbox 2319 540 2482 603; x_wconf 80' lang='grc' dir='ltr'>ιτίσις</span> <span class='ocrx_word' id='word_1_16' title='bbox 2510 539 2655 610; x_wconf 83' lang='grc' dir='ltr'>αῦτη</span> <span class='ocrx_word' id='word_1_17' title='bbox 2705 541 3022 609; x_wconf 79' lang='grc' dir='ltr'>γεγένηται,</span> <span class='ocrx_word' id='word_1_18' title='bbox 3079 543 3172 595; x_wconf 73' lang='grc' dir='ltr'>καὶ</span> <span class='ocrx_word' id='word_1_19' title='bbox 3224 542 3294 596; x_wconf 81' lang='grc' dir='ltr'><strong>δι’</strong></span> <span class='ocrx_word' id='word_1_20' title='bbox 3341 542 3503 596; x_wconf 79' lang='grc' dir='ltr'>αὑτὸν</span> <span class='ocrx_word' id='word_1_21' title='bbox 3539 543 3790 615; x_wconf 78' lang='grc' dir='ltr'>ὑπέκυψε</span> <span class='ocrx_word' id='word_1_22' title='bbox 3819 546 3892 615; x_wconf 75' lang='grc' dir='ltr'><strong>τῇ</strong></span> 
     </span>
    </p>
   </div>
   <div class='ocr_carea' id='block_1_4' title="bbox 620 631 2215 707">
    <p class='ocr_par' dir='ltr' id='par_1_4' title="bbox 620 631 2202 702">
     <span class='ocr_line' id='line_1_4' title="bbox 620 631 2202 702; baseline 0 -17"><span class='ocrx_word' id='word_1_23' title='bbox 620 641 846 702; x_wconf 84' lang='lat' dir='ltr'><strong>propter</strong></span> <span class='ocrx_word' id='word_1_24' title='bbox 891 646 1016 687; x_wconf 89' lang='lat' dir='ltr'><strong>eum</strong></span> <span class='ocrx_word' id='word_1_25' title='bbox 1051 632 1143 702; x_wconf 87' lang='lat' dir='ltr'><strong>qui</strong></span> <span class='ocrx_word' id='word_1_26' title='bbox 1205 632 1438 700; x_wconf 73' lang='lat' dir='ltr'><strong>subjecit</strong></span> <span class='ocrx_word' id='word_1_27' title='bbox 1490 647 1609 687; x_wconf 87' lang='lat' dir='ltr'><strong>eam</strong></span> <span class='ocrx_word' id='word_1_28' title='bbox 1664 633 1716 686; x_wconf 92' lang='lat' dir='ltr'><strong>in</strong></span> <span class='ocrx_word' id='word_1_29' title='bbox 1768 646 1885 701; x_wconf 88' lang='lat' dir='ltr'><strong>spe.</strong></span> <span class='ocrx_word' id='word_1_30' title='bbox 1931 649 1947 682; x_wconf 78' lang='grc' dir='ltr'><strong>ι</strong></span> <span class='ocrx_word' id='word_1_31' title='bbox 1986 631 2202 684; x_wconf 87' lang='lat' dir='ltr'><strong>Stultus</strong></span> 
     </span>
    </p>
   </div>
   <div class='ocr_carea' id='block_1_5' title="bbox 2319 631 3895 707">
    <p class='ocr_par' dir='ltr' id='par_1_5' title="bbox 2319 631 3895 707">
     <span class='ocr_line' id='line_1_5' title="bbox 2319 631 3895 707; baseline 0.004 -22"><span class='ocrx_word' id='word_1_32' title='bbox 2319 631 2506 705; x_wconf 62' lang='grc' dir='ltr'>φθορᾷ,</span> <span class='ocrx_word' id='word_1_33' title='bbox 2539 632 2684 688; x_wconf 84' lang='grc' dir='ltr'>καθά</span> <span class='ocrx_word' id='word_1_34' title='bbox 2718 650 2822 686; x_wconf 87' lang='grc' dir='ltr'><strong>που</strong></span> <span class='ocrx_word' id='word_1_35' title='bbox 2861 635 2957 688; x_wconf 89' lang='grc' dir='ltr'><strong>καί</strong></span> <span class='ocrx_word' id='word_1_36' title='bbox 3009 635 3223 698; x_wconf 81' lang='grc' dir='ltr'><strong>Παῦλος</strong></span> <span class='ocrx_word' id='word_1_37' title='bbox 3270 637 3404 706; x_wconf 73' lang='grc' dir='ltr'>περὶ</span> <span class='ocrx_word' id='word_1_38' title='bbox 3447 637 3640 691; x_wconf 85' lang='grc' dir='ltr'>τούτου</span> <span class='ocrx_word' id='word_1_39' title='bbox 3707 638 3849 707; x_wconf 81' lang='grc' dir='ltr'>φησὶ</span> <span class='ocrx_word' id='word_1_40' title='bbox 3874 677 3895 704; x_wconf 80' lang='grc'><strong>,</strong></span> 
     </span>
    </p>
   </div>
   <div class='ocr_carea' id='block_1_6' title="bbox 627 718 2215 805">
    <p class='ocr_par' dir='ltr' id='par_1_6' title="bbox 627 718 2197 792">
     <span class='ocr_line' id='line_1_6' title="bbox 627 718 2197 792; baseline 0 -20"><span class='ocrx_word' id='word_1_41' title='bbox 627 728 810 773; x_wconf 82' lang='lat' dir='ltr'><strong>autem</strong></span> <span class='ocrx_word' id='word_1_42' title='bbox 839 718 1086 773; x_wconf 87' lang='lat' dir='ltr'><strong>Barlaam</strong></span> <span class='ocrx_word' id='word_1_43' title='bbox 1131 731 1369 775; x_wconf 79' lang='lat' dir='ltr'><strong>mentem</strong></span> <span class='ocrx_word' id='word_1_44' title='bbox 1399 719 1452 775; x_wconf 91' lang='lat' dir='ltr'><strong>in</strong></span> <span class='ocrx_word' id='word_1_45' title='bbox 1490 720 1801 792; x_wconf 85' lang='lat' dir='ltr'><strong>disciplinis</strong></span> <span class='ocrx_word' id='word_1_46' title='bbox 1832 736 1951 790; x_wconf 67' lang='lat' dir='ltr'><strong>quae</strong></span> <span class='ocrx_word' id='word_1_47' title='bbox 1997 719 2064 774; x_wconf 77' lang='lat' dir='ltr'><strong>ad</strong></span> <span class='ocrx_word' id='word_1_48' title='bbox 2105 736 2197 772; x_wconf 78' lang='lat' dir='ltr'><strong>ur-</strong></span> 
     </span>
    </p>
   </div>
   <div class='ocr_carea' id='block_1_7' title="bbox 2319 718 3910 805">
    <p class='ocr_par' dir='ltr' id='par_1_7' title="bbox 2319 725 3910 805">
     <span class='ocr_line' id='line_1_7' title="bbox 2319 725 3910 805; baseline 0.004 -29"><span class='ocrx_word' id='word_1_49' title='bbox 2319 744 2329 776; x_wconf 90' lang='lat' dir='ltr'><strong>l</strong></span> <span class='ocrx_word' id='word_1_50' title='bbox 2369 726 2447 796; x_wconf 77' lang='grc' dir='ltr'><strong>Τῇ</strong></span> <span class='ocrx_word' id='word_1_51' title='bbox 2483 725 2594 794; x_wconf 81' lang='grc' dir='ltr'>γὰρ</span> <span class='ocrx_word' id='word_1_52' title='bbox 2648 727 2973 795; x_wconf 77' lang='grc' dir='ltr'><strong>ματαιότητι</strong></span> <span class='ocrx_word' id='word_1_53' title='bbox 3000 728 3032 796; x_wconf 77' lang='grc' dir='ltr'>ἡ</span> <span class='ocrx_word' id='word_1_54' title='bbox 3063 727 3242 797; x_wconf 77' lang='grc' dir='ltr'><strong>κτίσις</strong></span> <span class='ocrx_word' id='word_1_55' title='bbox 3297 729 3570 800; x_wconf 79' lang='grc' dir='ltr'>ὑπετάγη.</span> <span class='ocrx_word' id='word_1_56' title='bbox 3610 747 3628 780; x_wconf 72' lang='grc' dir='ltr'><strong>ι</strong></span> <span class='ocrx_word' id='word_1_57' title='bbox 3688 729 3910 805; x_wconf 42' lang='grc' dir='ltr'>λέγων,</span> 
     </span>
    </p>
   </div>
   <div class='ocr_carea' id='block_1_8' title="bbox 623 812 2215 888">
    <p class='ocr_par' dir='ltr' id='par_1_8' title="bbox 623 812 2200 878">
     <span class='ocr_line' id='line_1_8' title="bbox 623 812 2200 878; baseline 0.003 -14"><span class='ocrx_word' id='word_1_58' title='bbox 623 821 729 865; x_wconf 89' lang='lat' dir='ltr'><strong>tem</strong></span> <span class='ocrx_word' id='word_1_59' title='bbox 769 812 1043 878; x_wconf 88' lang='lat' dir='ltr'><strong>pertinent</strong></span> <span class='ocrx_word' id='word_1_60' title='bbox 1074 814 1261 868; x_wconf 85' lang='lat' dir='ltr'><strong>rudem</strong></span> <span class='ocrx_word' id='word_1_61' title='bbox 1288 822 1521 869; x_wconf 78' lang='lat' dir='ltr'><strong>mentem</strong></span> <span class='ocrx_word' id='word_1_62' title='bbox 1552 813 1924 868; x_wconf 88' lang='lat' dir='ltr'><strong>irrationalem</strong></span> <span class='ocrx_word' id='word_1_63' title='bbox 1958 822 2012 867; x_wconf 91' lang='lat' dir='ltr'><strong>et</strong></span> <span class='ocrx_word' id='word_1_64' title='bbox 2049 824 2200 868; x_wconf 90' lang='lat' dir='ltr'><strong>tene-</strong></span> 
     </span>
    </p>
   </div>
   <div class='ocr_carea' id='block_1_9' title="bbox 2319 812 3889 888">
    <p class='ocr_par' dir='ltr' id='par_1_9' title="bbox 2319 816 3889 888">
     <span class='ocr_line' id='line_1_9' title="bbox 2319 816 3889 888; baseline 0.007 -20"><span class='ocrx_word' id='word_1_65' title='bbox 2319 835 2328 868; x_wconf 91' lang='lat' dir='ltr'><strong>l</strong></span> <span class='ocrx_word' id='word_1_66' title='bbox 2363 818 2460 886; x_wconf 82' lang='grc' dir='ltr'>οὐχ</span> <span class='ocrx_word' id='word_1_67' title='bbox 2495 816 2720 883; x_wconf 65' lang='grc' dir='ltr'>ἑκοῦσα,</span> <span class='ocrx_word' id='word_1_68' title='bbox 2751 819 2887 872; x_wconf 81' lang='grc' dir='ltr'><strong>ἀλλά</strong></span> <span class='ocrx_word' id='word_1_69' title='bbox 2909 819 2996 871; x_wconf 69' lang='grc' dir='ltr'><strong>διὰ</strong></span> <span class='ocrx_word' id='word_1_70' title='bbox 3023 822 3112 873; x_wconf 73' lang='grc' dir='ltr'><strong>τ’,ν</strong></span> <span class='ocrx_word' id='word_1_71' title='bbox 3136 820 3603 888; x_wconf 76' lang='grc' dir='ltr'>ὑποτάξανταὲπ⁹</span> <span class='ocrx_word' id='word_1_72' title='bbox 3629 821 3811 875; x_wconf 74' lang='grc' dir='ltr'>ἐλπίδι</span> <span class='ocrx_word' id='word_1_73' title='bbox 3841 841 3889 879; x_wconf 72' lang='grc' dir='ltr'>ο.</span> 
     </span>
    </p>
   </div>
   <div class='ocr_carea' id='block_1_10' title="bbox 622 897 2215 986">
    <p class='ocr_par' dir='ltr' id='par_1_10' title="bbox 622 904 2200 978">
     <span class='ocr_line' id='line_1_10' title="bbox 622 904 2200 978; baseline 0.004 -22"><span class='ocrx_word' id='word_1_74' title='bbox 622 904 838 958; x_wconf 83' lang='lat' dir='ltr'><strong>hrosam</strong></span> <span class='ocrx_word' id='word_1_75' title='bbox 869 906 1099 960; x_wconf 80' lang='lat' dir='ltr'><strong>vocabat</strong></span> <span class='ocrx_word' id='word_1_76' title='bbox 1157 906 1245 962; x_wconf 92' lang='lat' dir='ltr'><strong>ille</strong></span> <span class='ocrx_word' id='word_1_77' title='bbox 1290 907 1687 978; x_wconf 78' lang='lat' dir='ltr'><strong>nequissimus,</strong></span> <span class='ocrx_word' id='word_1_78' title='bbox 1738 904 1991 964; x_wconf 85' lang='lat' dir='ltr'><strong>nesciens</strong></span> <span class='ocrx_word' id='word_1_79' title='bbox 2036 908 2200 962; x_wconf 88' lang='lat' dir='ltr'><strong>homo</strong></span> 
     </span>
    </p>
   </div>
   <div class='ocr_carea' id='block_1_11' title="bbox 2319 897 3894 986">
    <p class='ocr_par' dir='ltr' id='par_1_11' title="bbox 2319 908 3894 986">
     <span class='ocr_line' id='line_1_11' title="bbox 2319 908 3894 986; baseline 0.003 -25"><span class='ocrx_word' id='word_1_80' title='bbox 2319 908 2375 961; x_wconf 89' lang='lat'><strong>&#39;0</strong></span> <span class='ocrx_word' id='word_1_81' title='bbox 2409 908 2464 961; x_wconf 72' lang='grc' dir='ltr'>δέ</span> <span class='ocrx_word' id='word_1_82' title='bbox 2507 927 2568 978; x_wconf 88' lang='grc' dir='ltr'>γε</span> <span class='ocrx_word' id='word_1_83' title='bbox 2605 911 2864 974; x_wconf 73' lang='grc' dir='ltr'>ἀσύνετος</span> <span class='ocrx_word' id='word_1_84' title='bbox 2895 911 3166 982; x_wconf 81' lang='grc' dir='ltr'>Βαρλαάμ</span> <span class='ocrx_word' id='word_1_85' title='bbox 3195 912 3321 966; x_wconf 82' lang='grc' dir='ltr'>νοῦν</span> <span class='ocrx_word' id='word_1_86' title='bbox 3375 914 3467 967; x_wconf 63' lang='grc' dir='ltr'><strong>τὸν</strong></span> <span class='ocrx_word' id='word_1_87' title='bbox 3503 915 3580 984; x_wconf 81' lang='grc' dir='ltr'>μὴ</span> <span class='ocrx_word' id='word_1_88' title='bbox 3615 914 3745 986; x_wconf 69' lang='grc' dir='ltr'>περὶ</span> <span class='ocrx_word' id='word_1_89' title='bbox 3780 913 3894 967; x_wconf 86' lang='grc' dir='ltr'><strong>τῶν</strong></span> 
     </span>
    </p>
   </div>
   <div class='ocr_carea' id='block_1_12' title="bbox 618 998 2215 1078">
    <p class='ocr_par' dir='ltr' id='par_1_12' title="bbox 618 998 2196 1069">
     <span class='ocr_line' id='line_1_12' title="bbox 618 998 2196 1069; baseline 0.008 -25"><span class='ocrx_word' id='word_1_90' title='bbox 618 1008 794 1048; x_wconf 77' lang='lat' dir='ltr'><strong>vanus</strong></span> <span class='ocrx_word' id='word_1_91' title='bbox 819 998 1078 1064; x_wconf 86' lang='lat' dir='ltr'><strong>quoniam</strong></span> <span class='ocrx_word' id='word_1_92' title='bbox 1109 998 1206 1052; x_wconf 85' lang='lat' dir='ltr'><strong>ista</strong></span> <span class='ocrx_word' id='word_1_93' title='bbox 1239 999 1456 1068; x_wconf 85' lang='lat' dir='ltr'><strong>quidem</strong></span> <span class='ocrx_word' id='word_1_94' title='bbox 1503 1012 1727 1069; x_wconf 76' lang='lat' dir='ltr'><strong>prepter</strong></span> <span class='ocrx_word' id='word_1_95' title='bbox 1760 1015 1861 1055; x_wconf 92' lang='lat' dir='ltr'><strong>nos</strong></span> <span class='ocrx_word' id='word_1_96' title='bbox 1895 1013 1952 1055; x_wconf 89' lang='lat' dir='ltr'><strong>ut</strong></span> <span class='ocrx_word' id='word_1_97' title='bbox 1981 1001 2196 1069; x_wconf 87' lang='lat' dir='ltr'><strong>corpori</strong></span> 
     </span>
    </p>
   </div>
   <div class='ocr_carea' id='block_1_13' title="bbox 2319 998 3897 1078">
    <p class='ocr_par' dir='ltr' id='par_1_13' title="bbox 2319 1005 3897 1078">
     <span class='ocr_line' id='line_1_13' title="bbox 2319 1005 3897 1078; baseline 0.004 -23"><span class='ocrx_word' id='word_1_98' title='bbox 2319 1005 2650 1078; x_wconf 70' lang='grc' dir='ltr'>ιαθημάτων</span> <span class='ocrx_word' id='word_1_99' title='bbox 2708 1006 2816 1059; x_wconf 87' lang='grc' dir='ltr'><strong>τῶν</strong></span> <span class='ocrx_word' id='word_1_100' title='bbox 2873 1006 3138 1076; x_wconf 74' lang='grc' dir='ltr'><strong>ἐντέχνων</strong></span> <span class='ocrx_word' id='word_1_101' title='bbox 3191 1007 3374 1061; x_wconf 74' lang='grc' dir='ltr'>εἰδότα</span> <span class='ocrx_word' id='word_1_102' title='bbox 3435 1007 3561 1062; x_wconf 82' lang='grc' dir='ltr'><strong>νοῦν</strong></span> <span class='ocrx_word' id='word_1_103' title='bbox 3616 1009 3811 1075; x_wconf 82' lang='grc' dir='ltr'>ἀλογον</span> <span class='ocrx_word' id='word_1_104' title='bbox 3866 1011 3897 1062; x_wconf 92' lang='lat'><strong>6</strong></span> 
     </span>
    </p>
   </div>
   <div class='ocr_carea' id='block_1_14' title="bbox 621 1085 2215 1170">
    <p class='ocr_par' dir='ltr' id='par_1_14' title="bbox 621 1085 2195 1164">
     <span class='ocr_line' id='line_1_14' title="bbox 621 1085 2195 1164; baseline 0.003 -25"><span class='ocrx_word' id='word_1_105' title='bbox 621 1088 978 1156; x_wconf 74' lang='lat' dir='ltr'><strong>providentur</strong></span> <span class='ocrx_word' id='word_1_106' title='bbox 1013 1085 1374 1162; x_wconf 72' lang='lat' dir='ltr'><strong>praesentique</strong></span> <span class='ocrx_word' id='word_1_107' title='bbox 1409 1093 1530 1147; x_wconf 74' lang='lat' dir='ltr'><strong>vita:</strong></span> <span class='ocrx_word' id='word_1_108' title='bbox 1577 1105 1776 1149; x_wconf 81' lang='lat' dir='ltr'><strong>nostrae</strong></span> <span class='ocrx_word' id='word_1_109' title='bbox 1815 1096 2026 1164; x_wconf 87' lang='lat' dir='ltr'><strong>prosint</strong></span> <span class='ocrx_word' id='word_1_110' title='bbox 2057 1093 2195 1149; x_wconf 79' lang='lat' dir='ltr'><strong>facta</strong></span> 
     </span>
    </p>
   </div>
   <div class='ocr_carea' id='block_1_15' title="bbox 2319 1085 3894 1170">
    <p class='ocr_par' dir='ltr' id='par_1_15' title="bbox 2319 1093 3894 1170">
     <span class='ocr_line' id='line_1_15' title="bbox 2319 1093 3894 1170; baseline 0.001 -19"><span class='ocrx_word' id='word_1_111' title='bbox 2319 1093 2534 1162; x_wconf 76' lang='grc' dir='ltr'>Ξείλᾶιος</span> <span class='ocrx_word' id='word_1_112' title='bbox 2555 1096 2822 1153; x_wconf 76' lang='grc' dir='ltr'>ἀπεκάλει</span> <span class='ocrx_word' id='word_1_113' title='bbox 2851 1100 2941 1151; x_wconf 71' lang='grc' dir='ltr'><strong>καὶ</strong></span> <span class='ocrx_word' id='word_1_114' title='bbox 2956 1099 3263 1157; x_wconf 79' lang='grc' dir='ltr'>σκοτεινὸν.</span> <span class='ocrx_word' id='word_1_115' title='bbox 3291 1101 3367 1170; x_wconf 80' lang='grc' dir='ltr'>μὴ</span> <span class='ocrx_word' id='word_1_116' title='bbox 3392 1098 3547 1162; x_wconf 77' lang='grc' dir='ltr'>εἰδὼς</span> <span class='ocrx_word' id='word_1_117' title='bbox 3574 1103 3600 1153; x_wconf 89' lang='lat'><strong>6</strong></span> <span class='ocrx_word' id='word_1_118' title='bbox 3633 1102 3894 1167; x_wconf 63' lang='grc' dir='ltr'>μάταιος,</span> 
     </span>
    </p>
   </div>
   <div class='ocr_carea' id='block_1_16' title="bbox 623 1183 2215 1263">
    <p class='ocr_par' dir='ltr' id='par_1_16' title="bbox 623 1183 2198 1263">
     <span class='ocr_line' id='line_1_16' title="bbox 623 1183 2198 1263; baseline 0.006 -33"><span class='ocrx_word' id='word_1_119' title='bbox 623 1190 773 1243; x_wconf 79' lang='lat' dir='ltr'><strong>sunt.</strong></span> <span class='ocrx_word' id='word_1_120' title='bbox 812 1183 927 1263; x_wconf 60' lang='lat' dir='ltr'><strong>alia</strong></span> <span class='ocrx_word' id='word_1_121' title='bbox 980 1198 1111 1239; x_wconf 81' lang='lat' dir='ltr'><strong>vero</strong></span> <span class='ocrx_word' id='word_1_122' title='bbox 1165 1195 1347 1240; x_wconf 88' lang='lat' dir='ltr'><strong>sunta</strong></span> <span class='ocrx_word' id='word_1_123' title='bbox 1381 1187 1490 1241; x_wconf 86' lang='lat' dir='ltr'><strong>Deo</strong></span> <span class='ocrx_word' id='word_1_124' title='bbox 1539 1187 1694 1242; x_wconf 79' lang='lat' dir='ltr'><strong>nobis</strong></span> <span class='ocrx_word' id='word_1_125' title='bbox 1737 1198 2038 1257; x_wconf 72' lang='lat' dir='ltr'><strong>pra-parata</strong></span> <span class='ocrx_word' id='word_1_126' title='bbox 2074 1198 2198 1240; x_wconf 91' lang='lat' dir='ltr'><strong>ante</strong></span> 
     </span>
    </p>
   </div>
   <div class='ocr_carea' id='block_1_17' title="bbox 2319 1183 3895 1263">
    <p class='ocr_par' dir='ltr' id='par_1_17' title="bbox 2319 1187 3895 1259">
     <span class='ocr_line' id='line_1_17' title="bbox 2319 1187 3895 1259; baseline 0.003 -20"><span class='ocrx_word' id='word_1_127' title='bbox 2319 1187 2376 1250; x_wconf 74' lang='grc' dir='ltr'>ὗς</span> <span class='ocrx_word' id='word_1_128' title='bbox 2408 1190 2582 1240; x_wconf 86' lang='grc' dir='ltr'>ταῦτα</span> <span class='ocrx_word' id='word_1_129' title='bbox 2624 1190 2725 1258; x_wconf 72' lang='grc' dir='ltr'>μὶν</span> <span class='ocrx_word' id='word_1_130' title='bbox 2779 1189 2846 1242; x_wconf 85' lang='grc' dir='ltr'><strong>δι’</strong></span> <span class='ocrx_word' id='word_1_131' title='bbox 2877 1190 3046 1259; x_wconf 78' lang='grc' dir='ltr'>ἡμᾶς,</span> <span class='ocrx_word' id='word_1_132' title='bbox 3082 1189 3178 1242; x_wconf 76' lang='grc' dir='ltr'>καὶ</span> <span class='ocrx_word' id='word_1_133' title='bbox 3230 1189 3318 1243; x_wconf 76' lang='grc' dir='ltr'>ἵνα</span> <span class='ocrx_word' id='word_1_134' title='bbox 3375 1190 3444 1242; x_wconf 73' lang='grc' dir='ltr'>τὰ</span> <span class='ocrx_word' id='word_1_135' title='bbox 3485 1190 3581 1244; x_wconf 88' lang='grc' dir='ltr'><strong>τοῦ</strong></span> <span class='ocrx_word' id='word_1_136' title='bbox 3636 1188 3895 1259; x_wconf 82' lang='grc' dir='ltr'>σώματος</span> 
     </span>
    </p>
   </div>
   <div class='ocr_carea' id='block_1_18' title="bbox 622 1275 2215 1357">
    <p class='ocr_par' dir='ltr' id='par_1_18' title="bbox 622 1276 2194 1350">
     <span class='ocr_line' id='line_1_18' title="bbox 622 1276 2194 1350; baseline 0.004 -24"><span class='ocrx_word' id='word_1_137' title='bbox 622 1276 1096 1339; x_wconf 78' lang='lat' dir='ltr'><strong>constitutionem,</strong></span> <span class='ocrx_word' id='word_1_138' title='bbox 1140 1291 1301 1350; x_wconf 92' lang='lat' dir='ltr'><strong>prout</strong></span> <span class='ocrx_word' id='word_1_139' title='bbox 1355 1281 1472 1350; x_wconf 90' lang='lat' dir='ltr'><strong>ipse</strong></span> <span class='ocrx_word' id='word_1_140' title='bbox 1522 1283 1648 1335; x_wconf 90' lang='lat' dir='ltr'><strong>olim</strong></span> <span class='ocrx_word' id='word_1_141' title='bbox 1700 1282 1878 1335; x_wconf 66' lang='lat' dir='ltr'><strong>dixit:</strong></span> <span class='ocrx_word' id='word_1_142' title='bbox 1927 1301 1944 1333; x_wconf 80' lang='grc' dir='ltr'><strong>ι</strong></span> <span class='ocrx_word' id='word_1_143' title='bbox 1984 1281 2194 1344; x_wconf 80' lang='lat' dir='ltr'><strong>Venite,</strong></span> 
     </span>
    </p>
   </div>
   <div class='ocr_carea' id='block_1_19' title="bbox 2319 1275 3892 1357">
    <p class='ocr_par' dir='ltr' id='par_1_19' title="bbox 2319 1275 3892 1353">
     <span class='ocr_line' id='line_1_19' title="bbox 2319 1275 3892 1353; baseline 0.003 -21"><span class='ocrx_word' id='word_1_144' title='bbox 2319 1281 2594 1349; x_wconf 72' lang='grc' dir='ltr'>ῑιοικῆται,</span> <span class='ocrx_word' id='word_1_145' title='bbox 2625 1282 2717 1334; x_wconf 77' lang='grc' dir='ltr'><strong>καὶ</strong></span> <span class='ocrx_word' id='word_1_146' title='bbox 2751 1283 2826 1343; x_wconf 83' lang='grc' dir='ltr'><strong>είς</strong></span> <span class='ocrx_word' id='word_1_147' title='bbox 2859 1281 3060 1352; x_wconf 88' lang='grc' dir='ltr'>χρῆσιν</span> <span class='ocrx_word' id='word_1_148' title='bbox 3106 1275 3206 1334; x_wconf 80' lang='grc' dir='ltr'>ὦσι</span> <span class='ocrx_word' id='word_1_149' title='bbox 3243 1282 3344 1352; x_wconf 81' lang='grc' dir='ltr'>τῆς</span> <span class='ocrx_word' id='word_1_150' title='bbox 3398 1282 3685 1352; x_wconf 78' lang='grc' dir='ltr'>παρούσης</span> <span class='ocrx_word' id='word_1_151' title='bbox 3731 1283 3892 1353; x_wconf 79' lang='grc' dir='ltr'>ἡμῶν</span> 
     </span>
    </p>
   </div>
   <div class='ocr_carea' id='block_1_20' title="bbox 620 1360 2215 1457">
    <p class='ocr_par' dir='ltr' id='par_1_20' title="bbox 620 1360 2196 1446">
     <span class='ocr_line' id='line_1_20' title="bbox 620 1360 2196 1446; baseline 0.004 -26"><span class='ocrx_word' id='word_1_152' title='bbox 620 1367 898 1422; x_wconf 78' lang='lat' dir='ltr'><strong>benedicti</strong></span> <span class='ocrx_word' id='word_1_153' title='bbox 930 1368 1109 1426; x_wconf 80' lang='lat' dir='ltr'><strong>Patris</strong></span> <span class='ocrx_word' id='word_1_154' title='bbox 1153 1374 1278 1436; x_wconf 82' lang='lat' dir='ltr'><strong>mei,</strong></span> <span class='ocrx_word' id='word_1_155' title='bbox 1317 1361 1610 1446; x_wconf 79' lang='lat' dir='ltr'><strong>possidete</strong></span> <span class='ocrx_word' id='word_1_156' title='bbox 1639 1384 1886 1443; x_wconf 83' lang='lat' dir='ltr'><strong>paratum</strong></span> <span class='ocrx_word' id='word_1_157' title='bbox 1924 1360 2079 1429; x_wconf 91' lang='lat' dir='ltr'><strong>vobis</strong></span> <span class='ocrx_word' id='word_1_158' title='bbox 2115 1391 2196 1428; x_wconf 85' lang='lat' dir='ltr'><strong>re-</strong></span> 
     </span>
    </p>
   </div>
   <div class='ocr_carea' id='block_1_21' title="bbox 2319 1360 3894 1457">
    <p class='ocr_par' dir='ltr' id='par_1_21' title="bbox 2319 1370 3894 1457">
     <span class='ocr_line' id='line_1_21' title="bbox 2319 1370 3894 1457; baseline 0.002 -32"><span class='ocrx_word' id='word_1_159' title='bbox 2319 1370 2470 1442; x_wconf 72' lang='grc' dir='ltr'>ζωῆς,</span> <span class='ocrx_word' id='word_1_160' title='bbox 2504 1373 2669 1443; x_wconf 78' lang='grc' dir='ltr'>ἕτερα</span> <span class='ocrx_word' id='word_1_161' title='bbox 2695 1373 2740 1427; x_wconf 83' lang='grc' dir='ltr'><strong>δ’</strong></span> <span class='ocrx_word' id='word_1_162' title='bbox 2769 1376 2874 1428; x_wconf 80' lang='grc' dir='ltr'>εἰσὶ</span> <span class='ocrx_word' id='word_1_163' title='bbox 2907 1374 2975 1426; x_wconf 80' lang='grc' dir='ltr'>τὰ</span> <span class='ocrx_word' id='word_1_164' title='bbox 3009 1374 3116 1440; x_wconf 81' lang='grc' dir='ltr'><strong>πρὸ</strong></span> <span class='ocrx_word' id='word_1_165' title='bbox 3150 1373 3461 1457; x_wconf 74' lang='grc' dir='ltr'>καταϐολῆς</span> <span class='ocrx_word' id='word_1_166' title='bbox 3487 1374 3692 1442; x_wconf 77' lang='grc' dir='ltr'>κόσμου</span> <span class='ocrx_word' id='word_1_167' title='bbox 3743 1376 3894 1443; x_wconf 77' lang='grc' dir='ltr'>ἡτοιο</span> 
     </span>
    </p>
   </div>
   <div class='ocr_carea' id='block_1_22' title="bbox 620 1458 2215 1538">
    <p class='ocr_par' dir='ltr' id='par_1_22' title="bbox 620 1458 2197 1526">
     <span class='ocr_line' id='line_1_22' title="bbox 620 1458 2197 1526; baseline 0.008 -18"><span class='ocrx_word' id='word_1_168' title='bbox 620 1473 784 1526; x_wconf 83' lang='lat' dir='ltr'><strong>guum</strong></span> <span class='ocrx_word' id='word_1_169' title='bbox 819 1475 846 1512; x_wconf 91' lang='lat' dir='ltr'><strong>a</strong></span> <span class='ocrx_word' id='word_1_170' title='bbox 881 1461 1280 1517; x_wconf 74' lang='lat' dir='ltr'><strong>constitutione</strong></span> <span class='ocrx_word' id='word_1_171' title='bbox 1323 1466 1534 1518; x_wconf 91' lang='lat' dir='ltr'><strong>mundi.</strong></span> <span class='ocrx_word' id='word_1_172' title='bbox 1582 1484 1601 1518; x_wconf 74' lang='grc' dir='ltr'><strong>ι</strong></span> <span class='ocrx_word' id='word_1_173' title='bbox 1645 1466 1790 1520; x_wconf 87' lang='lat' dir='ltr'><strong>Bona</strong></span> <span class='ocrx_word' id='word_1_174' title='bbox 1832 1475 2013 1520; x_wconf 82' lang='lat' dir='ltr'><strong>autem</strong></span> <span class='ocrx_word' id='word_1_175' title='bbox 2050 1458 2197 1520; x_wconf 80' lang='lat' dir='ltr'><strong>illius</strong></span> 
     </span>
    </p>
   </div>
   <div class='ocr_carea' id='block_1_23' title="bbox 2319 1458 3892 1538">
    <p class='ocr_par' dir='ltr' id='par_1_23' title="bbox 2319 1463 3892 1538">
     <span class='ocr_line' id='line_1_23' title="bbox 2319 1463 3892 1538; baseline 0.001 -22"><span class='ocrx_word' id='word_1_176' title='bbox 2319 1465 2559 1532; x_wconf 61' lang='grc' dir='ltr'>ιασμένα</span> <span class='ocrx_word' id='word_1_177' title='bbox 2589 1466 2718 1534; x_wconf 79' lang='grc' dir='ltr'>ἡμῖν</span> <span class='ocrx_word' id='word_1_178' title='bbox 2769 1466 2921 1538; x_wconf 82' lang='grc' dir='ltr'><strong>παρά</strong></span> <span class='ocrx_word' id='word_1_179' title='bbox 2949 1463 3234 1536; x_wconf 86' lang='grc' dir='ltr'>τοῦΘεοῦ,</span> <span class='ocrx_word' id='word_1_180' title='bbox 3265 1466 3340 1528; x_wconf 84' lang='grc' dir='ltr'><strong>ῶς</strong></span> <span class='ocrx_word' id='word_1_181' title='bbox 3377 1465 3539 1530; x_wconf 77' lang='grc' dir='ltr'>αὑτὸς</span> <span class='ocrx_word' id='word_1_182' title='bbox 3572 1467 3689 1536; x_wconf 74' lang='grc' dir='ltr'>ἐρεῖ</span> <span class='ocrx_word' id='word_1_183' title='bbox 3714 1468 3840 1520; x_wconf 85' lang='grc' dir='ltr'>τότε</span> <span class='ocrx_word' id='word_1_184' title='bbox 3873 1481 3892 1498; x_wconf 76' lang='grc' dir='ltr'><strong>ο</strong></span> 
     </span>
    </p>
   </div>
   <div class='ocr_carea' id='block_1_24' title="bbox 623 1546 2215 1631">
    <p class='ocr_par' dir='ltr' id='par_1_24' title="bbox 623 1546 2197 1616">
     <span class='ocr_line' id='line_1_24' title="bbox 623 1546 2197 1616; baseline 0.008 -16"><span class='ocrx_word' id='word_1_185' title='bbox 623 1546 794 1616; x_wconf 66' lang='grc' dir='ltr'>τεεειί,</span> <span class='ocrx_word' id='word_1_186' title='bbox 826 1550 897 1603; x_wconf 85' lang='lat' dir='ltr'><strong>ait</strong></span> <span class='ocrx_word' id='word_1_187' title='bbox 924 1550 1142 1616; x_wconf 89' lang='lat' dir='ltr'><strong>Paulus,</strong></span> <span class='ocrx_word' id='word_1_188' title='bbox 1200 1555 1323 1608; x_wconf 73' lang='lat' dir='ltr'><strong>talia</strong></span> <span class='ocrx_word' id='word_1_189' title='bbox 1381 1567 1508 1610; x_wconf 90' lang='lat' dir='ltr'><strong>sunt</strong></span> <span class='ocrx_word' id='word_1_190' title='bbox 1557 1567 1614 1610; x_wconf 93' lang='lat' dir='ltr'><strong>ut</strong></span> <span class='ocrx_word' id='word_1_191' title='bbox 1654 1577 1671 1609; x_wconf 84' lang='grc' dir='ltr'><strong>ι</strong></span> <span class='ocrx_word' id='word_1_192' title='bbox 1709 1573 1806 1611; x_wconf 88' lang='lat' dir='ltr'><strong>nec</strong></span> <span class='ocrx_word' id='word_1_193' title='bbox 1860 1559 2055 1613; x_wconf 80' lang='lat' dir='ltr'><strong>oculus</strong></span> <span class='ocrx_word' id='word_1_194' title='bbox 2085 1559 2197 1613; x_wconf 60' lang='lat' dir='ltr'><strong>haec</strong></span> 
     </span>
    </p>
   </div>
   <div class='ocr_carea' id='block_1_25' title="bbox 2319 1546 3895 1631">
    <p class='ocr_par' dir='ltr' id='par_1_25' title="bbox 2319 1555 3895 1631">
     <span class='ocr_line' id='line_1_25' title="bbox 2319 1555 3895 1631; baseline 0.005 -25"><span class='ocrx_word' id='word_1_195' title='bbox 2319 1573 2328 1606; x_wconf 92' lang='lat' dir='ltr'><strong>l</strong></span> <span class='ocrx_word' id='word_1_196' title='bbox 2354 1555 2541 1622; x_wconf 83' lang='grc' dir='ltr'>Δεῦτε,</span> <span class='ocrx_word' id='word_1_197' title='bbox 2564 1559 2612 1610; x_wconf 80' lang='grc' dir='ltr'>οι</span> <span class='ocrx_word' id='word_1_198' title='bbox 2641 1555 3000 1631; x_wconf 74' lang='grc' dir='ltr'><strong>εὐλογημένοι</strong></span> <span class='ocrx_word' id='word_1_199' title='bbox 3031 1558 3125 1610; x_wconf 88' lang='grc' dir='ltr'><strong>τοῦ</strong></span> <span class='ocrx_word' id='word_1_200' title='bbox 3156 1558 3368 1628; x_wconf 81' lang='grc' dir='ltr'><strong>Πατρός</strong></span> <span class='ocrx_word' id='word_1_201' title='bbox 3397 1575 3521 1628; x_wconf 87' lang='grc' dir='ltr'>μου,</span> <span class='ocrx_word' id='word_1_202' title='bbox 3549 1559 3895 1630; x_wconf 77' lang='grc' dir='ltr'>κληρονομή-</span> 
     </span>
    </p>
   </div>
   <div class='ocr_carea' id='block_1_26' title="bbox 620 1639 2215 1726">
    <p class='ocr_par' dir='ltr' id='par_1_26' title="bbox 620 1639 2195 1704">
     <span class='ocr_line' id='line_1_26' title="bbox 620 1639 2195 1704; baseline 0.007 -12"><span class='ocrx_word' id='word_1_203' title='bbox 620 1639 818 1695; x_wconf 55' lang='grc' dir='ltr'><strong>νίὣῑίι</strong></span> <span class='ocrx_word' id='word_1_204' title='bbox 881 1657 982 1697; x_wconf 88' lang='lat' dir='ltr'><strong>nec</strong></span> <span class='ocrx_word' id='word_1_205' title='bbox 1043 1645 1190 1698; x_wconf 86' lang='lat' dir='ltr'><strong>auris</strong></span> <span class='ocrx_word' id='word_1_206' title='bbox 1250 1647 1523 1701; x_wconf 83' lang='lat' dir='ltr'><strong>audiverit</strong></span> <span class='ocrx_word' id='word_1_207' title='bbox 1566 1664 1668 1704; x_wconf 89' lang='lat' dir='ltr'><strong>nec</strong></span> <span class='ocrx_word' id='word_1_208' title='bbox 1711 1649 1764 1703; x_wconf 89' lang='lat' dir='ltr'><strong>in</strong></span> <span class='ocrx_word' id='word_1_209' title='bbox 1821 1664 1917 1703; x_wconf 87' lang='lat' dir='ltr'><strong>cor</strong></span> <span class='ocrx_word' id='word_1_210' title='bbox 1955 1650 2195 1703; x_wconf 86' lang='lat' dir='ltr'><strong>hominis</strong></span> 
     </span>
    </p>
   </div>
   <div class='ocr_carea' id='block_1_27' title="bbox 2319 1639 3889 1726">
    <p class='ocr_par' dir='ltr' id='par_1_27' title="bbox 2319 1645 3889 1726">
     <span class='ocr_line' id='line_1_27' title="bbox 2319 1645 3889 1726; baseline 0.004 -30"><span class='ocrx_word' id='word_1_211' title='bbox 2319 1661 2433 1698; x_wconf 71' lang='grc' dir='ltr'>τατε</span> <span class='ocrx_word' id='word_1_212' title='bbox 2487 1645 2586 1717; x_wconf 78' lang='grc' dir='ltr'>τὴν</span> <span class='ocrx_word' id='word_1_213' title='bbox 2636 1649 3055 1718; x_wconf 75' lang='grc' dir='ltr'><strong>ἡτοιμασμένην</strong></span> <span class='ocrx_word' id='word_1_214' title='bbox 3088 1649 3218 1718; x_wconf 88' lang='grc' dir='ltr'>ὑμῖν</span> <span class='ocrx_word' id='word_1_215' title='bbox 3256 1649 3537 1726; x_wconf 77' lang='grc' dir='ltr'>βασιλείαν</span> <span class='ocrx_word' id='word_1_216' title='bbox 3569 1651 3677 1704; x_wconf 77' lang='grc' dir='ltr'><strong>ἀπὸ</strong></span> <span class='ocrx_word' id='word_1_217' title='bbox 3719 1667 3889 1703; x_wconf 79' lang='grc' dir='ltr'>καταο</span> 
     </span>
    </p>
   </div>
   <div class='ocr_carea' id='block_1_28' title="bbox 623 1736 2215 1813">
    <p class='ocr_par' dir='ltr' id='par_1_28' title="bbox 623 1736 2191 1811">
     <span class='ocr_line' id='line_1_28' title="bbox 623 1736 2191 1811; baseline 0.004 -23"><span class='ocrx_word' id='word_1_218' title='bbox 623 1736 930 1790; x_wconf 83' lang='lat' dir='ltr'><strong>ascenderit</strong></span> <span class='ocrx_word' id='word_1_219' title='bbox 970 1754 1090 1806; x_wconf 70' lang='lat' dir='ltr'><strong>quae</strong></span> <span class='ocrx_word' id='word_1_220' title='bbox 1121 1742 1447 1809; x_wconf 71' lang='lat' dir='ltr'><strong>prmparavit</strong></span> <span class='ocrx_word' id='word_1_221' title='bbox 1482 1740 1624 1796; x_wconf 81' lang='lat' dir='ltr'><strong>Deus</strong></span> <span class='ocrx_word' id='word_1_222' title='bbox 1661 1742 2016 1811; x_wconf 80' lang='lat' dir='ltr'><strong>diligentibus</strong></span> <span class='ocrx_word' id='word_1_223' title='bbox 2047 1759 2126 1798; x_wconf 92' lang='lat' dir='ltr'><strong>se.</strong></span> <span class='ocrx_word' id='word_1_224' title='bbox 2173 1763 2191 1794; x_wconf 76' lang='grc' dir='ltr'><strong>ι</strong></span> 
     </span>
    </p>
   </div>
   <div class='ocr_carea' id='block_1_29' title="bbox 2319 1736 3892 1813">
    <p class='ocr_par' dir='ltr' id='par_1_29' title="bbox 2319 1739 3892 1813">
     <span class='ocr_line' id='line_1_29' title="bbox 2319 1739 3892 1813; baseline 0.001 -23"><span class='ocrx_word' id='word_1_225' title='bbox 2319 1739 2468 1810; x_wconf 57' lang='lat' dir='ltr'><strong>Sal-ﬁ;</strong></span> <span class='ocrx_word' id='word_1_226' title='bbox 2503 1742 2728 1809; x_wconf 74' lang='grc' dir='ltr'>κόσμου.</span> <span class='ocrx_word' id='word_1_227' title='bbox 2762 1761 2779 1792; x_wconf 76' lang='grc' dir='ltr'><strong>ι</strong></span> <span class='ocrx_word' id='word_1_228' title='bbox 2823 1743 2902 1796; x_wconf 77' lang='grc' dir='ltr'><strong>Τὰ</strong></span> <span class='ocrx_word' id='word_1_229' title='bbox 2931 1743 2986 1795; x_wconf 78' lang='grc' dir='ltr'><strong>δὲ</strong></span> <span class='ocrx_word' id='word_1_230' title='bbox 3019 1741 3120 1812; x_wconf 86' lang='grc' dir='ltr'>τῆς</span> <span class='ocrx_word' id='word_1_231' title='bbox 3144 1743 3421 1813; x_wconf 77' lang='grc' dir='ltr'>βασιλείας</span> <span class='ocrx_word' id='word_1_232' title='bbox 3440 1742 3655 1812; x_wconf 66' lang='grc' dir='ltr'>ἐκείνης</span> <span class='ocrx_word' id='word_1_233' title='bbox 3685 1741 3892 1808; x_wconf 62' lang='grc' dir='ltr'>ἀγαθὰ,</span> 
     </span>
    </p>
   </div>
   <div class='ocr_carea' id='block_1_30' title="bbox 624 1827 2215 1904">
    <p class='ocr_par' dir='ltr' id='par_1_30' title="bbox 624 1827 2199 1904">
     <span class='ocr_line' id='line_1_30' title="bbox 624 1827 2199 1904; baseline 0.005 -25"><span class='ocrx_word' id='word_1_234' title='bbox 624 1827 747 1881; x_wconf 56' lang='lat' dir='ltr'><strong>llr-0</strong></span> <span class='ocrx_word' id='word_1_235' title='bbox 806 1829 965 1884; x_wconf 82' lang='lat' dir='ltr'><strong>docet</strong></span> <span class='ocrx_word' id='word_1_236' title='bbox 1006 1830 1325 1895; x_wconf 56' lang='lat' dir='ltr'><strong>Dominus-9</strong></span> <span class='ocrx_word' id='word_1_237' title='bbox 1371 1853 1388 1886; x_wconf 82' lang='grc' dir='ltr'><strong>ι</strong></span> <span class='ocrx_word' id='word_1_238' title='bbox 1426 1834 1632 1890; x_wconf 74' lang='lat' dir='ltr'><strong>(Icelum</strong></span> <span class='ocrx_word' id='word_1_239' title='bbox 1689 1845 1742 1889; x_wconf 85' lang='lat' dir='ltr'><strong>et</strong></span> <span class='ocrx_word' id='word_1_240' title='bbox 1789 1844 1930 1904; x_wconf 67' lang='lat' dir='ltr'><strong>terra</strong></span> <span class='ocrx_word' id='word_1_241' title='bbox 1991 1836 2199 1890; x_wconf 89' lang='lat' dir='ltr'><strong>transi-</strong></span> 
     </span>
    </p>
   </div>
   <div class='ocr_carea' id='block_1_31' title="bbox 2319 1827 3892 1904">
    <p class='ocr_par' dir='ltr' id='par_1_31' title="bbox 2319 1831 3892 1904">
     <span class='ocr_line' id='line_1_31' title="bbox 2319 1831 3892 1904; baseline 0.003 -21"><span class='ocrx_word' id='word_1_242' title='bbox 2319 1835 2442 1899; x_wconf 69' lang='grc' dir='ltr'>ρησὶ</span> <span class='ocrx_word' id='word_1_243' title='bbox 2479 1831 2715 1896; x_wconf 82' lang='grc' dir='ltr'><strong>Παῦλος,</strong></span> <span class='ocrx_word' id='word_1_244' title='bbox 2745 1833 2992 1897; x_wconf 87' lang='grc' dir='ltr'>τοιαῦτα,</span> <span class='ocrx_word' id='word_1_245' title='bbox 3022 1834 3104 1886; x_wconf 82' lang='grc' dir='ltr'><strong>ὅτι</strong></span> <span class='ocrx_word' id='word_1_246' title='bbox 3141 1853 3159 1885; x_wconf 82' lang='grc' dir='ltr'><strong>ι</strong></span> <span class='ocrx_word' id='word_1_247' title='bbox 3211 1834 3524 1904; x_wconf 82' lang='grc' dir='ltr'>Ὀφθαλμὺς</span> <span class='ocrx_word' id='word_1_248' title='bbox 3577 1833 3755 1886; x_wconf 86' lang='grc' dir='ltr'>ταῦτα</span> <span class='ocrx_word' id='word_1_249' title='bbox 3789 1835 3892 1887; x_wconf 88' lang='grc' dir='ltr'><strong>οὑκ</strong></span> 
     </span>
    </p>
   </div>
   <div class='ocr_carea' id='block_1_32' title="bbox 625 1922 2215 1998">
    <p class='ocr_par' dir='ltr' id='par_1_32' title="bbox 625 1924 2201 1998">
     <span class='ocr_line' id='line_1_32' title="bbox 625 1924 2201 1998; baseline 0.006 -22"><span class='ocrx_word' id='word_1_250' title='bbox 625 1924 795 1990; x_wconf 81' lang='lat' dir='ltr'><strong>hunt;</strong></span> <span class='ocrx_word' id='word_1_251' title='bbox 827 1943 843 1975; x_wconf 76' lang='grc' dir='ltr'><strong>ι</strong></span> <span class='ocrx_word' id='word_1_252' title='bbox 876 1925 1234 1996; x_wconf 74' lang='lat' dir='ltr'><strong>prohibetque</strong></span> <span class='ocrx_word' id='word_1_253' title='bbox 1267 1926 1468 1984; x_wconf 82' lang='lat' dir='ltr'><strong>Paulus</strong></span> <span class='ocrx_word' id='word_1_254' title='bbox 1498 1943 1565 1982; x_wconf 91' lang='lat' dir='ltr'><strong>ne</strong></span> <span class='ocrx_word' id='word_1_255' title='bbox 1589 1929 1655 1982; x_wconf 92' lang='lat' dir='ltr'><strong>de</strong></span> <span class='ocrx_word' id='word_1_256' title='bbox 1688 1928 1770 1983; x_wconf 89' lang='lat' dir='ltr'><strong>his</strong></span> <span class='ocrx_word' id='word_1_257' title='bbox 1804 1945 1924 1998; x_wconf 61' lang='lat' dir='ltr'><strong>quae.</strong></span> <span class='ocrx_word' id='word_1_258' title='bbox 1953 1931 2201 1985; x_wconf 84' lang='lat' dir='ltr'><strong>videntur</strong></span> 
     </span>
    </p>
   </div>
   <div class='ocr_carea' id='block_1_33' title="bbox 2319 1922 3894 1998">
    <p class='ocr_par' dir='ltr' id='par_1_33' title="bbox 2319 1922 3894 1996">
     <span class='ocr_line' id='line_1_33' title="bbox 2319 1922 3894 1996; baseline 0.001 -19"><span class='ocrx_word' id='word_1_259' title='bbox 2319 1922 2434 1988; x_wconf 78' lang='grc' dir='ltr'>&gt;ἷδε,</span> <span class='ocrx_word' id='word_1_260' title='bbox 2471 1928 2563 1979; x_wconf 80' lang='grc' dir='ltr'><strong>καὶ</strong></span> <span class='ocrx_word' id='word_1_261' title='bbox 2591 1923 2683 1989; x_wconf 79' lang='grc' dir='ltr'><strong>οῦς</strong></span> <span class='ocrx_word' id='word_1_262' title='bbox 2723 1923 2834 1978; x_wconf 57' lang='grc' dir='ltr'><strong>οὐκ</strong></span> <span class='ocrx_word' id='word_1_263' title='bbox 2853 1928 3078 1996; x_wconf 66' lang='grc' dir='ltr'>ἤκουσε,</span> <span class='ocrx_word' id='word_1_264' title='bbox 3131 1927 3225 1980; x_wconf 77' lang='grc' dir='ltr'>καὶ</span> <span class='ocrx_word' id='word_1_265' title='bbox 3287 1927 3378 1978; x_wconf 71' lang='grc' dir='ltr'>ἐπὶ</span> <span class='ocrx_word' id='word_1_266' title='bbox 3410 1925 3637 1994; x_wconf 80' lang='grc' dir='ltr'><strong>καρδίαν</strong></span> <span class='ocrx_word' id='word_1_267' title='bbox 3679 1925 3894 1994; x_wconf 84' lang='grc' dir='ltr'>ἀνθρὼ-</span> 
     </span>
    </p>
   </div>
   <div class='ocr_carea' id='block_1_34' title="bbox 625 2015 2215 2090">
    <p class='ocr_par' dir='ltr' id='par_1_34' title="bbox 625 2015 2197 2090">
     <span class='ocr_line' id='line_1_34' title="bbox 625 2015 2197 2090; baseline 0.007 -24"><span class='ocrx_word' id='word_1_268' title='bbox 625 2015 845 2069; x_wconf 80' lang='lat' dir='ltr'><strong>solliciti</strong></span> <span class='ocrx_word' id='word_1_269' title='bbox 876 2017 1088 2084; x_wconf 85' lang='lat' dir='ltr'><strong>simtts;</strong></span> <span class='ocrx_word' id='word_1_270' title='bbox 1122 2034 1244 2073; x_wconf 87' lang='lat' dir='ltr'><strong>nam</strong></span> <span class='ocrx_word' id='word_1_271' title='bbox 1277 2035 1398 2089; x_wconf 74' lang='lat' dir='ltr'><strong>quae</strong></span> <span class='ocrx_word' id='word_1_272' title='bbox 1421 2021 1679 2076; x_wconf 79' lang='lat' dir='ltr'><strong>videntur</strong></span> <span class='ocrx_word' id='word_1_273' title='bbox 1707 2023 2026 2090; x_wconf 80' lang='lat' dir='ltr'><strong>temporalia</strong></span> <span class='ocrx_word' id='word_1_274' title='bbox 2052 2034 2197 2088; x_wconf 85' lang='lat' dir='ltr'><strong>sunt,</strong></span> 
     </span>
    </p>
   </div>
   <div class='ocr_carea' id='block_1_35' title="bbox 2319 2015 3896 2090">
    <p class='ocr_par' dir='ltr' id='par_1_35' title="bbox 2319 2019 3896 2088">
     <span class='ocr_line' id='line_1_35' title="bbox 2319 2019 3896 2088; baseline 0.002 -17"><span class='ocrx_word' id='word_1_275' title='bbox 2319 2035 2408 2072; x_wconf 73' lang='grc' dir='ltr'><strong>που</strong></span> <span class='ocrx_word' id='word_1_276' title='bbox 2441 2020 2540 2073; x_wconf 75' lang='grc' dir='ltr'>οὒκ</span> <span class='ocrx_word' id='word_1_277' title='bbox 2565 2019 2754 2088; x_wconf 75' lang='grc' dir='ltr'>ἀνέϐη.</span> <span class='ocrx_word' id='word_1_278' title='bbox 2787 2019 2821 2072; x_wconf 72' lang='grc' dir='ltr'>ἃ</span> <span class='ocrx_word' id='word_1_279' title='bbox 2859 2019 3160 2087; x_wconf 72' lang='grc' dir='ltr'>ἡτοίμασεν</span> <span class='ocrx_word' id='word_1_280' title='bbox 3208 2022 3234 2073; x_wconf 97' lang='lat'><strong>6</strong></span> <span class='ocrx_word' id='word_1_281' title='bbox 3281 2019 3416 2081; x_wconf 77' lang='grc' dir='ltr'>Θεὸς</span> <span class='ocrx_word' id='word_1_282' title='bbox 3453 2023 3565 2079; x_wconf 88' lang='grc' dir='ltr'>τοῖς</span> <span class='ocrx_word' id='word_1_283' title='bbox 3598 2020 3896 2087; x_wconf 75' lang='grc' dir='ltr'><strong>ἀγαπῶσιν</strong></span> 
     </span>
    </p>
   </div>
   <div class='ocr_carea' id='block_1_36' title="bbox 622 2111 2215 2184">
    <p class='ocr_par' dir='ltr' id='par_1_36' title="bbox 622 2113 2198 2172">
     <span class='ocr_line' id='line_1_36' title="bbox 622 2113 2198 2172; baseline 0.008 -15"><span class='ocrx_word' id='word_1_284' title='bbox 622 2123 746 2172; x_wconf 77' lang='lat' dir='ltr'><strong>qua:</strong></span> <span class='ocrx_word' id='word_1_285' title='bbox 776 2119 954 2161; x_wconf 90' lang='lat' dir='ltr'><strong>autem</strong></span> <span class='ocrx_word' id='word_1_286' title='bbox 988 2124 1092 2163; x_wconf 91' lang='lat' dir='ltr'><strong>non</strong></span> <span class='ocrx_word' id='word_1_287' title='bbox 1127 2113 1380 2165; x_wconf 82' lang='lat' dir='ltr'><strong>videntur</strong></span> <span class='ocrx_word' id='word_1_288' title='bbox 1417 2124 1618 2167; x_wconf 74' lang='lat' dir='ltr'><strong>aeterna</strong></span> <span class='ocrx_word' id='word_1_289' title='bbox 1655 2125 1802 2170; x_wconf 90' lang='lat' dir='ltr'><strong>sunt.</strong></span> <span class='ocrx_word' id='word_1_290' title='bbox 1853 2114 1955 2168; x_wconf 80' lang='lat' dir='ltr'><strong>Et:</strong></span> <span class='ocrx_word' id='word_1_291' title='bbox 2004 2135 2021 2166; x_wconf 81' lang='grc' dir='ltr'><strong>ι</strong></span> <span class='ocrx_word' id='word_1_292' title='bbox 2063 2115 2198 2170; x_wconf 73' lang='grc' dir='ltr'><strong>(ΣωΙί</strong></span> 
     </span>
    </p>
   </div>
   <div class='ocr_carea' id='block_1_37' title="bbox 2319 2111 3891 2184">
    <p class='ocr_par' dir='ltr' id='par_1_37' title="bbox 2319 2111 3891 2184">
     <span class='ocr_line' id='line_1_37' title="bbox 2319 2111 3891 2184; baseline 0.003 -21"><span class='ocrx_word' id='word_1_293' title='bbox 2319 2112 2463 2163; x_wconf 84' lang='grc' dir='ltr'>ιὺτόν</span> <span class='ocrx_word' id='word_1_294' title='bbox 2504 2131 2546 2163; x_wconf 79' lang='grc' dir='ltr'>ι.</span> <span class='ocrx_word' id='word_1_295' title='bbox 2590 2112 2695 2164; x_wconf 67' lang='grc' dir='ltr'>Καὶ</span> <span class='ocrx_word' id='word_1_296' title='bbox 2716 2113 2794 2164; x_wconf 81' lang='grc' dir='ltr'>ὅτι</span> <span class='ocrx_word' id='word_1_297' title='bbox 2826 2111 2852 2163; x_wconf 88' lang='lat'><strong>6</strong></span> <span class='ocrx_word' id='word_1_298' title='bbox 2895 2112 3126 2180; x_wconf 73' lang='grc' dir='ltr'>οὐρανὸς</span> <span class='ocrx_word' id='word_1_299' title='bbox 3162 2114 3256 2166; x_wconf 68' lang='grc' dir='ltr'><strong>καὶ</strong></span> <span class='ocrx_word' id='word_1_300' title='bbox 3281 2117 3310 2184; x_wconf 79' lang='grc' dir='ltr'>ἡ</span> <span class='ocrx_word' id='word_1_301' title='bbox 3340 2115 3409 2183; x_wconf 85' lang='grc' dir='ltr'>γῆ</span> <span class='ocrx_word' id='word_1_302' title='bbox 3449 2113 3891 2181; x_wconf 70' lang='grc' dir='ltr'>παρελεύσονται</span> 
     </span>
    </p>
   </div>
   <div class='ocr_carea' id='block_1_38' title="bbox 622 2197 2215 2276">
    <p class='ocr_par' dir='ltr' id='par_1_38' title="bbox 622 2197 2197 2276">
     <span class='ocr_line' id='line_1_38' title="bbox 622 2197 2197 2276; baseline 0.004 -23"><span class='ocrx_word' id='word_1_303' title='bbox 622 2197 766 2255; x_wconf 85' lang='lat' dir='ltr'><strong>sicut</strong></span> <span class='ocrx_word' id='word_1_304' title='bbox 791 2201 924 2255; x_wconf 90' lang='lat' dir='ltr'><strong>liber</strong></span> <span class='ocrx_word' id='word_1_305' title='bbox 950 2202 1445 2271; x_wconf 87' lang='lat' dir='ltr'><strong>complicahuutur;</strong></span> <span class='ocrx_word' id='word_1_306' title='bbox 1469 2224 1486 2256; x_wconf 73' lang='grc' dir='ltr'><strong>ι</strong></span> <span class='ocrx_word' id='word_1_307' title='bbox 1512 2206 1758 2276; x_wconf 83' lang='lat' dir='ltr'><strong>dixitque</strong></span> <span class='ocrx_word' id='word_1_308' title='bbox 1785 2207 2006 2262; x_wconf 87' lang='lat' dir='ltr'><strong>Petrus:</strong></span> <span class='ocrx_word' id='word_1_309' title='bbox 2035 2209 2197 2263; x_wconf 74' lang='grc' dir='ltr'>«εωιί</span> 
     </span>
    </p>
   </div>
   <div class='ocr_carea' id='block_1_39' title="bbox 2319 2197 3894 2276">
    <p class='ocr_par' dir='ltr' id='par_1_39' title="bbox 2319 2204 3894 2276">
     <span class='ocr_line' id='line_1_39' title="bbox 2319 2204 3894 2276; baseline 0.001 -20"><span class='ocrx_word' id='word_1_310' title='bbox 2319 2205 2547 2257; x_wconf 68' lang='grc' dir='ltr'>διδάσκει</span> <span class='ocrx_word' id='word_1_311' title='bbox 2572 2205 2598 2256; x_wconf 91' lang='lat'><strong>6</strong></span> <span class='ocrx_word' id='word_1_312' title='bbox 2626 2205 2850 2275; x_wconf 82' lang='grc' dir='ltr'>Κύριος.</span> <span class='ocrx_word' id='word_1_313' title='bbox 2882 2206 2994 2258; x_wconf 81' lang='grc' dir='ltr'><strong>Καὶ</strong></span> <span class='ocrx_word' id='word_1_314' title='bbox 3023 2205 3084 2259; x_wconf 87' lang='grc' dir='ltr'><strong>οὑ</strong></span> <span class='ocrx_word' id='word_1_315' title='bbox 3114 2205 3194 2258; x_wconf 87' lang='grc' dir='ltr'><strong>δεῖ</strong></span> <span class='ocrx_word' id='word_1_316' title='bbox 3219 2207 3346 2275; x_wconf 69' lang='grc' dir='ltr'>περὶ</span> <span class='ocrx_word' id='word_1_317' title='bbox 3373 2205 3480 2260; x_wconf 85' lang='grc' dir='ltr'><strong>τῶν</strong></span> <span class='ocrx_word' id='word_1_318' title='bbox 3533 2204 3894 2276; x_wconf 83' lang='grc' dir='ltr'>βλεπομένων</span> 
     </span>
    </p>
   </div>
   <div class='ocr_carea' id='block_1_40' title="bbox 623 2293 2215 2369">
    <p class='ocr_par' dir='ltr' id='par_1_40' title="bbox 623 2293 2201 2365">
     <span class='ocr_line' id='line_1_40' title="bbox 623 2293 2201 2365; baseline 0.009 -23"><span class='ocrx_word' id='word_1_319' title='bbox 623 2293 839 2363; x_wconf 83' lang='lat' dir='ltr'><strong>quidem</strong></span> <span class='ocrx_word' id='word_1_320' title='bbox 878 2309 1073 2365; x_wconf 83' lang='lat' dir='ltr'><strong>magno</strong></span> <span class='ocrx_word' id='word_1_321' title='bbox 1101 2296 1332 2350; x_wconf 87' lang='lat' dir='ltr'><strong>stridore</strong></span> <span class='ocrx_word' id='word_1_322' title='bbox 1365 2298 1704 2363; x_wconf 84' lang='lat' dir='ltr'><strong>transibunt.</strong></span> <span class='ocrx_word' id='word_1_323' title='bbox 1749 2300 2016 2354; x_wconf 75' lang='lat' dir='ltr'><strong>elementa</strong></span> <span class='ocrx_word' id='word_1_324' title='bbox 2071 2318 2201 2356; x_wconf 83' lang='lat' dir='ltr'><strong>vero</strong></span> 
     </span>
    </p>
   </div>
   <div class='ocr_carea' id='block_1_41' title="bbox 2319 2293 3894 2369">
    <p class='ocr_par' dir='ltr' id='par_1_41' title="bbox 2319 2297 3894 2369">
     <span class='ocr_line' id='line_1_41' title="bbox 2319 2297 3894 2369; baseline 0.001 -19"><span class='ocrx_word' id='word_1_325' title='bbox 2319 2299 2474 2366; x_wconf 58' lang='lat' dir='ltr'><strong>5pd;,</strong></span> <span class='ocrx_word' id='word_1_326' title='bbox 2513 2297 2722 2358; x_wconf 82' lang='grc' dir='ltr'>Παῦλός</span> <span class='ocrx_word' id='word_1_327' title='bbox 2758 2315 2914 2365; x_wconf 87' lang='grc' dir='ltr'>φησι,</span> <span class='ocrx_word' id='word_1_328' title='bbox 2958 2299 3254 2367; x_wconf 85' lang='grc' dir='ltr'>μεριμνᾷν.</span> <span class='ocrx_word' id='word_1_329' title='bbox 3290 2298 3370 2352; x_wconf 75' lang='grc' dir='ltr'><strong>Τὰ</strong></span> <span class='ocrx_word' id='word_1_330' title='bbox 3425 2297 3535 2369; x_wconf 84' lang='grc' dir='ltr'><strong>γάρ</strong></span> <span class='ocrx_word' id='word_1_331' title='bbox 3576 2297 3894 2366; x_wconf 77' lang='grc' dir='ltr'>βλεπόμενα</span> 
     </span>
    </p>
   </div>
   <div class='ocr_carea' id='block_1_42' title="bbox 623 2386 2215 2462">
    <p class='ocr_par' dir='ltr' id='par_1_42' title="bbox 623 2386 2200 2462">
     <span class='ocr_line' id='line_1_42' title="bbox 623 2386 2200 2462; baseline 0.008 -26"><span class='ocrx_word' id='word_1_332' title='bbox 623 2386 1160 2454; x_wconf 78' lang='lat' dir='ltr'><strong>ealore’solvcntur;</strong></span> <span class='ocrx_word' id='word_1_333' title='bbox 1195 2397 1336 2443; x_wconf 82' lang='lat' dir='ltr'><strong>terra</strong></span> <span class='ocrx_word' id='word_1_334' title='bbox 1383 2398 1564 2445; x_wconf 87' lang='lat' dir='ltr'><strong>autem</strong></span> <span class='ocrx_word' id='word_1_335' title='bbox 1603 2401 1656 2446; x_wconf 89' lang='lat' dir='ltr'><strong>et</strong></span> <span class='ocrx_word' id='word_1_336' title='bbox 1685 2408 1807 2462; x_wconf 72' lang='lat' dir='ltr'><strong>qua:</strong></span> <span class='ocrx_word' id='word_1_337' title='bbox 1839 2394 1889 2446; x_wconf 92' lang='lat' dir='ltr'><strong>in</strong></span> <span class='ocrx_word' id='word_1_338' title='bbox 1923 2393 2034 2462; x_wconf 89' lang='lat' dir='ltr'><strong>ipsa</strong></span> <span class='ocrx_word' id='word_1_339' title='bbox 2072 2407 2200 2449; x_wconf 89' lang='lat' dir='ltr'><strong>sunt</strong></span> 
     </span>
    </p>
   </div>
   <div class='ocr_carea' id='block_1_43' title="bbox 2319 2386 3896 2462">
    <p class='ocr_par' dir='ltr' id='par_1_43' title="bbox 2319 2389 3896 2461">
     <span class='ocr_line' id='line_1_43' title="bbox 2319 2389 3896 2461; baseline 0 -19"><span class='ocrx_word' id='word_1_340' title='bbox 2319 2391 2637 2461; x_wconf 70' lang='grc' dir='ltr'>πρόσκαιρα.</span> <span class='ocrx_word' id='word_1_341' title='bbox 2663 2389 2730 2442; x_wconf 69' lang='grc' dir='ltr'>τὰ</span> <span class='ocrx_word' id='word_1_342' title='bbox 2761 2391 2816 2443; x_wconf 82' lang='grc' dir='ltr'><strong>δὲ</strong></span> <span class='ocrx_word' id='word_1_343' title='bbox 2851 2390 2925 2459; x_wconf 83' lang='grc' dir='ltr'>μὴ</span> <span class='ocrx_word' id='word_1_344' title='bbox 2965 2390 3276 2460; x_wconf 78' lang='grc' dir='ltr'>βλεπόμενα</span> <span class='ocrx_word' id='word_1_345' title='bbox 3325 2390 3543 2444; x_wconf 84' lang='grc' dir='ltr'>αἰώνια.</span> <span class='ocrx_word' id='word_1_346' title='bbox 3580 2390 3689 2443; x_wconf 77' lang='grc' dir='ltr'><strong>Καὶ</strong></span> <span class='ocrx_word' id='word_1_347' title='bbox 3743 2391 3770 2443; x_wconf 87' lang='lat'><strong>6</strong></span> <span class='ocrx_word' id='word_1_348' title='bbox 3798 2389 3896 2443; x_wconf 79' lang='grc' dir='ltr'>οὑ-</span> 
     </span>
    </p>
   </div>
   <div class='ocr_carea' id='block_1_44' title="bbox 626 2483 2198 2553">
    <p class='ocr_par' dir='ltr' id='par_1_44' title="bbox 626 2483 2198 2553">
     <span class='ocr_line' id='line_1_44' title="bbox 626 2483 2198 2553; baseline 0.009 -24"><span class='ocrx_word' id='word_1_349' title='bbox 626 2491 788 2545; x_wconf 90' lang='lat' dir='ltr'><strong>opera</strong></span> <span class='ocrx_word' id='word_1_350' title='bbox 842 2489 1165 2536; x_wconf 82' lang='lat' dir='ltr'><strong>exnrentur.</strong></span> <span class='ocrx_word' id='word_1_351' title='bbox 1204 2501 1221 2532; x_wconf 75' lang='grc' dir='ltr'><strong>ι</strong></span> <span class='ocrx_word' id='word_1_352' title='bbox 1257 2485 1323 2536; x_wconf 84' lang='lat' dir='ltr'><strong>At</strong></span> <span class='ocrx_word' id='word_1_353' title='bbox 1380 2483 1466 2538; x_wconf 86' lang='lat' dir='ltr'><strong>his</strong></span> <span class='ocrx_word' id='word_1_354' title='bbox 1511 2485 1768 2540; x_wconf 92' lang='lat' dir='ltr'><strong>omnibus</strong></span> <span class='ocrx_word' id='word_1_355' title='bbox 1808 2488 2198 2553; x_wconf 83' lang='lat' dir='ltr'><strong>dissolvemlis,</strong></span> 
     </span>
    </p>
   </div>
   <div class='ocr_carea' id='block_1_45' title="bbox 625 2571 2202 2644">
    <p class='ocr_par' dir='ltr' id='par_1_45' title="bbox 625 2571 2202 2644">
     <span class='ocr_line' id='line_1_45' title="bbox 625 2571 2202 2644; baseline 0.007 -23"><span class='ocrx_word' id='word_1_356' title='bbox 625 2571 817 2640; x_wconf 82' lang='lat' dir='ltr'><strong>quales</strong></span> <span class='ocrx_word' id='word_1_357' title='bbox 843 2587 942 2626; x_wconf 88' lang='lat' dir='ltr'><strong>nos</strong></span> <span class='ocrx_word' id='word_1_358' title='bbox 967 2588 1087 2628; x_wconf 79' lang='lat' dir='ltr'><strong>esse</strong></span> <span class='ocrx_word' id='word_1_359' title='bbox 1116 2575 1372 2644; x_wconf 89' lang='lat' dir='ltr'><strong>oportet?</strong></span> <span class='ocrx_word' id='word_1_360' title='bbox 1396 2575 1648 2631; x_wconf 78' lang='lat' dir='ltr'><strong>Profecto</strong></span> <span class='ocrx_word' id='word_1_361' title='bbox 1681 2577 1733 2632; x_wconf 93' lang='lat' dir='ltr'><strong>in</strong></span> <span class='ocrx_word' id='word_1_362' title='bbox 1763 2589 1950 2633; x_wconf 90' lang='lat' dir='ltr'><strong>sancta</strong></span> <span class='ocrx_word' id='word_1_363' title='bbox 1976 2596 2202 2634; x_wconf 70' lang='lat' dir='ltr'><strong>contu-r-</strong></span> 
     </span>
    </p>
   </div>
   <div class='ocr_carea' id='block_1_46' title="bbox 627 2666 2201 2740">
    <p class='ocr_par' dir='ltr' id='par_1_46' title="bbox 627 2666 2201 2740">
     <span class='ocr_line' id='line_1_46' title="bbox 627 2666 2201 2740; baseline 0.007 -23"><span class='ocrx_word' id='word_1_364' title='bbox 627 2666 843 2721; x_wconf 89' lang='lat' dir='ltr'><strong>satione</strong></span> <span class='ocrx_word' id='word_1_365' title='bbox 895 2668 1266 2738; x_wconf 82' lang='lat' dir='ltr'><strong>operibusque</strong></span> <span class='ocrx_word' id='word_1_366' title='bbox 1303 2670 1519 2738; x_wconf 87' lang='lat' dir='ltr'><strong>pietatis</strong></span> <span class='ocrx_word' id='word_1_367' title='bbox 1571 2681 1952 2740; x_wconf 81' lang='lat' dir='ltr'><strong>exspectantes</strong></span> <span class='ocrx_word' id='word_1_368' title='bbox 1990 2674 2201 2728; x_wconf 90' lang='lat' dir='ltr'><strong>Domini</strong></span> 
     </span>
    </p>
   </div>
   <div class='ocr_carea' id='block_1_47' title="bbox 628 2755 2199 2831">
    <p class='ocr_par' dir='ltr' id='par_1_47' title="bbox 628 2755 2199 2831">
     <span class='ocr_line' id='line_1_47' title="bbox 628 2755 2199 2831; baseline 0.006 -22"><span class='ocrx_word' id='word_1_369' title='bbox 628 2758 799 2811; x_wconf 89' lang='lat' dir='ltr'><strong>nostri</strong></span> <span class='ocrx_word' id='word_1_370' title='bbox 835 2755 964 2812; x_wconf 81' lang='lat' dir='ltr'><strong>Jesu</strong></span> <span class='ocrx_word' id='word_1_371' title='bbox 991 2758 1545 2824; x_wconf 62' lang='lat' dir='ltr'><strong>Cbt&#39;istradventutn,</strong></span> <span class='ocrx_word' id='word_1_372' title='bbox 1578 2760 1646 2814; x_wconf 85' lang='lat' dir='ltr'><strong>de</strong></span> <span class='ocrx_word' id='word_1_373' title='bbox 1680 2777 1787 2831; x_wconf 90' lang='lat' dir='ltr'><strong>quo</strong></span> <span class='ocrx_word' id='word_1_374' title='bbox 1817 2778 1917 2816; x_wconf 88' lang='lat' dir='ltr'><strong>nos</strong></span> <span class='ocrx_word' id='word_1_375' title='bbox 1949 2777 2069 2819; x_wconf 89' lang='lat' dir='ltr'><strong>esse</strong></span> <span class='ocrx_word' id='word_1_376' title='bbox 2094 2767 2199 2818; x_wconf 82' lang='lat' dir='ltr'><strong>sul-</strong></span> 
     </span>
    </p>
   </div>
   <div class='ocr_carea' id='block_1_48' title="bbox 626 2848 2205 2918">
    <p class='ocr_par' dir='ltr' id='par_1_48' title="bbox 626 2848 2205 2918">
     <span class='ocr_line' id='line_1_48' title="bbox 626 2848 2205 2918; baseline 0.004 -17"><span class='ocrx_word' id='word_1_377' title='bbox 626 2848 807 2903; x_wconf 72' lang='lat' dir='ltr'><strong>liritos</strong></span> <span class='ocrx_word' id='word_1_378' title='bbox 834 2857 1072 2918; x_wconf 82' lang='lat' dir='ltr'><strong>Oportet.</strong></span> <span class='ocrx_word' id='word_1_379' title='bbox 1109 2849 1366 2916; x_wconf 68' lang='lat' dir='ltr'><strong>Quasnam</strong></span> <span class='ocrx_word' id='word_1_380' title='bbox 1413 2854 1556 2905; x_wconf 85' lang='lat' dir='ltr'><strong>enim</strong></span> <span class='ocrx_word' id='word_1_381' title='bbox 1612 2853 1819 2907; x_wconf 84' lang='lat' dir='ltr'><strong>utilitas</strong></span> <span class='ocrx_word' id='word_1_382' title='bbox 1849 2871 1914 2908; x_wconf 83' lang='lat' dir='ltr'><strong>ex</strong></span> <span class='ocrx_word' id='word_1_383' title='bbox 1963 2865 2205 2909; x_wconf 86' lang='lat' dir='ltr'><strong>contem-</strong></span> 
     </span>
    </p>
   </div>
   <div class='ocr_carea' id='block_1_49' title="bbox 629 2943 2200 3013">
    <p class='ocr_par' dir='ltr' id='par_1_49' title="bbox 629 2943 2200 3013">
     <span class='ocr_line' id='line_1_49' title="bbox 629 2943 2200 3013; baseline 0.006 -21"><span class='ocrx_word' id='word_1_384' title='bbox 629 2943 867 3010; x_wconf 72' lang='lat' dir='ltr'><strong>[lztliOIie</strong></span> <span class='ocrx_word' id='word_1_385' title='bbox 898 2955 1278 2998; x_wconf 82' lang='lat' dir='ltr'><strong>creaturarum</strong></span> <span class='ocrx_word' id='word_1_386' title='bbox 1298 2945 1322 2997; x_wconf 84' lang='lat'><strong>?</strong></span> <span class='ocrx_word' id='word_1_387' title='bbox 1341 2946 1619 3011; x_wconf 80' lang='lat' dir='ltr'><strong>Quantum</strong></span> <span class='ocrx_word' id='word_1_388' title='bbox 1649 2947 1769 3000; x_wconf 85' lang='lat' dir='ltr'><strong>inde.</strong></span> <span class='ocrx_word' id='word_1_389' title='bbox 1787 2957 1966 3013; x_wconf 86' lang='lat' dir='ltr'><strong>torpet</strong></span> <span class='ocrx_word' id='word_1_390' title='bbox 1987 2949 2164 3002; x_wconf 90' lang='lat' dir='ltr'><strong>anima</strong></span> <span class='ocrx_word' id='word_1_391' title='bbox 2188 2952 2200 3002; x_wconf 92' lang='lat'><strong>!</strong></span> 
     </span>
    </p>
   </div>
   <div class='ocr_carea' id='block_1_50' title="bbox 627 3032 2204 3098">
    <p class='ocr_par' dir='ltr' id='par_1_50' title="bbox 627 3032 2204 3098">
     <span class='ocr_line' id='line_1_50' title="bbox 627 3032 2204 3098; baseline 0.005 -13"><span class='ocrx_word' id='word_1_392' title='bbox 627 3032 903 3098; x_wconf 82' lang='lat' dir='ltr'><strong>Quantum</strong></span> <span class='ocrx_word' id='word_1_393' title='bbox 939 3035 1061 3088; x_wconf 90' lang='lat' dir='ltr'><strong>inde</strong></span> <span class='ocrx_word' id='word_1_394' title='bbox 1095 3037 1440 3090; x_wconf 74' lang='lat' dir='ltr'><strong>conteritur!</strong></span> <span class='ocrx_word' id='word_1_395' title='bbox 1476 3039 1578 3091; x_wconf 91' lang='lat' dir='ltr'><strong>nisi</strong></span> <span class='ocrx_word' id='word_1_396' title='bbox 1621 3039 1785 3092; x_wconf 87' lang='lat' dir='ltr'><strong>etiam</strong></span> <span class='ocrx_word' id='word_1_397' title='bbox 1823 3038 1949 3095; x_wconf 88' lang='lat' dir='ltr'><strong>inde</strong></span> <span class='ocrx_word' id='word_1_398' title='bbox 1988 3050 2204 3094; x_wconf 84' lang='lat' dir='ltr'><strong>crescat</strong></span> 
     </span>
    </p>
   </div>
   <div class='ocr_carea' id='block_1_51' title="bbox 631 3127 2207 3204">
    <p class='ocr_par' dir='ltr' id='par_1_51' title="bbox 631 3127 2207 3204">
     <span class='ocr_line' id='line_1_51' title="bbox 631 3127 2207 3204; baseline 0.006 -24"><span class='ocrx_word' id='word_1_399' title='bbox 631 3127 1007 3198; x_wconf 65' lang='lat' dir='ltr'><strong>praesumptio,</strong></span> <span class='ocrx_word' id='word_1_400' title='bbox 1035 3130 1311 3201; x_wconf 91' lang='lat' dir='ltr'><strong>impiaque</strong></span> <span class='ocrx_word' id='word_1_401' title='bbox 1345 3131 1564 3202; x_wconf 85' lang='lat' dir='ltr'><strong>superbi</strong></span> <span class='ocrx_word' id='word_1_402' title='bbox 1598 3133 1947 3188; x_wconf 88' lang='lat' dir='ltr'><strong>tenebrarum</strong></span> <span class='ocrx_word' id='word_1_403' title='bbox 1979 3136 2207 3204; x_wconf 83' lang='lat' dir='ltr'><strong>spiritus</strong></span> 
     </span>
    </p>
   </div>
   <div class='ocr_carea' id='block_1_52' title="bbox 2311 2479 3894 2554">
    <p class='ocr_par' dir='ltr' id='par_1_52' title="bbox 2311 2479 3894 2554">
     <span class='ocr_line' id='line_1_52' title="bbox 2311 2479 3894 2554; baseline 0.001 -20"><span class='ocrx_word' id='word_1_404' title='bbox 2311 2484 2468 2554; x_wconf 78' lang='grc' dir='ltr'>ρανὺς</span> <span class='ocrx_word' id='word_1_405' title='bbox 2498 2483 2852 2554; x_wconf 82' lang='grc' dir='ltr'>είληθὴσεται</span> <span class='ocrx_word' id='word_1_406' title='bbox 2884 2485 2958 2544; x_wconf 80' lang='grc' dir='ltr'>ὡς</span> <span class='ocrx_word' id='word_1_407' title='bbox 3007 2482 3233 2554; x_wconf 75' lang='grc' dir='ltr'>βιϐλίον.</span> <span class='ocrx_word' id='word_1_408' title='bbox 3298 2485 3404 2536; x_wconf 81' lang='grc' dir='ltr'><strong>Καὶ</strong></span> <span class='ocrx_word' id='word_1_409' title='bbox 3434 2482 3642 2552; x_wconf 77' lang='grc' dir='ltr'><strong>Πέτρος</strong></span> <span class='ocrx_word' id='word_1_410' title='bbox 3697 2479 3894 2552; x_wconf 75' lang='grc' dir='ltr'>φησὶν,</span> 
     </span>
    </p>
   </div>
   <div class='ocr_carea' id='block_1_53' title="bbox 2314 2575 3899 2648">
    <p class='ocr_par' dir='ltr' id='par_1_53' title="bbox 2314 2575 3899 2648">
     <span class='ocr_line' id='line_1_53' title="bbox 2314 2575 3899 2648; baseline 0.001 -20"><span class='ocrx_word' id='word_1_411' title='bbox 2314 2597 2330 2628; x_wconf 76' lang='grc' dir='ltr'><strong>ι</strong></span> <span class='ocrx_word' id='word_1_412' title='bbox 2367 2577 2602 2648; x_wconf 72' lang='grc' dir='ltr'>Οὐρανοὶ</span> <span class='ocrx_word' id='word_1_413' title='bbox 2639 2577 2738 2645; x_wconf 85' lang='grc' dir='ltr'><strong>μὲν</strong></span> <span class='ocrx_word' id='word_1_414' title='bbox 2774 2576 3024 2647; x_wconf 68' lang='grc' dir='ltr'>ροιζηδδν</span> <span class='ocrx_word' id='word_1_415' title='bbox 3062 2576 3544 2645; x_wconf 65' lang='grc' dir='ltr'>παρε).εὑσονται,ι</span> <span class='ocrx_word' id='word_1_416' title='bbox 3567 2580 3808 2646; x_wconf 88' lang='grc' dir='ltr'>στοιχεῖα</span> <span class='ocrx_word' id='word_1_417' title='bbox 3833 2575 3899 2632; x_wconf 64' lang='grc' dir='ltr'><strong>δὲ</strong></span> 
     </span>
    </p>
   </div>
   <div class='ocr_carea' id='block_1_54' title="bbox 2307 2668 3895 2742">
    <p class='ocr_par' dir='ltr' id='par_1_54' title="bbox 2307 2668 3895 2742">
     <span class='ocr_line' id='line_1_54' title="bbox 2307 2668 3895 2742; baseline 0.001 -20"><span class='ocrx_word' id='word_1_418' title='bbox 2307 2669 2662 2738; x_wconf 77' lang='grc' dir='ltr'>καυσούμενα</span> <span class='ocrx_word' id='word_1_419' title='bbox 2719 2668 3084 2737; x_wconf 80' lang='grc' dir='ltr'>λυθήσονταιο</span> <span class='ocrx_word' id='word_1_420' title='bbox 3125 2673 3220 2721; x_wconf 72' lang='grc' dir='ltr'><strong>καὶ</strong></span> <span class='ocrx_word' id='word_1_421' title='bbox 3269 2672 3339 2738; x_wconf 76' lang='grc' dir='ltr'>γῆ</span> <span class='ocrx_word' id='word_1_422' title='bbox 3374 2671 3466 2722; x_wconf 69' lang='grc' dir='ltr'><strong>καὶ</strong></span> <span class='ocrx_word' id='word_1_423' title='bbox 3513 2671 3584 2723; x_wconf 73' lang='grc' dir='ltr'>τὰ</span> <span class='ocrx_word' id='word_1_424' title='bbox 3633 2671 3693 2724; x_wconf 78' lang='grc' dir='ltr'>ὲν</span> <span class='ocrx_word' id='word_1_425' title='bbox 3747 2671 3895 2742; x_wconf 73' lang='grc' dir='ltr'>αὐτῇ</span> 
     </span>
    </p>
   </div>
   <div class='ocr_carea' id='block_1_55' title="bbox 2308 2763 3896 2833">
    <p class='ocr_par' dir='ltr' id='par_1_55' title="bbox 2308 2763 3896 2833">
     <span class='ocr_line' id='line_1_55' title="bbox 2308 2763 3896 2833; baseline 0.003 -19"><span class='ocrx_word' id='word_1_426' title='bbox 2308 2765 2486 2816; x_wconf 78' lang='grc' dir='ltr'>πάντα</span> <span class='ocrx_word' id='word_1_427' title='bbox 2513 2764 2950 2829; x_wconf 75' lang='grc' dir='ltr'>κατακαήσεται.</span> <span class='ocrx_word' id='word_1_428' title='bbox 2983 2781 3000 2813; x_wconf 74' lang='grc' dir='ltr'><strong>ι</strong></span> <span class='ocrx_word' id='word_1_429' title='bbox 3041 2763 3262 2815; x_wconf 85' lang='grc' dir='ltr'>Τούτων</span> <span class='ocrx_word' id='word_1_430' title='bbox 3283 2763 3338 2816; x_wconf 84' lang='grc' dir='ltr'><strong>δὲ</strong></span> <span class='ocrx_word' id='word_1_431' title='bbox 3367 2763 3586 2817; x_wconf 74' lang='grc' dir='ltr'>πάντων</span> <span class='ocrx_word' id='word_1_432' title='bbox 3608 2764 3896 2833; x_wconf 83' lang='grc' dir='ltr'>λυομένων</span> 
     </span>
    </p>
   </div>
   <div class='ocr_carea' id='block_1_56' title="bbox 2308 2851 3898 2926">
    <p class='ocr_par' dir='ltr' id='par_1_56' title="bbox 2308 2851 3898 2926">
     <span class='ocr_line' id='line_1_56' title="bbox 2308 2851 3898 2926; baseline 0.001 -19"><span class='ocrx_word' id='word_1_433' title='bbox 2308 2855 2583 2918; x_wconf 79' lang='grc' dir='ltr'>ποταποὺς</span> <span class='ocrx_word' id='word_1_434' title='bbox 2609 2855 2690 2908; x_wconf 80' lang='grc' dir='ltr'>δεῖ</span> <span class='ocrx_word' id='word_1_435' title='bbox 2723 2851 2861 2910; x_wconf 84' lang='grc' dir='ltr'>είναι</span> <span class='ocrx_word' id='word_1_436' title='bbox 2907 2855 3052 2924; x_wconf 77' lang='grc' dir='ltr'>ἡμᾶς</span> <span class='ocrx_word' id='word_1_437' title='bbox 3080 2866 3113 2921; x_wconf 83' lang='grc'><strong>;’</strong></span> <span class='ocrx_word' id='word_1_438' title='bbox 3138 2854 3228 2907; x_wconf 86' lang='grc' dir='ltr'>Ἑν</span> <span class='ocrx_word' id='word_1_439' title='bbox 3280 2855 3470 2923; x_wconf 73' lang='grc' dir='ltr'>ἁγίαις</span> <span class='ocrx_word' id='word_1_440' title='bbox 3520 2858 3898 2926; x_wconf 78' lang='grc' dir='ltr'>ἀναστροφαῖς</span> 
     </span>
    </p>
   </div>
   <div class='ocr_carea' id='block_1_57' title="bbox 2307 2947 3897 3018">
    <p class='ocr_par' dir='ltr' id='par_1_57' title="bbox 2307 2947 3897 3018">
     <span class='ocr_line' id='line_1_57' title="bbox 2307 2947 3897 3018; baseline 0.001 -17"><span class='ocrx_word' id='word_1_441' title='bbox 2307 2952 2400 3002; x_wconf 81' lang='grc' dir='ltr'>καὶ</span> <span class='ocrx_word' id='word_1_442' title='bbox 2457 2947 2789 3012; x_wconf 79' lang='grc' dir='ltr'>εὐσεϐείαις,</span> <span class='ocrx_word' id='word_1_443' title='bbox 2852 2947 3329 3016; x_wconf 81' lang='grc' dir='ltr'>ἀπεκδεχομένους</span> <span class='ocrx_word' id='word_1_444' title='bbox 3380 2951 3481 3016; x_wconf 79' lang='grc' dir='ltr'>τὴν</span> <span class='ocrx_word' id='word_1_445' title='bbox 3532 2947 3627 3000; x_wconf 86' lang='grc' dir='ltr'><strong>τοῦ</strong></span> <span class='ocrx_word' id='word_1_446' title='bbox 3680 2948 3897 3018; x_wconf 80' lang='grc' dir='ltr'>Κυρίοὺ</span> 
     </span>
    </p>
   </div>
   <div class='ocr_carea' id='block_1_58' title="bbox 2307 3036 3898 3114">
    <p class='ocr_par' dir='ltr' id='par_1_58' title="bbox 2307 3036 3898 3114">
     <span class='ocr_line' id='line_1_58' title="bbox 2307 3036 3898 3114; baseline 0 -18"><span class='ocrx_word' id='word_1_447' title='bbox 2307 3042 2466 3114; x_wconf 79' lang='grc' dir='ltr'>ἡμῶν</span> <span class='ocrx_word' id='word_1_448' title='bbox 2512 3042 2688 3112; x_wconf 82' lang='grc' dir='ltr'>Ἰησοῦ</span> <span class='ocrx_word' id='word_1_449' title='bbox 2723 3041 2962 3108; x_wconf 83' lang='grc' dir='ltr'>Χριστοῦ</span> <span class='ocrx_word' id='word_1_450' title='bbox 3013 3042 3347 3112; x_wconf 83' lang='grc' dir='ltr'>παρουσίαν,</span> <span class='ocrx_word' id='word_1_451' title='bbox 3400 3043 3532 3111; x_wconf 72' lang='grc' dir='ltr'>περὶ</span> <span class='ocrx_word' id='word_1_452' title='bbox 3574 3036 3640 3110; x_wconf 85' lang='grc' dir='ltr'>ἦς</span> <span class='ocrx_word' id='word_1_453' title='bbox 3690 3041 3755 3110; x_wconf 83' lang='grc' dir='ltr'><strong>δὴ</strong></span> <span class='ocrx_word' id='word_1_454' title='bbox 3794 3044 3898 3096; x_wconf 80' lang='grc' dir='ltr'>καὶ</span> 
     </span>
    </p>
   </div>
   <div class='ocr_carea' id='block_1_59' title="bbox 2312 3134 3902 3209">
    <p class='ocr_par' dir='ltr' id='par_1_59' title="bbox 2312 3134 3902 3209">
     <span class='ocr_line' id='line_1_59' title="bbox 2312 3134 3902 3209; baseline 0.001 -20"><span class='ocrx_word' id='word_1_455' title='bbox 2312 3137 2622 3209; x_wconf 77' lang='grc' dir='ltr'>φροντίζειν</span> <span class='ocrx_word' id='word_1_456' title='bbox 2648 3138 2795 3207; x_wconf 74' lang='grc' dir='ltr'>ἡμᾶς</span> <span class='ocrx_word' id='word_1_457' title='bbox 2823 3134 3022 3206; x_wconf 86' lang='grc' dir='ltr'>χρεών.</span> <span class='ocrx_word' id='word_1_458' title='bbox 3083 3134 3147 3188; x_wconf 88' lang='grc' dir='ltr'><strong>Τί</strong></span> <span class='ocrx_word' id='word_1_459' title='bbox 3178 3135 3287 3204; x_wconf 85' lang='grc' dir='ltr'>γὰρ</span> <span class='ocrx_word' id='word_1_460' title='bbox 3343 3136 3401 3187; x_wconf 84' lang='grc' dir='ltr'>τὸ</span> <span class='ocrx_word' id='word_1_461' title='bbox 3426 3135 3619 3204; x_wconf 67' lang='grc' dir='ltr'>ὄφελος</span> <span class='ocrx_word' id='word_1_462' title='bbox 3675 3138 3739 3190; x_wconf 76' lang='grc' dir='ltr'>ἐκ</span> <span class='ocrx_word' id='word_1_463' title='bbox 3793 3135 3902 3208; x_wconf 84' lang='grc' dir='ltr'>τῆς</span> 
     </span>
    </p>
   </div>
   <div class='ocr_carea' id='block_1_60' title="bbox 629 3221 2215 3300">
    <p class='ocr_par' dir='ltr' id='par_1_60' title="bbox 629 3221 2206 3300">
     <span class='ocr_line' id='line_1_60' title="bbox 629 3221 2206 3300; baseline 0.008 -28"><span class='ocrx_word' id='word_1_464' title='bbox 629 3221 816 3291; x_wconf 86' lang='lat' dir='ltr'><strong>opinio</strong></span> <span class='ocrx_word' id='word_1_465' title='bbox 846 3223 1120 3278; x_wconf 86' lang='lat' dir='ltr'><strong>mentibus</strong></span> <span class='ocrx_word' id='word_1_466' title='bbox 1159 3224 1370 3280; x_wconf 87' lang='lat' dir='ltr'><strong>insanis</strong></span> <span class='ocrx_word' id='word_1_467' title='bbox 1403 3225 1699 3280; x_wconf 86' lang='lat' dir='ltr'><strong>inseratur.</strong></span> <span class='ocrx_word' id='word_1_468' title='bbox 1743 3227 1899 3293; x_wconf 84' lang='lat' dir='ltr'><strong>Quod</strong></span> <span class='ocrx_word' id='word_1_469' title='bbox 1936 3245 2042 3284; x_wconf 89' lang='lat' dir='ltr'><strong>non</strong></span> <span class='ocrx_word' id='word_1_470' title='bbox 2075 3230 2206 3300; x_wconf 69' lang='lat' dir='ltr'><strong>ipsae</strong></span> 
     </span>
    </p>
   </div>
   <div class='ocr_carea' id='block_1_61' title="bbox 2319 3221 3900 3300">
    <p class='ocr_par' dir='ltr' id='par_1_61' title="bbox 2319 3227 3900 3300">
     <span class='ocr_line' id='line_1_61' title="bbox 2319 3227 3900 3300; baseline -0.001 -15"><span class='ocrx_word' id='word_1_471' title='bbox 2319 3231 2417 3285; x_wconf 87' lang='grc' dir='ltr'><strong>τῶν</strong></span> <span class='ocrx_word' id='word_1_472' title='bbox 2450 3231 2770 3300; x_wconf 81' lang='grc' dir='ltr'>κτισμάτων</span> <span class='ocrx_word' id='word_1_473' title='bbox 2799 3227 3034 3300; x_wconf 85' lang='grc' dir='ltr'>Θεωρίας</span> <span class='ocrx_word' id='word_1_474' title='bbox 3061 3244 3076 3296; x_wconf 90' lang='grc'><strong>;</strong></span> <span class='ocrx_word' id='word_1_475' title='bbox 3111 3229 3242 3280; x_wconf 83' lang='grc' dir='ltr'>ποία</span> <span class='ocrx_word' id='word_1_476' title='bbox 3275 3229 3338 3281; x_wconf 73' lang='grc' dir='ltr'><strong>έκ</strong></span> <span class='ocrx_word' id='word_1_477' title='bbox 3381 3227 3586 3281; x_wconf 83' lang='grc' dir='ltr'>τούτων</span> <span class='ocrx_word' id='word_1_478' title='bbox 3615 3228 3900 3300; x_wconf 61' lang='lat' dir='ltr'><strong>(inﬁtiata;</strong></span> 
     </span>
    </p>
   </div>
   <div class='ocr_carea' id='block_1_62' title="bbox 633 3316 2208 3389">
    <p class='ocr_par' dir='ltr' id='par_1_62' title="bbox 633 3316 2208 3389">
     <span class='ocr_line' id='line_1_62' title="bbox 633 3316 2208 3389; baseline 0.006 -21"><span class='ocrx_word' id='word_1_479' title='bbox 633 3316 835 3371; x_wconf 79' lang='lat' dir='ltr'><strong>faciunt</strong></span> <span class='ocrx_word' id='word_1_480' title='bbox 861 3326 1124 3372; x_wconf 70' lang='lat' dir='ltr'><strong>creatura:</strong></span> <span class='ocrx_word' id='word_1_481' title='bbox 1151 3333 1274 3372; x_wconf 91' lang='lat' dir='ltr'><strong>cum</strong></span> <span class='ocrx_word' id='word_1_482' title='bbox 1299 3318 1455 3373; x_wconf 85' lang='lat' dir='ltr'><strong>home</strong></span> <span class='ocrx_word' id='word_1_483' title='bbox 1478 3318 1590 3373; x_wconf 85' lang='lat' dir='ltr'><strong>sint</strong></span> <span class='ocrx_word' id='word_1_484' title='bbox 1614 3327 1800 3389; x_wconf 90' lang='lat' dir='ltr'><strong>utpote</strong></span> <span class='ocrx_word' id='word_1_485' title='bbox 1826 3336 1856 3376; x_wconf 88' lang='lat' dir='ltr'><strong>a</strong></span> <span class='ocrx_word' id='word_1_486' title='bbox 1884 3322 2040 3377; x_wconf 84' lang='lat' dir='ltr'><strong>bono</strong></span> <span class='ocrx_word' id='word_1_487' title='bbox 2057 3339 2208 3378; x_wconf 89' lang='lat' dir='ltr'><strong>crea-</strong></span> 
     </span>
    </p>
   </div>
   <div class='ocr_carea' id='block_1_63' title="bbox 632 3410 2208 3483">
    <p class='ocr_par' dir='ltr' id='par_1_63' title="bbox 632 3410 2208 3483">
     <span class='ocr_line' id='line_1_63' title="bbox 632 3410 2208 3483; baseline 0.005 -20"><span class='ocrx_word' id='word_1_488' title='bbox 632 3420 770 3466; x_wconf 61' lang='lat' dir='ltr'><strong>tura:</strong></span> <span class='ocrx_word' id='word_1_489' title='bbox 808 3410 1063 3475; x_wconf 67' lang='lat' dir='ltr'><strong>condita),</strong></span> <span class='ocrx_word' id='word_1_490' title='bbox 1121 3415 1214 3464; x_wconf 88' lang='lat' dir='ltr'><strong>sed</strong></span> <span class='ocrx_word' id='word_1_491' title='bbox 1281 3412 1517 3466; x_wconf 87' lang='lat' dir='ltr'><strong>sollicita</strong></span> <span class='ocrx_word' id='word_1_492' title='bbox 1579 3415 2208 3483; x_wconf 81' lang='lat' dir='ltr'><strong>earum&#39;consideratio,</strong></span> 
     </span>
    </p>
   </div>
   <div class='ocr_carea' id='block_1_64' title="bbox 631 3503 2209 3577">
    <p class='ocr_par' dir='ltr' id='par_1_64' title="bbox 631 3503 2209 3577">
     <span class='ocr_line' id='line_1_64' title="bbox 631 3503 2209 3577; baseline 0.006 -24"><span class='ocrx_word' id='word_1_493' title='bbox 631 3517 795 3571; x_wconf 85' lang='lat' dir='ltr'><strong>quam</strong></span> <span class='ocrx_word' id='word_1_494' title='bbox 856 3503 1286 3572; x_wconf 87' lang='lat' dir='ltr'><strong>contemplatum</strong></span> <span class='ocrx_word' id='word_1_495' title='bbox 1362 3513 1665 3572; x_wconf 84' lang='lat' dir='ltr'><strong>apostatatn</strong></span> <span class='ocrx_word' id='word_1_496' title='bbox 1729 3505 1919 3560; x_wconf 89' lang='lat' dir='ltr'><strong>dicunt</strong></span> <span class='ocrx_word' id='word_1_497' title='bbox 1983 3508 2209 3577; x_wconf 88' lang='lat' dir='ltr'><strong>quidam</strong></span> 
     </span>
    </p>
   </div>
   <div class='ocr_carea' id='block_1_65' title="bbox 634 3596 2211 3680">
    <p class='ocr_par' dir='ltr' id='par_1_65' title="bbox 634 3596 2211 3680">
     <span class='ocr_line' id='line_1_65' title="bbox 634 3596 2211 3680; baseline 0.003 -30"><span class='ocrx_word' id='word_1_498' title='bbox 634 3596 981 3662; x_wconf 87' lang='lat' dir='ltr'><strong>(sublimiore</strong></span> <span class='ocrx_word' id='word_1_499' title='bbox 1029 3596 1174 3651; x_wconf 88' lang='lat' dir='ltr'><strong>enim</strong></span> <span class='ocrx_word' id='word_1_500' title='bbox 1216 3599 1682 3680; x_wconf 51' lang='lat' dir='ltr'><strong>contextiplatigne</strong></span> <span class='ocrx_word' id='word_1_501' title='bbox 1722 3601 1921 3670; x_wconf 86' lang='lat' dir='ltr'><strong>dignus</strong></span> <span class='ocrx_word' id='word_1_502' title='bbox 1968 3615 2076 3654; x_wconf 93' lang='lat' dir='ltr'><strong>non</strong></span> <span class='ocrx_word' id='word_1_503' title='bbox 2107 3600 2211 3654; x_wconf 84' lang='lat' dir='ltr'><strong>fuit</strong></span> 
     </span>
    </p>
   </div>
   <div class='ocr_carea' id='block_1_66' title="bbox 635 3689 2212 3762">
    <p class='ocr_par' dir='ltr' id='par_1_66' title="bbox 635 3689 2212 3762">
     <span class='ocr_line' id='line_1_66' title="bbox 635 3689 2212 3762; baseline 0.003 -17"><span class='ocrx_word' id='word_1_504' title='bbox 635 3690 726 3745; x_wconf 89' lang='lat' dir='ltr'><strong>ille</strong></span> <span class='ocrx_word' id='word_1_505' title='bbox 763 3689 844 3746; x_wconf 84' lang='lat' dir='ltr'><strong>ab</strong></span> <span class='ocrx_word' id='word_1_506' title='bbox 901 3689 1061 3745; x_wconf 89' lang='lat' dir='ltr'><strong>initio</strong></span> <span class='ocrx_word' id='word_1_507' title='bbox 1089 3690 1486 3760; x_wconf 89' lang='lat' dir='ltr'><strong>gloriabundus</strong></span> <span class='ocrx_word' id='word_1_508' title='bbox 1535 3701 1589 3746; x_wconf 93' lang='lat' dir='ltr'><strong>et</strong></span> <span class='ocrx_word' id='word_1_509' title='bbox 1618 3692 2087 3750; x_wconf 81' lang='lat' dir='ltr'><strong>insolentissimus</strong></span> <span class='ocrx_word' id='word_1_510' title='bbox 2118 3695 2212 3762; x_wconf 92' lang='lat' dir='ltr'><strong>qui</strong></span> 
     </span>
    </p>
   </div>
   <div class='ocr_carea' id='block_1_67' title="bbox 636 3783 2214 3857">
    <p class='ocr_par' dir='ltr' id='par_1_67' title="bbox 636 3783 2214 3857">
     <span class='ocr_line' id='line_1_67' title="bbox 636 3783 2214 3857; baseline 0.002 -19"><span class='ocrx_word' id='word_1_511' title='bbox 636 3794 819 3838; x_wconf 80' lang='lat' dir='ltr'><strong>tamen</strong></span> <span class='ocrx_word' id='word_1_512' title='bbox 846 3797 1063 3838; x_wconf 79' lang='lat' dir='ltr'><strong>summo</strong></span> <span class='ocrx_word' id='word_1_513' title='bbox 1087 3783 1410 3854; x_wconf 77' lang='lat' dir='ltr'><strong>angelorum</strong></span> <span class='ocrx_word' id='word_1_514' title='bbox 1448 3786 1630 3840; x_wconf 89' lang='lat' dir='ltr'><strong>ordini</strong></span> <span class='ocrx_word' id='word_1_515' title='bbox 1659 3788 1937 3857; x_wconf 71' lang='lat' dir='ltr'><strong>praeerat),</strong></span> <span class='ocrx_word' id='word_1_516' title='bbox 1962 3786 2088 3841; x_wconf 88' lang='lat' dir='ltr'><strong>dum</strong></span> <span class='ocrx_word' id='word_1_517' title='bbox 2103 3789 2214 3846; x_wconf 81' lang='lat' dir='ltr'><strong>.in-</strong></span> 
     </span>
    </p>
   </div>
   <div class='ocr_carea' id='block_1_68' title="bbox 636 3875 2213 3948">
    <p class='ocr_par' dir='ltr' id='par_1_68' title="bbox 636 3875 2213 3948">
     <span class='ocr_line' id='line_1_68' title="bbox 636 3875 2213 3948; baseline 0.004 -20"><span class='ocrx_word' id='word_1_518' title='bbox 636 3882 884 3930; x_wconf 86' lang='lat' dir='ltr'><strong>tueretttr</strong></span> <span class='ocrx_word' id='word_1_519' title='bbox 899 3875 1283 3945; x_wconf 77' lang='lat' dir='ltr'><strong>superbivisse,</strong></span> <span class='ocrx_word' id='word_1_520' title='bbox 1299 3892 1466 3947; x_wconf 84' lang='lat' dir='ltr'><strong>seque</strong></span> <span class='ocrx_word' id='word_1_521' title='bbox 1479 3878 1759 3948; x_wconf 81' lang='lat' dir='ltr'><strong>jactitasse</strong></span> <span class='ocrx_word' id='word_1_522' title='bbox 1778 3879 2037 3934; x_wconf 85' lang='lat' dir='ltr'><strong>thronum</strong></span> <span class='ocrx_word' id='word_1_523' title='bbox 2052 3894 2213 3935; x_wconf 84' lang='lat' dir='ltr'><strong>suum</strong></span> 
     </span>
    </p>
   </div>
   <div class='ocr_carea' id='block_1_69' title="bbox 638 3968 2214 4045">
    <p class='ocr_par' dir='ltr' id='par_1_69' title="bbox 638 3968 2214 4045">
     <span class='ocr_line' id='line_1_69' title="bbox 638 3968 2214 4045; baseline 0.001 -19"><span class='ocrx_word' id='word_1_524' title='bbox 638 3985 804 4041; x_wconf 85' lang='lat' dir='ltr'><strong>super</strong></span> <span class='ocrx_word' id='word_1_525' title='bbox 833 3968 1006 4026; x_wconf 87' lang='lat' dir='ltr'><strong>nubes</strong></span> <span class='ocrx_word' id='word_1_526' title='bbox 1022 3978 1076 4023; x_wconf 91' lang='lat' dir='ltr'><strong>et</strong></span> <span class='ocrx_word' id='word_1_527' title='bbox 1092 3979 1236 4025; x_wconf 85' lang='lat' dir='ltr'><strong>astra</strong></span> <span class='ocrx_word' id='word_1_528' title='bbox 1260 3973 1589 4040; x_wconf 87' lang='lat' dir='ltr'><strong>positurum,</strong></span> <span class='ocrx_word' id='word_1_529' title='bbox 1616 3974 1959 4045; x_wconf 83' lang='lat' dir='ltr'><strong>similemque</strong></span> <span class='ocrx_word' id='word_1_530' title='bbox 1981 3973 2099 4031; x_wconf 81' lang='lat' dir='ltr'><strong>fore</strong></span> <span class='ocrx_word' id='word_1_531' title='bbox 2122 3974 2214 4030; x_wconf 81' lang='lat' dir='ltr'><strong>Al-</strong></span> 
     </span>
    </p>
   </div>
   <div class='ocr_carea' id='block_1_70' title="bbox 637 4063 2217 4137">
    <p class='ocr_par' dir='ltr' id='par_1_70' title="bbox 637 4063 2217 4137">
     <span class='ocr_line' id='line_1_70' title="bbox 637 4063 2217 4137; baseline 0.004 -20"><span class='ocrx_word' id='word_1_532' title='bbox 637 4064 873 4129; x_wconf 87' lang='lat' dir='ltr'><strong>tissimo,</strong></span> <span class='ocrx_word' id='word_1_533' title='bbox 891 4063 984 4132; x_wconf 90' lang='lat' dir='ltr'><strong>qui</strong></span> <span class='ocrx_word' id='word_1_534' title='bbox 999 4063 1340 4117; x_wconf 84' lang='lat' dir='ltr'><strong>Altissimum</strong></span> <span class='ocrx_word' id='word_1_535' title='bbox 1357 4081 1464 4119; x_wconf 91' lang='lat' dir='ltr'><strong>non</strong></span> <span class='ocrx_word' id='word_1_536' title='bbox 1485 4068 1867 4137; x_wconf 75' lang='lat' dir='ltr'><strong>cognoscebat.</strong></span> <span class='ocrx_word' id='word_1_537' title='bbox 1888 4066 2043 4122; x_wconf 86' lang='lat' dir='ltr'><strong>Hunc</strong></span> <span class='ocrx_word' id='word_1_538' title='bbox 2063 4082 2217 4124; x_wconf 85' lang='lat' dir='ltr'><strong>meus</strong></span> 
     </span>
    </p>
   </div>
   <div class='ocr_carea' id='block_1_71' title="bbox 635 4155 2216 4225">
    <p class='ocr_par' dir='ltr' id='par_1_71' title="bbox 635 4155 2216 4225">
     <span class='ocr_line' id='line_1_71' title="bbox 635 4155 2216 4225; baseline 0.003 -15"><span class='ocrx_word' id='word_1_539' title='bbox 635 4155 818 4222; x_wconf 84' lang='lat' dir='ltr'><strong>omnis</strong></span> <span class='ocrx_word' id='word_1_540' title='bbox 837 4169 1053 4224; x_wconf 89' lang='lat' dir='ltr'><strong>semper</strong></span> <span class='ocrx_word' id='word_1_541' title='bbox 1072 4155 1378 4225; x_wconf 78' lang='lat' dir='ltr'><strong>contempla</strong></span> <span class='ocrx_word' id='word_1_542' title='bbox 1389 4157 1430 4210; x_wconf 91' lang='lat' dir='ltr'><strong>ri</strong></span> <span class='ocrx_word' id='word_1_543' title='bbox 1450 4157 1609 4212; x_wconf 88' lang='lat' dir='ltr'><strong>debet</strong></span> <span class='ocrx_word' id='word_1_544' title='bbox 1632 4157 1780 4212; x_wconf 85' lang='lat' dir='ltr'><strong>velut</strong></span> <span class='ocrx_word' id='word_1_545' title='bbox 1808 4166 2042 4213; x_wconf 82' lang='lat' dir='ltr'><strong>mentem</strong></span> <span class='ocrx_word' id='word_1_546' title='bbox 2060 4169 2216 4214; x_wconf 62' lang='lat' dir='ltr'><strong>atter-</strong></span> 
     </span>
    </p>
   </div>
   <div class='ocr_carea' id='block_1_72' title="bbox 638 4247 2216 4321">
    <p class='ocr_par' dir='ltr' id='par_1_72' title="bbox 638 4247 2216 4321">
     <span class='ocr_line' id='line_1_72' title="bbox 638 4247 2216 4321; baseline 0.003 -20"><span class='ocrx_word' id='word_1_547' title='bbox 638 4247 1000 4303; x_wconf 84' lang='lat' dir='ltr'><strong>namPatrem</strong></span> <span class='ocrx_word' id='word_1_548' title='bbox 1026 4263 1151 4303; x_wconf 91' lang='lat' dir='ltr'><strong>cum</strong></span> <span class='ocrx_word' id='word_1_549' title='bbox 1172 4247 1352 4310; x_wconf 77' lang='lat' dir='ltr'><strong>Verbo</strong></span> <span class='ocrx_word' id='word_1_550' title='bbox 1374 4257 1429 4303; x_wconf 93' lang='lat' dir='ltr'><strong>et</strong></span> <span class='ocrx_word' id='word_1_551' title='bbox 1455 4248 1684 4318; x_wconf 87' lang='lat' dir='ltr'><strong>Spiritu,</strong></span> <span class='ocrx_word' id='word_1_552' title='bbox 1713 4261 1764 4305; x_wconf 90' lang='lat' dir='ltr'><strong>et</strong></span> <span class='ocrx_word' id='word_1_553' title='bbox 1788 4266 1912 4305; x_wconf 89' lang='lat' dir='ltr'><strong>eum</strong></span> <span class='ocrx_word' id='word_1_554' title='bbox 1937 4261 2216 4321; x_wconf 88' lang='lat' dir='ltr'><strong>appetere,</strong></span> 
     </span>
    </p>
   </div>
   <div class='ocr_carea' id='block_1_73' title="bbox 635 4342 2219 4414">
    <p class='ocr_par' dir='ltr' id='par_1_73' title="bbox 635 4342 2219 4414">
     <span class='ocr_line' id='line_1_73' title="bbox 635 4342 2219 4414; baseline 0.003 -18"><span class='ocrx_word' id='word_1_555' title='bbox 635 4353 800 4412; x_wconf 79' lang='lat' dir='ltr'><strong>atque</strong></span> <span class='ocrx_word' id='word_1_556' title='bbox 811 4342 878 4397; x_wconf 79' lang='lat' dir='ltr'><strong>ad</strong></span> <span class='ocrx_word' id='word_1_557' title='bbox 891 4358 1015 4398; x_wconf 89' lang='lat' dir='ltr'><strong>eum</strong></span> <span class='ocrx_word' id='word_1_558' title='bbox 1033 4351 1408 4397; x_wconf 90' lang='lat' dir='ltr'><strong>creaturarum</strong></span> <span class='ocrx_word' id='word_1_559' title='bbox 1427 4344 1686 4397; x_wconf 79' lang='lat' dir='ltr'><strong>factorem</strong></span> <span class='ocrx_word' id='word_1_560' title='bbox 1703 4346 1960 4399; x_wconf 79' lang='lat' dir='ltr'><strong>continua</strong></span> <span class='ocrx_word' id='word_1_561' title='bbox 1979 4359 2219 4414; x_wconf 90' lang='lat' dir='ltr'><strong>propen-</strong></span> 
     </span>
    </p>
   </div>
   <div class='ocr_carea' id='block_1_74' title="bbox 635 4434 2220 4508">
    <p class='ocr_par' dir='ltr' id='par_1_74' title="bbox 635 4434 2220 4508">
     <span class='ocr_line' id='line_1_74' title="bbox 635 4434 2220 4508; baseline 0.003 -18"><span class='ocrx_word' id='word_1_562' title='bbox 635 4434 794 4491; x_wconf 82' lang='lat' dir='ltr'><strong>slone</strong></span> <span class='ocrx_word' id='word_1_563' title='bbox 813 4437 1054 4500; x_wconf 83' lang='lat' dir='ltr'><strong>tendere,</strong></span> <span class='ocrx_word' id='word_1_564' title='bbox 1069 4443 1124 4490; x_wconf 90' lang='lat' dir='ltr'><strong>et</strong></span> <span class='ocrx_word' id='word_1_565' title='bbox 1143 4451 1268 4489; x_wconf 87' lang='lat' dir='ltr'><strong>eum</strong></span> <span class='ocrx_word' id='word_1_566' title='bbox 1295 4435 1347 4491; x_wconf 93' lang='lat' dir='ltr'><strong>in</strong></span> <span class='ocrx_word' id='word_1_567' title='bbox 1371 4435 1589 4490; x_wconf 88' lang='lat' dir='ltr'><strong>silentio</strong></span> <span class='ocrx_word' id='word_1_568' title='bbox 1614 4437 1845 4492; x_wconf 82' lang='lat' dir='ltr'><strong>adorare</strong></span> <span class='ocrx_word' id='word_1_569' title='bbox 1865 4440 2220 4508; x_wconf 82' lang='lat' dir='ltr'><strong>quemadmo-</strong></span> 
     </span>
    </p>
   </div>
   <div class='ocr_carea' id='block_1_75' title="bbox 2312 3318 3902 3395">
    <p class='ocr_par' dir='ltr' id='par_1_75' title="bbox 2312 3318 3902 3395">
     <span class='ocr_line' id='line_1_75' title="bbox 2312 3318 3902 3395; baseline -0.001 -19"><span class='ocrx_word' id='word_1_570' title='bbox 2312 3323 2441 3376; x_wconf 89' lang='grc' dir='ltr'>ποία</span> <span class='ocrx_word' id='word_1_571' title='bbox 2465 3320 2646 3392; x_wconf 79' lang='grc' dir='ltr'>ψυχῆς</span> <span class='ocrx_word' id='word_1_572' title='bbox 2679 3319 2936 3390; x_wconf 78' lang='grc' dir='ltr'>συντρισή</span> <span class='ocrx_word' id='word_1_573' title='bbox 2961 3337 2976 3388; x_wconf 87' lang='grc'><strong>;</strong></span> <span class='ocrx_word' id='word_1_574' title='bbox 3009 3321 3057 3372; x_wconf 87' lang='grc' dir='ltr'>εί</span> <span class='ocrx_word' id='word_1_575' title='bbox 3114 3320 3189 3388; x_wconf 78' lang='grc' dir='ltr'>μὴ</span> <span class='ocrx_word' id='word_1_576' title='bbox 3230 3319 3320 3372; x_wconf 79' lang='grc' dir='ltr'><strong>καὶ</strong></span> <span class='ocrx_word' id='word_1_577' title='bbox 3355 3318 3536 3395; x_wconf 82' lang='grc' dir='ltr'>οἴησιν</span> <span class='ocrx_word' id='word_1_578' title='bbox 3567 3321 3902 3391; x_wconf 87' lang='grc' dir='ltr'>προστίθησι</span> 
     </span>
    </p>
   </div>
   <div class='ocr_carea' id='block_1_76' title="bbox 2316 3411 3906 3487">
    <p class='ocr_par' dir='ltr' id='par_1_76' title="bbox 2316 3411 3906 3487">
     <span class='ocr_line' id='line_1_76' title="bbox 2316 3411 3906 3487; baseline -0.001 -17"><span class='ocrx_word' id='word_1_579' title='bbox 2316 3417 2539 3487; x_wconf 76' lang='grc' dir='ltr'>μᾶλλον,</span> <span class='ocrx_word' id='word_1_580' title='bbox 2567 3416 2664 3469; x_wconf 75' lang='grc' dir='ltr'>καὶ</span> <span class='ocrx_word' id='word_1_581' title='bbox 2691 3418 2814 3476; x_wconf 90' lang='grc' dir='ltr'>ταῖς</span> <span class='ocrx_word' id='word_1_582' title='bbox 2846 3415 2956 3467; x_wconf 88' lang='grc' dir='ltr'><strong>τῶν</strong></span> <span class='ocrx_word' id='word_1_583' title='bbox 2987 3413 3242 3482; x_wconf 73' lang='grc' dir='ltr'>ἀφρόνων</span> <span class='ocrx_word' id='word_1_584' title='bbox 3285 3411 3488 3481; x_wconf 77' lang='grc' dir='ltr'>ψυχαῖς</span> <span class='ocrx_word' id='word_1_585' title='bbox 3516 3414 3615 3484; x_wconf 76' lang='grc' dir='ltr'>τὴν</span> <span class='ocrx_word' id='word_1_586' title='bbox 3647 3413 3743 3466; x_wconf 87' lang='grc' dir='ltr'><strong>τοῦ</strong></span> <span class='ocrx_word' id='word_1_587' title='bbox 3771 3431 3906 3469; x_wconf 85' lang='grc' dir='ltr'>σκο-</span> 
     </span>
    </p>
   </div>
   <div class='ocr_carea' id='block_1_77' title="bbox 2314 3505 3901 3578">
    <p class='ocr_par' dir='ltr' id='par_1_77' title="bbox 2314 3505 3901 3578">
     <span class='ocr_line' id='line_1_77' title="bbox 2314 3505 3901 3578; baseline -0.002 -15"><span class='ocrx_word' id='word_1_588' title='bbox 2314 3509 2494 3564; x_wconf 88' lang='grc' dir='ltr'>τεινοῦ</span> <span class='ocrx_word' id='word_1_589' title='bbox 2522 3508 2641 3570; x_wconf 85' lang='grc' dir='ltr'>νοὸς</span> <span class='ocrx_word' id='word_1_590' title='bbox 2665 3507 2760 3560; x_wconf 75' lang='grc' dir='ltr'><strong>καὶ</strong></span> <span class='ocrx_word' id='word_1_591' title='bbox 2779 3505 3132 3575; x_wconf 74' lang='grc' dir='ltr'>ὑπερηφάνου</span> <span class='ocrx_word' id='word_1_592' title='bbox 3155 3506 3402 3558; x_wconf 89' lang='grc' dir='ltr'>ἀντίθεον</span> <span class='ocrx_word' id='word_1_593' title='bbox 3427 3505 3656 3576; x_wconf 84' lang='grc' dir='ltr'>γνώμην</span> <span class='ocrx_word' id='word_1_594' title='bbox 3678 3508 3901 3578; x_wconf 68' lang='grc' dir='ltr'>ὲντίθηυ</span> 
     </span>
    </p>
   </div>
   <div class='ocr_carea' id='block_1_78' title="bbox 2318 3586 3905 3672">
    <p class='ocr_par' dir='ltr' id='par_1_78' title="bbox 2318 3586 3905 3672">
     <span class='ocr_line' id='line_1_78' title="bbox 2318 3586 3905 3672; baseline -0.004 -16"><span class='ocrx_word' id='word_1_595' title='bbox 2318 3620 2422 3656; x_wconf 87' lang='grc' dir='ltr'>σιν.</span> <span class='ocrx_word' id='word_1_596' title='bbox 2453 3603 2527 3655; x_wconf 87' lang='grc' dir='ltr'>Οὑ</span> <span class='ocrx_word' id='word_1_597' title='bbox 2567 3601 2635 3653; x_wconf 83' lang='grc' dir='ltr'><strong>τά</strong></span> <span class='ocrx_word' id='word_1_598' title='bbox 2668 3601 2945 3670; x_wconf 89' lang='grc' dir='ltr'>κτίσματα</span> <span class='ocrx_word' id='word_1_599' title='bbox 2971 3599 3026 3653; x_wconf 77' lang='grc' dir='ltr'><strong>δὲ</strong></span> <span class='ocrx_word' id='word_1_600' title='bbox 3070 3599 3230 3652; x_wconf 87' lang='grc' dir='ltr'>τοῦτο</span> <span class='ocrx_word' id='word_1_601' title='bbox 3262 3603 3426 3663; x_wconf 83' lang='grc' dir='ltr'>ποιεῖ,</span> <span class='ocrx_word' id='word_1_602' title='bbox 3462 3586 3604 3653; x_wconf 76' lang='grc' dir='ltr'><strong>καλά</strong></span> <span class='ocrx_word' id='word_1_603' title='bbox 3657 3603 3767 3672; x_wconf 82' lang='grc' dir='ltr'>γὰρ</span> <span class='ocrx_word' id='word_1_604' title='bbox 3823 3602 3905 3668; x_wconf 82' lang='grc' dir='ltr'>ὼς</span> 
     </span>
    </p>
   </div>
   <div class='ocr_carea' id='block_1_79' title="bbox 2315 3691 3906 3766">
    <p class='ocr_par' dir='ltr' id='par_1_79' title="bbox 2315 3691 3906 3766">
     <span class='ocr_line' id='line_1_79' title="bbox 2315 3691 3906 3766; baseline -0.001 -16"><span class='ocrx_word' id='word_1_605' title='bbox 2315 3697 2411 3750; x_wconf 72' lang='grc' dir='ltr'>καὶ</span> <span class='ocrx_word' id='word_1_606' title='bbox 2445 3693 2613 3749; x_wconf 84' lang='grc' dir='ltr'>καλοῦ</span> <span class='ocrx_word' id='word_1_607' title='bbox 2663 3695 2963 3760; x_wconf 87' lang='grc' dir='ltr'>κτίσματα,</span> <span class='ocrx_word' id='word_1_608' title='bbox 2993 3691 3113 3746; x_wconf 84' lang='grc' dir='ltr'>ἀλλ’</span> <span class='ocrx_word' id='word_1_609' title='bbox 3168 3695 3202 3762; x_wconf 73' lang='grc' dir='ltr'>ἡ</span> <span class='ocrx_word' id='word_1_610' title='bbox 3241 3693 3535 3763; x_wconf 78' lang='grc' dir='ltr'>περίεργος</span> <span class='ocrx_word' id='word_1_611' title='bbox 3575 3695 3804 3766; x_wconf 83' lang='grc' dir='ltr'>θεωρία.</span> <span class='ocrx_word' id='word_1_612' title='bbox 3833 3698 3906 3766; x_wconf 72' lang='grc' dir='ltr'>ἣν</span> 
     </span>
    </p>
   </div>
   <div class='ocr_carea' id='block_1_80' title="bbox 2317 3784 3906 3866">
    <p class='ocr_par' dir='ltr' id='par_1_80' title="bbox 2317 3784 3906 3866">
     <span class='ocr_line' id='line_1_80' title="bbox 2317 3784 3906 3866; baseline 0.002 -26"><span class='ocrx_word' id='word_1_613' title='bbox 2317 3788 2411 3840; x_wconf 75' lang='grc' dir='ltr'>καὶ</span> <span class='ocrx_word' id='word_1_614' title='bbox 2441 3788 2799 3866; x_wconf 79' lang='grc' dir='ltr'>θεωρήσαντα</span> <span class='ocrx_word' id='word_1_615' title='bbox 2831 3786 2922 3839; x_wconf 78' lang='grc' dir='ltr'>τὸν</span> <span class='ocrx_word' id='word_1_616' title='bbox 2945 3784 3264 3866; x_wconf 69' lang='grc' dir='ltr'>ἀποστάτην</span> <span class='ocrx_word' id='word_1_617' title='bbox 3314 3787 3448 3853; x_wconf 83' lang='grc' dir='ltr'>φασί</span> <span class='ocrx_word' id='word_1_618' title='bbox 3496 3804 3643 3850; x_wconf 90' lang='grc' dir='ltr'>τινες</span> <span class='ocrx_word' id='word_1_619' title='bbox 3679 3789 3761 3858; x_wconf 90' lang='grc' dir='ltr'>(οὑ</span> <span class='ocrx_word' id='word_1_620' title='bbox 3791 3790 3906 3860; x_wconf 79' lang='grc' dir='ltr'>γὰρ</span> 
     </span>
    </p>
   </div>
   <div class='ocr_carea' id='block_1_81' title="bbox 2315 3861 3910 3951">
    <p class='ocr_par' dir='ltr' id='par_1_81' title="bbox 2315 3861 3910 3951">
     <span class='ocr_line' id='line_1_81' title="bbox 2315 3861 3910 3951; baseline 0.001 -17"><span class='ocrx_word' id='word_1_621' title='bbox 2315 3880 2654 3951; x_wconf 73' lang='grc' dir='ltr'>ὑψηλοτέρας</span> <span class='ocrx_word' id='word_1_622' title='bbox 2677 3861 2878 3950; x_wconf 72' lang='grc' dir='ltr'>ἠξίωτο</span> <span class='ocrx_word' id='word_1_623' title='bbox 2920 3861 3178 3948; x_wconf 78' lang='grc' dir='ltr'>θεωρίας,</span> <span class='ocrx_word' id='word_1_624' title='bbox 3208 3877 3305 3931; x_wconf 82' lang='grc' dir='ltr'>ἀπ’</span> <span class='ocrx_word' id='word_1_625' title='bbox 3338 3880 3516 3948; x_wconf 77' lang='grc' dir='ltr'>ἀρχῆς</span> <span class='ocrx_word' id='word_1_626' title='bbox 3569 3879 3646 3934; x_wconf 81' lang='grc' dir='ltr'>ὢν</span> <span class='ocrx_word' id='word_1_627' title='bbox 3684 3880 3910 3946; x_wconf 74' lang='grc' dir='ltr'>ἀλαζὼν</span> 
     </span>
    </p>
   </div>
   <div class='ocr_carea' id='block_1_82' title="bbox 2317 3969 3906 4046">
    <p class='ocr_par' dir='ltr' id='par_1_82' title="bbox 2317 3969 3906 4046">
     <span class='ocr_line' id='line_1_82' title="bbox 2317 3969 3906 4046; baseline 0.001 -18"><span class='ocrx_word' id='word_1_628' title='bbox 2317 3975 2412 4030; x_wconf 78' lang='grc' dir='ltr'>καὶ</span> <span class='ocrx_word' id='word_1_629' title='bbox 2471 3973 2809 4046; x_wconf 74' lang='grc' dir='ltr'>ὑπέροφρυς,</span> <span class='ocrx_word' id='word_1_630' title='bbox 2863 3970 2966 4038; x_wconf 81' lang='grc' dir='ltr'>τῆς</span> <span class='ocrx_word' id='word_1_631' title='bbox 3011 3969 3332 4036; x_wconf 82' lang='grc' dir='ltr'>τελευταίας</span> <span class='ocrx_word' id='word_1_632' title='bbox 3382 3971 3438 4024; x_wconf 82' lang='grc' dir='ltr'><strong>δὲ</strong></span> <span class='ocrx_word' id='word_1_633' title='bbox 3487 3971 3598 4026; x_wconf 80' lang='grc' dir='ltr'><strong>τῶν</strong></span> <span class='ocrx_word' id='word_1_634' title='bbox 3647 3973 3906 4042; x_wconf 78' lang='grc' dir='ltr'>ἀγγέλων</span> 
     </span>
    </p>
   </div>
   <div class='ocr_carea' id='block_1_83' title="bbox 2319 4059 3910 4134">
    <p class='ocr_par' dir='ltr' id='par_1_83' title="bbox 2319 4059 3910 4134">
     <span class='ocr_line' id='line_1_83' title="bbox 2319 4059 3910 4134; baseline 0.001 -17"><span class='ocrx_word' id='word_1_635' title='bbox 2319 4065 2535 4134; x_wconf 80' lang='grc' dir='ltr'>ὑπῆρχε</span> <span class='ocrx_word' id='word_1_636' title='bbox 2583 4061 2813 4133; x_wconf 79' lang='grc' dir='ltr'>τάξεως)</span> <span class='ocrx_word' id='word_1_637' title='bbox 2869 4059 3285 4131; x_wconf 76' lang='grc' dir='ltr'>ὑπερφρονῆσαι</span> <span class='ocrx_word' id='word_1_638' title='bbox 3345 4063 3402 4114; x_wconf 75' lang='grc' dir='ltr'><strong>έν</strong></span> <span class='ocrx_word' id='word_1_639' title='bbox 3453 4061 3531 4130; x_wconf 87' lang='grc' dir='ltr'>τῷ</span> <span class='ocrx_word' id='word_1_640' title='bbox 3587 4062 3742 4126; x_wconf 72' lang='grc' dir='ltr'>ἰδεῖν,</span> <span class='ocrx_word' id='word_1_641' title='bbox 3806 4067 3910 4118; x_wconf 76' lang='grc' dir='ltr'>καὶ</span> 
     </span>
    </p>
   </div>
   <div class='ocr_carea' id='block_1_84' title="bbox 2319 4153 3906 4225">
    <p class='ocr_par' dir='ltr' id='par_1_84' title="bbox 2319 4153 3906 4225">
     <span class='ocr_line' id='line_1_84' title="bbox 2319 4153 3906 4225; baseline 0 -13"><span class='ocrx_word' id='word_1_642' title='bbox 2319 4158 2494 4212; x_wconf 86' lang='grc' dir='ltr'>θεῖναι</span> <span class='ocrx_word' id='word_1_643' title='bbox 2525 4153 2910 4225; x_wconf 84' lang='grc' dir='ltr'>καυχήσασθαι</span> <span class='ocrx_word' id='word_1_644' title='bbox 2953 4153 3141 4206; x_wconf 70' lang='grc' dir='ltr'>ἐπάνω</span> <span class='ocrx_word' id='word_1_645' title='bbox 3188 4153 3298 4206; x_wconf 88' lang='grc' dir='ltr'><strong>τῶν</strong></span> <span class='ocrx_word' id='word_1_646' title='bbox 3345 4154 3584 4221; x_wconf 75' lang='grc' dir='ltr'>νεφελῶν</span> <span class='ocrx_word' id='word_1_647' title='bbox 3638 4158 3735 4210; x_wconf 80' lang='grc' dir='ltr'><strong>καὶ</strong></span> <span class='ocrx_word' id='word_1_648' title='bbox 3790 4158 3906 4212; x_wconf 90' lang='grc' dir='ltr'><strong>τῶν</strong></span> 
     </span>
    </p>
   </div>
   <div class='ocr_carea' id='block_1_85' title="bbox 2320 4244 3910 4321">
    <p class='ocr_par' dir='ltr' id='par_1_85' title="bbox 2320 4244 3910 4321">
     <span class='ocr_line' id='line_1_85' title="bbox 2320 4244 3910 4321; baseline -0.001 -17"><span class='ocrx_word' id='word_1_649' title='bbox 2320 4250 2541 4321; x_wconf 74' lang='grc' dir='ltr'>ἄστρων</span> <span class='ocrx_word' id='word_1_650' title='bbox 2602 4247 2696 4301; x_wconf 80' lang='grc' dir='ltr'>τὸν</span> <span class='ocrx_word' id='word_1_651' title='bbox 2752 4245 2944 4315; x_wconf 88' lang='grc' dir='ltr'>θρόνον</span> <span class='ocrx_word' id='word_1_652' title='bbox 3008 4245 3197 4308; x_wconf 85' lang='grc' dir='ltr'>αὑτοῦ,</span> <span class='ocrx_word' id='word_1_653' title='bbox 3259 4249 3354 4301; x_wconf 77' lang='grc' dir='ltr'>καὶ</span> <span class='ocrx_word' id='word_1_654' title='bbox 3383 4247 3570 4315; x_wconf 87' lang='grc' dir='ltr'>ὅμοιον</span> <span class='ocrx_word' id='word_1_655' title='bbox 3627 4244 3773 4302; x_wconf 73' lang='grc' dir='ltr'>εἶναι</span> <span class='ocrx_word' id='word_1_656' title='bbox 3825 4251 3910 4321; x_wconf 80' lang='grc' dir='ltr'><strong>τῷ</strong></span> 
     </span>
    </p>
   </div>
   <div class='ocr_carea' id='block_1_86' title="bbox 2331 4337 3910 4412">
    <p class='ocr_par' dir='ltr' id='par_1_86' title="bbox 2331 4337 3910 4412">
     <span class='ocr_line' id='line_1_86' title="bbox 2331 4337 3910 4412; baseline 0.021 -48"><span class='ocrx_word' id='word_1_657' title='bbox 2331 4342 2594 4412; x_wconf 51' lang='grc' dir='ltr'><strong>,Υψίστφο</strong></span> <span class='ocrx_word' id='word_1_658' title='bbox 2637 4337 2714 4409; x_wconf 74' lang='grc' dir='ltr'><strong>μὴ</strong></span> <span class='ocrx_word' id='word_1_659' title='bbox 2747 4338 2926 4391; x_wconf 84' lang='grc' dir='ltr'><strong>εἰδότα</strong></span> <span class='ocrx_word' id='word_1_660' title='bbox 2953 4337 3047 4390; x_wconf 82' lang='grc' dir='ltr'>τὸν</span> <span class='ocrx_word' id='word_1_661' title='bbox 3080 4337 3370 4406; x_wconf 70' lang='grc' dir='ltr'>Ὕψιστον.</span> <span class='ocrx_word' id='word_1_662' title='bbox 3426 4342 3522 4392; x_wconf 88' lang='grc' dir='ltr'>Ὃν</span> <span class='ocrx_word' id='word_1_663' title='bbox 3561 4339 3643 4394; x_wconf 78' lang='grc' dir='ltr'>δεῖ</span> <span class='ocrx_word' id='word_1_664' title='bbox 3674 4340 3910 4412; x_wconf 69' lang='grc' dir='ltr'>θεωρεῖν</span> 
     </span>
    </p>
   </div>
   <div class='ocr_carea' id='block_1_87' title="bbox 2323 4413 3908 4506">
    <p class='ocr_par' dir='ltr' id='par_1_87' title="bbox 2323 4413 3908 4506">
     <span class='ocr_line' id='line_1_87' title="bbox 2323 4413 3908 4506; baseline -0.001 -17"><span class='ocrx_word' id='word_1_665' title='bbox 2323 4434 2501 4489; x_wconf 87' lang='grc' dir='ltr'>πάντα</span> <span class='ocrx_word' id='word_1_666' title='bbox 2529 4431 2658 4486; x_wconf 87' lang='grc' dir='ltr'>νοῦν</span> <span class='ocrx_word' id='word_1_667' title='bbox 2675 4431 2766 4484; x_wconf 78' lang='grc' dir='ltr'>ἀεὶ</span> <span class='ocrx_word' id='word_1_668' title='bbox 2788 4430 2864 4494; x_wconf 84' lang='grc' dir='ltr'>ὡς</span> <span class='ocrx_word' id='word_1_669' title='bbox 2883 4429 2990 4500; x_wconf 82' lang='lat'><strong>50</strong></span> <span class='ocrx_word' id='word_1_670' title='bbox 3006 4413 3244 4500; x_wconf 66' lang='grc' dir='ltr'>ἄναρχον</span> <span class='ocrx_word' id='word_1_671' title='bbox 3266 4430 3394 4483; x_wconf 79' lang='grc' dir='ltr'>ὄντα</span> <span class='ocrx_word' id='word_1_672' title='bbox 3423 4430 3548 4488; x_wconf 89' lang='grc' dir='ltr'>νοῦν</span> <span class='ocrx_word' id='word_1_673' title='bbox 3573 4432 3666 4486; x_wconf 73' lang='grc' dir='ltr'>τὸν</span> <span class='ocrx_word' id='word_1_674' title='bbox 3685 4434 3908 4506; x_wconf 86' lang='grc' dir='ltr'>Πατέρα</span> 
     </span>
    </p>
   </div>
   <div class='ocr_carea' id='block_1_88' title="bbox 635 4522 2215 4624">
    <p class='ocr_par' dir='ltr' id='par_1_88' title="bbox 635 4527 2215 4599">
     <span class='ocr_line' id='line_1_88' title="bbox 635 4527 2215 4599; baseline 0.001 -15"><span class='ocrx_word' id='word_1_675' title='bbox 635 4528 766 4584; x_wconf 88' lang='lat' dir='ltr'><strong>dum</strong></span> <span class='ocrx_word' id='word_1_676' title='bbox 784 4529 984 4598; x_wconf 86' lang='lat' dir='ltr'><strong>angeli;</strong></span> <span class='ocrx_word' id='word_1_677' title='bbox 1005 4527 1210 4599; x_wconf 90' lang='lat' dir='ltr'><strong>Deique</strong></span> <span class='ocrx_word' id='word_1_678' title='bbox 1224 4542 1387 4598; x_wconf 83' lang='lat' dir='ltr'><strong>opera</strong></span> <span class='ocrx_word' id='word_1_679' title='bbox 1407 4543 1658 4597; x_wconf 73' lang='lat' dir='ltr'><strong>quaenam</strong></span> <span class='ocrx_word' id='word_1_680' title='bbox 1677 4528 1786 4584; x_wconf 88' lang='lat' dir='ltr'><strong>sint</strong></span> <span class='ocrx_word' id='word_1_681' title='bbox 1805 4530 2035 4586; x_wconf 76' lang='lat' dir='ltr'><strong>intuitus</strong></span> <span class='ocrx_word' id='word_1_682' title='bbox 2050 4531 2215 4586; x_wconf 86' lang='lat' dir='ltr'><strong>homo</strong></span> 
     </span>
    </p>
   </div>
   <div class='ocr_carea' id='block_1_89' title="bbox 2319 4522 3908 4624">
    <p class='ocr_par' dir='ltr' id='par_1_89' title="bbox 2323 4522 3908 4615">
     <span class='ocr_line' id='line_1_89' title="bbox 2323 4522 3908 4615; baseline 0.001 -34"><span class='ocrx_word' id='word_1_683' title='bbox 2323 4529 2418 4582; x_wconf 82' lang='grc' dir='ltr'><strong>σὺν</strong></span> <span class='ocrx_word' id='word_1_684' title='bbox 2447 4526 2527 4595; x_wconf 88' lang='grc' dir='ltr'>τῷ</span> <span class='ocrx_word' id='word_1_685' title='bbox 2556 4526 2716 4595; x_wconf 85' lang='grc' dir='ltr'>Λόγῳ</span> <span class='ocrx_word' id='word_1_686' title='bbox 2764 4526 2860 4578; x_wconf 77' lang='grc' dir='ltr'>καὶ</span> <span class='ocrx_word' id='word_1_687' title='bbox 2911 4522 3216 4592; x_wconf 81' lang='grc' dir='ltr'>Πνεὺματι,</span> <span class='ocrx_word' id='word_1_688' title='bbox 3251 4523 3532 4615; x_wconf 47' lang='lat'><strong>“1.5396;</strong></span> <span class='ocrx_word' id='word_1_689' title='bbox 3583 4525 3748 4580; x_wconf 86' lang='grc' dir='ltr'>αὑτὸν</span> <span class='ocrx_word' id='word_1_690' title='bbox 3809 4530 3908 4598; x_wconf 82' lang='grc' dir='ltr'><strong>τὴν</strong></span> 
     </span>
    </p>
   </div>
   <div class='ocr_carea' id='block_1_90' title="bbox 638 4615 2215 4694">
    <p class='ocr_par' dir='ltr' id='par_1_90' title="bbox 638 4621 2214 4694">
     <span class='ocr_line' id='line_1_90' title="bbox 638 4621 2214 4694; baseline 0.001 -17"><span class='ocrx_word' id='word_1_691' title='bbox 638 4624 798 4677; x_wconf 84' lang='lat' dir='ltr'><strong>debet</strong></span> <span class='ocrx_word' id='word_1_692' title='bbox 814 4621 1112 4677; x_wconf 87' lang='lat' dir='ltr'><strong>secundum</strong></span> <span class='ocrx_word' id='word_1_693' title='bbox 1131 4622 1352 4693; x_wconf 86' lang='lat' dir='ltr'><strong>angelos</strong></span> <span class='ocrx_word' id='word_1_694' title='bbox 1369 4635 1556 4691; x_wconf 85' lang='lat' dir='ltr'><strong>agere,</strong></span> <span class='ocrx_word' id='word_1_695' title='bbox 1570 4636 1765 4692; x_wconf 87' lang='lat' dir='ltr'><strong>nempe.</strong></span> <span class='ocrx_word' id='word_1_696' title='bbox 1784 4638 1905 4678; x_wconf 89' lang='lat' dir='ltr'><strong>eum</strong></span> <span class='ocrx_word' id='word_1_697' title='bbox 1926 4623 2144 4694; x_wconf 83' lang='lat' dir='ltr'><strong>hymnis</strong></span> <span class='ocrx_word' id='word_1_698' title='bbox 2159 4635 2214 4680; x_wconf 91' lang='lat' dir='ltr'><strong>et</strong></span> 
     </span>
    </p>
   </div>
   <div class='ocr_carea' id='block_1_91' title="bbox 2319 4615 3908 4694">
    <p class='ocr_par' dir='ltr' id='par_1_91' title="bbox 2323 4615 3908 4690">
     <span class='ocr_line' id='line_1_91' title="bbox 2323 4615 3908 4690; baseline 0 -16"><span class='ocrx_word' id='word_1_699' title='bbox 2323 4620 2510 4690; x_wconf 71' lang='lat' dir='ltr'><strong>Etpsaw</strong></span> <span class='ocrx_word' id='word_1_700' title='bbox 2544 4618 2713 4690; x_wconf 75' lang='grc' dir='ltr'>ἔχειν,</span> <span class='ocrx_word' id='word_1_701' title='bbox 2752 4618 2845 4671; x_wconf 79' lang='grc' dir='ltr'><strong>καὶ</strong></span> <span class='ocrx_word' id='word_1_702' title='bbox 2878 4615 3019 4688; x_wconf 77' lang='grc' dir='ltr'>πρὸς</span> <span class='ocrx_word' id='word_1_703' title='bbox 3051 4615 3218 4669; x_wconf 81' lang='grc' dir='ltr'>αὑτὸν</span> <span class='ocrx_word' id='word_1_704' title='bbox 3252 4615 3342 4670; x_wconf 78' lang='grc' dir='ltr'><strong>ἀεὶ</strong></span> <span class='ocrx_word' id='word_1_705' title='bbox 3372 4616 3774 4683; x_wconf 82' lang='grc' dir='ltr'>ἀνατείνεσθαι,</span> <span class='ocrx_word' id='word_1_706' title='bbox 3809 4620 3908 4674; x_wconf 87' lang='grc' dir='ltr'><strong>τὸν</strong></span> 
     </span>
    </p>
   </div>
   <div class='ocr_carea' id='block_1_92' title="bbox 639 4713 2219 4779">
    <p class='ocr_par' dir='ltr' id='par_1_92' title="bbox 639 4713 2219 4779">
     <span class='ocr_line' id='line_1_92' title="bbox 639 4713 2219 4779; baseline 0.002 -12"><span class='ocrx_word' id='word_1_707' title='bbox 639 4713 893 4768; x_wconf 82' lang='lat' dir='ltr'><strong>laudibus</strong></span> <span class='ocrx_word' id='word_1_708' title='bbox 913 4713 1212 4771; x_wconf 83' lang='lat' dir='ltr'><strong>celebrare.</strong></span> <span class='ocrx_word' id='word_1_709' title='bbox 1244 4713 1337 4768; x_wconf 77' lang='lat' dir='ltr'><strong>Ait</strong></span> <span class='ocrx_word' id='word_1_710' title='bbox 1371 4714 1554 4770; x_wconf 76' lang='lat' dir='ltr'><strong>etiim:</strong></span> <span class='ocrx_word' id='word_1_711' title='bbox 1588 4731 1606 4764; x_wconf 74' lang='grc' dir='ltr'><strong>ι</strong></span> <span class='ocrx_word' id='word_1_712' title='bbox 1643 4713 1876 4779; x_wconf 79' lang='lat' dir='ltr'><strong>Quando</strong></span> <span class='ocrx_word' id='word_1_713' title='bbox 1905 4713 2048 4769; x_wconf 77' lang='lat' dir='ltr'><strong>facta</strong></span> <span class='ocrx_word' id='word_1_714' title='bbox 2089 4725 2219 4771; x_wconf 86' lang='lat' dir='ltr'><strong>sunt</strong></span> 
     </span>
    </p>
   </div>
   <div class='ocr_carea' id='block_1_93' title="bbox 640 4806 2217 4878">
    <p class='ocr_par' dir='ltr' id='par_1_93' title="bbox 640 4806 2217 4878">
     <span class='ocr_line' id='line_1_93' title="bbox 640 4806 2217 4878; baseline 0 -16"><span class='ocrx_word' id='word_1_715' title='bbox 640 4815 813 4874; x_wconf 78' lang='lat' dir='ltr'><strong>astra,</strong></span> <span class='ocrx_word' id='word_1_716' title='bbox 841 4806 1244 4862; x_wconf 83' lang='lat' dir='ltr'><strong>laudabantme</strong></span> <span class='ocrx_word' id='word_1_717' title='bbox 1280 4821 1412 4863; x_wconf 81' lang='lat' dir='ltr'><strong>voce</strong></span> <span class='ocrx_word' id='word_1_718' title='bbox 1437 4822 1633 4878; x_wconf 83' lang='lat' dir='ltr'><strong>magna</strong></span> <span class='ocrx_word' id='word_1_719' title='bbox 1665 4821 1857 4863; x_wconf 87' lang='lat' dir='ltr'><strong>omnes</strong></span> <span class='ocrx_word' id='word_1_720' title='bbox 1894 4807 2072 4878; x_wconf 87' lang='lat' dir='ltr'><strong>angeli</strong></span> <span class='ocrx_word' id='word_1_721' title='bbox 2111 4809 2217 4864; x_wconf 91' lang='lat' dir='ltr'><strong>mei</strong></span> 
     </span>
    </p>
   </div>
   <div class='ocr_carea' id='block_1_94' title="bbox 642 4898 2222 4970">
    <p class='ocr_par' dir='ltr' id='par_1_94' title="bbox 642 4898 2222 4970">
     <span class='ocr_line' id='line_1_94' title="bbox 642 4898 2222 4970; baseline 0.001 -16"><span class='ocrx_word' id='word_1_722' title='bbox 642 4901 971 4970; x_wconf 80' lang='lat' dir='ltr'><strong>hymnisth</strong></span> <span class='ocrx_word' id='word_1_723' title='bbox 1001 4900 1294 4954; x_wconf 86' lang='lat' dir='ltr'><strong>ornabant.</strong></span> <span class='ocrx_word' id='word_1_724' title='bbox 1335 4918 1354 4950; x_wconf 76' lang='grc' dir='ltr'><strong>ι</strong></span> <span class='ocrx_word' id='word_1_725' title='bbox 1384 4898 1613 4954; x_wconf 71' lang='lat' dir='ltr'><strong>Vidcn&#39;?</strong></span> <span class='ocrx_word' id='word_1_726' title='bbox 1644 4899 1942 4954; x_wconf 89' lang='lat' dir='ltr'><strong>humilitati</strong></span> <span class='ocrx_word' id='word_1_727' title='bbox 1988 4910 2136 4964; x_wconf 86' lang='lat' dir='ltr'><strong>sunt,</strong></span> <span class='ocrx_word' id='word_1_728' title='bbox 2167 4913 2222 4956; x_wconf 91' lang='lat' dir='ltr'><strong>et</strong></span> 
     </span>
    </p>
   </div>
   <div class='ocr_carea' id='block_1_95' title="bbox 641 4991 2220 5062">
    <p class='ocr_par' dir='ltr' id='par_1_95' title="bbox 641 4991 2220 5062">
     <span class='ocr_line' id='line_1_95' title="bbox 641 4991 2220 5062; baseline -0.003 -12"><span class='ocrx_word' id='word_1_729' title='bbox 641 4993 827 5050; x_wconf 77' lang='lat' dir='ltr'><strong>statim</strong></span> <span class='ocrx_word' id='word_1_730' title='bbox 854 4993 921 5048; x_wconf 88' lang='lat' dir='ltr'><strong>ad</strong></span> <span class='ocrx_word' id='word_1_731' title='bbox 953 4993 1472 5062; x_wconf 85' lang='lat' dir='ltr'><strong>contemplationem</strong></span> <span class='ocrx_word' id='word_1_732' title='bbox 1529 5002 1584 5047; x_wconf 89' lang='lat' dir='ltr'><strong>et</strong></span> <span class='ocrx_word' id='word_1_733' title='bbox 1625 4991 2076 5060; x_wconf 82' lang='lat' dir='ltr'><strong>gloriﬁcatiouem</strong></span> <span class='ocrx_word' id='word_1_734' title='bbox 2126 4991 2220 5046; x_wconf 88' lang='lat' dir='ltr'><strong>Dei</strong></span> 
     </span>
    </p>
   </div>
   <div class='ocr_carea' id='block_1_96' title="bbox 643 5084 2221 5157">
    <p class='ocr_par' dir='ltr' id='par_1_96' title="bbox 643 5084 2221 5157">
     <span class='ocr_line' id='line_1_96' title="bbox 643 5084 2221 5157; baseline -0.003 -14"><span class='ocrx_word' id='word_1_735' title='bbox 643 5098 875 5146; x_wconf 86' lang='lat' dir='ltr'><strong>mentem</strong></span> <span class='ocrx_word' id='word_1_736' title='bbox 915 5096 1233 5151; x_wconf 81' lang='lat' dir='ltr'><strong>erexerunt,</strong></span> <span class='ocrx_word' id='word_1_737' title='bbox 1283 5087 1546 5157; x_wconf 84' lang='lat' dir='ltr'><strong>quoniam</strong></span> <span class='ocrx_word' id='word_1_738' title='bbox 1606 5084 1724 5154; x_wconf 79' lang='lat' dir='ltr'><strong>ipse</strong></span> <span class='ocrx_word' id='word_1_739' title='bbox 1756 5086 2000 5139; x_wconf 90' lang='lat' dir='ltr'><strong>omnium</strong></span> <span class='ocrx_word' id='word_1_740' title='bbox 2037 5084 2221 5140; x_wconf 90' lang='lat' dir='ltr'><strong>Domi-</strong></span> 
     </span>
    </p>
   </div>
   <div class='ocr_carea' id='block_1_97' title="bbox 647 5178 2224 5253">
    <p class='ocr_par' dir='ltr' id='par_1_97' title="bbox 647 5178 2224 5253">
     <span class='ocr_line' id='line_1_97' title="bbox 647 5178 2224 5253; baseline -0.002 -17"><span class='ocrx_word' id='word_1_741' title='bbox 647 5198 786 5251; x_wconf 85' lang='lat' dir='ltr'><strong>nus;</strong></span> <span class='ocrx_word' id='word_1_742' title='bbox 822 5196 996 5253; x_wconf 85' lang='lat' dir='ltr'><strong>neque</strong></span> <span class='ocrx_word' id='word_1_743' title='bbox 1033 5189 1251 5252; x_wconf 88' lang='lat' dir='ltr'><strong>propter</strong></span> <span class='ocrx_word' id='word_1_744' title='bbox 1277 5195 1428 5246; x_wconf 87' lang='lat' dir='ltr'><strong>eum,</strong></span> <span class='ocrx_word' id='word_1_745' title='bbox 1464 5178 1562 5234; x_wconf 89' lang='lat' dir='ltr'><strong>sed</strong></span> <span class='ocrx_word' id='word_1_746' title='bbox 1599 5188 1818 5248; x_wconf 87' lang='lat' dir='ltr'><strong>propter</strong></span> <span class='ocrx_word' id='word_1_747' title='bbox 1859 5193 1978 5247; x_wconf 86' lang='lat' dir='ltr'><strong>nos,</strong></span> <span class='ocrx_word' id='word_1_748' title='bbox 2017 5188 2078 5233; x_wconf 93' lang='lat' dir='ltr'><strong>ut</strong></span> <span class='ocrx_word' id='word_1_749' title='bbox 2119 5194 2224 5233; x_wconf 84' lang='lat' dir='ltr'><strong>no-</strong></span> 
     </span>
    </p>
   </div>
   <div class='ocr_carea' id='block_1_98' title="bbox 645 5272 2218 5352">
    <p class='ocr_par' dir='ltr' id='par_1_98' title="bbox 645 5272 2218 5352">
     <span class='ocr_line' id='line_1_98' title="bbox 645 5272 2218 5352; baseline -0.004 -19"><span class='ocrx_word' id='word_1_750' title='bbox 645 5287 761 5334; x_wconf 88' lang='lat' dir='ltr'><strong>stra</strong></span> <span class='ocrx_word' id='word_1_751' title='bbox 789 5284 1047 5344; x_wconf 88' lang='lat' dir='ltr'><strong>regantur</strong></span> <span class='ocrx_word' id='word_1_752' title='bbox 1080 5289 1308 5346; x_wconf 76' lang='lat' dir='ltr'><strong>carpors</strong></span> <span class='ocrx_word' id='word_1_753' title='bbox 1351 5273 1589 5352; x_wconf 74' lang='lat' dir='ltr'><strong>visibilis</strong></span> <span class='ocrx_word' id='word_1_754' title='bbox 1652 5272 1918 5336; x_wconf 89' lang='lat' dir='ltr'><strong>condidit,</strong></span> <span class='ocrx_word' id='word_1_755' title='bbox 1966 5273 2218 5327; x_wconf 81' lang='lat' dir='ltr'><strong>invisibi-</strong></span> 
     </span>
    </p>
   </div>
   <div class='ocr_carea' id='block_1_99' title="bbox 644 5365 2226 5436">
    <p class='ocr_par' dir='ltr' id='par_1_99' title="bbox 644 5365 2226 5436">
     <span class='ocr_line' id='line_1_99' title="bbox 644 5365 2226 5436; baseline -0.004 -12"><span class='ocrx_word' id='word_1_756' title='bbox 644 5371 716 5424; x_wconf 79' lang='lat' dir='ltr'><strong>lia</strong></span> <span class='ocrx_word' id='word_1_757' title='bbox 748 5377 930 5423; x_wconf 84' lang='lat' dir='ltr'><strong>autem</strong></span> <span class='ocrx_word' id='word_1_758' title='bbox 962 5377 1020 5422; x_wconf 92' lang='lat' dir='ltr'><strong>ut</strong></span> <span class='ocrx_word' id='word_1_759' title='bbox 1052 5368 1249 5423; x_wconf 87' lang='lat' dir='ltr'><strong>animis</strong></span> <span class='ocrx_word' id='word_1_760' title='bbox 1300 5367 1507 5423; x_wconf 89' lang='lat' dir='ltr'><strong>nostris</strong></span> <span class='ocrx_word' id='word_1_761' title='bbox 1543 5365 1857 5436; x_wconf 83' lang='lat' dir='ltr'><strong>proliciant.</strong></span> <span class='ocrx_word' id='word_1_762' title='bbox 1890 5365 2022 5432; x_wconf 74' lang='lat' dir='ltr'><strong>Qua:</strong></span> <span class='ocrx_word' id='word_1_763' title='bbox 2056 5366 2226 5435; x_wconf 90' lang='lat' dir='ltr'><strong>igitur</strong></span> 
     </span>
    </p>
   </div>
   <div class='ocr_carea' id='block_1_100' title="bbox 648 5457 2227 5530">
    <p class='ocr_par' dir='ltr' id='par_1_100' title="bbox 648 5457 2227 5530">
     <span class='ocr_line' id='line_1_100' title="bbox 648 5457 2227 5530; baseline -0.002 -11"><span class='ocrx_word' id='word_1_764' title='bbox 648 5464 860 5520; x_wconf 87' lang='lat' dir='ltr'><strong>utilitas</strong></span> <span class='ocrx_word' id='word_1_765' title='bbox 925 5465 969 5518; x_wconf 88' lang='lat' dir='ltr'><strong>si</strong></span> <span class='ocrx_word' id='word_1_766' title='bbox 1025 5461 1094 5516; x_wconf 90' lang='lat' dir='ltr'><strong>de</strong></span> <span class='ocrx_word' id='word_1_767' title='bbox 1150 5460 1236 5516; x_wconf 87' lang='lat' dir='ltr'><strong>his</strong></span> <span class='ocrx_word' id='word_1_768' title='bbox 1286 5459 1738 5530; x_wconf 87' lang='lat' dir='ltr'><strong>corruptibilibus</strong></span> <span class='ocrx_word' id='word_1_769' title='bbox 1786 5457 2011 5513; x_wconf 88' lang='lat' dir='ltr'><strong>solliciti</strong></span> <span class='ocrx_word' id='word_1_770' title='bbox 2052 5457 2227 5516; x_wconf 80' lang='lat' dir='ltr'><strong>simus</strong></span> 
     </span>
    </p>
   </div>
   <div class='ocr_carea' id='block_1_101' title="bbox 647 5551 2229 5630">
    <p class='ocr_par' dir='ltr' id='par_1_101' title="bbox 647 5551 2229 5630">
     <span class='ocr_line' id='line_1_101' title="bbox 647 5551 2229 5630; baseline -0.004 -17"><span class='ocrx_word' id='word_1_771' title='bbox 647 5573 773 5630; x_wconf 69' lang='lat' dir='ltr'><strong>quae</strong></span> <span class='ocrx_word' id='word_1_772' title='bbox 799 5555 1148 5612; x_wconf 85' lang='lat' dir='ltr'><strong>studentibus</strong></span> <span class='ocrx_word' id='word_1_773' title='bbox 1202 5570 1312 5610; x_wconf 89' lang='lat' dir='ltr'><strong>non</strong></span> <span class='ocrx_word' id='word_1_774' title='bbox 1369 5565 1624 5624; x_wconf 88' lang='lat' dir='ltr'><strong>prosunt,</strong></span> <span class='ocrx_word' id='word_1_775' title='bbox 1681 5552 1786 5607; x_wconf 91' lang='lat' dir='ltr'><strong>nisi</strong></span> <span class='ocrx_word' id='word_1_776' title='bbox 1844 5551 1968 5623; x_wconf 89' lang='lat' dir='ltr'><strong>quis</strong></span> <span class='ocrx_word' id='word_1_777' title='bbox 2021 5552 2112 5606; x_wconf 92' lang='lat' dir='ltr'><strong>illa</strong></span> <span class='ocrx_word' id='word_1_778' title='bbox 2140 5567 2229 5606; x_wconf 85' lang='lat' dir='ltr'><strong>so-</strong></span> 
     </span>
    </p>
   </div>
   <div class='ocr_carea' id='block_1_102' title="bbox 648 5643 2230 5720">
    <p class='ocr_par' dir='ltr' id='par_1_102' title="bbox 648 5643 2230 5720">
     <span class='ocr_line' id='line_1_102' title="bbox 648 5643 2230 5720; baseline -0.007 -11"><span class='ocrx_word' id='word_1_779' title='bbox 648 5651 932 5709; x_wconf 86' lang='lat' dir='ltr'><strong>lummodo</strong></span> <span class='ocrx_word' id='word_1_780' title='bbox 972 5649 1227 5720; x_wconf 81' lang='lat' dir='ltr'><strong>inspiciat</strong></span> <span class='ocrx_word' id='word_1_781' title='bbox 1279 5657 1339 5704; x_wconf 93' lang='lat' dir='ltr'><strong>ut</strong></span> <span class='ocrx_word' id='word_1_782' title='bbox 1392 5647 1500 5702; x_wconf 85' lang='lat' dir='ltr'><strong>Deo</strong></span> <span class='ocrx_word' id='word_1_783' title='bbox 1546 5646 1752 5717; x_wconf 89' lang='lat' dir='ltr'><strong>gratias</strong></span> <span class='ocrx_word' id='word_1_784' title='bbox 1810 5655 1864 5700; x_wconf 91' lang='lat' dir='ltr'><strong>et</strong></span> <span class='ocrx_word' id='word_1_785' title='bbox 1911 5643 2099 5699; x_wconf 89' lang='lat' dir='ltr'><strong>laudes</strong></span> <span class='ocrx_word' id='word_1_786' title='bbox 2130 5644 2230 5699; x_wconf 86' lang='lat' dir='ltr'><strong>tri-</strong></span> 
     </span>
    </p>
   </div>
   <div class='ocr_carea' id='block_1_103' title="bbox 651 5728 2226 5809">
    <p class='ocr_par' dir='ltr' id='par_1_103' title="bbox 651 5728 2226 5809">
     <span class='ocr_line' id='line_1_103' title="bbox 651 5728 2226 5809; baseline -0.005 -11"><span class='ocrx_word' id='word_1_787' title='bbox 651 5746 806 5809; x_wconf 72' lang='lat' dir='ltr'><strong>liuat,</strong></span> <span class='ocrx_word' id='word_1_788' title='bbox 847 5754 906 5799; x_wconf 91' lang='lat' dir='ltr'><strong>ut</strong></span> <span class='ocrx_word' id='word_1_789' title='bbox 936 5744 1114 5799; x_wconf 87' lang='lat' dir='ltr'><strong>solent</strong></span> <span class='ocrx_word' id='word_1_790' title='bbox 1147 5741 1346 5805; x_wconf 87' lang='lat' dir='ltr'><strong>sancti,</strong></span> <span class='ocrx_word' id='word_1_791' title='bbox 1383 5750 1439 5794; x_wconf 94' lang='lat' dir='ltr'><strong>et</strong></span> <span class='ocrx_word' id='word_1_792' title='bbox 1485 5738 1657 5794; x_wconf 79' lang='lat' dir='ltr'><strong>David</strong></span> <span class='ocrx_word' id='word_1_793' title='bbox 1711 5737 1858 5796; x_wconf 85' lang='lat' dir='ltr'><strong>istud</strong></span> <span class='ocrx_word' id='word_1_794' title='bbox 1897 5728 2141 5801; x_wconf 79' lang='lat' dir='ltr'><strong>testatur</strong></span> <span class='ocrx_word' id='word_1_795' title='bbox 2170 5737 2226 5790; x_wconf 92' lang='lat' dir='ltr'><strong>in</strong></span> 
     </span>
    </p>
   </div>
   <div class='ocr_carea' id='block_1_104' title="bbox 652 5827 2227 5908">
    <p class='ocr_par' dir='ltr' id='par_1_104' title="bbox 652 5827 2227 5908">
     <span class='ocr_line' id='line_1_104' title="bbox 652 5827 2227 5908; baseline -0.009 -14"><span class='ocrx_word' id='word_1_796' title='bbox 652 5839 841 5894; x_wconf 86' lang='lat' dir='ltr'><strong>multis</strong></span> <span class='ocrx_word' id='word_1_797' title='bbox 869 5835 1092 5908; x_wconf 83' lang='lat' dir='ltr'><strong>psalmis</strong></span> <span class='ocrx_word' id='word_1_798' title='bbox 1119 5848 1282 5905; x_wconf 78' lang='lat' dir='ltr'><strong>opera</strong></span> <span class='ocrx_word' id='word_1_799' title='bbox 1339 5831 1433 5889; x_wconf 90' lang='lat' dir='ltr'><strong>Dei</strong></span> <span class='ocrx_word' id='word_1_800' title='bbox 1484 5831 1852 5901; x_wconf 66' lang='lat' dir='ltr'><strong>praedicando.</strong></span> <span class='ocrx_word' id='word_1_801' title='bbox 1919 5827 2014 5884; x_wconf 86' lang='lat' dir='ltr'><strong>ille</strong></span> <span class='ocrx_word' id='word_1_802' title='bbox 2045 5836 2227 5883; x_wconf 89' lang='lat' dir='ltr'><strong>autem</strong></span> 
     </span>
    </p>
   </div>
   <div class='ocr_carea' id='block_1_105' title="bbox 655 5920 2226 6002">
    <p class='ocr_par' dir='ltr' id='par_1_105' title="bbox 655 5920 2226 6002">
     <span class='ocr_line' id='line_1_105' title="bbox 655 5920 2226 6002; baseline -0.006 -13"><span class='ocrx_word' id='word_1_803' title='bbox 655 5931 972 6002; x_wconf 75' lang='lat' dir='ltr'><strong>pnmundus</strong></span> <span class='ocrx_word' id='word_1_804' title='bbox 1005 5930 1121 5989; x_wconf 59' lang='lat' dir='ltr'><strong>hac</strong></span> <span class='ocrx_word' id='word_1_805' title='bbox 1156 5928 1381 5986; x_wconf 85' lang='lat' dir='ltr'><strong>omnino</strong></span> <span class='ocrx_word' id='word_1_806' title='bbox 1414 5926 1617 5984; x_wconf 82' lang='lat' dir='ltr'><strong>oblitus</strong></span> <span class='ocrx_word' id='word_1_807' title='bbox 1649 5925 1962 5983; x_wconf 68' lang='lat' dir='ltr'><strong>Graecorum</strong></span> <span class='ocrx_word' id='word_1_808' title='bbox 1994 5920 2226 5995; x_wconf 79' lang='lat' dir='ltr'><strong>ineptias</strong></span> 
     </span>
    </p>
   </div>
   <div class='ocr_carea' id='block_1_106' title="bbox 2321 4707 3909 4784">
    <p class='ocr_par' dir='ltr' id='par_1_106' title="bbox 2321 4707 3909 4784">
     <span class='ocr_line' id='line_1_106' title="bbox 2321 4707 3909 4784; baseline 0 -16"><span class='ocrx_word' id='word_1_809' title='bbox 2321 4716 2555 4784; x_wconf 79' lang='grc' dir='ltr'>ποιητὴν</span> <span class='ocrx_word' id='word_1_810' title='bbox 2606 4711 2721 4765; x_wconf 86' lang='grc' dir='ltr'><strong>τῶν</strong></span> <span class='ocrx_word' id='word_1_811' title='bbox 2771 4713 3113 4778; x_wconf 85' lang='grc' dir='ltr'>κτισμάτων.</span> <span class='ocrx_word' id='word_1_812' title='bbox 3171 4709 3267 4762; x_wconf 76' lang='grc' dir='ltr'><strong>καὶ</strong></span> <span class='ocrx_word' id='word_1_813' title='bbox 3323 4707 3572 4775; x_wconf 76' lang='grc' dir='ltr'>δοξάζειν</span> <span class='ocrx_word' id='word_1_814' title='bbox 3625 4711 3909 4783; x_wconf 78' lang='grc' dir='ltr'>ἁσιγήτως</span> 
     </span>
    </p>
   </div>
   <div class='ocr_carea' id='block_1_107' title="bbox 2320 4800 3906 4873">
    <p class='ocr_par' dir='ltr' id='par_1_107' title="bbox 2320 4800 3906 4873">
     <span class='ocr_line' id='line_1_107' title="bbox 2320 4800 3906 4873; baseline -0.001 -13"><span class='ocrx_word' id='word_1_815' title='bbox 2320 4807 2484 4862; x_wconf 76' lang='grc' dir='ltr'>αὑτὸν</span> <span class='ocrx_word' id='word_1_816' title='bbox 2513 4805 2587 4869; x_wconf 82' lang='grc' dir='ltr'>ὡς</span> <span class='ocrx_word' id='word_1_817' title='bbox 2605 4805 2654 4858; x_wconf 80' lang='grc' dir='ltr'>οἱ</span> <span class='ocrx_word' id='word_1_818' title='bbox 2684 4803 2930 4872; x_wconf 84' lang='grc' dir='ltr'>ἄγγελοι.</span> <span class='ocrx_word' id='word_1_819' title='bbox 2957 4803 3052 4856; x_wconf 73' lang='grc' dir='ltr'><strong>καὶ</strong></span> <span class='ocrx_word' id='word_1_820' title='bbox 3077 4800 3221 4854; x_wconf 81' lang='grc' dir='ltr'>κατὰ</span> <span class='ocrx_word' id='word_1_821' title='bbox 3253 4801 3381 4865; x_wconf 77' lang='grc' dir='ltr'>τοὺς</span> <span class='ocrx_word' id='word_1_822' title='bbox 3405 4801 3673 4869; x_wconf 76' lang='grc' dir='ltr'>ἀγγέλους</span> <span class='ocrx_word' id='word_1_823' title='bbox 3703 4805 3906 4873; x_wconf 79' lang='grc' dir='ltr'>ποιεῖν,</span> 
     </span>
    </p>
   </div>
   <div class='ocr_carea' id='block_1_108' title="bbox 2323 4890 3911 4967">
    <p class='ocr_par' dir='ltr' id='par_1_108' title="bbox 2323 4890 3911 4967">
     <span class='ocr_line' id='line_1_108' title="bbox 2323 4890 3911 4967; baseline 0.001 -17"><span class='ocrx_word' id='word_1_824' title='bbox 2323 4895 2634 4967; x_wconf 90' lang='grc' dir='ltr'>θεωροῦντα</span> <span class='ocrx_word' id='word_1_825' title='bbox 2660 4893 2782 4947; x_wconf 88' lang='grc' dir='ltr'>τίνα</span> <span class='ocrx_word' id='word_1_826' title='bbox 2812 4894 2880 4945; x_wconf 85' lang='grc' dir='ltr'><strong>τά</strong></span> <span class='ocrx_word' id='word_1_827' title='bbox 2902 4892 2997 4946; x_wconf 89' lang='grc' dir='ltr'><strong>τοῦ</strong></span> <span class='ocrx_word' id='word_1_828' title='bbox 3026 4890 3163 4945; x_wconf 88' lang='grc' dir='ltr'>Θεοῦ</span> <span class='ocrx_word' id='word_1_829' title='bbox 3193 4892 3492 4963; x_wconf 73' lang='grc' dir='ltr'>κτίσματα,</span> <span class='ocrx_word' id='word_1_830' title='bbox 3523 4894 3712 4962; x_wconf 86' lang='grc' dir='ltr'>ὑμνεῖν</span> <span class='ocrx_word' id='word_1_831' title='bbox 3742 4896 3911 4952; x_wconf 73' lang='grc' dir='ltr'>αὑτὸν</span> 
     </span>
    </p>
   </div>
   <div class='ocr_carea' id='block_1_109' title="bbox 2323 4987 3903 5060">
    <p class='ocr_par' dir='ltr' id='par_1_109' title="bbox 2323 4987 3903 5060">
     <span class='ocr_line' id='line_1_109' title="bbox 2323 4987 3903 5060; baseline -0.002 -15"><span class='ocrx_word' id='word_1_832' title='bbox 2323 4997 2419 5045; x_wconf 73' lang='grc' dir='ltr'>καὶ</span> <span class='ocrx_word' id='word_1_833' title='bbox 2437 4991 2760 5058; x_wconf 78' lang='grc' dir='ltr'>δοξολογεῖν.</span> <span class='ocrx_word' id='word_1_834' title='bbox 2791 5006 2811 5039; x_wconf 78' lang='grc' dir='ltr'><strong>ε</strong></span> <span class='ocrx_word' id='word_1_835' title='bbox 2828 4989 2956 5042; x_wconf 85' lang='grc' dir='ltr'><strong>Ὅτε</strong></span> <span class='ocrx_word' id='word_1_836' title='bbox 2988 5006 3006 5040; x_wconf 76' lang='grc' dir='ltr'><strong>ι</strong></span> <span class='ocrx_word' id='word_1_837' title='bbox 3032 4987 3165 5058; x_wconf 84' lang='grc' dir='ltr'>γὰρ,</span> <span class='ocrx_word' id='word_1_838' title='bbox 3191 4987 3381 5058; x_wconf 79' lang='grc' dir='ltr'>φησὶν,</span> <span class='ocrx_word' id='word_1_839' title='bbox 3413 5005 3431 5040; x_wconf 82' lang='grc' dir='ltr'><strong>ι</strong></span> <span class='ocrx_word' id='word_1_840' title='bbox 3461 4987 3683 5054; x_wconf 69' lang='grc' dir='ltr'>ἐγένετο</span> <span class='ocrx_word' id='word_1_841' title='bbox 3702 4987 3903 5060; x_wconf 73' lang='grc' dir='ltr'>ἄστρα,</span> 
     </span>
    </p>
   </div>
   <div class='ocr_carea' id='block_1_110' title="bbox 2322 5079 3909 5156">
    <p class='ocr_par' dir='ltr' id='par_1_110' title="bbox 2322 5079 3909 5156">
     <span class='ocr_line' id='line_1_110' title="bbox 2322 5079 3909 5156; baseline 0.001 -20"><span class='ocrx_word' id='word_1_842' title='bbox 2322 5083 2523 5156; x_wconf 67' lang='grc' dir='ltr'>ᾔνεσαν</span> <span class='ocrx_word' id='word_1_843' title='bbox 2547 5100 2614 5154; x_wconf 86' lang='grc' dir='ltr'><strong>με</strong></span> <span class='ocrx_word' id='word_1_844' title='bbox 2656 5084 2807 5153; x_wconf 80' lang='grc' dir='ltr'>φωνῇ</span> <span class='ocrx_word' id='word_1_845' title='bbox 2875 5079 3093 5154; x_wconf 79' lang='grc' dir='ltr'>μεγάλῃ</span> <span class='ocrx_word' id='word_1_846' title='bbox 3126 5079 3330 5144; x_wconf 79' lang='grc' dir='ltr'>πάντες</span> <span class='ocrx_word' id='word_1_847' title='bbox 3387 5080 3612 5148; x_wconf 76' lang='grc' dir='ltr'>ἄγγελοί</span> <span class='ocrx_word' id='word_1_848' title='bbox 3672 5097 3777 5150; x_wconf 84' lang='grc' dir='ltr'><strong>μου</strong></span> <span class='ocrx_word' id='word_1_849' title='bbox 3807 5081 3909 5137; x_wconf 74' lang='grc' dir='ltr'>καὶ</span> 
     </span>
    </p>
   </div>
   <div class='ocr_carea' id='block_1_111' title="bbox 2327 5173 3911 5246">
    <p class='ocr_par' dir='ltr' id='par_1_111' title="bbox 2327 5173 3911 5246">
     <span class='ocr_line' id='line_1_111' title="bbox 2327 5173 3911 5246; baseline -0.001 -17"><span class='ocrx_word' id='word_1_850' title='bbox 2327 5177 2597 5246; x_wconf 82' lang='grc' dir='ltr'>ὑμνησαν.</span> <span class='ocrx_word' id='word_1_851' title='bbox 2632 5193 2650 5227; x_wconf 80' lang='grc' dir='ltr'><strong>ι</strong></span> <span class='ocrx_word' id='word_1_852' title='bbox 2695 5175 2908 5246; x_wconf 78' lang='grc' dir='ltr'>Ὀρᾷς;</span> <span class='ocrx_word' id='word_1_853' title='bbox 2943 5173 3411 5242; x_wconf 87' lang='grc' dir='ltr'>Τεταπείνωνται,</span> <span class='ocrx_word' id='word_1_854' title='bbox 3471 5179 3567 5228; x_wconf 77' lang='grc' dir='ltr'>καὶ</span> <span class='ocrx_word' id='word_1_855' title='bbox 3615 5173 3754 5246; x_wconf 80' lang='grc' dir='ltr'>πρὸς</span> <span class='ocrx_word' id='word_1_856' title='bbox 3807 5175 3911 5244; x_wconf 77' lang='grc' dir='ltr'><strong>τὴν</strong></span> 
     </span>
    </p>
   </div>
   <div class='ocr_carea' id='block_1_112' title="bbox 2327 5264 3912 5337">
    <p class='ocr_par' dir='ltr' id='par_1_112' title="bbox 2327 5264 3912 5337">
     <span class='ocr_line' id='line_1_112' title="bbox 2327 5264 3912 5337; baseline -0.001 -16"><span class='ocrx_word' id='word_1_857' title='bbox 2327 5267 2424 5322; x_wconf 88' lang='grc' dir='ltr'><strong>τοῦ</strong></span> <span class='ocrx_word' id='word_1_858' title='bbox 2460 5266 2597 5321; x_wconf 88' lang='grc' dir='ltr'>Θεοῦ</span> <span class='ocrx_word' id='word_1_859' title='bbox 2657 5266 2895 5337; x_wconf 88' lang='grc' dir='ltr'>θεωρίαν</span> <span class='ocrx_word' id='word_1_860' title='bbox 2923 5267 3021 5320; x_wconf 79' lang='grc' dir='ltr'>καὶ</span> <span class='ocrx_word' id='word_1_861' title='bbox 3072 5264 3388 5334; x_wconf 79' lang='grc' dir='ltr'>δοξολογίαν</span> <span class='ocrx_word' id='word_1_862' title='bbox 3418 5265 3582 5330; x_wconf 84' lang='grc' dir='ltr'>εὑθὺς</span> <span class='ocrx_word' id='word_1_863' title='bbox 3634 5267 3729 5320; x_wconf 72' lang='grc' dir='ltr'>τὸν</span> <span class='ocrx_word' id='word_1_864' title='bbox 3779 5264 3912 5323; x_wconf 72' lang='grc' dir='ltr'>νοῦν</span> 
     </span>
    </p>
   </div>
   <div class='ocr_carea' id='block_1_113' title="bbox 2327 5355 3910 5427">
    <p class='ocr_par' dir='ltr' id='par_1_113' title="bbox 2327 5355 3910 5427">
     <span class='ocr_line' id='line_1_113' title="bbox 2327 5355 3910 5427; baseline -0.001 -17"><span class='ocrx_word' id='word_1_865' title='bbox 2327 5357 2586 5426; x_wconf 69' lang='grc' dir='ltr'>ἔστησαν·</span> <span class='ocrx_word' id='word_1_866' title='bbox 2617 5356 2700 5409; x_wconf 84' lang='grc' dir='ltr'><strong>ὅτι</strong></span> <span class='ocrx_word' id='word_1_867' title='bbox 2728 5357 2825 5410; x_wconf 79' lang='grc' dir='ltr'>καὶ</span> <span class='ocrx_word' id='word_1_868' title='bbox 2853 5355 3019 5419; x_wconf 82' lang='grc' dir='ltr'>αὐτὸς</span> <span class='ocrx_word' id='word_1_869' title='bbox 3054 5358 3276 5408; x_wconf 86' lang='grc' dir='ltr'>πάντων</span> <span class='ocrx_word' id='word_1_870' title='bbox 3309 5356 3704 5427; x_wconf 75' lang='grc' dir='ltr'>παραγωγεὺς,</span> <span class='ocrx_word' id='word_1_871' title='bbox 3726 5355 3824 5408; x_wconf 78' lang='grc' dir='ltr'>καὶ</span> <span class='ocrx_word' id='word_1_872' title='bbox 3843 5355 3910 5409; x_wconf 90' lang='grc' dir='ltr'><strong>οὑ</strong></span> 
     </span>
    </p>
   </div>
   <div class='ocr_carea' id='block_1_114' title="bbox 2327 5447 3910 5522">
    <p class='ocr_par' dir='ltr' id='par_1_114' title="bbox 2327 5447 3910 5522">
     <span class='ocr_line' id='line_1_114' title="bbox 2327 5447 3910 5522; baseline -0.001 -19"><span class='ocrx_word' id='word_1_873' title='bbox 2327 5449 2393 5503; x_wconf 82' lang='grc' dir='ltr'><strong>δι’</strong></span> <span class='ocrx_word' id='word_1_874' title='bbox 2427 5447 2591 5502; x_wconf 75' lang='grc' dir='ltr'>αὑτὸν</span> <span class='ocrx_word' id='word_1_875' title='bbox 2627 5448 2695 5501; x_wconf 81' lang='grc' dir='ltr'><strong>τὰ</strong></span> <span class='ocrx_word' id='word_1_876' title='bbox 2724 5448 3026 5518; x_wconf 84' lang='grc' dir='ltr'>κτίσματα,</span> <span class='ocrx_word' id='word_1_877' title='bbox 3057 5447 3191 5501; x_wconf 79' lang='grc' dir='ltr'><strong>ἀλλά</strong></span> <span class='ocrx_word' id='word_1_878' title='bbox 3212 5448 3282 5502; x_wconf 80' lang='grc' dir='ltr'><strong>δι’</strong></span> <span class='ocrx_word' id='word_1_879' title='bbox 3311 5449 3484 5522; x_wconf 67' lang='grc' dir='ltr'>ἡμας,</span> <span class='ocrx_word' id='word_1_880' title='bbox 3514 5448 3599 5500; x_wconf 83' lang='grc' dir='ltr'>ῖνα</span> <span class='ocrx_word' id='word_1_881' title='bbox 3636 5447 3910 5520; x_wconf 75' lang='grc' dir='ltr'>κυϐερνᾶο</span> 
     </span>
    </p>
   </div>
   <div class='ocr_carea' id='block_1_115' title="bbox 2329 5537 3914 5613">
    <p class='ocr_par' dir='ltr' id='par_1_115' title="bbox 2329 5537 3914 5613">
     <span class='ocr_line' id='line_1_115' title="bbox 2329 5537 3914 5613; baseline -0.001 -15"><span class='ocrx_word' id='word_1_882' title='bbox 2329 5561 2418 5598; x_wconf 87' lang='grc' dir='ltr'><strong>ται</strong></span> <span class='ocrx_word' id='word_1_883' title='bbox 2452 5541 2610 5613; x_wconf 79' lang='grc' dir='ltr'>ἡμῶν</span> <span class='ocrx_word' id='word_1_884' title='bbox 2637 5540 2707 5595; x_wconf 81' lang='grc' dir='ltr'><strong>τὰ</strong></span> <span class='ocrx_word' id='word_1_885' title='bbox 2744 5544 2992 5611; x_wconf 86' lang='grc' dir='ltr'>σώματα.</span> <span class='ocrx_word' id='word_1_886' title='bbox 3025 5541 3108 5596; x_wconf 84' lang='grc' dir='ltr'>Τὰ</span> <span class='ocrx_word' id='word_1_887' title='bbox 3163 5542 3220 5596; x_wconf 71' lang='grc' dir='ltr'><strong>ιι</strong></span> <span class='ocrx_word' id='word_1_888' title='bbox 3247 5541 3390 5611; x_wconf 65' lang='grc' dir='ltr'>ὑπὲρ</span> <span class='ocrx_word' id='word_1_889' title='bbox 3409 5541 3518 5595; x_wconf 84' lang='grc' dir='ltr'><strong>τῶν</strong></span> <span class='ocrx_word' id='word_1_890' title='bbox 3540 5539 3730 5611; x_wconf 79' lang='grc' dir='ltr'>ψυχῶν</span> <span class='ocrx_word' id='word_1_891' title='bbox 3750 5537 3914 5612; x_wconf 74' lang='grc' dir='ltr'>ἡμῶν</span> 
     </span>
    </p>
   </div>
   <div class='ocr_carea' id='block_1_116' title="bbox 2330 5631 3916 5709">
    <p class='ocr_par' dir='ltr' id='par_1_116' title="bbox 2330 5631 3916 5709">
     <span class='ocr_line' id='line_1_116' title="bbox 2330 5631 3916 5709; baseline -0.001 -15"><span class='ocrx_word' id='word_1_892' title='bbox 2330 5637 2698 5709; x_wconf 87' lang='grc' dir='ltr'>ἀκατανόητα.</span> <span class='ocrx_word' id='word_1_893' title='bbox 2731 5635 2830 5700; x_wconf 86' lang='grc' dir='ltr'>Τίς</span> <span class='ocrx_word' id='word_1_894' title='bbox 2884 5631 2976 5690; x_wconf 85' lang='grc' dir='ltr'><strong>οῦν</strong></span> <span class='ocrx_word' id='word_1_895' title='bbox 3010 5635 3045 5706; x_wconf 69' lang='grc' dir='ltr'><strong>η</strong></span> <span class='ocrx_word' id='word_1_896' title='bbox 3081 5633 3246 5703; x_wconf 84' lang='grc' dir='ltr'>χρεία</span> <span class='ocrx_word' id='word_1_897' title='bbox 3308 5634 3577 5705; x_wconf 78' lang='grc' dir='ltr'>μεριμνᾷν</span> <span class='ocrx_word' id='word_1_898' title='bbox 3637 5635 3768 5703; x_wconf 76' lang='grc' dir='ltr'>περὶ</span> <span class='ocrx_word' id='word_1_899' title='bbox 3801 5633 3916 5692; x_wconf 80' lang='grc' dir='ltr'><strong>τῶν</strong></span> 
     </span>
    </p>
   </div>
   <div class='ocr_carea' id='block_1_117' title="bbox 2332 5725 3915 5803">
    <p class='ocr_par' dir='ltr' id='par_1_117' title="bbox 2332 5725 3915 5803">
     <span class='ocr_line' id='line_1_117' title="bbox 2332 5725 3915 5803; baseline -0.003 -18"><span class='ocrx_word' id='word_1_900' title='bbox 2332 5730 2611 5803; x_wconf 78' lang='grc' dir='ltr'>φθαρτῶν,</span> <span class='ocrx_word' id='word_1_901' title='bbox 2647 5729 2744 5784; x_wconf 77' lang='grc' dir='ltr'>καὶ</span> <span class='ocrx_word' id='word_1_902' title='bbox 2775 5729 2944 5800; x_wconf 80' lang='grc' dir='ltr'>μηδὲν</span> <span class='ocrx_word' id='word_1_903' title='bbox 2976 5725 3335 5796; x_wconf 78' lang='grc' dir='ltr'>ὠφελούντων</span> <span class='ocrx_word' id='word_1_904' title='bbox 3382 5728 3440 5779; x_wconf 78' lang='grc' dir='ltr'>ὲν</span> <span class='ocrx_word' id='word_1_905' title='bbox 3470 5725 3550 5797; x_wconf 83' lang='grc' dir='ltr'>τῷ</span> <span class='ocrx_word' id='word_1_906' title='bbox 3596 5728 3915 5794; x_wconf 86' lang='grc' dir='ltr'>κατανοεῖν,</span> 
     </span>
    </p>
   </div>
   <div class='ocr_carea' id='block_1_118' title="bbox 2333 5819 3913 5899">
    <p class='ocr_par' dir='ltr' id='par_1_118' title="bbox 2333 5819 3913 5899">
     <span class='ocr_line' id='line_1_118' title="bbox 2333 5819 3913 5899; baseline -0.001 -21"><span class='ocrx_word' id='word_1_907' title='bbox 2333 5828 2381 5878; x_wconf 81' lang='grc' dir='ltr'><strong>εί</strong></span> <span class='ocrx_word' id='word_1_908' title='bbox 2416 5825 2489 5896; x_wconf 82' lang='grc' dir='ltr'>μή</span> <span class='ocrx_word' id='word_1_909' title='bbox 2523 5840 2606 5888; x_wconf 84' lang='grc' dir='ltr'><strong>τις</strong></span> <span class='ocrx_word' id='word_1_910' title='bbox 2633 5823 2994 5893; x_wconf 81' lang='grc' dir='ltr'>κατανοήσειε</span> <span class='ocrx_word' id='word_1_911' title='bbox 3026 5819 3223 5892; x_wconf 77' lang='grc' dir='ltr'>μικρὸν</span> <span class='ocrx_word' id='word_1_912' title='bbox 3243 5819 3332 5874; x_wconf 82' lang='grc' dir='ltr'>διά</span> <span class='ocrx_word' id='word_1_913' title='bbox 3353 5820 3524 5891; x_wconf 85' lang='grc' dir='ltr'>μόνην</span> <span class='ocrx_word' id='word_1_914' title='bbox 3551 5820 3913 5899; x_wconf 79' lang='grc' dir='ltr'>εὐχαριστίαν</span> 
     </span>
    </p>
   </div>
   <div class='ocr_carea' id='block_1_119' title="bbox 2335 5913 3908 5987">
    <p class='ocr_par' dir='ltr' id='par_1_119' title="bbox 2335 5913 3908 5987">
     <span class='ocr_line' id='line_1_119' title="bbox 2335 5913 3908 5987; baseline -0.004 -13"><span class='ocrx_word' id='word_1_915' title='bbox 2335 5918 2470 5974; x_wconf 84' lang='grc' dir='ltr'>Θεοῦ</span> <span class='ocrx_word' id='word_1_916' title='bbox 2497 5919 2594 5974; x_wconf 81' lang='grc' dir='ltr'>καὶ</span> <span class='ocrx_word' id='word_1_917' title='bbox 2619 5916 2950 5987; x_wconf 78' lang='grc' dir='ltr'>δοξολογίαν,</span> <span class='ocrx_word' id='word_1_918' title='bbox 2984 5915 3061 5981; x_wconf 78' lang='grc' dir='ltr'>ὡς</span> <span class='ocrx_word' id='word_1_919' title='bbox 3090 5915 3188 5971; x_wconf 69' lang='grc' dir='ltr'>καὶ</span> <span class='ocrx_word' id='word_1_920' title='bbox 3229 5915 3343 5981; x_wconf 77' lang='grc' dir='ltr'>τοῖς</span> <span class='ocrx_word' id='word_1_921' title='bbox 3373 5913 3550 5983; x_wconf 70' lang='grc' dir='ltr'>ἁγίοις</span> <span class='ocrx_word' id='word_1_922' title='bbox 3587 5913 3709 5980; x_wconf 78' lang='grc' dir='ltr'>ιθος</span> <span class='ocrx_word' id='word_1_923' title='bbox 3751 5915 3870 5969; x_wconf 77' lang='grc' dir='ltr'>ιστί</span> <span class='ocrx_word' id='word_1_924' title='bbox 3885 5928 3908 5984; x_wconf 76' lang='lat'><strong>;</strong></span> 
     </span>
    </p>
   </div>
  </div>
