  <div class='ocr_page' id='page_1' title='image "/cluster/home/n/w/nwhite01/storage/ocr_20150623/155/pst.000005714759/114.png"; bbox 0 0 4168 6318; ppageno 0'>
   <div class='ocr_carea' id='block_1_1' title="bbox 332 329 435 394">
    <p class='ocr_par' dir='ltr' id='par_1_1' title="bbox 332 329 435 394">
     <span class='ocr_line' id='line_1_1' title="bbox 332 329 435 394; baseline 0 -1"><span class='ocrx_word' id='word_1_1' title='bbox 332 329 435 394; x_wconf 77' lang='lat' dir='ltr'><strong>2i3</strong></span> 
     </span>
    </p>
   </div>
   <div class='ocr_carea' id='block_1_2' title="bbox 1603 332 2303 397">
    <p class='ocr_par' dir='ltr' id='par_1_2' title="bbox 1603 332 2303 397">
     <span class='ocr_line' id='line_1_2' title="bbox 1603 332 2303 397; baseline -0.006 0"><span class='ocrx_word' id='word_1_2' title='bbox 1603 335 1701 397; x_wconf 90' lang='lat' dir='ltr'>DE</span> <span class='ocrx_word' id='word_1_3' title='bbox 1740 332 2303 395; x_wconf 76' lang='lat' dir='ltr'><strong>SACRAMENTIS.</strong></span> 
     </span>
    </p>
   </div>
   <div class='ocr_carea' id='block_1_3' title="bbox 3499 328 3609 392">
    <p class='ocr_par' dir='ltr' id='par_1_3' title="bbox 3499 328 3609 392">
     <span class='ocr_line' id='line_1_3' title="bbox 3499 328 3609 392; baseline 0 -1"><span class='ocrx_word' id='word_1_4' title='bbox 3499 328 3609 392; x_wconf 65' lang='lat'><strong>216</strong></span> 
     </span>
    </p>
   </div>
   <div class='ocr_carea' id='block_1_4' title="bbox 329 440 1935 517">
    <p class='ocr_par' dir='ltr' id='par_1_4' title="bbox 329 444 1915 517">
     <span class='ocr_line' id='line_1_4' title="bbox 329 444 1915 517; baseline 0.001 -20"><span class='ocrx_word' id='word_1_5' title='bbox 329 447 451 498; x_wconf 78' lang='grc' dir='ltr'>κίαν</span> <span class='ocrx_word' id='word_1_6' title='bbox 485 444 621 517; x_wconf 76' lang='grc' dir='ltr'>ἔχει,</span> <span class='ocrx_word' id='word_1_7' title='bbox 654 444 833 515; x_wconf 88' lang='grc' dir='ltr'>μόνος,</span> <span class='ocrx_word' id='word_1_8' title='bbox 864 445 985 499; x_wconf 67' lang='lat' dir='ltr'><strong>imi</strong></span> <span class='ocrx_word' id='word_1_9' title='bbox 1004 448 1111 501; x_wconf 58' lang='lat' dir='ltr'><strong>~atati.</strong></span> <span class='ocrx_word' id='word_1_10' title='bbox 1145 450 1404 511; x_wconf 74' lang='grc' dir='ltr'>ἑκουσίως</span> <span class='ocrx_word' id='word_1_11' title='bbox 1432 449 1513 502; x_wconf 86' lang='grc' dir='ltr'>δεῐ</span> <span class='ocrx_word' id='word_1_12' title='bbox 1534 446 1722 501; x_wconf 74' lang='grc' dir='ltr'>τοῦτον</span> <span class='ocrx_word' id='word_1_13' title='bbox 1747 463 1915 517; x_wconf 86' lang='grc' dir='ltr'>προσ-</span> 
     </span>
    </p>
   </div>
   <div class='ocr_carea' id='block_1_5' title="bbox 2038 440 3611 517">
    <p class='ocr_par' dir='ltr' id='par_1_5' title="bbox 2038 440 3611 515">
     <span class='ocr_line' id='line_1_5' title="bbox 2038 440 3611 515; baseline -0.002 -15"><span class='ocrx_word' id='word_1_14' title='bbox 2038 461 2257 515; x_wconf 73' lang='lat' dir='ltr'><strong>sponsor</strong></span> <span class='ocrx_word' id='word_1_15' title='bbox 2326 459 2450 501; x_wconf 88' lang='lat' dir='ltr'><strong>cum</strong></span> <span class='ocrx_word' id='word_1_16' title='bbox 2519 457 2606 497; x_wconf 88' lang='lat' dir='ltr'><strong>eo.</strong></span> <span class='ocrx_word' id='word_1_17' title='bbox 2671 440 2769 497; x_wconf 83' lang='lat' dir='ltr'><strong>llic</strong></span> <span class='ocrx_word' id='word_1_18' title='bbox 2835 442 2977 496; x_wconf 90' lang='lat' dir='ltr'><strong>enim</strong></span> <span class='ocrx_word' id='word_1_19' title='bbox 3015 456 3155 511; x_wconf 64' lang='lat' dir='ltr'><strong>praes</strong></span> <span class='ocrx_word' id='word_1_20' title='bbox 3190 443 3309 512; x_wconf 91' lang='lat' dir='ltr'><strong>ejus</strong></span> <span class='ocrx_word' id='word_1_21' title='bbox 3366 452 3611 514; x_wconf 75' lang='lat' dir='ltr'><strong>esterga</strong></span> 
     </span>
    </p>
   </div>
   <div class='ocr_carea' id='block_1_6' title="bbox 329 537 1907 609">
    <p class='ocr_par' dir='ltr' id='par_1_6' title="bbox 329 537 1907 609">
     <span class='ocr_line' id='line_1_6' title="bbox 329 537 1907 609; baseline -0.001 -17"><span class='ocrx_word' id='word_1_22' title='bbox 329 538 609 608; x_wconf 76' lang='grc' dir='ltr'>ὶρχεσθαι,</span> <span class='ocrx_word' id='word_1_23' title='bbox 658 540 751 591; x_wconf 75' lang='grc' dir='ltr'>καὶ</span> <span class='ocrx_word' id='word_1_24' title='bbox 794 541 822 592; x_wconf 91' lang='grc' dir='ltr'><strong>ό</strong></span> <span class='ocrx_word' id='word_1_25' title='bbox 864 537 1122 609; x_wconf 72' lang='grc' dir='ltr'>ἀνάδοχος</span> <span class='ocrx_word' id='word_1_26' title='bbox 1157 540 1253 594; x_wconf 73' lang='grc' dir='ltr'><strong>σὺν</strong></span> <span class='ocrx_word' id='word_1_27' title='bbox 1279 541 1451 609; x_wconf 80' lang='grc' dir='ltr'>αύτῷ.</span> <span class='ocrx_word' id='word_1_28' title='bbox 1484 541 1655 603; x_wconf 69' lang='grc' dir='ltr'>Λῦτος</span> <span class='ocrx_word' id='word_1_29' title='bbox 1684 541 1791 609; x_wconf 64' lang='grc' dir='ltr'>γὰρ</span> <span class='ocrx_word' id='word_1_30' title='bbox 1811 540 1907 593; x_wconf 84' lang='grc' dir='ltr'>αύ-</span> 
     </span>
    </p>
   </div>
   <div class='ocr_carea' id='block_1_7' title="bbox 328 629 1909 702">
    <p class='ocr_par' dir='ltr' id='par_1_7' title="bbox 328 629 1909 702">
     <span class='ocr_line' id='line_1_7' title="bbox 328 629 1909 702; baseline -0.001 -20"><span class='ocrx_word' id='word_1_31' title='bbox 328 630 421 682; x_wconf 82' lang='grc' dir='ltr'>τοῦ</span> <span class='ocrx_word' id='word_1_32' title='bbox 444 629 723 700; x_wconf 75' lang='grc' dir='ltr'>ἐγγυητὴς</span> <span class='ocrx_word' id='word_1_33' title='bbox 752 630 831 693; x_wconf 84' lang='grc' dir='ltr'><strong>είς</strong></span> <span class='ocrx_word' id='word_1_34' title='bbox 870 630 1124 700; x_wconf 81' lang='grc' dir='ltr'>Χριστὸν,</span> <span class='ocrx_word' id='word_1_35' title='bbox 1159 631 1300 686; x_wconf 85' lang='grc' dir='ltr'>ὥστε</span> <span class='ocrx_word' id='word_1_36' title='bbox 1335 635 1521 702; x_wconf 81' lang='grc' dir='ltr'><strong>τηρεῖν</strong></span> <span class='ocrx_word' id='word_1_37' title='bbox 1553 632 1621 684; x_wconf 85' lang='grc' dir='ltr'>τὰ</span> <span class='ocrx_word' id='word_1_38' title='bbox 1668 630 1769 697; x_wconf 78' lang='grc' dir='ltr'>τῆς</span> <span class='ocrx_word' id='word_1_39' title='bbox 1820 630 1909 681; x_wconf 79' lang='grc' dir='ltr'>πί-</span> 
     </span>
    </p>
   </div>
   <div class='ocr_carea' id='block_1_8' title="bbox 332 718 1904 792">
    <p class='ocr_par' dir='ltr' id='par_1_8' title="bbox 332 718 1904 792">
     <span class='ocr_line' id='line_1_8' title="bbox 332 718 1904 792; baseline 0.001 -19"><span class='ocrx_word' id='word_1_40' title='bbox 332 738 522 785; x_wconf 86' lang='grc' dir='ltr'>στεως,</span> <span class='ocrx_word' id='word_1_41' title='bbox 560 723 654 773; x_wconf 74' lang='grc' dir='ltr'>καὶ</span> <span class='ocrx_word' id='word_1_42' title='bbox 685 722 1071 790; x_wconf 83' lang='grc' dir='ltr'>χριστιανικῶς</span> <span class='ocrx_word' id='word_1_43' title='bbox 1103 722 1224 791; x_wconf 75' lang='grc' dir='ltr'>ζῇν,</span> <span class='ocrx_word' id='word_1_44' title='bbox 1252 724 1347 777; x_wconf 72' lang='grc' dir='ltr'><strong>καὶ</strong></span> <span class='ocrx_word' id='word_1_45' title='bbox 1367 724 1425 775; x_wconf 86' lang='grc' dir='ltr'><strong>τὸ</strong></span> <span class='ocrx_word' id='word_1_46' title='bbox 1456 722 1629 792; x_wconf 78' lang='grc' dir='ltr'>ὄνομα</span> <span class='ocrx_word' id='word_1_47' title='bbox 1649 721 1705 774; x_wconf 71' lang='grc' dir='ltr'>δι</span> <span class='ocrx_word' id='word_1_48' title='bbox 1737 718 1904 791; x_wconf 78' lang='grc' dir='ltr'>δηλοῖ.</span> 
     </span>
    </p>
   </div>
   <div class='ocr_carea' id='block_1_9' title="bbox 341 808 1743 883">
    <p class='ocr_par' dir='ltr' id='par_1_9' title="bbox 341 808 1743 883">
     <span class='ocr_line' id='line_1_9' title="bbox 341 808 1743 883; baseline 0.001 -18"><span class='ocrx_word' id='word_1_49' title='bbox 341 812 627 882; x_wconf 80' lang='grc' dir='ltr'>Ἀνάὃοχος</span> <span class='ocrx_word' id='word_1_50' title='bbox 676 812 808 882; x_wconf 56' lang='grc' dir='ltr'>γαρ,</span> <span class='ocrx_word' id='word_1_51' title='bbox 847 813 928 874; x_wconf 87' lang='grc' dir='ltr'><strong>είς</strong></span> <span class='ocrx_word' id='word_1_52' title='bbox 962 814 1156 866; x_wconf 66' lang='grc' dir='ltr'>ἑαυτὸν</span> <span class='ocrx_word' id='word_1_53' title='bbox 1185 811 1297 867; x_wconf 72' lang='grc' dir='ltr'>οἷον</span> <span class='ocrx_word' id='word_1_54' title='bbox 1325 808 1743 883; x_wconf 78' lang='grc' dir='ltr'>ἀναδεχόμενος.</span> 
     </span>
    </p>
   </div>
   <div class='ocr_carea' id='block_1_10' title="bbox 915 905 1321 962">
    <p class='ocr_par' dir='ltr' id='par_1_10' title="bbox 915 905 1321 962">
     <span class='ocr_line' id='line_1_10' title="bbox 915 905 1321 962; baseline 0.012 -5"><span class='ocrx_word' id='word_1_55' title='bbox 915 905 1165 960; x_wconf 68' lang='grc' dir='ltr'><strong>ΚΕΦΑΛ.</strong></span> <span class='ocrx_word' id='word_1_56' title='bbox 1202 905 1321 962; x_wconf 87' lang='grc' dir='ltr'><strong>ΞΒ’.</strong></span> 
     </span>
    </p>
   </div>
   <div class='ocr_carea' id='block_1_11' title="bbox 330 1012 1913 1085">
    <p class='ocr_par' dir='ltr' id='par_1_11' title="bbox 330 1012 1913 1085">
     <span class='ocr_line' id='line_1_11' title="bbox 330 1012 1913 1085; baseline -0.001 -16"><span class='ocrx_word' id='word_1_57' title='bbox 330 1014 458 1069; x_wconf 81' lang='grc' dir='ltr'>ὀτι</span> <span class='ocrx_word' id='word_1_58' title='bbox 480 1013 597 1083; x_wconf 77' lang='grc' dir='ltr'><strong>χρὴ</strong></span> <span class='ocrx_word' id='word_1_59' title='bbox 624 1012 746 1085; x_wconf 38' lang='grc' dir='ltr'>τὸν,</span> <span class='ocrx_word' id='word_1_60' title='bbox 781 1014 1089 1082; x_wconf 59' lang='grc' dir='ltr'>ἀνάδοχοι·</span> <span class='ocrx_word' id='word_1_61' title='bbox 1119 1017 1227 1069; x_wconf 84' lang='grc' dir='ltr'>τοῦ</span> <span class='ocrx_word' id='word_1_62' title='bbox 1266 1014 1709 1084; x_wconf 74' lang='grc' dir='ltr'>βαπτιζομένου</span> <span class='ocrx_word' id='word_1_63' title='bbox 1742 1014 1913 1085; x_wconf 80' lang='grc' dir='ltr'>ὀρθό-</span> 
     </span>
    </p>
   </div>
   <div class='ocr_carea' id='block_1_12' title="bbox 718 1082 1522 1155">
    <p class='ocr_par' dir='ltr' id='par_1_12' title="bbox 718 1082 1522 1155">
     <span class='ocr_line' id='line_1_12' title="bbox 718 1082 1522 1155; baseline 0.004 -18"><span class='ocrx_word' id='word_1_64' title='bbox 718 1082 905 1148; x_wconf 78' lang='grc' dir='ltr'>δοξον</span> <span class='ocrx_word' id='word_1_65' title='bbox 939 1086 1092 1138; x_wconf 78' lang='grc' dir='ltr'>εἶναι</span> <span class='ocrx_word' id='word_1_66' title='bbox 1138 1088 1234 1139; x_wconf 83' lang='grc' dir='ltr'>καί</span> <span class='ocrx_word' id='word_1_67' title='bbox 1269 1086 1522 1155; x_wconf 73' lang='grc' dir='ltr'>εὐσεϐῆ.</span> 
     </span>
    </p>
   </div>
   <div class='ocr_carea' id='block_1_13' title="bbox 404 1175 1912 1255">
    <p class='ocr_par' dir='ltr' id='par_1_13' title="bbox 404 1175 1912 1255">
     <span class='ocr_line' id='line_1_13' title="bbox 404 1175 1912 1255; baseline 0.001 -26"><span class='ocrx_word' id='word_1_68' title='bbox 404 1175 579 1230; x_wconf 83' lang='grc' dir='ltr'>Ἔνθα</span> <span class='ocrx_word' id='word_1_69' title='bbox 629 1178 693 1248; x_wconf 81' lang='grc' dir='ltr'>δὴ</span> <span class='ocrx_word' id='word_1_70' title='bbox 741 1180 835 1255; x_wconf 71' lang='grc' dir='ltr'>καὶ</span> <span class='ocrx_word' id='word_1_71' title='bbox 872 1178 1230 1249; x_wconf 71' lang='grc' dir='ltr'><strong>προσεκτέον,</strong></span> <span class='ocrx_word' id='word_1_72' title='bbox 1271 1180 1569 1250; x_wconf 81' lang='grc' dir='ltr'>ἀναδόχους</span> <span class='ocrx_word' id='word_1_73' title='bbox 1631 1177 1912 1233; x_wconf 83' lang='grc' dir='ltr'>ποιεῖσθαι</span> 
     </span>
    </p>
   </div>
   <div class='ocr_carea' id='block_1_14' title="bbox 333 1268 1909 1344">
    <p class='ocr_par' dir='ltr' id='par_1_14' title="bbox 333 1268 1909 1344">
     <span class='ocr_line' id='line_1_14' title="bbox 333 1268 1909 1344; baseline 0.003 -23"><span class='ocrx_word' id='word_1_74' title='bbox 333 1268 673 1333; x_wconf 72' lang='grc' dir='ltr'>φιλευσεϐεἰς</span> <span class='ocrx_word' id='word_1_75' title='bbox 734 1271 831 1325; x_wconf 76' lang='grc' dir='ltr'><strong>καὶ</strong></span> <span class='ocrx_word' id='word_1_76' title='bbox 880 1271 1232 1337; x_wconf 78' lang='grc' dir='ltr'><strong>διδασκάλους</strong></span> <span class='ocrx_word' id='word_1_77' title='bbox 1288 1274 1474 1344; x_wconf 74' lang='grc' dir='ltr'>σχεδον</span> <span class='ocrx_word' id='word_1_78' title='bbox 1521 1275 1618 1343; x_wconf 80' lang='grc' dir='ltr'><strong>τῆς</strong></span> <span class='ocrx_word' id='word_1_79' title='bbox 1654 1272 1909 1335; x_wconf 80' lang='grc' dir='ltr'>πίστεως.</span> 
     </span>
    </p>
   </div>
   <div class='ocr_carea' id='block_1_15' title="bbox 331 1358 1914 1432">
    <p class='ocr_par' dir='ltr' id='par_1_15' title="bbox 331 1358 1914 1432">
     <span class='ocr_line' id='line_1_15' title="bbox 331 1358 1914 1432; baseline 0.003 -23"><span class='ocrx_word' id='word_1_80' title='bbox 331 1358 474 1410; x_wconf 78' lang='grc' dir='ltr'>Ἀλλ’</span> <span class='ocrx_word' id='word_1_81' title='bbox 505 1361 628 1429; x_wconf 72' lang='grc' dir='ltr'>ὲμοὶ</span> <span class='ocrx_word' id='word_1_82' title='bbox 657 1361 923 1429; x_wconf 70' lang='grc' dir='ltr'>ἥκουσται</span> <span class='ocrx_word' id='word_1_83' title='bbox 947 1361 1069 1416; x_wconf 86' lang='grc' dir='ltr'>λίαν</span> <span class='ocrx_word' id='word_1_84' title='bbox 1092 1362 1294 1415; x_wconf 63' lang='grc' dir='ltr'>ἄτονον</span> <span class='ocrx_word' id='word_1_85' title='bbox 1322 1364 1413 1417; x_wconf 72' lang='grc' dir='ltr'>καὶ</span> <span class='ocrx_word' id='word_1_86' title='bbox 1446 1362 1607 1432; x_wconf 85' lang='grc' dir='ltr'>βαρύ.</span> <span class='ocrx_word' id='word_1_87' title='bbox 1642 1363 1783 1421; x_wconf 77' lang='grc' dir='ltr'>Τοὺς</span> <span class='ocrx_word' id='word_1_88' title='bbox 1806 1361 1914 1430; x_wconf 83' lang='grc' dir='ltr'><strong>γὰρ</strong></span> 
     </span>
    </p>
   </div>
   <div class='ocr_carea' id='block_1_16' title="bbox 335 1447 1908 1520">
    <p class='ocr_par' dir='ltr' id='par_1_16' title="bbox 335 1447 1908 1520">
     <span class='ocr_line' id='line_1_16' title="bbox 335 1447 1908 1520; baseline 0.003 -21"><span class='ocrx_word' id='word_1_89' title='bbox 335 1447 567 1511; x_wconf 83' lang='grc' dir='ltr'>διώκτας</span> <span class='ocrx_word' id='word_1_90' title='bbox 616 1453 712 1504; x_wconf 67' lang='grc' dir='ltr'>καὶ</span> <span class='ocrx_word' id='word_1_91' title='bbox 746 1451 1009 1520; x_wconf 71' lang='grc' dir='ltr'>ὑϐριστὰς</span> <span class='ocrx_word' id='word_1_92' title='bbox 1046 1452 1147 1520; x_wconf 84' lang='grc' dir='ltr'>τῆς</span> <span class='ocrx_word' id='word_1_93' title='bbox 1203 1455 1463 1519; x_wconf 84' lang='grc' dir='ltr'>πίστεως,</span> <span class='ocrx_word' id='word_1_94' title='bbox 1494 1454 1689 1516; x_wconf 81' lang='grc' dir='ltr'><strong>ἀθέους</strong></span> <span class='ocrx_word' id='word_1_95' title='bbox 1729 1470 1787 1506; x_wconf 88' lang='grc' dir='ltr'><strong>τε</strong></span> <span class='ocrx_word' id='word_1_96' title='bbox 1822 1452 1908 1505; x_wconf 73' lang='grc' dir='ltr'><strong>καὶ</strong></span> 
     </span>
    </p>
   </div>
   <div class='ocr_carea' id='block_1_17' title="bbox 337 1542 1917 1616">
    <p class='ocr_par' dir='ltr' id='par_1_17' title="bbox 337 1542 1917 1616">
     <span class='ocr_line' id='line_1_17' title="bbox 337 1542 1917 1616; baseline 0.004 -23"><span class='ocrx_word' id='word_1_97' title='bbox 337 1542 673 1610; x_wconf 74' lang='grc' dir='ltr'>αἱρετικοίις,</span> <span class='ocrx_word' id='word_1_98' title='bbox 699 1545 779 1607; x_wconf 82' lang='grc' dir='ltr'>εἰς</span> <span class='ocrx_word' id='word_1_99' title='bbox 812 1544 1082 1614; x_wconf 83' lang='grc' dir='ltr'>ἀναδοχὴν</span> <span class='ocrx_word' id='word_1_100' title='bbox 1108 1546 1275 1616; x_wconf 82' lang='grc' dir='ltr'>(οῐμοι</span> <span class='ocrx_word' id='word_1_101' title='bbox 1306 1548 1347 1615; x_wconf 80' lang='grc' dir='ltr'>ι)</span> <span class='ocrx_word' id='word_1_102' title='bbox 1366 1548 1474 1600; x_wconf 88' lang='grc' dir='ltr'><strong>τῶν</strong></span> <span class='ocrx_word' id='word_1_103' title='bbox 1504 1548 1709 1601; x_wconf 77' lang='grc' dir='ltr'>τέκνων</span> <span class='ocrx_word' id='word_1_104' title='bbox 1737 1545 1917 1602; x_wconf 80' lang='grc' dir='ltr'>αὐτῶν</span> 
     </span>
    </p>
   </div>
   <div class='ocr_carea' id='block_1_18' title="bbox 332 1632 1917 1707">
    <p class='ocr_par' dir='ltr' id='par_1_18' title="bbox 332 1632 1917 1707">
     <span class='ocr_line' id='line_1_18' title="bbox 332 1632 1917 1707; baseline 0.002 -24"><span class='ocrx_word' id='word_1_105' title='bbox 332 1648 478 1694; x_wconf 78' lang='grc' dir='ltr'>τινες</span> <span class='ocrx_word' id='word_1_106' title='bbox 512 1632 601 1685; x_wconf 85' lang='grc' dir='ltr'>διά</span> <span class='ocrx_word' id='word_1_107' title='bbox 633 1650 684 1685; x_wconf 86' lang='grc' dir='ltr'><strong>τι</strong></span> <span class='ocrx_word' id='word_1_108' title='bbox 713 1633 1151 1703; x_wconf 76' lang='grc' dir='ltr'><strong>προσκαλοῦνται</strong></span> <span class='ocrx_word' id='word_1_109' title='bbox 1181 1636 1531 1707; x_wconf 78' lang='grc' dir='ltr'>ἀνθρώπινον</span> <span class='ocrx_word' id='word_1_110' title='bbox 1581 1635 1676 1689; x_wconf 74' lang='grc' dir='ltr'><strong>καὶ</strong></span> <span class='ocrx_word' id='word_1_111' title='bbox 1719 1635 1781 1687; x_wconf 70' lang='grc' dir='ltr'>τὸ</span> <span class='ocrx_word' id='word_1_112' title='bbox 1816 1652 1917 1704; x_wconf 86' lang='grc' dir='ltr'>μυ-</span> 
     </span>
    </p>
   </div>
   <div class='ocr_carea' id='block_1_19' title="bbox 343 1719 1919 1795">
    <p class='ocr_par' dir='ltr' id='par_1_19' title="bbox 343 1719 1919 1795">
     <span class='ocr_line' id='line_1_19' title="bbox 343 1719 1919 1795; baseline 0.001 -19"><span class='ocrx_word' id='word_1_113' title='bbox 343 1723 566 1794; x_wconf 74' lang='grc' dir='ltr'>στήριον</span> <span class='ocrx_word' id='word_1_114' title='bbox 593 1724 877 1780; x_wconf 76' lang='grc' dir='ltr'><strong>ἀθετοῦσιν</strong></span> <span class='ocrx_word' id='word_1_115' title='bbox 910 1719 1058 1782; x_wconf 67' lang='grc' dir='ltr'>οὗτοι</span> <span class='ocrx_word' id='word_1_116' title='bbox 1080 1744 1095 1759; x_wconf 90' lang='grc'><strong>·</strong></span> <span class='ocrx_word' id='word_1_117' title='bbox 1134 1729 1230 1781; x_wconf 69' lang='grc' dir='ltr'>καὶ</span> <span class='ocrx_word' id='word_1_118' title='bbox 1254 1730 1322 1781; x_wconf 67' lang='grc' dir='ltr'>τὰ</span> <span class='ocrx_word' id='word_1_119' title='bbox 1354 1727 1519 1782; x_wconf 79' lang='grc' dir='ltr'>τέκνα</span> <span class='ocrx_word' id='word_1_120' title='bbox 1552 1728 1611 1781; x_wconf 85' lang='grc' dir='ltr'><strong>οὐ</strong></span> <span class='ocrx_word' id='word_1_121' title='bbox 1650 1726 1919 1795; x_wconf 72' lang='grc' dir='ltr'>φωτίζου-</span> 
     </span>
    </p>
   </div>
   <div class='ocr_carea' id='block_1_20' title="bbox 344 1818 1917 1891">
    <p class='ocr_par' dir='ltr' id='par_1_20' title="bbox 344 1818 1917 1891">
     <span class='ocr_line' id='line_1_20' title="bbox 344 1818 1917 1891; baseline -0.001 -21"><span class='ocrx_word' id='word_1_122' title='bbox 344 1834 472 1881; x_wconf 86' lang='grc' dir='ltr'>σιν,</span> <span class='ocrx_word' id='word_1_123' title='bbox 530 1818 668 1871; x_wconf 79' lang='grc' dir='ltr'>ἀλλὰ</span> <span class='ocrx_word' id='word_1_124' title='bbox 733 1820 1043 1879; x_wconf 74' lang='grc' dir='ltr'>σκοτίζουσι</span> <span class='ocrx_word' id='word_1_125' title='bbox 1105 1820 1327 1891; x_wconf 78' lang='grc' dir='ltr'>μᾶλλον.</span> <span class='ocrx_word' id='word_1_126' title='bbox 1384 1821 1493 1874; x_wconf 69' lang='grc' dir='ltr'><strong>Καὶ</strong></span> <span class='ocrx_word' id='word_1_127' title='bbox 1543 1822 1571 1874; x_wconf 98' lang='lat'><strong>6</strong></span> <span class='ocrx_word' id='word_1_128' title='bbox 1622 1818 1917 1889; x_wconf 78' lang='grc' dir='ltr'>ὑπουργῶν</span> 
     </span>
    </p>
   </div>
   <div class='ocr_carea' id='block_1_21' title="bbox 342 1908 1918 1982">
    <p class='ocr_par' dir='ltr' id='par_1_21' title="bbox 342 1908 1918 1982">
     <span class='ocr_line' id='line_1_21' title="bbox 342 1908 1918 1982; baseline 0.001 -21"><span class='ocrx_word' id='word_1_129' title='bbox 342 1910 525 1977; x_wconf 74' lang='grc' dir='ltr'>ἱερεὺς</span> <span class='ocrx_word' id='word_1_130' title='bbox 587 1913 845 1975; x_wconf 74' lang='grc' dir='ltr'>κοινωνὸς</span> <span class='ocrx_word' id='word_1_131' title='bbox 901 1913 1181 1967; x_wconf 80' lang='grc' dir='ltr'><strong>δείκνυται</strong></span> <span class='ocrx_word' id='word_1_132' title='bbox 1239 1916 1353 1975; x_wconf 82' lang='grc' dir='ltr'>τοῖς</span> <span class='ocrx_word' id='word_1_133' title='bbox 1400 1911 1705 1982; x_wconf 71' lang='grc' dir='ltr'><strong>ἀλλοτρίοις</strong></span> <span class='ocrx_word' id='word_1_134' title='bbox 1758 1908 1918 1963; x_wconf 77' lang='grc' dir='ltr'>Θεοῦ.</span> 
     </span>
    </p>
   </div>
   <div class='ocr_carea' id='block_1_22' title="bbox 345 2000 1923 2075">
    <p class='ocr_par' dir='ltr' id='par_1_22' title="bbox 345 2000 1923 2075">
     <span class='ocr_line' id='line_1_22' title="bbox 345 2000 1923 2075; baseline 0.003 -24"><span class='ocrx_word' id='word_1_135' title='bbox 345 2000 454 2052; x_wconf 73' lang='grc' dir='ltr'>Καὶ</span> <span class='ocrx_word' id='word_1_136' title='bbox 485 2000 607 2064; x_wconf 82' lang='grc' dir='ltr'><strong>πῶς</strong></span> <span class='ocrx_word' id='word_1_137' title='bbox 634 2001 701 2055; x_wconf 84' lang='grc' dir='ltr'><strong>διν</strong></span> <span class='ocrx_word' id='word_1_138' title='bbox 750 2002 779 2054; x_wconf 87' lang='lat'><strong>6</strong></span> <span class='ocrx_word' id='word_1_139' title='bbox 834 2002 1175 2075; x_wconf 62' lang='grc' dir='ltr'>βλασφημῶν</span> <span class='ocrx_word' id='word_1_140' title='bbox 1203 2005 1282 2070; x_wconf 87' lang='grc' dir='ltr'><strong>είς</strong></span> <span class='ocrx_word' id='word_1_141' title='bbox 1313 2004 1447 2057; x_wconf 86' lang='grc' dir='ltr'>Θεδν</span> <span class='ocrx_word' id='word_1_142' title='bbox 1489 2003 1588 2074; x_wconf 74' lang='grc' dir='ltr'>τὴν</span> <span class='ocrx_word' id='word_1_143' title='bbox 1634 2002 1923 2057; x_wconf 66' lang='grc' dir='ltr'>εὐσέϐειαν</span> 
     </span>
    </p>
   </div>
   <div class='ocr_carea' id='block_1_23' title="bbox 346 2090 1919 2165">
    <p class='ocr_par' dir='ltr' id='par_1_23' title="bbox 346 2090 1919 2165">
     <span class='ocr_line' id='line_1_23' title="bbox 346 2090 1919 2165; baseline 0.008 -24"><span class='ocrx_word' id='word_1_144' title='bbox 346 2090 651 2159; x_wconf 71' lang='grc' dir='ltr'>ἑκδιδᾶξοις</span> <span class='ocrx_word' id='word_1_145' title='bbox 699 2093 861 2148; x_wconf 81' lang='grc' dir='ltr'><strong>Ἀλλὰ</strong></span> <span class='ocrx_word' id='word_1_146' title='bbox 892 2094 979 2160; x_wconf 87' lang='grc' dir='ltr'><strong>τίς</strong></span> <span class='ocrx_word' id='word_1_147' title='bbox 1013 2096 1272 2150; x_wconf 76' lang='grc' dir='ltr'>κοινωνία</span> <span class='ocrx_word' id='word_1_148' title='bbox 1321 2094 1466 2165; x_wconf 71' lang='grc' dir='ltr'><strong>φωτὶ</strong></span> <span class='ocrx_word' id='word_1_149' title='bbox 1517 2095 1654 2164; x_wconf 77' lang='grc' dir='ltr'>πρὸς</span> <span class='ocrx_word' id='word_1_150' title='bbox 1687 2095 1919 2159; x_wconf 73' lang='grc' dir='ltr'>σκότοςς</span> 
     </span>
    </p>
   </div>
   <div class='ocr_carea' id='block_1_24' title="bbox 348 2181 1920 2257">
    <p class='ocr_par' dir='ltr' id='par_1_24' title="bbox 348 2181 1920 2257">
     <span class='ocr_line' id='line_1_24' title="bbox 348 2181 1920 2257; baseline 0.001 -21"><span class='ocrx_word' id='word_1_151' title='bbox 348 2181 423 2236; x_wconf 76' lang='grc' dir='ltr'><strong>Ἠ</strong></span> <span class='ocrx_word' id='word_1_152' title='bbox 452 2184 536 2245; x_wconf 87' lang='grc' dir='ltr'><strong>τίς</strong></span> <span class='ocrx_word' id='word_1_153' title='bbox 579 2186 739 2255; x_wconf 75' lang='grc' dir='ltr'>μερὶς</span> <span class='ocrx_word' id='word_1_154' title='bbox 770 2186 946 2255; x_wconf 81' lang='grc' dir='ltr'>πιστῷ</span> <span class='ocrx_word' id='word_1_155' title='bbox 1000 2187 1138 2257; x_wconf 82' lang='grc' dir='ltr'><strong>μετὰ</strong></span> <span class='ocrx_word' id='word_1_156' title='bbox 1173 2187 1426 2250; x_wconf 82' lang='grc' dir='ltr'>ἀπίστου,</span> <span class='ocrx_word' id='word_1_157' title='bbox 1458 2186 1531 2249; x_wconf 84' lang='grc' dir='ltr'>ὡς</span> <span class='ocrx_word' id='word_1_158' title='bbox 1566 2186 1920 2255; x_wconf 70' lang='grc' dir='ltr'>γέγραπταις</span> 
     </span>
    </p>
   </div>
   <div class='ocr_carea' id='block_1_25' title="bbox 349 2272 1925 2347">
    <p class='ocr_par' dir='ltr' id='par_1_25' title="bbox 349 2272 1925 2347">
     <span class='ocr_line' id='line_1_25' title="bbox 349 2272 1925 2347; baseline 0.002 -20"><span class='ocrx_word' id='word_1_159' title='bbox 349 2274 414 2327; x_wconf 83' lang='grc'><strong>⁸0</strong></span> <span class='ocrx_word' id='word_1_160' title='bbox 459 2275 522 2328; x_wconf 76' lang='grc' dir='ltr'>τὰ</span> <span class='ocrx_word' id='word_1_161' title='bbox 574 2275 802 2331; x_wconf 78' lang='grc' dir='ltr'>τοιαῦτα</span> <span class='ocrx_word' id='word_1_162' title='bbox 840 2278 1012 2331; x_wconf 88' lang='grc' dir='ltr'>ποιῶν</span> <span class='ocrx_word' id='word_1_163' title='bbox 1067 2282 1429 2347; x_wconf 81' lang='grc' dir='ltr'>κατάκριτος·</span> <span class='ocrx_word' id='word_1_164' title='bbox 1482 2272 1585 2332; x_wconf 66' lang='grc' dir='ltr'>καῖ</span> <span class='ocrx_word' id='word_1_165' title='bbox 1634 2280 1663 2332; x_wconf 94' lang='lat'><strong>6</strong></span> <span class='ocrx_word' id='word_1_166' title='bbox 1712 2278 1782 2332; x_wconf 81' lang='grc' dir='ltr'>τὰ</span> <span class='ocrx_word' id='word_1_167' title='bbox 1814 2276 1925 2330; x_wconf 88' lang='grc' dir='ltr'><strong>τῶν</strong></span> 
     </span>
    </p>
   </div>
   <div class='ocr_carea' id='block_1_26' title="bbox 342 2364 1924 2440">
    <p class='ocr_par' dir='ltr' id='par_1_26' title="bbox 342 2364 1924 2440">
     <span class='ocr_line' id='line_1_26' title="bbox 342 2364 1924 2440; baseline 0.001 -22"><span class='ocrx_word' id='word_1_168' title='bbox 342 2364 560 2418; x_wconf 75' lang='grc' dir='ltr'>ἀσεϐῶν</span> <span class='ocrx_word' id='word_1_169' title='bbox 609 2366 900 2436; x_wconf 75' lang='grc' dir='ltr'>δεχόμενος</span> <span class='ocrx_word' id='word_1_170' title='bbox 966 2367 1168 2440; x_wconf 79' lang='grc' dir='ltr'>βρέφη,</span> <span class='ocrx_word' id='word_1_171' title='bbox 1220 2371 1267 2422; x_wconf 85' lang='grc' dir='ltr'><strong>εί</strong></span> <span class='ocrx_word' id='word_1_172' title='bbox 1328 2372 1403 2439; x_wconf 81' lang='grc' dir='ltr'>μὴ</span> <span class='ocrx_word' id='word_1_173' title='bbox 1446 2369 1710 2438; x_wconf 87' lang='grc' dir='ltr'>πρότερον</span> <span class='ocrx_word' id='word_1_174' title='bbox 1758 2367 1924 2422; x_wconf 85' lang='grc' dir='ltr'>καθο-</span> 
     </span>
    </p>
   </div>
   <div class='ocr_carea' id='block_1_27' title="bbox 348 2455 1920 2530">
    <p class='ocr_par' dir='ltr' id='par_1_27' title="bbox 348 2455 1920 2530">
     <span class='ocr_line' id='line_1_27' title="bbox 348 2455 1920 2530; baseline 0.004 -22"><span class='ocrx_word' id='word_1_175' title='bbox 348 2455 726 2526; x_wconf 81' lang='grc' dir='ltr'>μολογὴσωσιν</span> <span class='ocrx_word' id='word_1_176' title='bbox 749 2458 893 2512; x_wconf 81' lang='grc' dir='ltr'>οὗτοι</span> <span class='ocrx_word' id='word_1_177' title='bbox 914 2459 1067 2527; x_wconf 78' lang='grc' dir='ltr'>ἅγιον</span> <span class='ocrx_word' id='word_1_178' title='bbox 1086 2456 1339 2513; x_wconf 72' lang='grc' dir='ltr'>εἶναικαὶ</span> <span class='ocrx_word' id='word_1_179' title='bbox 1366 2462 1508 2513; x_wconf 78' lang='grc' dir='ltr'>θετον</span> <span class='ocrx_word' id='word_1_180' title='bbox 1522 2461 1583 2513; x_wconf 76' lang='grc' dir='ltr'>τὸ</span> <span class='ocrx_word' id='word_1_181' title='bbox 1613 2460 1920 2530; x_wconf 75' lang='grc' dir='ltr'>βάπτισμα,</span> 
     </span>
    </p>
   </div>
   <div class='ocr_carea' id='block_1_28' title="bbox 347 2550 1924 2623">
    <p class='ocr_par' dir='ltr' id='par_1_28' title="bbox 347 2550 1924 2623">
     <span class='ocr_line' id='line_1_28' title="bbox 347 2550 1924 2623; baseline 0.003 -23"><span class='ocrx_word' id='word_1_182' title='bbox 347 2550 439 2601; x_wconf 69' lang='grc' dir='ltr'>καὶ</span> <span class='ocrx_word' id='word_1_183' title='bbox 477 2551 756 2621; x_wconf 72' lang='grc' dir='ltr'>αμαρτιις</span> <span class='ocrx_word' id='word_1_184' title='bbox 797 2551 1169 2623; x_wconf 72' lang='grc' dir='ltr'>καθαρτικὸν,</span> <span class='ocrx_word' id='word_1_185' title='bbox 1212 2553 1317 2622; x_wconf 81' lang='grc'><strong>77</strong></span> <span class='ocrx_word' id='word_1_186' title='bbox 1360 2553 1453 2605; x_wconf 77' lang='grc' dir='ltr'><strong>καὶ</strong></span> <span class='ocrx_word' id='word_1_187' title='bbox 1497 2551 1809 2619; x_wconf 83' lang='grc' dir='ltr'>ἀναγεννῶν</span> <span class='ocrx_word' id='word_1_188' title='bbox 1865 2552 1924 2604; x_wconf 73' lang='grc' dir='ltr'>ὲν</span> 
     </span>
    </p>
   </div>
   <div class='ocr_carea' id='block_1_29' title="bbox 347 2638 1927 2714">
    <p class='ocr_par' dir='ltr' id='par_1_29' title="bbox 347 2638 1927 2714">
     <span class='ocr_line' id='line_1_29' title="bbox 347 2638 1927 2714; baseline 0.002 -21"><span class='ocrx_word' id='word_1_189' title='bbox 347 2640 592 2710; x_wconf 76' lang='grc' dir='ltr'>Χριστῷ,</span> <span class='ocrx_word' id='word_1_190' title='bbox 623 2642 1069 2711; x_wconf 76' lang='grc' dir='ltr'>καὶΧριστιανὺν</span> <span class='ocrx_word' id='word_1_191' title='bbox 1117 2638 1258 2696; x_wconf 77' lang='grc' dir='ltr'>εἶναι</span> <span class='ocrx_word' id='word_1_192' title='bbox 1294 2644 1385 2696; x_wconf 65' lang='grc' dir='ltr'>τὸν</span> <span class='ocrx_word' id='word_1_193' title='bbox 1429 2641 1587 2696; x_wconf 80' lang='grc' dir='ltr'>τοῦτο</span> <span class='ocrx_word' id='word_1_194' title='bbox 1635 2643 1927 2714; x_wconf 77' lang='grc' dir='ltr'>δεχόμενον</span> 
     </span>
    </p>
   </div>
   <div class='ocr_carea' id='block_1_30' title="bbox 348 2732 1929 2806">
    <p class='ocr_par' dir='ltr' id='par_1_30' title="bbox 348 2732 1929 2806">
     <span class='ocr_line' id='line_1_30' title="bbox 348 2732 1929 2806; baseline 0.004 -23"><span class='ocrx_word' id='word_1_195' title='bbox 348 2732 419 2801; x_wconf 90' lang='grc' dir='ltr'>(εί</span> <span class='ocrx_word' id='word_1_196' title='bbox 449 2733 559 2802; x_wconf 75' lang='grc' dir='ltr'><strong>γὰρ</strong></span> <span class='ocrx_word' id='word_1_197' title='bbox 595 2732 754 2785; x_wconf 75' lang='grc' dir='ltr'>τοῦτο</span> <span class='ocrx_word' id='word_1_198' title='bbox 777 2772 790 2796; x_wconf 93' lang='grc'><strong>,</strong></span> <span class='ocrx_word' id='word_1_199' title='bbox 847 2733 876 2785; x_wconf 89' lang='lat'><strong>6</strong></span> <span class='ocrx_word' id='word_1_200' title='bbox 913 2734 1011 2802; x_wconf 84' lang='grc' dir='ltr'><strong>μὲν</strong></span> <span class='ocrx_word' id='word_1_201' title='bbox 1064 2734 1146 2787; x_wconf 84' lang='grc' dir='ltr'>ὅτι</span> <span class='ocrx_word' id='word_1_202' title='bbox 1199 2733 1391 2789; x_wconf 75' lang='grc' dir='ltr'>πιστὸν</span> <span class='ocrx_word' id='word_1_203' title='bbox 1447 2734 1600 2788; x_wconf 76' lang='grc' dir='ltr'>ἔσται</span> <span class='ocrx_word' id='word_1_204' title='bbox 1629 2735 1690 2787; x_wconf 83' lang='grc' dir='ltr'><strong>τὸ</strong></span> <span class='ocrx_word' id='word_1_205' title='bbox 1725 2734 1929 2806; x_wconf 75' lang='grc' dir='ltr'>βρέφος</span> 
     </span>
    </p>
   </div>
   <div class='ocr_carea' id='block_1_31' title="bbox 348 2829 1929 2903">
    <p class='ocr_par' dir='ltr' id='par_1_31' title="bbox 348 2829 1929 2903">
     <span class='ocr_line' id='line_1_31' title="bbox 348 2829 1929 2903; baseline 0.003 -22"><span class='ocrx_word' id='word_1_206' title='bbox 348 2829 675 2899; x_wconf 72' lang='grc' dir='ltr'>ὁμολογήσει</span> <span class='ocrx_word' id='word_1_207' title='bbox 701 2871 715 2895; x_wconf 86' lang='grc'><strong>,</strong></span> <span class='ocrx_word' id='word_1_208' title='bbox 751 2830 911 2894; x_wconf 80' lang='grc' dir='ltr'>αὐτὸς</span> <span class='ocrx_word' id='word_1_209' title='bbox 942 2831 999 2883; x_wconf 75' lang='grc' dir='ltr'>δὲ</span> <span class='ocrx_word' id='word_1_210' title='bbox 1033 2831 1138 2885; x_wconf 76' lang='grc' dir='ltr'><strong>ὑπὸ</strong></span> <span class='ocrx_word' id='word_1_211' title='bbox 1191 2832 1359 2900; x_wconf 68' lang='grc' dir='ltr'>φόεου</span> <span class='ocrx_word' id='word_1_212' title='bbox 1406 2832 1550 2894; x_wconf 75' lang='grc' dir='ltr'>τινος</span> <span class='ocrx_word' id='word_1_213' title='bbox 1583 2832 1929 2903; x_wconf 81' lang='grc' dir='ltr'>ὑποκρύπτε-</span> 
     </span>
    </p>
   </div>
   <div class='ocr_carea' id='block_1_32' title="bbox 350 2919 1928 2995">
    <p class='ocr_par' dir='ltr' id='par_1_32' title="bbox 350 2919 1928 2995">
     <span class='ocr_line' id='line_1_32' title="bbox 350 2919 1928 2995; baseline 0.001 -22"><span class='ocrx_word' id='word_1_214' title='bbox 350 2920 487 2990; x_wconf 67' lang='lat' dir='ltr'><strong>ut),</strong></span> <span class='ocrx_word' id='word_1_215' title='bbox 520 2920 686 2975; x_wconf 79' lang='grc' dir='ltr'>καλὸν</span> <span class='ocrx_word' id='word_1_216' title='bbox 714 2919 971 2989; x_wconf 75' lang='grc' dir='ltr'>δέχεσθαι</span> <span class='ocrx_word' id='word_1_217' title='bbox 1027 2924 1125 2975; x_wconf 75' lang='grc' dir='ltr'>καὶ</span> <span class='ocrx_word' id='word_1_218' title='bbox 1178 2921 1427 2991; x_wconf 76' lang='grc' dir='ltr'>ἁγιάζειν</span> <span class='ocrx_word' id='word_1_219' title='bbox 1454 2923 1515 2975; x_wconf 84' lang='grc' dir='ltr'><strong>τὸ</strong></span> <span class='ocrx_word' id='word_1_220' title='bbox 1563 2922 1786 2995; x_wconf 67' lang='grc' dir='ltr'>βρέφνςς,</span> <span class='ocrx_word' id='word_1_221' title='bbox 1826 2923 1928 2993; x_wconf 81' lang='grc' dir='ltr'><strong>μή-</strong></span> 
     </span>
    </p>
   </div>
   <div class='ocr_carea' id='block_1_33' title="bbox 353 3010 1929 3085">
    <p class='ocr_par' dir='ltr' id='par_1_33' title="bbox 353 3010 1929 3085">
     <span class='ocr_line' id='line_1_33' title="bbox 353 3010 1929 3085; baseline 0.001 -20"><span class='ocrx_word' id='word_1_222' title='bbox 353 3028 483 3065; x_wconf 85' lang='grc' dir='ltr'>ποτε</span> <span class='ocrx_word' id='word_1_223' title='bbox 534 3010 633 3066; x_wconf 70' lang='grc' dir='ltr'>καὶ</span> <span class='ocrx_word' id='word_1_224' title='bbox 676 3012 917 3082; x_wconf 75' lang='grc' dir='ltr'>ληφθείη</span> <span class='ocrx_word' id='word_1_225' title='bbox 966 3013 1109 3067; x_wconf 79' lang='grc' dir='ltr'>οὕτω</span> <span class='ocrx_word' id='word_1_226' title='bbox 1163 3014 1315 3085; x_wconf 83' lang='grc' dir='ltr'>παρὰ</span> <span class='ocrx_word' id='word_1_227' title='bbox 1357 3014 1515 3069; x_wconf 78' lang='grc' dir='ltr'>Θεοῦ.</span> <span class='ocrx_word' id='word_1_228' title='bbox 1554 3015 1805 3070; x_wconf 82' lang='grc' dir='ltr'>Ἰσταται</span> <span class='ocrx_word' id='word_1_229' title='bbox 1837 3015 1929 3068; x_wconf 73' lang='grc' dir='ltr'><strong>οὖν</strong></span> 
     </span>
    </p>
   </div>
   <div class='ocr_carea' id='block_1_34' title="bbox 358 3103 1929 3175">
    <p class='ocr_par' dir='ltr' id='par_1_34' title="bbox 358 3103 1929 3175">
     <span class='ocr_line' id='line_1_34' title="bbox 358 3103 1929 3175; baseline -0.001 -16"><span class='ocrx_word' id='word_1_230' title='bbox 358 3107 456 3159; x_wconf 80' lang='grc' dir='ltr'><strong>σὺν</strong></span> <span class='ocrx_word' id='word_1_231' title='bbox 476 3105 554 3175; x_wconf 81' lang='grc' dir='ltr'>τῷ</span> <span class='ocrx_word' id='word_1_232' title='bbox 587 3106 835 3174; x_wconf 80' lang='grc' dir='ltr'>ἀναδόχῳ</span> <span class='ocrx_word' id='word_1_233' title='bbox 866 3104 892 3157; x_wconf 88' lang='lat'><strong>6</strong></span> <span class='ocrx_word' id='word_1_234' title='bbox 934 3103 1356 3175; x_wconf 77' lang='grc' dir='ltr'>βαπτιζόμενος,</span> <span class='ocrx_word' id='word_1_235' title='bbox 1392 3104 1630 3168; x_wconf 81' lang='grc' dir='ltr'>δεικνὺς,</span> <span class='ocrx_word' id='word_1_236' title='bbox 1668 3107 1749 3159; x_wconf 79' lang='grc' dir='ltr'>ὅτι</span> <span class='ocrx_word' id='word_1_237' title='bbox 1776 3107 1929 3159; x_wconf 77' lang='grc' dir='ltr'>ἑκου-</span> 
     </span>
    </p>
   </div>
   <div class='ocr_carea' id='block_1_35' title="bbox 356 3194 1931 3267">
    <p class='ocr_par' dir='ltr' id='par_1_35' title="bbox 356 3194 1931 3267">
     <span class='ocr_line' id='line_1_35' title="bbox 356 3194 1931 3267; baseline -0.001 -16"><span class='ocrx_word' id='word_1_238' title='bbox 356 3200 487 3261; x_wconf 84' lang='grc' dir='ltr'>σίως</span> <span class='ocrx_word' id='word_1_239' title='bbox 526 3195 827 3267; x_wconf 79' lang='grc' dir='ltr'>προσῆλθε,</span> <span class='ocrx_word' id='word_1_240' title='bbox 874 3197 969 3249; x_wconf 75' lang='grc' dir='ltr'>καὶ</span> <span class='ocrx_word' id='word_1_241' title='bbox 1016 3196 1107 3247; x_wconf 74' lang='grc' dir='ltr'>τὸν</span> <span class='ocrx_word' id='word_1_242' title='bbox 1161 3194 1509 3265; x_wconf 73' lang='grc' dir='ltr'>ὲγγυώμενον</span> <span class='ocrx_word' id='word_1_243' title='bbox 1540 3196 1672 3267; x_wconf 77' lang='grc' dir='ltr'>ἔχει.</span> <span class='ocrx_word' id='word_1_244' title='bbox 1697 3198 1806 3249; x_wconf 72' lang='grc' dir='ltr'>Καὶ</span> <span class='ocrx_word' id='word_1_245' title='bbox 1838 3196 1931 3249; x_wconf 83' lang='grc' dir='ltr'><strong>τοῦ</strong></span> 
     </span>
    </p>
   </div>
   <div class='ocr_carea' id='block_1_36' title="bbox 359 3274 1937 3361">
    <p class='ocr_par' dir='ltr' id='par_1_36' title="bbox 359 3274 1937 3361">
     <span class='ocr_line' id='line_1_36' title="bbox 359 3274 1937 3361; baseline -0.003 -18"><span class='ocrx_word' id='word_1_246' title='bbox 359 3291 545 3361; x_wconf 69' lang='grc' dir='ltr'>ἱερέως</span> <span class='ocrx_word' id='word_1_247' title='bbox 574 3274 998 3356; x_wconf 75' lang='grc' dir='ltr'>εὐλογήσαντος,</span> <span class='ocrx_word' id='word_1_248' title='bbox 1045 3287 1393 3357; x_wconf 80' lang='grc' dir='ltr'>εὐχαριστεῖν</span> <span class='ocrx_word' id='word_1_249' title='bbox 1431 3288 1512 3340; x_wconf 82' lang='grc' dir='ltr'><strong>δεῖ</strong></span> <span class='ocrx_word' id='word_1_250' title='bbox 1542 3286 1600 3353; x_wconf 80' lang='grc' dir='ltr'>ἐξ</span> <span class='ocrx_word' id='word_1_251' title='bbox 1634 3289 1810 3358; x_wconf 79' lang='grc' dir='ltr'>ἀρχῆς</span> <span class='ocrx_word' id='word_1_252' title='bbox 1842 3288 1937 3340; x_wconf 74' lang='grc' dir='ltr'>καὶ</span> 
     </span>
    </p>
   </div>
   <div class='ocr_carea' id='block_1_37' title="bbox 356 3378 1933 3449">
    <p class='ocr_par' dir='ltr' id='par_1_37' title="bbox 356 3378 1933 3449">
     <span class='ocr_line' id='line_1_37' title="bbox 356 3378 1933 3449; baseline -0.003 -15"><span class='ocrx_word' id='word_1_253' title='bbox 356 3384 591 3435; x_wconf 80' lang='grc' dir='ltr'>πάντοτε</span> <span class='ocrx_word' id='word_1_254' title='bbox 620 3379 696 3449; x_wconf 84' lang='grc' dir='ltr'>τῷ</span> <span class='ocrx_word' id='word_1_255' title='bbox 737 3378 855 3449; x_wconf 77' lang='grc' dir='ltr'><strong>Θεῷ</strong></span> <span class='ocrx_word' id='word_1_256' title='bbox 892 3380 983 3431; x_wconf 76' lang='grc' dir='ltr'>ἐπὶ</span> <span class='ocrx_word' id='word_1_257' title='bbox 1034 3382 1100 3449; x_wconf 85' lang='grc' dir='ltr'>τῇ</span> <span class='ocrx_word' id='word_1_258' title='bbox 1155 3378 1247 3431; x_wconf 74' lang='grc' dir='ltr'>τοῦ</span> <span class='ocrx_word' id='word_1_259' title='bbox 1286 3379 1627 3441; x_wconf 76' lang='grc' dir='ltr'>ἀπολωλότος</span> <span class='ocrx_word' id='word_1_260' title='bbox 1665 3379 1933 3449; x_wconf 63' lang='grc' dir='ltr'>σωτηρίᾳ,</span> 
     </span>
    </p>
   </div>
   <div class='ocr_carea' id='block_1_38' title="bbox 356 3469 1938 3542">
    <p class='ocr_par' dir='ltr' id='par_1_38' title="bbox 356 3469 1938 3542">
     <span class='ocr_line' id='line_1_38' title="bbox 356 3469 1938 3542; baseline -0.003 -16"><span class='ocrx_word' id='word_1_261' title='bbox 356 3474 515 3536; x_wconf 73' lang='grc' dir='ltr'>εὐθὺς</span> <span class='ocrx_word' id='word_1_262' title='bbox 544 3471 742 3542; x_wconf 83' lang='grc' dir='ltr'>γυμνῴ</span> <span class='ocrx_word' id='word_1_263' title='bbox 785 3470 899 3525; x_wconf 77' lang='grc' dir='ltr'>δντι</span> <span class='ocrx_word' id='word_1_264' title='bbox 929 3470 1025 3524; x_wconf 74' lang='grc' dir='ltr'><strong>καὶ</strong></span> <span class='ocrx_word' id='word_1_265' title='bbox 1062 3469 1499 3540; x_wconf 81' lang='grc' dir='ltr'>ἁπερικα).ύπτῳ</span> <span class='ocrx_word' id='word_1_266' title='bbox 1540 3471 1679 3539; x_wconf 75' lang='grc' dir='ltr'>μετὰ</span> <span class='ocrx_word' id='word_1_267' title='bbox 1713 3470 1938 3539; x_wconf 78' lang='grc' dir='ltr'>περιϐο-</span> 
     </span>
    </p>
   </div>
   <div class='ocr_carea' id='block_1_39' title="bbox 356 3561 1938 3634">
    <p class='ocr_par' dir='ltr' id='par_1_39' title="bbox 356 3561 1938 3634">
     <span class='ocr_line' id='line_1_39' title="bbox 356 3561 1938 3634; baseline 0.001 -19"><span class='ocrx_word' id='word_1_268' title='bbox 356 3565 505 3618; x_wconf 81' lang='grc' dir='ltr'>λαίου</span> <span class='ocrx_word' id='word_1_269' title='bbox 558 3565 743 3633; x_wconf 83' lang='grc' dir='ltr'>μόνου,</span> <span class='ocrx_word' id='word_1_270' title='bbox 785 3563 1011 3633; x_wconf 69' lang='grc' dir='ltr'>ἐμφυσᾷ</span> <span class='ocrx_word' id='word_1_271' title='bbox 1039 3561 1117 3633; x_wconf 82' lang='grc' dir='ltr'>τῷ</span> <span class='ocrx_word' id='word_1_272' title='bbox 1140 3563 1537 3632; x_wconf 77' lang='grc' dir='ltr'>κατηχουμένῳ</span> <span class='ocrx_word' id='word_1_273' title='bbox 1576 3564 1938 3634; x_wconf 81' lang='grc' dir='ltr'>σταυροειδῶς</span> 
     </span>
    </p>
   </div>
   <div class='ocr_carea' id='block_1_40' title="bbox 359 3651 1940 3727">
    <p class='ocr_par' dir='ltr' id='par_1_40' title="bbox 359 3651 1940 3727">
     <span class='ocr_line' id='line_1_40' title="bbox 359 3651 1940 3727; baseline -0.003 -18"><span class='ocrx_word' id='word_1_274' title='bbox 359 3656 540 3727; x_wconf 80' lang='grc' dir='ltr'>τρίτον</span> <span class='ocrx_word' id='word_1_275' title='bbox 564 3657 593 3709; x_wconf 90' lang='lat'><strong>6</strong></span> <span class='ocrx_word' id='word_1_276' title='bbox 626 3653 829 3724; x_wconf 79' lang='grc' dir='ltr'>ἱερεύς.</span> <span class='ocrx_word' id='word_1_277' title='bbox 866 3654 976 3707; x_wconf 77' lang='grc' dir='ltr'><strong>Καὶ</strong></span> <span class='ocrx_word' id='word_1_278' title='bbox 1014 3653 1103 3706; x_wconf 82' lang='grc' dir='ltr'><strong>διὰ</strong></span> <span class='ocrx_word' id='word_1_279' title='bbox 1143 3654 1243 3723; x_wconf 79' lang='grc' dir='ltr'>μὲν</span> <span class='ocrx_word' id='word_1_280' title='bbox 1274 3651 1367 3706; x_wconf 83' lang='grc' dir='ltr'>τοῦ</span> <span class='ocrx_word' id='word_1_281' title='bbox 1412 3654 1809 3723; x_wconf 76' lang='grc' dir='ltr'>ἐμφυσὴματος</span> <span class='ocrx_word' id='word_1_282' title='bbox 1844 3655 1940 3723; x_wconf 76' lang='grc' dir='ltr'><strong>τὴν</strong></span> 
     </span>
    </p>
   </div>
   <div class='ocr_carea' id='block_1_41' title="bbox 360 3741 1938 3816">
    <p class='ocr_par' dir='ltr' id='par_1_41' title="bbox 360 3741 1938 3816">
     <span class='ocr_line' id='line_1_41' title="bbox 360 3741 1938 3816; baseline -0.003 -17"><span class='ocrx_word' id='word_1_283' title='bbox 360 3749 419 3799; x_wconf 78' lang='grc' dir='ltr'>ὲν</span> <span class='ocrx_word' id='word_1_284' title='bbox 447 3745 524 3816; x_wconf 81' lang='grc' dir='ltr'>τῷ</span> <span class='ocrx_word' id='word_1_285' title='bbox 567 3745 740 3815; x_wconf 78' lang='grc' dir='ltr'>Ἀδὰμ</span> <span class='ocrx_word' id='word_1_286' title='bbox 770 3744 994 3813; x_wconf 73' lang='grc' dir='ltr'>πρώτην</span> <span class='ocrx_word' id='word_1_287' title='bbox 1034 3744 1251 3812; x_wconf 80' lang='grc' dir='ltr'>ἐκείνην</span> <span class='ocrx_word' id='word_1_288' title='bbox 1309 3742 1610 3811; x_wconf 77' lang='grc' dir='ltr'>ἔμπνευσιν</span> <span class='ocrx_word' id='word_1_289' title='bbox 1652 3741 1938 3806; x_wconf 58' lang='grc' dir='ltr'>ἀναζωπυ-</span> 
     </span>
    </p>
   </div>
   <div class='ocr_carea' id='block_1_42' title="bbox 366 3832 1941 3909">
    <p class='ocr_par' dir='ltr' id='par_1_42' title="bbox 366 3832 1941 3909">
     <span class='ocr_line' id='line_1_42' title="bbox 366 3832 1941 3909; baseline -0.004 -18"><span class='ocrx_word' id='word_1_290' title='bbox 366 3840 467 3909; x_wconf 73' lang='grc' dir='ltr'>ρεῖ,</span> <span class='ocrx_word' id='word_1_291' title='bbox 508 3838 651 3901; x_wconf 70' lang='grc' dir='ltr'>ἐπεὶ,</span> <span class='ocrx_word' id='word_1_292' title='bbox 681 3855 699 3887; x_wconf 81' lang='grc' dir='ltr'><strong>ε</strong></span> <span class='ocrx_word' id='word_1_293' title='bbox 736 3837 828 3888; x_wconf 82' lang='grc' dir='ltr'>καὶ</span> <span class='ocrx_word' id='word_1_294' title='bbox 864 3836 1195 3903; x_wconf 71' lang='grc' dir='ltr'>ἐνεφύσησεν</span> <span class='ocrx_word' id='word_1_295' title='bbox 1227 3835 1305 3896; x_wconf 84' lang='grc' dir='ltr'><strong>είς</strong></span> <span class='ocrx_word' id='word_1_296' title='bbox 1336 3835 1395 3887; x_wconf 77' lang='grc' dir='ltr'><strong>τὸ</strong></span> <span class='ocrx_word' id='word_1_297' title='bbox 1423 3832 1720 3903; x_wconf 86' lang='grc' dir='ltr'>πρόσωπον</span> <span class='ocrx_word' id='word_1_298' title='bbox 1754 3833 1941 3901; x_wconf 67' lang='grc' dir='ltr'>αὑτοῦ,</span> 
     </span>
    </p>
   </div>
   <div class='ocr_carea' id='block_1_43' title="bbox 365 3925 1943 4001">
    <p class='ocr_par' dir='ltr' id='par_1_43' title="bbox 365 3925 1943 4001">
     <span class='ocr_line' id='line_1_43' title="bbox 365 3925 1943 4001; baseline -0.003 -17"><span class='ocrx_word' id='word_1_299' title='bbox 365 3933 521 4001; x_wconf 68' lang='grc' dir='ltr'>φησὶ,</span> <span class='ocrx_word' id='word_1_300' title='bbox 554 3929 724 3998; x_wconf 75' lang='grc' dir='ltr'>πνοὴν</span> <span class='ocrx_word' id='word_1_301' title='bbox 775 3928 942 3995; x_wconf 77' lang='grc' dir='ltr'><strong>ζωῆς.</strong></span> <span class='ocrx_word' id='word_1_302' title='bbox 994 3944 1012 3977; x_wconf 74' lang='grc' dir='ltr'><strong>ι</strong></span> <span class='ocrx_word' id='word_1_303' title='bbox 1054 3925 1159 3979; x_wconf 73' lang='grc' dir='ltr'><strong>Καὶ</strong></span> <span class='ocrx_word' id='word_1_304' title='bbox 1210 3928 1238 3979; x_wconf 92' lang='lat'><strong>6</strong></span> <span class='ocrx_word' id='word_1_305' title='bbox 1279 3926 1459 3996; x_wconf 77' lang='grc' dir='ltr'>ἱερεὺς</span> <span class='ocrx_word' id='word_1_306' title='bbox 1503 3927 1558 3979; x_wconf 78' lang='grc' dir='ltr'>δὲ</span> <span class='ocrx_word' id='word_1_307' title='bbox 1590 3926 1824 3997; x_wconf 80' lang='grc' dir='ltr'>Χριστὸν</span> <span class='ocrx_word' id='word_1_308' title='bbox 1854 3927 1943 3980; x_wconf 66' lang='grc' dir='ltr'>τὸν</span> 
     </span>
    </p>
   </div>
   <div class='ocr_carea' id='block_1_44' title="bbox 364 4021 1945 4092">
    <p class='ocr_par' dir='ltr' id='par_1_44' title="bbox 364 4021 1945 4092">
     <span class='ocr_line' id='line_1_44' title="bbox 364 4021 1945 4092; baseline -0.004 -11"><span class='ocrx_word' id='word_1_309' title='bbox 364 4030 497 4084; x_wconf 65' lang='grc' dir='ltr'>Θεὸν</span> <span class='ocrx_word' id='word_1_310' title='bbox 525 4028 707 4081; x_wconf 76' lang='grc' dir='ltr'>τυποῖ.</span> <span class='ocrx_word' id='word_1_311' title='bbox 759 4025 926 4077; x_wconf 78' lang='grc' dir='ltr'>Ὅθεν</span> <span class='ocrx_word' id='word_1_312' title='bbox 978 4022 1074 4075; x_wconf 74' lang='grc' dir='ltr'>καὶ</span> <span class='ocrx_word' id='word_1_313' title='bbox 1131 4021 1295 4074; x_wconf 77' lang='grc' dir='ltr'>καλὸν</span> <span class='ocrx_word' id='word_1_314' title='bbox 1327 4024 1466 4090; x_wconf 73' lang='grc' dir='ltr'>μετὰ</span> <span class='ocrx_word' id='word_1_315' title='bbox 1512 4023 1611 4092; x_wconf 87' lang='grc' dir='ltr'><strong>τὴν</strong></span> <span class='ocrx_word' id='word_1_316' title='bbox 1659 4023 1945 4077; x_wconf 79' lang='grc' dir='ltr'>κοινωνίαν</span> 
     </span>
    </p>
   </div>
   <div class='ocr_carea' id='block_1_45' title="bbox 364 4114 1949 4192">
    <p class='ocr_par' dir='ltr' id='par_1_45' title="bbox 364 4114 1949 4192">
     <span class='ocr_line' id='line_1_45' title="bbox 364 4114 1949 4192; baseline -0.005 -16"><span class='ocrx_word' id='word_1_317' title='bbox 364 4120 603 4192; x_wconf 77' lang='grc' dir='ltr'>Χριστοῦ</span> <span class='ocrx_word' id='word_1_318' title='bbox 637 4116 923 4188; x_wconf 76' lang='grc' dir='ltr'>βαπτίζειν</span> <span class='ocrx_word' id='word_1_319' title='bbox 974 4132 1033 4168; x_wconf 83' lang='grc' dir='ltr'><strong>τε</strong></span> <span class='ocrx_word' id='word_1_320' title='bbox 1083 4115 1177 4167; x_wconf 72' lang='grc' dir='ltr'><strong>καὶ</strong></span> <span class='ocrx_word' id='word_1_321' title='bbox 1214 4114 1500 4183; x_wconf 76' lang='grc' dir='ltr'>ἐμπνέειν.</span> <span class='ocrx_word' id='word_1_322' title='bbox 1536 4115 1733 4184; x_wconf 88' lang='grc' dir='ltr'>Τρίτον</span> <span class='ocrx_word' id='word_1_323' title='bbox 1762 4116 1818 4168; x_wconf 78' lang='grc' dir='ltr'>δὲ</span> <span class='ocrx_word' id='word_1_324' title='bbox 1851 4118 1949 4184; x_wconf 74' lang='grc' dir='ltr'>ἒμ-</span> 
     </span>
    </p>
   </div>
   <div class='ocr_carea' id='block_1_46' title="bbox 367 4204 1946 4282">
    <p class='ocr_par' dir='ltr' id='par_1_46' title="bbox 367 4204 1946 4282">
     <span class='ocr_line' id='line_1_46' title="bbox 367 4204 1946 4282; baseline -0.006 -17"><span class='ocrx_word' id='word_1_325' title='bbox 367 4213 514 4282; x_wconf 75' lang='grc' dir='ltr'>φυσᾷ</span> <span class='ocrx_word' id='word_1_326' title='bbox 540 4209 631 4264; x_wconf 74' lang='grc' dir='ltr'>διὰ</span> <span class='ocrx_word' id='word_1_327' title='bbox 675 4207 772 4278; x_wconf 79' lang='grc' dir='ltr'>τὴν</span> <span class='ocrx_word' id='word_1_328' title='bbox 803 4205 1028 4277; x_wconf 82' lang='grc' dir='ltr'>Τριάδα,</span> <span class='ocrx_word' id='word_1_329' title='bbox 1065 4206 1149 4258; x_wconf 84' lang='grc' dir='ltr'><strong>ὅτι</strong></span> <span class='ocrx_word' id='word_1_330' title='bbox 1192 4204 1348 4275; x_wconf 82' lang='grc' dir='ltr'>κοινὴ</span> <span class='ocrx_word' id='word_1_331' title='bbox 1380 4205 1479 4274; x_wconf 84' lang='grc' dir='ltr'><strong>τῆς</strong></span> <span class='ocrx_word' id='word_1_332' title='bbox 1514 4205 1749 4275; x_wconf 82' lang='grc' dir='ltr'>Τριάδος</span> <span class='ocrx_word' id='word_1_333' title='bbox 1796 4204 1946 4258; x_wconf 71' lang='grc' dir='ltr'>ἐστὶν</span> 
     </span>
    </p>
   </div>
   <div class='ocr_carea' id='block_1_47' title="bbox 368 4293 1950 4370">
    <p class='ocr_par' dir='ltr' id='par_1_47' title="bbox 368 4293 1950 4370">
     <span class='ocr_line' id='line_1_47' title="bbox 368 4293 1950 4370; baseline -0.003 -16"><span class='ocrx_word' id='word_1_334' title='bbox 368 4302 403 4370; x_wconf 74' lang='grc' dir='ltr'>ἡ</span> <span class='ocrx_word' id='word_1_335' title='bbox 450 4299 610 4370; x_wconf 80' lang='grc' dir='ltr'>χάρις</span> <span class='ocrx_word' id='word_1_336' title='bbox 661 4296 826 4367; x_wconf 76' lang='grc' dir='ltr'>καὶὴ</span> <span class='ocrx_word' id='word_1_337' title='bbox 877 4295 1153 4363; x_wconf 67' lang='grc' dir='ltr'>ἐνέργεια.</span> <span class='ocrx_word' id='word_1_338' title='bbox 1208 4293 1579 4364; x_wconf 86' lang='grc' dir='ltr'>Σταυροειδῶς</span> <span class='ocrx_word' id='word_1_339' title='bbox 1632 4294 1687 4348; x_wconf 69' lang='grc' dir='ltr'>δὲ</span> <span class='ocrx_word' id='word_1_340' title='bbox 1736 4294 1825 4349; x_wconf 78' lang='grc' dir='ltr'>διὰ</span> <span class='ocrx_word' id='word_1_341' title='bbox 1858 4296 1950 4349; x_wconf 70' lang='grc' dir='ltr'>τὸν</span> 
     </span>
    </p>
   </div>
   <div class='ocr_carea' id='block_1_48' title="bbox 372 4385 1951 4460">
    <p class='ocr_par' dir='ltr' id='par_1_48' title="bbox 372 4385 1951 4460">
     <span class='ocr_line' id='line_1_48' title="bbox 372 4385 1951 4460; baseline -0.004 -15"><span class='ocrx_word' id='word_1_342' title='bbox 372 4388 723 4460; x_wconf 79' lang='grc' dir='ltr'>σαρκωθέντα</span> <span class='ocrx_word' id='word_1_343' title='bbox 780 4386 921 4457; x_wconf 74' lang='grc' dir='ltr'>ὑπὲρ</span> <span class='ocrx_word' id='word_1_344' title='bbox 954 4385 1135 4456; x_wconf 78' lang='grc' dir='ltr'>ἡμῶν,</span> <span class='ocrx_word' id='word_1_345' title='bbox 1195 4387 1288 4439; x_wconf 69' lang='grc' dir='ltr'>καὶ</span> <span class='ocrx_word' id='word_1_346' title='bbox 1337 4385 1580 4440; x_wconf 81' lang='grc' dir='ltr'>παθόντα</span> <span class='ocrx_word' id='word_1_347' title='bbox 1636 4386 1801 4459; x_wconf 80' lang='grc' dir='ltr'>σαρκὶ</span> <span class='ocrx_word' id='word_1_348' title='bbox 1851 4387 1951 4457; x_wconf 84' lang='grc' dir='ltr'>τῆς</span> 
     </span>
    </p>
   </div>
   <div class='ocr_carea' id='block_1_49' title="bbox 2015 533 3615 602">
    <p class='ocr_par' dir='ltr' id='par_1_49' title="bbox 2015 533 3615 602">
     <span class='ocr_line' id='line_1_49' title="bbox 2015 533 3615 602; baseline -0.003 -9"><span class='ocrx_word' id='word_1_349' title='bbox 2015 537 2322 602; x_wconf 79' lang='lat' dir='ltr'><strong>Christum,</strong></span> <span class='ocrx_word' id='word_1_350' title='bbox 2359 537 2432 590; x_wconf 89' lang='lat' dir='ltr'><strong>ita</strong></span> <span class='ocrx_word' id='word_1_351' title='bbox 2471 545 2530 589; x_wconf 91' lang='grc' dir='ltr'><strong>ιιι</strong></span> <span class='ocrx_word' id='word_1_352' title='bbox 2558 534 2743 589; x_wconf 83' lang='lat' dir='ltr'><strong>tidem.</strong></span> <span class='ocrx_word' id='word_1_353' title='bbox 2764 542 2948 588; x_wconf 88' lang='lat' dir='ltr'><strong>servet</strong></span> <span class='ocrx_word' id='word_1_354' title='bbox 2979 544 3033 588; x_wconf 85' lang='lat' dir='ltr'><strong>et</strong></span> <span class='ocrx_word' id='word_1_355' title='bbox 3061 533 3378 588; x_wconf 76' lang='lat' dir='ltr'><strong>Christiane</strong></span> <span class='ocrx_word' id='word_1_356' title='bbox 3428 535 3615 600; x_wconf 85' lang='lat' dir='ltr'><strong>vivat;</strong></span> 
     </span>
    </p>
   </div>
   <div class='ocr_carea' id='block_1_50' title="bbox 2017 626 3619 699">
    <p class='ocr_par' dir='ltr' id='par_1_50' title="bbox 2017 626 3619 699">
     <span class='ocr_line' id='line_1_50' title="bbox 2017 626 3619 699; baseline -0.001 -17"><span class='ocrx_word' id='word_1_357' title='bbox 2017 629 2163 699; x_wconf 85' lang='lat' dir='ltr'><strong>quod</strong></span> <span class='ocrx_word' id='word_1_358' title='bbox 2202 630 2378 697; x_wconf 90' lang='lat' dir='ltr'><strong>ipsum</strong></span> <span class='ocrx_word' id='word_1_359' title='bbox 2416 641 2613 683; x_wconf 88' lang='lat' dir='ltr'><strong>nomen</strong></span> <span class='ocrx_word' id='word_1_360' title='bbox 2671 626 2933 689; x_wconf 77' lang='lat' dir='ltr'><strong>ostendit,</strong></span> <span class='ocrx_word' id='word_1_361' title='bbox 2959 640 3190 695; x_wconf 79' lang='lat' dir='ltr'><strong>sponsor</strong></span> <span class='ocrx_word' id='word_1_362' title='bbox 3213 626 3357 679; x_wconf 87' lang='lat' dir='ltr'><strong>enim</strong></span> <span class='ocrx_word' id='word_1_363' title='bbox 3390 634 3619 681; x_wconf 70' lang='lat' dir='ltr'><strong>vocatur</strong></span> 
     </span>
    </p>
   </div>
   <div class='ocr_carea' id='block_1_51' title="bbox 2018 716 3360 788">
    <p class='ocr_par' dir='ltr' id='par_1_51' title="bbox 2018 716 3360 788">
     <span class='ocr_line' id='line_1_51' title="bbox 2018 716 3360 788; baseline 0 -18"><span class='ocrx_word' id='word_1_364' title='bbox 2018 719 2278 788; x_wconf 83' lang='lat' dir='ltr'><strong>quoniam</strong></span> <span class='ocrx_word' id='word_1_365' title='bbox 2312 718 2497 788; x_wconf 87' lang='lat' dir='ltr'><strong>aliquo</strong></span> <span class='ocrx_word' id='word_1_366' title='bbox 2518 716 2698 771; x_wconf 86' lang='lat' dir='ltr'><strong>‘modo</strong></span> <span class='ocrx_word' id='word_1_367' title='bbox 2739 718 2853 785; x_wconf 81' lang='lat' dir='ltr'><strong>ipse</strong></span> <span class='ocrx_word' id='word_1_368' title='bbox 2886 732 2983 785; x_wconf 89' lang='lat' dir='ltr'><strong>pro</strong></span> <span class='ocrx_word' id='word_1_369' title='bbox 3009 732 3075 772; x_wconf 89' lang='lat' dir='ltr'><strong>eo</strong></span> <span class='ocrx_word' id='word_1_370' title='bbox 3104 719 3360 787; x_wconf 81' lang='lat' dir='ltr'><strong>spondet.</strong></span> 
     </span>
    </p>
   </div>
   <div class='ocr_carea' id='block_1_52' title="bbox 2596 894 3013 950">
    <p class='ocr_par' dir='ltr' id='par_1_52' title="bbox 2596 894 3013 950">
     <span class='ocr_line' id='line_1_52' title="bbox 2596 894 3013 950; baseline 0.002 -1"><span class='ocrx_word' id='word_1_371' title='bbox 2596 894 2825 950; x_wconf 65' lang='lat' dir='ltr'><strong>CAPUT</strong></span> <span class='ocrx_word' id='word_1_372' title='bbox 2858 894 3013 950; x_wconf 79' lang='lat' dir='ltr'><strong>LXII.</strong></span> 
     </span>
    </p>
   </div>
   <div class='ocr_carea' id='block_1_53' title="bbox 2022 1009 3617 1082">
    <p class='ocr_par' dir='ltr' id='par_1_53' title="bbox 2022 1009 3617 1082">
     <span class='ocr_line' id='line_1_53' title="bbox 2022 1009 3617 1082; baseline 0 -15"><span class='ocrx_word' id='word_1_373' title='bbox 2022 1009 2390 1081; x_wconf 76' lang='lat' dir='ltr'><strong>Susceplorem</strong></span> <span class='ocrx_word' id='word_1_374' title='bbox 2430 1013 2734 1082; x_wconf 76' lang='lat' dir='ltr'><strong>baptizandi</strong></span> <span class='ocrx_word' id='word_1_375' title='bbox 2756 1022 2893 1067; x_wconf 82' lang='lat' dir='ltr'><strong>recte</strong></span> <span class='ocrx_word' id='word_1_376' title='bbox 2925 1014 2987 1065; x_wconf 82' lang='lat' dir='ltr'><strong>de</strong></span> <span class='ocrx_word' id='word_1_377' title='bbox 3033 1013 3137 1079; x_wconf 76' lang='lat' dir='ltr'><strong>ﬁde</strong></span> <span class='ocrx_word' id='word_1_378' title='bbox 3186 1014 3493 1067; x_wconf 68' lang='lat' dir='ltr'><strong>sentientem</strong></span> <span class='ocrx_word' id='word_1_379' title='bbox 3567 1023 3617 1067; x_wconf 82' lang='lat' dir='ltr'><strong>et</strong></span> 
     </span>
    </p>
   </div>
   <div class='ocr_carea' id='block_1_54' title="bbox 2550 1082 3097 1151">
    <p class='ocr_par' dir='ltr' id='par_1_54' title="bbox 2550 1082 3097 1151">
     <span class='ocr_line' id='line_1_54' title="bbox 2550 1082 3097 1151; baseline -0.004 -14"><span class='ocrx_word' id='word_1_380' title='bbox 2550 1086 2695 1151; x_wconf 84' lang='lat' dir='ltr'><strong>pium</strong></span> <span class='ocrx_word' id='word_1_381' title='bbox 2728 1098 2839 1137; x_wconf 77' lang='lat' dir='ltr'><strong>esse</strong></span> <span class='ocrx_word' id='word_1_382' title='bbox 2894 1082 3097 1138; x_wconf 73' lang='lat' dir='ltr'><strong>debere.</strong></span> 
     </span>
    </p>
   </div>
   <div class='ocr_carea' id='block_1_55' title="bbox 2093 1173 3620 1244">
    <p class='ocr_par' dir='ltr' id='par_1_55' title="bbox 2093 1173 3620 1244">
     <span class='ocr_line' id='line_1_55' title="bbox 2093 1173 3620 1244; baseline -0.002 -13"><span class='ocrx_word' id='word_1_383' title='bbox 2093 1174 2247 1232; x_wconf 85' lang='lat' dir='ltr'><strong>Unde</strong></span> <span class='ocrx_word' id='word_1_384' title='bbox 2290 1175 2681 1230; x_wconf 84' lang='lat' dir='ltr'><strong>attendendum</strong></span> <span class='ocrx_word' id='word_1_385' title='bbox 2740 1186 2823 1230; x_wconf 87' lang='lat' dir='ltr'><strong>est</strong></span> <span class='ocrx_word' id='word_1_386' title='bbox 2870 1188 3166 1244; x_wconf 83' lang='lat' dir='ltr'><strong>sponsores</strong></span> <span class='ocrx_word' id='word_1_387' title='bbox 3222 1173 3336 1227; x_wconf 80' lang='lat' dir='ltr'><strong>ﬁeri</strong></span> <span class='ocrx_word' id='word_1_388' title='bbox 3399 1174 3620 1243; x_wconf 66' lang='lat' dir='ltr'><strong>pictatis</strong></span> 
     </span>
    </p>
   </div>
   <div class='ocr_carea' id='block_1_56' title="bbox 2019 1265 3625 1337">
    <p class='ocr_par' dir='ltr' id='par_1_56' title="bbox 2019 1265 3625 1337">
     <span class='ocr_line' id='line_1_56' title="bbox 2019 1265 3625 1337; baseline -0.002 -14"><span class='ocrx_word' id='word_1_389' title='bbox 2019 1268 2228 1323; x_wconf 81' lang='lat' dir='ltr'><strong>amicos</strong></span> <span class='ocrx_word' id='word_1_390' title='bbox 2261 1278 2313 1323; x_wconf 91' lang='lat' dir='ltr'><strong>et</strong></span> <span class='ocrx_word' id='word_1_391' title='bbox 2344 1268 2513 1322; x_wconf 85' lang='lat' dir='ltr'><strong>simul</strong></span> <span class='ocrx_word' id='word_1_392' title='bbox 2554 1267 2676 1322; x_wconf 80' lang='lat' dir='ltr'><strong>ﬁdei</strong></span> <span class='ocrx_word' id='word_1_393' title='bbox 2727 1266 3001 1321; x_wconf 83' lang='lat' dir='ltr'><strong>doctores.</strong></span> <span class='ocrx_word' id='word_1_394' title='bbox 3039 1267 3107 1320; x_wconf 83' lang='lat' dir='ltr'><strong>At</strong></span> <span class='ocrx_word' id='word_1_395' title='bbox 3146 1280 3246 1337; x_wconf 79' lang='lat' dir='ltr'><strong>ego</strong></span> <span class='ocrx_word' id='word_1_396' title='bbox 3276 1265 3455 1320; x_wconf 77' lang='lat' dir='ltr'><strong>audivi</strong></span> <span class='ocrx_word' id='word_1_397' title='bbox 3511 1280 3625 1320; x_wconf 87' lang='lat' dir='ltr'><strong>rem</strong></span> 
     </span>
    </p>
   </div>
   <div class='ocr_carea' id='block_1_57' title="bbox 2018 1356 3625 1427">
    <p class='ocr_par' dir='ltr' id='par_1_57' title="bbox 2018 1356 3625 1427">
     <span class='ocr_line' id='line_1_57' title="bbox 2018 1356 3625 1427; baseline -0.002 -14"><span class='ocrx_word' id='word_1_398' title='bbox 2018 1358 2182 1413; x_wconf 90' lang='lat' dir='ltr'><strong>nimis</strong></span> <span class='ocrx_word' id='word_1_399' title='bbox 2208 1359 2471 1413; x_wconf 90' lang='lat' dir='ltr'><strong>absonam</strong></span> <span class='ocrx_word' id='word_1_400' title='bbox 2518 1356 2860 1425; x_wconf 89' lang='lat' dir='ltr'><strong>nimiumque</strong></span> <span class='ocrx_word' id='word_1_401' title='bbox 2890 1371 3107 1427; x_wconf 76' lang='lat' dir='ltr'><strong>gravem</strong></span> <span class='ocrx_word' id='word_1_402' title='bbox 3136 1373 3150 1409; x_wconf 87' lang='lat'><strong>:</strong></span> <span class='ocrx_word' id='word_1_403' title='bbox 3191 1371 3315 1409; x_wconf 88' lang='lat' dir='ltr'><strong>nam</strong></span> <span class='ocrx_word' id='word_1_404' title='bbox 3360 1370 3625 1425; x_wconf 87' lang='lat' dir='ltr'><strong>persecu-</strong></span> 
     </span>
    </p>
   </div>
   <div class='ocr_carea' id='block_1_58' title="bbox 2019 1447 3627 1519">
    <p class='ocr_par' dir='ltr' id='par_1_58' title="bbox 2019 1447 3627 1519">
     <span class='ocr_line' id='line_1_58' title="bbox 2019 1447 3627 1519; baseline -0.004 -11"><span class='ocrx_word' id='word_1_405' title='bbox 2019 1461 2166 1508; x_wconf 86' lang='lat' dir='ltr'><strong>tores</strong></span> <span class='ocrx_word' id='word_1_406' title='bbox 2194 1459 2248 1503; x_wconf 89' lang='lat' dir='ltr'><strong>et</strong></span> <span class='ocrx_word' id='word_1_407' title='bbox 2278 1448 2680 1505; x_wconf 84' lang='lat' dir='ltr'><strong>conviciatores</strong></span> <span class='ocrx_word' id='word_1_408' title='bbox 2712 1448 2859 1519; x_wconf 81' lang='lat' dir='ltr'><strong>iidei,</strong></span> <span class='ocrx_word' id='word_1_409' title='bbox 2898 1448 3087 1502; x_wconf 86' lang='lat' dir='ltr'><strong>atheos</strong></span> <span class='ocrx_word' id='word_1_410' title='bbox 3120 1447 3285 1501; x_wconf 82' lang='lat' dir='ltr'><strong>etiam</strong></span> <span class='ocrx_word' id='word_1_411' title='bbox 3313 1461 3376 1501; x_wconf 90' lang='lat' dir='ltr'><strong>ac</strong></span> <span class='ocrx_word' id='word_1_412' title='bbox 3405 1447 3627 1501; x_wconf 70' lang='lat' dir='ltr'><strong>lucreti-</strong></span> 
     </span>
    </p>
   </div>
   <div class='ocr_carea' id='block_1_59' title="bbox 2020 1540 3623 1611">
    <p class='ocr_par' dir='ltr' id='par_1_59' title="bbox 2020 1540 3623 1611">
     <span class='ocr_line' id='line_1_59' title="bbox 2020 1540 3623 1611; baseline -0.004 -13"><span class='ocrx_word' id='word_1_413' title='bbox 2020 1558 2115 1598; x_wconf 90' lang='lat' dir='ltr'><strong>cos</strong></span> <span class='ocrx_word' id='word_1_414' title='bbox 2139 1543 2205 1597; x_wconf 90' lang='lat' dir='ltr'><strong>ad</strong></span> <span class='ocrx_word' id='word_1_415' title='bbox 2230 1542 2636 1611; x_wconf 78' lang='lat' dir='ltr'><strong>spondendum,</strong></span> <span class='ocrx_word' id='word_1_416' title='bbox 2657 1542 2799 1596; x_wconf 85' lang='lat' dir='ltr'><strong>heu!</strong></span> <span class='ocrx_word' id='word_1_417' title='bbox 2831 1556 2929 1611; x_wconf 91' lang='lat' dir='ltr'><strong>pro</strong></span> <span class='ocrx_word' id='word_1_418' title='bbox 2949 1541 3064 1595; x_wconf 85' lang='lat' dir='ltr'><strong>suis</strong></span> <span class='ocrx_word' id='word_1_419' title='bbox 3085 1541 3271 1609; x_wconf 85' lang='lat' dir='ltr'><strong>pueris</strong></span> <span class='ocrx_word' id='word_1_420' title='bbox 3294 1540 3623 1608; x_wconf 78' lang='lat' dir='ltr'><strong>cujusquam</strong></span> 
     </span>
    </p>
   </div>
   <div class='ocr_carea' id='block_1_60' title="bbox 2021 1631 3620 1705">
    <p class='ocr_par' dir='ltr' id='par_1_60' title="bbox 2021 1631 3620 1705">
     <span class='ocr_line' id='line_1_60' title="bbox 2021 1631 3620 1705; baseline -0.001 -15"><span class='ocrx_word' id='word_1_421' title='bbox 2021 1634 2249 1690; x_wconf 84' lang='lat' dir='ltr'><strong>humani</strong></span> <span class='ocrx_word' id='word_1_422' title='bbox 2278 1634 2553 1689; x_wconf 89' lang='lat' dir='ltr'><strong>commodi</strong></span> <span class='ocrx_word' id='word_1_423' title='bbox 2583 1633 2756 1705; x_wconf 76' lang='lat' dir='ltr'><strong>gratia</strong></span> <span class='ocrx_word' id='word_1_424' title='bbox 2787 1633 3005 1705; x_wconf 84' lang='lat' dir='ltr'><strong>quidam</strong></span> <span class='ocrx_word' id='word_1_425' title='bbox 3036 1632 3345 1688; x_wconf 78' lang='lat' dir='ltr'><strong>advocant!</strong></span> <span class='ocrx_word' id='word_1_426' title='bbox 3372 1631 3437 1686; x_wconf 82' lang='lat' dir='ltr'><strong>Hi</strong></span> <span class='ocrx_word' id='word_1_427' title='bbox 3471 1648 3620 1702; x_wconf 83' lang='lat' dir='ltr'><strong>mys-</strong></span> 
     </span>
    </p>
   </div>
   <div class='ocr_carea' id='block_1_61' title="bbox 2023 1722 3628 1794">
    <p class='ocr_par' dir='ltr' id='par_1_61' title="bbox 2023 1722 3628 1794">
     <span class='ocr_line' id='line_1_61' title="bbox 2023 1722 3628 1794; baseline 0 -15"><span class='ocrx_word' id='word_1_428' title='bbox 2023 1724 2225 1780; x_wconf 90' lang='lat' dir='ltr'><strong>terium</strong></span> <span class='ocrx_word' id='word_1_429' title='bbox 2262 1736 2671 1793; x_wconf 83' lang='lat' dir='ltr'><strong>aspernantur,</strong></span> <span class='ocrx_word' id='word_1_430' title='bbox 2717 1722 2855 1779; x_wconf 83' lang='lat' dir='ltr'><strong>ﬁlios</strong></span> <span class='ocrx_word' id='word_1_431' title='bbox 2914 1739 3023 1779; x_wconf 90' lang='lat' dir='ltr'><strong>non</strong></span> <span class='ocrx_word' id='word_1_432' title='bbox 3086 1726 3203 1779; x_wconf 74' lang='lat' dir='ltr'><strong>iure</strong></span> <span class='ocrx_word' id='word_1_433' title='bbox 3264 1723 3628 1794; x_wconf 75' lang='lat' dir='ltr'><strong>perfundunt,</strong></span> 
     </span>
    </p>
   </div>
   <div class='ocr_carea' id='block_1_62' title="bbox 2021 1810 3657 1888">
    <p class='ocr_par' dir='ltr' id='par_1_62' title="bbox 2021 1810 3657 1888">
     <span class='ocr_line' id='line_1_62' title="bbox 2021 1810 3657 1888; baseline -0.003 -15"><span class='ocrx_word' id='word_1_434' title='bbox 2021 1817 2115 1873; x_wconf 89' lang='lat' dir='ltr'><strong>sed</strong></span> <span class='ocrx_word' id='word_1_435' title='bbox 2165 1817 2337 1888; x_wconf 78' lang='lat' dir='ltr'><strong>magis</strong></span> <span class='ocrx_word' id='word_1_436' title='bbox 2375 1815 2616 1872; x_wconf 86' lang='lat' dir='ltr'><strong>tenebris</strong></span> <span class='ocrx_word' id='word_1_437' title='bbox 2656 1815 2964 1879; x_wconf 87' lang='lat' dir='ltr'><strong>involvunt,</strong></span> <span class='ocrx_word' id='word_1_438' title='bbox 2993 1823 3048 1872; x_wconf 90' lang='lat' dir='ltr'><strong>et</strong></span> <span class='ocrx_word' id='word_1_439' title='bbox 3080 1816 3407 1878; x_wconf 67' lang='lat' dir='ltr'><strong>ministratus</strong></span> <span class='ocrx_word' id='word_1_440' title='bbox 3442 1829 3625 1871; x_wconf 88' lang='lat' dir='ltr'><strong>sacer-</strong></span> <span class='ocrx_word' id='word_1_441' title='bbox 3656 1810 3657 1813; x_wconf 53' lang='grc'><em>“</em></span> 
     </span>
    </p>
   </div>
   <div class='ocr_carea' id='block_1_63' title="bbox 2022 1905 3633 1965">
    <p class='ocr_par' dir='ltr' id='par_1_63' title="bbox 2022 1905 3633 1965">
     <span class='ocr_line' id='line_1_63' title="bbox 2022 1905 3633 1965; baseline -0.001 -3"><span class='ocrx_word' id='word_1_442' title='bbox 2022 1907 2122 1962; x_wconf 86' lang='lat' dir='ltr'><strong>dos</strong></span> <span class='ocrx_word' id='word_1_443' title='bbox 2151 1907 2393 1965; x_wconf 88' lang='lat' dir='ltr'><strong>inimicis</strong></span> <span class='ocrx_word' id='word_1_444' title='bbox 2434 1908 2527 1963; x_wconf 88' lang='lat' dir='ltr'><strong>Dei</strong></span> <span class='ocrx_word' id='word_1_445' title='bbox 2563 1922 2623 1964; x_wconf 87' lang='lat' dir='ltr'><strong>se</strong></span> <span class='ocrx_word' id='word_1_446' title='bbox 2674 1907 3089 1964; x_wconf 86' lang='lat' dir='ltr'><strong>communicare</strong></span> <span class='ocrx_word' id='word_1_447' title='bbox 3144 1906 3508 1963; x_wconf 82' lang='lat' dir='ltr'><strong>demonstrat.</strong></span> <span class='ocrx_word' id='word_1_448' title='bbox 3564 1905 3633 1961; x_wconf 82' lang='lat' dir='ltr'><strong>Et</strong></span> 
     </span>
    </p>
   </div>
   <div class='ocr_carea' id='block_1_64' title="bbox 2023 1996 3635 2071">
    <p class='ocr_par' dir='ltr' id='par_1_64' title="bbox 2023 1996 3635 2071">
     <span class='ocr_line' id='line_1_64' title="bbox 2023 1996 3635 2071; baseline 0.001 -20"><span class='ocrx_word' id='word_1_449' title='bbox 2023 1999 2305 2071; x_wconf 86' lang='lat' dir='ltr'><strong>quomodo</strong></span> <span class='ocrx_word' id='word_1_450' title='bbox 2354 1999 3022 2069; x_wconf 86' lang='lat' dir='ltr'><strong>blasphemanspictatcm</strong></span> <span class='ocrx_word' id='word_1_451' title='bbox 3047 2014 3176 2068; x_wconf 76' lang='lat' dir='ltr'><strong>erga</strong></span> <span class='ocrx_word' id='word_1_452' title='bbox 3214 1996 3387 2054; x_wconf 87' lang='lat' dir='ltr'><strong>Deum</strong></span> <span class='ocrx_word' id='word_1_453' title='bbox 3435 1998 3635 2053; x_wconf 89' lang='lat' dir='ltr'><strong>edoce-</strong></span> 
     </span>
    </p>
   </div>
   <div class='ocr_carea' id='block_1_65' title="bbox 2024 2090 3636 2162">
    <p class='ocr_par' dir='ltr' id='par_1_65' title="bbox 2024 2090 3636 2162">
     <span class='ocr_line' id='line_1_65' title="bbox 2024 2090 3636 2162; baseline -0.002 -15"><span class='ocrx_word' id='word_1_454' title='bbox 2024 2091 2144 2147; x_wconf 80' lang='lat' dir='ltr'><strong>hit?</strong></span> <span class='ocrx_word' id='word_1_455' title='bbox 2174 2090 2277 2146; x_wconf 88' lang='lat' dir='ltr'><strong>Sed</strong></span> <span class='ocrx_word' id='word_1_456' title='bbox 2308 2107 2431 2162; x_wconf 69' lang='lat' dir='ltr'><strong>qua:</strong></span> <span class='ocrx_word' id='word_1_457' title='bbox 2457 2093 2693 2147; x_wconf 85' lang='lat' dir='ltr'><strong>societas</strong></span> <span class='ocrx_word' id='word_1_458' title='bbox 2723 2090 2868 2146; x_wconf 86' lang='lat' dir='ltr'><strong>lucis</strong></span> <span class='ocrx_word' id='word_1_459' title='bbox 2903 2092 2968 2145; x_wconf 88' lang='lat' dir='ltr'><strong>ad</strong></span> <span class='ocrx_word' id='word_1_460' title='bbox 3006 2090 3266 2145; x_wconf 80' lang='lat' dir='ltr'><strong>tenebras</strong></span> <span class='ocrx_word' id='word_1_461' title='bbox 3294 2090 3317 2145; x_wconf 66' lang='grc' dir='ltr'>ἲ</span> <span class='ocrx_word' id='word_1_462' title='bbox 3370 2090 3452 2144; x_wconf 89' lang='lat' dir='ltr'><strong>vel</strong></span> <span class='ocrx_word' id='word_1_463' title='bbox 3512 2105 3636 2159; x_wconf 63' lang='lat' dir='ltr'><strong>qua:</strong></span> 
     </span>
    </p>
   </div>
   <div class='ocr_carea' id='block_1_66' title="bbox 2026 2181 3634 2255">
    <p class='ocr_par' dir='ltr' id='par_1_66' title="bbox 2026 2181 3634 2255">
     <span class='ocr_line' id='line_1_66' title="bbox 2026 2181 3634 2255; baseline -0.001 -16"><span class='ocrx_word' id='word_1_464' title='bbox 2026 2200 2157 2255; x_wconf 84' lang='lat' dir='ltr'><strong>pars</strong></span> <span class='ocrx_word' id='word_1_465' title='bbox 2190 2182 2331 2238; x_wconf 84' lang='lat' dir='ltr'><strong>ﬂdeli</strong></span> <span class='ocrx_word' id='word_1_466' title='bbox 2356 2198 2480 2237; x_wconf 91' lang='lat' dir='ltr'><strong>cum</strong></span> <span class='ocrx_word' id='word_1_467' title='bbox 2520 2182 2746 2249; x_wconf 74' lang='lat' dir='ltr'><strong>inﬁdeli,</strong></span> <span class='ocrx_word' id='word_1_468' title='bbox 2786 2190 2951 2251; x_wconf 90' lang='lat' dir='ltr'><strong>prout</strong></span> <span class='ocrx_word' id='word_1_469' title='bbox 2980 2183 3248 2252; x_wconf 66' lang='lat' dir='ltr'><strong>scriptu&#39;n</strong></span> <span class='ocrx_word' id='word_1_470' title='bbox 3298 2182 3428 2237; x_wconf 86' lang='lat' dir='ltr'><strong>est?</strong></span> <span class='ocrx_word' id='word_1_471' title='bbox 3457 2181 3634 2237; x_wconf 77' lang='lat' dir='ltr'><strong>Male-</strong></span> 
     </span>
    </p>
   </div>
   <div class='ocr_carea' id='block_1_67' title="bbox 2027 2275 3639 2347">
    <p class='ocr_par' dir='ltr' id='par_1_67' title="bbox 2027 2275 3639 2347">
     <span class='ocr_line' id='line_1_67' title="bbox 2027 2275 3639 2347; baseline -0.002 -13"><span class='ocrx_word' id='word_1_472' title='bbox 2027 2278 2210 2334; x_wconf 88' lang='lat' dir='ltr'><strong>dictus</strong></span> <span class='ocrx_word' id='word_1_473' title='bbox 2237 2276 2332 2347; x_wconf 90' lang='lat' dir='ltr'><strong>qui</strong></span> <span class='ocrx_word' id='word_1_474' title='bbox 2365 2276 2492 2331; x_wconf 86' lang='lat' dir='ltr'><strong>talia</strong></span> <span class='ocrx_word' id='word_1_475' title='bbox 2526 2277 2657 2347; x_wconf 79' lang='lat' dir='ltr'><strong>agit,</strong></span> <span class='ocrx_word' id='word_1_476' title='bbox 2693 2290 2907 2331; x_wconf 93' lang='lat' dir='ltr'><strong>necnon</strong></span> <span class='ocrx_word' id='word_1_477' title='bbox 2939 2276 3034 2342; x_wconf 90' lang='lat' dir='ltr'><strong>qui</strong></span> <span class='ocrx_word' id='word_1_478' title='bbox 3062 2275 3361 2345; x_wconf 87' lang='lat' dir='ltr'><strong>impiorum</strong></span> <span class='ocrx_word' id='word_1_479' title='bbox 3397 2275 3639 2331; x_wconf 80' lang='lat' dir='ltr'><strong>infantes</strong></span> 
     </span>
    </p>
   </div>
   <div class='ocr_carea' id='block_1_68' title="bbox 2026 2367 3640 2440">
    <p class='ocr_par' dir='ltr' id='par_1_68' title="bbox 2026 2367 3640 2440">
     <span class='ocr_line' id='line_1_68' title="bbox 2026 2367 3640 2440; baseline -0.002 -16"><span class='ocrx_word' id='word_1_480' title='bbox 2026 2369 2277 2437; x_wconf 85' lang='lat' dir='ltr'><strong>suscipit,</strong></span> <span class='ocrx_word' id='word_1_481' title='bbox 2309 2368 2411 2423; x_wconf 74' lang='lat' dir='ltr'><strong>nisi</strong></span> <span class='ocrx_word' id='word_1_482' title='bbox 2446 2369 2600 2440; x_wconf 87' lang='lat' dir='ltr'><strong>prius</strong></span> <span class='ocrx_word' id='word_1_483' title='bbox 2646 2368 2736 2422; x_wconf 82' lang='lat' dir='ltr'><strong>isti</strong></span> <span class='ocrx_word' id='word_1_484' title='bbox 2786 2367 3157 2422; x_wconf 74' lang='lat' dir='ltr'><strong>conﬁteantur</strong></span> <span class='ocrx_word' id='word_1_485' title='bbox 3199 2377 3451 2421; x_wconf 81' lang='lat' dir='ltr'><strong>sanctum</strong></span> <span class='ocrx_word' id='word_1_486' title='bbox 3500 2368 3640 2421; x_wconf 85' lang='lat' dir='ltr'><strong>divi-</strong></span> 
     </span>
    </p>
   </div>
   <div class='ocr_carea' id='block_1_69' title="bbox 2029 2458 3640 2529">
    <p class='ocr_par' dir='ltr' id='par_1_69' title="bbox 2029 2458 3640 2529">
     <span class='ocr_line' id='line_1_69' title="bbox 2029 2458 3640 2529; baseline -0.001 -16"><span class='ocrx_word' id='word_1_487' title='bbox 2029 2476 2269 2529; x_wconf 88' lang='lat' dir='ltr'><strong>numque</strong></span> <span class='ocrx_word' id='word_1_488' title='bbox 2298 2474 2423 2514; x_wconf 83' lang='lat' dir='ltr'><strong>esse</strong></span> <span class='ocrx_word' id='word_1_489' title='bbox 2479 2458 2838 2528; x_wconf 83' lang='lat' dir='ltr'><strong>baptismum,</strong></span> <span class='ocrx_word' id='word_1_490' title='bbox 2876 2472 2905 2513; x_wconf 86' lang='lat' dir='ltr'><strong>a</strong></span> <span class='ocrx_word' id='word_1_491' title='bbox 2965 2458 3207 2529; x_wconf 87' lang='lat' dir='ltr'><strong>peccatis</strong></span> <span class='ocrx_word' id='word_1_492' title='bbox 3267 2472 3525 2527; x_wconf 73' lang='lat' dir='ltr'><strong>purgare,</strong></span> <span class='ocrx_word' id='word_1_493' title='bbox 3583 2458 3640 2512; x_wconf 90' lang='lat' dir='ltr'><strong>in</strong></span> 
     </span>
    </p>
   </div>
   <div class='ocr_carea' id='block_1_70' title="bbox 2027 2548 3643 2619">
    <p class='ocr_par' dir='ltr' id='par_1_70' title="bbox 2027 2548 3643 2619">
     <span class='ocr_line' id='line_1_70' title="bbox 2027 2548 3643 2619; baseline -0.002 -13"><span class='ocrx_word' id='word_1_494' title='bbox 2027 2550 2247 2606; x_wconf 87' lang='lat' dir='ltr'><strong>Christo</strong></span> <span class='ocrx_word' id='word_1_495' title='bbox 2265 2565 2602 2619; x_wconf 82' lang='lat' dir='ltr'><strong>regenerare,</strong></span> <span class='ocrx_word' id='word_1_496' title='bbox 2625 2560 2677 2604; x_wconf 91' lang='lat' dir='ltr'><strong>et</strong></span> <span class='ocrx_word' id='word_1_497' title='bbox 2694 2548 3067 2605; x_wconf 80' lang='lat' dir='ltr'><strong>Christianum</strong></span> <span class='ocrx_word' id='word_1_498' title='bbox 3086 2561 3206 2603; x_wconf 87' lang='lat' dir='ltr'><strong>esse</strong></span> <span class='ocrx_word' id='word_1_499' title='bbox 3226 2562 3350 2602; x_wconf 87' lang='lat' dir='ltr'><strong>eum</strong></span> <span class='ocrx_word' id='word_1_500' title='bbox 3381 2548 3473 2618; x_wconf 91' lang='lat' dir='ltr'><strong>qui</strong></span> <span class='ocrx_word' id='word_1_501' title='bbox 3498 2549 3643 2603; x_wconf 89' lang='lat' dir='ltr'><strong>hunc</strong></span> 
     </span>
    </p>
   </div>
   <div class='ocr_carea' id='block_1_71' title="bbox 2030 2642 3644 2714">
    <p class='ocr_par' dir='ltr' id='par_1_71' title="bbox 2030 2642 3644 2714">
     <span class='ocr_line' id='line_1_71' title="bbox 2030 2642 3644 2714; baseline -0.001 -16"><span class='ocrx_word' id='word_1_502' title='bbox 2030 2644 2244 2712; x_wconf 88' lang='lat' dir='ltr'><strong>accepit</strong></span> <span class='ocrx_word' id='word_1_503' title='bbox 2285 2646 2434 2714; x_wconf 79' lang='lat' dir='ltr'><strong>(nam</strong></span> <span class='ocrx_word' id='word_1_504' title='bbox 2463 2642 2509 2699; x_wconf 88' lang='lat' dir='ltr'><strong>si</strong></span> <span class='ocrx_word' id='word_1_505' title='bbox 2546 2642 2623 2698; x_wconf 82' lang='lat' dir='ltr'><strong>ita</strong></span> <span class='ocrx_word' id='word_1_506' title='bbox 2652 2652 2753 2710; x_wconf 86' lang='lat' dir='ltr'><strong>est,</strong></span> <span class='ocrx_word' id='word_1_507' title='bbox 2788 2657 2911 2698; x_wconf 88' lang='lat' dir='ltr'><strong>cum</strong></span> <span class='ocrx_word' id='word_1_508' title='bbox 2951 2642 3093 2697; x_wconf 91' lang='lat' dir='ltr'><strong>alius</strong></span> <span class='ocrx_word' id='word_1_509' title='bbox 3124 2643 3344 2711; x_wconf 75' lang='lat' dir='ltr'><strong>quidem</strong></span> <span class='ocrx_word' id='word_1_510' title='bbox 3379 2643 3644 2698; x_wconf 78' lang='lat' dir='ltr'><strong>confitea-</strong></span> 
     </span>
    </p>
   </div>
   <div class='ocr_carea' id='block_1_72' title="bbox 2032 2734 3639 2805">
    <p class='ocr_par' dir='ltr' id='par_1_72' title="bbox 2032 2734 3639 2805">
     <span class='ocr_line' id='line_1_72' title="bbox 2032 2734 3639 2805; baseline -0.002 -13"><span class='ocrx_word' id='word_1_511' title='bbox 2032 2746 2121 2793; x_wconf 89' lang='lat' dir='ltr'><strong>tur</strong></span> <span class='ocrx_word' id='word_1_512' title='bbox 2167 2735 2431 2791; x_wconf 82' lang='lat' dir='ltr'><strong>infantem</strong></span> <span class='ocrx_word' id='word_1_513' title='bbox 2491 2750 2615 2791; x_wconf 78' lang='lat' dir='ltr'><strong>esse</strong></span> <span class='ocrx_word' id='word_1_514' title='bbox 2663 2735 2900 2797; x_wconf 81' lang='lat' dir='ltr'><strong>ﬁdelem,</strong></span> <span class='ocrx_word' id='word_1_515' title='bbox 2932 2735 3076 2789; x_wconf 87' lang='lat' dir='ltr'><strong>alius</strong></span> <span class='ocrx_word' id='word_1_516' title='bbox 3125 2750 3253 2789; x_wconf 78' lang='lat' dir='ltr'><strong>vero</strong></span> <span class='ocrx_word' id='word_1_517' title='bbox 3287 2750 3352 2789; x_wconf 77' lang='lat' dir='ltr'><strong>ex</strong></span> <span class='ocrx_word' id='word_1_518' title='bbox 3399 2734 3639 2805; x_wconf 80' lang='lat' dir='ltr'><strong>quodam</strong></span> 
     </span>
    </p>
   </div>
   <div class='ocr_carea' id='block_1_73' title="bbox 2032 2824 3645 2895">
    <p class='ocr_par' dir='ltr' id='par_1_73' title="bbox 2032 2824 3645 2895">
     <span class='ocr_line' id='line_1_73' title="bbox 2032 2824 3645 2895; baseline -0.001 -12"><span class='ocrx_word' id='word_1_519' title='bbox 2032 2837 2178 2884; x_wconf 91' lang='lat' dir='ltr'><strong>metu</strong></span> <span class='ocrx_word' id='word_1_520' title='bbox 2207 2828 2535 2893; x_wconf 88' lang='lat' dir='ltr'><strong>dissimulet,</strong></span> <span class='ocrx_word' id='word_1_521' title='bbox 2576 2829 2781 2883; x_wconf 87' lang='lat' dir='ltr'><strong>bonum</strong></span> <span class='ocrx_word' id='word_1_522' title='bbox 2812 2835 2897 2882; x_wconf 84' lang='lat' dir='ltr'><strong>est</strong></span> <span class='ocrx_word' id='word_1_523' title='bbox 2939 2824 3210 2881; x_wconf 84' lang='lat' dir='ltr'><strong>infantem</strong></span> <span class='ocrx_word' id='word_1_524' title='bbox 3267 2826 3549 2895; x_wconf 83' lang='lat' dir='ltr'><strong>suscipere</strong></span> <span class='ocrx_word' id='word_1_525' title='bbox 3584 2834 3645 2881; x_wconf 88' lang='lat' dir='ltr'><strong>et</strong></span> 
     </span>
    </p>
   </div>
   <div class='ocr_carea' id='block_1_74' title="bbox 2035 2916 3643 2992">
    <p class='ocr_par' dir='ltr' id='par_1_74' title="bbox 2035 2916 3643 2992">
     <span class='ocr_line' id='line_1_74' title="bbox 2035 2916 3643 2992; baseline -0.001 -17"><span class='ocrx_word' id='word_1_526' title='bbox 2035 2920 2405 2985; x_wconf 80' lang='lat' dir='ltr'><strong>sanctiﬁcarc,</strong></span> <span class='ocrx_word' id='word_1_527' title='bbox 2444 2935 2511 2975; x_wconf 90' lang='lat' dir='ltr'><strong>ne</strong></span> <span class='ocrx_word' id='word_1_528' title='bbox 2544 2921 2620 2975; x_wconf 88' lang='lat' dir='ltr'><strong>sic</strong></span> <span class='ocrx_word' id='word_1_529' title='bbox 2644 2937 2673 2975; x_wconf 88' lang='lat' dir='ltr'><strong>a</strong></span> <span class='ocrx_word' id='word_1_530' title='bbox 2707 2921 2815 2976; x_wconf 87' lang='lat' dir='ltr'><strong>Deo</strong></span> <span class='ocrx_word' id='word_1_531' title='bbox 2840 2918 3330 2992; x_wconf 86' lang='lat' dir='ltr'><strong>deprehendatur).</strong></span> <span class='ocrx_word' id='word_1_532' title='bbox 3357 2916 3478 2971; x_wconf 85' lang='lat' dir='ltr'><strong>Stat</strong></span> <span class='ocrx_word' id='word_1_533' title='bbox 3508 2932 3643 2990; x_wconf 72' lang='lat' dir='ltr'><strong>ergo</strong></span> 
     </span>
    </p>
   </div>
   <div class='ocr_carea' id='block_1_75' title="bbox 2033 3013 3648 3082">
    <p class='ocr_par' dir='ltr' id='par_1_75' title="bbox 2033 3013 3648 3082">
     <span class='ocr_line' id='line_1_75' title="bbox 2033 3013 3648 3082; baseline -0.001 -14"><span class='ocrx_word' id='word_1_534' title='bbox 2033 3027 2159 3068; x_wconf 93' lang='lat' dir='ltr'><strong>cum</strong></span> <span class='ocrx_word' id='word_1_535' title='bbox 2200 3013 2826 3082; x_wconf 80' lang='lat' dir='ltr'><strong>sponsorehaptizatus,</strong></span> <span class='ocrx_word' id='word_1_536' title='bbox 2862 3014 3169 3070; x_wconf 88' lang='lat' dir='ltr'><strong>ostendens</strong></span> <span class='ocrx_word' id='word_1_537' title='bbox 3202 3030 3260 3069; x_wconf 89' lang='lat' dir='ltr'><strong>se</strong></span> <span class='ocrx_word' id='word_1_538' title='bbox 3284 3013 3519 3067; x_wconf 88' lang='lat' dir='ltr'><strong>lihenter</strong></span> <span class='ocrx_word' id='word_1_539' title='bbox 3553 3025 3648 3067; x_wconf 87' lang='lat' dir='ltr'><strong>ac-</strong></span> 
     </span>
    </p>
   </div>
   <div class='ocr_carea' id='block_1_76' title="bbox 1960 3105 3645 3196">
    <p class='ocr_par' dir='ltr' id='par_1_76' title="bbox 1960 3105 3645 3196">
     <span class='ocr_line' id='line_1_76' title="bbox 1960 3105 3645 3196; baseline -0.001 -35"><span class='ocrx_word' id='word_1_540' title='bbox 1960 3139 2003 3196; x_wconf 71' lang='lat' dir='ltr'>c</span> <span class='ocrx_word' id='word_1_541' title='bbox 2035 3106 2248 3170; x_wconf 84' lang='lat' dir='ltr'><strong>cedere,</strong></span> <span class='ocrx_word' id='word_1_542' title='bbox 2280 3114 2333 3160; x_wconf 92' lang='lat' dir='ltr'><strong>et</strong></span> <span class='ocrx_word' id='word_1_543' title='bbox 2359 3105 2594 3176; x_wconf 72' lang='lat' dir='ltr'><strong>prmdcm</strong></span> <span class='ocrx_word' id='word_1_544' title='bbox 2632 3106 2817 3160; x_wconf 78' lang='lat' dir='ltr'><strong>habet.</strong></span> <span class='ocrx_word' id='word_1_545' title='bbox 2860 3106 3155 3178; x_wconf 85' lang='lat' dir='ltr'><strong>Postquam</strong></span> <span class='ocrx_word' id='word_1_546' title='bbox 3184 3105 3527 3161; x_wconf 72' lang='lat' dir='ltr'><strong>benedixerit</strong></span> <span class='ocrx_word' id='word_1_547' title='bbox 3556 3120 3645 3159; x_wconf 81' lang='lat' dir='ltr'><strong>sa-</strong></span> 
     </span>
    </p>
   </div>
   <div class='ocr_carea' id='block_1_77' title="bbox 2039 3199 3648 3272">
    <p class='ocr_par' dir='ltr' id='par_1_77' title="bbox 2039 3199 3648 3272">
     <span class='ocr_line' id='line_1_77' title="bbox 2039 3199 3648 3272; baseline 0.001 -18"><span class='ocrx_word' id='word_1_548' title='bbox 2039 3200 2255 3263; x_wconf 85' lang='lat' dir='ltr'><strong>cerdos,</strong></span> <span class='ocrx_word' id='word_1_549' title='bbox 2288 3206 2503 3267; x_wconf 86' lang='lat' dir='ltr'><strong>oportet</strong></span> <span class='ocrx_word' id='word_1_550' title='bbox 2528 3199 2769 3255; x_wconf 86' lang='lat' dir='ltr'><strong>ahinitio</strong></span> <span class='ocrx_word' id='word_1_551' title='bbox 2787 3214 3109 3269; x_wconf 89' lang='lat' dir='ltr'><strong>semperque</strong></span> <span class='ocrx_word' id='word_1_552' title='bbox 3127 3200 3331 3272; x_wconf 77' lang='lat' dir='ltr'><strong>gratias</strong></span> <span class='ocrx_word' id='word_1_553' title='bbox 3355 3199 3463 3254; x_wconf 80' lang='lat' dir='ltr'><strong>Deo</strong></span> <span class='ocrx_word' id='word_1_554' title='bbox 3485 3213 3648 3270; x_wconf 74' lang='lat' dir='ltr'><strong>agere</strong></span> 
     </span>
    </p>
   </div>
   <div class='ocr_carea' id='block_1_78' title="bbox 2038 3291 3647 3362">
    <p class='ocr_par' dir='ltr' id='par_1_78' title="bbox 2038 3291 3647 3362">
     <span class='ocr_line' id='line_1_78' title="bbox 2038 3291 3647 3362; baseline -0.002 -16"><span class='ocrx_word' id='word_1_555' title='bbox 2038 3293 2106 3347; x_wconf 86' lang='lat' dir='ltr'><strong>de</strong></span> <span class='ocrx_word' id='word_1_556' title='bbox 2124 3293 2299 3346; x_wconf 83' lang='lat' dir='ltr'><strong>salute</strong></span> <span class='ocrx_word' id='word_1_557' title='bbox 2319 3292 2439 3362; x_wconf 86' lang='lat' dir='ltr'><strong>ejus</strong></span> <span class='ocrx_word' id='word_1_558' title='bbox 2463 3292 2555 3361; x_wconf 89' lang='lat' dir='ltr'><strong>qui</strong></span> <span class='ocrx_word' id='word_1_559' title='bbox 2582 3292 2812 3361; x_wconf 81' lang='lat' dir='ltr'><strong>perierat</strong></span> <span class='ocrx_word' id='word_1_560' title='bbox 2840 3293 3055 3359; x_wconf 83' lang='lat' dir='ltr'><strong>;statim</strong></span> <span class='ocrx_word' id='word_1_561' title='bbox 3089 3292 3143 3347; x_wconf 91' lang='lat' dir='ltr'><strong>in</strong></span> <span class='ocrx_word' id='word_1_562' title='bbox 3188 3291 3647 3347; x_wconf 79' lang='lat' dir='ltr'><strong>catcchumenunt</strong></span> 
     </span>
    </p>
   </div>
   <div class='ocr_carea' id='block_1_79' title="bbox 2041 3381 3648 3453">
    <p class='ocr_par' dir='ltr' id='par_1_79' title="bbox 2041 3381 3648 3453">
     <span class='ocr_line' id='line_1_79' title="bbox 2041 3381 3648 3453; baseline -0.001 -17"><span class='ocrx_word' id='word_1_563' title='bbox 2041 3385 2251 3437; x_wconf 87' lang='lat' dir='ltr'><strong>nudum</strong></span> <span class='ocrx_word' id='word_1_564' title='bbox 2280 3392 2334 3438; x_wconf 89' lang='lat' dir='ltr'><strong>et</strong></span> <span class='ocrx_word' id='word_1_565' title='bbox 2372 3386 2617 3441; x_wconf 81' lang='lat' dir='ltr'><strong>vestibus</strong></span> <span class='ocrx_word' id='word_1_566' title='bbox 2649 3395 2875 3440; x_wconf 65' lang='lat' dir='ltr'><strong>exutum</strong></span> <span class='ocrx_word' id='word_1_567' title='bbox 2921 3386 3150 3453; x_wconf 88' lang='lat' dir='ltr'><strong>soloque</strong></span> <span class='ocrx_word' id='word_1_568' title='bbox 3189 3384 3458 3439; x_wconf 77' lang='lat' dir='ltr'><strong>velamine</strong></span> <span class='ocrx_word' id='word_1_569' title='bbox 3486 3381 3648 3437; x_wconf 87' lang='lat' dir='ltr'><strong>indu-</strong></span> 
     </span>
    </p>
   </div>
   <div class='ocr_carea' id='block_1_80' title="bbox 2042 3472 3649 3533">
    <p class='ocr_par' dir='ltr' id='par_1_80' title="bbox 2042 3472 3649 3533">
     <span class='ocr_line' id='line_1_80' title="bbox 2042 3472 3649 3533; baseline -0.003 -1"><span class='ocrx_word' id='word_1_570' title='bbox 2042 3485 2154 3532; x_wconf 89' lang='lat' dir='ltr'><strong>tum</strong></span> <span class='ocrx_word' id='word_1_571' title='bbox 2191 3477 2242 3531; x_wconf 90' lang='lat' dir='ltr'><strong>in</strong></span> <span class='ocrx_word' id='word_1_572' title='bbox 2279 3478 2500 3533; x_wconf 86' lang='lat' dir='ltr'><strong>modum</strong></span> <span class='ocrx_word' id='word_1_573' title='bbox 2558 3478 2741 3533; x_wconf 90' lang='lat' dir='ltr'><strong>crucis</strong></span> <span class='ocrx_word' id='word_1_574' title='bbox 2776 3488 2855 3533; x_wconf 90' lang='lat' dir='ltr'><strong>ter</strong></span> <span class='ocrx_word' id='word_1_575' title='bbox 2887 3476 3139 3533; x_wconf 81' lang='lat' dir='ltr'><strong>exsuillat</strong></span> <span class='ocrx_word' id='word_1_576' title='bbox 3189 3474 3449 3530; x_wconf 85' lang='lat' dir='ltr'><strong>sacerdos</strong></span> <span class='ocrx_word' id='word_1_577' title='bbox 3475 3512 3490 3528; x_wconf 95' lang='lat'><em>.</em></span> <span class='ocrx_word' id='word_1_578' title='bbox 3544 3472 3649 3527; x_wconf 80' lang='lat' dir='ltr'><strong>Per</strong></span> 
     </span>
    </p>
   </div>
   <div class='ocr_carea' id='block_1_81' title="bbox 2044 3552 3653 3640">
    <p class='ocr_par' dir='ltr' id='par_1_81' title="bbox 2044 3552 3653 3640">
     <span class='ocr_line' id='line_1_81' title="bbox 2044 3552 3653 3640; baseline -0.004 -16"><span class='ocrx_word' id='word_1_579' title='bbox 2044 3571 2189 3624; x_wconf 89' lang='lat' dir='ltr'><strong>hunc</strong></span> <span class='ocrx_word' id='word_1_580' title='bbox 2223 3552 2440 3640; x_wconf 71' lang='lat' dir='ltr'><strong>quidem</strong></span> <span class='ocrx_word' id='word_1_581' title='bbox 2476 3570 2722 3624; x_wconf 79' lang='lat' dir='ltr'><strong>inﬂatum</strong></span> <span class='ocrx_word' id='word_1_582' title='bbox 2762 3571 2995 3640; x_wconf 90' lang='lat' dir='ltr'><strong>primam</strong></span> <span class='ocrx_word' id='word_1_583' title='bbox 3030 3570 3174 3623; x_wconf 85' lang='lat' dir='ltr'><strong>illam</strong></span> <span class='ocrx_word' id='word_1_584' title='bbox 3229 3568 3282 3622; x_wconf 93' lang='lat' dir='ltr'><strong>in</strong></span> <span class='ocrx_word' id='word_1_585' title='bbox 3335 3567 3507 3620; x_wconf 80' lang='lat' dir='ltr'><strong>Adam</strong></span> <span class='ocrx_word' id='word_1_586' title='bbox 3568 3565 3653 3618; x_wconf 82' lang='lat' dir='ltr'><strong>in-</strong></span> 
     </span>
    </p>
   </div>
   <div class='ocr_carea' id='block_1_82' title="bbox 2043 3656 3650 3732">
    <p class='ocr_par' dir='ltr' id='par_1_82' title="bbox 2043 3656 3650 3732">
     <span class='ocr_line' id='line_1_82' title="bbox 2043 3656 3650 3732; baseline -0.004 -16"><span class='ocrx_word' id='word_1_587' title='bbox 2043 3663 2394 3732; x_wconf 87' lang='lat' dir='ltr'><strong>spirationcm</strong></span> <span class='ocrx_word' id='word_1_588' title='bbox 2426 3663 2742 3723; x_wconf 79' lang='lat' dir='ltr'><strong>exsuscitat.</strong></span> <span class='ocrx_word' id='word_1_589' title='bbox 2775 3664 2842 3717; x_wconf 90' lang='lat' dir='ltr'><strong>de</strong></span> <span class='ocrx_word' id='word_1_590' title='bbox 2865 3678 2972 3732; x_wconf 90' lang='lat' dir='ltr'><strong>qua</strong></span> <span class='ocrx_word' id='word_1_591' title='bbox 2997 3662 3201 3718; x_wconf 85' lang='lat' dir='ltr'><strong>dictum</strong></span> <span class='ocrx_word' id='word_1_592' title='bbox 3250 3669 3334 3715; x_wconf 89' lang='lat' dir='ltr'><strong>est</strong></span> <span class='ocrx_word' id='word_1_593' title='bbox 3364 3677 3377 3713; x_wconf 94' lang='lat'>:</span> <span class='ocrx_word' id='word_1_594' title='bbox 3412 3656 3509 3713; x_wconf 67' lang='lat' dir='ltr'><strong>«Et</strong></span> <span class='ocrx_word' id='word_1_595' title='bbox 3562 3657 3650 3711; x_wconf 89' lang='lat' dir='ltr'><strong>in-</strong></span> 
     </span>
    </p>
   </div>
   <div class='ocr_carea' id='block_1_83' title="bbox 2045 3751 3652 3826">
    <p class='ocr_par' dir='ltr' id='par_1_83' title="bbox 2045 3751 3652 3826">
     <span class='ocr_line' id='line_1_83' title="bbox 2045 3751 3652 3826; baseline -0.002 -17"><span class='ocrx_word' id='word_1_596' title='bbox 2045 3757 2276 3825; x_wconf 83' lang='lat' dir='ltr'><strong>spiravit</strong></span> <span class='ocrx_word' id='word_1_597' title='bbox 2330 3756 2379 3808; x_wconf 86' lang='lat' dir='ltr'><strong>iu</strong></span> <span class='ocrx_word' id='word_1_598' title='bbox 2418 3756 2612 3810; x_wconf 74' lang='lat' dir='ltr'><strong>faciem</strong></span> <span class='ocrx_word' id='word_1_599' title='bbox 2637 3757 2756 3826; x_wconf 85' lang='lat' dir='ltr'><strong>ejus</strong></span> <span class='ocrx_word' id='word_1_600' title='bbox 2780 3756 3113 3824; x_wconf 86' lang='lat' dir='ltr'><strong>spiraculum</strong></span> <span class='ocrx_word' id='word_1_601' title='bbox 3147 3756 3308 3821; x_wconf 68' lang='lat' dir='ltr'><strong>vitae;</strong></span> <span class='ocrx_word' id='word_1_602' title='bbox 3341 3772 3359 3805; x_wconf 79' lang='grc' dir='ltr'><strong>ι</strong></span> <span class='ocrx_word' id='word_1_603' title='bbox 3390 3751 3652 3808; x_wconf 83' lang='lat' dir='ltr'><strong>sacerdos</strong></span> 
     </span>
    </p>
   </div>
   <div class='ocr_carea' id='block_1_84' title="bbox 2045 3845 3654 3915">
    <p class='ocr_par' dir='ltr' id='par_1_84' title="bbox 2045 3845 3654 3915">
     <span class='ocr_line' id='line_1_84' title="bbox 2045 3845 3654 3915; baseline -0.002 -14"><span class='ocrx_word' id='word_1_604' title='bbox 2045 3863 2175 3901; x_wconf 90' lang='lat' dir='ltr'><strong>vero</strong></span> <span class='ocrx_word' id='word_1_605' title='bbox 2207 3847 2489 3901; x_wconf 87' lang='lat' dir='ltr'><strong>Christum</strong></span> <span class='ocrx_word' id='word_1_606' title='bbox 2517 3846 2687 3901; x_wconf 87' lang='lat' dir='ltr'><strong>Deum</strong></span> <span class='ocrx_word' id='word_1_607' title='bbox 2729 3846 2946 3915; x_wconf 80' lang='lat' dir='ltr'><strong>ligurat,</strong></span> <span class='ocrx_word' id='word_1_608' title='bbox 2973 3847 3097 3899; x_wconf 84' lang='lat' dir='ltr'><strong>ideo</strong></span> <span class='ocrx_word' id='word_1_609' title='bbox 3145 3845 3349 3899; x_wconf 90' lang='lat' dir='ltr'><strong>bonum</strong></span> <span class='ocrx_word' id='word_1_610' title='bbox 3396 3852 3480 3899; x_wconf 90' lang='lat' dir='ltr'><strong>est</strong></span> <span class='ocrx_word' id='word_1_611' title='bbox 3527 3852 3654 3912; x_wconf 89' lang='lat' dir='ltr'><strong>post</strong></span> 
     </span>
    </p>
   </div>
   <div class='ocr_carea' id='block_1_85' title="bbox 2046 3932 3650 4006">
    <p class='ocr_par' dir='ltr' id='par_1_85' title="bbox 2046 3932 3650 4006">
     <span class='ocr_line' id='line_1_85' title="bbox 2046 3932 3650 4006; baseline -0.003 -12"><span class='ocrx_word' id='word_1_612' title='bbox 2046 3937 2602 3994; x_wconf 79' lang='lat' dir='ltr'><strong>communicationem</strong></span> <span class='ocrx_word' id='word_1_613' title='bbox 2651 3937 2853 3992; x_wconf 84' lang='lat' dir='ltr'><strong>Christi</strong></span> <span class='ocrx_word' id='word_1_614' title='bbox 2902 3936 3182 4006; x_wconf 89' lang='lat' dir='ltr'><strong>baptizare</strong></span> <span class='ocrx_word' id='word_1_615' title='bbox 3232 3944 3285 3990; x_wconf 89' lang='lat' dir='ltr'><strong>et</strong></span> <span class='ocrx_word' id='word_1_616' title='bbox 3344 3932 3650 3989; x_wconf 82' lang='lat' dir='ltr'><strong>insuﬂlare.</strong></span> 
     </span>
    </p>
   </div>
   <div class='ocr_carea' id='block_1_86' title="bbox 2049 4027 3647 4099">
    <p class='ocr_par' dir='ltr' id='par_1_86' title="bbox 2049 4027 3647 4099">
     <span class='ocr_line' id='line_1_86' title="bbox 2049 4027 3647 4099; baseline -0.003 -16"><span class='ocrx_word' id='word_1_617' title='bbox 2049 4029 2155 4086; x_wconf 88' lang='lat' dir='ltr'><strong>Ter</strong></span> <span class='ocrx_word' id='word_1_618' title='bbox 2187 4041 2367 4085; x_wconf 88' lang='lat' dir='ltr'><strong>autem</strong></span> <span class='ocrx_word' id='word_1_619' title='bbox 2420 4031 2654 4099; x_wconf 86' lang='lat' dir='ltr'><strong>inspirat</strong></span> <span class='ocrx_word' id='word_1_620' title='bbox 2704 4036 2928 4098; x_wconf 88' lang='lat' dir='ltr'><strong>pr0pter</strong></span> <span class='ocrx_word' id='word_1_621' title='bbox 2981 4028 3334 4090; x_wconf 83' lang='lat' dir='ltr'><strong>Trinitatem,</strong></span> <span class='ocrx_word' id='word_1_622' title='bbox 3383 4027 3647 4097; x_wconf 75' lang='lat' dir='ltr'><strong>quoniam</strong></span> 
     </span>
    </p>
   </div>
   <div class='ocr_carea' id='block_1_87' title="bbox 2050 4118 3647 4191">
    <p class='ocr_par' dir='ltr' id='par_1_87' title="bbox 2050 4118 3647 4191">
     <span class='ocr_line' id='line_1_87' title="bbox 2050 4118 3647 4191; baseline -0.005 -11"><span class='ocrx_word' id='word_1_623' title='bbox 2050 4122 2361 4181; x_wconf 91' lang='lat' dir='ltr'><strong>communis</strong></span> <span class='ocrx_word' id='word_1_624' title='bbox 2393 4132 2478 4177; x_wconf 82' lang='lat' dir='ltr'><strong>est</strong></span> <span class='ocrx_word' id='word_1_625' title='bbox 2506 4120 2759 4177; x_wconf 84' lang='lat' dir='ltr'><strong>Trinitati</strong></span> <span class='ocrx_word' id='word_1_626' title='bbox 2807 4130 2979 4191; x_wconf 77' lang='lat' dir='ltr'><strong>gratia</strong></span> <span class='ocrx_word' id='word_1_627' title='bbox 3012 4130 3066 4176; x_wconf 91' lang='lat' dir='ltr'><strong>et</strong></span> <span class='ocrx_word' id='word_1_628' title='bbox 3121 4118 3412 4189; x_wconf 86' lang='lat' dir='ltr'><strong>operatio;</strong></span> <span class='ocrx_word' id='word_1_629' title='bbox 3455 4134 3647 4173; x_wconf 88' lang='lat' dir='ltr'><strong>verum</strong></span> 
     </span>
    </p>
   </div>
   <div class='ocr_carea' id='block_1_88' title="bbox 2051 4209 3655 4282">
    <p class='ocr_par' dir='ltr' id='par_1_88' title="bbox 2051 4209 3655 4282">
     <span class='ocr_line' id='line_1_88' title="bbox 2051 4209 3655 4282; baseline -0.002 -13"><span class='ocrx_word' id='word_1_630' title='bbox 2051 4215 2105 4269; x_wconf 89' lang='lat' dir='ltr'><strong>in</strong></span> <span class='ocrx_word' id='word_1_631' title='bbox 2134 4213 2315 4271; x_wconf 89' lang='lat' dir='ltr'><strong>crucis</strong></span> <span class='ocrx_word' id='word_1_632' title='bbox 2352 4213 2584 4269; x_wconf 77' lang='lat' dir='ltr'><strong>formam</strong></span> <span class='ocrx_word' id='word_1_633' title='bbox 2623 4211 2807 4268; x_wconf 79' lang='lat' dir='ltr'><strong>sumat</strong></span> <span class='ocrx_word' id='word_1_634' title='bbox 2843 4220 3065 4282; x_wconf 88' lang='lat' dir='ltr'><strong>propter</strong></span> <span class='ocrx_word' id='word_1_635' title='bbox 3114 4227 3284 4266; x_wconf 91' lang='lat' dir='ltr'><strong>unum</strong></span> <span class='ocrx_word' id='word_1_636' title='bbox 3316 4225 3345 4264; x_wconf 89' lang='lat' dir='ltr'><strong>e</strong></span> <span class='ocrx_word' id='word_1_637' title='bbox 3379 4209 3655 4266; x_wconf 82' lang='lat' dir='ltr'><strong>Trinitate</strong></span> 
     </span>
    </p>
   </div>
   <div class='ocr_carea' id='block_1_89' title="bbox 2051 4294 3651 4376">
    <p class='ocr_par' dir='ltr' id='par_1_89' title="bbox 2051 4294 3651 4376">
     <span class='ocr_line' id='line_1_89' title="bbox 2051 4294 3651 4376; baseline -0.006 -13"><span class='ocrx_word' id='word_1_638' title='bbox 2051 4306 2329 4363; x_wconf 84' lang='lat' dir='ltr'><strong>Christum</strong></span> <span class='ocrx_word' id='word_1_639' title='bbox 2384 4321 2482 4376; x_wconf 91' lang='lat' dir='ltr'><strong>pro</strong></span> <span class='ocrx_word' id='word_1_640' title='bbox 2512 4306 2670 4362; x_wconf 87' lang='lat' dir='ltr'><strong>nobis</strong></span> <span class='ocrx_word' id='word_1_641' title='bbox 2718 4304 3065 4364; x_wconf 76' lang='lat' dir='ltr'><strong>cruciﬁxum.</strong></span> <span class='ocrx_word' id='word_1_642' title='bbox 3097 4316 3376 4371; x_wconf 85' lang='lat' dir='ltr'><strong>carneque</strong></span> <span class='ocrx_word' id='word_1_643' title='bbox 3430 4294 3651 4371; x_wconf 88' lang='lat' dir='ltr'><strong>passum</strong></span> 
     </span>
    </p>
   </div>
   <div class='ocr_carea' id='block_1_90' title="bbox 2052 4394 3656 4470">
    <p class='ocr_par' dir='ltr' id='par_1_90' title="bbox 2052 4394 3656 4470">
     <span class='ocr_line' id='line_1_90' title="bbox 2052 4394 3656 4470; baseline -0.006 -15"><span class='ocrx_word' id='word_1_644' title='bbox 2052 4398 2148 4470; x_wconf 90' lang='lat' dir='ltr'><strong>qui</strong></span> <span class='ocrx_word' id='word_1_645' title='bbox 2184 4413 2283 4468; x_wconf 89' lang='lat' dir='ltr'><strong>per</strong></span> <span class='ocrx_word' id='word_1_646' title='bbox 2316 4413 2539 4455; x_wconf 86' lang='lat' dir='ltr'><strong>crucem</strong></span> <span class='ocrx_word' id='word_1_647' title='bbox 2566 4397 2855 4454; x_wconf 85' lang='lat' dir='ltr'><strong>victoriam</strong></span> <span class='ocrx_word' id='word_1_648' title='bbox 2888 4394 3097 4452; x_wconf 89' lang='lat' dir='ltr'><strong>retulit.</strong></span> <span class='ocrx_word' id='word_1_649' title='bbox 3128 4395 3500 4462; x_wconf 80' lang='lat' dir='ltr'><strong>Quamobrem</strong></span> <span class='ocrx_word' id='word_1_650' title='bbox 3524 4407 3656 4449; x_wconf 88' lang='lat' dir='ltr'><strong>cru-</strong></span> 
     </span>
    </p>
   </div>
   <div class='ocr_carea' id='block_1_91' title="bbox 370 4478 1935 4557">
    <p class='ocr_par' dir='ltr' id='par_1_91' title="bbox 370 4478 1935 4556">
     <span class='ocr_line' id='line_1_91' title="bbox 370 4478 1935 4556; baseline -0.004 -19"><span class='ocrx_word' id='word_1_651' title='bbox 370 4482 604 4556; x_wconf 71' lang='grc' dir='ltr'>Τριάδος</span> <span class='ocrx_word' id='word_1_652' title='bbox 636 4481 735 4534; x_wconf 67' lang='grc' dir='ltr'>ἕνα</span> <span class='ocrx_word' id='word_1_653' title='bbox 782 4480 1040 4548; x_wconf 73' lang='grc' dir='ltr'>Χριστὸν,</span> <span class='ocrx_word' id='word_1_654' title='bbox 1096 4479 1192 4533; x_wconf 77' lang='grc' dir='ltr'><strong>καὶ</strong></span> <span class='ocrx_word' id='word_1_655' title='bbox 1246 4479 1324 4549; x_wconf 79' lang='grc' dir='ltr'>τῷ</span> <span class='ocrx_word' id='word_1_656' title='bbox 1385 4478 1604 4549; x_wconf 84' lang='grc' dir='ltr'>σταυρῷ</span> <span class='ocrx_word' id='word_1_657' title='bbox 1651 4480 1753 4549; x_wconf 77' lang='grc' dir='ltr'>τὴν</span> <span class='ocrx_word' id='word_1_658' title='bbox 1794 4480 1935 4549; x_wconf 71' lang='grc' dir='ltr'>νίκηι</span> 
     </span>
    </p>
   </div>
   <div class='ocr_carea' id='block_1_92' title="bbox 2038 4478 3657 4557">
    <p class='ocr_par' dir='ltr' id='par_1_92' title="bbox 2058 4485 3657 4557">
     <span class='ocr_line' id='line_1_92' title="bbox 2058 4485 3657 4557; baseline -0.004 -13"><span class='ocrx_word' id='word_1_659' title='bbox 2058 4489 2139 4544; x_wconf 90' lang='lat' dir='ltr'><strong>cis</strong></span> <span class='ocrx_word' id='word_1_660' title='bbox 2163 4490 2379 4557; x_wconf 73' lang='lat' dir='ltr'><strong>signum</strong></span> <span class='ocrx_word' id='word_1_661' title='bbox 2413 4488 2743 4544; x_wconf 74' lang='lat' dir='ltr'><strong>sacriﬁcium</strong></span> <span class='ocrx_word' id='word_1_662' title='bbox 2778 4486 2900 4557; x_wconf 80' lang='lat' dir='ltr'><strong>ejus</strong></span> <span class='ocrx_word' id='word_1_663' title='bbox 2933 4486 3142 4541; x_wconf 87' lang='lat' dir='ltr'><strong>indicat</strong></span> <span class='ocrx_word' id='word_1_664' title='bbox 3177 4485 3657 4552; x_wconf 84' lang='lat' dir='ltr'><strong>humilitatemque</strong></span> 
     </span>
    </p>
   </div>
   <div class='ocr_carea' id='block_1_93' title="bbox 374 4570 1949 4645">
    <p class='ocr_par' dir='ltr' id='par_1_93' title="bbox 374 4570 1949 4645">
     <span class='ocr_line' id='line_1_93' title="bbox 374 4570 1949 4645; baseline -0.003 -17"><span class='ocrx_word' id='word_1_665' title='bbox 374 4576 736 4645; x_wconf 68' lang='grc' dir='ltr'>στησάμενον.</span> <span class='ocrx_word' id='word_1_666' title='bbox 778 4571 870 4625; x_wconf 82' lang='grc' dir='ltr'>Διδ</span> <span class='ocrx_word' id='word_1_667' title='bbox 899 4572 999 4625; x_wconf 71' lang='grc' dir='ltr'><strong>καὶ</strong></span> <span class='ocrx_word' id='word_1_668' title='bbox 1043 4572 1071 4625; x_wconf 92' lang='lat'><strong>6</strong></span> <span class='ocrx_word' id='word_1_669' title='bbox 1103 4570 1399 4637; x_wconf 78' lang='grc' dir='ltr'>σταυρικδς</span> <span class='ocrx_word' id='word_1_670' title='bbox 1428 4573 1599 4633; x_wconf 88' lang='grc' dir='ltr'>τύπος</span> <span class='ocrx_word' id='word_1_671' title='bbox 1628 4570 1727 4641; x_wconf 74' lang='grc' dir='ltr'><strong>τὴν</strong></span> <span class='ocrx_word' id='word_1_672' title='bbox 1756 4571 1949 4625; x_wconf 81' lang='grc' dir='ltr'>θυσίαν</span> 
     </span>
    </p>
   </div>
   <div class='ocr_carea' id='block_1_94' title="bbox 373 4662 1951 4737">
    <p class='ocr_par' dir='ltr' id='par_1_94' title="bbox 373 4662 1951 4737">
     <span class='ocr_line' id='line_1_94' title="bbox 373 4662 1951 4737; baseline -0.001 -17"><span class='ocrx_word' id='word_1_673' title='bbox 373 4664 536 4722; x_wconf 73' lang='grc' dir='ltr'>αὑτοῦ</span> <span class='ocrx_word' id='word_1_674' title='bbox 561 4664 734 4737; x_wconf 77' lang='grc' dir='ltr'>δηλοῖ,</span> <span class='ocrx_word' id='word_1_675' title='bbox 768 4662 1096 4718; x_wconf 83' lang='grc' dir='ltr'>ταπείνωσίν</span> <span class='ocrx_word' id='word_1_676' title='bbox 1125 4680 1184 4716; x_wconf 88' lang='grc' dir='ltr'><strong>τε</strong></span> <span class='ocrx_word' id='word_1_677' title='bbox 1231 4664 1327 4717; x_wconf 70' lang='grc' dir='ltr'>καὶ</span> <span class='ocrx_word' id='word_1_678' title='bbox 1358 4663 1540 4733; x_wconf 85' lang='grc' dir='ltr'>νίκην,</span> <span class='ocrx_word' id='word_1_679' title='bbox 1572 4664 1654 4718; x_wconf 80' lang='grc' dir='ltr'><strong>δτι</strong></span> <span class='ocrx_word' id='word_1_680' title='bbox 1685 4663 1755 4717; x_wconf 80' lang='grc' dir='ltr'>δι’</span> <span class='ocrx_word' id='word_1_681' title='bbox 1784 4664 1951 4719; x_wconf 76' lang='grc' dir='ltr'>αὐτοῦ</span> 
     </span>
    </p>
   </div>
   <div class='ocr_carea' id='block_1_95' title="bbox 370 4756 1956 4835">
    <p class='ocr_par' dir='ltr' id='par_1_95' title="bbox 370 4756 1956 4835">
     <span class='ocr_line' id='line_1_95' title="bbox 370 4756 1956 4835; baseline -0.002 -22"><span class='ocrx_word' id='word_1_682' title='bbox 370 4761 468 4823; x_wconf 70' lang='grc' dir='ltr'>τὰς</span> <span class='ocrx_word' id='word_1_683' title='bbox 488 4758 682 4821; x_wconf 76' lang='grc' dir='ltr'>ὀδύνας</span> <span class='ocrx_word' id='word_1_684' title='bbox 713 4757 871 4835; x_wconf 73' lang='grc' dir='ltr'>ἔλυσε</span> <span class='ocrx_word' id='word_1_685' title='bbox 895 4756 988 4810; x_wconf 79' lang='grc' dir='ltr'>τοῦ</span> <span class='ocrx_word' id='word_1_686' title='bbox 1022 4756 1281 4823; x_wconf 83' lang='grc' dir='ltr'>θανάτου,</span> <span class='ocrx_word' id='word_1_687' title='bbox 1313 4758 1407 4810; x_wconf 83' lang='grc' dir='ltr'><strong>καὶ</strong></span> <span class='ocrx_word' id='word_1_688' title='bbox 1428 4757 1752 4829; x_wconf 81' lang='grc' dir='ltr'>κατήργησε</span> <span class='ocrx_word' id='word_1_689' title='bbox 1782 4758 1873 4810; x_wconf 58' lang='grc' dir='ltr'>τίεν</span> <span class='ocrx_word' id='word_1_690' title='bbox 1893 4757 1956 4811; x_wconf 81' lang='grc' dir='ltr'><strong>τδ</strong></span> 
     </span>
    </p>
   </div>
   <div class='ocr_carea' id='block_1_96' title="bbox 373 4847 1958 4921">
    <p class='ocr_par' dir='ltr' id='par_1_96' title="bbox 373 4847 1958 4921">
     <span class='ocr_line' id='line_1_96' title="bbox 373 4847 1958 4921; baseline -0.001 -18"><span class='ocrx_word' id='word_1_691' title='bbox 373 4849 571 4921; x_wconf 73' lang='grc' dir='ltr'>κράτος</span> <span class='ocrx_word' id='word_1_692' title='bbox 598 4849 791 4920; x_wconf 72' lang='grc' dir='ltr'>εχοντα</span> <span class='ocrx_word' id='word_1_693' title='bbox 808 4847 904 4901; x_wconf 84' lang='grc' dir='ltr'>τοῦ</span> <span class='ocrx_word' id='word_1_694' title='bbox 928 4847 1161 4902; x_wconf 82' lang='grc' dir='ltr'>θανάτου</span> <span class='ocrx_word' id='word_1_695' title='bbox 1191 4849 1459 4917; x_wconf 70' lang='grc' dir='ltr'>διάϐολον,</span> <span class='ocrx_word' id='word_1_696' title='bbox 1486 4850 1578 4902; x_wconf 82' lang='grc' dir='ltr'>καὶ</span> <span class='ocrx_word' id='word_1_697' title='bbox 1599 4850 1696 4913; x_wconf 69' lang='grc' dir='ltr'>τὰς</span> <span class='ocrx_word' id='word_1_698' title='bbox 1716 4849 1958 4903; x_wconf 83' lang='grc' dir='ltr'>ἀντικει-</span> 
     </span>
    </p>
   </div>
   <div class='ocr_carea' id='block_1_97' title="bbox 378 4936 1955 5013">
    <p class='ocr_par' dir='ltr' id='par_1_97' title="bbox 378 4936 1955 5013">
     <span class='ocr_line' id='line_1_97' title="bbox 378 4936 1955 5013; baseline 0.001 -19"><span class='ocrx_word' id='word_1_699' title='bbox 378 4942 545 5013; x_wconf 69' lang='grc' dir='ltr'>μένας</span> <span class='ocrx_word' id='word_1_700' title='bbox 569 4940 939 5012; x_wconf 72' lang='grc' dir='ltr'>ἐθριάμϐευσε</span> <span class='ocrx_word' id='word_1_701' title='bbox 974 4941 1348 5011; x_wconf 86' lang='grc' dir='ltr'>πονηροτάτας</span> <span class='ocrx_word' id='word_1_702' title='bbox 1382 4942 1664 5013; x_wconf 78' lang='grc' dir='ltr'>δυνάμεις.</span> <span class='ocrx_word' id='word_1_703' title='bbox 1708 4942 1799 4995; x_wconf 86' lang='grc' dir='ltr'>Ἐν</span> <span class='ocrx_word' id='word_1_704' title='bbox 1825 4936 1869 5010; x_wconf 77' lang='grc' dir='ltr'>ᾧ</span> <span class='ocrx_word' id='word_1_705' title='bbox 1890 4942 1955 5013; x_wconf 83' lang='grc' dir='ltr'>δὴ</span> 
     </span>
    </p>
   </div>
   <div class='ocr_carea' id='block_1_98' title="bbox 376 5032 1956 5105">
    <p class='ocr_par' dir='ltr' id='par_1_98' title="bbox 376 5032 1956 5105">
     <span class='ocr_line' id='line_1_98' title="bbox 376 5032 1956 5105; baseline -0.002 -17"><span class='ocrx_word' id='word_1_706' title='bbox 376 5032 597 5105; x_wconf 88' lang='grc' dir='ltr'>σταυρῷ</span> <span class='ocrx_word' id='word_1_707' title='bbox 631 5033 727 5087; x_wconf 80' lang='grc' dir='ltr'><strong>καὶ</strong></span> <span class='ocrx_word' id='word_1_708' title='bbox 751 5032 914 5102; x_wconf 78' lang='grc' dir='ltr'>ἡμεῖς</span> <span class='ocrx_word' id='word_1_709' title='bbox 951 5033 1193 5103; x_wconf 86' lang='grc' dir='ltr'>νικῶμεν</span> <span class='ocrx_word' id='word_1_710' title='bbox 1221 5035 1278 5086; x_wconf 72' lang='grc' dir='ltr'>ἐν</span> <span class='ocrx_word' id='word_1_711' title='bbox 1310 5032 1538 5103; x_wconf 83' lang='grc' dir='ltr'>Χριστῷ</span> <span class='ocrx_word' id='word_1_712' title='bbox 1563 5035 1655 5086; x_wconf 84' lang='grc' dir='ltr'><strong>τὸν</strong></span> <span class='ocrx_word' id='word_1_713' title='bbox 1688 5033 1956 5102; x_wconf 74' lang='grc' dir='ltr'>διάϐολον,</span> 
     </span>
    </p>
   </div>
   <div class='ocr_carea' id='block_1_99' title="bbox 374 5123 1960 5195">
    <p class='ocr_par' dir='ltr' id='par_1_99' title="bbox 374 5123 1960 5195">
     <span class='ocr_line' id='line_1_99' title="bbox 374 5123 1960 5195; baseline 0.001 -16"><span class='ocrx_word' id='word_1_714' title='bbox 374 5126 469 5179; x_wconf 77' lang='grc' dir='ltr'><strong>καὶ</strong></span> <span class='ocrx_word' id='word_1_715' title='bbox 521 5126 650 5187; x_wconf 71' lang='grc' dir='ltr'>τοὺς</span> <span class='ocrx_word' id='word_1_716' title='bbox 712 5124 978 5191; x_wconf 76' lang='grc' dir='ltr'>δαίμονας</span> <span class='ocrx_word' id='word_1_717' title='bbox 1027 5123 1432 5195; x_wconf 74' lang='grc' dir='ltr'>ἐκτρεπόμεθα.</span> <span class='ocrx_word' id='word_1_718' title='bbox 1496 5125 1603 5177; x_wconf 80' lang='grc' dir='ltr'>Καὶ</span> <span class='ocrx_word' id='word_1_719' title='bbox 1662 5129 1888 5195; x_wconf 80' lang='grc' dir='ltr'>σημεῖον</span> <span class='ocrx_word' id='word_1_720' title='bbox 1932 5127 1960 5180; x_wconf 89' lang='lat'><strong>6</strong></span> 
     </span>
    </p>
   </div>
   <div class='ocr_carea' id='block_1_100' title="bbox 381 5208 1957 5284">
    <p class='ocr_par' dir='ltr' id='par_1_100' title="bbox 381 5208 1957 5284">
     <span class='ocr_line' id='line_1_100' title="bbox 381 5208 1957 5284; baseline 0.005 -20"><span class='ocrx_word' id='word_1_721' title='bbox 381 5210 615 5280; x_wconf 73' lang='grc' dir='ltr'>σταυρδς</span> <span class='ocrx_word' id='word_1_722' title='bbox 646 5208 743 5263; x_wconf 76' lang='grc' dir='ltr'>τοῦ</span> <span class='ocrx_word' id='word_1_723' title='bbox 775 5210 1028 5281; x_wconf 82' lang='grc' dir='ltr'>Σωτῆρος</span> <span class='ocrx_word' id='word_1_724' title='bbox 1061 5214 1156 5264; x_wconf 70' lang='grc' dir='ltr'><strong>καὶ</strong></span> <span class='ocrx_word' id='word_1_725' title='bbox 1186 5212 1426 5283; x_wconf 53' lang='grc' dir='ltr'>σςραγίς</span> <span class='ocrx_word' id='word_1_726' title='bbox 1458 5230 1515 5266; x_wconf 89' lang='grc' dir='ltr'><strong>τε</strong></span> <span class='ocrx_word' id='word_1_727' title='bbox 1546 5215 1643 5269; x_wconf 75' lang='grc' dir='ltr'><strong>καὶ</strong></span> <span class='ocrx_word' id='word_1_728' title='bbox 1672 5216 1957 5284; x_wconf 71' lang='grc' dir='ltr'>τρόπαιον.</span> 
     </span>
    </p>
   </div>
   <div class='ocr_carea' id='block_1_101' title="bbox 377 5298 1961 5377">
    <p class='ocr_par' dir='ltr' id='par_1_101' title="bbox 377 5298 1961 5377">
     <span class='ocr_line' id='line_1_101' title="bbox 377 5298 1961 5377; baseline 0.002 -21"><span class='ocrx_word' id='word_1_729' title='bbox 377 5302 508 5373; x_wconf 77' lang='grc' dir='ltr'>Τρὶς</span> <span class='ocrx_word' id='word_1_730' title='bbox 528 5298 624 5356; x_wconf 81' lang='grc' dir='ltr'><strong>οὖν</strong></span> <span class='ocrx_word' id='word_1_731' title='bbox 653 5302 986 5373; x_wconf 76' lang='grc' dir='ltr'>ὲμφυσήσας</span> <span class='ocrx_word' id='word_1_732' title='bbox 1025 5302 1102 5373; x_wconf 80' lang='grc' dir='ltr'>τῷ</span> <span class='ocrx_word' id='word_1_733' title='bbox 1133 5305 1531 5376; x_wconf 72' lang='grc' dir='ltr'>κατηχουμένῳ</span> <span class='ocrx_word' id='word_1_734' title='bbox 1560 5306 1589 5359; x_wconf 89' lang='lat'><strong>6</strong></span> <span class='ocrx_word' id='word_1_735' title='bbox 1627 5307 1829 5377; x_wconf 76' lang='grc' dir='ltr'>ἱερεὺς,</span> <span class='ocrx_word' id='word_1_736' title='bbox 1866 5307 1961 5359; x_wconf 72' lang='grc' dir='ltr'><strong>καὶ</strong></span> 
     </span>
    </p>
   </div>
   <div class='ocr_carea' id='block_1_102' title="bbox 377 5393 1961 5470">
    <p class='ocr_par' dir='ltr' id='par_1_102' title="bbox 377 5393 1961 5470">
     <span class='ocr_line' id='line_1_102' title="bbox 377 5393 1961 5470; baseline 0.004 -25"><span class='ocrx_word' id='word_1_737' title='bbox 377 5393 498 5463; x_wconf 72' lang='grc' dir='ltr'>τρὶς</span> <span class='ocrx_word' id='word_1_738' title='bbox 533 5395 846 5465; x_wconf 78' lang='grc' dir='ltr'>σφραγίσας</span> <span class='ocrx_word' id='word_1_739' title='bbox 892 5394 1057 5447; x_wconf 80' lang='grc' dir='ltr'>πάλιν</span> <span class='ocrx_word' id='word_1_740' title='bbox 1097 5398 1165 5466; x_wconf 76' lang='grc' dir='ltr'>τῇ</span> <span class='ocrx_word' id='word_1_741' title='bbox 1212 5401 1359 5467; x_wconf 80' lang='grc' dir='ltr'>χειρὶ</span> <span class='ocrx_word' id='word_1_742' title='bbox 1399 5398 1477 5468; x_wconf 80' lang='grc' dir='ltr'>τῷ</span> <span class='ocrx_word' id='word_1_743' title='bbox 1535 5399 1748 5470; x_wconf 84' lang='grc' dir='ltr'>σημείῳ</span> <span class='ocrx_word' id='word_1_744' title='bbox 1784 5400 1961 5469; x_wconf 79' lang='grc' dir='ltr'>τούτῳ</span> 
     </span>
    </p>
   </div>
   <div class='ocr_carea' id='block_1_103' title="bbox 379 5485 1961 5562">
    <p class='ocr_par' dir='ltr' id='par_1_103' title="bbox 379 5485 1961 5562">
     <span class='ocr_line' id='line_1_103' title="bbox 379 5485 1961 5562; baseline 0.004 -25"><span class='ocrx_word' id='word_1_745' title='bbox 379 5486 456 5555; x_wconf 80' lang='grc' dir='ltr'>τῷ</span> <span class='ocrx_word' id='word_1_746' title='bbox 498 5485 779 5555; x_wconf 71' lang='grc' dir='ltr'>σταυρικῷ</span> <span class='ocrx_word' id='word_1_747' title='bbox 829 5485 918 5538; x_wconf 78' lang='grc' dir='ltr'><strong>διὰ</strong></span> <span class='ocrx_word' id='word_1_748' title='bbox 959 5487 1041 5555; x_wconf 81' lang='grc' dir='ltr'><strong>τὸ,</strong></span> <span class='ocrx_word' id='word_1_749' title='bbox 1085 5504 1104 5537; x_wconf 85' lang='grc' dir='ltr'><strong>ε</strong></span> <span class='ocrx_word' id='word_1_750' title='bbox 1145 5488 1211 5540; x_wconf 76' lang='grc' dir='ltr'>Δί</span> <span class='ocrx_word' id='word_1_751' title='bbox 1240 5490 1419 5560; x_wconf 75' lang='grc' dir='ltr'>χεῖρές</span> <span class='ocrx_word' id='word_1_752' title='bbox 1459 5508 1554 5542; x_wconf 85' lang='grc' dir='ltr'><strong>σου</strong></span> <span class='ocrx_word' id='word_1_753' title='bbox 1592 5492 1858 5562; x_wconf 74' lang='grc' dir='ltr'>ἐποίησάν</span> <span class='ocrx_word' id='word_1_754' title='bbox 1892 5508 1961 5561; x_wconf 77' lang='grc' dir='ltr'><strong>με</strong></span> 
     </span>
    </p>
   </div>
   <div class='ocr_carea' id='block_1_104' title="bbox 384 5575 1961 5651">
    <p class='ocr_par' dir='ltr' id='par_1_104' title="bbox 384 5575 1961 5651">
     <span class='ocr_line' id='line_1_104' title="bbox 384 5575 1961 5651; baseline 0.004 -23"><span class='ocrx_word' id='word_1_755' title='bbox 384 5577 478 5628; x_wconf 77' lang='grc' dir='ltr'><strong>καὶ</strong></span> <span class='ocrx_word' id='word_1_756' title='bbox 513 5575 761 5629; x_wconf 75' lang='grc' dir='ltr'>ῑπλασάν</span> <span class='ocrx_word' id='word_1_757' title='bbox 797 5592 888 5645; x_wconf 83' lang='grc' dir='ltr'><strong>με,</strong></span> <span class='ocrx_word' id='word_1_758' title='bbox 923 5594 943 5629; x_wconf 76' lang='grc' dir='ltr'><strong>ι</strong></span> <span class='ocrx_word' id='word_1_759' title='bbox 976 5576 1072 5631; x_wconf 68' lang='grc' dir='ltr'>καὶ</span> <span class='ocrx_word' id='word_1_760' title='bbox 1096 5578 1154 5630; x_wconf 76' lang='grc' dir='ltr'>ὲν</span> <span class='ocrx_word' id='word_1_761' title='bbox 1180 5578 1259 5649; x_wconf 81' lang='grc' dir='ltr'>τῷ</span> <span class='ocrx_word' id='word_1_762' title='bbox 1287 5579 1528 5651; x_wconf 77' lang='grc' dir='ltr'>μετώπῳ</span> <span class='ocrx_word' id='word_1_763' title='bbox 1554 5598 1638 5647; x_wconf 84' lang='grc' dir='ltr'><strong>τε,</strong></span> <span class='ocrx_word' id='word_1_764' title='bbox 1660 5581 1737 5645; x_wconf 83' lang='grc' dir='ltr'>ὡς</span> <span class='ocrx_word' id='word_1_765' title='bbox 1773 5597 1961 5651; x_wconf 81' lang='grc' dir='ltr'>προειο</span> 
     </span>
    </p>
   </div>
   <div class='ocr_carea' id='block_1_105' title="bbox 389 5665 1963 5743">
    <p class='ocr_par' dir='ltr' id='par_1_105' title="bbox 389 5665 1963 5743">
     <span class='ocr_line' id='line_1_105' title="bbox 389 5665 1963 5743; baseline 0.005 -24"><span class='ocrx_word' id='word_1_766' title='bbox 389 5667 605 5738; x_wconf 78' lang='grc' dir='ltr'>ρὴκειν,</span> <span class='ocrx_word' id='word_1_767' title='bbox 648 5665 738 5720; x_wconf 77' lang='grc' dir='ltr'>διὰ</span> <span class='ocrx_word' id='word_1_768' title='bbox 791 5667 851 5721; x_wconf 87' lang='grc' dir='ltr'><strong>τὸ</strong></span> <span class='ocrx_word' id='word_1_769' title='bbox 886 5669 1157 5739; x_wconf 68' lang='grc' dir='ltr'>νοητικὸν,</span> <span class='ocrx_word' id='word_1_770' title='bbox 1190 5670 1284 5724; x_wconf 64' lang='grc' dir='ltr'>καὶ</span> <span class='ocrx_word' id='word_1_771' title='bbox 1324 5671 1383 5725; x_wconf 75' lang='grc' dir='ltr'>ἰν</span> <span class='ocrx_word' id='word_1_772' title='bbox 1412 5670 1491 5743; x_wconf 77' lang='grc' dir='ltr'>τῷ</span> <span class='ocrx_word' id='word_1_773' title='bbox 1523 5671 1752 5742; x_wconf 77' lang='grc' dir='ltr'>στόματι</span> <span class='ocrx_word' id='word_1_774' title='bbox 1783 5673 1873 5727; x_wconf 74' lang='grc' dir='ltr'>διὰ</span> <span class='ocrx_word' id='word_1_775' title='bbox 1906 5673 1963 5727; x_wconf 78' lang='grc' dir='ltr'>τὸ</span> 
     </span>
    </p>
   </div>
   <div class='ocr_carea' id='block_1_106' title="bbox 382 5756 1961 5835">
    <p class='ocr_par' dir='ltr' id='par_1_106' title="bbox 382 5756 1961 5835">
     <span class='ocr_line' id='line_1_106' title="bbox 382 5756 1961 5835; baseline 0.005 -23"><span class='ocrx_word' id='word_1_776' title='bbox 382 5756 620 5830; x_wconf 69' lang='grc' dir='ltr'>λογικὸν,</span> <span class='ocrx_word' id='word_1_777' title='bbox 654 5760 751 5813; x_wconf 70' lang='grc' dir='ltr'>καὶ</span> <span class='ocrx_word' id='word_1_778' title='bbox 784 5759 841 5814; x_wconf 67' lang='grc' dir='ltr'>ἒν</span> <span class='ocrx_word' id='word_1_779' title='bbox 887 5762 952 5835; x_wconf 78' lang='grc' dir='ltr'>τῇ</span> <span class='ocrx_word' id='word_1_780' title='bbox 999 5761 1199 5835; x_wconf 61' lang='grc' dir='ltr'>καρδίᾳ</span> <span class='ocrx_word' id='word_1_781' title='bbox 1238 5762 1325 5819; x_wconf 61' lang='grc' dir='ltr'>διὰ</span> <span class='ocrx_word' id='word_1_782' title='bbox 1373 5765 1431 5818; x_wconf 67' lang='grc' dir='ltr'><strong>τδ</strong></span> <span class='ocrx_word' id='word_1_783' title='bbox 1470 5764 1742 5835; x_wconf 62' lang='grc' dir='ltr'>ζωτικὸν,</span> <span class='ocrx_word' id='word_1_784' title='bbox 1793 5766 1961 5820; x_wconf 73' lang='grc' dir='ltr'>ἐπετί-</span> 
     </span>
    </p>
   </div>
   <div class='ocr_carea' id='block_1_107' title="bbox 2055 4575 3655 4651">
    <p class='ocr_par' dir='ltr' id='par_1_107' title="bbox 2055 4575 3655 4651">
     <span class='ocr_line' id='line_1_107' title="bbox 2055 4575 3655 4651; baseline -0.006 -13"><span class='ocrx_word' id='word_1_785' title='bbox 2055 4592 2109 4638; x_wconf 86' lang='grc' dir='ltr'><strong>ει</strong></span> <span class='ocrx_word' id='word_1_786' title='bbox 2136 4581 2445 4646; x_wconf 86' lang='lat' dir='ltr'><strong>victoriam,</strong></span> <span class='ocrx_word' id='word_1_787' title='bbox 2471 4582 2732 4651; x_wconf 85' lang='lat' dir='ltr'><strong>quoniam</strong></span> <span class='ocrx_word' id='word_1_788' title='bbox 2786 4583 2839 4635; x_wconf 89' lang='lat' dir='ltr'><strong>in</strong></span> <span class='ocrx_word' id='word_1_789' title='bbox 2871 4593 2944 4635; x_wconf 88' lang='lat' dir='ltr'><strong>eo</strong></span> <span class='ocrx_word' id='word_1_790' title='bbox 2979 4577 3200 4633; x_wconf 81' lang='lat' dir='ltr'><strong>dolores</strong></span> <span class='ocrx_word' id='word_1_791' title='bbox 3238 4577 3433 4633; x_wconf 89' lang='lat' dir='ltr'><strong>mortis</strong></span> <span class='ocrx_word' id='word_1_792' title='bbox 3468 4575 3655 4641; x_wconf 81' lang='lat' dir='ltr'><strong>solvit,</strong></span> 
     </span>
    </p>
   </div>
   <div class='ocr_carea' id='block_1_108' title="bbox 2053 4671 3650 4744">
    <p class='ocr_par' dir='ltr' id='par_1_108' title="bbox 2053 4671 3650 4744">
     <span class='ocr_line' id='line_1_108' title="bbox 2053 4671 3650 4744; baseline -0.004 -13"><span class='ocrx_word' id='word_1_793' title='bbox 2053 4688 2108 4732; x_wconf 91' lang='lat' dir='ltr'><strong>et</strong></span> <span class='ocrx_word' id='word_1_794' title='bbox 2126 4675 2395 4731; x_wconf 79' lang='lat' dir='ltr'><strong>destruxit</strong></span> <span class='ocrx_word' id='word_1_795' title='bbox 2417 4689 2543 4730; x_wconf 90' lang='lat' dir='ltr'><strong>eum</strong></span> <span class='ocrx_word' id='word_1_796' title='bbox 2563 4675 2654 4744; x_wconf 90' lang='lat' dir='ltr'><strong>qui</strong></span> <span class='ocrx_word' id='word_1_797' title='bbox 2682 4672 2915 4728; x_wconf 86' lang='lat' dir='ltr'><strong>habebat</strong></span> <span class='ocrx_word' id='word_1_798' title='bbox 2939 4671 3133 4728; x_wconf 89' lang='lat' dir='ltr'><strong>mortis</strong></span> <span class='ocrx_word' id='word_1_799' title='bbox 3152 4671 3468 4743; x_wconf 65' lang='lat' dir='ltr'><strong>imperium,</strong></span> <span class='ocrx_word' id='word_1_800' title='bbox 3492 4686 3650 4726; x_wconf 65' lang='lat' dir='ltr'><strong>nemo</strong></span> 
     </span>
    </p>
   </div>
   <div class='ocr_carea' id='block_1_109' title="bbox 2058 4759 3669 4841">
    <p class='ocr_par' dir='ltr' id='par_1_109' title="bbox 2058 4759 3669 4841">
     <span class='ocr_line' id='line_1_109' title="bbox 2058 4759 3669 4841; baseline -0.003 -20"><span class='ocrx_word' id='word_1_801' title='bbox 2058 4781 2125 4837; x_wconf 90' lang='lat' dir='ltr'><strong>pe</strong></span> <span class='ocrx_word' id='word_1_802' title='bbox 2179 4765 2480 4828; x_wconf 86' lang='lat' dir='ltr'><strong>diabolum,</strong></span> <span class='ocrx_word' id='word_1_803' title='bbox 2515 4772 2568 4820; x_wconf 89' lang='lat' dir='ltr'><strong>et</strong></span> <span class='ocrx_word' id='word_1_804' title='bbox 2592 4762 2938 4818; x_wconf 76' lang='lat' dir='ltr'><strong>adversarias</strong></span> <span class='ocrx_word' id='word_1_805' title='bbox 2974 4762 3334 4831; x_wconf 80' lang='lat' dir='ltr'><strong>triumphavit</strong></span> <span class='ocrx_word' id='word_1_806' title='bbox 3374 4759 3669 4841; x_wconf 55' lang='lat' dir='ltr'><strong>nequisgio.</strong></span> 
     </span>
    </p>
   </div>
   <div class='ocr_carea' id='block_1_110' title="bbox 2058 4852 3659 4926">
    <p class='ocr_par' dir='ltr' id='par_1_110' title="bbox 2058 4852 3659 4926">
     <span class='ocr_line' id='line_1_110' title="bbox 2058 4852 3659 4926; baseline -0.002 -15"><span class='ocrx_word' id='word_1_807' title='bbox 2058 4871 2177 4911; x_wconf 78' lang='lat' dir='ltr'><strong>tuas</strong></span> <span class='ocrx_word' id='word_1_808' title='bbox 2195 4854 2584 4926; x_wconf 85' lang='lat' dir='ltr'><strong>potestates.ln</strong></span> <span class='ocrx_word' id='word_1_809' title='bbox 2603 4869 2766 4909; x_wconf 88' lang='lat' dir='ltr'><strong>cruce</strong></span> <span class='ocrx_word' id='word_1_810' title='bbox 2802 4855 2967 4909; x_wconf 90' lang='lat' dir='ltr'><strong>etiam</strong></span> <span class='ocrx_word' id='word_1_811' title='bbox 2988 4868 3087 4909; x_wconf 88' lang='lat' dir='ltr'><strong>nos</strong></span> <span class='ocrx_word' id='word_1_812' title='bbox 3123 4866 3343 4921; x_wconf 87' lang='lat' dir='ltr'><strong>quoque</strong></span> <span class='ocrx_word' id='word_1_813' title='bbox 3382 4852 3659 4908; x_wconf 80' lang='lat' dir='ltr'><strong>vincimus</strong></span> 
     </span>
    </p>
   </div>
   <div class='ocr_carea' id='block_1_111' title="bbox 2060 4943 3659 5015">
    <p class='ocr_par' dir='ltr' id='par_1_111' title="bbox 2060 4943 3659 5015">
     <span class='ocr_line' id='line_1_111' title="bbox 2060 4943 3659 5015; baseline -0.001 -12"><span class='ocrx_word' id='word_1_814' title='bbox 2060 4949 2113 5003; x_wconf 92' lang='lat' dir='ltr'><strong>in</strong></span> <span class='ocrx_word' id='word_1_815' title='bbox 2132 4946 2353 5004; x_wconf 88' lang='lat' dir='ltr'><strong>Christo</strong></span> <span class='ocrx_word' id='word_1_816' title='bbox 2370 4947 2643 5002; x_wconf 80' lang='lat' dir='ltr'><strong>diabolum</strong></span> <span class='ocrx_word' id='word_1_817' title='bbox 2660 4954 2715 5001; x_wconf 88' lang='lat' dir='ltr'><strong>et</strong></span> <span class='ocrx_word' id='word_1_818' title='bbox 2731 4944 3009 5001; x_wconf 70' lang='lat' dir='ltr'><strong>daemones</strong></span> <span class='ocrx_word' id='word_1_819' title='bbox 3034 4943 3325 5015; x_wconf 75' lang='lat' dir='ltr'><strong>fugamus;</strong></span> <span class='ocrx_word' id='word_1_820' title='bbox 3347 4950 3401 4999; x_wconf 87' lang='lat' dir='ltr'><strong>et</strong></span> <span class='ocrx_word' id='word_1_821' title='bbox 3417 4959 3552 4999; x_wconf 79' lang='lat' dir='ltr'><strong>crux</strong></span> <span class='ocrx_word' id='word_1_822' title='bbox 3570 4956 3659 5001; x_wconf 76' lang='lat' dir='ltr'><strong>est</strong></span> 
     </span>
    </p>
   </div>
   <div class='ocr_carea' id='block_1_112' title="bbox 2060 5035 3657 5111">
    <p class='ocr_par' dir='ltr' id='par_1_112' title="bbox 2060 5035 3657 5111">
     <span class='ocr_line' id='line_1_112' title="bbox 2060 5035 3657 5111; baseline -0.004 -15"><span class='ocrx_word' id='word_1_823' title='bbox 2060 5039 2365 5096; x_wconf 85' lang='lat' dir='ltr'><strong>Salvatoris</strong></span> <span class='ocrx_word' id='word_1_824' title='bbox 2386 5039 2743 5111; x_wconf 74' lang='lat' dir='ltr'><strong>sigillnmque</strong></span> <span class='ocrx_word' id='word_1_825' title='bbox 2765 5052 2830 5093; x_wconf 86' lang='lat' dir='ltr'><strong>ac</strong></span> <span class='ocrx_word' id='word_1_826' title='bbox 2857 5045 3143 5108; x_wconf 75' lang='lat' dir='ltr'><strong>tropaeum.</strong></span> <span class='ocrx_word' id='word_1_827' title='bbox 3168 5035 3339 5106; x_wconf 71' lang='lat' dir='ltr'><strong>Igitur</strong></span> <span class='ocrx_word' id='word_1_828' title='bbox 3365 5044 3657 5107; x_wconf 83' lang='lat' dir='ltr'><strong>postquam</strong></span> 
     </span>
    </p>
   </div>
   <div class='ocr_carea' id='block_1_113' title="bbox 2062 5124 3663 5194">
    <p class='ocr_par' dir='ltr' id='par_1_113' title="bbox 2062 5124 3663 5194">
     <span class='ocr_line' id='line_1_113' title="bbox 2062 5124 3663 5194; baseline -0.005 -5"><span class='ocrx_word' id='word_1_829' title='bbox 2062 5132 2318 5189; x_wconf 75' lang='lat' dir='ltr'><strong>Sacerdos</strong></span> <span class='ocrx_word' id='word_1_830' title='bbox 2354 5141 2437 5186; x_wconf 85' lang='lat' dir='ltr'><strong>ter</strong></span> <span class='ocrx_word' id='word_1_831' title='bbox 2458 5132 2511 5185; x_wconf 91' lang='lat' dir='ltr'><strong>in</strong></span> <span class='ocrx_word' id='word_1_832' title='bbox 2542 5130 3001 5186; x_wconf 88' lang='lat' dir='ltr'><strong>catechumenum</strong></span> <span class='ocrx_word' id='word_1_833' title='bbox 3034 5124 3351 5194; x_wconf 74' lang='lat' dir='ltr'><strong>insufﬂavit,</strong></span> <span class='ocrx_word' id='word_1_834' title='bbox 3376 5127 3663 5183; x_wconf 86' lang='lat' dir='ltr'><strong>eumdem-</strong></span> 
     </span>
    </p>
   </div>
   <div class='ocr_carea' id='block_1_114' title="bbox 2062 5216 3665 5296">
    <p class='ocr_par' dir='ltr' id='par_1_114' title="bbox 2062 5216 3665 5296">
     <span class='ocr_line' id='line_1_114' title="bbox 2062 5216 3665 5296; baseline -0.004 -21"><span class='ocrx_word' id='word_1_835' title='bbox 2062 5240 2169 5296; x_wconf 85' lang='lat' dir='ltr'><strong>qne</strong></span> <span class='ocrx_word' id='word_1_836' title='bbox 2200 5233 2281 5278; x_wconf 91' lang='lat' dir='ltr'><strong>ter</strong></span> <span class='ocrx_word' id='word_1_837' title='bbox 2310 5223 2507 5277; x_wconf 90' lang='lat' dir='ltr'><strong>iterum</strong></span> <span class='ocrx_word' id='word_1_838' title='bbox 2540 5222 2594 5275; x_wconf 93' lang='lat' dir='ltr'><strong>in</strong></span> <span class='ocrx_word' id='word_1_839' title='bbox 2632 5236 2797 5276; x_wconf 87' lang='lat' dir='ltr'><strong>manu</strong></span> <span class='ocrx_word' id='word_1_840' title='bbox 2819 5219 2935 5273; x_wconf 86' lang='lat' dir='ltr'><strong>hoc</strong></span> <span class='ocrx_word' id='word_1_841' title='bbox 2955 5217 3137 5273; x_wconf 76' lang='lat' dir='ltr'><strong>crucis</strong></span> <span class='ocrx_word' id='word_1_842' title='bbox 3159 5216 3329 5287; x_wconf 65' lang='lat' dir='ltr'><strong>signa</strong></span> <span class='ocrx_word' id='word_1_843' title='bbox 3348 5216 3665 5285; x_wconf 72' lang='lat' dir='ltr'><strong>obsignavit</strong></span> 
     </span>
    </p>
   </div>
   <div class='ocr_carea' id='block_1_115' title="bbox 2062 5306 3667 5385">
    <p class='ocr_par' dir='ltr' id='par_1_115' title="bbox 2062 5306 3667 5385">
     <span class='ocr_line' id='line_1_115' title="bbox 2062 5306 3667 5385; baseline -0.002 -19"><span class='ocrx_word' id='word_1_844' title='bbox 2062 5324 2288 5385; x_wconf 85' lang='lat' dir='ltr'><strong>propter</strong></span> <span class='ocrx_word' id='word_1_845' title='bbox 2312 5312 2478 5367; x_wconf 81' lang='lat' dir='ltr'><strong>illud:</strong></span> <span class='ocrx_word' id='word_1_846' title='bbox 2513 5329 2531 5362; x_wconf 77' lang='grc' dir='ltr'><strong>ι</strong></span> <span class='ocrx_word' id='word_1_847' title='bbox 2580 5310 2775 5365; x_wconf 83' lang='lat' dir='ltr'><strong>Manus</strong></span> <span class='ocrx_word' id='word_1_848' title='bbox 2807 5320 2911 5364; x_wconf 78' lang='lat' dir='ltr'><strong>tua:</strong></span> <span class='ocrx_word' id='word_1_849' title='bbox 2945 5306 3194 5363; x_wconf 79' lang='lat' dir='ltr'><strong>fecerunt</strong></span> <span class='ocrx_word' id='word_1_850' title='bbox 3223 5321 3310 5362; x_wconf 86' lang='lat' dir='ltr'><strong>me</strong></span> <span class='ocrx_word' id='word_1_851' title='bbox 3344 5313 3397 5362; x_wconf 90' lang='lat' dir='ltr'><strong>et</strong></span> <span class='ocrx_word' id='word_1_852' title='bbox 3429 5306 3667 5373; x_wconf 76' lang='lat' dir='ltr'><strong>plasma-</strong></span> 
     </span>
    </p>
   </div>
   <div class='ocr_carea' id='block_1_116' title="bbox 2062 5396 3665 5467">
    <p class='ocr_par' dir='ltr' id='par_1_116' title="bbox 2062 5396 3665 5467">
     <span class='ocr_line' id='line_1_116' title="bbox 2062 5396 3665 5467; baseline -0.006 -6"><span class='ocrx_word' id='word_1_853' title='bbox 2062 5417 2259 5461; x_wconf 87' lang='lat' dir='ltr'><strong>verunt</strong></span> <span class='ocrx_word' id='word_1_854' title='bbox 2295 5420 2400 5461; x_wconf 85' lang='lat' dir='ltr'><strong>me.</strong></span> <span class='ocrx_word' id='word_1_855' title='bbox 2431 5422 2451 5456; x_wconf 73' lang='grc' dir='ltr'><strong>ι</strong></span> <span class='ocrx_word' id='word_1_856' title='bbox 2488 5405 2715 5459; x_wconf 83' lang='lat' dir='ltr'><strong>Necnon</strong></span> <span class='ocrx_word' id='word_1_857' title='bbox 2746 5404 2799 5458; x_wconf 92' lang='lat' dir='ltr'><strong>in</strong></span> <span class='ocrx_word' id='word_1_858' title='bbox 2842 5402 3041 5467; x_wconf 82' lang='lat' dir='ltr'><strong>fronte,</strong></span> <span class='ocrx_word' id='word_1_859' title='bbox 3076 5399 3222 5456; x_wconf 88' lang='lat' dir='ltr'><strong>sicut</strong></span> <span class='ocrx_word' id='word_1_860' title='bbox 3283 5414 3450 5467; x_wconf 84' lang='lat' dir='ltr'><strong>supra</strong></span> <span class='ocrx_word' id='word_1_861' title='bbox 3510 5396 3665 5453; x_wconf 74' lang='lat' dir='ltr'><strong>dixe-</strong></span> 
     </span>
    </p>
   </div>
   <div class='ocr_carea' id='block_1_117' title="bbox 2064 5483 3663 5565">
    <p class='ocr_par' dir='ltr' id='par_1_117' title="bbox 2064 5483 3663 5565">
     <span class='ocr_line' id='line_1_117' title="bbox 2064 5483 3663 5565; baseline -0.005 -15"><span class='ocrx_word' id='word_1_862' title='bbox 2064 5511 2204 5559; x_wconf 90' lang='lat' dir='ltr'><strong>ram,</strong></span> <span class='ocrx_word' id='word_1_863' title='bbox 2232 5502 2454 5565; x_wconf 85' lang='lat' dir='ltr'><strong>propter</strong></span> <span class='ocrx_word' id='word_1_864' title='bbox 2487 5483 2746 5556; x_wconf 70' lang='lat' dir='ltr'><strong>m&#39;enteni,</strong></span> <span class='ocrx_word' id='word_1_865' title='bbox 2776 5500 2831 5547; x_wconf 92' lang='lat' dir='ltr'><strong>et</strong></span> <span class='ocrx_word' id='word_1_866' title='bbox 2867 5492 2920 5545; x_wconf 91' lang='lat' dir='ltr'><strong>in</strong></span> <span class='ocrx_word' id='word_1_867' title='bbox 2948 5505 3045 5545; x_wconf 91' lang='lat' dir='ltr'><strong>ore</strong></span> <span class='ocrx_word' id='word_1_868' title='bbox 3081 5498 3307 5561; x_wconf 86' lang='lat' dir='ltr'><strong>propter</strong></span> <span class='ocrx_word' id='word_1_869' title='bbox 3330 5486 3663 5542; x_wconf 88' lang='lat' dir='ltr'><strong>locutionem</strong></span> 
     </span>
    </p>
   </div>
   <div class='ocr_carea' id='block_1_118' title="bbox 2067 5578 3664 5657">
    <p class='ocr_par' dir='ltr' id='par_1_118' title="bbox 2067 5578 3664 5657">
     <span class='ocr_line' id='line_1_118' title="bbox 2067 5578 3664 5657; baseline -0.006 -15"><span class='ocrx_word' id='word_1_870' title='bbox 2067 5598 2230 5657; x_wconf 77' lang='lat' dir='ltr'><strong>atque</strong></span> <span class='ocrx_word' id='word_1_871' title='bbox 2265 5588 2317 5641; x_wconf 90' lang='lat' dir='ltr'><strong>in</strong></span> <span class='ocrx_word' id='word_1_872' title='bbox 2354 5585 2519 5640; x_wconf 75' lang='lat' dir='ltr'><strong>corde</strong></span> <span class='ocrx_word' id='word_1_873' title='bbox 2565 5591 2788 5656; x_wconf 82' lang='lat' dir='ltr'><strong>propter</strong></span> <span class='ocrx_word' id='word_1_874' title='bbox 2821 5582 3041 5638; x_wconf 69' lang='lat' dir='ltr'><strong>vitalem</strong></span> <span class='ocrx_word' id='word_1_875' title='bbox 3080 5580 3403 5651; x_wconf 82' lang='lat' dir='ltr'><strong>potentiam,</strong></span> <span class='ocrx_word' id='word_1_876' title='bbox 3431 5578 3664 5648; x_wconf 86' lang='lat' dir='ltr'><strong>imponit</strong></span> 
     </span>
    </p>
   </div>
   <div class='ocr_carea' id='block_1_119' title="bbox 2064 5670 3663 5745">
    <p class='ocr_par' dir='ltr' id='par_1_119' title="bbox 2064 5670 3663 5745">
     <span class='ocr_line' id='line_1_119' title="bbox 2064 5670 3663 5745; baseline -0.008 -11"><span class='ocrx_word' id='word_1_877' title='bbox 2064 5678 2113 5734; x_wconf 86' lang='lat' dir='ltr'><strong>ei</strong></span> <span class='ocrx_word' id='word_1_878' title='bbox 2151 5691 2367 5731; x_wconf 75' lang='lat' dir='ltr'><strong>manum</strong></span> <span class='ocrx_word' id='word_1_879' title='bbox 2393 5683 2580 5745; x_wconf 87' lang='lat' dir='ltr'><strong>utpote</strong></span> <span class='ocrx_word' id='word_1_880' title='bbox 2608 5683 2987 5731; x_wconf 88' lang='lat' dir='ltr'><strong>consecratam</strong></span> <span class='ocrx_word' id='word_1_881' title='bbox 3019 5682 3073 5728; x_wconf 90' lang='lat' dir='ltr'><strong>et</strong></span> <span class='ocrx_word' id='word_1_882' title='bbox 3108 5674 3160 5727; x_wconf 90' lang='lat' dir='ltr'><strong>in</strong></span> <span class='ocrx_word' id='word_1_883' title='bbox 3208 5670 3663 5740; x_wconf 77' lang='lat' dir='ltr'><strong>Spirituoperan—</strong></span> 
     </span>
    </p>
   </div>
   <div class='ocr_carea' id='block_1_120' title="bbox 2069 5762 3661 5838">
    <p class='ocr_par' dir='ltr' id='par_1_120' title="bbox 2069 5762 3661 5838">
     <span class='ocr_line' id='line_1_120' title="bbox 2069 5762 3661 5838; baseline -0.002 -17"><span class='ocrx_word' id='word_1_884' title='bbox 2069 5779 2199 5838; x_wconf 78' lang='lat' dir='ltr'><strong>tein,</strong></span> <span class='ocrx_word' id='word_1_885' title='bbox 2252 5781 2549 5838; x_wconf 74' lang='lat' dir='ltr'><strong>precesque</strong></span> <span class='ocrx_word' id='word_1_886' title='bbox 2606 5779 2791 5823; x_wconf 77' lang='lat' dir='ltr'><strong>sacras</strong></span> <span class='ocrx_word' id='word_1_887' title='bbox 2847 5764 3181 5837; x_wconf 81' lang='lat' dir='ltr'><strong>pronuntiat.</strong></span> <span class='ocrx_word' id='word_1_888' title='bbox 3217 5764 3283 5817; x_wconf 76' lang='lat' dir='ltr'><strong>At</strong></span> <span class='ocrx_word' id='word_1_889' title='bbox 3339 5762 3661 5836; x_wconf 77' lang='lat' dir='ltr'><strong>priusquam</strong></span> 
     </span>
    </p>
   </div>
  </div>
