4168 6318
310 379 408 444 εει

1582 383 1680 444 ΟΕ
1719 382 2283 448 SACRAMENTIS.

3479 389 3591 456 θη

3480 443 3504 454 δ

310 497 461 551 ἐςτιν
487 498 513 548 6
550 496 760 564 μέλλων
785 495 1168 565 βαπτίζεσθαι,
1201 497 1378 568 κύψας
1418 497 1686 567 λαμῦἁνει
1714 498 1897 552 τοῦτον

2024 505 2402 572 paenitentiam
2479 518 2710 578 agente,
2775 523 2987 564 necnon
3054 509 3390 581 baptizatum
3460 521 3596 567 tunc

310 591 336 637 ὸ
366 587 651 655 ἁνὰδοχος,
713 586 944 638 ενὼπιον
996 587 1250 655 κείμενον
1301 587 1410 640 τῶν
1457 589 1628 655 ἁγίων
1689 588 1894 657 θυρῶν,

310 678 500 746 ὥσπερ
534 679 640 730 ἀπὸ
668 678 773 729 τῶν
797 679 996 746 χειρῶν
1025 679 1118 730 τοῦ
1149 680 1383 748 Χριστοῦ
1411 697 1424 711 ⁸
1458 682 1506 733 εί
1536 681 1581 733 δ’
1605 683 1661 734 ὲν
1686 681 1895 751 ἡλικία,

311 769 583 835 λαμϐάνει
616 770 706 823 τὸν
736 765 1142 838 βαπτιζόμενον
1171 771 1277 824 ἀπὸ
1309 773 1408 841 τῆς
1442 774 1646 842 χειρὸς,
1683 773 1739 824 το
1765 772 1898 825 αὐτὸ

309 859 510 926 δηλῶν,
536 862 618 913 ὅτι
654 859 762 912 ἀπὸ
789 860 885 913 τοῦ
918 861 1156 932 Χριστοῦ
1206 865 1394 916 τοῦτον
1449 863 1745 933 παρέλαϐε,
1807 863 1900 918 καὶ

312 952 592 1019 ἐγγυητὴς
614 952 838 1018 γέγονεν
876 951 1046 1005 αὐτοῦ
1077 953 1158 1015 είς
1186 953 1438 1021 Χριστὸν,
1474 953 1568 1006 καὶ
1600 970 1897 1021 πνευματι-

312 1043 403 1102 κὸς
428 1041 582 1094 ἔσται
618 1043 819 1111 πατήρ.
859 1043 1024 1096 Ὅθεν
1050 1044 1142 1098 καὶ
1177 1045 1417 1113 κρατῶν,
1450 1045 1751 1114 προσφέρει
1774 1044 1900 1098 τοῦ-

317 1152 405 1187 τον
430 1138 496 1205 τῇ
537 1138 661 1208 ἱερᾷ
692 1137 1070 1210 κολυμϐήθρα,
1102 1139 1334 1204 δεικνὺς,
1383 1139 1456 1201 ὡς
1496 1139 1758 1200 ἑκουσίως
1806 1137 1900 1191 καὶ

311 1226 370 1277 οὗ
405 1227 547 1278 κατὰ
591 1228 713 1296 βίαν
749 1233 1114 1299 προσέρχεται
1152 1229 1228 1299 τῷ
1264 1229 1602 1297 βαπτίσματι
1633 1231 1660 1281 6
1716 1228 1901 1282 τελού-

315 1335 500 1384 μενος,
521 1322 614 1373 καὶ
639 1323 727 1373 ἐπὶ
753 1323 988 1390 μάρτυσι
1019 1322 1234 1390 πρῶτον
1255 1323 1354 1391 μὲν
1381 1324 1474 1376 καὶ
1499 1323 1790 1391 ἐξαιρέτως
1822 1320 1900 1390 τῷ

313 1411 426 1479 80
457 1412 599 1480 Θεῷ,
632 1414 825 1466 ἔπειτα
857 1413 912 1465 δὲ
941 1413 1016 1481 τῷ
1048 1415 1281 1486 ίερὰρχῃ
1309 1415 1400 1467 καὶ
1425 1401 1533 1475 soi;
1556 1411 1903 1482 παρατυχοῦ-

315 1522 368 1555 σι
394 1507 628 1568 πιστοῖς,
663 1505 711 1556 οἳ
742 1505 943 1568 πάντες
973 1504 1252 1575 μάρτυρες
1271 1505 1378 1557 τῶν
1407 1505 1750 1574 τελουμένων
1772 1505 1900 1571 εἰσὶ,

316 1597 410 1646 καὶ
433 1595 584 1663 αὐτῷ
605 1595 667 1660 δὴ
701 1594 777 1663 τῷ
801 1595 1048 1665 ἁναδόχῳ
1075 1596 1150 1665 τῷ
1191 1598 1286 1649 καὶ
1318 1598 1652 1668 προσάγοντι
1689 1595 1897 1660 τοῦτον,

313 1689 410 1739 καὶ
454 1687 690 1756 μάλιστα
722 1687 783 1756 δὴ
811 1690 920 1752 τοῖς
950 1687 1114 1750 θείοις
1147 1689 1244 1743 καὶ
1293 1691 1587 1758 πανάγνοις
1621 1690 1899 1757 ἀγγέλοις,

313 1780 570 1848 ἁορὰτως
591 1781 711 1832 τότε
742 1780 999 1851 παροῦσι,
1047 1784 1143 1835 καὶ
1196 1784 1647 1852 εὖφραινομένοις
1696 1786 1759 1850 τῇ
1809 1781 1902 1834 τοῦ

316 1871 724 1942 βτπτιζομένου
743 1875 798 1925 ἐν
832 1873 1113 1943 Πνεὺματι
1147 1875 1458 1944 θεογενεσίᾳ
1492 1875 1585 1928 καλ⁸
1635 1877 1900 1944 σωτηρίᾳ,

312 1963 410 2016 καὶ
445 1963 927 2036 ἁπογραφομένοις
988 1967 1147 2018 αὐτὸν
1195 1967 1253 2019 ὲν
1315 1968 1426 2027 τοῖς
1483 1965 1754 2033 οὖρανοὶς,
1810 1965 1904 2036 καὶ

315 2056 652 2125 γνωρίμοις,
678 2056 773 2107 καὶ
801 2054 973 2124 φίλοις
1003 2055 1331 2123 γινομένοις,
1362 2057 1469 2108 ἀπό
1500 2073 1557 2108 τε
1589 2057 1690 2124 τῆς
1724 2057 1787 2109 ὲκ
1810 2053 1903 2106 τοῦ

312 2147 460 2200 εείου
491 2144 718 2217 λουτροῦ
747 2145 1089 2215 καθάρσεως,
1152 2149 1248 2202 καὶ
1309 2149 1408 2216 τῆς
1464 2147 1758 2216 σγραγῐδος
1809 2145 1904 2199 τοῦ

315 2239 516 2308 μύρου.
551 2239 643 2290 Διὸ
675 2238 766 2291 καὶ
800 2239 1100 2306 ἀναγκαῖον
1133 2240 1392 2308 παρεῖναι
1424 2239 1541 2291 τότε
1571 2238 1689 2306 μετ’
1747 2239 1905 2292 εὐλα-

311 2329 472 2392 ϐείας
499 2347 560 2383 τε
592 2331 686 2383 καὶ
723 2331 899 2399 χαρᾶς
925 2328 1177 2393 ἅπαντας
1244 2329 1430 2400 σχεδὸν
1474 2330 1602 2394 τοὺς
1655 2333 1903 2395 πιστοὺς,

312 2423 410 2474 καὶ
462 2420 743 2472 πιστεύειν
777 2420 854 2484 ὡς
907 2420 1163 2492 πάρεισιν
1216 2421 1463 2490 ἄγγελοι,
1517 2423 1566 2476 οἳ
1617 2425 1904 2492 χαίρουσιν

310 2513 411 2566 επὶ
445 2513 524 2565 ενι
559 2511 868 2582 ἁμαρτωλῷ
900 2511 1250 2582 μετανοοῦντι
1288 2529 1303 2545 ·
1335 2515 1431 2566 καὶ
1476 2513 1558 2567 ὅτι
1615 2513 1905 2584 παραδίδο-

313 2620 406 2657 ται
435 2603 560 2658 τότε
581 2606 607 2657 6
639 2603 1033 2674 βαπτιζόμενος
1068 2604 1210 2673 ἁγίῳ
1242 2604 1460 2674 ἀγγέλῳ
1491 2605 1697 2672 φύλακι
1732 2621 1746 2636 ο
1809 2607 1904 2659 καὶ

311 2689 480 2759 οὗτος.
499 2695 651 2748 ἔσται
687 2695 918 2749 πάντοτε
947 2696 1068 2764 μετ’
1101 2693 1294 2760 αὑτοῦ,
1327 2696 1394 2747 τά
1421 2695 1657 2766 φθονερά
1687 2695 1902 2750 διώκων

311 2787 589 2858 δαιμόνια,
629 2788 932 2841 καὶυπᾶσαν
982 2786 1253 2856 ἐπήρειαν
1303 2786 1396 2839 τοῦ
1441 2787 1764 2843 δολιωτὰτου
1813 2789 1902 2859 ιχ·

313 2879 469 2948 οροῦ,
505 2881 620 2946 εῐγε
653 2879 816 2949 μόνον
847 2879 874 2931 6
908 2877 1232 2948 βαπτισθεὶς
1261 2877 1505 2947 καθαρὸν
1536 2880 1771 2949 τηρήσει
1809 2883 1901 2931 πί-

313 2989 432 3024 στει
461 2972 552 3026 καὶ
583 2971 766 3041 ἔργοις
802 2970 864 3023 τὸ
891 2970 1197 3040 βάπτισμα,
1225 2972 1319 3023 καὶ
1349 2972 1427 3031 εἰς
1459 2970 1558 3040 τὴν
1618 2969 1901 3038 βασιλείαν

307 3061 570 3117 διασώσει
603 3062 791 3116 τοῦτον
825 3061 932 3115 τῶν
968 3062 1232 3131 οὐρανῶν.
1267 3061 1389 3116 Ὀτι
1419 3057 1512 3115 οῦν
1544 3064 1805 3131 μέγιστον
1834 3064 1896 3116 τὸ

2005 599 2274 653 committi
2327 610 2518 656 sancto
2565 603 2754 671 angelo
2813 603 3170 671 custodi,qui
3227 618 3442 673 semper
3486 605 3593 658 erit

2006 704 2200 744 cumeo
2255 691 2535 746 mortifera
2587 693 2881 763 proﬁigans
2939 694 3207 750 daemonia
3258 709 3587 763 omnemque

2003 781 2335 838 dolosissimi
2410 784 2619 840 inimici
2679 786 2963 850 insultum,
3008 789 3168 841 modo
3229 797 3441 844 tantum
3498 787 3593 842 ba-

2007 875 2242 943 ptizatus
2299 891 2499 946 purum
2554 879 2822 934 custodiat
2897 879 3000 933 ﬁde
3068 891 3121 934 et
3174 879 3433 946 operibus
3497 879 3594 933 ba—

2003 968 2288 1034 ptismum,
2343 985 2578 1041 eumque
2627 972 2678 1026 in
2739 987 2966 1043 regnum
3019 974 3281 1028 caelorum
3336 972 3590 1027 salvabit.

2005 1059 2176 1129 Igitur
2218 1054 2495 1131 quoniam
2528 1063 2824 1118 maximum
2875 1073 2959 1120 est
2986 1079 3123 1134 opus
3152 1064 3321 1120 divini
3373 1064 3583 1132 baptis-

2009 1155 2191 1215 matis,
2217 1151 2338 1207 ideo
2391 1153 2543 1222 prius
2570 1154 2810 1209 Ecclesia
2854 1170 2953 1224 per
2990 1154 3264 1224 pontificis
3299 1156 3354 1207 in
3387 1154 3588 1208 catho-

2007 1241 2127 1295 licis
2155 1241 2414 1298 Ecclesiis
2460 1245 2777 1298 conferebat
2803 1245 3137 1313 baptismum
3172 1242 3570 1298 accedentibus

2005 1337 2132 1390 etin
2176 1345 2420 1405 tempore
2469 1353 2580 1406 quo
2615 1339 2666 1391 in
2703 1339 2890 1393 divmo
2940 1338 3216 1392 sacriﬁcio
3259 1336 3587 1407 psallimus:

2012 1446 2030 1480 ι
2064 1428 2406 1496 Quicumque
2467 1429 2520 1482 in
2554 1429 2776 1484 Christo
2801 1430 3057 1498 baptizatl
3094 1430 3248 1494 estis,
3293 1448 3310 1480 ι
3343 1435 3397 1482 et
3450 1441 3590 1495 prte-

2006 1521 2167 1590 cipue
2196 1525 2248 1575 in
2275 1537 2476 1592 magno
2498 1523 2742 1578 Sabbato
2773 1533 2897 1578 ante
2956 1523 3201 1577 divinum
3231 1520 3588 1585 sacriﬁcium,

2014 1616 2264 1683 pluribus
2288 1616 2443 1672 lectis
2471 1633 2499 1671 e
2527 1614 2728 1670 divinis
2753 1616 3032 1684 prophetis
3060 1614 3423 1680 lectionibus;
3456 1627 3593 1681 quo-

2008 1709 2152 1761 niam
2178 1707 2486 1776 baptismus
2521 1708 2901 1763 sanctissimus
2926 1706 3265 1776 regeneratio
3293 1714 3398 1770 est,
3427 1716 3481 1759 et
3509 1719 3594 1758 re-

2010 1799 2252 1861 novatio,
2313 1809 2365 1853 et
2428 1799 2701 1869 purgatio,
2746 1808 2799 1853 et
2849 1798 3198 1863 illuminatio,
3260 1806 3315 1851 et
3357 1796 3592 1851 ﬁliorttm

2009 1891 2255 1957 adoptio,
2279 1900 2332 1946 et
2364 1893 2559 1958 gratia,
2602 1903 2656 1946 et
2688 1891 3048 1946 sanctiﬁcatio
3086 1901 3139 1947 et
3183 1899 3440 1946 sexcenta
3485 1887 3592 1942 alia

2009 1999 2130 2054 qu:e
2163 1983 2420 2039 dixerunt
2454 1981 2663 2040 Patres.
2698 1982 2880 2039 Refert
2936 1993 3119 2038 autem
3150 1983 3420 2051 inprimis
3443 1994 3594 2048 mor-

2009 2088 2115 2132 tem
2171 2077 2374 2132 Christi
2410 2085 2463 2131 et
2517 2077 2978 2130 resurreCtionem
3015 2077 3176 2130 tertia
3207 2076 3292 2130 die
3359 2074 3588 2136 factam,

2007 2169 2152 2237 quod
2185 2168 2562 2238 tempusiillud
2588 2168 2806 2234 proprie
2826 2169 3087 2232 declarat,
3119 2169 3322 2238 quippe
3349 2184 3376 2222 a
3406 2178 3590 2224 morte

2007 2264 2211 2319 Christi
2232 2264 2467 2332 ejusque
2500 2263 2755 2318 triduana
2782 2261 3061 2328 sepultura
3086 2270 3142 2317 et
3173 2262 3592 2318 resurrectione

2006 2355 2472 2409 immortalitatem
2497 2362 2552 2409 et
2575 2349 3047 2423 incorruptionem
3069 2352 3404 2421 accepimus.
3438 2353 3591 2408 futu-

2006 2461 2236 2513 tamque
2262 2444 2408 2498 illam
2453 2452 2838 2514 exspectamus
2867 2441 3328 2499 resurrectionem
3387 2449 3444 2497 et
3496 2456 3590 2498 re-

2008 2537 2357 2590 novationem
2439 2546 2814 2603 aeternamque
2879 2535 3046 2589 vitam
3107 2532 3266 2603 cujus
3328 2532 3593 2603 primitias

2005 2628 2183 2683 factus
2217 2636 2296 2683 est
2328 2627 2582 2683 Christus
2633 2627 2728 2697 qui
2771 2642 2937 2695 quum
2988 2625 3141 2682 solus
3196 2626 3268 2681 sit
3299 2627 3419 2681 sine
3456 2640 3590 2696 pec-

2003 2727 2127 2774 cato
2154 2734 2349 2790 passus
2379 2735 2476 2789 pro
2505 2719 2666 2774 nobis
2703 2719 3108 2789 peccatoribus,
3136 2717 3261 2772 licet
3288 2717 3428 2772 mori
3464 2731 3577 2772 non

2002 2812 2226 2868 deberet
2249 2821 2437 2882 utpote
2465 2811 2691 2867 omnino
2723 2810 2934 2879 peccati
2960 2811 3248 2873 immunis,
3275 2824 3378 2879 pro
3429 2809 3588 2865 nobis

2003 2913 2254 2960 mortuus
2285 2913 2390 2959 est.
2442 2902 2578 2958 Nam
2629 2912 2916 2972 peccatum
2965 2911 3048 2958 est
3100 2901 3294 2957 mortis
3324 2901 3575 2964 aculeus,

2001 2996 2467 3053 utdicuntlsaias
2501 2980 2554 3052 et
2609 2996 2833 3062 Paulus,
2886 3011 2983 3051 seu
3019 2994 3377 3066 principium,
3433 2993 3586 3049 radix

2002 3100 2165 3158 atque
2200 3097 2414 3144 auctor.
2442 3089 2563 3160 Ipse
2585 3103 2716 3144 vero
2746 3088 2996 3145 Christus
3027 3090 3129 3142 etsi
3161 3096 3445 3157 peccatum
3481 3101 3587 3140 non

307 3155 473 3224 ἔργον
497 3154 588 3206 τοῦ
631 3153 905 3207 θειοτάτου
947 3153 1342 3223 βαπτίσματος,
1374 3155 1458 3207 διὰ
1488 3153 1646 3207 τοῦτο
1696 3156 1894 3224 πρότε-

2008 3183 2247 3249 fecisset,
2288 3197 2460 3251 neque
2504 3181 2727 3236 deberet
2761 3181 2924 3245 mori,
2975 3194 3074 3248 pro
3130 3176 3286 3233 nobis
3337 3185 3588 3232 mortuus

310 3262 408 3313 ρον
439 3245 531 3298 καὶ
559 3245 590 3314 ἡ
639 3243 935 3315 Ἐκκλησία
967 3245 1054 3298 διὰ
1085 3244 1191 3297 τῶν
1219 3246 1523 3315 ἀρχιερέων
1569 3247 1627 3298 ὲν
1654 3248 1770 3308 ταῖς
1799 3265 1896 3300 κα-

306 3338 555 3400 θολικαϊς
577 3338 897 3406 ἐκκλησίαις
938 3338 1174 3390 ἐποιεῖτο
1190 3338 1258 3392 τὰ
1287 3339 1393 3391 τῶν
1425 3343 1892 3408 προσερχομένων

309 3428 694 3498 βαπτίσματα,
729 3432 823 3482 καὶ
857 3428 980 3482 καθ’
1011 3430 1072 3483 ὃν
1112 3431 1304 3501 καιρδν
1339 3433 1396 3484 ἐν
1427 3433 1546 3493 ταῖς
1580 3433 1798 3502 ἑορταῖς
1827 3433 1892 3501 τῇ

306 3523 429 3594 θείᾳ
464 3522 800 3592 λειτουργίᾳ,
833 3522 911 3585 τὸ,
949 3541 966 3573 ι
990 3521 1148 3576 Ὅσοι
1174 3525 1254 3584 εις
1292 3524 1528 3592 Χριστὸν
1559 3522 1895 3592 ἐϐαπτίσθη-

308 3606 388 3677 τε,
423 3633 440 3664 ι
478 3614 778 3683 ψὰλλομεν,
808 3614 900 3664 καὶ
952 3615 1191 3694 μάλιστα
1219 3614 1282 3683 δὴ
1311 3613 1386 3682 τῷ
1423 3613 1644 3682 μεγάλῳ
1681 3613 1893 3669 2:666-

308 3723 389 3776 τῳ
414 3707 524 3778 πρὸ
551 3705 651 3773 τῆς
686 3706 836 3770 θείας
871 3707 1206 3778 ἱερουργίας,
1247 3707 1351 3758 τῶν
1385 3706 1597 3759 πολλῶν
1626 3708 1892 3775 ἀναγινωο

308 3799 595 3866 σκομένων
631 3800 1078 3866 ἀναγνωσμάτων
1109 3798 1217 3852 ἀπὸ
1241 3798 1348 3850 τῶν
1380 3800 1539 3852 θείων
1569 3799 1891 3868 προφητῶν.

319 3886 540 3958 Ἐπειδὴ
584 3888 644 3940 τὸ
695 3886 991 3957 ἱερώτατον
1048 3887 1335 3957 βάπτισμα
1390 3889 1484 3941 καὶ
1537 3890 1893 3961 ἁναγέννησίς

307 3982 450 4046 ἐστι,
479 3982 578 4034 καὶ
605 3982 927 4044 ἁνὰπλασις,
957 3981 1226 4052 καθαραῖς
1254 3999 1311 4034 τε
1347 3984 1443 4034 καὶ
1473 3983 1755 4051 φωτισμδς
1799 3985 1894 4035 καὶ

309 4071 572 4136 υἱοθεσία,
600 4073 694 4126 καὶ
729 4074 978 4144 χάρισμα
1005 4075 1096 4126 καὶ
1130 4072 1426 4143 ἁγιασμὸς,
1458 4077 1551 4129 καὶ
1589 4073 1759 4142 μυρία
1793 4075 1893 4127 ὅσα

312 4171 482 4233 φασιν
518 4170 565 4220 cl
598 4168 866 4236 Πατέρες.
907 4167 1082 4220 Tum!
1116 4167 1170 4222 δὲ
1194 4167 1490 4238 ἐξαιρέτως
1530 4167 1620 4220 τὸν
1665 4168 1894 4221 θάνατον

308 4261 405 4314 τοῦ
441 4259 703 4330 Χριστοῦ,
739 4259 833 4314 καὶ
862 4257 961 4330 τὴν
988 4259 1292 4329 τριήμερον
1317 4259 1553 4329 ἔγερσιν.
1609 4260 1673 4312 Ὃ
1703 4259 1766 4328 δὴ
1800 4261 1892 4312 καὶ

308 4355 337 4406 6
367 4353 559 4422 xatp‘x
603 4353 806 4414 ἐκεῖνος
856 4351 1240 4420 καθαρώτερον
1281 4353 1541 4422 παριστᾷ.
1608 4350 1738 4405 Ἀπὸ
1785 4352 1893 4422 γὰρ

307 4445 405 4499 τοῦ
448 4443 678 4498 θανάτου
700 4441 794 4495 τοῦ
821 4442 1055 4512 Χριστοῦ
1099 4445 1194 4496 καὶ
1225 4440 1325 4511 τῆς
1352 4427 1654 4512 τριημέρου
1712 4441 1893 4510 ταφῆς

1999 3284 2103 3338 est,
2157 3284 2230 3340 et,
2283 3283 2464 3329 morte
2514 3273 2724 3328 devicta
2791 3271 3130 3335 resurrexit,
3191 3272 3588 3339 passionesque

1998 3373 2214 3420 nostras
2252 3372 2304 3418 et
2339 3363 2747 3418 damnationem
2782 3361 2941 3418 solvit
2969 3361 3225 3432 patiendo
3270 3360 3363 3430 qui
3398 3375 3495 3430 per
3523 3375 3586 3416 se

1997 3466 2114 3509 erat
2169 3455 2522 3524 impassibilis
2551 3469 2567 3521 ;
2609 3453 2784 3510 factus
2830 3469 3049 3524 quoque
3083 3455 3190 3508 dux
3223 3455 3349 3508 vitae
3381 3462 3585 3508 nostrae

1999 3547 2054 3600 in
2086 3547 2256 3602 caelos
2282 3559 2595 3616 assumptus
2647 3555 2752 3610 est,
2781 3555 2832 3600 et
2871 3561 2969 3602 nos
3009 3548 3103 3617 qui
3143 3547 3298 3602 illum
3335 3548 3392 3600 in
3445 3547 3583 3614 bap-

1997 3641 2162 3695 tismo
2187 3639 2467 3694 induimus
2510 3655 2540 3694 a
2577 3639 2718 3694 cmlo
2751 3656 2872 3695 eum
2906 3652 3327 3710 exspectamus,
3359 3640 3584 3712 quando

1997 3744 2097 3782 nus
2122 3729 2469 3784 resuscitabit
2501 3740 2557 3784 et
2586 3729 3158 3799 incorruptibilitatem
3194 3746 3424 3799 prorsus
3479 3731 3583 3786 tri-

1999 3819 2123 3872 buet
2151 3819 2308 3888 cujus
2339 3820 2531 3874 arrhas
2576 3821 2739 3875 modo
2769 3835 2861 3890 per
2894 3820 3228 3890 baptismum
3287 3823 3460 3877 dedit.
3496 3821 3587 3878 Si.

1998 3912 2199 3965 utiliter
2232 3921 2285 3966 et
2323 3911 2375 3964 in
2418 3910 2566 3965 omni
2599 3920 2846 3981 tempore
2879 3913 3253 3967 necrssarium
3286 3923 3372 3968 est
3401 3913 3584 3981 bapti-

1997 4018 2145 4067 zare,
2184 4017 2252 4057 ne
2281 4003 2409 4073 quid
2471 4003 2804 4059 incommodi
2842 4003 3074 4058 fortasse
3129 4005 3345 4060 accidat
3394 4014 3450 4060 et
3479 4005 3581 4060 ali-

1995 4096 2121 4163 quis
2147 4110 2252 4150 non
2275 4095 2656 4150 sanctiﬁcatus
2677 4095 2925 4161 decedat,
2947 4096 3000 4150 id
3024 4105 3109 4150 est
3134 4099 3253 4151 sine
3280 4097 3578 4164 baptismo,

1994 4196 2050 4242 et
2085 4187 2276 4256 ingens
2305 4185 2430 4242 inde
2459 4187 2564 4242 erit
2604 4187 2900 4252 damnum;
2944 4189 3038 4256 qui
3075 4189 3218 4241 enim
3251 4204 3357 4242 non
3409 4191 3588 4257 bapti-

1996 4289 2151 4334 zatus
2188 4278 2373 4342 fuerit.
2406 4295 2513 4335 non
2559 4279 2744 4335 salvus
2776 4279 2900 4335 erit.
2936 4277 3163 4350 Oportet
3183 4289 3386 4343 autem,
3413 4295 3587 4347 quan-

1995 4381 2110 4424 tum
2153 4369 2267 4424 ﬁeri
2299 4379 2497 4439 potest,
2530 4370 2828 4439 baptismos
2868 4385 2991 4425 cum
3023 4370 3369 4426 solemnitate
3407 4381 3460 4426 et
3487 4384 3559 4439 po

1998 4465 2189 4514 testate
2212 4458 2474 4526 conferri,
2497 4459 2944 4530 sacerdotemque
2965 4475 3085 4516 esse
3100 4460 3410 4530 diligentem
3428 4471 3477 4518 et
3498 4476 3597 4517 so-

310 4537 404 4591 καὶ
429 4535 526 4607 τῆς
554 4536 906 4597 ἀναστάσεως
959 4533 1057 4604 τὴν
1104 4533 1542 4588 ἀθανασίαν-καὶ
1582 4533 1895 4604 ἀφθαρσίαν

2003 4551 2203 4616 brium,
2235 4567 2361 4606 nam
2387 4552 2684 4607 maximum
2709 4549 2802 4606 Dei
2822 4566 2960 4622 opus
2980 4561 3256 4622 Operatur,
3282 4568 3474 4622 nempe
3491 4553 3593 4606 ho-

309 4626 605 4695 ἐλάϐομεν,
632 4625 730 4680 καὶ
787 4626 888 4695 τὴν
949 4624 1252 4695 μέλλουσαν
1319 4626 1540 4694 ὲκείνην
1608 4625 1900 4695 ἐλπίζομεν

311 4719 611 4773 ἀνάστασιν
649 4734 707 4770 τε
737 4720 831 4772 καὶ
857 4717 1229 4781 ἁνακαίνισιν,
1267 4717 1365 4770 καὶ
1411 4715 1557 4788 ζωὴν
1609 4717 1710 4785 τὴν
1764 4716 1898 4771 αἰώ-

311 4830 447 4876 νιον,
477 4807 556 4891 ἧς.
572 4811 761 4880 γέγονε
786 4812 1018 4882 Χριστος
1042 4811 1291 4882 ἀπαρχὴ,
1323 4812 1378 4866 6'
1407 4811 1567 4882 μόνος
1628 4811 1706 4865 ὢν
1767 4811 1902 4866 ἁνα-

314 4905 614 4975 μὰρτητος,
654 4903 842 4958 παθὼν
869 4903 1009 4974 ὑπὲρ
1041 4904 1198 4973 ἡμῶν
1247 4903 1354 4955 τῶν
1399 4903 1768 4974 ἁμαρτωλῶν,
1806 4905 1900 4958 καὶ

311 4999 339 5049 ὁ
370 4996 446 5068 μὴ
476 4997 708 5064 ὀφείλων
740 4997 1055 5056 ἀποθανεῖν,
1090 4994 1165 5056 ὡς
1219 4995 1300 5066 μὴ
1345 4996 1676 5066 ἁμαρτήσας
1736 4995 1895 5064 ὅλως,

314 5087 455 5158 ὑπὲρ
485 5087 643 5158 ἡμῶν
669 5086 978 5141 ἀποθανών.
1030 5087 1094 5141 Ἡ
1124 5090 1233 5157 γὰρ
1264 5089 1511 5159 ἁμαρτία
1543 5086 1638 5141 τοῦ
1667 5087 1897 5142 θανάτου

315 5181 430 5234 ἐστὶ
452 5179 514 5234 τὸ
541 5180 788 5250 κέντρον,
824 5179 899 5242 ὡς
944 5181 1172 5243 Ἢςατας
1203 5181 1300 5235 καὶ
1364 5181 1577 5242 Παῦλος
1619 5182 1894 5250 λέγουσιν,

311 5270 655 5342 ἦτοιήάρχὴ
705 5271 801 5325 καὶ
861 5271 986 5342 ῥίζα
1041 5275 1135 5325 καὶ
1200 5273 1478 5343 πρόξενος.
1533 5273 1708 5336 Αὐτὸς
1763 5275 1820 5327 δὲ
1871 5276 1898 5327 6

312 5359 549 5431 Χριστὸς
578 5363 652 5432 μὴ
683 5363 1001 5432 πεποιηκὼς
1053 5366 1350 5434 ἁμαρτίαν,
1404 5365 1498 5416 καὶ
1549 5363 1622 5434 μὴ
1666 5365 1899 5432 ὀφείλων

316 5451 636 5512 ἀποθανεῖν,
659 5452 897 5505 ἀπέθανε
926 5453 994 5504 δι’
1023 5455 1169 5523 ἡμᾶς
1205 5471 1218 5484 ·
1253 5456 1348 5506 καὶ
1387 5455 1472 5508 διὰ
1502 5455 1660 5509 τοῦτο
1693 5472 1898 5525 καταρ-

315 5545 493 5608 γήσας
521 5543 612 5594 τὸν
652 5541 900 5607 θάνατον,
945 5546 1330 5616 ἑξεγήγερται,
1396 5547 1490 5600 καὶ
1538 5548 1602 5598 τὰ
1651 5548 1897 5617 ἡμέτερα

316 5631 461 5701 πάθη
485 5633 582 5685 καὶ
611 5633 707 5696 τὴν
741 5637 1064 5706 κατὰκρισιν
1114 5638 1290 5704 ἔλυσε,
1351 5637 1540 5692 παθὼν
1593 5641 1620 5691 6
1677 5641 1896 5709 ἀπαθὴς

312 5722 378 5776 δι’
411 5722 605 5778 ἑαυτοῦ
634 5741 649 5756 ο
681 5729 971 5797 γενόμενός
1001 5748 1057 5784 τε
1104 5734 1344 5803 ἀρχηγὸς
1376 5736 1473 5804 τῆς
1518 5738 1664 5806 ζωῆς
1711 5737 1893 5803 ἡμῶν,

312 5815 388 5878 εἰς
423 5815 545 5878 τοὺς
601 5817 863 5888 οὖρανοῦς
932 5822 1229 5896 ἀνελήφθη.
1278 5826 1386 5882 Καὶ
1443 5830 1492 5880 οξ
1558 5829 1894 5898 svia-Supini

2005 4644 2170 4699 minis
2189 4644 2662 4700 instaurationem.
2693 4643 2797 4699 Sed
2819 4645 2886 4700 ad
2905 4646 3244 4716 propositum
3274 4645 3590 4704 redeamus.

2005 4734 2290 4792 Praeeunte
2323 4735 2602 4807 pontiﬁce,
2621 4735 2841 4790 adducit
2878 4735 3212 4805 baptizatum
3249 4750 3486 4807 sponsor
3525 4737 3592 4790 ad

2003 4843 2215 4884 sacram
2247 4825 2538 4898 piscinam,
2581 4842 2722 4896 praes
2746 4826 2979 4882 libenter
3002 4827 3372 4883 accedentem.
3399 4827 3595 4888 Adstat

2003 4918 2250 4990 pontifex
2278 4918 2560 4975 Christum
2587 4922 2763 4989 ipsum
2796 4918 3061 4991 referens,
3097 4919 3218 4988 ejus
3255 4919 3462 4975 habens
3496 4934 3594 4989 po-

2003 5019 2280 5074 testatem,
2312 5018 2366 5065 et
2400 5010 2640 5081 repletur
2678 5011 2886 5080 piscina
2920 5025 3061 5081 aqua
3091 5009 3384 5066 Jordanem
3416 5010 3596 5079 expri-

2003 5117 2182 5156 meus.
2220 5101 2616 5156 Accenduntur
2636 5103 2798 5157 etiam
2829 5101 3036 5156 lumina
3064 5101 3264 5170 quibus
3283 5102 3593 5157 ostenditur

2005 5194 2246 5263 Spiritus
2280 5195 2634 5260 illuminatio,
2675 5207 2724 5251 et
2755 5195 2846 5266 qui
2867 5211 2895 5249 ε
2934 5195 3242 5266 baptizatus
3262 5211 3326 5250 ex
3351 5190 3594 5252 tenebris

2006 5287 2243 5342 venitad
2278 5288 2452 5344 lucem
2488 5301 2543 5344 et
2572 5289 2685 5360 jam
2719 5287 2779 5344 ﬁt
2813 5288 2958 5344 ﬁlius
2989 5288 3148 5344 lucis.
3181 5288 3404 5343 Circum
3454 5289 3593 5344 alta-

2003 5394 2062 5434 t-e
2087 5382 2211 5434 tlms
2241 5373 2484 5434 incendit
2517 5379 2787 5447 pontifex,
2811 5380 3014 5435 bonum
3044 5379 3272 5435 odorem
3306 5388 3361 5434 et
3387 5380 3593 5434 sancti-

2005 5468 2314 5522 licatiouem
2377 5467 2613 5536 Spiritus
2677 5459 3014 5540 signiﬁcans.
3077 5469 3169 5538 qui
3233 5484 3451 5525 onmem
3493 5469 3595 5525 luit

2004 5571 2349 5632 peccatorum
2377 5562 2649 5627 faetorem,
2673 5572 2899 5618 sanctus
2930 5563 3074 5620 enim
3095 5563 3353 5634 Spiritus.
3391 5560 3594 5616 Deinde

2022 5655 2068 5706 ικ
2090 5653 2368 5708 ncdicitet
2390 5653 2630 5708 celebrat
2670 5653 2908 5723 pontifex
2945 5669 3166 5724 regnum
3232 5663 3435 5708 sancta:
3474 5652 3593 5706 Tri-

2002 5745 2189 5800 nitatis
2223 5745 2386 5800 unius
2426 5743 2538 5812 Dci,
2574 5760 2698 5798 nam
2729 5746 2843 5813 ipsa
2912 5755 3103 5814 regnat
3150 5745 3285 5812 sola,
3337 5754 3391 5799 et
3440 5757 3593 5799 nunc

2002 5837 2248 5906 rrguavit
2281 5853 2308 5892 a
2341 5837 2578 5905 maligno
2637 5836 2875 5908 eripiens
2913 5837 3115 5893 mundo
3172 5847 3586 5908 regeneratum.
