4168 6318
607 326 719 396 ξθθ

1424 321 1569 384 ετιι
1582 307 1817 384 ΕΟΝῘΒ
1851 307 2607 381 TBESSALONiCENSIS
2659 304 3012 370 ARCIHEP.

3756 288 3868 352 τω

608 446 736 500 talis
764 456 861 514 pro
883 440 1039 502 nobis
1068 449 1171 495 est
1226 452 1357 494 caro
1411 436 1608 504 factus,
1643 434 1895 506 servique
1942 410 2175 487 formam
2205 470 2213 510 ς

2302 427 2542 501 ιαμίνου,
2584 427 2678 481 καὶ
2707 423 2925 496 θνητοῦ,
2962 420 3061 476 καὶ
3116 417 3259 471 κατὰ
3285 412 3356 468 τὰ
3392 409 3679 514 πείσματα
3700 419 3870 514 γεῖθι-

606 543 662 592 et
684 532 932 590 mortalis
962 533 1207 597 indutus,
1228 539 1283 587 et
1316 529 1615 586 secundum
1636 536 1917 583 creaturas
1946 522 2175 580 eﬂcctns

606 638 769 696 atque
796 638 923 679 vere
955 625 1118 680 homo
1171 623 1600 685 demonstratus,
1654 628 1709 675 et
1739 631 1837 691 pro
1871 615 2026 672 nobis
2074 614 2177 669 im-

607 716 857 771 molatus.
888 713 1041 771 Unde
1073 713 1303 771 stultitia
1338 712 1559 783 quidem
1604 718 1726 767 erat
1766 717 2014 765 nostrum
2055 714 2177 761 ten-

606 816 809 872 tamen,
846 823 957 878 quo
1014 808 1329 863 volebamus
1377 805 1517 860 ﬂeri'
1548 804 1683 859 deos
1738 810 1792 858 et
1848 796 2176 871 transgredi,

608 901 872 971 siquidem
932 899 1267 966 impossibile
1292 906 1377 953 est
1411 912 1511 952 nos
1541 895 1631 969 qui
1658 902 1925 952 creatura
1963 892 2179 958 sumus,

607 992 735 1046 deos
812 989 951 1045 ﬁcri.
975 988 1311 1045 (Economia
1347 1001 1495 1044 vero
1539 986 1631 1043 Dei
1674 984 1859 1051 Verbi,
1921 995 2178 1053 tanquam

608 1083 781 1142 solius
820 1082 1235 1154 omnipotentis,
1272 1096 1398 1137 vera
1426 1080 1525 1135 fuit
1568 1087 1622 1134 et
1652 1079 1822 1145 bona,
1851 1088 2178 1148 propterque

610 1182 855 1229 nostram
888 1176 1140 1229 salutem.
1178 1170 1331 1228 Unde
1355 1173 1512 1227 nobis
1548 1185 1761 1227 summe
1824 1169 2039 1223 unitum
2072 1175 2177 1233 est,

610 1267 753 1335 quod
789 1280 955 1334 supra
993 1281 1094 1319 nos
1131 1273 1271 1330 erat,
1299 1272 1354 1319 et
1380 1277 1544 1318 carne
1576 1276 1675 1331 pro
1707 1259 1886 1315 nobis
1909 1266 2181 1313 mortuum

612 1369 718 1425 est,
748 1359 892 1428 quod
926 1368 1043 1413 erat
1090 1342 1362 1412 summum
1395 1356 1658 1413 bonitatis
1695 1372 1712 1423 ;
1749 1362 1804 1410 et
1862 1352 2186 1409 immortali-

616 1460 779 1505 tatem
813 1466 874 1505 ac
905 1449 1131 1505 Deitatis
1171 1450 1398 1520 gloriam
1430 1466 1526 1520 per
1561 1464 1714 1503 suam
1758 1459 1985 1501 mortem
2026 1444 2185 1499 nobis

613 1542 885 1611 praestitit.
950 1541 1222 1597 Videtisne
1261 1553 1524 1611 quantum
1583 1540 1946 1612 mysterium?
1979 1538 2181 1593 Deinde

615 1633 675 1689 iit
707 1634 849 1688 sacri
877 1632 1067 1689 l‘ractio
1101 1634 1292 1703 panis:
1323 1644 1543 1705 propter
1574 1649 1673 1689 nos
1705 1633 1852 1687 enim
1888 1631 1946 1686 iit
1986 1630 2183 1685 tractio

616 1726 735 1796 ejus
770 1725 863 1795 qui
889 1726 1159 1796 infragilis
1184 1736 1289 1792 est,
1342 1735 1402 1779 nt
1430 1741 1624 1781 omnes
1653 1724 1827 1796 ipsius
1862 1724 2036 1779 simus
2066 1736 2189 1791 par-

2282 496 2457 587 νότος,
2480 520 2575 574 καὶ
2604 515 2824 587 ἀληθῶς
2856 512 3154 585 ἀνθρώπου
3195 498 3562 575 δεδειγμένου,
3592 499 3689 554 καὶ
3712 496 3867 587 τεθυ-

2287 585 2451 685 μένον
2501 610 2641 679 ὑπερ
2681 585 2861 679 ἧμῶνζ
2917 604 3084 659 Ὅθεν
3148 598 3432 672 ἀφροσύνη
3469 596 3565 667 μὶν
3606 593 3640 662 ἡ
3710 585 3870 660 ἡμῶν

2285 684 2623 776 ιγχείρησις,
2664 703 2731 756 τὸ
2757 699 3085 771 βουληθῆναι
3123 694 3386 764 γενέσθαι
3421 689 3582 751 θεοὺς
3615 684 3712 739 καὶ
3760 698 3872 776 πα-

2289 801 2556 874 ραδῆναν
2598 798 2679 851 ὅτι
2727 796 2822 850 καὶ
2875 792 3143 847 ἀδύνατον
3196 785 3451 859 γενέσθαι
3517 775 3871 874 θείους-ημᾶς

2286 869 2564 964 κτίσματι
2616 888 2799 951 ὄντας.
2844 884 2908 938 Ἦ
2948 880 3235 952 οἰκονομία
3270 880 3325 934 δὲ
3375 876 3469 931 τοῦ
3502 871 3637 928 Θεοῦ
3671 869 3867 964 ᾼόγου,

2287 986 2362 1048 ὡς
2398 958 2808 1049 παντοδυνάμου
2847 976 3037 1047 μόνου.
3074 964 3280 1043 ἀληθής
3320 988 3378 1025 τε
3413 969 3508 1023 καὶ
3548 963 3747 1035 ἀγαθὴ,
3776 958 3873 1013 καὶ

2288 1073 2429 1141 ὑπὲρ
2461 1070 2558 1140 τῆς
2589 1069 2745 1141 ἡμῶν
2783 1063 3079 1136 σωτηρίας.
3138 1061 3301 1117 Ὅθεν
3332 1061 3428 1114 καὶ
3453 1054 3638 1127 ήνὼθη
3680 1052 3869 1118 ἄκρως

2289 1140 2439 1235 ἡμῖν,
2472 1140 2619 1232 ὅπερ
2659 1161 2799 1229 ὑπὲρ
2852 1158 3004 1229 ἡμᾶς
3042 1152 3143 1225 ἦν·
3190 1154 3285 1206 καὶ
3344 1149 3584 1204 ἀπέθανε
3611 1145 3679 1199 δι’
3718 1140 3870 1235 ἡμας

2291 1232 2476 1323 σαρκὶ,
2516 1253 2650 1321 ὅπερ
2682 1246 2752 1321 ἦν
2802 1248 2865 1301 τδ
2890 1247 3059 1321 ἄκρον
3108 1245 3207 1314 τῆς
3240 1240 3613 1311 ἀγαθότητος·
3645 1236 3740 1288 καὶ
3772 1232 3873 1301 τὴν

2292 1342 2591 1397 ἀθανασίαν
2620 1340 2717 1392 καὶ⁵
2745 1339 2847 1408 τὴν
2873 1338 2971 1407 τῆς
2998 1336 3263 1406 Θεότητος
3288 1333 3444 1399 δόξαν
3469 1330 3561 1383 διὰ
3580 1327 3674 1381 τοῦ
3710 1323 3875 1379 θανά-

2291 1453 2384 1488 του
2416 1432 2582 1488 αὖτοῦ
2623 1434 2755 1504 ἡμῖν
2816 1432 3174 1503 ἐχορήγησεν.
3215 1427 3415 1497 Ὁρᾶτε
3472 1424 3532 1477 τὸ
3568 1419 3871 1496 μυστήριον

2293 1530 2453 1595 ὄσον;
2510 1522 2697 1582 Εἷταὸ
2756 1525 3021 1597 μελισμὸς
3063 1521 3161 1575 τοῦ
3220 1518 3371 1589 ίεροῦ
3431 1518 3601 1586 ἄρτου
3636 1513 3869 1582 γίνεται.

2310 1620 2479 1690 ’Υπὲρ
2513 1619 2667 1691 ἡμῶν
2686 1619 2794 1688 γὰρ
2820 1617 3107 1689 μερίζεται
3134 1617 3162 1667 6
3192 1611 3510 1682 ἀμέριστος,
3545 1609 3631 1661 ῖνα
3670 1604 3878 1663 πάντες

2297 1711 2460 1765 αὐτοῦ
2497 1711 2812 1782 μετέχωμεν
2836 1726 2849 1740 ο
2889 1709 2985 1762 καὶ
3002 1704 3307 1774 ἀδιαίρετος
3336 1700 3432 1763 ὣν,
3460 1698 3526 1752 δι’
3556 1695 3705 1766 ἡμᾶς
3735 1692 3877 1782 διαι-

620 1778 813 1887 tieipe;
842 1834 858 1885 ;
884 1827 939 1871 et
967 1778 1062 1887 qui
1092 1817 1438 1871 indivisibilis
1460 1827 1564 1882 est,
1598 1778 1693 1885 pro
1720 1796 1878 1870 nobis
1900 1813 2193 1879 dividitur,

2302 1778 2660 1876 ρεῖταιίένῶν
2685 1778 2829 1872 ἡμᾶς
2858 1798 3057 1867 ἐαυτῷ,
3102 1799 3199 1850 δια)⁹
3227 1793 3284 1846 ἓν
3315 1791 3512 1853 ποιῶν,
3541 1786 3733 1851 ὥσπερ
3764 1778 3870 1849 ηὕ-

622 1908 725 1965 sibi
760 1925 859 1964 nos
892 1911 1103 1975 unicus,
1133 1920 1207 1976 et,
1234 1911 1372 1965 sicut
1426 1920 1696 1972 oraverat,
1741 1922 1910 1963 unum
1967 1908 2191 1961 faciens.

627 2004 723 2059 Est
745 2014 925 2058 autem
964 2004 1147 2059 calicis
1178 2003 1437 2057 adunatio
1486 2000 1654 2055 divini
1687 1999 1843 2069 panis
1878 1999 1930 2053 in
1968 1998 2191 2052 calicem

630 2093 1263 2162 introductio,quoni:tm
1303 2108 1443 2147 unus
1486 2099 1571 2147 est
1624 2089 1903 2155 Christus,
1963 2087 2089 2144 licet
2139 2090 2193 2143 in

628 2185 795 2241 calice
825 2201 1069 2256 parteque
1117 2186 1385 2250 videatur,
1442 2192 1495 2239 et
1531 2185 1670 2238 idem
1725 2183 1798 2238 sit
1855 2196 1953 2252 per
1998 2196 2194 2251 panem

627 2279 793 2333 robur
819 2288 872 2333 et
908 2294 1002 2347 per
1035 2278 1257 2333 calicem
1279 2276 1489 2333 laetitia.
1524 2275 1635 2330 Pax
1664 2276 1829 2331 etiam
1864 2284 1949 2330 est
1980 2278 2191 2329 nostra;

626 2369 817 2426 Postea
857 2373 912 2425 lit
952 2372 1285 2435 conunnnio,
1324 2372 1449 2439 quia
1498 2368 1584 2423 ltic
1631 2378 1715 2423 est
1770 2367 2011 2423 omnium
2047 2367 2192 2430 ﬁnis,

630 2463 719 2518 Dei
773 2463 1217 2527 communicatio,
1271 2463 1415 2532 quod
1461 2471 1544 2516 est
1594 2474 1807 2516 summe
1869 2460 2070 2514 bonum
2132 2474 2197 2515 ac

626 2554 1007 2609 desiderabile.
1042 2553 1357 2608 Secundum
1380 2553 1629 2608 ordinem
1652 2567 1782 2607 vero
1808 2550 1868 2607 lit
1902 2551 2028 2619 ista,
2054 2554 2197 2607 sicut

625 2646 829 2699 dictum
861 2660 963 2709 est,
997 2654 1217 2715 prepter
1249 2644 1447 2697 bonam
1481 2642 1889 2698 ordinationem
1922 2658 1985 2698 ac
2036 2644 2199 2713 justi-

628 2738 785 2801 tiam,
808 2737 946 2791 etab
976 2738 1277 2792 humilitate
1303 2739 1539 2807 genitam
1570 2736 1822 2803 pietatem
1856 2753 1875 2801 ;
1901 2738 2203 2806 unusquis—

590 2881 597 2886 .
627 2845 733 2897 que
759 2830 903 2883 enim
940 2828 995 2883 in
1021 2843 1123 2883 suo
1141 2828 1633 2899 ordine,mysteria
1664 2828 1973 2897 participat.
2006 2827 2199 2883 Justus

626 2915 776 2969 enim
810 2929 872 2969 ac
907 2924 1087 2970 retrtus
1122 2916 1334 2969 cumsit
1361 2914 1640 2980 Dominus,
1666 2918 1719 2971 in
1749 2918 1960 2986 justitia
1998 2926 2200 2971 semet-

630 3008 808 3079 ipsum
837 3008 992 3063 nubis
1021 3008 1273 3063 omnibus
1301 3008 1520 3077 praebet.
1562 3007 1717 3063 Unde
1773 3008 1989 3077 quidem
2049 3009 2201 3064 solus

2300 1900 2443 1965 ξατο.
2498 1900 2561 1952 Ἦ
2585 1899 2676 1952 τοῦ
2714 1895 2976 1967 ποτηρίου
3015 1895 3069 1949 δὲ
3094 1893 3312 1957 ἓνωσις,
3360 1888 3423 1942 το
3455 1883 3772 1952 εἰσαγαγεῖν
3811 1880 3908 1931 ἐν·

2294 1996 2373 2065 τῷ
2400 1993 2643 2065 ποτηρίῳ
2670 1993 2760 2045 τὸν
2789 1992 2930 2045 θεῖον
2954 1989 3137 2060 ἄρτον,
3166 1989 3246 2041 ὅτι
3271 1980 3353 2048 εἷς
3387 1985 3536 2036 ἔστιν
3559 1982 3586 2033 6
3612 1972 3871 2047 Χριστὸς,

2298 2087 2346 2140 εί
2381 2088 2474 2139 καὶ
2502 2086 2558 2137 ἐν
2583 2084 2825 2155 ποτηρέῳ
2852 2084 2947 2137 καὶ
2972 2082 3121 2152 ἄρτῳ
3164 2077 3464 2147 καθορᾶται
3482 2090 3497 2105 ο
3534 2075 3629 2127 καὶ
3652 2071 3679 2121 6
3704 2064 3879 2155 uino;

2300 2178 2601 2248 στηριγμός
2634 2193 2693 2230 τε
2721 2153 2807 2228 διὰ
2841 2175 2933 2228 τοῦ
2964 2174 3153 2245 ἄρτου.
3180 2172 3275 2223 καὶ
3314 2164 3627 2237 εὐφροσύνη
3658 2153 3747 2215 διὰ
3777 2153 3877 2212 τοῦ

2299 2272 2558 2340 ποτηρίου
2579 2287 2595 2302 ⁸
2628 2271 2720 2323 καὶ
2749 2268 2941 2339 εἰρήνη
2973 2266 3130 2336 ἡμῶν
3161 2266 3293 2316 ἐστι.
3319 2260 3475 2315 Μετὰ
3506 2258 3665 2311 τοῦτο
3695 2256 3728 2325 ἡ
3759 2270 3880 2307 κοι-

2299 2366 2483 2431 νωνία,
2518 2368 2598 2419 ὅτι
2628 2363 2784 2417 τοῦτο
2841 2362 2994 2423 τέλος
3042 2360 3322 2418 ἁπάντων,
3358 2356 3389 2425 ὴ
3423 2352 3559 2406 Θεοῦ
3594 2348 3871 2410 κοι.-ωνὶα,

2300 2463 2392 2511 καὶ
2426 2456 2487 2508 τδ
2516 2456 2699 2524 ἄκρως
2731 2454 2888 2507 τοῦτο
2944 2451 3149 2520 ἀγαθόν
3205 2468 3261 2504 τε
3307 2450 3400 2502 καὶ
3448 2446 3661 2515 ὲφετόν.
3717 2440 3877 2495 Κατὰ

2300 2552 2451 2616 τάξιν
2498 2551 2553 2604 δὲ
2584 2551 2676 2603 καὶ
2728 2548 2892 2618 αὕτη,
2942 2548 3017 2609 ὡς
3069 2544 3503 2616 προειρήκαμεν,
3539 2540 3751 2608 γίνεται
3786 2534 3876 2590 διὰ

2301 2646 2398 2711 τὴν
2430 2642 2682 2706 εὐταξίαν
2714 2657 2771 2692 τε
2821 2640 2915 2692 καὶ
2967 2636 3335 2706 δικαιοσύνην,
3377 2636 3474 2687 καὶ
3501 2632 3599 2703 τὴν
3634 2630 3742 2686 ἀπὸ
3772 2627 3878 2699 τῆς

2300 2733 2805 2803 ταπεινοφροσύνης
2849 2731 3154 2785 εὐλάϐειαν.
3194 2731 3465 2789 Ἕκαστος
3522 2726 3631 2792 γὰρ
3688 2725 3746 2776 έν
3794 2720 3876 2791 τῷ

2299 2829 2486 2898 οἰκείῳ
2510 2828 2747 2896 τάγματι
2768 2825 2982 2895 μετέχει
3009 2824 3116 2876 τῶν
3156 2820 3489 2891 μυστηρίων.
3528 2819 3742 2878 Δίκαιος
3766 2814 3881 2883 γὰρ

2302 2918 2379 2971 ὢν
2412 2919 2503 2970 καὶ
2539 2918 2700 2981 εὐθὺς
2737 2919 2763 2970 ὁ
2820 2916 3043 2984 Κύριος,
3074 2917 3133 2968 ἐν
3162 2913 3478 2984 δικαιοσύνῃ
3526 2910 3717 2964 ἑαυτὸν
3748 2910 3881 2980 ἡμῖν

2302 3015 2415 3075 τοῖς
2445 3014 2577 3066 πᾶσι
2602 3010 2848 3080 παρέχει.
2880 3008 3040 3062 Ὅθεν
3072 3007 3167 3061 καὶ
3195 3006 3414 3075 ἀμέσως
3444 3003 3753 3075 μὲντούτου
3784 3003 3882 3055 καὶ

628 3115 692 3155 ac
720 3100 924 3170 primus
952 3100 1095 3154 hunc
1128 3099 1439 3156 immediate
1464 3100 1753 3171 participat
1787 3100 2051 3171 pontifex,
2085 3104 2196 3158 sic—

2308 3113 2464 3171 μονος
2498 3102 2590 3155 καὶ
2619 3103 2835 3170 πρῶτος
2870 3101 3115 3152 κοινωνεῖ
3145 3102 3172 3150 6
3206 3100 3530 3181 ἀρχιερεύςι
3581 3096 3656 3158 ὡς
3686 3096 3779 3148 καὶ
3817 3099 3880 3194 ἐν

628 3201 687 3247 ut
749 3193 803 3246 in
853 3193 1189 3261 archangelis
1246 3192 1403 3261 primi
1455 3193 1691 3261 primum
1761 3193 2108 3263 participant,
2146 3205 2199 3249 et

630 3300 726 3355 per
755 3285 903 3355 ipsos
958 3286 1146 3352 medii,
1184 3294 1237 3338 et
1272 3293 1394 3354 post
1454 3286 1606 3354 ipsius
1654 3286 1857 3350 caeteri,
1913 3288 2057 3341 sicut
2129 3289 2203 3343 ait

631 3378 942 3449 Dionysius.
978 3377 1129 3431 [inde
1157 3379 1323 3433 etiam
1378 3394 1473 3449 per
1530 3396 1803 3435 summum
1860 3382 2200 3436 sacerdotem

628 3470 867 3539 episcopi
898 3478 953 3523 et
980 3470 1301 3539 presbyteri,
1330 3480 1382 3524 et
1415 3486 1510 3539 per
1541 3454 1854 3527 sacerdotes
1883 3474 2203 3543 reliquiom-

636 3579 733 3618 nes
822 3565 1135 3617 sacerdotes
1195 3570 1249 3615 et
1300 3562 1538 3617 diaconi.
1604 3561 1808 3618 Ultimo
1858 3579 1987 3619 vero
2034 3567 2207 3622 sacris

630 3656 797 3711 divini
835 3656 992 3725 panis
1024 3654 1266 3725 reliquiis
1309 3656 1363 3709 in
1400 3656 1622 3711 calicem
1656 3658 1985 3714 intromissis
2012 3672 2201 3716 osten-

630 3748 780 3803 ditur
821 3748 1077 3803 omnibus
1127 3750 1288 3813 istud,
1346 3750 1490 3817 quod
1552 3759 1636 3805 εει
1688 3748 1962 3817 Cltrisnts,
2026 3752 2201 3821 ipsum

629 3838 804 3910 ipsius
835 3854 963 3893 vere
993 3853 1193 3909 corpus
1249 3847 1303 3894 et
1355 3838 1602 3910 sanguis,
1656 3855 1777 3911 quae
1821 3851 2044 3913 propter
2103 3858 2205 3899 nos

632 3947 792 3987 suum
820 3934 1081 4002 populum
1120 3932 1472 4002 peculiarem,
1537 3934 1795 3999 sacravit,
1852 3946 1908 3989 et
1954 3936 2200 4003 gustari,

634 4028 826 4093 videri,
852 4028 1110 4097 tangique
1133 4028 1339 4097 praebet
1362 4041 1427 4078 ac
1445 4026 1741 4083 desiderat.
1771 4027 1986 4083 idcirco
2029 4042 2201 4099 pepu-

635 4120 720 4174 lus
749 4130 973 4175 sanctus
1009 4134 1073 4173 ex
1133 4120 1313 4173 anima
1341 4120 1486 4174 videt
1528 4119 1677 4175 illum
1714 4128 1767 4175 et
1824 4120 2037 4189 adorat,
2066 4122 2208 4178 etab

634 4213 753 4282 ipso
781 4210 1038 4279 salutaria
1070 4211 1224 4281 petit,
1261 4209 1389 4265 dum
1440 4210 1705 4266 diaconus
1730 4212 1949 4281 quidem
2008 4213 2209 4269 clamat

2302 3194 2411 3253 τοῖς
2442 3191 2799 3261 ἀρχαγγέλοις
2848 3191 2896 3241 οἱ
2928 3189 3137 3257 πρῶτοι
3176 3176 3391 3258 πρῶτον
3437 3187 3746 3256 μετέχουσι,
3784 3174 3881 3240 καῖ

2300 3284 2368 3337 δι’
2402 3283 2581 3336 αὐτῶν
2612 3284 2661 3336 οἱ
2699 3283 2877 3353 μέσοι,
2918 3282 3013 3334 καὶ¹
3054 3282 3172 3351 μετ’
3218 3281 3458 3343 ἐκείνους
3492 3282 3537 3332 οί
3570 3280 3768 3340 λοιποὶ,
3804 3278 3882 3340 ὣς

2304 3393 2433 3446 φησι
2466 3376 2759 3438 Διονύσιος.
2805 3373 2970 3428 Ὅθεν
3016 3376 3110 3428 καὶ
3143 3373 3210 3427 δι’
3244 3374 3547 3444 ἀρχιερέως
3588 3372 3883 3426 ἐπίσκοποί

2302 3485 2361 3520 τε
2395 3470 2489 3521 καὶ
2519 3469 2707 3538 ἱερεῖς,
2740 3468 2833 3520 καὶ
2861 3466 2947 3520 διὰ
3002 3465 3110 3519 τῶν
3156 3467 3346 3537 ἱερέων
3382 3468 3429 3519 οἰ
3463 3467 3639 3518 λοιποὶ
3674 3467 3880 3529 πάντες

2306 3560 2469 3628 ίερεῖς
2509 3561 2603 3612 καὶ
2638 3559 2897 3611 διάκονοι.
2931 3557 3201 3628 ’Ὕστερον
3243 3557 3289 3611 δ’
3312 3558 3468 3622 αὖθις
3496 3559 3883 3629 είσκομισθέν-

2302 3669 2412 3704 των
2446 3650 2551 3703 τῶν
2579 3651 2740 3721 ἱερῶν
2774 3650 3046 3721 λειψάνων
3079 3652 3174 3706 τοῦ
3218 3653 3363 3706 θείου
3409 3652 3576 3723 ἄρτου
3618 3656 3675 3706 ὲν
3698 3652 3775 3723 τῷ
3810 3654 3883 3707 is-

2308 3741 2384 3812 ρῷ
2430 3744 2700 3813 ποτηρίῳ,
2730 3742 3002 3796 δείκνυται
3044 3742 3206 3797 τοῦτο
3272 3745 3458 3813 πᾶσιν,
3504 3746 3640 3815 ὅπερ
3679 3748 3827 3800 ἐστὶν
3854 3748 3883 3801 6

2305 3835 2559 3905 Χριστὸς,
2595 3835 2726 3889 αὐτὸ
2754 3834 2921 3888 αὐτοῦ
2960 3835 3177 3904 ἀληθῶς
3224 3838 3284 3890 τὸ
3324 3837 3484 3908 σῶμα
3529 3840 3622 3892 καὶ
3653 3836 3817 3909 αίμα.
3850 3839 3882 3896 θ

2304 3926 2393 3979 διὰ
2426 3926 2517 3978 τὸν
2535 3927 2663 3980 λαὸν
2696 3927 2862 3980 αὑτοῦ
2886 3927 2979 3980 τὸν
3012 3928 3321 3998 περιούσιον
3347 3931 3495 4000 ἡμᾶς
3533 3930 3882 4004 ίερούργηστ,

2306 4017 2403 4070 καὶ
2433 4017 2689 4085 γεύεσθαι
2736 4019 2828 4071 καὶ
2856 4018 3076 4089 βλέπειν
3108 4021 3199 4073 καὶ
3232 4020 3503 4075 ἅπτεσθαι
3541 4024 3773 4094 παρέχει
3825 4041 3886 4078 τε

2309 4107 2407 4161 καὶ
2440 4109 2671 4177 ἐφίεται.
2705 4110 2797 4162 Διὸ
2823 4112 2920 4163 καὶ
2954 4113 2981 4164 6
3006 4110 3149 4180 ίερὸς
3177 4109 3306 4175 λαὸς
3339 4112 3607 4184 ὲκ.ψυχῆς
3635 4116 3737 4188 ὁρᾷ
3766 4116 3891 4170 τοῦ-

2308 4218 2420 4265 τον,
2451 4201 2543 4254 καὶ
2568 4206 2895 4269 προσκυνεῖ,
2924 4206 3017 4257 καὶ
3047 4205 3117 4258 τὰ
3141 4207 3279 4275 πρὸς
3304 4209 3582 4282 σωτηρίαν
3610 4211 3884 4265 αἰτεῖται*

636 4302 1089 4373 progrediendum
1139 4316 1262 4357 esse
1318 4317 1440 4357 cum
1496 4313 1642 4357 metu
1705 4301 1801 4358 Dei
1860 4318 1923 4359 ac
1976 4303 2105 4369 ﬁde,
2139 4319 2207 4359 ne

2309 4293 2398 4347 τοῦ
2422 4294 2673 4379 διακένου
2708 4296 2806 4366 μὲν
2835 4295 3065 4367 βοῶντος
3086 4298 3147 4352 τὸ
3186 4301 3503 4369 προσελθεῖν
3540 4304 3682 4371 μετὰ
3708 4304 3879 4373 φόϐου

636 4393 777 4450 forte
815 4395 1033 4466 quidam
1064 4394 1391 4463 participare
1438 4394 1819 4463 procedentes,
1846 4394 1899 4448 in
1928 4393 2201 4465 judicium

2309 4388 2444 4441 Θεοῦ
2478 4389 2572 4443 καὶ
2625 4389 2882 4454 πίστεως,
2927 4391 3016 4443 ἵνα
3053 4395 3528 4479 μετασχεῖνιτινες
3562 4398 3887 4467 προσελθόν-

636 4488 739 4543 sibi
771 4485 1101 4556 participent
1137 4500 1154 4553 ;
1186 4499 1435 4540 summus
1485 4498 1617 4540 vero
1678 4484 1934 4542 sacerdos
1984 4500 2208 4557 progre-

2314 4497 2427 4545 τες,
2460 4481 2535 4552 μὴ
2567 4485 2644 4544 είς
2699 4482 2874 4551 κρίμα
2920 4477 3263 4553 μετᾶσχωσιν
3294 4477 3507 4552 ἑαδυτοῖς
3528 4505 3541 4520 ·
3570 4489 3665 4545 τοῦ
3694 4492 3886 4562 ἀρχιε-

633 4579 909 4635 dientibus
932 4578 1026 4631 dat
1054 4592 1149 4647 per
1174 4592 1362 4631 ansam
1396 4577 1744 4648 participare.
1772 4577 1836 4633 Et
1858 4578 1964 4634 hoc
2006 4593 2207 4636 secun-

638 4669 765 4724 dum
806 4666 958 4722 Isaiae
983 4667 1282 4721 visionem:
1314 4667 1571 4737 quoniam
1600 4683 1707 4722 non
1741 4684 1936 4724 omnes
1970 4677 2207 4739 oportet,

642 4767 700 4815 ut
731 4759 933 4815 dictum
962 4767 1065 4825 est,
1096 4754 1406 4815 immediate
1430 4760 1744 4814 divinorum
1796 4774 1860 4816 ac
1899 4762 2213 4817 tremendo—
2248 4817 2254 4823 ,

636 4867 763 4908 tum
790 4866 912 4908 esse
954 4851 1297 4922 participes;
1352 4863 1406 4909 et
1467 4854 1725 4923 quoniam
1786 4870 1952 4925 super
2009 4857 2212 4915 divinis

649 4945 825 4999 vereri
890 4945 1552 5016 circumspectionemque
1587 4956 1773 5003 tenere
1820 4962 2051 5005 necesse
2105 4960 2211 5007 est.

644 5035 703 5090 Si
743 5035 1044 5091 Cherubim
1084 5050 1459 5105 revereantur,
1493 5047 1699 5107 quanto
1728 5041 1906 5109 magis
1924 5055 2025 5096 nos
2050 5056 2213 5114 oporo

636 5128 1005 5193 tetrevereri,
1052 5142 1177 5182 cum
1214 5128 1393 5183 etiam
1441 5130 1494 5182 in
1554 5129 1641 5185 bis
1712 5145 1822 5185 non
1884 5142 2091 5203 typum,
2119 5135 2212 5189 sed

642 5220 815 5291 ipsam
852 5222 1132 5275 veritatem
1175 5220 1593 5290 conspicimus?
1620 5223 1745 5277 ideo
1782 5223 1848 5277 ad
1901 5226 2213 5295 pontiﬁcem

643 5311 727 5364 vel
794 5313 1129 5366 sacerdotem
1188 5311 1395 5390 _divina
1457 5313 1717 5383 mysteria
1790 5316 2215 5372 distribuentem

645 5408 861 5471 Oportet
902 5405 1291 5468 procedentem
1319 5405 1383 5459 ad
1420 5406 1938 5461 communicandum
1986 5408 2219 5465 adorare

645 5501 700 5548 et
778 5494 994 5548 veniam
1052 5496 1420 5566 expostulare,
1507 5508 1764 5567 tanquam
1827 5501 1896 5556 ab
1964 5504 2219 5558 omnibus

650 5586 897 5641 ﬁdelibus
924 5586 1117 5655 prius;
1152 5598 1207 5642 et
1236 5588 1412 5655 ipsum
1448 5588 1501 5642 in
1551 5590 1722 5646 calice
1759 5592 2033 5648 viventem
2091 5611 2214 5651 cum

648 5678 911 5747 sanguine
942 5692 1155 5747 panem,
1202 5693 1377 5749 nsque
1406 5680 1472 5736 ad
1503 5684 1679 5739 solum
1697 5700 1757 5740 ex
1781 5685 1968 5748 animo
1994 5695 2214 5758 oportet

649 5767 899 5829 adorare.
928 5775 984 5824 et
1020 5767 1102 5824 sic
1123 5782 1320 5827 manus
1354 5770 1410 5827 in
1454 5787 1674 5831 crucem
1708 5775 1990 5849 colligere,
2022 5778 2078 5836 in
2098 5793 2213 5836 ser-

2310 4572 2447 4649 ρέως
2472 4573 2526 4625 δὲ
2559 4574 2669 4636 τοῖς
2693 4574 3048 4644 προσελθοῦσι
3078 4576 3402 4644 μεταλαϐεῖν
3421 4578 3654 4642 διδόντος
3678 4581 3765 4636 διὰ
3798 4583 3893 4637 λα’

2309 4664 2452 4729 δίδος
2473 4683 2486 4696 ·
2512 4666 2605 4720 καὶ
2623 4668 2778 4721 τοῦτο
2801 4673 2938 4723 κατὰ
2959 4669 3056 4741 τὴν
3070 4671 3337 4727 ὀπτασίαν
3357 4674 3450 4728 τοῦ
3472 4676 3628 4749 113
3642 4677 3893 4746 Ἠσαίου,

2310 4760 2393 4812 ὅτι
2443 4758 2503 4811 οὗ
2569 4763 2672 4831 χρὴ
2736 4762 2939 4824 πάντας
3004 4762 3227 4834 ἀμέσως
3278 4767 3548 4838 μετέχειν,
3600 4770 3675 4833 ὡς
3735 4762 3891 4841 et“.

2309 4869 2421 4910 ται.
2471 4852 2579 4906 τῶν
2641 4853 2798 4907 θείων
2854 4872 2914 4908 τε
2947 4857 3041 4909 καὶ
3073 4858 3351 4925 φρικτῶν·
3386 4864 3477 4913 καὶ
3540 4850 3629 4916 ’ὅτι
3660 4865 3753 4916 ἐπὶ
3778 4868 3891 4927 τοῖς

2310 4946 2476 5009 θείοις
2508 4945 2853 5003 εὐλαϐεῖσθαι
2893 4949 2974 5002 δεῖ
3010 4953 3103 5003 καὶ
3154 4951 3560 5008 συστέλλεσθαι.
3594 4956 3702 5009 Καὶ
3736 4957 3785 5009 εί
3816 4958 3885 5011 τὰ

2314 5038 2600 5111 Χερουϐὶμ
2622 5041 2934 5110 ηὐλασεῖτο,
2962 5042 3141 5113 πολλῷ
3162 5059 3227 5111 γε
3252 5045 3456 5114 μᾶλλον
3474 5047 3624 5117 ἡμᾶς
3642 5047 3892 5104 εὐλαϐεῖ-

2316 5132 2439 5186 σθαι
2470 5134 2607 5205 χρὴ,
2660 5136 2756 5188 καὶ
2785 5136 2955 5189 ταῦτα
2989 5137 3049 5187 οὐ
3081 5122 3274 5199 τύπτον,
3314 5138 3455 5191 ἀλλὰ
3499 5139 3600 5209 τὴν
3632 5142 3893 5212 ἀλήθειαν

2315 5225 2556 5296 ὁρῶντας
2582 5225 2774 5298 αὐτὴν.
2817 5227 2909 5280 Διὸ
2960 5228 3050 5280 τόν
3098 5226 3159 5281 τε
3183 5230 3417 5301 νέμοντα
3452 5233 3777 5305 ἱεράρχηνῆ
3812 5235 3893 5289 ic-

2321 5316 2418 5385 ρέα
2446 5317 2512 5371 τὰ
2532 5318 2657 5373 θεῖα
2682 5322 2958 5390 μυστήρια
3021 5319 3104 5373 δεῖ
3126 5321 3217 5377 τὸν
3252 5326 3689 5394 προσερχόμενον
3726 5342 3895 5393 μετα-

2318 5408 2526 5474 λαϐεῖν,
2555 5414 2880 5484 προσκυνεῖν
2918 5414 3010 5466 καὶ
3048 5414 3399 5487 ξυγχώρησιν
3428 5419 3787 5486 ἐξαιτεῖσθαι,
3817 5419 3899 5485 ὡς

2319 5503 2412 5555 καὶ
2436 5507 2587 5573 παρὰ
2620 5505 2727 5562 τῶν
2752 5505 2961 5559 πιστῶν
3005 5507 3223 5561 πάντων
3250 5508 3534 5579 πρότερον.
3578 5511 3688 5565 Καὶ
3732 5512 3901 5568 αὐτὸν

2320 5595 2386 5666 δὴ
2412 5598 2502 5650 τὸν
2524 5601 2579 5651 ὲν
2613 5598 2690 5670 τῷ
2729 5599 2975 5670 ποτηρίῳ
3006 5599 3187 5665 ζῶντα
3228 5602 3392 5671 ἄρτον
3423 5605 3562 5674 μετὰ
3601 5604 3697 5658 τοῦ
3728 5606 3901 5676 αἷμα-

2320 5704 2411 5753 τος
2461 5688 2620 5773 ἄχρις
2658 5692 2891 5761 ἐδάφους
2935 5692 3212 5765 ὀλοιιιύχως
3246 5692 3331 5767 δεῖ
3386 5700 3754 5768 προσκυνεῖν·
3803 5701 3906 5755 καὶ

2322 5780 2468 5840 οὕτω
2489 5785 2588 5867 τᾲς
2621 5787 2813 5855 κείρας
2845 5786 3071 5854 δεσμεῖν
3107 5788 3421 5858 σταυρικῶς
3449 5792 3529 5855 είς
3549 5789 3774 5859 ινδιιξιν
3796 5792 3902 5857 τῆς
