4168 6318
699 403 802 465 επ

1509 399 1894 463 SYMEONIS.
1925 400 2028 462 ΤΗ
2041 400 2682 466 ESSALONICENSIS
2711 405 3075 469 AliClilEP.

3819 396 3932 460 ars

677 521 736 566 et
782 511 1015 566 otiosum
1070 518 1383 572 remaneat,
1441 519 1696 576 tanquam
1753 507 2062 563 necessaria
2114 507 2233 568 usui
2263 525 2305 585 Α

2347 511 2498 583 ἔχων.
2536 513 2747 585 Διδγκαὶ
2775 512 3161 582 ἐξεταζόμενος
3191 513 3220 567 6
3259 511 3605 582 οἰκοδομῆσαι
3658 507 3924 578 βουλόμε-

681 619 789 657 non
845 603 1095 657 italiens..
1124 601 1270 666 ideo,
1300 600 1550 654 examine
1597 599 1763 663 facto,
1793 599 1884 669 qui
1918 599 2033 652 vult
2062 598 2236 652 aedili-

680 709 824 755 rare,
872 693 995 745 data
1044 691 1256 745 ratione
1300 689 1442 760 quod
1503 692 1556 744 in
1623 691 1780 744 ﬁnem
1833 687 2153 750 adiuvabit,
2183 698 2238 744 et

677 782 855 834 omnia
889 781 1188 836 necessaria
1243 780 1631 849 suppeditabit,
1682 781 1900 850 iubetur
1945 778 2234 834 adiiicare.

680 873 742 927 ia't
775 858 1106 928 effodiuntur
1130 872 1520 936 fundamenta;
1553 883 1606 926 et
1658 882 1919 942 parantur
1969 876 2232 926 materiae.

679 961 889 1015 Etcum
922 970 1134 1031 tempus
1176 961 1479 1015 aediﬁcandi
1508 962 1736 1019 venerit:
1762 963 1878 1031 ipse
1915 962 2155 1032 pontifex
2183 963 2236 1015 in

680 1055 797 1106 loco
823 1054 984 1108 sistit.
1017 1055 1082 1108 Et
1115 1068 1327 1107 sacram
1368 1054 1586 1110 indutus
1646 1055 1838 1108 stolam
1873 1095 1887 1120 ,
1935 1056 2084 1112 clero
2134 1057 2236 1127 ipsi

676 1145 945 1204 adstante.
979 1143 1146 1198 Deum
1208 1144 1506 1209 benedicil’,
1537 1160 1635 1213 pro
1665 1143 1852 1200 divino
1896 1161 2060 1215 opere
2115 1161 2236 1216 gra-

679 1237 779 1288 tias
805 1249 1006 1304 agens;
1037 1246 1090 1290 et
1119 1237 1365 1290 oratione
1390 1237 1598 1307 trisagii
1646 1252 1674 1290 a
1716 1237 1864 1291 clero
1901 1235 2060 1299 facta,
2096 1237 2234 1307 ipse,

679 1327 906 1380 incenso
954 1327 1259 1389 benedicta,
1311 1326 1645 1380 thuribulum
1703 1328 1999 1394 accipiens,
2045 1327 2239 1382 funda-

678 1427 857 1470 menta
889 1425 937 1469 et
968 1417 1150 1471 foveas
1180 1417 1231 1469 in
1265 1418 1478 1473 modum
1503 1416 1681 1470 crucis
1717 1417 2009 1482 benedicit,
2057 1417 2239 1472 omnia

683 1506 1087 1562 thuriﬁeatione
1135 1507 1502 1561 sanctificans.
1538 1506 1776 1576 Spiritus
1823 1508 1968 1561 enim
2005 1504 2238 1578 gratiam

683 1603 965 1652 inn-nsum
997 1638 1012 1660 .
1066 1608 1120 1653 et
1173 1599 1449 1654 Christum
1490 1614 1622 1653 crux
1674 1601 1928 1670 ligarant.
1989 1601 2232 1655 Cunctas

677 1692 838 1746 etiam
875 1700 1167 1760 prasentcs
1227 1691 1486 1745 materias
1539 1690 1833 1756 thnriilcat,
1882 1691 2238 1746 sanetiiicans

679 1799 794 1843 eas.
828 1793 1078 1852 tanquam
1121 1783 1187 1836 ad
1215 1792 1457 1837 sanctam
1491 1783 1582 1836 Dei
1627 1774 1847 1841 domum
1886 1795 2238 1854 praparatas.

2341 607 2452 670 νος,
2484 607 2577 660 καὶ
2625 605 2747 667 δούς
2795 605 2954 672 λόγον
2985 607 3060 666 ὡς
3094 606 3174 667 εἰς
3204 603 3356 666 τέλος
3403 600 3774 670 οἰκοδομήσει,
3825 596 3925 652 καὶ

2324 699 2407 758 ,τὰ
2456 698 2596 752 κατὰ
2641 696 2831 767 χρείαν
2888 695 3114 749 ἃπαντα
3164 696 3467 764 ἑτοιμάσει,
3517 688 3924 758 προστάττεται

2340 789 2668 860 οἰκοδομεῖν.
2699 788 2808 840 Kal
2835 785 3160 855 ὀρύσσονται
3197 785 3298 853 μέν
3324 785 3372 836 οἰ
3407 782 3669 852 θεμέλιον
3702 776 3926 846 ἑτοιμά-

2342 880 2523 943 ζονται
2571 881 2627 932 δὲ
2665 880 2718 932 αἰ
2751 877 2896 933 ῦλαι.
2943 879 3052 932 Kal
3097 875 3193 930 τοῦ
3229 872 3426 945 καιροῦ
3466 871 3559 926 τοῦ
3611 866 3926 936 οἰκοδομεῖν

2342 971 2683 1034 ἐπιστάντος,
2729 970 2892 1032 αὐτὸς
2922 968 2998 1036 τῷ
3027 968 3178 1036 τόπῳ
3221 966 3511 1034 ἐφίσταται
3541 965 3570 1015 6
3595 957 3916 1033 ἀρχιερεύς.

2342 1065 2450 1116 Kal
2483 1063 2634 1133 ἰερὰν
2664 1061 3022 1128 ἐνδυσάμενος
3051 1058 3265 1127 στολὴν,
3301 1057 3395 1110 τοῦ
3430 1055 3630 1123 κλήρου
3659 1065 3920 1119 συμπαρο

2340 1153 2495 1216 ὁντος
2545 1152 2713 1222 αὐτῷ,
2742 1152 2960 1219 εύλογεί
3000 1150 3089 1203 τὸν
3123 1148 3278 1215 Θεδν,
3319 1146 3655 1216 εὐχαριστῶν
3683 1142 3759 1213 τῷ
3790 1139 3921 1205 θείῳ

2344 1244 2506 1312 ἔργῳ.
2563 1244 2674 1296 Καὶ
2729 1241 3038 1313 προσευχῆς
3097 1238 3393 1308 γινομένης
3460 1237 3556 1288 τοῦ
3613 1229 3918 1303 Τρισαγίου

2345 1338 2495 1406 παρὰ
2524 1335 2620 1388 τοῦ
2656 1336 2884 1404 κλήρου,
2945 1333 3109 1395 αὐτὸς
3159 1329 3466 1398 εὐλογήσας
3511 1326 3784 1396 θυμίαμα,
3819 1325 3920 1373 θυ-

2348 1427 2641 1496 μιατήριόν
2691 1443 2750 1478 τε
2803 1425 2984 1478 λαϐὼν
3033 1424 3160 1486 τοὺς
3193 1421 3480 1491 θεμελίους
3508 1415 3707 1471 καὶτὰ
3756 1412 3922 1485 ὀρύγ-

2349 1535 2493 1586 ματα
2549 1517 2906 1584 σταυροειδῶς
2946 1515 3180 1582 εύλογεϊ,
3247 1514 3430 1566 πάντα
3479 1508 3560 1577 τῷ
3613 1506 3922 1577 θυμιάματι

2346 1607 2614 1674 ἁγιάζων.
2649 1606 2762 1674 Τήν
2820 1605 2983 1674 χάριν
3015 1606 3122 1673 γὰρ
3170 1604 3332 1656 τυποῖ
3377 1598 3470 1652 τοῦ
3506 1597 3818 1665 ῐῐνεύματος
3861 1592 3926 1645 τδ

2347 1683 2620 1767 θυμίαμα,
2655 1697 2751 1749 καὶ
2781 1697 2810 1749 6
2835 1694 3072 1766 σταυρὸς
3094 1696 3187 1746 τὸν
3213 1691 3470 1762 Χριστόν.
3503 1690 3614 1743 Kal
3634 1688 3711 1741 ἔτι
3743 1685 3926 1746 πάσας

2349 1783 2520 1859 θυμιᾷ
2549 1789 2856 1856 τὰςέκεῐσε
2899 1781 3448 1850 ῦλας,,καθαγιάξων
3493 1781 3684 1842 αὐτὰς,
3729 1777 3804 1840 ὡς
3838 1775 3922 1835 εἰς

685 1873 908 1938 Deinde,
942 1874 1262 1930 thuriilcalis
1294 1873 1634 1930 adstantibus
1662 1882 1714 1928 et
1738 1875 1803 1927 ad
1841 1889 1977 1946 opus
2006 1875 2250 1929 accensis
2283 1875 2305 1928 ῐ

2356 1879 2508 1943 ἅγιον
2539 1871 2690 1929 οἷκον
2736 1875 2872 1928 Θεοῦ
2925 1873 3400 1946 εὐτρεπισθείσας.
3447 1867 3593 1937 ,Εἶτα
3649 1869 3743 1922 καὶ
3791 1866 3921 1928 τοὺς

686 1977 846 2036 atque
871 1952 1424 2039 saticttilcatis,'venit
1466 1968 1532 2020 ad
1571 1966 1841 2020 Orientem
1868 1942 2251 2021 iunilamento-

682 2077 826 2114 rum.
851 2062 938 2112 nhi
963 2069 1043 2114 est
1070 2058 1452 2128 hemicyclium
1474 2060 1798 2120 sanctuarii,
1823 2068 1877 2111 et
1898 2072 2109 2112 sacram
2130 2073 2252 2112 ora-

683 2153 885 2205 tionem
912 2141 1067 2211 faeit.
1089 2152 1386 2220 deprecans
1412 2152 1574 2205 Deum
1600 2149 1860 2214 Verbum,
1887 2147 2072 2203 Jesum
2093 2147 2252 2203 Chri-

682 2255 823 2298 stum
841 2244 928 2311 qui
946 2243 1166 2313 proprio
1181 2242 1442 2312 sanguine
1459 2257 1610 2296 suam
1627 2237 2245 2303 aedificavitEcclesiam,

689 2349 745 2392 nt
775 2341 935 2394 etiam
961 2338 1075 2392 haec
1097 2337 1289 2390 domus
1316 2335 1418 2405 ipsi
1448 2334 1712 2389 aediﬁcata
1739 2333 1953 2405 recteln
1987 2333 2105 2402 ipso
2124 2331 2245 2385 fun-

681 2431 840 2484 detur
859 2445 920 2483 ac
939 2437 1273 2498 permaneat.
1317 2425 1677 2496 Etdoxologia
1695 2425 1862 2489 dicta,
1894 2425 2006 2492 ipse
2042 2422 2245 2492 lapides

679 2534 731 2577 et
777 2523 980 2577 calcem
1045 2522 1230 2595 vivam.
1275 2521 1354 2574 vel
1415 2518 1584 2572 lutum
1649 2519 1833 2586 aliquo
1877 2519 2244 2570 instrumento

679 2615 862 2668 sumit.
915 2614 977 2667 Et
1038 2613 1090 2666 in
1153 2611 1498 2666 fundamenta
1551 2609 1910 2672 descendens,
1939 2609 2241 2662 incruccm

683 2705 886 2773 lapides
909 2703 1060 2774 ponit
1091 2718 1184 2759 eos
1249 2705 1493 2775 signans.
1550 2702 1740 2772 sicque
1789 2701 2134 2762 demonstrat
2183 2714 2243 2753 se

677 2798 952 2850 Christum
984 2804 1188 2865 petram
1241 2796 1623 2850 inconcussam
1684 2808 1747 2846 ac
1778 2791 2239 2845 fundamentalem

675 2889 946 2957 posuisse.
985 2886 1144 2942 Juxta
1181 2888 1414 2942 medium
1442 2895 1622 2940 autem
1682 2886 1921 2954 lapidum
1992 2885 2044 2937 in
2073 2897 2238 2953 parva

635 2981 908 3054 quadam
934 2979 1111 3045 fovea,
1174 2989 1430 3048 tanquam
1491 2981 1542 3032 in
1603 2977 1875 3045 sepulcro,
1956 2975 2238 3030 candelam

678 3084 964 3125 assumens
1022 3079 1074 3123 et
1137 3071 1330 3130 oleum
1369 3067 1661 3122 infundens
1719 3075 1881 3135 atque
1934 3067 2236 3120 accen'cns

681 3162 1136 3230 lienedicensqne,
1175 3160 1350 3229 ponit,
1419 3158 1802 3213 demonstrans
1855 3155 2072 3225 quidem
2140 3169 2234 3221 per

679 3256 859 3308 oleum
889 3256 979 3308 llei
1015 3251 1463 3316 misericordiam,
1489 3265 1609 3319 quae
1643 3248 1839 3304 domus
1867 3251 2241 3302 exstructione

681 3347 1138 3416 suppeditabitnr,
1171 3345 1466 3414 perlumen
1506 3356 1636 3396 vero
1679 3343 1914 3410 desuper
1967 3341 2244 3393 illumina—

682 3439 883 3491 tionem
907 3451 935 3490 a
963 3436 1169 3490 lumine
1198 3449 1326 3488 vero
1351 3433 1570 3486 iactam.
1601 3442 1656 3487 et
1682 3432 1858 3500 ipsum
1895 3431 1996 3485 hoc
2025 3433 2243 3485 unicum

683 3528 888 3590 lumen,
914 3523 1216 3586 Christum,
1255 3523 1310 3576 in
1338 3523 1588 3591 sepulcro
1665 3535 1764 3587 pro
1798 3521 1955 3574 nobis
1981 3521 2246 3589 positum,

683 3628 736 3672 et
761 3618 814 3671 in
839 3618 978 3678 oleo,
1013 3616 1274 3685 quoniam
1316 3615 1437 3669 oleo
1458 3614 1645 3685 gratiae
1679 3627 1781 3668 nos
1817 3613 1999 3677 unxit,
2030 3621 2084 3666 et
2110 3628 2246 3680 quo-

683 3710 826 3760 niam
853 3722 946 3775 per
971 3708 1148 3760 oleum
1183 3707 1298 3761 sive
1353 3715 1690 3775 unguentum
1739 3704 1938 3758 domus
1995 3703 2241 3757 initiabl-

684 3809 806 3866 tur;
837 3798 1172 3867 etquoniam
1211 3797 1390 3851 lumen
1413 3796 1665 3851 Christus
1691 3797 1978 3851 nobiscum
2045 3796 2169 3858 erit,
2194 3805 2247 3848 et

685 3889 740 3940 in
767 3887 930 3942 domo
956 3887 1218 3952 residens,
1255 3888 1438 3942 oriens
1479 3901 1544 3940 ex
1577 3888 1708 3940 alto.
1738 3871 2034 3953 Postq'uam
2064 3877 2246 3940 autem

686 3980 1067 4036 euravit'hanc
1102 3981 1378 4036 lucernam
1442 3987 1559 4034 tuto
1615 3993 1838 4034 manere
1897 3987 2121 4047 propter
2158 3994 2247 4033 sa-

687 4091 837 4129 eram
903 4072 1378 4134 illuminationem.
1431 4079 1485 4125 et
1541 4071 1608 4126 ad
1639 4071 1859 4139 pulchre
1908 4069 2243 4140 ﬁgurandam

688 4162 1013 4228 Erciesiam,
1048 4162 1191 4217 sicut
1240 4162 1491 4221 dilectus.
1528 4161 1581 4212 in
1635 4158 1976 4230 Apocalypsi.
2014 4173 2074 4213 se
2105 4158 2249 4211 didi-

687 4275 700 4301 ι
719 4254 828 4308 isse
853 4253 926 4306 ait
954 4261 1158 4321 septem
1187 4251 1439 4306 lucernas
1465 4265 1590 4306 esse
1615 4249 1913 4312 Ecclesias.
1935 4250 1989 4304 et
2015 4251 2248 4320 lapidem

689 4361 852 4414 super
898 4344 1056 4398 illam
1111 4343 1393 4413 imposuit,
1451 4343 1706 4412 quoniam
1775 4342 2029 4397 Christus
2096 4351 2248 4410 petra

688 4451 851 4506 super
943 4435 1236 4490 Eeclesiam
1297 4449 1452 4488 suam
1516 4433 1737 4498 insidet,
1795 4449 1826 4488 θ
1879 4414 2249 4487 fundamentis

2357 1969 2772 2037 παρατυχόντας
2802 1967 3097 2033 θυμιάσας,
3126 1968 3220 2019 καὶ
3253 1965 3389 2036 πρὸς
3419 1965 3478 2016 τὸ
3503 1962 3664 2032 ἔργον
3689 1958 3918 2020 εὐθύνας

2353 2060 2447 2112 xal
2479 2060 2734 2122 ἁγιάσας,
2771 2059 2987 2128 ἔρχεται
3022 2058 3081 2108 ἐν
3110 2060 3220 2119 τοῖς
3259 2055 3598 2114 ἀνατολικοῐς
3626 2049 3921 2119 θεμελίοις.

2352 2151 2590 2218 ἔνθαπερ
2615 2152 2674 2204 τὸ
2710 2152 3093 2221 θυσιαστήριον
3125 2150 3387 2218 συστῆναι
3419 2145 3624 2216 μέλλει.
3649 2144 3758 2197 Kal
3782 2139 3924 2195 κατὰ

2349 2242 2407 2295 τὸ
2445 2243 2606 2310 μέσον
2637 2243 2766 2304 στάς
2811 2241 2921 2294 τῶν
2953 2241 3053 2309 τῆς
3096 2239 3363 2309 ἀνατολῆς
3393 2233 3722 2308 ὀρυγμάτων
3742 2275 3758 2300 ,
3794 2232 3922 2286 ῐνθα

2346 2336 2408 2388 τὸ
2439 2335 2533 2387 τοῦ
2586 2334 2833 2403 βήματος
2876 2331 3223 2402 ἡμικύκλιον,
3263 2329 3428 2400 εὐχήν
3477 2327 3632 2396 ἰερὰν
3663 2325 3921 2388 ποιεῖται,

2346 2427 2597 2509 δεόμενος
2647 2427 2739 2478 τοῦ
2766 2425 2904 2479 Θεοῦ
2934 2426 3108 2494 Λόγου
3148 2425 3322 2494 Ἰησοῦ
3348 2419 3636 2491 Χριστοῦ,
3686 2417 3783 2503 τοῦ
3823 2416 3923 2485 τὴν

2312 2587 2317 2597 1
2346 2497 2538 2571 ἑαυτοῦ
2581 2517 2916 2589 Ἐκκλησίαν
2955 2515 3032 2588 τῷ
3067 2516 3181 2586 ἰδίῳ
3203 2514 3636 2585 θεμελιώσαντος
3691 2497 3910 2579 αἵματι.

2346 2613 2436 2662 καί
2464 2610 2555 2662 τὸν
2586 2609 3038 2677 οἰκοδομούμενον
3070 2604 3220 2662 οἷκον
3268 2606 3418 2674 αύτῷ
3463 2603 3642 2664 καλῶς
3669 2603 3728 2654 ἔν
3761 2597 3917 2669 αὖτῷ

2345 2700 2705 2770 στηριχθῆναι
2736 2701 2830 2753 καὶ
2865 2701 3161 2768 διαμένειν.
3199 2695 3332 2750 Εἰτα
3353 2695 3733 2764 δοξολογήσαε,
3752 2689 3915 2753 αὐτὸς

2342 2793 2461 2850 ταῖς
2494 2791 2655 2860 χερσὶ
2693 2790 2875 2851 λίθους
2909 2789 3182 2859 λαμβάνει
3228 2788 3328 2852 καὶ
3375 2787 3642 2842 ἄσϐεστον
3674 2785 3707 2854 ἢ
3743 2783 3918 2853 πηλὸν

2343 2884 2562 2954 ὀργάνῳ
2593 2883 2718 2937 τινί.
2755 2885 2863 2936 Kal
2893 2881 3168 2936 κατελθὼν
3197 2883 3254 2933 ὲν
3279 2881 3392 2942 τοῖς
3419 2877 3712 2947 θεμελίοις,
3733 2876 3918 2946 τίθησι

2341 2977 2466 3037 τοὺς
2496 2976 2697 3040 λίθους,
2730 2974 3085 3044 σταυροειδῶς
3119 2972 3425 3042 σφραγίσας
3456 2971 3673 3033 αὐτοὺς,
3701 2968 3918 3030 δεικνὺς

2340 3068 2539 3120 ὅτιτδν
2578 3069 2812 3135 Χριστὸν
2857 3068 2956 3135 τὴν
2992 3067 3244 3120 ἄσειστον
3278 3065 3482 3132 πέτραν
3533 3060 3784 3130 θεμέλιον
3827 3059 3920 3112 τέ-

2348 3159 2520 3214 θεικε.
2553 3159 2711 3212 Κατὰ
2748 3158 2805 3210 δὲ
2845 3157 2905 3210 τὸ
2939 3158 3105 3225 μέσον
3132 3157 3240 3210 τῶν
3269 3155 3431 3208 λίθων
3470 3155 3526 3206 ἐν
3557 3151 3773 3222 σμικρῷ
3811 3168 3924 3204 τινι

2349 3251 2555 3321 λάκκῳ,
2589 3246 2702 3303 οἷον
2736 3250 2792 3302 έν
2821 3249 2998 3317 τάφῳ,
3032 3247 3302 3315 κανδήλαν
3323 3244 3523 3309 λαϐὼν,
3549 3247 3644 3297 καὶ
3666 3237 3920 3310 ἐμϐαλὼν

2349 3345 2526 3397 ἔλαιον
2558 3346 2652 3397 καὶ
2682 3343 2919 3409 άνάψας,
2959 3340 3196 3409 εὐλογῶν
3219 3355 3280 3391 τε
3301 3377 3317 3402 ,
3347 3338 3553 3407 τίθησι*
3583 3335 3799 3397 δεικνὺς
3831 3331 3921 3386 διὰ

2354 3433 2450 3502 μὲν
2469 3418 2568 3484 τοῦ
2600 3432 2783 3484 ἐλαίου
2815 3431 2906 3483 τὸν
2938 3431 3088 3484 ἔλεον
3127 3429 3222 3484 τοῦ
3263 3426 3423 3490 Θεοῦ,
3471 3425 3528 3488 δς
3558 3425 3709 3478 ἔσται
3749 3439 3917 3495 χορη-

2349 3525 2614 3592 γούμενος
2648 3523 2738 3575 διὰ.
2765 3521 2858 3575 τοῦ
2911 3521 3333 3588 άνεγειρομένου
3381 3516 3684 3580 obeam-6d
3713 3515 3768 3569 δέ
3821 3513 3918 3568 τοῦ

2350 3613 2524 3682 φωτὸς
2553 3615 2644 3665 τὸν
2685 3613 2891 3666 ἄνωθεν
2942 3612 3222 3680 φωτισμὸν
3269 3609 3420 3676 παρὰ
3458 3608 3552 3661 τοῦ
3600 3609 3775 3677 φωτὸς
3823 3603 3918 3660 τοῦ

2350 3697 2626 3772 ἀληθινοῦ.
2678 3702 2771 3752 καὶ
2800 3700 2932 3751 αὐτὸ
2974 3699 3035 3751 τὸ
3089 3699 3248 3767 μόνον
3283 3696 3399 3766 φῶς
3445 3695 3536 3746 τὸν
3588 3690 3824 3765 Χριστὸν
3859 3691 3921 3745 ἐν

2350 3797 2504 3863 τάφῳ
2535 3792 2760 3846 τεθέντα
2791 3791 2862 3844 δι’
2892 3790 3064 3860 ἡμᾶς,
3110 3790 3204 3842 καὶ
3251 3791 3310 3841 ἐν
3354 3785 3540 3854 ἐλαίῳ,
3580 3784 3661 3837 ὅτι
3698 3778 3924 3852 ήλειψεν

2349 3889 2497 3956 ἡμᾶς
2529 3885 2694 3955 ἐλαίῳ
2722 3884 2823 3953 τῆς
2853 3883 3102 3952 χάριτος,
3161 3883 3258 3934 καὶ
3305 3882 3387 3934 δτι
3441 3879 3492 3932 δι
3555 3877 3761 3941 ἐλαίου,
3799 3873 3921 3946 ἦτοι

2347 3977 2443 4031 τοῦ
2481 3977 2676 4047 μύρου,
2710 3977 2739 4028 6
2777 3970 2927 4035 οἰκος
2955 3972 3398 4038 τελειωθήσεταιο
3430 3970 3524 4025 καὶ
3565 3971 3647 4023 δτι
3699 3967 3759 4023 τὸ
3804 3964 3923 4037 φῶς

2348 4075 2377 4125 6
2403 4071 2635 4140 Χριστὸς
2664 4067 2784 4138 μεθ’
2815 4066 2974 4138 ήμῶν
3007 4066 3184 4127 ἔσται,
3216 4064 3312 4117 καὶ
3341 4066 3400 4118 ἐν
3441 4063 3521 4133 τῷ
3560 4061 3694 4131 οἴκῳ
3733 4076 3921 4115 κατοι-

2351 4163 2485 4225 κῶν,
2519 4163 2552 4230 ἡ
2587 4161 2644 4226 ἐξ
2678 4159 2845 4226 ὕψους
2871 4156 3128 4226 άνατολή.
3167 4155 3544 4224 Οἰκονομήσας
3585 4153 3641 4206 δέ
3688 4153 3784 4206 καὶ
3819 4150 3918 4221 τήν

2352 4253 2688 4321 φωταγωγὺν
2717 4251 2936 4316 ἐκείνην
2986 4247 3245 4317 ἀσφαλῶς
3279 4247 3460 4318 μένειν
3505 4245 3593 4300 διὰ
3635 4246 3726 4298 τὸν
3777 4242 3924 4314 ἱερὸν

2352 4343 2654 4413 φωτισμὸν,
2683 4342 2779 4393 καὶ
2808 4341 2900 4393 διά
2927 4340 2989 4392 τὸ
3018 4338 3201 4401 καλῶς
3234 4336 3524 4402 εἰκονίξειν
3552 4337 3652 4406 τήν
3692 4333 3926 4401 Ἐκκλη-

2353 4436 2497 4498 σίαν,
2524 4432 2599 4496 ὡς
2628 4435 2654 4486 6
2680 4431 3037 4502 ήγαπημένος
3073 4431 3132 4482 ὲν
3160 4431 3226 4499 τῇ
3261 4427 3629 4496 Ἀποκαλύψει
3654 4427 3788 4496 φησί
3821 4441 3927 4494 μα-

685 4528 980 4596 egreditur.
1047 4524 1114 4578 Et
1175 4525 1372 4578 iterum
1444 4523 1605 4577 aliam
1647 4523 1776 4576 facit
1830 4524 2156 4585 orationem,
2193 4529 2305 4586 nt[

2356 4526 2468 4579 θεῖν
2495 4525 2594 4587 τὰς
2628 4523 2768 4576 me
2821 4521 3043 4592 λυχνίας
3095 4516 3387 4582 εἶναιιτάς
3428 4517 3779 4587 Ἐκκλησίας,
3830 4517 3925 4569 καὶ

689 4619 780 4672 Dei
839 4618 1174 4687 providentia
1243 4617 1692 4684 protectioneque
1739 4626 1926 4685 surgat
1956 4616 2150 4671 domus
2185 4630 2248 4668 ac

687 4707 909 4774 pulchre
941 4709 1253 4776 pcrticiatnr
1285 4719 1545 4770 exorans,
1571 4718 1778 4778 necnon
1839 4714 1895 4758 ut
1931 4707 2248 4775 tpsiuslun-

687 4803 940 4854 «lamenta
977 4800 1198 4868 ipsaque
1236 4811 1452 4866 semper
1507 4797 1830 4852 inconcussa
1869 4808 2248 4866 permaneant,

685 4889 1106 4946 ctanliﬁcanlos‘
1155 4888 1222 4942 ab
1256 4887 1471 4957 injuriis
1515 4896 1571 4942 et
1616 4889 1795 4943 noxiis
1835 4890 1943 4944 sint
1971 4890 2243 4945 immunes

687 4983 813 5053 (hoc
843 4990 1020 5035 autem
1044 4981 1197 5044 dicit,
1228 4992 1296 5033 eo
1326 4978 1470 5047 quod
1491 4979 1762 5034 invidiosa
1795 4987 1924 5034 sunt
1955 4981 2247 5041 daemonia,

690 5081 938 5141 et‘super
963 5072 1047 5125 his
1068 5070 1267 5126 divinis
1299 5069 1564 5138 maleﬁca)
1589 5109 1604 5134 ,
1649 5070 2102 5141 proferentesquc
2138 5070 2248 5123 Deo

689 5181 777 5219 res
805 5165 870 5217 ad
899 5162 1319 5217 aediﬁcationem
1379 5163 1750 5226 necessarias,
1774 5163 1998 5217 divitem
2030 5163 2100 5218 ab
2130 5165 2250 5233 ipso

688 5253 989 5310 mercedem
1021 5253 1307 5320 recipiant.
1337 5253 1629 5316 Postquam
1685 5252 1799 5308 hinc
1865 5254 2159 5324 complevit
2199 5267 2253 5309 et

690 5346 924 5414 signavit
980 5341 1250 5398 ctultima
1310 5356 1473 5413 prece
1535 5343 1787 5407 ﬁrmavit,
1849 5339 1961 5398 abit
2023 5345 2251 5401 Domino

691 5435 890 5507 gratias
919 5450 1108 5504 agens.
1137 5433 1283 5502 Opus
1312 5445 1490 5487 autem
1517 5433 1628 5503 jam
1690 5434 1808 5488 fieri
1874 5436 2061 5505 erepit.
2113 5437 2250 5492 Cum

693 5542 819 5581 vero
877 5535 1098 5588 cuncta,
1127 5525 1420 5594 adjuvante
1466 5525 1597 5589 Deo,
1626 5528 1894 5596 completa
1929 5537 2082 5593 sunt,
2113 5530 2254 5584 inte-

693 5618 833 5669 riora
871 5627 1034 5684 atque
1084 5614 1380 5678 exteriora,
1433 5615 1733 5669 sacrarium
1765 5615 1848 5670 vel
1871 5620 2248 5674 sanctuarium

695 5709 1050 5763 azlorienlem
1101 5708 1480 5771 constitutum,
1535 5709 1716 5762 tabula
1768 5710 2155 5778 propositionis
2185 5713 2249 5765 ad

695 5801 992 5865 dexteram,
1025 5811 1076 5854 et
1109 5799 1171 5853 ad
1200 5800 1477 5856 sinistram
1502 5799 1817 5855 diacoiiatus
1884 5801 2040 5857 scdes
2105 5805 2252 5861 ordi-

2359 4619 2506 4672 λίθον
2541 4618 2726 4671 ἒπὰνω
2769 4616 2974 4686 ταύτης
3006 4615 3256 4685 θέμενος,
3290 4615 3373 4667 ὅτι
3426 4613 3660 4681 Χριστδς
3686 4613 3718 4682 ή
3749 4610 3925 4683 πέτρα

2357 4711 2692 4779 έπικάθηται
2737 4710 2840 4778 τῆς
2899 4706 3234 4775 Ἑκκλησίας
3272 4703 3459 4769 αὐτοῦ,
3495 4703 3776 4774 ἐξέρχεται
3817 4705 3928 4758 τῶν

2358 4805 2645 4875 θεμελίων.
2676 4805 2784 4858 Kal
2810 4803 2974 4856 πάλιν
3001 4803 3198 4872 ἑτέραν
3223 4792 3457 4855 ποιεῖται
3485 4801 3671 4872 εὐχήν,
3701 4802 3927 4872 προνοίᾳ

2357 4895 2491 4948 Θεοῦ
2524 4895 2620 4948 καὶ
2650 4894 2827 4963 σκέπῃ
2858 4893 2950 4945 τὸν
2992 4888 3142 4945 οἷκον
3190 4892 3499 4962 ἐγείρεσθαι
3570 4894 3666 4947 καὶ
3706 4893 3924 4945 τελειω-

2359 4989 2516 5057 θῆναι
2545 4986 2724 5047 καλῶς
2747 4983 3149 5052 ἐξαιτούμενος,
3180 4986 3422 5045 καὶτοὺς
3446 4984 3732 5052 θεμελίους
3758 4982 3923 5037 αὐτοῦ

2358 5080 2456 5131 καὶ
2485 5077 2649 5130 αὐτὸν
2679 5074 3008 5138 άσαλεύτους
3037 5074 3331 5137 διαπαντὸς
3365 5075 3665 5145 διαμένειν,
3717 5078 3926 5147 ἀνεπη-

2363 5171 2619 5238 ρεάστους
2654 5185 2713 5220 τε
2742 5163 2880 5221 εἶναι
2912 5169 3036 5229 τοὺς
3069 5165 3485 5236 οἰκοδομοῦντας
3516 5169 3608 5222 καὶ
3635 5168 3923 5234 άὸλαδεῐςο

2356 5261 2515 5314 τοῦτο
2562 5260 2618 5312 δὲ
2665 5259 2831 5326 λέγει,
2881 5259 2964 5310 ὅτι
2998 5257 3232 5328 φθονερὰ
3272 5260 3338 5312 τὰ
3377 5259 3628 5329 δαιμόνια
3678 5262 3773 5314 καὶ
3829 5261 3924 5316 ἐπὶ

2359 5349 2567 5410 τούτοις
2596 5351 2706 5410 τοῖς
2736 5349 2900 5410 θείοις
2932 5349 3332 5417 ὲπηρεαστικά·
3357 5352 3480 5412 τοὺς
3514 5351 3924 5421 προσφέροντάς

2359 5456 2416 5490 τε
2463 5439 2582 5508 Θεῷ
2617 5438 2686 5490 τὰ
2740 5439 2874 5506 πρὸς
2907 5438 3005 5505 τὴν
3056 5439 3345 5508 οἰκοδομήν
3393 5441 3552 5510 116
3591 5443 3683 5495 τὸν
3735 5446 3926 5513 μισθὸν

2363 5533 2628 5595 πλουσίως
2659 5533 2790 5602 παρ’
2819 5530 2985 5583 αὐτοῦ
3025 5531 3314 5601 λήψεσθαι.
3347 5530 3534 5587 Ταῦτα
3577 5535 3801 5600 τελέσας
3830 5540 3922 5593 καὶ

2363 5624 2666 5692 σφραγίσας
2702 5625 2794 5676 καὶ
2817 5622 3208 5692 ἐπευξάμενος,
3249 5625 3548 5694 ἀπέρχεται
3585 5628 3922 5698 εὐχαριστῶν

2362 5716 2437 5782 τῴ
2465 5713 2672 5782 Κυρίῳ.
2703 5706 2776 5764 Τὸ
2799 5712 2855 5764 δὲ
2889 5712 3049 5778 ἔργον
3074 5713 3177 5782 ήδη
3209 5715 3470 5784 ἐνήρξατο
3496 5715 3758 5782 γίνεσθαι.
3786 5723 3920 5777 Πάν.

2362 5822 2467 5856 των
2495 5803 2549 5855 δὲ
2586 5803 2682 5856 σὺν
2708 5801 2829 5871 Θεῷ
2863 5800 3246 5868 τελεσθέντων,
3281 5804 3387 5856 τῶν
3413 5822 3470 5858 τε
3505 5808 3653 5872 ἐντὸς
3699 5814 3792 5866 καὶ
3821 5813 3923 5876 τῶν
