4168 6318
301 424 415 486 349

1543 426 1638 484 DE
1682 423 1924 485 SACRO
1966 421 2301 483 TENIPLO.

3481 410 3587 475 3ῖο

301 541 460 609 λσδὴ.
499 541 570 604 ὡς
617 540 842 610 ἀστέρες
889 540 954 592 τὰ
1009 540 1160 608 φῶτα
1221 541 1522 611 ᾑὼρηντσιε.
1567 543 1677 594 Καὶ
1731 543 1758 593 δ
1798 541 1893 594 κύ-

2004 542 2152 605 licet,
2194 551 2251 593 ut
2284 547 2453 603 astra,
2487 536 2695 592 lumina
2732 532 3188 604 suspenduntur;
3225 538 3382 584 etest
3417 528 3588 582 lumi-

301 634 430 695 κλος
489 635 604 686 ἐστὶ
662 634 768 684 τῶν
804 632 998 701 φώτων
1049 633 1110 684 τὸ
1162 635 1451 701 στερέωμα
1504 635 1891 704 ύπεμφαίνων,

299 727 398 779 καὶ
433 726 529 787 τὰς
577 723 753 788 ζώνας
805 724 910 776 τῶν
944 723 1264 793 πλανητῶν.
1297 724 1409 777 Καὶ
1458 723 1536 776 ἔτι
1579 725 1744 794 ἕτερα
1782 743 1895 793 φω-

300 817 497 887 τοδ-ὗχα
557 817 920 888 ἀπῃὼρηνται
955 819 1157 886 σκῑύηο
1199 817 1294 869 καὶ
1350 818 1416 868 ei
1474 817 1575 883 μὲν
1617 817 1695 878 εἰς
1721 817 1892 869 τύπον

298 911 397 964 τοῦ
430 909 660 962 παλαιοῦ
689 910 916 980 πυρίνου
945 909 1160 978 στύλον,
1197 909 1440 979 στυλώδη
1475 910 1568 961 καὶ
1589 908 1750 980 ὄρθια
1779 928 1789 939 ·
1825 911 1894 963 τὰ

300 1003 356 1054 δὲ
407 1004 508 1072 τῆς
561 1000 727 1069 βάτου
757 1017 771 1032 ο
804 1001 872 1053 τά
929 1001 985 1054 δὲ
1019 1001 1114 1053 τοῦ
1163 1001 1253 1055 τὸν
1295 1002 1486 1054 Ἥλίαν
1535 1001 1894 1067 ἁρπάσαντος
1953 997 1960 1001 ”

302 1096 572 1162 ἁρματος,
608 1094 752 1163 ἆπερ
809 1095 950 1147 εἰσὶν
997 1095 1045 1146 oi
1102 1095 1309 1164 τροχοί.
1361 1095 1474 1148 Καὶ
1524 1097 1590 1149 τὰ
1639 1096 1740 1163 μὲν
1778 1111 1893 1162 τρι-

301 1187 500 1253 λαμπῆ
527 1187 614 1238 διὰ
651 1189 751 1255 τὴν
782 1188 1013 1258 Τριάδα,
1055 1187 1128 1250 ὡς
1161 1189 1253 1241 καὶ
1284 1189 1350 1239 τὰ.
1407 1190 1692 1256 τρικὴρια,
1735 1188 1802 1240 τὰ
1836 1187 1893 1238 δὲ

304 1276 619 1346 ἐπτάλ·ιχνα
651 1278 740 1331 διὰ
760 1277 870 1331 τῶν
909 1280 1267 1348 χαρισμάτων
1298 1279 1388 1331 τὸν
1431 1280 1665 1350 ἀριθμόν
1691 1295 1704 1310 ·
1739 1280 1805 1332 τὰ
1837 1279 1891 1332 δὲ

300 1371 672 1440 δωδεκάφωτα
724 1370 812 1423 διὰ
861 1371 961 1441 τὴν
1007 1372 1116 1424 τῶν
1173 1372 1489 1426 ἀποστόλων
1539 1372 1783 1442 κορείαν,
1816 1365 1893 1426 ὧν

305 1465 403 1516 καὶ
432 1465 596 1531 μέσον
627 1465 684 1517 ἓν
719 1465 934 1520 ἵσταται
976 1465 1279 1536 ὑπέρτερον
1319 1467 1455 1536 φῶς,
1489 1469 1567 1530 είς
1593 1468 1765 1520 τύπον
1798 1469 1894 1521 τοῦ

306 1557 548 1623 μεγάλου
601 1558 801 1625 φωτὸς,
839 1561 933 1612 τοῦ
973 1560 1173 1628 Ἰησοῦ.
1205 1560 1364 1612 Ἔστι
1416 1560 1472 1613 δὲ
1510 1563 1603 1612 καὶ
1641 1560 1893 1630 δικήριον

302 1648 363 1697 τ’,
395 1647 586 1716 διφυὲς
623 1649 789 1700 αὐτοῦ
829 1649 1042 1718 δηλοῦν.
1098 1649 1210 1703 Καὶ
1241 1650 1397 1718 φῶτα
1441 1651 1732 1720 μοναδικᾶ,
1767 1651 1798 1721 ἢ
1832 1650 1891 1703 τὸ

305 1739 508 1791 ἐνιαῖον
537 1739 638 1809 τῆς
671 1739 902 1811 Τριάδος
942 1743 1230 1813 δηλοῦντα,
1260 1745 1290 1814 ἤ
1323 1747 1415 1798 καὶ
1447 1746 1558 1798 τῶν
1594 1747 1768 1813 ἁγίων
1797 1746 1896 1799 ἕνα

304 1830 451 1896 τινὰ,
494 1831 722 1901 πρδςόν
759 1834 1115 1907 ἀπῃώρηται.
1143 1837 1262 1898 Φῶς
1303 1837 1412 1907 γὰρ
1453 1839 1595 1891 κατᾶ
1634 1838 1892 1908 μετοχὴν,

306 1923 402 1973 καὶ
459 1924 566 1975 τῶν
621 1925 793 1992 ἁγίων
852 1925 1102 1992 ἕκαστος,
1139 1928 1215 1992 ὠς
1269 1931 1368 1982 καὶ
1426 1929 1621 2000 λυχνία
1661 1929 1813 1993 ζῶσα
1861 1933 1898 2001 ή

303 2013 453 2087 ψυχὴ
487 2015 653 2070 αὑτοῦ
686 2019 803 2070 ἐστι
857 2018 1173 2088 λάμπουσα.
1220 2022 1287 2077 Ἠ
1345 2024 1648 2094 στερῤότης
1694 2023 1750 2077 δὲ
1805 2025 1899 2085 καὶ

304 2105 622 2175 εὐπρέπεια
645 2107 739 2160 τοῦ
765 2107 919 2173 ναοῦ,
954 2107 1049 2162 καὶ
1080 2111 1112 2179 ἠ
1144 2109 1237 2162 τοῦ
1287 2110 1518 2178 ἐδάφους
1569 2111 1898 2180 τερπνότηςι

302 2200 368 2253 τὸ
415 2199 619 2270 ὡραῖον
675 2201 898 2270 δηλοῦσι
949 2203 1045 2256 καὶ
1110 2203 1353 2274 καθαρὸν
1410 2205 1521 2258 τῶν
1586 2205 1760 2272 ἁγίων
1804 2207 1901 2257 καὶ

303 2291 609 2360 πάγκαλον,
654 2293 751 2348 καὶ
789 2293 850 2347 τὸ
909 2294 1006 2348 τοῦ
1047 2295 1386 2365 παραδείσου
1436 2297 1698 2366 τερπνόν.
1743 2295 1899 2349 Ἐπεὶ

303 2385 406 2438 καὶ
435 2384 510 2449 ὡς
534 2385 865 2456 παράδεισον
888 2388 1195 2459 εἰρήκαμεν
1226 2390 1603 2453 είκονίζεσθαι
1635 2391 1729 2443 τὸν
1753 2390 1899 2442 θεῖον

301 2474 458 2529 ναόν.
492 2476 712 2530 Μᾶλλον
740 2477 798 2530 δὲ
827 2478 923 2531 καὶ
956 2478 1131 2549 μείζω
1161 2481 1393 2551 παρέχει
1429 2480 1525 2533 τοῦ
1553 2481 1890 2550 παραδείσου

302 2567 375 2620 τὰ
422 2567 722 2636 ἐπουράνια
768 2568 956 2638 δῶρα·
997 2570 1060 2624 ού
1118 2571 1278 2637 ξύλον
1340 2572 1492 2641 ζωῆς
1532 2572 1746 2635 ἁπλῶς,
1781 2569 1899 2626 ἁλλ’

304 2657 480 2728 αὐτὴν
533 2658 672 2730 ἔχων
704 2659 802 2730 τὴν
853 2660 1001 2732 ζωὴν
1049 2664 1520 2743 ίερουργουμένην
1553 2666 1649 2717 καὶ
1681 2664 1900 2734 διδομέ-

304 2767 429 2820 νην.
468 2750 578 2803 Καὶ
611 2751 672 2803 ού
712 2751 869 2815 ξύλον
927 2753 1009 2806 ἔτι
1061 2753 1328 2825 κέκτηται
1361 2755 1645 2823 γνώσεως,
1671 2755 1786 2817 τοῖς
1824 2755 1901 2825 μὴ

308 2845 453 2897 κατὰ
483 2843 676 2913 καιρὸν
718 2844 1038 2914 γευομένοις
1097 2847 1397 2918 προξενοῦν
1427 2849 1734 2920 γύμνωσιν,
1764 2849 1902 2906 ἀλλὰ

305 2933 409 3001 τὴν
445 2935 629 2998 ζῶσαν
683 2936 901 3004 σοφίαν,
957 2939 1161 3010 ἑαυτὴν
1199 2942 1280 3004 εἰς
1342 2942 1550 3014 τροφὴν
1601 2945 1699 2998 καὶ
1737 2946 1900 2998 πόσιν

311 3026 663 3097 παρέχουσαν
697 3028 795 3082 καὶ
829 3030 1132 3101 κιρνῶσαν,
1183 3035 1682 3107 προσκαλουμένην
1710 3053 1768 3090 τε
1804 3037 1903 3090 καὶ

309 3117 704 3182 συνετίζουσαν
740 3117 868 3188 τοὺς
906 3120 1175 3192 ἄφρονας,
1199 3124 1299 3178 καὶ
1335 3124 1405 3178 τὰ
1441 3124 1666 3195 θύματα
1698 3126 1898 3195 νέμου-

310 3227 434 3276 σαν,
464 3209 526 3262 τδ
573 3207 733 3278 σῶμα
787 3207 883 3263 καὶ
936 3206 1080 3282 αἷμα
1129 3214 1352 3285 ἐαυτῆς,
1387 3216 1484 3269 καὶ
1546 3215 1689 3287 ὑπὲρ
1742 3215 1903 3287 ἡμῶν

313 3303 724 3375 σφαττομένην,
764 3300 860 3355 καὶ
908 3305 1008 3370 ούῃ
1053 3305 1135 3360 ἔτι
1181 3307 1473 3376 λέγουσαν,
1512 3328 1531 3361 ‹
1565 3310 1657 3379 Μὴ
1690 3309 1903 3379 φάγητε

311 3395 414 3449 ἀπ’
433 3395 622 3464 αὐτοῦ,
647 3399 734 3453 ἵνα
762 3401 837 3472 μὴ
854 3399 1184 3470 ἀποθάνητε,
1214 3417 1232 3450 ›
1263 3399 1422 3465 ἀλλὰ,
1450 3399 1667 3468 «Δεῦτε,
1698 3401 1904 3471 φάγετε

312 3487 408 3542 τὶν
459 3490 593 3560 ὲμδν
625 3491 815 3563 άρτον,
848 3493 910 3548 τὸ
960 3491 1123 3562 σῶμά
1172 3510 1297 3562 μου,
1336 3491 1432 3547 καὶ
1483 3492 1639 3546 πίετε
1673 3489 1815 3546 οἶνον
1846 3492 1907 3547 δν

312 3580 597 3652 κεκέρακα
627 3584 780 3654 ὑμῖν,
818 3586 880 3639 τδ
910 3585 1013 3656 τῆς
1048 3585 1243 3655 καινῆς
1279 3586 1552 3656 διαθήκης
1602 3573 1742 3656 αἷμά
1776 3604 1906 3656 μου.

314 3672 431 3728 Καὶ
463 3673 758 3732 armum;
813 3677 1133 3749 ἀφροσύνην
1180 3679 1470 3743 ἀπιστίας,
1503 3681 1601 3732 καὶ
1645 3678 1907 3748 ζήσεσθε.

315 3767 430 3824 Καὶ
457 3767 732 3840 ζητήσαι-ε
763 3772 1031 3842 φρόνησιν
1057 3770 1369 3833 εὐσεϐείας,
1396 3770 1496 3840 ἐμὲ
1521 3770 1770 3841 δηλονότι
1804 3771 1906 3840 τὴν

315 3860 537 3916 πάντων
571 3864 855 3936 φρόνησιν,
894 3862 984 3919 ἵνα
1017 3862 1253 3934 βιώσητε
1291 3863 1497 3928 ζῶντες
1554 3862 1794 3926 αίωνίως
1818 3877 1832 3893 ·
1876 3879 1896 3913 ι

316 3958 418 4012 καὶ
444 3957 514 4012 τά
543 3958 790 4029 ἑπόμενα
823 3957 1056 4022 τούτοις.
1089 3959 1202 4011 Καὶ
1233 3956 1317 4010 ἔτι
1350 3957 1554 4029 ὡραῖος
1583 3956 1612 4010 ὀ
1639 3955 1789 4024 ναὸς,
1821 3956 1903 4009 ὅτι

315 4049 510 4105 κάλλει
543 4050 746 4123 ὡραῖος
776 4051 806 4104 ὁ
841 4053 982 4124 πρὸς
1017 4053 1164 4124 ἡμᾶς
1207 4050 1608 4122 παραγεγονὼς
1648 4051 1725 4113 ὡς
1762 4066 1908 4105 πανο

317 4143 594 4214 άμωμος*
657 4146 755 4201 καὶ
807 4147 1067 4217 νυμφίος
1096 4138 1251 4210 οὗτος
1303 4145 1544 4217 ὥραϊοςι
1599 4146 1696 4199 καὶ
1740 4145 1775 4215 ἡ
1823 4161 1910 4198 νε-

313 4241 676 4312 νυμφενμένη
707 4240 854 4312 αύτῷ
886 4240 1089 4313 ὡραία,
1128 4243 1162 4312 ἡ
1203 4239 1524 4308 Ἐκκλησία,
1551 4239 1627 4296 ὡς
1653 4237 1906 4301 ἄσπιλος.

2001 650 2128 688 num
2163 632 2427 696 circulus,
2465 631 2868 684 ﬁrmamentum
2911 640 3193 695 zonasque
3239 625 3583 692 planetarum

1999 728 2398 790 suhindicans;
2447 732 2503 778 et
2559 722 2738 777 adhuc
2776 731 2904 777 sunt
2957 719 3126 773 altera
3175 733 3303 771 vasa
3341 717 3406 771 ad
3442 715 3584 770 rcci-

1997 822 2220 889 picndas
2268 821 2422 875 luces
2467 832 2735 888 suspensa
2776 834 2790 873 :
2848 825 2902 870 et
2949 814 3054 867 alia
3102 812 3320 880 quidem
3363 817 3493 865 sunt
3528 811 3581 863 in

1999 927 2183 986 typum
2208 915 2409 971 veteris
2438 916 2618 985 ignita:
2649 913 2935 970 columna.
2970 911 3020 966 in
3045 908 3311 963 columna-.-
3339 903 3575 958 formam

1997 1004 2211 1075 erecta;
2249 1007 2351 1061 alia
2384 1021 2535 1068 vero,
2565 1005 2617 1058 in
2661 1014 2848 1074 typum
2887 1003 3046 1065 rubi;
3084 999 3189 1053 alia
3234 1008 3412 1051 autem
3446 1011 3575 1048 cur-

2001 1116 2094 1155 rus
2120 1098 2294 1152 Eliam
2324 1095 2646 1156 auferentis.
2675 1096 2903 1149 formam
2936 1089 3275 1158 exprimunt,
3308 1097 3360 1141 et
3395 1085 3587 1138 dicunq

2001 1201 2089 1244 tur
2118 1201 2269 1246 reue:
2309 1189 2412 1242 alia
2447 1194 2576 1240 sunt
2615 1184 2680 1239 ad
2723 1183 2824 1235 tria
2861 1179 3066 1234 lumina
3099 1186 3321 1248 propter
3343 1176 3586 1228 Trinita-

1999 1292 2131 1343 tem.
2178 1285 2323 1337 sicut
2375 1289 2430 1333 et
2476 1278 2618 1332 cerei
2675 1275 2928 1340 trifurci;
2969 1273 3074 1325 alia
3113 1279 3318 1339 septem
3381 1268 3584 1320 hab‘nt

1999 1377 2205 1430 lumina
2247 1376 2400 1444 iuxta
2452 1387 2740 1426 numerum
2779 1367 3200 1430 charismatum;
3239 1356 3586 1415 alia'duode-

1999 1473 2131 1536 cim,
2165 1451 2388 1539 propter
2419 1468 2792 1537 apostolorum
2834 1463 3066 1517 chorum
3096 1476 3110 1525 ;
3144 1459 3435 1524 interqure
3477 1468 3587 1506 me-

2002 1564 2148 1617 dium
2203 1575 2371 1614 unum
2425 1556 2668 1626 assurgit
2717 1552 2971 1621 superius
3028 1551 3236 1612 lumen,
3293 1546 3347 1598 iu
3395 1555 3584 1613 typum

2003 1654 2188 1724 magni
2244 1652 2491 1714 luminis,
2543 1647 2695 1704 Jesu.
2737 1645 2833 1700 Est
2885 1643 3050 1698 etiam
3099 1639 3320 1709 duplice
3373 1635 3585 1690 lumine

2003 1762 2195 1802 cereus
2221 1746 2288 1800 ad
2328 1745 2601 1811 duplicem
2635 1741 2811 1811 ipsius
2855 1734 3255 1792 ostendendam
3283 1739 3537 1784 naturam
3570 1767 3585 1789 ,

2000 1841 2324 1909 luminaque
2355 1837 2678 1908 singularia,
2712 1850 2833 1903 quze
2871 1833 2951 1886 vel
2990 1827 3282 1883 Trinitatis
3316 1825 3586 1879 unitatem

1927 1899 1975 2007 Β
2009 1935 2341 2005 signiﬁcant,
2366 1931 2449 1987 vel
2477 1930 2719 1985 indicant
2748 1927 2987 1994 aliquem
3025 1931 3342 1979 sanctorum
3377 1932 3548 1971 unum
3573 1957 3590 1979 ,

2006 2038 2227 2099 propter
2271 2041 2451 2093 quem,
2469 2022 2910 2093 suspenduntur.
2948 2019 3155 2073 Lumen
3195 2014 3341 2070 enim
3381 2018 3464 2065 est
3498 2024 3594 2076 per

2003 2119 2477 2190 participationem
2508 2123 2823 2172 sanctorum
2869 2109 3286 2179 unusquisque;
3333 2107 3475 2160 sicut
3506 2101 3591 2154 lu-

2004 2227 2165 2268 cerna
2211 2211 2425 2272 vivens,
2476 2208 2654 2276 ipsius
2704 2206 2891 2262 anima
2951 2201 3290 2272 resplendet.
3347 2197 3593 2251 Trinitas

2004 2313 2184 2372 autem
2238 2317 2302 2356 ac
2352 2299 2538 2368 templi
2590 2299 2736 2354 nitor
2783 2305 2838 2352 et
2891 2294 3194 2366 pavimenti
3244 2290 3588 2361 iucunditas,

2005 2403 2325 2451 sanctorum
2357 2389 2846 2464 pulchritudinem.
2896 2389 3194 2459 puritatem
3226 2401 3290 2441 ac
3333 2385 3591 2440 decorem

2008 2495 2430 2557 reprzcsentant,
2464 2484 2608 2539 sicut
2643 2493 2696 2538 et
2726 2483 2962 2552 paradisi
3023 2480 3428 2552 iucunditatem
3465 2496 3477 2531 :
3519 2478 3595 2532 si-

2003 2580 2233 2650 quidem
2263 2577 2432 2633 vcluti
2467 2576 2784 2647 paradisum
2819 2575 2964 2646 typis
3000 2573 3309 2644 exprimere
3353 2571 3596 2638 diximus

2005 2671 2255 2727 divinum
2310 2659 2616 2737 templum;
2671 2666 2757 2721 vel
2821 2667 3007 2736 potius
3069 2665 3274 2734 majora
3332 2661 3595 2731 paradiso

2005 2769 2254 2834 praestat,
2293 2759 2540 2818 caelestia
2582 2759 2766 2826 dona;
2811 2773 2920 2814 non
2974 2757 3154 2813 solum
3189 2756 3313 2811 vitae
3343 2755 3549 2824 lignum
3579 2793 3595 2818 ,

2003 2854 2099 2912 sed
2144 2855 2315 2923 ipsam
2369 2852 2535 2907 habet
2579 2852 2772 2917 vitam,
2823 2851 2878 2907 in
2935 2850 3112 2906 sacris
3147 2849 3489 2903 immolatam
3531 2860 3596 2899 ac

2007 2947 2286 3004 traditam.
2313 2945 2431 3002 Non
2453 2945 2566 3016 jam
2593 2945 2834 3016 possidet
2869 2943 3111 3000 scientiae
3138 2942 3367 3013 lignum,
3395 2941 3460 2995 de
3488 2940 3595 2993 hoc

2006 3054 2117 3094 non
2147 3044 2458 3107 opportune
2490 3035 2782 3092 edentibus
2831 3035 3067 3090 aﬂerens
3115 3033 3463 3099 nuditatem;
3501 3032 3594 3084 sed

2007 3131 2286 3184 viventem
2325 3127 2676 3200 sapientiam,
2713 3128 3064 3197 semetipsum
3097 3127 3150 3180 in
3187 3126 3370 3180 cibum
3405 3135 3457 3178 et
3497 3137 3593 3191 po-

1931 3246 1978 3307 c
2009 3228 2126 3275 tum
2169 3219 2503 3290 praebentem
2560 3235 2625 3276 ac
2682 3220 3044 3285 miscentem,
3098 3226 3499 3286 vocantemque
3541 3221 3598 3267 ct

2009 3311 2338 3368 excitantem
2381 3311 2761 3382 imprudentes
2792 3351 2807 3377 ,
2852 3327 3064 3367 necnon
3108 3307 3361 3365 victimas
3407 3306 3598 3361 distri-

2011 3404 2294 3469 buentem,
2326 3415 2528 3471 corpus
2571 3412 2626 3458 et
2669 3403 2993 3474 sanguinem
3027 3403 3225 3467 suuni;
3283 3409 3337 3455 et
3374 3408 3602 3470 propter

2012 3509 2114 3550 nos
2143 3493 2504 3560 immolatam;
2533 3508 2634 3551 nec
2657 3493 2770 3563 jam
2804 3491 3075 3548 dicentem
3106 3509 3121 3547 :
3155 3509 3174 3543 ι
3216 3488 3295 3544 Ne
3318 3487 3599 3545 comedite

2013 3601 2080 3642 ex
2123 3601 2209 3651 eo,
2243 3593 2304 3641 ut
2345 3601 2452 3641 non
2484 3587 2832 3652 moriemini;
2877 3605 2896 3639 ι
2927 3581 3021 3642 sed
3061 3602 3076 3640 :
3110 3603 3128 3637 ι
3170 3583 3386 3648 Venite,
3415 3595 3602 3636 contea

2012 3680 2126 3735 dite
2153 3694 2348 3750 panem
2388 3695 2592 3746 meum,
2628 3694 2830 3750 corpus
2866 3692 3050 3734 meum
3077 3716 3093 3740 ,
3128 3683 3184 3733 et
3213 3674 3385 3732 bibite
3410 3675 3605 3729 vinum.

2010 3768 2157 3840 quod
2220 3769 2415 3825 miscui
2486 3768 2660 3834 vobis,
2687 3767 2824 3823 Novi
2865 3766 3216 3834 Testatuenti
3273 3750 3638 3836 sanguinem

2013 3870 2220 3919 meum.
2244 3860 2697 3927 Etderelinquite
2729 3860 3060 3917 dementiam
3092 3859 3516 3921 incredulitatis,
3548 3865 3605 3911 et

2014 3953 2216 4020 vivite;
2245 3961 2298 4018 et
2322 3952 2552 4024 querito
2584 3951 2933 4021 prudentiam
2971 3952 3213 4021 pietatis.
3247 3965 3334 4006 me
3364 3949 3602 4014 scilicet,

2014 4046 2260 4107 omnium
2289 4044 2743 4116 prudentiam,ut
2765 4043 2885 4100 sitis
2911 4044 2964 4099 in
2999 4054 3265 4100 aeternum
3292 4043 3600 4108 viventes;o

2021 4148 2077 4194 et
2107 4140 2194 4196 his
2235 4137 2541 4209 sequentia.
2595 4138 2691 4193 Est
2735 4137 2902 4192 etiam
2944 4136 3253 4207 speciosum
3291 4135 3554 4205 templum
3580 4175 3600 4200 ,

2019 4231 2278 4304 quoniam
2313 4229 2667 4300 aspectabilis
2698 4238 2817 4285 erat
2842 4229 3023 4300 specie
3054 4232 3148 4301 qui
3190 4229 3342 4285 venit
3373 4228 3440 4284 ad
3475 4241 3598 4288 nos.

316 4345 377 4390 ut
423 4333 941 4408 irreprehensibilis.
984 4336 1045 4392 Et
1077 4336 1206 4400 iste,
1251 4350 1491 4406 sponsus
1543 4344 1629 4391 est
1663 4332 1990 4406 speciosus;
2035 4338 2087 4386 et
2123 4328 2222 4397 ipsi
2251 4326 2577 4396 desponsata
2609 4323 2878 4394 speciosa,
2912 4333 2995 4378 est
3029 4323 3297 4389 Ecclesia,
3334 4331 3602 4394 tanquam

318 4430 696 4486 imaculata.

977 4548 1225 4601 ΚΕΦΛΛ.
1271 4545 1448 4600 PMA'.

2581 4529 2811 4588 CAPUT
2839 4527 3019 4585 CXLI.

317 4641 483 4698 Διατί
505 4639 577 4697 τὰ
605 4637 730 4706 ἱερὰ
758 4640 828 4693 ἐν
856 4638 934 4704 τῷ
963 4638 1089 4704 νηῷ
1121 4637 1345 4698 averna,
1375 4640 1472 4690 καὶ
1506 4638 1537 4690 ὁ
1565 4630 1902 4698 πολυτελὴς

2017 4624 2192 4706 Quam
2221 4626 2283 4679 ob
2312 4626 2534 4706 causdm
2555 4641 2710 4678 sacra
2743 4624 2850 4706 sint
2877 4624 2934 4706 in
2962 4620 3155 4706 tentplo
3191 4621 3380 4706 peplo;
3397 4630 3447 4675 et
3476 4637 3596 4688 ιιι-ετ

585 4711 838 4780 κόσμος,
869 4709 972 4764 καὶ
1004 4712 1041 4777 ἡ
1075 4708 1370 4778 διάφορος
1397 4706 1644 4761 εὐωδία.

392 4802 552 4859 Ἀλλὰ
577 4802 671 4857 καὶ
697 4801 881 4856 πέπλα
908 4801 1062 4871 τίμια
1081 4801 1157 4872 τῷ
1184 4799 1316 4871 ναῷ,
1340 4800 1420 4853 ὅτι
1450 4817 1468 4852 ε
1500 4781 1526 4852 ti
1551 4797 1684 4860 Θεὸς
1711 4796 1910 4863 εὐπρέ-

324 4878 492 4949 πείαν
521 4891 811 4947 ἐνεδύσατο
835 4907 850 4923 ⁸
891 4909 909 4943 s
947 4891 1042 4944 καὶ
1074 4892 1155 4955 εἰς
1183 4890 1351 4945 τύπον
1378 4889 1478 4958 τῆς
1517 4888 1670 4950 θείας
1707 4887 1910 4959 ἀρετῆς

318 5004 381 5043 τε
415 4986 510 5040 καὶ
542 4986 724 5055 δόξης.
759 4985 870 5038 Καὶ
900 4984 1105 5055 κόσμος
1135 4983 1464 5051 πολυτελὴς,
1503 4983 1588 5036 ὅτι
1620 4980 1744 5045 δόξα
1779 4999 1850 5034 πα
1863 4978 1911 5047 ρ’

323 5078 476 5150 αἶντῷ
495 5119 512 5147 ,
546 5078 644 5133 καὶ
673 5076 946 5148 ὡραιότης
977 5077 1128 5146 αύτῴ
1162 5078 1256 5130 καὶ
1289 5077 1509 5137 κάλλος.
1543 5074 1658 5128 Καὶ
1687 5076 1714 5126 ὁ
1745 5071 1911 5126 πλοῦ-

320 5186 414 5235 τος
449 5169 599 5240 αὐτῷ
634 5169 744 5224 τῶν
780 5169 1124 5241 δωρημάτων
1163 5167 1351 5231 πολύς.
1391 5168 1500 5221 Καὶ
1542 5166 1769 5230 εὐωδίας
1812 5163 1910 5219 καὶ

326 5260 518 5334 μύρων
549 5255 763 5334 πλήρης
802 5263 833 5315 ὁ
866 5261 1050 5325 τόπος.
1097 5277 1118 5313 ε
1167 5261 1345 5330 Ὀσμὴ
1387 5259 1498 5330 γὰρ
1547 5258 1740 5330 μύρων
1774 5275 1869 5311 σου
1893 5297 1908 5321 9

325 5356 520 5427 φησὶν,
552 5353 695 5425 θπὶρ
733 5357 918 5408 πάντα
947 5354 1017 5407 τὰ
1060 5351 1352 5424 ἀρώματα.
1391 5352 1503 5406 Καὶ
1548 5349 1773 5420 σμύρνα
1812 5350 1926 5404 καὶ.

325 5446 532 5515 στακτὴ
562 5445 658 5499 καὶ
692 5443 858 5498 κασία
898 5443 1006 5499 ἀπὸ
1041 5442 1151 5496 τῶν
1188 5443 1424 5512 ἱματίων
1461 5457 1579 5495 σου.
1625 5459 1643 5493 s
1687 5439 1909 5508 Ἱμάτια

320 5537 380 5592 δέ
411 5535 651 5610 Χριστοῦ
685 5536 736 5590 οἱ
770 5535 891 5590 κατ’
917 5536 1076 5590 αὑτὸν
1112 5534 1335 5601 ζῶντες.
1370 5535 1462 5587 Διὸ
1497 5534 1594 5588 σὺν
1627 5537 1738 5594 τοις
1773 5531 1908 5585 εὐώ-

321 5628 438 5684 δεσι
477 5629 576 5682 καὶ
616 5627 932 5683 πολυτελέσι
977 5627 1071 5681 καὶ
1115 5625 1296 5696 ψυχὰς
1340 5625 1437 5680 καὶ
1484 5624 1716 5694 σώματα
1765 5622 1906 5692 ἁγνὰ

271 5723 277 5727 “
323 5718 417 5773 καὶ
440 5717 618 5791 εὐώδη
643 5716 818 5790 τούτῳ
847 5717 1150 5788 προσάγειν
1176 5717 1277 5771 δεῖ.
1309 5714 1466 5770 Ἐπεὶ
1496 5715 1590 5769 καὶ
1616 5714 1741 5778 ναὸς
1765 5711 1904 5768 Θεοῦ

324 5813 491 5883 ἡμεῖς
515 5811 832 5884 ἐξαιρέτως,
856 5811 1045 5888 ὥσπερ
1069 5813 1160 5864 καὶ
1185 5809 1396 5872 Παῦλός
1423 5825 1556 5879 φησι
1578 5825 1591 5840 ·
1621 5807 1717 5863 καὶ
1741 5807 1902 5878 σῶμα

321 5902 415 5959 καὶ
446 5902 588 5977 μέλη
614 5901 853 5973 Χριστοῦ
882 5919 894 5934 ο
929 5902 1020 5957 καί
1053 5904 1120 5958 δι’
1145 5905 1294 5976 ἡμᾶς
1325 5901 1391 5956 τὰ
1422 5901 1657 5972 αἰσθητά
1685 5900 1856 5954 ταῦτα
1885 5942 1899 5966 ,

2106 4699 2272 4750 tiosus
2317 4703 2561 4761 ornatus,
2596 4706 2642 4750 et
2676 4694 2952 4764 multiplex
2980 4692 3234 4762 fragrans
3266 4691 3495 4762 sumtus.

2085 4785 2192 4842 Sed
2220 4797 2273 4842 et
2295 4781 2540 4856 pretiosa
2582 4785 2738 4855 pepla
2776 4791 2906 4840 sunt
2951 4783 3006 4838 in
3049 4782 3278 4853 templo,
3315 4783 3586 4852 quoniam

2023 4900 2047 4940 ‹
2079 4880 2226 4936 Deus
2261 4879 2517 4934 decorem
2553 4877 2781 4932 indutus
2808 4882 2928 4941 est;
2961 4892 2980 4928 ι
3019 4875 3150 4930 etin
3180 4872 3608 4945 typum‘divinas

2012 4974 2232 5030 virtutis
2251 4981 2306 5030 et
2324 4961 2536 5044 gloria;
2560 4953 3031 5041 sumptuosusque
3051 4977 3298 5035 ornatus,
3329 4969 3608 5036 quoniam

2012 5065 2152 5135 apud
2177 5063 2326 5120 illum
2347 5061 2541 5134 gloria,
2556 5060 2772 5130 ipsique
2787 5057 3110 5130 speciositas
3125 5065 3177 5113 et
3202 5058 3554 5128 pulchritudo
3577 5075 3601 5126 ε

2010 5167 2066 5215 ct
2112 5173 2401 5216 munerum
2466 5154 2672 5209 divitiae
2728 5153 2834 5224 ipsi
2871 5152 3056 5209 multa:
3081 5162 3229 5208 sunt.
3284 5153 3348 5208 Et
3389 5151 3600 5212 olentia

2011 5260 2403 5324 unguentoque
2461 5248 2656 5319 plenus
2707 5253 2792 5302 est
2844 5246 3025 5302 locus.
3116 5265 3135 5300 ε
3182 5245 3600 5318 Unguentorum

2011 5354 2232 5401 tuorum
2263 5342 2445 5398 bonus
2481 5338 2644 5404 odor,
2671 5337 2870 5408 inquit,
2903 5351 3068 5407 super
3095 5336 3280 5392 omnia
3309 5342 3598 5400 aromata;

2015 5435 2239 5508 myrrha
2273 5440 2328 5489 et
2358 5439 2534 5487 stacte
2563 5437 2618 5484 et
2651 5427 2801 5485 casia
2840 5442 2868 5478 a
2905 5425 3251 5484 vestimentis
3284 5425 3414 5481 tuis.
3429 5441 3456 5479 ι·
3485 5425 3597 5481 Ve-

2012 5529 2270 5586 stimenta
2295 5539 2425 5582 vero
2451 5522 2656 5582 Christi
2691 5529 2823 5578 sunt
2853 5520 2930 5576 illi
2963 5520 3055 5591 qui
3094 5508 3396 5576 secundum
3416 5517 3600 5588 ipsum

2011 5620 2226 5674 vivunt.
2260 5615 2500 5685 ideoque
2521 5629 2645 5670 cum
2673 5612 2837 5669 bonis
2866 5609 3238 5682 pretiosisque
3268 5606 3597 5663 odoramem

2013 5712 2107 5778 tis,
2141 5711 2356 5766 animas
2398 5716 2450 5762 ct
2487 5719 2717 5778 corpora
2761 5712 2912 5761 casta
2965 5703 3214 5772 beneque
3257 5697 3454 5756 olentia
3505 5696 3575 5753 ad

2010 5807 2190 5876 ipsum
2221 5794 2531 5877 producere
2569 5805 2789 5869 oportet
2821 5814 2837 5852 :
2870 5795 3143 5866 siquidem
3179 5807 3283 5848 nos
3315 5788 3597 5847 excellen-

2010 5906 2092 5954 ter
2125 5911 2318 5954 sumus
2367 5893 2460 5950 Dci
2514 5890 2819 5963 templum,
2870 5901 3179 5960 corpusque
3212 5899 3292 5941 ac
3343 5881 3592 5939 membra
3667 5902 3670 5904 ·
