  <div class='ocr_page' id='page_1' title='image "/cluster/home/n/w/nwhite01/storage/ocr_20150623/155/pst.000005714759/183.png"; bbox 0 0 4168 6318; ppageno 0'>
   <div class='ocr_carea' id='block_1_1' title="bbox 579 346 682 415">
    <p class='ocr_par' dir='ltr' id='par_1_1' title="bbox 579 346 682 415">
     <span class='ocr_line' id='line_1_1' title="bbox 579 346 682 415; baseline 0.019 -2"><span class='ocrx_word' id='word_1_1' title='bbox 579 346 682 415; x_wconf 80' lang='lat'><strong>351</strong></span> 
     </span>
    </p>
   </div>
   <div class='ocr_carea' id='block_1_2' title="bbox 1384 346 2923 415">
    <p class='ocr_par' dir='ltr' id='par_1_2' title="bbox 1384 346 2923 415">
     <span class='ocr_line' id='line_1_2' title="bbox 1384 346 2923 415; baseline 0.002 -3"><span class='ocrx_word' id='word_1_2' title='bbox 1384 351 1762 415; x_wconf 69' lang='lat' dir='ltr'><strong>SYMEONIS</strong></span> <span class='ocrx_word' id='word_1_3' title='bbox 1787 350 2078 414; x_wconf 75' lang='lat' dir='ltr'><strong>THESSA</strong></span> <span class='ocrx_word' id='word_1_4' title='bbox 2089 346 2541 412; x_wconf 80' lang='lat' dir='ltr'><strong>LONICENSIS</strong></span> <span class='ocrx_word' id='word_1_5' title='bbox 2565 350 2923 415; x_wconf 79' lang='lat' dir='ltr'><strong>ARCHIEP.</strong></span> 
     </span>
    </p>
   </div>
   <div class='ocr_carea' id='block_1_3' title="bbox 3724 349 3832 416">
    <p class='ocr_par' dir='ltr' id='par_1_3' title="bbox 3724 349 3832 416">
     <span class='ocr_line' id='line_1_3' title="bbox 3724 349 3832 416; baseline 0.019 -2"><span class='ocrx_word' id='word_1_6' title='bbox 3724 349 3832 416; x_wconf 78' lang='lat'><strong>352</strong></span> 
     </span>
    </p>
   </div>
   <div class='ocr_carea' id='block_1_4' title="bbox 577 459 2152 534">
    <p class='ocr_par' dir='ltr' id='par_1_4' title="bbox 577 459 2149 534">
     <span class='ocr_line' id='line_1_4' title="bbox 577 459 2149 534; baseline 0.002 -18"><span class='ocrx_word' id='word_1_7' title='bbox 577 459 828 526; x_wconf 87' lang='lat' dir='ltr'><strong>Christi;</strong></span> <span class='ocrx_word' id='word_1_8' title='bbox 856 467 913 518; x_wconf 88' lang='lat' dir='ltr'><strong>et</strong></span> <span class='ocrx_word' id='word_1_9' title='bbox 952 460 1054 518; x_wconf 80' lang='lat' dir='ltr'><strong>ista</strong></span> <span class='ocrx_word' id='word_1_10' title='bbox 1102 461 1384 519; x_wconf 88' lang='lat' dir='ltr'><strong>sensibilia</strong></span> <span class='ocrx_word' id='word_1_11' title='bbox 1417 471 1642 534; x_wconf 77' lang='lat' dir='ltr'><strong>propter</strong></span> <span class='ocrx_word' id='word_1_12' title='bbox 1671 481 1772 522; x_wconf 85' lang='lat' dir='ltr'><strong>nos</strong></span> <span class='ocrx_word' id='word_1_13' title='bbox 1804 470 1931 522; x_wconf 85' lang='lat' dir='ltr'><strong>sunt</strong></span> <span class='ocrx_word' id='word_1_14' title='bbox 1962 473 2017 519; x_wconf 87' lang='lat' dir='ltr'><strong>et</strong></span> <span class='ocrx_word' id='word_1_15' title='bbox 2044 479 2149 521; x_wconf 89' lang='lat' dir='ltr'><strong>nos</strong></span> 
     </span>
    </p>
   </div>
   <div class='ocr_carea' id='block_1_5' title="bbox 2255 459 3829 534">
    <p class='ocr_par' dir='ltr' id='par_1_5' title="bbox 2255 459 3829 534">
     <span class='ocr_line' id='line_1_5' title="bbox 2255 459 3829 534; baseline 0.001 -20"><span class='ocrx_word' id='word_1_16' title='bbox 2255 459 2287 514; x_wconf 72' lang='grc' dir='ltr'>ἂ</span> <span class='ocrx_word' id='word_1_17' title='bbox 2313 459 2378 532; x_wconf 81' lang='grc' dir='ltr'><strong>δὴ</strong></span> <span class='ocrx_word' id='word_1_18' title='bbox 2408 464 2503 518; x_wconf 76' lang='grc' dir='ltr'><strong>καὶ</strong></span> <span class='ocrx_word' id='word_1_19' title='bbox 2531 464 2800 519; x_wconf 78' lang='grc' dir='ltr'><strong>τυποῦσιν</strong></span> <span class='ocrx_word' id='word_1_20' title='bbox 2832 464 3001 534; x_wconf 73' lang='grc' dir='ltr'><strong>ἡμᾶς.</strong></span> <span class='ocrx_word' id='word_1_21' title='bbox 3032 463 3232 534; x_wconf 77' lang='grc' dir='ltr'><strong>Νοητοὶ</strong></span> <span class='ocrx_word' id='word_1_22' title='bbox 3264 464 3371 532; x_wconf 79' lang='grc' dir='ltr'><strong>γὰρ</strong></span> <span class='ocrx_word' id='word_1_23' title='bbox 3400 463 3558 534; x_wconf 75' lang='grc' dir='ltr'><strong>ἡμεῖς</strong></span> <span class='ocrx_word' id='word_1_24' title='bbox 3588 462 3704 532; x_wconf 69' lang='grc' dir='ltr'><strong>ἅμα</strong></span> <span class='ocrx_word' id='word_1_25' title='bbox 3737 479 3829 516; x_wconf 80' lang='grc' dir='ltr'><strong>τι-</strong></span> 
     </span>
    </p>
   </div>
   <div class='ocr_carea' id='block_1_6' title="bbox 583 553 2152 623">
    <p class='ocr_par' dir='ltr' id='par_1_6' title="bbox 583 553 2152 623">
     <span class='ocr_line' id='line_1_6' title="bbox 583 553 2152 623; baseline 0.004 -20"><span class='ocrx_word' id='word_1_26' title='bbox 583 553 815 622; x_wconf 71' lang='grc' dir='ltr'><strong>Ωειιιτιηι</strong></span> <span class='ocrx_word' id='word_1_27' title='bbox 858 571 873 609; x_wconf 85' lang='lat'><strong>:</strong></span> <span class='ocrx_word' id='word_1_28' title='bbox 920 553 1286 623; x_wconf 74' lang='lat' dir='ltr'><strong>intelligentes</strong></span> <span class='ocrx_word' id='word_1_29' title='bbox 1335 557 1481 611; x_wconf 88' lang='lat' dir='ltr'><strong>enim</strong></span> <span class='ocrx_word' id='word_1_30' title='bbox 1525 567 1841 612; x_wconf 86' lang='lat' dir='ltr'><strong>constamus</strong></span> <span class='ocrx_word' id='word_1_31' title='bbox 1887 557 2049 611; x_wconf 83' lang='lat' dir='ltr'><strong>simul</strong></span> <span class='ocrx_word' id='word_1_32' title='bbox 2097 565 2152 612; x_wconf 87' lang='lat' dir='ltr'><strong>et</strong></span> 
     </span>
    </p>
   </div>
   <div class='ocr_carea' id='block_1_7' title="bbox 581 643 2154 717">
    <p class='ocr_par' dir='ltr' id='par_1_7' title="bbox 581 643 2154 717">
     <span class='ocr_line' id='line_1_7' title="bbox 581 643 2154 717; baseline 0.007 -24"><span class='ocrx_word' id='word_1_33' title='bbox 581 643 888 697; x_wconf 85' lang='lat' dir='ltr'><strong>sensibiles.</strong></span> <span class='ocrx_word' id='word_1_34' title='bbox 932 643 991 697; x_wconf 82' lang='lat' dir='ltr'><strong>Et</strong></span> <span class='ocrx_word' id='word_1_35' title='bbox 1021 644 1129 700; x_wconf 84' lang='lat' dir='ltr'><strong>hoc</strong></span> <span class='ocrx_word' id='word_1_36' title='bbox 1160 645 1476 716; x_wconf 73' lang='lat' dir='ltr'><strong>signiﬁcant</strong></span> <span class='ocrx_word' id='word_1_37' title='bbox 1507 664 1630 717; x_wconf 74' lang='lat' dir='ltr'><strong>qua:</strong></span> <span class='ocrx_word' id='word_1_38' title='bbox 1662 660 1787 704; x_wconf 89' lang='lat' dir='ltr'><strong>sunt</strong></span> <span class='ocrx_word' id='word_1_39' title='bbox 1816 650 1872 703; x_wconf 91' lang='lat' dir='ltr'><strong>in</strong></span> <span class='ocrx_word' id='word_1_40' title='bbox 1899 658 2154 704; x_wconf 86' lang='lat' dir='ltr'><strong>sanctua-</strong></span> 
     </span>
    </p>
   </div>
   <div class='ocr_carea' id='block_1_8' title="bbox 582 733 2154 807">
    <p class='ocr_par' dir='ltr' id='par_1_8' title="bbox 582 733 2154 807">
     <span class='ocr_line' id='line_1_8' title="bbox 582 733 2154 807; baseline 0.006 -22"><span class='ocrx_word' id='word_1_41' title='bbox 582 733 666 786; x_wconf 73' lang='grc' dir='ltr'><strong>τεο</strong></span> <span class='ocrx_word' id='word_1_42' title='bbox 691 743 743 787; x_wconf 89' lang='lat' dir='ltr'><strong>et</strong></span> <span class='ocrx_word' id='word_1_43' title='bbox 771 743 923 790; x_wconf 79' lang='lat' dir='ltr'><strong>extra</strong></span> <span class='ocrx_word' id='word_1_44' title='bbox 953 734 1111 804; x_wconf 89' lang='lat' dir='ltr'><strong>illud,</strong></span> <span class='ocrx_word' id='word_1_45' title='bbox 1142 738 1284 793; x_wconf 89' lang='lat' dir='ltr'><strong>sicut</strong></span> <span class='ocrx_word' id='word_1_46' title='bbox 1311 747 1366 793; x_wconf 89' lang='lat' dir='ltr'><strong>et</strong></span> <span class='ocrx_word' id='word_1_47' title='bbox 1391 736 1726 795; x_wconf 63' lang='lat' dir='ltr'><strong>Salvatorem</strong></span> <span class='ocrx_word' id='word_1_48' title='bbox 1754 750 2025 807; x_wconf 88' lang='lat' dir='ltr'><strong>nostrum,</strong></span> <span class='ocrx_word' id='word_1_49' title='bbox 2055 743 2154 796; x_wconf 86' lang='lat' dir='ltr'><strong>du-</strong></span> 
     </span>
    </p>
   </div>
   <div class='ocr_carea' id='block_1_9' title="bbox 584 825 2152 904">
    <p class='ocr_par' dir='ltr' id='par_1_9' title="bbox 584 825 2152 904">
     <span class='ocr_line' id='line_1_9' title="bbox 584 825 2152 904; baseline 0.009 -28"><span class='ocrx_word' id='word_1_50' title='bbox 584 825 732 893; x_wconf 85' lang='lat' dir='ltr'><strong>plum</strong></span> <span class='ocrx_word' id='word_1_51' title='bbox 765 841 864 894; x_wconf 89' lang='lat' dir='ltr'><strong>pro</strong></span> <span class='ocrx_word' id='word_1_52' title='bbox 895 827 1051 883; x_wconf 89' lang='lat' dir='ltr'><strong>nobis</strong></span> <span class='ocrx_word' id='word_1_53' title='bbox 1091 829 1290 884; x_wconf 76' lang='lat' dir='ltr'><strong>factum</strong></span> <span class='ocrx_word' id='word_1_54' title='bbox 1313 871 1328 895; x_wconf 88' lang='lat'><strong>,</strong></span> <span class='ocrx_word' id='word_1_55' title='bbox 1365 830 1532 884; x_wconf 88' lang='lat' dir='ltr'><strong>Deum</strong></span> <span class='ocrx_word' id='word_1_56' title='bbox 1571 847 1768 888; x_wconf 83' lang='lat' dir='ltr'><strong>verum</strong></span> <span class='ocrx_word' id='word_1_57' title='bbox 1804 849 2041 904; x_wconf 82' lang='lat' dir='ltr'><strong>vereque</strong></span> <span class='ocrx_word' id='word_1_58' title='bbox 2071 836 2152 890; x_wconf 91' lang='lat' dir='ltr'><strong>sic</strong></span> 
     </span>
    </p>
   </div>
   <div class='ocr_carea' id='block_1_10' title="bbox 583 919 2149 996">
    <p class='ocr_par' dir='ltr' id='par_1_10' title="bbox 583 919 2149 996">
     <span class='ocr_line' id='line_1_10' title="bbox 583 919 2149 996; baseline 0.009 -29"><span class='ocrx_word' id='word_1_59' title='bbox 583 927 915 982; x_wconf 75' lang='lat' dir='ltr'><strong>manentem,</strong></span> <span class='ocrx_word' id='word_1_60' title='bbox 947 919 1332 990; x_wconf 78' lang='lat' dir='ltr'><strong>hominemque</strong></span> <span class='ocrx_word' id='word_1_61' title='bbox 1357 935 1545 976; x_wconf 76' lang='lat' dir='ltr'><strong>verum</strong></span> <span class='ocrx_word' id='word_1_62' title='bbox 1578 932 1634 978; x_wconf 89' lang='lat' dir='ltr'><strong>et</strong></span> <span class='ocrx_word' id='word_1_63' title='bbox 1663 923 1988 994; x_wconf 74' lang='lat' dir='ltr'><strong>perfectum,</strong></span> <span class='ocrx_word' id='word_1_64' title='bbox 2019 927 2149 996; x_wconf 92' lang='lat' dir='ltr'><strong>quin</strong></span> 
     </span>
    </p>
   </div>
   <div class='ocr_carea' id='block_1_11' title="bbox 584 1004 1236 1068">
    <p class='ocr_par' dir='ltr' id='par_1_11' title="bbox 584 1004 1236 1068">
     <span class='ocr_line' id='line_1_11' title="bbox 584 1004 1236 1068; baseline 0.017 -11"><span class='ocrx_word' id='word_1_65' title='bbox 584 1004 727 1060; x_wconf 87' lang='lat' dir='ltr'><strong>Deus</strong></span> <span class='ocrx_word' id='word_1_66' title='bbox 759 1023 881 1065; x_wconf 78' lang='lat' dir='ltr'><strong>esse</strong></span> <span class='ocrx_word' id='word_1_67' title='bbox 912 1013 1236 1068; x_wconf 79' lang='lat' dir='ltr'><strong>cessaverit.</strong></span> 
     </span>
    </p>
   </div>
   <div class='ocr_carea' id='block_1_12' title="bbox 1138 1103 1599 1164">
    <p class='ocr_par' dir='ltr' id='par_1_12' title="bbox 1138 1103 1599 1164">
     <span class='ocr_line' id='line_1_12' title="bbox 1138 1103 1599 1164; baseline 0.009 -4"><span class='ocrx_word' id='word_1_68' title='bbox 1138 1103 1364 1163; x_wconf 81' lang='lat' dir='ltr'><strong>CAPUT</strong></span> <span class='ocrx_word' id='word_1_69' title='bbox 1395 1106 1599 1164; x_wconf 80' lang='lat' dir='ltr'><strong>CXLII.</strong></span> 
     </span>
    </p>
   </div>
   <div class='ocr_carea' id='block_1_13' title="bbox 920 1196 1810 1272">
    <p class='ocr_par' dir='ltr' id='par_1_13' title="bbox 920 1196 1810 1272">
     <span class='ocr_line' id='line_1_13' title="bbox 920 1196 1810 1272; baseline 0.007 -22"><span class='ocrx_word' id='word_1_70' title='bbox 920 1196 994 1251; x_wconf 83' lang='lat' dir='ltr'><strong>De</strong></span> <span class='ocrx_word' id='word_1_71' title='bbox 1026 1200 1209 1268; x_wconf 79' lang='lat' dir='ltr'><strong>populi</strong></span> <span class='ocrx_word' id='word_1_72' title='bbox 1248 1201 1301 1254; x_wconf 79' lang='lat' dir='ltr'><strong>in</strong></span> <span class='ocrx_word' id='word_1_73' title='bbox 1335 1204 1526 1272; x_wconf 82' lang='lat' dir='ltr'><strong>templo</strong></span> <span class='ocrx_word' id='word_1_74' title='bbox 1561 1204 1810 1258; x_wconf 79' lang='lat' dir='ltr'><strong>statione.</strong></span> 
     </span>
    </p>
   </div>
   <div class='ocr_carea' id='block_1_14' title="bbox 656 1282 2146 1363">
    <p class='ocr_par' dir='ltr' id='par_1_14' title="bbox 656 1282 2146 1363">
     <span class='ocr_line' id='line_1_14' title="bbox 656 1282 2146 1363; baseline 0.011 -28"><span class='ocrx_word' id='word_1_75' title='bbox 656 1282 812 1339; x_wconf 91' lang='lat' dir='ltr'><strong>Stant</strong></span> <span class='ocrx_word' id='word_1_76' title='bbox 845 1299 1026 1343; x_wconf 89' lang='lat' dir='ltr'><strong>autem</strong></span> <span class='ocrx_word' id='word_1_77' title='bbox 1058 1291 1220 1344; x_wconf 83' lang='lat' dir='ltr'><strong>etiam</strong></span> <span class='ocrx_word' id='word_1_78' title='bbox 1252 1292 1304 1346; x_wconf 91' lang='lat' dir='ltr'><strong>in</strong></span> <span class='ocrx_word' id='word_1_79' title='bbox 1329 1293 1527 1363; x_wconf 87' lang='lat' dir='ltr'><strong>templo</strong></span> <span class='ocrx_word' id='word_1_80' title='bbox 1547 1296 1846 1350; x_wconf 86' lang='lat' dir='ltr'><strong>secundum</strong></span> <span class='ocrx_word' id='word_1_81' title='bbox 1871 1295 2146 1352; x_wconf 81' lang='lat' dir='ltr'><strong>ordinem.</strong></span> 
     </span>
    </p>
   </div>
   <div class='ocr_carea' id='block_1_15' title="bbox 580 1373 2146 1452">
    <p class='ocr_par' dir='ltr' id='par_1_15' title="bbox 580 1373 2146 1452">
     <span class='ocr_line' id='line_1_15' title="bbox 580 1373 2146 1452; baseline 0.011 -26"><span class='ocrx_word' id='word_1_82' title='bbox 580 1373 648 1427; x_wconf 82' lang='lat' dir='ltr'><strong>Et</strong></span> <span class='ocrx_word' id='word_1_83' title='bbox 682 1379 858 1445; x_wconf 76' lang='lat' dir='ltr'><strong>primo</strong></span> <span class='ocrx_word' id='word_1_84' title='bbox 886 1381 1103 1448; x_wconf 81' lang='lat' dir='ltr'><strong>quidem</strong></span> <span class='ocrx_word' id='word_1_85' title='bbox 1149 1382 1226 1436; x_wconf 92' lang='lat' dir='ltr'><strong>illi</strong></span> <span class='ocrx_word' id='word_1_86' title='bbox 1278 1383 1371 1452; x_wconf 88' lang='lat' dir='ltr'><strong>qui</strong></span> <span class='ocrx_word' id='word_1_87' title='bbox 1423 1385 1564 1439; x_wconf 90' lang='lat' dir='ltr'><strong>sacri</strong></span> <span class='ocrx_word' id='word_1_88' title='bbox 1600 1386 1938 1442; x_wconf 83' lang='lat' dir='ltr'><strong>characteris</strong></span> <span class='ocrx_word' id='word_1_89' title='bbox 1974 1387 2146 1443; x_wconf 74' lang='lat' dir='ltr'><strong>eﬂ‘ecti</strong></span> 
     </span>
    </p>
   </div>
   <div class='ocr_carea' id='block_1_16' title="bbox 581 1470 2147 1550">
    <p class='ocr_par' dir='ltr' id='par_1_16' title="bbox 581 1470 2147 1550">
     <span class='ocr_line' id='line_1_16' title="bbox 581 1470 2147 1550; baseline 0.009 -29"><span class='ocrx_word' id='word_1_90' title='bbox 581 1478 711 1521; x_wconf 79' lang='lat' dir='ltr'><strong>sunt</strong></span> <span class='ocrx_word' id='word_1_91' title='bbox 746 1470 1043 1540; x_wconf 79' lang='lat' dir='ltr'><strong>participes</strong></span> <span class='ocrx_word' id='word_1_92' title='bbox 1073 1489 1086 1526; x_wconf 91' lang='lat'><strong>:</strong></span> <span class='ocrx_word' id='word_1_93' title='bbox 1131 1484 1349 1541; x_wconf 65' lang='lat' dir='ltr'><strong>praestat</strong></span> <span class='ocrx_word' id='word_1_94' title='bbox 1377 1477 1522 1532; x_wconf 89' lang='lat' dir='ltr'><strong>enim</strong></span> <span class='ocrx_word' id='word_1_95' title='bbox 1575 1487 1635 1534; x_wconf 91' lang='lat' dir='ltr'><strong>ut</strong></span> <span class='ocrx_word' id='word_1_96' title='bbox 1673 1479 1767 1534; x_wconf 88' lang='lat' dir='ltr'><strong>Dei</strong></span> <span class='ocrx_word' id='word_1_97' title='bbox 1795 1496 1932 1550; x_wconf 90' lang='lat' dir='ltr'><strong>opus</strong></span> <span class='ocrx_word' id='word_1_98' title='bbox 1968 1496 2147 1537; x_wconf 88' lang='lat' dir='ltr'><strong>sacer-</strong></span> 
     </span>
    </p>
   </div>
   <div class='ocr_carea' id='block_1_17' title="bbox 580 1563 2151 1644">
    <p class='ocr_par' dir='ltr' id='par_1_17' title="bbox 580 1563 2151 1644">
     <span class='ocr_line' id='line_1_17' title="bbox 580 1563 2151 1644; baseline 0.011 -32"><span class='ocrx_word' id='word_1_99' title='bbox 580 1563 714 1614; x_wconf 88' lang='lat' dir='ltr'><strong>dotii</strong></span> <span class='ocrx_word' id='word_1_100' title='bbox 749 1563 1012 1629; x_wconf 80' lang='lat' dir='ltr'><strong>sigillum.</strong></span> <span class='ocrx_word' id='word_1_101' title='bbox 1045 1563 1251 1623; x_wconf 84' lang='lat' dir='ltr'><strong>Deinde</strong></span> <span class='ocrx_word' id='word_1_102' title='bbox 1276 1578 1402 1638; x_wconf 87' lang='lat' dir='ltr'><strong>post</strong></span> <span class='ocrx_word' id='word_1_103' title='bbox 1436 1571 1573 1627; x_wconf 79' lang='lat' dir='ltr'><strong>istos</strong></span> <span class='ocrx_word' id='word_1_104' title='bbox 1603 1573 1879 1640; x_wconf 79' lang='lat' dir='ltr'><strong>monachi,</strong></span> <span class='ocrx_word' id='word_1_105' title='bbox 1920 1575 2012 1644; x_wconf 89' lang='lat' dir='ltr'><strong>qui</strong></span> <span class='ocrx_word' id='word_1_106' title='bbox 2049 1575 2151 1630; x_wconf 86' lang='lat' dir='ltr'><strong>lai-</strong></span> 
     </span>
    </p>
   </div>
   <div class='ocr_carea' id='block_1_18' title="bbox 578 1651 2147 1734">
    <p class='ocr_par' dir='ltr' id='par_1_18' title="bbox 578 1651 2147 1734">
     <span class='ocr_line' id='line_1_18' title="bbox 578 1651 2147 1734; baseline 0.01 -28"><span class='ocrx_word' id='word_1_107' title='bbox 578 1651 661 1706; x_wconf 85' lang='lat' dir='ltr'><strong>eis</strong></span> <span class='ocrx_word' id='word_1_108' title='bbox 691 1653 948 1709; x_wconf 85' lang='lat' dir='ltr'><strong>omnibus</strong></span> <span class='ocrx_word' id='word_1_109' title='bbox 979 1659 1415 1726; x_wconf 85' lang='lat' dir='ltr'><strong>supereminent,</strong></span> <span class='ocrx_word' id='word_1_110' title='bbox 1441 1669 1700 1734; x_wconf 85' lang='lat' dir='ltr'><strong>tanquam</strong></span> <span class='ocrx_word' id='word_1_111' title='bbox 1727 1673 1925 1734; x_wconf 76' lang='lat' dir='ltr'><strong>prteter</strong></span> <span class='ocrx_word' id='word_1_112' title='bbox 1954 1679 2147 1721; x_wconf 84' lang='lat' dir='ltr'><strong>omnes</strong></span> 
     </span>
    </p>
   </div>
   <div class='ocr_carea' id='block_1_19' title="bbox 579 1745 2141 1820">
    <p class='ocr_par' dir='ltr' id='par_1_19' title="bbox 579 1745 2141 1820">
     <span class='ocr_line' id='line_1_19' title="bbox 579 1745 2141 1820; baseline 0.014 -25"><span class='ocrx_word' id='word_1_113' title='bbox 579 1745 876 1812; x_wconf 76' lang='lat' dir='ltr'><strong>purificati,</strong></span> <span class='ocrx_word' id='word_1_114' title='bbox 914 1750 1194 1820; x_wconf 80' lang='lat' dir='ltr'><strong>vitamque</strong></span> <span class='ocrx_word' id='word_1_115' title='bbox 1245 1756 1532 1811; x_wconf 81' lang='lat' dir='ltr'><strong>ceisiorem</strong></span> <span class='ocrx_word' id='word_1_116' title='bbox 1590 1773 1654 1812; x_wconf 89' lang='lat' dir='ltr'><strong>ac</strong></span> <span class='ocrx_word' id='word_1_117' title='bbox 1707 1761 1986 1817; x_wconf 63' lang='lat' dir='ltr'><strong>caelestem</strong></span> <span class='ocrx_word' id='word_1_118' title='bbox 2029 1777 2141 1817; x_wconf 86' lang='lat' dir='ltr'><strong>am—</strong></span> 
     </span>
    </p>
   </div>
   <div class='ocr_carea' id='block_1_20' title="bbox 581 1836 2148 1917">
    <p class='ocr_par' dir='ltr' id='par_1_20' title="bbox 581 1836 2148 1917">
     <span class='ocr_line' id='line_1_20' title="bbox 581 1836 2148 1917; baseline 0.014 -32"><span class='ocrx_word' id='word_1_119' title='bbox 581 1836 806 1903; x_wconf 82' lang='lat' dir='ltr'><strong>plexati,</strong></span> <span class='ocrx_word' id='word_1_120' title='bbox 847 1842 1101 1897; x_wconf 81' lang='lat' dir='ltr'><strong>castitate</strong></span> <span class='ocrx_word' id='word_1_121' title='bbox 1148 1857 1578 1917; x_wconf 88' lang='lat' dir='ltr'><strong>paupertateque</strong></span> <span class='ocrx_word' id='word_1_122' title='bbox 1629 1851 1732 1907; x_wconf 84' lang='lat' dir='ltr'><strong>sibi</strong></span> <span class='ocrx_word' id='word_1_123' title='bbox 1777 1852 2043 1917; x_wconf 85' lang='lat' dir='ltr'><strong>delectis;</strong></span> <span class='ocrx_word' id='word_1_124' title='bbox 2093 1863 2148 1907; x_wconf 88' lang='lat' dir='ltr'><strong>et</strong></span> 
     </span>
    </p>
   </div>
   <div class='ocr_carea' id='block_1_21' title="bbox 583 1931 2143 2010">
    <p class='ocr_par' dir='ltr' id='par_1_21' title="bbox 583 1931 2143 2010">
     <span class='ocr_line' id='line_1_21' title="bbox 583 1931 2143 2010; baseline 0.013 -32"><span class='ocrx_word' id='word_1_125' title='bbox 583 1938 709 1982; x_wconf 83' lang='lat' dir='ltr'><strong>ante</strong></span> <span class='ocrx_word' id='word_1_126' title='bbox 739 1931 909 1988; x_wconf 85' lang='lat' dir='ltr'><strong>iaicos</strong></span> <span class='ocrx_word' id='word_1_127' title='bbox 943 1947 1156 2001; x_wconf 86' lang='lat' dir='ltr'><strong>omnes,</strong></span> <span class='ocrx_word' id='word_1_128' title='bbox 1191 1938 1450 2010; x_wconf 86' lang='lat' dir='ltr'><strong>ipsosque</strong></span> <span class='ocrx_word' id='word_1_129' title='bbox 1485 1942 1536 1996; x_wconf 91' lang='lat' dir='ltr'><strong>in</strong></span> <span class='ocrx_word' id='word_1_130' title='bbox 1580 1944 1908 1999; x_wconf 80' lang='lat' dir='ltr'><strong>auctoritate</strong></span> <span class='ocrx_word' id='word_1_131' title='bbox 1942 1945 2143 2000; x_wconf 89' lang='lat' dir='ltr'><strong>consti-</strong></span> 
     </span>
    </p>
   </div>
   <div class='ocr_carea' id='block_1_22' title="bbox 583 2027 2148 2097">
    <p class='ocr_par' dir='ltr' id='par_1_22' title="bbox 583 2027 2148 2097">
     <span class='ocr_line' id='line_1_22' title="bbox 583 2027 2148 2097; baseline 0.012 -27"><span class='ocrx_word' id='word_1_132' title='bbox 583 2027 757 2084; x_wconf 89' lang='lat' dir='ltr'><strong>tutos,</strong></span> <span class='ocrx_word' id='word_1_133' title='bbox 788 2033 983 2090; x_wconf 69' lang='lat' dir='ltr'><strong>prmter</strong></span> <span class='ocrx_word' id='word_1_134' title='bbox 1031 2042 1206 2097; x_wconf 79' lang='lat' dir='ltr'><strong>regem</strong></span> <span class='ocrx_word' id='word_1_135' title='bbox 1244 2032 1312 2084; x_wconf 90' lang='lat' dir='ltr'><strong>ob</strong></span> <span class='ocrx_word' id='word_1_136' title='bbox 1355 2033 1656 2087; x_wconf 89' lang='lat' dir='ltr'><strong>secundum</strong></span> <span class='ocrx_word' id='word_1_137' title='bbox 1699 2035 1963 2097; x_wconf 84' lang='lat' dir='ltr'><strong>chrisma,</strong></span> <span class='ocrx_word' id='word_1_138' title='bbox 1995 2051 2148 2091; x_wconf 90' lang='lat' dir='ltr'><strong>com-</strong></span> 
     </span>
    </p>
   </div>
   <div class='ocr_carea' id='block_1_23' title="bbox 581 2112 2148 2188">
    <p class='ocr_par' dir='ltr' id='par_1_23' title="bbox 581 2112 2148 2188">
     <span class='ocr_line' id='line_1_23' title="bbox 581 2112 2148 2188; baseline 0.015 -30"><span class='ocrx_word' id='word_1_139' title='bbox 581 2112 899 2169; x_wconf 88' lang='lat' dir='ltr'><strong>muniouem</strong></span> <span class='ocrx_word' id='word_1_140' title='bbox 931 2119 1274 2187; x_wconf 81' lang='lat' dir='ltr'><strong>participant.</strong></span> <span class='ocrx_word' id='word_1_141' title='bbox 1313 2118 1443 2176; x_wconf 88' lang='lat' dir='ltr'><strong>Post</strong></span> <span class='ocrx_word' id='word_1_142' title='bbox 1473 2125 1772 2178; x_wconf 84' lang='lat' dir='ltr'><strong>monachos</strong></span> <span class='ocrx_word' id='word_1_143' title='bbox 1802 2135 1981 2181; x_wconf 80' lang='lat' dir='ltr'><strong>autem</strong></span> <span class='ocrx_word' id='word_1_144' title='bbox 2009 2165 2024 2188; x_wconf 82' lang='lat'><strong>,</strong></span> <span class='ocrx_word' id='word_1_145' title='bbox 2058 2141 2148 2181; x_wconf 87' lang='lat' dir='ltr'><strong>ve-</strong></span> 
     </span>
    </p>
   </div>
   <div class='ocr_carea' id='block_1_24' title="bbox 581 2201 2148 2279">
    <p class='ocr_par' dir='ltr' id='par_1_24' title="bbox 581 2201 2148 2279">
     <span class='ocr_line' id='line_1_24' title="bbox 581 2201 2148 2279; baseline 0.013 -26"><span class='ocrx_word' id='word_1_146' title='bbox 581 2201 739 2255; x_wconf 88' lang='lat' dir='ltr'><strong>niunt</strong></span> <span class='ocrx_word' id='word_1_147' title='bbox 773 2219 833 2258; x_wconf 72' lang='lat' dir='ltr'><strong>ex</strong></span> <span class='ocrx_word' id='word_1_148' title='bbox 859 2207 978 2260; x_wconf 85' lang='lat' dir='ltr'><strong>aliis</strong></span> <span class='ocrx_word' id='word_1_149' title='bbox 1007 2208 1058 2262; x_wconf 87' lang='lat' dir='ltr'><strong>hi</strong></span> <span class='ocrx_word' id='word_1_150' title='bbox 1087 2212 1178 2279; x_wconf 89' lang='lat' dir='ltr'><strong>qui</strong></span> <span class='ocrx_word' id='word_1_151' title='bbox 1205 2210 1474 2279; x_wconf 79' lang='lat' dir='ltr'><strong>purificati</strong></span> <span class='ocrx_word' id='word_1_152' title='bbox 1506 2225 1654 2278; x_wconf 90' lang='lat' dir='ltr'><strong>sunt,</strong></span> <span class='ocrx_word' id='word_1_153' title='bbox 1691 2213 1817 2270; x_wconf 88' lang='lat' dir='ltr'><strong>licet</strong></span> <span class='ocrx_word' id='word_1_154' title='bbox 1841 2217 1976 2271; x_wconf 83' lang='lat' dir='ltr'><strong>ordo</strong></span> <span class='ocrx_word' id='word_1_155' title='bbox 2003 2233 2148 2273; x_wconf 90' lang='lat' dir='ltr'><strong>nunc</strong></span> 
     </span>
    </p>
   </div>
   <div class='ocr_carea' id='block_1_25' title="bbox 582 2300 2144 2377">
    <p class='ocr_par' dir='ltr' id='par_1_25' title="bbox 582 2300 2144 2377">
     <span class='ocr_line' id='line_1_25' title="bbox 582 2300 2144 2377; baseline 0.011 -31"><span class='ocrx_word' id='word_1_156' title='bbox 582 2305 825 2352; x_wconf 76' lang='lat' dir='ltr'><strong>IIIIIIMIIS</strong></span> <span class='ocrx_word' id='word_1_157' title='bbox 860 2300 951 2354; x_wconf 89' lang='lat' dir='ltr'><strong>sit.</strong></span> <span class='ocrx_word' id='word_1_158' title='bbox 989 2301 1242 2357; x_wconf 80' lang='lat' dir='ltr'><strong>Attamen</strong></span> <span class='ocrx_word' id='word_1_159' title='bbox 1278 2311 1331 2358; x_wconf 88' lang='lat' dir='ltr'><strong>et</strong></span> <span class='ocrx_word' id='word_1_160' title='bbox 1361 2319 1576 2358; x_wconf 83' lang='lat' dir='ltr'><strong>sursum</strong></span> <span class='ocrx_word' id='word_1_161' title='bbox 1629 2315 1812 2361; x_wconf 83' lang='lat' dir='ltr'><strong>manet</strong></span> <span class='ocrx_word' id='word_1_162' title='bbox 1846 2324 1861 2361; x_wconf 89' lang='lat'><strong>:</strong></span> <span class='ocrx_word' id='word_1_163' title='bbox 1890 2325 2017 2362; x_wconf 90' lang='lat' dir='ltr'><strong>nam</strong></span> <span class='ocrx_word' id='word_1_164' title='bbox 2053 2311 2144 2377; x_wconf 89' lang='lat' dir='ltr'><strong>qui</strong></span> 
     </span>
    </p>
   </div>
   <div class='ocr_carea' id='block_1_26' title="bbox 582 2389 2147 2470">
    <p class='ocr_par' dir='ltr' id='par_1_26' title="bbox 582 2389 2147 2470">
     <span class='ocr_line' id='line_1_26' title="bbox 582 2389 2147 2470; baseline 0.014 -33"><span class='ocrx_word' id='word_1_165' title='bbox 582 2389 833 2453; x_wconf 82' lang='lat' dir='ltr'><strong>puriores</strong></span> <span class='ocrx_word' id='word_1_166' title='bbox 867 2394 988 2447; x_wconf 90' lang='lat' dir='ltr'><strong>aliis</strong></span> <span class='ocrx_word' id='word_1_167' title='bbox 1015 2404 1168 2462; x_wconf 88' lang='lat' dir='ltr'><strong>sunt,</strong></span> <span class='ocrx_word' id='word_1_168' title='bbox 1193 2412 1337 2452; x_wconf 89' lang='lat' dir='ltr'><strong>nunc</strong></span> <span class='ocrx_word' id='word_1_169' title='bbox 1367 2401 1524 2452; x_wconf 81' lang='lat' dir='ltr'><strong>etiam</strong></span> <span class='ocrx_word' id='word_1_170' title='bbox 1561 2398 1900 2469; x_wconf 80' lang='lat' dir='ltr'><strong>frequentius</strong></span> <span class='ocrx_word' id='word_1_171' title='bbox 1926 2403 2070 2470; x_wconf 88' lang='lat' dir='ltr'><strong>aliis,</strong></span> <span class='ocrx_word' id='word_1_172' title='bbox 2095 2415 2147 2458; x_wconf 89' lang='lat' dir='ltr'><strong>et</strong></span> 
     </span>
    </p>
   </div>
   <div class='ocr_carea' id='block_1_27' title="bbox 582 2479 2004 2564">
    <p class='ocr_par' dir='ltr' id='par_1_27' title="bbox 582 2479 2004 2564">
     <span class='ocr_line' id='line_1_27' title="bbox 582 2479 2004 2564; baseline 0.011 -31"><span class='ocrx_word' id='word_1_173' title='bbox 582 2479 808 2537; x_wconf 83' lang='lat' dir='ltr'><strong>ii-ienter</strong></span> <span class='ocrx_word' id='word_1_174' title='bbox 840 2484 1058 2554; x_wconf 71' lang='lat' dir='ltr'><strong>loquor,</strong></span> <span class='ocrx_word' id='word_1_175' title='bbox 1093 2491 1496 2545; x_wconf 85' lang='lat' dir='ltr'><strong>communionis</strong></span> <span class='ocrx_word' id='word_1_176' title='bbox 1530 2499 1658 2546; x_wconf 92' lang='lat' dir='ltr'><strong>sunt</strong></span> <span class='ocrx_word' id='word_1_177' title='bbox 1692 2493 2004 2564; x_wconf 82' lang='lat' dir='ltr'><strong>participes.</strong></span> 
     </span>
    </p>
   </div>
   <div class='ocr_carea' id='block_1_28' title="bbox 1113 2600 1612 2659">
    <p class='ocr_par' dir='ltr' id='par_1_28' title="bbox 1113 2600 1612 2659">
     <span class='ocr_line' id='line_1_28' title="bbox 1113 2600 1612 2659; baseline 0.002 -3"><span class='ocrx_word' id='word_1_178' title='bbox 1113 2600 1342 2659; x_wconf 77' lang='lat' dir='ltr'><strong>CAPUT</strong></span> <span class='ocrx_word' id='word_1_179' title='bbox 1380 2602 1612 2658; x_wconf 80' lang='lat' dir='ltr'><strong>CXLIII.</strong></span> 
     </span>
    </p>
   </div>
   <div class='ocr_carea' id='block_1_29' title="bbox 578 2689 2148 2821">
    <p class='ocr_par' dir='ltr' id='par_1_29' title="bbox 578 2689 2148 2821">
     <span class='ocr_line' id='line_1_29' title="bbox 578 2689 2148 2821; baseline 0.011 -80"><span class='ocrx_word' id='word_1_180' title='bbox 578 2689 804 2754; x_wconf 78' lang='lat' dir='ltr'><strong>Quando</strong></span> <span class='ocrx_word' id='word_1_181' title='bbox 834 2692 1122 2762; x_wconf 63' lang='lat' dir='ltr'><strong>imperator</strong></span> <span class='ocrx_word' id='word_1_182' title='bbox 1157 2695 1300 2749; x_wconf 82' lang='lat' dir='ltr'><strong>intra</strong></span> <span class='ocrx_word' id='word_1_183' title='bbox 1329 2714 1543 2821; x_wconf 49' lang='lat' dir='ltr'><strong>sacrgm</strong></span> <span class='ocrx_word' id='word_1_184' title='bbox 1596 2699 1746 2753; x_wconf 82' lang='lat' dir='ltr'><strong>bema</strong></span> <span class='ocrx_word' id='word_1_185' title='bbox 1798 2704 2148 2758; x_wconf 81' lang='lat' dir='ltr'><strong>communicat</strong></span> 
     </span>
     <span class='ocr_line' id='line_1_30' title="bbox 1169 2774 1536 2821; baseline 0.008 -3"><span class='ocrx_word' id='word_1_186' title='bbox 1169 2774 1216 2818; x_wconf 87' lang='lat' dir='ltr'><strong>et</strong></span> <span class='ocrx_word' id='word_1_187' title='bbox 1255 2783 1442 2821; x_wconf 85' lang='lat' dir='ltr'><strong>auomo</strong></span> <span class='ocrx_word' id='word_1_188' title='bbox 1486 2785 1536 2821; x_wconf 88' lang='grc' dir='ltr'><strong>ο.</strong></span> 
     </span>
    </p>
   </div>
   <div class='ocr_carea' id='block_1_30' title="bbox 1169 2774 1536 2834">
    <p class='ocr_par' dir='ltr' id='par_1_30' title="bbox 1169 2774 1536 2834">
     <span class='ocr_line' id='line_1_31' title="bbox 1169 2774 1536 2834; baseline 0.011 -16"><span class='ocrx_word' id='word_1_189' title='bbox 1169 2774 1216 2818; x_wconf 88' lang='lat' dir='ltr'><strong>et</strong></span> <span class='ocrx_word' id='word_1_190' title='bbox 1255 2774 1536 2834; x_wconf 86' lang='lat' dir='ltr'><strong>quomodo.</strong></span> 
     </span>
    </p>
   </div>
   <div class='ocr_carea' id='block_1_31' title="bbox 654 2851 2149 2933">
    <p class='ocr_par' dir='ltr' id='par_1_31' title="bbox 654 2851 2149 2933">
     <span class='ocr_line' id='line_1_32' title="bbox 654 2851 2149 2933; baseline 0.01 -32"><span class='ocrx_word' id='word_1_191' title='bbox 654 2851 963 2919; x_wconf 83' lang='lat' dir='ltr'><strong>imperator</strong></span> <span class='ocrx_word' id='word_1_192' title='bbox 1001 2855 1140 2908; x_wconf 91' lang='lat' dir='ltr'><strong>intra</strong></span> <span class='ocrx_word' id='word_1_193' title='bbox 1195 2859 1571 2914; x_wconf 84' lang='lat' dir='ltr'><strong>sanctuarium</strong></span> <span class='ocrx_word' id='word_1_194' title='bbox 1603 2863 1970 2918; x_wconf 86' lang='lat' dir='ltr'><strong>communicat</strong></span> <span class='ocrx_word' id='word_1_195' title='bbox 1996 2867 2149 2933; x_wconf 84' lang='lat' dir='ltr'><strong>juxta</strong></span> 
     </span>
    </p>
   </div>
   <div class='ocr_carea' id='block_1_32' title="bbox 583 2943 2147 3023">
    <p class='ocr_par' dir='ltr' id='par_1_32' title="bbox 583 2943 2147 3023">
     <span class='ocr_line' id='line_1_33' title="bbox 583 2943 2147 3023; baseline 0.01 -31"><span class='ocrx_word' id='word_1_196' title='bbox 583 2949 798 3005; x_wconf 85' lang='lat' dir='ltr'><strong>tempus</strong></span> <span class='ocrx_word' id='word_1_197' title='bbox 823 2951 875 2999; x_wconf 85' lang='lat' dir='ltr'><strong>et</strong></span> <span class='ocrx_word' id='word_1_198' title='bbox 907 2943 1051 2999; x_wconf 83' lang='lat' dir='ltr'><strong>istud</strong></span> <span class='ocrx_word' id='word_1_199' title='bbox 1080 2943 1252 3002; x_wconf 86' lang='lat' dir='ltr'><strong>solum</strong></span> <span class='ocrx_word' id='word_1_200' title='bbox 1283 2951 1562 3006; x_wconf 75' lang='lat' dir='ltr'><strong>unctionis</strong></span> <span class='ocrx_word' id='word_1_201' title='bbox 1594 2962 1648 3008; x_wconf 88' lang='lat' dir='ltr'><strong>et</strong></span> <span class='ocrx_word' id='word_1_202' title='bbox 1677 2955 2147 3023; x_wconf 84' lang='lat' dir='ltr'><strong>proclamationis,</strong></span> 
     </span>
    </p>
   </div>
   <div class='ocr_carea' id='block_1_33' title="bbox 2254 550 3829 624">
    <p class='ocr_par' dir='ltr' id='par_1_33' title="bbox 2254 550 3829 624">
     <span class='ocr_line' id='line_1_34' title="bbox 2254 550 3829 624; baseline 0.002 -21"><span class='ocrx_word' id='word_1_203' title='bbox 2254 551 2455 624; x_wconf 71' lang='grc' dir='ltr'><strong>Αοῦμιν</strong></span> <span class='ocrx_word' id='word_1_204' title='bbox 2486 556 2582 610; x_wconf 69' lang='grc' dir='ltr'><strong>καὶ</strong></span> <span class='ocrx_word' id='word_1_205' title='bbox 2617 555 2891 624; x_wconf 80' lang='grc' dir='ltr'><strong>αίσθητοί.</strong></span> <span class='ocrx_word' id='word_1_206' title='bbox 2925 556 3034 610; x_wconf 80' lang='lat' dir='ltr'><strong>Kal.</strong></span> <span class='ocrx_word' id='word_1_207' title='bbox 3064 552 3221 608; x_wconf 78' lang='grc' dir='ltr'><strong>τοῦτο</strong></span> <span class='ocrx_word' id='word_1_208' title='bbox 3249 553 3471 623; x_wconf 79' lang='grc' dir='ltr'><strong>δηλοῦσι</strong></span> <span class='ocrx_word' id='word_1_209' title='bbox 3500 553 3569 605; x_wconf 78' lang='grc' dir='ltr'><strong>τὰ</strong></span> <span class='ocrx_word' id='word_1_210' title='bbox 3597 551 3694 605; x_wconf 82' lang='grc' dir='ltr'><strong>τοῦ</strong></span> <span class='ocrx_word' id='word_1_211' title='bbox 3727 550 3829 618; x_wconf 82' lang='grc' dir='ltr'><strong>βή-</strong></span> 
     </span>
    </p>
   </div>
   <div class='ocr_carea' id='block_1_34' title="bbox 2257 643 3829 716">
    <p class='ocr_par' dir='ltr' id='par_1_34' title="bbox 2257 643 3829 716">
     <span class='ocr_line' id='line_1_35' title="bbox 2257 643 3829 716; baseline -0.001 -20"><span class='ocrx_word' id='word_1_212' title='bbox 2257 660 2427 712; x_wconf 85' lang='grc' dir='ltr'><strong>ματος</strong></span> <span class='ocrx_word' id='word_1_213' title='bbox 2457 646 2554 698; x_wconf 82' lang='grc' dir='ltr'><strong>καὶ</strong></span> <span class='ocrx_word' id='word_1_214' title='bbox 2578 646 2647 698; x_wconf 81' lang='grc' dir='ltr'><strong>τὰ</strong></span> <span class='ocrx_word' id='word_1_215' title='bbox 2676 645 2898 712; x_wconf 75' lang='grc' dir='ltr'><strong>ἔξωθεν,</strong></span> <span class='ocrx_word' id='word_1_216' title='bbox 2927 648 3004 710; x_wconf 85' lang='grc' dir='ltr'><strong>ὡς</strong></span> <span class='ocrx_word' id='word_1_217' title='bbox 3033 647 3129 701; x_wconf 77' lang='grc' dir='ltr'><strong>καὶ</strong></span> <span class='ocrx_word' id='word_1_218' title='bbox 3156 645 3248 698; x_wconf 74' lang='grc' dir='ltr'><strong>τὸν</strong></span> <span class='ocrx_word' id='word_1_219' title='bbox 3279 644 3508 716; x_wconf 80' lang='grc' dir='ltr'><strong>Σωτῆρα</strong></span> <span class='ocrx_word' id='word_1_220' title='bbox 3540 643 3719 713; x_wconf 81' lang='grc' dir='ltr'><strong>ἡμῶν,</strong></span> <span class='ocrx_word' id='word_1_221' title='bbox 3747 643 3829 695; x_wconf 81' lang='grc' dir='ltr'><strong>δι·</strong></span> 
     </span>
    </p>
   </div>
   <div class='ocr_carea' id='block_1_35' title="bbox 2255 733 3830 806">
    <p class='ocr_par' dir='ltr' id='par_1_35' title="bbox 2255 733 3830 806">
     <span class='ocr_line' id='line_1_36' title="bbox 2255 733 3830 806; baseline -0.002 -17"><span class='ocrx_word' id='word_1_222' title='bbox 2255 734 2425 789; x_wconf 82' lang='grc' dir='ltr'><strong>πλοῦν</strong></span> <span class='ocrx_word' id='word_1_223' title='bbox 2473 735 2738 804; x_wconf 85' lang='grc' dir='ltr'><strong>γεγονότα</strong></span> <span class='ocrx_word' id='word_1_224' title='bbox 2782 737 2849 790; x_wconf 84' lang='grc' dir='ltr'><strong>δι’</strong></span> <span class='ocrx_word' id='word_1_225' title='bbox 2874 738 3047 806; x_wconf 76' lang='grc' dir='ltr'><strong>ἡμᾶς,</strong></span> <span class='ocrx_word' id='word_1_226' title='bbox 3095 736 3227 791; x_wconf 83' lang='grc' dir='ltr'><strong>Θεδν</strong></span> <span class='ocrx_word' id='word_1_227' title='bbox 3272 737 3402 789; x_wconf 63' lang='grc' dir='ltr'><strong>ὄντα</strong></span> <span class='ocrx_word' id='word_1_228' title='bbox 3453 737 3546 788; x_wconf 73' lang='grc' dir='ltr'><strong>καὶ</strong></span> <span class='ocrx_word' id='word_1_229' title='bbox 3595 733 3830 802; x_wconf 85' lang='grc' dir='ltr'><strong>μένοντα</strong></span> 
     </span>
    </p>
   </div>
   <div class='ocr_carea' id='block_1_36' title="bbox 2252 826 3827 901">
    <p class='ocr_par' dir='ltr' id='par_1_36' title="bbox 2252 826 3827 901">
     <span class='ocr_line' id='line_1_37' title="bbox 2252 826 3827 901; baseline -0.001 -21"><span class='ocrx_word' id='word_1_230' title='bbox 2252 827 2491 896; x_wconf 80' lang='grc' dir='ltr'><strong>ἀληθῶς.</strong></span> <span class='ocrx_word' id='word_1_231' title='bbox 2521 827 2616 881; x_wconf 75' lang='grc' dir='ltr'><strong>καὶ</strong></span> <span class='ocrx_word' id='word_1_232' title='bbox 2647 828 2934 897; x_wconf 71' lang='grc' dir='ltr'><strong>ἄνθρωπον</strong></span> <span class='ocrx_word' id='word_1_233' title='bbox 2962 829 3281 901; x_wconf 82' lang='grc' dir='ltr'><strong>ὑπάρξαντα</strong></span> <span class='ocrx_word' id='word_1_234' title='bbox 3308 827 3524 898; x_wconf 80' lang='grc' dir='ltr'><strong>ἀληθῶς</strong></span> <span class='ocrx_word' id='word_1_235' title='bbox 3555 827 3650 880; x_wconf 82' lang='grc' dir='ltr'><strong>καὶ</strong></span> <span class='ocrx_word' id='word_1_236' title='bbox 3677 826 3827 891; x_wconf 77' lang='grc' dir='ltr'><strong>ὄντα,</strong></span> 
     </span>
    </p>
   </div>
   <div class='ocr_carea' id='block_1_37' title="bbox 2251 915 3086 991">
    <p class='ocr_par' dir='ltr' id='par_1_37' title="bbox 2251 915 3086 991">
     <span class='ocr_line' id='line_1_38' title="bbox 2251 915 3086 991; baseline 0.002 -19"><span class='ocrx_word' id='word_1_237' title='bbox 2251 919 2311 972; x_wconf 83' lang='grc' dir='ltr'><strong>τὸ</strong></span> <span class='ocrx_word' id='word_1_238' title='bbox 2340 919 2473 983; x_wconf 67' lang='grc' dir='ltr'><strong>Θεὸς</strong></span> <span class='ocrx_word' id='word_1_239' title='bbox 2504 915 2643 973; x_wconf 76' lang='grc' dir='ltr'><strong>εἷναι</strong></span> <span class='ocrx_word' id='word_1_240' title='bbox 2677 918 2754 990; x_wconf 85' lang='grc' dir='ltr'><strong>μὴ</strong></span> <span class='ocrx_word' id='word_1_241' title='bbox 2781 921 3086 991; x_wconf 79' lang='grc' dir='ltr'><strong>τραπέντα.</strong></span> 
     </span>
    </p>
   </div>
   <div class='ocr_carea' id='block_1_38' title="bbox 2797 1101 3274 1159">
    <p class='ocr_par' dir='ltr' id='par_1_38' title="bbox 2797 1101 3274 1159">
     <span class='ocr_line' id='line_1_39' title="bbox 2797 1101 3274 1159; baseline 0.013 -6"><span class='ocrx_word' id='word_1_242' title='bbox 2797 1101 3057 1156; x_wconf 69' lang='grc' dir='ltr'><strong>«ΚΕΦΑΛ.</strong></span> <span class='ocrx_word' id='word_1_243' title='bbox 3098 1103 3274 1159; x_wconf 83' lang='lat' dir='ltr'><strong>PMB’.</strong></span> 
     </span>
    </p>
   </div>
   <div class='ocr_carea' id='block_1_39' title="bbox 2389 1189 3690 1260">
    <p class='ocr_par' dir='ltr' id='par_1_39' title="bbox 2389 1189 3690 1260">
     <span class='ocr_line' id='line_1_40' title="bbox 2389 1189 3690 1260; baseline 0.008 -17"><span class='ocrx_word' id='word_1_244' title='bbox 2389 1191 2523 1258; x_wconf 72' lang='grc' dir='ltr'><strong>Περὶ</strong></span> <span class='ocrx_word' id='word_1_245' title='bbox 2557 1189 2669 1258; x_wconf 77' lang='grc' dir='ltr'><strong>τῆς</strong></span> <span class='ocrx_word' id='word_1_246' title='bbox 2699 1189 2770 1245; x_wconf 83' lang='grc' dir='ltr'><strong>ἐν</strong></span> <span class='ocrx_word' id='word_1_247' title='bbox 2800 1191 2880 1256; x_wconf 85' lang='grc' dir='ltr'><strong>τῷ</strong></span> <span class='ocrx_word' id='word_1_248' title='bbox 2910 1192 3036 1258; x_wconf 80' lang='grc' dir='ltr'><strong>ναῷ</strong></span> <span class='ocrx_word' id='word_1_249' title='bbox 3069 1194 3346 1260; x_wconf 79' lang='grc' dir='ltr'><strong>στάσεως</strong></span> <span class='ocrx_word' id='word_1_250' title='bbox 3374 1198 3482 1253; x_wconf 83' lang='grc' dir='ltr'><strong>τοῦ</strong></span> <span class='ocrx_word' id='word_1_251' title='bbox 3514 1200 3690 1254; x_wconf 71' lang='grc' dir='ltr'><strong>λαοῦ.</strong></span> 
     </span>
    </p>
   </div>
   <div class='ocr_carea' id='block_1_40' title="bbox 2323 1281 3826 1362">
    <p class='ocr_par' dir='ltr' id='par_1_40' title="bbox 2323 1281 3826 1362">
     <span class='ocr_line' id='line_1_41' title="bbox 2323 1281 3826 1362; baseline 0.006 -27"><span class='ocrx_word' id='word_1_252' title='bbox 2323 1281 2604 1335; x_wconf 78' lang='grc' dir='ltr'><strong>Ἰστανται</strong></span> <span class='ocrx_word' id='word_1_253' title='bbox 2633 1281 2690 1334; x_wconf 71' lang='grc' dir='ltr'><strong>δὲ</strong></span> <span class='ocrx_word' id='word_1_254' title='bbox 2719 1284 2812 1336; x_wconf 71' lang='grc' dir='ltr'><strong>καὶ</strong></span> <span class='ocrx_word' id='word_1_255' title='bbox 2841 1284 2985 1338; x_wconf 71' lang='grc' dir='ltr'><strong>κατὰ</strong></span> <span class='ocrx_word' id='word_1_256' title='bbox 3010 1285 3163 1350; x_wconf 77' lang='grc' dir='ltr'><strong>τάξιν</strong></span> <span class='ocrx_word' id='word_1_257' title='bbox 3189 1287 3246 1339; x_wconf 81' lang='grc' dir='ltr'><strong>ὲν</strong></span> <span class='ocrx_word' id='word_1_258' title='bbox 3269 1286 3346 1358; x_wconf 80' lang='grc' dir='ltr'><strong>τῷ</strong></span> <span class='ocrx_word' id='word_1_259' title='bbox 3371 1287 3485 1358; x_wconf 77' lang='grc' dir='ltr'><strong>ναῷ</strong></span> <span class='ocrx_word' id='word_1_260' title='bbox 3505 1304 3518 1318; x_wconf 81' lang='grc'><strong>’</strong></span> <span class='ocrx_word' id='word_1_261' title='bbox 3550 1292 3644 1343; x_wconf 77' lang='grc' dir='ltr'><strong>καὶ</strong></span> <span class='ocrx_word' id='word_1_262' title='bbox 3675 1292 3826 1362; x_wconf 84' lang='grc' dir='ltr'><strong>πρῶ-</strong></span> 
     </span>
    </p>
   </div>
   <div class='ocr_carea' id='block_1_41' title="bbox 2249 1371 3830 1452">
    <p class='ocr_par' dir='ltr' id='par_1_41' title="bbox 2249 1371 3830 1452">
     <span class='ocr_line' id='line_1_42' title="bbox 2249 1371 3830 1452; baseline 0.008 -28"><span class='ocrx_word' id='word_1_263' title='bbox 2249 1388 2340 1424; x_wconf 89' lang='grc' dir='ltr'><strong>τον</strong></span> <span class='ocrx_word' id='word_1_264' title='bbox 2378 1371 2512 1441; x_wconf 81' lang='grc' dir='ltr'><strong>μὲν,</strong></span> <span class='ocrx_word' id='word_1_265' title='bbox 2546 1373 2595 1426; x_wconf 84' lang='grc' dir='ltr'><strong>οῑ</strong></span> <span class='ocrx_word' id='word_1_266' title='bbox 2631 1374 2782 1444; x_wconf 68' lang='grc' dir='ltr'><strong>ἱερᾶς</strong></span> <span class='ocrx_word' id='word_1_267' title='bbox 2822 1377 3220 1446; x_wconf 78' lang='grc' dir='ltr'><strong>μετεσχηκότες</strong></span> <span class='ocrx_word' id='word_1_268' title='bbox 3258 1381 3594 1450; x_wconf 67' lang='grc' dir='ltr'><strong>σφραγῖδος·</strong></span> <span class='ocrx_word' id='word_1_269' title='bbox 3631 1383 3830 1452; x_wconf 79' lang='grc' dir='ltr'><strong>ὑπερέ-</strong></span> 
     </span>
    </p>
   </div>
   <div class='ocr_carea' id='block_1_42' title="bbox 2250 1461 3832 1542">
    <p class='ocr_par' dir='ltr' id='par_1_42' title="bbox 2250 1461 3832 1542">
     <span class='ocr_line' id='line_1_43' title="bbox 2250 1461 3832 1542; baseline 0.008 -29"><span class='ocrx_word' id='word_1_270' title='bbox 2250 1479 2335 1530; x_wconf 89' lang='grc' dir='ltr'><strong>χει</strong></span> <span class='ocrx_word' id='word_1_271' title='bbox 2369 1463 2476 1531; x_wconf 82' lang='grc' dir='ltr'><strong>γὰρ</strong></span> <span class='ocrx_word' id='word_1_272' title='bbox 2510 1461 2585 1526; x_wconf 84' lang='grc' dir='ltr'><strong>ὡς</strong></span> <span class='ocrx_word' id='word_1_273' title='bbox 2618 1463 2714 1516; x_wconf 81' lang='grc' dir='ltr'><strong>τοῦ</strong></span> <span class='ocrx_word' id='word_1_274' title='bbox 2750 1464 2888 1517; x_wconf 78' lang='grc' dir='ltr'><strong>Θεοῦ</strong></span> <span class='ocrx_word' id='word_1_275' title='bbox 2925 1466 3088 1534; x_wconf 73' lang='grc' dir='ltr'><strong>ἔργον</strong></span> <span class='ocrx_word' id='word_1_276' title='bbox 3124 1469 3157 1537; x_wconf 82' lang='grc' dir='ltr'><strong>ἡ</strong></span> <span class='ocrx_word' id='word_1_277' title='bbox 3194 1471 3431 1537; x_wconf 65' lang='grc' dir='ltr'><strong>σφραγῖς</strong></span> <span class='ocrx_word' id='word_1_278' title='bbox 3464 1474 3564 1539; x_wconf 75' lang='grc' dir='ltr'><strong>τῆς</strong></span> <span class='ocrx_word' id='word_1_279' title='bbox 3603 1472 3832 1542; x_wconf 76' lang='grc' dir='ltr'><strong>ἱερωσὺ-</strong></span> 
     </span>
    </p>
   </div>
   <div class='ocr_carea' id='block_1_43' title="bbox 2252 1548 3832 1630">
    <p class='ocr_par' dir='ltr' id='par_1_43' title="bbox 2252 1548 3832 1630">
     <span class='ocr_line' id='line_1_44' title="bbox 2252 1548 3832 1630; baseline 0.009 -28"><span class='ocrx_word' id='word_1_280' title='bbox 2252 1568 2348 1618; x_wconf 85' lang='grc' dir='ltr'><strong>νης</strong></span> <span class='ocrx_word' id='word_1_281' title='bbox 2373 1568 2388 1582; x_wconf 78' lang='grc'><strong><em>⁸</em></strong></span> <span class='ocrx_word' id='word_1_282' title='bbox 2425 1548 2541 1605; x_wconf 82' lang='grc' dir='ltr'><strong>εἶτα</strong></span> <span class='ocrx_word' id='word_1_283' title='bbox 2579 1554 2718 1624; x_wconf 80' lang='grc' dir='ltr'><strong>μετὰ</strong></span> <span class='ocrx_word' id='word_1_284' title='bbox 2753 1555 2978 1621; x_wconf 83' lang='grc' dir='ltr'><strong>τούτους</strong></span> <span class='ocrx_word' id='word_1_285' title='bbox 3012 1559 3064 1612; x_wconf 82' lang='lat' dir='ltr'><strong>oi</strong></span> <span class='ocrx_word' id='word_1_286' title='bbox 3103 1563 3330 1630; x_wconf 73' lang='grc' dir='ltr'><strong>μοναχοὶ</strong></span> <span class='ocrx_word' id='word_1_287' title='bbox 3357 1602 3371 1626; x_wconf 89' lang='grc'><strong><em>,</em></strong></span> <span class='ocrx_word' id='word_1_288' title='bbox 3409 1561 3460 1614; x_wconf 81' lang='grc' dir='ltr'><strong>οἶ</strong></span> <span class='ocrx_word' id='word_1_289' title='bbox 3496 1562 3592 1616; x_wconf 82' lang='grc' dir='ltr'><strong>καὶ</strong></span> <span class='ocrx_word' id='word_1_290' title='bbox 3625 1563 3832 1618; x_wconf 74' lang='grc' dir='ltr'><strong>λαῖκιίν</strong></span> 
     </span>
    </p>
   </div>
   <div class='ocr_carea' id='block_1_44' title="bbox 2253 1642 3832 1726">
    <p class='ocr_par' dir='ltr' id='par_1_44' title="bbox 2253 1642 3832 1726">
     <span class='ocr_line' id='line_1_45' title="bbox 2253 1642 3832 1726; baseline 0.009 -32"><span class='ocrx_word' id='word_1_291' title='bbox 2253 1642 2471 1696; x_wconf 78' lang='grc' dir='ltr'><strong>πάντων</strong></span> <span class='ocrx_word' id='word_1_292' title='bbox 2504 1645 2815 1715; x_wconf 80' lang='grc' dir='ltr'><strong>ὲξέχουσιν,</strong></span> <span class='ocrx_word' id='word_1_293' title='bbox 2850 1647 2927 1711; x_wconf 83' lang='grc' dir='ltr'><strong>ὡς</strong></span> <span class='ocrx_word' id='word_1_294' title='bbox 2961 1649 3117 1719; x_wconf 80' lang='grc' dir='ltr'><strong>παρὰ</strong></span> <span class='ocrx_word' id='word_1_295' title='bbox 3152 1651 3357 1716; x_wconf 83' lang='grc' dir='ltr'><strong>πάντας</strong></span> <span class='ocrx_word' id='word_1_296' title='bbox 3388 1653 3795 1726; x_wconf 78' lang='grc' dir='ltr'><strong>κεκαθαρμένοι</strong></span> <span class='ocrx_word' id='word_1_297' title='bbox 3817 1699 3832 1721; x_wconf 86' lang='grc'><em>,</em></span> 
     </span>
    </p>
   </div>
   <div class='ocr_carea' id='block_1_45' title="bbox 2251 1737 3832 1817">
    <p class='ocr_par' dir='ltr' id='par_1_45' title="bbox 2251 1737 3832 1817">
     <span class='ocr_line' id='line_1_46' title="bbox 2251 1737 3832 1817; baseline 0.011 -30"><span class='ocrx_word' id='word_1_298' title='bbox 2251 1738 2348 1791; x_wconf 71' lang='grc' dir='ltr'><strong>καὶ</strong></span> <span class='ocrx_word' id='word_1_299' title='bbox 2365 1738 2464 1803; x_wconf 75' lang='grc' dir='ltr'><strong>τῆς</strong></span> <span class='ocrx_word' id='word_1_300' title='bbox 2488 1737 2830 1809; x_wconf 74' lang='grc' dir='ltr'><strong>ὑψηλοτέρας</strong></span> <span class='ocrx_word' id='word_1_301' title='bbox 2856 1741 3251 1812; x_wconf 69' lang='grc' dir='ltr'><strong>ἐπειλημμένοι</strong></span> <span class='ocrx_word' id='word_1_302' title='bbox 3273 1747 3365 1799; x_wconf 79' lang='grc' dir='ltr'><strong>καὶ</strong></span> <span class='ocrx_word' id='word_1_303' title='bbox 3387 1747 3641 1817; x_wconf 72' lang='grc' dir='ltr'><strong>οὐρανίου</strong></span> <span class='ocrx_word' id='word_1_304' title='bbox 3665 1750 3832 1816; x_wconf 79' lang='grc' dir='ltr'><strong>ζωῆς,</strong></span> 
     </span>
    </p>
   </div>
   <div class='ocr_carea' id='block_1_46' title="bbox 2250 1827 3835 1909">
    <p class='ocr_par' dir='ltr' id='par_1_46' title="bbox 2250 1827 3835 1909">
     <span class='ocr_line' id='line_1_47' title="bbox 2250 1827 3835 1909; baseline 0.01 -32"><span class='ocrx_word' id='word_1_305' title='bbox 2250 1827 2350 1895; x_wconf 77' lang='grc' dir='ltr'><strong>τὴν</strong></span> <span class='ocrx_word' id='word_1_306' title='bbox 2390 1829 2616 1895; x_wconf 76' lang='grc' dir='ltr'><strong>ἁγνείαν</strong></span> <span class='ocrx_word' id='word_1_307' title='bbox 2662 1831 2756 1883; x_wconf 78' lang='grc' dir='ltr'><strong>καὶ</strong></span> <span class='ocrx_word' id='word_1_308' title='bbox 2802 1832 3078 1902; x_wconf 74' lang='grc' dir='ltr'><strong>πτωχείαν</strong></span> <span class='ocrx_word' id='word_1_309' title='bbox 3118 1835 3387 1904; x_wconf 76' lang='grc' dir='ltr'><strong>ἑλόμενοι.</strong></span> <span class='ocrx_word' id='word_1_310' title='bbox 3425 1838 3535 1890; x_wconf 81' lang='grc' dir='ltr'><strong>Καὶ</strong></span> <span class='ocrx_word' id='word_1_311' title='bbox 3578 1841 3685 1909; x_wconf 80' lang='grc' dir='ltr'><strong>πρὸ</strong></span> <span class='ocrx_word' id='word_1_312' title='bbox 3725 1842 3835 1895; x_wconf 75' lang='grc' dir='ltr'><strong>τῶν</strong></span> 
     </span>
    </p>
   </div>
   <div class='ocr_carea' id='block_1_47' title="bbox 2252 1920 3831 1999">
    <p class='ocr_par' dir='ltr' id='par_1_47' title="bbox 2252 1920 3831 1999">
     <span class='ocr_line' id='line_1_48' title="bbox 2252 1920 3831 1999; baseline 0.011 -29"><span class='ocrx_word' id='word_1_313' title='bbox 2252 1920 2458 1972; x_wconf 79' lang='grc' dir='ltr'><strong>λαῖκῶν</strong></span> <span class='ocrx_word' id='word_1_314' title='bbox 2501 1922 2755 1986; x_wconf 80' lang='grc' dir='ltr'><strong>πάντων,</strong></span> <span class='ocrx_word' id='word_1_315' title='bbox 2799 1925 2891 1978; x_wconf 71' lang='grc' dir='ltr'><strong>καὶ</strong></span> <span class='ocrx_word' id='word_1_316' title='bbox 2937 1925 3118 1980; x_wconf 74' lang='grc' dir='ltr'><strong>αὐτῶν</strong></span> <span class='ocrx_word' id='word_1_317' title='bbox 3161 1927 3226 1999; x_wconf 80' lang='grc' dir='ltr'><strong>δὴ</strong></span> <span class='ocrx_word' id='word_1_318' title='bbox 3264 1929 3375 1983; x_wconf 84' lang='grc' dir='ltr'><strong>τῶν</strong></span> <span class='ocrx_word' id='word_1_319' title='bbox 3416 1931 3476 1984; x_wconf 69' lang='grc' dir='ltr'><strong>ἐν</strong></span> <span class='ocrx_word' id='word_1_320' title='bbox 3523 1930 3831 1998; x_wconf 73' lang='grc' dir='ltr'><strong>ἐξουσίαις,</strong></span> 
     </span>
    </p>
   </div>
   <div class='ocr_carea' id='block_1_48' title="bbox 2253 2011 3832 2091">
    <p class='ocr_par' dir='ltr' id='par_1_48' title="bbox 2253 2011 3832 2091">
     <span class='ocr_line' id='line_1_49' title="bbox 2253 2011 3832 2091; baseline 0.012 -29"><span class='ocrx_word' id='word_1_321' title='bbox 2253 2011 2393 2079; x_wconf 83' lang='grc' dir='ltr'><strong>πλὴν</strong></span> <span class='ocrx_word' id='word_1_322' title='bbox 2426 2012 2691 2081; x_wconf 81' lang='grc' dir='ltr'><strong>βασιλέως</strong></span> <span class='ocrx_word' id='word_1_323' title='bbox 2724 2014 2812 2068; x_wconf 84' lang='grc' dir='ltr'><strong>διὰ</strong></span> <span class='ocrx_word' id='word_1_324' title='bbox 2842 2016 2903 2069; x_wconf 80' lang='grc' dir='ltr'><strong>τὸ</strong></span> <span class='ocrx_word' id='word_1_325' title='bbox 2931 2016 3186 2090; x_wconf 78' lang='grc' dir='ltr'><strong>δεύτερον</strong></span> <span class='ocrx_word' id='word_1_326' title='bbox 3215 2021 3426 2091; x_wconf 87' lang='grc' dir='ltr'><strong>χρίσμα</strong></span> <span class='ocrx_word' id='word_1_327' title='bbox 3450 2063 3466 2088; x_wconf 83' lang='grc'><strong><em>,</em></strong></span> <span class='ocrx_word' id='word_1_328' title='bbox 3498 2029 3611 2090; x_wconf 80' lang='grc' dir='ltr'><strong>τοῖς</strong></span> <span class='ocrx_word' id='word_1_329' title='bbox 3642 2044 3832 2080; x_wconf 81' lang='grc' dir='ltr'><strong>κοινω-</strong></span> 
     </span>
    </p>
   </div>
   <div class='ocr_carea' id='block_1_49' title="bbox 2251 2099 3833 2179">
    <p class='ocr_par' dir='ltr' id='par_1_49' title="bbox 2251 2099 3833 2179">
     <span class='ocr_line' id='line_1_50' title="bbox 2251 2099 3833 2179; baseline 0.009 -29"><span class='ocrx_word' id='word_1_330' title='bbox 2251 2099 2367 2161; x_wconf 84' lang='grc' dir='ltr'><strong>νίας</strong></span> <span class='ocrx_word' id='word_1_331' title='bbox 2412 2101 2722 2170; x_wconf 79' lang='grc' dir='ltr'><strong>μετέχουσι.</strong></span> <span class='ocrx_word' id='word_1_332' title='bbox 2760 2103 2915 2157; x_wconf 70' lang='grc' dir='ltr'><strong>Μετὲι</strong></span> <span class='ocrx_word' id='word_1_333' title='bbox 2950 2105 3079 2170; x_wconf 80' lang='grc' dir='ltr'><strong>τοὺς</strong></span> <span class='ocrx_word' id='word_1_334' title='bbox 3116 2111 3384 2179; x_wconf 72' lang='grc' dir='ltr'><strong>μοναχοὺς</strong></span> <span class='ocrx_word' id='word_1_335' title='bbox 3416 2111 3473 2165; x_wconf 72' lang='grc' dir='ltr'><strong>δὲ</strong></span> <span class='ocrx_word' id='word_1_336' title='bbox 3505 2114 3557 2165; x_wconf 84' lang='lat' dir='ltr'><strong>oi</strong></span> <span class='ocrx_word' id='word_1_337' title='bbox 3591 2113 3702 2165; x_wconf 84' lang='grc' dir='ltr'><strong>τῶν</strong></span> <span class='ocrx_word' id='word_1_338' title='bbox 3736 2113 3833 2164; x_wconf 78' lang='grc' dir='ltr'><strong>ἄλ·-</strong></span> 
     </span>
    </p>
   </div>
   <div class='ocr_carea' id='block_1_50' title="bbox 2250 2189 3832 2270">
    <p class='ocr_par' dir='ltr' id='par_1_50' title="bbox 2250 2189 3832 2270">
     <span class='ocr_line' id='line_1_51' title="bbox 2250 2189 3832 2270; baseline 0.011 -30"><span class='ocrx_word' id='word_1_339' title='bbox 2250 2189 2357 2240; x_wconf 81' lang='grc' dir='ltr'><strong>λων</strong></span> <span class='ocrx_word' id='word_1_340' title='bbox 2393 2191 2834 2261; x_wconf 82' lang='grc' dir='ltr'><strong>κεκαθαρμένοι,</strong></span> <span class='ocrx_word' id='word_1_341' title='bbox 2871 2195 2923 2246; x_wconf 86' lang='grc' dir='ltr'><strong>εί</strong></span> <span class='ocrx_word' id='word_1_342' title='bbox 2958 2196 3052 2250; x_wconf 81' lang='grc' dir='ltr'><strong>καὶ</strong></span> <span class='ocrx_word' id='word_1_343' title='bbox 3086 2198 3118 2268; x_wconf 82' lang='grc' dir='ltr'><strong>ή</strong></span> <span class='ocrx_word' id='word_1_344' title='bbox 3157 2199 3305 2263; x_wconf 78' lang='grc' dir='ltr'><strong>τάξις</strong></span> <span class='ocrx_word' id='word_1_345' title='bbox 3341 2202 3466 2269; x_wconf 76' lang='grc' dir='ltr'><strong>ἄρτι</strong></span> <span class='ocrx_word' id='word_1_346' title='bbox 3502 2203 3791 2270; x_wconf 77' lang='grc' dir='ltr'><strong>ἠλλοίωται</strong></span> <span class='ocrx_word' id='word_1_347' title='bbox 3816 2219 3832 2236; x_wconf 89' lang='grc'><strong>·</strong></span> 
     </span>
    </p>
   </div>
   <div class='ocr_carea' id='block_1_51' title="bbox 2251 2281 3834 2363">
    <p class='ocr_par' dir='ltr' id='par_1_51' title="bbox 2251 2281 3834 2363">
     <span class='ocr_line' id='line_1_52' title="bbox 2251 2281 3834 2363; baseline 0.008 -30"><span class='ocrx_word' id='word_1_348' title='bbox 2251 2281 2365 2333; x_wconf 79' lang='grc' dir='ltr'><strong>ἀλλ’</strong></span> <span class='ocrx_word' id='word_1_349' title='bbox 2391 2283 2540 2352; x_wconf 77' lang='grc' dir='ltr'><strong>ὅμως</strong></span> <span class='ocrx_word' id='word_1_350' title='bbox 2570 2283 2663 2336; x_wconf 69' lang='grc' dir='ltr'><strong>καὶ</strong></span> <span class='ocrx_word' id='word_1_351' title='bbox 2695 2282 2858 2336; x_wconf 81' lang='grc' dir='ltr'><strong>πάλιν</strong></span> <span class='ocrx_word' id='word_1_352' title='bbox 2889 2288 3068 2352; x_wconf 81' lang='grc' dir='ltr'><strong>μένει,</strong></span> <span class='ocrx_word' id='word_1_353' title='bbox 3101 2290 3148 2341; x_wconf 79' lang='lat' dir='ltr'><strong>oi</strong></span> <span class='ocrx_word' id='word_1_354' title='bbox 3179 2291 3555 2361; x_wconf 70' lang='grc' dir='ltr'><strong>καθαρώτεροι</strong></span> <span class='ocrx_word' id='word_1_355' title='bbox 3589 2293 3697 2363; x_wconf 75' lang='grc' dir='ltr'><strong>γὰρ</strong></span> <span class='ocrx_word' id='word_1_356' title='bbox 3724 2294 3834 2347; x_wconf 85' lang='grc' dir='ltr'><strong>τῶν</strong></span> 
     </span>
    </p>
   </div>
   <div class='ocr_carea' id='block_1_52' title="bbox 2249 2372 3833 2456">
    <p class='ocr_par' dir='ltr' id='par_1_52' title="bbox 2249 2372 3833 2456">
     <span class='ocr_line' id='line_1_53' title="bbox 2249 2372 3833 2456; baseline 0.009 -31"><span class='ocrx_word' id='word_1_357' title='bbox 2249 2372 2426 2425; x_wconf 82' lang='grc' dir='ltr'><strong>ἄλλων</strong></span> <span class='ocrx_word' id='word_1_358' title='bbox 2466 2373 2564 2425; x_wconf 76' lang='grc' dir='ltr'><strong>καὶ</strong></span> <span class='ocrx_word' id='word_1_359' title='bbox 2610 2373 2704 2427; x_wconf 83' lang='grc' dir='ltr'><strong>νῦν</strong></span> <span class='ocrx_word' id='word_1_360' title='bbox 2752 2379 3142 2448; x_wconf 77' lang='grc' dir='ltr'><strong>συνεχέστερον</strong></span> <span class='ocrx_word' id='word_1_361' title='bbox 3183 2380 3288 2433; x_wconf 84' lang='grc' dir='ltr'><strong>τῶν</strong></span> <span class='ocrx_word' id='word_1_362' title='bbox 3331 2381 3506 2435; x_wconf 73' lang='grc' dir='ltr'><strong>ἄλλων</strong></span> <span class='ocrx_word' id='word_1_363' title='bbox 3552 2386 3649 2437; x_wconf 79' lang='grc' dir='ltr'><strong>καὶ</strong></span> <span class='ocrx_word' id='word_1_364' title='bbox 3692 2386 3833 2456; x_wconf 78' lang='grc' dir='ltr'><strong>μετὰ</strong></span> 
     </span>
    </p>
   </div>
   <div class='ocr_carea' id='block_1_53' title="bbox 2253 2463 3523 2544">
    <p class='ocr_par' dir='ltr' id='par_1_53' title="bbox 2253 2463 3523 2544">
     <span class='ocr_line' id='line_1_54' title="bbox 2253 2463 3523 2544; baseline 0.012 -30"><span class='ocrx_word' id='word_1_365' title='bbox 2253 2463 2491 2534; x_wconf 73' lang='grc' dir='ltr'><strong>θάρρους</strong></span> <span class='ocrx_word' id='word_1_366' title='bbox 2525 2466 2700 2519; x_wconf 83' lang='grc' dir='ltr'><strong>εἰπεῖν</strong></span> <span class='ocrx_word' id='word_1_367' title='bbox 2727 2469 2826 2536; x_wconf 80' lang='grc' dir='ltr'><strong>τῆς</strong></span> <span class='ocrx_word' id='word_1_368' title='bbox 2861 2472 3148 2534; x_wconf 81' lang='grc' dir='ltr'><strong>κοινωνίας</strong></span> <span class='ocrx_word' id='word_1_369' title='bbox 3180 2475 3523 2544; x_wconf 79' lang='grc' dir='ltr'><strong>μετέχουσιν.</strong></span> 
     </span>
    </p>
   </div>
   <div class='ocr_carea' id='block_1_54' title="bbox 2806 2582 3278 2640">
    <p class='ocr_par' dir='ltr' id='par_1_54' title="bbox 2806 2582 3278 2640">
     <span class='ocr_line' id='line_1_55' title="bbox 2806 2582 3278 2640; baseline 0.015 -6"><span class='ocrx_word' id='word_1_370' title='bbox 2806 2582 3058 2639; x_wconf 77' lang='grc' dir='ltr'><strong>ΚΕΦᾹΛ.</strong></span> <span class='ocrx_word' id='word_1_371' title='bbox 3101 2585 3278 2640; x_wconf 78' lang='lat' dir='ltr'><strong>PMI&quot;.</strong></span> 
     </span>
    </p>
   </div>
   <div class='ocr_carea' id='block_1_55' title="bbox 2253 2670 3830 2800">
    <p class='ocr_par' dir='ltr' id='par_1_55' title="bbox 2253 2670 3830 2800">
     <span class='ocr_line' id='line_1_56' title="bbox 2253 2670 3830 2800; baseline 0.013 -78"><span class='ocrx_word' id='word_1_372' title='bbox 2253 2670 2402 2724; x_wconf 87' lang='grc' dir='ltr'><strong>Πότε</strong></span> <span class='ocrx_word' id='word_1_373' title='bbox 2442 2673 2476 2725; x_wconf 84' lang='grc' dir='ltr'><strong>ό</strong></span> <span class='ocrx_word' id='word_1_374' title='bbox 2508 2671 2812 2740; x_wconf 67' lang='grc' dir='ltr'><strong>,βασιλεὺς</strong></span> <span class='ocrx_word' id='word_1_375' title='bbox 2849 2674 3031 2800; x_wconf 52' lang='grc' dir='ltr'><strong>ἕνδοὶν</strong></span> <span class='ocrx_word' id='word_1_376' title='bbox 3070 2679 3174 2757; x_wconf 62' lang='lat' dir='ltr'><strong>agi)</strong></span> <span class='ocrx_word' id='word_1_377' title='bbox 3207 2681 3485 2751; x_wconf 76' lang='grc' dir='ltr'><strong>,ϐήματος</strong></span> <span class='ocrx_word' id='word_1_378' title='bbox 3525 2689 3830 2755; x_wconf 75' lang='grc' dir='ltr'><strong>κοινωνεῖ,</strong></span> 
     </span>
     <span class='ocr_line' id='line_1_57' title="bbox 2904 2763 3184 2800; baseline 0.004 -1"><span class='ocrx_word' id='word_1_379' title='bbox 2904 2763 2979 2799; x_wconf 77' lang='grc' dir='ltr'><strong>κα</strong></span> <span class='ocrx_word' id='word_1_380' title='bbox 3037 2764 3184 2800; x_wconf 62' lang='grc' dir='ltr'><strong>πως.</strong></span> 
     </span>
    </p>
   </div>
   <div class='ocr_carea' id='block_1_56' title="bbox 2904 2763 3184 2814">
    <p class='ocr_par' dir='ltr' id='par_1_56' title="bbox 2904 2763 3184 2814">
     <span class='ocr_line' id='line_1_58' title="bbox 2904 2763 3184 2814; baseline 0.011 -15"><span class='ocrx_word' id='word_1_381' title='bbox 2904 2763 3000 2800; x_wconf 77' lang='grc' dir='ltr'><strong>και</strong></span> <span class='ocrx_word' id='word_1_382' title='bbox 3037 2764 3184 2814; x_wconf 82' lang='grc' dir='ltr'><strong>πως.</strong></span> 
     </span>
    </p>
   </div>
   <div class='ocr_carea' id='block_1_57' title="bbox 2334 2834 3832 2912">
    <p class='ocr_par' dir='ltr' id='par_1_57' title="bbox 2334 2834 3832 2912">
     <span class='ocr_line' id='line_1_59' title="bbox 2334 2834 3832 2912; baseline 0.007 -24"><span class='ocrx_word' id='word_1_383' title='bbox 2334 2835 2397 2888; x_wconf 83' lang='lat'><strong>&#39;0</strong></span> <span class='ocrx_word' id='word_1_384' title='bbox 2442 2834 2696 2903; x_wconf 80' lang='grc' dir='ltr'><strong>βασιλεὺς</strong></span> <span class='ocrx_word' id='word_1_385' title='bbox 2729 2836 2786 2890; x_wconf 81' lang='grc' dir='ltr'><strong>δὲ</strong></span> <span class='ocrx_word' id='word_1_386' title='bbox 2821 2837 2972 2892; x_wconf 74' lang='grc' dir='ltr'><strong>ἔνδον</strong></span> <span class='ocrx_word' id='word_1_387' title='bbox 3005 2838 3101 2892; x_wconf 79' lang='grc' dir='ltr'><strong>τοῦ</strong></span> <span class='ocrx_word' id='word_1_388' title='bbox 3143 2841 3386 2912; x_wconf 77' lang='grc' dir='ltr'><strong>βήματος</strong></span> <span class='ocrx_word' id='word_1_389' title='bbox 3421 2849 3673 2901; x_wconf 85' lang='grc' dir='ltr'><strong>κοινωνεῖ</strong></span> <span class='ocrx_word' id='word_1_390' title='bbox 3708 2848 3832 2901; x_wconf 80' lang='grc' dir='ltr'><strong>κατ’</strong></span> 
     </span>
    </p>
   </div>
   <div class='ocr_carea' id='block_1_58' title="bbox 2252 2925 3828 3006">
    <p class='ocr_par' dir='ltr' id='par_1_58' title="bbox 2252 2925 3828 3006">
     <span class='ocr_line' id='line_1_60' title="bbox 2252 2925 3828 3006; baseline 0.009 -28"><span class='ocrx_word' id='word_1_391' title='bbox 2252 2925 2419 2978; x_wconf 80' lang='grc' dir='ltr'><strong>αὑτὸν</strong></span> <span class='ocrx_word' id='word_1_392' title='bbox 2446 2928 2539 2980; x_wconf 76' lang='grc' dir='ltr'><strong>καὶ</strong></span> <span class='ocrx_word' id='word_1_393' title='bbox 2573 2926 2734 2994; x_wconf 87' lang='grc' dir='ltr'><strong>μόνον</strong></span> <span class='ocrx_word' id='word_1_394' title='bbox 2761 2927 2853 2980; x_wconf 77' lang='grc' dir='ltr'><strong>τὸν</strong></span> <span class='ocrx_word' id='word_1_395' title='bbox 2882 2931 3073 2996; x_wconf 66' lang='grc' dir='ltr'><strong>καιρὸν</strong></span> <span class='ocrx_word' id='word_1_396' title='bbox 3101 2931 3202 2999; x_wconf 73' lang='grc' dir='ltr'><strong>τῆς</strong></span> <span class='ocrx_word' id='word_1_397' title='bbox 3233 2934 3470 3003; x_wconf 78' lang='grc' dir='ltr'><strong>κρίσεως</strong></span> <span class='ocrx_word' id='word_1_398' title='bbox 3502 2938 3594 2989; x_wconf 71' lang='grc' dir='ltr'><strong>καὶ</strong></span> <span class='ocrx_word' id='word_1_399' title='bbox 3625 2939 3828 3006; x_wconf 82' lang='grc' dir='ltr'><strong>ἀναγο-</strong></span> 
     </span>
    </p>
   </div>
   <div class='ocr_carea' id='block_1_59' title="bbox 581 3017 2152 3116">
    <p class='ocr_par' dir='ltr' id='par_1_59' title="bbox 581 3036 2149 3116">
     <span class='ocr_line' id='line_1_61' title="bbox 581 3036 2149 3116; baseline 0.009 -29"><span class='ocrx_word' id='word_1_400' title='bbox 581 3045 761 3089; x_wconf 86' lang='lat' dir='ltr'><strong>tamen</strong></span> <span class='ocrx_word' id='word_1_401' title='bbox 795 3045 916 3105; x_wconf 90' lang='lat' dir='ltr'><strong>post</strong></span> <span class='ocrx_word' id='word_1_402' title='bbox 942 3036 1225 3107; x_wconf 85' lang='lat' dir='ltr'><strong>diaconos,</strong></span> <span class='ocrx_word' id='word_1_403' title='bbox 1275 3049 1326 3095; x_wconf 88' lang='lat' dir='ltr'><strong>et</strong></span> <span class='ocrx_word' id='word_1_404' title='bbox 1362 3042 1507 3097; x_wconf 91' lang='lat' dir='ltr'><strong>sicut</strong></span> <span class='ocrx_word' id='word_1_405' title='bbox 1536 3053 1590 3099; x_wconf 88' lang='lat' dir='ltr'><strong>et</strong></span> <span class='ocrx_word' id='word_1_406' title='bbox 1622 3046 1867 3114; x_wconf 86' lang='lat' dir='ltr'><strong>antiquis</strong></span> <span class='ocrx_word' id='word_1_407' title='bbox 1900 3046 2149 3116; x_wconf 80' lang='lat' dir='ltr'><strong>imagini-</strong></span> 
     </span>
    </p>
   </div>
   <div class='ocr_carea' id='block_1_60' title="bbox 2255 3017 3832 3116">
    <p class='ocr_par' dir='ltr' id='par_1_60' title="bbox 2256 3017 3832 3098">
     <span class='ocr_line' id='line_1_62' title="bbox 2256 3017 3832 3098; baseline 0.008 -31"><span class='ocrx_word' id='word_1_408' title='bbox 2256 3017 2499 3086; x_wconf 79' lang='grc' dir='ltr'><strong>ρεύσεως</strong></span> <span class='ocrx_word' id='word_1_409' title='bbox 2526 3033 2541 3048; x_wconf 79' lang='grc' dir='ltr'><strong>ο</strong></span> <span class='ocrx_word' id='word_1_410' title='bbox 2581 3017 2722 3086; x_wconf 79' lang='grc' dir='ltr'><strong>πλὴν</strong></span> <span class='ocrx_word' id='word_1_411' title='bbox 2759 3018 2899 3088; x_wconf 78' lang='grc' dir='ltr'><strong>μετὰ</strong></span> <span class='ocrx_word' id='word_1_412' title='bbox 2929 3023 3058 3084; x_wconf 72' lang='grc' dir='ltr'><strong>τοὺς</strong></span> <span class='ocrx_word' id='word_1_413' title='bbox 3091 3022 3404 3091; x_wconf 76' lang='grc' dir='ltr'><strong>διακόνους,</strong></span> <span class='ocrx_word' id='word_1_414' title='bbox 3441 3027 3534 3080; x_wconf 71' lang='grc' dir='ltr'><strong>καὶ</strong></span> <span class='ocrx_word' id='word_1_415' title='bbox 3569 3027 3643 3089; x_wconf 85' lang='grc' dir='ltr'><strong>ὡς</strong></span> <span class='ocrx_word' id='word_1_416' title='bbox 3680 3030 3832 3098; x_wconf 75' lang='grc' dir='ltr'><strong>παρὰ</strong></span> 
     </span>
    </p>
   </div>
   <div class='ocr_carea' id='block_1_61' title="bbox 581 3127 2152 3210">
    <p class='ocr_par' dir='ltr' id='par_1_61' title="bbox 581 3127 2152 3210">
     <span class='ocr_line' id='line_1_63' title="bbox 581 3127 2152 3210; baseline 0.008 -30"><span class='ocrx_word' id='word_1_417' title='bbox 581 3127 684 3180; x_wconf 74' lang='lat' dir='ltr'><strong>bus</strong></span> <span class='ocrx_word' id='word_1_418' title='bbox 717 3127 1072 3197; x_wconf 72' lang='lat' dir='ltr'><strong>cegnovimus</strong></span> <span class='ocrx_word' id='word_1_419' title='bbox 1101 3169 1115 3192; x_wconf 86' lang='lat'><em>.</em></span> <span class='ocrx_word' id='word_1_420' title='bbox 1154 3146 1261 3186; x_wconf 90' lang='lat' dir='ltr'><strong>non</strong></span> <span class='ocrx_word' id='word_1_421' title='bbox 1307 3133 1360 3187; x_wconf 93' lang='lat' dir='ltr'><strong>iu</strong></span> <span class='ocrx_word' id='word_1_422' title='bbox 1392 3149 1549 3191; x_wconf 87' lang='lat' dir='ltr'><strong>sacra</strong></span> <span class='ocrx_word' id='word_1_423' title='bbox 1581 3149 1764 3191; x_wconf 88' lang='lat' dir='ltr'><strong>mensa</strong></span> <span class='ocrx_word' id='word_1_424' title='bbox 1792 3177 1807 3203; x_wconf 93' lang='lat'><strong>,</strong></span> <span class='ocrx_word' id='word_1_425' title='bbox 1849 3138 1941 3193; x_wconf 89' lang='lat' dir='ltr'><strong>sed</strong></span> <span class='ocrx_word' id='word_1_426' title='bbox 1972 3140 2152 3210; x_wconf 90' lang='lat' dir='ltr'><strong>posito</strong></span> 
     </span>
    </p>
   </div>
   <div class='ocr_carea' id='block_1_62' title="bbox 579 3218 2154 3293">
    <p class='ocr_par' dir='ltr' id='par_1_62' title="bbox 579 3218 2154 3293">
     <span class='ocr_line' id='line_1_64' title="bbox 579 3218 2154 3293; baseline 0.01 -25"><span class='ocrx_word' id='word_1_427' title='bbox 579 3218 796 3286; x_wconf 75' lang='lat' dir='ltr'><strong>oblique</strong></span> <span class='ocrx_word' id='word_1_428' title='bbox 830 3220 1146 3276; x_wconf 84' lang='lat' dir='ltr'><strong>antiminsio</strong></span> <span class='ocrx_word' id='word_1_429' title='bbox 1172 3237 1333 3292; x_wconf 86' lang='lat' dir='ltr'><strong>super</strong></span> <span class='ocrx_word' id='word_1_430' title='bbox 1358 3223 1650 3293; x_wconf 81' lang='lat' dir='ltr'><strong>quamdam</strong></span> <span class='ocrx_word' id='word_1_431' title='bbox 1673 3228 2001 3283; x_wconf 87' lang='lat' dir='ltr'><strong>mensulam.</strong></span> <span class='ocrx_word' id='word_1_432' title='bbox 2037 3229 2154 3284; x_wconf 84' lang='lat' dir='ltr'><strong>Ete-</strong></span> 
     </span>
    </p>
   </div>
   <div class='ocr_carea' id='block_1_63' title="bbox 579 3311 2152 3387">
    <p class='ocr_par' dir='ltr' id='par_1_63' title="bbox 579 3311 2152 3387">
     <span class='ocr_line' id='line_1_65' title="bbox 579 3311 2152 3387; baseline 0.011 -26"><span class='ocrx_word' id='word_1_433' title='bbox 579 3311 694 3362; x_wconf 84' lang='lat' dir='ltr'><strong>nim</strong></span> <span class='ocrx_word' id='word_1_434' title='bbox 730 3311 1016 3379; x_wconf 81' lang='lat' dir='ltr'><strong>pontiilces</strong></span> <span class='ocrx_word' id='word_1_435' title='bbox 1057 3315 1279 3384; x_wconf 83' lang='lat' dir='ltr'><strong>quidem</strong></span> <span class='ocrx_word' id='word_1_436' title='bbox 1317 3317 1470 3387; x_wconf 89' lang='lat' dir='ltr'><strong>prius</strong></span> <span class='ocrx_word' id='word_1_437' title='bbox 1500 3329 1554 3374; x_wconf 92' lang='lat' dir='ltr'><strong>et</strong></span> <span class='ocrx_word' id='word_1_438' title='bbox 1603 3321 1916 3377; x_wconf 83' lang='lat' dir='ltr'><strong>sacerdotes</strong></span> <span class='ocrx_word' id='word_1_439' title='bbox 1957 3330 2010 3376; x_wconf 88' lang='lat' dir='ltr'><strong>et</strong></span> <span class='ocrx_word' id='word_1_440' title='bbox 2037 3323 2152 3377; x_wconf 89' lang='lat' dir='ltr'><strong>dia-</strong></span> 
     </span>
    </p>
   </div>
   <div class='ocr_carea' id='block_1_64' title="bbox 582 3402 2152 3480">
    <p class='ocr_par' dir='ltr' id='par_1_64' title="bbox 582 3402 2152 3480">
     <span class='ocr_line' id='line_1_66' title="bbox 582 3402 2152 3480; baseline 0.01 -27"><span class='ocrx_word' id='word_1_441' title='bbox 582 3402 728 3462; x_wconf 77' lang='lat' dir='ltr'><strong>coni.</strong></span> <span class='ocrx_word' id='word_1_442' title='bbox 779 3419 842 3457; x_wconf 82' lang='lat' dir='ltr'><strong>ex</strong></span> <span class='ocrx_word' id='word_1_443' title='bbox 887 3420 1057 3468; x_wconf 86' lang='lat' dir='ltr'><strong>more,</strong></span> <span class='ocrx_word' id='word_1_444' title='bbox 1091 3407 1369 3462; x_wconf 76' lang='lat' dir='ltr'><strong>viviiicum</strong></span> <span class='ocrx_word' id='word_1_445' title='bbox 1423 3423 1618 3480; x_wconf 83' lang='lat' dir='ltr'><strong>panem</strong></span> <span class='ocrx_word' id='word_1_446' title='bbox 1666 3418 1722 3465; x_wconf 91' lang='lat' dir='ltr'><strong>et</strong></span> <span class='ocrx_word' id='word_1_447' title='bbox 1769 3427 1836 3466; x_wconf 91' lang='lat' dir='ltr'><strong>ex</strong></span> <span class='ocrx_word' id='word_1_448' title='bbox 1872 3416 2152 3469; x_wconf 84' lang='lat' dir='ltr'><strong>consuetis</strong></span> 
     </span>
    </p>
   </div>
   <div class='ocr_carea' id='block_1_65' title="bbox 590 3494 2150 3572">
    <p class='ocr_par' dir='ltr' id='par_1_65' title="bbox 590 3494 2150 3572">
     <span class='ocr_line' id='line_1_67' title="bbox 590 3494 2150 3572; baseline 0.008 -26"><span class='ocrx_word' id='word_1_449' title='bbox 590 3496 761 3548; x_wconf 85' lang='lat' dir='ltr'><strong>sacris</strong></span> <span class='ocrx_word' id='word_1_450' title='bbox 790 3494 1057 3551; x_wconf 79' lang='lat' dir='ltr'><strong>calicibus</strong></span> <span class='ocrx_word' id='word_1_451' title='bbox 1107 3498 1349 3552; x_wconf 88' lang='lat' dir='ltr'><strong>divinum</strong></span> <span class='ocrx_word' id='word_1_452' title='bbox 1404 3502 1728 3568; x_wconf 78' lang='lat' dir='ltr'><strong>sanguinem</strong></span> <span class='ocrx_word' id='word_1_453' title='bbox 1783 3504 2150 3572; x_wconf 84' lang='lat' dir='ltr'><strong>participant;</strong></span> 
     </span>
    </p>
   </div>
   <div class='ocr_carea' id='block_1_66' title="bbox 589 3589 2153 3663">
    <p class='ocr_par' dir='ltr' id='par_1_66' title="bbox 589 3589 2153 3663">
     <span class='ocr_line' id='line_1_68' title="bbox 589 3589 2153 3663; baseline 0.012 -31"><span class='ocrx_word' id='word_1_454' title='bbox 589 3591 776 3651; x_wconf 77' lang='lat' dir='ltr'><strong>postea</strong></span> <span class='ocrx_word' id='word_1_455' title='bbox 811 3600 938 3638; x_wconf 65' lang='lat' dir='ltr'><strong>vero</strong></span> <span class='ocrx_word' id='word_1_456' title='bbox 988 3601 1083 3641; x_wconf 88' lang='lat' dir='ltr'><strong>rex</strong></span> <span class='ocrx_word' id='word_1_457' title='bbox 1123 3589 1395 3644; x_wconf 87' lang='lat' dir='ltr'><strong>accedens</strong></span> <span class='ocrx_word' id='word_1_458' title='bbox 1439 3590 1846 3647; x_wconf 86' lang='lat' dir='ltr'><strong>sanctissimum</strong></span> <span class='ocrx_word' id='word_1_459' title='bbox 1883 3607 2080 3663; x_wconf 88' lang='lat' dir='ltr'><strong>panem</strong></span> <span class='ocrx_word' id='word_1_460' title='bbox 2122 3610 2153 3650; x_wconf 86' lang='lat' dir='ltr'><strong>a</strong></span> 
     </span>
    </p>
   </div>
   <div class='ocr_carea' id='block_1_67' title="bbox 588 3677 2152 3750">
    <p class='ocr_par' dir='ltr' id='par_1_67' title="bbox 588 3677 2152 3750">
     <span class='ocr_line' id='line_1_69' title="bbox 588 3677 2152 3750; baseline 0.009 -24"><span class='ocrx_word' id='word_1_461' title='bbox 588 3677 895 3742; x_wconf 84' lang='lat' dir='ltr'><strong>patriarcha</strong></span> <span class='ocrx_word' id='word_1_462' title='bbox 939 3692 1100 3731; x_wconf 85' lang='lat' dir='ltr'><strong>manu</strong></span> <span class='ocrx_word' id='word_1_463' title='bbox 1135 3681 1323 3744; x_wconf 87' lang='lat' dir='ltr'><strong>sumit,</strong></span> <span class='ocrx_word' id='word_1_464' title='bbox 1350 3681 1500 3737; x_wconf 86' lang='lat' dir='ltr'><strong>velut</strong></span> <span class='ocrx_word' id='word_1_465' title='bbox 1526 3683 1775 3750; x_wconf 81' lang='lat' dir='ltr'><strong>diaconi;</strong></span> <span class='ocrx_word' id='word_1_466' title='bbox 1801 3692 1856 3739; x_wconf 89' lang='lat' dir='ltr'><strong>et</strong></span> <span class='ocrx_word' id='word_1_467' title='bbox 1882 3685 2152 3741; x_wconf 84' lang='lat' dir='ltr'><strong>viviiicum</strong></span> 
     </span>
    </p>
   </div>
   <div class='ocr_carea' id='block_1_68' title="bbox 584 3771 2150 3842">
    <p class='ocr_par' dir='ltr' id='par_1_68' title="bbox 584 3771 2150 3842">
     <span class='ocr_line' id='line_1_70' title="bbox 584 3771 2150 3842; baseline 0.006 -20"><span class='ocrx_word' id='word_1_468' title='bbox 584 3771 904 3836; x_wconf 80' lang='lat' dir='ltr'><strong>sanguinem</strong></span> <span class='ocrx_word' id='word_1_469' title='bbox 936 3771 1003 3826; x_wconf 84' lang='lat' dir='ltr'><strong>ab</strong></span> <span class='ocrx_word' id='word_1_470' title='bbox 1035 3771 1155 3840; x_wconf 84' lang='lat' dir='ltr'><strong>ipso</strong></span> <span class='ocrx_word' id='word_1_471' title='bbox 1180 3774 1512 3840; x_wconf 80' lang='lat' dir='ltr'><strong>patriarcha,</strong></span> <span class='ocrx_word' id='word_1_472' title='bbox 1541 3775 1717 3840; x_wconf 84' lang='lat' dir='ltr'><strong>labiis,</strong></span> <span class='ocrx_word' id='word_1_473' title='bbox 1739 3777 1880 3834; x_wconf 92' lang='lat' dir='ltr'><strong>sicut</strong></span> <span class='ocrx_word' id='word_1_474' title='bbox 1909 3778 2150 3842; x_wconf 87' lang='lat' dir='ltr'><strong>diaconi,</strong></span> 
     </span>
    </p>
   </div>
   <div class='ocr_carea' id='block_1_69' title="bbox 585 3862 2154 3937">
    <p class='ocr_par' dir='ltr' id='par_1_69' title="bbox 585 3862 2154 3937">
     <span class='ocr_line' id='line_1_71' title="bbox 585 3862 2154 3937; baseline 0.006 -24"><span class='ocrx_word' id='word_1_475' title='bbox 585 3862 871 3931; x_wconf 69' lang='lat' dir='ltr'><strong>participat</strong></span> <span class='ocrx_word' id='word_1_476' title='bbox 899 3877 928 3915; x_wconf 92' lang='lat' dir='ltr'><strong>e</strong></span> <span class='ocrx_word' id='word_1_477' title='bbox 957 3876 1112 3918; x_wconf 85' lang='lat' dir='ltr'><strong>sacro</strong></span> <span class='ocrx_word' id='word_1_478' title='bbox 1140 3865 1312 3920; x_wconf 87' lang='lat' dir='ltr'><strong>calice</strong></span> <span class='ocrx_word' id='word_1_479' title='bbox 1363 3875 1586 3934; x_wconf 88' lang='lat' dir='ltr'><strong>propter</strong></span> <span class='ocrx_word' id='word_1_480' title='bbox 1619 3866 1797 3936; x_wconf 84' lang='lat' dir='ltr'><strong>ipsum</strong></span> <span class='ocrx_word' id='word_1_481' title='bbox 1831 3878 2044 3937; x_wconf 86' lang='lat' dir='ltr'><strong>parato.</strong></span> <span class='ocrx_word' id='word_1_482' title='bbox 2085 3869 2154 3923; x_wconf 82' lang='lat' dir='ltr'><strong>Et</strong></span> 
     </span>
    </p>
   </div>
   <div class='ocr_carea' id='block_1_70' title="bbox 589 3953 2154 4027">
    <p class='ocr_par' dir='ltr' id='par_1_70' title="bbox 589 3953 2154 4027">
     <span class='ocr_line' id='line_1_72' title="bbox 589 3953 2154 4027; baseline 0.008 -24"><span class='ocrx_word' id='word_1_483' title='bbox 589 3953 640 4006; x_wconf 87' lang='lat' dir='ltr'><strong>id</strong></span> <span class='ocrx_word' id='word_1_484' title='bbox 676 3954 910 4023; x_wconf 87' lang='lat' dir='ltr'><strong>desuper</strong></span> <span class='ocrx_word' id='word_1_485' title='bbox 942 3955 1118 4010; x_wconf 64' lang='lat' dir='ltr'><strong>fuerat</strong></span> <span class='ocrx_word' id='word_1_486' title='bbox 1165 3956 1493 4027; x_wconf 85' lang='lat' dir='ltr'><strong>dispositum</strong></span> <span class='ocrx_word' id='word_1_487' title='bbox 1529 3976 1544 4017; x_wconf 88' lang='lat'>:</span> <span class='ocrx_word' id='word_1_488' title='bbox 1579 3960 1744 4018; x_wconf 89' lang='lat' dir='ltr'><strong>istum</strong></span> <span class='ocrx_word' id='word_1_489' title='bbox 1773 3960 2036 4016; x_wconf 89' lang='lat' dir='ltr'><strong>honorem</strong></span> <span class='ocrx_word' id='word_1_490' title='bbox 2065 3976 2154 4016; x_wconf 87' lang='lat' dir='ltr'><strong>ac-</strong></span> 
     </span>
    </p>
   </div>
   <div class='ocr_carea' id='block_1_71' title="bbox 582 4046 2154 4119">
    <p class='ocr_par' dir='ltr' id='par_1_71' title="bbox 582 4046 2154 4119">
     <span class='ocr_line' id='line_1_73' title="bbox 582 4046 2154 4119; baseline 0.004 -19"><span class='ocrx_word' id='word_1_491' title='bbox 582 4046 726 4114; x_wconf 87' lang='lat' dir='ltr'><strong>cepit</strong></span> <span class='ocrx_word' id='word_1_492' title='bbox 755 4047 826 4102; x_wconf 89' lang='lat' dir='ltr'><strong>ob</strong></span> <span class='ocrx_word' id='word_1_493' title='bbox 854 4048 1003 4117; x_wconf 78' lang='lat' dir='ltr'><strong>regni</strong></span> <span class='ocrx_word' id='word_1_494' title='bbox 1042 4047 1284 4104; x_wconf 80' lang='lat' dir='ltr'><strong>chrisma</strong></span> <span class='ocrx_word' id='word_1_495' title='bbox 1306 4090 1320 4114; x_wconf 92' lang='lat'><strong>,</strong></span> <span class='ocrx_word' id='word_1_496' title='bbox 1353 4057 1610 4119; x_wconf 83' lang='lat' dir='ltr'><strong>tauquam</strong></span> <span class='ocrx_word' id='word_1_497' title='bbox 1642 4051 1874 4105; x_wconf 77' lang='lat' dir='ltr'><strong>maximi</strong></span> <span class='ocrx_word' id='word_1_498' title='bbox 1907 4053 2154 4107; x_wconf 80' lang='lat' dir='ltr'><strong>domina-</strong></span> 
     </span>
    </p>
   </div>
   <div class='ocr_carea' id='block_1_72' title="bbox 587 4137 2156 4213">
    <p class='ocr_par' dir='ltr' id='par_1_72' title="bbox 587 4137 2156 4213">
     <span class='ocr_line' id='line_1_74' title="bbox 587 4137 2156 4213; baseline 0.006 -24"><span class='ocrx_word' id='word_1_499' title='bbox 587 4137 723 4190; x_wconf 87' lang='lat' dir='ltr'><strong>toris</strong></span> <span class='ocrx_word' id='word_1_500' title='bbox 752 4137 1010 4194; x_wconf 70' lang='lat' dir='ltr'><strong>Ecclesiae</strong></span> <span class='ocrx_word' id='word_1_501' title='bbox 1042 4147 1247 4194; x_wconf 68' lang='lat' dir='ltr'><strong>sanctae</strong></span> <span class='ocrx_word' id='word_1_502' title='bbox 1275 4140 1450 4195; x_wconf 88' lang='lat' dir='ltr'><strong>locum</strong></span> <span class='ocrx_word' id='word_1_503' title='bbox 1479 4140 1730 4212; x_wconf 82' lang='lat' dir='ltr'><strong>adeptus,</strong></span> <span class='ocrx_word' id='word_1_504' title='bbox 1763 4143 2035 4213; x_wconf 81' lang='lat' dir='ltr'><strong>istiusque</strong></span> <span class='ocrx_word' id='word_1_505' title='bbox 2063 4144 2156 4199; x_wconf 84' lang='lat' dir='ltr'><strong>dc-</strong></span> 
     </span>
    </p>
   </div>
   <div class='ocr_carea' id='block_1_73' title="bbox 587 4227 2155 4306">
    <p class='ocr_par' dir='ltr' id='par_1_73' title="bbox 587 4227 2155 4306">
     <span class='ocr_line' id='line_1_75' title="bbox 587 4227 2155 4306; baseline 0.007 -25"><span class='ocrx_word' id='word_1_506' title='bbox 587 4227 769 4282; x_wconf 67' lang='lat' dir='ltr'><strong>iensor</strong></span> <span class='ocrx_word' id='word_1_507' title='bbox 797 4238 1042 4295; x_wconf 85' lang='lat' dir='ltr'><strong>vocatus,</strong></span> <span class='ocrx_word' id='word_1_508' title='bbox 1070 4239 1123 4285; x_wconf 90' lang='lat' dir='ltr'><strong>et</strong></span> <span class='ocrx_word' id='word_1_509' title='bbox 1151 4240 1405 4301; x_wconf 87' lang='lat' dir='ltr'><strong>tanquam</strong></span> <span class='ocrx_word' id='word_1_510' title='bbox 1449 4233 1710 4289; x_wconf 82' lang='lat' dir='ltr'><strong>Christus</strong></span> <span class='ocrx_word' id='word_1_511' title='bbox 1748 4235 2006 4300; x_wconf 82' lang='lat' dir='ltr'><strong>Domini,</strong></span> <span class='ocrx_word' id='word_1_512' title='bbox 2061 4253 2155 4306; x_wconf 91' lang='lat' dir='ltr'><strong>po-</strong></span> 
     </span>
    </p>
   </div>
   <div class='ocr_carea' id='block_1_74' title="bbox 585 4319 2154 4392">
    <p class='ocr_par' dir='ltr' id='par_1_74' title="bbox 585 4319 2154 4392">
     <span class='ocr_line' id='line_1_76' title="bbox 585 4319 2154 4392; baseline 0.006 -22"><span class='ocrx_word' id='word_1_513' title='bbox 585 4321 808 4391; x_wconf 83' lang='lat' dir='ltr'><strong>pulique</strong></span> <span class='ocrx_word' id='word_1_514' title='bbox 828 4321 1124 4376; x_wconf 83' lang='lat' dir='ltr'><strong>Christiani</strong></span> <span class='ocrx_word' id='word_1_515' title='bbox 1161 4332 1214 4376; x_wconf 88' lang='lat' dir='ltr'><strong>et</strong></span> <span class='ocrx_word' id='word_1_516' title='bbox 1241 4324 1508 4379; x_wconf 71' lang='lat' dir='ltr'><strong>universa:</strong></span> <span class='ocrx_word' id='word_1_517' title='bbox 1536 4333 1694 4378; x_wconf 73' lang='lat' dir='ltr'><strong>terra:</strong></span> <span class='ocrx_word' id='word_1_518' title='bbox 1726 4319 2019 4392; x_wconf 83' lang='lat' dir='ltr'><strong>imperator</strong></span> <span class='ocrx_word' id='word_1_519' title='bbox 2047 4327 2154 4380; x_wconf 85' lang='lat' dir='ltr'><strong>eie-</strong></span> 
     </span>
    </p>
   </div>
   <div class='ocr_carea' id='block_1_75' title="bbox 2256 3110 3832 3190">
    <p class='ocr_par' dir='ltr' id='par_1_75' title="bbox 2256 3110 3832 3190">
     <span class='ocr_line' id='line_1_77' title="bbox 2256 3110 3832 3190; baseline 0.006 -28"><span class='ocrx_word' id='word_1_520' title='bbox 2256 3111 2365 3162; x_wconf 85' lang='grc' dir='ltr'><strong>τῶν</strong></span> <span class='ocrx_word' id='word_1_521' title='bbox 2389 3110 2636 3164; x_wconf 84' lang='grc' dir='ltr'><strong>παλαιῶν</strong></span> <span class='ocrx_word' id='word_1_522' title='bbox 2664 3112 3070 3167; x_wconf 81' lang='grc' dir='ltr'><strong>ὑποτυπώσεων</strong></span> <span class='ocrx_word' id='word_1_523' title='bbox 3099 3116 3365 3184; x_wconf 77' lang='grc' dir='ltr'><strong>ἔγνωμεν,</strong></span> <span class='ocrx_word' id='word_1_524' title='bbox 3394 3117 3494 3170; x_wconf 74' lang='grc' dir='ltr'><strong>οὐκ</strong></span> <span class='ocrx_word' id='word_1_525' title='bbox 3522 3119 3579 3170; x_wconf 84' lang='grc' dir='ltr'><strong>ὲν</strong></span> <span class='ocrx_word' id='word_1_526' title='bbox 3605 3123 3669 3190; x_wconf 80' lang='grc' dir='ltr'><strong>τῇ</strong></span> <span class='ocrx_word' id='word_1_527' title='bbox 3702 3121 3832 3190; x_wconf 67' lang='grc' dir='ltr'><strong>ἁγία</strong></span> 
     </span>
    </p>
   </div>
   <div class='ocr_carea' id='block_1_76' title="bbox 2255 3204 3830 3280">
    <p class='ocr_par' dir='ltr' id='par_1_76' title="bbox 2255 3204 3830 3280">
     <span class='ocr_line' id='line_1_78' title="bbox 2255 3204 3830 3280; baseline 0.006 -24"><span class='ocrx_word' id='word_1_528' title='bbox 2255 3204 2524 3274; x_wconf 78' lang='grc' dir='ltr'><strong>τραπέζῃ,</strong></span> <span class='ocrx_word' id='word_1_529' title='bbox 2559 3204 2694 3257; x_wconf 78' lang='grc' dir='ltr'><strong>ἀλλὰ</strong></span> <span class='ocrx_word' id='word_1_530' title='bbox 2725 3205 3010 3274; x_wconf 78' lang='grc' dir='ltr'><strong>τιθεμένου</strong></span> <span class='ocrx_word' id='word_1_531' title='bbox 3041 3209 3103 3261; x_wconf 78' lang='grc' dir='ltr'><strong>ὲκ</strong></span> <span class='ocrx_word' id='word_1_532' title='bbox 3135 3207 3368 3276; x_wconf 80' lang='grc' dir='ltr'><strong>πλαγίου</strong></span> <span class='ocrx_word' id='word_1_533' title='bbox 3399 3211 3738 3280; x_wconf 77' lang='grc' dir='ltr'><strong>ἁντιμινσῖου</strong></span> <span class='ocrx_word' id='word_1_534' title='bbox 3769 3213 3830 3266; x_wconf 76' lang='grc' dir='ltr'><strong>ἐν</strong></span> 
     </span>
    </p>
   </div>
   <div class='ocr_carea' id='block_1_77' title="bbox 2255 3295 3834 3374">
    <p class='ocr_par' dir='ltr' id='par_1_77' title="bbox 2255 3295 3834 3374">
     <span class='ocr_line' id='line_1_79' title="bbox 2255 3295 3834 3374; baseline 0.005 -26"><span class='ocrx_word' id='word_1_535' title='bbox 2255 3295 2609 3366; x_wconf 70' lang='grc' dir='ltr'><strong>τραπεζακίῳ</strong></span> <span class='ocrx_word' id='word_1_536' title='bbox 2651 3297 2778 3352; x_wconf 82' lang='grc' dir='ltr'><strong>τινί.</strong></span> <span class='ocrx_word' id='word_1_537' title='bbox 2831 3300 2894 3350; x_wconf 88' lang='lat' dir='ltr'><strong>Ol</strong></span> <span class='ocrx_word' id='word_1_538' title='bbox 2945 3300 3043 3368; x_wconf 78' lang='grc' dir='ltr'><strong>μὲν</strong></span> <span class='ocrx_word' id='word_1_539' title='bbox 3086 3301 3196 3372; x_wconf 78' lang='grc' dir='ltr'><strong>γὰρ</strong></span> <span class='ocrx_word' id='word_1_540' title='bbox 3242 3302 3520 3371; x_wconf 77' lang='grc' dir='ltr'><strong>ἀρχιερεῖς</strong></span> <span class='ocrx_word' id='word_1_541' title='bbox 3571 3306 3834 3374; x_wconf 81' lang='grc' dir='ltr'><strong>πρότερον</strong></span> 
     </span>
    </p>
   </div>
   <div class='ocr_carea' id='block_1_78' title="bbox 2257 3389 3830 3458">
    <p class='ocr_par' dir='ltr' id='par_1_78' title="bbox 2257 3389 3830 3458">
     <span class='ocr_line' id='line_1_80' title="bbox 2257 3389 3830 3458; baseline 0.004 -19"><span class='ocrx_word' id='word_1_542' title='bbox 2257 3389 2349 3440; x_wconf 80' lang='grc' dir='ltr'><strong>καὶ</strong></span> <span class='ocrx_word' id='word_1_543' title='bbox 2385 3389 2550 3457; x_wconf 78' lang='grc' dir='ltr'><strong>ἱερεῖς</strong></span> <span class='ocrx_word' id='word_1_544' title='bbox 2586 3391 2680 3441; x_wconf 75' lang='grc' dir='ltr'><strong>καὶ</strong></span> <span class='ocrx_word' id='word_1_545' title='bbox 2718 3389 2956 3442; x_wconf 83' lang='grc' dir='ltr'><strong>διάκονοι</strong></span> <span class='ocrx_word' id='word_1_546' title='bbox 2997 3392 3140 3443; x_wconf 73' lang='grc' dir='ltr'><strong>κατὰ</strong></span> <span class='ocrx_word' id='word_1_547' title='bbox 3176 3393 3235 3443; x_wconf 79' lang='grc' dir='ltr'><strong>τὸ</strong></span> <span class='ocrx_word' id='word_1_548' title='bbox 3275 3393 3395 3456; x_wconf 75' lang='grc' dir='ltr'><strong>ἔθος</strong></span> <span class='ocrx_word' id='word_1_549' title='bbox 3432 3393 3522 3447; x_wconf 76' lang='grc' dir='ltr'><strong>τοῦ</strong></span> <span class='ocrx_word' id='word_1_550' title='bbox 3564 3393 3830 3458; x_wconf 78' lang='grc' dir='ltr'><strong>ζωοποιοῦ</strong></span> 
     </span>
    </p>
   </div>
   <div class='ocr_carea' id='block_1_79' title="bbox 2256 3479 3830 3554">
    <p class='ocr_par' dir='ltr' id='par_1_79' title="bbox 2256 3479 3830 3554">
     <span class='ocr_line' id='line_1_81' title="bbox 2256 3479 3830 3554; baseline 0.004 -21"><span class='ocrx_word' id='word_1_551' title='bbox 2256 3479 2424 3548; x_wconf 77' lang='grc' dir='ltr'><strong>ἄρτου</strong></span> <span class='ocrx_word' id='word_1_552' title='bbox 2449 3483 2546 3535; x_wconf 74' lang='grc' dir='ltr'><strong>καὶ</strong></span> <span class='ocrx_word' id='word_1_553' title='bbox 2572 3482 2634 3533; x_wconf 85' lang='grc' dir='ltr'><strong>ὲκ</strong></span> <span class='ocrx_word' id='word_1_554' title='bbox 2660 3482 2768 3534; x_wconf 80' lang='grc' dir='ltr'><strong>τῶν</strong></span> <span class='ocrx_word' id='word_1_555' title='bbox 2794 3481 3042 3552; x_wconf 74' lang='grc' dir='ltr'><strong>συνήθων</strong></span> <span class='ocrx_word' id='word_1_556' title='bbox 3070 3485 3232 3553; x_wconf 81' lang='grc' dir='ltr'><strong>ίερῶν</strong></span> <span class='ocrx_word' id='word_1_557' title='bbox 3257 3485 3535 3554; x_wconf 82' lang='grc' dir='ltr'><strong>ποτηρίων</strong></span> <span class='ocrx_word' id='word_1_558' title='bbox 3563 3487 3656 3538; x_wconf 78' lang='grc' dir='ltr'><strong>τοῦ</strong></span> <span class='ocrx_word' id='word_1_559' title='bbox 3685 3486 3830 3539; x_wconf 80' lang='grc' dir='ltr'><strong>θείου</strong></span> 
     </span>
    </p>
   </div>
   <div class='ocr_carea' id='block_1_80' title="bbox 2255 3572 3834 3648">
    <p class='ocr_par' dir='ltr' id='par_1_80' title="bbox 2255 3572 3834 3648">
     <span class='ocr_line' id='line_1_82' title="bbox 2255 3572 3834 3648; baseline 0.004 -22"><span class='ocrx_word' id='word_1_560' title='bbox 2255 3572 2486 3640; x_wconf 75' lang='grc' dir='ltr'><strong>αἵματος</strong></span> <span class='ocrx_word' id='word_1_561' title='bbox 2520 3575 2843 3644; x_wconf 77' lang='grc' dir='ltr'><strong>μετέχουσιο</strong></span> <span class='ocrx_word' id='word_1_562' title='bbox 2879 3576 3016 3645; x_wconf 80' lang='grc' dir='ltr'><strong>μετὰ</strong></span> <span class='ocrx_word' id='word_1_563' title='bbox 3043 3576 3213 3630; x_wconf 86' lang='grc' dir='ltr'><strong>ταῦτα</strong></span> <span class='ocrx_word' id='word_1_564' title='bbox 3245 3577 3300 3630; x_wconf 70' lang='grc' dir='ltr'><strong>δὲ</strong></span> <span class='ocrx_word' id='word_1_565' title='bbox 3332 3579 3648 3646; x_wconf 83' lang='grc' dir='ltr'><strong>προσελθὼν</strong></span> <span class='ocrx_word' id='word_1_566' title='bbox 3675 3582 3703 3632; x_wconf 88' lang='grc' dir='ltr'><strong>ό</strong></span> <span class='ocrx_word' id='word_1_567' title='bbox 3736 3579 3834 3648; x_wconf 85' lang='grc' dir='ltr'><strong>βα-</strong></span> 
     </span>
    </p>
   </div>
   <div class='ocr_carea' id='block_1_81' title="bbox 2258 3664 3831 3740">
    <p class='ocr_par' dir='ltr' id='par_1_81' title="bbox 2258 3664 3831 3740">
     <span class='ocr_line' id='line_1_83' title="bbox 2258 3664 3831 3740; baseline 0.008 -26"><span class='ocrx_word' id='word_1_568' title='bbox 2258 3664 2458 3726; x_wconf 75' lang='grc' dir='ltr'><strong>σιλεὺς,</strong></span> <span class='ocrx_word' id='word_1_569' title='bbox 2489 3664 2579 3717; x_wconf 81' lang='grc' dir='ltr'><strong>τὸν</strong></span> <span class='ocrx_word' id='word_1_570' title='bbox 2608 3666 2912 3730; x_wconf 81' lang='grc' dir='ltr'><strong>ἁγιώτατον</strong></span> <span class='ocrx_word' id='word_1_571' title='bbox 2941 3669 3105 3737; x_wconf 78' lang='grc' dir='ltr'><strong>ἄρτον</strong></span> <span class='ocrx_word' id='word_1_572' title='bbox 3136 3671 3201 3738; x_wconf 80' lang='grc' dir='ltr'><strong>τῇ</strong></span> <span class='ocrx_word' id='word_1_573' title='bbox 3236 3671 3380 3739; x_wconf 73' lang='grc' dir='ltr'><strong>χειρὶ</strong></span> <span class='ocrx_word' id='word_1_574' title='bbox 3411 3673 3560 3740; x_wconf 65' lang='grc' dir='ltr'><strong>παρὰ</strong></span> <span class='ocrx_word' id='word_1_575' title='bbox 3593 3672 3687 3724; x_wconf 80' lang='grc' dir='ltr'><strong>τοῦ</strong></span> <span class='ocrx_word' id='word_1_576' title='bbox 3724 3692 3831 3726; x_wconf 80' lang='grc' dir='ltr'><strong>πα·-</strong></span> 
     </span>
    </p>
   </div>
   <div class='ocr_carea' id='block_1_82' title="bbox 2255 3755 3831 3828">
    <p class='ocr_par' dir='ltr' id='par_1_82' title="bbox 2255 3755 3831 3828">
     <span class='ocr_line' id='line_1_84' title="bbox 2255 3755 3831 3828; baseline 0.006 -22"><span class='ocrx_word' id='word_1_577' title='bbox 2255 3755 2515 3825; x_wconf 82' lang='grc' dir='ltr'><strong>τριάρχου</strong></span> <span class='ocrx_word' id='word_1_578' title='bbox 2542 3755 2809 3824; x_wconf 75' lang='grc' dir='ltr'><strong>λαμϐάνει</strong></span> <span class='ocrx_word' id='word_1_579' title='bbox 2837 3759 2910 3819; x_wconf 85' lang='grc' dir='ltr'><strong>ὡς</strong></span> <span class='ocrx_word' id='word_1_580' title='bbox 2937 3761 2987 3811; x_wconf 82' lang='lat' dir='ltr'><strong>oi</strong></span> <span class='ocrx_word' id='word_1_581' title='bbox 3015 3759 3252 3813; x_wconf 82' lang='grc' dir='ltr'><strong>διάκονοι</strong></span> <span class='ocrx_word' id='word_1_582' title='bbox 3274 3777 3288 3790; x_wconf 87' lang='lat'><strong><em>°</em></strong></span> <span class='ocrx_word' id='word_1_583' title='bbox 3323 3766 3417 3815; x_wconf 76' lang='grc' dir='ltr'><strong>καὶ</strong></span> <span class='ocrx_word' id='word_1_584' title='bbox 3442 3763 3536 3816; x_wconf 83' lang='grc' dir='ltr'><strong>τοῦ</strong></span> <span class='ocrx_word' id='word_1_585' title='bbox 3565 3765 3831 3828; x_wconf 80' lang='grc' dir='ltr'><strong>ζωοποιοῦ</strong></span> 
     </span>
    </p>
   </div>
   <div class='ocr_carea' id='block_1_83' title="bbox 2257 3847 3832 3924">
    <p class='ocr_par' dir='ltr' id='par_1_83' title="bbox 2257 3847 3832 3924">
     <span class='ocr_line' id='line_1_85' title="bbox 2257 3847 3832 3924; baseline 0.006 -24"><span class='ocrx_word' id='word_1_586' title='bbox 2257 3847 2490 3914; x_wconf 74' lang='grc' dir='ltr'><strong>αἵματος</strong></span> <span class='ocrx_word' id='word_1_587' title='bbox 2534 3847 2665 3919; x_wconf 81' lang='grc' dir='ltr'><strong>παρ’</strong></span> <span class='ocrx_word' id='word_1_588' title='bbox 2697 3849 2863 3902; x_wconf 83' lang='grc' dir='ltr'><strong>αὑτοῦ</strong></span> <span class='ocrx_word' id='word_1_589' title='bbox 2907 3848 3001 3901; x_wconf 79' lang='grc' dir='ltr'><strong>τοῦ</strong></span> <span class='ocrx_word' id='word_1_590' title='bbox 3047 3853 3397 3920; x_wconf 80' lang='grc' dir='ltr'><strong>πατριάρχου</strong></span> <span class='ocrx_word' id='word_1_591' title='bbox 3444 3858 3554 3916; x_wconf 84' lang='grc' dir='ltr'><strong>τοῖς</strong></span> <span class='ocrx_word' id='word_1_592' title='bbox 3596 3856 3832 3924; x_wconf 76' lang='grc' dir='ltr'><strong>χείλεσιν</strong></span> 
     </span>
    </p>
   </div>
   <div class='ocr_carea' id='block_1_84' title="bbox 2253 3939 3831 4019">
    <p class='ocr_par' dir='ltr' id='par_1_84' title="bbox 2253 3939 3831 4019">
     <span class='ocr_line' id='line_1_86' title="bbox 2253 3939 3831 4019; baseline 0.004 -27"><span class='ocrx_word' id='word_1_593' title='bbox 2253 3939 2328 4004; x_wconf 82' lang='grc' dir='ltr'><strong>ὡς</strong></span> <span class='ocrx_word' id='word_1_594' title='bbox 2359 3942 2408 3993; x_wconf 87' lang='lat' dir='ltr'><strong>oi</strong></span> <span class='ocrx_word' id='word_1_595' title='bbox 2440 3941 2678 3995; x_wconf 79' lang='grc' dir='ltr'><strong>διάκονοι</strong></span> <span class='ocrx_word' id='word_1_596' title='bbox 2710 3945 2955 3995; x_wconf 80' lang='grc' dir='ltr'><strong>κοινωνεῖ</strong></span> <span class='ocrx_word' id='word_1_597' title='bbox 2985 3944 3049 3996; x_wconf 85' lang='grc' dir='ltr'><strong>ἐκ</strong></span> <span class='ocrx_word' id='word_1_598' title='bbox 3079 3942 3172 3996; x_wconf 70' lang='grc' dir='ltr'>τοῦ</span> <span class='ocrx_word' id='word_1_599' title='bbox 3205 3943 3272 3997; x_wconf 84' lang='grc' dir='ltr'><strong>δι’</strong></span> <span class='ocrx_word' id='word_1_600' title='bbox 3296 3944 3463 3999; x_wconf 81' lang='grc' dir='ltr'><strong>αὐτὸν</strong></span> <span class='ocrx_word' id='word_1_601' title='bbox 3491 3947 3831 4019; x_wconf 76' lang='grc' dir='ltr'><strong>ἡτοιμασμέ-</strong></span> 
     </span>
    </p>
   </div>
   <div class='ocr_carea' id='block_1_85' title="bbox 2257 4030 3836 4105">
    <p class='ocr_par' dir='ltr' id='par_1_85' title="bbox 2257 4030 3836 4105">
     <span class='ocr_line' id='line_1_87' title="bbox 2257 4030 3836 4105; baseline 0.004 -23"><span class='ocrx_word' id='word_1_602' title='bbox 2257 4049 2347 4085; x_wconf 90' lang='grc' dir='ltr'><strong>νου</strong></span> <span class='ocrx_word' id='word_1_603' title='bbox 2376 4032 2522 4103; x_wconf 74' lang='grc' dir='ltr'><strong>ἱεροῦ</strong></span> <span class='ocrx_word' id='word_1_604' title='bbox 2550 4034 2836 4102; x_wconf 82' lang='grc' dir='ltr'><strong>ποτηρίου.</strong></span> <span class='ocrx_word' id='word_1_605' title='bbox 2865 4035 2978 4087; x_wconf 69' lang='grc' dir='ltr'><strong>Καὶ</strong></span> <span class='ocrx_word' id='word_1_606' title='bbox 3003 4033 3160 4087; x_wconf 81' lang='grc' dir='ltr'><strong>τοῦτο</strong></span> <span class='ocrx_word' id='word_1_607' title='bbox 3185 4030 3252 4105; x_wconf 77' lang='grc' dir='ltr'><strong>ἦν</strong></span> <span class='ocrx_word' id='word_1_608' title='bbox 3281 4038 3671 4103; x_wconf 49' lang='grc' dir='ltr'><strong>νενομισιιένον</strong></span> <span class='ocrx_word' id='word_1_609' title='bbox 3696 4037 3836 4090; x_wconf 78' lang='grc' dir='ltr'><strong>ἄνω-</strong></span> 
     </span>
    </p>
   </div>
   <div class='ocr_carea' id='block_1_86' title="bbox 2259 4124 3829 4198">
    <p class='ocr_par' dir='ltr' id='par_1_86' title="bbox 2259 4124 3829 4198">
     <span class='ocr_line' id='line_1_88' title="bbox 2259 4124 3829 4198; baseline 0.003 -21"><span class='ocrx_word' id='word_1_610' title='bbox 2259 4124 2368 4184; x_wconf 82' lang='grc' dir='ltr'><strong>θεν.</strong></span> <span class='ocrx_word' id='word_1_611' title='bbox 2404 4127 2511 4179; x_wconf 78' lang='grc' dir='ltr'><strong>Καὶ</strong></span> <span class='ocrx_word' id='word_1_612' title='bbox 2537 4126 2741 4196; x_wconf 80' lang='grc' dir='ltr'><strong>ταύτην</strong></span> <span class='ocrx_word' id='word_1_613' title='bbox 2767 4128 2954 4196; x_wconf 76' lang='grc' dir='ltr'><strong>εἴληφε</strong></span> <span class='ocrx_word' id='word_1_614' title='bbox 2981 4129 3079 4197; x_wconf 83' lang='grc' dir='ltr'><strong>τὴν</strong></span> <span class='ocrx_word' id='word_1_615' title='bbox 3107 4129 3272 4197; x_wconf 79' lang='grc' dir='ltr'><strong>τιμὴν</strong></span> <span class='ocrx_word' id='word_1_616' title='bbox 3301 4128 3386 4180; x_wconf 82' lang='grc' dir='ltr'><strong>διὰ</strong></span> <span class='ocrx_word' id='word_1_617' title='bbox 3413 4129 3471 4181; x_wconf 85' lang='grc' dir='ltr'><strong>τὸ</strong></span> <span class='ocrx_word' id='word_1_618' title='bbox 3499 4131 3705 4197; x_wconf 65' lang='grc' dir='ltr'><strong>ψίσμα</strong></span> <span class='ocrx_word' id='word_1_619' title='bbox 3730 4130 3829 4198; x_wconf 80' lang='grc' dir='ltr'><strong>τῆς</strong></span> 
     </span>
    </p>
   </div>
   <div class='ocr_carea' id='block_1_87' title="bbox 2260 4201 3834 4291">
    <p class='ocr_par' dir='ltr' id='par_1_87' title="bbox 2260 4201 3834 4291">
     <span class='ocr_line' id='line_1_89' title="bbox 2260 4201 3834 4291; baseline 0.003 -21"><span class='ocrx_word' id='word_1_620' title='bbox 2260 4201 2553 4288; x_wconf 76' lang='grc' dir='ltr'><strong>βασιλείας,</strong></span> <span class='ocrx_word' id='word_1_621' title='bbox 2586 4218 2660 4281; x_wconf 84' lang='grc' dir='ltr'><strong>ὡς</strong></span> <span class='ocrx_word' id='word_1_622' title='bbox 2699 4219 2790 4272; x_wconf 73' lang='grc' dir='ltr'><strong>καὶ</strong></span> <span class='ocrx_word' id='word_1_623' title='bbox 2820 4219 3149 4272; x_wconf 81' lang='grc' dir='ltr'><strong>δεσποτάτου</strong></span> <span class='ocrx_word' id='word_1_624' title='bbox 3181 4219 3282 4288; x_wconf 79' lang='grc' dir='ltr'><strong>τῆς</strong></span> <span class='ocrx_word' id='word_1_625' title='bbox 3324 4220 3474 4289; x_wconf 74' lang='grc' dir='ltr'><strong>ἱερᾶς</strong></span> <span class='ocrx_word' id='word_1_626' title='bbox 3508 4220 3834 4291; x_wconf 71' lang='grc' dir='ltr'><strong>Ἐκκὶησίας</strong></span> 
     </span>
    </p>
   </div>
   <div class='ocr_carea' id='block_1_88' title="bbox 2260 4307 3830 4381">
    <p class='ocr_par' dir='ltr' id='par_1_88' title="bbox 2260 4307 3830 4381">
     <span class='ocr_line' id='line_1_90' title="bbox 2260 4307 3830 4381; baseline 0.001 -19"><span class='ocrx_word' id='word_1_627' title='bbox 2260 4310 2422 4362; x_wconf 85' lang='grc' dir='ltr'><strong>τόπον</strong></span> <span class='ocrx_word' id='word_1_628' title='bbox 2466 4307 2683 4370; x_wconf 72' lang='grc' dir='ltr'><strong>λαὸὼν,</strong></span> <span class='ocrx_word' id='word_1_629' title='bbox 2738 4309 2835 4361; x_wconf 82' lang='grc' dir='ltr'><strong>καὶ</strong></span> <span class='ocrx_word' id='word_1_630' title='bbox 2883 4308 3167 4379; x_wconf 80' lang='grc' dir='ltr'><strong>δεφὲνσωρ</strong></span> <span class='ocrx_word' id='word_1_631' title='bbox 3215 4310 3421 4381; x_wconf 82' lang='grc' dir='ltr'><strong>ταύτης</strong></span> <span class='ocrx_word' id='word_1_632' title='bbox 3472 4313 3830 4381; x_wconf 66' lang='grc' dir='ltr'><strong>ἐπικληθεὶς,</strong></span> 
     </span>
    </p>
   </div>
   <div class='ocr_carea' id='block_1_89' title="bbox 582 4373 2152 4480">
    <p class='ocr_par' dir='ltr' id='par_1_89' title="bbox 582 4412 2150 4480">
     <span class='ocr_line' id='line_1_91' title="bbox 582 4412 2150 4480; baseline 0.004 -17"><span class='ocrx_word' id='word_1_633' title='bbox 582 4423 742 4464; x_wconf 72' lang='lat' dir='ltr'><strong>etus:</strong></span> <span class='ocrx_word' id='word_1_634' title='bbox 777 4412 918 4466; x_wconf 82' lang='lat' dir='ltr'><strong>velut</strong></span> <span class='ocrx_word' id='word_1_635' title='bbox 949 4413 1068 4480; x_wconf 87' lang='lat' dir='ltr'><strong>pius</strong></span> <span class='ocrx_word' id='word_1_636' title='bbox 1114 4413 1259 4468; x_wconf 86' lang='lat' dir='ltr'><strong>enim</strong></span> <span class='ocrx_word' id='word_1_637' title='bbox 1307 4415 1470 4469; x_wconf 88' lang='lat' dir='ltr'><strong>etiam</strong></span> <span class='ocrx_word' id='word_1_638' title='bbox 1521 4427 1645 4468; x_wconf 90' lang='lat' dir='ltr'><strong>cum</strong></span> <span class='ocrx_word' id='word_1_639' title='bbox 1697 4413 1961 4470; x_wconf 76' lang='lat' dir='ltr'><strong>Ecclesia:</strong></span> <span class='ocrx_word' id='word_1_640' title='bbox 2003 4416 2150 4470; x_wconf 88' lang='lat' dir='ltr'><strong>clero</strong></span> 
     </span>
    </p>
   </div>
   <div class='ocr_carea' id='block_1_90' title="bbox 2255 4373 3832 4480">
    <p class='ocr_par' dir='ltr' id='par_1_90' title="bbox 2261 4373 3832 4472">
     <span class='ocr_line' id='line_1_92' title="bbox 2261 4373 3832 4472; baseline -0.001 -17"><span class='ocrx_word' id='word_1_641' title='bbox 2261 4403 2352 4455; x_wconf 73' lang='grc' dir='ltr'><strong>καὶ</strong></span> <span class='ocrx_word' id='word_1_642' title='bbox 2381 4402 2455 4464; x_wconf 87' lang='grc' dir='ltr'><strong>ὡς</strong></span> <span class='ocrx_word' id='word_1_643' title='bbox 2487 4400 2720 4472; x_wconf 67' lang='grc' dir='ltr'><strong>Χριστδς</strong></span> <span class='ocrx_word' id='word_1_644' title='bbox 2749 4373 2991 4471; x_wconf 33' lang='grc' dir='ltr'><strong>Κυρίου-.</strong></span> <span class='ocrx_word' id='word_1_645' title='bbox 3024 4373 3242 4454; x_wconf 39' lang='grc' dir='ltr'><strong>καὶ-τοῦ</strong></span> <span class='ocrx_word' id='word_1_646' title='bbox 3272 4373 3671 4472; x_wconf 31' lang='grc' dir='ltr'><strong>Χρινστωνύμου</strong></span> <span class='ocrx_word' id='word_1_647' title='bbox 3702 4373 3832 4454; x_wconf 78' lang='grc' dir='ltr'><strong>λαοῦ</strong></span> 
     </span>
    </p>
   </div>
   <div class='ocr_carea' id='block_1_91' title="bbox 588 4513 1137 4562">
    <p class='ocr_par' dir='ltr' id='par_1_91' title="bbox 588 4513 1137 4562">
     <span class='ocr_line' id='line_1_93' title="bbox 588 4513 1137 4562; baseline 0.004 -3"><span class='ocrx_word' id='word_1_648' title='bbox 588 4515 1008 4562; x_wconf 82' lang='lat' dir='ltr'><strong>Contiumcratus</strong></span> <span class='ocrx_word' id='word_1_649' title='bbox 1035 4513 1137 4561; x_wconf 84' lang='lat' dir='ltr'><strong>est.</strong></span> 
     </span>
    </p>
   </div>
   <div class='ocr_carea' id='block_1_92' title="bbox 1147 4772 1624 4832">
    <p class='ocr_par' dir='ltr' id='par_1_92' title="bbox 1147 4772 1624 4832">
     <span class='ocr_line' id='line_1_94' title="bbox 1147 4772 1624 4832; baseline -0.013 0"><span class='ocrx_word' id='word_1_650' title='bbox 1147 4773 1375 4832; x_wconf 81' lang='lat' dir='ltr'><strong>CAPUT</strong></span> <span class='ocrx_word' id='word_1_651' title='bbox 1405 4772 1624 4832; x_wconf 54' lang='lat' dir='ltr'><strong>CXLIV.</strong></span> 
     </span>
    </p>
   </div>
   <div class='ocr_carea' id='block_1_93' title="bbox 870 4866 1871 4935">
    <p class='ocr_par' dir='ltr' id='par_1_93' title="bbox 870 4866 1871 4935">
     <span class='ocr_line' id='line_1_95' title="bbox 870 4866 1871 4935; baseline -0.001 -16"><span class='ocrx_word' id='word_1_652' title='bbox 870 4866 1146 4932; x_wconf 80' lang='lat' dir='ltr'><strong>Quomodo</strong></span> <span class='ocrx_word' id='word_1_653' title='bbox 1171 4867 1534 4935; x_wconf 83' lang='lat' dir='ltr'><strong>proclamatur</strong></span> <span class='ocrx_word' id='word_1_654' title='bbox 1564 4867 1871 4933; x_wconf 82' lang='lat' dir='ltr'><strong>imperator.</strong></span> 
     </span>
    </p>
   </div>
   <div class='ocr_carea' id='block_1_94' title="bbox 657 4955 2156 5028">
    <p class='ocr_par' dir='ltr' id='par_1_94' title="bbox 657 4955 2156 5028">
     <span class='ocr_line' id='line_1_96' title="bbox 657 4955 2156 5028; baseline -0.001 -18"><span class='ocrx_word' id='word_1_655' title='bbox 657 4955 909 5028; x_wconf 79' lang='lat' dir='ltr'><strong>Ideoque.</strong></span> <span class='ocrx_word' id='word_1_656' title='bbox 937 4959 988 5011; x_wconf 92' lang='lat' dir='ltr'><strong>in</strong></span> <span class='ocrx_word' id='word_1_657' title='bbox 1022 4958 1400 5022; x_wconf 86' lang='lat' dir='ltr'><strong>&#39;coronatioue,</strong></span> <span class='ocrx_word' id='word_1_658' title='bbox 1445 4958 1617 5026; x_wconf 83' lang='lat' dir='ltr'><strong>primo</strong></span> <span class='ocrx_word' id='word_1_659' title='bbox 1644 4956 1860 5026; x_wconf 84' lang='lat' dir='ltr'><strong>quidem</strong></span> <span class='ocrx_word' id='word_1_660' title='bbox 1887 4955 2156 5010; x_wconf 67' lang='lat' dir='ltr'><strong>acclamao</strong></span> 
     </span>
    </p>
   </div>
   <div class='ocr_carea' id='block_1_95' title="bbox 586 5050 2154 5120">
    <p class='ocr_par' dir='ltr' id='par_1_95' title="bbox 586 5050 2154 5120">
     <span class='ocr_line' id='line_1_97' title="bbox 586 5050 2154 5120; baseline -0.001 -15"><span class='ocrx_word' id='word_1_661' title='bbox 586 5062 676 5105; x_wconf 88' lang='lat' dir='ltr'><strong>tur</strong></span> <span class='ocrx_word' id='word_1_662' title='bbox 701 5068 728 5103; x_wconf 87' lang='lat' dir='ltr'><strong>a</strong></span> <span class='ocrx_word' id='word_1_663' title='bbox 755 5051 1106 5120; x_wconf 83' lang='lat' dir='ltr'><strong>principibus,</strong></span> <span class='ocrx_word' id='word_1_664' title='bbox 1150 5050 1194 5105; x_wconf 90' lang='lat' dir='ltr'><strong>si</strong></span> <span class='ocrx_word' id='word_1_665' title='bbox 1230 5066 1322 5120; x_wconf 91' lang='lat' dir='ltr'><strong>per</strong></span> <span class='ocrx_word' id='word_1_666' title='bbox 1350 5050 1697 5104; x_wconf 84' lang='lat' dir='ltr'><strong>traditionem</strong></span> <span class='ocrx_word' id='word_1_667' title='bbox 1736 5064 1956 5119; x_wconf 81' lang='lat' dir='ltr'><strong>regnum</strong></span> <span class='ocrx_word' id='word_1_668' title='bbox 1983 5065 2154 5104; x_wconf 79' lang='lat' dir='ltr'><strong>oceu-</strong></span> 
     </span>
    </p>
   </div>
   <div class='ocr_carea' id='block_1_96' title="bbox 590 5138 2140 5213">
    <p class='ocr_par' dir='ltr' id='par_1_96' title="bbox 590 5138 2140 5213">
     <span class='ocr_line' id='line_1_98' title="bbox 590 5138 2140 5213; baseline 0.001 -18"><span class='ocrx_word' id='word_1_669' title='bbox 590 5150 703 5210; x_wconf 86' lang='lat' dir='ltr'><strong>pat.</strong></span> <span class='ocrx_word' id='word_1_670' title='bbox 732 5141 1115 5197; x_wconf 81' lang='lat' dir='ltr'><strong>extollentibus</strong></span> <span class='ocrx_word' id='word_1_671' title='bbox 1146 5138 1293 5196; x_wconf 86' lang='lat' dir='ltr'><strong>illum</strong></span> <span class='ocrx_word' id='word_1_672' title='bbox 1320 5157 1488 5211; x_wconf 82' lang='lat' dir='ltr'><strong>super</strong></span> <span class='ocrx_word' id='word_1_673' title='bbox 1511 5142 1800 5196; x_wconf 88' lang='lat' dir='ltr'><strong>militarem</strong></span> <span class='ocrx_word' id='word_1_674' title='bbox 1825 5141 2140 5213; x_wconf 80' lang='lat' dir='ltr'><strong>clypeumin</strong></span> 
     </span>
    </p>
   </div>
   <div class='ocr_carea' id='block_1_97' title="bbox 587 5233 2158 5304">
    <p class='ocr_par' dir='ltr' id='par_1_97' title="bbox 587 5233 2158 5304">
     <span class='ocr_line' id='line_1_99' title="bbox 587 5233 2158 5304; baseline -0.001 -15"><span class='ocrx_word' id='word_1_675' title='bbox 587 5246 880 5301; x_wconf 74' lang='lat' dir='ltr'><strong>conspectu</strong></span> <span class='ocrx_word' id='word_1_676' title='bbox 924 5233 1148 5303; x_wconf 89' lang='lat' dir='ltr'><strong>populi;</strong></span> <span class='ocrx_word' id='word_1_677' title='bbox 1182 5234 1326 5304; x_wconf 89' lang='lat' dir='ltr'><strong>quod</strong></span> <span class='ocrx_word' id='word_1_678' title='bbox 1377 5235 1453 5288; x_wconf 86' lang='lat' dir='ltr'><strong>rei</strong></span> <span class='ocrx_word' id='word_1_679' title='bbox 1485 5235 1739 5289; x_wconf 86' lang='lat' dir='ltr'><strong>militaris</strong></span> <span class='ocrx_word' id='word_1_680' title='bbox 1775 5235 2066 5304; x_wconf 82' lang='lat' dir='ltr'><strong>imperium</strong></span> <span class='ocrx_word' id='word_1_681' title='bbox 2102 5242 2158 5288; x_wconf 92' lang='lat' dir='ltr'><strong>et</strong></span> 
     </span>
    </p>
   </div>
   <div class='ocr_carea' id='block_1_98' title="bbox 588 5325 2156 5394">
    <p class='ocr_par' dir='ltr' id='par_1_98' title="bbox 588 5325 2156 5394">
     <span class='ocr_line' id='line_1_100' title="bbox 588 5325 2156 5394; baseline 0 -15"><span class='ocrx_word' id='word_1_682' title='bbox 588 5339 815 5394; x_wconf 71' lang='lat' dir='ltr'><strong>regnum</strong></span> <span class='ocrx_word' id='word_1_683' title='bbox 864 5325 1091 5379; x_wconf 87' lang='lat' dir='ltr'><strong>indicat.</strong></span> <span class='ocrx_word' id='word_1_684' title='bbox 1118 5327 1185 5381; x_wconf 81' lang='lat' dir='ltr'><strong>Et</strong></span> <span class='ocrx_word' id='word_1_685' title='bbox 1231 5340 1261 5380; x_wconf 87' lang='lat' dir='ltr'><strong>a</strong></span> <span class='ocrx_word' id='word_1_686' title='bbox 1297 5326 1640 5393; x_wconf 79' lang='lat' dir='ltr'><strong>dignioribus</strong></span> <span class='ocrx_word' id='word_1_687' title='bbox 1688 5328 1984 5387; x_wconf 74' lang='lat' dir='ltr'><strong>extollitur,</strong></span> <span class='ocrx_word' id='word_1_688' title='bbox 2034 5334 2156 5379; x_wconf 88' lang='lat' dir='ltr'><strong>tan-</strong></span> 
     </span>
    </p>
   </div>
   <div class='ocr_carea' id='block_1_99' title="bbox 586 5415 2153 5487">
    <p class='ocr_par' dir='ltr' id='par_1_99' title="bbox 586 5415 2153 5487">
     <span class='ocr_line' id='line_1_101' title="bbox 586 5415 2153 5487; baseline 0.001 -18"><span class='ocrx_word' id='word_1_689' title='bbox 586 5429 753 5484; x_wconf 84' lang='lat' dir='ltr'><strong>quam</strong></span> <span class='ocrx_word' id='word_1_690' title='bbox 793 5415 1037 5484; x_wconf 89' lang='lat' dir='ltr'><strong>ipsurum</strong></span> <span class='ocrx_word' id='word_1_691' title='bbox 1087 5417 1425 5487; x_wconf 85' lang='lat' dir='ltr'><strong>principatus</strong></span> <span class='ocrx_word' id='word_1_692' title='bbox 1467 5426 1524 5473; x_wconf 89' lang='lat' dir='ltr'><strong>et</strong></span> <span class='ocrx_word' id='word_1_693' title='bbox 1574 5427 1741 5486; x_wconf 86' lang='lat' dir='ltr'><strong>caput</strong></span> <span class='ocrx_word' id='word_1_694' title='bbox 1789 5420 1989 5471; x_wconf 78' lang='lat' dir='ltr'><strong>iactus.</strong></span> <span class='ocrx_word' id='word_1_695' title='bbox 2027 5416 2090 5470; x_wconf 84' lang='lat' dir='ltr'><strong>Et</strong></span> <span class='ocrx_word' id='word_1_696' title='bbox 2124 5431 2153 5470; x_wconf 88' lang='lat' dir='ltr'><strong>a</strong></span> 
     </span>
    </p>
   </div>
   <div class='ocr_carea' id='block_1_100' title="bbox 593 5505 2159 5576">
    <p class='ocr_par' dir='ltr' id='par_1_100' title="bbox 593 5505 2159 5576">
     <span class='ocr_line' id='line_1_102' title="bbox 593 5505 2159 5576; baseline 0.003 -17"><span class='ocrx_word' id='word_1_697' title='bbox 593 5505 861 5561; x_wconf 86' lang='lat' dir='ltr'><strong>militibus</strong></span> <span class='ocrx_word' id='word_1_698' title='bbox 884 5515 942 5562; x_wconf 83' lang='lat' dir='ltr'><strong>et</strong></span> <span class='ocrx_word' id='word_1_699' title='bbox 970 5506 1168 5576; x_wconf 89' lang='lat' dir='ltr'><strong>populo</strong></span> <span class='ocrx_word' id='word_1_700' title='bbox 1195 5507 1458 5562; x_wconf 78' lang='lat' dir='ltr'><strong>adorator</strong></span> <span class='ocrx_word' id='word_1_701' title='bbox 1492 5506 1800 5576; x_wconf 84' lang='lat' dir='ltr'><strong>faustisque</strong></span> <span class='ocrx_word' id='word_1_702' title='bbox 1824 5509 2159 5564; x_wconf 83' lang='lat' dir='ltr'><strong>clamoribus</strong></span> 
     </span>
    </p>
   </div>
   <div class='ocr_carea' id='block_1_101' title="bbox 589 5597 2157 5681">
    <p class='ocr_par' dir='ltr' id='par_1_101' title="bbox 589 5597 2157 5681">
     <span class='ocr_line' id='line_1_103' title="bbox 589 5597 2157 5681; baseline 0.004 -30"><span class='ocrx_word' id='word_1_703' title='bbox 589 5597 877 5668; x_wconf 78' lang='lat' dir='ltr'><strong>excipitur,</strong></span> <span class='ocrx_word' id='word_1_704' title='bbox 923 5607 981 5653; x_wconf 92' lang='lat' dir='ltr'><strong>ut</strong></span> <span class='ocrx_word' id='word_1_705' title='bbox 1012 5599 1252 5681; x_wconf 70' lang='lat' dir='ltr'><strong>ipsorum</strong></span> <span class='ocrx_word' id='word_1_706' title='bbox 1285 5599 1596 5655; x_wconf 85' lang='lat' dir='ltr'><strong>dominator</strong></span> <span class='ocrx_word' id='word_1_707' title='bbox 1626 5611 1869 5656; x_wconf 84' lang='lat' dir='ltr'><strong>creatus.</strong></span> <span class='ocrx_word' id='word_1_708' title='bbox 1919 5601 1981 5656; x_wconf 88' lang='lat' dir='ltr'><strong>Et</strong></span> <span class='ocrx_word' id='word_1_709' title='bbox 2016 5603 2157 5657; x_wconf 85' lang='lat' dir='ltr'><strong>dona</strong></span> 
     </span>
    </p>
   </div>
   <div class='ocr_carea' id='block_1_102' title="bbox 547 5690 2155 5762">
    <p class='ocr_par' dir='ltr' id='par_1_102' title="bbox 547 5690 2155 5762">
     <span class='ocr_line' id='line_1_104' title="bbox 547 5690 2155 5762; baseline 0.003 -20"><span class='ocrx_word' id='word_1_710' title='bbox 547 5690 554 5694; x_wconf 84' lang='grc'><em>”</em></span> <span class='ocrx_word' id='word_1_711' title='bbox 596 5690 810 5755; x_wconf 86' lang='lat' dir='ltr'><strong>tribuit,</strong></span> <span class='ocrx_word' id='word_1_712' title='bbox 846 5698 905 5745; x_wconf 93' lang='lat' dir='ltr'><strong>ut</strong></span> <span class='ocrx_word' id='word_1_713' title='bbox 932 5690 1189 5747; x_wconf 87' lang='lat' dir='ltr'><strong>dutniuus</strong></span> <span class='ocrx_word' id='word_1_714' title='bbox 1216 5700 1268 5746; x_wconf 89' lang='lat' dir='ltr'><strong>ct</strong></span> <span class='ocrx_word' id='word_1_715' title='bbox 1304 5691 1620 5747; x_wconf 77' lang='lat' dir='ltr'><strong>benefactor</strong></span> <span class='ocrx_word' id='word_1_716' title='bbox 1648 5703 1702 5748; x_wconf 84' lang='lat' dir='ltr'><strong>et</strong></span> <span class='ocrx_word' id='word_1_717' title='bbox 1732 5695 1981 5762; x_wconf 88' lang='lat' dir='ltr'><strong>provisor</strong></span> <span class='ocrx_word' id='word_1_718' title='bbox 2019 5709 2155 5749; x_wconf 84' lang='lat' dir='ltr'><strong>con-</strong></span> 
     </span>
    </p>
   </div>
   <div class='ocr_carea' id='block_1_103' title="bbox 593 5781 2156 5852">
    <p class='ocr_par' dir='ltr' id='par_1_103' title="bbox 593 5781 2156 5852">
     <span class='ocr_line' id='line_1_105' title="bbox 593 5781 2156 5852; baseline 0.004 -14"><span class='ocrx_word' id='word_1_719' title='bbox 593 5781 840 5840; x_wconf 84' lang='lat' dir='ltr'><strong>stitutus.</strong></span> <span class='ocrx_word' id='word_1_720' title='bbox 873 5781 1076 5840; x_wconf 86' lang='lat' dir='ltr'><strong>Deinde</strong></span> <span class='ocrx_word' id='word_1_721' title='bbox 1107 5784 1250 5840; x_wconf 81' lang='lat' dir='ltr'><strong>venit</strong></span> <span class='ocrx_word' id='word_1_722' title='bbox 1283 5785 1338 5841; x_wconf 90' lang='lat' dir='ltr'><strong>in</strong></span> <span class='ocrx_word' id='word_1_723' title='bbox 1369 5784 1666 5842; x_wconf 80' lang='lat' dir='ltr'><strong>Eeclesiam</strong></span> <span class='ocrx_word' id='word_1_724' title='bbox 1689 5828 1705 5852; x_wconf 88' lang='lat'><strong>,</strong></span> <span class='ocrx_word' id='word_1_725' title='bbox 1751 5787 2047 5843; x_wconf 75' lang='lat' dir='ltr'><strong>ostendens</strong></span> <span class='ocrx_word' id='word_1_726' title='bbox 2097 5803 2156 5844; x_wconf 88' lang='lat' dir='ltr'><strong>se</strong></span> 
     </span>
    </p>
   </div>
   <div class='ocr_carea' id='block_1_104' title="bbox 2259 4493 3833 4570">
    <p class='ocr_par' dir='ltr' id='par_1_104' title="bbox 2259 4493 3833 4570">
     <span class='ocr_line' id='line_1_106' title="bbox 2259 4493 3833 4570; baseline 0.001 -25"><span class='ocrx_word' id='word_1_727' title='bbox 2259 4495 2509 4566; x_wconf 79' lang='grc' dir='ltr'><strong>βισιλεὺς</strong></span> <span class='ocrx_word' id='word_1_728' title='bbox 2541 4493 2949 4562; x_wconf 70' lang='grc' dir='ltr'><strong>προχειρισθεὶς</strong></span> <span class='ocrx_word' id='word_1_729' title='bbox 2968 4532 2987 4558; x_wconf 86' lang='lat'><strong>,</strong></span> <span class='ocrx_word' id='word_1_730' title='bbox 3015 4494 3112 4546; x_wconf 70' lang='grc' dir='ltr'><strong>καὶ</strong></span> <span class='ocrx_word' id='word_1_731' title='bbox 3141 4495 3328 4570; x_wconf 70' lang='grc' dir='ltr'><strong>πάσης</strong></span> <span class='ocrx_word' id='word_1_732' title='bbox 3353 4495 3456 4562; x_wconf 80' lang='grc' dir='ltr'><strong>τῆς</strong></span> <span class='ocrx_word' id='word_1_733' title='bbox 3482 4495 3833 4564; x_wconf 56' lang='grc' dir='ltr'><strong>οίκουηαὲνης.</strong></span> 
     </span>
    </p>
   </div>
   <div class='ocr_carea' id='block_1_105' title="bbox 2265 4583 3834 4658">
    <p class='ocr_par' dir='ltr' id='par_1_105' title="bbox 2265 4583 3834 4658">
     <span class='ocr_line' id='line_1_107' title="bbox 2265 4583 3834 4658; baseline -0.009 -18"><span class='ocrx_word' id='word_1_734' title='bbox 2265 4589 2355 4649; x_wconf 82' lang='grc' dir='ltr'><strong>Ὣς</strong></span> <span class='ocrx_word' id='word_1_735' title='bbox 2390 4587 2499 4656; x_wconf 71' lang='grc' dir='ltr'><strong>γὰρ</strong></span> <span class='ocrx_word' id='word_1_736' title='bbox 2537 4583 2801 4656; x_wconf 76' lang='grc' dir='ltr'><strong>εὗσιῦὴς,</strong></span> <span class='ocrx_word' id='word_1_737' title='bbox 2837 4586 2933 4638; x_wconf 70' lang='grc' dir='ltr'><strong>καὶ</strong></span> <span class='ocrx_word' id='word_1_738' title='bbox 2966 4584 3044 4656; x_wconf 81' lang='grc' dir='ltr'><strong>τῷ</strong></span> <span class='ocrx_word' id='word_1_739' title='bbox 3088 4585 3275 4658; x_wconf 75' lang='grc' dir='ltr'><strong>κλήρῳ</strong></span> <span class='ocrx_word' id='word_1_740' title='bbox 3317 4585 3700 4656; x_wconf 69' lang='grc' dir='ltr'><strong>ωνηριθμήοη</strong></span> <span class='ocrx_word' id='word_1_741' title='bbox 3733 4587 3834 4654; x_wconf 76' lang='grc' dir='ltr'><strong>τῆς</strong></span> 
     </span>
    </p>
   </div>
   <div class='ocr_carea' id='block_1_106' title="bbox 2269 4677 2620 4750">
    <p class='ocr_par' dir='ltr' id='par_1_106' title="bbox 2269 4677 2620 4750">
     <span class='ocr_line' id='line_1_108' title="bbox 2269 4677 2620 4750; baseline -0.006 -17"><span class='ocrx_word' id='word_1_742' title='bbox 2269 4677 2620 4750; x_wconf 68' lang='grc' dir='ltr'><strong>Ἐκιιλησὶας.</strong></span> 
     </span>
    </p>
   </div>
   <div class='ocr_carea' id='block_1_107' title="bbox 2809 4771 3285 4826">
    <p class='ocr_par' dir='ltr' id='par_1_107' title="bbox 2809 4771 3285 4826">
     <span class='ocr_line' id='line_1_109' title="bbox 2809 4771 3285 4826; baseline 0.002 -1"><span class='ocrx_word' id='word_1_743' title='bbox 2809 4771 3062 4826; x_wconf 72' lang='grc' dir='ltr'><strong>ΚΕΦΑΛ.</strong></span> <span class='ocrx_word' id='word_1_744' title='bbox 3106 4773 3285 4826; x_wconf 84' lang='grc' dir='ltr'><strong>ΡΜΔ’.</strong></span> 
     </span>
    </p>
   </div>
   <div class='ocr_carea' id='block_1_108' title="bbox 2500 4865 3585 4936">
    <p class='ocr_par' dir='ltr' id='par_1_108' title="bbox 2500 4865 3585 4936">
     <span class='ocr_line' id='line_1_110' title="bbox 2500 4865 3585 4936; baseline -0.004 -15"><span class='ocrx_word' id='word_1_745' title='bbox 2500 4867 2703 4932; x_wconf 78' lang='grc' dir='ltr'><strong>ὀπως</strong></span> <span class='ocrx_word' id='word_1_746' title='bbox 2736 4865 3164 4936; x_wconf 74' lang='grc' dir='ltr'><strong>ἀναγορεύεται</strong></span> <span class='ocrx_word' id='word_1_747' title='bbox 3200 4867 3233 4918; x_wconf 83' lang='grc' dir='ltr'><strong>ό</strong></span> <span class='ocrx_word' id='word_1_748' title='bbox 3257 4865 3585 4930; x_wconf 70' lang='grc' dir='ltr'><strong>βασιλεὺς.</strong></span> 
     </span>
    </p>
   </div>
   <div class='ocr_carea' id='block_1_109' title="bbox 2328 4956 3842 5028">
    <p class='ocr_par' dir='ltr' id='par_1_109' title="bbox 2328 4956 3842 5028">
     <span class='ocr_line' id='line_1_111' title="bbox 2328 4956 3842 5028; baseline -0.001 -16"><span class='ocrx_word' id='word_1_749' title='bbox 2328 4959 2419 5012; x_wconf 72' lang='grc' dir='ltr'><strong>Διὸ</strong></span> <span class='ocrx_word' id='word_1_750' title='bbox 2445 4960 2541 5014; x_wconf 68' lang='grc' dir='ltr'><strong>καὶ</strong></span> <span class='ocrx_word' id='word_1_751' title='bbox 2571 4959 2629 5012; x_wconf 74' lang='grc' dir='ltr'><strong>ὲν</strong></span> <span class='ocrx_word' id='word_1_752' title='bbox 2658 4958 2736 5028; x_wconf 88' lang='grc' dir='ltr'>τῷ</span> <span class='ocrx_word' id='word_1_753' title='bbox 2766 4957 3057 5027; x_wconf 70' lang='grc' dir='ltr'><strong>στέφεσθαι</strong></span> <span class='ocrx_word' id='word_1_754' title='bbox 3091 4959 3356 5028; x_wconf 83' lang='grc' dir='ltr'><strong>πρότερον</strong></span> <span class='ocrx_word' id='word_1_755' title='bbox 3388 4957 3486 5028; x_wconf 76' lang='grc' dir='ltr'><strong>μὲν</strong></span> <span class='ocrx_word' id='word_1_756' title='bbox 3514 4956 3842 5027; x_wconf 75' lang='grc' dir='ltr'><strong>ἀναγορεύε-</strong></span> 
     </span>
    </p>
   </div>
   <div class='ocr_carea' id='block_1_110' title="bbox 2259 5049 3840 5121">
    <p class='ocr_par' dir='ltr' id='par_1_110' title="bbox 2259 5049 3840 5121">
     <span class='ocr_line' id='line_1_112' title="bbox 2259 5049 3840 5121; baseline -0.001 -18"><span class='ocrx_word' id='word_1_757' title='bbox 2259 5068 2344 5105; x_wconf 87' lang='grc' dir='ltr'><strong>ται</strong></span> <span class='ocrx_word' id='word_1_758' title='bbox 2385 5051 2488 5104; x_wconf 64' lang='lat' dir='ltr'><strong>uno</strong></span> <span class='ocrx_word' id='word_1_759' title='bbox 2535 5050 2826 5121; x_wconf 75' lang='grc' dir='ltr'><strong>βασιλέων,</strong></span> <span class='ocrx_word' id='word_1_760' title='bbox 2860 5051 2910 5104; x_wconf 79' lang='grc' dir='ltr'><strong>εἰ</strong></span> <span class='ocrx_word' id='word_1_761' title='bbox 2954 5049 3093 5103; x_wconf 83' lang='grc' dir='ltr'><strong>κατὰ</strong></span> <span class='ocrx_word' id='word_1_762' title='bbox 3134 5049 3386 5119; x_wconf 76' lang='grc' dir='ltr'><strong>διαδοχὴν</strong></span> <span class='ocrx_word' id='word_1_763' title='bbox 3418 5051 3516 5119; x_wconf 76' lang='grc' dir='ltr'><strong>τὴν</strong></span> <span class='ocrx_word' id='word_1_764' title='bbox 3554 5049 3840 5119; x_wconf 84' lang='grc' dir='ltr'><strong>βασιλείαν</strong></span> 
     </span>
    </p>
   </div>
   <div class='ocr_carea' id='block_1_111' title="bbox 2259 5142 3838 5212">
    <p class='ocr_par' dir='ltr' id='par_1_111' title="bbox 2259 5142 3838 5212">
     <span class='ocr_line' id='line_1_113' title="bbox 2259 5142 3838 5212; baseline 0.001 -18"><span class='ocrx_word' id='word_1_765' title='bbox 2259 5144 2500 5207; x_wconf 77' lang='grc' dir='ltr'><strong>πλουτεῖ,</strong></span> <span class='ocrx_word' id='word_1_766' title='bbox 2534 5144 2886 5212; x_wconf 79' lang='grc' dir='ltr'><strong>ἀνυψούντων</strong></span> <span class='ocrx_word' id='word_1_767' title='bbox 2917 5142 3082 5197; x_wconf 78' lang='grc' dir='ltr'><strong>αὐτὸν</strong></span> <span class='ocrx_word' id='word_1_768' title='bbox 3111 5143 3204 5195; x_wconf 71' lang='grc' dir='ltr'><strong>ἐπὶ</strong></span> <span class='ocrx_word' id='word_1_769' title='bbox 3235 5142 3638 5212; x_wconf 79' lang='grc' dir='ltr'><strong>στρατιωτικῆς</strong></span> <span class='ocrx_word' id='word_1_770' title='bbox 3669 5144 3838 5195; x_wconf 81' lang='grc' dir='ltr'><strong>ἀσπί-</strong></span> 
     </span>
    </p>
   </div>
   <div class='ocr_carea' id='block_1_112' title="bbox 2257 5234 3839 5304">
    <p class='ocr_par' dir='ltr' id='par_1_112' title="bbox 2257 5234 3839 5304">
     <span class='ocr_line' id='line_1_114' title="bbox 2257 5234 3839 5304; baseline -0.001 -13"><span class='ocrx_word' id='word_1_771' title='bbox 2257 5237 2345 5294; x_wconf 73' lang='grc' dir='ltr'><strong>δος</strong></span> <span class='ocrx_word' id='word_1_772' title='bbox 2384 5239 2615 5290; x_wconf 74' lang='grc' dir='ltr'><strong>ἐνώπιον</strong></span> <span class='ocrx_word' id='word_1_773' title='bbox 2649 5235 2746 5289; x_wconf 85' lang='grc' dir='ltr'><strong>τοῦ</strong></span> <span class='ocrx_word' id='word_1_774' title='bbox 2781 5235 2913 5290; x_wconf 68' lang='grc' dir='ltr'><strong>λαοῦ</strong></span> <span class='ocrx_word' id='word_1_775' title='bbox 2938 5277 2952 5298; x_wconf 85' lang='grc'><strong>.</strong></span> <span class='ocrx_word' id='word_1_776' title='bbox 2983 5234 3012 5289; x_wconf 73' lang='grc' dir='ltr'><strong>ὃ</strong></span> <span class='ocrx_word' id='word_1_777' title='bbox 3048 5237 3146 5304; x_wconf 72' lang='grc' dir='ltr'><strong>τὴν</strong></span> <span class='ocrx_word' id='word_1_778' title='bbox 3182 5235 3520 5304; x_wconf 69' lang='grc' dir='ltr'><strong>στρατηγίαν</strong></span> <span class='ocrx_word' id='word_1_779' title='bbox 3555 5235 3708 5302; x_wconf 76' lang='grc' dir='ltr'><strong>δηλοῖ</strong></span> <span class='ocrx_word' id='word_1_780' title='bbox 3742 5238 3839 5289; x_wconf 79' lang='grc' dir='ltr'><strong>καὶ</strong></span> 
     </span>
    </p>
   </div>
   <div class='ocr_carea' id='block_1_113' title="bbox 2261 5325 3838 5399">
    <p class='ocr_par' dir='ltr' id='par_1_113' title="bbox 2261 5325 3838 5399">
     <span class='ocr_line' id='line_1_115' title="bbox 2261 5325 3838 5399; baseline -0.002 -18"><span class='ocrx_word' id='word_1_781' title='bbox 2261 5328 2557 5399; x_wconf 81' lang='grc' dir='ltr'><strong>βασιλείαν.</strong></span> <span class='ocrx_word' id='word_1_782' title='bbox 2594 5328 2704 5381; x_wconf 71' lang='grc' dir='ltr'><strong>Καὶ</strong></span> <span class='ocrx_word' id='word_1_783' title='bbox 2734 5327 2841 5379; x_wconf 73' lang='grc' dir='ltr'><strong>ὑπὸ</strong></span> <span class='ocrx_word' id='word_1_784' title='bbox 2873 5325 3262 5396; x_wconf 73' lang='grc' dir='ltr'><strong>ἀξιωματικῶν</strong></span> <span class='ocrx_word' id='word_1_785' title='bbox 3296 5326 3516 5394; x_wconf 72' lang='grc' dir='ltr'><strong>αἴρεται</strong></span> <span class='ocrx_word' id='word_1_786' title='bbox 3538 5368 3554 5390; x_wconf 82' lang='grc'><strong>,</strong></span> <span class='ocrx_word' id='word_1_787' title='bbox 3587 5326 3662 5386; x_wconf 80' lang='grc' dir='ltr'><strong>ὡς</strong></span> <span class='ocrx_word' id='word_1_788' title='bbox 3695 5327 3838 5396; x_wconf 75' lang='grc' dir='ltr'><strong>ἀρχὴ</strong></span> 
     </span>
    </p>
   </div>
   <div class='ocr_carea' id='block_1_114' title="bbox 2258 5416 3843 5489">
    <p class='ocr_par' dir='ltr' id='par_1_114' title="bbox 2258 5416 3843 5489">
     <span class='ocr_line' id='line_1_116' title="bbox 2258 5416 3843 5489; baseline -0.002 -16"><span class='ocrx_word' id='word_1_789' title='bbox 2258 5420 2467 5473; x_wconf 83' lang='grc' dir='ltr'><strong>τούτων</strong></span> <span class='ocrx_word' id='word_1_790' title='bbox 2493 5417 2782 5487; x_wconf 79' lang='grc' dir='ltr'><strong>γινόμενος</strong></span> <span class='ocrx_word' id='word_1_791' title='bbox 2820 5416 2983 5489; x_wconf 58' lang='grc' dir='ltr'><strong>ιπ</strong></span> <span class='ocrx_word' id='word_1_792' title='bbox 3010 5418 3102 5472; x_wconf 73' lang='grc' dir='ltr'><strong>καὶ</strong></span> <span class='ocrx_word' id='word_1_793' title='bbox 3131 5419 3367 5487; x_wconf 80' lang='grc' dir='ltr'><strong>κεφαλὴ.</strong></span> <span class='ocrx_word' id='word_1_794' title='bbox 3397 5418 3508 5471; x_wconf 75' lang='grc' dir='ltr'><strong>Καὶ</strong></span> <span class='ocrx_word' id='word_1_795' title='bbox 3539 5419 3644 5471; x_wconf 79' lang='grc' dir='ltr'><strong>ὑπὸ</strong></span> <span class='ocrx_word' id='word_1_796' title='bbox 3675 5435 3843 5487; x_wconf 83' lang='grc' dir='ltr'><strong>στρα-</strong></span> 
     </span>
    </p>
   </div>
   <div class='ocr_carea' id='block_1_115' title="bbox 2258 5511 3836 5584">
    <p class='ocr_par' dir='ltr' id='par_1_115' title="bbox 2258 5511 3836 5584">
     <span class='ocr_line' id='line_1_117' title="bbox 2258 5511 3836 5584; baseline -0.003 -18"><span class='ocrx_word' id='word_1_797' title='bbox 2258 5513 2470 5566; x_wconf 83' lang='grc' dir='ltr'><strong>τιωτῶν</strong></span> <span class='ocrx_word' id='word_1_798' title='bbox 2497 5513 2594 5566; x_wconf 83' lang='grc' dir='ltr'><strong>καὶ</strong></span> <span class='ocrx_word' id='word_1_799' title='bbox 2622 5513 2715 5566; x_wconf 84' lang='grc' dir='ltr'><strong>τοῦ</strong></span> <span class='ocrx_word' id='word_1_800' title='bbox 2743 5511 2919 5580; x_wconf 77' lang='grc' dir='ltr'><strong>δήμου</strong></span> <span class='ocrx_word' id='word_1_801' title='bbox 2946 5514 3337 5584; x_wconf 72' lang='grc' dir='ltr'><strong>προσκυνεῖται</strong></span> <span class='ocrx_word' id='word_1_802' title='bbox 3367 5511 3836 5580; x_wconf 66' lang='grc' dir='ltr'><strong>καὶεύφημεῖται.</strong></span> 
     </span>
    </p>
   </div>
   <div class='ocr_carea' id='block_1_116' title="bbox 2259 5601 3841 5675">
    <p class='ocr_par' dir='ltr' id='par_1_116' title="bbox 2259 5601 3841 5675">
     <span class='ocr_line' id='line_1_118' title="bbox 2259 5601 3841 5675; baseline -0.005 -15"><span class='ocrx_word' id='word_1_803' title='bbox 2259 5605 2332 5668; x_wconf 77' lang='grc' dir='ltr'><strong>ὡς</strong></span> <span class='ocrx_word' id='word_1_804' title='bbox 2363 5606 2632 5675; x_wconf 78' lang='grc' dir='ltr'><strong>δεσπότης</strong></span> <span class='ocrx_word' id='word_1_805' title='bbox 2662 5605 2844 5659; x_wconf 79' lang='grc' dir='ltr'><strong>αὐτῶν</strong></span> <span class='ocrx_word' id='word_1_806' title='bbox 2873 5605 3136 5673; x_wconf 81' lang='grc' dir='ltr'><strong>γεγονώς.</strong></span> <span class='ocrx_word' id='word_1_807' title='bbox 3170 5605 3280 5658; x_wconf 78' lang='grc' dir='ltr'><strong>Καὶ</strong></span> <span class='ocrx_word' id='word_1_808' title='bbox 3311 5604 3458 5674; x_wconf 70' lang='grc' dir='ltr'><strong>δῶρα</strong></span> <span class='ocrx_word' id='word_1_809' title='bbox 3487 5604 3732 5668; x_wconf 68' lang='grc' dir='ltr'><strong>δίδωσιν,</strong></span> <span class='ocrx_word' id='word_1_810' title='bbox 3764 5601 3841 5665; x_wconf 82' lang='grc' dir='ltr'><strong>ὡς</strong></span> 
     </span>
    </p>
   </div>
   <div class='ocr_carea' id='block_1_117' title="bbox 2265 5687 3838 5765">
    <p class='ocr_par' dir='ltr' id='par_1_117' title="bbox 2265 5687 3838 5765">
     <span class='ocr_line' id='line_1_119' title="bbox 2265 5687 3838 5765; baseline -0.003 -17"><span class='ocrx_word' id='word_1_811' title='bbox 2265 5697 2450 5764; x_wconf 73' lang='grc' dir='ltr'><strong>κύριος</strong></span> <span class='ocrx_word' id='word_1_812' title='bbox 2477 5695 2571 5748; x_wconf 76' lang='grc' dir='ltr'><strong>καὶ</strong></span> <span class='ocrx_word' id='word_1_813' title='bbox 2595 5696 2894 5765; x_wconf 78' lang='grc' dir='ltr'><strong>εὐεργέτης</strong></span> <span class='ocrx_word' id='word_1_814' title='bbox 2919 5697 3013 5748; x_wconf 69' lang='grc' dir='ltr'><strong>καὶ</strong></span> <span class='ocrx_word' id='word_1_815' title='bbox 3038 5694 3348 5765; x_wconf 76' lang='grc' dir='ltr'><strong>προνοητὴς</strong></span> <span class='ocrx_word' id='word_1_816' title='bbox 3376 5695 3675 5752; x_wconf 76' lang='grc' dir='ltr'><strong>καταστάς.</strong></span> <span class='ocrx_word' id='word_1_817' title='bbox 3708 5687 3838 5745; x_wconf 77' lang='grc' dir='ltr'><strong>Εἶτα</strong></span> 
     </span>
    </p>
   </div>
   <div class='ocr_carea' id='block_1_118' title="bbox 2268 5782 3837 5858">
    <p class='ocr_par' dir='ltr' id='par_1_118' title="bbox 2268 5782 3837 5858">
     <span class='ocr_line' id='line_1_120' title="bbox 2268 5782 3837 5858; baseline -0.006 -17"><span class='ocrx_word' id='word_1_818' title='bbox 2268 5789 2347 5849; x_wconf 78' lang='grc' dir='ltr'><strong>εἰς</strong></span> <span class='ocrx_word' id='word_1_819' title='bbox 2379 5786 2478 5856; x_wconf 81' lang='grc' dir='ltr'><strong>τὴν</strong></span> <span class='ocrx_word' id='word_1_820' title='bbox 2515 5785 2850 5858; x_wconf 73' lang='grc' dir='ltr'><strong>Ἐκκλησίαν</strong></span> <span class='ocrx_word' id='word_1_821' title='bbox 2885 5786 3171 5851; x_wconf 82' lang='grc' dir='ltr'><strong>εἰσελθὼν,</strong></span> <span class='ocrx_word' id='word_1_822' title='bbox 3209 5784 3423 5846; x_wconf 71' lang='grc' dir='ltr'><strong>δεικνὺς</strong></span> <span class='ocrx_word' id='word_1_823' title='bbox 3460 5785 3557 5852; x_wconf 77' lang='grc' dir='ltr'><strong>τὴν</strong></span> <span class='ocrx_word' id='word_1_824' title='bbox 3593 5786 3671 5846; x_wconf 80' lang='grc' dir='ltr'><strong>είς</strong></span> <span class='ocrx_word' id='word_1_825' title='bbox 3704 5782 3837 5837; x_wconf 64' lang='grc' dir='ltr'><strong>Θεδιν</strong></span> 
     </span>
    </p>
   </div>
  </div>
