4168 6318
322 379 434 451 389

1384 374 1482 437 DE
1521 373 1706 435 SACll
1720 373 1792 435 [5
1832 369 2019 431 ()RDl
2033 368 2540 438 NATIONIBUS.

3485 369 3598 436 390

325 499 422 554 κόν
452 500 573 552 ἐστι
598 494 722 568 δίχα
757 492 1052 566 μανικίων,
1073 491 1196 547 ὅλον
1221 491 1578 563 περιστέλλον
1599 491 1664 544 τὸ
1696 489 1859 560 σῶμα
1878 503 1896 523 ο

2010 495 2088 544 est
2116 487 2304 544 alhum
2357 488 2479 545 sine
2508 486 2743 546 manicis
2773 497 2947 545 totum
2975 489 3334 546 circumdans
3359 501 3412 545 ct
3461 506 3590 560 ope-

327 587 520 646 λευκὺν
574 586 695 658 μὶν,
730 587 819 639 6ιά
861 587 963 651 τὴν
1001 583 1354 655 καθαρότητα
1407 583 1508 636 καὶ
1567 579 1905 648 ἁγιωσύνην,

328 683 427 736 καὶ
465 680 566 752 τὴν
599 679 698 746 τῆς
729 679 883 745 θείας
905 674 1066 747 δόξης
1104 674 1426 746 περιϐολὴν,
1459 676 1539 729 ὅτι
1562 675 1591 727 6
1631 672 1765 738 Θεὸς
1791 672 1912 742 φῶς

327 777 466 837 ἐστι,
523 773 618 826 καὶ
669 771 1113 839 ἀναϐαλλόμενος
1151 767 1269 838 φῶς
1325 768 1402 832 ὡς
1448 768 1691 838 ἱμάτιον,
1722 766 1828 820 καὶ
1853 763 1906 818 oi

326 865 554 936 ἄγγελοι
603 864 808 935 λευκήν
861 862 1067 933 ἐσθῆτα
1123 860 1594 933 περιϐεϐλημένοι
1644 858 1906 921 πολλάκις

323 960 624 1030 ὤφθησαν·
656 961 756 1014 οὐκ
779 961 900 1030 εχον
928 959 987 1012 δέ
1023 957 1251 1028 μανίκια
1285 956 1376 1010 διά
1406 957 1470 1008 τδ
1502 953 1780 1008 ἐκτυποῦν
1812 952 1907 1006 τὸν

328 1053 557 1115 σάκκον,
592 1052 652 1105 ὃν
677 1051 705 1102 6
730 1050 925 1120 Σωτὴρ
959 1048 1366 1132 ἐμπσιζόμενος
1391 1047 1706 1100 ἐνεδύσατο·
1747 1061 1906 1114 περι-

325 1145 565 1198 στέλλων
588 1144 650 1217 ῥέ
686 1143 810 1196 ὅλον
834 1141 897 1195 τδ
929 1141 1091 1211 σῶμα
1120 1141 1249 1212 ἀχρι
1281 1141 1377 1194 καὶ
1423 1139 1534 1194 τῶν
1581 1137 1761 1193 ποδῶν
1794 1135 1904 1191 ἀπὸ

322 1235 570 1304 κεφαλῆς
599 1235 688 1288 διὰ
714 1233 812 1305 τὴν
843 1233 1054 1290 ἀνωθεν
1085 1235 1215 1304 περὶ
1250 1234 1398 1304 ἡμᾶς
1424 1234 1707 1303 πρόνοιαν,
1727 1231 1905 1286 καὶτὸ

242 1369 256 1380 .
323 1326 643 1402 συνεκτικὸν
664 1325 760 1380 τοῦ
784 1325 921 1384 Θεοῦ
950 1325 1046 1380 καὶ
1075 1325 1432 1396 φυλακτικόν.
1464 1323 1689 1394 Αἷρεται
1710 1325 1768 1379 δέ
1799 1323 1905 1380 ύπδ

323 1417 432 1470 τῶν
459 1416 664 1487 χειρῶν
695 1419 759 1470 ἐκ
785 1417 1017 1486 πλαγίου
1043 1418 1102 1470 ἐν
1131 1416 1210 1481 τῷ
1241 1416 1421 1488 καιρῷ
1450 1417 1559 1471 τῶν
1613 1418 1780 1486 ιερῶν
1809 1417 1905 1490 ερ-

323 1525 458 1576 γων,
488 1504 602 1562 οἷον
632 1510 704 1572 ὡς
740 1510 915 1578 πτερὰ
940 1509 1232 1578 γινόμενον
1265 1509 1354 1562 διά
1380 1511 1442 1563 τὸ
1481 1510 1777 1578 ἀγγελικδν
1803 1511 1905 1578 τῆς

324 1597 518 1662 ἀξίαςο
549 1598 646 1650 καὶ
684 1600 766 1651 ὅτι
817 1599 874 1652 αἱ
919 1601 1104 1668 χεῖρες
1152 1597 1221 1650 δι’
1270 1598 1439 1651 αὐτοῦ
1479 1600 1811 1668 φαινόμεναι
1843 1600 1903 1654 τδ

322 1689 628 1756 πρακτικὸν
654 1688 987 1759 ἐμφαίνουσι
1041 1688 1137 1742 καὶ
1164 1689 1391 1759 ἐνεργὸν
1422 1689 1519 1743 τοῦ
1545 1690 1706 1756 Θεοῦ,
1735 1692 1795 1746 ἐν
1820 1687 1911 1755 οἷς

319 1783 350 1837 6
383 1783 569 1851 ἱερεὺς
603 1783 838 1853 ἐνεργεῖ.
869 1776 1098 1852 Πρῶτον
1139 1781 1240 1851 μέν
1270 1780 1366 1835 οῦν
1408 1783 1737 1855 ἀναγορεύει
1779 1783 1904 1838 τοῦ·

317 1847 462 1928 τονύ
492 1847 759 1944 ίερὰρχης
795 1873 852 1925 ἐν
875 1847 954 1942 τῶ
1002 1871 1063 1925 τὸ
1109 1847 1351 1942 ῶράριον
1401 1847 1703 1943 λαμϐάνειν
1742 1873 1902 1947 149
1931 1847 1979 1908 Β

321 1965 386 2018 ἐκ
414 1963 510 2018 τοῦ
537 1964 832 2034 ἀριστεροῦ
880 1961 1038 2033 ὤμου
1067 1963 1318 2028 ὄπισθεν,
1358 1963 1457 2018 καὶ
1513 1965 1595 2028 είς
1635 1967 1696 2018 τὸ
1729 1966 1904 2029 δεξιὸν

319 2051 622 2121 ἐπιθεῖναι,
667 2057 778 2109 τῶν
831 2057 925 2110 δύο
958 2056 1146 2126 μερῶν
1192 2057 1510 2125 γενομένων
1543 2057 1855 2128 ἔμπροσθεν
1887 2073 1902 2089 ·

319 2148 459 2218 ὅπερ
484 2149 607 2201 τότε
633 2150 780 2202 ἐστὶν
805 2147 1196 2218 ἐπιτραχήλιον
1219 2148 1617 2219 ἐκτελούμενον
1639 2151 1734 2202 καὶ
1763 2151 1906 2204 οὕτω

265 2297 288 2320 ι
320 2240 657 2312 καλούμενον
687 2256 701 2272 °
734 2242 887 2311 δηλοῖ
923 2241 979 2294 δέ
1035 2241 1134 2311 τὴν
1189 2240 1404 2296 ἀνωθεν
1447 2241 1752 2297 κατιοῦσαν
1793 2243 1904 2296 ἀπὸ

319 2333 569 2402 κεφαλῆς
624 2333 808 2403 χάριν,
855 2332 934 2396 ὡς
988 2332 1160 2404 μύρον
1209 2333 1305 2386 ἐπὶ
1354 2333 1626 2403 κεφαλῆς,
1674 2333 1844 2405 φησὶν
1876 2335 1905 2388 6

318 2425 507 2487 Δαϐιδ.
537 2425 600 2478 τὸ
640 2425 973 2479 καταϐαῖνον
1009 2427 1103 2479 ἐπὶ
1130 2426 1231 2498 τὴν
1261 2423 1377 2481 ῶαν
1422 2426 1519 2480 τοῦ
1574 2427 1903 2498 ἐνδύματος,

292 2515 415 2568 ’καὶ
446 2516 539 2567 τὴν
569 2517 809 2587 χρηστὸν
840 2515 1009 2584 ζυγὸν
1033 2512 1133 2586 τῆς
1163 2515 1467 2588 ἱερωσύνης
1497 2517 1595 2571 τοῦ
1625 2517 1898 2588 Χριστοῦ,

319 2608 416 2661 καὶ
451 2606 528 2672 ῶς
592 2608 728 2676 φασι
755 2624 922 2671 τινες,
973 2608 1034 2661 τὸ
1070 2608 1408 2678 ἑλκυσθῆναι
1448 2609 1587 2679 πρὸς
1641 2608 1703 2662 τὸ
1731 2609 1907 2672 πάθος

324 2701 492 2755 αὐτὸν
518 2701 613 2754 τὸν
647 2700 885 2771 σταυρὸν
931 2698 1020 2752 ἐπ’
1049 2698 1220 2769 ὤμων
1265 2700 1603 2770 κατέχονταο
1641 2701 1766 2756 ἐπεὶ
1812 2701 1908 2754 καὶ

320 2794 486 2856 αὐτὸς
515 2795 543 2847 6
576 2792 760 2865 ἱερεὺς
815 2792 885 2846 τὰ
929 2793 1023 2847 τοῦ
1075 2791 1284 2857 πάθους
1326 2794 1610 2864 μυστήρια
1661 2795 1907 2864 ἐνεργεῖν

320 2886 684 2956 κατηξίωται.
706 2884 878 2940 Τοῦτο
895 2886 1079 2940 τοίνυν
1109 2885 1311 2940 ἐνὸύων
1343 2886 1510 2939 αὐτὸν
1534 2889 1562 2940 6
1587 2887 1902 2958 ἀρχιερεὺς,

320 2980 491 3049 φησὶν
513 2996 533 3030 ε
565 2979 772 3046 Ἀξιος.
809 2996 828 3032 ε
856 2979 965 3032 Καὶ
989 2977 1266 3047 φαινόλιον
1295 2977 1325 3031 6
1346 2979 1656 3050 εἰρήκαμεν
1685 2979 1909 3036 ἐπιϐάλ-

317 3074 429 3125 λων
460 3070 602 3125 οῦτω
634 3073 826 3142 φησὶν,
864 3090 896 3126 ι.
922 3071 1109 3136 ’Δξιος
1134 3085 1148 3100 ·
1191 3089 1211 3122 ι
1248 3071 1546 3140 εὐχόμενος
1569 3071 1729 3126 τοῦτο
1762 3067 1906 3127 εῖναι

2012 578 2165 636 riens
2214 593 2438 651 corpus.
2497 578 2697 636 Album
2755 589 2837 635 est
2885 591 3113 652 propter
3172 580 3491 651 puritatem.
3541 589 3598 634 ιε

2011 671 2383 738 sanctitatem,
2407 681 2463 729 ct
2492 672 2689 728 divina:
2715 672 2903 744 gloriae
2939 672 3200 727 amictum
3229 681 3258 740 ς
3281 669 3425 727 Deus
3443 670 3593 726 enim

2009 760 2248 829 amictus
2275 771 2358 818 est
2394 762 2597 818 lumine
2621 774 2676 818 ut
2709 765 3060 831 vestimento,
3088 773 3137 819 et
3167 762 3344 832 angeli
3377 768 3588 816 vestem

2009 851 2188 908 albam
2219 854 2405 909 amicti
2436 856 2640 924 saepius
2667 865 3058 926 apparuerunt.
3115 854 3346 910 Mauicis
3405 862 3589 908 autem

2007 953 2185 1011 caret,
2246 955 2305 1000 ut
2374 957 2800 1016 reprtescntetur
2854 964 3056 1006 saccus
3108 963 3272 1020 quem
3337 945 3594 1002 Salvator

2009 1038 2178 1106 pedes
2207 1039 2312 1094 iter
2339 1038 2546 1096 faciens
2569 1040 2854 1095 induebat.
2888 1042 3146 1112 Coeperit
3194 1050 3379 1096 autem
3412 1047 3587 1119 totum

2007 1141 2208 1195 corpus
2233 1144 2262 1184 a
2297 1131 2477 1202 capite
2508 1132 2572 1186 ad
2609 1133 2774 1202 pedes
2809 1147 2987 1202 usque
3040 1143 3263 1202 propter
3292 1146 3586 1200 supernam

2007 1234 2134 1292 erga
2163 1236 2265 1282 nos
2307 1222 2734 1293 providentiam,
2765 1233 2822 1282 et
2866 1221 2961 1279 Dei
3019 1225 3281 1280 virtutem
3333 1237 3443 1294 qua
3489 1239 3600 1279 nos-

2007 1313 2324 1368 continetet
2349 1324 2662 1371 conservat.
2695 1316 2949 1377 Manibus
2976 1333 3108 1372 vero
3147 1315 3420 1371 attollitur
3450 1331 3479 1368 a
3509 1316 3592 1370 la-
3695 1388 3699 1391 ι

2008 1409 2122 1458 tere
2169 1403 2298 1458 dum
2341 1417 2498 1460 sacra
2538 1405 2677 1460 llunt
2709 1420 2914 1476 opera;
2952 1421 3063 1477 quo
3113 1408 3220 1464 alis
3255 1391 3349 1462 liat
3407 1408 3593 1464 consi-

2007 1493 2136 1548 mile
2156 1503 2379 1565 propter
2399 1495 2815 1567 signilieandam
2839 1498 3140 1571 angelicam
3161 1513 3326 1569 quam
3354 1498 3592 1570 adeptus

2004 1595 2090 1640 est
2117 1586 2479 1656 dignitatem;
2533 1594 2703 1659 atque
2770 1591 2938 1644 etiam
2971 1604 3039 1645 eo
3069 1590 3216 1660 quod
3265 1591 3373 1669 ista
3403 1590 3590 1645 eleva-

2006 1678 2158 1734 tione
2190 1694 2386 1736 manus
2434 1681 2611 1751 ipsius
2663 1694 2992 1752 apparentes
3030 1683 3373 1754 operationis
3409 1686 3587 1738 virtu-

2013 1778 2119 1827 tem
2153 1769 2457 1838 declarant,
2502 1782 2557 1830 et
2585 1773 2856 1830 internam
2891 1776 2985 1832 Dei
3042 1776 3484 1848 cooperationem
3537 1777 3596 1830 in

2009 1861 2075 1915 iis
2097 1877 2219 1932 qua:
2250 1863 2508 1920 sacerdos
2539 1873 2824 1936 Operatur.
2888 1868 3128 1923 Primum
3161 1870 3330 1940 igitur
3373 1871 3596 1939 episco-

2011 1967 2113 2023 pus
2143 1954 2291 2010 hunc
2322 1957 2605 2012 renuntiat
2645 1965 2702 2012 et
2743 1958 3102 2028 depradicat,
3134 1977 3259 2016 cum
3309 1961 3594 2017 horarium

2009 2047 2397 2118 accipit,etex
2452 2051 2764 2121 posteriore
2792 2061 2947 2122 parte
3003 2054 3213 2111 sinistri
3278 2055 3490 2112 humeri
3537 2058 3595 2112 in

2008 2142 2291 2197 dexteram
2335 2143 2587 2213 imponit,
2617 2143 2838 2201 duabus
2899 2148 3148 2215 partibus
3180 2151 3425 2206 anterius
3459 2167 3595 2221 pen-

2008 2234 2290 2302 dentibus,
2322 2236 2469 2307 quod
2499 2247 2646 2294 tunc
2691 2249 2778 2294 est
2833 2239 3137 2310 perfecunn
3177 2243 3603 2314 ἐπιτραχήλιον,

2011 2329 2408 2398 supereollarc,
2438 2339 2493 2385 et
2522 2328 2594 2385 ita
2625 2340 2880 2387 vocatur.
2912 2329 3118 2390 lndicat
3145 2343 3328 2391 autem
3360 2337 3591 2404 gratiam

2010 2417 2248 2488 desuper
2293 2435 2323 2474 a
2364 2422 2544 2490 capite
2569 2422 3017 2489 descendentem;
3047 2435 3109 2480 ut
3158 2425 3340 2497 inquit
3399 2425 3592 2489 David.

2007 2511 2159 2566 velut
2202 2520 2544 2582 unguentum
2578 2528 2742 2584 super
2778 2524 2942 2582 caput
2975 2515 3316 2572 descendens
3347 2517 3415 2571 ad
3471 2518 3594 2572 lim.

2009 2602 2184 2660 briam
2249 2603 2585 2671 vestimenti,
2639 2615 2696 2660 et
2743 2605 2950 2661 bonum
3011 2607 3312 2663 sacerdotii
3383 2608 3595 2664 Citriin

2005 2695 2235 2766 iugum;
2275 2705 2350 2760 et,
2393 2704 2454 2750 ut
2491 2696 2955 2767 dicuntquidam,
2996 2707 3054 2752 ut
3106 2697 3596 2771 signiticetureum

2009 2796 2315 2857 gestantem
2345 2787 2595 2845 humeris
2644 2803 2867 2845 crucem
2923 2790 2992 2845 ad
3044 2791 3359 2863 passionem
3423 2793 3593 2859 trahi,

2009 2895 2133 2936 cum
2169 2881 2287 2949 ipse
2339 2881 2602 2937 sacerdos
2663 2882 2939 2953 passionis
2994 2885 3255 2955 mysteria
3313 2893 3593 2954 operetur.

2012 2971 2243 3027 llorario
2267 2973 2434 3041 igitur
2455 2986 2578 3043 eum
2604 2973 2840 3030 induens
2858 2975 3140 3041 sacerdos,
3163 2976 3258 3041 ait,
3285 2995 3304 3028 ε
3331 2975 3552 3048 Dignus.
3570 2996 3588 3029 ε

2013 3063 2078 3118 Et
2101 3063 2430 3134 phaanolion,
2460 3072 2519 3119 ut
2547 3063 2809 3131 diximus,
2841 3066 2944 3135 ipsi
2977 3066 3262 3136 imponens
3292 3071 3427 3125 dicit
3460 3086 3599 3140 quo-

317 3165 486 3220 αὐτὸν
533 3164 685 3230 ἀξιον
715 3165 810 3217 καὶ
841 3163 934 3216 ἐπὶ
965 3164 1135 3218 πᾶσιν
1178 3163 1460 3234 ὁμολογῶν
1488 3203 1502 3226 ,
1564 3167 1659 3220 καὶ
1703 3166 1787 3219 ὅτι
1827 3166 1902 3229 ὼς

2013 3172 2161 3228 quc:
2193 3175 2214 3209 ι
2242 3158 2468 3229 Dignus.
2501 3175 2521 3210 ι
2552 3158 2721 3228 Optat
2748 3174 2872 3213 eum
2908 3172 3031 3215 esse
3052 3161 3300 3230 dignum,
3328 3173 3380 3215 et
3405 3179 3590 3218 coram

318 3256 468 3323 ἀξιος
518 3256 736 3313 ἔλαϐεν.
784 3255 874 3310 Ἐν
913 3251 996 3320 οἷς
1036 3257 1131 3309 καὶ
1188 3256 1589 3350 ταπεινοῦλτθαι
1648 3258 1754 3328 χρὴ
1811 3261 1903 3312 τὸν

317 3352 675 3423 λαμϐάνοντα
699 3367 712 3381 ·
745 3351 830 3414 τίς
851 3351 961 3422 γὰρ
988 3350 1175 3416 ἀξιοςς
1210 3350 1384 3404 Τοῦτο
1418 3351 1523 3421 γὰρ
1555 3352 1651 3404 καὶ
1678 3353 1728 3404 οἰ
1751 3350 1903 3416 ἐντὸς

316 3445 588 3517 ψάλλουσι
621 3442 716 3496 τοῦ
749 3443 1000 3515 βήματος
1029 3443 1127 3495 καὶ
1155 3441 1358 3509 ,ἐκ-τὸς,
1395 3443 1486 3496 τὸν
1519 3443 1784 3513 ἀρχιερέα
1818 3461 1905 3513 μι-

321 3535 614 3607 μούμενοι.
643 3529 776 3588 Εἶτα
804 3534 1176 3604 προτρέπεται
1213 3535 1316 3604 τὴν
1351 3534 1511 3604 ίεράν
1548 3533 1902 3587 ἀσπάσασθαι

318 3622 606 3694 τράπεζαν
647 3623 725 3686 ὡς
777 3623 968 3694 πλήρη
1001 3623 1249 3694 χάριτος,
1286 3626 1380 3676 καὶ
1404 3624 1479 3687 ὡς
1509 3626 1568 3677 ἐν
1603 3622 1738 3696 αὐτῇ
1772 3625 1904 3678 καθ-

318 3716 646 3786 αγιασθείςο
708 3712 826 3770 εἶτα
880 3718 982 3786 τὴν
1033 3716 1430 3786 ἀρχιερατικὴν
1475 3715 1680 3783 δεξιὰν,
1710 3717 1787 3780 ὡς
1835 3716 1902 3769 δι’

318 3808 491 3878 αὐτῆς
521 3807 922 3879 χειροτονηθείς
949 3823 964 3840 ο
991 3810 1087 3861 καὶ
1113 3808 1193 3862 ἔτι
1231 3809 1332 3880 τήν
1361 3808 1601 3879 παρειὰν
1622 3848 1636 3873 ,
1667 3808 1756 3862 8ιά
1804 3809 1905 3879 τὴν

319 3901 476 3953 θείαν
507 3901 728 3970 ἀγάπην
758 3915 817 3951 τε
871 3901 967 3954 καὶ
996 3901 1223 3971 είρήνην
1251 3941 1265 3967 ,
1325 3903 1420 3953 καὶ
1474 3904 1555 3955 ὅτι
1595 3902 1828 3974 ὄργανον
1867 3906 1900 3972 ὴ

319 3993 525 4058 παρειά
555 3991 665 4043 τῶν
703 3990 882 4061 εὐχῶν
910 4006 924 4020 ⁶
966 3992 1059 4044 καὶ
1088 3991 1172 4045 ὄτι
1203 3993 1436 4060 ἀγαπῶν
1471 3992 1568 4046 καὶ
1618 3995 1903 4065 ἀγαπητὸς

320 4083 417 4136 καὶ
451 4083 479 4134 6
511 4081 681 4136 τελῶν
712 4086 809 4135 καὶ
836 4085 863 4136 6
888 4082 1234 4153 τελούμενος.
1263 4085 1363 4138 Διά
1393 4083 1555 4140 τοῦτο
1579 4085 1676 4138 καὶ
1700 4086 1902 4150 πάντες

317 4174 689 4244 πρεσϐύτεροι
713 4176 998 4246 χαίροντες
1032 4174 1371 4240 ἀσπάζονται
1417 4175 1612 4229 τοῦτον
1655 4176 1730 4239 ὠς
1773 4178 1904 4246 ὁμο-

316 4269 461 4338 ταγῆ
489 4269 778 4337 γεγονότα,
807 4267 902 4322 καὶ
930 4268 992 4320 τὸ
1020 4267 1122 4338 τῆς
1153 4267 1380 4336 ἀγάπης
1409 4268 1506 4321 καὶ
1529 4267 1630 4338 τῆς
1650 4267 1904 4331 ἐνὼσεως

318 4362 731 4416 ἐπιδείκνυνται
760 4379 774 4394 ⁸
812 4364 908 4415 καὶ
938 4360 1104 4421 εὐθὺς
1144 4361 1363 4413 ἵσταται
1396 4361 1816 4428 ἐπικλινόμενος
1842 4363 1905 4412 ἐκ

320 4455 553 4522 πλαγίου
581 4457 648 4524 τῇ
681 4452 958 4524 τραπέζῃ,
1015 4451 1136 4505 κλθ⁹
1190 4451 1386 4504 ἐαυτὸν
1431 4451 1749 4521 εὐχόμενος,
1796 4452 1903 4516 ἓως

2008 3251 2266 3308 omnibus
2296 3253 2516 3318 fatetur,
2547 3261 2602 3308 et
2628 3253 2777 3307 velut
2810 3253 3036 3325 dignum
3075 3257 3353 3325 accepisse
3412 3258 3594 3327 digni-

2009 3353 2195 3400 tatem.
2226 3344 2343 3410 Qua
2375 3346 2427 3399 in
2463 3360 2520 3401 re
2540 3348 2851 3401 modestum
2885 3362 3008 3404 esse
3037 3355 3091 3403 et
3133 3349 3400 3404 humilem
3429 3367 3594 3420 opor-

2009 3445 2085 3491 tet
2105 3438 2490 3506 accipientem.
2525 3436 2661 3504 Quis
2686 3439 2832 3492 enim
2861 3438 3105 3508 dignus?
3133 3442 3248 3495 Hoc
3288 3441 3432 3496 idem
3465 3459 3600 3496 can-

2009 3537 2131 3584 tant
2166 3518 2257 3597 qui
2296 3537 2426 3583 sunt
2459 3530 2599 3583 intra
2639 3538 2694 3585 et
2739 3539 2895 3585 extra
2920 3534 3342 3598 isanctuarium.
3379 3536 3596 3603 episeo-

2011 3637 2140 3693 pum
2173 3621 2475 3677 imitantes.
2498 3621 2704 3677 Deinde
2723 3623 3053 3697 admonetur
3075 3625 3315 3678 osculari
3342 3635 3592 3680 sanctam

2011 3727 2278 3776 mensam,
2308 3724 2370 3766 ut
2402 3713 2590 3782 gratia:
2611 3714 2848 3783 plenam,
2870 3723 3036 3784 atque
3070 3726 3128 3770 ut
3154 3717 3208 3771 in
3239 3718 3352 3786 ipsa
3385 3719 3593 3774 sancti-

2010 3803 2209 3859 liCntus
2247 3819 2260 3855 :
2297 3814 2483 3874 postea
2510 3806 2879 3874 episc0palem
2919 3809 3225 3872 dexteram,
3262 3816 3320 3862 ut
3347 3825 3444 3878 per
3467 3826 3588 3864 eam

2008 3897 2321 3963 ordinatus,
2360 3907 2414 3952 et
2439 3899 2661 3968 insuper
2691 3914 2860 3968 genas
2904 3912 3128 3971 propter
3161 3902 3404 3956 divinam
3463 3905 3597 3958 cha-

2011 3989 2230 4044 ritatem
2278 4001 2332 4044 et
2385 4005 2596 4058 pacem,
2634 3999 2687 4046 et
2733 4007 2799 4047 eo
2845 3993 2990 4064 quod
3040 4007 3194 4065 genae
3223 4009 3448 4064 precum
3482 3995 3596 4052 sint

2009 4089 2354 4152 organon,et
2386 4083 2646 4152 quoniam
2671 4094 2819 4139 amat
2865 4096 2918 4140 et
2949 4096 3187 4154 amatur,
3228 4101 3518 4144 consecrat
3544 4103 3599 4144 et

2009 4185 2382 4232 consecratur.
2417 4175 2654 4249 Propter
2672 4178 2788 4234 .hoc
2823 4193 3016 4236 omnes
3044 4182 3346 4251 preshyteri
3403 4183 3596 4239 laetan-

2008 4275 2092 4323 tes
2117 4283 2239 4322 eum
2278 4278 2338 4323 ut
2372 4269 2638 4338 aequalem
2667 4277 2721 4325 et
2751 4271 2998 4341 ejusdem
3020 4272 3230 4328 ordinis
3256 4273 3462 4328 factum
3503 4291 3596 4330 sa-

2010 4360 2213 4424 lutant,
2247 4360 2436 4430 illique
2463 4362 2850 4417 demonstrant
2911 4362 3201 4419 charitatis
3256 4371 3311 4419 et
3371 4366 3596 4420 uniouis

2010 4453 2313 4508 vinculum.
2347 4454 2442 4508 His
2473 4457 2711 4523 peractis
2743 4454 2889 4509 illico
2920 4464 3075 4510 stata
3097 4457 3270 4510 latere
3294 4457 3596 4513 inclinatus

319 4548 462 4618 ἀρθῇ
494 4547 557 4600 τὸ
597 4543 1026 4615 καταπέτασμα,
1061 4543 1157 4595 καὶ
1211 4545 1239 4596 6
1273 4542 1415 4606 θεῖος
1461 4546 1692 4613 γένηται
1725 4545 1903 4598 ἀσπα-

2012 4560 2236 4610 mensae,
2261 4555 2314 4600 et
2346 4546 2396 4599 in
2433 4547 2617 4616 seipso
2668 4557 2792 4603 orat
2815 4549 2988 4604 donec
3049 4549 3274 4604 tollatur
3305 4550 3509 4618 velum,
3544 4566 3598 4607 et

322 4643 481 4707 σμός.
516 4637 655 4692 Τότε
692 4637 804 4708 γὰρ
841 4636 998 4698 αὖθις
1033 4636 1141 4706 πρὸ
1170 4635 1282 4688 τῶν
1309 4636 1489 4689 ἀλλων
1509 4634 1904 4706 πρεσϐυτέρων

320 4734 643 4802 ἐρχόμενος,
682 4730 827 4782 ποιεῖ
858 4729 930 4782 τὰ
956 4727 1048 4780 τοῦ
1078 4726 1400 4798 ἀσπασμοῦ.
1429 4729 1534 4780 Καὶ
1566 4717 1726 4780 πάλιν
1751 4728 1907 4782 ista-

320 4805 409 4876 τάι
441 4822 868 4890 ὑποκλινόμενος
914 4822 980 4891 τῇ
1019 4820 1142 4892 θείᾳ
1190 4811 1465 4891 τραπέζῂ,
1531 4820 1628 4873 καὶ
1679 4819 1775 4875 τὸν
1806 4821 1904 4874 τοῦ

323 4912 462 4969 Θεοῦ
499 4909 907 4981 ἐκκαλούμενος
949 4912 1122 4964 ἔλεον.

883 5027 1135 5080 ΚΕΦΛΛ.
1172 5026 1348 5081 ΡΠΒ’.

324 5121 519 5186 Ὅπως
555 5122 587 5174 ό
642 5123 798 5184 θειος
836 5118 1130 5191 ἀρτος-τῷ
1187 5121 1702 5190 χειροτονουμένη)
1766 5121 1909 5191 ἱερεῖ

459 5189 930 5258 παρακαταθήκη
957 5189 1208 5243 δίδοται.
1241 5191 1310 5242 Ὅ
1345 5191 1443 5244 καὶ
1476 5189 1760 5260 φρικτόν.

409 5284 606 5337 Ἦνίκα
640 5282 698 5335 δὲ
739 5283 768 5334 6
811 5283 1414 5352 ἀρχιερεὺς-σφραγίσῃ
1464 5284 1556 5334 καὶ
1597 5285 1793 5356 τελέσῃ
1842 5285 1910 5339 τά

326 5377 479 5448 δῶρα
511 5379 578 5447 τῇ
629 5375 918 5444 ἐπικλήσει
969 5372 1064 5427 τοῦ
1116 5373 1263 5428 θείου
1301 5375 1639 5446 Πνεύματος,
1677 5377 1802 5428 τότε
1846 5378 1909 5448 δὴ

328 5469 728 5541 προσκαλεῖται
760 5467 921 5520 πάλιν
950 5468 978 5518 6
1016 5467 1447 5538 χειροτονηθείς.
1484 5469 1594 5520 Καὶ
1615 5466 1798 5520 λαϐὼν
1822 5469 1912 5520 τὸν

327 5563 586 5633 δεύτερον
622 5562 953 5630 ἡγιασμένον
974 5560 1179 5614 τέλειον
1206 5561 1375 5631 ἄρτον
1414 5564 1481 5630 τῇ
1510 5561 1704 5632 δεξιᾷὁ
1730 5563 1914 5632 ἀρχιε-

331 5655 482 5729 ρεὺς,
515 5654 700 5708 δίδωσι
732 5653 921 5705 τοῦτον
952 5652 1031 5721 τῷ
1069 5654 1529 5723 χειροτονηθέντι,
1577 5656 1680 5717 τὰς
1733 5657 1917 5709 παλά..

2011 4634 2193 4689 divina
2254 4637 2346 4688 ilat
2394 4638 2675 4692 salutatio.
2744 4638 2884 4693 Tum
2939 4639 3087 4695 Enim
3143 4641 3594 4712 presbyterorum

2010 4725 2226 4793 primus
2281 4728 2451 4793 venit,
2501 4736 2556 4783 et
2607 4744 2728 4799 qua:
2777 4741 2904 4785 sunt
2959 4733 3310 4787 salutationis
3362 4737 3597 4803 peragit.

2010 4818 2327 4890 iterumque
2377 4830 2486 4877 stat
2542 4823 2733 4879 livina:
2771 4840 2975 4880 mensa:
3008 4826 3334 4890 inclinatus,
3392 4837 3444 4881 et
3497 4828 3596 4890 Dei

2012 4911 2448 4968 misericordiam
2484 4915 2772 4973 invocans.

2546 5028 2775 5086 CAPUT
2855 5031 3164 5087 CLXXXII.

2015 5117 2134 5183 Qua
2167 5121 2376 5172 ratione
2406 5122 2618 5176 divinus
2672 5127 2828 5194 panis
2860 5127 3128 5180 tremendi
3163 5129 3388 5197 depositi
3421 5129 3596 5184 instar
3624 5153 3632 5165 ·

2399 5199 2562 5246 datur
2595 5200 2845 5248 ordinato
2886 5199 3209 5266 presbytero.

2085 5282 2223 5338 Cum
2262 5292 2445 5339 autem
2479 5287 2771 5358 episcopus
2795 5289 3119 5357 signaverit,
3153 5304 3206 5345 et
3239 5305 3597 5346 consumma-

2015 5379 2158 5430 verit
2186 5376 2330 5430 doua
2369 5379 2722 5434 invocatione
2753 5381 2925 5435 divini
2965 5382 3246 5452 Spiritus;
3283 5392 3412 5436 tune
3437 5383 3603 5438 advo-

2017 5477 2172 5520 c.ttur
2243 5471 2438 5523 iterum
2491 5471 2803 5544 ordinatus,
2857 5480 2910 5527 et
2957 5475 3254 5544 episcopus
3327 5475 3603 5543 accipiens

2020 5563 2243 5615 dextera
2287 5577 2450 5617 manu
2480 5543 2780 5619 secundum
2812 5582 3008 5636 panem
3043 5567 3314 5637 integrum
3351 5568 3603 5622 sanctiﬁ-

2021 5666 2200 5708 catum
2239 5656 2289 5709 ei
2321 5656 2509 5722 tradit,
2539 5661 2750 5727 palmas
2785 5661 2836 5712 in
2897 5661 3117 5712 modum
3144 5660 3330 5713 crucis
3379 5675 3602 5728 compu-

332 5765 442 5824 μας
468 5746 830 5812 σταυροειδῶξ
859 5743 1199 5799 ἐκτυποῦντι
1232 5746 1312 5809 είς
1361 5746 1462 5816 τὴν
1484 5745 1577 5799 τοῦ
1615 5747 1761 5799 θείου
1814 5747 1907 5802 πά-

2021 5749 2174 5801 neuti
2213 5749 2264 5801 iu
2296 5749 2494 5802 divinae
2518 5749 2795 5817 passionis
2835 5751 3391 5817 demonstrationem,
3440 5759 3605 5821 atque

334 5840 461 5905 θονς
511 5838 742 5904 ἔνδειξιν
765 5855 780 5870 ·
833 5839 928 5894 καὶ
962 5839 1042 5892 ὅτι
1074 5840 1172 5903 τὰς
1211 5839 1469 5910 παλάμας
1503 5841 1715 5912 ἐτρώθη
1770 5842 1913 5911 ὑπὲρ

2028 5843 2189 5896 etiam
2217 5858 2280 5898 eo
2311 5844 2454 5913 quod
2485 5843 2544 5922 in
2579 5844 2775 5914 palmis
2802 5843 3123 5919 vulneratus
3153 5855 3238 5900 est
3282 5859 3383 5915 pro
3438 5849 3601 5900 notus
