4186 6318
189 457 303 522 ιξο

1258 451 1359 515 DE
1387 445 1657 512 SACRIS
1700 441 2410 516 0RDINATIONIBUS.

3376 452 3486 520 430

191 575 449 647 ρασμοῖς,
494 572 588 628 καὶ
637 573 756 637 ταῖς
815 571 1108 642 ταραχαῖς.
1179 567 1270 623 Ἐν
1318 570 1384 640 τῇ
1437 566 1668 636 Μεγάλῃ
1720 563 1760 614 δῖ

1884 555 1973 610 illa
2009 561 2272 624 cessavit,
2307 571 2360 616 et
2395 562 2446 616 in
2480 562 2597 618 sola
2643 564 2837 636 Magna
2904 566 3136 624 ecclesia
3198 571 3486 643 peragitur

191 665 356 736 μόνον
399 664 609 732 γίνεται
652 662 940 734 ἐκκλησίᾳ.
1009 661 1118 715 Καὶ
1166 660 1527 732 προτεθέντος
1582 657 1776 727 θρόνου

191 760 250 810 ιν
284 750 332 826 ᾧ
377 755 611 824 κάθηται
649 757 677 807 ὁ
709 755 1167 824 ἅρχιεπίσκοπος,
1204 754 1300 807 καὶ
1350 750 1559 805 πέπῖου
1613 747 1777 820 συνῆ-

188 851 340 917 θυυς,
372 851 477 903 ὐπὸ
523 848 715 918 ἱερέως
750 847 920 918 εὐχῆς
967 848 1262 918 γινομένης
1315 845 1411 898 καὶ
1445 842 1774 913 Τρισαγίου,

183 946 297 999 τῶν
344 942 780 997 ἐπισκοπειανῶν
813 941 1120 1012 παρόντων,
1155 943 1250 994 καὶ
1282 937 1779 1007 λαμπαδηφορούν-

182 1053 296 1090 των
340 1034 620 1098 ἁπάντων,
661 1031 993 1093 κυκλοῦντος
1045 1034 1142 1084 καὶ
1185 1030 1280 1094 τρῦ
1336 1029 1495 1092 λαοῦ,
1533 1030 1775 1099 ἐνορονῖ-

185 1129 342 1193 ζεται
391 1129 543 1195 παρά
570 1144 629 1179 τε
661 1125 758 1180 τοῦ
788 1124 1009 1194 πρώτου
1057 1124 1166 1177 τῶν
1219 1123 1412 1191 ῑερὲων
1457 1121 1552 1173 καὶ
1590 1120 1776 1172 δευτε-

185 1220 440 1290 ρεύοντος
489 1221 519 1273 ὁ
564 1217 968 1289 χειροτονηθεὶς
1025 1215 1346 1286 ἀρχιερεὺς,
1407 1214 1529 1284 τρὶς
1587 1213 1646 1265 ἐν
1697 1211 1776 1282 τῷ

182 1311 364 1383 θρόνῳ
411 1311 486 1374 ὡς
538 1311 635 1365 καὶ
681 1311 773 1364 τὸν
835 1309 1184 1381 πατριάρχην
1243 1310 1302 1361 ἐν
1357 1307 1434 1376 τῷ
1492 1304 1773 1374 συνορονῳ

182 1405 582 1474 δτκαθιζὸντων
631 1406 797 1459 αὐτὸν
827 1403 937 1456 τῶν
986 1404 1200 1476 ἱερέων,
1231 1402 1328 1455 καὶ
1380 1398 1774 1467 ἐκφωνούντων

177 1497 244 1553 τὸ
272 1515 294 1550 ε
335 1497 560 1563 Ἄξιος·
600 1516 620 1550 ι
666 1493 786 1551 εἶτα
843 1495 1163 1565 καθημένου
1209 1492 1400 1560 αὐτοῦ,
1456 1489 1772 1560 εὐφημοῦσι

177 1589 311 1654 τοὺς
341 1589 590 1653 εὐσεϐεῖς
626 1587 891 1659 βασιλεῖς,
918 1587 1013 1640 τὸν
1058 1584 1516 1656 ἀρχιεπίσκοπον,
1548 1583 1643 1636 καὶ
1675 1583 1775 1634 αὐ-

173 1680 272 1735 τὸν
319 1681 414 1734 τὸν
465 1678 960 1752 χειροτονηθένταο
1019 1679 1116 1732 καὶ
1179 1677 1356 1740 οὕτως
1413 1675 1771 1731 ἀπολύουσιν.

186 1773 252 1828 Ὀ
279 1772 339 1827 δέ
377 1788 444 1841 γε
483 1774 614 1834 λαὸς
663 1772 1131 1843 προσερχόμενος,
1163 1771 1302 1824 ἀλλὰ
1344 1769 1410 1841 δὴ
1465 1770 1561 1824 καὶ
1608 1771 1769 1839 ίερω-

179 1867 357 1938 μένοι,
405 1866 744 1930 ἀσπάζονται
797 1865 898 1934 τὴν
927 1863 1020 1918 τοῦ
1056 1862 1534 1934 χειροτονηθέντας
1583 1861 1765 1929 χεῖρα,

1886 649 1939 702 in
1971 648 2120 704 hunc
2152 653 2370 708 modum
2401 655 2752 724 :Prazparato
2783 669 2839 713 et
2872 661 3154 729 proposito
3182 665 3384 721 throno
3427 666 3486 724 in

1886 752 2005 806 quo
2048 737 2202 794 sedet
2261 742 2753 813 archiepiscopus,
2813 758 2868 802 et
2912 750 3088 816 'peplo
3152 751 3320 809 solito
3378 752 3487 824 ipsi

1886 829 2170 897 a=laptato,
2209 831 2470 902 factaque
2497 851 2662 906 prece
2699 854 2728 894 a
2785 841 3134 912 presbytero,
3161 851 3216 898 et
3253 861 3491 914 praesen-

1885 919 2036 976 tibus
2081 922 2455 992 cpisc0pianis
2487 931 2746 986 omnibus
2788 933 3056 1004 trisagion
3124 937 3486 993 cantantibus

1884 1025 1940 1068 et
1965 1031 2153 1072 cereos
2188 1016 2580 1086 deferentibus,
2633 1033 2689 1077 et
2752 1026 3127 1082 circumdautc
3181 1031 3338 1098 plebe
3396 1029 3486 1086 in-

1887 1109 2233 1164 throuizatur
2309 1113 2606 1169 ordinatus
2663 1116 2957 1188 cpiscopus
3031 1135 3060 1173 a
3129 1122 3482 1179 sacerdotqu

1887 1203 2086 1270 primo,
2121 1204 2175 1258 et
2209 1219 2275 1260 eo
2306 1207 2399 1275 qui
2437 1219 2564 1278 post
2603 1211 2782 1279 ipsum
2817 1213 3096 1268 secundus
3124 1220 3260 1284 agit,
3288 1227 3482 1284 ter-lue

1887 1312 1913 1349 a
1949 1299 2288 1371 presbyteris
2315 1303 2370 1356 in
2404 1303 2608 1360 throno
2635 1308 2962 1372 collocatur,
3014 1310 3477 1380 exclamantibua,

1889 1409 1909 1443 ι
1948 1389 2172 1462 Dignus.
2206 1411 2226 1446 ι
2265 1393 2472 1452 Deinde
2501 1413 2568 1454 eo
2596 1399 2825 1456 sedente
2873 1401 3072 1459 faustis
3123 1407 3481 1462 acclamatio-

1884 1483 2070 1546 nibus,
2132 1485 2491 1556 imperatores
2545 1503 2963 1564 prosequuntur
3001 1497 3482 1570 archiepiscopum

1883 1583 1938 1629 et
1973 1578 2151 1646 ipsum
2181 1578 2524 1645 ordinatum,
2557 1592 2610 1638 et
2638 1584 2721 1639 sic
2780 1587 3119 1644 celebratum
3169 1592 3481 1650 dimittunt.

1885 1671 2126 1740 Populus
2151 1686 2333 1729 autem
2370 1677 2667 1743 accedens,
2696 1691 2863 1749 atque
2917 1681 3084 1737 etiam
3146 1684 3335 1740 clerici
3385 1702 3480 1741 sa-

1883 1764 2022 1817 crati
2052 1764 2378 1819 osculantur
2403 1766 2641 1822 ordinati
2675 1785 2926 1836 manum,
2955 1781 3010 1826 et
3067 1772 3476 1830 benedicuntur

1883 1854 1979 1921 qui
2021 1869 2147 1910 cum
2184 1855 2288 1910 ﬁde
2317 1868 2681 1914 concurrunt.
2725 1859 2864 1916 Cum
2892 1863 3041 1918 enim
3070 1863 3143 1919 sit
3167 1879 3363 1922 recens
3392 1880 3481 1922 or-

177 1923 276 2014 καὶ
331 1923 709 2028 εὐλογοῦνται,
759 1923 904 2027 μετὰ
961 1923 1200 2019 πίστεως
1250 1956 1585 2026 τρέχοντες·
1622 1957 1760 2008 ἐπει-

1882 1945 2125 2011 dinatus,
2156 1955 2306 2004 totus
2339 1958 2425 2006 est
2457 1965 2725 2024 purgatus
2753 1963 2808 2009 et
2861 1955 3224 2022 illuminatus,
3264 1959 3475 2031 gratia-

171 2053 354 2125 δήπερ
386 2054 580 2107 νεωστὶ
607 2055 1014 2124 χειροτονηθεὶς
1047 2053 1168 2114 ὅλος
1196 2052 1314 2104 ἐστὶ
1349 2050 1768 2118 κεκαθαρμένος

169 2162 235 2199 τε
281 2149 377 2198 καὶ
431 2148 869 2216 πεφωτισμένος,
897 2148 992 2200 καὶ
1028 2146 1110 2216 ’τῷ
1139 2145 1485 2213 ἐγκαινισμῷ
1535 2143 1767 2222 ἡιχάρις

174 2237 337 2308 165
375 2238 765 2309 δαψιλέστερον
792 2240 1114 2308 χορηγεῖται
1147 2239 1300 2308 παρὰ
1350 2238 1467 2320 τῶν.
1488 2239 1766 2290 λαϐόντων

167 2330 342 2400 αὐτὴν
369 2331 598 2386 ἄνωθεν.
622 2330 756 2385 Τότε
774 2333 832 2385 δὲ
862 2332 984 2384 οὐδὲ
1014 2331 1288 2385 κωλύεται
1317 2332 1563 2398 εὐλογεῖν
1598 2329 1766 2396 ἄλλης

168 2421 249 2473 ὢν
285 2422 588 2485 ἐπίσκοπος
623 2423 835 2484 πόλεως
858 2466 872 2488 ,
910 2422 1034 2475 ἐπεὶ
1086 2423 1148 2475 τὸ
1197 2423 1481 2489 ἐνδόσιμον
1521 2421 1656 2489 ἔχει,
1690 2422 1764 2484 ὡς

168 2510 296 2580 ἄρτι
347 2513 772 2582 χειροτονηθείς.
802 2512 1092 2581 Λαμὸἀνει
1143 2514 1202 2566 δὲ
1249 2516 1344 2566 καὶ
1389 2515 1482 2565 τον
1515 2514 1761 2582 μανδύαν

173 2604 317 2671 μετὰ
367 2605 476 2656 τῶν
524 2604 784 2671 ποταμῶν
817 2605 892 2665 ὡς
931 2605 1274 2671 διδάσκαλος,
1315 2603 1430 2666 τοῦ,
1474 2624 1493 2655 ι
1522 2605 1631 2687 -Ὲκ
1656 2604 1764 2656 τῶν

169 2692 417 2761 οὐρανῶν
464 2694 629 2759 ἐδέξω
659 2695 758 2764 τὴν
790 2695 943 2747 θείαν
991 2695 1177 2765 χάριν,
1229 2714 1246 2746 ι
1286 2696 1586 2764 λεγομένου
1614 2709 1628 2724 '
1679 2695 1762 2746 ὅτι

167 2785 263 2838 καὶ
303 2785 414 2838 ἀπὸ
440 2786 552 2837 τῶν
602 2787 849 2854 οὐρανῶν
879 2789 910 2854 ἠ
943 2789 1105 2858 χάρις
1133 2790 1264 2858 ἡμῖν
1285 2789 1625 2857 ἐκκέχυται·
1666 2789 1762 2840 καὶ

166 2879 231 2931 τὸ
291 2879 582 2947 ὲγκόλπιον
638 2880 714 2941 ὠς
777 2881 959 2932 ἔνθεον
1019 2881 1360 2950 ἀρραϐῶνα·
1408 2884 1492 2934 ὅτι
1548 2883 1644 2934 καὶ
1701 2882 1761 2934 τὸ

166 2969 468 3038 πρόσωπον
506 2969 660 3039 φέρει
693 2970 954 3039 Χριστοῦ,
983 2970 1079 3023 καὶ
1115 2972 1171 3022 ὲν
1219 2970 1443 3041 Χριστῷ
1480 2971 1575 3023 τοῦ
1609 2971 1761 3042 πρώ-

162 3077 264 3114 του
296 3062 600 3130 ἀρχιερέως
622 3078 639 3094 ο
668 3064 760 3114 καὶ
790 3063 872 3113 ὅτι
907 3065 1142 3130 νυμφίος
1175 3064 1367 3129 γέγονε
1396 3064 1495 3132 τῆς
1532 3064 1760 3133 Ἐκκλη-

166 3150 292 3215 σίας
349 3154 610 3223 Χριστοῦ,
636 3154 735 3206 καὶ
783 3155 840 3206 ὲν
897 3154 976 3224 τῷ
1009 3155 1190 3224 καιρῷ
1245 3155 1344 3224 τῆς
1396 3157 1760 3224 νυμφεύσεως

165 3244 350 3298 πᾶσαν
405 3246 666 3314 κέκτηται
722 3245 819 3313 τὴν
871 3244 1057 3298 ᾶδειαν
1126 3246 1375 3312 εὐλογεῖν
1429 3251 1639 3299 τεκαὶ
1672 3246 1760 3299 εῦ-

165 3338 383 3408 χεσθαι,
411 3338 478 3408 ἢν
507 3338 602 3389 καὶ
647 3339 675 3390 ὁ
716 3338 946 3407 γνήσιος
997 3337 1159 3400 αὐτὸς
1196 3339 1486 3409 ἀρχιερεύς
1513 3351 1526 3364 ⁶
1556 3340 1616 3391 οὐ
1648 3337 1761 3408 μὴν

162 3429 221 3482 δὲ
261 3430 614 3498 χειροτονεῖν.
644 3430 752 3480 Καὶ
784 3427 1000 3496 εὐλογεῖ
1029 3428 1084 3480 δὲ
1110 3430 1400 3500 παρρησία
1430 3431 1551 3482 κατ’
1587 3429 1760 3496 αὐτὴν

165 3520 339 3591 μόνην
370 3520 467 3592 τὴν
493 3520 734 3592 ἡμέραν.

740 3628 993 3687 ΚΕΦΑΔ.
1038 3630 1181 3689 ZIZ".

159 3722 330 3776 Διατί
358 3719 772 3792 προπέμπεται
809 3724 880 3777 ἐν
937 3723 1015 3792 τῇ
1060 3727 1256 3799 πόλει,
1299 3728 1398 3782 ita!
1457 3729 1758 3799 εὐλογεῖό

723 3798 1132 3863 χειροτονηθεί
1138 3819 1192 3864 ς.

232 3885 326 3939 Διὸ
360 3884 455 3939 καὶ
480 3888 618 3956 μετά
648 3886 750 3958 τὴν
774 3889 1060 3955 τράπεζαν
1085 3890 1549 3959 ἐπικαθεζόμενος
1577 3893 1751 3963 ἵππῳ,

156 3977 354 4032 κυκλοῖ
411 3978 511 4050 τὴν
548 3978 704 4032 πόλιν
755 3981 1228 4052 δορυφορούμενος
1254 4001 1266 4014 ·
1301 3985 1400 4037 καὶ
1457 3987 1752 4053 σφραγίζει

158 4071 371 4133 πάντας
399 4073 494 4123 καὶ
526 4071 761 4140 εὐλογεῖ,
796 4072 1041 4140 ἁγιάζων
1064 4077 1131 4144 τῇ
1166 4077 1424 4144 σφραγῖδι
1448 4076 1546 4146 τὴν
1572 4077 1749 4145 πόλιν,

154 4167 256 4221 καὶ
283 4166 646 4236 ἐπευχόμενος
667 4154 748 4231 ὥς
784 4168 970 4230 καινὸς
1015 4170 1260 4238 γεγονὼς
1306 4173 1618 4242 ἀρχιερεὺς,
1652 4175 1753 4238 τῆς

153 4258 610 4328 ιγκαινισθείσης
639 4259 792 4328 αὐτῷ
836 4260 1150 4329 μεταδιδοὺς
1179 4262 1331 4326 Θείας
1363 4264 1612 4334 χάριτος,
1655 4266 1751 4318 καὶ

154 4350 434 4422 ἁγιασμὺν
463 4354 531 4424 τῇ
571 4353 794 4426 εὐλογίᾳ
824 4355 1103 4427 χορηγῶν,

728 4645 984 4700 ΚΕΦΑΔ.
1049 4647 1199 4704 Σ1Η’.

162 4759 228 4813 τί
254 4759 321 4813 τὸ
349 4757 640 4814 ἀπελθεῖν
663 4761 750 4825 εις
771 4761 880 4815 τὸν
900 4760 1170 4825 ,βασιλέα
1197 4763 1294 4821 καὶ
1324 4765 1618 4830 εὔξασθαι
1639 4767 1748 4822 τὸν

229 4831 450 4906 νεωστὶ
511 4831 1012 4906 χειροτονηθέντα
1067 4835 1367 4904 ἀρχιερέα,
1435 4840 1534 4892 καὶ
1583 4838 1747 4906 ὅπως

229 4897 413 4954 τοῦτο
442 4899 680 4967 πρῶτον
705 4900 963 4970 ἐγένετο.

225 4988 320 5043 Διὸ
343 4987 409 5059 δὴ
438 4991 531 5042 καὶ
552 4990 629 5052 ὡς
655 4991 795 5061 πρὸς
821 4991 956 5045 Θεὸν
1000 4995 1321 5066 παρρησίαν
1351 4997 1489 5067 ἔχων
1537 5001 1634 5054 καὶ
1678 5003 1744 5072 τῇ

156 5083 467 5151 χιιροτονέᾳ
489 5081 809 5151 δυνάμενος,
847 5083 940 5136 καὶ
971 5083 1052 5153 τῷ
1087 5079 1299 5153 βασιλεῖ
1334 5089 1614 5156 πέμπεται
1636 5092 1744 5157 ,εὐ-

157 5168 384 5239 ξόμνος
410 5169 549 5240 ὑπὲρ
570 5169 760 5234 αὐτοῦ,
802 5175 898 5228 καὶ
923 5172 1040 5243 ἅμα
1066 5174 1142 5237 ὡς
1168 5178 1394 5246 χριστὸς
1427 5179 1635 5248 Κυρίου
1665 5181 1744 5252 τῷ

155 5261 461 5332 Πνεύματι,
507 5262 603 5315 τὸν
643 5263 867 5334 χριστὸν
918 5266 1123 5336 Κυρίου
1158 5268 1237 5338 τῷ
1292 5268 1450 5340 μύρῳ
1500 5272 1745 5341 εὐλογῶν

154 5355 253 5410 καὶ
276 5352 542 5424 ὶνισχύων
572 5357 688 5418 ταῖς
719 5356 931 5426 εὐχαῖς.
968 5357 1132 5412 Ὀοεν
1169 5361 1549 5417 καῖ’άπελθὼν
1584 5364 1744 5436 εὐχεο

153 5462 246 5499 ται
281 5446 352 5499 τὰ
386 5447 520 5516 πρὸς
552 5451 829 5518 σωτηρίαν
859 5449 1031 5519 αὐτῷ·
1097 5453 1186 5506 ὅτε
1223 5456 1315 5507 καὶ
1346 5455 1613 5525 πρότερον
1645 5459 1745 5528 μὲν

155 5537 366 5607 ιγίνετο
399 5536 664 5606 θεοφιλῶς
711 5555 769 5590 τε
819 5541 914 5592 καὶ
949 5541 1180 5607 δεόντως
1229 5546 1468 5616 ήτάξις,
1510 5549 1589 5602 διὸ
1647 5552 1743 5602 καὶ

153 5630 419 5700 ἁνύσιμος
447 5625 516 5700 ἦν
543 5632 578 5701 ἡ
611 5629 707 5684 τοῦ
741 5631 1045 5705 ἀρχιερέως
1079 5637 1214 5709 εὐχή
1249 5653 1262 5667 ·
1291 5638 1388 5693 νῦν
1413 5640 1473 5694 δὲ
1519 5642 1744 5696 τούναν..

149 5720 275 5778 τίον
301 5722 611 5792 γινόμενον,
647 5723 929 5794 ἄπρακτον
967 5726 1066 5798 τὴν
1095 5729 1261 5800 εὐχὴν
1311 5732 1632 5804 ἀποφαίνει.
1669 5735 1743 5789 Τὸ

154 5817 383 5888 ἀρχαῖον
399 5816 512 5886 γὰρ
550 5815 676 5878 ῑθος
723 5811 814 5885 ἦν,
841 5818 926 5870 ὅτι
960 5821 1435 5893 ἁποστελλομένου
1489 5825 1586 5880 τοῦ
1622 5831 1743 5898 ῥαι-

157 5907 514 5982 φερενδαρίου
545 5909 687 5980 μετὰ
732 5909 828 5964 τοῦ
861 5912 1170 5984 ἀρχιερέως
1217 5917 1298 5982 είς
1345 5919 1415 5973 τὰ
1463 5919 1737 5991 βασίλεια,

1778 4640 1831 4701 ι)

1876 2054 1983 2104 que
2016 2040 2067 2090 in
2101 2039 2204 2094 hac
2239 2055 2376 2095 nova
2406 2047 2827 2102 consecratione
2856 2048 3237 2105 abundantius
3285 2051 3355 2106 ab
3405 2051 3474 2108 iis

1877 2127 2257 2201 suppeditatur
2293 2129 2384 2198 qui
2415 2146 2534 2187 eam
2589 2149 2829 2204 superne
2867 2151 3222 2208 acceperunt.
3277 2142 3476 2214 Neque

1875 2218 2040 2273 etiam
2067 2230 2201 2276 tunc
2229 2221 2560 2280 benedicere
2591 2216 2939 2296 prehibetur,
2979 2233 3112 2288 licet
3147 2235 3374 2291 alterius
3401 2239 3478 2294 sit

1877 2307 2032 2362 urbis
2063 2311 2379 2381 episc0pus,
2409 2329 2536 2369 cum
2573 2317 2736 2386 hujus
2775 2321 2877 2386 rei,
2915 2333 2975 2407 μι
3010 2339 3205 2381 recens
3240 2327 3476 2382 ordina-

1876 2409 1964 2454 tus
1986 2440 2000 2463 ,
2045 2411 2374 2469 potestatem
2405 2407 2629 2464 habeat.
2661 2411 2879 2484 Accipit
2912 2432 3134 2487 quoque
3180 2421 3476 2492 mandyam

1873 2491 1989 2544 sive
2025 2495 2248 2562 pallium
2283 2499 2610 2556 uudulatunt
2647 2504 2790 2560 velut
2818 2508 3033 2576 doctor,
3061 2510 3192 2565 dum
3227 2491 3428 2569 dicitur
3457 2531 3475 2572 :

1881 2604 1900 2636 ε
1934 2586 2010 2642 De
2033 2590 2188 2645 ccelis
2227 2595 2488 2660 accepisti
2525 2596 2766 2652 divinam
2809 2602 3085 2672 gratiam;
3120 2624 3138 2657 ι
3194 2607 3324 2676 quia
3351 2623 3478 2680 gra-

1874 2677 1945 2729 tia
1988 2692 2018 2732 e
2048 2679 2204 2735 ecclis
2232 2681 2286 2734 in
2317 2698 2415 2736 nos
2445 2685 2617 2740 ellusa
2647 2697 2754 2752 est,
2788 2698 2840 2744 et
2866 2707 2966 2761 per
2987 2695 3331 2766 cncolpittm,
3353 2677 3475 2759 sive

1873 2782 1971 2835 per
2003 2773 2184 2826 crucis
2219 2775 2468 2844 reliquiis
2489 2778 2728 2846 gravidae
2758 2796 2884 2851 quze
2940 2786 3083 2840 collo
3138 2792 3474 2859 appenditur

1871 2862 2252 2927 traditionem.
2291 2877 2350 2921 ut
2406 2884 2506 2938 per
2540 2869 2791 2927 divinum
2854 2877 3223 2936 arrhabonem
3270 2883 3475 2940 contir-

1871 2965 2090 3008 matur:
2126 2960 2392 3026 quoniam
2435 2963 2601 3018 etiam
2634 2981 2923 3035 personam
2955 2968 3163 3027 Christi
3209 2975 3472 3044 sustinet,

1870 3054 1924 3099 et
1959 3046 2011 3099 in
2042 3046 2266 3104 Christo
2298 3054 2461 3121 primi
2493 3055 2763 3127 episcotii.
2784 3055 2922 3125 Quia
2958 3061 3198 3133 denique
3229 3081 3471 3138 sponsus

1871 3135 2128 3193 Ecclesiae
2162 3140 2368 3198 Christi
2401 3142 2581 3201 factus
2628 3156 2732 3212 est,
2775 3158 2830 3202 et
2884 3150 2986 3206 hac
3013 3154 3228 3212 ratione
3249 3135 3472 3218 omnem

1873 3225 2036 3282 habet
2071 3237 2396 3296 potestatem
2435 3236 2815 3300 benedicentli.
2867 3247 2924 3295 et
2977 3247 3240 3311 precandi
3300 3264 3469 3320 quam

1869 3334 2168 3389 germanus
2201 3323 2345 3377 illius
2372 3327 2526 3382 urbis
2558 3329 2872 3399 episcopus,
2929 3345 3038 3386 non
3071 3343 3256 3391 tamen
3313 3339 3472 3396 ordi-

1872 3413 2059 3466 nandi.
2096 3414 2382 3470 Bencdicit
2417 3428 2599 3474 autem
2637 3422 2857 3491 publice
2881 3433 2935 3479 cl.
2968 3429 3313 3487 conﬁdenter
3371 3446 3470 3504 per

1870 3505 2018 3559 hunc
2039 3508 2215 3561 solum
2244 3509 2413 3565 diem.

2402 3626 2637 3682 eam
2676 3613 2929 3688 ccxvit.

1867 3710 2046 3776 Quare
2071 3717 2339 3771 civitatem
2371 3725 2666 3787 perequilal
2693 3741 2869 3778 recens
2895 3727 3180 3785 ordinatus
3217 3737 3270 3785 et
3299 3727 3463 3788 bene-

2237 3789 2522 3843 dictionem
2557 3794 2788 3860 impertit
2819 3799 3085 3855 omnibus.

1938 3875 2064 3931 Ideo
2097 3889 2388 3949 postquam
2424 3881 2493 3936 ab
2526 3883 2687 3938 altari
2718 3889 2968 3956 recessit,
3005 3906 3151 3960 cquo
3211 3892 3464 3953 insidens

1864 3977 2020 4037 gyrat
2054 3971 2242 4023 urbem
2262 4013 2278 4040 ,
2303 3974 2600 4028 satellitum
2629 3986 2970 4033 armatorum
2996 3997 3201 4037 corona
3221 3987 3464 4057 cinctus,

1863 4062 2157 4129 crucisque
2191 4062 2351 4131 signo
2381 4064 2566 4134 signat
2606 4080 2823 4134 omnes,
2882 4080 2939 4124 et
2995 4057 3311 4130 benedicit:
3363 4092 3461 4132 ur-

1863 4151 1985 4206 bem
2040 4169 2262 4223 quoque
2316 4155 2478 4225 signo
2533 4159 2716 4214 crucis
2753 4163 3106 4231 sanctificat;
3143 4177 3199 4222 et
3264 4181 3460 4236 preces

1862 4241 2072 4297 fat-iens
2099 4257 2155 4296 ut
2187 4260 2363 4300 novus
2395 4247 2578 4303 factus
2617 4251 2918 4321 episcopus
2945 4255 3189 4311 divinam
3227 4257 3460 4331 insuper

1861 4338 2090 4403 gratiam
2134 4353 2240 4408 qua
2292 4354 2386 4407 per
2438 4355 2638 4395 novam
2683 4347 3158 4400 consecrationem
3219 4347 3460 4407 donatus

1857 4439 1967 4493 est,
1993 4432 2386 4498 communicat,
2427 4444 2480 4488 et
2529 4434 3024 4492 sanetillcationem
3070 4441 3460 4500 benedictione

1860 4521 2116 4591 largitur.

2391 4638 2620 4696 CAPUT
2651 4640 2933 4701 CCXVIII.

1855 4754 2034 4821 Quare
2091 4772 2269 4810 recens
2308 4757 2590 4813 ordinatus
2640 4761 2916 4828 episcopus
2970 4761 3081 4815 abit
3125 4763 3197 4816 ad
3221 4765 3456 4832 impera-

1922 4836 2088 4963 ;orem
2114 4838 2371 4967 etIproco
2405 4843 2673 4894 precatur,
2705 4840 2756 4885 et
2784 4834 3079 4901 quomodo'
3101 4835 3199 4889 ltoc
3246 4837 3455 4905 pridem

1950 4909 2124 4951 actum
2190 4911 2346 4954 κει-ιι.

1985 4909 2124 4951 ctum
2164 4909 2346 4954 luent.

1922 4984 2290 5056 Quapropter,
2325 4997 2384 5042 ttt
2433 4989 2578 5059 apud
2614 4990 2786 5047 Deum
2819 4995 3212 5051 conﬁdentiam
3248 5011 3448 5053 conse-

1851 5090 2037 5145 cutus,
2070 5093 2123 5136 et
2158 5081 2511 5138 ordinatione
2541 5102 2640 5140 sua
2679 5095 2899 5156 potens,
2933 5090 3002 5144 ad
3056 5091 3446 5154 imperatorem

1853 5175 2091 5228 mittitur
2121 5175 2239 5244 ipse
2280 5176 2420 5230 bene
2467 5186 2821 5245 precaturus,
2851 5190 2905 5235 et
2964 5182 3134 5237 simul
3191 5195 3251 5238 ttt
3302 5184 3419 5241 chri

1852 5277 1971 5321 stus
2003 5268 2214 5321 Domini
2251 5285 2347 5337 per
2381 5268 2668 5340 Spiritum,
2694 5271 2961 5328 christum
3010 5273 3221 5330 Dmui‘ni
3262 5277 3445 5332 chris-

1850 5370 1996 5414 mate
2049 5361 2255 5416 factum
2310 5363 2607 5426 benedicit.
2666 5376 2720 5421 et
2779 5367 3036 5435 precibus
3095 5371 3442 5426 corroborat.

1852 5452 2010 5515 Unde
2044 5456 2110 5510 ad
2142 5473 2268 5512 eum
2307 5460 2543 5531 accedit,
2587 5469 2640 5516 ct
2687 5477 2810 5531 qua:
2863 5463 3127 5518 salutaria
3179 5473 3328 5530 sunt,
3393 5463 3447 5524 t-i

1849 5560 2128 5618 precatur.
2183 5551 2284 5608 IIic
2333 5529 2470 5609 ordo
2518 5556 2672 5626 prius
2717 5558 2979 5611 decenter
3025 5566 3079 5610 et
3135 5559 3444 5611 secundum

1848 5641 2017 5697 Deum
2053 5655 2302 5700 amanter
2327 5648 2769 5717 observabatur;
2803 5649 2931 5704 ideo
2957 5649 3204 5720 episcopi
3259 5652 3444 5703 oratio

1847 5735 2146 5805 plurimum
2178 5748 2299 5792 erat
2326 5739 2475 5793 utilis
2497 5749 2551 5794 et
2581 5741 2798 5795 elﬁcax.
2823 5739 2982 5796 Nunc
3032 5755 3163 5794 vero
3221 5749 3446 5800 contra-

1848 5833 1992 5882 rium
2026 5831 2379 5886 observatum
2414 5833 2720 5887 orationem
2757 5834 2937 5888 reddit
2965 5833 3241 5888 inutilem.
3285 5833 3443 5889 Anti-

1847 5923 2035 5994 quittts
2059 5938 2177 5979 mos
2210 5937 2329 5981 erat
2362 5935 2421 5981 ut
2475 5926 2791 5982 mitteretur
2817 5925 3260 5995 referendarius
3319 5941 3442 5984 cum

2358 6172 2386 6185 σιν
