4186 6318
709 329 816 385 εειο
1553 329 1934 393 svueoms
1968 327 2722 394 TBESSALONICENSIS
2758 326 3121 390 meum.
3875 309 3988 378 ωδ

710 443 900 506 autem
930 437 1250 509 episcopus,
1277 449 1665 512 postremaque
1694 441 2033 502 salutatione
2088 444 2144 500 in
2201 459 2295 517 sy-

2409 443 2528 508 σίας
2560 439 2728 497 αὑτοῦ
2774 438 3093 510 φροντίζει·
3129 436 3390 510 συνεργεῖ
3427 433 3486 490 ει
3539 432 3634 486 καὶ
3674 431 3786 493 τοῖς
3816 426 3991 498 ίεροις

712 528 863 584 nodo
892 527 1121 589 functus
1150 531 1432 603 proprium
1478 534 1658 590 locum
1705 546 1962 607 occupat,
2008 553 2115 593 non
2177 552 2296 592 am-

2409 536 2590 608 ιργοις
2619 532 2989 603 παραϐάλλων
3011 533 3080 602 τῇ
3114 528 3342 601 συνόδῳ,
3381 527 3478 582 καὶ
3506 522 3603 596 ἀφ’
3644 517 3868 585 ἑαυτοῦ,
3890 517 3989 572 ὅτε

712 615 862 688 ptius
885 622 1249 690 cgetcaateris
1299 638 1422 694 quae
1477 631 1605 696 typo
1659 626 2035 691 continentur,
2087 625 2182 681 sed
2235 635 2296 681 ut

2409 629 2583 701 χρεία,
2620 627 2718 682 καὶ
2743 623 3252 696 προσκαλούμενος.

709 714 1009 784 episcopus
1034 714 1308 772 exsistens
1338 731 1458 786 qua:
1490 715 1758 772 ad,suam
1793 716 2095 774 Ecclesiam
2137 723 2408 788 spectant,
2433 729 2613 775 curat.
2670 718 3014 789 Cooperatur
3079 729 3304 788 quoque
3358 709 3538 771 sacris
3597 706 3860 780 Operibus
3894 717 3994 760 ac-

709 809 912 865 cedens
943 811 1011 866 ad
1033 811 1306 882 synodum
1328 828 1359 867 a
1383 816 1588 884 seipso,
1631 830 1756 870 cum
1788 830 1928 887 opus
1954 824 2062 881 est,
2099 825 2158 871 et
2183 800 2507 874 advocatus.

1237 930 1470 990 CAPUT
1507 932 1772 994 CCXXII.

713 1021 870 1089 Quod
925 1025 1198 1099 episcopus
1253 1026 1449 1099 electus
1493 1036 1574 1082 ter
1613 1029 1854 1099 οεεειίιιιιι
1906 1028 2044 1098 ﬁgit,
2075 1032 2126 1084 et
2168 1044 2297 1099 quo-

1061 1096 1219 1150 modo
1265 1097 1507 1150 osculum
1545 1101 1787 1169 quodqu
1815 1096 1939 1166 ﬁat.

2959 930 3214 986 KEOAA.
3251 926 3424 985 ZKB'.

2400 1028 2538 1083 Ὀτι
2587 1028 2721 1096 τρίς
2795 1023 3050 1079 ποιεῖται
3087 1023 3200 1096 τὸς
3242 1019 3578 1096 ἀσεεασμὸν
3605 1019 3640 1073 ό
3670 1012 3994 1096 άρχιερεὺς

2506 1087 2979 1168 χειροἰονηθεις·
3023 1093 3123 1148 καί
3158 1093 3318 1160 ὅπως
3346 1087 3607 1156 ἕκαστος
3627 1087 3878 1159 γίνεται.

776 1181 1046 1242 Osculum
1083 1195 1170 1244 ter
1191 1188 1358 1243 datur
1385 1189 1698 1245 ordinando
1723 1202 1923 1262 praeter
1961 1192 2093 1248 illud
2147 1192 2291 1262 quod

2478 1185 2541 1239 Ὀ
2589 1185 2887 1255 ἀσπασμὸς
2921 1184 2978 1236 δὲ
3019 1181 3100 1253 τῷ
3141 1177 3609 1253 χειροτονουμινῳ
3633 1217 3649 1244 ,
3697 1174 3841 1244 πλὴν
3887 1170 3991 1226 τοῦ

709 1275 770 1334 ﬁt
791 1279 846 1333 in
875 1279 1217 1335 sanctuatio.
1246 1278 1492 1336 Primum
1551 1282 1772 1351 quidem
1825 1293 1950 1354 post
1997 1283 2293 1338 indicatioo

2409 1282 2455 1332 iv
2489 1278 2568 1350 τῷ
2590 1277 2798 1349 βήματι
2832 1275 3190 1346 τελουμένου,
3217 1272 3429 1341 γίνεται
3457 1271 3600 1340 τρίς·
3631 1267 3850 1341 πρῶτον
3884 1264 3992 1336 μιν

710 1384 860 1435 noni,
888 1379 1075 1440 utpote
1110 1378 1224 1423 tum
1277 1369 1458 1426 factus
1509 1370 1775 1428 Ecclesia:
1837 1388 2078 1444 sponsus
2128 1373 2289 1442 cujus

2409 1373 2546 1440 μετὰ
2581 1371 2644 1424 ἐδ
2677 1371 2906 1441 μήνυμα
2930 1369 3006 1432 ὠς
3029 1367 3317 1436 γεγονότος
3347 1363 3517 1418 αὐτοῦ
3544 1360 3863 1433 μνηστῆρος
3887 1356 3996 1427 τῆς

708 1450 1118 1530 possessionem
1150 1461 1490 1532 aggreditur.
1515 1462 1652 1536 Cum
1704 1463 1960 1520 videlicet
2005 1465 2162 1520 nullo
2193 1479 2290 1520 ex-

2409 1451 2718 1535 ίκκλησίας,
2749 1458 2840 1536 ἦς,
2860 1463 2962 1533 τὴν
2989 1460 3304 1533 ἐγχείρισαν
3339 1458 3580 1528 δίχεται,
3610 1456 3701 1508 ὅτε
3730 1451 3809 1522 μὴ
3834 1449 3996 1504 εὑόσ·

709 1549 943 1605 sisteutc
988 1552 1343 1608 suaveolente
1377 1553 1559 1610 suﬂitu
1593 1555 1677 1612 vel
1711 1545 1869 1612 roseo
1885 1558 2101 1626 liquore
2121 1558 2293 1616 addu-

2409 1574 2507 1628 μου
2537 1556 2692 1618 όντος
2731 1555 2903 1619 τινὸς,
2948 1554 3299 1625 θυμιάματος
3347 1547 3654 1619 δηλονότιῆ
3693 1542 3996 1618 90505th-

710 1642 854 1696 citur
881 1643 1224 1700 ordinandus
1255 1646 1323 1700 a‘d
1368 1647 1848 1719 archiepiscopum
1898 1653 2204 1716 sedentem,
2237 1661 2293 1707 et

2409 1667 2605 1720 ματος,
2640 1648 2963 1719 καθημένου
2992 1645 3089 1701 τοῦ
3119 1643 3559 1716 ἀρ’χιεπισκόπου
3611 1640 3707 1693 καὶ
3747 1637 3858 1690 τῶν
3891 1636 3998 1706 ἁρ-

711 1731 778 1787 ad
812 1733 1104 1804 episcopos
1135 1737 1280 1801 circa
1314 1739 1492 1807 ipsum
1526 1755 1594 1794 ex
1625 1750 1858 1810 utraque
1905 1753 2064 1812 parte
2095 1745 2292 1801 seden-

2409 1740 2635 1811 χιεριων
2665 1739 3032 1808 ἑκατέρωθεν,
3057 1735 3469 1807 προσαγόμενος
3497 1731 3800 1804 προσκυνεῖ
3831 1727 3958 1796 τρίς
3975 1742 3994 1758 ο

712 1832 818 1887 tes,
849 1834 1039 1895 terque
1069 1841 1190 1882 sese
1213 1831 1534 1898 prosternit,
1568 1841 1624 1886 et
1651 1834 1942 1888 osculatur
1972 1851 2139 1904 genu,
2176 1851 2291 1890 lua-

2409 1835 2496 1888 καὶ
2521 1830 2912 1900 ἀσπαζόμενος
2954 1831 3086 1898 γόνυ
3136 1828 3231 1881 καὶ
3277 1829 3440 1897 χεῖρα
3471 1825 3566 1878 καὶ
3612 1821 3851 1913 παρειὰν
3895 1816 4000 1913 τοῦ

710 1930 844 1970 suum
902 1928 957 1971 et
989 1934 1182 1988 genam
1222 1922 1518 1990 ponliltcis,
1545 1933 1600 1978 et
1635 1924 1689 1978 in
1728 1941 1821 1980 ore
1848 1927 2141 1996 episcopos
2175 1937 2292 1982 tum

2409 1925 2804 1996 lspdpxou,_xal
2834 1923 2970 1984 τοὺς
3003 1921 3285 1992 ἀρχιερεῖς
3315 1917 3397 1981 είς
3430 1917 3493 1970 τὸ
3532 1916 3710 1985 στόμα
3743 1911 4012 1981 καθημόη

711 2009 964 2064 sedentes
991 2030 1007 2075 ;
1046 1988 1289 2066 nondum
1322 2013 1469 2068 enim
1502 2025 1585 2070 est
1615 1988 1928 2086 episcopus,
1953 1988 2144 2086 jus-sus
2196 2036 2296 2076 au-

2409 1988 2652 2080 νόος-καὶ
2686 1988 2911 2079 αὐτοὺς,
2940 2014 3001 2067 ού
3037 1988 3148 2080 γαρ
3170 1988 3468 2074 ῖπίσκοπός
3490 2010 3640 2064 ἔστιν
3665 2009 3769 2073 In,
3801 2005 3999 2059 κελευ-

712 2112 820 2156 tem
859 2105 1035 2168 sedet,
1068 2119 1175 2157 non
1211 2105 1264 2158 in
1290 2105 1490 2159 throno
1524 2109 1841 2175 episcopali,
1884 2110 1978 2165 sed
2037 2110 2292 2178 privatim

2409 2109 2552 2171 seu;
2588 2106 2850 2174 κάθηται,
2897 2104 2999 2158 οὐκ
3031 2105 3089 2158 tv
3116 2103 3296 2175 θρόνῳ
3324 2101 3436 2156 τῶν
3487 2100 3827 2159 ιπισκόπων,
3867 2096 3999 2150 ἀλλ’

711 2190 968 2256 inferius,
1009 2193 1062 2247 iu
1097 2195 1220 2250 loco
1248 2196 1634 2266 depressiore:
1667 2214 1779 2268 quo
1799 2198 2138 2269 significatur
2167 2215 2291 2254 eum

2409 2199 2534 2270 ἰδίᾳ,
2564 2196 2813 2252 κάτωθεν
2838 2197 2898 2248 ἐν
2934 2194 3217 2266 ὑφειμινῳ
3249 2193 3380 2260 τινὶ,
3418 2190 3752 2262 δηλουμίνου
3783 2190 3847 2240 ἑκ
3871 2185 4000 2240 τού-

709 2282 1016 2340 Ecclesiam
1047 2295 1260 2341 tantum
1289 2288 1673 2356 despondisse,
1706 2299 1759 2343 et
1790 2290 2127 2359 sponsalium
2177 2287 2292 2358 pti-

2409 2309 2516 2355 του,
2567 2291 2642 2350 ὡς
2685 2289 2970 2360 ἡρμόσατο
3021 2288 3185 2358 μόνον
3230 2285 3334 2356 τὴν
3385 2282 3717 2353 ἔκκλησίαν,
3751 2280 3848 2334 καὶ
3888 2277 3996 2348 τῆς

712 2373 900 2430 mitias
931 2375 1236 2447 accepisse,
1274 2376 1517 2431 nondum
1551 2378 1696 2431 enim
1740 2379 1824 2431 vir
1879 2377 1999 2448 ejus
2055 2388 2161 2439 est,
2210 2375 2294 2430 vel

2409 2384 2699 2454 μνηστείας
2721 2380 2897 2436 ἔλασε,
2919 2379 3017 2451 τὴν
3041 2377 3322 2448 ἀπαρχὴν,
3349 2376 3574 2431 οὐδέπω
3597 2374 3654 2428 δέ
3679 2376 3826 2427 ἔστιν
3851 2370 4000 2442 ἀνὴρ

713 2466 969 2521 maritus.
995 2465 1124 2521 ideo
1151 2466 1302 2522 velut
1325 2465 1423 2537 qui
1453 2475 1668 2521 tantum
1692 2466 1902 2522 dederit
1934 2468 2182 2538 symhoia
2239 2475 2296 2522 et

713 2559 1093 2615 arrhabonum
1150 2560 1424 2630 primitias
1479 2575 1608 2616 cum
1663 2562 1857 2617 amicis
1914 2571 1970 2616 et
2030 2561 2296 2616 fratribus

709 2666 927 2720 sponsa:
957 2667 1020 2707 ea
1045 2652 1261 2722 peragit
1283 2667 1409 2722 quae
1431 2651 1499 2708 ad
1532 2652 1831 2708 amicitiam
1857 2652 2292 2708 conﬁrmandam

711 2742 1062 2811 inserviunt;
1094 2744 1240 2799 unde
1265 2759 1361 2799 eos
1381 2745 1666 2801 osculatur
1699 2755 1760 2800 ut
1808 2745 1921 2814 jam
1974 2745 2210 2808 amicus,
2244 2752 2300 2798 et

711 2837 868 2890 sedet
895 2851 1022 2894 cum
1054 2837 1154 2903 eis,
1191 2848 1247 2894 et
1295 2837 1535 2892 consulit
1577 2853 1702 2892 cum
1759 2839 1879 2904 eis;
1945 2853 2054 2892 non
2115 2849 2297 2891 tamen

716 2928 994 2993 considet,
1023 2943 1150 2983 cum
1186 2929 1446 2984 thronum
1481 2929 1727 2984 nondum
1767 2938 2060 2985 assecutus
2110 2929 2295 2995 fuerit,

716 3031 818 3072 nec
855 3018 1120 3072 honorem
1150 3027 1206 3074 et
1230 3016 1559 3089 dignitatem
1608 3017 1790 3074 Patris
1845 3018 2141 3085 Ecclesiae;
2196 3032 2299 3073 nec

712 3108 860 3164 enim
890 3107 1027 3178 ipsis
1064 3117 1414 3180 cooperatur,
1451 3125 1575 3166 cum
1612 3109 1875 3166 ordinare
1940 3125 2049 3166 non
2097 3111 2295 3179 possit.

716 3202 1022 3258 Consilium
1049 3216 1179 3258 vero
1200 3199 1296 3257 dat
1325 3202 1534 3267 solum.
1568 3204 1688 3259 sive
1710 3205 2041 3259 sententiam
2065 3202 2222 3268 dicit,
2240 3209 2300 3259 et
2326 3201 2373 3267 C

714 3307 908 3350 eorum
949 3310 1070 3363 qua:
1124 3303 1256 3350 sunt
1294 3309 1513 3366 sponsae
1541 3310 1732 3350 curam
1783 3296 1943 3366 gerit.
2001 3295 2304 3367 possessio-

716 3405 849 3444 num
882 3389 1096 3446 scilicet
1127 3399 1182 3446 et
1213 3390 1561 3462 negotiorum
1596 3388 1665 3444 ad
1679 3388 1988 3446 Ecelesiam
2047 3397 2305 3459 spectan-

717 3484 886 3537 tium.
919 3480 1172 3538 Secunda
1207 3482 1475 3539 salutatio
1507 3482 1567 3536 tit
1595 3497 1721 3537 cum
1753 3481 2115 3554 perﬁciuntur
2134 3495 2304 3552 spon-

718 3574 879 3641 salia,
937 3574 1218 3645 traditque
1271 3589 1515 3646 sponsus
1576 3585 1632 3630 et
1687 3575 1890 3646 accipit
1957 3575 2190 3645 pignora
2251 3585 2308 3630 et

718 3679 939 3724 mutuas
967 3669 1296 3724 donationes
1325 3677 1455 3723 ante
1487 3667 1902 3724 matrimonium
1939 3667 2054 3723 ﬁeri
2087 3669 2305 3737 solitas,

715 3777 893 3830 eaque
916 3761 1026 3834 agit
1050 3776 1174 3830 qua:
1205 3759 1356 3816 Patri
1385 3761 1745 3822 conveniunt.
1775 3769 1832 3816 et
1878 3763 1945 3816 ad
1986 3765 2167 3834 ipsum
2219 3777 2306 3815 re-

720 3854 995 3918 feruntur,
1033 3853 1205 3909 veluti
1253 3851 1398 3925 quod
1458 3862 1666 3908 rectam
1703 3853 1865 3908 iidem
1910 3853 2222 3917 confessus,
2252 3865 2306 3908 et

715 3946 1083 4002 tecouomiam
1110 3945 1214 4000 sibi
1246 3945 1510 4000 creditam
1539 3959 1601 4001 se
1625 3946 1761 4001 bene
1783 3944 2303 4013 administraturum

717 4037 938 4092 sincere
975 4035 1258 4105 pollicitus
1281 4035 1556 4105 primitias
1586 4034 1926 4090 matrimonii
1961 4033 2220 4103 accipiat,
2253 4041 2307 4087 et

720 4131 777 4184 in
816 4130 964 4184 illius
1002 4130 1411 4199 possessionem
1452 4143 1551 4199 per
1592 4143 1822 4197 parvum
1859 4127 2102 4196 sigillum
2136 4127 2304 4181 veluti

719 4236 819 4290 per
842 4220 1206 4274 arrlmbonem
1263 4219 1534 4274 mittatur.
1605 4217 1761 4273 Tunc
1818 4221 1967 4272 enim
2024 4217 2146 4274 sine
2198 4233 2303 4272 un-

722 4324 929 4386 guento
966 4324 1022 4367 ct
1053 4313 1238 4368 sullitu
1273 4312 1526 4367 osculum
1555 4310 1705 4366 facit.
1744 4309 2008 4367 Osculum
2031 4325 2164 4366 vero
2217 4325 2318 4365 οι·-

719 4407 1031 4462 diuationis
1060 4405 1207 4476 quod
1239 4403 1298 4462 lit
1323 4404 1378 4458 in
1422 4403 1746 4459 sanctuario
1805 4403 2303 4460 eousummativum

2400 2479 2432 2539 ἢ
2483 2475 2739 2545 νυμφίος.
2791 2472 2882 2526 Διὸ
2917 2473 2996 2538 ὡς
3033 2470 3196 2544 μόνον
3228 2469 3298 2524 τά
3350 2468 3661 2538 συμϐόλαια
3699 2467 3845 2530 δοὺς,
3897 2465 3999 2520 καὶ

2400 2572 2512 2626 τῶν
2536 2569 2879 2642 άρρασὼνων
2916 2566 3020 2629 τὰς
3059 2563 3341 2634 ἀπαρχὰς,
3378 2562 3518 2632 μετὰ
3547 2560 3659 2614 τῶν
3693 2557 3864 2627 φίλων
3895 2557 4000 2626 τῆς

2401 2662 2622 2730 νύμφης
2651 2659 2748 2734 καὶ
2772 2656 3025 2728 ἀδελφῶν
3045 2658 3285 2710 ποιεῖται
3311 2653 3381 2708 τά
3397 2652 3498 2722 τῆς
3517 2651 3702 2721 φιλίας
3731 2649 3995 2719 ινιχυρα.

2401 2758 2510 2812 Καὶ
2545 2752 2858 2817 ἀσπάζεται
2887 2751 2963 2814 ὡς
3009 2749 3162 2820 φίλος
3191 2748 3318 2819 ήδη,
3356 2748 3452 2802 καὶ
3497 2743 3738 2814 κάθηται
3768 2743 3870 2814 σὺν
3898 2741 4002 2794 αὑ-

2402 2849 2542 2911 τοῖς,
2585 2845 2681 2900 καὶ
2722 2843 3044 2915 βουλεύεται
3095 2842 3216 2910 μετ’
3264 2837 3595 2895 αὑτῶν.’ού
3642 2834 3998 2903 συγκάθηται

2400 2941 2478 3006 δι,
2511 2938 2636 2993 επεὶ
2671 2937 2796 2992 οὐδὲ
2825 2934 2922 2990 τοῦ
2953 2934 3149 3005 θρόνου
3177 2935 3500 3004 τετύχηκεν,
3534 2929 3656 2984 ούδὶ
3685 2930 3785 2998 τῆς
3821 2926 3998 2995 τιμῆς

2400 3033 2497 3088 τοῦ
2528 3031 2744 3101 Πατρός
2779 3029 2949 3098 αὐτῆς
2987 3028 3082 3083 καὶ
3120 3027 3303 3092 ἀξίας·
3332 3024 3454 3079 οὐδέ
3488 3039 3554 3092 γε
3603 3019 3996 3091 συμπράττει,

2404 3126 2489 3180 ὅτι
2519 3124 2645 3180 οὐδὲ
2692 3122 3026 3194 χειροτονεῖν
3079 3119 3338 3175 δύναται·
3402 3112 3718 3186 συμϐουλὴν
3764 3109 3822 3163 δδ
3872 3110 3996 3180 ἦτοι

2403 3216 2633 3290 γνώμην
2659 3216 2757 3272 καὶ
2782 3215 2952 3288 μόνον
2975 3213 3182 3278 δίδωσι,
3205 3211 3300 3267 καὶ
3329 3209 3441 3262 τῶν
3460 3209 3561 3276 τῆς
3582 3204 3804 3274 νύμφης
3828 3218 4000 3271 φρον-

2403 3314 2544 3374 τίζει
2577 3310 2882 3382 κτημάτων
2917 3306 3121 3382 δηλαδὴ
3149 3303 3248 3362 καὶ
3273 3303 3624 3379 πραγμάτων
3651 3298 3755 3373 τῆς
3787 3298 3998 3376 ἔκκλη-

2505 3423 2550 3468 ς.
2624 3403 2685 3459 ’0
2744 3403 3003 3471 δεύτερος
3049 3401 3107 3455 δι
3163 3399 3477 3469 ἀσπασμὸς,
3532 3399 3625 3452 ὅτε
3695 3395 4000 3452 τελεσθῶσε

2405 3498 2475 3551 τὰ
2509 3495 2789 3565 μνῆστρα,
2828 3494 2926 3547 καὶ
2959 3493 3084 3556 δοὺς
3127 3493 3257 3556 τοὺς
3293 3491 3623 3563 άρῤαόῶνας
3651 3476 3761 3544 ’καὶ
3786 3487 4002 3553 λαϐὼν,

2408 3590 2506 3649 καὶ
2538 3588 2638 3652 τὰς
2670 3587 2779 3655 πρὸ
2818 3583 2914 3638 τοῦ
2945 3585 3126 3654 γάμου
3154 3583 3367 3654 δωρεὰς
3391 3584 3484 3637 καὶ
3515 3583 3586 3638 τὰ
3615 3581 3888 3652 σύμφωνα
3920 3578 4002 3650 τῷ

2407 3681 2604 3750 Πατρὶ,
2658 3675 2773 3732 οἷον
2807 3679 2909 3747 τὴν
2963 3678 3147 3730 πίστιν
3195 3676 3364 3746 ὀρθὴν
3394 3676 3848 3747 άνομολογήσας,
3899 3675 4000 3728 καὶ

2405 3770 2650 3842 γνησίως
2679 3769 2780 3839 τὴν
2809 3767 3272 3839 ἐμπιστευθεῖσαν
3295 3768 3620 3846 οἰκονομεῖν
3644 3767 3997 3838 καθυποσχε-

2407 3865 2542 3928 θεὶς,
2592 3862 2694 3926 τὰς
2737 3862 2994 3933 ἀπαρχάς
3033 3860 3133 3929 τῆς
3183 3860 3540 3931 νυμφεύσεως
3587 3857 3752 3932 λάϐῃ,
3801 3861 3897 3914 καὶ
3931 3862 4003 3930 τῇ

2409 3954 2586 4026 μικρᾷ
2615 3953 2882 4024 σφραγῖδι
2910 3952 3116 4022 ταύτην
3139 3951 3213 4015 ὡς
3245 3953 3303 4005 ἑν
3335 3951 3622 4022 ἀρρασῶνι
3650 3949 3998 4021 ὲγχειρισθῇ.

2407 4049 2520 4104 Καὶ
2553 4048 2675 4102 τότε
2713 4047 2824 4116 γὰρ
2863 4044 2987 4115 δίχα
3033 4043 3211 4113 μύρου
3245 4044 3339 4098 καὶ
3371 4042 3720 4113 θυμιάματος
3762 4044 4001 4097 ποιεῖται

2406 4141 2500 4194 τὸν
2529 4138 2849 4206 ἀσπασμόν.
2895 4135 3114 4189 Γίνεται
3166 4133 3224 4188 δι
3272 4132 3370 4188 καὶ
3406 4135 3434 4186 ό
3467 4134 3570 4204 τῆς
3617 4132 3995 4204 χειροτονίας,

2407 4229 2467 4293 ὃς
2495 4229 2648 4291 ἐντός
2676 4229 2792 4280 ἐστι
2820 4224 2917 4279 καὶ
2938 4223 3247 4286 τελεστικὸς
3268 4223 3365 4278 καὶ
3391 4222 3495 4293 τῆς
3521 4222 3881 4293 νυμφεύσεως
3900 4221 4001 4276 καὶ

2409 4321 2679 4384 ὲνὼσεως·
2712 4319 2798 4372 ὅτι
2829 4315 2968 4387 ἀνὴρ
2997 4315 3093 4368 καὶ
3118 4314 3350 4385 νυμφίος
3379 4317 3480 4383 τῆς
3511 4314 3811 4384 ἐκκλησίας
3831 4314 4002 4368 κατι-

2411 4431 2537 4484 στη.
2588 4412 2735 4465 Ἀλλ’
2767 4413 2796 4463 ὁ
2827 4410 2957 4478 περὶ
2997 4407 3193 4462 τούτου
3237 4407 3295 4460 ὲν
3339 4408 3408 4476 τῇ
3450 4407 3754 4476 χειροτονίᾳ
3797 4405 4000 4479 ιρῤίθη

719 4509 805 4554 est
834 4510 889 4554 et
913 4499 1248 4554 matrimonii
1267 4505 1324 4553 et
1375 4496 1620 4561 unionis,
1653 4495 1785 4566 quia
1839 4495 1922 4548 vir
1967 4503 2022 4550 et
2071 4495 2305 4550 maritus

2411 4505 2592 4572 λόγος.
2646 4501 2760 4554 Νῦν
2807 4499 2864 4552 δὲ
2900 4499 3086 4569 τρίτον
3125 4497 3310 4567 φαμὲν
3338 4499 3430 4551 τὸν
3450 4496 3660 4562 ἔξωθεν
3688 4495 3794 4550 τοῦ
3820 4496 3999 4567 βήμα-

721 4593 982 4649 Εαοιθείιο
1022 4592 1406 4649 constituitur.
1448 4587 1554 4645 Sed
1583 4589 1665 4654 de,
1690 4602 1756 4644 eo
1797 4588 2004 4644 dictum
2035 4598 2143 4654 est,
2182 4604 2306 4643 eum

2411 4613 2525 4658 τος,
2579 4593 2656 4656 ὡς
2710 4593 2807 4645 καὶ
2864 4591 2993 4652 τοὺς
3049 4589 3244 4651 ἄλλους
3297 4588 3647 4658 ἀσπασμοὺς,
3697 4587 3789 4640 τὸν
3825 4589 3882 4640 ὲν
3932 4589 4001 4660 τῇ

724 4689 789 4739 de
811 4684 1165 4740 ordinatione
1199 4683 1364 4737 verba
1398 4681 1727 4737 iaceremus.
1765 4679 1924 4735 Nunc
1972 4689 2158 4735 autem
2200 4689 2308 4735 ter-

724 4777 858 4831 tium
892 4775 1128 4830 dicimus
1156 4774 1288 4828 illud
1309 4760 1457 4844 quod
1485 4775 1544 4828 ru
1565 4784 1722 4829 extra
1765 4770 2170 4838 sanctuarlum,
2195 4773 2308 4828 sic-

724 4879 783 4922 ut
812 4879 870 4924 et
903 4866 1011 4922 alia
1064 4867 1276 4932 oscula,
1309 4865 1441 4920 illud
1485 4880 1681 4936 nempe
1703 4866 1846 4934 quod
1871 4863 1934 4920 ﬁt
1991 4865 2048 4919 in
2079 4865 2309 4935 synodo,

723 4970 924 5031 etpost
964 4959 1396 5024 ordinationem,
1447 4972 1572 5013 cum
1623 4973 1816 5015 recens
1871 4959 2161 5014 ordinatus
2215 4974 2310 5013 ve-

726 5054 885 5107 niens
921 5051 1245 5107 sedentibus
1295 5049 1719 5120 archiepiscopo
1777 5059 1835 5106 et
1894 5051 2169 5120 episcopis
2227 5059 2312 5104 ter

725 5159 849 5200 sese
875 5143 1178 5211 prosternit
1208 5157 1396 5197 coram
1433 5157 1632 5211 magno
1667 5142 1947 5213 pontiﬁce,
1988 5151 2046 5197 ut
2076 5142 2310 5212 sdbjec-

729 5239 933 5292 tionem
996 5253 1152 5291 suam
1194 5238 1560 5297 demonstret,
1595 5248 1647 5290 et
1694 5235 2019 5291 Trinitatem
2056 5236 2308 5290 honoret.

729 5334 931 5385 Postea
965 5341 1222 5398 surgente
1260 5330 1540 5397 paululum
1572 5329 2010 5398 archiepiscopo,
2051 5342 2107 5385 ut
2133 5331 2309 5400 ipsum

729 5429 960 5480 honoret
989 5424 1131 5476 velut
1167 5423 1510 5492 episcopum,
1544 5421 1826 5477 stantibus
1854 5436 1985 5476 vero
2017 5422 2140 5477 aliis
2200 5423 2312 5490 epi-

728 5523 937 5584 scopis,
971 5515 1199 5586 aequalis
1231 5518 1374 5569 enim
1403 5524 1489 5568 est
1517 5515 1620 5578 eis,
1663 5527 1717 5568 et
1770 5514 2017 5584 ejusdem
2067 5515 2314 5581 honoris,

729 5609 945 5665 accedit
995 5619 1050 5664 et
1089 5621 1411 5663 consuetam
1465 5606 1595 5660 facit
1644 5607 2066 5674 salutationem;
2103 5608 2316 5662 archie-

732 5704 939 5774 piscopi
973 5703 1188 5757 scilicet
1222 5717 1389 5771 genu,
1432 5717 1653 5754 manum
1687 5712 1741 5756 et
1769 5717 1962 5772 genam
1996 5702 2311 5767 osculatur;

735 5798 1024 5869 episcopos
1057 5810 1182 5852 vero
1207 5807 1418 5854 stantes
1455 5795 1510 5851 in
1541 5809 1655 5852 ore.
1694 5793 1804 5853 lloc
1842 5798 2062 5868 peracto
2115 5796 2314 5853 iterum

2417 4684 2648 4753 συνόδῳ,
2709 4681 2807 4736 καὶ
2845 4680 2987 4749 μετὰ
3038 4679 3137 4751 τὴν
3191 4678 3561 4751 χειροτονίαν·
3613 4681 3702 4732 ὅτε
3755 4678 3926 4732 ἐλθὼν
3970 4679 4000 4732 ό

2415 4780 2613 4834 νεωστὶ
2642 4775 3072 4848 χειροτονηθεὶς,
3121 4775 3214 4828 τοῦ
3270 4773 3710 4844 ἀρχιεπισκόπου
3759 4774 3854 4825 καὶ
3893 4773 4000 4826 τῶν

2415 4871 2722 4941 ἀρχιερέων
2747 4867 3100 4938 καθημένων,
3146 4867 3452 4937 προσκυνεῖ
3492 4865 3615 4934 τρὶς
3662 4863 3740 4934 τῷ
3777 4863 4002 4936 μεγάλῳ

2416 4965 2691 5035 ἀρχιερεῖ,
2727 4961 2826 5030 τὴν
2869 4959 3151 5028 ὑποταγὴν
3186 4959 3354 5013 αὑτοῦ
3386 4958 3626 5020 δεικνὺς,
3680 4957 3776 5010 καὶ
3822 4959 4001 5026 τιμῶν

2414 5059 2515 5127 τὴν
2554 5055 2783 5126 Τριάδα.
2832 5049 2965 5107 Εἶτα
3017 5051 3362 5124 προσελθὼν,
3413 5052 3866 5120 ὕπανισταμένου
3909 5052 4004 5107 καὶ

2417 5152 2510 5205 τοῦ
2547 5149 2989 5220 ἀρχιεπισκόπου
3019 5148 3238 5220 μικρὸν,
3287 5147 3560 5218 τιμῶντος
3587 5148 3751 5200 αὑτὸν
3794 5145 3868 5210 ὡς
3904 5147 4004 5218 ἁρ-

2422 5243 2634 5313 χιερὲα,
2683 5241 2775 5296 καὶ
2814 5241 2919 5294 τῶν
2951 5240 3127 5295 ἄλλων
3177 5241 3235 5294 δὲ
3287 5241 3600 5311 ἱσταμένων
3657 5239 4000 5311 ἀρχιερέων,

2421 5338 2533 5397 too;
2569 5335 2680 5403 γάρ
2746 5337 2896 5386 ἐστιν
2925 5334 3112 5396 αὐτοῖς
3143 5335 3238 5388 καὶ
3267 5331 3582 5402 όματαγὴς,
3635 5333 3878 5385 ποιεῖται
3911 5333 4002 5389 τὸν

2422 5427 2717 5496 ἀσπασμὸν
2750 5423 3021 5495 συνήθως·
3059 5427 3153 5479 καὶ
3189 5425 3284 5478 τὸν
3322 5423 3424 5495 μὲν
3455 5425 3895 5496 ἁρχιεπίσκοπον
3925 5427 4001 5490 είς

2421 5520 2482 5572 τὸ
2510 5519 2640 5586 γόνυ
2673 5499 2792 5570 καῖ’
2817 5517 2918 5587 τὴν
2951 5517 3110 5586 χεῖρα
3142 5517 3236 5571 καὶ
3265 5518 3365 5588 τὴν
3401 5517 3640 5587 παρειὰν
3672 5515 4000 5587 ἀσπάζεται,

2422 5613 2548 5675 τοὺς
2582 5611 2862 5681 ἀρχιερεῖς
2903 5609 2958 5661 δὲ
3009 5610 3339 5680 ἱσταμένους
3384 5609 3549 5682 168
3587 5611 3666 5672 είς
3713 5611 3776 5662 τὸ
3808 5610 4000 5681 στόμα.

2426 5704 2532 5757 Καὶ
2555 5700 2696 5756 οὕτω
2728 5699 2890 5753 πάλιν
2919 5699 3084 5768 μέσον
3121 5702 3276 5767 στὰς,
3309 5703 3403 5754 καὶ
3431 5701 3523 5755 τὸν
3568 5701 4005 5773 άρχιεπίσκοπον

2423 5793 2837 5869 προσκυνήσας,
2887 5791 3171 5848 κελεύεται
3219 5793 3578 5869 καθεσθῆναι·
3624 5797 3719 5853 καὶ
3769 5794 4004 5869 κάθηται
