4186 6318
287 308 392 375 B7

1361 309 1460 370 DE
1506 308 1782 371 SACRIS
1810 307 2509 379 0RDINATIONIBUS.

3468 311 3575 375 433

281 429 367 491 είς
391 427 484 481 τὸν
504 427 671 482 τόπον
699 428 798 499 τῆς
827 427 1000 496 αὐτῆς
1040 427 1400 497 Ἐκκλησίας,
1430 428 1532 499 ἤδη
1558 429 1654 483 καὶ
1683 427 1873 483 τοῦτον

2005 453 2036 492 n
2068 439 2250 494 medio
2275 447 2410 504 stat,
2435 449 2486 495 et
2525 447 2817 510 postquam
2881 451 3004 494 sese
3051 451 3240 492 coram
3298 432 3579 500 archiepi-

283 519 648 590 παραλαϐών.
686 521 778 574 Διδ
820 519 916 572 καὶ
959 519 988 571 6
1031 520 1330 588 ἀσπασμὸς
1373 520 1606 586 γίνεται,
1641 517 1728 572 ἵνα
1778 519 1874 573 καὶ

284 611 381 666 τὸν
404 612 594 680 θρόνον
620 611 788 667 αὑτοῦ
827 611 969 683 λάϐῃ
1013 613 1111 665 καὶ
1159 611 1536 682 συγκάθεδρος
1568 613 1873 682 ἀναγορευ-

283 704 353 776 θῇ
404 710 502 775 τῆς
555 707 775 761 συνόδου
815 706 909 760 καὶ
963 705 1289 776 συγκριτὴς.
1330 706 1443 760 Καὶ
1488 704 1554 776 δὴ
1605 705 1746 759 κατὰ
1775 705 1877 775 τὴν

283 800 440 868 τάξιν
461 801 555 854 τοῦ
573 799 764 870 θρόνου
784 798 949 854 αὑτοῦ
977 801 1071 853 καὶ
1092 800 1191 870 τὴν
1217 797 1388 870 τιμὴν
1411 798 1546 867 ἔχει’
1575 803 1674 852 καὶ
1698 798 1875 870 κάθη-

283 907 378 946 ται
414 893 506 944 καὶ
531 891 890 962 γνωμοδοτεῐ,
935 892 1031 945 καὶ
1055 891 1124 945 τά
1155 889 1323 944 λοιπά
1349 890 1589 959 ἐνεργεῖ.

851 1182 1103 1236 ΚΕΦΑΔ.
1144 1178 1314 1236 ΣΚΓ.

285 1299 560 1354 Διατίοέν
585 1298 665 1364 τῷ
713 1298 890 1367 τρίτῳ
923 1297 1025 1352 καί
1072 1298 1400 1360 τελευταίῳ
1432 1294 1741 1364 ἀσπασμῷ
1782 1296 1882 1367 θυτ

362 1371 556 1439 plaga
580 1364 1255 1439 pud—podootdntaroc
1305 1368 1746 1439 xpoquépstat'
1785 1364 1882 1417 καί

365 1433 500 1507 ἓεερι
537 1433 644 1517 τῆς
682 1433 1369 1517 διετοιίένηςῦτρὰερωςέ
1425 1433 1558 1517 fit?!
1613 1433 1884 1504 γράμμα-

361 1505 486 1575 τος,
521 1505 902 1578 τὰήπερίτῆς
932 1509 1315 1576 χειροτονίας
1335 1505 1703 1575 δηλοῦντος.

376 1625 532 1678 Ἐπεὶ
560 1624 618 1678 δὲ
662 1620 970 1676 ταῦτα’διὰ
1017 1623 1120 1692 τῆς
1151 1621 1375 1692 χάριτος
1405 1619 1591 1682 ἔλαϐε,
1634 1619 1731 1672 καὶ
1776 1617 1886 1671 τῶν

285 1717 544 1787 εὐόσμων
576 1714 950 1786 προσφέρεται
1001 1731 1078 1782 τι,
1114 1707 1226 1767 οἷον
1263 1712 1633 1784 ροδὸσταγμα,
1663 1712 1759 1764 καὶ
1789 1710 1885 1762 θυ-

293 1811 485 1881 μίαμα
509 1810 598 1863 διὰ
618 1809 710 1862 τοῦ
739 1810 832 1861 ἐπὶ
859 1808 962 1878 τῆς
999 1807 1279 1874 εὐταξίας,
1310 1807 1368 1869 ὃς
1399 1805 1496 1858 καὶ
1527 1803 1882 1873 προηγεῖται,
1919 1797 1962 1854 Β

291 1905 393 1956 καὶ
426 1903 518 1954 τὸν
555 1901 1011 1973 χειροτονηθέντα
1042 1902 1098 1952 ὲν
1127 1899 1339 1961 τούτοις
1372 1898 1508 1950 πᾶσι
1541 1894 1883 1966 προπέμπει.

291 1994 482 2058 Οὕτως
521 1993 638 2056 ¹οὖν
686 1999 714 2048 6
782 1993 1192 2064 χειροτονηθεὶς
1249 1992 1547 2061 ἀρχιερεὺς
1610 1987 1888 2048 καταστὰς

291 2089 475 2144 πάντα
501 2089 570 2142 τὰ
603 2089 973 2157 νενομισμένα
998 2087 1307 2140 τετέλεκεν.
1341 2085 1436 2146 Ὃς
1463 2082 1560 2135 καὶ
1591 2081 1889 2150 ἐγγράφως

290 2181 564 2251 λαμϐάνει
615 2180 687 2233 τά
721 2180 853 2251 περὶ
903 2177 1072 2233 αὑτοῦ
1120 2178 1495 2247 ὑπομνήματα
1536 2177 1618 2240 εἰς
1648 2175 1888 2245 δήλωσιν

290 2272 623 2342 ἀσφαλείας,
658 2273 899 2344 γράμμα
925 2269 1107 2325 λαὸὼν
1132 2271 1310 2324 πάντα
1339 2271 1594 2338 περιέχον
1624 2271 1724 2334 τὴν
1753 2269 1888 2322 ἁνα-

290 2366 488 2436 γωγὴν
524 2366 714 2429 αὐτοῦ,
742 2367 841 2433 τὴν
873 2367 916 2418 is
929 2363 1201 2434 ρωσύνην,
1224 2363 1315 2416 τὸν
1341 2361 1478 2432 βίον,
1512 2361 1611 2423 τὰς
1637 2361 1877 2430 ψήφους,

293 2457 395 2510 καὶ
422 2456 528 2510 ὑπὸ
559 2456 727 2509 τίνων
751 2455 1079 2526 ἐψήφισται,
1109 2453 1203 2506 καὶ
1235 2455 1383 2514 ὅπως
1417 2452 1516 2520 τὴν
1546 2451 1888 2520 ἀρχιερωσύ-

293 2563 395 2615 νην
428 2545 733 2609 κανονικῶς
763 2546 979 2600 ἔλασεν.
1038 2546 1103 2598 '0
1151 2543 1216 2613 δὴ
1266 2543 1363 2595 καὶ
1396 2543 1423 2594 6
1456 2541 1890 2611 ἀρχιεπίσκοπος

293 2637 640 2706 ὑπογράφει,
672 2637 769 2690 καὶ
803 2635 1000 2706 βούλλῃ
1048 2635 1226 2698 οἰκείᾳ
1284 2631 1606 2703 σφραγίζει,
1643 2631 1719 2694 ὡς
1754 2631 1819 2683 ἂν
1853 2633 1886 2700 ἡ

292 2728 378 2794 εἰς
398 2728 498 2801 τὴν
527 2729 844 2800 ιπισκοπὴν
864 2729 1202 2791 κατάστασις
1227 2726 1586 2797 ἐμμάρτυρος
1613 2723 1805 2776 τούτου

857 3017 1106 3081 ΚΕΦΑΛ.
1148 3015 1321 3070 ΣΚΔ’.

297 3112 437 3181 Περὶ
475 3113 910 3178 καταστάσεως
936 3111 1033 3164 καί
1064 3111 1461 3179 χειροτονίας,
1491 3109 1884 3178 πατριάρχου.
1914 3135 1959 3196 C

383 3205 540 3259 Ἐπεὶ
587 3204 645 3258 δὲ
697 3204 796 3258 καὶ
840 3206 868 3257 6
920 3205 1270 3273 πατριάρχης
1306 3203 1631 3264 ἐπίσκοπος,
1680 3201 1886 3270 ῐὸωμεν

300 3298 400 3354 καὶ
423 3297 496 3352 τά
521 3297 644 3352 κατ’
673 3296 838 3350 αὑτὸν
870 3297 929 3348 ὲν
962 3297 1029 3364 τῇ
1067 3293 1379 3365 χειροτονίᾳ
1414 3291 1509 3346 τοῦ
1556 3291 1884 3347 ἐπισκόπου.

300 3391 656 3461 Πατριάρχου
710 3389 847 3459 πρὸς
901 3384 1036 3440 Θεὸν
1089 3387 1500 3456 μεταστάντος,
1552 3385 1730 3447 οὐδεὶς
1780 3385 1889 3436 τῶν

303 3484 611 3556 ἀρχιερέων
639 3485 706 3554 τῇ
740 3481 968 3553 Μεγάλῃ
999 3481 1138 3555 ᾷλως
1200 3479 1474 3550 ἐκκλησίᾳ
1523 3479 1886 3550 παραϐάλλει,

305 3577 400 3632 ἵνα
433 3576 507 3646 μὴ
545 3575 621 3639 ὡς
654 3573 922 3645 ἐπιϐάτης
969 3574 1219 3644 λογισθῇ.
1253 3571 1361 3626 Τοῦ
1409 3572 1680 3642 βασιλέως
1711 3571 1780 3625 δὲ
1814 3570 1891 3632 ὡς

305 3672 531 3726 ἐπιδίκου
563 3670 663 3738 τῆς
702 3667 1040 3738 Ἐκκλησίας
1081 3667 1403 3737 προτροπὴν
1435 3665 1644 3718 ἄνωθεν
1675 3664 1889 3734 ἔχοντος

307 3765 418 3817 τῶν
444 3761 605 3816 θείων
645 3761 933 3829 Πατέρων,
991 3758 1211 3811 σύνοδον
1262 3756 1415 3827 ἱερὰν
1478 3756 1669 3809 τούτου
1728 3755 1892 3824 χάριν

311 3855 565 3922 συνάγειν
613 3852 960 3922 ἀρχιερέων,
1019 3849 1182 3912 αὐτὸς
1237 3849 1303 3919 δὴ
1358 3849 1387 3900 6
1433 3847 1688 3918 βασιλεὺς
1764 3844 1891 3908 τοὺς

310 3945 730 4017 πλησιοχώρους
765 3942 1159 4014 προσκαλεῖται
1191 3942 1280 3995 διὰ
1312 3940 1759 4012 προσταγμάτων
1790 3939 1891 4007 άρ-

311 4038 541 4109 χιερείςἶ
570 4033 677 4086 Καὶ
711 4029 1092 4100 συναχθέντων
1128 4030 1330 4095 αὐτῶν,
1365 4029 1567 4092 πάντες
1595 4029 1728 4082 οἵτε
1758 4031 1894 4097 πρό-

311 4143 474 4197 τερον
500 4125 654 4188 ὄντες
679 4124 740 4175 ὲν
769 4126 834 4194 τῇ
863 4121 1074 4194 μεγάλῃ
1108 4122 1285 4186 πόλει,
1309 4121 1362 4175 οἰ
1381 4139 1442 4174 τε
1474 4121 1896 4191 συναθροισθέν-

313 4231 406 4280 τες
462 4213 658 4278 ἑξωθεν
712 4212 828 4265 ὅποι
876 4211 1102 4263 δυνατὸν
1155 4211 1354 4273 ἐλθεῖν,
1411 4211 1537 4262 ἐπεὶ
1586 4210 1680 4262 καὶ
1736 4210 1895 4279 εῐπερ

316 4310 520 4368 πάντες
549 4299 690 4376 ἦσαν
724 4306 1026 4367 κανονικοὶ,
1062 4302 1157 4356 τοῦ
1206 4302 1472 4372 βασιλέως
1509 4303 1896 4372 προστάγματι

318 4397 456 4469 ι.μοῦ
487 4399 814 4463 συνάγονται
866 4396 925 4446 ὲν
975 4393 1105 4463 ἱερῷ
1149 4393 1300 4464 τόπῳ
1344 4395 1448 4447 ἑνί.
1500 4395 1609 4446 Καὶ
1651 4394 1809 4447 τοῦτο
1839 4396 1896 4447 δὲ

1980 547 2149 603 scopo
2185 533 2493 598 inclinavit,
2521 531 2772 588 assidere
2799 530 3052 602 jubetur.
3089 529 3257 586 Sedet
3305 537 3484 584 autem
3520 527 3572 579 in

1981 626 2104 681 loco
2129 626 2376 682 ecclesiae
2421 642 2536 683 sua:
2570 625 2759 682 debito
2786 669 2802 694 ,
2829 626 2944 697 jam
2968 624 3119 680 illius
3148 630 3410 694 capturus
3444 635 3574 690 pos-

1981 718 2323 787 sessionem;
2355 719 2480 774 ldeo
2503 720 2650 776 enim
2688 722 2748 774 lit
2771 719 2862 774 illa
2897 718 3183 779 salutatio,
3219 727 3277 770 ut
3309 715 3569 770 tltrtmu'n

1981 825 2146 865 suum
2172 811 2436 881 accipiat,
2473 819 2528 866 et
2558 812 2755 882 synodi
2791 811 3173 881 promulgatur
3213 823 3483 864 asscssor,
3519 814 3573 856 (τι

1981 918 2106 959 cum
2139 903 2264 959 aliis
2309 902 2499 972 judex.
2534 901 2671 957 Nam
2731 903 3034 959 secundum
3085 901 3332 958 ordinem
3389 901 3574 953 throni

1983 995 2070 1051 sui
2105 1005 2156 1052 ct
2185 997 2513 1060 honoratur,
2544 1006 2599 1052 et
2630 996 2805 1062 sedet,
2849 1006 2905 1053 et
2955 995 3285 1052 sententiam
3339 994 3490 1056 dicit,
3527 1000 3579 1044 et

1982 1099 2181 1144 caetera
2210 1105 2497 1159 operatur.

2515 1203 2749 1261 CAPUT
2780 1204 3061 1262 CCXXIII.

1993 1318 2178 1386 Quare
2214 1320 2284 1373 ad
2311 1321 2528 1376 tertium
2566 1331 2617 1376 et
2655 1322 2906 1376 ultimum
2936 1321 3175 1376 osculum
3226 1323 3429 1390 sumtus
3463 1335 3578 1372 cum

2062 1406 2209 1460 aqua
2247 1407 2466 1445 rosacea
2506 1393 2754 1458 offertur,
2784 1405 2832 1446 et
2873 1391 2939 1445 de
2989 1395 3198 1447 actione
3246 1395 3355 1445 sive
3386 1395 3582 1456 scripto

2069 1477 2172 1530 quo
2207 1462 2406 1533 singuli
2449 1463 2803 1517 ordinationis
2837 1465 2970 1517 ritus
2996 1475 3356 1532 exponuntur.

2062 1633 2198 1690 Cum
2236 1645 2418 1692 autem
2467 1654 2565 1708 per
2596 1641 2833 1710 gratiam
2895 1640 3012 1696 lucc
3079 1643 3377 1710 acceperit,
3424 1644 3587 1697 (ητα-ιι

1994 1729 2201 1800 aliquid
2262 1731 2617 1796 suaveolens,
2674 1732 2844 1787 veluti
2893 1750 3118 1791 roseum
3176 1736 3471 1805 liquorem,
3531 1745 3586 1791 et

1989 1834 2110 1890 qua:
2141 1819 2384 1877 sumtum
2417 1832 2543 1892 apta
2571 1833 2700 1879 sunt
2736 1825 2937 1892 facere,
2969 1843 3064 1894 per
3091 1841 3218 1881 eum
3277 1829 3373 1897 qui
3414 1844 3586 1883 etcre-

1992 1913 2197 1969 moniis
2229 1920 2428 1973 ordine
2458 1918 2689 1988 agendis
2722 1921 3054 1991 przepOsitus
3082 1927 3186 1986 est,
3220 1923 3314 1991 qui
3372 1922 3426 1976 in
3485 1924 3587 1976 hu-

1988 2005 2233 2074 jusmodi
2265 2017 2320 2064 et
2347 2011 2525 2080 praeit,
2574 2020 2630 2066 et
2654 2012 2969 2068 ordinatum
2988 2015 3232 2069 deducit.
3256 2014 3392 2069 Cum
3424 2015 3588 2083 igitur

1991 2098 2072 2153 sic
2102 2098 2391 2170 episcopus
2433 2103 2736 2159 institutus
2776 2105 2964 2158 omnia
3021 2122 3142 2172 qtne
3200 2107 3411 2173 legibus
3466 2119 3586 2161 sta-

1993 2199 2110 2251 tuta
2141 2202 2275 2263 sunt
2307 2192 2624 2262 perfecerit.
2655 2196 2867 2267 scripto
2897 2199 3064 2254 etiam
3103 2199 3298 2270 accipit
3326 2199 3589 2255 testifica-

1992 2283 2196 2337 tionem
2229 2285 2544 2341 securitatis
2567 2303 2732 2343 causa
2760 2305 2954 2345 eorum
2996 2307 3117 2361 quae
3154 2297 3220 2348 de
3269 2294 3392 2362 ipso
3438 2295 3586 2348 dicta

1991 2371 2205 2428 factove
2253 2386 2424 2444 sunt;
2480 2377 2722 2448 diploma
2781 2396 2975 2453 nempe
3029 2387 3211 2438 omnia
3267 2386 3584 2450 continens,

1993 2466 2395 2522 institutionem
2434 2472 2633 2540 ipsius,
2670 2489 2878 2538 mores,
2934 2478 3332 2543 sacerdotium,
3391 2481 3588 2533 sull'rn-

1991 2559 2099 2627 gia.
2134 2568 2185 2612 et
2219 2575 2248 2614 a
2277 2561 2480 2630 quibus
2513 2564 2771 2636 suffragia
2832 2571 3065 2639 accepit,
3119 2585 3298 2640 quave
3372 2573 3585 2628 ratione

1993 2646 2375 2716 episcopatum
2413 2654 2681 2709 canonice
2730 2658 2994 2726 suscepit.
3035 2657 3150 2746 Hoc
3206 2661 3580 2715 testimonium

1993 2739 2448 2812 archiepiscopus
2487 2745 2787 2801 subscribit
2816 2759 2870 2803 et
2896 2750 3041 2804 bulla
3063 2739 3283 2822 propria
3310 2753 3585 2823 obsignat,

1995 2839 2053 2881 ιιι
2081 2830 2150 2882 sit
2182 2830 2259 2884 illi
2297 2835 2664 2901 promotionis
2697 2848 2752 2892 ct
2784 2839 3156 2897 institutionis
3200 2843 3266 2897 ad
3300 2843 3587 2914 episcopa-

1994 2929 2106 2975 tum
2133 2924 2466 2980 testiﬁcatio.

2515 3017 2745 3092 CAPUT
2785 3019 3068 3080 ccxxw.

2105 3105 2181 3160 De
2229 3111 2612 3166 constitutidne
2661 3123 2712 3166 et
2760 3115 3098 3170 ordinatione
3127 3118 3472 3185 patriarcha’.

2065 3197 2202 3252 Cum
2240 3209 2427 3256 autem
2461 3204 2759 3273 episcopus
2814 3206 2873 3260 ﬁt
2908 3208 3256 3276 patriarcha,
3301 3213 3586 3269 videamus

1991 3290 2121 3359 quid
2160 3291 2215 3345 in
2241 3292 2364 3361 ejus
2399 3297 2823 3352 consecratione
2878 3299 3165 3356 observari
3227 3305 3423 3359 soleat.
3482 3305 3587 3359 Pa—

1992 3384 2232 3437 triarcha
2261 3400 2329 3438 ex
2372 3387 2473 3440 bac
2507 3387 2615 3440 vita
2647 3389 2713 3440 ad
2758 3390 2926 3444 Deum
2957 3392 3206 3463 profecto
3247 3397 3433 3452 nullus
3468 3412 3588 3451 om-

1993 3475 2127 3528 nino
2156 3476 2542 3546 episcoporum
2569 3480 2638 3534 ad
2683 3481 2930 3551 Magnam
2999 3485 3289 3541 ecclesiam
3338 3487 3584 3555 accedit,

1995 3580 2062 3619 ne
2086 3568 2269 3622 sedem
2310 3568 2453 3624 hanc
2486 3571 2748 3628 invadere
2773 3575 2913 3631 velle
2939 3578 3194 3633 videatur
3221 3599 3236 3636 :
3261 3581 3358 3636 sed
3414 3583 3587 3651 impe-

1994 3663 2224 3711 ratorea
2251 3657 2318 3714 de
2373 3675 2540 3715 causa
2582 3677 2797 3718 sacram
2865 3668 3249 3738 episcoporum
3307 3673 3582 3741 synodum

1993 3757 2284 3816 convocat,
2316 3765 2380 3806 ea
2434 3763 2600 3810 utens
2668 3759 3000 3815 auctoritate
3050 3762 3156 3817 sibi
3194 3765 3498 3834 antiquitus
3555 3783 3586 3822 a

1994 3841 2198 3897 divinis
2242 3842 2499 3901 Patribus
2557 3860 2613 3902 ut
2647 3849 2909 3907 Ecclesiae
2953 3853 3236 3912 defensori
3300 3873 3587 3916 concessa.

1993 3931 2238 3988 Advocat
2268 3934 2434 4006 igitur
2455 3937 2510 3992 in
2539 3939 2754 4006 urbem,
2793 3943 2960 4013 regiis
2989 3945 3106 4001 suis
3126 3945 3346 4013 litteris,
3375 3949 3589 4007 vicinos

1995 4024 2283 4094 episcopos
2331 4039 2598 4097 quantum
2651 4033 2768 4087 fieri
2831 4043 3057 4103 potest;
3116 4054 3240 4092 nam
3295 4040 3342 4096 si
3397 4057 3590 4103 omnes

1997 4116 2274 4184 adessent,
2295 4135 2386 4175 res
2408 4133 2558 4177 esset
2589 4124 2748 4193 plane
2774 4129 3063 4183 canonica.
3083 4128 3163 4184 Illi
3199 4108 3364 4203 igitur
3392 4150 3591 4194 secun-

1999 4211 2126 4264 dum
2163 4212 2348 4282 regias
2374 4213 2588 4271 litteras
2626 4216 2792 4272 simul
2824 4234 2950 4273 cum
2994 4221 3063 4276 iis
3095 4222 3190 4291 qui
3223 4225 3275 4275 iu
3308 4227 3440 4279 urbe
3473 4236 3589 4280 tum

1998 4310 2293 4356 versantur
2314 4303 2368 4358 in
2405 4303 2525 4360 loco
2557 4321 2717 4362 sacro
2769 4321 3200 4381 congregantur.
3235 4313 3311 4368 Ex
3363 4317 3591 4386 antiqua

2003 4403 2185 4449 autem
2239 4400 2644 4457 consuetudine
2697 4403 2800 4457 soli
2866 4419 2974 4458 non
3022 4419 3468 4477 congregantur,
3525 4426 3594 4464 ne

319 4493 548 4560 ἀρχαῖον
596 4486 719 4550 εθος
771 4488 831 4540 τὸ
882 4487 958 4556 μὴ
1021 4486 1218 4555 μόνους
1268 4485 1623 4555 συνάγεσθαι,
1676 4487 1763 4539 ἵνα
1822 4488 1896 4558 μὴ

2002 4488 2300 4543 schismata
2332 4490 2477 4546 inter
2513 4507 2607 4548 eos
2637 4506 2692 4548 et
2741 4496 3014 4553 tumultus
3049 4499 3393 4569 contingant.
3445 4504 3590 4557 Con-

320 4582 600 4653 σχίσματά
623 4597 746 4635 τινα
775 4580 1018 4649 συμϐαίη
1043 4579 1296 4646 γενέσθαι
1319 4580 1416 4633 καὶ
1437 4581 1707 4650 ταραχάς.
1731 4581 1900 4633 Συνά-

321 4693 512 4746 γονται
541 4675 598 4727 δὲ
627 4674 729 4727 οὐκ
759 4675 817 4725 ἐν
843 4671 922 4740 τῷ
956 4673 1180 4742 μεγάλῳ
1216 4671 1440 4741 ναῷ-τοῦ
1473 4674 1898 4744 πατριαρχείου,

322 4770 407 4824 ὅτι
444 4767 791 4835 πατριάρχης
833 4765 933 4816 οὐκ
979 4763 1116 4826 ἔστι,
1158 4769 1253 4816 καὶ
1305 4763 1478 4817 οὖτινι
1514 4765 1667 4818 ἄδεια
1721 4768 1901 4819 ὲκεῖσε

325 4859 684 4931 παραδαλείν,
705 4857 822 4912 ἀλλ’
850 4859 907 4909 ὲν
943 4857 1022 4924 τῷ
1052 4856 1160 4909 τῶν
1193 4857 1362 4924 ἁγίων
1401 4859 1742 4912 Ἀποστόλων
1773 4859 1905 4929 θείῳ

329 4952 507 5025 σηκῷ,
542 4951 630 5004 διὰ
659 4951 759 5019 τὴν
788 4951 948 5019 χάριν
982 4949 1092 5000 τῶν
1140 4948 1475 5013 ἀποστόλων,
1514 4952 1607 5004 καὶ
1649 4954 1731 5004 δτι
1773 4953 1905 5005 ἀπο.

328 5045 572 5098 στολικὸν
599 5048 660 5094 τὸ
685 5043 1087 5110 λειτούργημα,
1143 5045 1236 5094 καὶ
1283 5041 1470 5112 κύκλῳ
1502 5042 1559 5095 ὁὶ
1601 5045 1659 5098 al
1692 5045 1906 5108 εἰκόνες

328 5135 438 5189 τῶν
464 5133 796 5196 ἀποστόλων,
821 5133 895 5194 ὡς
926 5135 1022 5184 καὶ
1054 5135 1111 5185 ἑν
1140 5132 1217 5202 τῷ
1244 5131 1566 5204 ψηφιφορίῳ
1591 5135 1640 5186 οἱ
1674 5136 1908 5187 ἀπίστο-

327 5233 414 5282 λοι
446 5229 834 5296 ἀνιστόρηνται
861 5225 1071 5278 ἄνωθεν
1113 5226 1174 5276 τὸ
1203 5225 1427 5295 Πνεῦμα
1459 5227 1762 5296 δεχόμενοι.
1796 5231 1908 5299 Τῆς

335 5320 500 5390 εὐχῆς
533 5316 647 5383 οὖν’
683 5320 776 5371 καὶ
796 5319 903 5370 τῶν
935 5317 1101 5385 τριῶν
1131 5319 1326 5384 φώτων
1370 5320 1464 5387 καὶ
1496 5321 1590 5375 τοῦ
1628 5321 1911 5394 θυμιάμα.

333 5430 447 5481 τος,
473 5415 568 5465 καὶ
594 5412 689 5463 τοῦ
719 5427 824 5479 μνη
836 5406 1095 5478 μοσύνου,
1139 5409 1233 5460 καὶ
1262 5410 1360 5480 τῆς
1396 5410 1714 5476 ἀπολύσεως
1758 5416 1910 5484 παρὰ

336 5506 431 5562 τοῦ
465 5504 685 5577 πρώτου
714 5501 1016 5570 ἀρχιερέως
1042 5500 1405 5554 τελεσθέντων
1429 5545 1444 5568 ,
1482 5506 1911 5573 συμψαλλόντων

339 5599 436 5656 καὶ
492 5594 905 5667 συνευχομένων
967 5595 1060 5645 καὶ
1122 5593 1230 5645 τῶν
1283 5593 1509 5660 λοιπῶν,
1570 5600 1710 5652 κατὰ
1759 5603 1914 5668 τάξιν

339 5695 630 5765 κάθηνται,
665 5689 825 5764 μόνον
850 5688 944 5744 τοῦ
977 5687 1394 5761 χαρτοφύλακος
1435 5691 1617 5756 αὐτοῖς
1645 5710 1912 5762 συμπαρ-

341 5787 514 5860 όντος,
546 5784 640 5842 καὶ
681 5781 757 5848 ὡς
805 5779 926 5846 ἔθος
967 5782 1024 5835 αἱ
1074 5780 1244 5850 ψῆφοι
1291 5782 1350 5836 ὲν
1381 5785 1530 5854 τρισὶ
1576 5784 1916 5854 προσώποις,

2004 4592 2304 4652 gregantur
2336 4579 2522 4640 autem
2579 4601 2691 4642 non
2733 4588 2787 4642 in
2831 4604 3030 4659 magno
3081 4593 3397 4660 patriarchii
3462 4604 3595 4648 tem-

2006 4673 2116 4742 plo,
2140 4687 2207 4728 eo
2244 4674 2388 4742 quod
2423 4689 2529 4729 non
2558 4688 2641 4731 est
2696 4679 3035 4747 patriarcha,
3098 4684 3418 4753 nominique
3468 4685 3595 4741 licet

2006 4765 2138 4820 illud
2173 4766 2455 4832 accedere,
2478 4769 2573 4822 sed
2612 4768 2668 4823 in
2708 4771 2891 4824 divina
2931 4771 3257 4828 Sanctorum
3305 4778 3594 4846 Apostolo-

2007 4874 2130 4914 rum
2181 4860 2437 4929 ecclesia,
2497 4872 2610 4916 tum
2657 4872 2882 4934 propter
2931 4868 3164 4936 gratiam
3213 4872 3591 4937 apostolicam,

2010 4962 2125 5006 tum
2163 4963 2388 5023 propter
2451 4955 2825 5010 ministerium
2864 4959 3244 5027 apostolicum.
3295 4961 3454 5016 Circa
3499 4980 3595 5019 eos

2008 5062 2262 5116 appensm
2297 5055 2427 5102 sunt
2459 5049 2844 5118 apostolorum
2877 5050 3167 5120 imagines,
3196 5053 3343 5108 velut
3389 5055 3443 5107 in
3478 5055 3596 5109 loco

2012 5139 2397 5208 sullrag'torum
2424 5139 2780 5195 ferendarum
2819 5141 3049 5196 historia
3078 5145 3454 5212 apostolorum
3483 5160 3597 5200 cm-

2014 5234 2144 5285 litus
2168 5229 2435 5298 Spiritum
2473 5233 2857 5303 recipientium
2895 5234 3117 5304 depingi
3173 5245 3438 5291 consueta
3486 5248 3591 5294 est.

2012 5323 2271 5377 Oratione
2303 5323 2466 5392 igitur
2493 5332 2547 5406 et
2578 5325 2756 5379 tribus
2792 5327 3114 5392 luminibus,
3145 5337 3201 5382 et
3233 5329 3412 5384 thuris
3445 5331 3595 5385 Suill-

2016 5424 2098 5478 tu,
2131 5423 2184 5467 et
2213 5417 2571 5481 monimento,
2605 5424 2659 5468 et
2705 5416 3054 5471 absolutione
3108 5423 3177 5472 ab
3213 5419 3594 5488 episeoporum

2017 5507 2192 5575 primo
2254 5505 2513 5574 perfectis
2549 5545 2563 5571 ,
2623 5507 2837 5563 czetcris
2899 5509 3064 5563 simul
3123 5513 3486 5579 psallentibns
3542 5525 3599 5568 et

2018 5597 2497 5666 comprecantibus
2529 5598 2720 5651 ordine
2751 5600 2961 5665 sedent,
3000 5604 3118 5657 solo
3170 5606 3598 5674 chartophylace

2021 5689 2155 5758 ipsis
2216 5689 2560 5743 considente.
2654 5687 2922 5758 Sutl‘ragia
3018 5702 3201 5747 autem
3295 5698 3598 5749 secumluut

2026 5780 2482 5837 consuetudinem
2519 5818 2536 5844 ,
2605 5793 2663 5836 ut
2722 5781 2983 5846 diximus,
3043 5785 3096 5839 in
3154 5794 3264 5841 tres
3340 5801 3600 5853 personas
