4186 6318
466 390 570 456 ιη

1217 381 1609 448 ΒΥΜΕΟΝΙΞ
1629 380 2402 448 THESSALONICENSIS
2440 379 2813 452 ARCHIEP.

3619 378 3724 441 452

465 507 634 565 Facta
661 505 828 579 igitur
851 504 1201 564 confessione
1237 504 1460 576 propria
1492 518 1656 560 manu
1709 502 1916 573 scripta
1986 511 2042 560 et

2146 503 2370 574 σθείσης
2401 503 2543 573 μετά
2573 500 2674 569 τῆς
2697 495 3057 569 οῖκειοχείρου
3107 497 3428 568 ιπιγραφῆς
3455 497 3552 552 καὶ
3584 496 3723 552 ὕπο·

467 599 777 671 snbscripta
811 639 827 664 ,
879 597 1120 669 episcopi
1156 603 1240 668 {ut
1297 602 1572 652 testentur
1633 595 2035 666 subiectionem

464 709 647 755 suam.
699 706 824 748 eum
884 691 1137 753 adorant,
1215 690 1476 758 quoniam
1529 687 1737 758 Magnae
1792 689 2038 744 ecclesia:

462 798 708 856 sponsus
748 782 928 838 factus
966 792 1050 836 est
1080 799 1096 849 ;
1129 789 1292 850 atque
1326 781 1393 836 ab
1420 795 1485 836 eo
1523 779 1797 836 benedicti
1830 780 1884 835 in
1918 780 2036 836 loca

462 882 727 930 consueta
759 881 915 927 extra
949 871 1190 933 tribunal
1216 874 1505 938 secedunt,
1531 880 1582 927 et
1603 881 1786 927 vestes
1827 872 2042 942 episco-

461 967 614 1037 pales
643 965 888 1020 induunt
911 980 1124 1021 omnes.
1158 963 1470 1038 Presbyteri
1517 979 1737 1035 quoque
1781 963 2039 1019 benedic-

461 1059 668 1117 tionem
698 1059 767 1113 ab
795 1073 860 1113 eo
890 1057 1186 1128 accipiunt.
1213 1057 1349 1112 Cum
1382 1063 1580 1111 autem
1639 1055 1730 1126 qui
1763 1055 2036 1110 secundas

459 1151 605 1207 inter
630 1151 994 1221 presbyteros.
1013 1150 1146 1219 agit,
1169 1149 1500 1204 oblationem
1544 1147 1612 1203 de
1641 1161 1794 1202 more
1822 1145 2034 1208 fecerit,

458 1244 632 1301 missa
673 1243 987 1298 inchoatur.
1017 1241 1205 1296 Primo
1251 1239 1482 1294 introitu
1538 1237 1687 1294 i’acto
1732 1236 1950 1293 diaconi
1981 1244 2038 1291 et

459 1335 764 1404 presbyteri
794 1349 888 1404 per
919 1332 1182 1402 templum
1240 1331 1639 1402 egrediuntur,
1668 1336 1726 1385 et
1780 1329 2035 1382 oratione

458 1423 714 1480 introitus
739 1426 1028 1494 completa,
1051 1421 1164 1478 hini
1194 1422 1265 1477 de
1287 1437 1443 1478 more
1462 1421 1520 1477 in
1551 1417 1927 1478 sanctuarium
1951 1421 2036 1475 in-

457 1515 799 1586 grediuntur.

947 1689 1177 1748 CAPUT
1225 1689 1536 1747 CCXXXV.

457 1804 614 1872 Quod
673 1802 904 1871 episcopi
943 1803 1156 1871 quando
1191 1803 1507 1871 patriarcha
1556 1800 1886 1856 ordidandus
1931 1815 2031 1865 est,

532 1875 785 1934 templum
843 1889 946 1925 non
993 1889 1084 1940 per
1125 1872 1354 1925 mediam
1401 1882 1633 1941 portam,
1662 1874 1750 1927 sed
1785 1890 1823 1924 α
1873 1873 2036 1926 (utere

519 1945 769 2012 .(dextro)
809 1943 1210 2012 ingrediuntur.

527 2054 781 2124 Episcopi
805 2069 933 2108 vero
960 2069 989 2108 a
1008 2053 1454 2126 chartophylace.
1479 2063 1536 2110 et
1559 2056 1736 2126 iisfqui
1757 2070 1881 2110 eum
1919 2059 2038 2125 ipso

455 2156 605 2211 sunt,
633 2145 995 2207 advocamur,
1033 2144 1208 2214 iiSque
1235 2143 1626 2214 praeeuntibus
1651 2161 1678 2200 a
1712 2145 1954 2202 dexteris
1985 2157 2040 2201 et

454 2236 714 2302 sinistris,
752 2216 1131 2290 sanctuariu'm
1165 2236 1572 2304 ingrediuntur,
1622 2238 1848 2307 binique
1907 2240 2037 2292 ado-

457 2335 641 2380 rantes
677 2325 933 2390 electum,
962 2334 1108 2380 stant
1132 2325 1434 2379 secundum
1451 2328 2035 2383 ordinem.Cereorum

455 2417 848 2473 distributione
880 2416 1046 2480 facta,
1069 2428 1123 2468 et
1157 2417 1528 2475 luminaribus
1559 2421 1809 2488 pluribus
1841 2437 2035 2477 accen-

455 2507 537 2564 sis
567 2507 618 2560 in
638 2507 1164 2563 demonstrationem
1217 2508 1416 2563 divina:
1465 2509 1891 2566 illuminationis
1919 2553 1934 2577 ,
1977 2523 2036 2566 ut

455 2599 658 2668 sepius
711 2598 975 2662 diximus,
1033 2607 1087 2652 et
1121 2599 1388 2654 adventus
1441 2597 1682 2668 Spiritus
1709 2609 1764 2656 et
1797 2603 2035 2657 illustra-

455 2689 622 2744 tionis
663 2729 678 2753 ,
754 2688 1254 2756 maximasquoque
1302 2698 1522 2758 propter
1571 2693 1673 2745 huc
1737 2692 2034 2749 alacritatis

454 2783 508 2834 et
542 2779 724 2851 gaudii
753 2782 806 2834 in
838 2779 978 2834 casio
1007 2791 1059 2835 et
1095 2781 1148 2833 in
1183 2789 1349 2844 terra,
1385 2782 1590 2837 electus
1627 2800 1654 2836 a
1678 2784 1893 2840 duobus
1928 2785 2036 2854 pri-

457 2874 562 2927 mis
595 2873 866 2942 episcopis
893 2874 1020 2928 hinc
1049 2874 1173 2928 inde
1202 2876 1526 2940 assumitur,
1553 2875 1731 2929 ca>teri
1785 2892 1914 2931 vero
1948 2893 2035 2933 se-

457 2970 724 3032 quuntur,
753 2962 846 3017 sed
881 2962 1061 3018 clerici
1116 2979 1309 3018 omnes
1361 2963 1730 3031 antecedunt,
1794 2965 2034 3037 dumque

460 3049 730 3119 praaclare
761 3049 1126 3118 etmagnillce
1156 3055 1479 3105 decantatur
1504 3050 1760 3121 hymnus,
1797 3071 1814 3104 ι
1843 3053 2031 3109 Sani-ti

2141 597 2388 670 γραφῆς,
2420 595 2471 649 oi
2507 593 2789 665 ἀρχιερεῖς
2853 589 3227 663 προσκυνοῦσι
3256 589 3347 644 διὰ
3376 591 3479 664 τὴν
3513 590 3722 646 ὑποτα-

2141 690 2269 761 γὴν,
2299 690 2383 743 ὅτι
2419 689 2683 758 μνήστωρ
2711 685 2812 755 τῆς
2837 684 3100 755 Μεγάλης
3139 683 3439 753 δκκλησίας
3478 683 3719 750 ἐγένετο.

2141 781 2254 834 Καὶ
2307 778 2698 848 εὐλογούμενοι
2747 778 2882 849 παρ’
2912 775 3103 837 αὑτοῦ.
3158 777 3239 840 είς
3283 775 3410 838 τοῦς
3469 775 3723 846 συνήθεις

2144 871 2345 939 ἔξωθεν
2399 871 2493 924 τοῦ
2543 870 2790 940 βήματος
2849 870 3187 939 ἀπέρχονται
3245 866 3460 928 τόπους,
3501 867 3596 918 καὶ
3654 865 3725 917 τὰ

2139 960 2503 1032 ἀρχιερατικὰ
2535 959 2930 1028 ἀμφιέννυνται
2960 960 3198 1013 ἅπαντα.
3242 955 3365 1010 Τῶν
3413 955 3723 1025 πρεσϐυτέ-

2142 1071 2254 1124 ρων
2276 1055 2331 1108 δὶ
2351 1053 2628 1106 λαϐόντων
2658 1051 2961 1105 καὶ-αὐτῶν
2993 1051 3250 1118 εὐλογίαν
3270 1048 3364 1102 τοῦ
3387 1049 3496 1102 τῶν
3532 1047 3724 1117 ἱερέων

2138 1163 2199 1197 τε
2225 1144 2634 1213 δευτερεύοντος
2668 1143 3042 1215 ποιησαμένου
3071 1142 3173 1209 τὴν
3211 1140 3611 1211 προσκομιδὴν,
3644 1139 3724 1204 ὥς

2139 1235 2284 1300 ἔθος,
2313 1236 2345 1304 ἠ
2378 1234 2694 1303 λειτουργία
2721 1234 2977 1303 ἄρχεται.
2998 1233 3111 1286 Καὶ
3128 1232 3228 1300 τῆς
3251 1230 3479 1301 πρώτης
3508 1228 3724 1284 είσόδου

2137 1325 2456 1395 γινομένης,
2483 1326 2534 1378 οι
2567 1325 2668 1395 μὶν
2701 1324 2940 1377 διάκονοι
2990 1324 3086 1376 καὶ
3119 1322 3287 1388 ίερεῖς
3331 1323 3421 1375 διὰ
3463 1321 3558 1375 τοῦ
3589 1319 3722 1376 ναοῦ

2142 1418 2456 1486 ἐξελθόντες
2484 1418 2581 1471 καὶ
2611 1416 2713 1487 τὴν
2741 1416 2906 1488 εὐχὴν
2935 1417 3322 1478 ἐκτελέσαντες
3353 1417 3451 1484 τῆς
3479 1415 3717 1482 εἰσόδου,

2140 1511 2387 1581 συνήθως
2435 1509 2580 1564 κατά
2625 1508 2893 1576 συζυγίαν
2949 1510 3029 1572 είς
3078 1509 3140 1561 τὸ
3172 1506 3320 1561 θεῖον
3353 1506 3504 1578 βῆμα
3538 1505 3721 1579 είσιρ-

2139 1622 2347 1676 χονται.

2683 1691 2938 1746 ΚΕΦΔΛ.
2969 1691 3135 1746 ΣΛΕ’.

2143 1813 2270 1864 Ὀτι
2311 1810 2421 1863 οὐκ
2444 1809 2828 1862 εἱσοδεύουσι
2855 1806 3072 1876 μέσον,
3127 1807 3420 1876 πατριάρλ
3460 1825 3498 1844 ν·
3531 1822 3720 1876 ignipo-

2215 1881 2588 1947 τονουμένου
2621 1883 2672 1930 οἱ
2702 1877 2997 1946 ἀρχιερεῖς
3025 1894 3040 1910 ο
3074 1877 3236 1932 ἀλλὰ
3265 1877 3365 1931 διὰ
3426 1895 3532 1945 ειη
3566 1881 3722 1931 alia.

2212 1950 2348 2018 γίας
2377 1948 2776 2016 εἰσέρχονται.

2212 2065 2276 2116 Οἱ
2306 2063 2584 2132 ἀρχιερεῖς
2619 2062 2674 2113 δὲ
2710 2061 2860 2130 παρὰ
2889 2059 2984 2113 τοῦ
3027 2059 3446 2130 χαρτοφύλακος
3485 2061 3583 2114 καὶ
3612 2058 3722 2114 τῶν

2141 2153 2240 2208 σὺν
2278 2152 2423 2222 αὐτῷ
2459 2152 2936 2222 προσκαλούμενοι
2983 2153 3080 2205 καὶ
3112 2150 3612 2222 προοδηγούμενοι,
3635 2151 3724 2205 8ιά
3769 2147 3775 2151 “

2139 2244 2238 2313 τῆς
2279 2243 2517 2311 πλαγίας
2562 2245 2661 2312 τῆς
2693 2244 2878 2309 δεξιᾶς
2906 2245 3252 2312 είσέρχονται
3307 2244 3372 2296 τὸ
3420 2243 3722 2313 θυσιαστή-

2143 2353 2281 2407 ριον,
2319 2337 2412 2391 καὶ
2448 2336 2886 2408 προσκυνοῦντες
2909 2337 3052 2389 κατὰ
3079 2334 3349 2405 συζυγίαν
3381 2334 3455 2404 τῷ
3483 2337 3562 2388 ἔτι
3593 2333 3727 2387 ὑπο-

2135 2429 2348 2501 ψηφίῳ,
2391 2430 2639 2482 ἵστανται
2676 2429 2818 2482 κατά
2865 2429 3045 2494 τάξιν.
3082 2429 3427 2498 Κηροδοσίας
3452 2427 3509 2481 δὲ
3560 2443 3714 2496 γινο-

2143 2523 2338 2592 μένης,
2369 2523 2466 2576 καὶ
2500 2521 2697 2590 φώτων
2731 2521 3128 2589 ἀνατεταμένων
3158 2520 3374 2574 πολλῶν
3404 2524 3486 2583 είς
3517 2520 3724 2587 δεῖγμα

2137 2614 2230 2666 τοῦ
2264 2613 2410 2668 θείου
2463 2613 2768 2683 φιυτισμοῦ,
2798 2614 2874 2674 ὡς
2905 2613 3169 2676 πολλάκις
3199 2614 3530 2684 εἰρήκαμεν,
3565 2608 3728 2683 178

2138 2709 2234 2759 καὶ
2277 2707 2378 2774 τῆς
2415 2705 2717 2774 ἐπιδημίας
2751 2704 2849 2762 τοῦ,
2880 2703 3205 2774 Πνεύματος
3237 2690 3331 2757 {at
3377 2703 3722 2772 ὲλλάμψεως,

2137 2800 2234 2852 καὶ
2264 2800 2360 2869 τῆς
2393 2799 2657 2867 μεγίστης
2694 2799 2836 2868 ὑπὲρ
2866 2797 3058 2850 τούτου
3092 2798 3149 2849 ἂν
3173 2795 3251 2865 τῷ
3273 2795 3491 2865 οὐρανῷ
3524 2795 3620 2848 καὶ
3657 2796 3717 2848 ἒν

2136 2881 2209 2962 iii
2242 2891 2652 2960 λαμπρότητος,
2687 2893 2780 2943 καὶ
2821 2891 3017 2960 χαρᾶς,
3049 2891 3077 2942 ὁ
3113 2888 3422 2959 ῦποψήφιος
3456 2887 3564 2940 ὑπὸ
3610 2884 3724 2940 τῶν

2136 2983 2232 3036 δύο
2263 2983 2497 3052 πρώτων
2526 2981 2868 3050 ἑκατέρωθεν
2914 2981 3252 3051 λαμὸάνεται
3287 2981 3594 3052 ἀρχιερέων
3615 2995 3630 3011 ⁸
3673 2982 3725 3034 oi

2136 3074 2316 3128 λοιποὶ
2345 3075 2400 3126 δὲ
2433 3075 2659 3127 ἕπονται
2679 3075 2775 3127 καὶ
2806 3077 2853 3127 οἱ
2875 3074 3134 3145 κληρικοὶ
3162 3074 3371 3137 πάντες
3396 3075 3725 3144 πορεύονται

458 3150 785 3213 martyres,»
813 3150 895 3196 ter
918 3143 1136 3197 ducitur
1152 3143 1348 3197 chorea
1376 3160 1438 3197 ex
1459 3145 1859 3201 consuetudine
1883 3147 2030 3202 circa

2140 3165 2474 3238 ἔμπροσθεν.
2509 3167 2618 3220 Καὶ
2672 3143 3270 3238 λαμπρῶςᾚᾲὂομένου
3313 3166 3441 3232 τοῦ,
3481 3183 3499 3216 ι
3539 3166 3724 3233 ’Δγιοι

459 3245 675 3286 sacram
713 3221 967 3297 mensam
1006 3241 1229 3302 propter
1259 3233 1501 3287 laetitiam
1525 3236 1822 3300 cinlestem,
1847 3238 2032 3292 omni-

457 3323 583 3387 bus,
612 3324 730 3393 ipso
761 3339 979 3393 quoque
1012 3329 1189 3379 electo
1212 3364 1226 3386 ,
1260 3326 1314 3379 in
1357 3340 1686 3394 unaquaque
1729 3331 1929 3382 chorea
1964 3329 2031 3384 ad

458 3428 668 3470 sacram
701 3429 943 3470 mensam
981 3418 1130 3469 velut
1161 3425 1289 3470 ante
1336 3414 1430 3470 Dei
1470 3416 1728 3471 thronum
1758 3426 1878 3474 acse
1899 3419 2034 3488 abji-

455 3504 734 3561 clentibus
781 3515 944 3575 atque
974 3507 1469 3578 prosternentibus.

948 3727 1180 3785 CAPUT
1219 3728 1551 3787 CCXXXVI.

454 3841 532 3899 Ab
556 3841 946 3922 arcftiepiscopo
981 3841 1340 3922 Heracleerisi,
1392 3846 1438 3898 si
1466 3861 1700 3922 pra’sens
1730 3848 1824 3903 ille
1844 3851 2029 3922 fuerit,

519 3915 1188 3990 patriarcltqm'_or.'tinari.
1240 3914 1360 3980 Sin,
1399 3934 1429 3967 α
1452 3914 1625 3985 primo
1648 3914 1854 3990 quoque
1891 3922 2030 3974 alio-

524 4000 642 4036 rum
680 3984 1221 4052 archiepiscoporum

526 4073 622 4128 His
655 4074 908 4143 peractis,
935 4077 1142 4138 statim,
1166 4076 1212 4130 si
1237 4076 1392 4131 adest
1411 4077 1686 4136 Heraclea
1715 4082 2029 4153 episcopus,

454 4166 547 4222 ille
574 4181 693 4235 quae
716 4168 782 4220 ad
822 4167 1151 4236 patriarcha:
1182 4168 1584 4226 ordinationem
1636 4183 1910 4244 spectant,
1935 4191 2033 4233 ex-

455 4261 736 4328 sequitur;
769 4273 835 4312 eo
863 4258 1035 4328 quod,
1057 4269 1115 4314 ut
1150 4261 1371 4327 dicitur,
1406 4261 1727 4333 Byzantium
1753 4282 1781 4320 a
1824 4267 2032 4324 Severo

454 4348 787 4420 imperatore
818 4348 1098 4406 Heraclea:
1128 4351 1374 4421 subjecta
1397 4353 1520 4422 fuit,
1542 4364 1596 4410 et
1621 4372 1793 4427 usque
1824 4360 1889 4414 ad
1919 4375 2032 4415 ma-

453 4455 620 4513 guum
680 4441 1118 4498 Constantinum
1179 4445 1534 4516 episcopatus
1595 4448 1700 4504 iuit
1753 4451 2030 4509 Heraclea:

2139 3256 2440 3332 μάρτυρες,
2476 3279 2494 3311 ι
2527 3260 2769 3330 ἠχορεία
2794 3260 3005 3326 γίνεται
3047 3259 3267 3330 τρισσῆ,
3306 3258 3577 3313 κυκλόθεν
3623 3258 3726 3328 τῆς

2136 3352 2286 3413 θείας
2318 3350 2602 3421 τραπέζης
2648 3351 2794 3405 κατά
2825 3350 2888 3404 τὸ
2931 3350 3055 3413 ἔθος
3089 3349 3178 3404 διὰ
3231 3351 3329 3421 τὴν
3377 3350 3728 3420 εῦφροσύνην

2135 3444 2236 3513 τὴν
2271 3443 2605 3513 ἐπουράνιον
2657 3444 2803 3498 κατά
2838 3442 3083 3514 χορείαν,
3121 3429 3500 3513 προσκύνησιν
3561 3444 3622 3496 ὲν
3653 3441 3722 3513 τῇ

2138 3536 2261 3604 ἱερᾷ
2283 3536 2535 3606 τραπέζῃ
2569 3535 2646 3599 ὡς
2674 3537 2732 3589 ιν
2757 3536 2838 3606 τῷ
2871 3535 3048 3605 θρόνῳ
3077 3533 3176 3589 τοῦ
3207 3533 3346 3589 Θεοῦ
3381 3533 3723 3605 ποιουμένων

2139 3628 2395 3681 ἁπάντων
2444 3629 2542 3681 καὶ
2574 3625 2670 3680 τοῦ
2703 3620 3046 3698 ὑποψηφίου.

2682 3741 2936 3795 ΚΕΦΑΛ.
2977 3740 3162 3808 ΣΛςν.

2137 3855 2266 3909 Ὅτι
2289 3857 2338 3908 εί
2364 3853 2481 3924 μὲν
2518 3854 2868 3922 Ἡρακλείας
2900 3855 3176 3924 πάρεστι,
3212 3856 3353 3925 παρ’
3380 3855 3572 3910 αὐτοῦ
3596 3871 3725 3925 χει-

2198 3921 2535 3995 ροτοκεῖται
2573 3921 2605 3978 ὅ
2640 3921 3036 3995 πατριάρχης»,
3081 3929 3132 3979 εὶ
3167 3926 3219 3979 δ’
3251 3921 3387 3988 οὖν,
3418 3921 3722 3995 παρὰὶοῦ

2204 3994 2439 4062 πρώτου
2468 3997 2586 4049 τῶν
2617 3993 2827 4048 ἄλλων
2859 3995 3211 4064 ἀρχιερέων.

2206 4087 2317 4139 Καὶ
2375 4087 2539 4148 εὐθὺς
2574 4088 2624 4139 εί
2663 4087 2763 4156 μὲν
2815 4088 3151 4157 Ἡρακλείας
3205 4091 3354 4144 ἐστὶν
3399 4093 3716 4162 ἀρχιερεὺς,

2134 4172 2288 4243 οὗτος
2317 4182 2386 4237 τὰ
2429 4180 2529 4248 τῆς
2560 4179 2899 4248 χειροτονίας
2931 4181 3151 4251 ἐνεργεῖ
3181 4184 3278 4237 τοῦ
3323 4187 3669 4255 πατριάρχου
3703 4199 3717 4215 ⁸

2135 4276 2282 4335 ἐπεὶ,
2315 4273 2390 4336 ὥς
2419 4289 2573 4342 φασι,
2604 4273 2664 4326 τὸ
2698 4273 2995 4337 Βυζάντιον
3024 4276 3132 4326 ἀπὸ
3177 4275 3422 4346 Σεὸἠρου
3455 4277 3721 4349 βασιλέως

2135 4366 2239 4420 ὑπὸ
2269 4368 2368 4435 τὴν
2408 4364 2739 4435 Ἡράκλειαν
2788 4366 3007 4433 γέγονε,
3043 4369 3138 4421 καὶ
3172 4368 3447 4442 ὲπισκοπὴ
3498 4366 3568 4440 ἦν
3619 4369 3722 4425 τοῦ

2145 4456 2480 4529 Ἡρακλείας
2511 4456 2644 4526 ἄχρι
2692 4461 2785 4510 καὶ
2830 4456 2925 4510 τοῦ
2985 4459 3232 4526 μεγάλου
3275 4461 3719 4518 Κωνσταντίνου.

454 4533 743 4605 metropoli
782 4533 1106 4592 attributus.
1135 4536 1404 4618 Ascendit.
1442 4539 1610 4611 igitur
1649 4556 1819 4610 super
1844 4545 2027 4614 crepi-

2141 4550 2414 4604 Ἀνελθὼν
2449 4548 2544 4604 οῦν
2572 4549 2666 4603 ἐπὶ
2689 4549 2788 4619 τῆς
2813 4551 3099 4621 κρηπῖδος,
3123 4549 3235 4618 τῶν
3257 4551 3562 4623 ἀρχιερέων
3584 4554 3724 4608 πάν-

454 4623 661 4690 dinem,
718 4625 978 4682 omnibus
1036 4627 1313 4698 episcopis
1359 4629 1539 4700 ipsum
1587 4631 1908 4701 iuvantibus
1970 4643 2026 4689 et

453 4718 992 4785 contingentibus,ut
1018 4734 1357 4776 consensum
1386 4737 1549 4776 suum
1572 4722 1787 4780 inillius
1810 4726 2028 4781 ordina-

453 4803 604 4862 tione
643 4809 1038 4875 demonstrent,
1069 4823 1232 4879 quam
1262 4811 1427 4866 simul
1457 4813 1819 4872 decreverunt
1840 4854 1856 4881 ,
1882 4817 2030 4873 ordi-

454 4894 698 4950 nandum
751 4912 944 4953 omnes
974 4914 1197 4970 quoque
1251 4899 1418 4956 simul
1462 4903 1524 4971 in
1561 4902 1770 4976 Spiritu
1833 4917 2028 4964 sancto

453 4996 803 5042 consecrant.
837 4990 997 5045 Hunc
1048 4992 1292 5061 primum
1321 4992 1389 5048 de
1421 5009 1579 5050 more
1632 4993 1911 5054 Heracleae
1934 5013 2028 5054 ar-

452 5077 835 5149 chiepiscopus
859 5089 948 5142 ter
980 5073 1143 5138 cruce
1179 5083 1386 5155 signat,
1424 5085 1530 5143 hac
1566 5082 1783 5144 actione
1833 5089 2029 5160 primi-

454 5168 560 5224 tias
587 5170 954 5228 ordinationis
971 5172 1247 5232 delibans.
1284 5176 1343 5232 Si
1371 5192 1502 5235 vero
1522 5195 1632 5236 non
1663 5181 1819 5239 adest
1856 5184 2030 5238 Hera-

455 5259 592 5316 cleas
630 5262 1100 5336 archiepiscopus,
1160 5270 1371 5339 primus
1419 5286 1628 5329 eorum.
1673 5276 1766 5346 qui
1827 5276 2031 5332 adsunt

452 5353 751 5424 episcopus
777 5357 1184 5440 ordinationem
1225 5377 1351 5418 cum
1387 5364 1511 5420 aliis
1545 5367 1696 5422 iacit.
1730 5368 1922 5434 Postea
1943 5384 2030 5424 or-

457 5444 701 5501 dinando
724 5461 903 5517 genua
929 5448 1196 5519 ﬂectenti,
1226 5453 1408 5511 fronte
1442 5471 1664 5528 quoque
1691 5467 1746 5513 et
1777 5459 1954 5530 capite
1975 5461 2030 5514 in

455 5552 665 5592 sacram
703 5554 944 5596 mensam
973 5543 1309 5601 incumbenti
1347 5563 1573 5604 manum
1625 5550 1893 5608 ordinans
1953 5553 2030 5608 illi

457 5629 712 5699 imponit,
736 5640 789 5686 et
819 5635 1003 5690 caeteri
1041 5637 1192 5691 illum
1227 5640 1572 5711 contingunt.
1617 5641 1860 5712 Denique
1913 5659 2034 5715 qua:

459 5729 591 5783 sunt
626 5722 684 5777 in
710 5724 793 5777 ala
825 5739 921 5780 seu
976 5726 1182 5797 Spiritu
1219 5729 1516 5799 descripta,
1576 5732 1709 5801 legit
1745 5733 2030 5802 ordinans,

455 5810 604 5869 istud
629 5827 846 5886 nempe,
887 5833 907 5870 ι
950 5815 1140 5874 Divina
1176 5820 1376 5890 gratia.
1417 5839 1440 5874 ι
1471 5819 1586 5879 lioc
1637 5822 1804 5893 facto,
1836 5841 2032 5884 secun-

2133 4660 2242 4696 των
2279 4641 2689 4714 συνεργούντων
2726 4641 2878 4711 αύτῷ
2937 4643 3031 4695 καὶ
3085 4646 3592 4713 συνεφαπτομένων
3640 4643 3721 4718 τῷ

2133 4733 2600 4803 χειροτονουμὲνῳ
2654 4745 2715 4784 τε
2780 4732 2877 4785 καὶ⁷
2936 4731 3216 4802 ἀλλήλοις.
3269 4733 3587 4800 δεικνύντες
3643 4735 3722 4798 ὡς

2134 4823 2489 4894 συμφωνοῦσι
2523 4822 2746 4888 πάντες,
2781 4824 2906 4876 ἐπεὶ
2961 4826 3058 4878 καὶ
3117 4825 3587 4895 συνεψηφίσαντο,
3624 4827 3720 4881 καὶ

2137 4915 2654 4985 συγχειροτονοῦσιν
2684 4913 2822 4984 ὁμοῦ
2857 4917 2915 4967 ιν
2946 4915 3087 4983 ἀγίῳ
3138 4917 3427 4987 Πνεύμιτι
3472 4920 3567 4973 τὸν
3600 4936 3717 4989 χει-

2136 5007 2550 5078 ροτονούμενον,
2577 5004 2874 5078 σφραγίζει
2907 5006 3104 5060 τοῦτον
3139 5010 3168 5061 ὁ
3209 5007 3536 5079 Ἡρακλείας
3563 5008 3717 5080 πρῶ-

2131 5115 2224 5150 τον
2281 5097 2424 5151 κατὰ
2479 5099 2539 5152 τὸ
2577 5099 2699 5162 ἔθος
2745 5100 2892 5170 τρὶς,
2940 5099 3043 5168 τὴν
3091 5099 3353 5171 ἀπαρχὴν
3388 5102 3562 5155 ποιῶν
3607 5101 3714 5173 τῆς

2132 5191 2489 5263 χειροτονίας.
2519 5191 2586 5245 Ei
2635 5192 2692 5245 δὲ
2749 5193 2850 5245 οὐκ
2907 5193 3056 5246 ἐστιν
3121 5193 3478 5264 Ἡρακλείας,
3526 5194 3717 5266 ἔτερος

2133 5285 2428 5354 ἀρχιερεὺς
2457 5285 2568 5338 τῶν
2595 5285 2774 5340 ἀλλων
2802 5287 2831 5338 ό
2861 5285 3080 5354 πρῶτος
3116 5285 3217 5356 τὴν
3245 5288 3585 5356 χειροτονίαν
3617 5287 3716 5343 σὺν

2132 5378 2246 5435 τοῖς
2287 5375 2497 5438 λοιποῖς
2555 5378 2794 5446 ἐνεργεῖ.
2841 5372 2978 5433 Εἶτα
3031 5378 3315 5441 κλίναντος
3363 5380 3432 5432 τὰ
3489 5380 3714 5448 γόνατα,

2132 5467 2226 5519 καὶ
2259 5466 2353 5519 ἐπὶ
2384 5467 2483 5537 τῆς
2513 5466 2664 5531 θείας
2683 5470 2968 5540 τραπέζης
3002 5469 3068 5523 τδ
3092 5469 3344 5539 μέτωπον
3372 5467 3594 5540 ἔχοντος
3617 5470 3715 5525 τοῦ

2132 5560 2617 5629 χειροτονουμένου
2650 5561 2748 5614 καὶ
2767 5559 2868 5632 τὴν
2889 5561 3140 5633 κεφαλὴν
3161 5560 3248 5614 ἐπ’
3268 5563 3408 5633 αὐτῇ
3430 5562 3530 5634 τὴν
3554 5563 3715 5635 χεῖρα

2133 5648 2352 5720 τίθησιν
2389 5651 2417 5702 ό
2444 5651 2794 5721 χειροτονῶν,
2835 5653 2927 5705 καὶ
2955 5654 3007 5706 oi
3035 5653 3216 5707 λοιποὶ
3253 5655 3713 5724 συνεφάπτονται.

2134 5739 2247 5793 Καὶ
2275 5739 2344 5792 τὰ
2375 5738 2470 5792 τοῦ
2511 5740 2716 5811 πτεροῦ
2745 5742 2868 5814 ἦτοι
2900 5741 2995 5796 τοῦ
3046 5743 3364 5814 Πνεύματσς
3397 5748 3427 5798 ό
3473 5760 3714 5817 χειραεοι

2141 5826 2249 5883 νῶν
2285 5829 2684 5902 ἀναγινώσκει,
2712 5831 2797 5901 τὸ,
2827 5849 2845 5884 ι
2894 5831 2962 5887 Ἦ
2989 5833 3112 5889 θεία
3156 5835 3343 5906 χάρις.
3373 5852 3391 5888 ι
3431 5834 3542 5892 Καὶ
3573 5834 3713 5907 μεεά
