4186 6318
581 348 684 412 467

1363 350 1746 414 ΞῩΜΕΟΝΙΒ
1779 351 2066 412 TliESSA
2080 350 2542 417 LONICENSIS
2582 357 2949 421 ARCHIEP.

3740 351 3849 414 468

577 462 872 518 ordinatis.
895 459 1030 518 Nam
1052 461 1225 517 oiiicia
1259 463 1346 518 illa
1381 477 1537 519 sacra
1555 476 1678 518 sunt
1709 474 1761 518 et
1788 481 1881 532 per
1918 465 2154 532 sigillum

2262 469 2343 520 ὅτι
2374 469 2493 536 ἱερά
2525 470 2698 522 ταῦτα
2722 473 2818 523 καὶ
2851 470 2937 522 διὰ
2961 467 3257 537 σφραγῖδος
3292 462 3714 538 ἀρχιερατικῆς,
3748 461 3847 514 καὶ

580 556 889 624 episcopale
957 564 1013 609 et
1072 559 1301 625 gratiam
1367 558 1667 626 spiritalem
1727 558 2152 626 imprimuntur;

585 650 756 714 eaque
784 663 888 701 non
909 657 1120 716 oportet
1146 664 1429 703 assumere
1459 649 1548 716 qui
1576 649 1920 704 ordinatione
1943 658 2150 711 curent,

585 747 643 790 ut
697 737 812 790 fieri
867 737 1004 791 solet
1041 737 1092 790 in
1141 736 1636 810 Trapezuntiorum
1691 740 2001 806 metropoli.
2041 737 2154 792 Hoc

580 828 724 879 enim
753 837 835 880 est
867 839 1057 882 contra
1093 829 1340 883 ordinem
1405 832 1770 897 canonicum;
1827 841 1881 885 et
1917 831 2156 885 maxime

579 918 703 984 quia
745 918 973 972 istorum
1005 920 1307 974 ofﬁciorum
1365 922 1599 990 plurima
1659 923 1844 977 multis
1893 924 2154 978 sacerdoo

581 1011 722 1063 tibus
755 1022 1014 1079 praesunt.
1051 1012 1210 1066 Nullo
1240 1014 1402 1068 modo
1459 1023 1644 1070 autem
1695 1024 1911 1084 oportet
1963 1017 2155 1071 ordine

577 1114 849 1157 carentem
883 1113 1101 1158 sacrato
1133 1105 1293 1161 alicui
1329 1121 1587 1176 praeesse.

1093 1220 1324 1275 CAPUT
1361 1219 1639 1276 CCXLIX.

577 1309 733 1376 Quod
774 1313 1020 1366 monachi
1055 1331 1156 1367 non
1188 1315 1422 1452 ordinati
1475 1333 1588 1396 non
1638 1317 1859 1372 debeant
1899 1320 2150 1391 constitui

1189 1400 1284 1437 con
1313 1401 1526 1439 essarn.

1189 1400 1526 1439 εοηιεεεανιι.

651 1471 859 1528 Similis
879 1475 1018 1527 ratio
1051 1485 1137 1529 est
1167 1475 1233 1530 de
1275 1475 1456 1530 oﬂicio
1489 1477 1752 1546 spiritalis
1778 1482 2148 1549 paternitatis.

574 1565 715 1618 illud
741 1565 1131 1620 conferendum
1158 1583 1262 1621 non
1289 1569 1674 1626 estmonachis
1705 1572 1908 1637 idiotis,
1944 1577 2149 1632 nullam

578 1674 806 1726 prorsus
836 1658 1241 1714 ordinationem
1269 1659 1618 1716 habentibus.
1646 1661 1780 1716 Nam
1808 1665 1945 1720 adeo
1966 1681 2153 1722 sacra-

575 1752 849 1805 tissimum
908 1751 1012 1807 hoc
1063 1761 1167 1814 est,
1229 1763 1283 1807 ut
1336 1753 1468 1808 solis
1502 1755 1778 1824 episcopis
1836 1761 2150 1823 conveniat,

2264 561 2492 630 χάριτος
2561 562 2946 632 πνευματικῆς
3007 560 3402 630 ἐνεργούμενα.
3457 557 3565 609 Καὶ
3597 556 3723 617 τοὺς
3770 551 3845 621 μὴ

2260 652 2637 719 κεκτημένους
2670 652 3011 721 χειροτονίαν
3042 653 3100 705 ού
3126 653 3208 705 δεῖ
3240 650 3546 719 λαμϐάνειν
3577 647 3738 708 αὐτὰ,
3769 643 3847 706 ὡς

2259 742 2317 794 ιν
2347 745 2412 812 τῇ
2460 744 2792 812 μητροπόλει
2822 743 3286 812 Τραπεζουντίων
3314 740 3646 809 δνεργεῖται.
3683 732 3846 802 Παρᾶ

2257 832 2358 900 τὴν
2391 831 2544 895 τάξιν
2574 832 2682 900 γὰρ
2711 830 2892 896 τοῦτο,
2955 834 3052 886 καὶ
3108 833 3312 900 μᾶλλον
3341 831 3425 884 ὃτι
3477 827 3708 879 πλεῖστα
3737 821 3848 876 τῶν

2256 923 2527 994 δφφικίων
2554 924 2762 977 τούτων
2823 926 2916 979 καὶ
2975 926 3188 979 πολλῶν
3223 925 3416 995 ἱερέων
3488 920 3842 990 προΐσταται.

2256 1019 2368 1071 Καὶ
2423 1016 2655 1079 οὐδόλως
2708 1019 2818 1087 χρὴ
2874 1017 3179 1087 ἱερωμένου
3232 1017 3379 1080 τινὸς
3425 1012 3846 1086 ἀχειροτόνητον

2255 1111 2611 1181 προεστάναι.

2806 1228 3053 1283 ΚΕΦΑΛ.
3106 1229 3285 1282 ΣΜΘ.

2257 1320 2380 1375 Ὀτι
2412 1320 2556 1376 οὐδὲ
2585 1320 2819 1387 ἰδιώτας
2841 1321 3156 1408 μοναχοὺς
3187 1321 3304 1388 χρὴ
3338 1320 3635 1386 καθιστᾷν
3663 1330 3852 1370 πνευ-

2893 1409 3211 1461 ματικους.

2337 1483 2575 1551 Ὀμοίως
2595 1483 2654 1537 δὲ
2694 1482 2789 1535 καὶ
2833 1483 2893 1536 τδ
2926 1482 3026 1551 τῆς
3052 1481 3439 1549 πνευματικῆς
3495 1476 3849 1546 πατρότητος

2256 1575 2630 1645 λειτούργημα
2664 1575 2726 1628 οὐ
2783 1576 2890 1647 χρὴ
2921 1575 3218 1642 δωρεῖσθαι
3258 1573 3518 1642 μοναχοῖς
3580 1568 3848 1631 ἰδιώταις,

2256 1669 2594 1739 χειροτονίαν
2622 1668 2759 1730 ὅλως
2793 1667 2868 1738 μὴ
2893 1668 3134 1736 ἔχουσιν.
3174 1666 3331 1718 Ἐπεὶ
3385 1663 3644 1717 τοσοῦτον
3688 1659 3847 1730 ἱερὼι

2257 1761 2624 1826 τατοντοῦτο,
2689 1761 2772 1814 ὅτι
2829 1763 3009 1828 μόνων
3069 1759 3390 1812 ὲπισκόπιιιν
3453 1759 3574 1814 ἐστὶ
3645 1753 3740 1808 καὶ
3783 1752 3847 1804 οὐ

574 1859 684 1901 non
741 1855 920 1899 autem
983 1845 1340 1916 presbyteris,
1394 1848 1856 1914 quemadmodum
1913 1867 2151 1908 canones

2259 1851 2674 1920 πρεσϐυτέρων.
2703 1849 2779 1912 ὡς
2799 1851 2848 1901 οἱ
2879 1850 3102 1910 κανόνες
3137 1850 3309 1922 φασί..
3329 1845 3404 1901 Τὸ
3437 1845 3848 1916 πρεσϐυτέρους

576 1937 904 2004 loquuntur.
940 1939 1011 1992 Ec
1047 1951 1228 1993 autem
1271 1940 1447 1994 ofﬁcio
1494 1941 1798 2011 funguntur
1846 1947 2151 2016 presbyteri

576 2041 805 2099 Urgente
840 2031 1166 2085 necessitate
1205 2045 1328 2085 cum
1385 2032 1602 2086 licentia
1628 2035 1892 2106 episcopi,
1951 2040 2151 2108 illoque

577 2123 827 2186 absente,
885 2139 990 2177 non
1057 2134 1345 2192 praesente.
1385 2125 1628 2180 Crimina
1679 2138 1865 2187 tamen
1921 2134 2152 2200 majora,

579 2216 747 2271 veluti
788 2224 918 2270 sunt
960 2217 1082 2271 fidei
1118 2217 1432 2287 abnegatio,
1471 2218 1849 2286 homicidium,
1875 2232 1930 2278 et
1964 2240 2152 2292 perso-

579 2323 768 2363 narum
848 2322 1129 2362 sacrarum
1188 2309 1375 2377 lapsus
1445 2311 1511 2364 ad
1566 2311 1883 2380 episcOpum
1947 2315 2154 2370 referre

578 2394 824 2466 oportet;
863 2407 915 2450 et
967 2399 1070 2453 alia
1118 2415 1458 2469 quaecunque
1512 2400 1724 2469 fugiunt
1781 2413 1835 2458 et
1881 2405 2154 2458 excedunt

577 2493 951 2559 Cugttitimtenl
1030 2491 1384 2560 suscipientis
1447 2495 1895 2560 confessionem,
1966 2499 2150 2550 omnia

573 2598 790 2653 quoque
825 2599 984 2652 agere
1038 2599 1160 2637 cum
1217 2584 1454 2652 episcopi
1509 2585 1776 2651 consilio;
1837 2603 1962 2641 nam
2018 2605 2154 2659 opus

574 2677 706 2730 illud
746 2685 832 2731 est
855 2675 1099 2745 episcopi
1136 2678 1439 2745 pr0prium.

1151 2786 1379 2844 CAPUT
1426 2788 1578 2844 CCL.

578 2879 761 2947 Quare
799 2881 1114 2934 mandatum
1145 2882 1306 2934 datur
1339 2883 1427 2948 (ad
1451 2884 1804 2949 episcopalem
1861 2889 2155 2940 auctori'a-

1040 2962 1142 3007 tem
1167 2953 1685 3018 demonstrandam),

650 3048 715 3100 Ει
768 3045 1125 3098 manifestum
1173 3055 1356 3098 estex
1413 3045 1604 3099 litteris
1660 3049 2052 3114 pertnissoriis.
2093 3050 2149 3102 Si

2261 1946 2321 1999 δὴ
2347 1946 2611 2015 ἐνεργεῖν,
2647 1942 2708 1994 τὸ
2743 1941 2989 1994 τοιοῦτον
3022 1943 3142 1994 κατ’
3175 1941 3427 2008 ἀνάγκην
3461 1940 3699 2007 γίνεται,
3753 1936 3849 1989 καῖ⁵

2267 2040 2403 2111 μετὰ
2438 2037 2752 2107 προτροπῆς
2778 2036 3110 2097 interdum;
3133 2034 3227 2085 καὶ
3262 2034 3497 2095 ἀπόντος
3530 2029 3718 2091 αὑτοῦ,
3783 2029 3849 2081 οὗ

2263 2133 2552 2200 παρόντος.
2586 2128 2698 2180 Καὶ
2727 2127 2795 2179 τὰ
2833 2125 3006 2194 μείζω
3036 2126 3092 2178 δὲ
3116 2125 3226 2177 τῶν
3277 2124 3666 2192 ἐγκλημάτων,
3727 2121 3853 2190 ἦτοι

2261 2225 2490 2292 ἄρνησιν
2522 2222 2784 2281 πίστεως,
2849 2219 2945 2271 καὶ
2990 2217 3221 2286 φονικὴν
3289 2218 3589 2286 ἁμαρτταν,
3635 2215 3752 2267 καῖ’
3779 2215 3850 2267 τὰ

2261 2317 2369 2370 τῶν
2399 2315 2694 2383 ἱερατικῶν
2730 2314 3022 2381 πτώματα,
3091 2313 3174 2373 είς
3204 2311 3294 2362 τὸν
3353 2309 3656 2361 ἐπίσκοπον
3714 2307 3851 2358 ἀνα-

2261 2404 2526 2472 φέρεσθαι
2567 2404 2692 2473 χρὴ,
2719 2405 2812 2456 καὶ
2848 2405 3059 2465 ὅσαπερ
3090 2403 3250 2470 ἔτερα
3284 2401 3576 2467 διαφεύγει
3630 2399 3730 2466 τὴν
3751 2397 3849 2451 τοῦ

2261 2496 2658 2564 ἀναδεχομένου
2686 2495 2909 2559 γνῶσιν,
2949 2495 3045 2546 καὶ
3077 2494 3254 2546 πάντα
3291 2493 3554 2560 πράττειν
3582 2492 3723 2558 μετὰ
3751 2489 3850 2555 τῆς

2259 2587 2353 2640 τοῦ
2390 2577 2690 2638 ἐπισκόπου
2720 2586 2937 2656 βουλῆςν
2969 2587 3049 2639 ὅτι
3083 2585 3176 2638 τοῦ
3224 2583 3529 2637 ἐπισκόπου
3591 2582 3655 2635 τὸ
3683 2581 3854 2651 ἔργον

2260 2680 2416 2733 ῐδιον.

2833 2793 3092 2846 ΚΕΦΛΛ.
3149 2791 3280 2846 ΣΝ’.

2665 2888 2831 2941 Διατι
2891 2887 3165 2954 ἕνταλμα
3203 2885 3453 2937 δίδοται.

2335 3049 2443 3101 Καὶ
2475 3047 2633 3117 δῆλον
2661 3047 2768 3100 ἀπὸ
2815 3043 3351 3114 τούπροτρεπτικοῦ
3404 3045 3759 3113 γράμματος
3792 3043 3846 3096 εἱ

577 3139 722 3190 enim
762 3136 1207 3206 presbyterorum
1244 3138 1346 3191 hoc
1379 3147 1526 3192 esset
1574 3140 1854 3208 proptium
1890 3142 2151 3205 ofﬁcium,

2260 3141 2370 3208 γὰρ
2427 3140 2524 3193 τοῦ
2583 3140 2963 3209 πρεσῖυτίρου
3005 3135 3094 3206 ἦν,
3157 3140 3256 3190 οὐκ
3299 3139 3365 3191 ἂν
3406 3140 3695 3205 προτρο-ῇ
3750 3137 3849 3189 καὶ

577 3243 684 3282 non
716 3228 979 3282 darentur
1011 3228 1118 3282 illis
1157 3227 1400 3290 licentia,
1436 3240 1489 3281 et
1539 3233 1855 3286 mandatum
1911 3236 1974 3284 ad
2005 3235 2154 3286 exci-

576 3321 806 3388 piendas
855 3317 1258 3375 confessiones.
1313 3321 1454 3388 Ergo
1503 3321 1548 3373 si
1595 3327 1837 3376 canones
1881 3323 1996 3378 hrec
2043 3336 2152 3378 tam

573 3423 780 3466 tnta-nte
817 3421 869 3466 et
894 3411 1140 3465 studiose
1166 3411 1232 3465 de
1277 3413 1611 3481 presbyteris
1644 3417 2009 3480 constituunt,
2043 3433 2154 3484 quo

575 3502 700 3569 jure
729 3504 832 3556 hoc
864 3503 1188 3556 conceditur
1219 3502 1285 3556 iis
1314 3502 1406 3572 qui
1427 3503 1576 3556 nullo
1606 3505 1915 3559 sacerdotio
1959 3509 2155 3562 fruun-

575 3595 704 3648 tur?
733 3592 959 3664 Oportet
985 3593 1128 3646 enim
1171 3592 1550 3647 confessiones
1579 3594 1938 3664 excipientem
1973 3607 2025 3651 et
2059 3600 2156 3653 be-

575 3690 834 3742 nedicere
865 3695 918 3741 et
947 3686 1248 3740 orationem
1281 3685 1644 3742 absolutionis
1677 3703 1840 3755 super
1869 3688 2155 3743 absolven-

576 3780 706 3833 dum
755 3779 957 3842 dicere,
1011 3784 1063 3831 et
1093 3777 1396 3847 indulgere,
1443 3787 1498 3833 ct
1538 3795 1730 3849 ptenas
1763 3781 2064 3849 imponere,
2100 3791 2154 3837 et

578 3887 674 3928 eos
701 3873 792 3942 qui
817 3871 967 3941 digni
999 3880 1148 3935 sunt,
1213 3870 1524 3926 divinorum
1575 3851 1958 3942 mysteriorum
1993 3877 2157 3945 parti-

576 3969 726 4036 cipes
754 3965 954 4020 facere.
989 3965 1106 4031 Qua
1147 3965 1360 4019 ratione
1388 3964 1503 4020 haec
1538 3967 1726 4021 omnia.
1756 3968 2019 4036 perficiet.
2056 3969 2152 4039 qui

578 4059 710 4114 nulli
733 4057 1044 4113 sacerdotio
1074 4067 1162 4112 est
1196 4057 1487 4112 initiatus?
1520 4057 1672 4113 Dicet
1713 4057 1898 4113 forsan
1929 4061 2152 4128 aliquis,

574 4151 632 4205 ιιι
671 4148 951 4220 praestabit
1004 4158 1222 4219 propter
1253 4149 1673 4230 permissionem
1706 4149 1968 4219 episc0pi,
1995 4161 2049 4205 et
2088 4167 2155 4206 eo

575 4243 724 4312 quod
759 4245 828 4296 ad
865 4257 988 4295 eum
1024 4242 1137 4294 haec
1167 4241 1352 4295 omnia
1391 4241 1595 4309 refert;
1626 4255 1814 4296 verum
1841 4257 1962 4312 quae
1993 4242 2155 4312 hujus

573 4334 657 4388 rei
721 4333 1045 4398 necessitas,
1092 4347 1218 4388 cum
1277 4331 1587 4387 canonibus
1649 4345 1757 4384 non
1813 4332 2156 4386 consentiat?

576 4426 656 4481 Na
680 4443 711 4479 η
747 4427 789 4480 si
822 4427 890 4480 de
925 4423 1258 4494 presbyteris
1289 4424 1370 4477 sic
1428 4423 1731 4492 loquuntur
1784 4437 2050 4507 canones,
2094 4433 2153 4477 ut

2259 3230 2597 3300 ενταλτηρίῳ
2629 3231 2852 3283 ἐδίδοτο.
2892 3231 2950 3282 Ei
2983 3229 3078 3281 οὖν
3105 3230 3198 3282 ἐπὶ
3229 3227 3586 3296 πρεσϐυτέρῳ
3608 3227 3847 3297 τοσαύτη

2257 3324 2290 3389 ἡ
2323 3322 2566 3391 προσοχὴ
2599 3321 2692 3373 καὶ
2744 3321 2975 3389 διαταγὴ
3030 3321 3182 3389 παρὰ
3236 3319 3347 3371 τῶν
3408 3319 3672 3380 κανόνων,
3726 3319 3850 3382 πῶς

2257 3413 2366 3480 ἄρα
2398 3413 2573 3481 τούτῳ
2627 3413 2938 3480 δοθήσεται,
2973 3412 3275 3481 ἱερωσύνην
3345 3411 3418 3481 μὴ
3475 3413 3848 3480 κεκτημένῳ;

2258 3509 2352 3558 Δεῖ
2387 3506 2494 3574 γὰρ
2525 3507 2619 3557 τὸν
2654 3505 3076 3574 ἐξομολογήσεις
3106 3505 3397 3573 δεχόμενον
3443 3506 3536 3555 καὶ
3579 3505 3847 3571 εὐλογεῖν,

2260 3601 2351 3648 καὶ
2387 3597 2556 3666 εὐχὴν
2588 3595 2994 3664 συγχωρήσεως
3037 3596 3341 3662 ἐπιλέγειν,
3387 3598 3477 3647 καὶ
3509 3599 3844 3667 συγχωρεῖν,

2259 3691 2352 3741 καὶ
2381 3688 2667 3757 ἐπιτιμᾷν,
2699 3687 2793 3739 καὶ
2822 3686 2932 3738 τῶν
2963 3685 3126 3739 θείων
3173 3691 3455 3740 κοινωνεῖν
3523 3689 3847 3756 μυστηρίων

2257 3785 2386 3844 τοὺς
2418 3784 2624 3847 ἀξίους.
2669 3783 2776 3834 Καὶ
2821 3780 2938 3839 πῶς
2979 3783 3300 3851 ὲνεργήσειε
3367 3781 3540 3834 ταῦτα
3579 3782 3608 3832 ὁ
3643 3781 3717 3852 ρὴ
3753 3799 3848 3835 κε-

2258 3875 2533 3946 κτημένος
2595 3874 2940 3942 ἱερωσύνην;
2986 3876 3147 3933 Ἴσως
3180 3873 3223 3926 δ’
3251 3873 3395 3926 εἴποι
3435 3891 3539 3938 τις,
3613 3878 3714 3926 Διά
3745 3876 3847 3941 τὴν

2257 3965 2462 4018 ενδοσιν
2488 3967 2581 4017 καὶ
2608 3965 2666 4015 τὸ
2690 3963 3061 4032 ἀναφέρεσθαι
3093 3964 3264 4016 ταῦτα
3297 3964 3373 4032 τῷ
3432 3967 3700 4034 ἀρχιερεῖ.
3735 3966 3848 4018 Καὶ

2257 4059 2394 4127 τίςή
2429 4057 2683 4125 ἀνάγκης
2718 4056 2842 4108 ἐπεὶ
2874 4057 2934 4108 οὐ
2977 4056 3287 4110 κανονικόν.
3311 4057 3372 4109 Et
3402 4059 3510 4127 γὰρ
3541 4055 3685 4109 οὕτω
3715 4058 3845 4125 περὶ

2259 4149 2368 4200 τῶν
2408 4147 2798 4217 πρεσόυτέρων
2839 4148 2887 4199 οἱ
2920 4148 3146 4209 κανόνες
3178 4150 3364 4216 φασιν,
3388 4150 3461 4211 ὠς
3522 4151 3644 4202 κατ’
3676 4152 3846 4218 ἀνάγ-

2258 4257 2363 4308 κην
2420 4239 2862 4308 ὑπηρετήσουσιν
2914 4240 3150 4300 ἀπόντος
3200 4241 3295 4293 τοῦ
3355 4242 3678 4308 ἐπισκόπου,
3747 4245 3845 4297 καὶ

2258 4334 2543 4402 προτροπῇ
2603 4330 2698 4382 τοῦ
2747 4331 3078 4392 ἐπισκόπου,
3123 4331 3239 4394 πῶς
3270 4333 3426 4386 τοῦτο
3485 4336 3772 4406 ἐνεργήσει
3815 4339 3845 4390 ὁ

2261 4423 2335 4492 μὴ
2367 4420 2666 4490 ἱερωσύνην
2697 4412 2913 4486 λαϐώνξ
2944 4421 3062 4472 ἐπεὶ
3099 4421 3191 4472 καὶ
3222 4423 3328 4473 τῶν
3373 4425 3706 4489 ἀποστόλων,
3741 4445 3847 4494 φα.

579 4521 632 4572 in
659 4531 724 4571 eo
753 4525 962 4570 tantum
990 4514 1316 4595 ministrent.
1338 4528 1460 4568 cum
1485 4513 1786 4569 necessitas
1814 4511 1868 4567 id
1886 4515 2150 4582 postulat,

2261 4516 2343 4566 σὶν
2369 4515 2419 4566 οἱ
2455 4514 2772 4581 Πατέρες,ή
2812 4512 2970 4581 χάρις
3002 4511 3140 4582 αὕτη
3172 4512 3336 4595 satis
3377 4513 3488 4567 τῶν
3525 4516 3844 4574 ἀποστόλων

577 4612 730 4665 abest
787 4608 1100 4678 episcopus,
1135 4615 1190 4662 et
1219 4589 1344 4662 cum
1409 4605 1560 4660 illius
1621 4604 1863 4661 absentis
1910 4606 2152 4668 licentia,

580 4702 856 4771 quomodo
881 4701 934 4756 id
961 4699 1273 4770 operabitur
1286 4697 1380 4767 qui
1397 4697 1762 4753 sacerdotium
1783 4712 1891 4752 non
1912 4699 2119 4768 accepit
2135 4697 2174 4752 Υ

587 4793 788 4848 Dicunt
835 4793 980 4846 enim
1031 4789 1224 4844 Patres
1278 4789 1423 4842 hanc
1447 4802 1570 4843 esse
1615 4787 1979 4859 .ipsissimam
2013 4804 2154 4859 apo.

582 4895 850 4950 stolornm
913 4891 1187 4961 gratiam;
1255 4888 1633 4959 apostolorum
1680 4896 1862 4944 autem
1921 4888 2153 4959 gratiam

579 4984 787 5042 habent
833 4982 1100 5053 episcopi,
1139 4995 1247 5036 non
1280 4980 1624 5052 presbyteri;
1658 4981 1963 5051 presbyteri
2000 4994 2152 5044 vero,

582 5086 642 5132 ut
671 5077 868 5132 iterum
897 5075 1059 5129 iidem
1091 5074 1302 5136 dicunt,
1360 5072 1704 5142 septuaginta
1759 5071 2152 5138 discipulorum

581 5168 810 5236 gratiam
846 5165 1147 5233 possident.
1181 5163 1526 5233 Quapropter
1560 5161 1810 5216 ﬁdelibus
1839 5161 1930 5228 qui
1969 5159 2158 5214 Sama-

582 5257 677 5313 riae
712 5272 739 5310 a
771 5255 1018 5323 Philippo
1067 5269 1174 5307 uno
1211 5269 1274 5306 ex
1336 5262 1541 5322 septem
1591 5251 1836 5306 diaconis
1895 5251 2151 5319 baptizati

583 5349 824 5408 fuerant,
860 5347 1053 5401 Petrus
1075 5355 1133 5399 et
1159 5343 1400 5400 Joannes
1422 5358 1619 5397 manus
1654 5344 2053 5411 imposuerunt,
2089 5357 2152 5396 ea

582 5443 649 5492 de
701 5452 867 5494 causa
923 5437 988 5491 de
1036 5435 1340 5490 Jerusalem
1408 5434 1709 5489 Sanun-iam
1763 5436 2041 5488 venientes
2097 5442 2156 5485 ut

581 5527 841 5598 Spiritum
869 5534 1114 5580 sanctum
1139 5526 1482 5592 acciperent;
1512 5525 1638 5578 illud
1670 5541 1794 5577 vero
1818 5537 2152 5591 unguentum

582 5621 650 5681 ah
683 5620 942 5688 episcopo
974 5618 1090 5670 solo
1119 5616 1432 5679 conficitur,
1473 5615 1632 5683 cujus
1667 5616 1740 5668 rei
1778 5617 2005 5685 gratiam
2045 5633 2150 5670 non

580 5710 745 5768 habet
774 5708 1077 5780 presbyter.
1105 5707 1466 5762 Diaconorum
1497 5718 1674 5782 autem
1706 5708 1756 5759 in
1794 5708 1895 5762 hoc
1920 5709 2155 5761 maximo

582 5797 887 5864 ministerio
942 5813 1211 5866 nusquam
1249 5798 1608 5852 meminerunt
1644 5812 1900 5852 canones.
1940 5799 2076 5871 Ergo
2108 5800 2152 5854 si

2258 4604 2316 4658 δὲ
2357 4605 2458 4674 τὴν
2492 4606 2654 4674 χάριν
2677 4603 2893 4672 ἔχουσιν
2909 4605 2958 4654 oi
2984 4602 3296 4667 ἐπίσκοποι,
3327 4605 3421 4656 καὶ
3451 4605 3572 4674 οὐχὶ
3603 4609 3846 4675 πρεσϐύ-

2257 4713 2406 4768 τεροι
2439 4697 2535 4751 ὀἱ
2593 4697 2957 4767 πρεσϐύτεροι
3031 4695 3090 4748 δὲ
3155 4696 3255 4768 τὴν
3317 4697 3427 4751 τῶν
3473 4698 3844 4769 ἑϐδομήκοντα

2259 4789 2575 4856 κέκτηνται,
2600 4775 2762 4840 πάλιν
2790 4787 3044 4856 λέγουσιν
3061 4779 3230 4842 οὗτοι.
3258 4788 3352 4841 Διὸ
3382 4793 3476 4842 καὶ
3499 4792 3614 4853 τοῖς
3644 4791 3843 4861 βαπτι-

2262 4879 2468 4933 σθεῖσιν
2491 4877 2598 4932 ὑπὸ
2619 4879 2892 4932 Φιλίππου
2924 4881 3045 4941 ἑνὸς
3079 4879 3190 4935 τῶν
3221 4881 3365 4935 ἑπτὰ
3394 4882 3660 4936 διακόνων
3699 4886 3757 4936 ὲν
3775 4887 3840 4958 τῇ

2259 4973 2546 5045 Σαμαρείᾳ
2575 4977 2790 5036 πιστοῖς
2836 4974 3075 5053 Πιτρος,
3101 4976 3196 5029 καὶ
3236 4976 3496 5045 Ἰωάννης
3521 4979 3619 5040 τὰς
3651 4982 3842 5050 χεῖρας

2257 5066 2577 5120 ιπετίθεσαν
2607 5067 2961 5133 ἀπελθόντες,
2986 5068 3074 5120 ἴνα
3101 5067 3308 5122 λάϐωσι
3369 5066 3594 5138 Πνεῦμα
3630 5072 3785 5137 ἅγιον
3822 5086 3838 5103 ο

2257 5157 2286 5210 ὃ
2313 5157 2376 5227 δὴ
2409 5159 2468 5210 τὸ
2499 5159 2668 5228 μύρον
2686 5157 2823 5224 ἐστὶ,
2847 5158 2976 5228 παρ’
2998 5160 3301 5212 επισκόπου
3327 5159 3491 5229 μόνου
3519 5161 3830 5229 γινόμενον,

2258 5245 2320 5303 οὗ
2342 5253 2438 5318 τὴν
2454 5253 2615 5322 χάριν
2644 5254 2744 5304 οὐκ
2774 5251 2886 5321 ἔχει
2915 5251 3312 5324 πρεσδύτερος.
3355 5254 3461 5305 Καὶ
3483 5252 3736 5307 διακόνου
3781 5257 3836 5309 δί

2258 5343 2484 5406 οὐδόλως
2511 5345 2884 5413 μέμνηνταιοὶ
2923 5346 3147 5409 κανόνες
3182 5348 3239 5398 εν
3268 5348 3334 5414 τῇ
3378 5347 3610 5417 μεγίστῃ
3651 5348 3827 5421 ταύτῃ

2261 5435 2556 5504 ὑπηρεσίᾳ.
2587 5437 2648 5488 Εἰ
2679 5433 2772 5488 οὖν
2797 5435 3160 5506 πρεσϐύτεροι
3195 5437 3362 5506 χωρὶς
3399 5437 3554 5506 181
3601 5457 3838 5509 προτροο

2259 5525 2366 5592 πῆς
2399 5525 2498 5577 οὐκ
2534 5526 2750 5595 ἔχουσιν
2779 5527 2987 5594 ἄδειαν,
3020 5531 3114 5580 καὶ
3141 5528 3402 5580 διακόνων
3427 5530 3476 5579 οἱ
3516 5530 3740 5591 κανόνες
3778 5533 3836 5583 οὗ

2262 5618 2586 5684 μέμνηνται,
2621 5619 2735 5678 πῶς
2765 5617 2957 5686 ἕτερος
2988 5617 3208 5685 ἰδιώτης
3251 5618 3325 5688 μὴ
3356 5620 3658 5688 ἱερωσύνην
3702 5622 3840 5696 ὅλως

2259 5707 2460 5770 λαϐὼν,
2491 5708 2834 5778 ὑπηρετήσει
2887 5709 3063 5778 τούτῳ
3093 5709 3171 5779 τῷ
3229 5715 3519 5782 μυστηρίῳ
3580 5715 3674 5764 καὶ
3711 5715 3839 5782 ίερῷ

2260 5798 2354 5870 τῆς
2384 5803 2671 5880 μετανοίας
2696 5801 3133 5876 λειτουργήματι
3160 5818 3176 5873 ;
3207 5803 3342 5875 Περὶ
3375 5803 3434 5859 οὗ
3469 5805 3534 5876 δὴ
3561 5807 3656 5859 καὶ
3695 5808 3839 5861 κατὰ
