4186 6318
328 376 439 441 893

1634 374 1732 435 DE
1773 369 2287 432 POENITENTIA.

3408 391 3430 412 ρ
3473 369 3573 428 ιιι

322 488 542 558 Αογικδν
567 486 644 556 τῷ
675 484 940 552 κτίσαντι,
974 486 1311 554 κατηχεῖται.
1345 484 1454 537 Καὶ
1493 483 1590 553 τῆς
1617 482 1864 536 τελειοτά

2005 481 2316 544 luntarium,
2349 481 2528 536 virum
2560 493 2614 536 et
2643 482 2986 546 rationabile,
3013 482 3332 547 instruitur,
3358 493 3414 540 et
3447 499 3572 556 per-

322 597 423 650 της
458 579 603 646 ζωῆς
657 579 947 648 ὑφηγεῖται
982 577 1131 644 αὖτῷ
1160 579 1186 629 ὁ
1239 575 1418 645 ἱερεὺς
1450 580 1549 646 τὴν
1585 573 1886 629 πολιτείαν.

325 670 434 725 Καὶ
456 670 530 730 ὼς
567 667 819 721 πεινάσαι
851 666 983 733 ἔχει,
1027 669 1120 719 καὶ
1165 666 1413 736 διψῆσαι,
1453 666 1548 720 καὶ
1579 666 1892 734 γυμνητεῦ-

327 780 418 816 σαι
445 763 532 815 δια
584 761 840 831 Χριστὸν,
880 761 969 813 τὸν
1019 761 1190 814 ταῦτα
1239 761 1481 815 παθόντα
1536 762 1677 829 ὑπὲρ
1710 763 1892 832 ἡμῶν,

326 858 421 908 καὶ
444 854 804 918 ὀνειδισθῆναι
834 850 926 903 καὶ
956 850 1321 921 χλευασθῆναι
1350 852 1442 904 καὶ
1469 850 1769 922 διωχθῆναι
1798 851 1894 903 καὶ

325 946 503 999 πάντα
558 944 746 996 παθεῖν
804 941 875 992 δι’
937 943 1124 1003 αὑτὸν,
1185 944 1280 994 καὶ
1311 943 1543 1016 χαίρειν,
1576 944 1666 996 ὅτε
1717 940 1895 995 ταῦτα

323 1037 500 1091 πάντα
527 1040 683 1092 πάθοι
709 1035 796 1089 διὰ
830 1037 1063 1106 Χριστόν
1083 1054 1098 1068 ο
1133 1035 1226 1088 καὶ
1254 1035 1336 1087 ὅτι
1373 1036 1600 1104 μεγίστη
1629 1033 1659 1101 ἡ
1690 1032 1892 1101 δωρεά⁸

321 1131 417 1180 καὶ
469 1127 722 1198 δεύτερον
777 1127 1059 1198 βάπτισμα
1083 1126 1374 1194 λαμϐάνει,
1421 1127 1516 1178 καὶ
1567 1124 1894 1196 καθαίρεται

320 1219 432 1272 τῶν
461 1219 786 1288 ἀμαρτιῶνο
850 1221 944 1274 καὶ
999 1221 1112 1281 υίὸς
1145 1217 1320 1287 φωτὸς
1373 1215 1690 1268 δείκνυται’
1742 1214 1837 1268 καὶ
1868 1213 1896 1266 ὁ

321 1311 531 1379 Κύριος
584 1313 743 1380 ἡμῶν
793 1311 880 1364 ἐπ’
915 1311 1062 1380 αὐτῷ
1093 1310 1274 1381 χαίρει
1312 1309 1452 1377 μετα
1505 1308 1614 1361 τῶν
1643 1308 1895 1375 ἀγγέλων

321 1403 510 1469 αὑτοῦ,
546 1403 690 1456 θύων
741 1401 894 1474 αὐτῷ
927 1402 1021 1455 τὸν
1083 1403 1286 1471 μόσχον
1312 1401 1404 1453 τὸν
1455 1399 1722 1463 σιτευτὸν,
1757 1399 1895 1467 ὅπερ

309 1497 472 1551 -ιστὶν
504 1496 668 1550 αὐτοῦ
699 1496 760 1549 τὸ
789 1495 952 1564 σῶμα
991 1495 1084 1549 καὶ
1108 1489 1268 1562 αἷμα.
1303 1493 1411 1547 Kal.
1433 1494 1584 1555 ὅπως
1616 1489 1896 1558 ἀντιλογία

325 1584 425 1654 μὶν
465 1587 560 1638 καὶ
583 1583 833 1662 amicula,
865 1582 1214 1653 ὑπερηφανία
1234 1598 1293 1634 τε
1316 1582 1410 1634 καὶ
1428 1581 1495 1634 τὰ
1522 1578 1689 1633 λοιπὰ
1716 1577 1897 1632 πὶντα

321 1675 494 1738 δεινὰ,
525 1671 858 1744 πόῤῥιιβεῖεν
879 1670 1183 1747 ἀπ’λαύτοῦ,
1213 1671 1438 1724 πλουτεῖ
1467 1670 1524 1723 δὲ
1571 1669 1672 1739 τὴν
1701 1667 1898 1723 ταπεί-

323 1784 490 1821 νωσιν
512 1767 605 1820 καὶ
636 1767 733 1838 τὴν
763 1767 1009 1843 ὑπακοὴν
1045 1765 1141 1819 καὶ
1185 1762 1543 1833 φιλαδελφίαν
1582 1763 1680 1816 καὶ
1720 1758 1897 1815 trusi-

323 1876 506 1926 κειαν,
537 1859 642 1929 τὴν
664 1856 899 1937 μελέτην
927 1872 985 1910 τε
1017 1855 1115 1911 καὶ
1145 1856 1450 1923 ἀνάγνωσιν
1479 1855 1589 1907 τῶν
1620 1852 1781 1906 θείων
1805 1852 1893 1905 λο-

322 1953 481 2022 γίων,
513 1953 610 2005 καὶ
662 1952 896 2023 τήρησιν
936 1950 1037 2020 τῆς
1074 1949 1310 2021 καρδίας
1342 1947 1450 2001 ἀπὸ
1478 1946 1588 1999 τῶν
1630 1944 1898 2018 ῥυπαρῶν

323 2043 604 2114 λογισμῶν
631 2060 646 2074 ·
670 2043 749 2096 ἔτι
781 2042 837 2095 δὲ
866 2041 1129 2111 ἔργασίαν
1167 2040 1266 2110 τὴν
1302 2038 1442 2092 κατὰ
1485 2037 1716 2107 δύναμιν
1751 2053 1765 2069 ο
1802 2037 1900 2090 καὶ

322 2136 480 2198 τέλος
509 2135 834 2202 ἐξαγγελίαν
883 2133 990 2186 τῶν
1045 2135 1146 2200 τῆς
1178 2131 1412 2202 καρδίας
1459 2130 1723 2199 κρυπτῶν
1756 2129 1900 2182 κατὰ

324 2228 423 2289 τας
453 2227 602 2295 ίεράς
635 2243 690 2278 τε
718 2225 810 2276 καὶ
841 2223 993 2286 θείας
1031 2223 1338 2292 ὑποθήκας.
1369 2221 1462 2277 ’Δι’
1491 2216 1567 2275 ὧν
1596 2219 1898 2286 δείκνυται,

323 2314 401 2377 ὥς
425 2314 532 2381 ἄρα
567 2314 738 2378 καλῶς
764 2313 976 2384 εἴρηται
1004 2313 1065 2366 τὸ
1101 2313 1292 2382 σχῆμα
1323 2311 1384 2365 τὸ
1412 2309 1576 2380 ἅγιον
1617 2311 1675 2362 ὲν
1706 2311 1771 2380 τῇ
1808 2326 1902 2379 με·

323 2401 516 2470 τανοίᾳ
553 2394 715 2455 εἶναι.

881 2490 1131 2543 ΚΕΦΑΛ.
1178 2490 1348 2542 ΣΟΝ.

577 2584 638 2636 Τί
670 2583 708 2650 ἡ
741 2582 859 2636 τῶν
886 2583 1102 2651 τριχῶν
1121 2583 1402 2651 σημαίνει
1435 2580 1647 2647 κουρά.

397 2670 584 2727 Ταῦτα
608 2668 702 2726 οὖν
737 2673 915 2725 πάντα
946 2671 1394 2740 καθομολογήσας
1445 2670 1534 2721 ἐπ’
1572 2667 1747 2721 ἑλπίδι
1801 2669 1902 2738 τῆς

324 2765 609 2836 δυνάμεως
636 2765 730 2820 τοῦ
754 2765 1016 2836 Χριστοῦ,
1042 2765 1136 2818 καὶ
1163 2755 1568 2832 συνταξάμενος
1599 2763 1658 2813 ἐν
1689 2763 1903 2826 τούτοις

332 2859 520 2928 μένειν
548 2858 674 2928 ἄχρι
704 2854 889 2920 τέλους
922 2857 1069 2926 ζωῆς
1107 2855 1296 2920 αὑτοῦ,
1329 2855 1595 2915 ἑκουσίως
1627 2855 1733 2921 γὰρ
1765 2854 1906 2922 Χρι·

326 2949 440 3019 στῷ
474 2948 806 3014 ἀνατίθεται,
865 2947 1108 3017 κείρεται
1164 2944 1532 3014 σταυροειδῶς
1581 2943 1679 3007 τὰς
1708 2944 1904 3015 τρίχας

325 3041 426 3110 τῆς
452 3041 698 3110 κεφαλῆς
733 3045 812 3104 εἰς
837 3041 895 3094 τὸ
917 3041 1089 3111 ὄνομα
1118 3040 1217 3110 τῆς
1241 3039 1470 3109 Τριάδος
1500 3055 1514 3069 ·
1551 3038 1641 3091 διὰ
1672 3038 1770 3108 μὲν
1800 3038 1904 3108 τῆς

1999 571 2310 627 fet-tiSsima:
2349 573 2474 628 vita:
2495 574 2965 629 conversationem
3004 574 3153 628 illum
3194 574 3355 630 docet
3383 590 3569 632 sacer-

1999 666 2118 730 dos,
2171 666 2346 735 aperit
2396 665 2559 720 etiam
2613 673 2875 736 quantum
2933 667 3145 722 esurire
3190 668 3464 738 Oportebit
3519 679 3575 723 et

1999 756 2152 811 sitire
2208 766 2264 811 et
2320 757 2504 812 nudus
2537 773 2656 813 esse
2695 767 2923 829 prepter
2974 757 3253 813 Christum
3307 760 3399 830 qui
3447 761 3573 816 talia

1999 858 2220 919 propter
2267 864 2367 904 nos
2423 851 2696 914 toleravit,
2741 866 2958 906 necnon
3009 850 3224 920 injuriis
3268 847 3464 908 lacessi
3518 861 3574 908 et

1999 940 2172 1006 illudi,
2237 950 2291 996 et
2349 942 2780 1010 persecutionem
2834 943 2945 1011 pati
3003 943 3296 1013 omniaque
3348 957 3573 1014 pr0pter

1999 1046 2123 1086 eum
2181 1031 2342 1099 ferre,
2399 1042 2452 1086 et
2482 1032 2717 1101 gaudere
2747 1034 2965 1102 quando
2993 1033 3092 1088 ista
3124 1036 3306 1087 omnia
3350 1044 3576 1105 propter

1997 1105 2272 1178 Christum
2306 1125 2564 1192 patietur,
2628 1133 2684 1178 et
2709 1126 2971 1194 quoniam
3019 1126 3121 1181 hoc
3149 1133 3236 1180 est
3268 1126 3570 1180 maximum

1999 1213 2227 1280 donum,
2255 1223 2312 1269 et
2348 1215 2472 1283 quia
2505 1215 2809 1270 secundum
2846 1215 3043 1286 accipit
3073 1217 3425 1286 baptismum,
3460 1227 3514 1273 et
3547 1233 3578 1272 a

1998 1305 2238 1373 peccatis
2267 1307 2600 1372 mundatur,
2647 1314 2703 1362 et
2762 1308 2904 1364 [ilius
2963 1309 3101 1363 lucis
3157 1311 3487 1376 ostenditur,
3521 1323 3579 1365 et

2003 1387 2264 1446 Dominus
2292 1401 2478 1446 noster
2524 1395 2591 1448 de
2645 1409 2712 1449 eo
2760 1396 2961 1462 gaudet
3016 1412 3139 1451 cum
3178 1398 3386 1465 angelis
3431 1400 3572 1468 ejus,

1999 1481 2256 1537 occidens
2302 1483 2354 1538 ei
2395 1485 2621 1539 vitulum
2655 1487 2982 1557 saginatum,
3010 1490 3152 1557 quod
3181 1499 3265 1544 est
3293 1491 3429 1558 {ejus
3447 1505 3579 1545 cor-

2002 1587 2108 1642 pus
2128 1581 2184 1627 et
2213 1574 2437 1646 sanguis
2465 1592 2478 1640 ;
2532 1577 2736 1633 indicat
2764 1578 2929 1634 etiam
2957 1580 3235 1646 quomodo
3263 1579 3493 1636 rebellio
3522 1590 3577 1636 et

2003 1661 2375 1718 inobedientia
2407 1674 2572 1736 atque
2601 1669 2856 1738 superbia
2886 1679 3193 1742 ciuemque
3212 1673 3358 1726 mala
3392 1673 3576 1728 omnia

2001 1755 2188 1822 procul
2233 1756 2303 1809 ab
2330 1771 2396 1811 eo
2423 1757 2602 1813 futura
2635 1761 2766 1827 sint,
2800 1763 2894 1818 sed
2935 1777 3058 1817 eum
3081 1763 3301 1819 divitem
3335 1763 3574 1819 futurum

2000 1859 2124 1898 esse
2171 1847 2498 1915 humilitate,
2552 1853 2861 1908 obedientia
2889 1893 2904 1918 ,
2959 1854 3198 1910 fraterna
3239 1856 3574 1919 dilectione.

2003 1938 2450 2004 mansuetudine,
2484 1941 2840 1999 meditatione
2875 1954 2928 1999 et
2959 1945 3237 2013 agnitione
3266 1945 3576 2003 divinorum

2002 2041 2341 2095 sermonum,
2375 2045 2588 2086 necnon
2611 2047 2708 2088 cor
2727 2049 2849 2090 esse
2881 2047 3222 2092 servaturum
3251 2037 3319 2093 ab
3347 2039 3579 2109 impuris

2002 2121 2420 2187 cogitationibus
2448 2135 2782 2195 etquantum
2815 2131 3012 2198 poterit
3029 2141 3403 2200 operaturum.
3427 2132 3582 2189 Doni.

2002 2224 2108 2278 que
2137 2212 2451 2270 abscondita
2473 2217 2652 2271 cordis
2682 2219 2998 2275 manifestat
3021 2221 3323 2277 secundum
3359 2236 3578 2282 Sanctas

2002 2301 2055 2355 di
2068 2302 2321 2374 \‘inasque
2338 2305 2744 2362 institutiones-
2761 2309 2967 2376 Quibus
2984 2314 3308 2380 ostenditur,
3332 2316 3578 2372 habitum

2005 2404 2252 2447 sanctum
2284 2409 2428 2460 esse,
2456 2408 2616 2467 prout
2649 2409 2796 2454 recte
2842 2402 3100 2470 diximus,
3146 2405 3199 2458 in
3235 2408 3576 2476 poenitentia.

2515 2485 2747 2544 CAPUT
2784 2488 3061 2548 CCLXXI.

2287 2575 2428 2640 Quid
2451 2578 2648 2633 indicet
2690 2591 2912 2636 tonsura
2950 2586 3292 2655 capillorum.

2073 2661 2282 2720 lJcirco
2339 2666 2454 2722 haec
2501 2669 2683 2724 omnia
2741 2671 3025 2729 confessus
3090 2676 3145 2730 in
3202 2692 3300 2747 spe
3363 2679 3580 2737 virtutis

2001 2755 2243 2822 Christi,
2283 2768 2338 2813 et
2375 2759 2633 2817 fratribus
2666 2771 2953 2834 cooptatus
2990 2767 3131 2824 inter
3168 2782 3264 2825 eos
3302 2787 3474 2843 usque
3511 2776 3580 2829 ad

2006 2847 2168 2902 ﬂnem
2200 2848 2326 2905 vita:
2357 2865 2468 2906 suae
2497 2868 2904 2923 permansurus,
2929 2859 3165 2916 libenter
3187 2863 3332 2918 enim
3361 2865 3582 2921 Christo

2004 2938 2248 3006 dicatur,
2283 2940 2336 2995 in
2367 2944 2588 3000 modum
2624 2947 2804 3001 crucis
2838 2949 3050 3018 capillis
3080 2953 3277 3022 capitis
3315 2956 3581 3012 tondetur

2006 3026 2063 3082 in
2107 3029 2333 3085 nomine
2366 3031 2669 3101 Trinitatis,
2707 3052 2806 3106 per
2839 3037 3164 3097 Trinitatem
3197 3056 3577 3116 consecratus,

282 3152 298 3166 ο
326 3131 559 3203 Τριὰδος
585 3131 925 3202 τελούμενος,
956 3130 1046 3184 διὰ
1076 3130 1132 3184 δὲ
1159 3127 1256 3183 τοῦ
1305 3126 1544 3199 σταυροῦ
1567 3129 1666 3199 τὴν
1693 3127 1900 3198 νέκρω-

2007 3134 2101 3190 per
2138 3135 2362 3177 erucem
2407 3139 2537 3180 vero
2579 3141 2640 3182 se
2689 3139 2960 3185 mortuum
3009 3135 3215 3191 mundo
3247 3139 3576 3207 ostendens,

327 3239 414 3276 σιν
439 3225 530 3276 τοῦ
574 3224 782 3292 κόσμου
815 3223 1011 3294 δηλῶν,
1044 3222 1138 3274 καὶ
1193 3220 1628 3291 σφραγιζὸμενος
1651 3219 1730 3290 τῷ
1761 3219 1901 3290 inti;

518 3315 674 3384 ἡμῶν
729 3314 1134 3384 σταυρωθέντιο
1183 3314 1273 3366 διὰ
1323 3313 1380 3366 δὲ
1427 3311 1528 3381 τῆς
1560 3312 1905 3380 ἀφαιρέσεως

326 3410 424 3460 καὶ
452 3407 653 3475 κουρᾶς
673 3406 780 3459 τῶν
809 3405 1012 3475 τριχῶν
1035 3404 1290 3472 ἀπαρχὴν
1324 3405 1388 3456 ὲκ
1422 3403 1514 3455 τοῦ
1552 3403 1806 3471 σώματος
1830 3402 1906 3466 ὡς

327 3494 520 3548 θυσίαν
550 3495 874 3566 προσφέρων
900 3497 978 3567 τῷ
1005 3496 1194 3567 Κυρίῳ
1215 3513 1230 3530 ο
1262 3498 1344 3549 ὅτι
1377 3496 1499 3558 ὅλος
1535 3495 1902 3565 προσάγεται,

331 3587 426 3642 καὶ
454 3587 776 3657 ἀφιεροῦται
806 3586 1047 3656 Χριστῷ,
1100 3587 1194 3641 καὶ
1223 3589 1297 3651 ὼς
1324 3588 1414 3658 ⁴τὰ
1456 3586 1696 3658 περιττὰ
1729 3587 1906 3641 πάντα

328 3683 427 3737 καὶ
448 3662 523 3734 τὰ
551 3678 644 3733 τοῦ
673 3679 881 3750 κόσμου
914 3679 1338 3749 ὰποτιθὲμενος.

873 3795 1122 3852 ΚΕΦΑΛ.
1176 3796 1344 3848 ΣοΒ¹.

438 3887 538 3956 Τίς
567 3889 603 3958 ή
626 3887 880 3958 δύναμις
903 3885 1024 3940 τῶν
1045 3886 1160 3954 πρὸ
1191 3885 1302 3956 τῆς
1323 3885 1547 3957 κουρᾶς
1573 3887 1796 3957 εὐχῶν.

402 4047 516 4118 Πρδ
545 4047 643 4118 τῆς
685 4046 890 4116 κουρᾶς
934 4045 1011 4112 δὲ,
1065 4045 1203 4114 μετὰ
1231 4044 1332 4108 τὰς
1365 4044 1716 4115 ὑποσχέσεις,
1739 4047 1906 4117 εὐχὰς

331 4143 483 4214 παρᾶ
508 4139 602 4195 τοῦ
630 4140 818 4210 ἱερέως
837 4139 1050 4209 δέχεται
1076 4139 1249 4210 ἱεράς.
1287 4139 1395 4192 Καὶ
1421 4142 1454 4210 ἡ
1490 4141 1587 4209 μὲν
1619 4140 1792 4208 ἔστιν,
1819 4142 1906 4195 ῐνα

331 4236 360 4287 ὁ
392 4230 802 4300 πανοικτίρμων
823 4231 956 4294 Θεὸς
983 4230 1303 4296 ὑποδέξαιτο
1358 4232 1523 4286 αὑτὸν
1567 4233 1641 4295 ὡς
1666 4234 1905 4303 προσελ-

332 4323 496 4379 θόντα
517 4362 533 4388 ,
565 4325 658 4376 καὶ
690 4320 1124 4389 ὑπαγκαλίσαιτο
1151 4321 1224 4386 ὡς
1247 4322 1338 4374 τὸν
1358 4322 1587 4390 ἄσωτον,
1617 4324 1712 4377 καὶ
1739 4324 1837 4376 ὗπε
1849 4341 1906 4394 ρ-

333 4413 565 4468 ασπίσαι
621 4411 784 4464 αὑτοῦ
820 4411 909 4464 διὰ
936 4411 1064 4473 τοὺς
1105 4412 1190 4462 ἀεὶ
1248 4410 1624 4481 πολεμοῦντας
1648 4427 1661 4442 ·
1693 4414 1790 4466 καὶ
1815 4413 1903 4465 ῐνα

335 4507 567 4560 πάντοτε
599 4504 694 4558 σὺν
736 4501 884 4570 αὑτῷ
913 4498 973 4575 ᾖ,
1000 4501 1329 4575 ζεύφραίνων
1360 4500 1522 4554 αὑτοῦ
1557 4504 1652 4554 καὶ
1680 4503 1901 4571 γλυκαί-

334 4613 442 4650 νων
461 4600 562 4666 τὴν
591 4593 817 4664 καρδίαν
838 4573 1283 4664 τῇ-παρακλῆσει
1335 4592 1432 4647 τοῦ
1469 4591 1617 4645 θείου
1655 4594 1906 4664 Πνεύμα-

333 4704 445 4758 τος,
477 4686 643 4752 ἀξιῶν
675 4684 837 4738 αὑτὸν
859 4683 958 4738 καὶ
983 4683 1083 4750 τῆς
1143 4682 1362 4753 μερίδος
1390 4683 1499 4763 τῶν
1527 4683 1711 4750 ὁσίων,
1746 4678 1821 4740 ὦν
1850 4684 1910 4738 τὸ

339 4778 528 4848 σχῆμα
573 4774 838 4840 ἐνδύεται,
892 4775 981 4828 ενα
1013 4775 1109 4830 καὶ
1159 4775 1258 4827 σὺν
1304 4775 1487 4837 αὐτοῖς
1519 4775 1910 4846 κληροειομήσῃ

335 4871 434 4941 τὴν
470 4867 748 4938 βασιλείαν
778 4865 886 4920 τῶν
907 4864 1176 4936 οὐρανῶν,
1199 4866 1257 4918 ὲν
1287 4866 1436 4936 αὐτῷ
1466 4865 1543 4936 τῷ
1564 4867 1811 4938 Χριστῷ,
1850 4869 1911 4919 ὃν

336 4962 433 5015 καὶ
461 4961 673 5027 εὑλογεϊ
707 4958 805 5011 σὺν
839 4956 916 5028 τῷ
957 4958 1133 5026 Πατρὶ
1167 4957 1260 5010 καὶ
1291 4956 1368 5026 τῷ
1400 4957 1704 5026 Πνεὺματι.
1755 4958 1906 5027 Δῦτη

336 5052 444 5122 γὰρ
474 5052 508 5122 ἡ
533 5050 727 5119 κλῆσις
760 5049 937 5101 πάντα
957 5049 1039 5101 -τὰ
1070 5048 1186 5100 θεῖα
1217 5047 1420 5114 δίδωσι,
1462 5048 1554 5100 καὶ
1585 5048 1675 5100 τὸν
1723 5049 1912 5101 τελού-

340 5162 500 5215 μενον
524 5142 740 5195 τελειοῐ.
768 5141 1003 5194 Ἔπειτα
1036 5141 1346 5208 σφραγίσας
1383 5139 1567 5205 αὑτὸν,
1625 5141 1722 5193 καὶ
1773 5144 1908 5212 πρὸς

344 5233 608 5296 ἀνατολὰς
653 5225 934 5301 στραᾳεὶς,
994 5230 1092 5299 τὴν
1141 5230 1476 5300 τελεωτέραν
1509 5231 1656 5298 λέγει
1710 5232 1899 5302 εὐχὴν,

339 5327 428 5382 ιπ⁹
449 5327 678 5396 ἐδάφους
701 5325 955 5392 κειμένου
987 5321 1082 5376 τοῦ
1129 5323 1484 5392 τελουμένου.
1531 5340 1549 5372 ι
1591 5323 1652 5374 Ὀ
1685 5321 1782 5384 ῶν,
1815 5323 1912 5376 Δέ-

341 5436 534 5485 σιτοτα,
569 5416 760 5486 Κύριε,
786 5416 815 5466 ὁ
863 5413 1000 5484 μετὰ
1034 5412 1126 5467 τοῦ
1159 5413 1361 5477 ζῶντος
1410 5414 1507 5466 καὶ
1537 5415 1908 5468 ὲνυποστὰτου

338 5511 515 5577 Λόγου
547 5525 665 5574 σου,
695 5507 790 5563 καὶ
820 5503 916 5558 τοῦ
946 5505 1098 5575 παρὰ
1128 5503 1220 5556 συῦ
1257 5503 1700 5574 ἐκπορευομένου
1737 5505 1908 5556 Ilvati-

343 5615 508 5668 ματος
537 5598 636 5666 τῆς
670 5594 928 5666 ἀληθείας
952 5607 968 5624 ο
1011 5613 1029 5646 ι
1070 5593 1129 5646 δν
1161 5590 1254 5647 κάι
1293 5593 1424 5646 Θεὸν
1446 5595 1690 5661 ἀγγέλων
1721 5597 1909 5665 φησὶν,

339 5686 383 5760 ᾧ
421 5693 514 5744 καὶ
535 5690 605 5742 τὰ
639 5689 890 5758 Σεραφὶμ
923 5686 1290 5755 παρίστανται
1315 5685 1682 5753 ἀ-θυμνοῦντα,
1724 5690 1816 5738 καὶ
1853 5689 1912 5740 τὸ

347 5783 462 5850 φῶς
508 5779 570 5834 τδ
617 5777 868 5849 ἀληθινὸν
925 5777 984 5830 τὸ
1043 5775 1278 5845 φωτίζον
1337 5775 1540 5844 πάντα,
1577 5775 1738 5831 αὑτὸν
1774 5772 1910 5830 εἶναι

2005 3219 2060 3266 et
2101 3215 2458 3272 conﬁrmatus
2508 3218 2557 3274 ei
2604 3221 2695 3289 qui
2753 3239 2853 3294 pro
2902 3225 3062 3282 nobis
3107 3227 3580 3302 fuitcrucilixus;

2006 3315 2104 3372 per
2141 3314 2422 3363 tonsuram
2457 3321 2641 3366 autem
2674 3322 2730 3368 et
2760 3331 3004 3372 rasuram
3041 3321 3232 3390 capitis
3273 3326 3429 3393 quasi
3468 3329 3584 3396 prio

2005 3397 2188 3452 mitias
2215 3413 2281 3453 ex
2310 3416 2540 3471 corpore
2573 3405 2628 3459 in
2661 3409 2990 3465 sacriﬁcium
3025 3411 3135 3468 Deo
3165 3413 3406 3482 oﬂ'errct,
3439 3436 3581 3489 quo-

2006 3487 2152 3542 niam
2203 3488 2319 3557 ipse
2362 3500 2508 3548 totus
2555 3494 2784 3552 oﬂ'ertur
2829 3506 2886 3554 et
2932 3500 3164 3558 Domino
3198 3487 3576 3579 consecratur,

2005 3588 2061 3632 et
2092 3580 2245 3649 quasi
2279 3582 2461 3636 omnia
2497 3585 2766 3655 superﬂua
2799 3598 2853 3644 et
2881 3593 3049 3647 mund
3093 3609 3159 3650 na
3189 3595 3489 3668 abjiceret.

2499 3789 2730 3846 CAPUT
2769 3793 3067 3852 CCLXXII.

2007 3875 2268 3944 Quantam
2296 3877 2620 3950 signiﬁcatio
2648 3899 2861 4005 pr‘ecum
2902 3905 3019 3957 qua:
3054 3899 3289 3949 tonsura:
3339 3899 3583 3966 prtem“-

2725 3966 2907 4005 untur.

2725 3966 2907 4012 untur.

2077 4044 2302 4098 At-ante
2326 4051 2627 4113 tonsuram,
2655 4057 2782 4118 post
2810 4061 3055 4104 votorum
3081 4058 3577 4126 nuncupationem.

2007 4146 2197 4203 preces
2242 4149 2424 4190 sacras
2463 4151 2493 4190 a
2538 4138 2824 4194 sacerdote
2868 4141 3092 4211 accipit.
3130 4143 3308 4200 Prima
3357 4149 3579 4217 quidem

2008 4237 2092 4280 est
2115 4237 2174 4280 ut
2196 4227 2357 4283 totius
2382 4228 2768 4286 misericordiae
2793 4233 2937 4288 Deus
2965 4234 3113 4289 illum
3143 4247 3203 4291 ut
3230 4241 3582 4298 accedentem

2007 4318 2290 4388 suscipiat,
2328 4328 2382 4374 et
2430 4323 2792 4391 amplectatur
2821 4335 2880 4379 ut
2921 4327 3231 4398 prodigum,
3264 4341 3318 4385 et
3366 4340 3584 4388 tueatur

2009 4406 2270 4462 adversus
2333 4407 2583 4465 inimicos
2642 4411 2846 4482 jugiter
2917 4419 3317 4485 aggredientcs.
3404 4421 3584 4492 thue

2012 4512 2230 4569 semper
2261 4499 2332 4554 sit
2358 4514 2484 4554 cum
2519 4517 2607 4567 eo,
2633 4503 2913 4558 delectans
2943 4516 2998 4560 et
3028 4507 3312 4564 laetiﬁcans
3337 4526 3431 4566 cor
3463 4515 3584 4582 ejus

2013 4589 2386 4646 consolatione
2437 4591 2707 4662 Spiritus,
2757 4608 2882 4648 eum
2935 4595 3168 4664 dignans
3224 4600 3316 4668 qui
3370 4613 3579 4670 partem

2012 4680 2210 4735 habeat
2254 4695 2376 4734 cum
2428 4681 2635 4736 sanctis
2680 4697 2913 4752 quorum
2960 4685 3136 4739 induit
3187 4676 3473 4754 habitum;
3527 4704 3586 4746 ut

2011 4785 2136 4825 cum
2192 4770 2272 4824 eis
2325 4782 2691 4838 consequatur
2747 4789 2973 4843 regnum
3033 4775 3294 4830 cmlorum
3351 4778 3403 4831 in
3467 4780 3586 4849 ipso

2011 4861 2229 4917 Christo
2260 4877 2420 4930 quem
2463 4863 2738 4917 benedicit
2772 4879 2896 4918 cum
2931 4865 3091 4918 Patre
3123 4874 3176 4919 et
3212 4865 3417 4935 Spiritu
3445 4887 3458 4933 ;
3495 4871 3584 4923 ilia

2011 4954 2157 5006 enim
2195 4952 2468 5008 invocatio
2499 4954 2683 5009 divina
2717 4955 2810 5008 dat
2840 4955 3024 5008 onmia
3056 4965 3109 5009 et
3142 4956 3416 5011 initiatum
3460 4975 3586 5028 per-

2014 5043 2146 5098 licit.
2172 5041 2375 5098 Deinde
2401 5060 2524 5098 eum
2558 5046 2779 5116 signans
2803 5055 2857 5099 et
2891 5045 2956 5099 ad
2989 5047 3257 5099 orientem
3285 5062 3584 5105 conversus

2014 5134 2398 5204 perfectiorem
2453 5137 2589 5190 dicit
2629 5138 2938 5191 orationem
2965 5177 2978 5201 ,
3017 5137 3232 5192 initiato
3271 5139 3490 5208 jacente
3527 5142 3584 5196 in

2013 5227 2328 5299 pavimento
2362 5245 2374 5282 :
2409 5246 2426 5280 ι
2462 5231 2502 5280 Ο
2530 5238 2584 5282 tu
2615 5230 2706 5293 qui
2741 5245 2822 5293 es,
2856 5229 3082 5282 Domine
3112 5229 3275 5294 Deus,
3303 5245 3427 5285 eum
3463 5235 3585 5288 vivo

2013 5330 2068 5375 et
2107 5323 2560 5377 consubstantiali
2602 5326 2778 5379 Verbo
2812 5335 2940 5392 tuo,
2982 5337 3038 5383 et
3086 5327 3414 5398 procedente
3453 5341 3484 5380 a
3533 5336 3588 5381 te

2015 5408 2226 5478 Spiritu
2281 5410 2705 5478 reritatis,..._r
2741 5453 2755 5478 ,
2822 5432 2986 5486 quem
3042 5416 3211 5471 Deum
3267 5417 3584 5484 angelorum

2014 5501 2278 5570 appellat,
2320 5503 2406 5556 cui
2461 5502 2746 5574 Seraphim
2795 5509 3138 5562 concinendo
3187 5510 3590 5577 circumstant,

2013 5608 2249 5661 eumque
2285 5610 2474 5647 verum
2510 5611 2633 5651 esse
2681 5597 2863 5651 lumen
2908 5615 3018 5657 nuo
3060 5601 3436 5654 illuminanlur
3472 5615 3594 5653 om-

2014 5686 2128 5749 nia,
2151 5688 2304 5756 cujus
2337 5689 2632 5757 splendore
2664 5700 2912 5760 stupent,
2945 5702 3052 5745 tota
3079 5707 3441 5747 supernorum
3478 5693 3591 5760 pri-

2015 5776 2416 5847 mogenitorum
2473 5780 2714 5833 Ecclesia
2789 5791 3054 5848 testatur,
3113 5793 3167 5836 et
3224 5789 3479 5845 precatur
3534 5790 3594 5835 ut
