4186 6318
331 362 433 426 517

1641 363 1736 423 DE
1779 363 1836 426 S.
1876 359 2324 424 EUCIIEL/EO.

3502 357 3608 422 518

331 482 518 545 λωσιν,
551 482 584 552 ἢ
632 482 723 536 xa‘.
751 481 825 546 ὡς
857 483 1056 553 νεκρᾶς
1093 479 1264 552 sliat];
1294 483 1391 549 τῆς
1424 481 1603 550 ψυχῆς
1634 477 1779 533 κατά
1828 476 1915 546 με·

2029 475 2092 528 ςίι
2135 475 2342 535 anima,
2381 475 2445 529 ad
2480 475 2841 532 imitationem
2875 475 3153 548 propheta:
3189 493 3424 552 puerum
3457 479 3608 539 illius

334 591 502 645 μησιν
535 574 628 628 τοῦ
659 574 968 647 Προφήτου,
1004 575 1079 638 ὡς
1111 576 1202 626 ἐπὶ
1238 575 1331 627 τοῦ
1363 574 1550 634 παιδὸς
1571 573 1784 640 ἐκείνης
1819 571 1914 638 τῆς

332 667 746 732 Σουμανίτιδος,
773 669 1089 738 εὐξαμένων
1106 666 1214 720 τῶν
1239 667 1429 734 ἱερέων
1455 665 1700 728 cistam;
1713 665 1919 733 ταύτην

333 758 612 828 ἐγείρωσι,
667 759 808 813 καθά
864 761 928 830 δὴ
984 760 1079 812 καὶ
1135 761 1162 812 6
1219 759 1524 820 Ἐλισσαῖος
1575 756 1668 810 τὸν
1727 756 1916 819 παῖδα,

332 848 497 919 200
525 851 755 912 ἑπτάκις
789 850 1221 920 ὲπανακάμψας,
1274 852 1365 904 καὶ
1406 848 1638 911 ἑπτάκις
1689 848 1921 917 εὐξάμε-

334 959 442 1005 νος·
477 946 508 1014 ἢ
541 944 634 996 καὶ
672 944 748 1005 ὼς
781 945 808 997 6
850 942 1037 1006 Ἠλίας
1072 942 1306 1007 ἑπτάκις
1335 942 1657 1013 εὐξάμενος,
1704 940 1795 993 τὸν
1829 940 1920 993 οὖ-

333 1036 496 1106 ρανδν
541 1034 601 1088 ὃν
635 1034 848 1088 ἔκλεισε
899 1037 1010 1098 τοῖς
1071 1036 1457 1107 ἁμαρτήμασι,
1516 1035 1683 1089 πάλιν
1739 1034 1920 1105 ἧνοιξε

329 1130 429 1182 καὶ
469 1125 787 1198 κατήγαγεν
815 1129 994 1192 ὑετὸν,
1025 1130 1120 1184 καὶ
1147 1129 1297 1183 οὗτοι
1342 1129 1573 1194 ἑπτάκις
1602 1129 1917 1197 εὐξάμενοι,

329 1219 536 1273 λύσωσι
567 1220 669 1288 μὲν
697 1220 791 1274 τὸν
821 1220 922 1291 τῆς
968 1221 1246 1294 ἁμαρτίας
1269 1222 1508 1294 αὐχμὸν,
1554 1222 1812 1287 ἀνοίξωσι
1861 1220 1921 1275 δὲ

334 1310 476 1363 κατά
503 1309 598 1363 τὸν
631 1311 958 1377 Πέτρονιτὸν
1007 1314 1264 1382 οὐρανὸν,
1298 1314 1396 1380 τὴν
1423 1313 1609 1368 κλεῖδα
1664 1312 1922 1385 βαλόντες

332 1401 432 1470 τῆς
461 1400 704 1472 χάριτος,
763 1405 857 1457 καὶ
916 1402 1012 1458 τὸν
1055 1405 1203 1458 ελεον
1252 1406 1316 1460 ἐκ
1360 1405 1496 1460 Θεοῦ
1531 1407 1628 1474 τῆς
1672 1407 1923 1477 ἀφέσεως

334 1491 412 1557 ὡς
461 1493 617 1548 ὑετὸν
650 1496 1060 1566 καταγάγωσιν.
1113 1491 1285 1561 Οὗτος
1321 1499 1423 1569 μὲν
1457 1500 1550 1554 οὖν
1590 1503 1618 1556 6
1666 1500 1815 1565 νοῦς,
1846 1500 1923 1563 ὡς

333 1586 457 1654 ὲμοὶ
487 1587 657 1657 δοκεῖ,
703 1592 975 1661 περὶτῶν
1024 1593 1186 1648 ἑπτά.
1227 1593 1386 1656 Τινὲς
1433 1593 1492 1647 δὲ
1543 1591 1673 1646 ἔνθα
1723 1592 1922 1656 σπάνις

336 1675 550 1747 ῑερέων,
583 1680 680 1734 καὶ
709 1683 862 1749 τρεῖς
889 1683 1332 1753 προσκαλοῦνται
1364 1684 1584 1756 μόνους.
1621 1684 1732 1738 Kal
1762 1682 1923 1739 τοῦτο

333 1767 396 1820 οὐ
425 1771 730 1840 μεμπτέον.
775 1772 973 1828 Ἔσται
1024 1776 1134 1846 γάρ
1165 1776 1388 1847 πρῶτον
1430 1777 1532 1848 μὶν
1560 1777 1650 1833 διά
1689 1777 1924 1849 δύναμιν

2026 568 2395 625 Sumanitidis
2436 569 2500 623 ad
2553 570 2718 624 vitam
2763 571 3091 636 revocantis,
3140 573 3456 631 sacerdmes
3489 590 3613 645 sep-

2025 643 2134 714 ties
2193 661 2467 730 deprecati
2527 662 2675 716 illam
2734 665 3091 729 resuscitant,
3145 643 3610 734 quemadmodum

2023 751 2251 805 Elismus
2279 767 2506 820 puerum
2543 756 2744 824 septies
2773 755 2826 808 in
2867 771 2992 809 eum
3023 756 3344 811 incurvatus
3378 768 3433 812 ct
3483 773 3609 829 δορα

2027 842 2131 895 ties
2181 843 2500 910 deprecatus
2542 860 2556 910 ;
2618 844 2701 898 vel
2735 845 2956 913 perinde
2985 862 3049 901 ac
3080 847 3226 903 Elias
3257 849 3458 916 septies
3485 861 3614 917 pre-

2027 943 2181 988 catus
2211 935 2410 989 eoelum
2440 936 2585 1005 quod
2625 946 2845 1006 propter
2879 949 3101 1007 peccata
3142 940 3439 1005 clauserat,
3484 955 3610 993 rur-~

2025 1043 2146 1082 sum
2203 1030 2439 1098 aperuit.
2503 1037 2556 1083 et
2619 1029 2747 1083 inde
2810 1031 3050 1099 pluviam
3117 1032 3328 1092 eduxit.
3389 1033 3461 1087 ita
3521 1032 3612 1088 isti

2025 1119 2232 1186 septies
2255 1120 2534 1189 deprecati
2556 1120 2778 1175 solvunt
2799 1121 3021 1192 quidem
3045 1125 3251 1190 peccati
3287 1125 3608 1191 siccitatem,

2026 1210 2225 1264 emtum
2283 1226 2415 1266 vero
2469 1212 2729 1281 aperiunt
2785 1229 2939 1270 more
2975 1215 3123 1268 Petri
3185 1216 3394 1272 clavem
3424 1217 3616 1287 gratias

2027 1309 2328 1372 gesmntes,
2359 1312 2416 1358 et
2451 1305 2885 1360 misericordiam
2941 1322 2969 1360 a
3033 1306 3144 1362 Deo
3187 1291 3530 1366 remissionis
3555 1318 3617 1366 ut

2028 1393 2265 1463 pluviam
2295 1395 2556 1450 educunt.
2628 1395 2751 1452 Hac
2784 1407 2868 1453 est
2910 1399 3074 1464 ratio,
3110 1409 3167 1453 ut
3214 1401 3347 1456 mihi
3379 1402 3614 1469 videtur,

2025 1486 2094 1542 de
2133 1494 2342 1556 septem
2375 1486 2774 1546 saterdotibus.
2819 1489 3051 1556 Quidam
3099 1506 3254 1558 vero,
3295 1493 3385 1549 ubi
3412 1503 3498 1551 est
3529 1510 3619 1552 sa-

2027 1579 2311 1635 cerdotum
2345 1582 2599 1651 penuria,
2636 1592 2749 1638 tres
2785 1593 2998 1638 tantum
3067 1585 3367 1651 advocant,
3427 1597 3483 1644 et
3510 1588 3617 1647 hoc

2026 1673 2186 1743 culpa
2247 1684 2420 1730 caret.
2486 1673 2573 1731 Fit
2623 1676 2769 1731 enim
2827 1679 3067 1748 primum
3113 1679 3334 1750 quidem
3393 1671 3620 1753 propter

2027 1767 2283 1822 virtutem
2338 1765 2649 1835 Trinitatis,
2681 1768 2880 1827 deinde
2933 1787 3062 1827 vero
3119 1783 3340 1841 propter
3388 1774 3517 1831 illud
3547 1776 3618 1832 ab

333 1821 438 1926 τῆξ
779 1863 977 1921 ἔπειτα
1026 1821 1084 1922 δὲ
1104 1821 1239 1925 Γκαῖ
1272 1870 1362 1925 διὰ
1391 1821 1470 1926 1:6—
1484 1872 1564 1935 εἰς
1591 1821 1921 1942 μαρτυρίαν

2029 1857 2143 1914 Elia
2197 1859 2250 1915 in
2319 1861 2692 1918 testimonium
2742 1871 2798 1917 et
2853 1863 3297 1934 praedicationem
3330 1863 3620 1926 Trinitatis

335 1953 431 2011 sal
465 1954 732 2028 κήρυγμα
781 1960 881 2028 τῆς
913 1959 1144 2031 Τριάδος
1198 1963 1352 2034 παρά
1389 1964 1486 2018 τοῦ
1520 1962 1706 2018 Ἦλιοῦ
1759 1963 1922 2018 πάλιν

335 2047 581 2115 γεγονὸς,
625 2049 714 2104 ὅτε
767 2045 1114 2122 νεὶιρωθέντα
1146 2056 1241 2109 τὸν
1283 2056 1398 2109 υίὸν
1434 2057 1752 2127 Σαραςρθίας
1798 2056 1921 2110 ἀνέ-

339 2151 529 2210 στησε,
555 2141 676 2208 τρὶς
699 2141 1150 2220 προσευξάμενος
1176 2145 1272 2198 καὶ
1291 2145 1412 2216 τρὶς
1438 2146 1720 2199 ἐπιπεσὼν
1747 2145 1919 2215 αὐτῷ.

334 2229 495 2292 Τινὲς
526 2231 581 2286 δὲ
621 2236 718 2287 καὶ
753 2235 1008 2300 πλείονας
1057 2237 1169 2290 τῶν
1200 2238 1340 2291 emat
1371 2237 1814 2310 συναθροίζουσιν
1843 2241 1922 2303 sic

323 2322 586 2388 -πλείονος
608 2326 810 2396 δεῖγμα
850 2327 1089 2392 πίστεώς
1124 2346 1185 2382 τε
1213 2332 1305 2384 καὶ
1337 2331 1668 2402 προθυμίαςέ
1691 2332 1833 2386 Ἀλλ’
1858 2332 1920 2385 οὐ

337 2415 901 2487 πολυπραγμονητέον
960 2420 1092 2491 περὶ
1143 2421 1240 2474 τοῦ
1277 2421 1514 2492 ἀριθμοῦ
1549 2440 1565 2456 ο
1621 2426 1742 2478 ἐπεὶ
1797 2425 1921 2479 οὐδὲ

338 2505 572 2579 ἀριθμὸς
599 2511 894 2581 γράφεται.
948 2513 1098 2583 Πλὴν
1127 2514 1176 2566 εί
1208 2516 1302 2570 καὶ
1340 2515 1401 2569 οὐ
1440 2517 1772 2585 γέγραπται,
1805 2517 1922 2570 ἀλλ’

337 2602 636 2670 ἀναγκαῖον
685 2604 784 2675 τὴν
830 2606 1067 2676 ἀρχαίαν
1121 2608 1404 2678 τηρεῖσθαι
1462 2609 1782 2679 παράδοσιν.
1811 2610 1923 2662 Kal

337 2693 584 2749 εστωσαν
613 2697 714 2767 μὲν
753 2698 898 2752 ἐπτά
931 2699 1007 2763 ὡς
1055 2698 1175 2763 ἔθος
1221 2700 1450 2769 ἀρχαῖον
1469 2717 1492 2746 ο.
1518 2703 1567 2754 εἰ
1604 2700 1649 2756 δ’
1681 2703 1922 2770 ἀνάγκη,

336 2787 398 2840 τὸ
425 2787 647 2842 ἔλαττον
675 2792 846 2859 τρεῖς·
878 2791 975 2844 καὶ
1008 2791 1188 2844 πάντα
1225 2791 1540 2860 λεγέτωσαν
1564 2793 1663 2847 ὅσα
1687 2795 1925 2867 παραδέ-

336 2877 486 2933 δοται
525 2877 804 2949 λέγεσθαιο
856 2881 940 2935 δτι
991 2880 1084 2934 τοῦ
1126 2882 1444 2952 Πνεύματος
1488 2887 1668 2939 πάντα
1701 2888 1767 2940 ἐκ
1813 2888 1925 2942 τῶν

337 2969 600 3041 Πατάρων
633 2971 784 3028 ὄντα.
823 2969 918 3036 Εἷς
948 2959 1004 3036 ξι
1037 2973 1410 3044 πρεσϐύτερος
1445 2976 1520 3048 μὴ
1562 2979 1788 3034 ποιείτω
1837 2980 1925 3034 εὑ-

334 3060 577 3130 χὲλαιονο
611 3065 798 3128 ὅτι-ὡς
831 3066 960 3136 περ)⁸
990 3067 1301 3121 ἐπισκόπου
1348 3052 1660 3139 γέγραπται
1694 3071 1771 3140 μὴ
1811 3090 1927 3142 χει-

2026 1967 2219 2008 rursus
2289 1953 2516 2019 factum,
2591 1955 2812 2024 quando
2883 1967 3162 2013 mortuum
3222 1956 3621 2030 Sareplttltena

2028 2044 2201 2098 ﬁlium
2233 2045 2606 2110 resuscitavit,
2651 2055 2734 2100 ter
2776 2046 3129 2116 deprecatus,
3175 2059 3371 2122 terque
3404 2049 3459 2105 in
3489 2065 3617 2107 eum

2026 2138 2370 2193 incurvatus.
2437 2136 2669 2204 Quidam
2734 2149 2917 2194 autem
2970 2140 3156 2210 plures
3193 2156 3357 2211 quam
3405 2153 3618 2214 septem

2023 2220 2357 2302 congregant
2387 2230 2440 2285 in
2465 2230 2679 2302 signum
2704 2230 2929 2302 majoris
2945 2233 3075 2307 ﬁdei
3104 2245 3157 2289 et
3178 2234 3489 2299 voluntatis.
3509 2235 3620 2292 Sed

2025 2338 2136 2377 non
2191 2333 2408 2391 Oportet
2441 2324 2508 2380 de
2544 2339 2774 2381 numero
2810 2325 3146 2398 disceptare,
3197 2343 3322 2386 cum
3354 2344 3618 2386 numerus

2027 2417 2263 2484 scriptus
2290 2431 2400 2470 non
2434 2417 2526 2472 sit.
2561 2416 2841 2485 Attamen,
2875 2402 2977 2475 etsi
3007 2421 3247 2492 scriptus
3279 2437 3391 2477 non
3430 2420 3618 2488 fuerit,

2027 2523 2253 2563 necesse
2298 2517 2384 2564 est
2433 2511 2714 2580 antiquam
2751 2513 2957 2568 servari
2989 2513 3339 2569 traditionem
3377 2529 3394 2570 :
3432 2514 3621 2571 adsint

2026 2602 2247 2671 quidem
2278 2612 2487 2673 septem
2521 2606 2823 2661 secundum
2851 2607 3132 2677 antiquum
3163 2623 3412 2675 morem;
3453 2617 3533 2674 at,
3565 2609 3614 2664 si

2028 2708 2259 2748 necesse
2299 2692 2489 2760 fuerit,
2529 2695 2596 2750 ad
2629 2697 2920 2751 minimum
2955 2706 3092 2764 tres,
3128 2705 3184 2753 et
3211 2698 3395 2755 omnia
3434 2700 3620 2755 dicant

2026 2801 2367 2858 qua’cmtque
2452 2787 2638 2844 dicere
2718 2790 2982 2844 traditum
3063 2801 3196 2859 est,
3255 2789 3518 2862 quoniam
3587 2807 3620 2848 α

2031 2876 2236 2947 Spiritu
2267 2889 2394 2933 sunt
2425 2881 2608 2935 omnia
2641 2896 2762 2951 quae
2794 2895 2862 2937 es
2892 2880 3148 2955 Patribus
3186 2892 3419 2953 excepta
3465 2893 3619 2938 sunt.

2032 2968 2184 3025 Unus
2233 2979 2416 3026 autem
2476 2972 2760 3044 presbyter
2792 2988 2901 3029 non
2950 2973 3202 3030 conﬁciat
3254 2974 3618 3042 eucbelaum,

2030 3062 2289 3131 quoniam
2341 3064 2799 3133 quemadmodum
2845 3069 2912 3120 de
2947 3067 3208 3138 episcopo
3236 3068 3500 3139 scriptum
3534 3077 3622 3124 est

338 3154 679 3223 ροτονεῖσθαι
704 3159 837 3226 παρ’
865 3156 1003 3221 ἑνὸς,
1038 3157 1181 3212 οὕτω
1213 3159 1312 3213 καὶ
1340 3161 1471 3231 περὶ
1506 3161 1815 3242 εὐχελαίου,
1849 3165 1925 3238 μὴ

2032 3163 2098 3203 ηε
2125 3149 2194 3204 ab
2230 3165 2340 3204 uno
2372 3151 2681 3218 ordinetur,
2729 3153 2886 3209 itaet
2941 3155 3009 3210 de
3068 3157 3364 3223 eucbclato,
3421 3167 3494 3214 ne
3550 3159 3621 3215 ab

337 3245 492 3316 παρὰ
511 3247 884 3319 πρεσϐυτέρου
915 3249 1035 3312 ἑνὸς
1057 3251 1353 3308 τελεῖσθαι.
1398 3272 1416 3305 ι
1454 3254 1927 3325 Προσκαλεσάσθω

337 3337 464 3400 τοὺς
494 3337 906 3409 πρεσϐυτέρους
954 3340 1057 3410 τῆς
1088 3340 1442 3413 Ἐκκλησίας,
1491 3346 1648 3417 φησὶ,
1683 3347 1780 3400 καὶ
1828 3349 1928 3420 οὐχ

335 3425 436 3481 ενα
463 3428 851 3500 πρεσϐύτερον.
909 3432 1018 3485 Kal
1064 3434 1562 3504 προσευξάσθωσαν
1601 3437 1693 3492 ἐπ’
1738 3439 1927 3510 αὐτὸν,

344 3517 668 3588 ἀλείψαντες
691 3521 858 3574 αὑτὸν
887 3521 1074 3594 ἐλαίῳ.
1104 3540 1123 3575 t

799 3614 958 3684 ποι
1004 3617 1261 3673 ΚΕΦΑΛ.
1298 3621 1467 3675 sua.

426 3703 558 3758 Ὀτι
585 3705 843 3775 μεγίστη
878 3708 986 3762 τοῦ
1017 3710 1194 3779 ἁγίου
1222 3712 1436 3768 ἐλαίου
1471 3714 1510 3780 ἠ
1548 3715 1827 3787 δύναμις.

411 3796 523 3849 Kal
545 3797 598 3848 τί
625 3798 690 3850 ὲκ
722 3799 1252 3872 τούτουίγενήσεταω
1285 3806 1430 3875 Ὅρα
1456 3808 1538 3862 ὅτι
1567 3809 1626 3862 τδ
1651 3813 1928 3879 μέγιστον.

347 3906 366 3939 ι
393 3888 506 3943 Kal
527 3889 559 3959 ἡ
592 3889 746 3960 εὐχὴ,
776 3895 932 3960 φησι,
957 3894 1055 3964 τῆς
1076 3896 1312 3961 πίστεως
1337 3898 1501 3952 σώσει
1524 3902 1613 3954 τὸν
1631 3903 1927 3973 κάμνοντα»

339 3981 436 4034 καὶ
458 3981 642 4052 ἰγερεῖ
671 3983 835 4038 αὐτὸν
867 3985 894 4036 6
920 3987 1151 4058 Κύριος·
1171 4008 1190 4040 ι
1224 3990 1320 4062 οὐχ
1344 3993 1392 4043 oi
1432 3991 1734 4065 ἄνθρωποι,
1762 3995 1876 4048 ἀλλ’
1903 3997 1931 4050 6

341 4074 569 4145 Κύριος.
615 4076 770 4129 Ἐπεὶ
800 4077 900 4148 τὴν
927 4080 1088 4150 χάριν
1115 4081 1210 4136 τοῦ
1250 4084 1457 4155 Κυρίου
1495 4085 1595 4156 τῆς
1629 4087 1932 4159 ἱερωσύνης

341 4167 671 4224 ἑνδέδυνται.
707 4170 814 4225 Kal
840 4172 891 4223 τί
919 4171 1003 4226 ἔτι
1028 4174 1191 4229 πλέον
1219 4177 1248 4230 6
1278 4181 1505 4247 κάμνων
1535 4181 1782 4251 εὑρήσω
1811 4183 1931 4236 Κᾶν

341 4258 682 4335 ἀμαρτίαςῇ
715 4264 1056 4336 πεποιηκὼς,
1114 4268 1456 4340 ἀφεθήσεται
1509 4273 1680 4344 αὐτῷ.
1732 4275 1930 4346 Ὁρᾶτε

341 4351 575 4421 δύναμιν
602 4349 707 4423 ’τῆς
737 4350 968 4427 τελετῆς
993 4359 1202 4430 ταύτης
1230 4379 1245 4427 ;
1282 4366 1377 4418 καὶ
1422 4367 1738 4439 ἀρρωστίας
1787 4369 1928 4437 λύει,

341 4446 595 4510 καὶτοὺς
630 4448 920 4518 κειμένους
965 4451 1194 4519 ἐγείρει,
1229 4455 1322 4508 καὶ
1365 4457 1640 4529 ἁμαρτίας
1681 4461 1928 4533 ἀτίησιν.

899 4563 1157 4618 ΚΕΦΔΛ.
1194 4567 1364 4625 ΣΠΕ¹;

347 4649 511 4705 Κατὰ
544 4649 652 4720 τῆς
681 4653 750 4706 ἐν
795 4654 876 4720 τῷ
923 4657 1220 4781 εὐχελιῖίφ
1268 4662 1387 4717 τῶν
1426 4667 1702 4723 Λατίνων
1727 4687 1930 4727 καινο-

1022 4744 1132 4781 τοα
1159 4746 1253 4781 ac.

1022 4744 1253 4796 τομίας.

429 4813 574 4867 ‘AD.’
621 4815 669 4868 οί
706 4816 1161 4886 καινοτομοῦντες
1233 4821 1679 4884 πάνταἊατῖνοι
1727 4833 1822 4885 καὶ
1870 4833 1932 4886 τὺ

348 4907 480 4976 περὶ
505 4901 699 4960 τούτου
735 4909 1132 4980 παρέφθειραν.
1175 4913 1283 4966 Kal
1322 4916 1380 4969 οὑ
1410 4919 1518 4989 χρὴ
1544 4919 1742 4976 διδόναι
1774 4923 1932 4980 τοῦτο

351 4996 721 5069 ἀρρωστοῦσι,
749 5001 937 5070 φασὶν,
966 5003 1082 5056 ἀλλ’
1115 5004 1572 5077 ἀποθνήσκουσιν,
1598 5014 1720 5067 ἐπεὶ
1753 5015 1932 5090 ἀμαρ-

349 5088 470 5150 τίας
499 5090 744 5162 ἀφίησιν,
785 5092 874 5147 ἵνα
911 5095 988 5164 μὴ
1023 5095 1187 5150 πάλιν
1240 5099 1509 5171 ἐπιζήσας
1549 5121 1632 5168 τις
1685 5088 1930 5180 ἐξαμάρ.

345 5197 450 5234 τοι.
484 5181 660 5236 Βαϐαῖ
684 5183 781 5254 τῆς
807 5185 1067 5252 ἀπονοίας
1096 5188 1110 5242 !
1149 5190 1214 5242 Ὀ
1245 5191 1347 5262 μὲν
1383 5193 1748 5264 Ἀδελιρόθεος,
1791 5203 1932 5255 «Κιιί

351 5275 383 5342 ἡ
416 5273 567 5343 εὐχὴ,
608 5276 762 5345 φησι,
797 5278 897 5347 τῆς
931 5278 1168 5343 πίστεως
1195 5281 1359 5336 σώσει
1388 5283 1479 5338 τὸν
1511 5286 1810 5356 κάμνοντα,
1838 5293 1932 5345 καὶ

349 5368 534 5434 ἐγερεῖ
574 5367 740 5422 αὑτὸν
769 5368 798 5419 6
851 5368 1077 5440 Κύριοςο
1112 5389 1132 5424 ›
1185 5368 1336 5428 οὗτοι
1368 5376 1448 5440 δὲ,
1487 5376 1604 5433 Ἰνα
1658 5381 1928 5458 ἀποθάνῃ,

351 5456 541 5546 φασίν.
584 5456 750 5529 Ὁρᾷς
785 5459 877 5514 τὸν
930 5462 1428 5534 ἒκκρημνισθὲντα,
1479 5469 1628 5534 ὅπως
1676 5472 1764 5526 ἀεὶ
1795 5456 1932 5546 προς

344 5545 410 5600 τὸ
432 5548 697 5614 κάταντες
728 5553 1135 5623 καταφέρεται;
1170 5557 1286 5610 Κᾶν
1321 5559 1598 5630 ἁμαρτίας
1703 5545 1932 5637 πεποιη-

345 5639 479 5706 κὼς,
527 5641 861 5711 ἀφεθήσεται
887 5647 1060 5718 αὐτῷ,
1093 5645 1180 5702 ἵνα
1223 5650 1342 5722 ίαθῇ
1377 5654 1469 5706 καὶ
1512 5656 1711 5727 ἐγερθῇ
1743 5659 1932 5730 δηλον-

345 5730 448 5783 ότι.
499 5731 610 5785 Καὶ
643 5732 800 5786 τοῦτο
829 5735 1106 5790 δείκνυσιν
1134 5741 1161 5793 6
1198 5740 1408 5813 Σωτὴρ,
1447 5742 1583 5816 πρὸς
1615 5749 1705 5802 τὸν
1755 5754 1933 5823 παρά-

344 5822 504 5880 λυτον
535 5825 792 5894 εἰρηκὼς,
839 5829 1157 5899 Ἀφέωνταί
1189 5849 1288 5892 σοι
1339 5841 1397 5894 αἱ
1447 5838 1725 5910 ἁμαρτίαι
1788 5822 1928 5903 σου*

2031 3257 2140 3296 uno
2165 3244 2480 3315 presbytero
2507 3247 2863 3304 conﬁciatur:
2904 3266 2921 3300 ι
2947 3248 3198 3316 lnducat,
3231 3251 3427 3322 inquit,
3460 3267 3622 3323 pres-ﬁ

2031 3331 2248 3405 byteros
2298 3334 2559 3392 Ecclesiae
2623 3339 2701 3408 (et
2739 3354 2848 3394 non
2905 3355 3075 3395 unum
3105 3341 3531 3414 presbyterum),
3564 3349 3623 3399 et

2031 3435 2375 3498 orentsuper
2407 3445 2556 3497 eum,
2585 3440 2850 3502 ungentes
2891 3447 3016 3488 eum
3045 3433 3192 3490 oleo.
3229 3451 3250 3488 ι

2496 3609 2730 3667 CAPUT
2779 3612 3158 3673 CCLXXXIV.

2260 3703 2410 3769 Quod
2445 3707 2683 3760 m‘axima
2721 3709 2790 3761 sit
2822 3710 2966 3763 sacri
2999 3709 3100 3763 olet'
3124 3710 3379 3780 cﬂigacia.

2110 3799 2176 3853 Et
2207 3799 2469 3868 quidnam
2496 3814 2560 3852 ex
2593 3799 2694 3852 hoc
2722 3799 2977 3853 eveniet?
3019 3798 3153 3855 Vide
3178 3816 3342 3870 quam
3407 3803 3479 3859 sit
3507 3819 3622 3860 ma-

2032 3895 2268 3947 Iimum.
2311 3911 2327 3942 ι
2355 3891 2414 3944 Et
2451 3885 2629 3945 oraﬁo
2663 3889 2928 3956 ﬁdei,ait,
2957 3891 3189 3956 salvabit
3228 3891 3532 3959 inﬁrmum,
3565 3904 3622 3950 et

2035 3987 2314 4043 alleviabit
2344 4000 2468 4040 eum
2499 3984 2817 4050 Dominus,t
2857 3999 2962 4038 non
2990 3985 3265 4050 homines,
3303 3987 3400 4043 sed
3436 3987 3623 4043 Domi-

2033 4097 2160 4143 nus,
2197 4079 2455 4149 qnoniam
2487 4079 2715 4147 gratiam
2764 4075 2978 4132 Domini
3033 4079 3486 4135 sanctificationis
3534 4080 3622 4136 in-

2032 4176 2290 4230 duerunt.
2321 4171 2385 4224 Et
2411 4171 2541 4240 quiti
2562 4170 2797 4241 amplius
2823 4171 3080 4226 laborans
3108 4171 3388 4228 inveniet?
3423 4191 3441 4226 t
3481 4171 3621 4230 Etsi
3647 4171 3651 4173 ’

2032 4274 2258 4338 peccata
2312 4263 2533 4330 fecerit,
2570 4264 2918 4318 remittentur
2951 4263 3023 4318 ei.
3057 4282 3076 4318 ι
3140 4264 3418 4322 Videtisne
3449 4267 3623 4321 virtu-

2036 4367 2143 4412 tem
2177 4357 2345 4425 ltnjus
2376 4354 2662 4424 mysterii?
2715 4364 2770 4408 et
2797 4354 3169 4411 inﬁrmitatem
3204 4357 3393 4424 solvit,
3449 4367 3503 4414 ct
3531 4357 3620 4429 ja-

2035 4457 2224 4504 centes
2255 4445 2494 4512 alleviat,
2528 4455 2583 4500 et
2612 4456 2835 4516 peccata
2871 4446 3120 4500 dimittit.

2520 4558 2651 4612 CAP
2666 4558 2754 4613 UT
2785 4557 3060 4613 CCLXXX
3079 4557 3139 4613 V.

2103 4651 2305 4709 Contra
2342 4653 2629 4706 novitatem
2680 4649 2999 4707 Latinorum
3029 4655 3174 4708 circa
3208 4654 3549 4711 eurlrelrrum.

2104 4833 2222 4889 Sed.
2261 4833 2440 4889 Latini
2471 4834 2654 4888 omnia
2706 4834 3034 4892 innovantes
3058 4836 3364 4893 doctrinam
3401 4856 3625 4913 quoque

2033 4926 2198 4997 hujus
2241 4926 2485 4998 mysterii
2519 4926 2988 4994 adulteraverunt,
3035 4939 3090 4985 et
3123 4931 3316 4988 dicunt
3343 4934 3473 4988 illud
3511 4950 3622 4990 non

2033 5019 2271 5074 dandum
2299 5033 2420 5074 esse
2489 5018 2747 5084 inﬁrmis,
2782 5024 2877 5076 sed
2909 5023 3294 5090 morientibus,
3356 5029 3622 5097 quoniam

2033 5119 2256 5181 peccata
2291 5111 2540 5180 dimittit,
2600 5127 2671 5168 ne
2707 5129 2925 5169 rursum
2964 5117 3187 5171 sanitati
3225 5119 3473 5175 redditus
3527 5123 3623 5178 deo

2033 5205 2263 5273 linquat.
2298 5202 2416 5258 Heu
2446 5205 2458 5258 ί
2492 5215 2692 5273 quanta
2731 5207 2979 5262 insania!
3013 5210 3102 5262 Dei
3136 5211 3356 5278 quidem
3387 5211 3618 5272 Frater:

2039 5294 2138 5348 «Et
2163 5297 2359 5360 oratio,
2388 5296 2583 5366 inquit,
2608 5297 2730 5352 ﬁdei
2749 5299 2976 5355 salvabit
2999 5300 3296 5366 inﬁrmum,
3325 5314 3380 5360 et
3405 5306 3624 5362 allevia-

2036 5389 2112 5442 lrit
2141 5403 2266 5442 eum
2289 5388 2588 5456 Dominus;
2615 5408 2632 5442 ι
2657 5390 2729 5444 illi
2759 5401 2942 5446 autem
2977 5394 3197 5450 dicunt:
3238 5396 3306 5452 Ut
3332 5402 3622 5458 moriatur.

2036 5481 2224 5539 Viden’
2253 5486 2530 5554 quomodo
2564 5503 2807 5559 prwceps
2833 5489 2889 5544 in
2914 5492 3138 5548 tetriora
3167 5509 3385 5565 semper
3415 5499 3626 5556 feratur

2034 5576 2373 5647 praacipitia‘l
2433 5578 2499 5634 Et
2557 5581 2603 5636 si
2651 5594 2874 5652 peccata
2929 5585 3114 5654 fuerit,
3155 5592 3504 5647 remittemur
3546 5597 3623 5665 ei,

2036 5670 2246 5724 scilicet
2296 5681 2358 5725 ut
2412 5684 2642 5729 sanetur
2689 5685 2742 5731 et
2801 5678 3114 5744 allevietur.
3173 5685 3319 5753 quod
3374 5684 3624 5742 Salvator

2035 5759 2380 5816 demonstrat
2416 5763 2652 5821 dicendo
2688 5769 2754 5824 ad
2784 5772 3146 5843 paralyticutn
3183 5794 3196 5829 :
3274 5795 3290 5828 ι
3318 5775 3624 5834 Remittun-

2037 5860 2124 5906 tur
2157 5849 2254 5907 tibi
2283 5866 2506 5923 peccata
2535 5870 2622 5915 tua
2648 5875 2665 5927 ς
2691 5878 2710 5913 ι
2746 5871 2800 5918 et
2828 5879 2843 5919 :
2873 5882 2892 5916 ι
2917 5863 3091 5930 Surge
3120 5876 3175 5923 et
3203 5869 3422 5926 ambula
3444 5887 3493 5937 ;I
3523 5883 3619 5929 et:
