4142 6312
621 304 727 369 651

1446 294 1820 355 SYMEONIS
1849 292 2291 353 TllESSALON
2306 292 2602 353 lCENStS
2643 294 3002 355 ARCUIEP.

3747 296 3857 358 65?.

616 411 752 467 lllud
783 420 963 463 autem
990 406 1266 459 canticum
1308 402 1411 456 boc
1441 400 1600 457 nodo
1634 398 1981 469 adimpletur.
2016 395 2176 453 Τειηο

2289 400 2728 472 Τεσσαρακοστῇ.
2760 402 3009 454 Τελετται
3048 400 3104 455 δὲ
3136 403 3169 473 η
3202 402 3494 474 τριτοέκτη
3530 400 3696 457 οὕτω.
3740 404 3858 458 Aa-

615 521 745 575 pore
762 510 1064 572 opportuno
1086 499 1347 552 diaconus
1369 494 1498 550 dicit
1526 510 1540 548 :
1576 512 1593 545 «
1610 492 1858 555 Benedic,
1888 491 2133 545 Domine.
2151 510 2171 544 ι

614 598 870 651 sacerdos
892 606 1047 646 vero;
1074 589 1451 643 «Benedictum
1480 599 1703 655 regnum
1724 601 1770 647 ;»
1801 584 2063 638 diaconus
2087 596 2180 652 pa-

614 686 767 739 ciﬁca
814 684 1005 744 addit.
1061 681 1319 735 sacerdos
1378 686 1557 732 autem
1626 675 1813 742 prima:
1870 675 2181 744 antiplionae

611 777 951 832 orationem':
990 773 1181 835 «Deus,
1215 771 1309 840 qui
1343 772 1498 826 sedes
1534 784 1696 839 super
1746 767 2090 832 Cberubim,»
2126 773 2182 821 et

614 867 879 920 exclamat
915 880 929 918 :
976 862 1273 928 «Quoniam
1312 870 1368 915 tu
1402 876 1462 916 es
1490 860 1633 917 Deus
1666 867 1874 921 noster,
1910 854 2051 913 Deus
2082 857 2181 911 mi-

613 956 975 1011 sericordiae.»
1003 956 1066 1007 Et
1091 963 1343 1007 cantores
1361 954 1628 1022 psalmum
1658 951 1932 1019 integrum
1955 946 2176 1004 dicunt:

616 1050 724 1101 «Ad
746 1059 817 1111 te,
852 1047 1097 1109 Domine,
1131 1046 1555 1099 levavianimam
1589 1057 1821 1106 meam,»
1859 1056 1956 1111 per
1988 1054 2179 1094 versus

614 1140 859 1211 singulos
899 1146 1226 1192 cantantes:
1272 1135 1696 1190 «Intercessioue
1714 1132 1807 1187 Dei
1824 1130 2175 1186 Geuitrieiszt

612 1234 851 1298 itemque
872 1230 1080 1283 tGloria
1098 1238 1150 1281 et
1168 1243 1363 1281 nunc.»
1389 1226 1657 1280 Diaconus
1679 1224 1871 1279 iterum
1890 1238 1932 1278 :r
1957 1220 2020 1277 Et
2039 1238 2182 1277 nunc

613 1336 886 1389 quoque”
918 1330 970 1374 et
995 1320 1251 1374 sacerdos
1273 1327 1483 1373 secreto
1506 1315 1955 1370 dit-iterationem
1985 1328 2183 1367 secun-

612 1418 692 1466 «lu:
717 1414 1105 1480 antiplmnasu
1144 1407 1506 1478 Deprecamur
1557 1420 1628 1474 te,
1679 1407 1903 1462 Domine
1924 1404 2069 1460 Deus
2086 1419 2183 1457 uo-

616 1518 783 1567 ster,»
825 1518 877 1557 et
908 1504 1211 1558 exclamat:
1243 1502 1535 1568 «Quoniam
1564 1498 1920 1571 gloriﬁcatum
1952 1506 2177 1553 estsan-

611 1598 913 1656 ctissimum
971 1610 1167 1649 nomen
1225 1606 1428 1648 tuum.»
1475 1593 1542 1647 Et
1571 1601 1828 1647 cantores
1885 1592 2180 1645 secundam

2281 489 2388 559 βὼν
2409 491 2600 561 καιρὸν
2616 491 2643 541 6
2665 489 2908 555 διάκονος
2928 491 3099 561 λέγει,
3133 511 3151 544 ι
3178 492 3511 565 Εὑλόγησον,
3534 494 3796 552 δέσποτα.
3830 514 3853 547 ι

2292 582 2353 633 Ὀ
2387 583 2586 651 ἱερεὺς,
2635 602 2652 634 ι
2679 584 3033 654 Εὐλογημένη
3070 587 3104 656 ἡ
3138 584 3407 655 βασιλεία.
3443 605 3465 639 1
3516 587 3575 639 '0
3605 586 3859 651 6ta'xovcg

2280 670 2346 721 τὰ
2386 670 2657 740 είρηνικᾶ..
2702 669 2765 726 Ὀ
2797 674 2979 741 ἱερεὺς
3009 674 3108 744 τὴν
3137 675 3303 746 εὐχὴν
3336 676 3432 730 τοῦ
3461 676 3682 748 πρώτου
3702 679 3858 731 ἀντι-

2281 760 2484 828 φώνου,
2518 780 2536 814 ι
2560 761 2621 818 Ὀ
2652 762 2783 826 Θεὸς
2810 764 2837 816 6
2869 765 2955 817 Eni
2980 765 3090 818 τῶν
3116 766 3396 838 Χερουϐὶμ
3418 769 3802 840 καθεζόμενος.
3832 788 3854 821 ν

2281 854 2393 907 Kal.
2415 856 2675 925 ἑκιρωνεῐ,
2720 875 2738 909 «
2782 857 2905 909 ὐτι
2942 857 3007 909 σὺ
3041 852 3090 911 εἶ
3123 860 3149 911 6
3181 858 3314 924 Θεδς
3365 862 3547 931 ἡμῶν,
3574 863 3707 925 Θεὸς
3758 861 3856 914 τοῦ

2282 948 2479 1001 ἐλεεῖν.
2516 967 2535 1000 ι
2568 950 2677 1003 Kal.
2704 952 2751 1003 οί
2781 943 2981 1019 ψάλται
3004 954 3095 1005 τὸν
3116 953 3346 1024 Ψαλμδν
3374 956 3591 1010 ἅπαντα
3614 956 3789 1024 λέγουν
3841 999 3855 1015 .

2288 1059 2307 1093 ι
2342 1041 2485 1109 Πρὸς
2515 1041 2593 1106 σὲ,
2635 1041 2831 1113 Κύριε,
2864 1040 2977 1114 ἦρα
3003 1044 3103 1115 τὴν
3136 1045 3316 1117 ψυχήν
3351 1065 3477 1118 μου,
3517 1068 3536 1101 ι
3579 1051 3717 1103 κατὰ
3744 1067 3769 1101 σ

2283 1148 2377 1202 χον
2398 1132 2637 1203 ᾄδοντες,
2678 1153 2697 1186 ι
2730 1134 2864 1198 Ταῖς
2898 1137 3223 1204 πρεσϐείαις
3260 1140 3360 1210 τῆς
3399 1140 3688 1195 Θεοτόκου.
3718 1142 3860 1202 Δόξα

2284 1225 2378 1277 καὶ
2401 1225 2495 1278 νῦν
2521 1225 2581 1277 τδ
2626 1228 2777 1281 αὐτό.
2822 1248 2841 1280 ι
2886 1228 2946 1281 '0
3000 1229 3249 1292 διάκονος
3305 1232 3492 1296 πάλιν,
3537 1251 3555 1285 ι
3589 1234 3711 1289 Ἔτι
3763 1251 3789 1286 γ
3837 1235 3859 1284 ἰ

2284 1315 2386 1369 ἐτι.
2423 1333 2442 1366 ι
2509 1315 2568 1371 Ὀ
2599 1319 2779 1385 ἱερεὺς
2809 1319 3090 1387 μυστικῶς
3123 1320 3221 1390 τὴν
3261 1322 3428 1393 εὐχὴν
3470 1323 3564 1376 τοῦ
3603 1324 3785 1393 δευτέί.
3832 1348 3857 1375 υ

2283 1408 2621 1476 ἀντιφώνου,
2664 1428 2682 1460 ι
2714 1410 2959 1479 Δεόμεθά
2986 1427 3102 1475 σου,
3162 1412 3332 1481 Κύριε
3381 1416 3408 1466 6
3436 1415 3567 1479 Θεὸς
3596 1417 3754 1485 ἡμῶν
3781 1438 3789 1447 ·
3838 1440 3851 1467 ι

2285 1500 2379 1551 καὶ
2418 1501 2672 1566 ὲκφωνεῐ,
2712 1518 2731 1551 ι
2797 1502 2919 1554 Ὀτι
2978 1503 3293 1569 δεδόξασταί
3356 1522 3449 1558 σου
3478 1507 3541 1560 τὸ
3591 1508 3859 1576 πανάγιον

2286 1589 2475 1659 δρομα.
2508 1608 2528 1643 ι
2569 1593 2676 1644 Kal
2715 1592 2765 1645 ot
2787 1592 2988 1661 ψάλται
3010 1594 3072 1647 τδ
3104 1594 3356 1664 δεύτερον
3416 1597 3738 1667 ἀντίφωνον,
3769 1600 3861 1650 τ“ν

614 1690 966 1756 autipbouam
993 1688 1246 1755 psallunt,
1270 1685 1534 1755 psalmum
1556 1685 1823 1751 integrum
1896 1678 2185 1734 «Dominus

2290 1677 2517 1749 Ψαλμὸν
2552 1684 2792 1747 ἅπαντα,
2850 1702 2868 1735 ι
2906 1685 3109 1754 Κύριος
3160 1686 3447 1756 φωτισμός
3480 1705 3583 1756 μου
3622 1690 3713 1740 καὶ
3745 1689 3859 1742 Σω-

615 1782 938 1840 illuminatio
966 1794 1082 1831 mea
1112 1786 1165 1832 et
1213 1781 1359 1831 salus
1389 1791 1529 1840 mea,
1576 1794 1593 1826 ι
1626 1774 1835 1828 duobus
1866 1774 2050 1827 choris
2084 1787 2179 1840 per

614 1873 856 1940 singulos
879 1885 1064 1924 versus
1089 1869 1393 1922 dicentibus
1416 1884 1431 1925 ;
1459 1866 1650 1919 «Salva
1677 1878 1801 1928 nos,
1826 1863 1923 1917 Fili
1944 1863 2059 1927 Dei,
2085 1864 2178 1917 tibi

621 1965 915 2034 psallentes
972 1960 1238 2022 Alleluia;
1272 1978 1291 2010 ι
1328 1970 1381 2011 et
1414 1957 1553 2011 idem
1610 1976 1628 2008 «
1666 1954 1843 2011 Gloria
1893 1963 1948 2009 et
1978 1970 2174 2009 nunc.»

647 2055 965 2119 Itur-susque
984 2052 1247 2103 diaconus
1270 2064 1283 2098 :
1308 2046 1405 2101 «Et
1432 2060 1577 2101 nunc
1606 2060 1877 2115 quoque.»
1914 2047 2180 2098 Sacerdos

616 2159 742 2199 vero
761 2145 975 2197 tertiam
996 2153 1203 2195 secreto
1222 2140 1526 2193 orationem
1544 2138 1677 2191 dicit
1701 2153 1715 2190 :
1751 2154 1770 2188 «
1790 2136 2015 2190 Domine
2042 2134 2181 2189 Deus

615 2237 959 2301 omnipotens
983 2250 1030 2295 ,ι
1069 2242 1121 2286 et
1160 2232 1451 2297 exclamat,
1486 2246 1506 2281 «
1534 2228 1799 2295 Quoniam
1830 2229 2025 2283 bonus.
2062 2245 2079 2276 ι
2118 2226 2182 2281 Ει

617 2328 772 2380 tertia
806 2325 1059 2394 psallitur
1089 2324 1408 2391 antiplrona,
1459 2330 1689 2390 utroque
1739 2322 1907 2376 choro
1950 2319 2183 2389 singulis

619 2416 861 2471 versibus
890 2415 1121 2469 addente
1153 2413 1349 2482 duplex
1380 2410 1618 2466 alleluia.
1647 2410 1817 2465 Porro
1843 2411 1910 2465 ad
1940 2424 2183 2470 versum.

623 2508 753 2575 «Qui
785 2508 1025 2561 ambulat
1052 2506 1106 2559 in
1138 2508 1222 2558 via
1258 2504 1660 2566 immaculata,»
1700 2516 1875 2573 usque
1905 2502 1973 2555 ad
2021 2502 2182 2555 tinem

616 2599 829 2670 psalmi,
856 2597 1002 2651 velut
1029 2598 1080 2649 in
1116 2612 1222 2650 uno
1261 2610 1468 2651 versua
1500 2593 1816 2649 sanctuario
1842 2592 1897 2647 in
1924 2592 2185 2661 σωλέα(ι)

624 2680 1004 2760 ingrediuntur
1030 2691 1292 2744 diaconus
1329 2696 1383 2742 et
1412 2689 1691 2753 sacerdos,
1719 2688 1929 2757 absque
1958 2686 2184 2741 lumini-

618 2785 720 2837 bus
743 2798 842 2836 nec
875 2782 1119 2845 incenso,
1168 2780 1459 2835 Dominum
1492 2780 1548 2833 in
1573 2792 1792 2833 crucem
1822 2778 1968 2832 circa
1996 2778 2185 2832 horam

617 2886 829 2930 sextam
852 2875 1125 2929 sublatum
1162 2873 1535 2928 ostendentes.
1574 2871 1700 2926 Ideo
1727 2872 1871 2925 istud
1906 2871 2049 2925 inter
2079 2880 2189 2925 ter-

620 2971 745 3021 tiam
797 2978 1119 3035 seXtamque
1178 2966 1391 3028 horam,
1447 2964 1681 3018 diacono
1712 2964 1935 3033 quidem
1971 2963 2185 3017 dicente

2286 1774 2388 1843 τήρ
2422 1791 2545 1843 μου,
2579 1794 2597 1825 ι
2642 1777 2737 1827 καὶ
2778 1775 2962 1844 στίχον
2994 1776 3244 1844 λιγοντες
3276 1778 3327 1830 ot
3356 1778 3450 1831 δύο
3476 1783 3650 1849 χοροὶ,
3685 1800 3703 1831 «
3743 1780 3861 1832 Σὼο

2285 1881 2377 1916 σον
2416 1866 2583 1934 ἡμᾶς,
2648 1866 2742 1919 Υἱὲ
2808 1866 2966 1932 Θεοῦ,
3033 1868 3341 1937 ψάλλοντάς
3378 1888 3461 1924 σοι
3517 1872 3858 1942 Ἀλληλούῖα.

2281 1952 2418 2018 Δίξα
2472 1955 2568 2007 καὶ
2612 1955 2708 2009 νῦν
2761 1955 2819 2008 τὸ
2871 1956 3026 2010 αὐτό.
3082 1975 3100 2007 ι
3146 1958 3255 2011 Ka‘t
3306 1959 3465 2023 αὖθις
3495 1964 3523 2014 6
3585 1962 3862 2028 διάκονος,

2287 2060 2305 2091 ι
2343 2042 2463 2093 Ἔτι
2492 2046 2587 2096 καὶ
2634 2044 2737 2099 ἔτι.
2784 2064 2801 2096 ι
2850 2046 2907 2097 '0
2963 2047 3144 2117 ίερεὺς
3194 2052 3477 2118 μυστικῶς
3510 2053 3607 2123 τὴν
3666 2055 3862 2124 τρίτην

2283 2132 2470 2203 εὐχὴν,
2512 2152 2530 2184 ι
2570 2135 2742 2206 Κύριε
2768 2138 2797 2188 6
2828 2137 2962 2201 Θεὸς
2986 2140 3015 2190 6
3050 2143 3471 2211 παντοκράτωρ,
3502 2162 3519 2194 ι
3561 2147 3657 2197 καὶ
3687 2147 3867 2213 ἐκφω-

2284 2227 2382 2288 νεῖ,
2424 2244 2441 2276 ι
2476 2226 2600 2279 Ὅτι
2650 2228 2879 2297 ἀγαθός.
2918 2249 2937 2283 ι
2983 2233 3093 2285 Kal.
3126 2233 3473 2302 ψάλλεταιτδ
3504 2236 3687 2303 τρίτον
3716 2235 3865 2290 ἀντι-

2286 2334 2468 2397 φωνον
2510 2321 2653 2372 κατὰ
2702 2322 2885 2391 στίχον
2918 2324 3190 2392 λεγόντων
3249 2328 3569 2399 Ἀλληλούῐα
3616 2330 3860 2386 διπλοῦν.

2286 2408 2385 2472 Et;
2408 2409 2463 2462 δὲ
2489 2410 2580 2463 τὸν
2608 2411 2813 2481 στίχον,
2858 2432 2877 2465 ι
2916 2416 3290 2486 Πορευὸμενος
3322 2421 3380 2473 ἑν
3406 2421 3510 2490 ὁδῷ
3558 2421 3793 2492 ἀμώμῳ.
3836 2443 3855 2476 ι

2287 2500 2416 2571 ἄχρι
2446 2502 2635 2567 τέλους
2669 2504 2763 2557 τοῦ
2794 2506 3026 2575 Ψαλμοῦ
3077 2509 3154 2571 ὡς
3210 2511 3267 2562 δν
3295 2512 3376 2564 ἐνὶ
3429 2513 3600 2579 στίχω
3651 2517 3863 2581 γίνεται

2288 2592 2490 2655 εἴσοδος
2521 2595 2601 2655 είς
2632 2593 2724 2647 τὸν
2763 2596 2939 2649 σωλέα
2972 2599 3037 2651 ὲκ
3070 2600 3164 2651 τοῦ
3197 2600 3441 2669 βήματος
3490 2602 3738 2657 διακόνου
3771 2604 3865 2656 καὶ

2291 2684 2483 2752 ἱερέως
2530 2685 2651 2755 δίχα
2678 2684 2873 2754 φώτων
2939 2689 3036 2742 καὶ
3083 2689 3373 2766 λθυμιατοῦ
3422 2693 3523 2763 τὴν
3582 2694 3717 2765 πρὸς
3772 2698 3867 2748 τὸν

2291 2778 2529 2844 σταυρὸν
2567 2779 2873 2848 ἀπαγωγὴν
2925 2762 3233 2851 δηλοιξντων
3289 2782 3384 2837 τοῦ
3429 2762 3657 2855 κυρίου,
3725 2788 3869 2842 κατὰ

2288 2867 2386 2938 τὴν
2417 2868 2585 2938 ἕκτην
2614 2869 2766 2940 ὤραν
2791 2875 3193 2944 γεγενημένην.
3244 2874 3337 2927 Διὸ
3371 2876 3463 2929 καὶ
3525 2876 3664 2947 αὕτη
3696 2880 3755 2931 ὲν
3796 2883 3867 2951 τῇ

2290 2960 2583 3032 τριτοίκτῃ
2642 2961 2899 3027 τελεῖται,
2964 2963 3059 3016 τοῦ
3133 2964 3382 3019 διακόνου
3442 2969 3544 3037 μὲν
3592 2970 3866 3037 λέγοντος,

621 3059 879 3125 Benedic,
903 3057 1157 3123 Domine,
1181 3069 1429 3111 sanctum
1458 3056 1767 3120 introitum,
1785 3055 2071 3110 sacerdote
2088 3069 2188 3108 au-

2295 3069 2314 3102 «
2349 3050 2677 3120 Εὺλόγησον,
2741 3052 3001 3116 δέσποτα,
3064 3054 3168 3125 τὴν
3223 3056 3392 3123 ἁγίαν
3427 3058 3655 3121 εἴσοδον,
3695 3078 3729 3111 ι·
3773 3058 3869 3113 τοῦ

622 3166 726 3205 tem
751 3150 966 3205 dicente
997 3148 1327 3211 orationem,
1371 3147 1728 3201 «Benedictus
1765 3147 2043 3217 ingressus
2066 3160 2190 3200 san-

621 3253 837 3296 ctorum
884 3236 1393 3303 tuorum,Domine,
1434 3241 1486 3290 in
1520 3246 1839 3305 perpetuum
1863 3245 1918 3291 et
1962 3251 2106 3289 nunc
2135 3242 2190 3289 et

620 3345 857 3399 semper.
874 3349 891 3381 ι
919 3331 1027 3385 Iste
1048 3343 1174 3383 vero
1197 3330 1495 3396 ingressus,
1522 3336 1581 3379 ut
1602 3327 1806 3381 dictum
1828 3335 1929 3391 est,
1957 3327 2009 3381 in
2026 3342 2189 3382 cruce

623 3423 980 3490 suspendium
1004 3421 1242 3474 ostendit
1266 3419 1565 3474 Salvatoris
1586 3419 1729 3473 circa
1759 3417 1958 3473 horam"
1979 3427 2188 3473 sextam

622 3513 821 3568 sublati
866 3522 921 3564 et
972 3508 1263 3574 cruciﬁxi,
1319 3509 1538 3577 quando
1604 3519 1658 3562 et
1713 3509 1973 3564 latronem
2030 3509 2190 3563 simul

620 3605 943 3660 cruciﬁxum
994 3613 1215 3672 propter
1248 3617 1417 3668 pauca
1448 3600 1781 3670 poenitentiae
1802 3601 1966 3655 verba
2000 3602 2053 3654 in
2082 3614 2191 3654 cm-

623 3698 736 3750 lnm
790 3694 1114 3749 introduxit.
1144 3692 1506 3758 Quamobrem
1555 3705 1796 3762 purpura
1858 3691 2031 3745 induti
2065 3700 2191 3746 sunt

622 3792 892 3846 diaconus
937 3798 995 3844 et
1045 3788 1303 3843 sacerdOs
1343 3788 1472 3841 hinc
1520 3786 1733 3842 Domini
1792 3786 2097 3855 passionem
2136 3794 2191 3839 et

622 3888 854 3942 mortem
889 3879 1283 3949 signiﬁcantes.
1319 3876 1521 3932 Verum
1583 3877 1729 3932 facto
1770 3878 2043 3947 ingressu,
2074 3878 2193 3931 dia-

623 3986 796 4025 conus
819 3972 1018 4025 iterum
1073 3971 1302 4039 pacilica
1348 3969 1502 4034 dicit,
1538 3970 1842 4025 orationem
1888 3976 2068 4023 autem
2104 3983 2192 4023 sa-

622 4060 836 4125 cerdos,
875 4058 1129 4127 «Domine
1164 4061 1304 4113 Deus
1322 4071 1536 4127 patrum
1557 4068 1928 4121 nostrorum,»
1954 4073 2072 4126 quae
2106 4066 2191 4112 est

625 4154 774 4205 liora:
802 4162 967 4206 sextae
1010 4151 1207 4213 oratio.
1241 4158 1295 4204 et
1336 4160 1589 4219 precatur
1635 4158 1696 4203 ut
1750 4151 2119 4204 custodiantur
2161 4165 2190 4203 a

622 4244 817 4313 sagitta
852 4245 1065 4298 volante
1118 4243 1173 4297 in
1206 4243 1315 4308 die,
1360 4258 1390 4296 a
1420 4243 1639 4311 negotio
1686 4232 2101 4312 perambulante
2136 4243 2189 4296 in

630 4335 889 4400 tenebris,
938 4334 1005 4388 ab
1038 4335 1262 4388 incursu
1301 4340 1358 4386 et
1405 4332 1672 4387 damonio
1702 4332 2026 4396 meridiano,
2059 4333 2190 4386 alia-

628 4442 733 4497 que
763 4428 931 4480 multa
954 4440 981 4479 a
1017 4425 1125 4487 Deo
1151 4423 1440 4491 eblagitat.
1465 4424 1531 4476 Et
1562 4423 1855 4485 exclamat,
1892 4423 2187 4488 «Quoniam
2221 4408 2265 4459 D

629 4530 682 4573 te
712 4517 921 4579 decet,»
958 4517 1252 4584 statimque
1275 4523 1532 4568 cantores
1550 4514 1842 4583 prophetiae
1858 4515 2188 4568 versiculum

630 4612 1001 4673 modulantur,
1030 4615 1086 4661 et
1112 4607 1283 4660 lector
1314 4606 1369 4659 in
1404 4604 1634 4659 amboue
1654 4604 1786 4673 legit
1814 4605 2187 4673 prophetiam;

631 4721 737 4775 qua
766 4705 930 4768 dicta,
952 4704 1213 4757 diaconus
1243 4701 1342 4764 ait,
1367 4700 1651 4754 «Dicamus
1666 4696 2191 4752 omnesJSacerdos

633 4810 760 4849 vero
800 4796 1103 4848 orationem
1137 4790 1473 4846 continentis
1526 4790 1926 4858 deprecationis
1978 4802 2190 4844 secreto

634 4888 910 4950 recitat,et
928 4885 1219 4947 exclamat,
1244 4882 1540 4959 «Quoniam
1560 4881 1897 4937 misericors.
1914 4901 1931 4933 ι
1955 4880 2195 4934 Caetera-

632 4995 741 5049 que
780 4979 912 5032 ﬁunt
962 4977 1264 5033 secundum
1318 4974 1563 5049 ordinem
1610 4973 1788 5029 Missa:
1851 4983 1974 5044 post
2018 4975 2194 5028 Evan-

626 5065 849 5138 gelturb.
932 5066 1064 5119 Nam
1139 5066 1193 5119 in
1280 5065 1508 5136 ﬁguram
1583 5068 1825 5135 Apostoli
1892 5068 2052 5122 simul
2139 5080 2194 5123 et

632 5158 907 5227 Evangelii
934 5158 1125 5226 legitur
1158 5159 1316 5213 lectio
1344 5159 1464 5212 libri
1494 5159 1665 5226 Isaiae,
1706 5172 1826 5214 acta
1890 5162 2189 5217 Salvatoris

626 5251 930 5305 evidentius
968 5250 1091 5304 aliis
1128 5251 1469 5317 praedicantis
1491 5262 1548 5305 et
1585 5254 1883 5321 praesertim
1920 5256 2190 5322 passronis

629 5342 750 5411 ejus
778 5332 1243 5395 circumstantias.
1278 5341 1423 5396 lianc
1448 5341 1620 5397 fuisse
1638 5344 1917 5413 antiquam
1953 5360 1980 5396 a
2016 5344 2193 5399 Patri-

628 5435 735 5490 bus
765 5432 1214 5489 consuetudinem
1244 5443 1389 5501 patet
1413 5449 1476 5488 ex
1508 5449 1573 5488 eo
1599 5438 1743 5504 quod
1804 5437 1859 5488 in
1900 5434 2030 5504 ipsis
2068 5450 2189 5490 mo-

2292 3142 2481 3214 ίερέως
2518 3142 2576 3197 δὲ
2618 3142 2717 3212 τὴν
2777 3143 2943 3214 εὐχὴν
2967 3146 3085 3212 τοῦ,
3118 3164 3136 3197 ι
3178 3146 3541 3218 Εὐλογημένη
3598 3152 3630 3219 η
3664 3150 3871 3215 εἷσοίος

2287 3238 2395 3287 τῶν
2421 3234 2596 3302 ἁγίων
2631 3254 2746 3301 σου,
2784 3237 2978 3306 Κύριε,
3012 3238 3246 3292 πάντοτε
3281 3240 3376 3294 νῦν
3404 3243 3499 3294 καὶ
3527 3241 3635 3297 ἀει.
3668 3260 3687 3294 ι
3718 3240 3872 3313 Αὕτη

2290 3328 2323 3396 ὴ
2350 3326 2582 3394 εἴσοδος,
2631 3328 2707 3391 ὡς
2742 3329 2977 3399 εῐρηται,
3004 3330 3094 3383 τὸν
3121 3331 3200 3392 είς
3229 3332 3322 3385 τὸν
3340 3333 3571 3402 σταυρὸν
3596 3333 3871 3405 ὲλκυσμδν

2290 3418 2443 3486 δηλοῖ
2470 3418 2564 3472 τοῦ
2596 3420 2869 3490 Σωτῆρος,
2902 3422 3044 3473 κατὰ
3087 3423 3186 3491 τὴν
3234 3422 3401 3493 ἕκτην
3431 3424 3583 3493 ὥραν
3641 3442 3873 3496 γεγενη-

2297 3512 2455 3581 μένον
2485 3512 2827 3581 ἀπαχθέντος
2866 3514 2961 3566 καὶ
3007 3514 3417 3581 σταυωθέντος
3443 3531 3458 3546 ο
3492 3516 3581 3569 ὅτε
3621 3517 3716 3570 καὶ
3776 3518 3874 3570 τὺν

2292 3603 2747 3673 συσταυρωθέντα
2795 3605 3005 3676 λῃστὴν
3040 3606 3257 3675 είσῆξεν
3313 3610 3372 3660 ὲν
3404 3606 3608 3675 ὀλίγοις
3656 3611 3872 3679 ῥήμασι

2292 3696 2584 3764 μετανοίας
2617 3699 2698 3759 εἰς
2726 3695 2818 3748 τὸν
2850 3696 3199 3763 παράδεισον.
3229 3689 3322 3751 Αέδ
3354 3700 3448 3752 καὶ
3478 3702 3737 3770 πορφυρᾶ
3777 3718 3875 3754 πε-

2291 3787 2677 3858 ριϐεϐλημένοι
2728 3789 2868 3840 είσὶν
2919 3788 2947 3841 ὃ
2976 3804 3035 3841 τε
3079 3789 3331 3853 διάκονος
3364 3791 3459 3843 καὶ
3512 3791 3541 3842 6
3572 3792 3774 3860 ἱερεὺς,
3803 3792 3871 3845 τὸ

2290 3880 2461 3943 πάθος
2492 3882 2553 3932 ἐκ
2598 3879 2788 3933 τούτου
2836 3880 3052 3933 καὶτὸν
3083 3883 3314 3933 θάνατον
3360 3883 3721 3950 σημαίνοντες
3773 3885 3872 3936 τοῦ

2291 3972 2516 4041 Κυρίου.
2549 3970 2699 4026 Μετά
2730 3973 2787 4024 δὲ
2832 3973 2931 4039 τὴν
2958 3972 3163 4026 εἴσοδον
3188 3975 3215 4025 6
3268 3974 3369 4042 μὲν
3415 3974 3661 4037 διάκονος
3700 3975 3874 4031 πάλιν

2290 4064 2358 4116 τὰ
2384 4064 2665 4132 είρηνικὰ,
2705 4066 2733 4115 6
2754 4063 2811 4135 δὲ
2846 4065 3023 4133 ἱερεὺς
3048 4065 3146 4134 τὴν
3173 4065 3339 4135 εὐχὴν
3373 4067 3543 4135 λέγει,
3581 4086 3599 4121 ι
3638 4068 3809 4139 Κύριε
3841 4072 3872 4122 6

2291 4157 2422 4218 Θεὸς
2454 4158 2559 4210 τῶν
2604 4158 2853 4225 πατέρων
2888 4157 3068 4227 ἡμῶν,
3105 4176 3122 4209 r
3159 4158 3193 4227 ἢ
3219 4161 3320 4228 τῆς
3357 4160 3525 4231 ἕκτης
3553 4160 3702 4231 ὥρας
3726 4162 3866 4231 ἔστι,

2293 4251 2384 4303 καὶ
2415 4248 2636 4317 εὔχεται
2673 4248 3106 4319 διαφυλαχθῆναι
3140 4252 3289 4321 ἡμᾶς
3334 4268 3353 4303 ι
3391 4254 3499 4306 ἀπὸ
3545 4253 3732 4323 βέλους
3768 4273 3870 4310 πε-

2291 4342 2519 4411 τομένου
2550 4342 2789 4412 ἡμέρας,
2821 4343 2933 4397 ἀπὸ
2972 4344 3299 4413 πράγματος
3344 4348 3404 4412 ιν
3442 4349 3622 4402 σκότει
3679 4329 3867 4405 62am-

2295 4433 2611 4503 ρευομένου,
2639 4434 2747 4487 ἀπὸ
2777 4433 3181 4504 συμπτώματος
3212 4438 3305 4491 καὶ
3333 4420 3615 4507 δαιμονίου
3651 4459 3868 4513 μεσημ-

2294 4524 2503 4595 ὅρινοῦ,
2549 4542 2567 4575 ι
2603 4525 2697 4577 καὶ
2718 4525 2884 4595 ἕτερα
2915 4526 3211 4591 ἐξαιτεῖται
3246 4528 3477 4584 πλεῖστα
3512 4532 3664 4598 παρᾶ
3706 4533 3866 4593 Θεοῦ.

2294 4616 2413 4668 Kal.
2432 4616 2690 4683 ὲκφωνεῖ,
2725 4631 2744 4665 «
2774 4614 2897 4668 Ὅτι
2926 4616 3130 4687 πρέπει
3153 4634 3255 4671 σοι.
3287 4636 3307 4669 ι
3344 4619 3454 4673 Kal
3476 4612 3639 4687 εὐθὺς
3668 4624 3717 4677 oi
3742 4623 3870 4692 ᾠὰλο

2292 4724 2380 4760 ται
2408 4709 2467 4759 τὸ
2493 4706 2792 4777 τροπάριον
2827 4708 3097 4777 μέλπουσι
3138 4711 3237 4779 τῆς
3286 4714 3650 4781 προφητείας.
3706 4717 3815 4771 Kat
3840 4718 3870 4771 6

2294 4797 2650 4865 ἀναγνώστης
2676 4798 2762 4851 ἐπ’
2808 4797 3063 4868 ἄμϐωνος
3115 4800 3484 4869 ἀναγινώσκει
3518 4803 3620 4875 τὴν
3657 4822 3872 4877 προφη-

2293 4890 2464 4944 τείαν.
2520 4890 2629 4944 Kal.
2682 4890 2799 4958 μετ’
2850 4890 3022 4960 αὐτὴν
3062 4882 3360 4957 ὁδιάκονος
3415 4894 3497 4960 τὸ,
3555 4916 3575 4949 ι
3613 4898 3868 4970 Είπωμιν

2293 4982 2516 5047 πάντες,
2554 4999 2573 5033 ι
2615 4982 2805 5051 φησίν.
2861 4982 2922 5035 '0
2950 4984 3006 5037 δὲ
3063 4984 3243 5055 ἱερεὺς
3265 4986 3389 5040 καθ’
3435 4988 3631 5043 caua-6v
3656 4991 3761 5062 τὴν
3780 4992 3869 5045 εὖ·

2294 5074 2395 5143 χὴν
2420 5075 2515 5143 τῆς
2538 5075 2797 5138 ὲκτινοῦς
2825 5077 3053 5139 ἱκεσίας.
3086 5078 3196 5132 Καὶ
3224 5081 3481 5145 ὲκφωνεῑ,
3511 5100 3531 5134 ι
3567 5082 3689 5137 Ὀτι
3718 5085 3870 5158 ἐλεή-

2302 5183 2434 5234 μων.
2478 5186 2497 5219 ι
2545 5168 2655 5219 Καὶ
2685 5168 2754 5220 τὰ
2786 5169 2948 5221 λοιπά
2995 5170 3207 5237 γίνεται
3236 5172 3380 5224 κατὰ
3444 5173 3537 5226 τὸν
3569 5174 3742 5228 τύπον
3768 5176 3869 5244 τῆς

2300 5260 2455 5327 ίερᾶς
2485 5260 2831 5329 λειτουργίας
2868 5261 3009 5325 μετὰ
3043 5262 3103 5314 τὸ
3154 5262 3507 5329 Εὑαγγέλιον.
3544 5264 3643 5327 Et;
3698 5266 3868 5320 τύπον

2299 5352 2407 5417 γὰρ
2438 5349 2529 5403 τοῦ
2574 5351 2899 5405 Ἀποστόλου
2924 5353 3040 5422 ἅμα
3074 5355 3168 5407 καὶ
3201 5352 3297 5407 τοῦ
3331 5352 3669 5422 Εὐαγγελίου
3692 5358 3750 5410 1:6
3774 5357 3867 5411 τοῦ

2312 5441 2534 5494 Ἡσαΐου
2568 5443 2903 5515 ἀνάγνωσμα
2930 5445 3170 5514 λέγεται,
3208 5446 3277 5497 τὰ
3315 5445 3447 5515 περὶ
3491 5446 3584 5499 τοῦ
3614 5447 3870 5522 Σωτῆρος

700 5591 774 5675 ιι)
808 5589 1415 5675 Meursionsolin‘utsive
1438 5593 1694 5675 thronus:
1729 5593 2401 5675 Gretseroin‘godinum,
2425 5597 2570 5652 locus
2595 5598 2664 5652 ad
2693 5602 2949 5655 orientem
2978 5603 3164 5669 solcm,
3194 5606 3502 5675 contiguum
3536 5606 3739 5663 bematt’
3759 5606 3870 5664 sive

628 5662 993 5717 tabernaculo.
1034 5662 1477 5719 Vide-Summum,
1508 5665 1563 5715 in
1600 5662 1891 5729 Thesauro,
1922 5679 1972 5729 ρ.
2000 5664 2156 5719 ηοξ).
