4142 6312
323 357 429 423 703

1350 353 1774 421 ESI’OSITIO
1820 353 1916 430 DE
1960 358 2236 421 DIVINO
2275 354 2612 425 TEMPLO.

3499 351 3611 417 ἨΟ

323 466 466 537 πρῦς
494 467 702 533 σκότος.
735 468 796 524 Ei
828 467 886 524 δέ
921 486 1004 532 τις
1037 466 1404 538 ἐπιστραφείη
1468 466 1629 542 πρδςδ
1655 467 1717 520 τὸ
1773 465 1912 536 φῶς,

2030 465 2127 520 ride
2162 467 2520 533 sentientem,
2593 465 2748 523 nefas
2802 464 3108 546 est.anlla
3166 463 3312 520 enim
3372 463 3615 520 societas

321 560 449 614 τότε
476 561 693 625 δεκτέος
715 565 826 625 τοῖς
862 563 957 616 τοῦ
989 562 1188 630 φωτός.
1223 562 1334 617 Καὶ
1369 564 1543 614 ταῦτα
1578 561 1676 630 μέν
1703 564 1731 615 ὁ
1766 561 1913 621 θεῖος

321 665 390 704 τυ
406 654 491 705 ποῖ
524 657 671 719 ναὸς,
706 657 753 708 si
785 655 878 707 καὶ
906 656 987 708 ἔτι
1021 656 1196 707 πλείω
1221 656 1426 708 τούτων
1459 655 1575 708 ἐστι
1612 657 1757 708 νοεῖν
1803 657 1917 716 τοῖς

327 745 480 814 παρὰ
501 739 636 799 Θεοῦ
673 748 901 814 θεωρεῖν
931 745 1193 818 ἐσχηκόσι
1251 749 1505 818 δύναμιν.
1550 748 1609 800 ’0
1635 749 1691 801 δέ
1741 766 1804 816 γε
1838 748 1916 800 ιε-

330 837 457 904 ρεὺς
487 840 916 906 προηγουμένως
966 839 1066 902 μὲν
1101 841 1250 909 παρὰ
1293 844 1358 910 τῇ
1394 841 1512 910 Θείᾳ
1559 839 1750 909 Γραφῇ
1813 838 1918 905 άγο

326 927 488 993 γελος
524 930 733 1000 Κυρίου
775 933 1221 1001 παντοκράτορος
1255 933 1494 998 λέγεται,
1532 932 1626 985 καὶ
1686 932 1762 994 ὡς
1807 931 1916 984 τῶν

329 1021 492 1075 θείων
535 1023 942 1091 iga-(mum,
999 1026 1095 1077 καὶ
1154 1027 1229 1087 ὡς
1287 1025 1394 1078 τῶν
1451 1027 1777 1093 θελημάτων
1821 1025 1916 1077 τοῦ

328 1110 467 1164 Θεοῦ
494 1101 810 1184 πληρωτὴς.
875 1117 1036 1171 Ἀλλὰ
1091 1119 1186 1171 καὶ
1229 1117 1320 1170 τὸν
1386 1117 1595 1187 Ἰησοῦν
1635 1115 1916 1180 είκονίξςιο

331 1203 430 1276 τὴν
460 1208 568 1275 γὰρ
597 1208 764 1262 αὑτοῦ
794 1213 859 1280 τῇ
906 1208 1211 1282 χειροτονίᾳ
1249 1212 1520 1282 κέκτηται
1557 1210 1809 1281 δύναμιν.

690 1472 794 1528 κον.
831 1475 972 1528 Τίνα
996 1475 1183 1530 τυποῖ
1207 1478 1240 1530 ό
1262 1478 1595 1547 ἀρχιερεύς.

404 1561 516 1617 Καὶ
546 1563 655 1631 πρό
681 1580 743 1630 γε
772 1564 966 1618 τούτου
1003 1566 1208 1634 μᾶλλον
1235 1569 1264 1622 ὁ
1300 1570 1589 1643 ίεράρχης,
1624 1572 1684 1636 ὃς
1710 1577 1803 1629 καὶ
1829 1577 1923 1629 ἐπὶ

335 1647 437 1723 τῆς
462 1655 737 1726 καθέδρας
770 1659 1043 1728 καθῆσθαι
1071 1663 1348 1732 γράφεται
1378 1663 1473 1718 τοῦ
1516 1664 1781 1735 Χριστοῦ,
1826 1668 1924 1722 καὶ

2023 560 2161 614 lucis
2197 559 2262 614 ad
2299 560 2574 614 tenebras.
2638 559 2694 615 Si
2731 559 2858 628 quis
2902 567 3083 615 autem
3125 557 3193 613 ad
3242 559 3420 612 lucem
3479 572 3618 613 con-

2022 668 2220 710 versus
2295 655 2502 717 tuerit,
2553 662 2668 709 tum
2704 653 2792 708 his
2842 653 2941 723 qui
2992 652 3317 719 lucissnnt,
3353 659 3619 721 acceptus

2019 750 2146 802 erit.
2169 747 2235 802 Et
2258 749 2374 801 hmc
2399 749 2621 817 quidem
2642 745 2893 801 divinum
2927 746 3186 817 templum
3215 756 3273 801 ut
3302 747 3354 799 in
3377 748 3612 815 quadam

2020 840 2192 907 etligie
2245 841 2401 896 nobis
2469 842 2734 908 exhibet;
2793 841 3009 895 tametsi
3076 841 3230 908 plura
3297 841 3422 895 licet
3488 841 3619 893 hinc

2021 931 2130 987 illis
2163 933 2490 1001 intelligere,
2525 935 2616 998 qui
2653 933 3040 989 considerandi
3077 929 3390 988 facultatem
3449 930 3622 1000 majo-

2022 1038 2136 1077 rem
2187 1039 2216 1076 a
2262 1023 2378 1080 Deo
2437 1033 2788 1093 acceperunt.
2817 1023 3090 1079 Sacerdos
3128 1024 3404 1093 prtecipne
3436 1022 3490 1075 iu
3524 1036 3619 1076 sa-

2021 1116 2134 1170 cris
2162 1115 2360 1170 litteris
2381 1119 2609 1187 angelus
2632 1115 2844 1170 Domini
2865 1117 3263 1185 omnipotentis
3287 1115 3617 1185 appellatur,

2022 1219 2082 1262 ut
2125 1209 2216 1279 qui
2246 1210 2425 1263 divina
2458 1220 2725 1278 prmcepta
2751 1209 3039 1264 annuntiet
3070 1217 3123 1260 et
3145 1208 3390 1282 divinam
3421 1208 3622 1260 volun-

2021 1311 2186 1358 tatem
2214 1302 2454 1369 impleat.
2475 1301 2615 1366 Quin
2635 1311 2688 1356 et
2708 1300 2894 1356 Jesum
2924 1308 3302 1369 repraesentat;
3328 1301 3448 1369 ejus
3467 1299 3614 1354 enim

2023 1390 2350 1466 potestatem
2399 1410 2498 1463 per
2526 1395 2998 1456 consecrationem
3035 1401 3120 1447 est
3151 1393 3408 1462 adeptus.

2233 1484 2325 1543 29.
2360 1487 2494 1553 Quis
2548 1489 2922 1559 prrrﬁguretur
2986 1486 3050 1541 ab
3106 1490 3368 1557 episcopo.

2098 1577 2162 1630 Et
2209 1579 2442 1648 amplius
2494 1593 2604 1646 prie
2658 1579 2945 1633 sacerdote
3008 1577 3276 1648 pontifex,
3331 1579 3422 1646 qui
3477 1584 3526 1631 et
3566 1577 3620 1630 in

2025 1671 2284 1727 cathedra
2363 1669 2571 1726 Christi
2640 1670 2836 1726 sedere
2905 1671 3130 1734 dicitur,
3195 1680 3249 1725 et
3331 1670 3621 1740 potestatis

334 1745 432 1816 τὴν
458 1747 710 1812 ἐξουσίαν
735 1751 903 1805 αὑτοῦ
935 1753 1183 1807 πλουτῶν
1204 1755 1340 1824 ἔχει,
1366 1755 1587 1826 δεσμεῖν
1633 1761 1726 1813 καὶ
1771 1760 1922 1813 λύειν

334 1840 400 1863 -ι
434 1839 527 1863 --2
560 1841 697 1863 ΩΑ-1¹’
756 1843 955 1863 ιη)..-
1005 1862 1012 1863 ,
1156 1846 1171 1863 1
1389 1848 1478 1863 ιη’
1545 1851 1557 1863 ι
1660 1853 1673 1863 ι
1761 1853 1773 1863 .

2030 1763 2146 1831 ejus
2175 1763 2392 1832 copiam
2442 1762 2674 1828 obtinet,
2704 1772 2766 1816 ut
2825 1761 2921 1816 Dei
2980 1763 3156 1833 gratia
3221 1762 3392 1831 ligare
3422 1772 3476 1816 et
3509 1762 3622 1815 sol-

332 1839 529 1910 τῇτοῦ
559 1841 698 1895 Θεοῦ
752 1843 1053 1912 δυνάμενος
1106 1846 1313 1916 χάριτι.
1389 1848 1604 1921 Ὀγάρ
1660 1853 1922 1924 ίεράρχης

333 1931 434 1999 τῆς
469 1932 580 1986 τῶν
628 1935 948 1990 ἀποστόλων
987 1939 1252 2009 τυγχάνει
1295 1941 1568 2012 διαδοχῆς.
1600 1943 1764 1999 Ὅθεν
1826 1946 1921 1998 καὶ

332 2020 410 2086 iis;
433 2023 524 2076 τὸν
550 2025 784 2093 Χριστὸν
803 2028 1106 2098 είκονίζων,
1147 2033 1207 2084 ἐν
1233 2031 1310 2104 τῷ
1339 2033 1558 2102 μέλλειν
1587 2035 1920 2108 ἱερουργεῖν,

331 2115 402 2166 τὰ
444 2113 565 2185 ἱερὰ
593 2118 985 2188 περιϐάλλεται
1010 2121 1218 2191 άμφια,
1255 2127 1537 2194 σημασίαν
1564 2127 1755 2195 ἔχοντα
1787 2127 1925 2180 πάν-

334 2221 404 2259 τι
428 2207 525 2260 καὶ
571 2207 804 2280 θεωρίαν
851 2210 1260 2285 πνευματικήν.
1323 2218 1457 2285 Περὶ
1502 2213 1579 2273 ὧν
1623 2219 1719 2273 καὶ
1782 2219 1924 2272 κατὰ

333 2300 569 2370 δᾶναμιν
596 2303 850 2373 λέγομεν.
890 2307 1104 2376 Μικρὸν
1133 2308 1192 2361 δέ
1231 2309 1443 2365 ἄνωθεν
1476 2312 1866 2383 Θεωρήσωμεν.

338 2508 399 2564 λ’.
435 2512 602 2577 Τίνες
622 2513 683 2565 αἱ
709 2512 911 2579 τάξεις
935 2513 1151 2640 τῶνέέν
1178 2516 1259 2581 τῷ
1287 2516 1518 2586 ,βήματι
1543 2535 1925 2588 χειροτονου-

1020 2605 1057 2640 ιι
1095 2604 1234 2640 νων.

1015 2604 1234 2656 μενων.

411 2677 538 2729 Τῶν
563 2680 621 2730 ἐν
648 2679 724 2748 τῷ
764 2682 971 2750 βήματι
1002 2688 1502 2756 χειροτονουμένων
1535 2691 1615 2752 είς
1644 2695 1792 2759 τρεῖς
1828 2693 1925 2746 τάο

327 2768 450 2837 ,εεις
508 2770 926 2842 διαιρουμένων,
982 2777 1311 2841 ἐπισκόπου,
1373 2781 1750 2855 πρεσϐυτέρου
1831 2789 1928 2839 καὶ

336 2861 612 2926 διακόνου,
636 2866 848 2918 καὶτοῦ
893 2867 993 2936 μὲν
1033 2871 1366 2936 φωτιστικοῦ
1411 2872 1731 2942 λεγομένου,
1757 2877 1924 2945 δηλα-

337 2952 404 3021 δὴ
439 2954 532 3007 τοῦ
561 2957 886 3026 ἀρχιερέως,
915 2961 1008 3012 καὶ
1037 2950 1389 3027 μεταδοτικοῢ
1437 2967 1547 3019 τῶν
1597 2969 1758 3023 θείων
1815 2971 1925 3040 φώ-

341 3064 472 3102 των.
508 3049 716 3113 Πάντες
745 3052 854 3122 γὰρ
885 3054 1326 3122 λαμϐάνουσιδι¹
1367 3059 1556 3126 αὐτοῦ,
1588 3067 1924 3132 χειροτονίας

2027 1870 2156 1910 vere
2208 1856 2402 1926 possit.
2432 1855 2683 1910 Pontifex
2744 1855 2891 1911 enim
2949 1857 3329 1925 apostolorum
3360 1863 3444 1911 est
3494 1868 3620 1908 suc-

2026 1963 2232 2007 cessor.
2273 1949 2434 2006 Unde
2487 1949 2653 2004 etiam
2705 1957 2967 2018 tanquam
3018 1948 3223 2004 Christi
3282 1949 3463 2018 imago
3505 1961 3619 2001 rem

2026 2043 2274 2117 divinam,
2327 2043 2575 2112 tacturus
2640 2059 2797 2098 sacra
2859 2045 3189 2098 vestimenta
3239 2041 3440 2107 induit,
3500 2055 3624 2109 quae

2026 2136 2211 2190 omnia
2267 2134 2724 2203 signiﬁcationem
2769 2135 3390 2204 considerationemque
3449 2131 3623 2201 spiri-

2028 2228 2230 2282 tualem
2323 2228 2806 2298 complectuntur:
2866 2227 2936 2284 de
3008 2229 3212 2298 quibus
3291 2244 3392 2297 pro
3471 2223 3622 2280 virili

2029 2329 2221 2376 nostra
2310 2320 2582 2376 dicemus.
2663 2319 2837 2375 Paulo
2925 2329 3109 2376 autem
3187 2319 3443 2388 superius
3533 2333 3624 2374 res

2029 2413 2209 2468 omnis
2261 2427 2292 2467 a
2325 2413 2488 2468 nobis
2528 2412 2994 2482 contemplatione
3051 2413 3383 2468 resumenda
3444 2418 3552 2466 est.

2029 2527 2119 2582 '50.
2149 2525 2386 2592 Quinam
2415 2528 2520 2581 sint
2552 2527 2762 2581 ordines
2793 2528 2886 2596 qui
2922 2529 2973 2580 in
3008 2527 3212 2582 bemate
3239 2527 3343 2582 sive
3376 2523 3620 2580 sacrario

2642 2599 2990 2653 ordinantur:

2103 2691 2424 2746 Distributis
2458 2690 2511 2744 in
2556 2697 2671 2743 tres
2704 2688 2914 2744 classes
2964 2689 3033 2743 iis
3080 2690 3172 2757 qui
3248 2689 3391 2741 intra
3430 2699 3622 2740 sacra-

2031 2787 2171 2840 rium
2231 2785 2583 2848 ordinantur,
2615 2785 2894 2853 episcopo,
2941 2782 3252 2846 sacerdote,
3281 2792 3334 2834 et
3370 2781 3624 2842 diacono,

2031 2875 2226 2929 horum
2305 2877 2597 2943 episcopus
2674 2874 2875 2927 dicitur
2953 2872 3377 2931 illuminativus,
3434 2879 3627 2936 utpote

2029 2968 2121 3036 qui
2192 2968 2539 3034 impertiendi
2596 2968 2820 3020 luminis
2873 2965 3204 3020 auctoritate
3266 2963 3452 3032 pollet.
3489 2960 3624 3017 Om-

2030 3074 2127 3113 nes
2157 3059 2302 3114 enim
2345 3074 2442 3124 per
2485 3075 2609 3113 eum
2651 3059 2932 3127 accipiunt
2965 3057 3177 3110 ordinis
3219 3055 3626 3120 characterem,

344 3140 448 3211 μὲν
475 3144 567 3196 καὶ
601 3147 904 3213 σφραγῖδας
932 3148 1100 3217 ἱερεῖς
1129 3167 1188 3202 τε
1247 3154 1338 3206 καὶ
1397 3153 1600 3224 κλῆρος
1628 3200 1632 3202 .
1664 3141 1924 3227 καθιερῶ-

344 3248 459 3296 σεις
489 3251 547 3287 τε
585 3239 719 3301 ναοὶ,
744 3239 1031 3301 βάπτισμα
1052 3241 1108 3293 δὲ
1134 3245 1228 3295 καὶ
1257 3242 1453 3301 ἄφεσιν
1485 3249 1579 3298 καὶ
1607 3195 1909 3301 άγιασιιδν-

2037 3155 2155 3208 sive
2187 3153 2526 3218 sacerdou-s,
2559 3153 2678 3207 sive
2743 3153 2957 3212 clerici,
3004 3151 3072 3205 ab
3127 3165 3192 3206 eo
3248 3149 3628 3204 dedicationes

2041 3247 2372 3301 templorum
2418 3246 2554 3299 ﬁunt
2611 3262 2675 3300 ex
2709 3261 2773 3300 eo
2826 3246 3159 3301 bnolismus.
3226 3242 3622 3301 sanctificatio.

341 3248 459 3296 σεις
489 3251 547 3287 τε
585 3239 719 3302 ναοὶ,
744 3239 1031 3308 βάπτισμα
1052 3241 1108 3293 δὲ
1134 3245 1228 3295 καὶ
1257 3242 1453 3313 ἄφεσιν
1485 3249 1579 3298 καὶ
1609 3239 1910 3318 ἅγιασμδν,

2041 3247 2372 3316 templorum
2418 3246 2554 3299 ﬁunt
2611 3262 2675 3300 ex
2709 3261 2773 3300 eo
2826 3246 3159 3313 baptismus,
3226 3242 3622 3306 sanctificatio,

343 3328 663 3396 μυστηρίων
709 3347 766 3382 τε
820 3335 1107 3388 κοινωνίαν
1144 3335 1194 3388 οἱ
1226 3335 1424 3402 λαῐκοκ,
1460 3337 1497 3392 ἃ.
1525 3342 1704 3395 πάντα
1751 3341 1827 3405 ὡς
1870 3345 1924 3396 ἐκ

2036 3351 2387 3409 peccatorum
2443 3340 2722 3400 remissio,
2760 3345 3233 3391 sacramentorum
3276 3332 3628 3405 participatio

343 3419 530 3487 πηγῆς
561 3421 739 3488 φωτὸς
769 3423 869 3493 τῆς
900 3425 1271 3498 ἐπισκοπικῆς
1327 3431 1436 3482 είσι
1469 3431 1714 3502 χάριτος.

767 3623 869 3680 λα’.
903 3629 965 3680 Τί
1001 3628 1070 3684 τὸ
1092 3633 1466 3690 τελεστικόν.

414 3866 521 3921 Τοῦ
585 3870 963 3942 πρεσϐυτέρου
1005 3873 1062 3926 δὲ
1117 3875 1416 3946 λεγομένου
1471 3880 1806 3946 τελεστικοῦ,
1853 3884 1929 3948 ὡς

340 3959 506 4033 χάριν
534 3960 750 4032 ἔχοντος
784 3964 949 4033 μόνον
981 3968 1303 4040 τελεστικὴν
1334 3972 1414 4033 si;
1465 3974 1564 4036 τὰς
1590 3974 1835 4041 τελετάς,
1865 3977 1928 4030 οὑ

344 4051 451 4120 μὴν
482 4053 868 4127 μεταδοτικήν.
899 4058 1161 4124 Βαπτίζει
1203 4061 1313 4129 γὰρ
1369 4065 1463 4116 καὶ
1513 4065 1810 4136 ίερουργεῖ,
1866 4068 1924 4120 οὐ

335 4145 640 4201 δύναταιδέ
679 4154 1176 4219 χειροτονεῖν,,οὐδ’
1233 4155 1393 4208 ἄλλον
1440 4159 1685 4229 ἐνεργεῖν
1748 4159 1922 4229 ἱερέα,

339 4235 374 4307 ἢ
404 4237 516 4291 τῶν
544 4239 659 4295 ὅσοι
689 4240 895 4307 τάξεως
937 4246 1260 4316 μετέχουσιν
1320 4247 1494 4317 ἱερᾶς.

763 4537 862 4608 λβ’.
910 4536 976 4592 Τί
998 4538 1064 4591 τὸ
1091 4541 1527 4608 λειτουργικόν.

413 4626 519 4683 Τοῦ
551 4629 802 4685 διακόνου
832 4630 889 4683 δὲ
923 4631 1300 4700 λειτουργικοῦ
1334 4633 1651 4702 λεγομένου,
1677 4636 1752 4702 ὡς
1785 4639 1930 4710 ὑπη-

343 4725 501 4790 ρέτου
555 4725 710 4790 τάξιν
762 4725 1070 4795 ἐπέχοντος,
1123 4728 1216 4778 καὶ
1282 4728 1358 4796 μὴ
1421 4729 1722 4809 δνναμένου
1764 4737 1932 4803 Χωρὶς

343 4817 537 4887 ἱερέως
571 4818 934 4884 τι,πράττειν,
973 4818 1000 4870 ὃ
1046 4818 1109 4889 δὴ
1169 4819 1272 4887 τῆς
1333 4821 1572 4892 ἐσχάτης
1627 4824 1931 4895 άγγελικῆς

339 4910 459 4963 ἐστι
488 4910 715 4976 τάξεως,
752 4910 985 4974 ἕκαστος
1008 4911 1192 4964 αὐτῶν
1222 4914 1286 4964 ἐκ
1320 4914 1428 4964 τῶν
1493 4917 1661 4984 τριῶν
1722 4917 1931 4972 τούτων

339 5003 574 5068 τάξεων,
625 5003 912 5068 ’ἀναλόγως
969 5007 1032 5074 τῇ
1088 5003 1265 5070 τάξει,
1326 5007 1666 5076 περιτίθεται
1712 5013 1808 5065 καὶ
1864 5013 1934 5064 τὰ

341 5099 543 5167 ἄμφια.
583 5097 694 5150 Καὶ
917 5097 1161 5162 διάκονος
1197 5098 1317 5167 μέν,
1354 5100 1454 5152 ὅσα
1488 5099 1587 5168 τὴν
1631 5103 1932 5175 ἀγγελικὴν

340 5193 507 5245 τυποῖ
539 5191 694 5256 τάξιν
716 5209 730 5220 ·
770 5191 1147 5262 πρεσϐύτερος
1179 5191 1233 5244 δὲ
1261 5193 1352 5244 καὶ
1393 5192 1570 5245 ταῦτα
1609 5193 1732 5261 μὲν,
1785 5197 1934 5248 ἐπει-

341 5282 514 5353 δήπερ
542 5284 634 5335 καὶ
662 5280 838 5335 τὸτοῦ
871 5281 1122 5333 διακόνου
1160 5284 1412 5351 χάρισμα
1447 5285 1713 5354 πρότερον
1749 5285 1932 5351 ἔλαϐε,

342 5379 437 5429 καὶ
466 5377 534 5428 τὰ
564 5375 661 5440 τῆς
685 5373 1008 5441 τελεστικῆς
1042 5372 1098 5426 δὲ
1139 5376 1383 5442 χάριτος,
1420 5377 1486 5445 ἦν
1534 5375 1596 5428 τὸ
1631 5377 1935 5446 ἐπιτραχή-

341 5468 455 5522 λιον
485 5469 729 5536 φανεροί.
772 5467 831 5518 ’0
880 5465 1142 5537 ἱεράρχης
1175 5465 1256 5528 δὲ,
1296 5467 1409 5524 ,καὶ
1477 5466 1671 5529 ταῦτα,
1720 5468 1814 5519 καὶ
1855 5466 1933 5518 ἐτι

343 5559 402 5611 τὺ
428 5557 761 5626 ὠμοφόριον,
794 5555 822 5608 ὃ
853 5555 1155 5626 ποηίστησι
1210 5559 1632 5624 σεσαρκωμὲνον
1689 5556 1782 5609 τὸν
1838 5557 1933 5609 τοῦ

346 5652 480 5706 Θεοῦ
521 5651 668 5705 Υἱόν.
703 5650 795 5704 Διὸ
835 5650 928 5703 καὶ
977 5649 1077 5718 τὴν
1113 5648 1308 5716 στολὴν
1347 5649 1448 5717 τὴν
1493 5651 1646 5719 ἱερὰν
1678 5650 1936 5720 ἐνδυόμε-

344 5755 458 5813 νος,
498 5745 766 5816 πρότερον
803 5745 862 5798 τὸ
899 5743 1178 5816 στιχάριον
1232 5743 1645 5814 περιϐάλλεται.

2037 3434 2091 3485 in
2149 3431 2317 3485 laicos
2373 3444 2568 3482 omnes
2640 3436 2902 3496 tanquam
2983 3443 3014 3482 a
3074 3428 3245 3482 fontis
3310 3425 3523 3481 lumine
3594 3440 3626 3481 tl

2036 3526 2212 3596 gratia
2250 3525 2546 3594 episcopali
2581 3522 2824 3593 proﬂuit.

2034 3639 2124 3693 5i.
2153 3638 2292 3702 Quid
2312 3641 2375 3690 sit
2415 3657 2601 3692 munus
2631 3638 2924 3708 presbyteri
2949 3636 3191 3698 telcstici,
3231 3637 3321 3704 qui
3356 3635 3629 3708 baptizare

2104 3722 2149 3765 et
2178 3708 2580 3762 Eucltaristiam
2632 3706 2954 3763 consecrare
2994 3716 3190 3776 potest,
3215 3708 3306 3761 sed
3373 3706 3627 3762 ordinare

2107 3797 2210 3834 non
2239 3788 2432 3850 potest.

2108 3891 2402 3962 Presbyter
2450 3900 2631 3944 autem
2688 3888 2890 3943 dicitur
2949 3888 3276 3954 initiativus,
3309 3897 3497 3957 utpote
3537 3886 3626 3956 qui

2034 3984 2208 4038 solum
2246 3984 2378 4037 alios
2427 3982 2674 4035 iuitiandi
2741 3982 2971 4047 gratiam
3013 3981 3177 4034 habet
3216 3981 3269 4034 in
3304 3980 3480 4054 sacris
3513 3995 3631 4052 my-

2033 4073 2221 4132 steriis
2279 4091 2444 4130 :non
2508 4085 2693 4128 tamen
2775 4077 2916 4130 hanc
2997 4075 3325 4129 initiativam
3394 4071 3630 4143 gratiam

2030 4171 2154 4224 aliis
2237 4168 2606 4223 communicat
2645 4177 2698 4222 et
2758 4168 3096 4237 impertitur.
3170 4166 3424 4236 Baptizat
3483 4165 3629 4220 enim

2029 4275 2082 4318 et
2151 4273 2491 4329 consecrat;
2553 4277 2662 4316 non
2724 4271 2903 4315 tamen
2963 4270 3143 4330 potest
3225 4262 3364 4315 alios
3414 4257 3634 4312 initiare

2029 4354 2346 4416 ordinibus,
2427 4368 2532 4408 nec
2613 4353 2782 4408 alium
2861 4368 3050 4408 creare
3106 4356 3472 4416 sacerdotem,
3536 4358 3635 4406 aut

2029 4462 2418 4518 quemcunque
2477 4446 2640 4501 alium
2676 4446 2767 4517 qui
2794 4445 3007 4500 ordinis
3047 4445 3193 4498 sacri
3226 4444 3297 4513 sit
3331 4446 3629 4513 particeps.

2215 4539 2305 4594 3‘2.
2341 4538 2482 4605 Quid
2517 4540 2820 4609 littu'gicum
2852 4554 3044 4592 nmnus
3092 4537 3143 4590 in
3187 4537 3435 4589 diacono.

2109 4631 2388 4686 Diacouus
2443 4643 2627 4686 autem
2680 4630 3123 4684 ministratorius
3184 4629 3409 4691 dicitur,
3446 4627 3634 4697 utqui

2037 4725 2276 4779 ministri
2328 4723 2506 4778 locum
2548 4733 2750 4787 teneat,
2781 4731 2835 4778 et
2872 4724 3010 4777 citra
3072 4721 3416 4777 sacerdotem
3455 4719 3637 4774 facere

2042 4816 2179 4871 nihil
2228 4819 2436 4886 possit:
2487 4816 2635 4886 quod
2665 4823 2815 4871 certe
2847 4823 2934 4870 est
2988 4814 3164 4868 ultimi
3212 4811 3427 4868 ordinis
3461 4826 3632 4882 ange-

2041 4906 2151 4960 lici.
2220 4905 2466 4974 Quisque
2519 4906 2714 4959 borum
2773 4905 2939 4959 trium
2990 4904 3244 4959 ordinum
3311 4918 3407 4972 pro
3468 4903 3634 4959 ratio-

2038 5014 2107 5052 ne
2158 4998 2242 5052 sui
2303 5007 2480 5052 status
2535 5007 2718 5051 vestes
2792 4994 2993 5050 induit.
3070 4996 3342 5073 Diaconos
3408 4994 3632 5067 quidem

2036 5107 2160 5159 quae
2197 5090 2505 5161 angelicum
2543 5090 2792 5143 ordinem
2870 5086 3138 5142 referunt.
3192 5087 3486 5157 Presbyter
3521 5087 3636 5142 haec

2037 5184 2226 5240 eadem
2278 5181 2462 5246 habet,
2493 5179 2942 5249 quandoquidem
3000 5179 3275 5240 charisma
3348 5180 3464 5232 sive
3513 5192 3638 5246 ιιι-ιι-

2039 5274 2170 5328 tiam
2230 5275 2383 5342 prius
2449 5256 2698 5341 accepit;
2760 5280 2814 5325 et
2890 5270 3089 5326 deinde
3161 5270 3491 5325 initiativam
3551 5270 3634 5324 vel

2039 5366 2491 5422 sanctiﬁcativam
2571 5364 2804 5434 adeptus
2840 5373 2945 5430 est,
2993 5381 3158 5434 quam
3211 5364 3430 5434 quidem
3510 5363 3634 5432 ejus

2039 5464 2176 5517 stola
2229 5461 2458 5515 indicat.
2541 5460 2796 5530 Pontifex
2890 5470 3072 5515 autem
3128 5464 3350 5528 iliPC,t‘l
3407 5461 3638 5532 insuper

2040 5554 2145 5608 alia
2205 5562 2546 5617 ornamenta,
2612 5554 2861 5607 videlicet
2894 5555 3147 5624 pallium,
3197 5555 3451 5621 assumit,
3489 5553 3636 5622 quod

2040 5644 2382 5700 incarnatuut
2467 5644 2558 5697 Dei
2634 5641 2833 5697 Filium
2924 5645 3392 5710 consitletjationis
3471 5644 3636 5699 oculo

2046 5734 2288 5792 exhibet.
2325 5737 2508 5791 Sacris
2534 5752 2665 5808 ergo
2713 5738 2964 5795 vestibus
3008 5740 3136 5795 dum
3178 5739 3446 5805 induitur,
3480 5737 3636 5809 prius

2043 5831 2228 5886 tunica
2277 5829 2550 5886 amicitur.
