4090 6314
239 333 345 396 845
948 333 1341 392 ΒΕΞΪὈΝΞΛ
1376 334 1473 392 AD
1516 321 1838 390 GABRI'EI

1950 331 1971 388 Ῑ
2016 326 2263 388 PENI‘A
2281 330 2747 393 POLI'I‘ANUM.
3403 333 3511 398 816

234 467 344 504 σιν.
397 450 462 504 Εἰ
501 449 594 505 οὖν
633 451 725 503 καὶ
777 451 1016 521 μετρίως
1059 451 1206 509 τινὲς
1252 449 1430 502 αὐτῶν
1479 449 1812 519 ἐξήμαρτον,

1959 460 2044 499 am
2081 460 2298 514 pmnam
2330 447 2813 517 exspectantesﬁi
2839 465 2968 506 vero
3000 452 3197 519 aliquis
3222 469 3286 506 ex
3313 453 3507 506 iisdem

237 543 330 593 καὶ
369 539 528 609 μόνον
574 542 832 614 μετανοίᾳ
873 543 966 595 τοῦ
1025 542 1141 612 βίου
1171 541 1367 595 τούτου
1417 540 1662 610 ἐξῆλθον,
1729 541 1818 593 διὰ

1950 539 2203 593 noderate
2259 540 2574 609 deliquerit,
2625 551 2682 596 et
2741 557 2868 602 cum
2901 543 3224 612 poenitentia
3283 558 3351 597 ex
3409 548 3512 596 hac

235 631 334 699 τῆς
379 632 682 701 ἱερωτάτης
719 633 906 695 Θυσίας
939 634 1031 706 καὶ
1062 633 1319 686 εὐποιιῶν
1369 635 1462 687 καὶ
1487 633 1688 685 λοιπῶν
1719 632 1817 686 ἄλ-

1959 629 2033 682 ita
2060 633 2375 698 excesserit,
2407 647 2506 702 per
2531 643 2946 688 sacrosanctum
2967 635 3299 690 sacriﬁcium
3333 648 3385 687 et
3413 637 3511 688 bo-

236 722 366 784 λων,
401 723 660 778 δύνανται
686 725 998 794 ἐλευθερίας
1021 727 1207 794 τυχεῖν
1243 725 1345 794 πρὸ
1376 722 1467 777 τοῦ
1512 725 1688 776 ἐλθεῖν
1727 725 1818 776 τὸν

1950 737 1990 774 ιιι
2016 737 2181 789 opera
2201 733 2256 777 et
2281 725 2390 777 alia
2426 735 2657 793 possunt
2712 726 3020 779 libertatem
3057 727 3317 794 consequi
3365 735 3513 778 ante-

237 814 450 882 κριτήν.
491 814 599 866 Καὶ
642 813 798 868 τοῦτο
829 815 1090 886 δεχομένη
1127 819 1162 886 ἠ
1206 815 1526 885 Ἐκκλησία,
1556 814 1655 878 τὰς
1679 816 1819 884 ὑπὲρ

1950 831 2085 884 luam
2130 816 2293 883 judex
2314 816 2618 873 advenerit.
2643 817 2704 871 Et
2726 820 2826 872 hoc
2867 818 3104 886 probans
3141 818 3382 872 Ecclesia
3415 832 3515 886 pro

234 907 345 958 τῶν
394 908 774 978 ἀποιχομένων
817 910 1056 961 ποιεῖται
1111 907 1425 979 προσευχάς
1461 911 1557 960 καὶ
1589 907 1816 970 θυσίας’

1950 910 2196 962 lefnnetis
2250 925 2437 978 preces
2476 920 2532 965 et
2567 912 2839 966 sacriﬁcia
2871 913 3099 982 peragit.
3122 911 3183 964 Et
3215 912 3315 965 hoc
3360 909 3511 961 nmlti

240 1000 334 1053 καὶ
371 1001 557 1054 πολλοὶ
602 1001 761 1054 τοῦτο
792 1001 1156 1070 μαρτυροῦσι,
1194 1001 1288 1053 καὶ
1343 1002 1391 1053 οί
1422 1001 1675 1069 λυόμενοι
1699 1001 1821 1052 δεσ-

1951 1010 2221 1065 estantur,
2255 1009 2307 1056 et
2343 1002 2485 1055 inter
2536 1017 2634 1056 eos
2679 1003 2770 1072 qui
2828 1012 2948 1071 post
3006 1012 3235 1055 mortem
3289 1001 3516 1055 solvun-

245 1093 348 1162 μοῧ
385 1096 522 1163 μετὰ
562 1093 798 1147 θάνατον
842 1094 916 1158 ὡς
959 1095 1240 1164 λυομένων
1275 1094 1369 1147 καὶ
1410 1094 1516 1146 τῶν
1547 1097 1822 1162 σωμάτων

1953 1107 2016 1146 nr
2041 1092 2402 1158 vinculo,non
2427 1094 2529 1146 alia
2558 1095 2769 1148 ratione
2801 1109 2908 1163 qua
2933 1096 3252 1148 eorumdem
3275 1108 3510 1160 COrpom

239 1185 441 1239 αὐτῶν.
478 1185 576 1238 Διά
631 1185 789 1239 τοῦτο
834 1188 926 1239 καὶ⁵
974 1186 1150 1255 φλόγα
1184 1186 1278 1240 τοῦ
1318 1186 1574 1238 πλουσίου
1611 1186 1820 1237 ἐκείνου

1950 1186 2302 1240 Iissolvuntur
2325 1184 2390 1239 Et
2418 1200 2513 1255 per
2534 1186 2636 1241 hoc
2663 1185 2819 1239 facile
2870 1186 3171 1254 intelligere
3217 1198 3517 1253 possumus

237 1277 338 1346 τὴν
364 1278 464 1345 τῆς
510 1277 870 1345 συνειδήσεως
903 1278 1175 1346 τιμωρίαν
1221 1280 1444 1347 νοητὲον
1467 1320 1480 1340 ,
1532 1280 1629 1333 καὶ
1654 1279 1713 1330 τὸ
1746 1278 1823 1348 μὴ

1950 1285 1982 1330 rt
2019 1275 2195 1343 ignem
2231 1291 2340 1346 quo
2371 1276 2710 1331 comburitur
2747 1276 2901 1330 dives
2949 1275 3056 1341 ille,
3109 1283 3160 1328 et
3205 1274 3512 1328 cruciatum

243 1368 491 1436 μετέχειν
541 1367 786 1436 χάριτος.
843 1369 915 1421 Τὸ
976 1369 1251 1438 μακρόθεν
1300 1369 1357 1422 δὲ
1423 1371 1516 1422 τὸν
1572 1370 1825 1441 ’Δϐραὰμ

1950 1385 2025 1422 )er
2044 1370 2461 1435 conscientiam,
2483 1380 2537 1423 et
2555 1370 2913 1438 privationem
2940 1368 3150 1437 gratim.
3175 1368 3310 1421 Cum
3327 1367 3523 1420 deinde

239 1459 482 1530 καθορᾷν
511 1460 572 1512 τὸ
634 1462 847 1532 μακρὰν
882 1457 1023 1515 εἶναι
1067 1460 1203 1514 Θεοῦ
1259 1461 1543 1532 σημαίνει,
1581 1463 1674 1514 καὶ
1721 1460 1825 1514 ὑπὸ

1952 1478 2090 1531 onge
2112 1473 2164 1516 et
2193 1461 2332 1516 infra
2367 1462 2557 1532 posita:
2588 1461 2846 1516 dicuntur
2879 1477 2908 1514 a
2951 1469 3249 1528 conspectu
3286 1459 3520 1512 Abrahae

238 1549 508 1616 δαιμόνων
541 1550 839 1605 θλίϐεσθαι.
879 1552 954 1602 Ού
985 1551 1090 1622 μὴν
1129 1553 1185 1605 δὲ
1217 1552 1401 1605 τελεία
1629 1551 1723 1604 νῦν
1747 1551 1827 1606 δί-

238 1643 391 1696 δοται
446 1643 687 1705 κόλασις.
739 1644 800 1696 Εἰ
833 1643 891 1696 δὲ
924 1643 1013 1696 διὰ
1062 1645 1123 1696 τὸ
1156 1644 1248 1698 τὸν
1283 1644 1486 1713 Κύριον
1539 1645 1824 1714 εἰρηκέναι

241 1737 296 1788 ἐν
326 1736 518 1807 γεέννῃ
549 1730 691 1787 εἶναι
725 1737 820 1787 τὸν
852 1736 1129 1801 πλούσιον,
1161 1737 1480 1789 πιστευτέον
1515 1737 1572 1788 ἐν
1602 1736 1821 1789 κολάσει

242 1826 385 1883 εἶναι
413 1829 598 1893 αὐτὸν,
635 1830 729 1882 καὶ
759 1827 847 1882 διὰ
881 1829 1041 1881 τοῦτο
1069 1832 1190 1891 ταῖς
1217 1830 1325 1882 τῶν
1361 1830 1707 1899 ἁμαρτωλῶν
1736 1831 1828 1883 κό-

242 1922 396 1986 λασίς
426 1922 542 1974 ἐστι
569 1921 792 1991 ψυχαῖς,
827 1919 1044 1985 αἰώνιος
1072 1920 1249 1985 ἔσται,
1277 1922 1538 1992 ἀρραϐὼν
1570 1925 1668 1990 τῆς
1696 1922 1826 1992 μελ-

241 2015 442 2083 λούσης
470 2013 767 2076 κολάσεως.
817 2014 962 2082 Πλὴν
993 2015 1115 2067 ὅσον
1147 2015 1296 2068 ἐστιν
1337 2017 1547 2067 ἐννοεῖν
1585 2016 1693 2068 ἀπὸ
1719 2015 1828 2066 τῶν

243 2107 419 2175 ἁγίων
449 2108 706 2178 Γραφῶν,
738 2108 860 2160 ἐπεὶ
893 2109 1048 2162 οὔπω
1069 2109 1182 2162 ’ὑπὸ
1216 2111 1286 2162 τὰ
1309 2109 1485 2179 δεσμὰ
1513 2112 1609 2163 κα)⁸
1635 2110 1694 2162 τὸ
1721 2107 1830 2178 πῦρ

240 2201 308 2255 τὸ
337 2201 742 2272 ἡτοιμασμένον
769 2202 917 2272 αὐτῷ
953 2203 988 2256 ὁ
1022 2203 1267 2265 διάϐολος
1309 2203 1408 2257 σὺν
1442 2205 1556 2262 τοῖς
1585 2203 1829 2270 δαίμοσι,

247 2294 366 2348 ἀλλ’
394 2295 473 2347 ἔτι
503 2295 602 2364 τὴν
631 2295 831 2348 κακίαν
867 2295 1152 2364 ἐνεργοῦσι
1185 2295 1263 2364 τῷ
1311 2298 1521 2364 κόσμῳ,
1557 2295 1650 2347 καὶ
1681 2295 1832 2346 οὔπω

243 2388 300 2441 δὲ
328 2388 358 2457 ἡ
387 2388 661 2456 ἀπόφασις
697 2390 790 2440 καὶ
822 2388 937 2451 τοῖς
966 2385 1313 2457 ἁμαρτωλοῖς
1330 2388 1524 2455 γέγονε
1555 2386 1638 2451 τὸ,
1675 2404 1692 2437 ι
1724 2387 1832 2438 Πο-

249 2479 472 2550 ρεύεσθε
525 2480 621 2532 ἀπ’
666 2479 821 2548 ἐμοῦ,
855 2482 905 2532 oi
954 2479 1330 2550 κατηραμένοι
1391 2480 1472 2541 είς
1523 2478 1585 2531 τὸ
1614 2477 1725 2546 πῦρ
1772 2476 1834 2528 τὸ

235 2573 484 2626 -αίὼνιονο
510 2591 528 2624 ι
559 2573 620 2625 οὐ
646 2572 827 2644 τελείᾳ
847 2573 1064 2625 κολάσει
1098 2573 1152 2624 ai
1172 2571 1280 2624 τῶν
1298 2568 1640 2638 ἁμαρτωλῶν
1667 2567 1834 2636 ψυχαὶ

249 2663 656 2731 παραδίδονται,
693 2664 742 2716 εί
774 2664 864 2716 καὶ
889 2666 915 2716 ό
951 2664 1213 2725 Πλούσιος
1253 2663 1470 2728 λέγεται
1518 2663 1578 2715 ἐν
1616 2662 1831 2731 γεέννῃ.

253 2758 480 2819 Πάντως
510 2757 619 2826 γὰρ
647 2757 802 2809 ἔσται
832 2755 930 2824 μὲν
963 2758 1020 2807 ἐν
1054 2756 1300 2818 κολάσει,
1330 2755 1392 2808 ού
1417 2754 1600 2825 τελείᾳ
1626 2754 1704 2814 δὲ,
1738 2753 1836 2807 καὶ

235 2851 371 2902 οὐδὲ
397 2848 467 2923 δι’
490 2849 662 2921 αὐτὴν
703 2848 802 2919 τὴν
832 2851 890 2900 ἐν
925 2849 1084 2917 μέρει
1112 2847 1337 2902 κόλασιν
1379 2847 1835 2915 ἀπαλλαγήσεται

246 2944 349 3013 τῆς
373 2941 607 3007 τελείας,
655 2942 729 3004 ὡς
753 2941 806 2993 οί
855 2940 1074 2994 Λατῖνοι
1105 2941 1234 3010 περὶ
1280 2938 1373 2992 τοῦ
1408 2938 1836 3009 Πουργατωρίου

253 3035 407 3102 φασί.
430 3036 537 3088 Καὶ
553 3033 732 3102 δῆλον,
756 3032 833 3095 ὡς
853 3033 944 3086 καὶ
961 3032 1150 3102 χάσμα
1184 3026 1338 3086 εῐπσν
1366 3027 1508 3085 εἶναι
1530 3033 1557 3084 ὁ
1576 3029 1788 3100 Ἀϐραὰ
1797 3047 1838 3099 μ

1857 1785 1904 1844 Β

1933 1557 2033 1609 hoc
2067 1554 2245 1608 innuit
2295 1569 2392 1608 eas
2439 1554 2598 1624 longe
2637 1569 2759 1609 esse
2807 1569 2834 1607 a
2872 1552 3005 1616 Deo,
3039 1561 3093 1606 et
3133 1551 3376 1621 torqueri
3419 1553 3524 1604 sub

1934 1647 2224 1718 tyrannide
2254 1648 2563 1702 dtemonum
2606 1663 2620 1699 :
2677 1646 2773 1703 sed
2814 1657 2994 1700 tamen
3029 1659 3175 1699 nunc
3220 1661 3329 1699 non
3365 1644 3524 1711 plena

1933 1743 2104 1795 luitur
2160 1757 2342 1811 poena.
2397 1742 2527 1795 Inde
2571 1741 2798 1796 Domino
2846 1750 3084 1795 testante
3133 1739 3356 1794 divitem
3405 1752 3527 1790 esse

1936 1837 1989 1888 in
2022 1837 2292 1903 gebenna,
2322 1834 2659 1888 credendum
2710 1844 2794 1888 est
2835 1834 3014 1902 ipsum
3060 1847 3183 1886 esse
3240 1832 3291 1884 in
3343 1845 3524 1898 pmna.

1935 1935 1989 1980 et
2027 1933 2426 1994 consequenter
2472 1925 2920 1993 pmnamiustare
2966 1923 3259 1976 animabus
3336 1934 3528 1987 pecca-

1938 2029 2142 2080 torum,
2199 2019 2397 2071 luturaa
2448 2031 2628 2087 poenae
2678 2031 2801 2086 qua:
2839 2017 2945 2071 erit.
2993 2025 3221 2079 eterna,
3259 2013 3531 2066 arrhabo-

1937 2125 2083 2163 nem.
2129 2107 2341 2164 Etenim
2392 2109 2496 2162 hoc
2545 2109 2782 2176 insuper‘
2809 2109 3194 2176 cognoscimus
3247 2121 3312 2158 ex
3372 2118 3530 2156 sacra

1937 2203 2222 2272 Scriptura
2247 2217 2369 2270 qua:
2406 2201 2565 2255 nobis
2599 2199 3084 2253 iuuuitdiabolnm
3118 2197 3362 2252 nondum
3401 2209 3530 2249 cum

1939 2293 2278 2347 tlaamonibus
2309 2307 2431 2347 esse
2484 2291 2537 2344 in
2570 2291 2802 2345 vinculis
2853 2299 2907 2343 et
2952 2291 3005 2344 in
3059 2290 3183 2358 igne
3228 2296 3533 2358 praeparato

1942 2386 2071 2454 ipsi,
2107 2385 2200 2439 sed
2251 2385 2430 2439 adhuc
2472 2381 2746 2450 inSpirare
2796 2383 3061 2437 malitiam
3111 2383 3166 2435 in
3217 2381 3444 2442 mundo,
3479 2391 3535 2430 ct

1941 2479 2184 2554 nondum
2236 2485 2684 2532 consummatam
2733 2491 2856 2531 esse
2907 2484 3257 2545 peccatorum
3314 2488 3536 2541 separa-

1942 2571 2148 2623 tionein
2187 2585 2288 2624 nee
2345 2571 2614 2638 prolatum
2660 2569 2907 2623 terribile
2959 2570 3061 2622 hoc
3094 2580 3109 2620 :
3150 2586 3168 2618 ι
3207 2565 3478 2619 Discedite
3503 2581 3535 2618 a

1941 2678 2052 2726 nte,
2104 2663 2406 2726 maledicti,
2460 2663 2513 2715 in
2559 2664 2736 2729 ignem
2793 2671 3063 2715 :eternum
3119 2659 3159 2714 ⁸.
3197 2679 3214 2710 ι
3289 2657 3535 2713 Perfecta

1943 2770 2103 2825 pinna
2159 2771 2271 2809 non
2322 2755 2639 2809 alliciuntur
2679 2754 2878 2808 animat
2937 2746 3287 2823 peccatorum
3350 2769 3363 2804 :
3431 2747 3536 2807 etsi

1941 2847 2087 2901 enim
2135 2847 2289 2902 dives
2333 2849 2552 2903 dicatur
2595 2862 2718 2902 esse
2765 2847 2818 2900 in
2860 2845 3137 2915 gebenua,
3171 2844 3398 2898 omnino
3433 2845 3540 2898 erit

1944 2939 1997 2994 in
2047 2955 2231 3010 pinna,
2257 2957 2373 2994 non
2428 2939 2669 3011 perfecta
2697 2939 2940 3009 quidem,
2971 2940 3067 2994 sed
3113 2954 3210 3008 per
3241 2938 3385 2992 hanc
3419 2950 3540 3005 quae

1944 3042 2030 3089 est
2057 3049 2122 3086 ex
2152 3040 2303 3099 parte
2329 3047 2544 3102 pronam
2579 3039 2842 3095 aeternam
2869 3045 2975 3084 non
3013 3029 3257 3099 etiugiet,
3292 3028 3434 3082 sicut
3455 3025 3541 3079 di-

252 3127 357 3181 ἁνὰ
392 3123 557 3196 μέσον
597 3125 703 3180 τῶν
745 3125 1088 3195 ἁμαρτωλῶν
1129 3125 1225 3177 καὶ
1260 3122 1506 3185 δικαίων,
1550 3122 1610 3175 τὸ
1641 3120 1837 3175 ἀδύνα-

1950 3136 2080 3181 cunt
2116 3125 2294 3179 Latini
2326 3126 2395 3179 de
2423 3124 2763 3194 purgatorio.
2814 3121 2881 3178 Et
2914 3135 3070 3178 certo
3117 3120 3374 3191 quidem;
3409 3133 3534 3175 cum

251 3233 342 3270 τον
361 3217 468 3282 τῆς
499 3216 746 3280 ἐνώσεως
782 3214 1088 3286 παριστῶν,
1120 3217 1216 3269 καὶ
1248 3215 1384 3285 μηδὲ
1412 3213 1672 3268 δύνασθαι
1703 3212 1834 3265 ὑπο-

255 3306 488 3378 στρέψαι
521 3309 601 3371 είς
649 3309 776 3368 τοὺς
801 3307 1019 3372 ζῶντας
1067 3307 1352 3377 μετανοεῖν
1378 3323 1393 3339 ·
1441 3307 1525 3359 ὅτι
1555 3305 1662 3358 οὐκ
1690 3304 1837 3356 ἐστιν

252 3403 310 3456 ἐν
333 3401 409 3470 τῷ
427 3403 530 3474 ᾅδῃ
559 3403 839 3471 μετάνοια,
869 3401 988 3455 ἀλλ’
1012 3399 1202 3472 ὥσπερ
1227 3399 1324 3462 τὰς
1351 3399 1462 3452 τῶν
1484 3399 1658 3468 ἁγίων
1685 3395 1746 3451 οὖ
1761 3415 1840 3450 πω

254 3492 468 3545 τελείαν
497 3493 598 3562 τὴν
629 3493 790 3562 χάριν
819 3474 1253 3561 ἀπολαμϐάνειν,
1287 3489 1430 3543 οὕτω
1466 3490 1560 3543 καὶ
1597 3489 1696 3549 τὰς
1729 3487 1840 3539 τῶν

248 3584 596 3653 ἁμαρτωλῶν
650 3582 804 3638 οὔπω
849 3585 1121 3654 τιμωρίας
1172 3581 1267 3636 καὶ
1311 3581 1586 3642 κολάσεως
1644 3581 1841 3650 πεῖραν

256 3678 538 3750 εὑρίσκειν
569 3675 784 3730 τελείαν
812 3674 1132 3743 δοξάζομεν,
1160 3673 1320 3746 ἄχρις
1354 3673 1420 3728 ἂν
1441 3673 1502 3726 τὸ
1533 3672 1684 3735 τέλος
1708 3672 1844 3724 ἐκά-

259 3786 369 3839 στῳ
407 3769 656 3838 γένηται,
687 3766 783 3821 τοῦ
819 3766 1028 3837 Κυρίου
1063 3766 1331 3827 ἐλθόντος.
1375 3765 1512 3819 ’Υπδ
1558 3764 1759 3835 δεσμὸν
1784 3761 1842 3816 δὲ

258 3861 410 3914 ἔσται
458 3861 554 3913 καὶ
596 3859 793 3929 ὀδύνην
841 3858 902 3911 τὸ
935 3858 1100 3912 άῡλον
1153 3857 1374 3928 πνεῦμα
1417 3861 1476 3914 ἐν
1514 3860 1582 3929 τῇ
1643 3857 1842 3929 γεέννῃ

257 3951 404 4004 κατὰ
435 3951 592 4017 λόγον
620 3950 989 4021 προσήκοντα.
1020 3949 1131 4004 Καὶ
1155 3948 1318 4001 τοῦτο
1352 3946 1702 4019 μανθάνομεν
1733 3944 1842 3997 ἀπὸ

256 4045 366 4098 τῶν
402 4045 577 4113 ἁγίων
632 4044 888 4116 Γραφῶν,
926 4042 1068 4113 πλὴν
1116 4043 1212 4095 καὶ
1245 4040 1356 4096 ἀπὸ
1401 4039 1510 4093 τῶν
1538 4037 1843 4107 γινομένων

258 4140 319 4191 ἐν
351 4140 483 4209 ἡμῖν
511 4121 746 4192 ἐνταῦθα
776 4137 985 4206 γνῶναι
1009 4135 1148 4189 ἐστι·
1168 4134 1264 4188 καὶ
1297 4127 1667 4204 στοχάσασθαι
1712 4129 1844 4197 περ)⁸

259 4231 370 4284 τῶν
405 4231 713 4302 μελλόντων
752 4229 1001 4285 δυνατόν.
1034 4227 1305 4291 Πολλάκις
1348 4227 1460 4295 γάρ
1507 4226 1601 4279 καὶ
1635 4222 1711 4294 μὴ
1745 4222 1843 4293 βα-

263 4321 620 4392 σανιζομένου
652 4321 745 4376 τοῦ
786 4321 1061 4391 σώματος,
1087 4322 1120 4392 ή
1146 4320 1296 4391 ψυχὴ
1333 4319 1456 4373 καθ’
1492 4320 1695 4382 ἐαυτὴν
1721 4319 1844 4370 ὀδυ-

261 4417 421 4469 νᾶται
453 4417 550 4471 καὶ
580 4413 843 4481 θλίϐεται,
875 4413 1266 4485 περιστατικοῦ
1291 4431 1433 4476 τινος
1458 4412 1846 4483 ἐπενεχθέντος

1947 3219 2220 3273 Abraham
2263 3218 2410 3271 dicat
2439 3230 2562 3271 esse
2593 3215 2764 3270 cbaos
2814 3230 3072 3283 magnum
3107 3216 3252 3268 inter
3285 3224 3541 3283 peceato-

1948 3329 2037 3368 res
2064 3323 2118 3367 et
2157 3311 2362 3382 justos,
2391 3308 2538 3364 unde
2565 3318 2925 3378 apparetnon
2959 3322 3120 3377 posse
3151 3307 3256 3361 sibi
3295 3314 3540 3376 prm‘scn-

1950 3415 2032 3460 tes
2058 3419 2179 3459 esse
2210 3408 2515 3473 proximos,
2545 3410 2598 3455 et
2631 3399 2904 3455 nominent
2941 3399 3077 3454 inde
3112 3408 3366 3452 remeare
3398 3397 3542 3451 inter

1947 3494 2103 3545 vivos
2161 3491 2228 3543 ad
2293 3490 2677 3558 paenitentiam
2730 3487 2999 3559 agendum
3035 3527 3050 3550 ,
3103 3488 3231 3556 quia
3303 3501 3414 3539 non
3460 3487 3544 3539 est

1953 3584 2006 3637 in
2046 3581 2282 3636 infernis
2331 3581 2675 3649 pteniteutia,
2723 3579 2818 3636 sed
2869 3581 3016 3635 sicut
3046 3579 3541 3646 animabusjnsto-

1952 3690 2074 3735 rum
2125 3689 2232 3730 non
2285 3674 2448 3728 datur
2503 3671 2617 3739 jam
2672 3688 2821 3728 nunc
2853 3673 3070 3742 plenam
3124 3675 3375 3742 act-.ipere
3424 3687 3547 3742 gra-

1953 3768 2081 3821 tiam
2111 3808 2127 3833 ,
2174 3766 2255 3821 sic
2294 3767 2533 3821 nondum
2585 3765 2745 3820 datur
2796 3766 3087 3820 animabus
3139 3773 3489 3835 peccatorum
3529 3807 3543 3830 ,

1951 3867 2140 3914 nostro
2177 3858 2403 3925 judicio,
2452 3857 2849 3928 suppliciorum
2902 3863 2958 3911 et
3003 3856 3385 3926 castigationis
3416 3871 3545 3926 per-

1953 3955 2154 4011 lectum
2209 3954 2439 4023 adipisci
2523 3954 3006 4024 experimentum,
3059 3954 3370 4022 usquedum
3421 3952 3547 4008 ﬁnis

1952 4046 2250 4117 unicuique
2279 4048 2553 4114 adveniat,
2584 4047 2953 4102 descendente
3002 4047 3254 4101 Domino.
3315 4044 3373 4100 lu
3419 4045 3546 4099 vin-

1952 4139 2092 4194 culis
2137 4153 2269 4209 ergo
2331 4139 2438 4194 erit
2467 4149 2521 4195 et
2567 4139 2620 4194 in
2669 4139 2860 4194 dolore
2922 4139 3151 4208 spiritus
3210 4125 3550 4193 immateria-

1954 4232 2022 4286 iis
2070 4232 2123 4285 in
2175 4231 2426 4301 gebenna
2473 4230 2777 4287 secundum
2810 4231 2957 4300 quod
2999 4230 3162 4286 modo
3213 4230 3284 4285 de
3344 4232 3428 4284 bis
3466 4229 3551 4285 di-

1955 4326 2213 4380 cebamus
2243 4338 2257 4376 :
2293 4325 2424 4379 illud
2477 4341 2506 4379 a
2555 4333 2745 4385 sancta
2801 4324 3089 4395 Scriptura
3139 4324 3430 4390 discimus,
3498 4335 3553 4378 et

1953 4417 2065 4487 jam
2101 4417 2171 4472 ab
2222 4417 2308 4473 bis
2356 4433 2477 4487 qua:
2507 4418 2598 4473 hic
2633 4419 2794 4474 nobis
2845 4419 3170 4489 contingunt
3217 4432 3554 4489 (agnoscere

260 4506 396 4576 αὐτῇ
422 4508 518 4560 καὶ⁷
546 4505 700 4576 παρὰ
734 4505 833 4576 τὴν
859 4504 1089 4576 γνώμην
1133 4505 1327 4574 αὐτῆς,
1369 4505 1590 4573 ἀτιμίας
1625 4503 1843 4573 δηλαδὴ.

1957 4525 2256 4582 possumus
2307 4520 2362 4566 et
2419 4511 2695 4580 conjicere
2740 4526 2866 4581 quae
2931 4519 3123 4582 postea
3188 4510 3340 4565 ﬁent.
3398 4509 3555 4575 Sche

261 4598 294 4667 ἥ
324 4597 676 4668 ἀποστροφῆς
727 4597 1100 4670 ἀνθρωπίνης,
1133 4600 1165 4671 ἢ
1216 4597 1406 4667 φόϐου,
1438 4598 1470 4670 ἦ
1501 4597 1789 4668 αἰσχύνης,
1814 4595 1848 4665 ἢ

263 4688 455 4744 πιθὼν
499 4689 815 4754 ἐπιοέσιως,
863 4688 896 4759 ἢ
934 4689 1214 4761 λογισμῶν
1260 4685 1466 4760 ἐτέρων
1521 4690 1693 4756 αὐτὴν
1737 4687 1853 4770 θλι-

271 4784 474 4836 ϐόντων
504 4785 597 4836 καὶ
637 4782 956 4848 πιεζόντων.
998 4783 1154 4837 Ἐπεὶ
1180 4781 1235 4837 δὲ
1265 4785 1358 4837 καὶ
1396 4780 1608 4852 σώματι
1637 4782 1731 4836 δισ
1752 4783 1852 4834 ιεϊ-
1902 4786 1904 4788 ’

269 4893 361 4929 ται
399 4875 493 4930 νῦν
522 4878 554 4948 ἠ
607 4876 774 4948 ψυχὴ,
807 4876 903 4930 καὶ
950 4878 1008 4931 ἐν
1028 4877 1108 4946 τῷ
1134 4875 1381 4945 μέλλοντι
1427 4875 1745 4947 πιστεύεται
1774 4875 1861 4927 sv-

265 4969 474 5038 miiﬁvat
530 4968 766 5039 σώματι,
797 4971 851 5022 τί
886 4968 1200 5040 θαυμαστὸν
1253 4969 1301 5020 εί
1333 4967 1428 5021 καὶ
1468 4969 1604 5038 πυρὶ
1636 4965 1858 5030 κολάζε-

266 5077 375 5124 ται,
412 5060 508 5114 καὶ
549 5059 786 5129 μάλιστα
817 5059 961 5122 τότε,
1009 5058 1097 5111 ὅτε
1156 5057 1336 5111 πάντα
1373 5054 1855 5125 άλλοιωθήσονται,

267 5153 366 5205 καὶ
423 5153 505 5213 ei;
543 5156 603 5206 τὸ
658 5152 937 5223 ἄφθαρτον
993 5150 1473 5222 ἁμιιφοήσονται,;
1524 5150 1620 5204 καὶ
1684 5149 1863 5203 ταῦτα

274 5245 552 5307 κολάσεως
612 5244 1025 5315 ἡτοιμασμένης
1086 5242 1163 5314 τῷ
1217 5240 1472 5313 διαϐόλῳ,
1509 5241 1565 5303 ὃς
1623 5241 1861 5311 ὑπάρχει

270 5333 563 5404 ἀσώματος
601 5336 694 5388 καὶ
749 5337 1083 5405 λεπτοτέρας
1130 5333 1368 5404 φύσεως,
1438 5333 1645 5404 ἦπερή
1689 5333 1861 5404 ψυχή.

273 5425 338 5478 El
393 5423 488 5478 οὖν
525 5425 676 5495 αύτῷ
740 5427 975 5488 καὶτοῖς
1032 5424 1287 5492 ἀγγέλοις
1334 5424 1500 5476 αὑτοῦ
1535 5425 1862 5496 ἡτοίμασται

273 5515 390 5588 πῦρ
418 5517 638 5572 αίὼνιον
668 5520 746 5582 τίς
782 5518 1054 5590 τιμωρίαν
1089 5520 1182 5570 καὶ
1230 5519 1474 5582 κόλασιν,
1556 5517 1680 5582 πῶς
1741 5517 1864 5571 οὐδὲ

273 5609 394 5674 ταῖς
452 5611 653 5680 ψυχαῖς
683 5609 842 5674 ἔσται,
863 5612 1042 5679 τοῦτο,
1083 5613 1204 5676 ταῖς
1234 5612 1625 5679 ὑποταγείσαις
1654 5610 1733 5681 τῷ
1765 5628 1867 5665 πο-

351 5791 376 5826 ⁶
407 5789 602 5855 Mattb,
649 5806 780 5856 xxv,
815 5791 905 5847 41.

1960 4603 2132 4666 enim,
2188 4602 2394 4671 sospite
2442 4617 2712 4672 corpore,
2766 4603 2950 4657 anima
3006 4603 3062 4658 in
3119 4602 3307 4670 seipsa
3363 4602 3554 4657 dolore

1965 4692 2206 4749 afﬁcitur
2237 4700 2290 4750 et
2343 4695 2674 4760 conteritur,
2726 4693 3030 4750 infortunio
3079 4694 3318 4765 quodam
3374 4694 3554 4762 ipsam

1967 4787 2323 4858 pertinaciter
2393 4789 2701 4843 insectante
2764 4787 2818 4842 in
2878 4788 3159 4843 intellectu
3211 4804 3227 4842 :
3302 4776 3564 4842 videlicet

1970 4878 2216 4943 infamia,
2245 4893 2339 4934 aut
2367 4877 2672 4936 defectione
2700 4878 2987 4933 hominum
3010 4916 3026 4942 ,
3072 4886 3166 4933 aut
3215 4878 3433 4943 timore,
3464 4887 3561 4931 aut

1969 4969 2315 5036 confusione,
2375 4981 2472 5026 aut
2520 4971 2742 5026 casibus
2803 4969 3240 5042 ingruentibus,
3303 4977 3398 5024 aut
3466 4968 3562 5022 de-

1950 5064 2138 5131 nique
2172 5062 2710 5119 considerationibus
2757 5063 2953 5120 alienis
2980 5077 3103 5133 quae
3154 5061 3331 5132 ipsam
3376 5059 3563 5116 ferunt

1970 5168 2026 5209 et
2074 5156 2542 5212 circumveniunt.
2585 5153 2745 5212 Nunc
2783 5163 2968 5211 autem
3009 5155 3250 5210 vinculis
3280 5154 3564 5210 detinetur

1972 5248 2222 5317 corporis
2261 5248 2464 5314 anima,
2496 5258 2554 5303 et
2575 5261 2697 5303 cum
2721 5246 2858 5302 illud
2899 5247 3240 5316 deposuerit,
3275 5246 3471 5300 iterum
3507 5246 3561 5300 in

1970 5337 2156 5393 futuro
2188 5347 2376 5408 sperat
2414 5353 2720 5394 assumere.
2757 5337 2904 5406 Quid
2950 5353 3083 5409 ergo
3119 5338 3317 5392 mirum
3378 5336 3428 5391 si
3459 5350 3560 5407 per

1970 5429 2154 5500 ignem
2188 5431 2474 5498 puniatur,
2507 5446 2573 5486 eo
2623 5437 2874 5500 tempore
2904 5429 3208 5499 prasertim
3242 5442 3353 5498 quo
3387 5438 3565 5490 muta-

1970 5521 2176 5574 buntur
2237 5519 2421 5575 omnia
2475 5530 2536 5575 ut
2599 5520 2656 5576 in
2710 5522 3174 5592 incorruptionem
3228 5519 3568 5574 vertantur?

1970 5611 2206 5671 Omnino
2234 5628 2368 5686 ergo
2404 5629 2622 5686 poenam
2645 5616 2757 5674 luet
2779 5630 2900 5688 quae
2944 5623 3135 5686 parata
3168 5613 3274 5669 fuit
3313 5611 3562 5680 diabolo,
