4090 6314
251 399 356 463 969

1541 404 1637 465 DE
1696 402 1935 464 SACER
1947 401 2185 463 DOTlO.

3425 395 3534 460 970

255 515 580 585 προθύμως,
636 516 727 568 καὶ
783 515 834 566 εί
871 509 1101 577 δυνατὸν
1138 515 1260 568 καθ’
1281 514 1532 583 ἶκάστην
1591 517 1689 586 τὴν
1719 535 1840 588 φριο

1957 516 2157 570 miliare
2209 513 2299 566 Dei
2359 511 2699 566 Iucrabimur
2750 511 3120 566 consortium.
3178 508 3394 566 Dictqu
3444 522 3532 568 εει

251 611 398 679 «τὴν
441 608 591 680 αὐτῷ
625 609 820 661 θυσίαν
851 607 1282 679 προσφέρωμεν.
1331 609 1702 678 Ἐπιθυμητδν
1734 611 1842 680 γὰρ

258 699 411 772 αὐτῷ
438 698 619 753 τοῦτο.
662 717 681 750 ι
730 698 1051 767 Ἐπιθυμίᾳ,
1088 699 1277 768 φησὶν,
1314 689 1637 769 ἐπεθύμησα
1680 701 1842 772 τοῦτο

258 789 322 842 τὸ
353 767 555 858 Ινιάσχα
580 789 780 855 φαγεῖν
809 786 930 855 μεθ’
957 786 1133 856 ὐμῶν.
1170 807 1187 838 ι
1223 789 1329 851 Καὶ
1381 767 1647 855 διηνεκῶς
1680 767 1843 846 τοῦτο

261 875 444 945 ζητεῖ.
478 895 498 930 ι
522 878 598 932 οὐ
623 877 895 947 Ποιήσατε
922 879 1054 947 γὰρ,
1075 877 1204 947 εφη,
1227 880 1365 932 ἀλλὰ
1392 897 1409 930 ι
1435 862 1607 932 Τοῦτο
1636 883 1842 934 ποιεῖτε

260 971 345 1033 εἰς
374 970 475 1038 τὴν
505 968 646 1039 ὲμὴν
693 968 1026 1039 ἀνάμνησιν,
1067 987 1085 1020 ι
1131 971 1692 1040 τουτέστιδιηνεκῶς.
1731 973 1843 1025 Καὶ

256 1069 311 1122 τί
347 1066 475 1122 ἄλλο
504 1065 690 1135 μεῖζον
720 1064 886 1133 ιργον
914 1065 981 1117 ἂν
1001 1065 1086 1135 εἴη
1118 1065 1212 1119 τοῦ
1247 1068 1414 1135 ἐργου
1444 1067 1638 1120 τούτου
1666 1085 1680 1132 ;
1707 1068 1845 1138 ὅπερ

264 1159 384 1212 εστὶ
409 1156 649 1228 Χριστοῦ
671 1159 706 1226 ἡ
733 1157 1063 1226 ἀνάμνησις,
1091 1139 1150 1210 τί)
1179 1159 1455 1227 σφαγῆναι
1486 1159 1676 1212 τοῦτον
1700 1161 1843 1230 ὑπὲρ

267 1250 424 1320 ήμῶν
478 1248 574 1302 καὶ
611 1245 875 1315 διηνεκῶς
931 1245 1180 1299 θύεσθαι.
1235 1265 1253 1297 ι
1294 1245 1469 1300 Τοῦτο
1526 1247 1636 1316 γάρ
1672 1248 1844 1310 ἐστιν,

263 1346 391 1412 ἔφη,
417 1344 478 1394 τὸ
513 1339 675 1409 σῶμά
725 1355 826 1408 μου
858 1337 920 1391 τὸ
956 1339 1100 1407 ὑπὲρ
1127 1338 1282 1407 ὐμῶν
1315 1339 1626 1411 κλώμενον,
1665 1357 1685 1390 ι
1721 1356 1847 1392 του-

259 1437 442 1489 τέστιν
473 1434 567 1487 ἀεί
595 1449 608 1461 ·
645 1452 664 1484 ι
706 1434 816 1486 Καὶ
845 1431 1006 1484 τοῦτό
1036 1433 1152 1485 ἐστι
1187 1433 1248 1485 τὸ
1287 1430 1426 1503 αἷμά
1457 1449 1588 1501 μου,
1620 1433 1679 1484 τὸ
1709 1434 1848 1503 ὑπὲρ

262 1526 824 1596 ὐμῶνὲκχυνόμενον,
865 1543 883 1577 ι
914 1525 1011 1594 οὐχ
1060 1524 1211 1588 ἅπαξ
1250 1525 1504 1595 ἐκχυθὲν,
1534 1525 1673 1582 ἀλλὰ
1711 1529 1851 1579 πάν.

260 1638 382 1674 τοτε
416 1619 680 1689 δηλονότι.
734 1618 902 1672 Οὐδὲν
927 1620 1037 1690 ἄρα
1067 1619 1232 1691 376
1261 1622 1469 1691 ταύτης
1517 1625 1619 1691 τῆς
1652 1622 1849 1686 θυσίας

260 1711 708 1782 ὲπωφελὲστερον
740 1711 873 1784 ἡμῖν
905 1712 1002 1765 καὶ
1036 1711 1157 1780 Θεῷ
1186 1714 1681 1785 προσφιλέστερον.
1718 1715 1851 1770 Ὀτι

261 1805 357 1856 καὶ
393 1804 554 1874 ἔργον
582 1803 777 1870 αὐτοῦ,
815 1805 1044 1872 καὶτῆς
1094 1806 1518 1878 ὰνθρωπότητος
1560 1809 1849 1863 ἀνακκίνιο

1943 609 2090 662 enim
2117 622 2130 656 :
2158 606 2292 672 «Qui
2318 619 2378 659 se
2401 596 2652 659 humiliat
2675 603 3004 659 exaltabitur
3031 605 3126 658 ι’.»
3147 601 3254 658 Pro
3277 603 3535 660 erunibus

1945 702 2191 770 seipsqu
2248 698 2470 752 tradidit
2525 697 2814 759 Dominus,
2871 704 2926 749 et
2977 696 3232 750 omnibus
3277 697 3522 766 proﬁcua

1947 790 2170 844 fuerunt
2208 805 2328 860 quae
2365 790 2491 842 fecit
2531 801 2544 840 :
2593 789 2692 857 ipsi
2737 803 2839 841 nos
2882 788 3150 841 donemus
3201 797 3260 842 ut
3293 786 3535 842 vicissim

1949 885 2217 937 honorum
2277 883 2397 950 ejus
2461 882 2770 936 habt-amns
2843 879 3344 950 participationem.
3421 879 3537 934 Hoc

1947 990 2113 1044 opere
2145 975 2262 1042 ejus
2298 973 2542 1028 zelanter
2593 973 2886 1043 fungentur
2937 972 3317 1026 ministrantes
3341 1011 3358 1037 ,
3404 983 3460 1027 et
3489 958 3537 1029 si

1949 1067 2067 1120 ﬁeri
2105 1073 2308 1135 pctest,
2341 1063 2585 1132 quotidie
2618 1063 2947 1118 sacriﬁcium
2975 1062 3314 1117 tremendum
3339 1061 3538 1119 offere-

1951 1171 2075 1211 mus
2114 1157 2198 1221 ei;
2249 1156 2380 1210 illud
2437 1157 2553 1224 ipse
2601 1156 2960 1210 vehementer
3000 1165 3255 1224 exoptat,
3298 1155 3486 1210 dicens
3524 1175 3538 1208 :

1958 1264 1977 1296 ι
2015 1246 2301 1301 Desiderio
2335 1245 2642 1299 desideravi
2680 1246 2782 1299 hoc
2818 1245 3021 1314 pascha
3085 1246 3421 1307 niandumre
3450 1262 3543 1302 vo-

1951 1336 2163 1393 biscum
2202 1338 2266 1390 ¹³.
2306 1356 2324 1389 ι
2363 1337 2424 1390 Ει
2455 1337 2586 1390 illud
2623 1345 2888 1406 perpetuo
2923 1337 3162 1406 postulat
3205 1354 3217 1387 :
3256 1353 3366 1392 non
3404 1337 3543 1394 dicit

1952 1433 2138 1488 enim:
2176 1429 2433 1496 Facietis,
2479 1433 2571 1483 sed
2607 1447 2624 1484 :
2663 1446 2680 1480 ι
2716 1429 2828 1485 Hoc
2858 1429 3022 1486 facite
3075 1431 3128 1484 in
3185 1435 3363 1487 meam
3393 1449 3544 1488 com-

1953 1523 2406 1576 memorationem
2433 1523 2497 1586 ¹⁶,
2525 1541 2543 1574 ι
2581 1522 2682 1576 hoc
2713 1531 2817 1585 est,
2842 1511 3125 1592 perpetuo.
3151 1522 3438 1589 Quodnam
3459 1532 3543 1579 est

1955 1615 2104 1668 aliud
2132 1630 2271 1683 opus
2301 1615 2403 1668 isto
2432 1630 2600 1683 opere
2633 1615 2846 1683 majus?
2876 1616 3020 1684 quod
3045 1625 3130 1671 est
3151 1602 3361 1672 Christi
3391 1633 3544 1672 com-

1955 1709 2280 1768 memoratio
2304 1751 2318 1771 ,
2361 1709 2512 1762 illum
2566 1725 2768 1778 nempe
2825 1725 2924 1778 pro
2957 1710 3120 1764 nobis
3153 1713 3454 1768 sacrificari
3489 1723 3545 1766 et

1955 1813 2224 1871 perpetuo
2277 1800 2505 1857 olierri:
2546 1818 2565 1850 ι
2626 1800 2738 1855 Hoc
2781 1809 2866 1856 est
2912 1801 3058 1856 enim
3106 1816 3308 1871 corpus
3358 1817 3544 1856 meum

261 1909 369 1958 σις,
414 1896 508 1947 καὶ
553 1892 738 1947 τούτου
800 1897 1060 1948 κοινωνία
1144 1897 1266 1966 μεθ’
1293 1898 1475 1968 ἡμῶν,
1530 1899 1713 1961 καθὼς
1755 1901 1847 1953 καὶ

1957 1894 2098 1962 quod
2137 1909 2232 1962 pro
2267 1893 2417 1947 vobis
2441 1892 2676 1946 traditur
2704 1893 2783 1961 ²⁸;
2821 1910 2840 1944 ι
2882 1892 2987 1948 hoc
3015 1903 3122 1960 est,
3152 1909 3390 1961 semper.
3424 1893 3490 1947 Et
3525 1909 3540 1945 :

248 1985 568 2053 ’σαρκωθεὶς
585 1985 779 2052 ἔδειξε,
804 1988 900 2041 καὶ
925 1986 1134 2058 μέλλων
1159 1989 1413 2058 πάσχειν,
1441 1989 1645 2060 ηὔξατο
1664 1990 1841 2046 τοῦτο.

265 2092 285 2129 ι
326 2077 441 2132 Ἰνα
473 2070 606 2134 ὦσιν
634 2078 716 2142 εν,
773 2077 955 2142 καθὼς
992 2081 1178 2150 ἡμεῖς,
1221 2100 1238 2131 ι
1271 2084 1464 2152 φησίν.
1508 2085 1625 2136 ⁹Οςι
1670 2084 1727 2137 δὲ
1759 2086 1846 2140 διὰ

258 2167 461 2222 τούτου
487 2169 548 2224 ἓν
605 2169 876 2240 γινόμεθα
913 2170 1033 2241 μετ’
1080 2170 1271 2234 αὐτοῦ,
1326 2171 1493 2235 αὐτὸς
1549 2170 1844 2244 μαρτυρεῖ.

267 2277 287 2311 ε
330 2261 390 2314 '0
415 2261 646 2331 τρώγων
684 2279 810 2333 μου,
840 2261 999 2333 φησὶ,
1027 2262 1128 2333 τὴν
1159 2265 1364 2333 σάρκα,
1396 2264 1491 2318 καὶ
1523 2266 1696 2318 πίνων
1740 2281 1845 2335 μου

267 2357 330 2410 τὸ
359 2350 519 2428 αἷμα,
560 2359 617 2410 ἐν
650 2359 774 2428 ἐμοὶ
809 2361 983 2428 μένει,
1024 2358 1178 2427 κάγὼ
1209 2361 1268 2413 ἐν
1307 2361 1478 2429 αὐτῷ.
1516 2380 1532 2412 ι

1959 1990 1976 2037 ι
2021 1983 2119 2037 Hic
2148 1994 2233 2039 est
2283 1984 2506 2055 sanguis
2552 2001 2709 2040 meus
2741 1983 2834 2054 qui
2861 2000 2959 2054 pro
2989 1984 3145 2039 vobis
3169 1983 3417 2062 funditur
3442 1985 3536 2038 ³⁸.»

1956 2077 2076 2132 Non
2107 2078 2275 2132 semel
2297 2077 2507 2132 effusus
2528 2087 2636 2141 est,
2671 2079 2766 2132 sed
2801 2075 3074 2147 hodieque
3098 2085 3156 2132 et
3185 2090 3399 2147 Semper
3419 2076 3548 2131 fun-

1954 2173 2126 2234 dttur,
2177 2171 2481 2226 evidenter.
2538 2171 2683 2224 Nihil
2722 2175 2806 2225 est
2842 2181 3027 2225 autem
3077 2178 3134 2224 et
3182 2170 3341 2225 nobis
3371 2170 3545 2241 magis

1955 2267 2262 2336 proficuum
2309 2276 2365 2320 et
2399 2265 2511 2320 Deo
2555 2265 2726 2337 magis
2769 2263 3099 2336 gloriﬂcum,
3126 2263 3254 2334 quia
3301 2265 3407 2319 hoc
3457 2269 3548 2318 est

1968 2378 2107 2432 opus
2152 2363 2271 2432 ejus
2317 2362 2579 2417 dilectum
2629 2352 2687 2418 et
2737 2359 3099 2415 humanitatis
3133 2364 3440 2425 renovatio,
3493 2371 3550 2418 et

266 2452 389 2520 ejus
412 2453 701 2509 nobiscum
728 2453 1173 2519 communicatio,
1231 2462 1288 2507 ut
1313 2455 1552 2510 ostendit
1593 2455 1928 2525 incarnatus,
1969 2467 2024 2513 et
2062 2473 2186 2512 mox
2226 2473 2492 2529 passurus
2526 2457 2768 2528 apertius
2807 2457 2990 2513 innuit
3019 2461 3208 2520 dicens
3243 2479 3254 2515 :
3288 2477 3307 2509 ι
3335 2458 3405 2514 Ut
3434 2457 3548 2515 sint

267 2561 438 2600 unum
473 2547 617 2601 sicut
649 2561 762 2606 nos
793 2547 854 2599 ".
897 2564 915 2597 ι
960 2544 1071 2601 Nos
1113 2553 1296 2601 autem
1335 2546 1439 2603 hoc
1504 2564 1672 2618 opere
1709 2567 1880 2605 unum
1930 2552 2044 2607 ﬁeri
2079 2569 2209 2608 cum
2265 2556 2405 2624 ipso,
2443 2555 2558 2624 ipse
2589 2564 2826 2612 testatur
2861 2572 2987 2615 cum
3027 2555 3146 2613 ait:
3187 2575 3205 2606 ι
3245 2553 3348 2620 Qui
3390 2567 3547 2606 man-

266 2640 428 2696 ducat
458 2655 633 2694 meam
680 2654 901 2695 carnem
933 2651 988 2696 et
1030 2641 1162 2709 bibit
1202 2658 1380 2696 meum
1427 2645 1750 2714 sanguinem
1785 2649 1838 2700 in
1883 2663 1968 2702 me
1999 2661 2185 2704 manet
2215 2661 2269 2704 et
2299 2666 2400 2720 ego
2431 2654 2484 2706 in
2515 2667 2581 2706 eo
2608 2653 2668 2706 ιδ.
2704 2673 2722 2705 ι

347 2735 519 2803 ’Υπὲρ
551 2737 735 2790 πᾶσαν
766 2734 948 2790 τοίνυν
1003 2737 1321 2806 προσευχήν
1353 2755 1413 2790 τε
1468 2740 1562 2792 καὶ
1614 2739 1846 2801 αῐνεσιν,

266 2829 461 2883 τούτου
495 2826 863 2899 ἐπιμελητέον
891 2826 992 2881 τοῦ
1036 2827 1224 2898 ἔργου·
1285 2832 1367 2882 ὅτι
1436 2833 1532 2882 καὶ
1572 2832 1657 2883 διὰ
1691 2832 1850 2885 τοῦτο

265 2921 416 2973 πᾶσα
474 2921 775 2988 προσευχὴ.
837 2917 945 2968 Καὶ
993 2917 1054 2968 τὸ
1112 2917 1272 2968 πλέον
1325 2916 1436 2970 τῶν
1484 2918 1711 2986 ἡμερῶν
1747 2919 1846 2985 τῆς

263 3012 548 3080 ἡμετέρας
583 3008 728 3080 ζωῆς
758 3000 918 3061 τοῦτο
944 3007 1217 3076 ποιῶμεν.
1243 3003 1368 3060 Ὅτι
1402 3009 1498 3061 καὶ
1528 3008 1688 3061 τοῦτο
1718 3009 1851 3079 περὶ

263 3103 460 3156 τούτου
491 3102 805 3170 λογίζεσθαι
846 3101 1047 3171 χρεὼν,
1085 3102 1134 3152 εί
1165 3100 1370 3172 ἐνεργὰ
1405 3099 1476 3154 τὰ
1517 3099 1639 3155 θεῖα
1669 3101 1850 3155 πάντα

262 3198 409 3267 ἔργα
440 3213 496 3249 τε
533 3197 624 3248 καὶ
655 3195 808 3262 λόγοι
838 3195 888 3246 οί
931 3195 989 3246 ἐν
1015 3192 1094 3262 τῷ
1122 3193 1340 3262 κόσμῳ,
1377 3192 1471 3246 καὶ⁵
1497 3193 1652 3247 οὐδὶν
1679 3193 1852 3263 ἀργὸν

269 3290 413 3359 μετὰ
468 3287 528 3340 τὸ
561 3280 818 3354 γενέσθαι
879 3283 1037 3342 ποτέ.
1073 3285 1186 3338 Καὶ
1225 3284 1389 3354 δῆλον
1438 3283 1499 3348 ἐξ
1530 3277 1605 3337 ὧν
1634 3284 1852 3354 ὁρῶμεν

263 3377 490 3441 πάντων
523 3376 846 3445 κτισμάτων
899 3375 1144 3444 ἐνεργῶν
1173 3374 1342 3430 ὄντων
1368 3375 1479 3440 ἀεὶ,
1530 3375 1764 3445 οὐρανοῦ
1789 3391 1850 3428 τε

2026 2743 2205 2812 Super
2233 2756 2454 2800 omnem
2483 2761 2616 2816 ergo
2648 2762 2867 2817 precem
2899 2755 2955 2802 et
2979 2744 3196 2802 laudem
3230 2745 3393 2814 hujus
3414 2759 3550 2815 ope~

1957 2841 2032 2891 ris
2070 2839 2209 2893 ratio
2242 2840 2486 2893 curanda
2535 2847 2636 2900 est,
2683 2839 2814 2909 quia
2850 2851 3080 2909 propter
3128 2841 3307 2910 ipsum
3361 2850 3415 2892 et
3451 2851 3551 2906 per

1956 2929 2133 2998 ipsum
2165 2931 2346 2984 omnis
2375 2931 2576 2984 oratio.
2603 2929 2671 2984 Et
2695 2932 3034 3000 praecipuum
3059 2929 3271 2985 dierum
3296 2927 3544 2984 omnium

1955 3021 2079 3074 vita:
2105 3030 2306 3074 nostrae
2337 3021 2616 3088 negotium
2649 3021 2750 3074 hoc
2776 3019 3069 3086 faciamus;
3095 3020 3224 3090 quia
3262 3029 3317 3073 et
3342 3019 3447 3074 hoc
3475 3020 3547 3074 de

1958 3111 2052 3165 illo
2085 3112 2378 3166 dicendum
2413 3129 2426 3165 :
2466 3111 2521 3181 Si
2557 3127 2722 3181 opera
2749 3101 3146 3182 sermonesque
3175 3129 3297 3182 qua:
3333 3115 3389 3167 in
3412 3113 3550 3170 orbe

1960 3210 2201 3269 aguntur
2248 3215 2404 3255 suam
2437 3217 2464 3255 a
2508 3201 2618 3256 Deo
2648 3203 2756 3256 vim
2800 3203 3006 3274 habent
3039 3201 3297 3267 actionis,
3326 3211 3383 3257 et
3413 3200 3545 3255 nul-

1963 3292 2071 3345 lum
2102 3291 2337 3346 otiosum
2367 3302 2449 3346 est
2481 3303 2771 3362 postquam
2795 3281 3038 3349 creatum
3060 3304 3165 3350 est.
3191 3293 3329 3349 Illud
3354 3305 3542 3360 autem

1957 3390 2042 3435 est
2061 3382 2289 3436 evidens
2322 3398 2388 3436 ex
2420 3383 2521 3436 hoc
2550 3381 2694 3453 quod
2724 3384 2978 3440 videmus
3005 3386 3189 3441 omnia
3209 3400 3395 3442 creata
3419 3402 3551 3454 ope-

261 3468 410 3537 λέγω
432 3469 752 3537 κινουμένου
782 3468 890 3532 ἀεὶ,
919 3463 1019 3522 καὶ
1047 3469 1152 3536 γῆς
1176 3467 1586 3539 βλαστανούσης
1612 3467 1707 3522 καὶ
1737 3465 1850 3520 τῶν

1958 3469 2170 3524 ratione
2207 3472 2483 3525 constanti
2516 3473 2786 3539 exerceri,
2827 3474 3031 3530 calum
3064 3474 3288 3545 inquam
3329 3488 3550 3546 semper

261 3563 326 3615 ἰν
357 3561 434 3631 τῷ
462 3562 613 3630 μέσῳ
643 3558 1070 3631 διενεηργούντων
1101 3559 1334 3613 ἑκάστου
1370 3560 1432 3612 τὸ
1475 3557 1634 3614 ῖδιονο
1666 3556 1847 3626 πολλῷ

265 3649 472 3720 μᾶλλον
504 3647 725 3719 ἐνεργὸς
759 3647 967 3714 ὀφείλει
1017 3647 1315 3716 τυγχάνειν
1347 3647 1376 3698 ὁ
1409 3646 1550 3717 πρὸς
1596 3645 1660 3699 τὸ
1685 3645 1850 3717 ἔργον

264 3740 428 3796 τοῦτο
460 3742 520 3794 τὸ
563 3740 842 3795 θειότατον
893 3741 992 3793 καὶ
1044 3740 1308 3810 μέγιστον
1371 3739 1678 3802 καταστάς.
1740 3729 1851 3793 Καὶ

267 3835 320 3887 εἰ
344 3835 414 3886 τὰ
446 3831 683 3901 αίσθητὰ
729 3832 910 3885 πάντα
943 3832 1253 3902 ἅκαμάτως
1299 3831 1542 3900 ινεργεῖ,
1570 3831 1666 3884 καὶ
1694 3830 1726 3883 ό
1761 3847 1850 3900 μι-

268 3927 403 3996 κρὸς
452 3917 658 3994 κόσμος
686 3917 844 3988 οὗτος
895 3927 989 3978 καὶ
1045 3927 1225 3994 μέγας
1265 3925 1293 3978 ό
1347 3922 1660 3994 ἄνθρωπος,
1692 3921 1853 3976 τοῦτο

267 4016 565 4084 δείκνυσιν,
604 4017 830 4087 ἐνεργὸς
859 4017 950 4070 ἀεὶ
980 4017 1175 4083 τελῶν,
1212 4016 1294 4087 τῷ
1329 4016 1582 4087 αἰσθητῷ
1609 4015 1715 4086 μὲν
1741 4017 1854 4079 τοῖς

270 4111 576 4184 αἰσθητοῖς,
605 4110 966 4181 τρεφόμενος,
1007 4109 1412 4180 αὐξανόμενος,
1442 4108 1852 4187 ἀλλοιούμενος,

270 4206 351 4278 τῷ
380 4204 559 4276 νοητῷ
587 4204 667 4269 δὲ,
692 4207 805 4265 τοῖς
835 4204 1070 4272 νοητοῖς,
1098 4203 1187 4257 ἀεὶ
1218 4201 1296 4271 τῷ
1323 4201 1397 4271 νῷ
1427 4203 1524 4256 καὶ
1545 4203 1623 4271 τῷ
1652 4203 1858 4273 λογικῷ

270 4301 374 4370 τῆς
396 4295 576 4370 ψυχῆς
608 4295 850 4366 ενεργῶν
877 4295 974 4348 καὶ
1005 4294 1352 4362 κινούμενος,
1386 4295 1463 4358 ὡς
1507 4292 1762 4348 ἐντεῦθεν
1792 4295 1858 4347 ὲκ

272 4391 378 4463 τῆς
406 4390 501 4446 τοῦ
533 4390 883 4460 ἀνθρωπίνου
910 4387 1031 4452 νοὸς
1081 4388 1356 4456 κινήσεως
1403 4387 1498 4440 καὶ
1528 4387 1628 4450 τὰς
1659 4387 1855 4456 νοερὰς

277 4485 373 4537 καὶ
406 4482 557 4544 θείας
609 4480 870 4550 δυνάμεις
904 4479 1249 4548 άεικινήτους
1308 4474 1453 4534 εῖναι
1505 4477 1855 4546 λογίζεσθαι.

275 4574 401 4639 Πῶς
441 4572 636 4643 ἄρατὸ
697 4571 956 4641 μέγιστον
1006 4570 1171 4641 ἔργον
1203 4571 1305 4640 τῆς
1359 4571 1607 4644 μεγάλης
1651 4571 1859 4641 ταύτης

272 4666 554 4730 διακονίας
571 4663 667 4717 τοῦ
681 4660 840 4724 Θεοῦ,
865 4661 929 4713 τὸ
957 4661 1094 4730 ὑπὲρ
1117 4661 1301 4732 πάσης
1324 4664 1656 4730 κτίσεως,δι’
1681 4655 1743 4716 οὗ
1780 4667 1862 4727 είς

273 4764 412 4820 ιεὸεύ
430 4761 569 4835 εῖναι
595 4762 665 4816 τὰ
685 4761 816 4815 ὄντα
841 4761 1285 4830 χειραγωγείται,
1303 4758 1423 4828 Θεῷ
1445 4757 1733 4830 ἑνούμενα,
1768 4760 1863 4812 καὶ

278 4857 398 4912 θεῖα
421 4855 711 4924 γινόμενα,
748 4852 844 4905 καὶ
871 4850 1074 4921 μᾶλλον
1106 4851 1175 4904 τὰ
1208 4849 1426 4918 λογικὰ,
1460 4850 1557 4925 καὶ
1580 4849 1862 4920 ἄνθρωποι

278 4949 386 5020 πρὸ
445 4947 666 4999 πάντων
716 4943 1047 5014 τεθνηκότες
1087 4942 1186 4995 καὶ
1219 4942 1444 5008 ζῶντες,
1488 4941 1662 5013 ἀργὸν
1707 4943 1864 4996 ισται

280 5042 412 5097 ποτε
461 5041 551 5094 διὰ
583 5038 686 5109 τῆς
718 5037 1015 5109 ῥᾳθυμίας,
1046 5034 1081 5105 ἢ
1109 5023 1207 5087 καί
1258 5033 1526 5106 δοκούσης
1569 5034 1861 5097 εὐλαϐείας

277 5136 390 5189 τῶν
414 5134 607 5210 ίερέων
627 5148 646 5200 ;
673 5131 789 5186 Οὐκ
811 5131 927 5183 ἐστι
949 5129 1048 5198 τῆς
1071 5128 1182 5182 τῶν
1202 5128 1524 5200 μυστηρίων
1546 5129 1863 5200 ἱερουργίας

281 5228 317 5297 ἡ
343 5226 512 5298 ἀργία
539 5223 822 5288 εὐλάϐεια,
855 5222 957 5276 οὐκ
996 5222 1137 5286 εστι,
1162 5220 1396 5292 κώλυμα
1436 5221 1493 5275 δι
1526 5221 1730 5292 μᾶλλον
1757 5222 1860 5289 τῆς

281 5323 556 5391 σωτηρίου
596 5319 788 5380 θυσίας
811 5318 904 5370 καὶ
935 5315 1042 5386 τῆς
1069 5315 1324 5368 ἐντεῦθεν
1351 5313 1641 5396 ὡφελείας.
1677 5313 1741 5367 Ei
1764 5307 1860 5366 οὖν

285 5415 364 5486 μὴ
387 5413 453 5465 τὸ
487 5410 698 5465 κωλύον
731 5410 867 5479 πρὸς
902 5408 963 5463 τὺ
985 5409 1297 5479 ἱερουργεῖν
1324 5409 1495 5471 ἐστιν.
1524 5409 1559 5476 ἡ
1588 5407 1861 5477 σωτήριος

284 5507 447 5560 θυσία
478 5503 743 5574 διηνεκῶς
771 5499 1126 5572 ενεργείσθω.
1149 5499 1418 5572 Ὀργανον
1451 5500 1596 5570 ἱερὸν
1620 5500 1649 5552 ό
1680 5498 1861 5570 ἱερεὺς

285 5595 614 5668 ἀπεδείχθη·
655 5595 730 5665 μὴ
767 5597 936 5664 ἀργὸν
973 5592 1206 5664 μενέτω.
1240 5595 1413 5647 Atium
1442 5594 1552 5661 γὰρ
1577 5594 1759 5663 λόγον,
1785 5594 1861 5656 ὡς

283 5690 591 5757 λογίζομαι,
624 5685 742 5758 τῆς-
773 5687 997 5758 ἀργίαςο
1035 5686 1113 5748 ὡς
1143 5688 1238 5741 καὶ
1266 5689 1293 5739 ὸ
1324 5687 1469 5750 θεῖός
1500 5702 1635 5755 φησι
1694 5684 1859 5738 Βασίο

1952 3561 2177 3626 moveri,
2209 3570 2266 3616 et
2294 3571 2497 3616 terram
2526 3561 2815 3621 frondibus
2842 3565 3025 3623 virere
3051 3575 3110 3622 et
3147 3566 3273 3638 quze
3341 3567 3395 3622 in
3455 3568 3551 3624 illa

1952 3663 2081 3706 sunt
2105 3655 2538 3726 unumquodque
2569 3661 2716 3728 quod
2757 3657 2863 3728 ipsi
2897 3658 3181 3730 propriutn
3221 3671 3306 3714 est
3336 3674 3501 3730 agere
3524 3679 3542 3716 :

1955 3745 2126 3800 multo
2148 3746 2322 3819 magis
2340 3759 2665 3819 operantem
2696 3751 3114 3821 deprehendere
3136 3764 3354 3822 oportet
3381 3768 3546 3823 quem

1954 3835 2102 3893 Deus
2134 3838 2421 3895 conatituit
2452 3855 2620 3912 super
2648 3857 2788 3912 opus
2821 3842 3242 3899 sanctissimum
3275 3853 3332 3899 et
3373 3846 3552 3900 maxi-

1964 3944 2137 3985 mum.
2171 3932 2238 3986 Et
2281 3933 2328 3988 si
2372 3932 2658 3990 sensibili'a
2707 3935 2892 3989 omnia
2955 3936 3077 3990 sine
3128 3935 3548 3994 intermissione

1956 4033 2144 4092 agunt,
2183 4023 2276 4079 hic
2301 4039 2505 4095 parvus
2532 4034 2589 4081 et
2609 4026 2774 4082 simul
2806 4042 3038 4099 magnus
3068 4016 3313 4084 mundus
3342 4032 3433 4100 qui
3461 4039 3550 4087 est

1958 4117 2146 4183 homo,
2187 4117 2323 4173 illud
2347 4118 2403 4172 in
2429 4135 2489 4175 se
2524 4119 2887 4186 demonstrat,
2918 4136 3086 4194 agens
3128 4123 3378 4191 perfecte
3417 4124 3551 4182 abs-

1958 4223 2066 4279 que
2094 4210 2307 4280 requie,
2339 4210 2676 4266 sensibiliter
2713 4221 2902 4281 utpote
2929 4212 3285 4269 sensibilibus
3320 4215 3546 4283 similis,

1959 4305 2200 4356 nutritus
2228 4301 2527 4366 alimentis,
2561 4311 2619 4358 et
2663 4318 2917 4358 crescens
2943 4343 2959 4369 ,
2989 4316 3044 4359 et
3077 4309 3389 4365 successive
3425 4325 3546 4364 mu-

1963 4406 2106 4452 tatus
2134 4415 2147 4450 :
2175 4396 2628 4452 intellectualiter
2655 4406 2837 4453 autem
2869 4401 3177 4455 secundum
3207 4404 3352 4472 quod
3386 4405 3552 4459 habet

1961 4508 2086 4548 cum
2109 4493 2488 4564 intelligentiis
2509 4494 2954 4562 similitudinem,
2975 4497 3245 4553 continuo
3269 4499 3550 4555 intellectu

1963 4596 2018 4641 et
2070 4588 2281 4640 ratione
2329 4588 2526 4643 animae
2566 4602 2681 4645 sua:
2724 4580 2894 4660 agens
2929 4599 2983 4643 et
3020 4605 3250 4646 movens
3281 4606 3298 4646 :
3335 4608 3400 4648 ex
3435 4609 3555 4647 mo-

1965 4679 2116 4734 tione
2146 4679 2374 4748 spiritus
2407 4679 2637 4734 humani
2675 4681 3093 4752 intelligendum
3129 4695 3396 4753 perpetuo
3433 4702 3552 4740 mo-

1967 4772 2081 4826 veri
2110 4772 2306 4842 agique
2323 4781 2379 4825 et
2413 4785 2576 4842 agere
2604 4771 3005 4844 intellectuales
3035 4784 3091 4828 et
3117 4773 3339 4832 divinas
3362 4791 3556 4831 omnes

1968 4862 2220 4917 virtutes.
2279 4860 2568 4928 Quomodo
2617 4854 2787 4930 igitur
2838 4861 3138 4916 niaximum
3191 4878 3334 4933 opus
3387 4865 3555 4932 hujus

1968 4953 2152 5025 magni
2187 4953 2482 5008 ministerii
2512 4940 2631 5016 Dci,
2663 4953 2808 5037 quod
2836 4961 2922 5007 est
2949 4969 3047 5022 pro
3072 4957 3222 5008 omni
3251 4955 3553 5018 creatione.

1967 5062 2066 5117 per
2125 5045 2274 5115 quod
2326 5045 2394 5100 ad
2442 5046 2648 5100 bonum
2699 5046 2857 5115 quasi
2921 5054 3372 5102 manuducuntur
3433 5061 3558 5117 qua!

1966 5146 2097 5191 sunt
2125 5175 2150 5200 ,-
2188 5135 2307 5190 Deo
2367 5137 2663 5205 conjuncta
2692 5173 2708 5196 .
2758 5147 2812 5190 et
2861 5136 3063 5202 divina.
3097 5138 3238 5190 facta
3265 5179 3279 5198 .
3323 5136 3577 5192 maxime.

1964 5246 2088 5299 quae
2116 5231 2227 5299 jatn
2253 5231 2464 5284 ratione
2486 5229 2786 5291 denantur,
2814 5240 2868 5284 et
2884 5244 3002 5299 pra:
3026 5233 3286 5286 omnibus
3305 5230 3556 5285 homines

1965 5321 2166 5375 mortui
2197 5329 2251 5376 et
2267 5321 2391 5386 vivi,
2415 5322 2711 5389 quomodo,
2742 5319 2986 5393 inquam,
3023 5335 3164 5389 opus
3187 5319 3291 5374 hoc
3320 5319 3554 5373 OliOsttm

1967 5424 2215 5468 maneret
2247 5412 2429 5482 aliqua
2460 5413 2811 5498 negligentia,
2834 5427 2956 5480 quae
2981 5413 3159 5478 pietas
3183 5413 3236 5464 in
3257 5410 3558 5465 sacerdoti-

1964 5505 2071 5560 bus
2097 5504 2468 5583 judicaretur?
2499 5503 2616 5558 Non
2643 5513 2725 5558 est
2749 5503 2894 5556 enim
2923 5504 3099 5572 pietas
3131 5502 3462 5572 negligentia
3499 5501 3554 5554 in

1965 5595 2300 5650 celebrando
2320 5596 2574 5665 mysteria
2599 5611 2616 5663 ;
2641 5595 2750 5649 imo
2775 5602 2858 5649 est
2879 5593 3336 5664 impedimentum
3365 5593 3547 5661 potius

1967 5688 2220 5743 sacriﬁcii
2257 5688 2535 5752 salutaris,
2567 5698 2624 5746 et
2661 5689 2781 5759 ejus
2813 5705 2934 5759 quae
2965 5697 3047 5742 est
3081 5703 3149 5742 ex
3172 5702 3238 5741 eo
3277 5684 3552 5740 utilitatis.

387 5809 429 5838 “
459 5806 645 5862 Matth.
681 5820 838 5873 ιιιιι,
865 5803 954 5860 ιε.
1038 5803 1082 5836 ¹³
1113 5800 1246 5856 Luc.
1277 5814 1416 5867 xm,
1441 5799 1529 5856 15.
1609 5799 1651 5831 ⁸⁸
1682 5794 1815 5854 Luc.
1848 5815 1851 5851 :

1957 5815 1984 5864 ι,
2027 5799 2116 5855 19.
2196 5799 2239 5834 "
2265 5802 2400 5858 ibid.
2429 5802 2518 5857 19.
2600 5802 2644 5834 ⁸⁸
2675 5801 2807 5857 ibid.
2841 5803 2934 5857 20.
3015 5799 3239 5856 "Joau.
3285 5814 3420 5869 xm,
3461 5799 3550 5857 11.

290 5877 336 5913 ⁸⁸
355 5876 513 5934 JOan.
542 5893 615 5936 νι.
657 5873 746 5931 57.

528 5968 802 6032 Ρλτιιοι..
834 5967 948 6030 Gn.
985 5965 1160 6027 CLV.

3045 5961 3118 6024 31
