4090 6314
609 446 704 510 971

1429 442 1808 506 ί-ὙΜΕΟΝῘΒ
1839 438 2598 503 TUESSALONICENSIS
2640 439 2989 502 ARCHIEP.

3766 428 3871 469 (PD

3770 460 3871 490 ξτδὲ

612 562 727 620 Nisi
756 577 883 634 ergo
908 559 1125 631 aliquod
1157 557 1321 615 fuerit
1352 558 1799 628 impedimentum
1836 552 2234 633 celebrandi,d

2319 570 2415 615 ειος
2448 552 2581 620 πρὸς
2612 549 2914 620 Γρηγόριόν
2959 564 3103 607 τινα,
3145 543 3386 599 ἀπειλῶν
3423 540 3580 609 αὐτῷ
3628 539 3739 605 τὴν
3775 541 3874 605 ἆρ-

612 670 830 725 semper
860 654 951 708 nat
997 653 1228 708 salutare
1267 652 1621 708 sacriﬁcium.
1652 652 1924 720 Organum
1954 661 2171 701 uerum

613 758 869 817 appareat
900 747 1173 807 sacerdos,
1200 745 1345 815 quod
1369 760 1643 813 nunquam
1667 743 1902 797 otiosum
1934 750 2171 807 maneat;

612 837 766 893 dabit
792 838 961 897 enim.
991 845 1052 892 ut
1079 838 1296 906 opinor,
1337 836 1603 892 rationem
1650 834 1990 904 negligentie
2025 850 2176 889 sum:

617 929 694 985 ita
748 944 965 998 quoque
988 928 1227 997 loquitur
1249 937 1469 982 sanctus
1500 926 1727 981 Basilius
1759 926 1826 980 ad
1854 924 2173 994 Gregorium

2277 648 2421 715 γίαν.
2457 646 2529 700 Ἦ
2562 645 2667 714 γὰρ
2701 641 3075 711 παραιτεῖσθαι
3138 639 3372 705 εὐλόγως
3407 637 3650 704 δργανον
3700 629 3875 693 εἶναι,

2280 740 2374 795 καὶ
2395 738 2618 791 ἀπέστω
2648 734 2741 789 τοῦ
2780 734 2969 805 ἔργου,
3012 730 3044 799 ἢ
3095 726 3577 788 κατασκευασθεξ
3619 724 3879 792 ἐννόμως

2281 832 2427 885 θεῖον
2458 830 2692 899 ὄργανον
2724 823 2887 891 εἶναι,
2920 826 3015 879 καὶ
3051 825 3230 892 μένων
3260 824 3320 874 ἐν
3348 820 3546 889 τούτῳ,
3611 819 3692 887 μὴ
3734 821 3884 884 «ipsa

2280 924 2440 978 λείτω
2468 923 2595 990 περὶ
2633 921 2694 974 τδ
2721 921 2899 991 ἔργον.
2926 918 3200 977 Ἕκαστος
3250 915 3360 984 γὰρ
3387 912 3483 966 τοῦ
3520 912 3662 965 ἰδίου
3697 911 3879 978 ἔργου

618 1018 933 1089 quemdam.
986 1032 1222 1089 arguens
1265 1018 1384 1086 ejus
1436 1016 1815 1088 negligentiam
1853 1036 1865 1071 :
1899 1016 1982 1070 vel
2036 1016 2178 1071 enim

2319 1019 2377 1071 δν
2413 1016 2606 1087 μισθὸν
2640 1013 2895 1082 λήψεται.
2928 1010 3061 1071 Καὶ.
3094 1028 3113 1060 σ
3154 1007 3621 1074 Ἐπικατάρατος,
3657 1002 3883 1068 γέγρτ-

620 1110 825 1165 abnuat
846 1123 967 1164 esse
1002 1108 1321 1163 rationabile
1370 1122 1658 1179 organum,
1690 1105 2012 1177 negligenda
2046 1121 2182 1177 opus

624 1199 931 1262 ministerii,
964 1199 1045 1254 vel
1090 1206 1296 1270 satagat
1345 1213 1466 1254 esse
1537 1197 1782 1252 divinum
1851 1198 2187 1252 instrumen-

624 1299 761 1353 tum,
798 1300 852 1345 et
883 1290 955 1345 ita
984 1304 1210 1346 manens
1267 1305 1544 1359 nunquam
1602 1291 1670 1345 ab
1699 1304 1865 1359 opere
1923 1289 2184 1356 quiescat.

624 1381 865 1451 Quisque
921 1383 1068 1437 enim
1120 1384 1301 1451 operis
1346 1382 1429 1437 sui
1500 1380 1799 1435 mercedem
1851 1381 2093 1435 habebit.
2129 1380 2192 1434 Et

626 1474 886 1540 scriptum
939 1483 1067 1529 est:
1128 1489 1147 1525 ι
1183 1472 1497 1529 Maledictus
1557 1474 1647 1542 qui
1711 1472 1836 1526 facit
1896 1488 2033 1543 opus
2099 1472 2189 1527 Dei

628 1565 967 1634 negligenter
1003 1566 1066 1623 ".
1115 1584 1134 1619 ι
1216 1566 1484 1631 Quidnam
1566 1565 1710 1619 enim
1785 1564 1929 1617 inter
2027 1578 2191 1634 opera

628 1657 724 1711 Dei
757 1657 900 1711 aliud
953 1656 1056 1712 hoc
1104 1672 1270 1727 opere
1308 1657 1503 1724 majus
1555 1655 1679 1710 est?
1723 1655 1899 1709 Ruina
1951 1666 2036 1709 est
2100 1672 2197 1710 ne-

631 1747 887 1819 gligentia
922 1748 1083 1816 hujus
1105 1748 1305 1818 operis,
1358 1757 1415 1800 ut
1462 1747 1717 1801 diximus.
1750 1746 2054 1802 Dummodo
2108 1763 2197 1803 se-

2290 1129 2443 1172 πται,
2474 1114 2502 1163 ό
2549 1108 2718 1162 ποιῶν
2744 1108 2803 1161 τὺ
2849 1106 3009 1176 ἔργον
3063 1102 3157 1156 τοῦ
3186 1099 3323 1154 Θεοῦ
3360 1099 3607 1168 ἀμελῶς.
3665 1115 3685 1147 ι
3718 1096 3796 1148 τί
3825 1097 3885 1148 δὲ

2295 1206 2482 1275 μεῖζον
2515 1203 2708 1256 τούτου
2737 1202 2894 1270 ἔργον
2927 1196 3053 1253 ἄλλο
3079 1193 3212 1249 Θεοῦ
3238 1210 3256 1263 ;
3288 1194 3353 1246 Ἦ
3383 1192 3550 1263 ἀργία
3578 1190 3679 1243 τοῦ
3706 1190 3887 1255 ἔργου

2290 1297 2483 1351 τούτου
2524 1292 2831 1362 ἐπιϐλαϐής
2864 1292 3033 1350 ἐστιν.
3082 1290 3159 1351 ὡς
3211 1286 3543 1355 είρὴκαμεν.
3581 1281 3648 1334 Εἰ
3714 1284 3890 1350 μόνον

2294 1390 2437 1445 κατᾶ
2473 1388 2601 1450 τοὺς
2641 1385 2898 1453 Πατέρας
2952 1383 3052 1451 τὴν
3114 1382 3274 1449 χάριν
3327 1377 3521 1430 ἔλαϐεν
3556 1375 3890 1444 ἄνθρωπος.

2296 1483 2390 1536 καὶ
2422 1481 2521 1534 ούκ
2560 1478 2801 1547 ἐνέχεται
2838 1476 2950 1536 τοῖς
2973 1475 3248 1531 ἐναντίοις
3296 1472 3393 1540 τῆς
3420 1470 3677 1538 χάριτος,
3713 1468 3891 1519 εὐλαί

2295 1573 2495 1627 σείσθω
2529 1571 2604 1642 μὴ
2636 1567 2897 1639 ἐνεργῶν.
2926 1564 3060 1620 Θεδν
3084 1561 3357 1633 φοϐείσθω
3378 1576 3393 1591 ⁸
3425 1558 3895 1629 ἀπαιτηθήσιται

2296 1666 2389 1720 τδν
2425 1664 2584 1730 λόγον
2614 1661 2709 1716 τοῦ
2762 1660 2927 1729 ἐργου
2951 1675 2966 1692 ·
3030 1656 3267 1709 παύεται
3302 1655 3411 1723 γὰρ
3445 1654 3514 1721 τῇ
3561 1649 3743 1719 me;
3787 1647 3894 1712 τῆς

2304 1762 2458 1830 ἱερᾶς
2486 1757 2676 1817 Θυσίας
2702 1756 2735 1826 ἡ
2763 1754 2875 1808 τῶν
2916 1749 3218 1817 μελλόντων
3242 1744 3606 1816 ὠφεληθῆναι
3631 1741 3724 1796 διὰ
3748 1742 3893 1793 ταύ-

632 1837 869 1891 cundum
937 1837 1122 1893 Patres
1177 1836 1409 1907 accipiat
1463 1836 1764 1907 habeatque
1819 1838 2066 1907 gratiam,
2097 1854 2197 1893 nec

2319 1871 2406 1922 της
2450 1850 2719 1921 ὠφέλεια·
2757 1848 2791 1914 ἠ
2848 1844 2940 1898 τοῦ
2996 1842 3249 1911 Σωτῆρός
3305 1857 3363 1893 τε
3418 1838 3519 1893 οὐκ
3568 1836 3895 1903 ἐνεργεῖται

634 1928 943 1998 implicetur
1016 1929 1093 1984 eis
1126 1944 1247 1997 qua:
1279 1938 1407 1983 sunt
1465 1938 1652 1983 contra
1720 1929 1884 1993 illam,
1913 1930 2093 1985 videat
2130 1945 2198 1983 ne

636 2020 853 2075 omittat
883 2034 1161 2075 exercere.
1199 2019 1340 2073 Deus
1371 2019 1642 2074 timendus
1693 2029 1775 2074 est
1801 2022 1892 2090 qui
1934 2022 2197 2075 rationem

638 2114 819 2184 exiget
846 2114 1065 2183 operis;
1099 2114 1421 2184 negligentia
1477 2116 1621 2169 enim
1656 2128 1835 2173 cessat
1882 2116 2090 2171 fructus
2121 2134 2203 2171 sa-

640 2205 851 2267 crilicii,
886 2220 981 2273 pro
1016 2206 1082 2259 iis
1109 2206 1197 2274 qui
1233 2215 1491 2275 exoptant
1518 2206 1668 2260 illum
1697 2208 1981 2276 colligere;
2020 2208 2202 2265 Salva-

641 2298 776 2351 toris
810 2300 1256 2352 commemoratio
1295 2298 1691 2364 intermittitur,
1743 2309 1799 2355 et
1830 2300 2025 2355 divinae
2085 2319 2205 2372 pas-

642 2388 813 2443 sionis
867 2386 1057 2443 festiva
1112 2390 1425 2445 celebratio.
1475 2390 1730 2457 Quiescat
1786 2394 1878 2462 qui
1905 2395 2206 2463 quomodo-

644 2494 878 2549 cumque
909 2480 1150 2535 irretitur
1181 2481 1249 2535 ab
1278 2482 1681 2551 impedimentis
1707 2486 1906 2555 quibus
1934 2487 2209 2542 stantibus

645 2582 1050 2639 concesserunt,
1070 2575 1433 2639 tradiderunt,
1454 2577 1756 2631 docuerunt
1781 2576 1969 2632 Patres
1990 2594 2017 2631 a
2044 2582 2209 2634 sacri-

649 2662 770 2717 licio
803 2663 1099 2733 quiescere.
1136 2666 1237 2733 Qui
1265 2685 1369 2723 non
1392 2671 1499 2739 agit
1532 2671 1595 2725 ad
1625 2679 1857 2725 mentem
1882 2683 1935 2726 et
1965 2687 2210 2727 normam

650 2755 896 2819 Patrum,
928 2756 1081 2827 juxta
1119 2762 1398 2829 proprium
1440 2764 1551 2831 agit
1606 2763 1862 2832 placitum
1926 2774 1981 2818 et
2023 2774 2213 2818 contra

652 2844 912 2915 seipsum,
968 2858 1021 2902 et
1055 2866 1180 2905 rcus
1211 2860 1293 2905 est
1318 2854 1692 2923 mysteriorum
1720 2854 1940 2908 Christi.
1976 2854 2029 2909 Si
2067 2857 2211 2909 enim

653 2940 1058 2996 conimunicans
1113 2952 1323 2996 tantum
1377 2944 1601 3013 indigne
1633 2946 1945 3015 impeditur,
2005 2955 2211 3016 quanto

658 3030 824 3097 magis
856 3031 943 3084 ille
966 3033 1057 3100 qui
1109 3032 1308 3087 offert?
1350 3035 1616 3090 Docemur
1680 3037 1897 3105 quidem
1944 3040 2216 3093 neminem

2306 1945 2643 2013 ἀνάμνησις,
2706 1933 2828 1992 ούδέ
2880 1937 2947 1989 τὰ
2994 1934 3087 1989 τοῦ
3144 1935 3289 1985 θείου
3347 1930 3559 1989 πάθους
3596 1925 3894 1995 ἐγκαίνια,

2318 2038 2375 2090 Ἀ
2386 2034 2581 2106 ργείτω
2602 2034 2708 2094 πᾶς
2729 2028 3068 2099 ἐνεχόμενος,
3090 2023 3167 2087 οἷς
3188 2024 3375 2091 ἀργεῖν
3387 2020 3510 2082 τοὺς
3527 2018 3897 2085 ἐνεχομένους

2304 2127 2759 2199 πιραδεδώκασιν
2775 2125 2822 2176 οἱ
2846 2122 3105 2188 Πατέρες.
3124 2120 3184 2169 Ὅ
3221 2115 3296 2188 μὴ
3313 2115 3453 2169 κατὰ
3472 2115 3600 2175 τοὺς
3625 2108 3899 2199 Πατέρας

2307 2197 2547 2290 ἐνεργῶν
2576 2218 2702 2272 καθ’
2721 2214 2917 2271 ἐαυτοῦ
2942 2213 3176 2281 ἐνεργεῖ,
3195 2211 3290 2263 καὶ
3318 2207 3631 2275 ἐνοχόςέστι
3659 2202 3773 2254 τῶν
3799 2197 3898 2252 τοῧ

2305 2310 2543 2383 Χριστοῦ
2572 2310 2907 2378 μυστηρίων.
2941 2306 3002 2357 El
3022 2304 3129 2370 γὰρ
3154 2304 3180 2354 ό
3200 2294 3439 2367 μετέχων
3458 2294 3697 2383 ἀναξίως
3718 2291 3901 2383 ἐνέχεε-

2308 2381 2419 2467 ται,
2438 2406 2464 2457 ό
2480 2402 2571 2456 καὶ
2589 2399 2825 2470 ἐνεργῶν
2841 2397 2988 2463 πόσῳ
3005 2394 3205 2462 μᾶλλον
3218 2408 3243 2455 ς
3268 2388 3455 2449 Οὐδεὶς
3482 2388 3582 2454 μὲν
3599 2381 3696 2437 οὖν
3716 2382 3898 2447 ἇξτος.

2312 2499 2383 2556 ὡς
2418 2494 2694 2560 ἐμάθομεν
2726 2489 3014 2557 ἄνθρωπος
3052 2483 3190 2551 πρὸς
3233 2482 3291 2533 τὸ
3320 2480 3504 2546 ἔργον,
3538 2477 3623 2529 ὅτι
3656 2475 3757 2526 καὶ
3778 2475 3901 2526 τοῖς

2312 2591 2567 2657 ἀγγέλοις
2602 2583 2831 2655 φοϐερόν
2854 2599 2867 2612 ·
2904 2581 3025 2633 ἐπεὶ
3052 2578 3109 2633 δέ
3135 2576 3342 2646 βροτοῖς
3374 2571 3531 2625 τοῦτο
3571 2566 3896 2635 συγκατὲεη

2314 2662 2687 2744 Gaia/6,95%,
2723 2676 2797 2737 ὼς
2824 2674 3062 2743 ἐγχωρεῖ
3094 2673 3188 2724 καὶ
3233 2668 3523 2727 ἐνδέδοται,
3553 2662 3744 2728 βροτοὶ
3773 2659 3898 2727 βια-

2320 2776 2563 2843 σώμεθα,
2593 2772 2685 2825 καὶ
2714 2774 2767 2825 οί
2803 2771 2882 2833 ὡς
2914 2763 3176 2835 ἐνεχώρει
3209 2758 3507 2829 ἠξιωμένοι
3531 2756 3635 2822 τῆς
3664 2752 3897 2821 χάριτος

2318 2866 2623 2938 προθύμως
2646 2864 2849 2933 ταύτην
2882 2858 3303 2927 ἐνεργείτωσαν,
3322 2852 3420 2920 τὴν
3455 2849 3585 2917 ὅλην
3614 2845 3899 2898 πολιτείαν

2323 2960 2723 3031 ἐκμιμούμενοι
2757 2954 2833 3018 ὡς
2872 2942 3094 3005 enim»
3132 2945 3227 2999 τοῦ
3287 2943 3587 3000 Δεσπότου,
3647 2940 3739 2991 ἵνα
3802 2935 3901 2987 καὶ

2322 3055 2532 3121 ἐνεργοὶ
2572 3051 2661 3104 ἀεὶ
2698 3049 2793 3102 καὶ
2827 3045 3079 3099 κοινωνοὶ
3105 3039 3297 3094 τούτου
3318 3030 3452 3089 ῶτιν
3478 3034 3527 3085 oi
3564 3031 3781 3084 ἐκείνου
3809 3028 3902 3079 τὸν

656 3118 799 3172 inter
825 3122 1073 3176 homines
1122 3124 1340 3192 dignum
1384 3140 1503 3179 esse
1549 3142 1672 3195 erga
1728 3129 1829 3181 hoc
1863 3143 2019 3197 opus,
2074 3128 2218 3197 quod

2320 3146 2488 3197 τύπον
2504 3143 2783 3212 φέροντες,
2802 3136 2897 3212 καλ
2915 3134 3255 3197 καθεκᾶστην
3271 3130 3316 3181 εξ
3330 3126 3553 3180 δυνατὸν
3568 3124 3669 3186 τὴν
3690 3122 3899 3174 ἐκείνου

655 3209 819 3263 etiam
856 3212 1057 3282 angelis
1104 3214 1464 3268 tremendum.
1497 3216 1631 3269 Cum
1680 3226 1856 3271 autem
1904 3219 2215 3274 hominibus

2328 3235 2517 3299 μνείαν
2536 3210 3127 3285 ποιείτωσανίἚνωσις
3144 3221 3252 3289 γὰρ
3270 3220 3420 3270 ἕσται
3437 3215 3573 3270 Θεοῦ
3598 3212 3903 3280 μετάύτῶν

658 3304 785 3358 illud
821 3304 960 3360 Deus
990 3308 1339 3371 concesserit,
1367 3309 1517 3376 juxta
1560 3309 1702 3377 quod
1733 3311 1990 3378 possibile
2019 3322 2108 3383 est
2128 3313 2221 3366 da-

660 3404 771 3448 tum
821 3404 920 3450 est.
987 3396 1183 3467 Utpote
1240 3398 1485 3453 homines
1542 3414 1748 3467 pugnas
1800 3401 2142 3464 habebinius,
2169 3413 2224 3456 et

663 3487 762 3540 hac
784 3489 957 3557 gratia
988 3504 1083 3558 pro
1140 3504 1295 3559 posse
1338 3502 1524 3545 nostro
1572 3492 1970 3562 dignabimur:
2016 3494 2223 3548 fervido

662 3578 779 3631 zelo
817 3581 953 3635 hanc
996 3591 1287 3636 exerceant
1318 3582 1529 3637 Domini
1576 3585 1739 3638 vitam
1781 3594 1944 3639 totam
1985 3597 2043 3639 ut
2078 3599 2229 3655 pote-

662 3681 789 3725 runt
850 3674 1162 3738 imitantes;
1199 3686 1257 3728 ut
1296 3684 1558 3743 perpetuo
1592 3677 1939 3735 inveniantur
1967 3680 2062 3744 qui
2090 3681 2230 3731 cole.

666 3765 827 3819 brent
854 3774 909 3819 et
932 3766 1023 3833 qui
1057 3767 1481 3827 communicent.
1516 3767 1609 3834 qui
1655 3769 1775 3836 eius
1806 3778 1986 3838 typum
2014 3779 2227 3838 gerant,

670 3864 724 3909 et
756 3857 1013 3925 quotidie,
1034 3858 1078 3911 si
1114 3868 1359 3923 possunt,
1389 3858 1509 3927 ejus
1538 3861 2111 3914 commemorationem
2138 3877 2230 3915 ce-

668 3948 879 4008 lebrent
905 3968 915 4003 :
956 3951 1141 4017 sicque
1170 3951 1295 4003 unio
1326 3952 1430 4004 erit
1478 3952 1617 4005 inter
1648 3951 1811 4005 Deum
1836 3961 1888 4006 et
1915 3968 2035 4016 nos,
2070 3966 2123 4007 ct
2150 3956 2229 4006 in-

672 4051 755 4097 ter
786 4042 1003 4112 angelos
1060 4051 1113 4097 et
1142 4043 1309 4096 Deum
1359 4053 1412 4096 et
1462 4058 1582 4106 nos,
1635 4054 1690 4098 et
1736 4045 1947 4098 animas
1995 4056 2230 4108 sanctus,

673 4145 835 4203 atque
880 4136 1090 4189 animus
1145 4136 1382 4190 ﬁdelium
1432 4139 1673 4190 omnium
1730 4137 1822 4206 qui
1879 4138 1965 4205 pie
2004 4138 2232 4201 vivunt;

674 4229 790 4281 sive
820 4228 1285 4297 perseveraverint
1314 4239 1367 4282 et
1412 4229 1693 4298 proiiciant
1716 4228 1769 4282 in
1802 4228 2034 4281 vivendo
2064 4236 2234 4289 recte,

678 4320 790 4374 sive
812 4335 933 4371 eum
960 4320 1327 4386 peccaverint,
1364 4334 1458 4386 per
1492 4320 1891 4385 paenitentiam,
1925 4317 2239 4369 misericor-

678 4414 819 4467 dium
853 4420 907 4464 et
938 4413 1350 4465 conversionem
1379 4409 1445 4463 ad
1500 4409 1788 4477 puritatem
1817 4409 2140 4469 meruerint,
2183 4416 2237 4460 et

678 4506 898 4571 insuper
931 4519 992 4557 ex
1022 4503 1121 4555 hoc
1159 4503 1211 4555 in
1245 4517 1458 4555 omnem
1501 4514 1802 4555 creaturam
1840 4500 2008 4552 multa
2044 4500 2242 4552 redun-

676 4600 768 4655 dat
787 4600 1140 4654 sanctiiieatio
1176 4616 1190 4653 :
1222 4599 1273 4651 in
1326 4598 1391 4651 iis
1427 4596 1568 4651 enim
1622 4612 1849 4666 quorum
1904 4609 2041 4665 opus
2077 4593 2241 4647 habe-

680 4708 800 4746 mus
845 4694 901 4745 in
963 4692 1151 4745 ordine
1206 4690 1271 4743 ad
1332 4690 1646 4744 sensibilem
1696 4689 1883 4751 vitam,
1946 4687 2238 4740 niaximum

682 4784 839 4839 nobis
874 4784 928 4838 in
968 4784 1069 4836 hoc
1100 4783 1375 4836 invenitur
1421 4781 1702 4845 auxilium,
1733 4789 1789 4833 et
1842 4779 1914 4832 illi
1948 4781 2039 4848 qui
2082 4778 2243 4833 oil'ert

685 4880 768 4946 pie
790 4888 843 4932 et
868 4877 1095 4946 impigre
1120 4875 1289 4929 multa
1326 4874 1477 4928 valde
1509 4886 1732 4926 merces.
1766 4870 1919 4935 Quod
1944 4872 1985 4923 si
2008 4885 2113 4923 non
2145 4885 2242 4939 po-
2288 4902 2291 4907 -

688 4978 794 5024 test.
837 4968 1074 5039 quotidie
1123 4966 1430 5030 celebrare,
1478 4964 1667 5016 saltem
1718 4960 1908 5014 oll‘erat
1955 4972 2145 5029 quater
2192 4961 2243 5012 in

688 5059 1043 5123 hebdomade,
1075 5058 1371 5113 secundum
1404 5054 1656 5108 llasilium
1712 5051 1982 5123 Magnum,
2038 5052 2128 5121 qui
2178 5052 2247 5104 ita

2324 3325 2418 3377 καὶ
2450 3322 2697 3389 ἀγγέλων
2730 3320 2867 3388 μετὰ
2894 3314 3025 3368 Θεοῦ
3040 3316 3134 3367 καὶ
3162 3312 3358 3371 αὐτῶν,
3394 3310 3479 3362 ια’·
3500 3307 3692 3374 ψυχῶν
3712 3303 3897 3370 ἱερῶν,

2324 3411 2619 3479 καὶψυχῶν
2643 3409 2851 3461 πιστῶν
2868 3407 3118 3464 ἀπασῶν.
3157 3402 3251 3454 καὶ
3278 3399 3384 3451 τῶν
3414 3396 3637 3458 ζώντων
3665 3393 3724 3445 δέ
3758 3393 3891 3443 siis:-

2327 3504 2458 3565 6ῶς.
2504 3503 2611 3555 είτε
2641 3498 3055 3568 κατορθούντων
3082 3490 3331 3561 προκοπή
3357 3506 3417 3542 τε
3448 3489 3545 3539 καὶ
3571 3482 3901 3553 στηριγμός.

2330 3597 2453 3649 Εἴτε
2491 3596 2814 3653 πταιόντων,
2854 3592 2902 3644 εί
2933 3588 3277 3658 μεταγνοϊεν,
3316 3580 3548 3647 ίλασμδς
3570 3578 3668 3629 καὶ
3690 3575 3897 3639 καθαρ-

2333 3701 2463 3738 σιον·
2517 3686 2609 3737 καὶ
2632 3683 2713 3736 ἐτι
2746 3687 2814 3752 τῇ
2847 3680 3025 3733 κτὶσει
3055 3678 3203 3746 πάσῃ
3238 3676 3302 3726 ἐκ
3329 3669 3521 3726 τούτου
3557 3669 3715 3720 ἔσται
3746 3660 3904 3734 377

2347 3775 2650 3844 ἁγιασμὸς*
2699 3773 2793 3826 καὶ
2823 3774 2880 3823 ἐν
2910 3765 2988 3829 οἷς
3018 3770 3073 3821 δὲ
3106 3766 3379 3838 χρῄζομεν
3410 3759 3706 3829 αἰσθητῶς,
3749 3754 3903 3825 μεγί-

2336 3889 2433 3937 στη
2466 3868 2691 3937 βοήθεια
2711 3880 2726 3895 ο
2759 3862 2854 3916 καὶ
2893 3862 2920 3914 6
2951 3860 3090 3928 ὑπὲρ
3112 3858 3304 3910 τούτου
3330 3852 3520 3922 picei;
3551 3849 3630 3919 τῷ
3661 3845 3904 3905 εὐλαϐῶς

2336 3936 2710 4029 ἱερουργοῦντι
2741 3954 2836 4005 καὶ
2864 3949 3159 4021 προθύμως
3196 3948 3278 4000 ὅτι
3308 3944 3493 4006 πολύς.
3526 3943 3589 3994 El
3637 3940 3685 3993 δ’
3711 3938 3773 3991 ού
3819 3936 3907 4029 δυ-

2336 4027 2499 4105 νατὸν
2524 4050 2583 4103 τδ
2617 4046 2740 4101 καθ’
2772 4044 2985 4115 ἡμέραν
3024 4039 3350 4110 ἱερουργεῖν,
3376 4033 3478 4087 κᾶν
3516 4030 3775 4098 τετράκις
3815 4027 3907 4093 τῆς

2338 4143 2633 4209 ἐῆδομὰδος
2660 4138 2799 4192 κατὰ
2825 4136 2916 4189 τὸν
2955 4135 3124 4203 μέγαν
3148 4129 3448 4183 Βασίλειον.
3473 4123 3643 4177 Τοῦτο
3663 4122 3712 4175 δ’
3741 4121 3909 4174 ἐποίει

2340 4230 2517 4297 οὗτος,
2551 4232 2650 4293 τὰς
2697 4230 2846 4299 τρεῖς
2877 4222 3327 4291 καταλιμπάνων,
3368 4214 3683 4287 ἱερουργίαν
3722 4212 3907 4278 ἑτέραν

2341 4326 2439 4393 τὴν
2466 4323 2554 4375 διὰ
2584 4319 2677 4373 τοῦ
2710 4318 2877 4386 λόγου
2926 4317 3022 4385 τῆς
3064 4311 3409 4371 διδασκαλίας
3441 4305 3700 4375 ἐνεργῶν.
3741 4303 3814 4355 Τὸ
3856 4302 3908 4393 δέ

2347 4391 2468 4469 καθ’
2541 4411 2756 4480 ἡμέραν
2814 4407 3115 4475 ἱερουργεῖν
3179 4403 3282 4455 οὐκ
3341 4398 3452 4464 ἐγὼ
3514 4394 3609 4448 ἀπ’
3677 4391 3908 4463 ἐμαυτοῦ

2349 4502 2540 4576 Οαῤῥῶ
2563 4501 2767 4568 λέγειν,
2798 4498 2912 4551 ἀλλ’
2942 4497 3048 4548 ἀπὸ
3076 4492 3168 4545 τοῦ
3194 4491 3442 4558 Σωτῆρος
3462 4485 3670 4555 μαθὼν,
3707 4503 3725 4533 ι
3750 4481 3911 4536 Τοῦτο

2350 4575 2576 4661 ποιεῖτε,
2611 4595 2884 4661 λέγοντος,
2912 4590 2991 4649 εἰς
3039 4586 3137 4655 τὴν
3177 4582 3314 4652 ἐμὴν
3355 4577 3684 4646 ἀνάμνησιν.
3727 4593 3747 4626 ι
3783 4575 3907 4635 Καὶ,

2357 4713 2375 4745 r
2419 4690 2561 4757 Ἐγὼ
2594 4686 2692 4751 ζῶ,
2722 4686 2818 4739 καὶ
2841 4684 2869 4734 ὁ
2893 4681 3121 4750 τρώγων
3158 4692 3223 4745 με
3249 4674 3471 4744 ζήσεται
3502 4668 3568 4721 δι’
3601 4666 3721 4736 ἐμέ.
3762 4684 3782 4717 ι
3811 4666 3913 4757 Καὶ

2352 4787 2400 4838 oi
2448 4756 2738 4835 ἀπόστολοι
2787 4776 2843 4830 δὲ
2872 4773 3014 4827 οὕτω
3049 4768 3327 4828 ποιοῦντες
3361 4761 3686 4827 ἐδείκνυντο,
3734 4756 3916 4827 σχολὸ-

2356 4872 2538 4933 ζοντες
2585 4868 2652 4936 τῇ
2703 4863 2978 4931 προσευχῇ
3029 4860 3122 4911 καὶ
3156 4859 3222 4927 τῇ
3258 4853 3448 4909 κλάσει
3489 4847 3585 4904 τοῦ
3632 4848 3820 4918 ἄρτου,
3845 4847 3914 4909 ὡς

2356 4960 2667 5027 γέγραπται
2686 4971 2702 4987 ⁸
2730 4957 2797 5025 τῇ
2824 4951 3108 5023 ἱερουργία
3138 4949 3247 5001 τῶν
3269 4941 3583 5016 μυστηρίων
3605 4938 3805 5009 δηλαδὴ
3828 4937 3913 4989 καὶ

2356 5054 2421 5120 τῇ
2455 5047 2730 5117 κοινωνίᾳ.

688 5156 899 5225 agebat,
960 5166 1067 5208 tres
1118 5154 1233 5209 dies
1265 5154 1399 5207 alios
1438 5118 1901 5223 prietermittens;
1936 5118 2206 5200 alternum
2238 5145 2313 5199 ita
2349 5118 2679 5199 sacriﬁcium
2711 5136 2987 5203 oﬂ‘erebati
3011 5130 3163 5202 juxta
3194 5124 3571 5200 praescriptum
3594 5118 3909 5225 .magiSterii.

690 5246 940 5311 Quotidie
973 5248 1305 5301 oilerendum
1337 5261 1457 5300 esse
1510 5259 1619 5299 non
1658 5259 1689 5297 a
1746 5256 1832 5297 me
1895 5239 2015 5310 ipso
2075 5237 2291 5294 conﬁdo
2346 5239 2560 5298 docere,
2594 5236 2687 5290 sed
2747 5236 2862 5303 ipse
2886 5244 2917 5284 a
2951 5227 3229 5283 Salvatore
3252 5223 3498 5279 edoctus,
3522 5215 3679 5286 cujus
3706 5216 3815 5311 hoe
3840 5222 3913 5268 est

694 5343 917 5397 verbum
954 5360 967 5395 :

1038 5361 1055 5392 ι
1101 5341 1213 5397 lloc
1256 5340 1414 5396 t‘acite
1476 5339 1531 5392 in
1590 5352 1762 5391 meam
1806 5336 2401 5391 commemorationem.
2432 5352 2451 5383 ι
2478 5332 2543 5386 Et
2575 5329 2750 5385 istud:
2787 5347 2805 5379 ι
2831 5326 2942 5395 Ego
2972 5324 3093 5377 vivo
3123 5329 3177 5374 et
3205 5317 3298 5387 qui
3341 5313 3634 5371 manducat
3678 5326 3764 5365 me
3807 5310 3913 5380 ipse

696 5441 841 5492 vivet
872 5444 1092 5505 prupler
1119 5434 1287 5488 me".
1317 5431 1426 5485 :Et
1471 5430 1701 5499 apostoli
1751 5427 1828 5481 sic
1885 5427 2079 5481 iecisse
2134 5427 2479 5480 declarantur
2513 5442 2525 5477 :
2554 5424 2756 5479 etenim
2806 5416 3039 5475 orationi
3084 5422 3138 5468 et
3172 5408 3420 5466 fractioni
3470 5406 3625 5478 panis
3664 5406 3911 5462 instantes

698 5536 855 5580 erant
884 5533 944 5578 ut
971 5525 1226 5593 scriptum
1249 5528 1351 5587 est,
1372 5520 1636 5577 sacriﬁcio
1660 5520 1869 5574 scilicet
1893 5526 1947 5571 ct
1969 5516 2364 5570 communioni.

777 5617 854 5671 De
886 5618 988 5671 hoc
1050 5617 1400 5683 plurimorum
1454 5615 1719 5669 habemus
1760 5612 1981 5665 Patrum
2033 5609 2174 5663 dicta
2212 5615 2267 5663 et

705 5712 900 5779 facta;
959 5708 1251 5765 beatissimi
1294 5707 1525 5779 primum
1594 5702 1841 5774 Gregorii
1899 5701 2127 5755 Romani
2168 5701 2261 5770 qui

795 5889 841 5924 "
866 5888 1067 5947 Jerem.
1096 5905 1281 5955 XLVIII,
1315 5889 1402 5945 l0.
1504 5887 1547 5921 ²⁰
1586 5885 1743 5941 loan.
1786 5898 1862 5951 v1,
1896 5883 1983 5938 58.

2459 5607 2621 5663 Ἀλλὰ
2658 5606 2752 5658 καὶ
2792 5602 3003 5665 πολλοῖς
3033 5600 3142 5653 τῶν
3170 5596 3426 5668 Πατέρων
3458 5592 3585 5663 περὶ
3617 5590 3801 5646 τούτου
3834 5591 3910 5645 λέ·

2367 5702 2554 5754 λεκταί
2586 5716 2644 5752 τε
2672 5698 2767 5752 καὶ
2797 5696 3137 5767 πέπρακται,
3166 5690 3245 5762 τῷ
3272 5707 3330 5745 τε
3363 5686 3618 5761 μακαρίῳ
3648 5684 3910 5756 Γρηγορίῳ
