4040 6202
349 258 3012 273 W—‘WW
3030 261 3194 269 ...ο-.-ο

352 280 419 317 sn:
454 305 1121 320 .—_——.———
3156 260 3588 317 .“niﬁa

1654 730 2294 849 NOTITIA.

1365 1020 1461 1088 (Ex
1485 1024 1651 1076 Leone
1682 1018 1864 1074 Allatio
1892 1019 1941 1072 in
1968 1020 2186 1074 Diatriba
2225 1023 2298 1076 De
2341 1013 2730 1091 Symeonibus.)

1932 1258 2001 1280 -ει-

423 1487 497 1543 De
523 1487 796 1559 Symeone
819 1479 1242 1551 archiepiscOpo
1268 1476 1756 1533 Thessalonicensi
1790 1475 1906 1532 haec
1934 1475 2263 1546 scripseram
2292 1478 2348 1533 in
2385 1494 2551 1561 opere
2582 1496 2703 1539 meo
2734 1482 2800 1538 de
2833 1484 3124 1554 utriusque
3153 1486 3416 1544 Ecclesia
3442 1488 3595 1545 Con-

342 1579 605 1632 Sensione
637 1577 777 1630 libro
812 1588 876 1639 tt,
918 1584 1041 1641 cap.
1077 1569 1165 1634 18,
1194 1584 1249 1623 n.
1293 1567 1409 1623 l5:
1451 1585 1471 1620 ι
1508 1564 1625 1622 Hoc
1668 1565 1858 1622 eodem
1910 1572 2155 1631 tempore
2198 1566 2430 1623 ﬂorebat
2481 1568 2717 1639 Symeon
2769 1571 3215 1643 archiepisc0pus
3246 1575 3596 1632 Thessaloni—

346 1667 553 1720 censis.
578 1661 730 1718 Vixit
757 1660 903 1717 enim
937 1666 1063 1729 post
1095 1656 1467 1723 Barlaamum,
1496 1655 1864 1726 Acindynum,
1891 1652 2195 1719 Palamam,
2227 1654 2547 1727 Gregoram,
2601 1658 2950 1715 Philotheum
2980 1662 3373 1730 patriarcham,
3409 1663 3593 1721 Nilum

347 1752 918 1814 Thessalonicensem,
964 1747 1248 1804 Nicolaum
1280 1745 1616 1808 Cabasilam,
1670 1742 1853 1798 Nilum
1887 1742 2261 1813 patriarcham
2295 1743 2990 1818 ConstantinopOlitanum,
3049 1747 3317 1807 lsidorum
3357 1751 3596 1810 Thessa-

342 1843 704 1905 lonicensem,
738 1852 974 1909 quorum
1014 1835 1256 1891 omnium
1291 1832 1413 1904 ipse
1470 1832 1526 1887 in
1578 1830 1805 1902 Dialogo
1842 1828 2232 1887 Ecclesiastieo
2285 1842 2476 1888 contra
2516 1848 2711 1891 omnes
2752 1834 3017 1904 Haereses,
3050 1846 3107 1894 et
3151 1838 3398 1906 dealiis
3431 1844 3593 1898 rebus

337 1928 734 1986 ecclesiasticis
777 1924 1051 1982 meminit.
1083 1923 1199 1978 imo
1236 1923 1354 1992 ipse
1380 1921 1435 1977 in
1471 1921 1662 1976 eodem
1693 1919 1921 1988 Dialogo

1995 1919 2029 1990 l)
2077 1928 2293 1977 aetatem
2326 1937 2483 1978 suam
2518 1923 2723 1994 prodit.
2767 1924 3091 1995 Ἐξαιρέτως
3120 1927 3178 1981 δὲ
3209 1929 3268 1982 ἐν
3298 1930 3418 1995 ταῖς
3451 1922 3590 2001 ἡμέ-

342 2034 463 2086 ραις
484 2016 647 2086 ἡμῶν
673 2017 906 2077 ταύταις
937 2010 1071 2083 περὶ
1109 2009 1284 2080 αὐτῆς
1311 2007 1744 2079 συνεγράψαντο,
1786 2006 2063 2078 πνεύματι
2090 2011 2164 2073 ὡς
2204 2011 2300 2063 καὶ
2333 2012 2497 2065 αὐτοὶ
2523 2011 2679 2075 ὄντες
2715 2014 2780 2065 ὲκ
2808 2013 2943 2066 Θεοῦ
2974 2015 3024 2067 oi
3051 2013 3325 2086 θεηγόροι,
3352 2020 3444 2071 καὶ
3473 2018 3596 2074 θεο-

337 2106 516 2176 φόροι,
539 2103 635 2157 καὶ
648 2101 1035 2173 χριστοφόροι,
1058 2099 1153 2153 καὶ¹
1175 2099 1357 2152 ἔνθεοι
1387 2098 1541 2159 ὄντες
1560 2093 1802 2166 ἀληθῶς,
1827 2094 1917 2148 ὅτε
1933 2098 1990 2149 ὲν
2010 2097 2189 2164 ἁγίοις
2216 2098 2407 2167 Πατὴρ
2430 2098 2591 2167 ἡμῶν
2628 2098 2956 2165 Κάλλιστος,
2995 2103 3024 2154 ό
3059 2102 3163 2170 τῆς
3214 2102 3586 2173 βασιλεούσης

336 2191 578 2260 γεγονὼς
609 2190 757 2253 Νέας
797 2188 1018 2259 Ῥώμης
1047 2188 1111 2240 ὲκ
1152 2186 1292 2240 Θεοῦ
1325 2184 1697 2256 πατριάρχης,
1737 2180 1831 2233 καὶ
1859 2184 1887 2235 ό
1923 2184 2205 2254 σύμπνους
2247 2184 2397 2255 αὑτῷ
2451 2186 2550 2239 καὶ
2580 2188 2931 2258 συνασκητὴς
2979 2189 3125 2253 ὅσιος
3176 2189 3463 2257 Ἰγνάτιος,
3498 2194 3596 2245 xui.

338 2279 507 2349 βίσλῳ
541 2278 726 2347 οἰκείᾳ
763 2274 1088 2348 συντεθείσῃ
1121 2272 1252 2344 παρ’
1280 2272 1465 2327 αὐτῶν
1494 2276 1887 2343 πνευματικῶς
1913 2293 1973 2328 τε
2004 2275 2100 2329 καὶ
2129 2274 2459 2344 θεοφρόνως,
2488 2274 2587 2329 καὶ
2614 2275 2738 2332 λίαν
2770 2276 2989 2347 ὑψηλῶς
3022 2277 3431 2348 ἐφιλοσόφησαν
3456 2282 3514 2333 ἐν
3548 2297 3595 2351 ρ’

341 2367 683 2435 κεφαλαίοις,
719 2364 800 2435 τῷ
849 2362 1060 2416 ὲντελεῐ
1101 2361 1324 2433 ἀριθμῷ
1357 2361 1573 2416 τελείαν
1601 2363 1701 2433 τὴν
1734 2364 1866 2432 περὶ
1899 2380 1936 2415 τι

2001 2380 2104 2432 της
2138 2363 2342 2430 γνῶσιν
2374 2363 2689 2434 ὲκθέμενοι.
2738 2362 3087 2418 Potissimum
3126 2381 3248 2419 vero
3276 2368 3375 2421 hac
3408 2378 3596 2422 nostra

349 2468 504 2514 (etate
528 2458 589 2511 de
621 2456 733 2510 vita
776 2456 1073 2509 monastica
1103 2453 1550 2521 conscripserunt,
1585 2450 1795 2519 Spiritu
1834 2462 2089 2520 tanquam
2117 2452 2209 2521 qui
2237 2461 2288 2505 et
2320 2452 2422 2520 ipsi
2452 2466 2517 2505 ex
2549 2450 2658 2506 Deo
2685 2466 2803 2505 cum
2835 2452 2964 2514 sint,
2992 2451 3240 2524 Deiloqui
3272 2463 3321 2509 et
3369 2455 3595 2526 Deiferi,

337 2558 389 2603 et
416 2544 748 2613 Christiferi,
780 2552 828 2596 et
856 2559 889 2594 a
920 2540 1025 2596 Deo
1059 2541 1227 2609 amati
1262 2557 1378 2595 vere
1409 2542 1687 2605 exsistant,
1722 2549 1938 2594 sanctus
1972 2539 2136 2594 Pater
2183 2551 2367 2593 noster
2394 2539 2673 2607 Callistus,
2706 2555 2796 2609 qut
2841 2538 3016 2610 Regia:
3056 2542 3203 2597 urbis
3237 2559 3382 2599 novat
3419 2543 3599 2600 Romae

337 2651 405 2689 ex
433 2636 538 2688 Deo
565 2632 668 2701 fuit
700 2629 1038 2700 patriarcha,
1066 2640 1115 2683 et
1138 2629 1229 2699 qui
1255 2644 1363 2682 una
1395 2644 1515 2685 cum
1555 2628 1671 2697 ipso
1704 2628 1943 2697 spirabat
1973 2639 2021 2681 et
2060 2627 2455 2681 exercitabatur
2481 2625 2758 2695 confessor
2784 2626 3058 2697 lgnatius,
3087 2640 3137 2683 et
3171 2630 3307 2689 libro
3334 2633 3598 2700 peculiari

338 2729 405 2780 ab
435 2724 546 2779 illis
578 2722 894 2792 composito,
929 2719 1314 2791 spiritualiter,
1347 2718 1542 2779 divine.
1569 2727 1619 2773 et
1651 2718 1852 2773 excelse
1878 2716 2033 2770 nimis
2068 2715 2426 2785 philosophati
2456 2723 2617 2780 sunt,
2650 2724 2862 2769 centum
2893 2718 3178 2785 capitibus,
3216 2736 3437 2775 numero
3479 2738 3601 2792 per-

350 2813 511 2882 ferto,
546 2812 840 2883 perfectam
881 2809 944 2863 de
983 2824 1046 2863 ea
1071 2807 1424 2877 cognitionem
1463 2806 1755 2866 tradentes.
1783 2804 1937 2874 Opus
1970 2804 2180 2863 Callisti
2212 2814 2265 2858 et
2304 2802 2499 2873 lgnatii
2544 2801 2780 2856 habetur
2822 2804 2875 2857 in
2934 2803 3270 2865 Bibliotheca
3298 2807 3597 2865 Bai-beri";

340 2902 449 2955 sub
484 2904 588 2957 hoc
614 2900 771 2956 titulo
795 2898 876 2969 (2)
919 2914 933 2951 :
966 2898 1089 2951 Τῶν
1122 2899 1178 2951 ὲν
1204 2896 1559 2967 μονοτρόποις
1582 2895 1881 2967 ἐλαχίστων
1911 2891 2214 2947 Καλλίστου
2243 2892 2340 2944 καὶ
2379 2890 2419 2943 ἰ
2432 2888 2652 2958 γνατίου
2686 2888 2795 2943 τῶν
2827 2890 3220 2948 Ξανθοπούλων
3243 2895 3462 2965 μέθοδος
3504 2900 3601 2952 καὶ

341 2988 526 3044 κανὼν
555 2990 817 3059 ἀκριϐὴς,
858 2991 954 3043 καὶ
987 2986 1140 3057 παρὰ
1168 2986 1276 3040 τῶν
1301 2986 1475 3053 ἁγίων
1506 2984 1650 3056 ἔχων
1681 2985 1782 3049 τὰς
1816 2982 2132 3052 μαρτυρίας
2164 2980 2295 3050 περὶ
2320 2978 2429 3032 τῶν
2463 2979 2811 3052 αἱρουμένων
2837 2980 3059 3051 ἡσύχως
3086 2981 3278 3052 βιῶναι
3306 2986 3401 3039 καὶ
3431 3003 3601 3054 μονα-

344 3076 573 3140 στικῶς,
620 3078 753 3147 περί
792 3092 854 3129 τε
883 3077 1133 3144 ἀγωγῆς,
1163 3074 1260 3127 καὶ
1286 3073 1571 3137 πολιτείας
1610 3073 1708 3126 καὶ
1737 3072 1950 3141 διαίτης
1994 3068 2197 3133 αὐτῶν,
2228 3069 2324 3123 καὶ
2358 3071 2493 3140 περὶ
2539 3067 2633 3121 τοῦ
2664 3069 2808 3122 ὅσων
2842 3070 3050 3139 ἡλίκων
3081 3072 3307 3138 ἀγαθῶν
3331 3073 3599 3145 πρόξενος

342 3168 377 3237 ἡ
420 3164 621 3236 ἡσυχία
667 3164 1003 3219 καθίσταται
1048 3163 1164 3225 τοῖς
1200 3161 1345 3231 λόγῳ
1387 3160 1673 3230 μετιοῦσιν
1700 3161 1892 3229 αὑτήν.
1920 3156 2281 3227 Διακέκριται
2324 3155 2381 3208 δὲ
2424 3159 2458 3227 ὴ
2493 3156 2751 3226 παροῦσα
2780 3158 2876 3211 τοῦ
2929 3157 3092 3227 λόγου
3139 3163 3497 3232 πραγματεία
3539 3164 3600 3215 ὲν

343 3254 665 3322 κεφαλαίοις
692 3260 759 3325 ρ’.
796 3251 998 3323 Ignatii
1027 3262 1078 3305 et
1109 3248 1329 3305 Callisti
1362 3247 1834 3318 Xanthopulorum
1880 3244 2156 3299 methodus
2186 3252 2237 3297 et
2280 3244 2463 3313 regula
2512 3245 2795 3310 exquisita,
2829 3246 3142 3308 testimoniis
3179 3245 3405 3303 Patrum
3451 3265 3599 3304 com-

341 3341 565 3415 probata
603 3342 669 3395 de
699 3343 788 3405 iis,
814 3341 904 3410 qui
943 3339 1328 3410 eliguntoitam
1362 3338 1597 3407 quietam
1630 3344 1679 3389 et
1710 3333 2082 3400 monasticam,
2115 3345 2166 3389 et
2200 3336 2262 3387 de
2284 3336 2404 3388 vita:
2437 3332 2700 3401 instituto,
2746 3351 2809 3389 ac
2856 3338 3064 3391 ratione
3110 3340 3507 3406 praedictorum,
3550 3351 3601 3395 et

342 3445 566 3498 quorum
601 3430 857 3482 bonorum
892 3444 1058 3481 causa
1107 3427 1255 3496 quies
1303 3426 1396 3489 sit,
1434 3426 1505 3478 iis
1544 3424 1634 3491 qui
1666 3422 1958 3477 secundum
1988 3424 2249 3475 rationent
2279 3438 2397 3484 eam
2431 3422 2850 3491 amplectuntur.
2899 3423 3043 3492 Opus
3067 3426 3292 3479 divisum
3344 3430 3398 3481 in
3422 3430 3603 3499 capita

345 3529 573 3572 rentum.
616 3515 681 3571 P.
712 3516 861 3569 Ἔδει
896 3515 996 3585 μὲν
1028 3516 1178 3585 ἡμᾶς
1205 3513 1348 3567 κατὰ
1393 3514 1521 3575 τοὺς
1547 3511 1724 3573 θείους
1748 3511 1917 3578 φάναι

2007 3511 2235 3579 νησμοὺς
2264 3509 2641 3572 θεοδιδάκτους
2668 3512 3062 3580 τυγχάνοντας.
3090 3511 3155 3565 Ει
3186 3529 3309 3569 cum
3346 3516 3457 3571 duo
3492 3518 3602 3572 sint

341 3608 577 3671 Callisti,
604 3609 745 3663 alter
767 3606 867 3661 sub
894 3604 1109 3660 Joanne
1138 3604 1549 3665 Cantacuzeno,
1579 3602 1716 3656 alter
1746 3602 1852 3657 sub
1879 3599 2130 3655 Manuele
2152 3597 2482 3667 Palmologo,
2506 3612 2681 3659 annos
2711 3612 2833 3668 post
2863 3600 2976 3656 fere
3000 3602 3359 3673 quadraginta
3389 3621 3507 3669 sex,
3544 3608 3599 3660 in

352 3696 574 3754 dubium
604 3695 743 3750 verti
767 3702 977 3763 posset,
1015 3693 1083 3747 de
1115 3706 1357 3763 quonam
1395 3690 1501 3746 iste
1542 3690 1770 3745 Callisto
1797 3687 1965 3743 verba
2001 3686 2161 3745 faciat
2193 3705 2207 3741 :
2268 3686 2362 3741 sed
2397 3701 2521 3741 cum
2556 3683 2767 3753 Nicolai
2801 3687 3075 3749 Cabasilaa
3110 3693 3453 3756 meminerit.
3506 3698 3601 3763 qni

355 3788 459 3842 sub
489 3786 727 3841 Manuele
754 3784 1009 3849 ﬂorebat,
1043 3797 1269 3840 necesse
1295 3790 1381 3837 est
1411 3796 1539 3835 eum
1571 3782 1637 3834 de
1668 3780 1913 3835 secundo
1944 3776 2191 3839 Callisto,
2216 3774 2311 3844 qui
2341 3774 2488 3829 circa
2520 3791 2726 3830 annum
2758 3775 2977 3831 Domini
3000 3777 3138 3839 1406
3161 3778 3598 3847 patriarchatum

352 3873 595 3946 regebat,
627 3888 931 3928 sermonem
951 3870 1175 3924 habere.
1193 3874 1375 3934 Quare
1398 3867 1515 3936 ipse
1540 3868 1686 3921 circa
1710 3864 1939 3920 Joannis
1964 3863 2253 3933 Palaaologi
2272 3873 2539 3933 tempora,
2570 3864 2656 3919 vel
2691 3864 2851 3934 paulo
2881 3874 3005 3919 ante
3034 3865 3239 3931 ﬂoruit,
3264 3883 3292 3921 a
3324 3868 3603 3939 Symeone

342 3963 561 4017 seniore
595 3960 638 4015 Τ
643 3960 1091 4016 hessalonicense
1124 3967 1251 4027 post
1272 3952 1568 4019 lsidorum,
1599 3954 1761 4024 cujus
1783 3954 1902 4022 ipse
1934 3952 2205 4019 meminit,
2242 3952 2482 4006 tertius:
2508 3950 2657 4005 inter
2688 3952 2835 4005 enim
2874 3951 3144 4008 lsidorum
3181 3964 3236 4009 et
3269 3956 3447 4023 ipsum
3483 3966 3603 4010 tan-

341 4063 456 4107 tum
486 4059 800 4105 recensetur
822 4047 1067 4105 Gabriel.
1098 4045 1242 4100 Hinc
1256 4043 1562 4112 colligitur,
1590 4052 1858 4112 quantum
1895 4040 2263 4099 hallucinetur
2285 4037 2622 4093 Possevinus
2657 4037 2714 4091 in
2738 4041 3043 4108 Apparatu,
3074 4044 3169 4111 qui
3200 4042 3425 4097 immani
3467 4060 3603 4099 ana-

344 4140 667 4198 chronismo
702 4136 924 4202 scribit,
965 4148 1091 4189 eum
1123 4132 1325 4187 vixisse
1346 4142 1473 4191 ante
1497 4146 1673 4187 annos
1699 4138 2016 4190 sexcentos,
2041 4126 2138 4197 qui
2163 4125 2385 4180 nonnisi
2421 4134 2548 4179 ante
2580 4139 2757 4179 annos
2799 4134 3027 4179 centum
3070 4128 3370 4195 octoginta,
3406 4127 3603 4184 Posse-

345 4228 457 4283 vini
489 4238 757 4295 tempore,
793 4224 1028 4280 vixerat.
1060 4223 1119 4283 in
1150 4222 1407 4277 omnibus
1433 4221 1552 4277 suis
1576 4220 1793 4293 scriptis
1822 4218 1877 4279 in
1908 4217 2134 4284 Latinos
2166 4212 2401 4288 injurias
2429 4220 2535 4280 est,
2564 4226 2705 4283 quos
2736 4225 2880 4292 saepe
2917 4213 3114 4289 Carpit,
3138 4227 3443 4284 eorumque
3465 4216 3605 4271 ritus

348 4332 470 4373 cum
512 4314 722 4371 Graecis
747 4326 1102 4384 comparans,
1126 4311 1454 4367 insectatur.
1493 4326 1512 4364 ι

411 4437 479 4492 Ει
509 4438 625 4492 haec
652 4433 868 4505 quidem
893 4429 1047 4495 deeo
1076 4439 1207 4485 tunc
1233 4427 1498 4496 temporis
1523 4424 1761 4481 breviter
1791 4421 2179 4490 scripsi,nunc
2232 4433 2356 4474 cum
2399 4426 2614 4488 tempus
2643 4417 2908 4487 locusque
2939 4418 3199 4487 postulat,
3230 4417 3335 4472 alia
3360 4418 3557 4473 addam
3582 4437 3596 4473 :

340 4536 653 4598 praeeatque
672 4504 817 4577 illius
834 4520 1092 4591 elogium,
1114 4516 1260 4588 quod
1289 4514 1562 4586 Eugenius
1585 4512 1956 4582 Nomophylax
1976 4512 2106 4581 (qua
2126 4508 2178 4562 id
2200 4506 2460 4598 facultate
2482 4505 2674 4598 egerit,
2704 4506 2888 4561 dicent
2915 4504 3114 4562 similis
3132 4506 3303 4562 sortis
3335 4505 3602 4578 homines)

343 4593 401 4674 in
431 4614 705 4689 Synodico
745 4609 1027 4665 Dominica
1059 4602 1413 4667 Orthodoxiae
1440 4604 1495 4657 in
1528 4601 1771 4657 Ecclesia
1806 4596 2285 4654 'l‘hessalonicensi
2320 4593 2543 4667 recitari
2567 4593 2754 4661 solito,
2783 4593 3059 4664 ap‘pinxit.

414 4772 635 4843 Συμεὼν
663 4787 757 4829 του
790 4784 846 4821 εν
882 4766 1130 4837 μακαρίᾳ
1174 4767 1240 4839 τῇ
1277 4763 1429 4834 λήξει
1476 4761 1773 4831 γενομένου
1819 4775 1920 4829 αρ-

2098 4752 2391 4825 Sytneonis
2435 4752 2607 4806 beatae
2667 4749 2942 4805 nuemorize
2982 4749 3324 4805 sanctissimi
3360 4749 3601 4803 Thessa-

340 4840 1180 4940 χιεπισκόπου⁶Θεσσαλονίκης,
1215 4855 1314 4910 τοῦ
1363 4855 1461 4924 τῆς
1510 4853 1667 4915 ἐκτός
1715 4868 1777 4904 τε
1827 4850 1921 4903 καὶ

2029 4844 2324 4901 lonicensis
2347 4842 2774 4911 archiepiscopi,
2814 4840 2913 4910 qni
2951 4850 3192 4896 externae
3243 4849 3297 4894 et
3340 4841 3605 4911 spiritalis

340 4930 439 5029 τῆς
473 4952 857 5024 πνευματικῆς
882 4951 1074 5018 σοφίας
1105 4949 1344 5019 πλήρους
1376 4944 1671 5016 ὑπερφυῶς
1693 4944 1919 5012 γενομέ-

2028 4933 2308 5005 sapientia:
2334 4947 2499 5001 super
2525 4932 2826 4986 humanum
2856 4940 3075 5000 captum
3108 4931 3341 4999 repletus
3368 4930 3422 4985 in
3454 4946 3608 4985 asce-

342 5022 458 5113 vo'o,
488 5051 591 5103 κάν
624 5022 693 5117 τῇ
726 5045 1001 5113 ἀσκητικῇ
1035 5040 1132 5094 alr’
1158 5039 1250 5093 οὖν
1298 5038 1568 5107 ἀγγελικῇ
1624 5036 1817 5105 ἀγωγῇ
1859 5048 1920 5084 τε

2029 5028 2161 5091 lico,
2192 5025 2307 5079 sive
2339 5025 2519 5090 potius
2559 5023 2806 5093 angelico
2856 5023 3131 5085 instituto,
3155 5030 3211 5076 et
3238 5022 3359 5076 vitae
3391 5023 3605 5076 ratione

342 5142 436 5196 καὶ
488 5114 737 5205 πολιτείᾳ
783 5132 1205 5204 διαπρέψαντος,
1239 5129 1334 5183 καὶ
1359 5128 1563 5197 ταύτην
1608 5127 1690 5199 εἰς
1743 5124 1917 5194 ἄκρον

2026 5116 2306 5180 excelluil,
2359 5130 2593 5191 eamque
2636 5131 2762 5169 cum
2805 5129 3019 5167 summa
3072 5115 3273 5168 virtute
3331 5125 3385 5169 et
3442 5114 3604 5169 laude

342 5231 800 5299 κατωρθωκότος,
825 5230 894 5298 τῇ
925 5226 982 5280 δὲ
1017 5226 1160 5278 κατὰ
1216 5221 1455 5293 Χριστὸν
1490 5217 1819 5280 ταπεινώσει
1849 5219 1915 5286 τῇ

2031 5208 2432 5282 perfectissime
2468 5208 2598 5274 egit,
2637 5214 2690 5259 et
2722 5208 3023 5267 secundum
3068 5205 3347 5260 Christum
3394 5209 3479 5262 sui
3505 5207 3602 5260 de.

340 5325 451 5377 τῶν
479 5298 697 5393 ἀρετῶν
729 5320 955 5393 κρηπῖδι
995 5317 1137 5379 κατὰ
1163 5317 1259 5376 τὰς
1291 5313 1545 5382 ἀψευδεῖς
1581 5310 1919 5369 Δεσποτικὰς

2033 5302 2331 5383 pressione,
2382 5302 2642 5353 virtutum
2683 5298 3004 5357 excellentia
3050 5299 3207 5367 juxta
3260 5300 3443 5354 divina
3479 5315 3604 5367 pro-

343 5390 680 5487 ὲπαγγελίας
706 5390 1102 5491 ἀνυψωθέντος,
1146 5407 1241 5461 καὶ
1281 5404 1367 5458 διὰ
1397 5404 1651 5480 πράξεως
1686 5400 1923 5460 ἀνασάνο

2035 5395 2199 5450 missa
2234 5392 2448 5446 mentiri
2512 5390 2700 5449 nescia
2762 5390 3062 5454 exaltatus,
3115 5406 3210 5461 per
3245 5392 3517 5449 actionem
3549 5390 3604 5450 iu

411 5625 483 5753 ii}
504 5622 715 5739 ἕέιέἐῖἷιῗ
730 5606 2006 5743 35332535333;ii?s3"§i£§§.°‘iki€fiﬁ

1641 5609 1732 5658 2l0
1762 5609 1844 5657 ed.
1884 5606 2150 5660 Jassensis.
2185 5605 2323 5654 Eutr.

1626 5676 1761 5723 ικῶν.
1797 5670 2020 5721 Venetiis
2046 5670 2183 5721 1&82.
2219 5667 2344 5718 Vide
2379 5674 2566 5717 tomum
2585 5671 2810 5717 nostrum
2834 5665 3060 5718 CXLth.
3085 5665 3221 5716 Enn.

668 5799 935 5858 Panos.
966 5793 1081 5853 Gn.
1120 5788 1295 5850 CLV.
3194 5772 3221 5844 ι

378 5922 492 6063 ’ἃ

254 5994 544 6186 μγ
