4040 6202
402 314 431 382 1
448 312 466 375 ι
1270 311 1573 373 SYMEON
1607 309 2370 371 THESSALONICENSIS
2407 310 2773 372 ARCHIEP.
3589 307 3654 372 12

403 429 832 501 speculationem
862 429 1132 495 ascendit,
1171 427 1405 498 indeque
1435 429 1506 482 ita
1539 437 1812 483 annuente
1835 427 1964 492 Deo,

2078 442 2162 488 τος
2192 427 2270 488 είς
2303 425 2557 495 θεωρίαν,
2589 426 2893 482 κάντεῦθεν
2922 427 3106 483 νεύσει
3137 428 3300 495 Θεοῦ,
3325 445 3404 492 ως
3435 436 3654 496 φωσφοο

397 533 462 581 ut
491 523 581 578 fax
607 522 830 578 lucifera
866 536 1029 589 super
1065 520 1452 575 candelabrum
1493 521 1689 588 posita,
1717 528 1769 572 et
1810 534 1974 587 super

403 618 681 676 excelsum
711 623 950 669 montem
1006 623 1062 668 ut
1117 615 1461 669 clarissimus
1513 612 1760 667 veritatis
1797 626 1975 680 praeco

403 708 729 771 ascendens,
761 708 1014 762 dulcibus
1042 706 1426 776 splendoribus
1473 705 1609 767 suis.
1643 719 1836 772 nempe
1878 703 1976 756 in—

403 802 800 858 structionibus
852 815 958 855 non
1005 801 1284 870 propriam
1319 807 1527 853 tantum
1557 798 1698 851 hanc
1733 781 1978 851 celeber-

405 897 598 948 rimam
655 892 1021 961 metropolim,
1065 892 1156 946 sed
1212 891 1528 946 universum
1579 889 1746 945 etiam
1803 898 1979 941 terra-

405 1003 529 1042 rum
564 985 752 1040 orbem
795 984 928 1040 solis
972 984 1142 1038 instar
1174 981 1524 1046 illuminavit,
1571 989 1625 1035 et
1654 995 1780 1050 erga
1807 978 1976 1034 Deum

405 1090 460 1136 et
497 1078 807 1147 proximum
858 1090 1124 1140 amorem,
1177 1075 1224 1129 si
1275 1075 1400 1142 quis
1431 1074 1593 1139 alius,
1631 1072 1890 1136 ostendit,
1926 1079 1980 1124 et

409 1170 581 1224 sacris
611 1168 866 1222 cantibus
909 1175 1226 1220 sanctorum
1277 1163 1498 1225 choros,
1551 1176 1605 1216 et
1645 1178 1711 1216 ex
1745 1162 1982 1231 propriis

407 1262 712 1324 exornavit,
752 1274 982 1329 quorum
1032 1258 1195 1311 vitam
1239 1257 1527 1312 aemulatus
1565 1255 1844 1311 confecit:
1882 1269 1982 1307 an-

405 1355 595 1426 gelit-is
637 1368 790 1416 vero,
814 1351 1161 1411 venerandis,
1205 1364 1266 1403 ac
1298 1350 1458 1418 plane
1503 1349 1702 1403 divinis
1736 1346 1981 1402 moribus

403 1458 459 1502 et
494 1447 658 1500 totius
718 1453 862 1500 statu
926 1442 1086 1497 hilari
1153 1457 1276 1495 vere
1309 1440 1487 1494 Deifer
1528 1455 1586 1494 re
1640 1449 1693 1494 et
1727 1441 1872 1503 visu,
1928 1447 1983 1492 et

411 1537 588 1592 zelum
623 1533 888 1588 fervidum
937 1531 1065 1586 Elian
1119 1530 1385 1607 quispiam
1446 1531 1668 1593 dixerit,
1723 1531 1980 1600 propriis,

409 1628 680 1696 avitisque
732 1624 992 1680 Ecclesia:
1035 1625 1403 1693 dogmatibus,
1456 1623 1739 1689 enutrivit,
1786 1633 1840 1677 et
1865 1625 1982 1678 die-

402 1717 513 1771 bus
548 1715 780 1784 singulis
810 1714 961 1769 suavi
1018 1714 1280 1767 doctrinae
1310 1714 1474 1769 latice
1518 1714 1737 1769 abunde
1788 1715 1984 1784 irriga-

400 1805 495 1861 bat
549 1815 602 1860 et
641 1805 993 1860 sermonibus
1053 1804 1363 1860 “exanimis
1421 1819 1488 1860 ac
1527 1805 1787 1874 jucundis
1815 1817 1869 1860 et
1904 1806 1980 1861 lo-

399 1895 557 1964 quela
583 1893 842 1949 melliilua
894 1896 1198 1958 universos,
1263 1896 1430 1950 veluti
1483 1895 1734 1951 Sirenum
1770 1896 1820 1950 vi
1851 1911 1984 1966 qua-

405 1971 555 2050 dam,
590 2002 713 2056 quae
747 1987 928 2043 verbis
960 1989 1194 2056 exprimi
1251 1989 1457 2058 nequit.
1509 1989 1776 2044 trahebat'
1801 1989 1868 2044 ad
1898 2003 1976 2053 se,

400 2078 818 2146 detinebatque;
853 2087 906 2134 et
952 2079 1304 2146 antiquorum
1347 2079 1510 2133 veluti
1544 2081 1760 2149 signum
1792 2090 1845 2136 et
1874 2096 1967 2135 ex~

401 2182 655 2237 pressum
689 2167 1067 2235 simulacrum,
1099 2177 1151 2221 et
1178 2167 1391 2236 pietatis
1418 2167 1751 2229 columnam,
1782 2176 1836 2224 et
1868 2170 1980 2222 vir-

403 2258 538 2313 tutis
569 2258 832 2326 regulam,
859 2266 914 2312 et
941 2257 1272 2312 Christiana:
1299 2260 1422 2312 vitae
1455 2267 1668 2328 typum,
1695 2260 1971 2328 propriam

399 2350 568 2404 vitam
603 2349 888 2403 ostendere
910 2364 1127 2404 summo
1151 2351 1334 2402 studio
1363 2360 1592 2403 conatus
1626 2358 1728 2412 est,
1778 2349 1973 2418 hisque

403 2439 655 2495 homines
687 2439 992 2505 universos,
1031 2440 1124 2509 qui
1167 2439 1322 2494 aliter
1355 2453 1420 2492 ac
1451 2453 1552 2492 nos
1585 2438 1876 2500 sentimus,
1905 2435 1973 2491 de

401 2529 506 2583 ﬁde
541 2527 872 2592 sentiebant,
918 2529 972 2582 in
1011 2539 1289 2597 stuporem
1339 2527 1888 2592 et.admirationem,
1919 2536 1974 2581 et

398 2620 617 2675 laudem
652 2629 708 2674 et
754 2619 1210 2689 gloriﬁcationem
1264 2620 1447 2687 magni
1503 2632 1686 2673 rerum
1723 2617 1970 2672 omnium

397 2715 493 2772 Dei
525 2716 822 2771 excitavit:
863 2713 1127 2770 memoria
1159 2711 1512 2782 sempiterna.

2086 535 2178 586 pou
2230 517 2556 589 λαμπτῆρος
2605 517 2703 572 ἐπὶ
2735 518 2834 589 τὴν
2861 520 3086 590 λυχνίαν
3133 519 3407 582 τεθέντος,
3431 521 3525 572 καὶ
3556 514 3645 572 ἐπ’

2077 609 2234 677 ὅρους
2291 607 2498 678 ὑψηλοῦ
2529 608 2606 671 ὠς
2635 609 2892 680 λαμπροῦ
2948 612 3049 680 τῆς
3105 610 3365 681 ἀληθείας
3415 612 3656 681 κήρυκος

2081 700 2510 771 ἀναϐεϐηκότος,
2536 703 2632 755 καὶ
2664 705 2785 765 ταῖς
2805 703 3086 770 γλυκείαις
3112 706 3522 774 μαρμαρυγαῖς,
3559 705 3651 769 δη-

2081 790 2217 862 λαδὴ
2250 794 2371 857 ταῖς
2425 791 2591 848 αὐτοῦ
2624 793 3019 858 διδασκαλίαις,
3052 794 3114 846 οὐ
3165 793 3264 864 τὴν
3313 795 3448 848 [δίαν
3494 795 3655 863 μόνον

2078 885 2285 953 ταύτην
2332 885 2432 954 τὴν
2487 884 2836 955 περιώνυμον
2888 885 3247 956 μητρόπολιν,
3273 886 3388 940 ἀλλ’
3414 887 3517 957 ἤδη
3561 890 3656 941 καὶ

2085 978 2183 1048 τὴν
2219 979 2545 1048 οἰκουμένην
2581 979 2802 1034 ἃπασαν
2824 977 2982 1048 δίκην
3003 977 3155 1048 ἡλίου
3180 981 3651 1048 καταυγάσαντος,

2085 1073 2182 1125 καὶ
2211 1073 2308 1141 τὴν
2339 1072 2474 1142 πρὸς
2510 1071 2663 1138 Θεὸν,
2714 1073 2809 1125 καὶ
2859 1071 2956 1142 τὴν
3013 1075 3243 1144 πλησίον
3299 1075 3521 1144 ἀγάπην
3574 1075 3657 1136 είς

2084 1160 2372 1228 άκρον,ὡς
2417 1161 2590 1223 οὐδεὶς
2640 1161 2826 1230 σχεδὸν
2857 1160 2966 1214 τῶν
3012 1163 3270 1219 ἁπάντων
3309 1165 3656 1231 ἐπιδειξαμέ-

2083 1272 2200 1316 νου,
2224 1254 2318 1306 κα“ι
2360 1253 2523 1323 ᾠδαῖς
2557 1257 2730 1322 ίεραῖς
2765 1253 2890 1316 τοὺς
2917 1256 3025 1308 τῶν
3070 1257 3242 1324 ἁγίων
3293 1245 3510 1326 χοροὺς,
3561 1255 3655 1307 καὶ

2084 1344 2296 1396 οἴκοθεν
2328 1344 2785 1414 καταστέψαντος,
2828 1340 2904 1399 ὧν
2947 1346 3040 1399 τὸν
3092 1346 3206 1417 βίον
3262 1348 3529 1415 ἐζήλωκε,
3561 1346 3656 1398 καὶ

2084 1431 2303 1500 διήνυσε
2332 1446 2344 1461 ’
2377 1432 2454 1502 τῷ
2489 1432 2545 1485 δὲ
2594 1434 2874 1505 ἀγγελικῷ
2905 1435 3000 1489 xui.
3053 1437 3256 1506 σεμνῷ,
3289 1438 3385 1490 καὶ
3428 1434 3656 1488 θεοειδεῖ

2085 1525 2194 1578 τῶν
2225 1527 2393 1596 ἠθῶν,
2419 1528 2513 1580 καὶ
2548 1531 2613 1599 τῇ
2669 1529 2830 1599 ίλαρᾷ
2881 1529 3212 1583 καταστάσει
3243 1529 3363 1581 ὅλου
3413 1526 3489 1597 τῷ
3534 1526 3650 1578 ὄντι

2087 1618 2372 1689 θεοφόρου,
2404 1620 2497 1672 καὶ
2530 1618 2703 1684 ὄντος,
2727 1622 2821 1673 καὶ
2869 1621 3222 1690 φαινομένου,
3248 1623 3340 1674 καὶ
3375 1620 3534 1690 ζῆλον
3560 1621 3650 1672 ἕνα

2089 1709 2289 1781 θερμον
2333 1711 2515 1764 Ἠλιοῦ
2569 1729 2653 1772 τις
2699 1714 2786 1783 ἄρ’
2831 1714 2976 1766 εἴποι
3021 1715 3312 1782 τρέφοντος
3363 1715 3503 1784 ὑπὲρ
3543 1711 3652 1766 τῶν

2085 1799 2350 1866 εὐσεϐῶν,
2374 1801 2469 1854 καὶ
2499 1802 2783 1872 πατρικῶν
2830 1804 2930 1872 τῆς
2977 1804 3305 1874 Ἐκκλησίας
3338 1805 3652 1873 δογμάτων,

2085 1893 2182 1946 καὶ
2234 1891 2580 1962 καθεκάστην
2641 1894 2888 1961 ἀφθόνως
2941 1894 3020 1964 τῷ
3073 1896 3265 1963 γλυκεῖ
3305 1895 3653 1957 διδασκαλίας

2085 1982 2401 2054 ἀρδεύοντος
2431 1985 2654 2053 νάματι,
2691 1986 2784 2038 καὶ
2810 1984 2887 2056 τῷ
2912 1988 3019 2040 τῶν
3051 1986 3226 2056 λόγων
3250 1987 3524 2055 ἐπαγωγῷ
3549 1985 3650 2038 καὶ

2082 2075 2318 2145 τερπνῷ,
2355 2077 2448 2130 καὶ
2478 2077 2542 2146 τῇ
2597 2077 2907 2149 μελιῤῥύτῳ
2960 2083 3166 2149 φθογγῇ
3203 2081 3409 2142 πάντας
3460 2078 3650 2146 ὥσπερ

2033 2245 2041 2251 ἢ
2083 2168 2322 2238 άρῤήπῳ
2352 2167 2460 2221 τινὶ
2490 2169 2764 2238 Σειρήνων
2793 2169 3022 2239 δυνάμει
3075 2172 3208 2242 πρὸς
3239 2170 3429 2224 ἑαυτὸν
3465 2171 3651 2223 ἕλκον-

2079 2275 2195 2323 τος,
2223 2259 2320 2312 καὶ
2348 2259 2847 2330 παρακατέχοντος,
2882 2263 2978 2316 καὶ
3023 2263 3130 2314 τῶν
3169 2262 3416 2316 παλαιῶν
3459 2261 3650 2332 ὥσπερ

2086 2351 2381 2417 ἐκμαγεῖόν
2401 2351 2529 2422 τι,ἢ
2564 2353 3004 2425 ἑπισφράγισμα,
3029 2356 3122 2410 καὶ
3149 2356 3348 2425 στήλην
3367 2354 3650 2416 εὐσεϐείας

2076 2440 2172 2492 καὶ
2196 2440 2395 2510 ἀρετῆς
2424 2443 2646 2508 κανόνα,
2682 2447 2776 2497 καὶ
2805 2447 2850 2497 Χ
2861 2448 3201 2515 ριστιανικῆς
3255 2446 3529 2507 πολιτείας
3555 2444 3650 2497 τύ-

2077 2547 2180 2584 πον
2211 2530 2301 2584 τὸν
2340 2533 2536 2584 ἑαυτοῦ
2572 2533 2685 2601 βίον
2727 2537 2999 2602 ἀναδεῖξαι
3042 2539 3542 2606 φιλονεικήσειντος,
3577 2537 3643 2588 ἐκ

2072 2621 2282 2676 ’τούτων
2309 2641 2366 2676 τε
2397 2625 2524 2688 τοὺς
2577 2627 2903 2697 ἀνθρώπους
2939 2630 3206 2692 ἅπαντας,
3240 2629 3333 2681 καὶ
3379 2629 3503 2688 τοὺς
3537 2627 3634 2680 ἆλ-

2083 2715 2211 2777 λως,
2235 2713 2268 2781 ἢ
2299 2713 2373 2776 ὠς
2396 2715 2557 2784 ἡμεῖς
2579 2717 2889 2786 φρονοῦμεν
2915 2718 3040 2783 περὶ
3066 2717 3162 2783 τὴν
3193 2719 3377 2770 πίστιν
3398 2717 3650 2782 δοξάζοι-

399 2829 498 2874 τας
529 2812 607 2874 είς
638 2809 919 2881 ἔκπληξιν,
948 2810 1044 2862 καὶ
1077 2808 1286 2878 θαῦμα,
1315 2808 1408 2860 καὶ
1449 2805 1641 2875 ὕμνον,
1671 2784 1767 2858 καὶ
1786 2803 2101 2875 δοξολογίαν
2121 2806 2218 2861 τοῦ
2247 2806 2487 2880 μεγάλου
2519 2784 2654 2862 Θεοῦ
2715 2784 2823 2865 τῶν
2881 2810 3018 2865 ὅλων
3051 2811 3396 2883 κινήσαντος,
3459 2809 3652 2863 αίωνια

395 2913 431 2982 ἡ
461 2913 676 2984 μνήμηο

470 3063 665 3115 Annon
715 3058 851 3111 bene
886 3056 1015 3110 lavit
1047 3069 1208 3109 suum
1240 3053 1556 3125 Ethiopem
1627 3051 1980 3121 Eugenicus?
2029 3051 2106 3105 Ex
2156 3053 2376 3122 scriptis
2424 3053 2732 3121 Symconis,
2800 3052 3022 3107 mentita
3075 3063 3127 3108 et
3179 3053 3312 3109 farsa
3343 3069 3485 3118 esse,
3521 3070 3648 3126 qua:

400 3154 493 3209 ille
525 3154 591 3207 de
623 3149 871 3204 doctrina
905 3159 960 3203 et
991 3148 1299 3216 eloquentia
1339 3149 1521 3214 tradit,
1561 3147 1853 3201 manifesto
1879 3144 2170 3200 evincitur.
2213 3144 2346 3211 Quis
2391 3145 2550 3200 nobis
2575 3146 2627 3199 in
2665 3145 2785 3199 aliis
2811 3158 2936 3198 eum
2977 3160 3104 3200 vera
3135 3145 3319 3202 dicere
3354 3161 3646 3204 assevera-

404 3247 521 3304 hit‘?
557 3243 716 3299 Fides
758 3251 1014 3313 suspecta
1048 3251 1156 3296 est.

474 3379 539 3432 Et
576 3387 632 3431 ut
677 3373 1254 3432 Thessalonicensium
1303 3375 1683 3444 episcoporum
1733 3372 1908 3428 series
1938 3373 2224 3439 habeatur,
2270 3372 2590 3442 exponenda
2635 3379 2784 3436 sunt,
2819 3388 2941 3442 quae
2972 3388 3034 3426 ex
3069 3373 3259 3426 eodem
3293 3371 3650 3428 Thessaloni-

395 3473 546 3529 censi
584 3471 857 3542 Synodico
888 3470 1441 3538 exscripsimus,quae
1480 3476 1648 3522 sunt:

467 3606 684 3672 lsidori,
745 3607 914 3660 beata:
951 3603 1349 3668 recordationis
1402 3605 1736 3661 sanctissimi
1790 3606 1974 3660 archi-
2005 3612 2051 3676 ε

398 3699 638 3770 episcopi
689 3697 1219 3762 'l‘hessalonicensis,
1265 3699 1358 3766 qui
1401 3696 1576 3752 instar
1603 3698 1868 3767 Splendidi
1897 3697 1974 3752 si-

404 3791 552 3845 deris
584 3803 801 3860 gregem
842 3804 999 3842 suum
1039 3789 1185 3842 hunc
1230 3789 1526 3843 illustravit
1558 3791 1673 3844 suis
1699 3789 1972 3857 quotidia-

400 3881 486 3934 nis
523 3877 787 3932 doctrinis
831 3887 883 3932 et
939 3879 1428 3944 admonitionibus,
1487 3889 1543 3933 et
1600 3895 1754 3950 atque
1811 3890 1975 3950 atque

401 3973 575 4025 bonus
625 3979 680 4023 et
710 3970 918 4038 primus
966 3980 1148 4040 pastor
1185 3970 1463 4038 Christus,
1512 3972 1688 4028 modis
1721 3972 1975 4028 omnibus

399 4063 558 4118 ovilis
587 4079 771 4118 curam
801 4063 970 4132 gessit
1017 4073 1071 4117 et
1118 4063 1307 4135 longas
1343 4066 1812 4135 peregrinationes
1852 4082 1976 4122 sus-

401 4155 582 4218 tinuit,
629 4165 682 4208 et
711 4155 976 4225 quidquid
1033 4157 1276 4209 divinum
1339 4164 1394 4209 et
1438 4157 1599 4213 saluti
1633 4158 1975 4211 conducibile

401 4247 709 4312 videbatur,
745 4257 802 4300 et
839 4248 1187 4301 sermonibus
1233 4248 1472 4311 edocuit,
1506 4258 1560 4301 et
1599 4249 1853 4316 operibus
1883 4249 1976 4302 de-

411 4339 759 4401 monstravit,
795 4347 848 4390 et
883 4352 1007 4390 vere
1046 4337 1110 4390 iis
1146 4337 1236 4404 qui
1279 4345 1404 4390 ante
1425 4353 1548 4391 eum
1585 4348 1638 4390 et
1667 4338 1882 4400 virtute,
1921 4347 1975 4392 et

399 4430 643 4482 doctrina
675 4426 958 4496 conspicui
1015 4425 1182 4488 fuere,
1237 4426 1392 4480 rebus
1426 4427 1681 4482 omnibus
1719 4441 1974 4496 exaequa-

402 4529 487 4573 tus
518 4528 634 4582 est;
698 4527 956 4586 perpetua
997 4517 1278 4571 memoria.
1323 4516 1591 4574 Gabrielis
1649 4521 1819 4573 beatas
1862 4535 1973 4573 me-

403 4613 592 4666 moriae
621 4610 955 4666 sanctissimi
1009 4612 1400 4680 archiepiscopi
1447 4611 1969 4675 'l‘hessalonicensis,

398 4706 491 4775 qui
533 4704 601 4758 ab
637 4704 866 4758 infantia
924 4705 1039 4774 ipsa
1082 4705 1190 4758 Deo
1225 4704 1479 4759 addictus
1530 4705 1655 4771 fuit,
1686 4705 1818 4758 etin
1860 4722 1972 4758 tuo-

399 4796 612 4848 nastico
646 4795 768 4849 vita:
831 4781 1094 4849 instituto.
1138 4796 1370 4863 primum
1433 4794 1611 4848 locum
1663 4797 1968 4864 occupavit.
2011 4867 2024 4882 l

399 4887 636 4956 indeque
666 4888 831 4942 veluti
870 4887 1088 4941 virtutis
1122 4888 1400 4956 prznmium
1435 4887 1771 4942 iurationem
1807 4890 1970 4958 hujus

399 4976 552 5030 urbis
598 4986 951 5039 consecutus,
1012 4976 1195 5029 multis
1251 4977 1526 5045 Operibus,
1581 4985 1634 5031 et
1680 4977 1746 5030 ad
1803 4977 1968 5032 Deum

399 5066 662 5133 precibus
733 5081 851 5119 eaut
922 5065 1284 5128 conservavit,
1325 5074 1377 5117 et
1419 5080 1526 5133 pta:
1576 5065 1716 5130 aliis,
1769 5064 1967 5134 quibus

408 5156 785 5224 Spiritualibns
818 5156 975 5210 donis
1024 5155 1240 5220 enituit,
1300 5155 1723 5211 mansuetudine
1753 5164 1806 5210 et
1839 5156 1968 5210 cha-

411 5248 569 5300 titate
638 5246 1036 5300 condecoratus
1093 5255 1195 5310 est,
1260 5256 1312 5299 ct
1370 5259 1654 5315 paternum
1713 5245 1965 5300 affectum

401 5353 616 5408 semper
653 5354 782 5406 erga
820 5337 1091 5405 Spiritales
1137 5339 1276 5393 lilios
1319 5340 1800 5394 commonstravit:
1844 5356 1966 5410 per-

400 5439 559 5499 petua
655 5431 934 5484 memoria.
1015 5430 1301 5499 Symeonis
1385 5433 1552 5486 beata:
1627 5435 1962 5487 recordatio-

398 5522 502 5578 nis.
565 5532 697 5582 etc.,
753 5520 998 5588 Gregorii
1031 5522 1199 5575 beata:
1246 5521 1640 5578 recordationis
1701 5525 1964 5592 archiepi-

392 5614 540 5681 δρυρὶ
601 5611 1130 5681 Thessalonicensis,
1175 5615 1267 5683 qui
1324 5623 1378 5670 et
1425 5625 1551 5670 ante
1585 5620 1958 5684 pontiﬁcatum

391 5705 530 5757 inter
587 5704 788 5774 primos
840 5704 1082 5774 ejusdem
1137 5718 1297 5773 atque
1339 5707 1425 5761 ille
1466 5709 1673 5764 ordinis
1705 5724 1960 5762 numera-

2163 3602 2438 3674 Ἰσιδώρου
2488 3603 2583 3656 τοῦ
2640 3605 2698 3657 ὲν
2759 3604 3008 3675 μακαρίᾳ
3042 3607 3106 3675 τῇ
3159 3605 3308 3674 λήξει
3357 3609 3648 3676 γενομζνου

2077 3696 2380 3763 ἀγιωτάτου
2432 3695 2868 3764 ἀρχιεπισκόπου
2917 3697 3341 3766 θεσσαλονίκης,
3367 3697 3463 3752 τοῦ
3491 3699 3651 3769 δίκην

2077 3789 2305 3856 ἀστέρος
2344 3787 2604 3858 λαμπροῦ
2635 3790 2734 3858 τὴν
2775 3790 3009 3859 ποίμνην
3038 3789 3202 3842 αὐτοῦ
3243 3790 3448 3861 ταύτην
3477 3809 3651 3846 κατα-

2078 3881 2418 3947 φωτίσαντος
2450 3884 2565 3943 ταῖς
2604 3881 2953 3950 καθ’ήμέραν
2988 3883 3158 3951 ίεραῖς
3192 3882 3357 3936 αὑτοῦ
3395 3883 3654 3937 διδασκα-

2080 3970 2246 4039 λίαις,
2279 3974 2378 4024 καὶ
2415 3973 2757 4040 είσηγήσεσι·
2792 3973 2884 4023 καὶ
2913 3973 3052 4023 κατὰ
3081 3974 3172 4023 τὸν
3195 3971 3356 4023 καλὸν
3387 3975 3479 4024 καὶ
3504 3975 3652 4044 πρῶ-

2078 4079 2170 4116 τον
2236 4064 2469 4132 ποιμένα
2504 4063 2739 4131 Χριστὸν
2787 4063 2880 4112 τοῦ
2937 4063 3188 4128 ποιμνίου
3243 4063 3420 4115 πάντα
3450 4066 3654 4133 τρόπον

2077 4155 2521 4222 πεφροντικότος,
2555 4157 2648 4206 καὶ
2702 4155 2918 4222 μακρὰς
2953 4153 3263 4224 ὁδοιπορίας
3319 4157 3652 4227 ὑπενεγκόν-

2079 4263 2191 4307 τος,
2217 4247 2307 4296 καὶ
2341 4247 2447 4297 πᾶν
2477 4246 2528 4296 εί
2560 4262 2610 4297 τι
2656 4243 2819 4307 θεῖον,
2851 4246 2947 4297 καὶ
2979 4246 3113 4313 πρὸς
3149 4247 3424 4318 σωτηρίαν
3451 4252 3652 4319 ἐνάγον

2081 4336 2175 4386 καὶ
2214 4337 2396 4400 λόγοις
2429 4333 2762 4400 διδάξαντος,
2790 4336 2884 4388 καὶ
2911 4335 3090 4406 ἔργοις
3117 4339 3520 4407 ἑνδειξαμένου,
3552 4344 3648 4395 καὶ

2075 4426 2152 4495 τῷ
2183 4425 2298 4478 δντι
2332 4430 2439 4490 τοῖς
2471 4429 2556 4479 ἐπ’
2584 4429 2751 4497 ἀρετῇ
2787 4432 2879 4484 καὶ
2904 4432 3068 4502 σοφὶᾳ
3093 4433 3197 4502 πρδ
3227 4433 3390 4486 αὐτοῦ
3415 4434 3650 4504 διαλάμ-

2075 4521 2240 4588 ψασιν
2272 4520 2620 4585 ἐξισωθέντος
2653 4527 2766 4588 τοῖς
2797 4524 2959 4589 ὅλοις,
2998 4528 3188 4579 αίωνία
3228 4529 3260 4597 ἠ
3296 4531 3510 4600 μνήμη.
3551 4531 3653 4582 Γα-

2076 4613 2243 4682 ϐριὴλ
2275 4614 2368 4666 τοῦ
2407 4617 2463 4667 ὲν
2502 4619 2750 4688 μακαρίᾳ
2780 4621 2845 4689 τῇ
2880 4619 3028 4689 λήξει
3064 4623 3359 4690 γενομένου
3411 4625 3650 4691 ἁγιωτά-

2079 4721 2172 4755 seu
2227 4707 2661 4775 ἀρχιεπισκὸπου
2729 4711 3156 4780 Θεσσαλονίκης,
3193 4712 3287 4764 τοῦ
3349 4715 3537 4782 ςχεδὸν
3575 4717 3651 4783 δέκ

2075 4795 2312 4868 βρέφους
2346 4798 2438 4879 sq).
2463 4798 2582 4868 Θεῷ
2638 4802 3075 4870 ἀνατεθειμένου,
3115 4807 3214 4856 κάν
3261 4808 3327 4876 τῇ
3385 4807 3644 4874 μοναδικῇ

2080 4887 2326 4957 πολιτείᾳ
2365 4890 2433 4942 τὰ
2483 4889 2674 4957 πρῶτα
2712 4893 2947 4961 σχόντος,
2998 4893 3288 4947 κάντεῦθεν
3333 4897 3407 4957 ὡς
3447 4894 3640 4964 ἀρετῆς

2078 4982 2313 5035 ἔπαθλον
2337 4983 2433 5052 τὴν
2462 4985 2799 5054 προστασίαν
2837 4986 2935 5054 τῆς
2970 4988 3181 5051 πόλεως
3205 4990 3404 5058 ταύτης
3458 4987 3643 5039 ἀναδε-

2077 5075 2334 5141 ξαμένου,
2370 5076 2582 5139 πολλοῖς
2629 5094 2687 5128 τε
2739 5076 2942 5146 ἔργοις,
2976 5082 3071 5132 καὶ
3105 5082 3225 5144 ταῖς
3260 5081 3392 5149 πρὸς
3421 5079 3479 5129 τὸ
3505 5079 3645 5130 θεῖον
3673 5129 3677 5137 ,

2086 5164 2306 5234 δεήσεσι
2355 5165 2561 5235 ταύτην
2611 5169 2974 5236 τηρήσαντος,
3004 5169 3097 5222 καὶ
3135 5171 3267 5240 πρὸς
3295 5171 3405 5231 τοῖς
3442 5169 3640 5231 ἄλλοις,

2068 5253 2147 5318 οἷς
2200 5256 2327 5326 ἔσχε
2382 5261 2775 5326 πνευματικοῖς
2843 5258 3164 5333 χαρίσμασι,
3217 5263 3485 5331 πραότητι
3545 5263 3637 5312 καὶ

2075 5351 2261 5420 ἀγάπη
2317 5352 2755 5422 κεκοσμημένου,
2811 5354 2905 5406 καὶ
2954 5352 3050 5424 τὴν
3099 5353 3372 5423 πατρικὴν
3432 5352 3646 5406 clivom

2076 5441 2160 5492 usi.
2194 5441 2330 5508 πρὸς
2356 5442 2423 5494 τὰ
2450 5445 2796 5511 πνευματικά
2844 5448 3007 5498 τέκνα
3056 5445 3488 5515 ἐνδεικνυμένου,
3514 5448 3642 5497 uim-

2074 5531 2162 5582 νία
2193 5532 2224 5600 ἡ
2265 5532 2475 5602 μνήμη.
2511 5533 2730 5602 Συμεὼν
2768 5535 2859 5588 τοῦ
2907 5538 2964 5590 ὲν
2997 5538 3244 5608 μακαρία
3268 5539 3334 5608 τῇ
3362 5536 3641 5608 Miser,qu

2072 5623 2139 5674 τὰ
2173 5621 2320 5691 ἑξῆς.
2365 5625 2542 5681 Habes
2576 5641 2761 5696 supra.
2805 5627 2941 5682 Tum
2989 5631 3234 5700 sequitur
3266 5647 3281 5685 :
3319 5629 3634 5700 Γρηγορίουι

2072 5716 2165 5770 τοῦ
2208 5719 2264 5771 ὲν
2307 5721 2556 5791 μακαρῖᾳ
2587 5723 2648 5790 τῇ
2689 5720 2839 5790 λήξει
2876 5727 3170 5792 γενομένου
3201 5717 3631 5793 ἁρχιεπισκόπου

3569 6031 3684 6164 κίε
