4044 6210
509 311 578 377 13
1961 313 2299 379 NOTlTlA.
2502 297 2505 299 ’
3691 321 3758 386 tt

505 423 932 496 Θεσσαλονίκης,
962 425 1058 478 τοῦ
1107 426 1200 478 κα).
1252 425 1358 498 πρὸ
1407 426 1505 496 τῆς
1555 428 1970 500 ἀρχιερωσύνης
2025 430 2048 481 ὲ

2158 438 2298 498 tus,
2339 430 2488 499 prius
2548 431 2650 487 sibi
2719 433 3094 490 concreditum
3149 435 3290 490 ovile
3317 445 3460 492 recte
3509 439 3656 506 pavit
3702 449 3758 494 et

509 521 616 580 τοῖς
647 518 892 589 πρώτοις
923 518 1022 586 μὲν
1052 519 1160 572 τῶν
1187 519 1477 588 ὁμοταγῶν
1508 520 1742 574 ἐνταῦθα
1773 519 2080 585 τελοῦντος,

507 611 566 663 τὸ
589 611 646 664 δὲ
686 611 1056 680 ὲμπιστευθὲν
1087 612 1236 684 αύτῷ
1270 613 1537 682 πρότερον
1568 613 1661 667 τοῦ
1693 613 1928 681 Χριστοῦ
1960 613 2080 666 ποί-

508 719 660 771 μνιον
722 701 900 764 καλῶς
941 702 1310 770 ποιμάναντος
1362 707 1454 757 καὶ
1511 703 1876 775 φυλάξαντος,
1937 705 2076 772 μετὰ

503 793 604 864 τὴν
631 793 834 846 ἅλωσιν
874 796 974 861 τῆς
1008 794 1219 856 πόλεως
1251 795 1452 866 ταύτης
1491 797 1570 858 είς
1601 795 1692 847 τὸν
1723 795 1868 863 ἱερὸν
1898 793 2073 860 αὐτῆς

505 884 694 952 θρόνον
723 881 1136 952 μετατεθέντος,
1161 887 1252 936 καὶ
1288 885 1514 956 μηδενὸς
1542 885 1652 938 τῶν
1693 887 1774 948 είς
1809 885 2074 937 σύστασιν

503 979 707 1044 ταύτης
736 974 1077 1044 ἠμεληκότα,
1102 971 1182 1038 οἷς
1231 975 1454 1029 ἐδύνατο
1487 977 1731 1047 τρόποις,
1764 976 1988 1046 βαθμοῖς
2012 994 2070 1029 τε

506 1068 670 1137 ἱεροῖς
695 1068 786 1119 τὸν
816 1068 1016 1136 κλῆρον
1045 1067 1234 1120 τοῦτον
1270 1069 1457 1138 σχεδὸν
1499 1072 1681 1124 πάντα
1712 1070 2074 1138 τετιμηκότος

501 1160 593 1211 καί
621 1154 804 1223 αὖθις,
831 1163 925 1211 καὶ
953 1162 1134 1231 κοινῇ,
1159 1161 1254 1212 καὶ
1300 1162 1408 1232 ἰδίᾳ
1440 1162 1572 1214 πᾶσι
1605 1160 1743 1230 πρὸς
1777 1161 1876 1223 τὰς
1911 1163 2072 1230 ἐπερ-

501 1249 740 1318 χομένας
773 1251 1022 1318 ἀνάγκας
1052 1252 1144 1303 καὶ
1180 1251 1500 1321 βοηθοῦντος
1540 1253 1635 1304 καὶ
1678 1251 2074 1319 συνεργοῦντος

500 1343 730 1408 ἀόκνως,
776 1346 966 1398 καὶτὸ
1015 1349 1232 1415 ἀφιέναι
1267 1349 1430 1400 πᾶσιν
1478 1346 1662 1416 ἔργοις
1707 1345 1874 1399 αὐτοῦ
1929 1344 2072 1397 κατὰ

499 1435 589 1488 τὸν
617 1435 757 1489 θεῖον
789 1439 954 1507 νόμον
982 1438 1310 1504 δεικνύντος,
1345 1441 1540 1494 αίωνία
1571 1441 1604 1510 ἡ
1643 1439 1857 1509 μνήμη.
1882 1439 2071 1507 Νίφω-

2188 523 2548 588 conservavit,
2601 532 2726 591 post
2758 540 2889 581 vero
2953 526 3116 597 hujus
3165 527 3317 583 urbis
3365 528 3664 596 excidium,
3699 531 3754 586 in

2189 627 2406 667 sacrum
2456 613 2602 670 illius
2658 614 2912 670 thronum
2969 626 3245 685 evocatus,
3311 619 3443 673 nihil
3501 621 3646 691 quod
3689 623 3756 676 ad

2191 705 2339 760 illum
2396 706 2780 760 stabiliendum
2843 706 3064 774 faceret,
3132 709 3293 764 modo
3350 726 3461 781 quo
3519 722 3752 782 poterat,

2188 797 2559 864 praetermisit,
2599 799 2968 869 gradibusque
3013 801 3184 856 sacris
3213 802 3418 856 clerum
3451 803 3598 859 hunc
3641 805 3756 859 fere

2184 889 2498 944 universum
2526 890 2823 958 decoravit,
2863 909 3194 964 rursumque
3228 893 3445 964 publice
3486 907 3542 951 et
3570 897 3755 968 priva-

2180 981 2272 1034 tim
2309 980 2362 1034 iu
2399 983 2818 1039 necessitatibus
2858 986 3265 1055 erumpentibus
3315 989 3514 1042 auxilia
3568 1003 3755 1059 opem-

2180 1087 2284 1140 que
2310 1073 2516 1128 ferebat
2543 1076 2844 1143 diligenter,
2889 1078 3145 1133 omnibus
3176 1079 3599 1134 condonandum
3635 1083 3753 1138 suis

2180 1165 2506 1232 actionibus,
2536 1168 2799 1223 utdivina
2853 1169 2933 1223 lex
2987 1173 3231 1240 praecipit
3283 1173 3575 1228 edocebat:
3609 1190 3752 1228 sem-

2182 1258 2392 1324 piterna
2435 1260 2719 1313 memoria.
2762 1259 3030 1330 Niphonis
3079 1264 3409 1318 sanctissimi
3443 1266 3616 1319 nostri
3651 1267 3751 1318 Do-

2180 1348 2310 1401 miui
2337 1347 2714 1418 Metaphrastze
2761 1353 3292 1420 'l‘heSSalonicensis,
3341 1355 3637 1426 llypertimi
3670 1367 3752 1410 at-

2179 1454 2285 1509 que
2320 1440 2552 1496 Exarchi
2584 1447 2854 1497 universa:
2882 1443 3178 1500 Thessaliae
3200 1486 3214 1512 ,
3249 1448 3403 1500 multi
3435 1449 3586 1504 anni.

501 1512 710 1590 νος’τοῦ
743 1534 1162 1600 παναγιωτάτου
1197 1533 1356 1604 ἡμῶν
1405 1533 1690 1597 δεσπότου,
1714 1529 1808 1585 τοῦ
1850 1532 2150 1598 Θειοτάτου,
2177 1531 2272 1586 τοῦ
2334 1535 2733 1605 μητροπολίτου
2794 1539 3220 1610 Θεσσαλονίκης,
3283 1540 3590 1611 ὑπερτίμου
3650 1545 3745 1598 καὶ

504 1621 736 1694 ἒξάρχω
768 1607 948 1699 πᾶσης
979 1629 1298 1694 Θετταλίας,
1325 1629 1495 1684 πολλὰ
1519 1629 1637 1700 ἐτη.

575 1743 706 1807 Quae
732 1744 797 1798 de
824 1745 1076 1816 Niphone
1111 1748 1199 1802 hic
1244 1750 1505 1804 dicuntur
1535 1758 1694 1804 erant
1719 1757 2002 1818 postrema
2046 1749 2099 1803 in
2133 1750 2226 1804 illo
2259 1747 2450 1804 codice
2490 1756 2544 1801 et
2576 1746 2679 1800 alia
2719 1762 2882 1801 manu
2916 1757 3166 1813 exarata,
3206 1759 3264 1803 ut
3296 1751 3423 1804 hinc
3457 1750 3748 1818 colligatur

497 1847 564 1888 eo
597 1837 714 1904 ipso
743 1847 979 1908 tempore
1003 1840 1267 1910 Niphonis
1300 1844 1506 1911 scripta
1539 1841 1712 1897 fuisse
1738 1886 1754 1909 ,
1787 1851 1841 1896 et
1881 1841 2153 1911 praecipue
2181 1857 2304 1896 cum
2357 1841 2556 1894 mullos
2585 1854 2756 1894 annos
2792 1852 3064 1908 precatur,
3103 1856 3210 1895 non
3244 1853 3502 1896 atternam
3543 1858 3748 1896 memo-

492 1929 657 1993 riam,
689 1932 833 2001 quod
866 1948 967 2002 pro
995 1938 1227 1991 mortuis
1265 1938 1630 2001 acclamatur,
1685 1945 2097 1991 commemorat.
2152 1933 2212 1988 In
2239 1935 2414 2002 elogio
2466 1933 2735 1987 Gabrielis
2774 1933 2831 1987 in
2864 1934 3109 2004 margine
3139 1935 3457 1990 adnotatum
3487 1948 3609 1989 erat
3642 1935 3746 1986 Συ-

491 2024 663 2091 μεὼν,
698 2024 947 2097 Symeon,
1008 2029 1088 2083 vel
1139 2027 1413 2100 Symeonis
1447 2045 1465 2083 :
1497 2039 1552 2084 et
1601 2029 1647 2084 si
1689 2045 1799 2084 non
1835 2029 1972 2083 fallit
2011 2028 2354 2095 conjectura,
2397 2026 2635 2096 Symeon
2699 2028 2824 2093 iste,
2862 2027 2930 2080 de
2961 2041 3071 2096 quo
3109 2028 3274 2080 verba
3308 2027 3562 2092 facimus,
3593 2025 3742 2080 illius

493 2125 684 2168 auctor
722 2116 846 2178 fuit,
882 2121 1341 2188 quemadmodum
1380 2119 1666 2191 Symeonis
1715 2120 1953 2188 elogium
2004 2119 2312 2187 Eugenicus
2371 2117 2662 2174 dictitavit.
2705 2116 2846 2172 Vixit
2878 2118 3062 2184 itaque
3099 2115 3339 2187 Symeon
3367 2127 3493 2170 ante
3524 2127 3738 2184 captam

491 2209 560 2264 ab
584 2211 845 2268 Amurate
899 2213 1374 2280 Thessalonicam,
1410 2227 1464 2270 et
1519 2223 1644 2269 ante
1693 2214 1976 2270 excidium
2036 2214 2183 2268 illius
2217 2213 2369 2267 urbis
2400 2228 2493 2268 sex
2536 2227 2754 2266 menses
2780 2212 2891 2266 fato
2940 2209 3158 2264 functus
3197 2219 3282 2264 est
3316 2226 3330 2262 :
3370 2209 3446 2263 illi
3493 2223 3614 2276 post
3646 2227 3745 2264 ca-

492 2314 642 2374 ptam
697 2311 966 2362 successit
1003 2310 1321 2382 Gregorius.
1369 2310 1539 2379 Capta
1584 2318 1766 2362 autem
1830 2318 1916 2364 est
1949 2307 2342 2362 Thessalonica
2397 2307 2466 2360 ab
2525 2308 2788 2359 Amurate
2849 2320 2995 2359 anno
3035 2305 3104 2358 ab
3149 2303 3282 2358 orbe
3321 2305 3540 2357 condito
3579 2305 3740 2369 6958,

496 2397 702 2453 Christi
734 2399 894 2454 1450.
946 2399 1184 2456 Joannes
1219 2401 1532 2471 Anagnosta
1563 2399 1812 2455 oculatus
1871 2413 2051 2453 rerum
2115 2400 2271 2451 testis
2307 2396 2637 2452 Narratione
2691 2397 2760 2450 de
2822 2408 3102 2466 posuemo
3134 2396 3350 2451 excidio
3387 2394 3740 2453 Thessaloni-

495 2491 641 2544 ci-usi
687 2508 702 2544 :
749 2490 1005 2562 Ἐννάτην
1043 2488 1146 2562 ἦγε
1175 2493 1270 2546 καὶ
1330 2491 1582 2562 εἰκοστὴν
1609 2493 1638 2544 ό
1663 2491 1906 2560 Μάρτιος
1953 2491 2077 2544 τότε
2103 2505 2116 2520 ·
2161 2491 2283 2554 ἔτος
2309 2489 2366 2544 δὲ
2409 2489 2740 2561 τριακοστὸν
2780 2489 2968 2556 ὃγδοον
3003 2488 3140 2558 πρὸς
3168 2489 3245 2557 τῷ
3285 2489 3736 2562 ἑξακισχιλιοστῷ

494 2581 804 2652 ἐρινακοστῷ
833 2585 1139 2652 ἐνειστήκει
1174 2599 1188 2637 :
1223 2583 1376 2638 Diem
1407 2583 1676 2652 aperiebat
1723 2582 1915 2635 mensis
1959 2580 2042 2634 Ma

2164 2598 2188 2636 ε
2222 2597 2418 2634 nonum
2445 2589 2495 2634 et
2527 2582 2828 2634 vicesimum
2855 2580 2985 2632 anni
3020 2593 3112 2632 sea:
3153 2579 3423 2634 millesimi
3460 2595 3744 2650 uongente~

491 2649 616 2728 εἶτιὶ
647 2649 900 2728 tricesimi
930 2649 1122 2729 octavi.
1163 2674 1299 2729 l‘liuc
1332 2649 1542 2740 videas,
1571 2683 1841 2745 quantum
1902 2673 2125 2727 fallatur
2181 2673 2435 2728 Historia:
2485 2673 2718 2742 politica:
2753 2681 2948 2725 auctor
2980 2672 3123 2740 apud
3155 2671 3446 2727 Martinum
3480 2674 3736 2731 Crusium

492 2781 547 2823 ct
583 2785 705 2822 cum
735 2783 801 2824 eo
828 2768 1218 2834 Leunclavius,
1247 2768 1486 2822 Jacobus
1516 2767 1796 2822 Pontanus
1822 2765 1977 2820 Notis
2003 2767 2054 2820 in
2084 2767 2561 2836 protovestiarium
2599 2774 2652 2818 et
2686 2765 2799 2829 alii,
2832 2765 2925 2833 qui
2948 2762 3353 2820 Thessalonicae
3381 2773 3742 2839 oppugnatio-

496 2880 615 2918 nem
646 2868 712 2919 ad
743 2881 951 2920 annum
977 2865 1185 2922 Christi
1218 2867 1348 2922 M31
1389 2864 1652 2920 referunt.
1712 2865 1817 2917 Alii
1876 2865 2068 2932 majori
2132 2864 2561 2918 anachrouismo
2612 2863 2678 2916 ad
2739 2863 2830 2926 52,
2865 2863 3095 2931 primum
3129 2861 3414 2920 Amuratis
3437 2868 3733 2922 adventum

493 2975 616 3013 cum
652 2959 839 3014 urbem
867 2959 1162 3029 oppressit,
1189 2975 1312 3013 cum
1353 2958 1598 3015 secundo
1634 2957 2063 3022 confundentes;
2101 2967 2223 3025 post
2249 2957 2392 3012 enim
2421 2970 2597 3008 annos
2621 2955 2759 3009 duos
2790 2957 2842 3008 in
2875 2956 3120 3010 eamdem
3153 2958 3336 3023 rediit,
3377 2973 3433 3013 et
3459 2962 3732 3031 quidquid

493 3061 614 3118 post
649 3060 1015 3121 expugnatam
1057 3052 1246 3106 urbem
1297 3052 1578 3107 beneficus
1622 3051 1952 3106 Christianis
2004 3051 2299 3114 concessit,
2346 3052 2447 3105 hoc
2501 3050 2743 3105 secundo
2793 3052 3028 3120 maligne
3057 3051 3352 3106 admodum
3389 3059 3648 3124 pervertit
3680 3070 3736 3115 et

492 3147 545 3201 in
577 3149 870 3216 pessimum
907 3157 1110 3204 statum
1149 3163 1235 3203 res
1264 3147 1642 3203 commutavit.
1677 3144 1804 3202 Fuit
1834 3147 2068 3218 Symeon
2110 3146 2296 3202 animo
2327 3147 2492 3211 virili,
2530 3147 2916 3216 praesentique,
2969 3150 3063 3218 qui
3121 3166 3219 3207 uec
3248 3154 3484 3223 prtem‘iis
3507 3158 3734 3214 .nhlatis

485 3237 560 3292 ab
590 3239 888 3294 Amurathe
927 3238 1535 3304 'l‘hessalonicensibus,
1573 3253 1678 3293 nec
1711 3239 1877 3294 minis
1907 3241 1958 3293 in
1990 3254 2110 3294 eam
2143 3240 2469 3294 sententiam
2507 3241 2632 3294 duci
2683 3241 2878 3308 potuit,
2916 3253 2972 3295 ut
3003 3242 3176 3299 Graeci
3209 3247 3399 3314 ejectis
3435 3248 3640 3308 Latinis
3674 3255 3730 3308 in

485 3333 818 3388 deditionem
854 3331 1130 3387 Amuratis
1165 3331 1551 3392 concederent,
1606 3329 1838 3398 ideoque
1873 3345 1903 3384 a
1957 3330 2238 3384 malevolis
2297 3332 2478 3385 acrius
2527 3341 2839 3386 accusatus.
2894 3334 3022 3389 Rem
3080 3338 3330 3405 pluribus
3380 3347 3731 3414 prosequitur

490 3431 631 3484 idem
659 3428 996 3498 Anagnosta,
1030 3426 1215 3496 cujus,
1243 3439 1366 3478 cum
1399 3437 1557 3478 rarus
1589 3425 1660 3479 sit
1686 3439 1784 3477 nec
1820 3421 2076 3476 omnibus
2100 3421 2497 3486 obvius,verba
2534 3421 2661 3477 licet
2690 3424 2986 3494 prolixiora
3024 3427 3112 3482 hic
3151 3441 3442 3500 apponam.

558 3568 745 3630 Οῦτως
784 3561 876 3620 οῦν
907 3568 1038 3636 ἡμῖν
1083 3564 1319 3635 ἔχουσιν,
1349 3565 1473 3617 ὅσαι
1511 3581 1570 3616 τε
1601 3557 1740 3632 ὧραι
1779 3563 1950 3636 μυρία
1985 3565 2051 3616 τὰ

2225 3558 2362 3615 Cum
2395 3562 2578 3630 itaque
2617 3578 2705 3617 res
2739 3574 2942 3620 nostra:
2989 3567 3061 3621 ita
3110 3585 3168 3622 se
3202 3571 3485 3635 haberent,
3526 3586 3578 3630 ct
3612 3579 3732 3633 sin-

489 3659 698 3729 χαλεπὰ
725 3657 970 3726 φέρουσι,
1003 3657 1097 3709 καὶ
1147 3655 1242 3725 τὴν
1292 3655 1567 3724 σωτηρίαν
1621 3655 2048 3725 ἀπαγορεύουσι,

493 3749 660 3801 κακὸν
685 3748 937 3819 ἐξαίφνης
965 3746 1199 3816 ἐπῆλθεν
1229 3746 1440 3820 ἕτερον,
1474 3745 1548 3802 Τὸ
1576 3749 1619 3802 δ’
1645 3745 1713 3817 ἦν
1743 3750 1776 3816 ἡ
1808 3746 1902 3798 τοῦ
1953 3763 2051 3798 κα-

491 3839 585 3897 λοῦ
622 3843 894 3913 ποιμένος,
925 3840 1020 3898 καὶ
1065 3843 1208 3896 κατὰ
1254 3843 1345 3894 τὸν
1393 3841 1609 3910 πρῶτον
1659 3839 1892 3908 ποιμένα
1949 3837 2048 3907 τὴν

486 3935 666 4006 ψυχὴν
697 3935 782 4003 ἐφ’
805 3938 1043 4003 ἑκάστης
1074 3931 1314 4000 ἀφειδῶς
1349 3929 1493 4000 ὑπὲρ
1526 3928 1618 3982 τοῦ
1661 3928 1915 3996 ποιμνίου
1964 3944 2047 3978 τι-

483 4025 694 4090 θέντος,
728 4027 868 4079 κατόι
900 4025 1043 4078 Θείον
1087 4023 1341 4093 βούλημα
1383 4020 1616 4090 τελευτή
1643 4033 1656 4046 ⁸
1679 4020 1734 4070 ὲν
1769 4016 1918 4085 καλῷ
1950 4016 2047 4085 μὲν

481 4117 674 4186 ἐκείνῳ
731 4115 1100 4185 γεγενημένη,
1154 4111 1351 4182 βλάϐος
1400 4110 1445 4164 δ’
1493 4111 1626 4179 ἡμῖν
1674 4106 2048 4174 ὲπενεγκοῦσα

481 4211 640 4271 πολὺ,
695 4209 800 4260 τῶν
852 4208 1064 4260 ἐκείνου
1117 4205 1282 4258 λιτῶν
1321 4204 1456 4274 πρὸς
1491 4203 1626 4256 Θεὸν
1675 4202 2045 4268 στερηυεῖσιν,

481 4297 567 4364 αἷς
597 4298 935 4368 ὲσωζόμεοα.
969 4299 1095 4350 Ὀτι
1128 4298 1183 4350 δὲ
1221 4296 1362 4349 κατὰ
1394 4294 1543 4346 Θείαν
1595 4293 1736 4361 αῦτη
1789 4291 2045 4360 βούλησιν

477 4386 566 4460 ἦν,
599 4392 764 4446 ἄκουε
792 4390 886 4443 τοῦ
917 4388 1180 4459 φανέντος
1207 4386 1285 4457 τῷ
1337 4384 1591 4455 μακαρίῳ
1635 4383 1879 4454 περιόντι
1922 4384 2042 4434 κατ’

477 4481 610 4550 ὄναρ
640 4482 855 4552 ἐκείνῳ.
886 4482 1075 4545 Ἔδοξε
1104 4480 1216 4550 προ
1253 4478 1348 4531 τοῦ
1385 4480 1486 4544 τὴν
1526 4477 1684 4528 πόλιν
1709 4475 1786 4544 τῷ
1823 4474 2044 4543 πολέμῳ

477 4574 747 4645 ληφθῆναι
797 4571 945 4629 οἶκόν
981 4591 1103 4628 τινα
1145 4573 1397 4642 λαμπρδν
1432 4570 1661 4622 εἰσιέναι
1695 4568 1790 4620 καὶ
1817 4583 2043 4635 παμμε-

480 4666 635 4736 γέθη,
689 4666 1048 4736 περισκοπεῖν
1085 4680 1144 4716 τε
1180 4661 1343 4715 αὑτὸν
1385 4659 1529 4713 κατὰ
1561 4659 1747 4728 μέρος,
1788 4657 1882 4712 καὶ
1915 4657 2044 4709 Θαυ-

479 4757 672 4825 μάζειν
703 4757 870 4811 αὑτοῦ
903 4759 965 4809 τό
1003 4772 1063 4808 τε
1093 4755 1287 4816 κάλλος
1323 4755 1419 4805 καὶ
1453 4751 1706 4820 μέγεθος.
1745 4748 1835 4801 Ἐν
1865 4748 2042 4816 τούτῳ

473 4848 520 4900 δ’
545 4848 658 4901 ὄντι
694 4849 876 4918 φωνὴν
905 4847 1108 4914 ἔξωθεν
1142 4845 1450 4914 ἐνεχθῆναι,
1476 4844 1764 4910 λέγουσαν,
1798 4859 1815 4890 ι
1857 4839 1915 4891 '0
1941 4840 2039 4907 μὲν

471 4936 617 5003 οἶκος
643 4935 821 5004 οὗτος,
844 4939 902 4992 οῦ
931 4941 998 4991 τὰ
1033 4939 1157 4992 καθ’
1176 4940 1433 5000 ἕκαστον,
1460 4931 1504 4988 ὦ
1529 4935 1789 4995 δέσποτα,
1816 4932 1891 4994 ὡς
1919 4931 2039 4982 λίαν

471 5032 702 5101 λαμπρὰ
741 5034 837 5084 καὶ
883 5031 1062 5098 ὡραῖα
1109 5029 1411 5098 θαυμάζεις
1459 5025 1796 5097 περιαθρῶν,
1852 5025 2039 5075 πίπτει

476 5122 535 5174 τὸ
561 5124 722 5193 ταχος
747 5138 761 5152 ’
789 5127 882 5174 καὶ
911 5123 996 5176 ἵνα
1034 5121 1108 5190 μή
1157 5137 1217 5172 σε
1263 5117 1478 5188 καλύψῃ
1512 5115 1721 5181 πεσὼν,
1745 5115 1884 5181 ἔξιθι
1913 5113 2040 5168 τού-

469 5232 562 5268 του
590 5218 820 5286 ταχέως.
862 5235 880 5267 )
935 5213 1121 5276 Οῦτως
1167 5207 1315 5282 εἶχεν
1361 5214 1394 5276 ἡ
1445 5212 1568 5278 ὄψις
1598 5227 1610 5239 ·
1641 5210 1731 5261 καὶ
1765 5209 1845 5272 είς
1878 5207 2038 5277 ἔργον

467 5301 602 5378 ἧκεν
631 5310 731 5361 οὐκ
751 5311 832 5368 είς
865 5307 1085 5378 μακράν
1104 5320 1117 5334 '
1153 5307 1357 5367 ἐκεῖνος
1385 5305 1485 5373 μὲν
1511 5304 1641 5371 γὰρ,
1671 5302 1757 5353 ἵνα
1787 5303 2036 5370 ἀναφανῇ

466 5399 698 5464 δίκαιος,
733 5401 833 5454 καὶ
871 5400 977 5452 τῶν
1009 5397 1220 5456 πολλῶν
1252 5397 1349 5465 τῆς
1378 5396 1580 5464 ἀρετῆς
1617 5393 1824 5448 ἐκείνου
1857 5393 2036 5460 καμα-

462 5505 572 5542 των
797 5490 896 5552 τὰς
941 5487 1266 5548 ἀντιδόσεις,
1296 5487 1518 5548 εἰκότως
1571 5483 1735 5544 οὕτω,
1771 5484 1868 5536 καὶ
1931 5482 2036 5551 πρὸ

463 5581 562 5651 τῆς
593 5582 780 5652 κοινῆς
823 5582 1138 5652 συμφορᾶς,
1177 5578 1311 5649 πρὸς
1356 5576 1414 5630 ὃν
1457 5575 1646 5629 ἐπόθει
1680 5574 1883 5645 Κύριον
1919 5573 2036 5638 ἐξε-

461 5671 725 5744 δήμησιν.
752 5675 826 5728 Οὐ
860 5675 965 5747 γὰρ
997 5673 1209 5726 δίκαιον
1243 5667 1404 5723 τοῦτο
1434 5668 1587 5738 παρὰ
1616 5667 1752 5721 Θεοῦ
1787 5667 2032 5738 κέκριτο,

459 5765 724 5826 τοιούτων
758 5767 845 5826 ἵνα
874 5765 1062 5822 κακῶν
1090 5766 1282 5834 πεῖραν
1312 5763 1435 5831 σχῇ,
1467 5763 1564 5815 καὶ
1586 5766 1893 5832 κοινωνήσῃ
1922 5759 2030 5815 τῶν

2156 3653 2282 3722 gula
2317 3661 2592 3708 momenta
2647 3655 2966 3710 innumeras
3015 3673 3182 3727 prope
3233 3676 3404 3716 noxas
3441 3664 3730 3731 inferrent,

2154 3744 2330 3813 deque
2379 3745 2555 3798 salute
2583 3743 3022 3813 desperaremus,
3066 3747 3266 3801 malum
3317 3751 3461 3804 al'ud
3509 3768 3730 3821 repente

2153 3832 2386 3902 irrupit,
2443 3843 2499 3887 et
2558 3835 2874 3888 validiorem
2927 3837 3216 3892 adamante
3273 3841 3515 3895 animum
3575 3846 3732 3915 disji-

2152 3927 2326 3990 ciens,
2377 3927 2500 3980 boui
2563 3927 2771 3981 scilicet
2829 3931 3090 3996 pastoris,
3121 3942 3173 3984 et
3229 3949 3384 4001 reque
3409 3950 3472 3988 ac
3519 3938 3729 4003 primus

2153 4026 2339 4084 pastor
2373 4017 2620 4086 quotidie
2675 4019 2900 4080 profuse
2950 4023 3186 4075 animam
3233 4026 3508 4092 ponentis,
3543 4027 3730 4083 divino

2153 4107 2384 4159 consilio
2417 4108 2621 4172 obitus,
2681 4107 2755 4160 illi
2816 4107 3036 4176 quidem
3093 4111 3367 4167 fortunate
3403 4120 3727 4179 succedens.

2153 4200 2308 4252 nobis
2340 4215 2472 4253 vero
2502 4199 2700 4254 damna
2754 4217 2926 4270 eaque
2983 4203 3218 4272 ingentia
3270 4206 3594 4276 importans,
3633 4213 3728 4281 qui

2149 4291 2294 4345 illius
2323 4292 2390 4346 ad
2434 4292 2599 4347 Deum
2634 4293 2911 4360 precibus,
2945 4295 3150 4364 quibus.
3171 4299 3334 4352 saluti
3360 4309 3560 4354 nostra:
3595 4320 3724 4372 pro-

2150 4384 2455 4449 videbatur,
2522 4385 2822 4453 privamur.
2892 4384 2956 4438 Et
3019 4387 3204 4442 divino
3268 4390 3500 4444 consilio
3570 4395 3723 4448 illum

2149 4476 2440 4540 contigisse
2467 4476 2728 4544 conjicies
2771 4494 2837 4530 ex
2868 4477 2973 4532 illis
3025 4495 3146 4549 qua:
3197 4481 3274 4535 illi
3321 4483 3500 4538 adhuc
3531 4501 3726 4554 super-

2150 4565 2258 4618 stiti
2293 4567 2435 4620 inter
2481 4566 2866 4620 somniandum
2904 4579 3220 4625 evenerant.
3277 4569 3440 4628 Visus
3472 4585 3554 4628 est
3592 4577 3721 4642 sibi,

2149 4667 2440 4725 antequam
2478 4659 2607 4712 urbs
2665 4659 2807 4713 bello
2860 4663 3196 4728 concideret,
3228 4666 3450 4719 domum
3505 4672 3728 4737 praecla-

2150 4763 2264 4800 ram
2295 4759 2348 4803 et
2383 4751 2676 4804 maximam
2737 4755 3006 4820 ingresso,
3065 4756 3310 4826 singulas
3365 4759 3513 4814 illius
3542 4774 3724 4830 partes

2149 4841 2441 4910 inspicere,
2475 4854 2530 4897 et
2558 4845 2777 4911 decora,
2829 4857 2883 4901 et
2936 4850 3362 4917 magnitudinem
3400 4867 3726 4921 magnopere

2095 4947 2113 4966 ‘
2151 4939 2426 4992 demirari.
2463 4937 2559 4994 His
2595 4941 2858 4996 intentum
2893 4959 3076 4998 vocem
3108 4944 3309 5001 deforis
3342 4947 3722 5002 advenientem

2151 5027 2452 5084 inaudisse.
2495 5049 2514 5082 ι
2539 5031 2737 5087 Domus
2763 5034 2896 5099 haec,
2923 5036 3081 5106 cujus
3112 5050 3293 5106 partes
3328 5038 3572 5104 singulas
3602 5039 3722 5093 illu-

2149 5130 2290 5174 εινθε
2357 5130 2519 5191 atque
2577 5135 2834 5180 venustas
2890 5128 3246 5183 considerans
3289 5129 3720 5191 admiraris,ac-

2149 5223 2324 5268 tutum
2356 5217 2628 5282 concidet,
2656 5227 2712 5272 et
2732 5235 2800 5272 ne
2831 5230 2882 5274 te
2909 5236 3008 5274 sua
3042 5222 3196 5273 ruina
3233 5222 3526 5290 Opprimat,
3555 5239 3717 5292 quam

2146 5307 2256 5358 cito
2290 5307 2436 5361 foras
2464 5309 2616 5376 eripe
2649 5319 2721 5363 te.
2754 5329 2773 5362 ›
2810 5311 2996 5365 Visum
3038 5313 3138 5365 hoc
3185 5312 3378 5366 effectu
3412 5329 3517 5367 non
3549 5315 3722 5369 multo

2148 5408 2270 5462 post
2293 5402 2709 5466 comprobatum
2742 5410 2842 5454 est.
2905 5401 2996 5454 Ille
3049 5403 3270 5465 etenim,
3326 5415 3380 5457 ut
3406 5405 3588 5474 justus
3627 5422 3721 5474 ap-

2146 5496 2379 5554 pareret,
2405 5497 2458 5542 et
2484 5490 2700 5544 virtutis
2728 5505 2841 5545 sua:
2873 5491 3168 5546 multorqu
3217 5495 3464 5548 laborum
3499 5499 3718 5563 prmmia

2146 5577 2395 5642 referret,
2428 5582 2530 5646 sic,
2572 5583 2644 5634 uti
2685 5598 2780 5651 par
2809 5593 2926 5636 erat
2966 5593 3020 5639 et
3052 5595 3177 5640 ante
3221 5601 3512 5642 commune
3543 5586 3718 5640 infor-

2146 5671 2360 5724 tunium
2418 5673 2486 5724 ad
2540 5672 2735 5736 Deum,
2771 5690 2934 5744 quem
2987 5685 3271 5748 tantOpcre
3333 5679 3716 5747 concupiverat

2144 5762 2422 5834 migravit.
2457 5762 2646 5834 Neque
2671 5767 2815 5822 enim
2848 5769 3056 5839 justum
3105 5769 3249 5840 apud
3288 5768 3453 5824 Deum
3494 5781 3714 5842 rrpuulo
