4040 6202
378 353 444 418 15
1226 358 1529 419 SYMEON
1570 357 2332 420 THESSALONICENSIS
2375 359 2736 420 ARCIlIEP.
2894 340 2899 343 “
3557 354 3622 416 ιε

379 469 560 535 batur,
622 467 881 523 similium
941 467 1206 521 malorum
1268 484 1390 522 eum
1430 468 1749 538 participem
1803 469 1943 525 ﬁeri.

2053 470 2186 526 ῐσων
2216 472 2350 540 ἡμῖν
2374 485 2387 501 ·
2415 470 2674 538 ἀνόμοιος
2699 468 2808 538 γὰρ
2840 461 2909 536 ἦν
2937 467 3048 529 τοῖς
3073 464 3252 525 ἄλλοις
3283 464 3311 515 ὁ
3338 462 3450 531 βίος
3477 462 3624 515 ὲκεί-

378 560 500 618 Vita
531 562 795 630 siquidem
840 560 985 615 illius
1026 573 1132 613 non
1190 569 1306 613 erat
1352 562 1474 615 aliis
1522 562 1741 626 similis,
1771 571 1824 616 et
1857 577 1947 615 sc-

379 656 524 710 mita:
552 654 798 718 diversa‘,
835 664 891 706 nt
919 668 1041 705 cum
1093 650 1383 707 Salomone
1436 654 1650 722 loquar.
1682 651 1790 707 Nos
1817 668 1945 707 vero

380 746 725 816 improbitate
759 747 918 815 plane
956 746 1164 815 repleti,
1205 748 1256 800 in
1305 745 1736 815 cagitationibus
1763 745 1945 800 cordis

378 838 548 892 nostri
581 836 800 905 pessimi
848 836 1215 899 ambulantes,
1260 845 1318 889 ut
1371 835 1635 891 Jeremias
1668 834 1862 904 inquit,
1892 844 1946 889 et

378 930 599 998 perinde
647 938 809 998 atque
859 930 1116 1000 antiquus
1168 928 1355 995 Israel,
1420 937 1844 993 murmurantes,
1881 943 1915 981 ιι

378 1018 536 1073 nobis
594 1020 897 1084 allubescit,
963 1022 1125 1075 rebus
1181 1035 1287 1073 non
1351 1019 1771 1074 succedentibus
1823 1020 1946 1089 jure

380 1111 577 1165 merito
612 1111 770 1174 mala,
830 1120 883 1164 et
940 1110 1111 1165 solida
1147 1110 1457 1165 calamitate
1518 1121 1846 1173 mactamur,
1889 1120 1944 1165 et

378 1203 473 1256 tali
523 1202 639 1256 viro
693 1201 969 1267 orbamur,
1024 1201 1117 1271 qui
1169 1202 1318 1256 solus
1371 1200 1741 1256 aﬂlictissimis
1793 1201 1946 1256 hisce

382 1294 722 1363 temporibus
765 1302 820 1347 et
869 1292 924 1345 in
980 1294 1144 1347 tantis
1181 1307 1366 1346 rerum
1415 1292 1831 1346 discriminibus
1855 1306 1937 1345 so-

378 1386 566 1440 latium
599 1392 958 1438 remanserat.
1000 1384 1200 1437 Omnes
1243 1381 1511 1451 siquidem
1558 1397 1707 1447 eum,
1754 1382 1830 1436 uti
1862 1382 1943 1434 vi-

380 1478 541 1531 talem
614 1475 669 1529 in
722 1475 879 1528 nobis
947 1473 1260 1527 facultatem
1326 1473 1734 1542 reputabamus,
1800 1474 1945 1527 illius

380 1581 611 1625 mortem
667 1569 1048 1625 tantummodo
1121 1566 1453 1622 ducebamus
1512 1567 1775 1622 adversus
1843 1582 1945 1621 nos

375 1663 695 1732 jnstissimae
732 1660 986 1716 Numinis
1021 1659 1320 1730 punitionis
1369 1660 1675 1713 exordium.
1711 1657 1824 1713 Hoc
1851 1674 1946 1713 eos

2051 580 2167 626 νου,
2195 562 2291 615 καὶ
2332 560 2731 630 ἐξηλλαγμέναι
2772 560 2826 610 αἱ
2862 558 3058 627 τρίϐοι,
3081 556 3141 608 τὸ
3180 554 3523 623 Σολομῶντος
3547 554 3622 606 εί-

2051 656 2170 706 πεῖν
2191 671 2205 684 ·
2241 655 2396 723 ἡμεῖς
2423 652 2480 704 δὲ
2511 652 2712 714 κακίας
2737 650 3001 718 γέμοντες
3033 648 3170 711 ὅλως
3197 648 3290 698 καὶ
3314 646 3493 698 όπίσω
3512 646 3623 698 τῶν

2050 743 2452 813 ἐνθυμημάτων
2515 746 2614 813 τῆς
2678 741 2905 811 καρδίας
2960 739 3123 809 ἡμῶν
3186 737 3287 807 τῆς
3355 738 3617 807 πονηρᾶς.

2049 836 2221 889 Τοῦτο
2254 836 2317 906 δὴ
2348 837 2408 889 τὸ
2448 835 2544 889 τοῦ
2590 835 2886 904 Ἰερεμίου,
2920 833 3279 902 πορευόμενοι
3302 846 3315 862 ’
3348 830 3442 883 καὶ
3479 829 3623 882 κατά

2048 930 2139 983 τὸν
2164 928 2333 982 πάλαι
2357 926 2667 997 γογγυσταὶ
2688 927 3049 995 τυγχάνοντες
3092 923 3332 993 Ἰσραὴλ,
3357 921 3501 975 κατά
3522 922 3621 989 τὴν

2046 1022 2322 1091 ἡμετέραν
2378 1020 2680 1090 ἐπιθυμίαν
2734 1018 3037 1072 ἀπολαύειν
3069 1018 3221 1081 ὅπως
3254 1018 3353 1069 οὐκ
3425 1016 3623 1085 ἔχομεν

2046 1115 2157 1167 τῶν
2192 1113 2561 1183 ⁸νεραγμάτων,
2588 1111 2813 1173 δικαίως
2851 1111 2995 1163 οῦτω
3031 1110 3398 1180 πεπράγαμεν
3432 1109 3626 1161 δυστυο

2048 1208 2305 1277 χέστατα,
2334 1206 2429 1257 καὶ
2462 1203 2656 1257 τούτου
2687 1204 2913 1274 τάνδρὸς
2953 1201 3316 1274 ἐστερήμεθα,
3347 1202 3507 1265 μόνου
3528 1216 3623 1254 πτ-

2052 1295 2421 1366 ριλειφθέντος
2447 1296 2504 1348 ὲν
2529 1294 2787 1359 τοιούτοις
2812 1297 3021 1365 καιροῖς
3062 1295 3156 1347 καὶ
3183 1293 3456 1356 τοσούτοις
3474 1294 3624 1345 ἀνια-

2050 1389 2161 1454 ροῖς
2191 1387 2558 1456 παραμύθιον.
2594 1386 2800 1449 Πάντες
2848 1387 2956 1457 γάρ
2990 1384 3181 1454 ῶσπερ
3228 1383 3350 1437 τινά
3395 1384 3622 1451 δύναμιν

2051 1479 2291 1549 ζωτικὴν
2320 1482 2378 1531 έν
2404 1482 2535 1549 ἡμῖν
2571 1480 2893 1548 ἐνομίζομεν
2940 1477 3152 1539 τοῦτον,
3184 1480 3276 1531 καὶ
3305 1476 3405 1546 τὴν
3433 1476 3623 1527 τελευ-

2047 1569 2147 1640 τὴν
2182 1571 2392 1623 ἐκείνου
2430 1570 2598 1639 μηδὲν
2628 1569 2758 1623 ἄλλο
2791 1569 3035 1639 νομίζειν
3071 1571 3310 1637 εἴχομεν,
3342 1568 3373 1638 ἢ
3407 1570 3504 1636 τῆς
3536 1566 3619 1634 ἐφ’

2048 1660 2197 1728 ἡμᾶς
2253 1659 2344 1711 τοῦ
2408 1657 2541 1711 Θεοῦ
2576 1659 2923 1730 δικαιοτάτης
2972 1658 3219 1720 παιδείας
3272 1652 3382 1710 οἷον
3439 1656 3623 1727 προοίο

380 1754 656 1822 redarguit
698 1752 1061 1822 apertissime,
1129 1752 1221 1822 qui
1280 1751 1502 1821 indigna
1560 1751 1704 1805 dicta
1737 1751 1789 1804 in
1820 1766 1941 1805 eum

2055 1768 2195 1820 μιον.
2227 1747 2399 1803 Τοῦτο
2448 1751 2557 1803 τῶν
2610 1753 2894 1804 κατειπεῖν
2931 1752 3224 1822 ᾑρημένων
3269 1751 3480 1804 ἐκείνου
3528 1767 3624 1802 σα-

381 1848 637 1915 ingerunt
683 1853 737 1899 et
784 1842 1010 1898 infamia
1066 1853 1315 1910 onerant,
1387 1842 1531 1912 quod
1582 1841 1945 1912 proditionem

382 1954 493 1993 non
525 1937 775 2001 suaserit,
810 1946 863 1990 et
890 1934 1037 2003 quod
1081 1949 1174 1989 eos
1210 1934 1449 2004 propriis
1496 1933 1739 1988 consiliis
1782 1934 1946 1989 altius

382 2029 659 2102 quidpiam
714 2026 1039 2082 meditantes
1100 2028 1153 2081 in
1214 2042 1290 2091 se,
1357 2028 1695 2097 represserit.
1742 2026 1950 2096 Opinor

381 2123 633 2192 equidem
673 2135 795 2191 ego,
826 2135 951 2175 cum
985 2118 1144 2173 vellet
1177 2117 1340 2183 Deus,
1392 2128 1451 2172 ut
1495 2120 1747 2173 omnibus
1787 2119 1945 2172 inno-

383 2224 637 2275 tesceret,
671 2212 794 2281 quis
830 2211 913 2265 vir
957 2210 1047 2267 ille
1090 2225 1245 2265 sacer
1299 2218 1530 2267 essetet
1578 2225 1811 2280 quorum
1861 2210 1948 2265 di-

383 2322 543 2380 gnus,
578 2306 671 2374 qui
705 2318 834 2358 vero
878 2317 981 2357 nos
1026 2313 1078 2357 et
1111 2302 1309 2371 quibus
1351 2301 1527 2371 poenis
1556 2303 1798 2369 obnoxii,
1828 2302 1950 2372 qui-

386 2397 489 2449 bus
541 2394 778 2449 miseriis
838 2393 985 2463 juste
1055 2392 1430 2457 excruciandi,
1504 2392 1556 2446 id
1592 2403 1809 2461 propter
1861 2408 1948 2449 res

384 2487 688 2554 utriusque,
736 2485 786 2538 in
836 2498 950 2539 rem
979 2484 1199 2553 utrique
1234 2484 1589 2552 disposuisse.
1624 2484 1809 2552 Itaque
1841 2494 1947 2538 tam

384 2577 504 2631 diro
538 2575 700 2641 malo,
736 2574 883 2628 obitu
914 2589 1105 2643 nempe
1135 2574 1281 2629 illius
1322 2574 1534 2630 adnexo
1588 2584 1644 2629 et
1690 2576 1949 2631 omnibus

386 2667 439 2720 in
484 2664 703 2719 civitate
763 2662 915 2728 viris,
971 2664 1313 2731 mulieribus,
1364 2665 1569 2733 pueris,
1598 2664 1822 2728 Latinis,
1853 2664 1949 2720 Ju-

385 2757 517 2813 dzuis
553 2771 769 2828 quoque
816 2756 950 2826 ipsis
982 2758 1350 2815 miserandum
1383 2758 1438 2811 in
1471 2759 1692 2812 modum
1743 2774 1951 2813 serum-

384 2865 483 2905 nes
520 2850 946 2914 confcrentibus,
978 2859 1033 2903 et
1083 2850 1289 2919 reliqua
1325 2850 1527 2911 omnia.
1565 2867 1687 2920 qua:
1710 2867 1803 2907 eos
1834 2861 1945 2905 tum

388 2942 725 3012 aﬂligebant,
758 2957 787 2995 e
815 2940 1075 2996 memoria
1108 2942 1524 3011 deponcntibus,
1557 2946 1793 3013 pastoris
1832 2954 1950 2998 tau-

384 3042 497 3089 tum
537 3034 896 3103 privationem
931 3033 986 3087 in
1020 3042 1254 3092 mentem
1290 3036 1670 3091 revocantibus
1709 3046 1763 3091 et
1806 3050 1950 3105 saepe

385 3126 583 3196 saepius
623 3125 1043 3196 profer-cutibus,
1091 3129 1598 3199 asserentibusque,
1627 3138 1684 3184 ut
1712 3129 1824 3197 jam
1869 3134 1948 3183 in-

394 3221 515 3284 nui,
556 3229 751 3273 etnon
806 3227 1009 3273 temeto
1056 3219 1430 3287 credentibus,
1497 3221 1759 3275 indicium
1815 3221 1947 3276 illud

385 3328 505 3369 esse
527 3323 593 3366 et»
615 3311 811 3365 divina:
834 3311 1135 3380 punitionis
1162 3321 1216 3367 ct
1244 3312 1514 3367 subsecuti
1545 3312 1762 3377 excidii,
1795 3323 1947 3367 etc...

388 3406 494 3461 Sed
521 3420 645 3459 cum
702 3404 806 3459 buc
864 3404 1230 3474 pervenerim,
1258 3405 1447 3473 paucis
1473 3402 1810 3473 compellabo
1851 3404 1949 3457 bu-

381 3498 494 3567 jus,
537 3497 833 3551 alteriusve
867 3496 1302 3550 insimulatores.
1346 3494 1579 3551 Ubinam
1628 3496 1798 3550 eratis
1832 3510 1947 3562 vos,

384 3604 507 3644 cum
544 3589 657 3643 haec
692 3587 929 3642 Murates
961 3586 1222 3642 oﬂerret?
1260 3585 1450 3640 Nonne
1495 3586 1548 3638 in
1591 3584 1744 3650 urbe,
1773 3595 1827 3640 et
1860 3600 1950 3640 ve-

386 3682 516 3736 stris
545 3696 606 3736 ea
635 3681 858 3733 auribus
890 3678 1233 3748 usurpastis?
1262 3678 1376 3743 Qua
1407 3677 1565 3747 igitur
1593 3680 1806 3732 ratione
1854 3692 1948 3731 co-

386 3774 567 3843 gitatis
598 3773 680 3827 usi
730 3788 835 3824 non
879 3770 1051 3825 estis?
1080 3770 1257 3835 Quare
1290 3769 1357 3823 de
1392 3770 1590 3839 quibus
1624 3769 1760 3824 alios
1791 3769 1947 3823 incu-

388 3867 545 3929 satis,
594 3862 735 3933 quod
796 3878 901 3916 non
957 3861 1202 3925 fecerint,
1235 3876 1332 3916 vos
1368 3861 1469 3931 ipsi
1499 3861 1788 3916 occasione
1829 3878 1950 3931 pre-

388 3963 569 4009 mente
612 3960 669 4004 et
708 3950 861 4004 nullo
910 3948 1241 4019 impediente
1297 3965 1405 4004 nou
1440 3950 1783 4019 perfecistis?
1812 3949 1951 4006 Tum

385 4046 529 4099 enim
548 4052 553 4063 “
583 4042 767 4096 nullus
796 4052 981 4110 pastor
1011 4053 1146 4096 erat.
1188 4042 1430 4113 Namque
1454 4055 1579 4099 ante
1608 4060 1700 4099 sex
1736 4061 1951 4101 menses

387 4138 527 4190 inter
559 4136 707 4189 vivos
750 4150 872 4190 esse
921 4135 1159 4190 desierat
1192 4152 1206 4190 :
1241 4152 1421 4207 neque
1467 4137 1597 4192 dira:
1643 4147 1821 4203 erant,
1856 4154 1953 4192 nec

386 4231 514 4294 alia,
546 4243 666 4298 qua:
694 4244 793 4284 vos
846 4230 1143 4284 recensetis
1191 4236 1244 4283 et
1278 4245 1371 4296 per
1405 4228 1600 4298 digitos
1633 4240 1826 4282 exacte
1852 4245 1951 4282 nu-

388 4322 632 4376 meratis.
663 4319 803 4385 Quid
838 4321 1002 4388 igitur
1056 4319 1211 4372 vobis
1267 4319 1651 4387 impedimento
1682 4321 1826 4373 fuit?
1858 4332 1952 4375 aut

387 4413 546 4482 cujus
581 4426 720 4479 opus
757 4410 1021 4463 eventus?
1049 4408 1285 4471 Nullius,
1313 4409 1539 4478 quilibet
1571 4413 1949 4480 respondebit,

2056 1842 2325 1910 φέστατος
2375 1841 2618 1911 ἐλεγχος,
2670 1844 2763 1894 καὶ
2815 1843 2941 1904 τοὺς
2989 1843 3205 1895 ἀδικίαν
3255 1841 3377 1893 κατ’
3412 1841 3621 1893 ἐκείνου

2050 1932 2368 1996 λαλοῦντας,
2401 1934 2484 1987 ὅτι
2524 1934 2600 2004 μὴ
2648 1934 2938 2003 προδμσίαν
2986 1934 3308 2003 ἐσκέψαντο,
3345 1933 3479 2003 μηδὲ
3511 1931 3620 1984 τῶν

2052 2026 2204 2093 σφίσι
2238 2024 2538 2079 δοκούντων
2587 2026 2864 2088 συνιέντας
2901 2025 3199 2095 βαθύτερον
3231 2026 3454 2086 ¹ἐνδίκως
3497 2025 3621 2077 έπι-

2051 2115 2298 2185 στομίζει
2319 2131 2333 2145 ’
2374 2112 2529 2186 οἶμαι
2560 2120 2669 2187 γὰρ
2696 2118 2827 2186 ἐγὼ,
2880 2118 3050 2183 δεῖξαι
3094 2117 3373 2187 βουληθεὶς
3403 2118 3430 2183 ό
3464 2115 3620 2179 Θεὸς,

2048 2204 2160 2271 οἷος
2206 2209 2305 2278 μὲν
2329 2211 2356 2262 ό
2387 2210 2530 2279 ίερὺς
2565 2211 2769 2273 ἐκεῖνος
2805 2211 2965 2281 ἀνὴρ,
3003 2212 3095 2265 καὶ
3130 2212 3292 2263 τίνων
3344 2211 3491 2276 ἄξιος
3531 2205 3620 2280 ἦν,

2050 2296 2152 2354 οἶοι
2181 2302 2225 2355 δ’
2250 2303 2433 2372 ἡμεῖς,
2458 2303 2555 2355 καὶ
2607 2303 2762 2365 τίνας
2795 2305 3203 2375 εἰσπραχθῆναι
3237 2304 3390 2365 δίκας
3422 2304 3623 2355 δίκαιοι

2049 2390 2212 2464 ἦμεν,
2240 2394 2327 2446 διὰ
2359 2395 2516 2447 τοῦτο
2544 2396 2611 2448 τὰ
2639 2394 2766 2449 καθ’
2791 2397 3051 2467 ἑκάτερον
3090 2400 3254 2468 μέρος
3286 2397 3455 2458 οῦτως
3489 2394 3625 2466 ᾠκο-

2050 2484 2254 2554 νόμησε
2282 2487 2691 2555 συμφερόντως.
2710 2488 2914 2541 Τούτου
2945 2484 3037 2541 οῦν
3062 2489 3155 2540 τοῦ
3192 2487 3392 2555 δεινοῦ,
3412 2488 3509 2555 τῆς
3536 2503 3625 2543 τε·

2051 2577 2243 2647 λευτῆς
2296 2578 2507 2629 ἐκείνου
2560 2582 2727 2647 φημὶ,
2758 2580 3216 2648 προστεθειμένου
3262 2583 3371 2641 τοῖς
3417 2580 3615 2639 ἄλλοις,

2052 2670 2144 2721 καὶ
2167 2669 2385 2722 πάντων
2406 2668 2514 2721 τῶν
2544 2670 2600 2722 ὲν
2629 2672 2695 2740 τῇ
2731 2670 2885 2723 πόλει
2915 2671 3146 2739 ἀνδρῶν,
3171 2670 3463 2738 γυναικῶν,
3496 2669 3622 2721 παί-

2050 2758 2176 2823 δων,
2206 2758 2449 2812 Λατίνων
2480 2775 2538 2811 τε
2568 2759 2662 2811 καὶ
2691 2760 2870 2811 αὐτῶν
2908 2759 3185 2812 Ἰουδαίων
3204 2759 3447 2821 ἐλεεινῶς
3483 2760 3619 2830 πρὸς

2051 2850 2309 2919 ἀλλήλους
2340 2850 2746 2920 διομιλούντων,
2776 2852 2867 2905 καὶ
2904 2852 2971 2904 τά
3002 2852 3101 2920 μὲν
3130 2850 3242 2906 ἀλλ’
3264 2852 3363 2905 ὅσα
3396 2852 3618 2917 τούτους

2049 2942 2237 3004 ἐπίεζε
2273 2942 2517 3012 δηλονότὶ
2564 2946 2628 3011 τῇ
2668 2942 2806 3016 λήθῃ
2856 2944 3367 3013 παραπεμπόντων,
3395 2944 3493 3017 τὴν
3524 2944 3618 2997 τοῦ

2051 3034 2313 3103 ποιμένος
2343 3033 2402 3085 δὲ
2451 3035 2710 3104 στέρησιν
2762 3035 2853 3087 έπὶ
2894 3035 3019 3089 νοῦν
3068 3035 3476 3103 λαμϐανόντων,
3525 3037 3622 3090 καὶ

2055 3124 2293 3194 συνεχῶς
2344 3125 2755 3195 προφερόντων,
2780 3127 2877 3197 τῆς
2926 3127 3020 3180 τοῦ
3056 3128 3190 3181 Θεοῦ
3236 3146 3294 3181 τε
3348 3130 3619 3194 παιδείας,

2050 3218 2125 3281 ὡς
2184 3216 2456 3287 προύφην,
2506 3219 2601 3271 καὶ
2646 3218 2743 3288 τῆς
2789 3219 3165 3289 γεγενημένης
3206 3219 3479 3287 ἁλώσεως,
3526 3222 3621 3274 καὶ

2051 3312 2316 3380 λεγόντων
2345 3312 2568 3379 σημεῖον
2585 3309 2760 3375 τοῦτο,
2787 3312 2879 3363 καὶ
2899 3311 3338 3369 πιστευόντων...
3362 3312 3427 3366 Ει
3456 3313 3617 3369 infra:

2065 3405 2205 3460 Ἀλλ’
2232 3404 2466 3457 ἐνταῦθα
2500 3404 2695 3476 μικρὸν
2725 3406 2995 3477 ἐρήσομαι
3022 3411 3150 3469 τοὺς
3178 3408 3620 3479 κατηγοροῦντας

2052 3500 2145 3553 τοῦ
2177 3500 2367 3565 δεῖνος,
2396 3504 2491 3555 καλ⁸
2532 3502 2630 3571 τῆς
2675 3502 2868 3565 δεῖνος.
2917 3501 3026 3555 Ποῦ
3058 3503 3178 3557 ποθ’
3206 3506 3363 3575 ὑμεῖς
3396 3502 3512 3577 ἦτε,
3541 3507 3622 3560 ὅθ’

2052 3592 2080 3644 ὁ
2118 3593 2411 3663 Μουράτης
2441 3595 2508 3646 τά
2542 3593 2767 3648 τοιαῦτα
2809 3597 3077 3665 ὑπέσχετο
3102 3613 3117 3663 ;
3146 3598 3261 3651 Οὐκ
3288 3600 3343 3650 ἐν
3373 3602 3437 3669 τῇ
3469 3600 3621 3653 πόλει

2053 3685 2147 3738 καὶ
2180 3684 2441 3754 αὐτήκοοι
2467 3686 2576 3739 τῶν
2600 3690 3027 3757 κηρυττομένων
3050 3706 3063 3753 ;
3090 3692 3209 3754 Πῶς
3231 3688 3324 3745 οῦν
3342 3692 3439 3745 οὐκ
3460 3693 3623 3761 ἐχρή-

2056 3777 2224 3829 σασθε
2258 3776 2334 3845 τῷ
2360 3776 2607 3848 λογισμῷ
2630 3796 2643 3843 ς
2670 3779 2791 3841 Πῶς
2822 3779 2857 3833 ἀ
2887 3780 3184 3835 διανοεῖσθε
3216 3783 3316 3836 οὐκ
3348 3783 3427 3846 είς
3450 3786 3623 3853 πέρας

2052 3869 2324 3938 ἡγάγετε;
2352 3870 2477 3933 Πῶς
2502 3871 2537 3923 ἀ
2567 3872 2673 3924 τῶν
2706 3872 2884 3925 ἄλλων
2911 3876 3270 3943 κατηγορεῖτε
3304 3876 3381 3945 μὴ
3409 3892 3622 3947 πεπρα-

2053 3961 2245 4030 Χότωνυ
2274 3962 2428 4031 ὑμεῖς
2461 3963 2560 4013 οὒκ
2613 3962 2910 4031 ἐπράξατε,
2949 3965 3143 4035 καιροῦ
3184 3967 3492 4033 καλοῦντος,
3529 3970 3622 4022 καὶ

2053 4054 2161 4106 τῶν
2187 4053 2567 4121 ἀπειργόντων
2613 4054 2713 4105 οὐκ
2747 4054 2957 4122 δντωνς
2991 4056 3113 4108 τότε
3144 4057 3249 4126 γὰρ
3284 4060 3488 4130 ποιμὴν
3523 4062 3621 4113 οὐκ

2052 4141 2119 4215 ἦν
2142 4160 2155 4174 ο
2197 4144 2373 4213 μῆνας
2407 4143 2517 4213 γὰρ
2569 4141 2717 4213 εἶχεν
2766 4144 2824 4211 ἓξ
2862 4147 3155 4215 γενόμενος
3186 4148 3244 4213 ἐξ
3279 4150 3582 4221 ἀνθρώπων
3606 4170 3619 4184 ·

2054 4236 2176 4287 οὐδὲ
2242 4236 2393 4305 ἀραὶ,
2418 4234 2527 4287 οὐδ’
2561 4234 2641 4287 ὄσ’
2664 4235 2807 4301 ἕτερ’
2839 4237 3230 4308 ἀπαριθμεῖτε.
3255 4240 3320 4291 Τί
3352 4242 3537 4296 λοιπὸν
3562 4245 3624 4298 τὸ

2055 4327 2306 4381 κωλῦσαν
2347 4330 2492 4397 ἡμᾶς
2519 4323 2609 4398 ἦν,
2628 4328 2665 4398 ἢ
2692 4328 2840 4392 τίνος
2876 4332 3054 4400 ἔργον,
3084 4334 3186 4386 ὅσα
3231 4333 3620 4405 συμϐέϐηκενς

2057 4420 2278 4482 Οέδενὸς
2324 4422 2431 4482 πᾶς
2476 4438 2561 4483 τις
2608 4422 2673 4473 ἀν
2713 4420 2857 4473 εἴποι
2903 4421 3257 4494 λογιζόμενος
3292 4428 3552 4490 εὐσεϐῶς,
3590 4430 3622 4496 ἢ

389 4508 475 4574 pie
504 4518 620 4556 rem
679 4510 1025 4567 computans,
1088 4515 1251 4568 quam
1318 4508 1518 4554 nostra:
1560 4500 1946 4569 improbitatis,

2056 4513 2157 4581 τῆς
2186 4513 2342 4582 ήμῶν
2377 4513 2653 4582 ἁμαρτίας
2682 4514 2911 4569 ἑκάστου
2936 4515 3029 4569 τὸν
3056 4518 3322 4587 ἀόργητον
3351 4520 3430 4580 εἰς
3455 4520 3623 4589 ὀργὴν

388 4610 512 4664 qua:
551 4593 618 4646 ab
656 4591 934 4645 iracundia
986 4592 1214 4645 liberum
1270 4593 1436 4645 Deum
1505 4592 1559 4646 in
1609 4595 1947 4650 iracundiam

389 4686 557 4741 movit
581 4693 632 4738 et
686 4687 748 4737 ad
800 4684 969 4736 nOstri
1003 4683 1360 4752 punitionem,
1414 4684 1506 4753 qui
1543 4686 1843 4741 incorrectc
1878 4689 1953 4741 la-

392 4783 595 4845 bimur,
626 4778 902 4839 excitavit,
957 4785 1016 4830 ut
1059 4778 1123 4831 ad
1172 4777 1537 4846 nosmetipsos
1570 4779 1861 4833 redeuntes
1898 4784 1950 4832 in

389 4882 664 4943 posterum
698 4871 994 4938 sapiamus.
1040 4868 1197 4934 Quod
1234 4869 1279 4923 si
1327 4869 1449 4938 quis
1481 4880 1605 4923 ante
1648 4880 1767 4923 acta
1818 4883 1951 4924 tem-

387 4977 519 5033 pora
564 4975 997 5016 commemorans
1029 4961 1222 5013 iterum
1269 4958 1426 5013 nobis
1465 4970 1721 5029 Opponat,
1762 4971 1816 5015 et
1852 4960 1953 5015 Pa-

391 5054 523 5109 βίοι-ἰ
564 5066 783 5106 causam
816 5051 1091 5119 appingat,
1134 5051 1227 5117 qui
1279 5051 1476 5105 dedere
1523 5066 1581 5106 se
1616 5054 1947 5119 volentibus,

389 5147 551 5205 etiam
593 5143 860 5199 sententia
888 5142 1033 5197 dicta
1063 5140 1415 5204 contradixit.
1449 5144 1773 5198 insanientis
1806 5146 1952 5216 cogi-

392 5240 626 5292 tationes
657 5236 907 5304 suscipit.
940 5233 1184 5289 Primum
1216 5234 1365 5289 enim
1415 5250 1522 5289 non
1569 5237 1795 5291 addecet
1824 5254 1956 5307 pnn-

389 5329 585 5383 titicem
641 5342 823 5381 rerum
884 5327 1198 5381 militarium
1256 5326 1400 5395 jura,
1434 5337 1486 5381 et
1537 5328 1681 5381 hunc
1732 5328 1953 5398 quidem

392 5430 742 5488 tyrannorum
786 5434 935 5473 more
970 5419 1273 5488 principatu
1307 5420 1528 5487 pellere,
1575 5420 1725 5473 illum
1762 5431 1954 5476 contra

392 5515 446 5567 in
485 5514 884 5583 possessionem
912 5511 1230 5578 immittere,
1262 5521 1314 5567 et
1342 5515 1705 5567 mutationum
1758 5525 1810 5568 et
1845 5532 1953 5569 cae-

388 5606 561 5667 dium,
592 5618 803 5657 necnon
827 5603 1173 5665 damnorum,
1225 5619 1347 5672 qua:
1380 5605 1509 5657 dum
1539 5620 1726 5658 rerum
1781 5616 1955 5661 status

390 5696 730 5756 immutatnr,
758 5690 1034 5756 eveniunt,
1067 5702 1348 5747 auctorem
1403 5708 1545 5748 esse.
1586 5692 1774 5764 Neque
1804 5698 1949 5750 enim

387 5796 500 5852 ipse
548 5782 600 5835 in
653 5779 1018 5852 tyrannicum,
1074 5781 1166 5836 sed
1227 5781 1279 5834 in
1336 5781 1676 5836 sacerdomle
1718 5790 1769 5836 et
1809 5782 1955 5838 mitis

2057 4605 2179 4658 καθ’
2222 4608 2378 4674 ἡμῶν
2425 4607 2748 4675 κινησάσης,
2793 4608 3042 4661 παιδείαν
3093 4611 3225 4677 ἡμῖν
3280 4612 3623 4679 ἐπενεγκεῖν,

2058 4698 2339 4749 πταίουσιν
2390 4697 2713 4766 ἀδιόρθωτα,
2770 4701 2856 4753 ἵνα
2910 4701 3041 4767 γοῦν
3082 4704 3292 4756 ἑαυτῶν
3340 4707 3625 4774 γενόμενοι

2059 4791 2148 4840 καὶ
2194 4789 2287 4842 τοῦ
2327 4788 2517 4842 λοιποῦ
2569 4791 3014 4860 σωφρονίσωμεν.
3070 4794 3132 4845 Εἰ
3160 4795 3213 4847 δέ
3245 4813 3327 4858 τις
3355 4798 3462 4849 τῶν
3496 4797 3623 4863 πρὶν

2056 4880 2525 4950 ἀπομνημονεύων
2559 4882 2787 4950 χρόνων,
2820 4884 2913 4935 καὶ
2965 4885 3127 4938 πάλιν
3182 4888 3313 4955 ἡμῖν
3347 4888 3619 4957 ἀντιλέγῃ.

2058 4970 2150 5021 καὶ
2179 4970 2254 5037 τῷ
2286 4972 2508 5037 ποιμένι
2535 4972 2631 5039 τὴν
2663 4972 2842 5022 αἰτίαν
2877 4975 3078 5043 ἐπάγῃ,
3114 4979 3228 5036 τοῖς
3266 4977 3620 5045 προδεδόσθαι

2059 5058 2302 5111 ἐθέλουσι
2338 5060 2412 5126 μὴ
2449 5060 2514 5111 τά
2552 5061 2640 5111 ῐσα
2669 5062 3023 5131 φρονήσαντι,
3058 5066 3150 5117 καὶ
3181 5064 3621 5133 βουλευσαμένῳ,

2061 5152 2365 5221 μεμηνότος
2389 5148 2563 5220 οἶμαι,
2609 5153 2872 5221 κέκτηται
2919 5156 3234 5227 λογισμούς.
3265 5157 3486 5219 Πρῶτον
3528 5158 3627 5228 μὲν

2058 5243 2167 5311 γὰρ
2198 5244 2257 5294 οὐ
2290 5242 2388 5295 τοῦ
2440 5245 2720 5314 σχήματος
2755 5245 2850 5300 τοῦ
2901 5250 3202 5320 ἀρχιερέως
3242 5250 3629 5318 στρατηγικῶν

2060 5337 2402 5405 πραγμάτων
2441 5338 2964 5408 ἀντιλαμβάνεσθαι,
2994 5344 3088 5394 καὶ
3120 5345 3210 5395 τὸν
3251 5342 3349 5410 μὲν
3375 5358 3627 5411 τυραννι-

2059 5428 2168 5489 κῶς
2227 5427 2451 5492 ἐξωθεῖν
2510 5430 2608 5499 τῆς
2660 5432 2859 5503 ἀρχῆς,
2908 5436 3000 5486 τὸν
3030 5434 3085 5486 δὲ
3117 5434 3484 5501 ἀντεισάγειν,
3536 5438 3629 5490 καὶ

2059 5518 2425 5584 πραγμάτων,
2462 5519 2556 5571 καὶ
2587 5520 2770 5588 φόνου,
2796 5539 2887 5575 και
2929 5522 3165 5592 ζημιῶν,
3192 5524 3397 5578 τούτων
3424 5525 3490 5594 δὴ
3518 5525 3629 5579 τῶν

2059 5608 2117 5658 ὲν
2150 5611 2266 5667 ταῖς
2293 5608 2613 5676 ἐναλλαγαῖς
2648 5614 2755 5665 τῶν
2782 5614 2965 5683 ἀρχῶν
2995 5615 3427 5682 συμϐαινόντων,
3459 5618 3629 5672 αἴτιον

2058 5698 2394 5753 δείκνυσθαι.
2423 5702 2496 5754 Oti
2533 5705 2640 5772 γὰρ
2674 5704 2767 5755 ἐπὶ
2804 5704 2993 5773 θρόνον
3018 5707 3183 5761 αὐτὸν
3210 5708 3506 5774 καθίζουσι
3540 5727 3627 5765 τυ-

2065 5791 2335 5859 ραννικὸν,
2362 5791 2474 5844 ἀλλ’
2510 5795 2600 5846 ἐπὶ
2647 5794 2834 5864 θρόνον
2883 5797 3177 5865 ίερατικδν,
3228 5804 3322 5854 καὶ
3357 5803 3627 5855 Δεσπότου
