4040 6202
408 373 474 437 17
1699 380 1968 442 NOTlTl.

2072 380 2363 442 lLTERA.
3580 379 3645 443 18

399 489 623 561 πραέος,
669 489 760 542 καὶ
790 490 1018 560 εἰρήνην
1052 492 1384 558 διδάξαντος,
1422 495 1517 548 καὶ
1561 495 1640 548 δεῖ
1675 497 1866 550 τοῦτον
1901 499 1964 549 ἐκ

2072 499 2309 564 Domini,
2369 507 2425 554 et
2480 501 2572 569 qui
2629 513 2813 569 pacem
2851 500 3260 567 deprazdicavit,
3296 501 3454 571 cujus
3481 501 3644 555 vcsti-

399 582 600 642 παντὸς
653 583 858 652 τρόπου
909 585 1214 652 μιμεῖσθαι,
1264 589 1357 640 καὶ
1406 588 1584 656 λόγοις
1645 589 1738 642 καὶ
1785 590 1968 658 πράγ-

403 690 587 740 μασιν.
647 673 880 727 Ἔπειτα
931 674 985 727 τι
1031 675 1181 729 ἐστιν
1215 677 1353 747 ὅπερ
1391 677 1684 746 εἷργαστος
1726 678 1808 731 ὅτι
1859 679 1970 740 τοῖς

402 761 496 814 τοῦ
544 761 681 815 Θεοῦ
718 762 908 832 νόμοις
941 747 1202 835 ἐμμένειν
1248 766 1504 838 παρῄνει,
1534 767 1628 820 καὶ
1671 768 1770 838 τὴν
1817 767 1970 821 εὗσέ-

397 852 550 906 6ειαν
585 853 936 907 συνεϐούλευε
985 857 1060 926 μὴ
1104 857 1369 926 προέσθαι
1395 875 1408 923 ;
1439 859 1520 912 ὅτι
1558 859 1633 930 μὴ
1683 859 1971 925 κατεξανι-

401 945 630 999 στασοαι
661 946 772 1000 τῶν
809 947 1114 1017 ἀρχόντων,
1159 949 1295 1003 ἀλλὰ
1349 950 1594 1014 τούτους,
1633 951 1708 1015 ὡς
1738 953 1802 1006 ἐκ
1829 951 1966 1004 Θεοῦ

400 1037 834 1107 προϐληθέντας,
867 1038 1116 1092 ἐδίδασκε
1157 1041 1447 1111 στέργεινς
1484 1043 1594 1098 Καὶ
1626 1044 1676 1096 τί
1729 1061 1792 1112 γε
1843 1044 1970 1097 ἄλλο

397 1129 686 1196 προσῆκεν
717 1129 914 1198 ἐκείνῳ
961 1128 1140 1198 ψυχὰς
1196 1131 1499 1201 ἀνθρώπων
1545 1135 1681 1204 πρὸς
1709 1135 1846 1188 Θεοῦ
1881 1152 1972 1189 πι-

395 1217 714 1282 στευθέντις
746 1218 940 1287 Ὅμως
972 1220 1179 1282 ἐκεῖνος
1229 1220 1323 1274 καὶ
1353 1220 1525 1286 οὕτως
1554 1221 1696 1292 ἔχων
1727 1223 1812 1292 ἐφ’
1839 1225 1968 1278 ἑκά-

397 1324 528 1361 στου
581 1311 774 1380 σχεδὸν
818 1311 972 1375 ἔτους
1007 1312 1164 1381 ἠξίου
1199 1312 1299 1386 τὴν
1351 1315 1508 1368 πόλιν
1543 1316 1835 1370 ἀπολιπεῖν
1873 1319 1970 1371 καὶ

395 1403 534 1472 πρὸς
581 1404 684 1472 τὴν
735 1403 1112 1474 ὲνεγκαμένην
1160 1405 1455 1473 γενέσθαιο
1511 1407 1642 1470 ἴσως
1693 1409 1758 1462 ἵν’
1807 1410 1969 1479 ἡμεῖς

395 1493 538 1563 ὑπὲρ
561 1493 774 1546 ἑαυτῶν
797 1495 1158 1563 φρονήσωμεν
1177 1510 1190 1525 '
1219 1493 1336 1546 ἀλλ’
1361 1493 1472 1546 οὐδ’
1492 1494 1665 1559 οὕτως
1689 1497 1966 1566 ὴνὲχεσθε.

394 1584 555 1639 Οὕτω
582 1584 812 1653 γνώμης
857 1583 1006 1647 τινὲς
1057 1586 1432 1655 τετυχήκεσαν
1479 1585 1618 1654 πρὸς
1651 1587 1762 1639 πᾶν
1789 1586 1968 1639 ὁτιοῦν

395 1675 463 1728 τὸ
519 1675 750 1744 τρεπτδν
793 1677 1157 1745 κεκτημένης,
1211 1677 1307 1730 καὶ
1365 1677 1970 1749 συμμεταϐαλλομένης

2075 592 2178 660 giis
2219 591 2473 646 insistere
2533 592 2708 646 modis
2765 592 3023 646 omnibus
3078 600 3132 647 et
3183 593 3326 647 dicta
3389 593 3642 661 factaque

2074 683 2231 750 sequi
2289 683 2484 746 debet,
2541 683 2738 736 solium
2791 693 3163 752 promovetur.
3225 683 3484 749 Deinceps
3511 683 3642 752 quid

2075 772 2164 826 ille
2184 773 2407 828 molitus
2434 773 2562 828 est?
2605 774 2684 826 An
2726 773 2872 843 quod
2934 773 2986 828 in
3037 774 3246 842 legibus
3293 773 3491 827 divinis
3521 788 3643 842 per-

2072 865 2273 919 durare
2332 864 2762 920 adhortabatur?
2797 866 2912 920 Non
2969 881 3000 920 a
3058 866 3392 934 principibus
3440 866 3642 919 (lescis-o

2073 955 2329 1023 cendum,
2368 970 2506 1024 quos
2554 957 2715 1011 veluti
2749 972 2776 1009 a
2823 957 2932 1011 Deo
2993 965 3273 1025 promotos
3316 957 3643 1009 exosculan-

2071 1045 2200 1100 dum
2233 1061 2354 1101 esse
2384 1047 2744 1102 docebat?Et
2793 1055 2976 1103 tamen
3032 1049 3083 1103 in
3136 1048 3281 1101 aliud
3325 1048 3645 1102 incun‘nbcn-

2073 1139 2201 1192 dum
2231 1148 2372 1203 erat,
2403 1141 2490 1192 cui
2539 1139 2847 1193 mortalium
2909 1141 3106 1194 animae
3153 1155 3246 1209 per
3279 1139 3443 1193 Deum
3485 1145 3645 1191 erant

2071 1226 2420 1282 concreditae.
2451 1227 2826 1282 Nihilominus
2862 1228 2952 1282 ille
3002 1228 3108 1283 hoc
3154 1228 3315 1282 modo
3345 1227 3643 1296 dispositus

2073 1316 2184 1372 fere
2212 1318 2446 1386 singulis
2475 1319 2634 1372 annis
2674 1319 2743 1372 ab
2787 1320 2921 1374 urbe
2966 1319 3218 1374 recedere
3258 1319 3470 1372 volebat
3495 1327 3549 1372 et
3587 1317 3639 1370 iu

2071 1412 2298 1478 patriam
2327 1413 2548 1477 reverti,
2611 1412 2750 1467 forte
2794 1424 2850 1468 ut
2882 1428 2983 1469 nos
3021 1424 3203 1469 nostra
3231 1427 3637 1468 accuraremus.

2071 1499 2178 1555 Sed
2211 1516 2386 1570 neque
2419 1503 2518 1556 hac
2553 1503 2761 1558 ratione
2807 1503 2957 1572 passi
2994 1505 3144 1558 estis.
3183 1502 3257 1560 lta
3295 1511 3474 1558 mente
3504 1517 3639 1557 non.

2071 1592 2203 1646 nulli
2233 1593 2444 1662 praediti
2483 1603 2630 1656 sunt,
2673 1612 2795 1664 qua:
2822 1610 2946 1650 cum
2981 1596 3224 1666 quolibet
3282 1595 3640 1650 mutationem

2070 1685 2324 1741 subiente
2345 1701 2466 1742 sese
2497 1688 2749 1742 immutat
2779 1697 2835 1742 et
2869 1687 3066 1742 variat.

398 1769 519 1828 τοῖς
548 1768 758 1836 καιροῖς
787 1766 880 1820 καὶ
911 1769 1024 1829 τοῖς
1057 1769 1399 1838 πράγμασιν.

471 1899 565 1956 llis
597 1901 880 1972 Symeonis
905 1905 1210 1963 certissima
1244 1915 1488 1977 tempora
1521 1917 1696 1964 teneo.
1723 1907 1892 1979 Capta
1920 1916 2004 1964 est
2039 1906 2428 1964 Thessalonica
2459 1924 2604 1965 anno
2637 1908 2850 1965 Domini
2889 1908 3047 1973 1450,
3080 1907 3256 1963 Martii
3289 1909 3375 1962 die
3405 1922 3547 1960 noua
3587 1911 3643 1961 et

393 1987 674 2053 vicesima,
701 1988 938 2060 Symeon
977 2005 1006 2046 e
1037 1994 1177 2047 vivis
1211 2004 1528 2049 excesserat
1555 2005 1682 2050 ante
1709 2011 1805 2050 sex
1841 2010 2079 2060 menses,
2115 2011 2244 2065 ergo
2295 1997 2583 2065 praeterito.
2601 1995 2931 2065 Septembri,
2965 1997 3056 2066 qui
3091 1997 3299 2065 primus
3325 1997 3450 2048 anni
3481 1995 3634 2048 Grie-

392 2089 586 2128 corum
611 2079 1003 2146 supputatione
1037 2089 1374 2137 numeratur.
1403 2080 1544 2152 Ergo
1599 2082 1705 2137 sub
1735 2080 1944 2138 Joanne
1966 2081 2229 2140 Manuclis
2253 2084 2365 2138 lilio
2410 2083 2657 2138 Manuele
2711 2085 2848 2153 ipso,
2879 2099 3088 2138 necnon
3125 2083 3332 2138 Joanne
3361 2082 3638 2138 Cautacu-

397 2177 534 2216 leno
562 2162 732 2217 vitam
760 2163 891 2235 egit.

1454 2689 1964 2786 NOTITIA
2089 2687 2596 2778 ALTERA.

1283 2935 1496 3001 (Fabric.
1539 2935 1771 2990 Biblioth.
1810 2937 1895 2990 Gr.
1923 2939 2002 2990 ed.
2028 2937 2246 2999 Harles.,
2281 2942 2399 2988 tom.
2425 2935 2508 2999 Xl,
2532 2951 2581 3001 p.
2606 2937 2739 2990 528.)

457 3359 712 3426 Simeon,
743 3353 1250 3412 Thessalonicensis
1278 3353 1728 3427 archiepiscopus
1755 3356 1858 3428 (a),
1890 3363 2047 3412 sexto
2069 3369 2259 3412 mense
2279 3363 2407 3411 ante
2429 3363 2646 3426 captam
2681 3369 2711 3408 a
2743 3353 2952 3408 Murate
2980 3368 3030 3409 a.
3056 3353 3120 3410 C.
3152 3356 3308 3422 1450,
3329 3356 3400 3411 29
3427 3354 3634 3424 Martii,

385 3447 844 3506 Thessalonicam
881 3444 955 3517 (b)
995 3443 1306 3506 defunctus,
1339 3444 1491 3497 varia
1545 3444 1789 3514 scripsit,
1841 3445 2043 3515 quibus
2091 3453 2147 3499 et
2199 3445 2340 3502 ritus
2388 3451 2443 3499 et
2477 3444 2730 3515 dogmata
2776 3441 3036 3498 Ecclesiae
3095 3443 3298 3500 Grzncaa
3343 3445 3638 3501 illustravit

392 3536 716 3606 insigniter,
751 3541 805 3588 et
826 3532 1158 3603 oppugnavit
1185 3529 1436 3586 Latinos.
1460 3531 1650 3602 Itaque
1681 3531 1802 3586 Nic.
1838 3529 2178 3596 Comnenus,
2211 3530 2436 3586 Gracus
2465 3530 2610 3594 licet,
2659 3529 2978 3584 Latinorum
3022 3541 3389 3602 propugnator
3428 3535 3636 3587 acerri-

386 3638 539 3688 mus,
573 3637 630 3690 p.
653 3621 762 3676 215
795 3619 1032 3674 Ρταξιιοι.
1063 3627 1322 3690 mystag.,
1351 3617 1663 3682 Simeonem
1687 3619 1824 3672 inter
1850 3618 2142 3673 Photianos
2169 3635 2275 3673 non
2301 3619 2578 3673 Pltotiana’
2600 3618 2759 3687 plane
2784 3619 3102 3688 ignorantia:
3131 3622 3441 3690 participem
3463 3623 3634 3674 virum

389 3709 654 3778 appellat,
687 3716 738 3762 et
768 3709 821 3760 ni
851 3706 1162 3771 desipuisset
1187 3707 1242 3760 in
1267 3706 1628 3776 dogmatibus,
1661 3707 1860 3760 nemini
1896 3707 2244 3761 recentiorum
2275 3705 2632 3774 theologorum
2666 3708 2946 3784 imparem.
2980 3705 3198 3778 (Fabr.)
3251 3708 3414 3762 Conf.
3459 3707 3632 3762 llenr.

395 3793 674 3850 Wharton
705 3803 759 3850 et
786 3792 928 3849 Rob.
957 3792 1156 3850 Gerius
1178 3792 1243 3847 ad
1279 3791 1443 3848 Cavei
1480 3791 1624 3846 Hist.
1653 3790 1822 3849 litter.
1857 3793 1918 3849 S.
1954 3793 2017 3849 S.
2050 3792 2201 3847 Eccl.
2248 3803 2382 3848 tom.
2425 3793 2492 3860 ll,
2527 3809 2582 3862 p.
2615 3793 2716 3848 115
2743 3809 2887 3862 scq.;
2921 3807 3154 3864 uterque
3201 3797 3336 3851 citat
3369 3797 3634 3865 quosdam

391 3881 590 3948 eodd.;
651 3883 796 3953 prior
827 3890 1011 3938 autem
1057 3879 1295 3950 scripsit,
1326 3878 1466 3934 Sim.
1498 3876 1745 3932 Tbessal.
1776 3876 2038 3933 claruisse
2063 3893 2115 3932 a.
2149 3878 2290 3932 mo
2319 3887 2373 3934 et
2405 3878 2607 3935 obiisse
2640 3895 2694 3934 a.
2724 3880 2888 3947 1429,
2931 3897 3120 3937 mense
3152 3884 3325 3952 Sept.,
3356 3899 3448 3938 sex
3479 3899 3636 3938 meu-

387 3970 555 4026 sibus
603 3979 728 4024 ante
765 3966 1211 4024 Thessalonicam
1256 3965 1324 4020 ab
1366 3964 1627 4019 Amurate
1682 3963 1880 4018 iterum
1941 3974 2351 4035 expugnatam:
2402 3966 2675 4035 posterior
2722 3977 2908 4022 autem
2944 3970 3149 4038 prodit,
3201 3985 3326 4024 eum
3369 3971 3636 4027 claruisse

389 4074 449 4113 a.
481 4056 647 4121 1M8,
673 4063 730 4112 et
755 4057 864 4111 vita
888 4053 1196 4111 decessisse
1220 4052 1385 4122 paulo
1408 4062 1538 4106 ante
1557 4061 1768 4128 captam
1793 4065 1950 4106 suam
1980 4051 2332 4121 metropolin,
2357 4067 2409 4106 a.
2440 4052 2602 4106 N50.
2625 4081 2690 4095 -—
2713 4052 2917 4106 Oudin.
2945 4052 3242 4109 Comment.
3267 4057 3331 4110 de
3352 4056 3454 4112 SS.
3486 4057 3633 4109 Eccl.

395 4157 536 4200 tom.
557 4144 646 4209 Ill,
669 4159 726 4214 p.
749 4141 895 4197 2242
925 4155 1046 4212 seq.
1068 4140 1137 4195 ad
1175 4154 1227 4194 a.
1265 4137 1428 4202 Nlo,
1459 4137 1552 4206 qui
1589 4136 1796 4194 multus
1826 4146 1907 4193 est
1939 4137 2006 4194 de
2034 4144 2213 4203 aetate,
2253 4137 2602 4206 potissimum
2643 4137 2712 4192 de
2775 4138 3002 4208 scriptis
3043 4141 3350 4211 horumque
3381 4142 3540 4195 codd.
3582 4151 3637 4194 ct

388 4248 463 4288 ex
494 4231 623 4288 aliis
655 4231 926 4302 pracipue
955 4226 1248 4285 Lambeeio
1275 4233 1329 4281 et
1354 4223 1536 4281 Goaro
1554 4224 1724 4280 multa
1757 4224 2067 4296 exscripsit.
2089 4255 2160 4267 —
2189 4227 2520 4298 Hamberger
2541 4226 2860 4282 Zuoerlteu.
2899 4227 3102 4286 Nachr.
3158 4240 3293 4287 tom.
3322 4229 3412 4296 IV,
3434 4246 3488 4300 p.
3524 4230 3636 4286 682

394 4334 547 4389 seq.,
580 4318 648 4374 ad
674 4333 724 4371 a.
760 4316 958 4372 mortis
987 4312 1148 4381 1429,
1175 4321 1230 4370 et
1259 4312 1460 4369 Saxius
1487 4311 1544 4366 in
1583 4309 1774 4367 Onam.
1804 4312 1910 4368 litt.
1942 4321 2082 4383 part.
2115 4328 2178 4381 tt,
2214 4329 2268 4385 p.
2302 4313 2408 4371 590
2441 4329 2559 4384 seq.
2582 4315 2705 4385 qui,
2737 4329 2864 4374 eum
2905 4327 3184 4374 mortuum
3215 4334 3339 4374 esse
3376 4333 3428 4372 a.
3467 4319 3632 4383 M30.

393 4406 622 4478 adjecit.
647 4404 855 4478 (Harl.)

467 4517 524 4572 1.
568 4516 911 4586 Praecipuum
939 4516 1060 4587 ejus
1097 4528 1239 4588 opus
1266 4520 1353 4572 est
1395 4511 1476 4570 De
1497 4513 1623 4583 ﬁde,
1659 4513 1852 4568 ritibus
1894 4519 1948 4567 et
1999 4513 2268 4582 mysteriis
2299 4513 2696 4580 ecclesiasticis,
2728 4516 2874 4586 quod
2921 4523 3193 4589 integrum
3234 4516 3422 4574 Graece
3457 4517 3636 4573 lucem

395 4602 534 4659 vidit
553 4601 720 4660 Jassii
751 4605 807 4658 in
840 4603 1107 4658 Holdavia
1124 4617 1182 4657 a.
1221 4601 1361 4656 1683
1399 4599 1522 4668 lol.,
1548 4610 1774 4655 curante
1798 4598 2084 4662 Dositheo,
2119 4596 2434 4665 patriarcha
2473 4596 2994 4670 Hierosolymitano,
3036 4607 3091 4653 et
3122 4599 3323 4653 merito
3382 4601 3640 4656 laudatur

403 4690 476 4744 ab
501 4689 569 4745 ﬂ.
603 4690 914 4747 Whartono
945 4689 1000 4744 in
1039 4687 1302 4744 Auctario
1341 4685 1587 4742 historiae
1621 4686 1938 4757 dogmaticae
1976 4683 2190 4740 Usserii
2223 4685 2291 4738 de
2323 4683 2626 4753 Scripturis
2672 4695 2728 4738 et
2777 4686 2952 4740 sacris
2981 4685 3294 4740 vernaculis
3327 4702 3382 4756 p.
3418 4688 3558 4751 440;
3588 4698 3642 4742 et

403 4777 567 4834 Rich.
599 4777 824 4834 Simone
848 4779 904 4834 in
929 4775 1069 4834 Bibl.
1100 4775 1330 4842 Selecta,
1361 4783 1492 4830 tom.
1517 4774 1560 4838 Ι,
1588 4789 1706 4845 cap.
1740 4774 1832 4840 29,
1861 4789 1984 4846 pag.
2007 4772 2112 4827 257
2171 4785 2291 4840 seq.
2325 4769 2546 4840 (Fabr.)
2580 4769 2864 4829 Fabricius
2882 4782 3067 4830 uoster
3098 4773 3240 4828 infra
3273 4775 3328 4829 in
3358 4776 3466 4830 vol.
3496 4773 3638 4839 XIV,

396 4881 454 4932 p.
485 4864 558 4920 49
589 4879 708 4935 seq.
739 4873 852 4919 vet.
883 4865 976 4919 ed.
1008 4862 1287 4919 Simeonis
1325 4861 1706 4918 Thessalonic.
1738 4859 1888 4932 Opus
1917 4861 2375 4928 ecclesiasticum,
2409 4861 2554 4931 quod
2590 4861 2856 4917 beneﬁcio
2904 4861 3332 4928 Maurocordati,
3382 4862 3640 4933 ﬂungaro

393 4948 703 5006 Walachiaa
734 4950 1020 5021 principis,
1053 4956 1367 5020 acceperat,
1416 4947 1661 5004 curatius
1691 4955 1746 5003 et
1793 4949 2018 5003 uberius
2062 4946 2376 5019 descripsit,
2421 4957 2477 5001 et
2520 4947 2758 5018 capitum
2793 4949 2910 5018 ejus
2959 4951 3250 5006 elenchum
3302 4958 3356 5004 et
3387 4950 3635 5018 quaedam

391 5038 707 5108 specimina
740 5036 912 5093 dedit.
951 5035 1249 5108 Auspiciis,
1273 5036 1428 5102 ait,et
1456 5044 1675 5105 sumptu
1702 5034 1928 5090 Joannis
1957 5036 2136 5102 ducis,
2166 5035 2354 5090 labore
2375 5034 2602 5090 Joannis
2633 5034 2876 5100 Molibdi,
2914 5036 3314 5100 Heracleensis,
3339 5051 3630 5100 excusum,

388 5127 589 5184 Graece
613 5125 794 5183 lucem
827 5125 966 5181 vidit
995 5123 1159 5182 Jassii
1181 5123 1240 5180 in
1264 5122 1530 5180 Moldavia
1563 5140 1615 5180 a.
1642 5123 1901 5180 1685101.
1934 5139 1967 5178 ο

2100 5123 2372 5180 Simeonis
2395 5125 2498 5180 hoc
2519 5124 2680 5179 titulo
2706 5142 2719 5178 :
2757 5124 2984 5193 Συμεὼν
3009 5125 3103 5177 τοῦ
3131 5123 3411 5193 μακαρίου
3443 5128 3634 5194 ἀρχιε-

389 5215 674 5272 πισκόπου
700 5215 1106 5285 Θεσσαλονίκης
1125 5213 1268 5268 κατά
1296 5213 1581 5284 αἱρέσεων,
1615 5222 1664 5268 et
1695 5221 1885 5268 cratera
1915 5229 1968 5281 qi

2072 5213 2124 5265 in
2163 5213 2334 5279 fronte
2370 5211 2544 5278 operis
2571 5211 2717 5279 infra
2752 5211 3017 5281 leguntur.

464 5441 846 5517 (_a)l_ilugenius
869 5443 1248 5517 Nomophylalt
1273 5445 1331 5501 in
1358 5443 1653 5516 Synodico,
1680 5445 1962 5517 Dominica
2068 5444 2322 5517 Allatius.
2367 5447 2749 5517 Deconsemu
2799 5445 3071 5517 utriusque
3110 5443 3383 5517 Ecclesiaﬁ
3413 5463 3467 5516 p.
3504 5445 3635 5502 865.

385 5514 742 5586 orthodoxia:
776 5515 849 5586 Ain
905 5513 1142 5572 ecclesia
1197 5513 1676 5586 Thessalonicensi
1740 5514 1961 5586 recitari
2067 5513 2121 5586 ls
2153 5516 2376 5586 est,qui
2412 5516 2680 5571 [siderum
2716 5515 2769 5568 in
2811 5515 3281 5586 archiepiscopatu
3338 5513 3635 5572 Thessalo-

389 5581 792 5654 solitogapud
852 5586 1152 5650 Allatium,
1210 5585 1287 5638 De
1339 5584 1673 5640 Simeom'bus
1726 5584 1960 5654 (supra),
2073 5585 2284 5654 nicensj
2304 5581 2630 5640 antecessit.

389 5651 496 5724 ubi
553 5651 899 5724 celebrantur
951 5655 1353 5710 Thessalonica:
1409 5651 1821 5724 archiepiscopi
1857 5653 1960 5708 lsi-
2068 5719 2110 5724 _
2138 5653 2212 5724 (b)
2245 5651 2483 5708 Joannes
2515 5655 2849 5722 Anagnosta.
2900 5654 2954 5709 in
2997 5653 3322 5710 Narratione
3355 5657 3423 5709 de
3471 5663 3630 5724 capta

386 5723 594 5799 dorus,
649 5722 926 5799 Gabriel,__
954 5724 1236 5799 Sime_on_,_
1269 5723 1564 5799 Gregorius
1596 5719 1671 5799 et
1717 5719 1957 5799 Niphon.
2067 5719 2480 5792 Thessalonica,
2512 5725 2566 5779 in
2598 5719 2781 5781 Allatii
2815 5724 3144 5796 Symmictis,
3179 5739 3231 5794 p.
3288 5723 3394 5779 5J6
3417 5733 3467 5780 et
3502 5719 3632 5779 53b.

395 5788 585 5844 Etiam
607 5793 844 5850 senioris
873 5788 1146 5851 Simeonis
1175 5788 1682 5852 Thessalonicensis
1707 5788 1959 5850 meminit
