4040 6202
360 374 433 445 23
988 389 1295 452 SYMEON
1332 374 2105 451 ITHESSALO‘NICENSIS
2144 376 2511 448 ARCHIEP.
2544 411 2615 424 --
2645 376 2996 447 NOTITIA.
3559 384 3632 448 2i

432 503 486 557 7.
519 502 630 558 Τοῦ
657 504 826 560 αὐτοῦ
851 508 982 574 περὶ
1022 488 1100 562 ὧν
1136 506 1521 579 καινοτομοῦσι
1574 508 1796 561 Λατῖνοι
1832 508 1935 578 (1).
1978 506 2027 561 D

2030 524 2057 561 e
2098 507 2190 572 iis,
2230 508 2375 562 circa
2408 522 2526 576 quae
2558 505 2743 560 Latini
2773 506 3049 560 innovant.
3084 490 3147 555 P.
3174 500 3400 573 Πρῶτον
3431 501 3532 571 μὶν
3560 505 3622 559 τὸ

361 588 493 660 περὶ
521 591 620 662 τὴν
648 592 835 707 nhscw
861 595 1269 665 ἀποσφαλῆναι,
1302 596 1397 649 καὶ
1429 594 1754 666 προσθήκην
1788 594 1961 648 θεῖναι
1990 593 2071 665 τῷ
2105 594 2386 665 ἱερωτάτῳ
2419 593 2701 665 Συμϐόλῳ.

426 697 482 753 8.
512 697 769 769 EjusdeTn
793 703 951 772 plura
986 704 1303 761 referuntur
1327 703 1399 760 ad
1426 704 1575 775 leges
1596 713 1654 760 et
1675 718 1912 760 canones
1942 703 2274 773 pertinentia
2298 716 2329 756 a
2358 701 2608 757 Manuele
2637 700 2845 757 Malaxa
2881 700 2936 755 in
2964 699 3383 757 Nomocanone.

432 812 486 868 9.
521 813 775 872 Canones
812 816 976 873 etiam
998 829 1055 875 et
1087 819 1319 889 hymnos
1344 819 1398 873 in
1423 826 1644 875 sanctos
1674 816 2027 888 composuiss

2025 832 2074 882 e,
2124 831 2191 872 ex
2227 816 2473 886 Eugenio
2511 816 2710 887 colligo
2748 832 2764 870 :
2800 817 2914 870 Καὶ
2943 816 3110 887 ᾠδαῖς
3158 817 3331 887 ἱεραῖς
3356 816 3486 880 τοὺς
3512 817 3620 871 τῶν

363 901 535 969 ἁγίων
572 906 791 971 χοροὺς,
824 907 922 959 καὶ
946 906 1161 959 οἴκοθεν
1185 904 1650 976 καταστέψαντος,
1677 899 1753 961 ὧν
1777 908 1867 959 τὸν
1901 904 1955 974 βε

2044 903 2313 974 ἐζήλωσε,
2346 905 2444 958 καὶ
2470 905 2713 975 διήνυσε.
2747 902 2814 957 Et
2832 904 3004 957 sacris
3035 904 3282 958 cantibus
3316 913 3622 959 sanctorum

362 989 567 1055 choros,
598 1001 645 1044 et
673 1006 739 1043 ea:
767 993 995 1061 propriis
1022 994 1318 1059 exornavit,
1342 1009 1569 1064 quorum
1603 995 1765 1048 vitam
1789 991 2075 1047 (cumulatus
2103 991 2350 1061 confecit.
2384 990 2587 1047 Horum
2635 998 2817 1046 tamen
2856 990 2972 1060 ipse
3000 989 3137 1045 nihil
3160 989 3291 1046 vidi.
3343 989 3621 1046 Hactenus

357 1074 619 1131 Allatius.
655 1076 861 1148 (Faba)
901 1078 968 1133 ν.
996 1080 1122 1135 cod.
1144 1079 1378 1135 Vindob.
1416 1080 1569 1135 citat.
1598 1096 1653 1135 n.
1683 1080 1714 1133 7
1741 1087 1797 1135 et
1825 1080 1881 1135 8.
1908 1078 2121 1151 (Harl.)

429 1188 449 1260 [
484 1187 541 1243 In
574 1199 684 1246 cat.
714 1191 877 1247 codd.
911 1191 1007 1247 Gr.
1031 1191 1264 1247 Nanian.
1296 1204 1359 1262 p.
1390 1192 1514 1261 151,
1548 1210 1605 1248 n.
1642 1196 1699 1250 ‘7.
1721 1194 1845 1256 cod,
1903 1183 1993 1258 74,
2024 1193 2270 1249 citantur
2313 1190 2588 1249 Simeonis
2639 1182 2969 1247 Thessalon.
3007 1189 3217 1257 Oratio,
3262 1200 3385 1261 qna:
3439 1198 3621 1247 tamen

358 1283 638 1332 auctorem
670 1278 831 1333 habet
860 1279 1172 1335 Simeonem
1204 1279 1465 1336 Mamant.
1499 1281 1579 1352 (2)
1608 1289 1663 1337 et
1700 1291 1863 1350 supra
1897 1290 2221 1336 numeratur
2247 1296 2302 1335 n.
2326 1281 2434 1343 25;
2466 1290 2519 1334 et
2548 1295 2603 1349 p.
2631 1279 2753 1334 I52.
2782 1278 2935 1345 Opus
2974 1279 3155 1348 cjusd.
3191 1276 3329 1333 Sim.
3360 1278 3525 1334 Mam.
3552 1310 3623 1322 —

360 1365 497 1419 Sim.
531 1363 781 1422 Thessal.
811 1365 1001 1423 Oratio
1028 1369 1085 1422 in
1115 1369 1535 1438 Assumptionem
1560 1370 1769 1435 Μαι-ξω,
1795 1370 1970 1425 Paris.
2001 1370 2057 1425 in
2084 1367 2217 1424 bibl.
2245 1369 2395 1439 publ.
2426 1366 2560 1422 Cod.
2587 1366 2713 1432 987,
2746 1382 2802 1421 n.
2825 1367 2878 1421 7.
2916 1364 3163 1437 (Harl.)]
3280 1402 3285 1407 -

432 1476 521 1532 10.
556 1473 827 1533 Simeonis
869 1476 1376 1535 Thessalonicensis
1404 1478 1699 1535 Chronicon
1729 1494 1836 1535 ms.
1866 1480 1923 1534 in
1957 1480 2264 1551 Philippica
2309 1479 2440 1549 imp.
2480 1477 2665 1535 laudat
2693 1480 2937 1550 Cangius
2984 1482 3037 1536 in
3072 1480 3349 1557 Glossario
3408 1476 3619 1541 Greco,

360 1579 418 1632 p.
443 1562 602 1629 1606,
629 1566 732 1620 nisi
778 1566 977 1622 calami
1030 1581 1215 1623 errore
1246 1564 1791 1624 Thessalonicensem
1826 1572 2029 1639 posuit,
2079 1570 2245 1637 atque
2287 1564 2553 1621 intellexit
2615 1566 2927 1622 Chronicon
2981 1565 3259 1621 Simeonis
3316 1565 3627 1635 Logothetaa

361 1650 507 1717 quod
530 1649 979 1720 frequentissime
1011 1654 1145 1708 citat
1179 1652 1332 1719 alibi,
1373 1662 1435 1709 ut
1456 1653 1511 1708 in
1540 1654 1674 1710 diss.
1707 1656 1783 1711 De
1817 1655 2109 1721 hebdomo,
2140 1671 2266 1726 pag.
2300 1652 2577 1719 128,129.
2605 1654 2730 1718 153,
2774 1646 2877 1711 154
2908 1673 2925 1722 ;
2955 1664 3010 1711 et
3038 1656 3186 1711 notis
3235 1654 3302 1709 ad
3355 1654 3624 1709 Zonaram

360 1750 419 1807 p.
444 1736 536 1804 28,
575 1739 666 1804 55,
694 1739 783 1805 70,
812 1748 868 1795 et
894 1740 961 1795 ‘79
987 1756 1001 1806 ;
1035 1750 1089 1796 et
1115 1741 1169 1795 in
1202 1740 1518 1811 Appendicc
1546 1742 1613 1797 ad
1640 1742 1889 1799 Glossar.
1922 1758 1955 1814 p

2028 1744 2067 1810 l,
2092 1744 2148 1809 5,
2178 1742 2233 1808 0,
2260 1742 2311 1806 7,
2338 1741 2430 1807 22,
2458 1741 2551 1805 23,
2578 1742 2669 1807 36,
2702 1742 2794 1807 45,
2837 1743 2928 1804 56,
2956 1742 3049 1807 57,
3077 1743 3171 1807 58,
3230 1742 3320 1804 59,
3384 1740 3472 1806 72,
3534 1740 3623 1803 74,

363 1823 454 1889 75,
482 1825 577 1891 83,
610 1826 702 1890 84,
727 1826 817 1893 86,
840 1827 932 1892 90,
954 1827 1045 1890 92,
1079 1828 1204 1894 100,
1240 1828 1518 1893 101,105,
1554 1829 1680 1895 106,
1721 1829 1845 1897 ΜΟ,
1881 1831 1958 1885 HI

2045 1831 2169 1897 1η,
2210 1830 2335 1895 Hii,
2365 1837 2474 1885 etc.
2510 1828 2586 1884 De
2614 1829 2717 1884 hoc
2741 1829 2853 1884 dixi
2888 1830 2991 1885 vol.
3019 1828 3109 1895 Vl,
3152 1845 3207 1900 p.
3254 1826 3360 1884 552
3406 1836 3462 1883 et
3498 1828 3621 1882 158.

361 1913 437 1984 ls.
472 1916 581 1972 vol.
603 1914 721 1984 VII,
751 1933 808 1989 p.
833 1918 934 1973 471
956 1934 1039 1988 sq.
1067 1927 1123 1975 et
1164 1935 1221 1989 p.
1247 1918 1353 1975 685
1373 1934 1459 1990 sq.
1485 1918 1573 1975 ed.
1597 1917 1773 1992 nom],
1805 1920 1899 1976 ubi
1919 1921 2085 1977 etiam
2118 1920 2186 1974 de
2212 1916 2448 1973 Historia
2479 1913 2736 1971 chronica
2766 1916 2945 1972 adhuc
2966 1916 3149 1972 itidem
3175 1915 3379 1971 inedita
3406 1914 3621 1969 Simeo-

358 2002 450 2059 nls
511 2003 661 2059 Sethi
720 2005 904 2074 lingua
940 2005 1257 2062 Graecorum
1315 2008 1548 2076 vulgari,
1598 2007 1665 2063 ab
1694 2008 1909 2081 origine
1953 2006 2147 2065 mundi
2176 2004 2243 2061 ad
2270 2004 2559 2076 imperium
2599 2018 2775 2077 usque
2804 2004 3151 2062 Constantini
3182 2005 3365 2072 Ducze,
3410 2002 3480 2058 de
3504 2017 3611 2072 qua

359 2090 523 2160 paulo
572 2102 699 2149 ante
747 2094 817 2149 de‘
857 2092 1114 2149 Simeone
1156 2095 1341 2162 Setho,
1362 2110 1418 2150 n.
1443 2095 1495 2150 7.

426 2310 497 2391 [υ
526 2312 619 2391 ξεί
644 2328 793 2391 caput
825 2326 1117 2391 vicesimum
1142 2326 1256 2391 libri
1280 2330 1460 2380 Contra
1492 2330 1718 2385 hereses.
1743 2333 1881 2383 Εοιτ.

430 2380 500 2440 (2)
525 2383 622 2432 Seu
647 2380 921 2443 Ju’niorem,
938 2386 1036 2445 jam
1060 2401 1085 2435 a
1120 2389 1262 2438 nobis
1295 2380 1996 2447 recusumﬂtomTCXX:'Enrr
