4040 6202
329 354 403 417 35

1180 328 1559 393 SYMEONIS
1596 318 2352 386 THESSALONICENSIS
2388 317 2733 378 ARCHIEP.

3502 318 3585 377 ‘36

342 463 558 520 facilior
588 460 692 515 erit
718 466 771 512 et
800 454 1008 517 utilior,
1043 461 1096 504 et
1125 449 1191 502 ab
1221 460 1286 500 eo
1319 443 1446 512 quid
1477 437 1773 500 commodi,
1801 436 1909 490 Deo
1938 452 1965 507 Α

2048 452 2074 487 ε
2102 433 2231 504 ὑμῖν
2263 432 2357 483 καὶ
2382 433 2494 490 τοῖς
2535 408 2719 491 ἄλλοις
2751 424 2997 494 ἀδελφοῖς
3028 426 3057 476 6
3085 425 3243 494 λόγος
3272 424 3353 479 ἂν·
3371 426 3456 493 εῖη
3493 426 3588 478 καὶ

334 557 574 620 volente,
614 551 842 606 forsitan
880 542 1209 616 pereipietis.

935 719 1294 781 CLERICUS.

412 830 568 884 Sient
593 826 701 895 jam
737 821 909 892 prius,
936 818 1161 873 Domine
1196 825 1410 883 sancte,
1444 816 1512 870 de
1540 807 1915 884 spirituaiibus

338 920 645 987 divinisque
676 917 842 969 rebus
879 921 950 976 te,
987 921 1045 964 ut
1074 918 1321 983 nostrum
1347 908 1400 961 in
1432 905 1637 974 Spiritu
1697 902 1913 956 Patrem

340 1010 818 1078 interrogaviinus,
853 1006 924 1059 ita
952 1014 1006 1057 et
1033 1015 1175 1055 nunc
1208 1001 1275 1055 ad
1330 999 1475 1053 hunc
1530 998 1691 1051 ﬁnem
1748 991 1919 1046 conli-

341 1106 530 1160 deuter
555 1099 888 1155 accedimus.
914 1094 1050 1160 Quia
1084 1108 1213 1161 ergo
1263 1092 1315 1144 in
1382 1089 1649 1143 charitate
1711 1081 1917 1138 Christi

344 1208 624 1251 sermones
657 1199 871 1244 nostros
904 1188 1085 1241 animo
1114 1194 1339 1253 paterno
1368 1180 1593 1249 accipis,
1622 1191 1749 1233 ecce
1774 1188 1921 1229 nunc

344 1303 560 1358 quoque
607 1282 934 1337 tidurialiier
988 1279 1040 1331 in
1083 1276 1300 1331 Christo
1344 1275 1770 1341 interrOgamus.
1808 1265 1920 1321 Nos

343 1379 561 1449 quidem
612 1370 906 1429 Christiani
960 1378 1107 1423 recte
1153 1368 1432 1421 credimus
1489 1365 1544 1417 in
1599 1361 1767 1415 Deum
1817 1357 1922 1410 Pa-

346 1480 480 1525 trem
510 1478 564 1523 et
589 1465 783 1520 Filium
820 1475 873 1527 et
894 1462 1151 1531 Spiritum
1169 1469 1418 1513 sanctum
1442 1471 1458 1523 ;
1482 1466 1726 1508 sanctam
1746 1449 1924 1503 Trini-

348 1567 512 1613 tatem
550 1557 909 1625 praedicamus
960 1551 1261 1605 secundum
1334 1544 1645 1614 Seripturas
1703 1542 1755 1596 in
1818 1556 1923 1593 una

347 1652 584 1707 essentia
613 1657 666 1702 et
696 1647 914 1709 deitate,
959 1656 1171 1697 necnon
1210 1640 1434 1703 Christi,
1464 1639 1625 1691 unius
1640 1634 1925 1688 Trinitatis

350 1754 615 1811 personae,
648 1737 740 1791 Dei
765 1734 944 1795 Verbi,
982 1748 1048 1786 ex
1112 1730 1328 1799 Virgine
1384 1730 1437 1781 in
1484 1725 1684 1795 Spiritu
1738 1730 1927 1776 sancto

2012 524 2480 592 λυσιτελέστερος,
2499 522 2564 572 ὲκ
2596 518 2786 571 τούτου
2817 534 2877 570 τε
2902 516 3034 579 ἴσως
3066 510 3397 585 βουλομένου
3426 513 3588 583 Θεοῦ,

2014 621 2107 675 καί
2141 637 2193 673 τι
2227 615 2513 689 ἐπωφελές
2547 614 3012 685 προσγενήσεται.

2616 706 2998 762 ΚΛΗΡΙΚΟΣ.

2103 807 2296 875 Ἡμεῖς
2320 801 2693 873 θαρρούντως,
2730 799 2854 867 ἆγιε
2886 797 3152 862 Δέσποτα,
3191 796 3320 867 περὶ
3350 795 3426 849 ὣν
3464 796 3591 867 ἐζη-

2017 902 2267 969 τήσαμεν
2300 892 2692 961 πνευματικῶν
2718 908 2776 944 τε
2809 890 2907 943 καὶ
2932 888 3115 952 θείων,
3159 888 3256 951 τάς
3288 889 3586 957 ἐρωτήσεις

2019 985 2399 1058 ἐποιησάμεθα
2462 985 2540 1047 ὡς
2593 981 2730 1051 πρὸς
2774 980 2988 1050 πατέρα
3012 978 3172 1049 ἡμῶν
3202 981 3259 1031 ἐν
3288 978 3588 1046 Πνεύματι,

2020 1081 2116 1134 καὶ
2150 1078 2286 1148 πρὸς
2334 1077 2494 1129 τοῦτο
2546 1076 2641 1127 νῦν
2673 1075 2749 1137 ὡς
2782 1075 2874 1126 καὶ
2919 1074 3110 1127 ἄλλοτε
3167 1073 3400 1142 ἥκομεν.
3442 1070 3594 1124 Ἐπεὶ

2020 1172 2113 1225 οῦν
2147 1172 2204 1224 ἐν
2238 1170 2431 1241 ἀγάπῃ
2479 1165 2721 1236 Χριστοῦ
2751 1167 2879 1229 τοὺς
2906 1166 3099 1233 λόγους
3126 1164 3286 1235 ήμῶν
3317 1165 3445 1234 δέχῃ
3493 1181 3595 1215 πα-

2022 1264 2248 1335 τρικῶς,
2282 1266 2340 1318 ἐν
2380 1261 2602 1332 Χριστῷ
2665 1260 2963 1331 προθύμως
3008 1262 3103 1313 καί⁸
3137 1260 3290 1313 αὐτοὶ
3316 1260 3417 1321 τάς
3459 1260 3594 1328 ἐρω-

2022 1359 2209 1426 τήσεις
2234 1356 2343 1409 ἰδοὺ
2366 1354 2693 1424 ποιούμεθα.
2729 1354 2914 1424 Ἠμῶν
2944 1352 3044 1422 μὲν
3062 1355 3143 1414 είς
3161 1352 3293 1404 Θεὸν
3313 1353 3598 1403 πιστευόν-

2024 1468 2133 1504 των
2167 1449 2344 1520 ὀρθῶς
2379 1448 2489 1501 τῶν
2541 1446 2899 1515 χριστιανῶν,
2930 1446 3024 1499 καὶ
3060 1444 3304 1514 Πατέρα,
3343 1443 3471 1495 Υίὸν
3502 1444 3598 1495 καί⁵

2028 1543 2189 1612 ἆγιον
2221 1542 2467 1612 Πνεῦμα,
2496 1540 2596 1611 τὴν
2631 1541 2796 1607 ἁγίαν
2822 1537 3029 1609 Τριάδα
3056 1538 3200 1590 κατά
3241 1537 3340 1599 τὰς
3376 1536 3600 1605 Γραφάς

2028 1636 2419 1705 κηρυσσόντων
2444 1634 2501 1686 ἐν
2534 1634 2633 1703 μιᾷ
2679 1631 2838 1702 οὐσίᾳ
2858 1647 2917 1683 τε
2954 1631 3051 1682 καὶ⁵
3080 1629 3324 1699 θεότητι,
3358 1627 3453 1680 τοῦ
3484 1628 3601 1689 ἑνός

2029 1745 2091 1780 τε
2143 1728 2245 1796 τῆς
2300 1726 2531 1796 Τριάδος
2564 1723 2803 1796 Χριστοῦ
2856 1723 2950 1777 τοῦ
2981 1721 3118 1776 Θεοῦ
3156 1722 3355 1790 Λόγου,
3389 1720 3489 1792 τὴν
3538 1721 3601 1772 ἐκ

350 1833 807 1892 incarnationem,
838 1834 893 1881 et
924 1827 1204 1880 veritatem
1242 1837 1305 1874 ex
1340 1821 1519 1871 anima
1566 1815 1923 1877 conﬁtemur;
1961 1799 1965 1849 Ι

2048 1814 2311 1885 Τιαρθένου
2361 1815 2418 1866 ἐν
2470 1812 2613 1883 ἁγίῳ
2663 1813 2947 1882 Πνεύματι
3002 1812 3306 1880 σάρκωσιν,
3356 1811 3451 1866 καὶ
3500 1811 3599 1879 τὴν

351 1926 443 1980 sed
477 1923 809 1993 cuminulta:
835 1919 945 1973 sint
991 1917 1278 1985 Opiniones
1329 1921 1439 1964 tam
1498 1918 1709 1962 veteres
1758 1918 1925 1974 quam

355 2026 624 2079 recentes,
651 2029 771 2083 qua:
798 2027 937 2065 vera:
974 2013 1098 2062 huic
1138 2006 1259 2060 ﬁdei
1310 2014 1511 2058 nostra:
1548 2001 1927 2060 adversentur,

349 2113 622 2183 quomodo
647 2110 731 2163 Vel
758 2106 1001 2161 intldeles
1028 2100 1471 2172 persuadebimus
1496 2096 1575 2149 vel
1600 2090 1930 2146 inﬁrmiores

353 2182 802 2260 conﬁrmabimus
862 2196 946 2251 vel
1006 2199 1217 2264 singula
1256 2190 1706 2257 interrogantinm
1765 2182 1930 2236 dubia

353 2297 628 2352 solvenius
654 2331 669 2355 ,
700 2305 825 2345 cum
864 2289 975 2357 jam
1004 2296 1060 2339 ut
1098 2284 1387 2337 reddamus
1437 2280 1702 2332 rationem
1753 2274 1821 2327 de
1866 2286 1929 2326 ea

354 2402 476 2458 «pia:
504 2392 588 2439 est
613 2382 669 2436 in
700 2377 858 2434 nobis
889 2393 986 2447 spe
1014 2378 1190 2431 edocti
1224 2371 1532 2426 fuerimus?

434 2561 701 2631 Pontifex.
736 2557 997 2613 Veritatis
1025 2551 1357 2625 pradicatio,
1378 2548 1567 2608 frater,
1619 2556 1669 2598 et
1717 2540 1932 2613 pietatis

360 2654 655 2715 confessio,
693 2659 821 2706 ante
853 2648 1039 2702 omnia
1070 2644 1227 2700 nobis
1258 2640 1677 2700 estnecessaria,
1702 2647 1935 2704 eamque

361 2760 545 2801 coram
577 2744 833 2798 omnibus
864 2739 1111 2794 conﬁteri
1140 2749 1366 2789 necesse
1395 2740 1511 2794 est,
1531 2731 1636 2784 hoc
1654 2738 1740 2783 est
1784 2727 1935 2782 enim

363 2840 542 2892 omnis
605 2832 879 2891 credentis
938 2830 1374 2884 fundamentum.
1439 2825 1665 2892 Propter
1720 2820 1936 2875 confes-

368 2931 580 2985 sionem
615 2930 809 2983 beatus
830 2925 1030 2980 dicitur
1080 2921 1297 2985 Petrus,
1342 2919 1551 2987 Deique
1601 2916 1750 2985 regni
1795 2912 1938 2985 jaui-

367 3034 449 3076 tor
479 3021 828 3076 constituitur
858 3033 874 3081 ;
910 3017 1110 3071 Paulus
1134 3030 1265 3068 vero
1297 3021 1481 3083 sperat
1508 3023 1767 3064 coronam
1814 3008 1939 3061 vita:

366 3116 633 3183 accipere,
666 3113 923 3181 quoniam
959 3107 1197 3163 servavit
1231 3116 1286 3160 et
1311 3103 1625 3175 praedicavit
1662 3101 1822 3155 tidem
1849 3116 1864 3166 ;
1887 3107 1941 3154 et

369 3217 516 3261 totus
547 3215 861 3259 sanctorum
882 3204 1107 3264 chorus,
1132 3200 1257 3270 quia
1282 3200 1353 3252 ita
1374 3197 1501 3253 fecit
1522 3205 1576 3249 et
1596 3209 1818 3249 cursum
1849 3192 1944 3246 be-

372 3314 443 3353 ne
464 3297 864 3353 consummavit
888 3292 1239 3362 gloriﬁcatur.
1260 3289 1492 3345 Necesse
1518 3298 1603 3342 est
1626 3286 1789 3340 etiam
1824 3298 1949 3354 pro-

367 3394 579 3447 ximum
612 3405 710 3460 pro
755 3402 915 3458 posse
944 3385 1232 3447 mdiﬁcare,
1264 3383 1357 3438 sed
1386 3395 1728 3451 nequaquam
1763 3392 1950 3432 neces-

372 3485 578 3540 sarium
616 3493 699 3538 est
721 3497 933 3536 omnem
990 3480 1259 3533 hominem
1289 3478 1635 3544 persuadere,
1674 3487 1794 3526 cum
1836 3485 1952 3523 Olli-

376 3596 474 3632 nes
523 3577 853 3645 persuadere
884 3572 1111 3625 minime
1153 3571 1225 3623 sit
1259 3567 1549 3638 possibile;
1580 3575 1844 3627 attamen,
1904 3562 1951 3617 si

377 3670 642 3740 quireris,
670 3667 897 3722 dicenda
923 3667 1016 3719 tibi
1056 3673 1215 3716 erunt
1240 3666 1423 3715 omnia
1468 3676 1589 3728 quae
1640 3658 1860 3724 poteris,
1907 3656 1952 3710 si

378 3764 594 3834 quidem
637 3776 817 3816 sermo
865 3759 932 3812 ad
980 3755 1395 3811 aediﬁcationem
1437 3760 1668 3822 spectat.
1708 3748 1861 3814 Quod
1907 3748 1955 3802 si

375 3852 751 3916 mdilicaveris,
776 3850 977 3904 multus
1010 3848 1113 3900 erit
1144 3854 1380 3916 qumstns
1418 3842 1511 3895 tibi
1540 3841 1655 3894 etei
1686 3854 1846 3907 quem
1878 3836 1957 3889 itt-

380 3954 565 4000 cratus
585 3942 753 3997 fueris
779 3957 795 4008 ;
823 3941 867 3994 si
897 3954 1027 3992 vero
1059 3954 1164 3991 non
1189 3936 1566 3996 mdiﬁcaveris,
1616 3932 1748 3985 nihil
1798 3929 1958 3999 hujus

380 4039 553 4109 gratia
585 4037 691 4088 Deo
716 4034 939 4087 debebis
974 4033 1156 4099 :quod
1193 4041 1345 4082 tuum
1383 4038 1466 4080 est
1491 4025 1684 4079 fecisti.
1720 4024 1958 4077 Rursum

382 4131 482 4183 tibi
508 4128 810 4183 cavendum
845 4135 1026 4180 estne
1064 4124 1194 4193 quid
1249 4136 1415 4191 supra
1476 4120 1622 4174 vires
1664 4119 1838 4191 dicas,
1889 4132 1960 4171 ne

386 4228 546 4288 torte,
581 4222 709 4276 dum
743 4218 1241 4287 conarisjaeentem
1272 4220 1503 4282 erigere,
1537 4227 1661 4265 cum
1697 4226 1762 4264 eo
1780 4212 1962 4263 conci-

387 4314 485 4367 das
510 4328 527 4379 ;
553 4328 673 4365 nam
694 4313 997 4364 secundum
1023 4309 1425 4362 divinissimum
1456 4302 1959 4370 Paulum,omnium

385 4408 733 4461 confessione
779 4417 1035 4471 magnum
1092 4408 1174 4453 est
1227 4398 1444 4468 pietatis
1502 4397 1846 4466 mysterium,
1907 4404 1962 4445 et

1965 3153 2013 3216 (Ξ

2031 1907 2289 1975 ἀλήθειαν
2337 1908 2399 1958 ἐκ
2441 1906 2493 1975 2
2529 1904 2713 1975 ψυχῆς
2764 1904 3280 1975 ἀνομολογούντων*
3320 1904 3489 1970 δοξῶν
3542 1905 3599 1957 δὲ

2031 1998 2211 2052 οὐσῶν
2248 1996 2464 2050 πολλῶν
2495 1996 2747 2050 παλαιῶν
2777 2013 2836 2048 τε
2891 1996 2986 2048 καὶ
3020 1993 3178 2057 νέων,
3212 1994 3474 2047 ἐναντίων
3505 2011 3600 2045 κα-

2034 2089 2213 2156 θάπαξ
2242 2092 2308 2160 τῇ
2344 2089 2573 2159 ἀληθινῇ
2602 2089 2776 2160 ταύτῃ
2808 2088 2970 2157 ἡμῶν
3002 2088 3209 2151 πίστει,
3255 2085 3374 2149 πῶς
3412 2085 3445 2156 ἢ
3482 2086 3599 2138 πεί-

2036 2196 2219 2250 σωμεν
2251 2180 2380 2242 τοὺς
2414 2179 2700 2244 ἀπίστους,
2728 2179 2760 2249 ἢ
2793 2175 3235 2246 ἀσφαλισώμεθα
3282 2177 3409 2238 τοὺς
3440 2175 3603 2229 ἀσθε-

2033 2269 2405 2340 νεστέρους,ἢ
2437 2269 2868 2341 θεραπεύσαιμεν
2902 2269 3031 2330 τοὺς
3061 2267 3460 2337 διερωτῶντας,
3484 2268 3606 2318 ἐπεὶ

2035 2365 2128 2416 καὶ
2165 2363 2369 2416 διδόναι
2425 2360 2584 2428 λόγον
2646 2360 3005 2429 ἐδιδάχθημεν
3056 2357 3321 2428 περὶτῆς
3356 2358 3416 2409 ἐν
3468 2357 3603 2427 ἡμῖν

2034 2453 2249 2516 ἐλπίδος
2270 2470 2286 2519 ;

2118 2546 2477 2615 Ἀρχιερεύς.
2515 2544 2581 2598 Ἠ
2597 2548 2697 2615 τῆς
2720 2544 2982 2615 ἀληθείας
2999 2544 3177 2613 ἀνακή
3190 2545 3364 2614 ρυξις,
3387 2542 3603 2611 ἀδελφὲ,

2037 2639 2131 2692 καὶ
2163 2642 2261 2708 τῆς
2308 2638 2594 2700 εὐσεϐείας
2624 2638 2913 2707 ὁμολογία,
2965 2637 3244 2705 ἀναγκαία
3271 2638 3379 2707 πρὸ
3408 2636 3606 2699 παντὸς

2039 2735 2193 2803 ἡμῖν,
2222 2733 2317 2785 καὶ
2338 2732 2544 2802 ταύτην
2565 2731 2851 2801 ὁμολογεῖν
2874 2732 3106 2783 ἐνώπιον
3135 2730 3389 2783 ἁπάντων
3409 2730 3605 2800 χρεών.

2039 2827 2210 2879 Ὶόῦτο
2258 2825 2354 2880 καὶ
2396 2825 2506 2895 γὰρ
2541 2824 2734 2877 πιστοῦ
2779 2825 2980 2887 παντὸς
3033 2826 3061 2877 6
3095 2824 3346 2892 θεμέλιος
3375 2838 3392 2855 ⁸
3423 2824 3493 2877 δι’
3540 2823 3609 2893 ἢν

2039 2917 2341 2987 ὁμολογίαν
2375 2914 2756 2986 μακαρίζεται
2800 2916 2899 2985 μὲν
2929 2916 3153 2984 Πέτρος,
3185 2914 3321 2966 Θεοῦ
3363 2932 3420 2967 τε
3456 2914 3611 2985 βασι-

2041 3013 2190 3075 λείας
2239 3008 2553 3079 κλειδοῦχος
2583 3008 2935 3071 καθίσταται,
2973 3008 3188 3071 Παῦλος
3241 3008 3299 3060 δὲ
3346 3008 3438 3061 τὸν
3486 3009 3613 3060 στέ-

2051 3120 2225 3173 φανον
2249 3102 2459 3167 ἐλπίζει
2484 3100 2672 3155 λαϐεῖν
2696 3103 2794 3171 τῆς
2827 3101 2994 3166 ζωῆς,
3018 3103 3262 3171 τηρήσας
3289 3103 3383 3153 καὶ
3433 3102 3609 3170 κηρύ⁹

2050 3196 2145 3261 ξας
2166 3196 2267 3265 τὴν
2296 3197 2499 3249 πίστιν.
2529 3196 2638 3247 Καὶ
2655 3195 2761 3256 πᾶς
2783 3194 2837 3247 δὲ
2867 3196 2893 3246 6
2917 3193 3025 3246 τῶν
3060 3193 3233 3261 ἁγίων
3256 3194 3437 3263 χορὸς,
3474 3192 3618 3245 οὕτω

2049 3290 2306 3359 ποιήσας,
2335 3289 2431 3340 καὶ
2459 3286 2646 3349 καλῶς
2668 3286 2893 3349 τελέσας
2914 3285 3009 3337 τὸν
3033 3284 3257 3355 δρόμον,
3278 3284 3617 3349 δεδόξασται.

2048 3381 2241 3452 Χρεὼν
2296 3380 2354 3432 δὲ
2389 3380 2481 3432 καὶ
2504 3380 2595 3431 τὸν
2629 3378 2858 3449 πλησίον
2899 3377 3203 3447 οἰκοδομεῖν
3247 3377 3321 3439 ὡς
3344 3376 3575 3445 δύναμις
3603 3415 3618 3436 .

2049 3473 2150 3526 οὑκ
2213 3471 2432 3541 ἀνάγκη
2471 3470 2527 3523 δὲ
2557 3471 2738 3522 πάντα
2760 3469 3047 3539 ἄνθρωπον
3073 3468 3297 3531 πείθειν,
3334 3467 3452 3519 ἐπεὶ
3484 3466 3621 3535 μηδὲ

2050 3564 2264 3626 πάντας
2295 3564 2484 3615 πεῖσαι
2525 3561 2778 3617 δυνατόν.
2814 3560 3008 3629 Ὅμως
3039 3559 3258 3611 λεκτέον
3313 3560 3361 3611 εί
3394 3556 3623 3627 δύναμίς

2055 3674 2139 3709 σοι
2190 3657 2258 3709 τά
2308 3654 2453 3707 κατά
2492 3653 2749 3723 δύναμιν,
2811 3655 2861 3705 εί
2894 3654 3028 3723 πρὸς
3072 3649 3359 3721 οἰκοδομὴν
3398 3652 3426 3704 6
3469 3650 3625 3717 λόγος

2058 3750 2183 3820 ὁρᾷ·
2221 3750 2317 3802 καὶ
2370 3749 2419 3800 εί
2452 3748 2553 3809 μὲν
2582 3746 2979 3815 οἱκοδομήσεις,
3012 3743 3146 3797 πολὺ
3182 3745 3262 3796 σοί
3293 3760 3351 3796 τε
3402 3744 3497 3795 καὶ
3550 3741 3628 3811 τῷ

2057 3840 2398 3910 ὠφελημένῳ
2455 3839 2609 3908 παρὰ
2662 3837 2756 3890 σοῦ
2811 3836 2871 3889 τὸ
2901 3836 3125 3903 δφελος’
3164 3838 3213 3888 εί
3252 3835 3296 3887 δ’
3352 3832 3477 3897 οῦν,
3527 3835 3627 3886 οὐκ

2057 3933 2291 4001 ὀφείλεις
2321 3950 2375 3985 τι
2407 3932 2484 4000 τῷ
2530 3931 2651 3997 Θεῷ
2698 3932 2891 3983 τούτου
2942 3932 3102 3997 χάριν
3125 3944 3143 3962 ο
3176 3930 3235 3980 τὸ
3270 3928 3469 3981 σαυτοῦ
3523 3927 3630 3994 γὰρ

2058 4025 2371 4085 τετέλεκας.
2425 4020 2598 4073 Πάλιν
2629 4019 2684 4070 δὲ
2723 4021 2818 4069 καὶ
2846 4017 3005 4068 τοῦτό
3054 4032 3135 4067 σοι
3189 4015 3513 4085 φυλακτέον·
3554 4016 3629 4084 μὴ

2062 4118 2213 4185 παρὰ
2242 4117 2343 4183 τὴν
2374 4113 2606 4179 δύναμιν
2637 4112 2783 4177 λέγε,
2821 4108 3026 4176 μήποτ’
3059 4106 3359 4176 ἐπιχειρῶν
3392 4107 3485 4159 τὸν
3515 4108 3631 4159 κεί-

2064 4224 2226 4279 μενον
2262 4204 2509 4272 ἀνιστᾷν,
2555 4202 2983 4273 συγκαταπέσῃς
3013 4199 3184 4270 αὐτῷ.
3220 4200 3378 4253 Κατά
3403 4200 3512 4270 γὰρ
3542 4201 3634 4255 τὸν

2065 4302 2340 4353 θειότατον
2366 4296 2599 4360 Παῦλον,
2638 4297 2785 4365 μέγα
2810 4295 3260 4365 ὁμολογουμένως
3295 4297 3413 4349 ἐστὶ
3447 4296 3508 4348 τὸ
3534 4295 3638 4364 τῆς

2066 4392 2351 4452 asceam;
2402 4389 2711 4459 μυστήριον
2738 4405 2752 4419 ⁸
2787 4388 2883 4442 καὶ
2926 4388 3035 4458 χρὴ
3072 4387 3191 4458 μετ’
3222 4387 3508 4449 εὐλαϐείας
3542 4406 3577 4441 κ
3617 4390 3640 4439 ὶ

387 4508 602 4569 oportet
630 4512 752 4551 cum
787 4498 1071 4565 prudentia
1101 4504 1155 4549 et
1216 4508 1379 4563 quam
1440 4494 1675 4545 tiiaxima
1721 4492 1959 4543 circum-

2068 4483 2344 4552 προσοχῆς
2371 4481 2453 4533 ὅτι
2484 4477 2749 4549 πλείστης
2777 4479 2870 4531 τὸν
2891 4477 3278 4548 διαλεγόμενον
3312 4480 3441 4548 περὶ
3469 4476 3640 4545 αὐτῆς

388 4606 499 4658 ενοι
521 4591 666 4641 tione
698 4588 1151 4642 sermoeinantem
1179 4584 1245 4639 de
1268 4599 1331 4639 ea
1367 4582 1629 4652 colloqui,
1660 4582 1837 4650 ipsum
1868 4594 1964 4632 au-

391 4696 495 4738 tem
531 4684 815 4752 probatum
849 4695 971 4734 esse
996 4688 1050 4733 et
1076 4678 1318 4732 doctoris
1360 4677 1589 4745 gratiam
1643 4673 1963 4739 accepisse;

392 4792 460 4829 ne
484 4776 608 4842 quis
639 4773 705 4827 de
739 4773 824 4827 his
874 4785 995 4840 quae
1036 4771 1212 4824 nescit
1260 4768 1619 4828 contendens,
1650 4764 1706 4817 in
1746 4767 1969 4831 laqueos

392 4867 763 4936 blasphemiae,
794 4872 889 4917 aut
916 4864 968 4915 in
1014 4864 1148 4916 retia
1181 4860 1564 4921 dubitationis,
1596 4868 1690 4911 aut
1727 4857 1781 4909 in
1837 4856 1968 4924 dog-

396 4966 539 5012 mata
613 4956 910 5025 impietatis
958 4969 1025 5007 ex
1071 4949 1418 5006 sermonibus
1470 4947 1788 5016 irreligiosis
1828 4945 1976 4999 deci-

393 5056 505 5108 dat.
541 5050 679 5105 Nam
711 5049 919 5104 scimus
967 5045 1170 5100 multos
1219 5043 1468 5098 inﬁrmos
1512 5052 1799 5111 propterea
1856 5053 1977 5093 cor-
2014 5098 2019 5103 _

395 5160 591 5201 TUISSC.

467 5238 723 5294 Clericus.
768 5233 964 5290 Utrum
989 5233 1159 5288 tutius
1191 5240 1276 5285 est
1302 5229 1569 5284 disserere
1620 5242 1683 5281 ex
1720 5225 1974 5282 naturali-

400 5336 501 5389 bus
535 5331 954 5400 coiptationibus
982 5344 1049 5382 an
1083 5341 1115 5381 ε
1148 5325 1366 5394 scriptis
1395 5321 1719 5378 testimoniis
1749 5320 1772 5373 ί

469 5424 745 5493 Pontifex.
802 5423 843 5475 Ε
897 5422 1115 5492 scriptis
1164 5416 1497 5475 testimoniis
1536 5417 1647 5480 ;ita
1705 5414 1851 5467 cnim
1910 5410 1987 5464 ait

402 5520 709 5575 Dominus:
746 5536 765 5568 ι
795 5514 1130 5570 Scrutamini
1161 5514 1498 5581 Scripturas,
1557 5507 1686 5577 quia
1739 5519 1838 5558 vos
1891 5518 1986 5572 pu-

401 5613 529 5667 tatis
553 5612 609 5665 in
642 5610 774 5680 ipsis
800 5609 965 5665 vitam
1021 5616 1279 5662 aeternam
1327 5602 1515 5658 haberi
1551 5616 1568 5665 ;
1599 5607 1655 5654 et
1707 5599 1811 5652 illa:
1860 5605 1990 5653 sunt

400 5720 529 5775 qua:
566 5701 936 5758 testimonium
967 5699 1258 5770 perhibent
1286 5696 1352 5751 de
1378 5710 1485 5749 me.
1524 5711 1543 5745 ι
1579 5689 1794 5745 Poteris
1823 5689 1987 5742 etiam

400 5806 663 5870 praetcrea
688 5811 754 5852 ex
797 5792 1183 5851 communibus
1223 5775 1755 5860 cogitationibus’et
1806 5793 1991 5837 exem-

2067 4573 2414 4640 διαλέγεσθαι
2442 4587 2456 4601 '
2501 4569 2696 4623 τοῦτον
2738 4570 2796 4623 δὲ
2826 4570 3292 4641 δεδοκιμασμένον
3352 4566 3516 4634 εἶναι,
3550 4572 3644 4623 καὶ

2068 4664 2450 4719 διδασκαλικοῦ
2505 4664 2847 4735 τετυχηκότα
2878 4664 3221 4735 χαρίσματος
3248 4680 3262 4694 ·
3306 4665 3395 4717 ἵνα
3445 4666 3519 4735 μή
3562 4681 3644 4725 τις

2072 4758 2203 4827 περὶ
2237 4750 2313 4811 ῶν
2346 4757 2446 4808 οὐκ
2475 4754 2619 4809 οἶδεν
2643 4756 2861 4826 ἐρίζων,
2916 4757 2950 4826 ἦ
3001 4758 3117 4818 τοῖς
3169 4756 3265 4825 τῆς
3296 4755 3644 4826 βλασφημίας

2072 4849 2336 4912 δικτύοις,
2368 4848 2399 4918 ἢ
2435 4849 2647 4915 πάγαις
2670 4848 2962 4917 διχονοίας,
2991 4847 3025 4917 ἦ
3054 4849 3292 4918 δόγμασι
3330 4847 3647 4909 δυσσεὸείας

2076 4946 2141 4997 ἐκ
2194 4944 2308 4995 τῶν
2351 4943 2448 5011 τῆς
2482 4940 2736 5004 ἀσεϐείας
2771 4940 3049 5010 περιπέσῃ
3097 4941 3381 5011 ῥημάτων.
3415 4940 3648 5007 Οἴδαμεν

2077 5034 2185 5103 γὰρ
2210 5037 2274 5085 ὲκ
2300 5033 2487 5085 τούτου
2514 5031 2977 5101 παραϐλαδέντας
3006 5033 3117 5084 τῶν
3142 5034 3492 5099 ἁστηρίκτων
3524 5029 3646 5080 πολι

2082 5143 2227 5188 λους.

2154 5225 2471 5293 Κληρικός.
2511 5225 2621 5277 Καὶ
2649 5225 2814 5278 πόθεν
2846 5226 3257 5294 ἀσφαλέστερον
3286 5220 3651 5288 διαλέγεσθαι,

2085 5320 2149 5371 ἐκ
2176 5318 2420 5385 φυσικῶν
2453 5317 2693 5381 ἐννοιῶν,
2725 5317 2758 5387 ἢ
2794 5317 3082 5387 γραςρικῶν
3122 5312 3481 5383 μαρτυριῶνς

2169 5410 2529 5478 Ἀρχιερεύς.
2572 5409 2705 5461 Ἀπὸ
2730 5411 2842 5462 τῶν
2868 5410 3038 5477 ἁγίων
3090 5407 3344 5477 Γραφῶν.
3367 5404 3524 5457 Οὕτω
3551 5402 3660 5472 γάρ

2091 5517 2225 5571 φησι
2262 5503 2357 5553 καὶ
2399 5501 2426 5551 ὁ
2460 5501 2688 5571 Κύριοςσ
2735 5521 2753 5554 ι
2806 5502 3097 5570 Ἐρευνᾶτι
3145 5500 3241 5563 τὰς
3298 5499 3545 5570 Γραφάς,
3580 5498 3662 5548 δτι

2091 5596 2150 5647 ἐν
2208 5595 2394 5653 αὑταῖς
2427 5592 2637 5645 δοκεῖτε
2669 5592 2815 5663 ζωὴν
2871 5592 3089 5645 αἰώνιον
3124 5590 3269 5660 ἔχειν
3293 5606 3309 5621 ο
3364 5592 3459 5641 καὶ
3501 5583 3663 5640 αὗταί

2093 5687 2233 5739 είσιν
2272 5688 2329 5738 αί
2364 5686 2745 5756 μαρτυροῦσαι
2777 5686 2907 5755 περὶ
2937 5684 3094 5753 ἐμοῦ.
3126 5701 3144 5734 ι
3188 5683 3344 5734 Ἔστι
3370 5681 3414 5733 δ’
3446 5683 3535 5733 ὅτε
3572 5679 3665 5731 καὶ

2095 5780 2203 5833 ἀπὸ
2231 5778 2427 5832 κοινῶν
2450 5778 2668 5830 ἐννοιῶν
2691 5779 2786 5831 καὶ
2810 5775 3295 5847 παραδειγμάτων.
3316 5773 3462 5844 Πλὴν
3480 5774 3664 5826 ἐκεῖνα
