4040 6202
393 295 466 360 37

1451 294 1839 358 DIALOGUS
1875 293 2179 356 CONTRA
2219 287 2613 357 HIERESES.

3602 295 3676 360 38

394 410 640 477 λεκτέον,
668 410 878 478 ὅσαπερ
911 410 968 461 ἐν
1009 409 1420 480 παραδείγμασι
1473 411 1584 464 τῶν
1616 412 1790 478 ἁγίων
1821 410 1977 463 πλεῖ-

2087 409 2185 478 plis
2219 409 2511 471 disserere,
2538 408 2720 479 qualia
2748 408 2931 477 plures
2957 409 3285 464 invenerunt
3314 409 3368 463 in
3406 412 3673 480 exemplis
3732 402 3745 417 ’

395 518 514 557 στοι
546 505 829 573 εἰρήκασι,
863 504 962 555 xui.
1020 503 1122 555 ὃσα
1180 505 1241 556 οὐ
1300 504 1439 576 πρὸς
1491 504 1814 557 ἐναντίωσιν
1870 503 1982 556 τῶν

394 597 570 663 ἁγίων
607 594 843 664 Γραφῶν
900 595 1037 665 δρᾷ’
1097 597 1402 650 καὶταῦτα
1455 597 1531 659 ὡς
1578 597 1636 648 ἐν
1688 595 1981 664 παρέργῳ.

391 690 468 742 οὐ
495 691 604 757 γὰρ
642 687 747 753 ἔξω
777 688 886 740 τῶν
922 688 1084 741 θείων
1117 689 1354 758 Γραφῶν
1383 687 1522 751 ὅλως
1565 687 1650 741 δεῖ
1680 687 1905 755 χωρεῖνι
1946 685 1978 754 ἦ
2007 697 2010 704 ¹

393 799 638 852 φρονειν.

995 937 1248 990 ΚΕΦΑΛ.
1299 939 1381 990 Λ’.

650 1074 1052 1138 Κατὰ’ἁθέων,
1083 1073 1181 1127 καί
1218 1073 1309 1127 ὅτι
1339 1071 1473 1127 ἐστι
1502 1073 1671 1139 Θεός.

471 1207 800 1274 Κληρικός.
844 1207 1092 1276 Ἐπειδὴ,
1131 1208 1332 1278 πάτερ,
1383 1209 1657 1279 διάφοροι,
1691 1209 1766 1273 ὡς
1792 1210 1980 1279 προεί-

399 1318 566 1370 ρηκα,
599 1299 747 1364 δόξαι
791 1299 1010 1363 πολλοῖς
1044 1299 1152 1353 τῶν
1194 1299 1427 1353 ἐθνικῶν
1485 1301 1616 1370 περὶ
1673 1299 1768 1353 τοῦ
1825 1300 1972 1354 θείου

397 1395 530 1452 εἰσὶ,
564 1393 660 1445 xui.
693 1392 743 1444 οἱ
783 1390 884 1461 μὲν
915 1391 1130 1445 πολλῶν
1189 1391 1328 1445 θεῶν
1362 1391 1524 1463 ἔσχον
1559 1391 1793 1463 πλάνην,
1838 1394 1889 1446 οἱ
1923 1395 1978 1448 δὲ

396 1487 534 1539 Θεὸν
587 1487 687 1556 μὲν
717 1487 813 1540 ἕνα
865 1486 1028 1556 δῆθεν
1071 1486 1415 1553 δοξάζουσιν,
1450 1487 1512 1540 οὐ
1541 1488 1976 1558 τρισυπόστατον

395 1579 476 1644 δὲ,
513 1578 636 1631 οὐδὲ
661 1577 769 1647 γὰρ
793 1577 1124 1647 ὁμολογοῦσι
1158 1579 1252 1632 τὸν
1283 1577 1377 1631 τοῦ
1413 1576 1551 1630 Θεοῦ
1584 1577 1760 1646 Λόγον
1795 1577 1887 1630 καὶ
1916 1576 1979 1630 τὸ

398 1669 633 1738 Πνεῦμα
683 1671 740 1721 τὸ
769 1669 946 1737 ἆγιον,
983 1671 1031 1722 οί
1066 1668 1123 1722 δὲ
1159 1671 1253 1722 καὶ
1284 1668 1359 1738 μὴ
1408 1665 1549 1720 εἶναι
1607 1668 1740 1721 Θεὸν
1779 1668 1976 1722 ἀσεϐε-

2089 509 2428 564 sanctorum,
2453 516 2574 568 quae
2601 499 2902 571 Scripturis
2937 502 3112 556 sacris
3174 515 3520 572 nequaquam
3577 505 3674 556 ad-

2087 601 2398 655 versantur;
2424 594 2534 647 haec
2553 601 2732 647 autem
2755 593 2914 663 quasi
2939 609 3032 662 per
3047 598 3491 664 consequentiam
3517 609 3676 649 acce-

2087 686 2246 741 dunt.
2277 701 2383 738 non
2418 685 2562 738 enim
2598 687 2752 740 ex‘lra
2790 687 3004 753 divinas
3073 686 3390 757 Scriptttras
3443 703 3672 756 prorsus

2087 785 2303 846 Oportet
2335 777 2632 846 procedere
2663 778 2746 833 vel
2797 779 3063 846 cogitare.

2700 937 2927 994 CAPUT
2970 940 3012 994 Ι.

2416 1073 2615 1131 Contra
2646 1079 2850 1144 atlteos,
2881 1080 3021 1149 quod
3052 1092 3126 1134 est
3162 1081 3325 1137 Deus.

2155 1211 2417 1267 Clericus.
2455 1212 2750 1280 Quooiatn,
2803 1213 2985 1279 Pater,
3031 1215 3177 1270 sicut
3225 1215 3472 1286 praedixi,
3511 1215 3675 1270 variae

2082 1313 2208 1358 sunt
2237 1304 2484 1373 plurimis
2525 1320 2591 1357 ex
2623 1305 2917 1374 gentilibus
2941 1309 3006 1361 de
3037 1309 3259 1362 numine
3285 1307 3590 1376 opiniones,
3621 1317 3676 1361 et

2081 1396 2171 1450 alii
2189 1397 2408 1464 quidem
2433 1397 2667 1467 plurium
2692 1398 2919 1453 deorum
2938 1414 3178 1454 errorem
3205 1408 3514 1469 sequuntur
3538 1416 3553 1468 ;
3582 1402 3672 1454 alii

2080 1503 2212 1543 vero
2240 1487 2407 1544 Deum
2427 1491 2646 1560 quidem
2671 1506 2836 1544 unum
2860 1492 3112 1558 credunt,
3147 1493 3238 1547 sed
3269 1508 3378 1546 non
3413 1495 3464 1546 in
3497 1492 3672 1548 tribus

2081 1582 2354 1652 personis,
2413 1598 2515 1638 nec
2545 1583 2876 1638 conﬁtentur
2899 1585 2992 1639 Dei
3025 1584 3259 1640 Verbum
3301 1595 3355 1639 et.
3408 1586 3673 1656 Spiritum

2080 1682 2328 1729 sanctum
2362 1690 2378 1743 ;
2411 1673 2504 1727 alii
2527 1683 2707 1728 autem
2740 1675 2907 1730 Deum
2945 1691 3052 1730 non
3083 1691 3203 1731 esse
3223 1676 3388 1744 impio
3410 1693 3547 1732 ausu
3594 1678 3676 1732 di-

402 1765 619 1824 στάτως
645 1763 918 1831 εἰρήκασι,
939 1760 1047 1814 τίνι
1076 1760 1264 1831 τρόπῳ
1291 1760 1426 1830 πρὸς
1453 1759 1554 1830 τὴν
1585 1759 1762 1830 ἀληθῆ
1787 1759 1972 1814 πίστιν

2087 1772 2298 1830 serunt,
2359 1777 2598 1833 quonam
2650 1765 2814 1820 modo
2849 1781 2944 1822 eos
2981 1769 3048 1822 ad
3085 1781 3265 1822 veram
3313 1767 3468 1820 ﬁdem
3502 1776 3676 1822 attra-

401 1853 788 1923 ὲφελκὺσωμεν
838 1853 1060 1916 τούτους
1084 1869 1102 1920 ;

487 1949 835 2017 Ἀρχιερεύς.
871 1947 1097 2018 Πρῶτον
1129 1947 1228 2018 μὲν
1273 1947 1516 2013 ἐντεύξει
1550 1949 1616 2017 τῇ
1648 1946 1786 2016 πρὸς
1821 1945 1976 2012 Θεὸν,

399 2039 600 2093 ἔπειτα
643 2040 700 2092 δὲ
729 2040 1062 2094 ταπεινώσει
1103 2041 1198 2094 xui.
1251 2039 1437 2110 ἔργοις
1467 2040 1693 2109 ἀγάπης
1728 2056 1980 2110 πνευμα-

393 2135 591 2203 τικῆς,
632 2133 908 2204 ἀμέμπτῳ
957 2151 1018 2187 τε
1072 2134 1172 2204 βίῳ
1225 2132 1596 2210 μαρτυροῦντι
1642 2135 1743 2203 τὴν
1796 2133 1982 2185 πίστιν

397 2229 473 2292 ὡς
499 2231 594 2281 xu‘t
628 2228 680 2280 οἱ
710 2228 1006 2282 ἀπόστολοι
1037 2224 1290 2290 ἐδίδαξαν
1336 2243 1396 2280 τε
1432 2226 1529 2280 καὶ
1563 2224 1773 2290 ἔδειξαν
1805 2240 1817 2255 ’
1846 2227 1981 2279 ἀπο-

399 2319 653 2373 στολικὸν
683 2322 792 2389 γὰρ
821 2318 982 2372 τοῦτο
1012 2319 1074 2371 τὸ
1098 2317 1259 2386 ἔργον
1283 2334 1298 2349 ο
1329 2319 1424 2371 xui.
1455 2317 1770 2371 τελευταῖον
1793 2317 1978 2385 λόγοις

403 2410 773 2478 ἀφιλονείκως
804 2410 919 2471 τοῖς
949 2407 1058 2461 ἀπὸ
1091 2409 1198 2461 τῶν
1230 2407 1394 2461 θείων
1420 2407 1682 2478 Γραφῶν.
1720 2407 1795 2461 Τὸ
1831 2408 1982 2476 φιλο-

403 2504 600 2554 νεικεῖν
625 2500 740 2572 γὰρ
769 2502 864 2555 καὶ
906 2500 1277 2572 διαμάχεσθαι
1303 2500 1405 2570 τῆς
1448 2499 1781 2571 Ἐκκλησίας
1821 2500 1976 2554 ἀλλό-

393 2613 422 2646 1:
428 2613 570 2666 ριον.

966 2755 1019 2828 3
1065 2755 1317 2808 ΚΕΦΑΛ.
1352 2753 1428 2807 B'.
1455 2744 1463 2751 ”

395 2894 531 2948 ὀτι
559 2893 693 2947 ἐστι
720 2892 884 2958 Θεὸς,
932 2890 1256 2970 ἀπόδειξις
1277 2887 1478 2955 πρώτη
1501 2887 1621 2945 ἀπὸ
1650 2889 1768 2945 τῶν
1795 2892 1982 2962 ἁγίων

1058 2978 1328 3031 πραφων.

474 3081 792 3146 Κληρικός.
845 3080 956 3133 Καὶ
991 3078 1156 3133 πόθεν
1215 3079 1306 3133 τὸν
1341 3079 1505 3134 ἄθεον
1551 3079 1836 3150 πείσωμεν
1891 3081 1976 3132 ὅτι

399 3171 520 3224 ἔστι
551 3169 715 3237 Θεός;

468 3265 830 3333 Ἀρχιερεύς.
869 3265 1094 3336 Πρῶτον
1123 3267 1246 3337 μὲν,
1271 3265 1348 3330 ὼς
1379 3267 1710 3337 είρήκαμεν,
1738 3265 1847 3318 ἀπὸ
1867 3263 1975 3318 τῶν

393 3356 566 3425 ἁγίων
597 3357 854 3426 Γραφῶν,
898 3357 992 3411 τὸν
1026 3357 1160 3410 Θεὸν
1193 3355 1574 3427 όμολογουσῶν
1602 3356 1691 3410 διὰ
1721 3357 1968 3423 πάντων,

400 3453 607 3522 μᾶλλον
638 3453 695 3504 δὲ
722 3451 904 3503 αἰτίαν
958 3449 1200 3520 ἐχουσῶν
1254 3452 1344 3502 τὸν
1374 3448 1529 3514 Θεὸν,
1586 3449 1683 3502 xui.
1740 3449 1973 3518 ποιητὴν

395 3546 506 3599 τῶν
530 3545 666 3598 ὅλων
696 3545 860 3596 αὑτὸν
891 3543 1372 3610 καταγγελουσῶν,
1428 3543 1524 3594 xui.
1553 3542 1637 3594 ἀεὶ
1672 3541 1801 3594 ὄντα
1834 3541 1976 3611 μετὰ

395 3637 494 3690 τοῦ
535 3638 708 3704 Λόγου
740 3633 906 3688 αὐτοῦ
938 3634 1146 3687 καὶτοῦ
1175 3632 1512 3704 Πνεῦματος.
1543 3633 1652 3686 Καὶ
1679 3631 1793 3702 γὰρ
1820 3633 1848 3684 6
1876 3631 1975 3702 μὲν

400 3729 641 3796 Muniis-ip;
692 3743 892 3796 φησιν’
934 3743 952 3777 ι
998 3728 1087 3780 Ἐν
1127 3729 1268 3797 ἀρχῇ
1323 3725 1580 3795 ἐποίησεν
1622 3729 1648 3776 6
1684 3726 1820 3786 Θεὸς
1881 3725 1974 3776 τὸν

403 3819 640 3889 οὐρανὸν
671 3822 762 3871 xui.
794 3819 895 3888 τὴν
929 3820 1053 3887 γῆν.
1089 3817 1200 3869 Ku‘t
1234 3811 1390 3869 εἶπεν
1436 3819 1464 3869 6
1495 3817 1650 3879 Θεὸς,
1682 3814 1970 3886 Γενηθήτω

399 3913 542 3981 φῶς,
581 3913 671 3963 xui.
702 3910 917 3978 ἐγένετο
947 3908 1084 3976 φῶς,
1117 3926 1136 3959 ι
1169 3908 1262 3961 xui.
1294 3908 1361 3961 τὰ
1382 3907 1546 3959 λοιπὰ
1579 3908 1800 3975 ὁμοίως.
1839 3907 1971 3970 Καὶ,

401 4021 422 4053 ι
479 4001 622 4067 Ἐγώ
647 4004 811 4070 εἱμιό
834 3999 928 4052 ὢν.
971 4018 990 4050 ι
1022 4001 1129 4053 Καὶ
1162 4001 1219 4052 ἐν
1245 4001 1309 4068 τῇ
1342 3999 1513 4068 βάτῳ,
1557 4018 1575 4050 ι
1623 3997 1767 4066 Ἐγώ
1799 4000 1915 4065 εἰμι
1946 3999 1974 4048 6

398 4096 535 4158 Θεὸς
600 4093 878 4163 Ἀϐραὰμ,
909 4093 1002 4146 καὶ
1031 4094 1058 4145 6
1107 4091 1237 4154 Θεὸς
1264 4090 1481 4154 Ἰσαὰκ,
1518 4091 1610 4143 xui.
1639 4092 1667 4143 6
1696 4090 1829 4152 Θεὸς
1871 4089 1975 4142 Ία-

396 4189 537 4254 κὼὸ,
581 4207 600 4240 ι
630 4187 726 4256 τὴν
753 4186 960 4256 Τριάδα
992 4185 1300 4258 σημαίνων.
1325 4186 1434 4238 Καὶ
1478 4185 1725 4254 περὶτοῦ
1759 4184 1975 4257 ἀνθρώ-

396 4300 504 4335 που
529 4297 545 4312 ’
589 4300 607 4332 ι
637 4282 746 4334 Καὶ
774 4277 926 4330 εἶπεν
956 4281 985 4333 6
1005 4279 1160 4345 Θεὸς,
1189 4279 1516 4348 Ποιήσωμεν
1546 4277 1974 4348 ἄνθρωπονκαέ

397 4374 588 4426 εἰκόνα
622 4372 901 4441 ἡμετέραν
936 4372 1030 4424 καὶ
1059 4370 1184 4423 καθ’
1216 4371 1481 4441 ὁμοίωσιν
1506 4387 1520 4401 ·
1561 4389 1582 4423 ι
1620 4374 1714 4424 xui.
1741 4374 1799 4423 ἐν
1840 4373 1975 4424 πᾶσι.

394 4466 643 4535 ιιωῦσῆς
678 4464 812 4516 Θεὸν
844 4457 986 4516 εἶναι
1028 4463 1292 4526 διδάσκει,
1329 4464 1423 4515 xui.
1478 4463 1651 4531 Λόγον
1691 4462 1837 4533 ἔχειν
1885 4465 1978 4516 τὸν
2013 4485 2054 4538 ι)

395 4557 554 4619 Θεὸν,
589 4556 684 4607 xui.
713 4554 883 4623 ἅγιον.
907 4553 1132 4624 Πνεῦμα
1151 4569 1166 4583 θ
1197 4555 1292 4606 καὶ
1315 4553 1398 4605 ὅτι
1431 4553 1522 4606 διὰ
1552 4552 1648 4606 τοῦ
1697 4555 1872 4623 Λόγου
1906 4555 1973 4608 τὰ

401 4649 577 4700 πάντα
609 4646 857 4714 ἐποίησε,
907 4645 1005 4698 xui
1033 4645 1112 4716 τῷ
1146 4644 1428 4714 Πνεῦματι
1462 4644 1629 4698 αὐτοῦ
1683 4646 1970 4698 ἐτελείωσε

401 4740 501 4790 xui.
533 4738 754 4807 ήγίασε.
790 4738 900 4790 Καὶ
933 4737 1134 4798 πάντες
1160 4737 1215 4788 δὲ
1258 4737 1310 4788 οἱ
1356 4737 1640 4808 προφῆται
1691 4740 1828 4808 μετά
1877 4737 1972 4792 τοῦ

396 4831 567 4882 Δλόὶδ
591 4829 750 4881 τοῦτο
774 4827 1047 4892 ἐδίδαξα-ι.
1081 4828 1254 4890 Αὐτὸς
1293 4827 1349 4880 δὲ
1385 4830 1413 4880 6
1441 4828 1607 4880 Δαϐὶδ
1636 4830 1730 4880 xui.
1767 4829 1977 4899 ἄφρονα

397 4922 555 4976 καλεῖ
584 4921 678 4973 τὸν
728 4922 804 4990 μὴ
839 4919 1213 4990 ὁμολογοῦντα
1242 4920 1394 4973 Θεὸν.
1444 4919 1553 4972 Καί
1584 4935 1751 4988 φησιν
1779 4934 1793 4949 ο
1833 4939 1850 4973 t
1885 4917 1977 4972 Εἶ-

395 5030 501 5067 πεν
532 5016 724 5082 ἄφρων
742 5017 800 5066 ὲν
820 5012 1020 5082 καρδίᾳ
1042 5012 1212 5064 αὐτοῦ
1239 5027 1254 5042 ο
1288 5010 1404 5066 Οὐκ
1434 5010 1548 5063 ἔστι
1567 5012 1720 5075 Θεός.
1756 5031 1775 5064 ι
1805 5011 1977 5064 Τοῦτο

395 5107 456 5160 δὲ
495 5107 688 5176 πόρρω
715 5105 897 5173 πάσης
942 5106 1088 5157 ἐστὶν
1130 5103 1416 5168 ἀσεϐείας,
1463 5103 1556 5157 καὶ
1593 5103 1755 5166 αὐτὸς
1790 5105 1900 5173 γὰρ
1951 5109 1978 5158 6

397 5196 650 5258 διάϐολος
678 5196 939 5264 ὁμολογεῖ
967 5189 1108 5246 εἶναι
1138 5192 1296 5259 Θεὸν,
1339 5194 1391 5245 εί
1421 5194 1518 5246 καὶ
1547 5193 1742 5246 ἑαυτὸν
1767 5196 1794 5246 6
1827 5196 1978 5247 ἀντί-

399 5289 563 5350 θετος
609 5289 704 5339 καὶ
745 5285 948 5353 ἀσεϐὴς
981 5285 1322 5352 ἀντεισάγει,
1375 5286 1629 5338 κλέπτων
1689 5286 1790 5354 τὴν
1826 5288 1977 5340 θείαν

396 5381 596 5450 τιμήν.
626 5381 718 5431 Διὸ
746 5378 987 5440 καὶτοὺς
1017 5377 1214 5440 ἀθέους
1246 5377 1632 5446 ἀπεπλάνησεν
1679 5378 1970 5448 Ἕλληνας,

395 5475 518 5533 τοῖς
584 5469 874 5539 στοιχείοις
926 5470 1017 5520 καὶ
1064 5467 1365 5537 δαιμονίοις
1418 5468 1825 5533 ἀπατηθένταδ
1880 5472 1976 5524 ἀἱ

395 5559 558 5621 θεοὺς
587 5559 656 5610 τὰ
690 5559 968 5627 κτίσματα
995 5557 1394 5624 ὀνομάσαντας.
1429 5559 1616 5628 Πάντη
1649 5558 1743 5615 οὖν
1773 5560 1975 5629 ἄλογθς

2082 1855 2276 1908 bemus
2299 1855 2323 1908 ἲ

2153 1946 2422 2015 Pontifex.
2481 1947 2724 2003 Primum
2785 1951 3002 2018 quidem
3069 1968 3164 2021 per
3219 1956 3534 2009 orationem
3603 1955 3672 2008 ad

2085 2037 2514 2102 Deum,'deintle
2537 2057 2668 2097 vero
2699 2059 2794 2113 per
2819 2044 3183 2099 humilitatem
3216 2056 3270 2102 et
3297 2062 3461 2116 opera
3495 2049 3674 2101 citari~

2082 2132 2209 2186 tatis
2234 2132 2562 2200 spiritualis,
2599 2150 2694 2203 per
2747 2137 2914 2190 vitam
2971 2138 3500 2207 irrepreltensibilem
3555 2154 3677 2208 qua:

2083 2222 2207 2277 ﬁdei
2257 2225 2630 2280 testimonium
2667 2227 2935 2297 perbibet,
2973 2241 3135 2299 prout
3169 2230 3476 2286 docuerunt
3506 2240 3558 2286 et
3585 2247 3675 2287 os-

2082 2311 2373 2367 tenderunt
2401 2317 2628 2384 apostoli
2659 2333 2820 2384 ;nam
2848 2321 3207 2389 apostolicum
3232 2323 3478 2393 esqistud
3499 2337 3671 2392 opus;

2081 2404 2318 2474 denique
2348 2413 2530 2461 autem
2562 2423 2658 2478 per
2696 2411 2863 2465 verba
2895 2412 3122 2468 minime
3155 2414 3417 2484 litigiosa,
3471 2417 3676 2488 quippe

2080 2495 2297 2567 litigare
2331 2507 2385 2552 et
2407 2501 2737 2556 contendere
2766 2501 3024 2560 Ecclesia:
3060 2505 3302 2561 alienum
3328 2519 3432 2562 est.

2709 2743 2940 2799 CAPUT
2994 2745 3058 2800 ll.

2159 2877 2321 2931 Deum
2341 2893 2473 2945 esse,
2491 2878 2875 2935 demonstratio
2897 2883 3069 2951 prima
3090 2897 3154 2937 ea:
3172 2886 3341 2938 sacris
3375 2885 3596 2943 litteris.

2159 3056 2418 3112 Clericus.
2468 3057 2684 3123 Quibus
2735 3060 3076 3128 argumentis
3110 3060 3332 3116 atheum
3383 3072 3440 3118 ut
3486 3068 3673 3121 credat

2007 3125 2048 3179 Ο
2087 3163 2210 3202 esse
2253 3147 2424 3202 Deum
2465 3125 2966 3218 persuadebimus?

2152 3240 2422 3310 Ponti/ex.
2458 3241 2698 3297 Primum
2741 3243 2984 3313 quidem,
3017 3252 3077 3299 ut
3123 3245 3384 3310 diximus.
3429 3264 3459 3304 e
3494 3251 3669 3305 sacris

2083 3330 2383 3402 Scripturis
2409 3348 2533 3402 qua).
2579 3335 2744 3389 Deum
2781 3335 2833 3389 in
2863 3337 3120 3392 omnibus
3177 3337 3528 3404 conﬁtentur,
3581 3342 3666 3395 νιί

2081 3427 2261 3494 potius
2296 3434 2574 3480 auctorem
2628 3427 2829 3482 habent
2878 3427 3065 3495 Deum,
3121 3444 3359 3501 eumque
3417 3434 3662 3487 omnium

2080 3516 2336 3571 factorem
2371 3517 2672 3586 praedicant
2713 3518 2807 3588 qui
2837 3529 2916 3574 est
2954 3535 3168 3589 semper
3189 3537 3314 3576 cum
3342 3520 3519 3576 Verbo
3545 3524 3666 3592 ejus

2079 3617 2133 3663 et
2171 3609 2402 3678 Spiritu.
2448 3609 2657 3680 Moyses
2687 3611 2832 3665 enim
2865 3611 3122 3666 dixitztln
3155 3614 3424 3683 principio
3453 3619 3667 3670 creavit

2081 3700 2224 3755 Dens
2252 3701 2451 3755 coelum
2484 3712 2536 3756 et
2561 3713 2813 3758 terram.)
2850 3701 2913 3756 Et
2941 3704 3077 3757 dixit
3101 3703 3277 3758 Deus:
3315 3703 3428 3759 Fiat
3460 3707 3574 3771 lux,
3614 3721 3667 3760 et

2080 3792 2221 3848 facta
2255 3805 2338 3848 est
2368 3793 2478 3859 lux,
2507 3812 2526 3845 ι
2569 3805 2623 3848 et
2662 3806 2859 3850 caetera
2895 3796 3167 3852 similiter.
3200 3797 3266 3851 Et
3297 3814 3312 3851 :
3350 3816 3368 3848 ι
3405 3799 3512 3868 Ego
3540 3813 3664 3853 sunt
3689 3853 3702 3869 κ

2080 3890 2172 3958 qui
2199 3905 2364 3952 sum;
2401 3907 2419 3940 ι
2459 3899 2514 3942 et
2555 3891 2608 3942 in
2642 3893 2830 3942 rubou
2875 3889 2985 3958 Ego
3027 3907 3148 3944 sum
3187 3891 3328 3946 Dens
3363 3893 3661 3957 Abraham,

2079 3995 2131 4037 ct
2173 3981 2316 4036 Deus
2345 3980 2516 4043 Isaac,
2552 3992 2609 4034 et
2641 3982 2784 4035 Deus
2816 3981 3038 4044 Jacob,»
3081 3981 3408 4038 Trinitatem
3441 3987 3664 4055 signiti-

2079 4090 2229 4129 cans.
2253 4073 2476 4142 Insuper
2494 4072 2563 4128 de
2584 4073 2806 4127 homine
2837 4090 2851 4126 :
2882 4091 2898 4122 t
2927 4072 2991 4124 Et
3015 4073 3350 4130 dixitDeus:
3378 4076 3666 4132 Faciamus

2083 4166 2359 4221 hominem
2394 4167 2459 4219 ad
2490 4166 2784 4234 imaginem
2816 4175 2870 4220 et
2898 4167 3314 4222 similitudinem
3350 4181 3662 4224 nostram.»

2083 4260 2146 4314 Et
2185 4261 2387 4329 ubique
2451 4261 2670 4330 Moyses
2696 4260 2854 4314 docet
2909 4260 3078 4314 Deum
3145 4275 3290 4327 esse,
3386 4261 3664 4332 Deumque

2081 4353 2316 4410 Verbum
2340 4355 2544 4410 habere
2567 4365 2620 4409 et
2653 4355 2915 4420 Spiritum
2943 4365 3218 4416 sanctum,
3267 4371 3475 4411 necnon
3507 4374 3664 4411 eum-

2080 4446 2200 4499 dem
2238 4459 2333 4514 per
2384 4443 2621 4498 Verbum
2683 4445 2871 4498 omnia
2915 4444 3134 4510 fouisse,
3189 4461 3395 4516 suoque
3460 4448 3663 4514 Spit-itu

2082 4549 2447 4590 consecrasse
2477 4543 2530 4587 et
2564 4534 2961 4589 sattctilicasse.
2992 4533 3194 4589 Omnes
3220 4551 3348 4589 vero
3385 4539 3666 4606 prophetae

2083 4634 2205 4696 post
2233 4624 2404 4678 David
2435 4624 2579 4678 istud
2614 4623 2940 4690 docuerunt,
2975 4635 3031 4678 et
3060 4623 3232 4679 David
3257 4625 3374 4695 ipse
3405 4627 3661 4681 insanum

2083 4729 2242 4773 vocat
2274 4733 2398 4772 eum
2439 4717 2531 4787 qui
2559 4717 2724 4771 Deum
2760 4733 2866 4772 non
2891 4719 3183 4774 conﬁtetur
3214 4737 3228 4785 ;
3255 4731 3307 4775 et
3336 4725 3432 4776 ait:
3470 4742 3488 4775 ι
3521 4724 3666 4778 Dixit

2083 4813 2310 4869 insanus
2344 4813 2396 4864 in
2438 4811 2604 4864 corde
2636 4826 2770 4867 suo:
2807 4811 2924 4866 Non
2954 4824 3038 4868 est
3073 4815 3236 4868 Deus.
3268 4833 3285 4866 ι
3333 4815 3447 4869 Hoc
3481 4827 3663 4869 autem

2084 4891 2300 4960 omnem
2359 4905 2692 4974 impietatem
2753 4915 2997 4976 superat.
3063 4906 3174 4960 Imo
3232 4907 3350 4976 ipse
3413 4906 3664 4962 diabolus

2081 4999 2372 5054 conﬁtetur
2401 4998 2572 5052 Deum
2603 5013 2746 5061 esse.
2777 4999 2900 5053 licet
2922 5001 3278 5069 semetipsum
3316 5000 3666 5053 adversarius

2083 5099 2137 5145 et
2160 5091 2359 5159 impius
2383 5101 2622 5160 opponat
2639 5091 2881 5145 divinam
2903 5093 3253 5161 surripiendo
3269 5096 3518 5157 gloriam.
3539 5089 3666 5145 ltleo

2081 5183 2270 5237 atlteos
2294 5196 2475 5236 errare
2497 5182 2620 5238 fecit
2646 5185 2861 5242 Graecos
2883 5185 3163 5239 elementis
3189 5201 3366 5240 rerum
3393 5194 3446 5238 et
3469 5187 3667 5240 daemo-
3707 5209 3710 5212 η

2083 5279 2188 5333 niis
2227 5279 2452 5332 delusos
2485 5281 2725 5348 deosque
2765 5290 3024 5333 iocantes
3077 5291 3380 5334 creaturas.
3424 5278 3664 5335 Omnino

2084 5375 2249 5440 igitur
2306 5387 2496 5426 amens
2521 5383 2575 5426 et
2612 5374 2849 5425 maxime
2920 5372 3133 5436 atlteus,
3187 5382 3241 5427 et
3300 5374 3664 5428 stultissimus

2085 5465 2478 5535 tlzentoniisque
2505 5466 2654 5533 pejor
2688 5464 2779 5533 qui
2818 5472 2976 5530 negat
3017 5463 3185 5519 Deum
3241 5483 3386 5521 esse.
3457 5467 3560 5532 Qui
3595 5481 3662 5519 ex

2087 5560 2249 5614 dictis
2272 5559 2382 5628 jam
2416 5561 2652 5627 primum
2700 5557 3072 5612 convincitur.

390 5660 490 5707 καὶ
541 5655 846 5717 sesamo;
900 5654 992 5706 καὶ
1026 5653 1426 5722 ἀφρονέστατος
1479 5657 1576 5709 καὶ
1625 5657 1822 5728 χείρων
1863 5658 1968 5711 τῶν
2013 5658 2308 5728 δαιμονίων
2349 5659 2374 5709 6
2433 5657 2507 5724 μὴ
2557 5654 2731 5721 λέγων
2767 5649 2910 5707 εἶναι
2976 5655 3133 5720 Θεὸν,
3187 5656 3282 5710 xui.
3351 5657 3414 5708 ὲκ
3469 5656 3662 5711 τούτου

399 5751 500 5817 μὲν
531 5747 754 5815 πρῶτον
782 5747 1196 5817 ἐλεγχθήσεται.
