4040 6202
372 346 375 347 ⁷
403 318 474 381 39
1058 305 1071 313 ’
1246 304 1631 369 ΒΥΜΕΟΝΙδ
1658 302 1759 363 ΤΗ
1769 300 2009 363 ESSAL‘

2117 294 2424 357 lCENSlS
2462 291 2823 354 ARCHIEP.
3613 283 3685 347 40

1035 420 1264 476 CAPUT
1283 418 1376 476 lll.

407 536 576 593 Deum
610 553 742 599 esse,
775 534 1160 589 denmnstratio
1195 530 1425 604 secunda
1454 530 1717 604 petitaab
1748 527 1862 604 ipso
1892 525 1995 604 lio.-

481 609 647 690 mjne,
673 596 766 678 qui
796 606 861 659 de
879 604 986 660 Deo
1013 607 1276 659 nationem
1290 602 1468 666 habet,
1494 599 1726 667 ιοιμιίηιι·
1750 606 1799 651 ει
1823 596 1999 663 inqui-

485 689 580 732 ηι.

482 788 686 844 Deinde
704 787 917 843 eruitur
934 795 1319 857 argumentum
1332 802 1398 840 ex
1424 786 1544 854 ipsa
1581 780 1823 837 hominis
1846 792 1998 833 meno

409 890 461 937 te
491 898 611 951 qua:
638 882 705 937 de
727 881 837 935 Deo
861 880 1101 950 indagat,
1159 880 1361 949 quippe
1409 877 1476 931 de
1524 875 1633 929 Deo
1665 873 1923 939 indagare
1945 878 2001 924 et

412 971 665 1026 meditari
693 971 887 1025 edocet
926 970 1095 1024 Deum
1126 985 1249 1025 esse
1278 968 1423 1023 illius
1460 966 1660 1020 mentis
1691 972 1998 1029 auctorem,

407 1071 462 1117 et
494 1063 669 1132 ipsum
697 1076 818 1116 esse
838 1070 1073 1116 mentem
1110 1069 1390 1115 aeternam.
1417 1056 1570 1112 Mens
1595 1063 1777 1111 autem
1810 1059 1998 1106 nostra

408 1158 477 1210 de
526 1155 638 1210 Deo
684 1153 863 1209 Verbo
915 1153 1193 1209 disserens
1254 1152 1435 1220 ipsum
1514 1147 1706 1209 Deum,
1762 1153 1997 1199 mentem

409 1259 668 1302 aeternam
692 1246 1031 1302 demonstrat
1062 1243 1302 1299 Verbum
1348 1241 1573 1297 habere.
1596 1238 1806 1293 Etcum
1849 1236 1998 1290 vivat

419 1340 467 1396 is
497 1340 590 1408 qui
619 1340 687 1395 de
712 1338 822 1394 Deo
853 1338 1147 1393 meditatur
1179 1346 1232 1391 et
1272 1335 1539 1405 loquitur,
1572 1331 1741 1386 vitam
1770 1343 1996 1400 quoque

415 1434 471 1489 in
508 1433 621 1487 Deo
678 1446 805 1488 esse
872 1438 1103 1487 testatur
1162 1427 1430 1496 Spiritum
1493 1436 1770 1481 sanctum.
1845 1420 2002 1478 Unde

411 1533 626 1579 constat
665 1534 903 1579 mentem
940 1522 1102 1578 istam
1164 1520 1441 1575 hominem
1489 1516 1810 1581 creavisse;
1871 1529 1999 1568 nam

408 1629 574 1667 oiizne
597 1612 743 1683 quod
773 1612 975 1666 lactant
1037 1618 1123 1665 est
1171 1619 1456 1663 auctorem
1536 1620 1695 1659 suum
1746 1603 1998 1674 inquirit.

412 1704 681 1769 Quoniam
734 1718 862 1757 vero
921 1716 1075 1756 mens
1152 1699 1392 1754 hominis
1453 1696 1770 1767 intelligens
1837 1702 2002 1749 estet

2028 418 2075 473 Δ

2712 403 2967 458 ΚΕΦΔΛ.
3006 403 3081 457 Γθ.

2100 522 2233 576 Ὀτι
2259 522 2394 575 ἔστι
2427 519 2594 586 Θεὸς,
2615 516 2927 582 ἀπόδειξις
2942 515 3196 586 δευτέρα
3219 514 3322 568 ἀπ’
3349 512 3541 586 αὑτοῦ
3573 511 3684 586 τοῦ

2167 593 2487 659 ἀνθρώπου
2521 582 2816 654 νῖοοῦντος
2862 586 2963 640 καὶ
2988 582 3280 655 λέγοντος
3309 583 3411 641 καὶ
3436 582 3685 652 ζητοῦν-

2170 679 2275 729 τος
2308 660 2447 728 περὶ
2484 660 2661 714 Θεοῦ.

2174 776 2409 829 Ἔπειτα
2460 772 2519 827 δὲ
2549 776 2644 829 καὶ
2675 772 2772 826 ἀπ’
2804 772 2974 826 αὐτοῦ
2999 768 3097 824 τοῦ
3142 768 3486 838 ἀνθρωπίνου
3533 766 3678 831 νοὸς,

2101 866 2398 937 ζητοῦντος
2421 867 2556 936 περὶ
2603 865 2741 919 Θεοῦ
2762 880 2779 896 ο
2806 863 2867 919 τὸ
2890 863 3073 934 ζητεῖν
3118 861 3226 930 γὰρ
3256 858 3385 927 περὶ
3417 856 3553 911 Θεοῦ
3582 855 3678 910 καὶ

2101 961 2350 1030 θεωρεῖν,
2372 959 2456 1013 ὅτι
2478 957 2611 1021 Θεός
2636 959 2788 1011 ἐστιν
2817 956 3128 1011 ἐκδιδάσκει
3165 954 3339 1016 αῖτιος
3367 950 3557 1006 τούτου
3582 948 3676 1003 τοῦ

2100 1054 2241 1120 νοὸς,
2274 1054 2374 1107 καὶ
2406 1048 2562 1116 οὗτος
2593 1052 2834 1125 ἄναρχος
2862 1049 3011 1113 νοῦς.
3036 1049 3149 1103 Καὶ
3178 1048 3207 1101 6
3242 1046 3367 1110 νοῦς
3394 1045 3451 1100 δὲ
3480 1047 3511 1099 6
3539 1043 3679 1117 ἠμέ-

2098 1162 2258 1215 τερος
2286 1145 2433 1216 λόγῳ
2481 1142 2726 1215 ἐρευνῶν
2758 1141 2893 1213 περὶ
2928 1141 3093 1206 Θεοῦ,
3140 1140 3233 1194 τὸν
3274 1139 3514 1208 ἄναρχον
3550 1135 3679 1190 νοῦν

2100 1237 2194 1291 τὸν
2224 1237 2380 1301 Θεὸν,
2406 1236 2504 1291 καὶ
2533 1236 2707 1305 Λόγον
2741 1235 2890 1305 ἔχειν
2917 1233 3186 1289 διδάσκει.
3219 1232 3331 1288 Καὶ
3371 1230 3483 1294 ζῶν
3513 1229 3570 1282 δὲ
3603 1227 3681 1282 ὢν

2099 1332 2129 1384 6
2163 1331 2299 1401 rupi.
2328 1329 2467 1383 Θεοῦ
2491 1327 2882 1397 διανοούμενος
2912 1326 3009 1379 καὶ
3036 1324 3241 1391 λαλῶν,
3295 1323 3391 1377 καὶ
3421 1318 3568 1392 ζωὴν
3617 1319 3680 1374 tv

2099 1421 2182 1493 τῷ
2213 1421 2335 1493 Θεῷ
2370 1416 2513 1475 εῖναι
2543 1420 2838 1491 μαρτυρεῖ,
2875 1418 2937 1472 τὸ
2983 1416 3215 1487 Πνεῦμα
3249 1415 3310 1469 τὸ
3353 1415 3547 1483 ἄγιονο
3583 1412 3682 1466 καὶ

2100 1515 2184 1569 ὅτι
2241 1512 2581 1584 δημιουργὸς
2632 1504 2788 1575 οὗτος
2824 1513 2854 1565 6
2900 1508 3027 1574 νοῦς
3071 1507 3168 1561 τοῦ
3213 1505 3529 1577 ἀνθρώπου.
3563 1505 3680 1561 Πᾶν

2102 1607 2210 1677 γὰρ
2240 1606 2465 1672 γεγονὸς
2494 1605 2651 1673 ζητεῖ
2682 1603 2879 1657 τούτου
2915 1603 3010 1656 τὸν
3058 1602 3256 1655 αἴτιον.
3295 1598 3453 1651 Ἐπεὶ
3478 1597 3534 1650 δὲ
3587 1596 3683 1650 καὶ

2103 1696 2292 1766 νοερὸς
2343 1696 2440 1749 καὶ
2470 1694 2787 1758 διαϐατικὸς
2839 1697 2868 1748 6
2924 1694 3052 1757 νοῦς
3092 1692 3186 1746 τοῦ
3223 1688 3536 1761 ἀνθρώπου,
3585 1686 3680 1741 καὶ

416 1811 543 1849 acer
589 1805 642 1849 et
680 1795 953 1864 expedita,
990 1806 1197 1847 necnon
1234 1790 1540 1861 praevidens
1571 1798 1626 1843 et
1647 1786 1988 1855 contempla-

2114 1780 2288 1859 ταχὺς,
2324 1788 2693 1858 προνοητικός
2724 1804 2785 1840 τε
2833 1786 2932 1840 καὶ
2980 1783 3320 1854 θεωρητικὸς
3372 1782 3480 1836 τῶν
3509 1780 3678 1833 όντων

416 1889 744 1951 tiva,rursus
790 1886 978 1940 eadem
1034 1886 1273 1939 divinam
1349 1891 1581 1938 testatur
1633 1890 1892 1947 mentem,
1941 1890 1997 1936 et

415 1984 683 2044 quantum
720 1977 834 2030 lieri
864 1984 1039 2042 potest
1057 1990 1174 2029 eam
1198 1974 1420 2044 ellingil;
1453 1988 1579 2027 nam
1602 1973 1649 2027 si
1683 1973 1845 2026 homo
1880 1980 1998 2026 tan-

419 2080 471 2122 ta
496 2067 598 2122 l'ert
630 2070 682 2120 in
738 2082 834 2121 sua
876 2076 1079 2131 mente,
1126 2082 1320 2136 magna
1382 2080 1512 2135 ergo
1568 2073 1654 2118 est
1704 2078 1878 2128 mens,
1947 2072 2002 2118 et

416 2161 535 2214 sine
585 2158 876 2229 principio,
928 2164 982 2212 et
1013 2157 1066 2210 in
1112 2166 1379 2211 azternum
1448 2153 1640 2209 vivens
1700 2154 1766 2207 ad
1825 2167 1990 2222 quam

416 2267 609 2307 omnes
661 2252 947 2321 eriguntur
987 2260 1217 2313 mentes,
1283 2264 1444 2317 quam
1506 2247 1820 2316 inquirunt,
1875 2262 2000 2317 quas

417 2353 505 2399 est
537 2343 715 2398 omnis
769 2341 1137 2409 intelligentiae
1177 2356 1281 2409 pax
1314 2350 1367 2393 et
1402 2340 1640 2408 requies.
1676 2338 1742 2393 Et
1774 2340 1889 2393 haec
1916 2349 2000 2395 est

425 2452 578 2491 mens
605 2444 810 2490 interna
844 2432 1081 2487 Verbum
1141 2447 1252 2499 seu,
1275 2432 1539 2486 rationem
1574 2429 1779 2485 habens
1808 2431 2007 2485 viven-

423 2539 566 2594 tem,
604 2528 671 2583 ad
706 2542 870 2598 quam
901 2527 1147 2582 elevatur
1205 2525 1389 2580 omnis
1434 2525 1613 2590 ratio;
1671 2540 1795 2578 nam
1853 2539 2008 2579 mens

423 2636 533 2675 non
579 2632 664 2676 est
720 2621 840 2674 sine
899 2618 1087 2681 verbo,
1143 2617 1216 2671 ita
1274 2625 1335 2671 ut
1396 2632 1551 2671 mens
1609 2625 1811 2669 aeterna
1862 2615 2008 2669 Deus

424 2717 583 2771 Pater
631 2727 685 2770 et
740 2712 979 2767 Verbum
1018 2711 1243 2775 habeat,
1269 2725 1359 2779 per
1391 2708 1531 2778 quod
1563 2708 1740 2762 solum
1772 2706 2009 2761 Verbum

426 2808 730 2876 Spiritualia
761 2806 945 2861 omnia
980 2814 1107 2859 sunt
1160 2802 1370 2856 ratione
1402 2800 1650 2869 praedita,
1685 2810 1793 2853 tam
1821 2800 2003 2869 angeli

423 2915 588 2970 quam
614 2899 832 2960 animat,
868 2896 1245 2965 sapientiaque
1272 2905 1323 2947 et
1352 2892 1600 2947 doctrina
1633 2893 1936 2961 replentur,
1957 2901 2011 2946 et

425 3006 580 3046 tuens
606 2990 707 3045 ista
729 2989 843 3044 sola
869 2996 921 3040 et
939 2989 1108 3056 prima
1136 2994 1189 3039 et
1214 2984 1400 3036 vivens
1429 2995 1483 3037 et
1503 2998 1716 3051 semper
1736 2983 2011 3037 exsistens

427 3081 592 3135 vitam
619 3079 670 3133 in
707 3078 1001 3146 semetipsa
1029 3087 1192 3143 atque
1227 3090 1290 3127 ex
1315 3074 1605 3142 semetipsa
1629 3073 2010 3142 procedentem

430 3171 623 3223 habeat
684 3179 737 3222 ct
788 3168 952 3230 (erat,
1034 3164 1295 3234 Spiritum
1362 3172 1612 3217 sanctum
1692 3178 1785 3230 per
1849 3177 2007 3230 quem

426 3259 729 3329 spiritualia
761 3258 945 3311 omnia
994 3254 1266 3325 spirituali
1303 3258 1412 3307 vita
1440 3254 1645 3319 vivant,
1694 3264 1747 3306 et
1779 3252 2008 3320 Spiritus

430 3354 540 3408 sint
597 3368 663 3407 ex
720 3348 949 3421 Spiritu,
1019 3358 1074 3403 et
1136 3347 1624 3402 sanctiﬁcationem
1689 3362 1756 3401 ex
1821 3356 2010 3400 sancto

432 3445 784 3514 participem,
810 3458 1020 3496 necnon
1046 3439 1419 3494 lortitudinem
1444 3448 1497 3492 et
1518 3448 1720 3492 motum
1744 3436 2015 3505 accipiant

428 3550 498 3590 ex
526 3533 621 3589 illo
642 3536 1018 3603 omnipotente
1035 3531 1125 3600 qui
1159 3530 1417 3585 omnibus
1442 3530 1738 3598 potentiam
1762 3529 2010 3599 largitur,

431 3629 555 3682 ideo
583 3636 638 3682 et
672 3627 788 3696 ipse
819 3626 910 3696 qui
955 3624 1122 3680 Deum
1153 3623 1340 3694 abjieit
1365 3631 1419 3676 et
1449 3622 1653 3692 cogitat
1684 3630 1739 3676 et
1791 3621 1925 3674 vivit
1961 3629 2016 3675 et

436 3717 671 3774 Verbum
707 3718 866 3773 habet
891 3716 946 3770 in
1004 3717 1320 3786 semetipso.
1367 3715 1536 3769 Deum
1595 3728 1725 3782 ergo
1775 3721 2007 3767 testatur

434 3811 597 3863 homo
660 3806 715 3862 in
779 3808 1097 3877 semetipso,
1178 3816 1516 3877 quapmpter
1582 3805 1849 3874 scriptum
1925 3817 2011 3860 εει

436 3902 711 3957 hominem
750 3900 820 3955 ad
857 3899 1153 3971 imaginem
1204 3898 1302 3952 Dei
1354 3896 1525 3953 fuisse
1568 3906 1839 3953 creatum.

1065 4012 1293 4071 CAPUT
1318 4014 1404 4070 ιγ.

435 4133 601 4188 Deum
623 4147 754 4196 esse,
779 4130 1159 4186 demonstratio
1184 4129 1343 4183 tertia
1367 4129 1429 4181 ab
1464 4128 1579 4193 ipsa
1639 4141 1928 4187 creatura:
1965 4145 2015 4190 et

506 4204 847 4328 productione
880 4202 1015 4270 ejus,
1057 4200 1192 4254 bona
1216 4200 1569 4265 ordinatione,
1604 4203 1937 4270 providentia
1960 4218 2008 4258 et

548 4275 913 4328 isuematioue.

548 4289 913 4342 repensatione.

508 4363 628 4431 Ipsa
657 4364 820 4415 etiam
852 4362 1057 4415 creatio
1105 4360 1373 4415 artiﬁcem
1426 4371 1678 4427 testatur,
1706 4373 1761 4417 et
1818 4362 1898 4417 las
1934 4374 2017 4417 est

2101 1880 2243 1943 ἐστὶ,
2275 1881 2549 1950 μαρτυρεῖ
2578 1879 2669 1931 τὸν
2702 1880 2847 1932 θεῖον
2875 1876 3002 1930 νοῦν
3039 1875 3203 1929 πάλιν
3241 1873 3430 1937 αὐτὸς,
3471 1871 3568 1924 καὶ
3599 1869 3675 1931 ὡς

2100 1972 2347 2035 δυνατὸν,
2372 1971 2538 2026 αὑτὸν
2555 1968 2892 2033 ἐξεικονίζει.
2923 1967 2984 2022 Et
3013 1967 3120 2039 γὰρ
3138 1966 3428 2035 ἄνθρωπος
3450 1960 3681 2020 τοιαῦτα

2104 2065 2261 2135 φέρει
2294 2067 2355 2117 tv
2390 2064 2471 2135 τῷ
2499 2064 2696 2117 ἑαυτοῦ
2735 2064 2840 2129 vol,
2877 2062 2986 2133 ἄρα
3020 2061 3113 2114 καὶ
3146 2059 3318 2130 μέγας
3361 2057 3481 2111 ἐστὶ
3534 2053 3682 2119 νοῦςο

2104 2158 2202 2212 καὶ⁸
2229 2158 2489 2229 ἄναρχος,
2522 2157 2619 2212 καὶ
2649 2158 2738 2211 ἀεὶ
2762 2155 2860 2221 ὣν,
2894 2156 3033 2225 πρὸς
3060 2154 3119 2208 ὃν
3148 2152 3449 2221 ἀνάγονται
3476 2150 3675 2210 πάντες

2105 2251 2245 2317 νόες,
2278 2256 2374 2304 καὶ
2425 2250 2485 2303 ὃν
2520 2249 2771 2320 ζητοῦσι,
2805 2250 2898 2303 καὶ
2933 2248 2991 2312 ὃς
3045 2247 3205 2317 μόνος
3246 2244 3449 2308 παντὸς
3483 2242 3676 2311 νοεροῦ

2108 2345 2227 2397 ἔστι
2256 2341 2354 2396 καὶ
2383 2341 2740 2403 κατάπαυσις
2773 2340 2871 2394 καὶ
2918 2339 3250 2401 ἀνάπαυσις.
3298 2336 3410 2390 Καὶ
3460 2328 3618 2397 οὗτος
3651 2333 3679 2385 6

2107 2434 2344 2504 ἄναρχος
2378 2432 2527 2498 νοῦς,
2564 2433 2726 2502 λόγον
2772 2432 2888 2502 ἔχει
2924 2431 3129 2496 ζῶντα,
3163 2429 3301 2500 πρὸς
3330 2429 3389 2483 6v
3419 2428 3685 2497 ἀναφέρε-

2107 2541 2198 2578 ται
2227 2524 2383 2593 λόγος
2413 2524 2580 2587 ἅπας.
2627 2524 2761 2577 Οὐδὲ
2809 2524 2921 2594 γάρ
2970 2525 3089 2577 ἐστι
3129 2523 3256 2587 νοῦς
3303 2524 3427 2595 δίχα
3496 2523 3676 2591 λόγου,

2110 2614 2254 2668 ὥστε
2299 2618 2327 2669 6
2359 2615 2595 2687 ἄναρχος
2624 2615 2749 2680 νοῦς
2786 2618 2814 2670 6
2851 2616 2985 2678 Θεὸς
3013 2616 3109 2669 καὶ
3153 2615 3344 2686 Πατὴρ
3372 2615 3470 2669 καὶ
3508 2617 3681 2684 Λόγον

2111 2708 2264 2778 ἔχει’
2303 2709 2370 2762 δι’
2410 2709 2470 2762 ὃν
2496 2709 2670 2776 Λόγον
2710 2709 2802 2762 τὸν
2852 2710 3032 2779 μόνον,
3059 2710 3155 2763 καὶ
3205 2709 3274 2763 τὰ
3307 2709 3470 2780 νοερά
3504 2709 3685 2765 πάντα

2113 2802 2218 2853 εἰσὶ
2248 2799 2462 2867 λογικὰ,
2500 2800 2549 2853 oi
2572 2798 2792 2867 ἄγγελοί
2826 2816 2886 2853 τε
2919 2800 3015 2853 καὶ
3039 2800 3094 2853 ai
3128 2798 3322 2869 ψυχαὶ,
3360 2800 3455 2855 καὶ
3489 2802 3687 2869 σοφίας

2114 2892 2527 2963 πεπληρωμένα
2564 2893 2662 2946 καὶ
2713 2892 2971 2960 γνώσεως
2993 2909 3007 2923 ·
3042 2894 3139 2947 καὶ
3164 2893 3319 2955 οὗτος
3351 2896 3379 2947 ό
3425 2892 3549 2956 νοῦς
3595 2895 3690 2947 καὶ

2117 2985 2280 3052 μόνος
2312 2984 2407 3037 καὶ
2440 2984 2658 3054 πρῶτος
2703 2986 2798 3038 καὶ
2829 2985 2963 3049 ζῶν,
2991 2987 3087 3038 καὶ
3116 2986 3206 3039 ἀεὶ
3254 2984 3352 3053 ὢν,
3396 2987 3490 3040 καὶ
3544 2985 3691 3057 ζωὴν

2117 3078 2173 3129 tv
2204 3076 2385 3146 ἑαυτῴ
2411 3078 2505 3130 καὶ
2539 3075 2600 3141 ἐξ
2648 3076 2846 3130 ἑαυτοῦ
2874 3077 3178 3147 προϊοῦσαν
3208 3077 3324 3147 ἔχει
3377 3078 3469 3130 καὶ
3503 3077 3689 3148 φέρει,

2114 3171 2175 3221 τὸ
2214 3169 2441 3238 Πνεῦμα
2475 3169 2538 3222 τὸ
2570 3169 2750 3237 ἆγιον,
2781 3169 2852 3222 δι’
2871 3162 2932 3222 οῦ
2964 3170 3151 3223 καὶτὰ
3174 3169 3336 3240 νοερὰ
3359 3171 3538 3224 πάντα
3563 3188 3686 3226 νοε-

2117 3262 2224 3332 ρῶς
2262 3260 2430 3326 ζῶσιν
2488 3263 2553 3315 ἐκ
2622 3262 2791 3331 ζωῆς,
2844 3263 2938 3316 καὶ
2985 3263 3277 3334 πνεύματά
3309 3265 3447 3317 εἰσιν
3484 3266 3548 3317 ὲκ
3597 3263 3695 3316 τοῦ

2115 3350 2454 3422 Πνεύματος,
2484 3352 2579 3406 καὶ
2615 3352 2893 3421 ἀγιασμοῦ
2930 3353 3152 3423 μετέχει
3180 3356 3243 3407 ὲκ
3274 3354 3366 3406 τοῦ
3388 3354 3570 3422 ἁγίου,
3593 3354 3691 3408 καὶ

2115 3443 2406 3512 δυνάμεως
2434 3443 2491 3496 δὲ
2520 3443 2615 3496 καὶ
2648 3445 2921 3512 κινήσεως
2948 3446 3012 3497 ὲκ
3038 3446 3131 3498 τοῦ
3157 3445 3572 3513 παντοδυνάμου
3599 3445 3694 3499 καὶ

2115 3538 2251 3590 πᾶσι
2280 3537 2514 3599 διδόντος
2556 3535 2812 3607 δύναμιν.
2852 3538 2943 3591 Διὸ
2996 3540 3089 3591 καὶ
3138 3538 3299 3603 αὐτὸς
3346 3540 3373 3591 6
3421 3539 3512 3595 τὸν
3552 3538 3686 3593 Θεὸν

2120 3629 2333 3686 ἀθετῶν
2371 3633 2468 3685 καὶ
2500 3632 2610 3684 νοεῖ
2648 3634 2739 3683 καὶ
2770 3630 2862 3699 ζῇ,
2919 3636 3013 3684 καὶ
3062 3630 3218 3700 λόγον
3248 3631 3364 3701 ἔχει
3393 3631 3451 3685 tv
3485 3630 3687 3701 ἐαυτῷ.

2120 3722 2227 3775 Τὸν
2256 3721 2392 3776 Θεὸν
2424 3722 2533 3791 ἄρα
2574 3725 2847 3793 μαρτυρεῖ
2880 3722 3167 3793 ἅνθρωπος
3202 3723 3260 3778 tv
3292 3724 3495 3794 ἐαυτῷ.
3538 3725 3696 3780 Ἐπεὶ

2117 3815 2213 3869 καὶ
2242 3813 2364 3871 κατ’
2395 3814 2581 3868 εἰκόνα
2610 3813 2666 3887 ﬁ.
2690 3813 2826 3869 Θεοῦ
2860 3816 2888 3868 6
2922 3815 3210 3887 ἄνθρωπος
3248 3817 3582 3889 γέγραπται.

2714 4019 2963 4072 ΚΕΦΑΛ.
3012 4018 3085 4072 A'.

2120 4130 2249 4184 Ὀτι
2274 4130 2404 4202 ἐστι
2458 4132 2622 4202 Θερς,
2655 4130 2968 4195 ἀπόδειξις
3017 4132 3183 4202 τρίτη
3216 4130 3321 4184 ἀπ’
3355 4131 3546 4199 αὐτῆς
3578 4134 3691 4202 τῆς

2191 4201 2467 4272 κτίσεως,
2487 4199 2695 4272 τῆς-τε
2727 4199 3112 4272 παραγωγῆς,
3144 4204 3243 4255 καὶ
3270 4204 3567 4272 εὐταξίας,
3594 4199 3695 4261 καὶ

2188 4270 2495 4336 προνοίας,
2529 4270 2627 4321 καὶ
2650 4269 3007 4338 διοικήσεως
3046 4272 3263 4340 αὐτῆς.

2193 4361 2303 4413 Καὶ
2332 4358 2472 4430 αὕτη
2503 4360 2560 4412 δὲ
2612 4361 2706 4413 καὶ
2746 4362 2925 4427 κτίσις
2954 4364 3046 4416 τὸν
3086 4364 3422 4436 δημιουργὸν
3485 4383 3695 4435 μαρτυε

436 4472 501 4510 ει
530 4453 835 4509 visibilihus
862 4452 1098 4506 visibilia
1142 4453 1479 4522 conspicere.
1503 4453 1661 4521 Quod
1702 4456 1777 4508 ait
1809 4455 2009 4509 Paulus

2126 4456 2211 4525 ρεῖ
2234 4470 2247 4483 ”
2304 4455 2399 4507 καὶ
2430 4456 2493 4506 ὲκ
2525 4454 2636 4507 τῶν
2664 4457 2959 4527 ὁρωμένων
2998 4459 3090 4512 τὸν
3123 4460 3356 4528 ἀόρατον
3392 4460 3507 4513 ἔστι
3543 4478 3697 4519 κατι-

439 4549 721 4602 scrihens:
750 4564 768 4597 ι
793 4543 1087 4599 lnvisibilia
1110 4545 1281 4615 ipsius
1302 4560 1332 4599 a
1358 4557 1607 4600 creatura
1629 4546 1816 4601 mutuli
1838 4549 1931 4616 pe‘r
1951 4561 2015 4600 ca

438 4655 561 4711 qua}
589 4639 727 4693 facta
752 4648 878 4694 sunt
900 4639 1172 4693 intellecta
1191 4639 1643 4709 conspiciuntur:
1684 4639 2015 4708 sempiterna

440 4747 662 4802 quoque
689 4730 808 4801 ejus
834 4730 1008 4784 virtus
1030 4742 1084 4784 et
1108 4730 1388 4784 divinitas.
1416 4749 1435 4781 ›
1475 4732 1606 4796 Quis
1629 4732 1773 4784 enim
1799 4746 2014 4785 sursum

446 4822 628 4893 posuit
658 4820 1057 4890 cmlum‘iquis
1093 4821 1147 4874 in
1198 4824 1378 4875 medio
1445 4821 1825 4890 terraniiqnis
1888 4820 2017 4874 illud

447 4912 667 4983 quidem
696 4911 814 4965 sine
850 4911 1031 4980 quiete
1057 4921 1262 4979 movet,
1288 4920 1509 4979 tamque
1542 4913 1769 4980 pulchro
1789 4912 1981 4966 ordine
2004 4950 2021 4976 ,

453 5010 580 5060 huic
638 5022 766 5060 vero
830 5012 1151 5075 potestatem
1226 5004 1377 5057 dedit
1445 5003 1660 5072 plantas
1723 5006 2020 5057 secundum

451 5109 696 5168 tempora
735 5096 1067 5166 producendi
1090 5095 1113 5148 ?
1136 5092 1286 5148 Unde
1310 5094 1410 5147 soli
1443 5093 1702 5163 splendor
1732 5104 1789 5149 et
1808 5095 2024 5149 virtus?

450 5188 699 5252 Quanam
746 5200 908 5239 manu
942 5185 1280 5253 gubernatus
1332 5191 1481 5235 motu
1525 5186 1700 5238 fertur
1733 5186 1945 5248 orbico,
1972 5198 2026 5240 et

452 5293 616 5333 cursu
653 5278 905 5347 Opposita
940 5292 1158 5330 rursum
1187 5275 1459 5330 volvitur?
1495 5271 1650 5337 Unde
1680 5276 1821 5331 luna:
1838 5294 2027 5346 peren-

451 5386 549 5424 nes
579 5380 631 5423 et
655 5369 883 5423 diversa:
898 5368 995 5423 via:
1016 5366 1198 5422 iNuut
1231 5384 1295 5423 ex
1332 5383 1463 5423 casu
1489 5369 1629 5437 ignis
1657 5369 1875 5438 quidem
1904 5386 2028 5423 sur-

451 5479 573 5518 sum
604 5462 775 5515 fertur
803 5470 856 5515 et
884 5461 1025 5517 lucet
1043 5471 1098 5517 et
1117 5460 1390 5532 splendet;
1419 5476 1562 5532 aqua
1581 5471 1759 5516 autem
1774 5463 2027 5517 deorsum

455 5556 625 5610 tendit
642 5566 696 5609 et
716 5565 861 5608 motu
879 5554 1022 5610 facili
1036 5555 1366 5611 distenditur
1381 5572 1397 5621 ;
1414 5571 1505 5610 aer
1524 5570 1653 5610 vero
1669 5556 2033 5628 undequaque

453 5657 721 5710 lllO'lellll‘,
754 5658 807 5701 et
843 5647 1004 5703 llatus
1054 5646 1294 5701 emittit?
1347 5646 1504 5703 Unde
1542 5648 1810 5704 elementa
1843 5649 2028 5703 omnia

451 5743 727 5796 contrarie
759 5749 812 5795 et
847 5748 1208 5797 consentanee
1244 5740 1536 5809 habentur,
1602 5752 1656 5798 ct
1681 5742 1755 5800 ita
1793 5744 2033 5799 mundus

2118 4549 2247 4601 δεῖν.
2284 4546 2393 4599 Καὶ
2419 4545 2577 4600 τοῦτό
2609 4565 2776 4618 φησιν
2804 4552 2830 4602 6
2865 4550 3095 4615 Παῦλος,
3127 4552 3375 4620 γράφων·
3415 4570 3434 4604 ι
3473 4553 3555 4605 Τὰ
3584 4553 3695 4625 γὰρ

2120 4637 2332 4706 ἀόρατα
2369 4637 2536 4691 αὐτοῦ
2569 4640 2677 4691 ἀπὸ
2729 4640 2963 4704 κτίσεως
3010 4642 3218 4709 κόσμου
3278 4644 3392 4705 τοῖς
3424 4645 3695 4713 ποιήμασι

2122 4730 2391 4800 νοούμενα
2444 4732 2770 4802 καθορᾶται,
2821 4734 2855 4802 ἦ
2905 4751 2965 4786 τε
3024 4735 3194 4798 ἀῖδιος
3238 4738 3405 4790 αὑτοῦ
3467 4739 3698 4803 δύναμις

2123 4823 2216 4875 καὶ
2245 4824 2480 4891 θειότης.
2524 4842 2544 4875 ι
2575 4824 2667 4885 Τίς
2699 4824 2861 4892 ἔθηκε
2892 4826 2999 4890 γὰρ
3030 4826 3143 4879 ἄνω
3170 4829 3262 4879 τὸν
3309 4830 3569 4898 οὐρανόνς
3599 4830 3695 4891 Τίς

2124 4918 2181 4969 ὲν
2216 4915 2292 4985 τῷ
2320 4917 2469 4986 μέσῳ
2512 4918 2612 4986 τὴν
2642 4916 2786 4985 γῆν;
2848 4918 2944 4980 Τίς
3002 4920 3208 4972 ἐκεῖνον
3249 4922 3349 4991 μὲν
3399 4922 3695 4983 ἀπαύστως

2128 5012 2307 5074 κινεῖ,
2343 5012 2438 5062 καὶ
2474 5009 2648 5072 οῦτως
2683 5011 2992 5077 εὐτάκτως,
3020 5012 3195 5085 ταύτῃ
3216 5013 3271 5065 δὲ
3301 5013 3443 5065 κατὰ
3473 5014 3700 5083 καιροὺς

2129 5101 2405 5168 ἁρμοδίως
2442 5100 2765 5169 βλαστάνειν
2796 5101 3028 5170 δύναμιν
3056 5102 3298 5166 δέδωκε;
3330 5103 3501 5155 Πόθεν
3528 5104 3585 5156 δὲ
3616 5104 3694 5173 τῷ

2129 5192 2264 5262 ἡλίῳ
2296 5193 2549 5261 super;
2589 5195 2679 5245 καὶ
2696 5191 2959 5262 δύναμις;
2989 5194 3146 5263 Παρὰ
3173 5195 3315 5257 τίνος
3349 5194 3405 5246 δὲ
3447 5198 3543 5249 καὶ
3576 5212 3701 5249 συν-

2130 5288 2409 5352 εχόμενος,
2476 5286 2707 5355 φέρεται
2758 5287 3212 5355 κυκλοφορικῶς,
3254 5289 3348 5339 καὶ
3406 5290 3499 5353 τὴν
3548 5290 3702 5341 tvav-

2130 5377 2251 5428 τίαν
2280 5375 2438 5439 αὖθις
2466 5375 2713 5445 βαδίζει;
2750 5379 2923 5433 Πόθεν
2946 5379 3002 5438 δὲ
3033 5382 3099 5447 τῇ
3135 5378 3337 5451 σελήνῃ
3369 5381 3424 5432 αἱ
3457 5383 3706 5450 συνεχεῖς

2131 5466 2224 5520 τοῦ
2249 5468 2489 5535 φέγγους
2517 5469 2614 5520 καὶ
2662 5468 2761 5531 τῆς
2798 5471 3066 5539 κινήσεως
3100 5470 3406 5539 μεταϐολαὶ
3429 5496 3456 5537 ,·
3507 5474 3615 5526 τῶν
3650 5489 3709 5524 τε

2133 5559 2311 5613 ἄλλων
2350 5560 2596 5631 ἀστέρων
2642 5562 2699 5614 αἱ
2734 5563 2978 5616 ποικίλαι
3014 5563 3125 5617 ὁδοὶ
3160 5563 3257 5618 καὶ
3288 5564 3580 5634 διάφοροι;
3641 5566 3713 5616 Ἢ

2136 5655 2276 5708 κατὰ
2309 5654 2483 5727 τύχην
2519 5655 2596 5725 τῷ
2627 5655 2763 5725 tropi
2799 5655 2901 5724 μὲν
2941 5656 3002 5709 τὸ
3033 5656 3147 5709 ἄνω
3176 5656 3393 5727 τρέχειν
3415 5660 3507 5710 καὶ
3542 5656 3709 5723 φωτί-

2137 5748 2253 5812 ζειν
2283 5750 2375 5802 καὶ
2406 5749 2651 5818 φλέγειν.
2688 5750 2765 5803 τῶ
2816 5748 2973 5803 ὕδατι
3023 5750 3077 5804 δὲ
3130 5751 3191 5803 τὸ
3224 5752 3374 5805 κάτω
3423 5748 3710 5820 φέρεσθαι,
