4040 6202
423 292 497 356 43
1281 279 1654 345 SYMEONIS
1683 273 2428 338 THESSALONICENSIS
2458 272 2814 335 ARCHIEP.
3635 274 3705 341 η

427 406 734 477 gubernare
767 418 781 467 ;
834 414 957 455 cum
984 398 1101 454 sint
1141 396 1195 451 in
1246 396 1467 451 modum
1499 390 1893 455 multitudinis,
1931 402 2013 445 se-

2123 388 2213 441 καὶ
2239 388 2302 441 οὐ
2331 388 2548 442 δυνατοὶ
2577 388 2793 442 ἔσονται
2822 388 2881 440 τὸ
2920 386 3026 441 πᾶν
3072 385 3344 457 συνέχειψ
3380 390 3475 443 καὶ
3507 388 3593 443 ὅτι
3624 392 3702 455 ὡς

424 497 605 553 ditiosi
634 500 816 553 erunt.
836 500 890 547 et
913 497 1177 561 potestate
1199 487 1482 551 contrarii,
1518 493 1570 541 el
1589 500 1698 539 non
1736 482 1833 537 dii.
1853 480 2021 551 Quip-

386 628 399 646 .
424 604 491 659 pe
551 601 713 657 vestis
747 583 887 638 Deus
946 589 1029 637 est
1051 580 1294 635 omnium
1316 578 1602 642 Dominus,
1630 574 2015 629 universorum

424 679 629 749 opifex,
666 688 948 746 rapaxque
980 672 1165 726 omnia
1209 668 1570 739 gubernandi.
1643 664 1747 721 Sed
1780 665 1827 720 si
1859 664 2015 719 multi

428 776 560 824 sunt
588 776 641 822 et
673 766 896 827 diversi,
928 770 1090 817 erunt
1134 769 1188 814 et
1221 758 1396 824 ﬁniti;
1423 768 1478 814 et
1508 758 1550 813 si
1579 756 1739 823 finiti,
1770 754 1971 809 inﬁrmi
1999 772 2015 820 ;

433 866 491 914 et
520 856 747 928 proinde
800 864 1146 922 nequaquam
1184 849 1610 918 omnipotentes.
1670 846 1747 902 Ex
1777 860 1843 901 co
1870 845 2015 915 quod

424 948 674 1001 diversas
698 943 934 997 habeant
953 948 1270 1011 potestates,
1292 938 1600 993 ostenditur
1622 951 1717 992 eos
1759 950 1867 990 non
1893 949 2016 990 csse

427 1038 857 1107 omnipotentes;
887 1042 943 1089 et
963 1042 1251 1103 propterea
1280 1030 1382 1085 sibi
1408 1030 1638 1084 invicem
1684 1027 2015 1093 contrarios,

433 1131 667 1199 ideoque
696 1127 801 1184 sibi
822 1134 1013 1180 mutuo
1048 1126 1419 1179 adversantes.
1453 1122 1683 1190 Insuper
1715 1122 1783 1184 si,
1814 1128 1873 1174 ut
1927 1119 2013 1173 di-

429 1232 651 1288 xerunt,
678 1217 906 1275 masculi
940 1225 1069 1273 sunt
1113 1224 1169 1270 et
1201 1214 1438 1280 feminae,
1475 1223 1529 1269 et
1560 1212 1862 1269 secundum
1924 1226 2017 1283 ge-

400 1342 403 1343 ν
431 1330 536 1370 nus
560 1312 805 1369 distincti
835 1319 1017 1374 erunt,
1052 1315 1107 1364 et
1130 1322 1361 1377 corpora
1385 1306 1587 1361 habent
1616 1304 1843 1378 (corpus
1867 1304 2013 1359 enim

428 1408 671 1476 implicat
703 1418 870 1461 sexus
894 1401 1230 1471 diversitas),
1260 1408 1315 1455 et
1350 1398 1699 1469 passionibus
1760 1397 2011 1465 obnoxii,

428 1514 641 1554 necnon
687 1497 942 1553 omnibus
962 1507 1084 1565 qua:
1116 1507 1179 1548 ex
1208 1494 1311 1547 hoc
1334 1492 1512 1547 fluunt
1534 1507 1549 1545 :
1569 1489 1906 1559 corruptioni
1961 1497 2015 1544 et

404 1590 793 1647 immunditia:
816 1599 873 1643 et
894 1586 1214 1657 pollutioni;
1241 1600 1363 1640 nam
1397 1583 1465 1638 ad
1486 1598 1659 1654 genus
1686 1598 1845 1637 suum
1865 1582 2014 1651 quis-

400 1683 875 1756 rquemovebitur.
910 1678 975 1734 Et
995 1680 1041 1735 si
1067 1679 1218 1735 initia
1264 1679 1595 1739 habuerunt,
1641 1683 1804 1734 erunt
1850 1676 2009 1745 primi

2123 479 2326 550 πλῆθος
2373 478 2549 543 ὄντες,
2597 481 2693 533 καὶ
2741 478 3062 542 στασιώδεις
3108 477 3350 543 ἔσονται,
3406 482 3504 534 καὶ
3538 481 3699 538 ἐναν-

2121 570 2229 624 τίοι
2260 574 2328 641 τῇ
2373 571 2624 641 δυνάμει,
2674 571 2771 625 καὶ
2806 572 2869 624 οὐ
2906 570 3042 626 θεοί.
3089 571 3224 634 Θεὸς
3273 573 3382 643 γὰρ
3417 574 3627 645 ἀληθὴς
3674 578 3702 627 ό

2125 662 2345 717 πάντων
2397 663 2711 731 δεσπότης,
2767 664 2863 716 καὶ
2928 663 3133 725 παντὸς
3196 663 3558 734 δημιουργὸς,
3606 670 3704 720 καὶ

2124 754 2305 808 πάντα
2350 756 2719 826 διακυὸερνᾷν
2770 754 3057 825 ἐξισχύων.
3104 756 3269 810 Ἀλλὰ
3307 758 3402 812 καὶ
3432 775 3704 828 περιγρα-

2121 847 2273 914 πτοὶ,
2310 850 2359 901 εί
2396 848 2579 903 πολλοί
2636 848 2745 902 εἰσι
2798 848 2896 901 καὶ
2946 848 3218 919 διάφοροι.
3264 849 3377 903 Καὶ
3433 852 3482 905 εί
3551 870 3705 924 περι-

2118 937 2379 1007 γραπτοὶ,
2405 936 2673 1000 ἀσθενεῖς,
2709 938 2805 991 καὶ
2852 937 2914 990 οὐ
2956 938 3361 1009 παντοδύναμοι
3413 941 3545 1012 ἄρα.
3594 944 3706 999 Καὶ

2118 1033 2181 1086 τὸ
2212 1033 2509 1102 διαφόρους
2557 1030 2615 1084 δὲ
2646 1031 2910 1101 δυνάμεις
2955 1029 3104 1101 ἔχειν
3144 1034 3207 1084 οὐ
3243 1034 3696 1104 παντοδυνάμους

2121 1125 2321 1187 αὐτοὺς
2352 1124 2529 1194 δηλοῖ,
2561 1124 2656 1176 καὶ⁵
2686 1124 2751 1175 ὲκ
2780 1123 2972 1175 τούτου
2996 1124 3271 1187 ἐναντίους
3299 1124 3576 1195 ἀλλήλοις,
3608 1128 3704 1180 καὶ

2122 1215 2465 1286 μαχομένους
2516 1216 2645 1286 ἄρα.
2708 1215 2771 1267 Ei
2816 1214 2872 1266 δὲ
2923 1214 3014 1267 καὶ
3062 1216 3294 1286 ἄῤῥενες
3328 1219 3423 1269 καὶ
3459 1218 3703 1288 θήλειαι,

2120 1308 2195 1372 ὥς
2244 1325 2431 1377 φασιν,
2463 1309 2594 1373 εἰσὶ,
2647 1309 2743 1361 καὶ
2797 1308 2944 1361 κατὰ
3000 1307 3061 1359 τὸ
3125 1308 3280 1375 γένος
3340 1311 3705 1382 ἠλλοιωμένοι.

2117 1400 2355 1464 τελοῦσι,
2384 1401 2480 1453 καὶ
2509 1400 2740 1471 σώματα
2771 1401 3105 1471 τυγχάνουσι
3139 1418 3151 1431 ·
3192 1402 3462 1472 σωμάτων
3498 1406 3606 1475 γὰρ
3645 1407 3704 1457 τὸ

2118 1495 2253 1567 θῆλυ
2290 1496 2385 1548 καὶ
2421 1496 2592 1567 ἄῤῥεν
2631 1512 2645 1526 ο
2680 1499 2777 1550 καὶ
2805 1495 3098 1565 ἐμπαθεῖς,
3136 1497 3228 1553 καὶ
3251 1496 3415 1569 τομὴ,
3453 1503 3548 1555 καὶ
3574 1500 3699 1570 ρεῦ·

2122 1604 2206 1650 σις
2255 1589 2319 1640 ὲκ
2373 1586 2589 1649 τούτου,
2624 1589 2719 1641 xai.
2754 1588 2931 1659 φθορὰ
2972 1592 3102 1659 περὶ
3153 1590 3401 1654 τούτους,
3434 1593 3526 1646 καὶ
3560 1576 3701 1645 ἀδια-

2117 1678 2320 1749 θαρσία
2391 1680 2527 1748 παρ’
2559 1681 2742 1743 αὐτοῖς
2796 1680 2890 1732 καὶ⁸
2936 1681 3244 1751 μολυσμός.
3279 1682 3420 1753 Πρὸς
3471 1683 3580 1753 γὰρ
3641 1685 3703 1736 τὸ

429 1789 485 1833 et
516 1776 742 1848 posteri,
770 1781 823 1829 et
844 1773 936 1828 alii
974 1772 1064 1840 qui
1096 1780 1219 1841 post
1248 1771 1407 1835 istos,
1428 1779 1487 1823 ut
1510 1768 1770 1823 effutiunt
1817 1766 2010 1831 Graeci.

2134 1771 2291 1837 γένος
2328 1772 2495 1825 αὑτοῦ
2531 1771 2850 1843 κινούμενος
2881 1773 3036 1827 ἔσται
3086 1773 3337 1838 ἕκαστος.
3390 1776 3450 1829 Ei
3501 1776 3558 1830 δὲ
3606 1778 3703 1831 καὶ

404 1894 419 1911 ι»
434 1872 756 1940 inceperunt
792 1880 932 1921 esse.
951 1864 1019 1917 At
1034 1860 1386 1934 quomodo'hi
1415 1868 1541 1917 sunt
1559 1860 2019 1930 principes?quo-

405 1964 591 2017 rmodo
621 1958 811 2015 mundi
845 1955 1123 2012 rectores?
1158 1954 1225 2007 Et
1246 1953 1292 2009 si
1311 1952 1509 2009 cmlum
1559 1960 1643 2005 est
1707 1952 1825 2005 sine
1867 1950 2022 2021 prin-

419 2054 599 2125 cipio,
622 2061 690 2106 ut
731 2052 915 2120 inepte
937 2046 1188 2118 garriunt
1236 2045 1436 2109 Graeci,
1463 2045 1741 2115 quomodo
1793 2046 2015 2115 quidam

398 2182 399 2185 η
429 2147 626 2203 cadum
657 2151 874 2213 regunt,
911 2138 1222 2209 coelumque
1240 2137 1509 2204 habitant,
1538 2137 1626 2207 qui
1665 2146 1784 2206 post
1813 2136 2016 2192 ctelum

433 2242 565 2298 facti
586 2240 756 2296 sunt?
780 2236 857 2290 Ex
876 2236 967 2291 bis
992 2244 1048 2291 et
1069 2232 1346 2290 similibus
1361 2231 1573 2287 ridendi
1604 2239 1733 2287 sunt
1751 2229 2016 2295 dicentes.

418 2334 617 2403 plures
668 2341 791 2383 esse
838 2326 993 2380 deos.
1049 2322 1104 2377 Si
1139 2335 1268 2377 vero
1317 2329 1600 2375 creaturas
1656 2319 1711 2372 in
1789 2332 2019 2373 numero

416 2420 1003 2479 .deorutu'habucrum
1025 2414 1226 2479 Graeci,
1259 2410 1433 2467 multo
1466 2410 1639 2481 magis
1656 2409 1836 2464 adhuc
1857 2419 2020 2463 erunt

436 2513 938 2587 perridiculi;.nam
966 2508 1097 2578 ipsae
1144 2521 1242 2562 sua
1268 2510 1546 2574 potestate
1591 2511 1644 2556 et
1691 2502 1889 2555 virtute
1941 2512 2018 2555 te-

432 2618 655 2667 stantur
681 2621 739 2661 se
765 2618 885 2659 esse
909 2615 1118 2665 servas,
1176 2606 1229 2673 et
1287 2595 1515 2665 exiguas
1566 2601 1619 2648 et
1646 2592 1913 2656 infirmas,
1965 2601 2019 2646 et

422 2700 667 2756 aliunde
685 2696 795 2750 vim
823 2702 876 2749 et
902 2700 1108 2746 motum
1134 2700 1422 2757 accepere;
1460 2685 1591 2750 imo,
1613 2682 1874 2753 quoniam
1910 2681 2019 2735 vir-

434 2804 524 2848 tus
554 2803 742 2847 earum
759 2795 811 2841 et
840 2793 1018 2838 motus
1043 2780 1200 2835 nobis
1222 2776 1541 2831 hominibus
1571 2782 2013 2844 cognoscuntur;

426 2900 562 2941 nam
589 2883 710 2939 caeli
741 2878 1093 2943 siderumque
1124 2880 1333 2925 motum
1363 2867 1547 2923 sciunt
1578 2865 1865 2929 homines;
1896 2865 2016 2918 ideo

415 2995 537 3034 -ncc
559 2977 784 3037 castum,
816 2985 915 3025 nec
943 2976 1091 3021 astra
1122 2978 1224 3027 nec
1240 2961 1538 3031 quidquam
1567 2972 1755 3012 eorum
1780 2973 1901 3027 qua:
1932 2957 2015 3011 vi-

424 3073 660 3133 dentur,
688 3065 835 3118 Deus
861 3068 967 3124 cst,
991 3065 1119 3111 sunt
1142 3061 1324 3109 autem
1343 3052 1439 3106 Dei
1464 3050 1844 3104 universorum
1865 3064 2017 3104 crea-

435 3174 569 3216 turrc
595 3176 611 3223 ;
640 3159 794 3211 abeo
815 3152 960 3208 enim
994 3157 1045 3203 et
1068 3144 1364 3217 potentiam
1389 3152 1441 3197 et
1468 3140 1841 3197 exsistentiam
1865 3155 2017 3195 acce-

431 3245 859 3323 perunt.‘Ncque
878 3242 1039 3296 etiam
1063 3235 1374 3307 spirituales
1400 3232 1627 3286 virtutes
1646 3230 1721 3323 dii
1755 3230 2013 3323 sun—used

418 3321 747 3416 'spirituales
764 3335 1169 3392 Dei'creaturte,
1190 3340 1420 3396 quarum
1461 3323 1579 3377 aliae
1601 3321 1818 3416 quidem
1846 3321 2014 3416 Deum

423 3413 685 3492 videntes
726 3441 892 3500 atque
944 3423 1257 3485 laudantes,
1298 3416 1391 3472 Dei
1429 3424 1557 3471 sunt
1580 3413 1851 3479 ministri;
1896 3414 2015 3468 alia

446 3545 571 3585 vero
590 3526 828 3598 pessima
856 3518 1133 3573 voluntate
1146 3511 1215 3568 ab
1234 3523 1299 3564 eo
1318 3514 1666 3562 recesserunt
1682 3513 1733 3558 et
1751 3513 2017 3560 vocantur

440 3618 860 3685 d2monia,quaa
888 3619 1132 3665 errorem
1165 3600 1370 3655 Graacis
1397 3598 1800 3666 imposuerunt.

2046 3114 2155 3213 δὴ

2125 1863 2295 1932 ἁρχαὶ
2343 1864 2478 1933 παρ’
2510 1865 2697 1928 αὐτοῖς
2753 1867 2848 1918 καὶ
2901 1866 3111 1935 πρῶτοι
3161 1869 3257 1920 καὶ
3313 1865 3556 1936 ὕστεροι,
3606 1869 3702 1922 καὶ

2125 1955 2265 2023 μετὰ
2285 1954 2510 2018 τούτους
2544 1955 2718 2020 ἄλλοι,
2758 1956 2834 2019 ὼς
2865 1958 3130 2029 Ἕλληνες
3169 1959 3567 2029 φληναφοῶιν,
3598 1963 3699 2031 ἀρ-

2121 2042 2221 2115 χὴν
2258 2044 2557 2115 ἐσχηκότες
2583 2045 2709 2100 εἰσί.
2736 2047 2846 2100 Καί
2876 2047 2992 2112 πῶς
3024 2048 3088 2102 ἂν
3116 2052 3377 2122 ἄρχοντες
3407 2050 3552 2104 οὗτοι
3580 2070 3593 2119 ;
3627 2054 3698 2106 Ἢ

2119 2135 2241 2199 πῶς
2260 2134 2534 2207 διοικηταὶ
2555 2136 2664 2189 τῶν
2697 2137 2790 2191 τοῦ
2821 2140 3027 2209 κόσμου
3050 2157 3064 2205 ;
3092 2142 3196 2194 Καὶ
3228 2144 3275 2194 εἰ
3300 2142 3527 2212 οὐρανός
3550 2145 3697 2199 ἐστιν

2119 2229 2377 2299 ἄναρχος,
2399 2228 2475 2290 ὥς
2496 2227 2759 2300 Ἕλληνες
2784 2229 3121 2301 ληδωροῦσι,
3141 2232 3257 2296 πῶς
3276 2233 3531 2304 ἡγοῦνταί
3553 2253 3699 2299 τινες

2118 2318 2212 2372 τοῦ
2246 2318 2504 2391 οὐρανοῦ,
2537 2319 2632 2373 καὶ
2677 2320 2768 2373 τὸν
2815 2322 3042 2393 οὐρανὸν
3073 2322 3313 2376 οἰκοῦσιν
3342 2327 3388 2376 οί
3432 2327 3572 2394 μετὰ
3605 2329 3696 2379 τὸν

2119 2411 2350 2481 οὐρανὸν
2377 2410 2662 2479 γεγονότες
2686 2430 2704 2481 ;
2750 2412 2847 2466 Ἐκ
2870 2414 3078 2467 τούτων
3100 2416 3194 2467 καὶ
3222 2414 3330 2468 τῶν
3351 2417 3553 2485 ὁμοίων
3582 2420 3695 2471 ἐστι

2122 2503 2459 2574 μυκτηρίσαι
2497 2504 2621 2566 τοὺς
2648 2503 2879 2570 πολλοὺς
2909 2506 3065 2570 θεοὺς
3097 2506 3379 2575 λέγοντας.
3410 2509 3472 2563 El
3507 2511 3564 2563 δὲ
3600 2512 3696 2564 καὶ

2116 2596 2189 2649 τὰ
2244 2597 2523 2666 κτίσματα
2559 2595 2717 2660 θεοὺς
2769 2596 3141 2668 ὑπειλήφασιν
3189 2597 3478 2670 Ἕλληνες,
3526 2619 3696 2656 κατα-

2117 2685 2501 2753 γελαστότατοι
2529 2687 2755 2757 μᾶλλον.
2786 2687 2938 2742 Αὺτὰ
2973 2688 3083 2759 γὰρ
3118 2691 3339 2754 ἑαυτοῖς
3381 2693 3691 2765 μαρτυροῦ-

2120 2794 2172 2829 σι
2207 2779 2325 2841 cal;
2350 2780 2656 2847 ἐνεργείαις
2685 2797 2745 2833 τε
2779 2781 2876 2834 καὶ
2923 2781 3242 2852 δυνάμεσιν,
3280 2784 3355 2847 ὡς
3386 2783 3550 2838 δοῦλα
3593 2790 3689 2841 καὶ

2120 2871 2326 2941 μερικὰ
2383 2871 2555 2924 ταῦτα
2604 2873 2702 2925 καὶ
2754 2872 2957 2940 ἀσθενῆ
3018 2874 3273 2941 τελοῦσι,
3326 2878 3421 2931 καὶ
3470 2878 3693 2932 ἄλλοθεν

2117 2960 2231 3031 ἔχει
2264 2961 2364 3031 τὴν
2397 2961 2631 3034 δύναμιν
2688 2982 2747 3017 τε
2802 2967 2900 3019 καὶ
2954 2968 3168 3038 κίνησιν
3191 2987 3204 3001 ·
3242 2974 3334 3024 καὶ
3370 2975 3574 3042 μᾶλλον
3608 2978 3693 3029 ὃτι

2121 3055 2217 3105 καὶ
2248 3055 2280 3122 ὴ
2309 3054 2537 3124 δύναμις
2566 3058 2775 3110 τούτων
2826 3058 2922 3111 καὶ
2967 3062 3184 3129 κίνησις
3229 3066 3341 3128 τοῖς
3386 3066 3698 3136 ἀνθρώποις

2164 3145 2254 3212 μῐν
2291 3147 2530 3215 γνωστή.
2566 3147 2676 3201 Καὶ
2707 3149 2942 3219 οὐρανοῦ
2978 3153 3196 3221 κίνησιν
3248 3158 3359 3226 γὰρ
3417 3159 3509 3209 καὶ
3540 3159 3699 3213 ἀστέ-

2126 3249 2233 3301 ρων
2262 3233 2450 3287 ἷσασιν
2482 3236 2780 3307 ἅνθρωποι.
2810 3240 2925 3293 Οὐκ
2954 3240 3061 3310 ἄρα
3095 3246 3346 3316 οὐρανὸς,
3373 3248 3405 3320 ἢ
3444 3249 3694 3320 ἀστέρες,

2118 3324 2153 3393 ἦ
2188 3341 2241 3377 τι
2290 3326 2399 3378 τῶν
2438 3330 2735 3400 ὁρωμένων
2767 3334 2875 3387 εἰσὶ
2909 3334 3042 3403 Osci,
3082 3338 3217 3392 ἀλλὰ
3264 3340 3357 3392 τοῦ
3408 3341 3541 3395 Θεοῦ
3588 3344 3697 3396 τῶν

2118 3416 2259 3469 ὅλων
2306 3419 2603 3490 κτίσμα-ια,
2644 3425 2779 3493 παρ’
2811 3425 2977 3481 αὑτοῦ
3018 3430 3111 3482 καὶ
3145 3430 3203 3482 τὸ
3229 3431 3489 3485 δύνασθαί
3519 3451 3575 3485 τε
3604 3438 3698 3488 καὶ

2118 3509 2180 3561 τὸ
2213 3505 2354 3562 εῖναι
2379 3511 2636 3569 λαϐόντα.
2678 3516 2822 3570 Ἀλλ’
2851 3520 2971 3572 οὐδὲ
3012 3523 3202 3590 νοηταί
3232 3540 3378 3586 τινες
3434 3523 3697 3594 δυνάμεις

2119 3600 2232 3653 εἰσὶ
2259 3601 2393 3669 θεοὶ,
2425 3604 2701 3676 κτίσματα
2732 3607 2786 3662 δὲ
2813 3609 2949 3664 Θεοῦ
2981 3615 3165 3682 νοερᾶ.
3199 3615 3307 3668 Καὶ
3352 3616 3420 3670 τὰ
3450 3616 3547 3687 μὲν
3576 3619 3695 3669 τοὺ-

434 3703 976 3775 ων’,θεδν.ιριῖ›ντα
1002 3699 1097 3752 καὶ
1129 3695 1425 3767 μέλποντα,
1454 3694 1505 3746 οἳ
1542 3694 1658 3786 ιιιπιὶΔ
1697 3693 2000 3786 λειτουργοὶ
2034 3694 2169 3748 Θεοῦ
2215 3698 2340 3763 είσι,
2377 3702 2443 3754 τὰ
2490 3701 2547 3755 δὲ
2595 3706 2916 3776 προαιρέσει
2952 3709 3185 3783 κακίστη
3240 3710 3696 3786 ἁποστατήσιντα

434 3808 651 3867 τούτου,
685 3798 722 3854 δ,
756 3797 851 3851 καὶ
876 3793 1133 3863 δαιμόνια
1167 3787 1442 3853 λέλεκται,
1472 3785 1571 3840 καὶ
1608 3782 1707 3855 τὴν
1748 3783 1958 3855 πλάνην
1984 3789 2098 3848 τοῖς
2128 3788 2391 3862 Ἕλλησιν
2420 3791 2608 3865 ἔθηκε.

1080 3922 1311 3982 CAPUT
1370 3921 1459 3979 Vl.

431 4081 753 4141 Contra‘eoo
771 4071 860 4145 qui
884 4070 1056 4141 fatum
1081 4076 1135 4122 et
1167 4066 1437 4190 [ortinam
1458 4062 1618 4134 impie
1646 4064 1854 4131 docent,
1886 4065 2017 4120 etde

1073 4147 1216 4190 astro
1243 4151 1384 4190 ama.

1073 4147 1384 4206 astrologia.

506 4261 741 4329 Quidam
780 4269 910 4311 vero
938 4253 1007 4309 de
1037 4249 1255 4304 fortuna
1276 4257 1331 4302 et
1365 4246 1496 4313 fato,
1523 4246 1591 4301 de
1612 4246 1928 4317 genealogia
1963 4256 2018 4301 et

440 4350 732 4420 astrologia
773 4348 956 4415 inepte
984 4341 1270 4411 garriunt;
1305 4336 1453 4407 quod
1481 4344 1566 4392 est
1597 4338 1847 4392 maxima}
1876 4339 2013 4392 stul-

2722 3941 2969 3995 ΚΕΦΑΛ.
3002 3942 3093 4008 τῖ’.

2122 4067 2284 4122 Κατὰ
2329 4069 2449 4124 τῶν
2471 4070 2717 4149 ,ἀσεϐῶς
2759 4071 3146 4149 _6o£a{ds_rtwr
3197 4077 3562 4149 εἱμαρμένην
3596 4083 3696 4139 καὶ

2416 4141 2629 4207 τύχην,
2678 4141 2773 4193 καί
2813 4148 2947 4209 περὶ
2977 4141 3400 4215 ἀστρολογὶἁξ.

2131 4250 2139 4257 ’
2191 4249 2266 4301 Τὸ
2307 4249 2361 4301 δὲ
2392 4251 2484 4302 καὶ
2514 4252 2643 4321 περὶ
2685 4252 2853 4322 τύχης
2889 4255 2984 4307 καὶ
3016 4256 3380 4331 εἱμαρμένης,
3418 4266 3697 4330 γενεθλιαο

2122 4339 2306 4408 λογίας
2379 4358 2434 4394 τε
2494 4342 2588 4393 καὶ
2651 4345 3009 4415 ἀστρολογίας
3068 4351 3329 4421 φλυαρεῖν
3377 4372 3526 4417 τινας
3572 4361 3696 4412 ἁλο-

436 4445 573 4499 titia:
619 4452 673 4497 et
731 4434 1029 4511 impietatis
1050 4433 1291 4501 signum.
1337 4427 1472 4484 Nam
1510 4430 1755 4499 sprimum
1793 4430 2012 4499 quidem

2123 4432 2366 4499 γώτατον
2400 4433 2519 4502 ἅμα
2559 4436 2654 4487 καὶ
2705 4435 3033 4496 ἀθεὼτιτον.
3070 4442 3294 4510 Πρῶτον
3344 4448 3444 4515 μὲν
3495 4452 3603 4518 γὰρ
3637 4453 3697 4506 τὸ

440 4533 719 4594 Creatoris
746 4532 1057 4586 libertatem
1104 4525 1363 4581 auferunt
1391 4523 1568 4593 quiea
1604 4538 1634 4576 c
1668 4523 1838 4578 nihilo
1869 4522 2016 4588 fecit,

442 4639 495 4683 et
542 4640 666 4679 vere
707 4622 984 4692 justeque,
1042 4623 1201 4686 prout
1228 4613 1486 4677 voluerit,
1544 4613 1829 4682 gubernat.
1890 4612 2017 4666 Dein

442 4712 701 4769 auferunt
732 4719 784 4765 et
811 4710 1115 4764 libertatem
1173 4703 1435 4767 hominis,
1480 4703 1682 4771 quippe
1729 4718 1852 4757 cum
1919 4703 2019 4755 ho-

446 4820 533 4860 rno
564 4804 636 4860 sit
672 4799 876 4857 animal
913 4800 1122 4852 ratione
1170 4803 1224 4849 et
1264 4794 1514 4848 libertate
1567 4794 1877 4862 praeditum,
1931 4795 2020 4849 illa

442 4910 575 4951 vero
626 4900 851 4949 careant
904 4889 1117 4943 ratione
1175 4894 1230 4941 et
1278 4884 1493 4949 anima;
1549 4886 1824 4954 quomodo
1892 4901 2022 4957 ergo

443 4990 626 5044 anima
662 4986 730 5040 ab
756 4985 837 5040 eis
882 4980 1108 5051 agetur?
1141 4977 1418 5049 quomodo
1443 4986 1598 5032 motu
1624 4992 1816 5031 eorum
1861 4979 2023 5033 simul

443 5080 708 5137 translata
738 5088 905 5148 atque
930 5072 1181 5145 portata?
1230 5087 1353 5126 nam
1386 5070 1542 5127 nefas
1566 5079 1649 5125 est
1681 5072 2025 5127 irrationabi-

444 5172 514 5227 lia
542 5184 759 5227 movere
791 5164 1158 5225 rationabilia.
1182 5161 1337 5229 Quod
1372 5162 1417 5216 si
1455 5171 1731 5227 moveant,
1769 5162 1882 5231 jam
1917 5177 2022 5217 non

444 5273 531 5317 est
560 5263 732 5317 virtus
784 5274 886 5315 nec
915 5258 1108 5313 vitium
1139 5254 1388 5322 ;frustra
1450 5253 1619 5323 leges,
1679 5251 1885 5310 frustra
1919 5255 2022 5309 do-

444 5350 659 5415 ctrinae,
692 5349 895 5404 frustra
954 5344 1273 5418 prophetiae,
1303 5344 1500 5398 frustra
1539 5350 1719 5398 vetera
1778 5354 1833 5399 et
1863 5359 2024 5409 nova,

445 5442 649 5497 frustra
681 5441 917 5512 denique
948 5441 1087 5495 facta
1129 5448 1215 5495 est
1266 5435 1428 5494 Verbi
1482 5435 1574 5490 Dei
1606 5437 1909 5493 incarnatio
1958 5440 2026 5495 ad

444 5533 817 5589 renovandum
862 5533 1108 5587 homines
1129 5542 1187 5585 et
1220 5536 1540 5592 creaturas;
1570 5527 1677 5597 jam
1722 5544 1898 5598 neque
1929 5531 2028 5587 de-

444 5627 533 5681 bet
577 5640 699 5681 esse
755 5638 916 5695 poena
954 5638 1132 5694 neque
1158 5620 1398 5677 vindicta
1427 5633 1587 5690 quam
1621 5628 1878 5674 aeternam
1908 5636 2029 5679 esse

447 5715 699 5774 Salvator
728 5717 1097 5783 demonstrat;
1131 5722 1456 5772 evertuntur
1486 5726 1573 5769 res
1600 5711 1828 5783 publica?
1850 5729 1863 5781 ;
1886 5714 2024 5785 hoc,

2123 4523 2213 4575 τοῦ
2243 4526 2585 4596 Δημιουργοῦ
2619 4527 2959 4592 αὐτεξούσιον
2983 4533 3215 4604 ἀναιρεῖ,
3240 4536 3337 4588 τοῦ
3366 4555 3429 4591 τ.ο
3459 4543 3693 4608 ήσαντος

2123 4615 2264 4667 αὐτὰ
2304 4618 2365 4667 ἐκ
2411 4616 2486 4687 μὴ
2525 4618 2732 4688 όντων,
2772 4622 2867 4675 καὶ
2918 4623 3247 4689 διοικοῦντος
3295 4629 3371 4692 ὡς
3419 4631 3696 4700 βούλςτλι,

2125 4706 2216 4759 καὶ
2254 4706 2475 4777 ἀληθῶς
2507 4712 2602 4764 καὶ
2628 4712 2874 4777 δικαίως.
2904 4715 3138 4769 Ἔπειτα
3167 4718 3220 4771 δὲ
3251 4722 3344 4772 καὶ
3366 4724 3422 4773 τὸ
3444 4725 3700 4788 αὐτεξού-

2126 4809 2241 4847 σιον
2269 4797 2363 4850 τοῦ
2397 4799 2688 4870 ἀνθρώπου
2722 4818 2736 4835 ο
2784 4804 2831 4855 εί
2860 4806 2969 4876 γὰρ
3000 4807 3289 4878 ἄνθρωπος
3316 4812 3533 4880 λογικὸν
3560 4815 3698 4877 ζῶον

2124 4889 2219 4941 καὶ
2274 4891 2645 4961 αὐτεξούσιον,
2682 4896 2859 4952 ταῦτα
2907 4899 2964 4951 δὲ
3017 4902 3085 4953 τὰ
3142 4901 3395 4972 ὁρώμενα
3437 4906 3606 4972 ἄλογά
3640 4925 3696 4959 τε

2124 4983 2219 5036 καὶ
2244 4984 2450 5055 ἄψυχα,
2480 4987 2600 5051 πῶς
2636 4989 2746 5058 ἄρα
2792 4991 2886 5044 ὑπ’
2924 4993 3108 5047 αὐτῶν
3141 4995 3294 5049 ἔσται
3331 4998 3361 5065 ἡ
3392 4998 3541 5067 ψυχὴ
3566 4999 3697 5065 ἀγο-

2128 5074 2267 5144 μένη
2297 5090 2311 5139 ;
2363 5079 2461 5131 καὶ
2492 5081 2558 5148 τῇ
2591 5083 2808 5150 κινήσει
2861 5085 3069 5139 τούτων
3118 5089 3569 5159 συνδιατιοεμένη
3605 5090 3700 5142 καὶ

2127 5168 2446 5277 φερομένης
2491 5172 2565 5224 Οὐ
2602 5174 2709 5243 γὰρ
2754 5178 2813 5227 τὸ
2848 5175 3047 5245 ἄλογον
3099 5181 3405 5277 κινήσεικτὸ
3437 5180 3697 5251 λογικόν)

2126 5261 2175 5312 εἰ
2221 5260 2265 5313 δ’
2297 5260 2393 5315 οὖν
2452 5263 2605 5317 ἔσται
2653 5266 2963 5335 δυναστεία,
2998 5272 3094 5327 καὶ
3128 5271 3249 5325 οὔτε
3280 5260 3450 5345 ἀρετὴ
3481 5274 3697 5341 λοιπὸν,

2126 5348 2249 5403 οὔτε
2281 5353 2469 5417 κακία,
2503 5358 2596 5407 καὶ
2630 5357 2713 5421 είς
2745 5360 2902 5412 κενὸν
2934 5364 3115 5432 νόμοι,
3146 5364 3226 5425 εἰς
3256 5368 3414 5417 κενὸν
3444 5367 3701 5418 διδασκα-

2129 5440 2265 5507 λίαι,
2322 5444 2402 5506 εἰς
2463 5445 2617 5501 κενὸν
2656 5454 3009 5523 προφητεῖαι,
3061 5454 3117 5523 6
3160 5455 3241 5517 είς
3290 5457 3447 5509 κενὸν
3480 5460 3545 5509 τὰ
3592 5473 3700 5509 πα-

2129 5532 2261 5587 λαιά
2295 5550 2352 5586 τε
2379 5536 2475 5588 καὶ
2503 5537 2620 5601 νέα,
2649 5542 2743 5592 καὶ
2778 5543 2813 5612 ἡ
2862 5543 2955 5596 τοῦ
2987 5544 3122 5596 Θεοῦ
3164 5545 3343 5611 Λόγου
3392 5547 3699 5601 τελευταῖον

2130 5626 2210 5684 εἰς
2259 5624 2655 5698 ἀνσκαινισμδν
2708 5631 2819 5686 τῶν
2852 5634 3162 5703 ἀνθρώπων
3204 5638 3300 5689 καὶ
3332 5636 3430 5705 τῆς
3466 5639 3700 5702 κτίσεως

2133 5714 2442 5786 σάρκωσιςο
2478 5720 2574 5777 καὶ
2602 5720 2727 5777 οὔτε
2779 5724 3020 5791 κόλασις,
3058 5723 3183 5781 οὒτε
3240 5730 3502 5800 τιμωρία,
3555 5714 3701 5801 ἅπερ
