4044 6210
330 304 402 366 45
784 363 786 365 .
1397 302 1676 369 DIALOG
1688 308 1782 369 US
1813 305 1921 370 ΕΟ]

2025 309 2115 368 BA
2154 310 2539 378 ΗεΕΒΕΞΕΒ,
2715 363 2722 376 .
3523 307 3597 373 46

333 419 531 476 αἰώνια
559 414 699 473 εἶναι
740 421 767 472 ὁ
801 407 992 490 Σωτὴρ
1027 416 1413 492 ἀποφαίνεται.
1458 427 1568 480 Καὶ
1599 428 1921 498 ἀνατροπὴ,

2025 434 2051 478 λι
2075 423 2316 481 breviter
2358 427 2565 492 dicam,
2600 439 2766 492 prava
2809 424 2915 480 erit
2971 420 3269 494 impietatis
3322 429 3380 478 et
3418 421 3597 477 irreli.

332 512 442 566 τῶν
471 510 729 574 καθόλου,
756 511 852 594 καὶ
889 511 1080 575 ἀθεϊας
1123 513 1284 568 τοῦτο
1320 518 1417 570 καὶ
1452 517 1706 583 ἀσεϐείας
1745 538 1914 594 πονη-

335 603 409 673 ρά
437 604 554 657 ἔστι
579 602 733 667 δόξα.
767 590 832 657 Εἰ
865 603 924 656 δὲ
972 604 1065 657 καί
1099 622 1246 670 τινες
1277 606 1430 661 ἀθεοι
1484 609 1699 678 ἀλόγως
1743 590 1922 668 ταῦτα

330 695 585 767 λέγουσιν
609 694 832 766 ἔμψυχά
856 713 916 748 τε
949 697 1046 751 καὶ
1087 698 1303 768 λογικὰ,
1342 701 1372 754 ὁ
1407 701 1563 771 λόγος
1588 704 1767 774 πάντη
1793 705 1916 759 ἄλο-

332 803 431 854 γος
476 785 574 840 καὶ
618 785 847 856 ψευδής.
889 787 1113 858 Πρῶτον
1144 788 1248 860 μὲν
1285 791 1396 845 ἀπὸ
1430 793 1530 861 τῆς
1573 793 1739 863 ἀγίας
1778 796 1918 866 Γραο

333 875 467 945 φῆς»
497 875 696 943 λογικὰ
727 878 892 947 μόνον
931 877 1200 946 ἀγγέλους
1234 896 1292 933 τε
1350 880 1444 934 καὶ
1475 882 1802 953 ἀνθρώπους
1831 885 1917 938 λε.

333 969 562 1038 γο·3ση;ο
593 968 788 1023 ἔπειτα
839 971 896 1023 δὲ
943 973 1038 1024 καὶ
1069 972 1177 1025 ἀπὸ
1221 973 1330 1026 τῶν
1377 976 1676 1046 ἐνεργειῶν
1709 976 1914 1044 αὐτῶν,

334 1061 430 1111 καὶ
463 1058 564 1129 τῆς
601 1059 694 1114 τοῦ
723 1061 956 1131 οὐρανοῦ
1003 1065 1293 1133 κινήσεως.
1335 1065 1397 1118 Εἰ
1431 1069 1560 1135 γὰρ,
1608 1067 1751 1120 κατά
1781 1069 1912 1132 τοὺς

334 1148 628 1224 Ἕλληνας,
660 1154 858 1223 λογικά
891 1158 937 1208 oi
967 1157 1220 1228 ἀστέρες,
1252 1161 1362 1213 πᾶν
1389 1160 1444 1212 δὲ
1474 1160 1694 1230 λογικὸν
1715 1162 1912 1227 αὐτεξ-

333 1246 540 1313 ούσιον,
576 1247 750 1302 ταῦτα
785 1249 841 1302 δὲ
878 1249 976 1319 τὴν
1035 1251 1206 1323 αὐτὴν
1256 1253 1344 1306 ἀεὶ
1382 1257 1478 1306 καὶ
1509 1254 1702 1323 ὁμοίαν
1733 1256 1908 1308 κινεῖ-

331 1353 427 1390 ται
458 1337 696 1409 κίνησιν,
731 1338 848 1402 πῶς
871 1340 1070 1408 λογικά
1107 1360 1168 1395 τε
1201 1347 1296 1396 καὶ
1332 1346 1732 1415 προαιρετικά;
1767 1346 1830 1398 Εἰ
1855 1346 1913 1402 δὲ

331 1433 396 1481 το
438 1430 580 1483 οὕτω
631 1432 900 1486 κινεῖσθαι
943 1434 1045 1503 τὴν
1095 1435 1269 1505 καλὴν
1318 1437 1412 1490 καὶ
1454 1438 1634 1507 ἁπλῆν
1663 1438 1917 1508 λέγουσιν

332 1517 476 1575 εἶναι
505 1522 756 1590 κίνησιν,
804 1527 920 1588 πῶς
976 1527 1010 1595 ἠ
1059 1526 1312 1597 ἐνέργεια
1371 1531 1470 1598 τῆς
1521 1532 1795 1602 κινήσεως
1847 1533 1918 1586 τά

332 1615 552 1685 πονηρά
578 1616 662 1668 ὲνε
674 1618 794 1685 ργεί
819 1617 962 1670 κατὰ
992 1619 1090 1688 τὴν
1119 1620 1299 1674 αὐτῶν
1321 1621 1504 1689 δόξαν,
1538 1625 1636 1677 καὶ
1661 1625 1762 1696 τὴν
1793 1624 1916 1679 κατ’

331 1706 517 1758 αὐτῶν
547 1706 655 1759 τῶν
685 1708 934 1776 ἀστέρων
964 1711 1180 1765 ἔννοιαν
1204 1713 1420 1765 πολλῶν
1451 1732 1510 1767 τε
1547 1716 1640 1768 καὶ
1667 1717 1910 1785 γνῶσιν;

333 1799 399 1851 Εἰ
430 1797 540 1867 γὰρ
577 1798 734 1861 θεοὺς
787 1801 926 1854 αὺτά
979 1801 1251 1869 λέγουσιν,
1306 1807 1354 1858 oi
1398 1806 1644 1862 πλεῖστοι
1695 1808 1752 1862 δὲ
1804 1808 1914 1863 τῶν

332 1887 645 1956 ἀνθρώπων
687 1890 748 1943 οὐ
780 1892 938 1956 θεοὺς
970 1895 1111 1947 αὐτὰ
1138 1897 1482 1966 νενομίκασι,
1501 1898 1601 1967 τὴν
1619 1898 1678 1954 δὲ
1706 1900 1914 1970 πίστιν,

331 1977 407 2039 ὥς
439 1995 608 2046 φασιν
649 1980 938 2052 Ἕλληνες,
994 1984 1103 2037 τῶν
1148 1985 1456 2056 ἀνθρώπιον
1492 1989 1585 2041 καὶ
1633 1990 1734 2061 τὴν
1785 1991 1916 2062 θρηο

336 2069 542 2122 σκείαν.
574 2073 638 2124 ἐκ
671 2073 770 2142 τῆς
801 2073 910 2125 τῶν
947 2075 1201 2146 ἀστέρων
1231 2072 1374 2131 εἶναι
1405 2077 1697 2147 κινήσεως,
1729 2081 1918 2134 λοιπὸν

330 2163 456 2216 καθ’
487 2165 701 2218 ἑαυτῶν
752 2168 1057 2233 κινοῦνται,
1088 2170 1185 2224 καὶ
1216 2172 1320 2241 τὴν
1350 2169 1472 2224 κατ’
1499 2172 1682 2226 αὐτῶν
1713 2174 1917 2242 γνῶσιν

330 2256 449 2318 τοῖς
502 2255 812 2326 ἀνθρώποις
865 2261 1196 2331 παρέχουσι.
1251 2263 1366 2315 Καὶ
1417 2263 1579 2332 δῆλον
1632 2262 1916 2329 ἐντεῦθεν,

332 2347 409 2410 ὡς
459 2347 522 2400 οὐ
565 2353 932 2420 προαιρετικὰ
992 2352 1116 2405 οὐδὲ
1177 2352 1392 2418 λογικά.
1441 2354 1557 2408 Πᾶν
1586 2355 1695 2425 γὰρ
1729 2372 1922 2426 προαι-

334 2441 557 2507 ρετικὸν
585 2440 682 2493 καὶ
709 2441 1015 2513 δυνάμενον
1045 2446 1112 2514 τῇ
1145 2445 1342 2498 ἑαυτοῦ
1375 2444 1630 2516 βουλήσει
1662 2448 1917 2502 κινεῖται.

343 2523 507 2581 Ἐπεὶ
544 2529 602 2581 δὲ
640 2534 754 2595 καὶ,
784 2529 859 2593 ὣς
891 2549 1080 2599 φασιν,
1118 2534 1334 2605 ἀγαθὴν
1363 2534 1646 2590 κινοῦνται
1678 2536 1916 2607 κίνησιν,

332 2619 430 2671 καὶ
484 2621 883 2690 προαιρετικὴν
927 2624 1158 2696 ταύτην,
1203 2628 1236 2694 ἡ
1287 2627 1503 2698 κίνησις
1540 2627 1596 2681 δὲ
1635 2628 1821 2682 αὐτῶν
1861 2628 1921 2682 ἐν

330 2711 552 2775 πολλοῖς
598 2715 800 2767 κακίαν
852 2716 1087 2787 ἐνεργεῖ,
1140 2719 1240 2772 καὶ
1284 2721 1384 2788 τὴν
1432 2720 1634 2790 ἀρετὴν
1679 2722 1918 2791 ἀναιρεῖ,

328 2809 428 2860 καὶ
464 2805 745 2861 ἀπώλειαν
775 2810 1019 2878 ἐμποιεῖ.
1065 2812 1155 2876 Ὠς
1206 2813 1316 2884 γάρ
1364 2813 1688 2882 δοξάζουσιν
1719 2817 1922 2887 Ἕλλη-

327 2918 445 2963 νες,
483 2893 570 2955 διὰ
621 2902 1010 2974 τῶν“ἀστέρων
1035 2907 1154 2960 ἐστὶ
1201 2907 1300 2962 καὶ
1334 2908 1395 2962 τὸ
1441 2910 1703 2980 ἐνάρετον
1739 2907 1910 2978 εἶναι,

328 2995 427 3046 καὶ
477 2993 540 3045 τὸ
587 2996 828 3066 πονηρὸν
859 2993 1023 3065 εἶναι,
1070 2999 1386 3073 ἀκάθαρτόν
1417 3020 1478 3058 τε
1515 3003 1611 3058 καὶ
1639 3005 1918 3075 σώφρονα,

329 3085 564 3151 φονικόν
615 3103 676 3139 τε
730 3090 830 3142 καὶ
876 3089 1111 3156 δίκαιον,
1147 3093 1244 3147 καὶ
1290 3093 1376 3147 ἔτι
1435 3095 1704 3160 θανάτους
1749 3096 1922 3154 ἐθνῶν

2017 516 2196 583 gionls
2233 517 2441 586 opinio.
2483 517 2539 572 Si
2591 531 2717 571 vero
2762 516 2985 586 quidam
3035 515 3186 585 impii
3255 513 3422 570 stulte
3478 516 3597 570 Ita‘e

2017 605 2198 660 dicant
2233 619 2356 661 esse
2383 605 2624 660 animata
2655 614 2710 660 et
2742 604 3109 671 rationabilia,
3137 620 3314 660 sermo
3339 605 3442 659 erit
3477 622 3594 658 om-

2019 697 2151 751 nino
2181 696 2515 752 irrationalis
2557 705 2612 752 et
2645 697 2902 753 mendax.
2929 695 3116 751 Primo
3143 696 3362 766 quidem
3394 697 3596 766 proba-

2017 795 2108 842 tur
2158 802 2221 843 ex
2258 786 2562 857 Scriptura,
2609 803 2730 858 qua:
2765 787 2988 858 angelos
3021 797 3232 842 tantum
3263 795 3319 843 et
3347 786 3598 843 homines
3689 787 3697 804 '

2016 879 2150 934 dicit
2173 895 2297 936 esse
2343 880 2558 937 ratione
2605 879 2860 936 donatos.
2897 879 3100 935 Deinde
3140 895 3208 934 ex
3249 894 3435 934 eorum
3486 879 3598 932 vir-

2019 979 2132 1026 tute
2171 982 2224 1026 et
2258 980 2408 1026 motu
2449 973 2596 1028 cceli.
2621 970 2756 1026 Nam
2781 971 2850 1038 si,
2885 981 3046 1040 prout
3073 969 3415 1040 obganniunt
3445 967 3593 1023 Grae-

2019 1063 2091 1126 ci,
2126 1073 2274 1119 astra
2306 1064 2520 1119 ratione
2553 1063 2816 1135 gaudent,
2851 1079 3015 1118 omne
3044 1071 3227 1116 autem
3263 1059 3596 1115 rationabile

2019 1153 2271 1210 libertate
2301 1155 2568 1224 potiatur,
2593 1169 2718 1210 cum
2740 1154 2978 1224 verojlla
3009 1152 3175 1208 simili
3203 1160 3354 1207 motu
3383 1166 3599 1221 semper

2021 1254 2366 1311 moveantur,
2404 1243 2683 1315 quomodo
2720 1255 2851 1298 sunt
2900 1244 3247 1299 rationabilis
3277 1251 3334 1298 et
3384 1240 3603 1297 libera?

2020 1336 2172 1404 Quod
2196 1339 2240 1392 si
2269 1338 2392 1394 talis
2417 1348 2598 1394 motus
2621 1337 2914 1407 pulchrum
2948 1347 3002 1392 et
3019 1338 3297 1392 sincerum
3329 1351 3454 1392 esse
3487 1350 3598 1390 mo-

2019 1435 2133 1482 tum
2152 1427 2412 1493 dixerint,
2442 1431 2717 1497 quomodo
2743 1445 2934 1486 eorum
2993 1439 3174 1484 motus
3193 1428 3430 1490 ali'ectio.
3448 1428 3602 1498 ipso-

2017 1535 2140 1573 rum
2179 1519 2464 1590 gentilium
2493 1520 2726 1591 judicio,
2772 1521 2973 1576 malum
3014 1521 3308 1590 Operaturl
3340 1520 3421 1573 ita
3454 1518 3601 1573 enim

2019 1609 2172 1665 multi
2195 1610 2463 1666 adversus
2490 1612 2672 1668 sidera
2704 1612 3048 1668 somniantes
3071 1611 3350 1680 dixerunt.
3377 1609 3435 1663 Si
3457 1610 3604 1662 enim

2018 1701 2136 1758 haec
2161 1703 2296 1759 deos
2326 1702 2532 1771 dicant,
2565 1706 2810 1776 plerique
2843 1714 3028 1760 autem
3059 1703 3312 1758 homines
3346 1702 3438 1760 illa
3469 1702 3602 1756 deos

1947 1770 1985 1851 Β
2021 1807 2144 1848 esse
2175 1809 2280 1848 non
2310 1805 2590 1862 censeant,
2610 1796 2678 1862 si,
2715 1808 2773 1851 ut
2795 1797 2953 1850 aiunt
2991 1793 3191 1859 Graeci,
3226 1793 3362 1848 ﬁdes
3393 1801 3447 1848 et
3470 1788 3603 1846 rell.

2020 1884 2110 1956 gio
2149 1883 2432 1941 hominum
2485 1901 2518 1942 e
2573 1886 2848 1942 sideribus
2895 1884 3125 1952 deﬂuat,
3183 1898 3316 1954 ergo
3358 1883 3603 1939 sibimet-

2021 1973 2157 2040 ipsis
2214 1975 2493 2029 contraria
2527 1977 2841 2041 volvuntur,
2899 1985 2955 2031 et
2984 1976 3234 2038 notitiam
3261 1975 3366 2031 sibi
3409 1974 3601 2030 adver-
3673 2042 3682 2054 .

2020 2078 2134 2118 sam
2179 2066 2492 2121 hominibus
2559 2067 2886 2136 largiuntur.
2947 2066 3102 2124 Unde
3159 2077 3307 2139 patet
3357 2083 3424 2125 ea
3478 2083 3603 2124 esse

2021 2169 2197 2224 neque
2225 2155 2568 2212 rationabilis
2592 2172 2768 2228 neque
2787 2159 2958 2214 libera
2977 2175 2993 2226 ;
3014 2172 3140 2214 nam
3164 2173 3331 2214 omne
3346 2159 3607 2224 liberum,

2019 2248 2065 2301 si
2097 2247 2293 2316 possit,
2327 2263 2425 2317 pro
2485 2264 2582 2306 sua
2613 2249 2895 2306 voluntate
2940 2261 3215 2307 movetur.
3265 2251 3337 2306 At
3369 2251 3522 2322 quia,
3549 2263 3611 2306 ut

2019 2338 2234 2404 dicunt.
2285 2340 2432 2396 bono
2466 2350 2617 2396 motu
2651 2340 2947 2398 volvuntur
2981 2349 3038 2398 et
3083 2353 3235 2398 motu
3287 2343 3483 2409 libero,
3515 2342 3608 2397 bie

2022 2445 2150 2485 vero
2169 2439 2350 2488 motus
2366 2433 2420 2488 in
2450 2433 2638 2489 multis
2655 2435 2957 2505 nequitiam
2974 2445 3253 2504 operatur,
3269 2443 3325 2492 et
3346 2435 3606 2492 virtutem

2023 2522 2183 2587 tollit,
2215 2533 2272 2579 et
2317 2525 2615 2594 perniciem
2675 2535 2994 2598 perpetrat;
3045 2538 3105 2583 ut
3142 2530 3288 2585 enim
3326 2530 3609 2600 desipiunt

2021 2611 2218 2680 Graeci,
2250 2630 2316 2670 ex
2344 2615 2510 2672 astris
2540 2618 2796 2687 sequitur
2822 2634 2947 2676 esse
2986 2621 3218 2691 probum
3243 2631 3300 2678 et
3338 2638 3602 2693 nequam,

2023 2705 2360 2762 immundum
2376 2717 2428 2764 et
2441 2718 2677 2774 castum,
2691 2709 2952 2766 latronem
2970 2710 3269 2779 etjustum,
3287 2706 3476 2784 gentes
3487 2714 3606 2770 dis-

2021 2799 2201 2866 perire
2214 2808 2267 2853 et
2279 2801 2489 2868 augeri,
2510 2801 2682 2870 premi
2701 2811 2758 2857 et
2776 2803 3028 2871 exaltari,
3045 2819 3260 2860 necnon
3273 2806 3458 2860 omnia
3482 2821 3610 2876 qua:

2025 2890 2340 2947 hominibus
2387 2893 2664 2961 accidunt,
2703 2910 2824 2964 qum
2862 2897 3185 2966 plerumque
3213 2899 3490 2954 contrarie
3551 2909 3610 2955 et

2024 2983 2166 3038 male
2193 2986 2552 3055 contingunt;
2587 2985 2752 3056 igitur
2775 2996 2924 3043 astra
2953 2999 3080 3044 sunt
3118 2991 3379 3060 nequitia
3413 3006 3611 3061 opera-

2029 3084 2174 3133 tores
2201 3088 2256 3134 et
2289 3079 2540 3145 malitiae,
2559 3081 2725 3138 caedis
2749 3089 2804 3137 et
2831 3073 3138 3154 opprobrii,
3169 3094 3223 3140 et
3249 3085 3401 3141 nullo
3433 3086 3607 3166 modo.

330 3137 430 3229 καὶ
479 3177 768 3249 αὐξήσεις,
806 3137 1111 3251 διωγμοὺς,
1144 3186 1237 3238 καὶ
1289 3185 1552 3256 ὕψώσεις,
1604 3137 1703 3242 καί
1749 3190 1920 3260 μυρία

2029 3171 2189 3226 bona.
2220 3171 2326 3228 Sed
2355 3175 2470 3230 haec
2496 3137 2714 3246 quidem
2759 3137 3139 3249 blasp‘hemattt
3329 3137 3606 3246 ξιῖιῖ

327 3269 402 3321 τά
457 3270 604 3322 κατὰ
657 3273 786 3335 τοὺς
825 3273 1153 3344 ἀνθρώπους
1200 3278 1612 3347 συμϐαίνοντα,
1658 3282 1921 3347 ἐναντίως

326 3361 534 3432 ἔχοντα
577 3364 676 3417 καὶ
724 3365 955 3419 πλεῖστα
1008 3369 1375 3430 κακωτικῶς·
1410 3369 1522 3444 ἄρα
1576 3373 1671 3426 καὶ
1725 3376 1922 3440 κακίας

324 3455 567 3524 ἐργάται
601 3457 695 3510 καὶ
744 3459 1032 3529 πονηρίας,
1083 3462 1179 3514 καὶ
1232 3461 1396 3531 φόνου
1451 3469 1541 3516 καὶ
1578 3464 1785 3534 βλάϐης
1821 3467 1920 3520 καὶ

325 3547 545 3614 ἀρετῆς
574 3549 879 3616 ἀναιρέται,
911 3551 1006 3604 καὶ
1034 3552 1172 3615 ὅλως
1197 3554 1298 3606 οὐκ
1326 3554 1548 3622 ἀγαθοί.
1595 3554 1758 3609 Ἀλλά
1787 3557 1922 3610 ταῦθ

325 3653 394 3690 τα
429 3639 538 3708 μὲν
564 3638 672 3693 τῶν
704 3639 1047 3712 βλασφήμων
1080 3660 1140 3697 τε
1164 3645 1260 3698 καὶ
1294 3646 1496 3701 ἀθέων.
1527 3645 1610 3701 Τά
1641 3649 1924 3718 κτίσματα

323 3729 385 3782 δέ
423 3747 496 3798 γε
526 3730 620 3783 τοῦ
654 3730 792 3785 Θεοῦ
840 3733 1043 3801 ἀγαθὰ,
1091 3736 1217 3790 ἐπεὶ
1250 3738 1344 3791 καὶ
1376 3739 1586 3806 ἀγαθοῦ
1618 3743 1920 3810 κτίσματα,

321 3823 404 3884 ὡς
432 3824 540 3876 καὶ
573 3825 754 3878 πάντα
790 3821 930 3880 εῐδεν
978 3811 1163 3894 αὐτὸς,
1196 3830 1295 3882 καὶ
1331 3830 1441 3883 ἰδοὺ
1479 3830 1618 3886 καλά
1649 3831 1790 3885 λίανο
1824 3833 1924 3887 καὶ

322 3913 564 3980 ἀγαθῶς
615 3917 884 3979 κινεῖται,
939 3917 1018 3981 εἰς
1073 3918 1101 3971 ὂ
1161 3919 1324 3972 ἔλαϐε
1371 3920 1607 3990 δύναμιν
1659 3921 1917 3977 ⁸ἑκαστον.

322 4003 443 4054 Καὶ
468 4003 534 4054 οῦ
573 4005 769 4071 λογικά
792 4005 994 4070 ταῦτα,
1029 4007 1168 4062 ἀλλά
1219 4010 1455 4080 σώματα
1503 4013 1668 4081 μόνον
1710 4011 1921 4082 ἀψυχα,

327 4094 433 4162 τὴν
469 4094 745 4165 αἰσθητὴν
781 4097 1088 4166 κινούμενα
1127 4099 1369 4171 κίνησιν,
1411 4103 1492 4164 εἰς
1542 4102 1924 4171 ὲξοικονομίαν

323 4183 425 4237 τοῦ
456 4185 772 4254 ὁρωμένου.
812 4188 918 4241 Καὶ
945 4188 1105 4259 δῆλον
1130 4189 1226 4259 ἀφ’
1255 4181 1332 4244 ὧν
1373 4192 1701 4262 ἐνεργοῦσιν
1731 4192 1925 4264 αἰσθη-

323 4277 462 4330 τῶν.
498 4278 584 4330 Ta
617 4278 674 4330 δὲ
718 4281 773 4331 ὲν
807 4281 938 4350 ἡμῖν
987 4281 1160 4335 κακία
1207 4285 1304 4336 καὶ
1334 4284 1505 4354 ἀρετὴ
1554 4285 1632 4355 τῷ
1667 4286 1927 4350 αὐτεξου-

324 4367 432 4436 σξῳ
491 4367 658 4436 ἡμῶν
709 4369 988 4433 τελεῖται,
1047 4373 1150 4443 τῆς
1203 4375 1403 4445 ἀρετῆς
1437 4376 1536 4445 μὲν
1568 4378 1925 4448 ἐσπαρμένης

325 4455 488 4523 παρά
521 4456 684 4520 Θεοῦ,
729 4462 825 4526 τῆς
885 4461 1085 4524 κακίας
1130 4463 1186 4516 δὲ
1237 4467 1311 4534 μὴ
1356 4465 1548 4536 οὔσης,
1597 4467 1713 4520 ἀλλ’
1762 4471 1926 4535 ἑφευ-
1961 4495 2004 4550 D

325 4547 600 4616 ρεθεξσης
629 4549 706 4618 τῷ
737 4551 962 4621 πονηρῷ
1007 4556 1072 4622 τῇ
1123 4555 1294 4626 ἀργίᾳ.
1328 4558 1424 4626 τῆς
1461 4559 1686 4627 ἀρετῆς.
1719 4560 1830 4613 Καὶ
1859 4559 1928 4613 τὰ

325 4639 387 4689 ὲν
420 4640 504 4705 τῷ
541 4640 735 4709 κόσμῳ
760 4642 817 4694 δὲ
846 4643 940 4696 καὶ⁵
988 4644 1048 4696 ὲν
1077 4647 1211 4715 ἡμῖν
1251 4649 1515 4715 γινόμενα
1561 4648 1817 4719 βουλήσει
1845 4651 1931 4719 γί-

324 4747 484 4783 νεται
518 4731 593 4784 δι’
623 4735 792 4802 ἡμᾶς,
824 4735 896 4787 τὰ
927 4737 1028 4804 μὲν
1064 4738 1434 4805 εὐδοκοῦντος,
1469 4742 1536 4793 τά
1571 4742 1628 4794 δὲ
1659 4759 1926 4812 παραχω-

324 4820 568 4891 ροῦντος
625 4826 686 4875 ἐκ
733 4827 832 4893 τῆς
876 4827 1033 4897 ἡμῶν
1079 4830 1282 4891 αἰτίας.
1317 4831 1410 4882 Διὸ
1462 4832 1803 4901 ἀποϐλητέον
1832 4839 1962 4896 τὰς’

318 4914 606 4977 τοιαύτας
635 4921 827 4986 μωρὰς
869 4918 1152 4988 ζητήσεις.
1213 4923 1324 4975 Καὶ
1374 4923 1502 4986 τοὺς
1557 4924 1658 4993 μὲν
1690 4924 1932 4994 ἀστέρας

322 5005 474 5057 κατὰ
506 5006 614 5075 τὴν
655 5007 818 5074 ἁγίαν
862 5008 1088 5079 Γραφὴν
1125 5011 1412 5078 γεγονέναι
1465 5013 1618 5082 παρά
1648 5012 1786 5067 Θεοῦ
1832 5015 1924 5067 δο-

324 5099 532 5168 ξάζωμ
545 5116 627 5160 εν,
659 5102 754 5151 καὶ
783 5099 876 5152 τὸν
915 5102 1069 5170 ἣλιον
1102 5103 1200 5154 κα)⁸
1233 5103 1468 5174 σελήνην
1495 5106 1576 5168 εἰς
1620 5105 1682 5158 τὸ
1717 5105 1934 5174 φαίνειν

323 5191 421 5241 ἐπὶ
454 5189 574 5257 γῆς
599 5228 612 5251 ,
642 5192 742 5242 καὶ
781 5191 875 5242 τὸν
910 5191 1011 5260 μὲν
1058 5191 1251 5262 ἄρχειν
1300 5195 1401 5263 τῆς
1457 5195 1700 5266 ἡμέρας,
1741 5197 1842 5267 τὴν
1872 5195 1932 5248 δὲ

321 5281 426 5350 τῆς
481 5280 718 5346 νυκτὸς,
772 5281 870 5334 καὶ
927 5283 1195 5336 κινεῖσθαι
1251 5284 1330 5347 εἰς
1368 5283 1790 5356 ὲξοικονόμησιν
1825 5285 1936 5339 τῶν

323 5373 525 5440 φυτῶν
579 5388 636 5423 τε
694 5374 791 5426 καὶ⁹
834 5373 946 5428 τῶν
999 5373 1314 5442 σωμάτων,
1365 5377 1462 5430 καὶ
1516 5379 1596 5440 είς
1655 5377 1934 5448 καιροὺς,

323 5466 520 5535 iam,
569 5463 787 5536 θέρους,
835 5467 1181 5537 φθινοπώρου
1233 5485 1292 5520 τε
1320 5469 1415 5521 καὶ
1468 5469 1740 5539 χειμῶνος
1773 5509 1790 5535 ,
1840 5470 1939 5524 καὶ

323 5560 405 5619 εἰς
472 5560 698 5625 σημεῖα
746 5558 972 5629 ὄμϐρων
1035 5576 1093 5611 τε
1153 5562 1249 5614 καὶ
1304 5560 1523 5630 ἀνέμων
1580 5562 1676 5615 καὶ
1728 5561 1937 5618 λοιπῶν

2029 3267 2138 3316 tem
2165 3272 2428 3319 creaturae
2449 3275 2575 3321 sunt
2600 3267 2776 3334 bonae,
2802 3283 2928 3324 cum
2951 3269 3128 3325 bonus
3154 3271 3429 3327 sitearum
3451 3287 3610 3329 crea-

2031 3363 2135 3418 tor,
2159 3357 2253 3426 qni
2275 3357 2389 3426 ipse
2417 3358 2599 3414 omnia
2619 3358 2784 3426 videt,
2802 3369 2856 3416 et
2877 3375 3007 3418 ecce
3030 3361 3187 3418 valde
3209 3362 3372 3432 bona,
3392 3374 3447 3420 et
3471 3365 3610 3422 bene

2031 3455 2323 3502 moventur
2372 3448 2438 3503 ad
2485 3448 2647 3505 linem
2717 3449 2784 3505 ad
2824 3467 2987 3522 quem
3027 3453 3242 3523 singula
3280 3463 3602 3524 potestatem
3667 3441 3674 3444 ’

2031 3549 2381 3608 acceperunt.
2443 3538 2557 3596 Nec
2615 3542 2801 3598 omnia
2871 3553 3003 3599 sunt
3067 3555 3338 3602 creatura:
3400 3546 3614 3602 rationi

2031 3633 2293 3702 praditae,
2323 3633 2417 3688 sed
2474 3648 2705 3704 corpora
2734 3635 2913 3691 solum
2946 3646 3076 3692 sunt
3135 3639 3462 3706 inanimata,
3495 3656 3617 3710 quae

2033 3725 2285 3780 sensibili
2317 3737 2470 3780 motu
2512 3727 2578 3781 ad
2608 3729 2977 3783 oeconomiam
3009 3729 3246 3786 universi
3283 3740 3616 3796 moventur;

2029 3825 2087 3870 et
2139 3817 2364 3870 evidens
2390 3828 2474 3871 est
2501 3818 2569 3872 ab
2600 3819 2682 3873 eis
2712 3820 2990 3875 sensibilis
3023 3824 3272 3892 operari;
3311 3837 3375 3877 ea
3427 3833 3612 3879 autem

2031 3923 2154 3976 qua:
2181 3908 2234 3961 in
2271 3909 2429 3962 nobis
2464 3917 2594 3963 sunt
2622 3911 2828 3964 malitia
2857 3921 2912 3967 et
2943 3914 3117 3970 virtus
3150 3915 3396 3970 libertate
3429 3925 3614 3971 nostra

2029 3996 2377 4060 ctiiciuntur;
2415 3997 2588 4052 virtus
2611 3998 2831 4067 quidem
2864 4015 2895 4055 a
2930 4000 3040 4056 Deo
3090 4002 3448 4070 diﬂ‘unditur;
3509 4021 3617 4059 non

2033 4096 2216 4143 autem
2264 4088 2496 4156 malitia,
2529 4103 2652 4159 quae.
2682 4105 2713 4146 a
2744 4091 3005 4162 maligno,
3040 4093 3324 4168 desidente
3390 4097 3617 4162 virtute,
3703 4160 3717 4167 ν

2033 4179 2318 4252 procedit;
2349 4196 2412 4237 ea
2447 4198 2579 4239 vero
2607 4198 2732 4254 quae
2763 4185 2818 4238 in
2853 4184 3060 4241 mundo
3087 4195 3144 4242 et
3189 4188 3242 4242 in
3272 4189 3432 4245 nobis
3459 4192 3620 4254 llum,

2033 4279 2257 4338 propter
2287 4284 2386 4325 nos
2414 4285 2445 4326 e
2475 4276 2757 4342 proposito
2791 4277 3137 4345 contingunt,
3169 4277 3291 4333 aliis
3337 4281 3557 4348 quidem
3589 4298 3621 4336 a

2036 4362 2194 4416 nobis
2226 4363 2650 4431 procedentibus
2673 4375 2734 4421 ut
2762 4381 2792 4421 a
2827 4369 3120 4437 principio,
3145 4371 3269 4425 aliis
3296 4380 3478 4428 autem
3513 4391 3620 4428 non

2035 4453 2474 4521 procedentibus.
2503 4453 2713 4511 Idcirco
2746 4458 3054 4526 reﬁciendae
3108 4471 3240 4516 sunt
3292 4471 3400 4518 tam
3441 4465 3622 4521 stulta:

2036 4545 2449 4613 inquisitiones.
2489 4555 2546 4601 et
2580 4547 2871 4604 credamus
2900 4549 3078 4605 sidera
3106 4567 3136 4604 a
3164 4552 3294 4620 Deo,
3325 4559 3620 4611 secundum

2034 4650 2246 4691 sacram
2281 4637 2642 4707 Scripturam,
2668 4655 2790 4695 esse
2821 4654 3026 4707 creata,
3057 4644 3229 4700 solem
3272 4662 3404 4703 vero
3453 4659 3509 4703 et
3541 4650 3622 4703 lu-

2035 4741 2186 4790 nam,
2219 4736 2279 4782 ut
2312 4743 2476 4797 super
2508 4739 2710 4784 terram
2741 4732 2979 4800 luceant,
3012 4745 3065 4790 et
3085 4738 3223 4793 alius
3241 4740 3460 4808 quidem
3487 4741 3619 4805 diei,

2035 4820 2140 4874 alia
2166 4834 2295 4874 vero
2315 4824 2462 4876 nocti
2485 4823 2689 4892 prasit,
2720 4835 2776 4880 et
2814 4839 3138 4884 moveantur
3168 4831 3220 4883 in
3254 4833 3618 4888 asconomiam

2036 4913 2344 4984 plantarum
2369 4925 2425 4971 et
2446 4916 2762 4973 animalium
2787 4935 2804 4986 ;
2839 4935 3055 4977 necnon
3077 4923 3133 4977 in
3164 4933 3512 4994 tempestates
3531 4942 3621 4981 vc-

2037 5004 2137 5070 ris,
2158 5007 2388 5074 aestatis,
2411 5009 2660 5062 autumni
2683 5017 2739 5063 et
2754 5009 2974 5077 trientis,
2993 5021 3048 5068 et
3070 5012 3127 5068 in
3143 5015 3297 5085 signa
3316 5013 3619 5085 pluviarum

2036 5105 2092 5152 et
2126 5107 2412 5154 ventorum
2449 5099 2798 5171 aliorumque
2856 5112 3179 5160 ceterorum
3242 5107 3612 5174 sensibilium,

2037 5203 2165 5244 cum
2221 5199 2277 5246 et
2327 5192 2447 5261 ipsa
2478 5192 2590 5247 sint
2624 5204 2888 5264 corporea
2919 5205 2980 5250 et
3013 5197 3316 5265 sensibilia,
3346 5210 3400 5254 et
3437 5200 3491 5255 in
3521 5217 3620 5256 an-

2039 5296 2236 5336 norum
2284 5283 2513 5348 reditus,
2547 5297 2674 5338 nam
2723 5285 2995 5355 completo
3021 5300 3187 5354 anno,
3215 5303 3436 5346 rursum
3469 5303 3617 5348 motu

2040 5389 2230 5432 eorum
2289 5376 2508 5430 initium
2563 5378 2784 5449 accipit,
2849 5388 2906 5434 et
2955 5379 3031 5434 ita
3084 5392 3350 5452 reguntur
3385 5385 3621 5441 visibilis

2041 5475 2206 5537 prout
2258 5466 2492 5523 voluerit
2557 5467 2702 5524 Deus
2759 5477 2817 5523 et
2892 5472 3255 5541 mandaverit,
3309 5476 3403 5531 sed
3470 5489 3622 5532 certo

2042 5570 2224 5629 neque
2253 5558 2540 5628 imperium
2573 5559 2779 5617 habent
2823 5575 3107 5634 creaturae,
3138 5583 3314 5639 neque
3372 5568 3626 5626 domina-

323 5647 514 5702 ἄλλων
549 5646 831 5718 αἰσθητῶν
857 5688 873 5715 ,
923 5652 1046 5705 ἐπεὶ
1100 5652 1199 5704 καὶ
1248 5651 1386 5705 αὐτὰ
1445 5649 1676 5723 σώματά
1721 5669 1782 5706 τε
1841 5653 1921 5709 κα¹

2046 5651 2196 5708 tione
2219 5652 2524 5723 potiuntur,
2556 5669 2658 5714 nec
2682 5657 2971 5728 opiniones
3023 5660 3258 5730 faciunt,
3290 5677 3391 5720 nec
3419 5672 3625 5734 cogunt

327 5737 615 5812 αἰσθητὰο
660 5742 749 5796 καὶ
789 5745 866 5807 εἰς
925 5743 1232 5812 ὶνιαυτοῦς,
1269 5744 1352 5798 ὅτι
1402 5743 1783 5817 πληρουμένου
1838 5744 1934 5802 τοῦ

2047 5745 2115 5836 ad
2175 5753 2460 5815 peccatum
2519 5762 2699 5821 neque
2751 5750 3010 5811 virtutem
3077 5763 3396 5826 cperantur,
3450 5768 3636 5826 neque
