4040 6202
381 307 450 378 ις)
1432 319 1709 382 DIALOG
1720 325 1816 386 US
1841 327 2159 398 CONTRA
2198 334 2588 400 HAIBESES.

3560 346 3634 415 5'0

379 417 612 486 ἡγείσθω
659 417 1026 488 Χριστιανὸν,
1065 421 1156 476 τόν
1189 425 1320 494 περὶ
1351 426 1569 496 γένεσιν
1615 433 1707 486 καὶ
1754 436 1938 506 ἀστρο·

2062 443 2271 504 mundi.
2305 455 2358 500 et
2395 459 2646 504 creatura
2680 446 3073 523 ‘corrumpitur
3128 461 3293 525 atque
3335 464 3580 516 mutatur
3611 478 3628 529 ;

376 509 556 576 λογίαν
577 511 673 563 καὶ
701 509 770 564 τὰ
806 510 1032 565 τοιαῦτα
1067 514 1424 584 σχολάζοντα.
1461 521 1572 575 Καὶ
1602 525 1656 576 ετ
1685 540 1769 587 τις
1792 527 1942 581 εἴποι

373 600 437 654 ἐκ
466 601 570 654 τῶν
603 603 869 656 τοιούτων
905 605 1228 674 μανθάνειν,
1266 610 1624 682 ὴπατημένος
1659 616 1781 680 ⁸ὑπὸ
1824 617 1942 674 δαι-

377 694 566 760 μόνων,
599 696 698 747 καὶ
750 696 1084 763 ἀπόϐλητος,
1139 701 1234 756 καὶ
1283 703 1381 772 τῆς
1422 703 1940 775 Ἑκκλησίαςάλλόυ

373 800 535 852 τριος,
567 787 660 840 καὶ
691 787 973 844 ἀπατεὼν.
1001 792 1117 856 Πᾶς
1148 792 1204 846 δὲ
1241 795 1493 866 εὐσεϐὴς,
1542 799 1618 862 ὡς
1661 799 1756 852 τοῦ
1804 801 1941 872 Χρι-

376 874 498 928 στοῦ
528 873 625 941 ὢν,
654 877 754 947 τῆς
799 879 1086 949 δυνάμεως
1111 881 1206 935 τοῦ
1240 884 1475 954 Πατρός,
1513 890 1615 957 τῆς
1653 889 1935 960 ἀληθείας,

374 967 462 1018 τοῦ
518 967 931 1040 παντοδυνάμου
982 971 1182 1042 Λόγου,
1236 974 1515 1030 ἐλπισάτω
1569 978 1667 1032 ἐπὶ
1731 980 1933 1049 Κύριον
1965 985 2074 1040 ἀπὸ
2116 990 2208 1043 τοῦ
2241 967 2338 1046 νῦν
2386 967 2484 1049 καί
2515 997 2621 1062 ἕως
2674 998 2774 1054 τοῦ
2820 1002 3052 1066 αίῶνος·

2046 547 2150 589 nos
2182 544 2364 592 autem
2395 537 2451 593 in
2503 537 2725 597 Christo
2781 558 2890 600 non
2940 561 3133 602 sumus
3183 548 3286 604 sub
3341 549 3631 610 elementis

2046 627 2231 680 mundi
2267 628 2585 696 servientes,
2612 645 2774 702 prout
2831 637 2971 691 dixit
3029 639 3250 702 Paulus,
3283 642 3380 697 sed
3444 645 3629 700 anima

2040 722 2097 770 et
2133 733 2300 775 carne
2337 725 2677 792 corruptioni
2715 729 3028 798 superiores
3067 729 3196 786 facti
3224 747 3416 790 sumus
3447 738 3623 804 gratia

2044 805 2283 878 Spiritus
2311 811 2770 886 incorruptibilis.
2791 819 2962 890 Igitur
2998 823 3184 879 omnia
3215 835 3343 882 sunt
3368 825 3463 882 Dei
3493 841 3623 897 ope-

2039 912 2120 964 ra,
2159 915 2258 956 nec
2299 903 2597 974 quidquam
2637 924 2828 966 eorum
2866 911 3032 969 Deus.

3111 1005 3194 1058 ὅτι
3241 1006 3479 1075 παράγει
3558 1009 3619 1060 τὸ

373 1058 555 1170 σχῖῖμα
578 1153 590 1170 ‘
611 1059 705 1114 τοῦ
746 1063 956 1132 κόσμου
1002 1065 1218 1170 τούτου,
1254 1068 1350 1121 καὶ
1377 1069 1459 1170 *ἡ*
1511 1070 1693 1170 κτίσις
1736 1073 1975 1147 φθαρτὴ,
2016 1082 2115 1136 καὶ
2174 1058 2620 1160 ἀλλοιωθήσεταιξ
2649 1093 2758 1146 Καὶ
2789 1094 2952 1164 ἡμεῖς
2984 1058 3042 1150 έν
3072 1097 3297 1168 Χριστῷ
3325 1058 3624 1170 adsecuti:
3668 1157 3671 1160 _

369 1150 493 1266 ὑπὸ]
534 1153 603 1205 τὰ
661 1158 905 1266 στοιχεῖα
971 1157 1066 1266 τοῦ
1118 1159 1335 1266 κόσμου
1373 1161 1800 1234 δεδουλωμένοι,
1860 1167 1936 1233 ὤς
1977 1186 2112 1242 φησι
2147 1176 2382 1246 Παῦλοςο
2419 1150 2535 1238 ἀλλ’
2569 1150 2860 1257 ὑπέρτεροι
2886 1150 2953 1260 “ri-1
2985 1150 3278 1261 Maium.

366 1244 1065 1353 γεγόναμεν-τῆςηφθορᾶς,
1134 1254 1200 1322 τῇ
1242 1251 1336 1306 τοῦ
1384 1255 1668 1328 ἀφθάρτου
1720 1259 2042 1332 Πνεῦματος
2107 1268 2313 1341 χάριτι.
2340 1244 2350 1246 ﬁ
2377 1244 2854 1350 Δημιουργιῖιμέτα
3063 1244 3256 1339 ’ξαντα
3309 1244 3621 1353 όέοδῖῖεᾶι

366 1336 538 1400 οὐδεὶς
571 1337 753 1392 αὐτῶν
797 1339 953 1406 Θεός.

963 1438 1214 1494 ΚΕΦΑΛ.
1263 1442 1336 1497 Z'.

628 1507 763 1584 ’⁷οη
816 1529 1008 1598 μόνος
1039 1531 1181 1600 Θεὸς
1210 1533 1250 1602 ἠ
1292 1533 1432 1603 ἁγία
1471 1536 1666 1605 Τριὰς.
1926 1573 1933 1578 ι

433 1614 522 1684 Εἷς
578 1621 635 1674 δὲ
689 1622 849 1691 μόνος
901 1623 1018 1676 ἐστὶ
1075 1625 1170 1678 καὶ
1223 1625 1500 1698 ἀληθινὸς,
1555 1631 1584 1684 ὁ
1643 1631 1702 1685 ιν
1731 1633 1930 1706 Τριάδι

2641 1463 2869 1520 CAPUT
2906 1465 3020 1521 VII.

2188 1547 2344 1615 Quod
2375 1566 2721 1610 sacrosancta
2753 1555 2992 1613 Trinitas
3037 1559 3184 1613 solus
3213 1561 3282 1614 sit
3319 1560 3482 1616 Deus.

2113 1636 2265 1696 Unus
2284 1651 2412 1700 vero
2433 1645 2584 1700 solus
2612 1657 2666 1702 et
2682 1663 2844 1704 verus
2871 1649 2964 1719 qui
2985 1660 3068 1705 est
3090 1652 3142 1705 in
3163 1652 3433 1709 Trinitate
3458 1652 3624 1718 Deus,

363 1711 512 1779 Θεὸς,
561 1713 657 1765 καὶ
685 1713 878 1768 τοῦτον
920 1715 1072 1769 πᾶσα
1116 1717 1383 1786 κηρύττει
1421 1720 1620 1785 κτίσις.
1653 1718 1802 1778 Οὖσα
1825 1724 1935 1796 γάρ

2043 1739 2090 1785 et
2126 1731 2230 1787 hoc
2260 1741 2454 1791 omnes”
2497 1738 2791 1805 praedicant
2843 1751 3149 1809 creaturae;
3186 1752 3315 1799 sunt
3372 1746 3517 1800 enim
3557 1762 3625 1801 ex

361 1803 508 1855 ἐστιν
561 1805 625 1856 ἐκ
669 1805 763 1858 τοῦ
809 1805 961 1868 ὄντος
1004 1807 1090 1861 ἀεὶ
1142 1808 1377 1880 Πατρός,
1406 1811 1502 1864 καὶ
1527 1813 1674 1884 λόγῳ
1700 1815 1935 1871 διοικου-

363 1893 518 1962 μένη,
575 1893 641 1946 ὲκ
691 1892 786 1948 τοῦ
822 1895 1040 1959 ζῶντος.
1069 1897 1244 1966 Λόγου
1299 1899 1398 1953 τοῦ
1439 1900 1526 1957 ἀεὶ
1569 1904 1808 1976 Πατρόςο
1843 1907 1937 1961 καὶ

361 1982 646 2054 Πνεύματι
695 1988 1030 2058 συνεχομένη
1081 1991 1176 2045 καὶ
1239 1991 1478 2057 μένουσα
1533 1993 1786 2067 ζωοποιῷ
1837 1998 1932 2053 τοῦ

361 2075 492 2129 Θεοῦ
532 2077 632 2130 τοῦ
667 2079 830 2148 μόνου
869 2080 964 2133 καὶ
1003 2079 1229 2144 ζῶντος.
1279 2083 1391 2137 Καὶ
1434 2084 1755 2151 Ἀθανάσιος
1808 2089 1937 2160 περὶ

357 2168 546 2221 τούτου
603 2170 630 2223 6
659 2170 863 2240 μέγας,
901 2173 999 2225 καὶ
1042 2173 1348 2246 Γρηγόριός
1406 2193 1466 2230 σε
1521 2179 1551 2231 6
1613 2178 1937 2253 θεορῤἡμων

357 2259 674 2328 διδάξουσι,
731 2263 828 2317 καὶ
888 2264 936 2316 oi
988 2264 1170 2319 λοιποὶ
1225 2266 1323 2321 σὺν
1381 2267 1568 2334 αὐτοῖς
1607 2270 1719 2324 τῶν
1764 2272 1937 2328 Πατί-

361 2370 488 2424 ρων.

433 2447 489 2515 8
513 2447 565 2501 1(
568 2448 846 2512 ληρικός.
863 2447 1109 2513 Ἵκανῶς,
1136 2449 1395 2520 δέσποτα,
1428 2450 1523 2507 καὶ
1546 2452 1637 2507 τὸν
1665 2455 1822 2524 λόγον
1844 2457 1937 2512 τὸν

356 2541 492 2592 atati
514 2540 630 2592 τῶν
644 2538 916 2612 Ἑλλήνων
934 2541 1040 2594 τῶν
1063 2542 1342 2598 πολυθέων
1377 2545 1721 2617 ἐπέγνωμεν.
1739 2549 1936 2617 ’Λνάγσ-

354 2649 421 2701 κη
473 2633 530 2686 δὲ
590 2634 796 2700 γνῶναι
831 2634 924 2686 καὶ
979 2635 1068 2688 τὸν
1126 2637 1254 2708 περὶ
1285 2639 1514 2708 Τριάδος
1563 2640 1939 2712 ἀριδηλότερον

355 2725 526 2792 λόγον,
561 2727 641 2789 ὡς
669 2725 733 2779 ἃν
760 2726 885 2789 τοὺς
915 2727 1004 2780 τὸν
1038 2727 1167 2782 Υἱὸν
1198 2731 1289 2783 καὶ
1323 2731 1386 2784 ’τὸ
1416 2730 1641 2802 Πνεῦμα
1667 2732 1762 2786 τοῦ
1801 2732 1936 2787 Θεοῦ

359 2817 694 2878 ἀθετοῦντας
728 2819 865 2884 προς
896 2818 992 2888 τὴν
1023 2820 1122 2888 τῆς
1154 2820 1416 2890 ἀληθείας
1451 2826 1652 2892 γνῶσιν
1699 2824 1941 2879 ἑλκύσωο

360 2927 478 2978 μεν.
514 2911 638 2964 Καὶ
685 2909 793 2979 γὰρ
830 2911 964 2978 πρὸς
995 2911 1154 2964 τοῦτο
1192 2913 1431 2982 μάλιστα
1459 2917 1487 2968 ό
1520 2917 1692 2984 ἀγὼν,
1728 2917 1941 2970 πολλῶν

355 3003 518 3054 όντων
551 3002 668 3054 τῶν
697 3003 912 3066 ἀσεϐῶς
963 3003 1307 3059 ἀθετούντων
1333 3006 1422 3058 τὸν
1453 3006 1544 3060 τοῦ
1581 3007 1716 3062 Θεοῦ
1769 3009 1942 3079 Λόγον

357 3092 525 3144 καὶτὸ
555 3092 788 3162 Πνεῦμα
815 3093 873 3145 τὸ
901 3093 1080 3161 ἅγιον.

953 3205 1206 3262 ΚΕΦΑΛ.
1259 3207 1344 3263 ll'.

356 3297 516 3352 Κατά
553 3298 871 3352 Ἰουδαίων
897 3300 994 3353 καὶ
1024 3302 1381 3425 ὲᾶαθῖελλιου,
1419 3303 1520 3357 καὶ
1551 3303 1674 3360 τῶν
1705 3309 1935 3363 ,λοιπῶν

1160 3389 1263 3424 ων.

1160 3389 1263 3424 ων.

433 3463 792 3533 Ἂρχιερεύς.
826 3461 959 3514 Οὐδὲ
989 3462 1127 3529 πρὸς
1152 3461 1313 3516 τοῦτο
1343 3464 1584 3535 σπουδῆς
1626 3467 1737 3538 ἄρα
1777 3469 1934 3540 χρεία

359 3556 582 3624 πολλῆς,
623 3555 696 3618 ὡς
743 3553 845 3622 τῆς
880 3555 1047 3622 ἁγίας
1098 3553 1318 3623 ἀπάσης
1344 3555 1598 3626 Τραφῆς
1642 3559 1776 3629 περὶ
1837 3559 1934 3614 τοῦ

361 3650 530 3716 Λόγου
560 3647 659 3702 τοῦ
691 3646 830 3700 Θεοῦ
868 3648 962 3701 καὶ
1018 3645 1111 3699 τοῦ
1167 3647 1326 3714 ἁγίου
1377 3648 1696 3718 Πνεύματος
1728 3669 1938 3723 μαρτυ-

361 3741 576 3811 ρούςης,
617 3740 724 3792 Ἦν
756 3740 934 3808 δήπερ
963 3737 1128 3806 ἁγίαν
1168 3739 1398 3811 Γραφὴν
1428 3740 1677 3812 δέχεσθαι
1713 3743 1937 3811 λέγουσι

355 3833 512 3901 δῆθεν
557 3834 606 3886 οἱ
641 3831 774 3884 Θεὸν
825 3831 947 3900 δίχα
989 3831 1163 3898 Λόγου
1199 3831 1527 3902 φρονοῦντες
1558 3833 1652 3886 καὶ
1685 3833 1938 3905 Πνεύμα-

360 3941 470 3985 τος.
504 3923 701 3977 ’Δθεοι
731 3922 785 3975 δὲ
821 3923 914 3975 καὶ
945 3913 1116 3988 οὗτοι,
1151 3923 1197 3974 εί
1239 3923 1334 3975 καὶ
1377 3921 1514 3975 Θεδν
1551 3920 1753 3976 εἰδέναι
1784 3924 1936 3994 νομίο

359 4017 562 4078 ζιιυσιν.
617 4014 676 4066 '0
722 4010 934 4064 ἀθετῶν
966 4011 1099 4080 γὰρ,
1144 4011 1314 4081 φησι,
1354 4011 1449 4064 τὸν
1488 4011 1614 4064 Υίὸν
1639 4012 1822 4065 ἀθετεῖ
1847 4011 1938 4066 τὸν

358 4109 576 4180 Πατέρα
612 4110 704 4164 τὶν
754 4107 1053 4177 πέμψαντα
1103 4107 1286 4161 αὐτόν.
1324 4107 1434 4160 Καὶ
1467 4108 1663 4176 ἄλογον
1691 4107 1786 4161 καὶ
1816 4107 1941 4162 ἀσο-

358 4220 452 4268 φον
495 4202 635 4255 Θεὸν
683 4201 861 4270 ἑαυτῷ
893 4199 1184 4269 κηρύσσει,
1243 4199 1339 4252 καὶ
1398 4198 1718 4269 Πνεύματος
1769 4198 1941 4269 χωρὶς

354 4293 443 4345 τοῦ
493 4294 699 4358 ζῶντος
745 4293 839 4346 καὶ
873 4291 1019 4363 ζωὴν
1055 4293 1188 4346 πᾶσι
1230 4291 1509 4360 νέμοντος.
1548 4290 1715 4343 Ὅθεν
1768 4290 1940 4354 ἄθεοι,

355 4385 423 4445 ὡς
455 4384 696 4454 ἔφημεν,
753 4383 847 4436 καὶ
883 4376 1029 4436 οῦτοί
1064 4385 1170 4436 εἰσι
1194 4424 1208 4448 ,
1254 4383 1347 4436 καὶ
1397 4382 1652 4447 καθάπαξ
1679 4383 1941 4436 ἀσεϐοῦν-

1964 3092 2011 3158 C

2039 1836 2104 1878 eo
2135 1824 2224 1894 qui
2256 1839 2472 1894 semper
2501 1838 2584 1883 est
2615 1828 2795 1900 Pater,
2839 1843 2893 1889 et
2927 1833 3106 1891 Verbo
3144 1837 3622 1902 administrantur,

2037 1927 2161 1970 cum
2198 1925 2485 1986 generetur
2505 1919 2738 1975 Verbum
2763 1923 2833 1977 ab
2851 1937 2916 1978 eo
2942 1926 3036 1994 qui
3068 1941 3281 1997 semper
3320 1937 3405 1984 est
3438 1929 3624 1993 Pater,

2042 2012 2096 2061 et
2129 2006 2332 2076 Spiritu
2367 2009 2662 2068 viviﬁcanti
2714 2015 2888 2070 solius
2913 2017 3021 2072 viri
3048 2017 3138 2073 Dei
3204 2021 3454 2076 adunatae
3501 2038 3626 2092 per-

2038 2109 2278 2154 manent.
2341 2100 2496 2167 Quod
2555 2113 2606 2159 te
2655 2105 2929 2162 docebunt
2975 2110 3309 2168 Athanasius
3363 2129 3616 2184 magnus.

2036 2187 2332 2260 Gregorius
2364 2191 2675 2266 Tlteologus
2713 2199 3002 2269 caeterique
3036 2217 3160 2257 cum
3222 2203 3358 2274 ipsis
3401 2205 3616 2262 Patres.

2107 2461 2360 2519 Clericus.
2398 2465 2569 2531 Satis,
2595 2467 2837 2535 domine,
2880 2472 3187 2529 orationem
3243 2483 3438 2530 contra
3463 2475 3623 2531 Grae-

2041 2568 2136 2610 cos
2168 2556 2324 2624 plura
2382 2559 2609 2613 numina
2661 2561 2958 2618 adorantes
3005 2568 3390 2634 percepimus;
3431 2578 3488 2622 at
3521 2583 3621 2624 ne-
3693 2631 3696 2634 ί

2048 2660 2202 2702 cesse
2229 2658 2312 2702 est
2347 2649 2492 2704 seire
2550 2651 2795 2706 lucidum
2857 2657 2922 2708 de
2956 2654 3231 2711 Trinitate
3281 2673 3621 2724 sermonem,

2043 2745 2105 2792 ut
2135 2752 2232 2794 eos
2282 2740 2374 2809 qui
2414 2739 2611 2795 Filium
2673 2753 2727 2798 et
2780 2744 3044 2813 Spiritum
3117 2748 3208 2802 Dei
3263 2749 3521 2818 rejiciunt
3553 2754 3621 2806 ad

2043 2831 2294 2886 notitiam
2334 2834 2583 2890 veritatis
2631 2835 2992 2893 adducamus.
3030 2838 3164 2892 Nam
3218 2842 3270 2894 in
3305 2841 3409 2896 hoc
3435 2845 3627 2910 praci-

2044 2937 2148 2994 pue
2176 2935 2399 2979 constat
2430 2941 2637 2995 pugna,
2671 2943 2798 2982 eum
2842 2929 2998 2984 multi
3029 2931 3146 2985 sint
3175 2931 3266 2988 Dei
3295 2931 3535 2989 Verbum
3567 2945 3623 2990 et

2042 3011 2314 3085 Spiritum
2349 3027 2602 3073 sanctum
2643 3019 2806 3090 impie
2843 3021 3199 3093 abuegantes.

2624 3216 2862 3274 CAPUT
2903 3218 3045 3276 VIII.

2035 3305 2232 3362 Contra
2261 3306 2481 3364 Judwos
2507 3318 2554 3364 et
2588 3308 2906 3381 Sabellium,
2939 3320 2990 3368 et
3013 3314 3148 3370 alios
3171 3315 3336 3387 impia
3357 3317 3620 3373 docentes.

2115 3457 2386 3530 Pontifex.
2419 3459 2536 3516 Non
2597 3463 2769 3518 multo
2821 3465 2886 3518 ad
2947 3465 3050 3520 hoc
3086 3482 3226 3538 opus
3281 3478 3366 3526 est
3413 3471 3622 3535 studio,

2037 3565 2164 3606 cum
2197 3549 2483 3624 Scriptura
2520 3569 2677 3610 sacra
2715 3557 2916 3626 ubique
2944 3559 3011 3614 de
3042 3559 3222 3615 Verbo
3255 3560 3346 3616 Dei
3399 3572 3454 3618 et
3495 3562 3617 3634 Spi-

2038 3642 2145 3698 ritu
2176 3653 2367 3699 saneto
2401 3645 2779 3701 testimonium
2817 3645 2870 3700 fa
2887 3648 3014 3715 ciat,
3047 3664 3209 3716 quam
3248 3653 3442 3707 saltem
3475 3652 3624 3708 Serio

2040 3741 2250 3800 pturam
2289 3747 2501 3788 sacram
2562 3749 2789 3802 prorsus
2854 3746 3111 3791 asserunt
3139 3752 3197 3792 se
3245 3740 3495 3808 accipere
3525 3742 3621 3809 qui
3725 3745 3730 3747 ’

2039 3819 2208 3879 Deum
2261 3825 2382 3881 sine
2443 3824 2623 3880 Verbo
2682 3840 2736 3880 et
2794 3827 3003 3896 Spiritu
3058 3829 3393 3898 excogitant.
3448 3829 3621 3886 Porro

2039 3915 2183 3969 atltei
2216 3923 2348 3967 sunt
2412 3923 2466 3968 et
2524 3915 2650 3981 isti,
2713 3916 2819 3971 etsi
2875 3915 3043 3971 Deum
3078 3932 3307 3973 noscere
3330 3931 3616 3977 censeant.

2038 4005 2130 4059 Ait
2154 4006 2340 4061 enim:
2382 4025 2401 4057 ‹
2450 4004 2555 4072 Qui
2596 4015 2759 4076 negat
2813 4005 3037 4071 Filium,
3098 4020 3256 4074 negat
3300 4019 3352 4064 et
3399 4011 3619 4068 Patrem

2041 4096 2136 4163 qui
2170 4097 2490 4158 misiteum,
2535 4112 2553 4146 ι
2592 4101 2647 4150 et
2680 4093 2846 4148 Deum
2896 4096 3018 4150 sine
3066 4093 3246 4150 Verbo
3291 4109 3345 4152 et
3377 4099 3497 4154 sine
3532 4115 3622 4155 sa-

2042 4184 2246 4254 pientia
2311 4183 2639 4251 sibimetipsi
2693 4183 2955 4253 praedicat
3013 4200 3225 4241 necnon
3259 4189 3378 4243 sine
3413 4189 3617 4257 Spiritu

2042 4275 2134 4344 qui
2163 4276 2292 4329 vivit
2326 4283 2380 4329 et
2413 4275 2580 4330 vitam
2637 4275 2897 4330 omnibus
2953 4277 3216 4348 impertit.
3256 4267 3617 4352 Quapropter,

2045 4375 2106 4422 ut
2137 4367 2400 4430 diximus,
2442 4367 2588 4422 atltei
2630 4377 2760 4423 sunt
2791 4377 2846 4422 et
2899 4369 3008 4434 isti,
3069 4376 3122 4424 et
3163 4385 3398 4441 prorsus
3443 4373 3621 4428 irreli-

355 4475 440 4537 τές
495 4453 579 4528 τε
612 4475 710 4528 καὶ
739 4475 995 4530 ἀντίθεοι.
1047 4474 1212 4545 Ἦμῖν
1269 4475 1324 4527 δὲ
1379 4469 1458 4535 εἷς
1489 4473 1620 4537 Θεὸς
1662 4475 1690 4526 6
1731 4474 1937 4544 Πατὴρ,

2052 4457 2188 4527 giosi
2221 4459 2444 4530 Deoque
2474 4459 2798 4514 adversarii.
2844 4459 3013 4516 Nobis
3065 4471 3247 4517 autem
3300 4479 3445 4519 unus
3480 4467 3620 4521 Deus

359 4565 489 4629 μετὰ
525 4565 623 4618 τοῦ
665 4567 1032 4618 ὲνυποστάτου
1085 4562 1250 4618 αὑτοῦ
1303 4563 1475 4631 Λόγου
1499 4603 1515 4630 ,
1549 4565 1644 4617 καὶ¹
1675 4564 1768 4616 τοῦ
1803 4565 1942 4626 ζωο-

357 4656 503 4709 ποιοῦ
548 4655 872 4726 Πνεύματος
900 4695 914 4719 ,
961 4655 1144 4717 καθὼς
1186 4655 1595 4724 παρελάϐομεν,
1630 4653 1726 4707 καὶ
1759 4653 1942 4717 καθὼς

357 4746 497 4811 ἡμᾶς
555 4747 721 4809 αὐτὸς
779 4749 808 4799 6
864 4746 958 4800 τοῦ
1001 4745 1139 4800 Θεοῦ
1203 4747 1378 4814 Λόγος
1427 4745 1662 4809 ἐδίδαξεν
1736 4744 1943 4814 Ἰησοῦς

359 4835 592 4904 Χριστὸς
621 4876 638 4902 ,
678 4839 741 4890 τδ
788 4837 1132 4905 ἀπαύγασμα
1183 4836 1279 4904 τῆς
1342 4833 1538 4903 δόξης,
1579 4835 1607 4888 6
1656 4834 1942 4906 χαρακτὴρ

354 4925 449 4992 τῆς
502 4926 860 4990 ύποστάσεως
902 4925 998 4979 τοῦ
1060 4926 1275 4995 Πατρός
1343 4926 1402 4976 εν
1462 4923 1540 4993 τῷ
1593 4923 1943 4978 ἀποστέλλειν

349 5017 469 5078 τοὺς
537 5017 793 5088 μαθητὰς
860 5015 1189 5087 μαθητεύειν
1244 5017 1311 5069 τὰ
1372 5015 1520 5084 ἔθνη,
1557 5017 1940 5086 παραγγείλας

353 5107 636 5174 βαπτίζειν
709 5108 836 5172 τοὺς
911 5108 1271 5169 πιστεύοντας
1334 5108 1414 5170 είς
1475 5108 1684 5172 αὐτὸν,
1746 5109 1827 5172 εἰς
1881 5108 1941 5160 τὸ

351 5198 517 5267 δνομα
565 5198 661 5252 τοῦ
711 5199 959 5269 Πατρός,
1019 5201 1111 5251 καὶ
1175 5197 1270 5252 τοῦ
1318 5197 1474 5264 Υίοῦ,
1504 5198 1598 5251 καὶ
1645 5197 1741 5250 τοῦ
1782 5197 1939 5265 ἀγίου

358 5285 694 5357 Πνεύματος,
736 5287 852 5358 ἅμα
901 5289 1013 5358 γὰρ
1070 5287 1164 5340 καὶ
1217 5287 1279 5340 τὸ
1320 5287 1518 5341 ὲνιαῖον
1575 5287 1670 5341 καὶ
1699 5286 1760 5339 τδ
1789 5302 1941 5357 τρισ-

356 5377 442 5426 σδν
489 5377 593 5445 τῆς
649 5377 883 5447 Τριάδος
935 5378 1098 5442 αὐτὸς
1141 5378 1174 5429 -6
1240 5374 1322 5440 εἷς
1377 5379 1478 5447 τῆς
1543 5378 1776 5447 Τριάδος
1831 5379 1940 5432 ’ἐδί-

359 5466 505 5532 δαξε.
562 5470 670 5522 Καὶ
728 5471 784 5522 ἐν
827 5472 901 5540 τῷ
937 5471 1115 5522 εἰπεῖν
1171 5471 1270 5538 μὲν
1306 5489 1324 5521 t
1367 5471 1444 5532 ei;
1475 5470 1536 5523 τδ
1573 5469 1742 5541 ὄνομα
1768 5511 1783 5534 ,
1824 5489 1843 5523 ι
1882 5471 1940 5525 τδ

356 5559 451 5626 τῆς
478 5559 710 5628 Τριάδος
756 5561 1023 5630 ἐκήρυξεν
1057 5561 1290 5614 ἐνιαῖοψ
1329 5561 1388 5614 ἓν
1427 5561 1536 5631 γὰρ
1570 5564 1662 5614 καὶ
1701 5563 1940 5632 ἀδιαίρε-

359 5663 447 5702 τον
475 5651 572 5704 καὶ
602 5652 661 5705 τὸ
689 5651 882 5724 ὄνομα,
918 5655 993 5714 ὡς
1021 5654 1118 5707 καὶ
1153 5655 1187 5723 ἡ
1225 5653 1385 5707 οὐσία
1420 5654 1519 5724 μία
1561 5655 1655 5706 καὶ
1701 5652 1938 5725 δύναμις

365 5743 456 5795 καὶ
487 5742 773 5816 ινέργιιαο
809 5748 909 5811 τὰς
963 5747 1114 5815 τρεῖς
1161 5746 1216 5799 δὲ
1257 5745 1612 5812 ὑποστάσεις,
1641 5745 1698 5799 ἐν
1743 5745 1819 5818 τῷ
1853 5748 1929 5800 εί-

2046 4552 2231 4617 Pater,
2304 4566 2429 4606 cum
2476 4552 2936 4607 consubstantiali
2987 4553 3108 4624 ejus
3153 4554 3329 4612 Verbo
3359 4567 3411 4613 et
3443 4558 3622 4612 viviti-

2046 4651 2207 4697 cantc
2239 4643 2468 4710 Spiritu,
2512 4652 2676 4710 prout
2722 4644 2986 4698 traditum
3027 4655 3114 4700 est
3143 4647 3323 4711 nobis,
3373 4657 3427 4703 et
3460 4659 3622 4718 prout

2045 4734 2220 4804 ipsum
2280 4732 2374 4789 Dei
2414 4733 2644 4789 Verbum
2698 4751 2796 4792 nos
2841 4736 3092 4802 edocuit,
3122 4737 3284 4793 Jesus
3343 4737 3621 4805 Christus,

2045 4821 2304 4893 Splendor
2347 4823 2533 4894 gloriae
2562 4835 2618 4880 et
2654 4827 2824 4895 ligura
2855 4828 3178 4883 substantiae
3207 4828 3407 4892 Patris,
3448 4848 3624 4900 quan.

2043 4916 2115 4972 do
2147 4915 2445 4984 discipulos
2495 4916 2648 4972 misit
2707 4917 2774 4972 ad
2842 4919 3120 4976 docendas
3163 4931 3372 4989 gentes,
3418 4924 3620 4990 jubens

2045 5009 2322 5078 baptizare
2351 5009 2646 5063 credentes
2683 5009 2735 5063 in
2771 5024 2895 5064 eum
2953 5010 3007 5063 in
3069 5011 3289 5064 nomine
3330 5012 3532 5077 Patris,
3567 5024 3621 5068 et

2043 5097 2188 5163 Filii,
2229 5111 2281 5153 et
2319 5098 2558 5168 Spiritus
2587 5100 2787 5156 sancti.
2840 5100 3052 5171 Quippe
3101 5101 3426 5157 Trinitatem
3458 5105 3620 5158 simul

2042 5196 2096 5244 et
2137 5189 2397 5242 unitatem
2431 5186 2647 5245 Triadis
2703 5191 2818 5261 ipse
2877 5206 3019 5246 unus
3057 5205 3125 5244 ex
3159 5189 3363 5248 Triade
3387 5193 3617 5250 demon-

2039 5281 2268 5345 stravit;
2291 5279 2524 5336 dicendo
2552 5282 2773 5350 quidem
2807 5298 2820 5335 :
2846 5300 2863 5333 ‹
2886 5279 2943 5336 ln
2963 5283 3183 5338 nomine
3209 5303 3226 5336 ι
3256 5282 3474 5344 Triadis
3495 5293 3620 5342 uni-

2045 5382 2211 5428 tatem
2245 5374 2580 5444 przedicavit,
2604 5390 2770 5427 unum
2805 5375 2948 5429 enim
2976 5383 3057 5430 est
3091 5377 3493 5436 etindivisibile
3523 5396 3620 5436 no-

2043 5482 2190 5531 men,
2243 5466 2386 5520 sicut
2436 5473 2490 5519 et
2524 5474 2716 5519 natura
2751 5482 2880 5531 una,
2931 5477 2982 5522 et
3035 5478 3275 5539 potestas
3324 5482 3378 5528 et
3418 5474 3612 5538 virtus,

2043 5565 2150 5612 tres
2181 5565 2362 5610 autem
2395 5572 2661 5627 personas
2696 5557 2901 5623 docuit,
2933 5559 3120 5617 dicens
3154 5579 3167 5616 :
3201 5560 3384 5618 Patris
3411 5573 3463 5620 et
3491 5563 3616 5620 Filii

2039 5657 2095 5704 et
2125 5647 2362 5718 Spiritus
2401 5648 2611 5714 sancti;
2653 5657 2705 5704 et
2756 5665 2976 5705 rursum
3011 5653 3175 5709 unius
3225 5653 3441 5710 Triadis
3468 5671 3619 5710 eam-

2041 5742 2251 5798 demet
2286 5755 2447 5796 unam
2479 5748 2805 5812 potestatem
2855 5754 3017 5814 atque
3069 5750 3326 5803 virtutem
3376 5748 3614 5805 ostendit
