4040 6202
338 276 399 341 51
1174 281 1478 345 SYMEON
1491 283 1558 343 lS
1609 282 2367 349 THESSALONICENCIS
2403 288 2758 350 ARCHIEP.
3546 282 3616 346 52

332 392 524 459 dicens
559 414 572 449 :
610 414 628 447 t
671 396 1016 463 Baptizantes
1047 408 1172 462 eos;
1211 414 1229 448 ι
1260 412 1389 452 nam
1430 411 1540 452 non
1569 406 1778 451 tantum
1809 397 1924 467 agi;

2043 402 2179 466 πεῖν,
2222 419 2241 451 t
2279 400 2374 453 τοῦ
2412 401 2651 469 Πατρὸς,
2691 402 2787 455 καὶ
2842 400 2937 455 τοῦ
2991 403 3143 469 Υίοῦ,
3177 402 3274 457 καὶ
3326 400 3421 458 τοῦ
3456 399 3615 471 ἁγίου

337 494 424 542 tur
461 485 529 543 de
557 487 901 557 baptizando,
943 488 1037 543 sed
1077 487 1241 543 etiam
1289 488 1359 542 de
1408 487 1730 543 renovando
1765 496 1819 542 et
1851 487 1919 543 de

338 576 637 634 reliciendo
666 577 910 645 homine,
950 578 1096 649 quod
1138 579 1199 633 lit
1232 579 1435 635 virtute
1475 588 1525 633 et
1558 587 1828 648 potestate
1866 587 1923 634 et

337 672 511 740 gratia
545 671 709 728 unius
756 673 998 728 nominis
1029 672 1427 741 omnipotentis
1459 671 1783 737 Trinitatis;
1822 671 1918 726 sed

339 778 696 830 personarum
731 764 1052 820 Trinitatem
1080 765 1381 820 declaravit
1411 764 1648 819 dicendo
1676 782 1689 820 :
1717 763 1920 829 Patris,

339 866 394 910 ρι
419 856 568 925 Filii,
613 869 668 912 et
694 857 933 928 Spiritus
982 859 1182 914 sancti.
1224 856 1380 924 Quod
1428 857 1594 912 etiam
1627 858 1922 912 conﬁtetur

336 948 579 1005 Joannes
609 948 944 1019 Theologus,
967 949 1021 1004 in
1064 949 1220 1003 initio
1256 949 1339 1003 sui
1363 946 1642 1017 Evangelii
1669 948 1752 1003 sic
1784 946 1924 1001 scri-

342 1040 474 1095 bens
513 1058 530 1095 :
570 1060 591 1094 ι
644 1039 703 1095 ln
741 1043 1011 1112 principio
1054 1051 1175 1097 erat
1222 1039 1492 1107 Verbum,
1536 1060 1555 1093 ι
1596 1039 1798 1094 Filium
1827 1055 1927 1093 an-

345 1131 634 1198 nuntians;
675 1151 695 1186 t
730 1142 787 1188 et
810 1133 1053 1189 Verbum
1081 1141 1200 1190 erat
1234 1137 1379 1200 apud
1415 1131 1607 1196 Deum,-
1640 1150 1658 1183 »
1707 1131 1923 1186 Patrem

342 1226 580 1290 docens;
623 1244 642 1278 t
693 1234 747 1281 et
806 1225 950 1282 Deus
1007 1237 1130 1282 erat
1179 1225 1445 1290 Verbum,
1483 1244 1501 1278 ι
1536 1224 1740 1280 Filium
1800 1238 1924 1279 esse

347 1314 495 1371 Patri
538 1317 1067 1374 consubstantialem
1127 1319 1542 1374 demonstrans.
1584 1337 1601 1369 t
1642 1317 1755 1371 Hoc
1803 1324 1926 1371 erat

344 1396 399 1462 in.
433 1409 703 1480 principio
756 1411 899 1481 apud
953 1413 1148 1478 Deum,
1183 1430 1202 1463 ι
1232 1411 1492 1482 quoniam
1550 1410 1924 1466 consubstan-

342 1500 469 1555 ιί.ι1ε
490 1510 574 1557 est
618 1503 764 1557 Patri
796 1510 850 1557 et
882 1513 1239 1560 comternum.
1287 1521 1308 1555 ι
1343 1504 1539 1558 Omnia
1591 1518 1686 1572 per
1748 1505 1921 1572 ipsum

344 1593 483 1648 facta
519 1602 682 1659 sunt;
722 1612 741 1646 ι
775 1595 1035 1663 quoniam
1078 1596 1287 1651 creanti
1322 1604 1649 1666 cooperatus
1701 1604 1785 1650 est
1820 1594 1924 1648 Pao

345 1686 437 1751 tri,
463 1701 589 1741 nam
627 1703 641 1742 :
679 1705 698 1739 t
733 1685 914 1742 Verbo
957 1686 1175 1743 Domini
1223 1689 1350 1746 (ιωιί
1383 1689 1580 1743 firmati
1614 1698 1766 1756 sunt,
1791 1707 1807 1740 ›
1851 1688 1927 1741 ait

2028 488 2368 558 Πνεύματος.
2406 508 2423 540 ι
2464 489 2574 542 Καὶ
2607 489 2771 545 πάλιν
2799 493 2896 561 τῆς
2934 494 3072 563 μιᾶς
3112 492 3347 566 Τριάδος
3377 490 3475 562 τὴν
3517 492 3617 546 αὐ-

2029 583 2129 653 τὴν
2166 586 2257 636 καὶ
2293 584 2422 653 μίαν
2455 586 2687 656 δύναμιν
2721 587 2816 640 καὶ
2849 586 3159 655 ἐνέργειαν,
3208 589 3266 640 ὲν
3309 586 3389 655 τῷ
3424 584 3611 652 λέγειν

2040 692 2057 725 ‹
2105 674 2461 744 βαπτίζοντες
2492 675 2712 739 αὐτούς.
2754 696 2771 728 ι
2812 676 2947 730 Οὐδὲ
2981 678 3087 746 γὰρ
3117 675 3301 739 ἁπλῶς
3332 676 3616 746 βαπτίζειν

2031 768 2205 829 ἐστὶν,
2247 766 2367 820 ἀλλ’
2401 766 2777 832 ἀνακαινίζειν
2829 768 2925 820 καὶ
2986 767 3350 821 ἀναπλάττειν
3390 766 3481 820 τὸν
3518 766 3614 836 βα·
3728 790 3737 800 ·

2033 858 2365 927 πτιζόμενον
2394 875 2407 889 °
2440 859 2468 912 6
2495 860 2557 928 δὴ
2593 857 2806 925 γίνεται
2851 860 2915 927 τῇ
2974 857 3227 928 ἐνεργείᾳ
3260 856 3356 912 καὶ
3388 858 3614 926 δυνάμει

2030 952 2124 1004 καὶ
2197 953 2382 1022 χάριτι
2463 952 2556 1007 τοῦ
2616 951 2737 1015 ἑνὸς
2813 951 3076 1022 ὀνόματος
3132 953 3232 1020 τῆς
3286 950 3616 1004 παντοδυνά-

2032 1059 2135 1111 μου
2169 1043 2438 1112 Τριάδοςο
2470 1043 2531 1095 τὸ
2581 1043 3015 1113 τρισυπόστατον
3060 1042 3142 1107 δὲ,
3196 1042 3254 1095 ὲν
3303 1040 3381 1111 τῷ
3433 1041 3615 1108 λέγειν

2036 1155 2054 1188 t
2091 1135 2196 1188 Τοῦ
2228 1137 2443 1206 Πατρὸς
2469 1136 2563 1193 καὶ
2595 1135 2690 1189 τοῦ
2722 1135 2855 1189 Υίοῦ
2895 1136 2991 1189 καὶ
3025 1135 3118 1188 τοῦ
3156 1134 3317 1202 ἁγίου
3358 1136 3616 1204 Πνεῦμα-

2030 1247 2139 1292 τος.
2184 1248 2203 1281 ι
2242 1228 2461 1298 Ταύτην
2512 1228 2611 1297 τὴν
2643 1227 2938 1295 ὁμολογίαν
2969 1228 3061 1279 καὶ
3098 1226 3351 1295 Ἰωάννης
3381 1228 3437 1279 ἐν
3469 1229 3612 1297 ἀρχῇ

2027 1321 2123 1375 τοῦ
2151 1322 2488 1390 Εύαγγελίου
2520 1320 2785 1389 θεολογεῆ
2812 1319 2955 1373 οὕτω
2990 1320 3241 1390 γράφων·
3281 1338 3300 1371 t
3352 1320 3439 1371 Ἑν
3470 1321 3611 1388 ἀρχῇ

2028 1406 2099 1482 ἦν
2132 1412 2160 1463 6
2196 1411 2392 1480 Λόγος,
2438 1430 2456 1463 ι
2487 1412 2578 1467 τὸν
2625 1412 2758 1465 Υἱὸν
2794 1409 3183 1481 καταγγέλλων
3207 1450 3220 1472 ,
3276 1429 3294 1461 t
3331 1411 3423 1463 καὶ
3449 1412 3477 1461 6
3510 1412 3617 1462 Λό-

2030 1521 2127 1572 γος
2155 1500 2223 1573 ἦν
2254 1503 2393 1573 πρὸς
2424 1504 2514 1555 τὸν
2544 1503 2699 1569 Θεὸν,
2731 1521 2749 1554 ι
2774 1504 2866 1556 τὸν
2898 1502 3118 1572 Πατέρα
3166 1501 3449 1567 διδάσκων,
3480 1520 3497 1551 t
3524 1501 3618 1552 xui.

2037 1595 2173 1658 Θεὸς
2209 1590 2279 1667 ἦν
2308 1597 2335 1648 6
2367 1595 2561 1662 Λόγος,
2603 1613 2619 1645 ι
2654 1594 2713 1646 τὸ
2749 1594 3037 1663 ὁμοούσιον
3068 1593 3159 1646 τοῦ
3198 1593 3330 1647 Υίοῦ
3367 1593 3500 1661 πρὸς
3527 1591 3618 1644 τὸν

2036 1686 2258 1760 Πατέρα
2314 1686 2619 1755 παριστῶν.
2680 1680 2848 1748 Οὗτος
2895 1680 2963 1756 ἦν
3015 1686 3073 1737 ὲν
3133 1686 3276 1753 ἀρχῇ
3325 1684 3462 1753 πρὸς
3526 1683 3618 1734 τὸν

349 1773 553 1843 David;
586 1785 688 1833 et:
726 1795 746 1828 t
800 1776 931 1833 Sine
984 1779 1106 1848 ipso
1168 1780 1373 1835 factum
1439 1793 1524 1836 est
1581 1780 1716 1835 nihil
1770 1779 1917 1851 quod

2043 1779 2175 1834 936v.
2221 1777 2442 1849 Ἐπειδὴ
2465 1778 2560 1832 καλ⁹
2593 1777 2879 1847 όμοούσιός
2903 1778 3021 1830 ἐστι
3048 1776 3125 1846 τῷ
3156 1778 3330 1846 Πατρὶ
3358 1777 3449 1828 καὶ
3489 1792 3618 1826 συν-

346 1863 547 1919 factum
580 1874 683 1931 est,
730 1886 751 1919 t
791 1868 942 1923 addit
991 1868 1366 1942 Evangelium.
1406 1889 1426 1923 t
1468 1871 1661 1927 Omnia
1691 1870 1862 1933 enim,
1898 1888 1916 1921 ι

342 1956 482 2011 dixit
510 1955 679 2012 David
713 1958 781 2013 ad
827 1958 1020 2025 Deum,
1058 1978 1077 2012 t
1110 1960 1163 2013 in
1197 1960 1464 2029 sapientia
1497 1959 1702 2015 fecisti.
1752 1978 1771 2011 ι
1808 1960 1873 2013 Et
1906 1974 1921 2014 :

346 2065 364 2098 t
395 2046 453 2105 ln
487 2046 608 2116 ipso
655 2049 767 2103 vita
810 2059 948 2114 erat,
980 2068 998 2103 ι
1045 2050 1266 2105 divinus
1292 2048 1530 2121 Spiritus
1554 2065 1581 2103 a
1608 2049 1768 2104 Patre
1795 2063 1925 2118 pro-

342 2138 563 2205 cedens,
605 2158 623 2192 t
652 2139 705 2194 in
737 2156 849 2210 quo
890 2151 947 2197 et
1007 2158 1110 2199 nos
1142 2143 1397 2208 vivimus,
1426 2156 1717 2196 movemur
1746 2150 1800 2195 et
1830 2155 1926 2195 su-

344 2245 501 2296 mus;
536 2248 555 2283 »
588 2230 683 2300 qui
735 2231 791 2285 in
850 2232 974 2302 ipso
1033 2243 1094 2289 ut
1148 2234 1330 2290 Verbo
1367 2244 1554 2290 manet
1581 2242 1636 2287 et
1668 2231 1926 2301 quiescit,

344 2320 413 2375 de
445 2336 554 2391 quo
614 2322 727 2391 ipse
782 2323 982 2378 iterum
1039 2322 1179 2379 dixit
1214 2342 1227 2378 :
1267 2342 1285 2376 t
1321 2323 1459 2378 Cum
1511 2322 1723 2379 venerit
1759 2321 1959 2376 Fara--

349 2414 527 2469 tietus
555 2429 718 2485 quem
761 2430 861 2487 ego
899 2417 1113 2471 mittam
1143 2417 1301 2473 vobis
1359 2431 1390 2471 a
1422 2416 1605 2481 Patre,
1661 2415 1927 2484 Spiritum

348 2508 598 2564 veritatis
650 2508 744 2580 qui
801 2523 831 2563 a
890 2507 1055 2563 Patre
1112 2508 1377 2577 procedit,
1431 2508 1521 2563 ille
1555 2507 1929 2562 testimonium

346 2601 656 2671 perhibebit
685 2601 753 2657 de
790 2617 900 2658 me.
950 2620 969 2654 ι
1008 2601 1222 2667 Quibus
1266 2600 1530 2655 Dominus
1577 2614 1677 2655 nos
1713 2598 1931 2667 sapien-

346 2708 429 2753 ter
472 2696 633 2752 docet
688 2694 954 2766 Spiritum
1017 2696 1181 2751 etiam
1238 2709 1307 2749 ex
1381 2694 1546 2747 Patre
1628 2692 1932 2763 procedere

345 2792 639 2860 ipsumque
662 2788 728 2844 ad
759 2802 858 2844 nos
884 2787 1094 2853 venire,
1134 2802 1239 2842 non
1290 2786 1509 2856 quidem
1542 2801 1638 2855 per
1675 2786 1933 2857 hyposta-

344 2884 447 2938 sim
471 2882 793 2949 habitando,
818 2886 913 2938 sed
934 2881 1092 2951 quasi
1114 2880 1167 2934 in
1190 2879 1543 2934 tabernaculo
1574 2893 1669 2947 per
1692 2878 1925 2949 gratiam

345 2976 639 3034 manendo.
669 2974 858 3029 Viden’
893 2972 1211 3043 mysterium
1241 2970 1404 3026 unius
1431 2970 1521 3025 Dei
1549 2968 1886 3026 inTrinitate
1911 2971 1935 3025 ί

2032 1876 2289 1943 ἄναρχος.
2325 1890 2345 1924 t
2392 1873 2577 1927 Πάντα
2605 1872 2671 1926 δι’
2707 1871 2873 1926 αὐτοῦ
2908 1873 3144 1941 ἐγένετο.
3180 1890 3199 1922 ι
3234 1870 3470 1923 "Ornat
3498 1884 3621 1921 συν-

2033 1964 2359 2032 δημιουργεῖ
2389 1961 2467 2032 τῷ
2496 1962 2691 2032 ΙΙατρί.
2726 1982 2743 2014 t
2782 1962 2872 2034 Τῷ
2903 1981 2920 2012 ι
2946 1961 3054 2033 γὰρ
3089 1979 3108 2013 ι
3140 1960 3299 2029 Λόγῳ
3344 1960 3550 2026 Κυρίου
3572 1959 3619 2010 οἱ

2037 2055 2267 2124 οὐρανοὶ
2293 2053 2732 2125 ἐστερεώθησαν,
2776 2073 2795 2107 ›
2838 2054 2866 2107 6
2900 2054 3067 2107 Aa6‘t6
3110 2052 3280 2121 λέγει.
3314 2052 3425 2105 Καὶ
3450 2049 3622 2121 χωρὶς

2036 2145 2201 2201 αὑτοῦ
2251 2147 2471 2215 ἐγένετο
2515 2146 2636 2201 οὐδὲ
2692 2146 2751 2199 ἓν
2812 2146 2839 2199 6
2903 2147 3131 2214 γέγονε·
3186 2145 3246 2198 τὸ
3292 2142 3623 2212 Εὑαγγέλιον

2037 2236 2239 2292 πάλιν·
2283 2256 2302 2289 t
2335 2239 2521 2293 Πάντα
2560 2257 2577 2290 ι
2616 2238 2747 2310 γὰρ,
2777 2238 2807 2291 6
2827 2238 2937 2292 Δαό
2950 2238 2996 2292 ίδ
3024 2254 3159 2309 φησι
3200 2238 3335 2307 πρὸς
3349 2237 3441 2290 τὸν
3466 2235 3619 2301 Θεὸν,

2041 2345 2059 2380 t
2092 2330 2151 2381 ὲν
2187 2328 2351 2400 σοφίᾳ
2380 2330 2642 2404 ἐποίησας
2662 2346 2711 2383 ἰ
2742 2331 2837 2387 καὶ
2865 2350 2883 2383 t
2907 2331 2999 2385 'Ev
3021 2330 3170 2401 αὐτῷ
3190 2330 3306 2403 ζωὴ
3326 2326 3444 2401 ἦν,›
3473 2328 3534 2382 τὸ
3560 2330 3622 2381 ὲκ

2036 2420 2132 2474 τοῦ
2164 2421 2378 2495 Πατρὸς
2402 2422 2846 2493 ἐκπορευόμενον
2891 2423 3035 2477 θεῖον
3074 2420 3324 2493 Πνεῦμα,
3361 2424 3419 2475 ὲν
3458 2415 3501 2490 ᾧ
3530 2421 3623 2475 καὶ

2039 2514 2201 2583 ἡμεῖς
2236 2514 2420 2581 ζῶμεν
2464 2517 2560 2569 καὶ
2618 2515 2929 2587 κινούμεθα
2974 2516 3070 2569 καὶ
3120 2516 3305 2585 ἐσμὲν,
3342 2515 3398 2569 ὲν
3449 2512 3624 2583 τούτῳ

2046 2604 2212 2674 μένον
2249 2606 2436 2668 ἀϊδίως
2462 2605 2539 2669 ὡς
2572 2606 2735 2676 Λόγῳ
2762 2608 2856 2659 καὶ
2881 2608 3372 2676 ἐπαναπαυόμενον
3402 2606 3529 2676 περὶ
3560 2598 3623 2659 οῦ

2036 2698 2134 2751 καὶ
2164 2697 2327 2752 πάλιν
2374 2698 2535 2762 αὑτός
2585 2716 2773 2769 φησιν,
2819 2718 2838 2751 ι
2870 2700 3039 2754 Ὅταν
3091 2698 3146 2752 δὲ
3182 2698 3310 2769 ἔλθῃ
3368 2701 3397 2752 6
3440 2698 3626 2769 Παρά-

2034 2789 2264 2860 κλητος,
2294 2789 2353 2842 δν
2384 2788 2496 2858 ἐγὼ
2531 2789 2734 2861 πέμψω
2774 2792 2904 2860 ὑμῖν
2938 2791 3092 2861 παρὰ
3141 2789 3236 2844 τοῦ
3272 2789 3461 2861 Πατρὸ
3476 2807 3521 2855 ς,
3561 2788 3625 2841 τὸ

2042 2875 2269 2951 Πνεῦμα
2298 2883 2397 2951 τῆς
2426 2878 2708 2953 ἀληθείας,
2756 2881 2785 2935 6
2830 2881 2982 2953 παρὰ
3029 2881 3124 2936 τοῦ
3183 2881 3402 2954 Πατρὸς
3458 2882 3627 2934 ὲκποο

2039 2974 2274 3043 ρεύεται,
2310 2976 2517 3038 ἐκεῖνος
2546 2974 2889 3043 μαρτυρήσει
2919 2974 3051 3044 περὶ
3084 2973 3241 3040 ἐμοῦ.
3284 2992 3302 3024 ι
3350 2971 3624 3027 Ἐνταῦθα

348 3072 537 3144 σαφῶς
562 3071 806 3126 διδάσκει
839 3071 867 3123 6
895 3067 1119 3138 Κύριος,
1152 3065 1234 3119 ὅτι
1283 3063 1382 3119 καλ⁴
1435 3067 1500 3118 ὲκ
1524 3064 1620 3119 τοῦ
1648 3067 1866 3137 Πατρὸς
1892 3069 2255 3140 ἐκπορεύεται
2286 3070 2348 3123 τὸ
2393 3069 2638 3138 Πνεῦμα,
2671 3071 2766 3122 καὶ
2798 3070 2932 3123 αὐτὸ
2974 3071 3109 3141 πρὸς
3174 3070 3321 3139 ἡμᾶς
3382 3069 3623 3141 ἔρχεται,

348 3167 448 3238 οὐχ
470 3161 849 3229 ὑποστατικῶς
870 3159 1133 3229 ἐνοικοῦν,
1164 3158 1301 3215 ἀλλὰ
1327 3160 1392 3229 τῇ
1428 3157 1610 3231 χάριτι
1642 3161 1960 3235 ἑνσκηνοῦν.
1997 3164 2161 3237 Ὁρᾷς
2189 3165 2248 3219 τὸ
2281 3165 2585 3239 μυστήριον
2621 3163 2714 3217 τοῦ
2753 3164 2918 3234 μόνου
2954 3166 3013 3218 ὲν
3041 3164 3234 3235 Τριὰδι
3266 3163 3401 3220 Θεοῦ
3427 3182 3443 3229 ;

978 3276 1206 3344 CAPUT
1244 3277 1335 3333 IX.

350 3371 668 3443 Evangelica
707 3371 853 3446 dicta
880 3369 1114 3446 Sabellio
1164 3374 1428 3446 opposita.
1482 3375 1605 3431 Alia
1636 3375 1720 3446 (ea:
1751 3374 1815 3429 V.
1845 3374 1932 3445 Τ.)

561 3455 745 3496 contra
785 3441 1004 3495 Judteas
1035 3451 1083 3495 et
1114 3444 1344 3514 reliquas
1378 3446 1564 3513 impias
1594 3441 1794 3517 gentes.

425 3533 749 3603 Evangelica
782 3533 1003 3603 quidem
1050 3533 1195 3613 dicta
1247 3546 1375 3591 sunt
1418 3546 1643 3606 propter
1674 3537 1933 3608 blasphe-

354 3629 494 3694 mias
524 3626 642 3682 Afri
672 3625 920 3686 Sabellii.
954 3626 1050 3697 qui
1094 3627 1337 3701 profecto
1375 3628 1731 3701 Evangelium
1795 3632 1939 3687 acci-

356 3722 565 3805 piebat;
592 3720 689 3775 tibi
718 3730 901 3776 autem
926 3721 1214 3783 ostendam
1243 3736 1307 3776 ea
1327 3736 1447 3791 qua:
1467 3732 1623 3779 vetus
1653 3721 1938 3793 Scriptura

355 3815 421 3867 de
449 3811 558 3866 Deo
587 3812 640 3866 in
678 3812 853 3869 tribus
896 3812 1147 3881 personis
1173 3810 1405 3882 profert.
1440 3810 1555 3868 Hoc
1585 3827 1696 3868 non
1732 3814 1938 3870 solum-

359 3906 520 3961 modo
563 3902 939 3973 Evangelium,
977 3903 1071 3958 sed
1101 3911 1156 3958 et
1213 3902 1429 3973 Moyses
1482 3904 1537 3962 in
1587 3903 1729 3975 lege,
1775 3914 1938 3974 atque

358 3996 641 4066 propheta:
679 3995 1066 4063 praedicarunt.
1133 3999 1347 4067 Moyses
1395 3994 1617 4065 quidem
1676 4011 1799 4051 eum
1844 3994 1940 4065 qui

359 4076 577 4161 semper
614 4096 698 4143 est
724 4090 890 4143 Deum
932 4097 989 4142 et
1040 4086 1256 4143 Patrem
1290 4088 1493 4158 ubique
1521 4090 1806 4157 praedicat,
1845 4090 1939 4159 qui

361 4181 525 4240 Verbi
553 4182 647 4239 Dei
684 4179 810 4237 Filii
844 4179 1165 4254 mysterium
1216 4180 1473 4249 intelligit
1499 4180 1554 4235 in
1586 4180 1773 4235 audita
1809 4195 1941 4237 voce

359 4278 540 4335 divina
599 4284 656 4330 et
706 4281 963 4338 suscepta
1014 4273 1217 4327 virtute
1272 4269 1435 4324 Verbi
1495 4271 1760 4327 viventis.
1802 4270 1938 4332 Nam

361 4370 594 4437 nndiens
620 4363 828 4429 audivit
863 4361 1105 4419 Verbum
1138 4361 1299 4435 cujus
1335 4361 1767 4423 incarnationem
1800 4380 1941 4434 prte-

364 4456 638 4527 ιυειιονὶι.
668 4452 913 4517 Primum
961 4451 1183 4529 quidem
1232 4452 1429 4507 rubum
1475 4452 1609 4514 vidit
1652 4454 1940 4512 ardentem

298 4606 301 4609 ,
369 4565 422 4621 et
454 4559 637 4605 tamen
667 4542 890 4613 minime
917 4553 1326 4615 consumptam,
1362 4547 1653 4617 ipsumque
1676 4546 1770 4602 Dei
1804 4547 1942 4610 Ver-

1971 3285 2018 3344 ϐ

2607 3283 2664 3353 9
2689 3283 2940 3337 ΚΕΦΑΛ.
2991 3280 3070 3337 ε’.

2051 3375 2127 3430 Τὰ
2160 3376 2525 3445 εὐαγγελικὰ
2550 3374 2703 3429 κατὰ
2736 3376 3093 3445 Σαόειιλίου.
3121 3374 3348 3445 ,Ταῦτα
3378 3370 3630 3445 δὲ-κατὰ

2148 3442 2480 3511 Ἰουδαίων,
2522 3446 2622 3500 καί
2672 3445 2794 3499 τῶν
2834 3444 3069 3499 λοιπῶν
3100 3443 3294 3499 ἀθέων
3322 3442 3537 3497 ἐθνῶν.

2127 3540 2289 3594 Ἀλλὰ
2336 3537 2405 3592 τὰ
2460 3537 2798 3607 εύαγγελικὰ
2854 3539 2954 3609 μὲν
3004 3535 3094 3590 διὰ
3130 3536 3227 3599 τὰς
3275 3533 3371 3587 τοῦ
3427 3533 3627 3595 Λίϐυος

2062 3630 2358 3687 Σαϐελλίου
2410 3629 2662 3683 λέλεκται
2725 3628 3072 3699 βλασφημίας
3098 3666 3113 3692 ,
3149 3627 3309 3698 δῆθεν
3354 3625 3414 3679 τὸ
3457 3625 3629 3693 Εὐαγ-

2047 3723 2227 3792 γέλιον
2256 3722 2570 3792 δεχομένου.
2617 3720 3061 3790 Ἐκθήσομειιδέ
3114 3736 3200 3772 σοι
3251 3718 3348 3772 καὶ
3408 3719 3470 3772 ἐκ
3527 3718 3627 3784 τῆς

2049 3814 2287 3875 παλαιᾶς
2319 3815 2547 3884 Γραφῆς
2577 3814 2644 3868 τὰ
2674 3814 2804 3883 περὶ
2834 3812 2929 3866 τοῦ
2977 3815 3036 3864 έν
3067 3811 3259 3881 Τριάδι
3293 3810 3451 3866 Θεοῦ.
3492 3809 3630 3862 Τοῦ-

2052 3924 2149 3960 τον
2195 3907 2255 3960 οὑ
2307 3907 2367 3960 τὸ
2400 3906 2737 3972 Εὐαγγέλιον
2772 3905 2954 3973 μόνον,
2997 3902 3132 3956 ἀλλὰ
3178 3904 3271 3954 καὶ
3301 3902 3541 3964 Μωῦσῆς
3571 3901 3630 3953 ἐν

2046 3999 2123 4069 τῷ
2155 4000 2305 4068 νόμῳ
2346 3998 2443 4050 καὶ
2501 3996 2782 4066 προφῆται
2836 3994 3037 4055 πάντες
3064 3991 3382 4062 ’ἑκήρυξαν.
3419 3991 3481 4043 '0
3528 3990 3628 4060 μὲν

2046 4092 2156 4160 γὰρ
2183 4088 2425 4158 Μωῦσῆς
2481 4087 2573 4140 τὸν
2629 4086 2718 4138 ἀεὶ
2772 4084 2899 4136 ὄντα
2958 4083 3090 4135 Θεὸν
3140 4085 3234 4135 καὶ
3270 4082 3489 4151 Πατέρα
3541 4080 3629 4133 διὰ

2052 4180 2273 4234 πάντων
2305 4177 2594 4246 κηρύσσει,
2643 4175 2702 4237 ὃς
2734 4174 2825 4228 καὶ
2877 4173 2972 4225 τοῦ
3015 4172 3191 4240 Λόγου
3248 4173 3498 4225 κατανοεῖ
3534 4169 3627 4222 τοῦ

2050 4268 2182 4323 Υιοῦ
2214 4267 2349 4320 Θεοῦ
2385 4266 2446 4319 τὸ
2480 4265 2816 4336 μυστήριον,
2864 4265 2921 4319 ὲν
2954 4263 3032 4333 τῷ
3062 4262 3213 4324 θείας
3262 4261 3483 4314 ἀκούειν
3516 4278 3629 4328 φω-

2050 4359 2170 4428 νῆς,
2202 4360 2298 4414 καὶ
2325 4356 2419 4410 τοῦ
2472 4356 2651 4423 Λόγου
2697 4355 2792 4409 τοῦ
2826 4353 3027 4417 ζῶντος
3053 4350 3305 4422 δέχεσθαι
3337 4351 3437 4420 τὴν
3467 4350 3625 4415 ἐνέρ-

2048 4469 2226 4522 γειαν.
2258 4450 2334 4505 Τὸ
2373 4448 2486 4520 γὰρ
2521 4448 2769 4513 ἀκούειν,
2801 4446 2976 4514 Λόγου
3005 4444 3151 4498 ἐστὶν
3176 4440 3414 4506 ἀκούειν,
3453 4436 3513 4495 οὗ
3537 4440 3630 4493 καὶ

2049 4548 2150 4615 τὴν
2193 4546 2473 4617 σάρκωσιν
2515 4541 2806 4613 προέγνω,
2856 4540 3075 4611 πρῶτον
3110 4537 3208 4608 μὲν
3264 4535 3428 4606 βάτον
3486 4551 3629 4587 κατ-

374 4649 499 4713 hum
523 4642 631 4704 sub.
653 4640 889 4706 hominis
925 4638 1099 4699 forma
1134 4638 1182 4693 ei
1212 4638 1553 4709 colloquens,
1584 4639 1712 4708 quia
1741 4656 1934 4697 secun-

2056 4633 2179 4687 ιδὼν
2220 4631 2565 4702 φλεγομένην
2590 4670 2606 4697 ,
2641 4626 2907 4701 μηδαμῶς
2941 4626 2998 4679 δὲ
3043 4626 3363 4697 καιομένην,
3402 4625 3499 4677 καὶ
3544 4623 3631 4675 αὺ-

372 4741 504 4807 tlum
533 4734 830 4792 Jeremiam
890 4740 1113 4803 propter
1179 4730 1432 4797 homines
1480 4730 1535 4785 in
1587 4741 1729 4793 terra
1764 4733 1942 4788 visum

304 4843 313 4849 '
375 4840 481 4897 est,
535 4837 591 4884 et
646 4828 788 4882 inter
841 4825 1096 4881 homines
1143 4833 1532 4886 conversatum
1593 4834 1716 4891 est,
1776 4833 1832 4881 et
1877 4825 1947 4881 ad

375 4924 546 4993 ipsum
586 4918 808 4987 Moysen
851 4914 986 4969 dixit
1021 4930 1037 4967 :
1086 4931 1105 4965 t
1154 4914 1265 4983 Ego
1298 4930 1423 4970 sum
1473 4914 1616 4969 Deus
1647 4913 1945 4981 Abraham,

372 5026 424 5080 ct
460 5006 599 5065 lfeus
652 5012 829 5072 lsaac,
894 5015 948 5060 et
1006 5002 1150 5060 Deus
1195 5003 1388 5068 Jacob,
1426 5023 1445 5056 υ
1481 5005 1625 5074 quod
1673 5012 1731 5058 ut
1780 5005 1946 5060 homo

376 5116 643 5179 apparens
670 5110 724 5159 et
761 5097 989 5168 angelus
1016 5094 1358 5173 KScriptura
1400 5095 1753 5166 appellatum,
1785 5094 1948 5150 simul

375 5196 734 5263 sentietipsum
766 5200 927 5255 vocat
976 5186 1171 5251 Deum,
1225 5187 1506 5258 triumque
1554 5187 1801 5241 meminit
1850 5201 1950 5256 pa—

382 5286 775 5353 triarcharum,
810 5282 1001 5339 dicens
1034 5300 1049 5335 :
1096 5297 1115 5337 ι
1154 5278 1267 5350 Ego
1304 5294 1426 5343 sum
1478 5279 1620 5335 Deus
1647 5277 1950 5343 Abraham,

375 5390 422 5430 ιιι
459 5377 601 5435 Dens
633 5374 803 5435 Isaac,
846 5384 902 5428 et
945 5372 1087 5427 Deus
1115 5369 1307 5435 Jacob,
1354 5388 1372 5425 ι
1408 5379 1468 5433 ut
1511 5369 1639 5429 inde
1681 5377 1955 5433 monstra-

380 5483 482 5538 ret,
516 5472 659 5527 sicut
689 5479 743 5524 et
772 5469 951 5539 ipsum
978 5483 1008 5523 e
1043 5466 1263 5537 Virgine
1294 5466 1640 5530 incarnatum
1677 5474 1953 5531 monstra-

380 5570 478 5629 lnt,
524 5561 811 5618 Trinitatis
858 5559 1204 5631 mysterium.
1260 5558 1463 5614 Deinde
1517 5557 1607 5615 Dei
1681 5559 1843 5612 verba
1898 5558 1950 5611 in

383 5656 582 5720 lanulis
612 5654 841 5725 lapideis
880 5652 1093 5725 Moyses
1135 5650 1367 5719 accepit,
1393 5649 1649 5717 virtutem
1682 5646 1844 5702 Verbi
1873 5647 1955 5700 vi-

385 5749 561 5812 Vrntis
598 5746 893 5807 ostendens
952 5755 1004 5803 et
1061 5750 1264 5803 docens
1316 5758 1411 5800 uer
1459 5756 1623 5814 opera
1676 5739 1949 5796 mirabilia

2051 4727 2143 4781 τὸν
2196 4725 2290 4780 τὸν
2350 4723 2444 4782 τοῦ
2500 4721 2639 4778 Θεοῦ
2698 4721 2872 4789 Λόγον
2929 4718 3345 4789 διομιλούμενον
3391 4716 3539 4785 αύτῷ
3570 4717 3630 4767 ἐν

2056 4818 2301 4889 σχήματι
2324 4815 2678 4888 ἀνθρωπίνῳ.
2722 4812 2876 4866 Ἐπεὶ
2906 4811 3004 4865 καὶ
3040 4809 3181 4881 ὑπὲρ
3212 4807 3514 4879 ἀνθρώπων
3540 4803 3632 4857 ἐπὶ

2053 4910 2154 4980 τῆς
2180 4909 2287 4979 γῆς
2313 4909 2457 4961 κατὰ
2501 4907 2594 4960 τὸν
2624 4903 2917 4975 Ἶερεμίαν
2947 4901 3126 4971 ὤφθη,
3162 4900 3391 4961 καὶτοῖς
3417 4894 3629 4965 ἀνθρώο

2056 5020 2183 5065 ποις
2239 4997 2697 5067 συνανεστράφη,
2753 4996 2850 5049 καὶ
2889 4993 3027 5064 πρὸς
3064 4992 3227 5045 αὐτὸν
3283 4990 3493 5059 εἰρήκει
3541 4987 3633 5039 τὸν

2056 5092 2303 5161 Μωῦσῆν
2328 5107 2343 5124 ⁶
2384 5109 2406 5143 t
2453 5089 2596 5159 Ἑγώ
2638 5088 2758 5157 ειμι
2788 5089 2815 5140 6
2844 5086 2976 5148 Θεὸς
3020 5083 3295 5155 Ἀϐραὰμ,
3320 5083 3415 5135 καὶ
3446 5082 3475 5134 6
3501 5079 3634 5145 Θεὸς

2065 5185 2390 5253 Ἰσαὰκ,καὶ
2421 5185 2449 5238 6
2478 5183 2609 5246 Θεὸς
2650 5180 2869 5235 Ἰακώϐ.
2895 5197 2913 5231 ι
2955 5179 3014 5232 '0
3062 5177 3140 5239 ὡς
3186 5176 3325 5246 ἀνὴρ
3372 5172 3636 5242 φαινόμεθ

2057 5297 2169 5346 νος,
2202 5280 2298 5332 καὶ
2324 5278 2558 5346 ἄγγελος
2605 5273 2758 5345 παρὰ
2788 5274 2856 5343 τῇ
2906 5271 3095 5342 Γραφῇ
3130 5269 3443 5339 λεγόμενος,
3478 5259 3638 5328 οὗτος

2060 5375 2211 5438 ὅμως
2260 5370 2456 5425 ἑαυτὸν
2515 5366 2649 5422 Θεὸν
2692 5364 2973 5435 ὀνομάζει,
3006 5364 3100 5415 καὶ
3149 5363 3317 5431 τριῶν
3360 5373 3640 5427 πατριαρο

2062 5466 2174 5537 χῶν
2207 5462 2529 5534 μέμνηται,
2573 5478 2592 5512 t
2642 5457 2785 5526 Ἑγὼ
2846 5458 2960 5526 ειμι
2996 5457 3022 5507 6
3065 5455 3197 5515 Θεὸς
3238 5451 3513 5523 Ἀϐραάμ,
3542 5450 3637 5501 καὶ

2058 5559 2089 5610 6
2119 5556 2251 5618 Θεὸς
2297 5554 2510 5617 Ἰσαὰκ,
2562 5552 2659 5605 καὶ
2705 5550 2891 5611 όΘεὸς
2934 5544 3163 5609 Ἰακὼϐ,
3219 5562 3239 5595 ι
3286 5543 3491 5609 λέγων,
3546 5538 3636 5592 ἵνα

2058 5647 2211 5721 δείξῃ
2242 5648 2347 5700 κὰν
2378 5645 2579 5716 τούτῳ,
2605 5646 2679 5706 ὡς
2707 5640 2862 5702 οὗτος
2893 5636 3199 5707 σαρκωθεὶς
3232 5634 3295 5686 ὲκ
3331 5630 3631 5721 Παρθένον,

2055 5740 2116 5793 τὸ
2300 5737 2530 5808 Τριάδος
2577 5733 2882 5803 φανερώσει
2915 5728 3129 5815 pectit:
3146 5742 3245 5780 ιον.
3287 5724 3518 5775 Ἕτειά
3572 5718 3629 5770 *ὲ
