4040 6202
320 353 386 417 53

1375 355 1760 418 DIALOGUS
1793 321 2109 419 CONTRA
2152 359 2553 425 HJEBEBES.
2601 356 2618 388 '

3521 354 3602 418 54‘

313 469 408 522 καὶ
448 468 577 530 τοὺς
613 469 706 522 τοῦ
755 466 893 522 Θεοῦ
933 467 1123 538 λόγους
1163 469 1222 522 ἐν
1274 469 1441 535 πλαξὶ
1470 471 1699 533 λιθίναις
1741 471 1908 524 Μωῦ-

2030 473 2252 529 Verbum
2283 491 2403 531 esse
2428 477 2481 530 in
2515 476 2646 541 Deo,
2697 484 2752 530 et
2808 475 2970 530 istum
3004 479 3194 544 postea
3221 487 3353 556 esse
3403 472 3592 529 incar-

316 561 414 632 σῆς
448 560 772 628 ὑπεδέξατο,
805 561 905 632 τήν
952 561 1182 630 δύναμιν
1212 563 1304 616 τοῦ
1336 564 1539 630 ζῶντος
1570 565 1747 634 Λόγου
1787 567 1896 620 δει-

313 651 465 715 κνὺς,
500 651 838 705 ἐκδιδάσκων
865 670 921 704 τε
948 653 1014 705 δι’
1043 654 1226 723 ἔργων
1253 655 1665 725 θαυμαστικῶν,
1694 657 1772 718 ὡς
1799 659 1898 712 καὶ

315 744 486 810 Λόγος
518 743 668 797 ἐστὶν
720 745 779 796 ἐν
811 744 888 812 τῷ
941 743 1082 814 Θεῷ,
1123 749 1220 798 καὶ
1257 747 1679 816 σαρκωθήσεται
1717 744 1895 815 οὗτος,

2001 565 2242 621 nandum
2304 583 2514 623 necnon
2578 570 2638 622 in'
2675 583 2905 638 corpore
2981 567 3457 636 conspiciendum,
3537 583 3606 622 ιιι

2003 666 2158 711 utero
2197 656 2436 726 Deiparze
2488 656 2724 729 Virginis
2755 661 2904 715 velut
2954 659 3007 714 in
3059 659 3245 714 tabula
3298 663 3591 728 scriptum.

2002 748 2201 804 Vocem
2233 749 2471 803 divinam
2503 750 2707 820 pluries
2740 751 2952 806 audivit
2995 751 3210 822 Moyses
3239 751 3294 805 in
3328 751 3586 806 taberna-

314 837 406 888 καὶ
433 835 852 906 παχυνθήσεται
881 835 1131 906 ὕστερον,
1164 838 1241 900 ῶς
1268 841 1324 892 ἐν
1359 839 1531 892 πλακὶ
1559 843 1794 911 γραφεὶς
1824 845 1892 913 τῇ

2030 840 2148 904 :ulo,
2181 841 2233 894 in
2270 843 2449 897 medio
2479 845 2659 898 arc'e.‘
2694 841 2807 898 Vox
2839 855 3018 899 autem
3050 845 3186 899 nihil
3228 853 3310 898 est
3349 843 3493 897 aliud
3524 858 3588 897 ac

314 928 569 998 Θεοτόκῳ
625 927 914 998 Παρθένῳ.
973 926 1084 982 Καὶ
1119 930 1306 999 φωνῆς
1364 927 1420 982 δὲ
1479 930 1632 994 Θείας
1692 933 1898 1002 ήκουσε

317 1019 581 1082 πολλάκις
635 1020 879 1089 Μωῦσῆς
918 1021 974 1072 ἐν
1001 1022 1064 1090 τῇ
1114 1025 1287 1092 σκηνῇ
1324 1024 1427 1077 ἀνὰ
1479 1023 1645 1092 μέσον
1677 1023 1780 1092 τῆς
1814 1042 1900 1079 κιο

317 1111 515 1164 σινιτοῦ.
550 1112 711 1180 Φωνὴ
765 1114 822 1166 δέ
871 1111 1030 1180 λόγου
1077 1113 1224 1166 ἐστὶν
1271 1115 1563 1185 ἀπήχημα.
1594 1116 1659 1170 ’0
1699 1117 1763 1187 δὴ
1805 1117 1900 1170 τὸν

321 1201 503 1266 ζῶντα
546 1203 726 1270 Λόγον
754 1204 848 1258 τοῦ
881 1204 1084 1269 ζῶντος
1125 1205 1341 1276 Πατρὸς
1370 1207 1695 1278 ἐμαρτύρει.
1743 1209 1903 1262 ’Υπεο

322 1295 515 1359 δέξατο
543 1295 600 1348 δὲ
635 1297 732 1351 καὶ
765 1296 988 1368 Πνεῦμα
1016 1299 1174 1367 ἅγιον
1207 1300 1472 1369 Μωῦσῆς.
1510 1300 1618 1354 Καὶ
1665 1300 1775 1354 ἀπὸ
1805 1300 1899 1354 τοῦ

321 1385 646 1456 Πιεύματος
686 1389 742 1442 δὲ
787 1387 882 1443 τοῦ
924 1388 1010 1442 ἐπ’
1042 1389 1192 1459 αῦτῷ
1243 1391 1460 1460 ἀφελὼν
1490 1394 1519 1446 6
1549 1392 1707 1457 Θεὸς,
1739 1393 1901 1462 μετι-

316 1478 492 1531 δωκεν
513 1481 742 1551 ἀνδράσι
771 1485 1006 1548 πιστοῖς,
1029 1483 1114 1547 ὡς’
1127 1484 1438 1553 γέγραπται
1469 1483 1902 1555 Ἐὁδομήκοντα.

321 1571 433 1624 Καὶ
481 1571 633 1625 οῦτοι
677 1560 743 1642 δή
789 1575 1188 1642 προεφήτευον,
1223 1574 1364 1628 ὥστε
1407 1575 1625 1629 καὶτὸν
1660 1575 1903 1647 Πατέρα,

318 1667 417 1717 καὶ
463 1667 557 1718 τὸν
613 1667 764 1731 Υίὸν,
793 1667 860 1730 ηδς
913 1669 1060 1722 ἐστιν
1093 1671 1122 1722 6
1150 1668 1346 1736 Λόγος,
1379 1669 1475 1723 καὶ
1504 1669 1564 1722 τὸ
1591 1669 1815 1740 Πνεῦμα
1845 1670 1907 1723 τὸ

2003 951 2175 992 sonus
2221 938 2410 1003 verbi;
2446 938 2593 1007 quod
2632 935 2866 994 Verbum
2905 939 3098 996 vivens
3145 939 3596 1017 viventis’Patris

2005 1029 2326 1085 testabatur.
2393 1028 2625 1097 insuper
2669 1030 2883 1100 Moyses
2918 1042 3168 1088 sanctum
3216 1046 3438 1102 quoque
3472 1029 3597 1098 Spi-

2005 1122 2170 1176 ritum
2200 1121 2428 1190 accepit,
2477 1121 2544 1174 de
2593 1137 2700 1190 quo
2729 1121 2962 1192 Spiritu,
2993 1123 3136 1178 sicut
3171 1123 3441 1191 scriptum
3481 1129 3589 1187 est,
3644 1137 3652 1192 ;

2010 1215 2452 1268 Deusassumens
2485 1222 2717 1282 partem,
2739 1213 2891 1270 dedit
2923 1216 3054 1269 viris
3086 1216 3344 1271 ﬁdelibus
3368 1215 3599 1284 Septua-

2005 1305 2176 1376 ginta,
2241 1313 2294 1358 et
2351 1304 2442 1358 isti
2503 1308 2992 1375 prolthetaverunt,
3039 1306 3113 1362 ita
3168 1307 3465 1379 utMoyses
3495 1305 3598 1362 Pa-

2009 1407 2145 1458 trem
2175 1407 2229 1454 et
2252 1398 2450 1454 Filium
2505 1399 2595 1468 qui
2625 1407 2709 1452 est
2748 1398 3005 1465 Verbum,
3056 1409 3110 1454 et
3167 1401 3435 1471 Spiritum
3470 1416 3600 1456 sau-

2007 1499 2156 1547 ctum
2186 1494 2615 1566 prtecognoverit
2651 1501 2816 1562 atque
2847 1489 3458 1563 prtedixerit.'Dicendo
3496 1508 3603 1548 au-

2010 1592 2161 1638 tem:
2193 1603 2211 1636 ι
2243 1583 2390 1639 Dixit
2418 1585 2560 1640 Deus
2589 1583 2744 1640 :Fiat
2766 1584 2920 1647 ιω..
2950 1592 3027 1648 ct,
3057 1603 3075 1637 ι
3109 1583 3254 1639 Dixit
3280 1583 3419 1638 Deus
3442 1603 3456 1639 :
3478 1583 3604 1639 Fiat

2011 1673 2420 1730 ﬁrmamentum
2447 1693 2461 1742 ;
2486 1695 2503 1728 ι
2530 1683 2602 1737 et,
2642 1693 2660 1726 ι
2687 1673 2834 1729 Dixit
2860 1675 3002 1730 Deus
3036 1691 3050 1731 :
3084 1674 3365 1733 Germinet
3383 1683 3550 1742 terra,
3574 1695 3594 1729 ι

320 1761 504 1828 ἅγιον,
557 1763 813 1832 προέγνω
863 1765 957 1816 καὶ
1009 1765 1360 1834 προεκήρυξε
1404 1764 1661 1834 Μωῦσῆς.
1695 1765 1806 1819 Καὶ
1847 1767 1906 1818 ἐν

2030 1765 2109 1820 )ei
2143 1764 2381 1822 Verbum
2451 1766 2789 1834 manifestat,
2842 1769 2990 1838 quod
3048 1777 3133 1825 est
3176 1769 3392 1832 vivens,
3429 1785 3601 1825 unum

319 1852 397 1922 τῷ
431 1853 634 1921 λέγειν,
683 1873 701 1907 t
740 1850 909 1909 Εἶπεν
957 1859 986 1909 6
1032 1857 1187 1921 Θεὸς,
1220 1858 1510 1928 Γενηθήτω
1555 1859 1694 1927 φῶς,
1735 1877 1754 1912 ι
1790 1859 1908 1924 κατ,

2030 1866 2068 1910 3t
2113 1857 2485 1929 unigenitum,
2542 1861 3006 1930 quemadmodum
3051 1860 3196 1917 Deus
3241 1862 3407 1916 Pater
3458 1877 3601 1918 unus

324 1963 344 1996 ε
387 1941 556 1999 Εἶπεν
579 1948 608 2000 6
628 1947 789 2012 Θεὸς,
819 1948 1112 2019 Γενηθήτω
1130 1949 1437 2020 στερέωμα,
1477 1969 1495 2002 ι
1525 1951 1644 2014 καὶ,
1685 1969 1704 2002 ε
1744 1945 1914 2004 Εἶπεν

318 2038 348 2088 6
377 2037 535 2104 Θεὸς,
571 2037 942 2107 Βλαστησάτω
973 2039 1006 2108 ή
1037 2039 1135 2108 γῆ,
1171 2057 1190 2090 ι
1230 2041 1321 2092 τὸν
1343 2038 1439 2092 τοῦ
1463 2038 1601 2092 Θεοῦ
1625 2040 1802 2108 Λόγον
1831 2039 1912 2092 δι-

325 2131 541 2186 δάσκει.
584 2133 696 2188 Καὶ
739 2125 898 2196 οὗτος
941 2131 1049 2196 ζῶν
1098 2133 1193 2185 καὶ
1223 2128 1305 2196 εἷς
1335 2133 1430 2187 καὶ
1463 2132 1792 2204 μονογενής,
1832 2131 1910 2196 ὡς

323 2225 424 2276 καὶ
455 2224 486 2275 6
519 2222 655 2285 Θεὸς
695 2226 790 2278 καὶ
827 2224 1022 2295 Πατήρ
1070 2217 1152 2288 εἷς
1177 2223 1272 2278 καὶ
1303 2223 1413 2288 ζῶν
1444 2226 1541 2278 καὶ
1578 2224 1740 2294 μόνος
1772 2209 1913 2278 ἔστί.

328 2318 444 2372 Καὶ
475 2319 609 2387 περὶ
658 2319 754 2372 τοῦ
789 2319 1107 2388 Πνεύματος
1147 2317 1244 2372 τοῦ
1271 2319 1456 2385 ἁγίου,
1495 2337 1514 2370 ι
1549 2320 1661 2373 Καὶ
1690 2319 1917 2388 Πνεῦμα

330 2410 470 2463 Θεοῦ
532 2411 840 2482 ἐπεφέρετο
899 2413 1086 2465 ἐπάνω
1133 2410 1230 2466 τοῦ
1287 2411 1480 2468 ὓδατος
1507 2451 1522 2477 ,
1569 2430 1588 2464 ι
1630 2410 1788 2482 φησί’
1822 2411 1919 2464 καὶ

331 2505 464 2574 περὶ
490 2503 586 2557 τοῦ
618 2504 934 2575 ἀνθρώπου·
969 2525 988 2557 ι
1022 2505 1134 2558 Καὶ
1171 2505 1513 2574 ἐνεφύσησεν
1539 2504 1620 2566 είς
1655 2503 1717 2555 τὸ
1741 2503 1920 2571 πρόσ-

332 2612 484 2649 ωπον
516 2597 685 2650 αὑτοῦ
718 2596 886 2665 πνοὴν
929 2597 1074 2666 ζωῆς
1101 2613 1116 2628 ·
1173 2615 1192 2649 ι
1226 2597 1326 2651 καὶ
1354 2597 1446 2651 ἐπὶ
1479 2595 1576 2650 τοῦ
1607 2595 1753 2659 Νῶε,
1792 2615 1810 2648 t
1841 2595 1918 2650 06

336 2690 414 2760 μὴ
466 2690 772 2762 καταμείνῃ
801 2690 863 2744 τὸ
908 2689 1134 2759 Πνεῦμά
1188 2706 1292 2761 μου
1345 2690 1405 2742 ἐν
1454 2689 1567 2752 τοῖς
1614 2686 1920 2757 ἀνθρώποις

334 2781 555 2844 τούτοις
586 2799 598 2810 ο
645 2800 666 2834 ε
733 2783 867 2846 καὶ,
914 2802 930 2832 ι
995 2781 1310 2851 Πνεύματος
1368 2779 1526 2849 ἁγίου
1594 2778 1838 2850 ἐπλήσθη
1886 2779 1921 2847 ή

338 2876 541 2944 σκηνή.
574 2893 593 2926 ι
643 2875 805 2929 Οῦτω
856 2875 1047 2943 σαφῶς
1095 2875 1302 2942 Μωσῆς
1348 2873 1439 2944 διὰ
1503 2871 1719 2926 πολλῶν
1789 2873 1922 2943 περὶ

339 2966 438 3018 τοῦ
495 2967 672 3030 Λόγου
714 2965 809 3018 τοῦ
856 2966 1059 3029 ζῶντος
1109 2963 1342 3034 ἐκήρυξε
1382 2961 1478 3017 τοῦ
1526 2963 1661 3017 Θεοῦ
1698 2964 1790 3017 καὶ
1827 2964 1922 3017 τοῦ

341 3057 503 3123 ἁγίου
550 3056 892 3121 Πνεύματος.
928 3056 1090 3110 Ἀλλὰ
1142 3056 1238 3110 καὶ
1280 3057 1388 3126 πρὸ
1441 3054 1607 3110 αὐτοῦ
1650 3055 1919 3127 Ἀϐραὰμ,

338 3153 468 3211 τοὺς
538 3151 680 3217 τρεῖς
759 3148 1159 3217 ὑποδεξάμενος

343 3244 410 3311 τῇ
464 3241 734 3311 Μαμϐρῆ,
769 3239 857 3304 οὓς
889 3242 982 3294 καὶ
1037 3237 1173 3292 Θεὸν
1234 3237 1332 3290 ἕνα
1375 3235 1563 3304 σαφῶς
1594 3235 1924 3306 ἀνεκήρυξε,

343 3335 444 3384 τὸν
506 3333 563 3384 ἐν
635 3331 827 3399 Τριάδι
877 3329 1013 3383 Θεὸν
1071 3326 1380 3398 ἐκήρυξεν,
1421 3325 1622 3395 ἄνδρας
1656 3325 1755 3394 μὲν
1783 3326 1933 3396 τρεῖς

343 3423 676 3494 (ξαινόμενον
729 3421 816 3476 διὰ
874 3421 937 3472 τὸ
1000 3416 1203 3484 ἰδιάζον
1253 3415 1362 3470 τῶν
1408 3414 1803 3478 ύποστάσεων,
1840 3413 1935 3466 ἕνα

344 3518 406 3572 δέ
475 3515 884 3585 κηρυττόμενον
951 3513 1058 3565 ὑπὸ
1128 3508 1380 3582 ’Λσραὰμ
1436 3507 1525 3562 διὰ
1603 3507 1666 3560 τὸ
1735 3507 1934 3561 ἐνιαῖον

342 3610 445 3677 τῆς
499 3605 718 3674 φύσεως
749 3644 768 3670 ,
829 3603 898 3658 δι’
956 3597 1030 3658 ὧν
1101 3601 1165 3656 τὸ
1227 3599 1449 3685 τρισσὸν
1513 3595 1650 3667 ὁμοῦ
1714 3597 1811 3650 καὶ
1875 3595 1937 3648 τὸ

350 3700 640 3770 μοναδικὸν
724 3696 1052 3768 ἐσημαίνετο
1129 3693 1229 3764 τῆς
1304 3690 1557 3762 Τριάδος.
1614 3689 1772 3742 Ἀλλὰ
1841 3688 1936 3741 καὶ

360 3789 604 3854 Ἰσαάκ,
653 3791 716 3842 τὸ
769 3788 868 3855 τῆς
920 3785 1147 3856 Τριάδος
1191 3784 1290 3839 καὶ
1335 3783 1434 3851 τῆς
1488 3783 1818 3852 σαρκώσεως
1842 3779 1935 3835 τοῦ

348 3887 533 3954 Λόγου
611 3883 824 3951 ἐπέγνω
914 3899 974 3934 τε
1046 3880 1144 3934 καὶ
1227 3875 1489 3948 διὲγραψε
1572 3875 1874 3945 μυστήριον
1915 3913 1931 3937 ,

348 3975 641 4046 γεννηθεὶς
681 3975 780 4044 μὲν
805 4015 820 4039 ,
870 3972 1036 4041 ἡνίκα
1071 3970 1202 4034 τοὺς
1253 3972 1403 4040 τρεῖς
1447 3967 1646 4036 ἄνδρας
1687 3963 1938 4033 Ἀϐραάμ

349 4067 487 4133 εἶδε,
521 4070 624 4136 τὴν
659 4066 940 4136 σάρκωσιν
983 4063 1042 4117 δὲ
1094 4061 1312 4132 δηλῶν,
1366 4058 1679 4130 σταύρωσίν
1727 4071 1789 4109 τε
1841 4055 1937 4107 καὶ

348 4161 654 4214 ἀνάστασιν
695 4156 788 4210 τοῦ
841 4143 1105 4225 Χριστοῦ,
1158 4155 1216 4207 ἐν
1275 4152 1354 4222 τῷ
1425 4150 1728 4221 ἀναχθῆναι
1787 4147 1939 4216 παρὰ

352 4253 584 4320 πατρὸς,
610 4252 680 4302 τὰ
717 4249 850 4314 ξύλα
877 4250 993 4311 τοῖς
1022 4245 1196 4316 ὤμοις
1225 4243 1534 4314 βαστάζων,
1565 4241 1656 4296 τὸν
1689 4241 1937 4308 Σταυρὸν

351 4343 714 4400 ἐκτυποῦντα.
765 4343 862 4395 καὶ
908 4343 965 4394 ἐν
1007 4341 1192 4402 αὐτοῖς
1247 4335 1683 4407 συμποδίζεσθαι
1713 4373 1728 4398 ,
1797 4333 1938 4386 ὥστε

352 4435 548 4488 θυσίαν
571 4432 830 4499 γενέσθαι
867 4429 989 4500 Θεῷ
1040 4432 1136 4483 καὶ
1185 4425 1620 4495 σφαγιασθῆναι,
1652 4425 1840 4493 φωνῆς
1875 4439 1935 4476 τε

353 4497 654 4600 ἀκηκοέναι
683 4526 844 4592 Θεοῦ,
891 4526 927 4596 ἢ
962 4497 1069 4578 ’τὸν
1123 4521 1218 4577 τοῦ
1271 4519 1408 4575 Θεοῦ
1463 4520 1638 4587 Λόγον
1669 4517 1935 4582 διδάσκει,
1969 4497 2013 4551 Ῐ)

359 4624 465 4692 ιο
495 4623 750 4688 λέγοντος
776 4618 856 4687 τῷ
893 4617 1073 4686 Πατρὶ
1104 4614 1298 4678 αὑτοῦ,
1339 4630 1359 4664 ε
1395 4612 1488 4680 Μὴ
1534 4608 1802 4678 ἐπισάλῃς
1842 4606 1942 4676 τὴν

353 4715 516 4785 χεῖρά
547 4731 644 4767 σου
673 4713 769 4766 ἐπὶ
799 4712 861 4765 τὸ
900 4709 1212 4779 παιδάριον.
1243 4725 1262 4758 ι
1303 4705 1427 4759 Ὀτι
1453 4704 1508 4757 δέ
1553 4705 1581 4755 6
1613 4701 1744 4762 Θεὸς
1771 4698 1944 4764 Λόγος

352 4804 424 4877 ἦν
456 4811 484 4860 ό
511 4806 714 4866 λαλῶν,
745 4805 905 4873 δῆλον
957 4801 1016 4866 ἐξ
1041 4793 1116 4854 ὧν
1151 4816 1286 4870 φησι
1337 4795 1476 4867 πρὸς
1515 4792 1610 4846 τὸν
1649 4789 1905 4860 Ἀϐραάμ
1926 4803 1940 4819 ο

359 4916 383 4952 ε
421 4897 542 4952 Νῦν
587 4897 782 4964 ἔγνων,
833 4895 918 4948 ὅτι
973 4893 1072 4945 οῦκ
1125 4893 1330 4958 ἐφείσω
1378 4887 1472 4941 τοῦ
1528 4885 1647 4938 υἱοῦ
1693 4899 1790 4936 σου
1843 4880 1942 4933 τοῦ

351 4995 651 5062 ἀγαπητοῦ
696 4991 767 5044 δι’
793 4991 916 5060 ἐμὲ.
950 5008 968 5040 ι
1009 4981 1179 5049 Οὗτος
1231 4985 1340 5054 ἄρα
1389 4979 1459 5053 ἦν
1488 4983 1516 5036 6
1553 4980 1653 5050 τῆς
1703 4977 1943 5048 μεγάλης

356 5085 562 5154 βουλῆς
613 5081 907 5150 Ἄγγελος,
935 5082 963 5133 6
995 5079 1123 5143 Υἱὸς
1171 5076 1268 5130 τοῦ
1325 5073 1588 5144 Ὑψίστου
1618 5113 1634 5136 ,
1668 5073 1698 5126 6
1743 5069 1836 5123 καὶ
1869 5067 1946 5138 τῷ

354 5175 539 5244 Πατρὶ
563 5163 733 5226 αὐτοῦ
775 5170 1034 5240 Ἀϐραὰμ
1068 5167 1480 5237 διαλεγόμενος,
1511 5165 1540 5217 6
1589 5165 1688 5216 καὶ
1714 5159 1794 5230 τῷ
1838 5159 1948 5212 Ἰα-

354 5265 478 5320 κὼσ
509 5266 611 5335 τὴν
651 5265 830 5335 πάλην
858 5261 1226 5332 στησάμενος,
1256 5261 1350 5312 καὶ.
1386 5255 1521 5311 Θεὸν
1550 5254 1660 5307 τῶν
1695 5249 1948 5320 πατέρων

356 5356 532 5412 αύτοῦ
595 5356 789 5410 ἑαυτὸν
855 5353 1176 5422 ὀνομάσας,
1227 5351 1256 5402 6
1305 5351 1400 5403 le.
1455 5344 1740 5414 Πνεύματι
1803 5341 1947 5411 ἁγίῳ

359 5450 504 5520 πρὸς
539 5447 781 5518 θεωρίας
820 5445 956 5514 ὖψος
992 5443 1156 5497 αὐτὸν
1189 5440 1506 5507 ἀναγαγὼν,
1535 5436 1602 5491 δι’
1637 5429 1699 5487 οὒ
1732 5433 1827 5485 καὶ
1857 5431 1948 5484 λόο

364 5557 464 5608 γον
490 5541 520 5590 6
569 5535 770 5590 Ἰακὼϐ
824 5533 1134 5601 ξενιτεῦσαι
1181 5531 1422 5595 ἐδέξατο,
1450 5528 1545 5580 καὶ
1576 5526 1806 5597 φεύγειν
1840 5521 1950 5576 ἀπὸ

376 5626 579 5690 Ἠσαῦ,
614 5629 712 5679 καὶ
741 5625 988 5698 κλίμακα
1022 5619 1170 5677 εἶδεν
1201 5624 1259 5675 ἐν
1297 5620 1485 5681 δπνοις
1514 5620 1593 5682 είς
1624 5616 1752 5678 τοὺς
1785 5613 1950 5684 ούρα-

367 5717 494 5782 νοῦς
525 5716 861 5786 φθάνουσαν,
898 5715 998 5769 καὶ
1037 5714 1123 5768 ἐπ’
1152 5714 1345 5784 αὐτῆς,
1388 5713 1509 5782 ῆτις
1541 5707 1611 5780 ῆν
1644 5708 1810 5763 εἰκὼν
1851 5707 1950 5774 τῆς

374 5805 470 5861 τοῦ
505 5807 882 5882 σαρκωθέντος
923 5807 1098 5877 Λόγου
1131 5805 1378 5876 Μητρὸς,
1425 5803 1516 5858 τὸν
1545 5803 1678 5859 Θεὸν
1714 5799 1944 5864 καθεζό-

2017 1957 2182 2006 estet
2215 1951 2402 2006 vivens
2431 1959 2484 2005 et
2515 1952 2686 2007 solus.
2717 1952 2781 2006 Et
2825 1953 2892 2008 de
2938 1952 3145 2022 Spiritu
3198 1951 3438 2008 sancto’:
3481 1973 3499 2005 ι
3531 1951 3599 2008 Et

2021 2042 2258 2112 Spiritus
2278 2042 2372 2097 Dei
2407 2041 2681 2098 ferebatur
2713 2060 2879 2114 super
2915 2059 3113 2115 aquas,
3150 2061 3169 2096 ι
3205 2043 3420 2112 inquit;
3459 2044 3603 2099 etde

2018 2133 2241 2188 homine
2276 2151 2290 2188 :
2333 2151 2352 2185 ι
2386 2133 2684 2190 lnsuﬂlavit
2724 2136 2778 2190 in
2807 2135 3001 2190 faciem
3051 2135 3174 2206 ejus
3217 2134 3483 2204 Spiritum
3523 2133 3600 2189 vi-

2019 2235 2120 2290 tae;
2158 2243 2176 2277 ι
2217 2233 2270 2279 et
2301 2225 2369 2280 de
2397 2223 2549 2281 Noe:
2583 2245 2604 2278 ε
2637 2226 2759 2282 Non
2795 2228 3135 2296 permanebit
3167 2226 3410 2296 Spiritus
3447 2240 3614 2284 meus

2021 2317 2075 2373 in
2103 2317 2418 2373 hominibus
2449 2317 2607 2384 istis;
2645 2337 2664 2372 ι
2699 2327 2772 2386 et,
2801 2337 2819 2371 ι
2868 2318 3079 2390 Spiritu
3116 2329 3310 2375 saneto
3335 2321 3605 2389 repletum

2021 2419 2106 2468 est
2135 2410 2569 2466 tabernaculum.
2613 2429 2634 2464 ›
2669 2407 2746 2465 Ita
2775 2411 3052 2472 sapienter
3080 2411 3295 2484 Moyses
3327 2412 3381 2466 in
3419 2413 3610 2470 multis

2023 2500 2160 2556 locis
2194 2499 2432 2556 Verbum
2457 2501 2650 2556 vivens
2677 2509 2734 2556 et
2756 2501 3024 2572 Spiritum
3061 2511 3312 2557 sanctum
3345 2502 3611 2573 praedica-

2023 2592 2124 2646 vit.
2154 2591 2223 2647 At
2265 2601 2392 2646 ante
2421 2606 2543 2647 eum
2595 2591 2876 2647 Abraham
2925 2601 3038 2648 tres
3088 2594 3238 2649 viros
3272 2595 3375 2649 sub
3400 2609 3611 2664 quercu

2029 2683 2272 2738 Mambre
2302 2683 2614 2753 suscipiens
2647 2698 2788 2753 quos
2830 2699 2996 2739 unum
3030 2683 3204 2740 Deum
3231 2695 3380 2740 recte
3414 2673 3613 2756 praedi-

2030 2775 2194 2838 cavit,
2241 2773 2410 2829 Deum
2455 2775 2508 2828 in
2544 2775 2817 2830 Triuitate
2866 2775 3228 2845 proclamavit
3275 2777 3377 2831 sub
3428 2779 3613 2845 specie

2032 2869 2196 2924 trium
2237 2870 2478 2923 virorum
2522 2877 2902 2938 apparentem,
2950 2879 3173 2938 propter
3222 2869 3610 2940 proprietatem

2027 2976 2408 3033 personarum.
2445 2977 2614 3015 unum
2667 2971 2848 3015 tamen
2911 2961 2979 3015 ab
3022 2962 3297 3016 Abraham
3348 2961 3613 3030 praedica-

2031 3063 2142 3108 tum
2179 3061 2401 3122 pr0pter
2431 3053 2696 3107 unitatem
2752 3061 2982 3120 naturas,
3034 3052 3237 3120 quibus
3285 3052 3613 3108 Trinitatem

1255 3145 1458 3215 ἄνδρας
1539 3145 1600 3198 ἐν
1653 3147 1719 3215 τῇ
1800 3143 1925 3213 δρυῒ

2034 3147 2196 3202 simul
2239 3156 2292 3201 et
2319 3148 2581 3200 unitatem
2615 3143 2831 3201 Triadis
2865 3147 3123 3215 signavit.
3159 3146 3264 3201 Sed
3295 3144 3446 3201 Isaac
3476 3160 3616 3214 quo-

2035 3255 2144 3309 que
2183 3239 2464 3294 Trinitatis
2521 3249 2575 3294 et
2631 3239 3031 3296 lncarnationis
3075 3238 3238 3295 Verbi
3295 3241 3615 3310 mysterium

2037 3329 2426 3399 praecognitum
2477 3329 2789 3400 descripsit,
2848 3331 3069 3400 genitus
3119 3330 3343 3400 quidem
3397 3333 3617 3400 quando

2039 3429 2152 3475 tres
2216 3420 2367 3477 viros
2427 3422 2702 3476 Abraham
2757 3422 2913 3489 vidit,
2964 3422 3407 3478 incarnationem
3462 3437 3616 3488 vero,

2036 3511 2448 3568 cruciﬁxionem
2480 3523 2534 3566 et
2561 3515 3021 3568 resurrectionem
3072 3512 3279 3568 Christi
3310 3513 3615 3577 declarans,

2037 3605 2260 3676 quando
2285 3605 2551 3659 adductus
2589 3613 2674 3660 est
2721 3621 2750 3658 a
2797 3614 2978 3675 patre.
3024 3605 3235 3676 lignum
3264 3605 3447 3661 crucis
3478 3607 3616 3676 ligu-

2038 3713 2156 3752 ram
2193 3696 2248 3751 in
2297 3695 2552 3752 humeris
2599 3708 2845 3766 portans,
2879 3707 2932 3752 et
2960 3698 3014 3752 iu
3048 3699 3170 3768 ipso
3204 3698 3500 3769 ligatus,ut
3536 3698 3616 3752 vi-

2037 3793 2198 3848 ctima
2234 3793 2342 3846 Deo
2389 3790 2543 3845 ﬁeret
2585 3798 2640 3846 et
2684 3793 3047 3857 occideretur,
3106 3801 3272 3862 atque
3309 3793 3494 3848 audita
3531 3801 3616 3848 est

2039 3898 2142 3938 vox
2176 3883 2265 3937 Dei
2323 3898 2446 3950 qua:
2497 3880 2590 3936 Dei
2648 3881 2888 3936 Verbum
2943 3883 3239 3953 signiﬁcat,
3297 3900 3418 3953 quae
3473 3884 3616 3954 patri

2037 3975 2156 4044 ejus
2196 3973 2376 4028 dixit:
2415 3991 2436 4026 ε
2473 3971 2592 4026 Νοιι
2646 3972 2912 4027 extendas
2975 3990 3200 4044 manum
3265 3983 3414 4028 tuam
3449 3990 3618 4046 super

2039 4080 2290 4134 puerum.
2332 4082 2350 4116 ι
2386 4062 2540 4131 Quod
2577 4071 2727 4118 esset
2769 4063 3007 4119 Verbum
3048 4064 3190 4119 Deus
3225 4065 3318 4135 qui
3347 4052 3617 4135 loqueba-

2041 4167 2130 4212 tur
2163 4163 2312 4226 patet
2344 4172 2410 4210 ex
2441 4155 2524 4211 eis
2570 4171 2690 4226 quae
2731 4155 2798 4212 ad
2846 4154 3120 4210 Abraham
3167 4155 3306 4209 dixit
3344 4171 3358 4209 :
3411 4175 3430 4208 ‹
3463 4154 3622 4212 Nune

2040 4249 2273 4319 cognovi
2313 4247 2459 4319 quod
2511 4248 2672 4304 times
2725 4248 2921 4311 Deum,
2966 4257 3160 4302 etnon
3191 4248 3484 4318 pepercisti
3533 4247 3618 4302 di-

2043 4342 2185 4395 lecto
2213 4341 2323 4396 ﬁlio
2353 4349 2447 4395 tuo
2471 4347 2694 4411 propter
2717 4355 2823 4394 me.
2859 4358 2879 4392 ι
2910 4339 3013 4395 llic
3047 4339 3212 4410 igitur
3239 4350 3356 4395 erat
3381 4339 3623 4411 Angelus

2047 4431 2228 4499 magni
2281 4430 2517 4493 consilii,
2559 4429 2728 4486 Filius
2790 4429 3083 4495 Altissimi,
3154 4431 3247 4499 qui
3298 4431 3440 4501 patri
3505 4433 3629 4502 ejus

2047 4522 2328 4576 Abraham
2397 4523 2620 4577 locutus
2698 4531 2804 4585 est,
2869 4523 3125 4591 idemque
3170 4521 3343 4578 Jacob
3422 4523 3624 4579 luctam

2046 4613 2246 4678 intulit,
2284 4623 2338 4668 et
2375 4613 2726 4682 semetipsum
2774 4621 2992 4682 patrum
3060 4613 3182 4682 ejus
3241 4613 3406 4668 Deum
3439 4615 3628 4682 appel-

2019 4705 2194 4782 ‘lavit,
2232 4719 2470 4773 eumque
2500 4703 2565 4758 ad
2607 4704 2814 4773 apicem
2869 4705 3354 4775 contemplationis
3383 4721 3478 4774 per
3505 4706 3628 4775 Spi-

2048 4796 2211 4849 ritum
2271 4807 2519 4851 sanctum
2556 4793 2806 4860 adduxit,
2843 4809 2872 4848 a
2930 4810 3042 4865 quo
3102 4794 3271 4851 Jacob
3321 4796 3508 4862 jussus
3542 4806 3628 4851 est

2048 4889 2116 4944 ab
2172 4887 2316 4944 Esau
2369 4888 2632 4959 aufugere
2674 4897 2730 4943 et
2777 4887 2842 4942 ad
2896 4889 3236 4960 alienigenas
3275 4889 3626 4958 perigrinari,

2049 4980 2366 5049 sealamque
2394 4979 2529 5032 vidit
2555 4978 2622 5032 ad
2655 4978 2853 5034 coelum
2898 4981 3320 5050 pertingentem,
3369 4987 3423 5033 et
3463 4979 3516 5033 iu
3561 4996 3628 5034 ea

2049 5086 2170 5140 qua:
2200 5072 2372 5138 ﬁgura
2405 5079 2523 5124 erat
2578 5068 2737 5125 Verbi
2779 5069 3078 5134 incarnati,
3116 5071 3287 5126 Deum
3322 5072 3626 5135 sedentem,

2049 5175 2106 5221 et
2135 5178 2354 5217 rursum
2389 5163 2584 5231 jussus
2636 5172 2722 5217 est
2770 5163 3140 5234 propinquum
3193 5163 3400 5230 fugere,
3434 5163 3627 5218 miras-

2049 5271 2158 5325 que
2186 5255 2324 5308 vidit
2353 5254 2740 5310 revelationes.
2787 5255 2922 5322 Qua:
2977 5255 3165 5309 omnia
3191 5254 3352 5310 Verbi
3387 5256 3485 5312 Dei
3517 5258 3631 5311 vir-

2053 5353 2223 5399 tutem
2271 5355 2325 5400 et
2388 5343 2626 5414 Spiritus
2663 5344 2760 5400 Dei
2813 5344 3111 5413 potentiam
3177 5346 3230 5399 iu
3280 5345 3447 5415 justis
3511 5349 3631 5403 istis

2051 5445 2370 5505 operantem
2445 5437 2902 5506 praedicaverunt.
2967 5435 3109 5502 Quid
3182 5454 3324 5495 vero.
3383 5439 3634 5509 Jnseph?

2053 5525 2243 5580 Nonne
2296 5541 2391 5596 per
2427 5526 2639 5580 somnia
2695 5525 2934 5581 Verbutu
2993 5526 3087 5582 Dei
3128 5530 3412 5599 suscepit?
3441 5529 3633 5584 Nonne

2055 5616 2264 5687 Spiritu
2309 5615 2403 5670 Dei
2438 5616 2808 5671 movebatur?
2853 5616 3008 5674 Unde
3037 5618 3140 5688 ipsi
3176 5621 3444 5688 sapit-mia
3470 5621 3631 5691 cujus

2054 5725 2159 5779 ope
2227 5707 2295 5762 ab
2359 5707 2630 5780 zEgyptiis
2675 5709 2977 5780 ad‘regem
3041 5711 3267 5783 ejusque
3344 5713 3631 5770 ministros

2055 5799 2466 5858 transeuntibus
2513 5799 2782 5860 liberatus
2833 5801 2958 5861 est?
3011 5801 3202 5860 Nonne
3230 5802 3429 5861 virtute
3457 5802 3620 5858 divim

3643 1167 3649 1198 ί
