4040 6202
336 309 409 375 τιιῆ
1180 309 1557 377 SYMEONIS
1586 306 2336 370 THESSALONICENSIS
2368 308 2725 369 ARCHIEP.
3526 306 3595 370 56

340 419 577 492 Spiritus
599 423 624 473 ἳ
648 422 843 477 Nonne
876 422 1242 492 omnipotenti
1289 422 1520 493 imperio
1549 422 1786 477 virentis
1817 436 1909 477 sa-

2028 438 2194 487 εενον,
2230 423 2323 475 καὶ
2368 414 2459 476 τὸν
2496 421 2764 491 κηδεστὴν
2808 420 2865 474 δὲ
2916 418 3142 489 φεύγειν
3198 417 3356 486 λόγον
3403 414 3594 480 ἐδέξα-

337 513 556 581 pientiae
585 528 678 567 seu
713 512 803 567 Dei
832 511 1038 569 Verbi?
1083 514 1161 569 Ita
1187 514 1351 568 etiam
1386 513 1500 568 fere
1542 513 1596 568 in
1653 512 1915 570 omnibus

340 602 617 672 prophetis
671 605 939 673 scriptum
971 612 1056 659 est
1092 622 1106 660 :
1148 624 1167 657 ι
1212 605 1448 660 Verbum
1497 604 1715 661 Domini
1768 606 1915 675 quod

340 694 541 747 factum
560 702 644 749 est
676 695 741 750 ad
767 694 961 749 Isaiam
991 694 1158 750 tilium
1190 696 1376 752 Amos.
1418 714 1438 748 ι
1473 694 1540 750 Et
1572 714 1587 752 :
1624 715 1644 749 ι
1681 695 1915 752 Verbum

342 784 553 839 Domini
584 786 731 855 quod
780 787 982 841 factum
1015 796 1097 842 est
1127 788 1194 843 ad
1226 787 1524 843 Jeremiam
1557 788 1728 843 tilium
1776 787 1919 841 Hel~

339 877 459 929 cite.
502 894 522 927 ι
555 875 621 930 Et
662 879 743 932 sic
787 877 854 932 de
896 880 1107 935 cmteris
1146 897 1160 933 :
1212 899 1231 932 ι
1282 878 1615 949 Principium
1655 877 1816 933 Verbi
1849 877 1917 932 ad

345 960 513 1033 Osee;
555 986 573 1020 ι
607 977 662 1024 et
698 987 711 1025 :
741 988 761 1020 ι
792 968 966 1025 Verba
986 973 1152 1028 Amos
1184 988 1304 1041 qua:
1344 972 1477 1026 vidit
1517 987 1681 1041 super
1700 975 1921 1026 Jerusa-

342 1058 376 1107 l=
401 1068 480 1120 m;
508 1076 526 1109 ι
546 1066 600 1112 et
625 1075 639 1112 :
668 1078 688 1110 ι
712 1054 934 1114 Factum
959 1072 1040 1116 est
1059 1060 1293 1115 Verbum
1318 1061 1531 1115 Domini
1551 1065 1616 1116 ad
1636 1062 1918 1119 Micbmam

344 1144 699 1213 Moratbiten;
737 1168 755 1201 ι
787 1160 881 1204 et:
935 1169 953 1202 ι
989 1150 1224 1205 Verbum
1266 1152 1480 1207 Domini
1518 1155 1663 1224 quod
1712 1153 1924 1210 factum

341 1238 421 1288 est
452 1237 518 1288 ad
548 1234 665 1293 Joel
700 1236 868 1292 (ilium
901 1230 1164 1307 Pbatuel;
1190 1258 1208 1290 ι
1246 1247 1336 1295 et:
1365 1258 1384 1292 ι
1424 1239 1548 1296 llaec
1572 1243 1706 1297 dicit
1736 1243 1921 1297 Domi-

342 1342 443 1380 nus
497 1325 662 1389 Dens.
726 1330 902 1399 inquit
933 1331 1385 1402 Abdias,iquod
1443 1342 1525 1386 est
1584 1334 1651 1390 de
1710 1332 1914 1401 Verbo,

339 1416 798 1483 quemadmodum
830 1435 1021 1475 omnes
1054 1422 1331 1491 prepbetae
1349 1423 1517 1477 locuti
1548 1434 1678 1479 sunt
1708 1443 1721 1479 :
1750 1444 1770 1478 ι
1796 1424 1923 1483 Haec

339 1507 472 1563 dicit
508 1500 791 1574 Dominus,
816 1528 834 1561 ι
875 1508 1108 1565 Verbum
1139 1513 1281 1568 illius
1317 1516 1504 1570 vivens
1527 1516 1919 1585 pradicautes:

2016 532 2099 577 το,
2130 513 2227 566 καὶ
2254 512 2630 582 ἀποκαλύψεις
2662 512 2851 579 σαφῶς
2888 510 3173 565 ἐθεάσατο.
3221 509 3287 562 Ἀ
3314 508 3379 577 δὴ
3414 506 3592 562 πάντα

2015 604 2116 673 τήν
2146 602 2241 657 τοῦ
2291 603 2428 657 Θεοῦ
2481 604 2657 671 Λόγου
2691 602 2926 671 δύναμιν
2978 601 3073 655 καὶ
3129 598 3234 654 τοῦ.
3270 597 3593 667 Πνεῦματος

2017 694 2153 749 Θεοῦ
2193 696 2295 763 τὴν
2324 695 2607 766 ἐνέργειαν
2638 696 2695 747 ιν
2739 695 2852 757 τοῖς
2880 693 3116 757 δικαίοις
3164 691 3397 754 ἐκείνοις
3442 692 3593 761 ὲνερο

2021 786 2229 855 γοῦσαν
2258 787 2514 858 ἐκήρυξε.
2549 786 2616 840 Τί
2654 786 2711 840 δὲ
2752 786 2994 856 Ἰωσήφς
3028 786 3089 839 οὐ
3132 783 3201 838 δι’
3234 784 3460 855 ὀνείρων
3497 782 3589 837 λό-

2017 896 2149 946 γους
2186 877 2321 931 Θεοῦ
2352 874 2573 947 ἐδέξατο
2602 897 2616 944 ;
2650 878 2710 932 οὗ
2744 878 3256 948 πνευματοκίνητος
3282 873 3349 949 ἧν
3378 894 3391 943 ;
3425 876 3594 931 Πόθεν

2019 969 2168 1038 αὑτῷ
2201 971 2234 1038 ή
2270 970 2458 1038 σοφία,
2510 971 2606 1023 καὶ
2643 969 2731 1024 διὰ
2758 968 2969 1038 ταύτης
3003 970 3111 1023 τῶν
3144 969 3593 1037 διαπορουμένων

2023 1062 2101 1130 τῷ
2129 1062 2344 1129 βασιλεῖ
2383 1064 2701 1130 Λίγυπτίων
2752 1063 2846 1115 καὶ
2898 1062 3007 1115 τῶν
3049 1060 3240 1115 τούτου
3299 1058 3593 1128 ὑπηρετῶν

2019 1157 2074 1208 at
2102 1153 2284 1217 λύσεις
2312 1168 2327 1219 ;
2361 1152 2436 1207 Οὐ
2468 1154 2698 1223 δυνάμει
2730 1153 2825 1207 τοῦ
2847 1154 2993 1207 θείου
3023 1151 3340 1222 Πνεῦμα-τος
3363 1167 3377 1215 ;
3402 1151 3462 1203 οὑ
3491 1150 3594 1218 τῆς

2020 1246 2203 1316 ζώσης
2237 1246 2437 1315 σοφίας
2471 1244 2568 1299 τοῦ
2615 1238 2752 1298 θεοῦ
2787 1245 2965 1314 Λόγου
2995 1246 3061 1313 τῇ
3094 1243 3469 1312 παντουργικῇ
3504 1242 3594 1293 δυ-

2020 1336 2246 1407 ναστεία
2274 1353 2289 1402 ;
2329 1320 2491 1391 Οὕτω
2524 1335 2617 1390 καὶ
2648 1337 2707 1390 ὲν
2745 1339 2857 1399 τοῖς
2902 1335 3216 1406 προφήταις
3245 1333 3431 1403 σχεδὸν
3459 1332 3594 1386 ᾶπα-

2021 1446 2075 1481 σι
2108 1427 2423 1499 γέγραπται
2451 1444 2466 1459 ·
2509 1447 2528 1481 ι
2573 1429 2747 1495 Λόγος
2782 1427 2991 1496 Κυρίου
3020 1469 3034 1493 ,
3085 1426 3142 1490 6;
3185 1426 3402 1495 ἐγένετο
3459 1422 3594 1495 πρὸς

2031 1517 2259 1571 Ἡσαῖαν
2285 1517 2617 1588 υίὸνἋμὼς.
2641 1516 2984 1583 ΚαληιΛόγος
3016 1514 3239 1585 Κυρίου,
3271 1515 3330 1578 δς
3366 1514 3594 1582 ἐγένετο

346 1616 367 1648 ι
410 1599 472 1651 Et
508 1597 712 1679 factum
746 1608 828 1654 est
870 1592 1105 1675 Verbum
1147 1602 1360 1657 Domini
1405 1604 1473 1659 ad
1516 1603 1710 1660 Jonam
1746 1607 1915 1661 [ilium

2028 1608 2166 1677 πρὸς
2210 1608 2484 1679 Ἰερεμίαν
2517 1611 2613 1661 τὸν
2637 1608 2731 1661 τοῦ
2775 1607 3031 1663 Χελκίου.
3065 1626 3084 1659 ι
3125 1609 3233 1660 Kal
3265 1609 3321 1660 ὲν
3346 1608 3457 1670 τοῖς
3485 1606 3596 1660 λοι-

338 1676 557 1737 Amatbi
587 1684 807 1751 dicens;
850 1706 868 1738 ι
912 1686 1126 1743 Nahum
1155 1700 1333 1744 autem
1378 1709 1392 1744 :
1425 1714 1445 1744 ι
1476 1691 1626 1749 Onus
1653 1694 1867 1760 Ninive,
1894 1714 1912 1748 ι

2028 1676 2143 1761 ποϊς
2172 1676 2316 1753 οὕτω
2337 1676 2398 1751 ’γι
2423 1700 2589 1769 Ἀρχὴ
2608 1701 2766 1767 λόγου
2794 1701 2929 1768 πρὸς
2955 1698 3137 1768 Ὠσηέ.
3174 1717 3194 1750 ι
3222 1700 3387 1763 Kal,»
3430 1699 3594 1766 Λόγοι

342 1775 556 1843 inquit;
598 1779 742 1847 quod
799 1794 937 1835 onus
990 1780 1204 1837 dicendi
1249 1778 1516 1839 Jeremias
1552 1802 1656 1841 non
1691 1758 1911 1856 accipit,

2034 1758 2237 1858 nam,
2260 1789 2354 1854 οῦς
2385 1758 2693 1859 devita;
2731 1758 3113 1859 Ἱερὸυσαλήμ.
3153 1808 3170 1840 ι
3202 1758 3388 1853 Kent
3437 1758 3593 1856 τεθέ-

343 1866 435 1921 sed
472 1862 745 1937 Verbum;
791 1871 1043 1927 similiter
1076 1883 1129 1929 et
1167 1874 1382 1929 Nabum
1416 1892 1687 1947 pergens:
1732 1899 1750 1931 ι
1790 1879 1915 1937 Haec

2028 1898 2141 1935 νετο
2170 1880 2331 1947 λόγος
2364 1879 2571 1949 Κυρίου
2596 1881 2732 1951 πρὸς
2764 1880 3006 1950 Μιχαίαν
3029 1881 3118 1933 τὸν
3147 1880 3239 1934 τοῦ
3278 1881 3534 1945 Μωραθί.
3566 1899 3585 1932 ι

342 1952 475 2015 dicit
507 1960 788 2029 Dominus,
828 1964 924 2030 ait,
956 1966 1046 2035 qui
1079 1964 1397 2022 dominatur
1432 1971 1592 2037 aquis
1629 1973 1853 2040 multis;
1890 1993 1910 2026 ι

2028 1971 2148 2034 Kal,
2190 1989 2207 2022 ι
2246 1972 2418 2038 Λόγος
2456 1971 2695 2040 Κυρίου,
2731 1972 2791 2033 ὃς
2824 1971 3059 2040 ἐγενήθη
3115 1970 3251 2041 πρὸς
3287 1971 3441 2041 Ἰωὴλ
3494 1970 3585 2023 τὸν

339 2052 392 2108 et
432 2064 623 2108 rursus
652 2072 666 2108 :
703 2075 720 2106 ι
752 2052 889 2109 Ecce
911 2070 1009 2125 ego
1043 2074 1211 2127 super
1234 2068 1306 2125 te,
1335 2061 1409 2113 ait
1441 2062 1704 2118 Dominus
1740 2066 1916 2119 omni-

339 2148 570 2214 potens:
620 2166 639 2198 ι
670 2152 774 2203 el:
824 2168 842 2201 ι
884 2149 1038 2207 Onus
1089 2153 1235 2223 quod
1294 2153 1427 2208 vidit
1479 2153 1734 2212 Habaeuc
1790 2174 1919 2231 pro-

344 2238 532 2305 pbeta.
577 2260 591 2288 ι
630 2232 784 2303 Quod
816 2241 954 2294 idem
983 2256 1067 2296 est
1099 2261 1162 2297 ac
1196 2245 1238 2297 si
1273 2246 1421 2299 dicat
1442 2261 1509 2311 se
1542 2248 1654 2317 regi
1686 2258 1739 2301 et
1792 2249 1919 2303 ferri

343 2333 571 2401 Spiritu.
620 2330 775 2399 Quod
823 2350 967 2391 onus
1014 2330 1085 2390 sit
1131 2330 1369 2405 Spiritus
1422 2341 1622 2407 sancti,
1682 2342 1806 2395 audi
1838 2343 1920 2397 di-

342 2428 582 2478 centem:
606 2420 926 2479 t'l'erribilis
960 2426 1211 2496 egregius
1243 2434 1376 2493 est,»
1410 2428 1461 2483 id
1482 2438 1568 2484 est
1602 2430 1767 2485 Deus.
1797 2449 1815 2483 ι
1843 2431 1920 2487 Ex

343 2517 639 2586 semetipso
687 2514 955 2583 judicium
1016 2519 1135 2585 ejus
1208 2521 1329 2584 erit,
1368 2538 1388 2572 ο
1423 2521 1629 2576 scilicet
1682 2521 1919 2578 Verbum

344 2604 482 2678 ejus,
520 2614 644 2662 nam
682 2608 951 2678 judicium
983 2618 1065 2663 est
1094 2600 1440 2676 Verbum,et,
1474 2631 1491 2664 ι
1521 2611 1675 2670 Onus
1708 2614 1829 2683 ejus
1856 2630 1922 2670 ex

348 2700 466 2767 ἰρςο
498 2698 829 2768 egredietur.
863 2718 879 2749 ι
923 2694 1111 2753 Viden‘
1165 2688 1422 2756 virtutem
1483 2701 1725 2773 Spiritus
1759 2720 1789 2760 a
1819 2704 1923 2758 Pa-

350 2796 431 2843 ire
459 2786 843 2858 procedentis?
893 2787 958 2843 Et
1020 2804 1240 2845 rursum
1278 2810 1292 2846 :
1337 2810 1353 2843 ι
1388 2791 1565 2863 Super
1614 2796 1921 2850 custodiam

351 2890 529 2936 meam
569 2883 837 2950 stabo;et
864 2883 1281 2952 contemplabor
1314 2894 1373 2939 ut
1409 2885 1621 2940 videam
1658 2887 1801 2957 quod
1839 2888 1923 2942 di-

354 2976 515 3027 catur
575 2973 731 3035 mibi,
773 2982 827 3026 et
867 2960 1145 3042 respondit
1197 2973 1265 3028 ad
1316 2991 1401 3030 me
1456 2975 1755 3043 Dominus;
1797 2997 1815 3030 ι
1852 2994 1921 3033 eu

2015 2062 2110 2116 τοῦ
2146 2061 2418 2132 Βαθουήλ.
2454 2079 2473 2113 ι
2506 2063 2636 2123 Καὶ,
2676 2082 2694 2114 ι
2734 2063 2874 2116 Τάδε
2910 2063 3057 2128 λέγει
3097 2063 3300 2133 Κύριος
3323 2066 3351 2116 ό
3378 2063 3529 2127 Θεὸς,
3561 2079 3580 2115 ι

2032 2152 2242 2219 ’Λὸδιοῦ
2276 2168 2465 2219 φησιν,
2500 2152 2529 2205 6
2557 2154 2686 2221 περὶ
2734 2154 2830 2206 τοῦ
2885 2153 3060 2221 Λόγου
3112 2155 3266 2218 ἐστὶ,
3308 2154 3451 2209 καθὰ
3495 2155 3588 2209 καὶ

2021 2244 2219 2307 πάντες
2266 2245 2315 2297 cl.
2351 2246 2626 2316 προφῆται
2678 2260 2832 2315 φασι,
2875 2265 2893 2297 ι
2934 2246 3074 2300 Τάδε
3107 2248 3258 2314 λέγει
3293 2247 3522 2317 Κύριος,
3562 2266 3583 2300 ι

2026 2336 2117 2389 τὸν
2173 2336 2347 2405 Λόγον
2393 2338 2559 2390 αὑτοῦ
2622 2339 2713 2390 τὸν
2760 2338 2940 2401 ζῶντα
3010 2337 3397 2407 κηρύττοντες.
3461 2339 3589 2403 Καὶ,

2028 2445 2046 2478 ι
2113 2427 2362 2495 Ἐγένετο
2421 2428 2583 2494 λόγος
2652 2429 2855 2497 Κυρίου
2918 2428 3054 2497 πρὸς
3117 2429 3301 2481 ’Ῑωνᾶν
3356 2429 3449 2481 τὸν
3504 2429 3598 2483 τοῦ

2034 2517 2256 2586 ’Λμαθὶ,
2302 2518 2499 2585 λέγων.
2540 2538 2557 2569 ι
2596 2519 2706 2571 Kal
2738 2518 2929 2589 Ναοὺμ
2962 2519 3081 2587 μὲν,
3115 2539 3134 2570 ι
3172 2521 3401 2589 Λῆμμα,
3444 2522 3597 2589 φησὶ,

2022 2611 2233 2665 Νινευῖι
2280 2611 2358 2664 »ὃ
2425 2611 2620 2679 λῆμμα
2677 2612 2855 2678 λέγειν
2914 2610 3270 2680 Ἱερεμίαςού
3327 2612 3544 2681 δέχεται
3580 2653 3595 2676 ,

2026 2700 2164 2754 ἀλλὰ
2215 2701 2415 2769 Λόγον.
2473 2701 2662 2767 Ὅμως
2718 2702 2813 2754 καὶ
2866 2700 3061 2770 Ναοὺμ
3115 2700 3361 2771 προῖὼν,
3398 2720 3418 2753 ι
3460 2702 3597 2756 Τάδε

2028 2794 2176 2863 λέγει
2208 2792 2436 2863 Κύριος,
2484 2796 2639 2879 φησι,
2690 2793 2980 2863 κατάρχων
3037 2794 3247 2848 ὑδάτων
3304 2794 3535 2850 πολλῶν.
3570 2812 3590 2847 ι

2027 2880 2139 2941 Kal
2164 2886 2351 2952 πάλιν,
2392 2905 2410 2938 ι
2465 2888 2597 2940 Ἰδοὺ
2634 2886 2743 2954 ἐγὼ
2794 2888 2886 2939 ἐπὶ
2931 2888 3011 2953 σὲ,
3048 2888 3195 2955 λέγει
3231 2888 3432 2953 Κύριος
3465 2904 3599 2942 παν·-

2024 2980 2331 3050 τοκρὰτωρ.
2368 2998 2387 3032 ι
2419 2980 2551 3043 Καὶ,
2587 2998 2605 3029 ι
2642 2978 2716 3032 Τὸ
2761 2979 2956 3049 λῆμμα
2982 2978 3009 3031 ὃ
3039 2976 3179 3033 εῖδεν
3210 2980 3529 3049 ’Λϐσακοὺμ
3570 2983 3599 3033 6

356 3074 545 3117 rursus
581 3055 843 3118 Verbum.
878 3063 982 3129 Qui
1011 3065 1236 3133 insuper
1279 3064 1348 3119 de
1383 3067 1797 3137 dispensatione
1828 3069 1919 3125 Dei

2029 3072 2336 3141 προφήτης.
2366 3089 2384 3122 ι
2412 3069 2584 3123 Τοῦτο
2611 3069 2668 3122 δέ
2700 3072 2846 3124 ἐστιν
2876 3072 3047 3124 είπεϊν
3076 3071 3136 3122 τὸ
3152 3071 3486 3140 κρατηθῆναι
3504 3071 3599 3123 καὶ

355 3155 515 3209 Verbi
545 3164 643 3209 nos
669 3154 827 3209 docet
855 3193 872 3218 ,
915 3164 969 3210 et
1012 3173 1026 3210 :
1071 3175 1088 3209 ι
1128 3157 1326 3212 Audivi
1378 3161 1718 3217 auditionem
1753 3171 1921 3228 tuatn,

351 3246 406 3301 et
456 3248 633 3314 timui,
689 3258 706 3298 ι
768 3246 983 3317 inquit;
1035 3257 1138 3304 et:
1175 3268 1194 3301 ι
1242 3246 1386 3306 Deus
1434 3267 1502 3307 ex
1556 3252 1771 3308 Pharon
1836 3269 1927 3309 ve-

359 3340 510 3406 niet;
584 3358 601 3391 ι
677 3347 732 3394 et
791 3338 987 3394 extera
1050 3342 1285 3411 plurima
1351 3344 1419 3398 de
1476 3345 1621 3400 illius
1677 3346 1927 3402 incarna-

358 3435 529 3487 tiOne.
569 3432 722 3498 Quod
766 3422 995 3486 Verbum
1051 3432 1144 3489 Dei
1203 3444 1349 3488 esset
1398 3452 1618 3490 carnem
1676 3451 1927 3505 sumptu-

356 3530 474 3585 rum
514 3524 977 3583 testatundicens
1009 3541 1022 3577 :
1062 3541 1080 3574 ι
1119 3524 1258 3580 Ante
1295 3526 1487 3580 faciem
1515 3527 1635 3595 ejus
1673 3528 1771 3582 ibit
1796 3529 1925 3583 Ver-

358 3618 507 3682 bunt;
545 3636 562 3668 ι
599 3624 651 3671 et
681 3635 693 3669 :
735 3635 752 3667 ι
788 3614 1024 3672 Verbum
1067 3612 1281 3670 Domini
1311 3617 1455 3687 quod
1503 3617 1707 3673 factum
1744 3628 1827 3674 est
1858 3620 1925 3675 ad

358 3708 693 3777 Sopltoniam
725 3706 894 3762 tilium
940 3707 1138 3773 Cbusi;
1170 3726 1188 3759 ι
1215 3716 1267 3762 et
1311 3724 1323 3762 :
1362 3726 1379 3760 ι
1420 3706 1644 3763 Factum
1678 3720 1758 3764 est
1798 3712 1929 3767 Ver-

358 3801 486 3855 bum
520 3790 733 3851 Domini
781 3798 834 3851 ‘tn
875 3805 1039 3851 manu
1086 3797 1263 3867 Λεεωί
1303 3798 1600 3867 prophetae,
1632 3800 1855 3866 dicens;
1904 3820 1922 3853 ι

355 3900 409 3945 et
442 3906 456 3943 :
496 3908 515 3941 ι
555 3889 779 3944 Factqu
814 3894 897 3944 est
950 3878 1182 3943 Verbum
1238 3888 1454 3961 Domini
1491 3892 1555 3944 ad
1608 3889 1927 3949 Zachariam

358 3976 526 4034 tilium
574 3981 881 4044 But-acidae,
929 3981 1155 4046 dicens;
1200 4001 1218 4033 ι
1265 3983 1353 4038 hic
1399 3998 1618 4053 quoque
1652 3985 1718 4039 de
1753 3986 1933 4039 incar-

358 4077 580 4130 natione
610 4072 772 4129 Verbi
831 4074 981 4143 plura
1047 4076 1313 4145 praedixit.
1360 4076 1423 4131 Et
1468 4094 1483 4132 :
1524 4095 1541 4127 ι
1586 4076 1738 4133 Onus
1767 4077 1927 4133 Verbi

359 4168 574 4222 Domini
608 4169 673 4219 ad
709 4167 874 4221 lsrael
913 4167 967 4220 in
1005 4184 1168 4220 tttzmu
1214 4168 1393 4237 angeli
1429 4170 1545 4235 ejus
1572 4212 1585 4232 ,
1630 4189 1647 4221 ι
1688 4185 1782 4224 seu
1816 4169 1930 4222 Ma-

357 4260 569 4317 luclrioz.
601 4259 677 4312 En
715 4260 911 4313 iterum
946 4276 1083 4313 onus
1127 4258 1310 4321 Verbi,
1370 4269 1423 4312 et
1483 4261 1654 4314 virtus
1688 4261 1930 4329 Spiritus

357 4362 524 4419 atque
557 4348 740 4404 Verbi.
776 4350 878 4413 Qui
925 4347 1218 4402 Malnchins
1266 4365 1465 4403 nomen
1529 4354 1618 4403 Ucl
1672 4367 1928 4419 magnum

2027 3160 2256 3228 ἄγεσθαι
2298 3160 2602 3228 Πνεύματι.
2661 3160 2784 3212 Ὀτι
2838 3160 2894 3212 δὲ
2957 3160 3272 3227 Πνεῦματος
3324 3160 3482 3228 ἁγίου
3537 3162 3597 3212 τὸ

2027 3254 2241 3322 vim,"
2305 3254 2538 3306 ἄκουσον
2600 3251 2882 3318 λέγοντοςο
2938 3269 2956 3303 ι
3024 3251 3257 3321 Φοϐερὸς
3318 3251 3595 3320 ἐπιφανής

2027 3346 2173 3397 ἐστιν
2204 3385 2219 3410 ,
2258 3363 2276 3394 ι
2315 3347 2342 3397 6
2394 3347 2527 3408 Θεὸς
2575 3343 2839 3413 δηλονότι.
2882 3361 2899 3394 ι
2941 3342 3033 3407 Ἐξ
3082 3342 3249 3397 αὑτοῦ
3304 3342 3366 3394 τὸ
3418 3342 3596 3411 κρίμα

2028 3434 2192 3489 αὐτοῦ
2233 3434 2412 3487 ἔσται·
2446 3454 2464 3484 ι
2508 3433 2786 3487 τουτέστιν
2845 3434 2873 3486 6
2930 3434 3102 3502 Λόγος
3171 3432 3334 3486 αὐτοῦ
3363 3450 3377 3465 ·
3421 3433 3599 3501 κρίμα

2029 3529 2137 3598 γὰρ
2161 3529 2187 3579 6
2218 3528 2405 3595 Λόγος.
2442 3527 2571 3589 Kal,
2608 3545 2626 3576 ι
2663 3526 2735 3579 Τὸ
2774 3526 2971 3595 λῆμμα
3001 3526 3169 3579 αὑτοῦ
3204 3527 3260 3591 ἐξ
3302 3524 3471 3579 αὑτοῦ
3506 3526 3597 3589 ἐξ·

2029 3619 2363 3674 amiseram
2409 3619 2574 3688 Ὁρᾷς
2613 3621 2714 3688 τὴν
2745 3618 2839 3671 τοῦ
2883 3618 3212 3688 Πνεῦματος
3237 3616 3469 3688 δύναμιν
3504 3616 3599 3669 τοῦ

2031 3713 2094 3765 ὲκ
2123 3711 2216 3765 τοῦ
2269 3710 2478 3780 [ἰατρὸς
2510 3711 2999 3780 ὲκπορευομένου;
3049 3710 3147 3763 καὶ
3186 3710 3371 3764 πάλιν·
3409 3728 3427 3760 ι
3475 3708 3595 3762 Ἐπὶ

2029 3805 2127 3873 τῆς
2181 3802 2425 3871 φυλακῆς
2473 3817 2575 3869 μου
2623 3802 2915 3870 στήσομαι,
2956 3800 3050 3853 τοῦ
3089 3801 3218 3854 ἰδεῖν
3273 3818 3322 3854 τι
3370 3800 3592 3869 λαλήσει

2030 3898 2088 3947 ὲν
2118 3891 2241 3962 ἐμοὶ
2267 3933 2282 3957 ,
2328 3911 2346 3943 ι
2384 3893 2475 3944 καὶ
2508 3931 2522 3953 ,
2565 3908 2583 3940 ι
2625 3891 2926 3960 Ἀπεκρίθη
2985 3891 3122 3959 πρός
3181 3908 3248 3960 με
3317 3892 3540 3961 Κύριος.
3569 3909 3591 3942 ι

2029 3986 2164 4041 Ἰδοὺ
2197 3985 2357 4037 πάλιν
2387 3986 2414 4036 ὁ
2441 3984 2637 4049 Λόγος.
2671 3981 2840 4044 Οὗτος
2879 3982 2971 4035 καὶ
3001 3984 3129 4050 περὶ
3158 3983 3257 4053 τῆς
3287 3983 3600 4051 οἰκονομίας

2029 4076 2123 4130 τοῦ
2154 4076 2289 4128 Θεοῦ
2324 4075 2500 4142 Λόγου
2547 4073 2813 4128 διδάσκει.
2844 4070 2974 4138 Kal,
3007 4093 3024 4124 ι
3063 4074 3258 4144 Κύριε,
3294 4077 3602 4143 είσακήκοα

2030 4169 2125 4237 τὴν
2154 4167 2323 4236 ἀκοήν
2354 4181 2448 4220 σου
2471 4166 2565 4219 καὶ
2588 4164 2885 4233 ἐφοϐήθην,
2916 4183 2934 4216 ι
2965 4165 3120 4235 φησί.
3152 4167 3283 4230 Καὶ,
3323 4184 3341 4217 ι
3381 4166 3443 4216 '0
3473 4164 3605 4225 Θεὸς

2031 4261 2140 4316 ἀπὸ
2171 4261 2387 4328 Θαιμάν
2433 4257 2574 4327 ἥξει.
2616 4276 2633 4309 ι
2685 4259 2794 4310 Kal
2846 4257 3011 4309 λοιπά
3072 4258 3299 4311 πλεῖστα
3350 4257 3478 4324 περὶ
3506 4257 3605 4322 τῆς

2035 4350 2365 4419 σαρκώσεως
2414 4345 2607 4401 αὐτοῦ.
2646 4347 2754 4399 Kal
2789 4347 2872 4398 ὅτι
2917 4348 2947 4398 6
2983 4346 3154 4412 Λόγος
3185 4345 3604 4415 σαρκωθήσεται

357 4440 565 4493 essein
603 4440 857 4508 gentibus
900 4439 1058 4494 dixit.
1113 4438 1367 4493 Vidistin‘
1417 4457 1608 4494 omnes
1640 4445 1923 4511 prophetas

2037 4438 2132 4491 τοῦ
2163 4439 2321 4501 Θεοῦ,
2352 4438 2527 4507 λέγει,
2568 4455 2587 4488 ι
2622 4436 2735 4506 Πρὸ
2774 4434 3066 4505 προσώπου
3104 4435 3269 4488 αὐτοῦ
3299 4433 3606 4503 προπορεύ-

360 4524 600 4591 Verbum
632 4530 719 4584 Dei
752 4541 804 4584 et
838 4528 1097 4599 Spiritum
1128 4522 1558 4600 praidicavisse?
1591 4534 1798 4587 Atheus
1826 4535 1923 4601 igi-

364 4637 451 4677 tur
478 4624 570 4692 qui
600 4636 663 4677 ea
705 4638 812 4676 non
847 4622 1126 4690 praedicat.
1166 4622 1230 4674 Et
1273 4622 1388 4689 ipse
1427 4621 1635 4676 David:
1679 4644 1695 4673 ι
1738 4624 1930 4679 Omnia

362 4717 417 4770 in
476 4715 749 4784 sapientia
778 4712 999 4787 iecisti,
1055 4734 1073 4765 ι
1120 4712 1195 4767 ad
1247 4706 1413 4766 Deum
1473 4711 1766 4777 clamavit;
1827 4724 1928 4769 et:

366 4824 386 4855 ε
437 4803 674 4859 Verbum
729 4814 904 4869 tuum,
966 4804 1211 4869 Domine,
1259 4815 1539 4872 permanet
1598 4802 1650 4856 iu
1703 4805 1843 4858 cwlo
1876 4805 1929 4858 in

362 4896 765 4969 generationem
794 4904 846 4949 et
875 4896 1280 4962 generationem
1309 4912 1480 4965 usque
1511 4895 1560 4949 in
1589 4898 1849 4949 saeculum
1874 4911 1924 4960 ς»

359 4999 414 5042 et
445 4987 623 5043 Verbo
656 4986 874 5046 Domini
902 4986 1068 5041 cwlos
1111 4986 1352 5062 ﬁrmatus
1385 5003 1504 5041 esse
1536 4997 1786 5049 testatur,
1820 4987 1929 5039 vir-

364 5088 647 5147 tutemque
683 5094 872 5131 eorum
900 5095 929 5131 e
959 5079 1165 5143 Spir.tu
1200 5080 1313 5132 oris
1346 5074 1531 5144 illius;
1564 5092 1721 5147 quem
1755 5076 1931 5144 Spiri-

364 5185 478 5227 tum
510 5171 753 5241 postulal
802 5171 856 5225 in
914 5172 1213 5224 visceribus
1262 5171 1378 5224 suis
1432 5171 1704 5231 “reu0va'ri,
1733 5181 1785 5222 et
1819 5184 1848 5221 a
1876 5185 1934 5222 se

367 5279 474 5317 non
506 5265 705 5318 auferri
735 5281 751 5330 ;
784 5271 837 5318 et
870 5277 1012 5318 recte
1050 5263 1215 5318 Deum
1253 5262 1467 5316 Ροιιϊιιι
1516 5260 1773 5330 praedicat
1808 5276 1929 5313 cum

362 5356 541 5409 Verbo
558 5366 610 5409 et
634 5356 862 5426 Spiritu.
897 5357 960 5410 Et
992 5357 1172 5411 cunnis
1200 5356 1415 5425 iluidem
1437 5355 1710 5423 justorum
1731 5353 1933 5407 chorus

363 5448 600 5503 Verbum
638 5451 729 5505 Dei
760 5463 922 5521 atque
968 5451 1228 5517 Spiritum
1264 5448 1549 5502 mauifcste
1574 5449 1935 5503 demonstrat.

2041 4549 2193 4584 σεται
2227 4531 2420 4598 Λόγος.
2459 4547 2476 4580 ι
2511 4527 2849 4596 Καλ,ιΛόγος
2876 4528 3081 4598 Κυρίου
3110 4527 3169 4590 ὃς
3202 4527 3435 4597 ἐγενήθη
3470 4529 3605 4595 πρὸς

2039 4622 2301 4690 Σοφονίαν
2333 4623 2424 4673 τὸν
2453 4619 2547 4672 τοῦ
2597 4620 2787 4673 Χουσί.
2836 4639 2854 4672 ι
2891 4620 3045 4685 Kal,
3093 4638 3113 4671 ι
3160 4620 3408 4687 Ἐγένετο
3438 4619 3606 4684 Λόγος

2040 4712 2249 4781 Κυρίου
2295 4714 2352 4763 ἐν
2383 4712 2529 4780 χειρὶ
2574 4708 2834 4777 Ἀγγαίου
2871 4709 2967 4762 τοῦ
3013 4713 3323 4780 προφήτου,
3356 4711 3548 4776 λέγων.
3582 4726 3599 4757 ι

2045 4804 2177 4867 Καὶ,
2221 4822 2238 4854 ι
2284 4802 2533 4870 Ἐγένετο
2585 4800 2759 4868 Λόγος
2805 4801 3014 4869 Κυρίου
3049 4800 3184 4872 πρὸς
3211 4801 3488 4871 Ζαχαρίαν
3519 4801 3607 4853 τὸν

2042 4893 2341 4963 Βαραχίου,
2377 4892 2572 4961 λέγων.
2622 4911 2641 4942 ο
2677 4884 2844 4954 Οὗτος
2884 4893 2976 4945 καὶ
3008 4897 3136 4958 περὶ
3169 4884 3267 4961 τῆς
3310 4892 3404 4945 τοῦ
3434 4892 3607 4959 Λόγου

2042 4984 2371 5054 σαρκώσεως
2410 4986 2636 5037 πλεῖστα
2668 4986 3065 5055 προεφήτευσε.
3109 5002 3127 5034 ι
3157 4985 3265 5037 Kal
3291 5024 3304 5045 ,
3344 5003 3362 5033 ι
3404 4983 3612 5051 Λῆμμα

2040 5074 2199 5141 λόγου
2243 5074 2451 5143 Κυρίου
2489 5074 2583 5126 ἐπὶ
2614 5074 2707 5128 τὸν
2737 5073 2955 5144 Ἰσραὴλ
2995 5076 3053 5128 ὲν
3079 5077 3224 5144 χειρὶ
3247 5074 3486 5141 ἀγγέλου
3519 5075 3612 5126 αὑ-

2037 5166 2156 5227 τοῦ,
2200 5184 2218 5217 ι
2254 5166 2373 5238 ήτοι
2408 5166 2501 5219 τοῦ
2533 5166 2840 5236 Μαλαχίου.
2885 5166 3015 5219 Ἰδοὺ
3062 5166 3158 5220 καὶ
3209 5166 3403 5235 λῆμμα
3436 5165 3610 5231 Λόγου

2041 5262 2074 5330 ή
2124 5259 2352 5329 δύναμις
2384 5260 2477 5313 τοῦ
2517 5259 2841 5329 Πνεύματος
2888 5262 2984 5314 καὶ
3038 5260 3131 5313 τοῦ
3173 5261 3370 5326 Λόγου,
3403 5259 3461 5321 ὃς
3496 5258 3613 5311 Μα-

2040 5351 2229 5420 λαχίας
2282 5352 2374 5406 καὶ
2424 5351 2482 5405 τὸ
2527 5352 2697 5422 δνομα
2752 5352 2848 5405 τοῦ
2906 5352 3041 5405 Θεοῦ
3090 5352 3352 5421 ἐπιφανὲς
3399 5352 3455 5403 ὲν
3490 5352 3602 5409 τοῖς

2049 5444 2231 5497 ἔθνεσί
2281 5462 2469 5515 φησιν.
2530 5445 2698 5515 Ὀρᾷς
2748 5446 2829 5498 ὅτι
2876 5446 3076 5508 πάντες
3117 5445 3166 5496 οἱ
3201 5444 3477 5514 προφῆται
3520 5440 3611 5492 τὸν

364 5547 458 5599 τοῦ
494 5545 628 5598 Θεοῦ
663 5546 833 5612 Λόγον
867 5551 964 5603 καὶ
1012 5545 1070 5596 τὸ
1108 5538 1333 5611 Πνεῦμα
1384 5545 1697 5615 ὲκήρυξανς
1739 5543 1933 5603 Ἀθεος
2011 5541 2301 5611 τοιγαροῦν
2344 5542 2373 5593 6
2419 5540 2494 5611 μὴ
2545 5540 2719 5594 ταῦτα
2799 5540 3107 5609 κηρύττων.
3144 5539 3253 5592 Καὶ
3298 5539 3462 5597 αὐτὸς
3494 5536 3551 5589 δὲ
3581 5535 3611 5586 6

368 5636 556 5707 Δαΰεδ,
606 5658 623 5691 ι
670 5638 855 5691 Πάντα
903 5638 961 5689 ὲν
1018 5636 1180 5707 σοφίᾳ
1228 5637 1491 5706 huius“;
1521 5675 1537 5697 θ

1598 5655 1617 5689 ι
1672 5637 1809 5711 πρξις
1839 5637 1929 5686 τὸν
1968 5632 2102 5686 Θεὸν
2137 5632 2453 5702 ἁνακράζει.
2509 5634 2642 5697 Kal,
2682 5651 2703 5685 ι
2742 5631 2801 5683 '0
2833 5631 3005 5698 Λόγος
3037 5647 3131 5683 σου
3156 5671 3171 5695 ,
3237 5629 3432 5703 Κύριε,
3489 5629 3606 5683 δια-

380 5724 531 5808 μένῇ
560 5735 616 5788 ἐν
650 5732 726 5805 τῷ
754 5731 969 5803 οὑρινῷ
1008 5733 1083 5795 είς
1117 5732 1313 5800 γενεὰν
1347 5731 1439 5785 xal
1475 5729 1665 5799 γενεὰν
1705 5729 1809 5792 ἕως
1844 5726 1937 5779 τοῦ
1978 5725 2193 5789 αἰῶνος.
2240 5743 2259 5779 ι
2307 5727 2414 5780 Καὶ
2453 5725 2530 5798 τῷ
2568 5726 2710 5796 λόγῳ
2746 5724 2953 5795 Κυρίου
2990 5724 3113 5786 τοὺς
3158 5722 3421 5792 οὐρανοὺς
3451 5726 3600 5775 ἐστι.
