  <div class='ocr_page' id='page_1' title='image "/cluster/home/n/w/nwhite01/storage/ocr_20150623/155/hvd.32044069650117/034.png"; bbox 0 0 4040 6202; ppageno 0'>
   <div class='ocr_carea' id='block_1_1' title="bbox 449 331 3720 406">
    <p class='ocr_par' dir='ltr' id='par_1_1' title="bbox 449 331 3720 406">
     <span class='ocr_line' id='line_1_1' title="bbox 449 331 3720 406; baseline 0.004 -14"><span class='ocrx_word' id='word_1_1' title='bbox 449 331 516 392; x_wconf 80' lang='lat'><strong>57</strong></span> <span class='ocrx_word' id='word_1_2' title='bbox 1509 340 1900 406; x_wconf 80' lang='lat' dir='ltr'><strong>DIALOGUS</strong></span> <span class='ocrx_word' id='word_1_3' title='bbox 1937 336 2248 403; x_wconf 83' lang='lat' dir='ltr'><strong>CONTRA</strong></span> <span class='ocrx_word' id='word_1_4' title='bbox 2285 338 2679 405; x_wconf 64' lang='lat' dir='ltr'><strong>HERESES.</strong></span> <span class='ocrx_word' id='word_1_5' title='bbox 3647 340 3720 406; x_wconf 83' lang='lat'><strong>58</strong></span> 
     </span>
    </p>
   </div>
   <div class='ocr_carea' id='block_1_2' title="bbox 453 447 3722 525">
    <p class='ocr_par' dir='ltr' id='par_1_2' title="bbox 453 447 3722 525">
     <span class='ocr_line' id='line_1_2' title="bbox 453 447 3722 525; baseline 0.001 -21"><span class='ocrx_word' id='word_1_6' title='bbox 453 448 692 522; x_wconf 78' lang='grc' dir='ltr'><strong>ρεῶσθαι</strong></span> <span class='ocrx_word' id='word_1_7' title='bbox 749 451 1040 522; x_wconf 81' lang='grc' dir='ltr'><strong>μαρτυρεῖ,</strong></span> <span class='ocrx_word' id='word_1_8' title='bbox 1083 451 1184 522; x_wconf 83' lang='grc' dir='ltr'><strong>ιι</strong></span> <span class='ocrx_word' id='word_1_9' title='bbox 1257 452 1354 506; x_wconf 82' lang='grc' dir='ltr'><strong>καὶ</strong></span> <span class='ocrx_word' id='word_1_10' title='bbox 1422 451 1520 524; x_wconf 74' lang='grc' dir='ltr'><strong>τὴν</strong></span> <span class='ocrx_word' id='word_1_11' title='bbox 1574 454 1803 525; x_wconf 85' lang='grc' dir='ltr'><strong>δύναμιν</strong></span> <span class='ocrx_word' id='word_1_12' title='bbox 1871 453 2054 508; x_wconf 72' lang='grc' dir='ltr'><strong>αὐτῶν</strong></span> <span class='ocrx_word' id='word_1_13' title='bbox 2157 447 2298 508; x_wconf 75' lang='grc' dir='ltr'><strong>εἶναι</strong></span> <span class='ocrx_word' id='word_1_14' title='bbox 2359 453 2440 522; x_wconf 81' lang='grc' dir='ltr'><strong>τῷ</strong></span> <span class='ocrx_word' id='word_1_15' title='bbox 2529 451 2800 524; x_wconf 76' lang='grc' dir='ltr'><strong>πνεύματι</strong></span> <span class='ocrx_word' id='word_1_16' title='bbox 2877 449 2974 506; x_wconf 82' lang='grc' dir='ltr'><strong>τοῦ</strong></span> <span class='ocrx_word' id='word_1_17' title='bbox 3055 453 3326 521; x_wconf 78' lang='grc' dir='ltr'><strong>στόματος</strong></span> <span class='ocrx_word' id='word_1_18' title='bbox 3407 450 3593 510; x_wconf 78' lang='grc' dir='ltr'><strong>αὑτοῦ.</strong></span> <span class='ocrx_word' id='word_1_19' title='bbox 3653 456 3722 508; x_wconf 89' lang='lat'><strong>&#39;0</strong></span> 
     </span>
    </p>
   </div>
   <div class='ocr_carea' id='block_1_3' title="bbox 457 541 3718 617">
    <p class='ocr_par' dir='ltr' id='par_1_3' title="bbox 457 541 3718 617">
     <span class='ocr_line' id='line_1_3' title="bbox 457 541 3718 617; baseline -0 -20"><span class='ocrx_word' id='word_1_20' title='bbox 457 544 680 614; x_wconf 69' lang='grc' dir='ltr'><strong>Πνεῦμα</strong></span> <span class='ocrx_word' id='word_1_21' title='bbox 723 544 1144 614; x_wconf 80' lang='grc' dir='ltr'><strong>ἑγκαινισθῆναι</strong></span> <span class='ocrx_word' id='word_1_22' title='bbox 1191 547 1304 609; x_wconf 80' lang='grc' dir='ltr'><strong>τοῖς</strong></span> <span class='ocrx_word' id='word_1_23' title='bbox 1357 546 1612 613; x_wconf 57' lang='lat' dir='ltr'><strong>tritavos;</strong></span> <span class='ocrx_word' id='word_1_24' title='bbox 1657 546 1825 600; x_wconf 82' lang='grc' dir='ltr'><strong>αὐτοῦ</strong></span> <span class='ocrx_word' id='word_1_25' title='bbox 1859 544 2134 612; x_wconf 78' lang='grc' dir='ltr'><strong>δυσωπεῖ,</strong></span> <span class='ocrx_word' id='word_1_26' title='bbox 2165 547 2264 600; x_wconf 80' lang='grc' dir='ltr'><strong>καὶ</strong></span> <span class='ocrx_word' id='word_1_27' title='bbox 2311 545 2387 617; x_wconf 76' lang='grc' dir='ltr'><strong>μὴ</strong></span> <span class='ocrx_word' id='word_1_28' title='bbox 2419 543 2818 614; x_wconf 79' lang='grc' dir='ltr'><strong>ἀπολειφθῆναι</strong></span> <span class='ocrx_word' id='word_1_29' title='bbox 2879 542 3098 598; x_wconf 85' lang='grc' dir='ltr'><strong>τούτου.</strong></span> <span class='ocrx_word' id='word_1_30' title='bbox 3165 541 3276 598; x_wconf 76' lang='grc' dir='ltr'><strong>Καὶ</strong></span> <span class='ocrx_word' id='word_1_31' title='bbox 3353 543 3542 610; x_wconf 77' lang='grc' dir='ltr'><strong>σαφῶς</strong></span> <span class='ocrx_word' id='word_1_32' title='bbox 3621 544 3718 598; x_wconf 73' lang='grc' dir='ltr'><strong>τὸν</strong></span> 
     </span>
    </p>
   </div>
   <div class='ocr_carea' id='block_1_4' title="bbox 447 630 3776 708">
    <p class='ocr_par' dir='ltr' id='par_1_4' title="bbox 447 630 3776 708">
     <span class='ocr_line' id='line_1_4' title="bbox 447 630 3776 708; baseline 0 -20"><span class='ocrx_word' id='word_1_33' title='bbox 447 636 582 690; x_wconf 83' lang='grc' dir='ltr'><strong>Θεὸν</strong></span> <span class='ocrx_word' id='word_1_34' title='bbox 613 637 707 690; x_wconf 74' lang='grc' dir='ltr'><strong>καὶ</strong></span> <span class='ocrx_word' id='word_1_35' title='bbox 732 637 954 707; x_wconf 78' lang='grc' dir='ltr'><strong>Πατέρα</strong></span> <span class='ocrx_word' id='word_1_36' title='bbox 983 638 1252 708; x_wconf 70' lang='grc' dir='ltr'><strong>κηρύσσει</strong></span> <span class='ocrx_word' id='word_1_37' title='bbox 1281 638 1382 692; x_wconf 78' lang='grc' dir='ltr'><strong>σὺν</strong></span> <span class='ocrx_word' id='word_1_38' title='bbox 1413 637 1492 707; x_wconf 83' lang='grc' dir='ltr'><strong>τῷ</strong></span> <span class='ocrx_word' id='word_1_39' title='bbox 1525 638 1685 707; x_wconf 82' lang='grc' dir='ltr'><strong>Λόγῳ</strong></span> <span class='ocrx_word' id='word_1_40' title='bbox 1749 637 1844 692; x_wconf 78' lang='grc' dir='ltr'><strong>καὶ</strong></span> <span class='ocrx_word' id='word_1_41' title='bbox 1909 635 2218 704; x_wconf 78' lang='grc' dir='ltr'><strong>Πνεύματι.</strong></span> <span class='ocrx_word' id='word_1_42' title='bbox 2291 637 2402 692; x_wconf 76' lang='grc' dir='ltr'><strong>Καὶ</strong></span> <span class='ocrx_word' id='word_1_43' title='bbox 2447 636 2559 694; x_wconf 76' lang='grc' dir='ltr'><strong>πᾶς</strong></span> <span class='ocrx_word' id='word_1_44' title='bbox 2594 637 2652 690; x_wconf 69' lang='grc' dir='ltr'><strong>δὲ</strong></span> <span class='ocrx_word' id='word_1_45' title='bbox 2714 635 2884 700; x_wconf 77' lang='grc' dir='ltr'><strong>ὁτῶν</strong></span> <span class='ocrx_word' id='word_1_46' title='bbox 2918 630 3141 686; x_wconf 81' lang='grc' dir='ltr'><strong>δικαίων</strong></span> <span class='ocrx_word' id='word_1_47' title='bbox 3193 631 3354 704; x_wconf 72' lang='grc' dir='ltr'><strong>χορὸς</strong></span> <span class='ocrx_word' id='word_1_48' title='bbox 3394 634 3488 687; x_wconf 76' lang='grc' dir='ltr'><strong>τὸν</strong></span> <span class='ocrx_word' id='word_1_49' title='bbox 3529 635 3709 706; x_wconf 84' lang='grc' dir='ltr'>Λόγον</span> <span class='ocrx_word' id='word_1_50' title='bbox 3761 643 3776 650; x_wconf 85' lang='lat'><strong><em>&#39;</em></strong></span> 
     </span>
    </p>
   </div>
   <div class='ocr_carea' id='block_1_5' title="bbox 445 729 1808 804">
    <p class='ocr_par' dir='ltr' id='par_1_5' title="bbox 445 729 1808 804">
     <span class='ocr_line' id='line_1_5' title="bbox 445 729 1808 804; baseline 0.002 -21"><span class='ocrx_word' id='word_1_51' title='bbox 445 729 540 784; x_wconf 84' lang='grc' dir='ltr'><strong>τοῦ</strong></span> <span class='ocrx_word' id='word_1_52' title='bbox 571 730 708 786; x_wconf 83' lang='grc' dir='ltr'><strong>Θεοῦ</strong></span> <span class='ocrx_word' id='word_1_53' title='bbox 739 731 836 786; x_wconf 82' lang='grc' dir='ltr'><strong>καὶ</strong></span> <span class='ocrx_word' id='word_1_54' title='bbox 869 734 928 786; x_wconf 65' lang='grc' dir='ltr'><strong>τ’)</strong></span> <span class='ocrx_word' id='word_1_55' title='bbox 967 733 1196 802; x_wconf 80' lang='grc' dir='ltr'><strong>Πνεῦμα</strong></span> <span class='ocrx_word' id='word_1_56' title='bbox 1221 733 1495 804; x_wconf 82' lang='grc' dir='ltr'><strong>ἀριδήλως</strong></span> <span class='ocrx_word' id='word_1_57' title='bbox 1534 733 1808 788; x_wconf 81' lang='grc' dir='ltr'><strong>διδάσκει.</strong></span> 
     </span>
    </p>
   </div>
   <div class='ocr_carea' id='block_1_6' title="bbox 1083 851 1450 907">
    <p class='ocr_par' dir='ltr' id='par_1_6' title="bbox 1083 851 1450 907">
     <span class='ocr_line' id='line_1_6' title="bbox 1083 851 1450 907; baseline 0.016 -6"><span class='ocrx_word' id='word_1_58' title='bbox 1083 851 1338 906; x_wconf 78' lang='grc' dir='ltr'><strong>ΚΕΦΑΛ.</strong></span> <span class='ocrx_word' id='word_1_59' title='bbox 1391 853 1450 907; x_wconf 73' lang='grc' dir='ltr'><strong>ιν.</strong></span> 
     </span>
    </p>
   </div>
   <div class='ocr_carea' id='block_1_7' title="bbox 447 942 2022 1014">
    <p class='ocr_par' dir='ltr' id='par_1_7' title="bbox 447 942 2022 1014">
     <span class='ocr_line' id='line_1_7' title="bbox 447 942 2022 1014; baseline 0.004 -18"><span class='ocrx_word' id='word_1_60' title='bbox 447 942 588 1012; x_wconf 69' lang='grc' dir='ltr'><strong>Περὶ</strong></span> <span class='ocrx_word' id='word_1_61' title='bbox 639 943 747 997; x_wconf 81' lang='grc' dir='ltr'><strong>τοῦ</strong></span> <span class='ocrx_word' id='word_1_62' title='bbox 798 945 1176 1014; x_wconf 71' lang='grc' dir='ltr'><strong>μονογενοῦς</strong></span> <span class='ocrx_word' id='word_1_63' title='bbox 1239 946 1379 1000; x_wconf 77' lang='grc' dir='ltr'><strong>Υιοῦ</strong></span> <span class='ocrx_word' id='word_1_64' title='bbox 1419 947 1526 1002; x_wconf 78' lang='grc' dir='ltr'><strong>τοῦ</strong></span> <span class='ocrx_word' id='word_1_65' title='bbox 1569 948 1720 1003; x_wconf 83' lang='grc' dir='ltr'><strong>Θεοῦ</strong></span> <span class='ocrx_word' id='word_1_66' title='bbox 1759 947 1858 1002; x_wconf 77' lang='grc' dir='ltr'><strong>καί</strong></span> <span class='ocrx_word' id='word_1_67' title='bbox 1911 943 2022 1002; x_wconf 81' lang='grc' dir='ltr'><strong>τοῦ</strong></span> 
     </span>
    </p>
   </div>
   <div class='ocr_carea' id='block_1_8' title="bbox 958 1016 1524 1086">
    <p class='ocr_par' dir='ltr' id='par_1_8' title="bbox 958 1016 1524 1086">
     <span class='ocr_line' id='line_1_8' title="bbox 958 1016 1524 1086; baseline 0.005 -16"><span class='ocrx_word' id='word_1_68' title='bbox 958 1016 1132 1084; x_wconf 76' lang='grc' dir='ltr'><strong>ἁγίου</strong></span> <span class='ocrx_word' id='word_1_69' title='bbox 1155 1020 1524 1086; x_wconf 64' lang='lat' dir='ltr'><strong>[Ir-stipatae.</strong></span> 
     </span>
    </p>
   </div>
   <div class='ocr_carea' id='block_1_9' title="bbox 511 1104 2021 1177">
    <p class='ocr_par' dir='ltr' id='par_1_9' title="bbox 511 1104 2021 1177">
     <span class='ocr_line' id='line_1_9' title="bbox 511 1104 2021 1177; baseline 0.001 -19"><span class='ocrx_word' id='word_1_70' title='bbox 511 1104 576 1158; x_wconf 82' lang='lat' dir='ltr'><strong>Ei</strong></span> <span class='ocrx_word' id='word_1_71' title='bbox 616 1105 717 1172; x_wconf 75' lang='grc' dir='ltr'><strong>μὲν</strong></span> <span class='ocrx_word' id='word_1_72' title='bbox 749 1117 842 1158; x_wconf 85' lang='grc' dir='ltr'><strong>ουν</strong></span> <span class='ocrx_word' id='word_1_73' title='bbox 885 1108 1008 1169; x_wconf 82' lang='grc' dir='ltr'><strong>ταῖς</strong></span> <span class='ocrx_word' id='word_1_74' title='bbox 1061 1106 1237 1164; x_wconf 79' lang='grc' dir='ltr'><strong>θείαις</strong></span> <span class='ocrx_word' id='word_1_75' title='bbox 1272 1108 1516 1177; x_wconf 74' lang='grc' dir='ltr'><strong>Γραφαῖς</strong></span> <span class='ocrx_word' id='word_1_76' title='bbox 1566 1108 1596 1160; x_wconf 87' lang='lat'><strong>6</strong></span> <span class='ocrx_word' id='word_1_77' title='bbox 1639 1107 2021 1177; x_wconf 76' lang='grc' dir='ltr'><strong>ἁντικεὶμενος</strong></span> 
     </span>
    </p>
   </div>
   <div class='ocr_carea' id='block_1_10' title="bbox 437 1197 2019 1269">
    <p class='ocr_par' dir='ltr' id='par_1_10' title="bbox 437 1197 2019 1269">
     <span class='ocr_line' id='line_1_10' title="bbox 437 1197 2019 1269; baseline 0.002 -20"><span class='ocrx_word' id='word_1_78' title='bbox 437 1197 657 1260; x_wconf 73' lang='grc' dir='ltr'><strong>ἕπεται,</strong></span> <span class='ocrx_word' id='word_1_79' title='bbox 693 1199 758 1250; x_wconf 78' lang='grc' dir='ltr'><strong>ἐκ</strong></span> <span class='ocrx_word' id='word_1_80' title='bbox 791 1199 998 1251; x_wconf 85' lang='grc' dir='ltr'><strong>τούτων</strong></span> <span class='ocrx_word' id='word_1_81' title='bbox 1031 1201 1128 1252; x_wconf 76' lang='grc' dir='ltr'><strong>καὶ</strong></span> <span class='ocrx_word' id='word_1_82' title='bbox 1160 1198 1272 1251; x_wconf 85' lang='grc' dir='ltr'><strong>τῶν</strong></span> <span class='ocrx_word' id='word_1_83' title='bbox 1319 1200 1524 1269; x_wconf 79' lang='grc' dir='ltr'><strong>ὁμοίων</strong></span> <span class='ocrx_word' id='word_1_84' title='bbox 1553 1200 1650 1253; x_wconf 82' lang='grc' dir='ltr'><strong>τοῦ</strong></span> <span class='ocrx_word' id='word_1_85' title='bbox 1687 1201 2019 1267; x_wconf 77' lang='grc' dir='ltr'><strong>φιλονεικεῖν</strong></span> 
     </span>
    </p>
   </div>
   <div class='ocr_carea' id='block_1_11' title="bbox 439 1289 2017 1362">
    <p class='ocr_par' dir='ltr' id='par_1_11' title="bbox 439 1289 2017 1362">
     <span class='ocr_line' id='line_1_11' title="bbox 439 1289 2017 1362; baseline 0.005 -26"><span class='ocrx_word' id='word_1_86' title='bbox 439 1289 714 1340; x_wconf 76' lang='grc' dir='ltr'><strong>παύσεται</strong></span> <span class='ocrx_word' id='word_1_87' title='bbox 734 1303 750 1319; x_wconf 86' lang='grc'><strong>·</strong></span> <span class='ocrx_word' id='word_1_88' title='bbox 782 1289 996 1359; x_wconf 78' lang='grc' dir='ltr'><strong>πλήρης</strong></span> <span class='ocrx_word' id='word_1_89' title='bbox 1020 1291 1128 1358; x_wconf 82' lang='grc' dir='ltr'><strong>γὰρ</strong></span> <span class='ocrx_word' id='word_1_90' title='bbox 1157 1291 1366 1344; x_wconf 83' lang='grc' dir='ltr'><strong>τούτων</strong></span> <span class='ocrx_word' id='word_1_91' title='bbox 1397 1293 1428 1360; x_wconf 80' lang='grc' dir='ltr'>ἡ</span> <span class='ocrx_word' id='word_1_92' title='bbox 1460 1292 1580 1345; x_wconf 76' lang='grc' dir='ltr'><strong>θεία</strong></span> <span class='ocrx_word' id='word_1_93' title='bbox 1617 1292 1810 1362; x_wconf 84' lang='grc' dir='ltr'><strong>Γραφή</strong></span> <span class='ocrx_word' id='word_1_94' title='bbox 1835 1307 1848 1323; x_wconf 91' lang='grc'><strong>·</strong></span> <span class='ocrx_word' id='word_1_95' title='bbox 1877 1291 1928 1344; x_wconf 80' lang='grc' dir='ltr'><strong>εὶ</strong></span> <span class='ocrx_word' id='word_1_96' title='bbox 1973 1290 2017 1344; x_wconf 81' lang='grc' dir='ltr'><strong>δ’</strong></span> 
     </span>
    </p>
   </div>
   <div class='ocr_carea' id='block_1_12' title="bbox 435 1373 2019 1456">
    <p class='ocr_par' dir='ltr' id='par_1_12' title="bbox 435 1373 2019 1456">
     <span class='ocr_line' id='line_1_12' title="bbox 435 1373 2019 1456; baseline 0.005 -26"><span class='ocrx_word' id='word_1_97' title='bbox 435 1373 561 1444; x_wconf 69' lang='grc' dir='ltr'><strong>οὖν,</strong></span> <span class='ocrx_word' id='word_1_98' title='bbox 585 1384 683 1432; x_wconf 75' lang='grc' dir='ltr'><strong>καὶ</strong></span> <span class='ocrx_word' id='word_1_99' title='bbox 726 1381 836 1434; x_wconf 79' lang='grc' dir='ltr'><strong>ἀπὸ</strong></span> <span class='ocrx_word' id='word_1_100' title='bbox 865 1381 968 1450; x_wconf 79' lang='grc' dir='ltr'><strong>τῆς</strong></span> <span class='ocrx_word' id='word_1_101' title='bbox 1003 1383 1238 1447; x_wconf 74' lang='grc' dir='ltr'><strong>κτίσεως</strong></span> <span class='ocrx_word' id='word_1_102' title='bbox 1267 1385 1440 1454; x_wconf 82' lang='grc' dir='ltr'><strong>αὐτῆς</strong></span> <span class='ocrx_word' id='word_1_103' title='bbox 1466 1388 1562 1440; x_wconf 82' lang='grc' dir='ltr'><strong>καὶ</strong></span> <span class='ocrx_word' id='word_1_104' title='bbox 1587 1386 1689 1454; x_wconf 78' lang='grc' dir='ltr'><strong>τῆς</strong></span> <span class='ocrx_word' id='word_1_105' title='bbox 1739 1383 2019 1456; x_wconf 78' lang='grc' dir='ltr'><strong>ἅνθρωπί·</strong></span> 
     </span>
    </p>
   </div>
   <div class='ocr_carea' id='block_1_13' title="bbox 433 1471 2018 1550">
    <p class='ocr_par' dir='ltr' id='par_1_13' title="bbox 433 1471 2018 1550">
     <span class='ocr_line' id='line_1_13' title="bbox 433 1471 2018 1550; baseline 0.004 -25"><span class='ocrx_word' id='word_1_106' title='bbox 433 1487 534 1538; x_wconf 69' lang='lat' dir='ltr'><strong>vr]:</strong></span> <span class='ocrx_word' id='word_1_107' title='bbox 555 1471 772 1538; x_wconf 73' lang='grc' dir='ltr'><strong>φύσεως</strong></span> <span class='ocrx_word' id='word_1_108' title='bbox 801 1472 1164 1539; x_wconf 71' lang='grc' dir='ltr'><strong>ἐπιγνώσεται</strong></span> <span class='ocrx_word' id='word_1_109' title='bbox 1195 1475 1298 1546; x_wconf 80' lang='grc' dir='ltr'><strong>τὴν</strong></span> <span class='ocrx_word' id='word_1_110' title='bbox 1343 1477 1626 1546; x_wconf 83' lang='grc' dir='ltr'><strong>ἀλήθειαν.</strong></span> <span class='ocrx_word' id='word_1_111' title='bbox 1662 1477 1728 1532; x_wconf 77' lang='lat' dir='ltr'><strong>Et</strong></span> <span class='ocrx_word' id='word_1_112' title='bbox 1768 1479 1878 1550; x_wconf 77' lang='grc' dir='ltr'><strong>γὰρ</strong></span> <span class='ocrx_word' id='word_1_113' title='bbox 1924 1477 2018 1548; x_wconf 84' lang='grc' dir='ltr'><strong>δη·-</strong></span> 
     </span>
    </p>
   </div>
   <div class='ocr_carea' id='block_1_14' title="bbox 439 1563 2017 1640">
    <p class='ocr_par' dir='ltr' id='par_1_14' title="bbox 439 1563 2017 1640">
     <span class='ocr_line' id='line_1_14' title="bbox 439 1563 2017 1640; baseline 0.006 -27"><span class='ocrx_word' id='word_1_114' title='bbox 439 1563 706 1629; x_wconf 79' lang='grc' dir='ltr'><strong>μιουργδς</strong></span> <span class='ocrx_word' id='word_1_115' title='bbox 734 1563 842 1618; x_wconf 82' lang='grc' dir='ltr'><strong>τῶν</strong></span> <span class='ocrx_word' id='word_1_116' title='bbox 883 1564 1022 1619; x_wconf 84' lang='grc' dir='ltr'><strong>ὅλων</strong></span> <span class='ocrx_word' id='word_1_117' title='bbox 1069 1567 1188 1620; x_wconf 70' lang='grc' dir='ltr'><strong>ἐστὶ</strong></span> <span class='ocrx_word' id='word_1_118' title='bbox 1244 1569 1398 1635; x_wconf 80' lang='grc' dir='ltr'><strong>Θεὸς,</strong></span> <span class='ocrx_word' id='word_1_119' title='bbox 1433 1569 1578 1623; x_wconf 79' lang='grc' dir='ltr'><strong>διατι</strong></span> <span class='ocrx_word' id='word_1_120' title='bbox 1635 1571 1745 1640; x_wconf 75' lang='grc' dir='ltr'><strong>ἄρα</strong></span> <span class='ocrx_word' id='word_1_121' title='bbox 1773 1571 1844 1624; x_wconf 78' lang='grc' dir='ltr'><strong>τὰ</strong></span> <span class='ocrx_word' id='word_1_122' title='bbox 1895 1569 2017 1625; x_wconf 81' lang='grc' dir='ltr'><strong>κτί-</strong></span> 
     </span>
    </p>
   </div>
   <div class='ocr_carea' id='block_1_15' title="bbox 435 1651 2014 1732">
    <p class='ocr_par' dir='ltr' id='par_1_15' title="bbox 435 1651 2014 1732">
     <span class='ocr_line' id='line_1_15' title="bbox 435 1651 2014 1732; baseline 0.009 -32"><span class='ocrx_word' id='word_1_123' title='bbox 435 1667 620 1716; x_wconf 76' lang='grc' dir='ltr'><strong>σ;ι.ατα</strong></span> <span class='ocrx_word' id='word_1_124' title='bbox 645 1652 870 1720; x_wconf 70' lang='grc' dir='ltr'><strong>γέγονε;</strong></span> <span class='ocrx_word' id='word_1_125' title='bbox 904 1654 1048 1708; x_wconf 86' lang='grc' dir='ltr'><strong>διατί</strong></span> <span class='ocrx_word' id='word_1_126' title='bbox 1077 1651 1173 1710; x_wconf 82' lang='grc' dir='ltr'><strong>οὖν</strong></span> <span class='ocrx_word' id='word_1_127' title='bbox 1201 1673 1218 1720; x_wconf 87' lang='lat'><strong>;</strong></span> <span class='ocrx_word' id='word_1_128' title='bbox 1261 1657 1384 1712; x_wconf 84' lang='grc' dir='ltr'><strong>Ἶνα</strong></span> <span class='ocrx_word' id='word_1_129' title='bbox 1407 1659 1544 1712; x_wconf 83' lang='grc' dir='ltr'><strong>Θεοῦ</strong></span> <span class='ocrx_word' id='word_1_130' title='bbox 1573 1659 1846 1732; x_wconf 82' lang='grc' dir='ltr'><strong>ἀπολαύῃ.</strong></span> <span class='ocrx_word' id='word_1_131' title='bbox 1876 1655 2014 1714; x_wconf 79' lang='grc' dir='ltr'><strong>τξνα</strong></span> 
     </span>
    </p>
   </div>
   <div class='ocr_carea' id='block_1_16' title="bbox 433 1742 2012 1822">
    <p class='ocr_par' dir='ltr' id='par_1_16' title="bbox 433 1742 2012 1822">
     <span class='ocr_line' id='line_1_16' title="bbox 433 1742 2012 1822; baseline 0.009 -28"><span class='ocrx_word' id='word_1_132' title='bbox 433 1742 490 1794; x_wconf 69' lang='grc' dir='ltr'><strong>ῖὲ</strong></span> <span class='ocrx_word' id='word_1_133' title='bbox 523 1742 660 1796; x_wconf 75' lang='grc' dir='ltr'><strong>Θεοῦ</strong></span> <span class='ocrx_word' id='word_1_134' title='bbox 707 1745 998 1812; x_wconf 73' lang='grc' dir='ltr'><strong>ἀπολαύει,</strong></span> <span class='ocrx_word' id='word_1_135' title='bbox 1031 1749 1127 1801; x_wconf 75' lang='grc' dir='ltr'><strong>καὶ</strong></span> <span class='ocrx_word' id='word_1_136' title='bbox 1171 1750 1408 1820; x_wconf 85' lang='grc' dir='ltr'><strong>δύναμιν</strong></span> <span class='ocrx_word' id='word_1_137' title='bbox 1449 1751 1564 1822; x_wconf 79' lang='grc' dir='ltr'><strong>ἔχει</strong></span> <span class='ocrx_word' id='word_1_138' title='bbox 1601 1754 1734 1806; x_wconf 76' lang='grc' dir='ltr'><strong>Θεὸν</strong></span> <span class='ocrx_word' id='word_1_139' title='bbox 1765 1753 1966 1808; x_wconf 76' lang='grc' dir='ltr'><strong>εἰδέναι</strong></span> <span class='ocrx_word' id='word_1_140' title='bbox 1995 1771 2012 1822; x_wconf 86' lang='grc'><strong>;</strong></span> 
     </span>
    </p>
   </div>
   <div class='ocr_carea' id='block_1_17' title="bbox 431 1831 2012 1915">
    <p class='ocr_par' dir='ltr' id='par_1_17' title="bbox 431 1831 2012 1915">
     <span class='ocr_line' id='line_1_17' title="bbox 431 1831 2012 1915; baseline 0.012 -34"><span class='ocrx_word' id='word_1_141' title='bbox 431 1831 519 1882; x_wconf 74' lang='grc' dir='ltr'><strong>Τὰ</strong></span> <span class='ocrx_word' id='word_1_142' title='bbox 553 1831 712 1899; x_wconf 79' lang='grc' dir='ltr'><strong>λόγον</strong></span> <span class='ocrx_word' id='word_1_143' title='bbox 736 1833 950 1903; x_wconf 79' lang='grc' dir='ltr'><strong>ἔχοντα.</strong></span> <span class='ocrx_word' id='word_1_144' title='bbox 977 1838 1078 1891; x_wconf 79' lang='grc' dir='ltr'><strong>Διὰ</strong></span> <span class='ocrx_word' id='word_1_145' title='bbox 1113 1838 1210 1892; x_wconf 84' lang='grc' dir='ltr'><strong>τοῦ</strong></span> <span class='ocrx_word' id='word_1_146' title='bbox 1241 1840 1402 1908; x_wconf 84' lang='grc' dir='ltr'><strong>λόγου</strong></span> <span class='ocrx_word' id='word_1_147' title='bbox 1438 1844 1544 1913; x_wconf 77' lang='grc' dir='ltr'><strong>γᾲρ</strong></span> <span class='ocrx_word' id='word_1_148' title='bbox 1591 1845 1625 1915; x_wconf 80' lang='grc' dir='ltr'><strong>ἡ</strong></span> <span class='ocrx_word' id='word_1_149' title='bbox 1680 1845 1907 1913; x_wconf 81' lang='grc' dir='ltr'><strong>γνῶσις.</strong></span> <span class='ocrx_word' id='word_1_150' title='bbox 1947 1845 2012 1900; x_wconf 74' lang='grc' dir='ltr'><strong>Εἰ</strong></span> 
     </span>
    </p>
   </div>
   <div class='ocr_carea' id='block_1_18' title="bbox 427 1919 2012 2006">
    <p class='ocr_par' dir='ltr' id='par_1_18' title="bbox 427 1919 2012 2006">
     <span class='ocr_line' id='line_1_18' title="bbox 427 1919 2012 2006; baseline 0.01 -32"><span class='ocrx_word' id='word_1_151' title='bbox 427 1919 526 1975; x_wconf 76' lang='grc' dir='ltr'><strong>οὖν</strong></span> <span class='ocrx_word' id='word_1_152' title='bbox 552 1925 639 1978; x_wconf 79' lang='grc' dir='ltr'><strong>διὰ</strong></span> <span class='ocrx_word' id='word_1_153' title='bbox 667 1926 775 1979; x_wconf 83' lang='grc' dir='ltr'><strong>τῶν</strong></span> <span class='ocrx_word' id='word_1_154' title='bbox 803 1929 1038 1995; x_wconf 77' lang='grc' dir='ltr'><strong>λογικῶν</strong></span> <span class='ocrx_word' id='word_1_155' title='bbox 1073 1933 1106 2001; x_wconf 79' lang='grc' dir='ltr'><strong>ἡ</strong></span> <span class='ocrx_word' id='word_1_156' title='bbox 1167 1931 1394 2001; x_wconf 82' lang='grc' dir='ltr'><strong>γνῶσις,</strong></span> <span class='ocrx_word' id='word_1_157' title='bbox 1436 1934 1596 2004; x_wconf 81' lang='grc' dir='ltr'><strong>λόγος</strong></span> <span class='ocrx_word' id='word_1_158' title='bbox 1645 1939 1754 2006; x_wconf 77' lang='grc' dir='ltr'><strong>ἄρα</strong></span> <span class='ocrx_word' id='word_1_159' title='bbox 1809 1937 2012 2006; x_wconf 75' lang='grc' dir='ltr'><strong>μᾶλλον</strong></span> 
     </span>
    </p>
   </div>
   <div class='ocr_carea' id='block_1_19' title="bbox 425 2017 2086 2097">
    <p class='ocr_par' dir='ltr' id='par_1_19' title="bbox 425 2017 2086 2097">
     <span class='ocr_line' id='line_1_19' title="bbox 425 2017 2086 2097; baseline 0.01 -31"><span class='ocrx_word' id='word_1_160' title='bbox 425 2017 486 2067; x_wconf 76' lang='grc' dir='ltr'><strong>ἐν</strong></span> <span class='ocrx_word' id='word_1_161' title='bbox 511 2017 592 2086; x_wconf 83' lang='grc' dir='ltr'><strong>τῷ</strong></span> <span class='ocrx_word' id='word_1_162' title='bbox 641 2019 781 2088; x_wconf 84' lang='grc' dir='ltr'><strong>Θεῷ.</strong></span> <span class='ocrx_word' id='word_1_163' title='bbox 819 2022 928 2074; x_wconf 66' lang='grc' dir='ltr'><strong>Καὶ</strong></span> <span class='ocrx_word' id='word_1_164' title='bbox 954 2025 1002 2074; x_wconf 85' lang='grc' dir='ltr'><strong>εί</strong></span> <span class='ocrx_word' id='word_1_165' title='bbox 1029 2023 1116 2076; x_wconf 80' lang='grc' dir='ltr'><strong>διὰ</strong></span> <span class='ocrx_word' id='word_1_166' title='bbox 1167 2027 1236 2079; x_wconf 78' lang='grc' dir='ltr'><strong>τὰ</strong></span> <span class='ocrx_word' id='word_1_167' title='bbox 1289 2026 1484 2094; x_wconf 83' lang='grc' dir='ltr'><strong>λογικὰ</strong></span> <span class='ocrx_word' id='word_1_168' title='bbox 1511 2029 1540 2082; x_wconf 92' lang='lat'><strong>6</strong></span> <span class='ocrx_word' id='word_1_169' title='bbox 1571 2029 1856 2097; x_wconf 74' lang='grc' dir='ltr'><strong>ὁρώμενος</strong></span> <span class='ocrx_word' id='word_1_170' title='bbox 1911 2025 2010 2082; x_wconf 81' lang='grc' dir='ltr'><strong>κό-</strong></span> <span class='ocrx_word' id='word_1_171' title='bbox 2079 2063 2086 2066; x_wconf 95' lang='grc'><strong>-</strong></span> 
     </span>
    </p>
   </div>
   <div class='ocr_carea' id='block_1_20' title="bbox 423 2111 2008 2192">
    <p class='ocr_par' dir='ltr' id='par_1_20' title="bbox 423 2111 2008 2192">
     <span class='ocr_line' id='line_1_20' title="bbox 423 2111 2008 2192; baseline 0.016 -32"><span class='ocrx_word' id='word_1_172' title='bbox 423 2125 588 2177; x_wconf 80' lang='grc' dir='ltr'><strong>σμος,</strong></span> <span class='ocrx_word' id='word_1_173' title='bbox 615 2111 704 2164; x_wconf 75' lang='grc' dir='ltr'><strong>διὰ</strong></span> <span class='ocrx_word' id='word_1_174' title='bbox 734 2114 824 2167; x_wconf 71' lang='grc' dir='ltr'><strong>τὸν</strong></span> <span class='ocrx_word' id='word_1_175' title='bbox 848 2115 1022 2184; x_wconf 85' lang='grc' dir='ltr'><strong>Λόγον</strong></span> <span class='ocrx_word' id='word_1_176' title='bbox 1045 2118 1154 2186; x_wconf 78' lang='grc' dir='ltr'><strong>ἄρα</strong></span> <span class='ocrx_word' id='word_1_177' title='bbox 1181 2121 1277 2173; x_wconf 71' lang='grc' dir='ltr'><strong>καὶ</strong></span> <span class='ocrx_word' id='word_1_178' title='bbox 1309 2121 1396 2173; x_wconf 66' lang='grc' dir='ltr'><strong>διὰ</strong></span> <span class='ocrx_word' id='word_1_179' title='bbox 1425 2120 1521 2174; x_wconf 77' lang='grc' dir='ltr'><strong>τοῦ</strong></span> <span class='ocrx_word' id='word_1_180' title='bbox 1543 2123 1720 2190; x_wconf 85' lang='grc' dir='ltr'><strong>Λόγου</strong></span> <span class='ocrx_word' id='word_1_181' title='bbox 1745 2123 1778 2192; x_wconf 78' lang='grc' dir='ltr'><strong>ἡ</strong></span> <span class='ocrx_word' id='word_1_182' title='bbox 1805 2122 2008 2186; x_wconf 83' lang='grc' dir='ltr'><strong>κτίσις⁹</strong></span> 
     </span>
    </p>
   </div>
   <div class='ocr_carea' id='block_1_21' title="bbox 2064 851 2112 910">
    <p class='ocr_par' dir='ltr' id='par_1_21' title="bbox 2064 851 2112 910">
     <span class='ocr_line' id='line_1_21' title="bbox 2064 851 2112 910; baseline 0 0"><span class='ocrx_word' id='word_1_183' title='bbox 2064 851 2112 910; x_wconf 87' lang='grc' dir='ltr'><strong>Λ</strong></span> 
     </span>
    </p>
   </div>
   <div class='ocr_carea' id='block_1_22' title="bbox 2763 847 3100 906">
    <p class='ocr_par' dir='ltr' id='par_1_22' title="bbox 2763 847 3100 906">
     <span class='ocr_line' id='line_1_22' title="bbox 2763 847 3100 906; baseline 0 0"><span class='ocrx_word' id='word_1_184' title='bbox 2763 847 2991 906; x_wconf 85' lang='lat' dir='ltr'><strong>CAPUT</strong></span> <span class='ocrx_word' id='word_1_185' title='bbox 3028 849 3100 906; x_wconf 82' lang='lat' dir='ltr'><strong>X.</strong></span> 
     </span>
    </p>
   </div>
   <div class='ocr_carea' id='block_1_23' title="bbox 2278 933 3571 1015">
    <p class='ocr_par' dir='ltr' id='par_1_23' title="bbox 2278 933 3571 1015">
     <span class='ocr_line' id='line_1_23' title="bbox 2278 933 3571 1015; baseline 0.006 -22"><span class='ocrx_word' id='word_1_186' title='bbox 2278 937 2357 995; x_wconf 80' lang='lat' dir='ltr'><strong>De</strong></span> <span class='ocrx_word' id='word_1_187' title='bbox 2399 933 2547 996; x_wconf 75' lang='lat' dir='ltr'><strong>Filio</strong></span> <span class='ocrx_word' id='word_1_188' title='bbox 2592 939 2695 996; x_wconf 81' lang='lat' dir='ltr'><strong>Dei</strong></span> <span class='ocrx_word' id='word_1_189' title='bbox 2729 943 2998 1014; x_wconf 80' lang='lat' dir='ltr'><strong>unigeuilo</strong></span> <span class='ocrx_word' id='word_1_190' title='bbox 3055 953 3105 999; x_wconf 83' lang='lat' dir='ltr'><strong>et</strong></span> <span class='ocrx_word' id='word_1_191' title='bbox 3137 953 3320 1000; x_wconf 81' lang='lat' dir='ltr'><strong>sancto</strong></span> <span class='ocrx_word' id='word_1_192' title='bbox 3350 943 3571 1015; x_wconf 81' lang='lat' dir='ltr'><strong>Spiritu.</strong></span> 
     </span>
    </p>
   </div>
   <div class='ocr_carea' id='block_1_24' title="bbox 2197 1090 3706 1170">
    <p class='ocr_par' dir='ltr' id='par_1_24' title="bbox 2197 1090 3706 1170">
     <span class='ocr_line' id='line_1_24' title="bbox 2197 1090 3706 1170; baseline 0.008 -26"><span class='ocrx_word' id='word_1_193' title='bbox 2197 1090 2365 1160; x_wconf 88' lang='lat' dir='ltr'><strong>Igitur</strong></span> <span class='ocrx_word' id='word_1_194' title='bbox 2399 1093 2444 1148; x_wconf 91' lang='lat' dir='ltr'><strong>si</strong></span> <span class='ocrx_word' id='word_1_195' title='bbox 2473 1093 2825 1151; x_wconf 83' lang='lat' dir='ltr'><strong>adversarius</strong></span> <span class='ocrx_word' id='word_1_196' title='bbox 2875 1097 3092 1153; x_wconf 81' lang='lat' dir='ltr'><strong>divinas</strong></span> <span class='ocrx_word' id='word_1_197' title='bbox 3137 1107 3404 1169; x_wconf 72' lang='lat' dir='ltr'><strong>sequatur</strong></span> <span class='ocrx_word' id='word_1_198' title='bbox 3461 1099 3706 1170; x_wconf 84' lang='lat' dir='ltr'><strong>Scriptu-</strong></span> 
     </span>
    </p>
   </div>
   <div class='ocr_carea' id='block_1_25' title="bbox 2121 1186 3706 1259">
    <p class='ocr_par' dir='ltr' id='par_1_25' title="bbox 2121 1186 3706 1259">
     <span class='ocr_line' id='line_1_25' title="bbox 2121 1186 3706 1259; baseline 0.009 -21"><span class='ocrx_word' id='word_1_199' title='bbox 2121 1197 2234 1246; x_wconf 87' lang='lat' dir='ltr'><strong>ras,</strong></span> <span class='ocrx_word' id='word_1_200' title='bbox 2267 1199 2334 1240; x_wconf 86' lang='lat' dir='ltr'><strong>ex</strong></span> <span class='ocrx_word' id='word_1_201' title='bbox 2361 1186 2522 1242; x_wconf 87' lang='lat' dir='ltr'><strong>dictis</strong></span> <span class='ocrx_word' id='word_1_202' title='bbox 2568 1197 2620 1242; x_wconf 91' lang='lat' dir='ltr'><strong>et</strong></span> <span class='ocrx_word' id='word_1_203' title='bbox 2654 1190 2925 1247; x_wconf 84' lang='lat' dir='ltr'><strong>similibus</strong></span> <span class='ocrx_word' id='word_1_204' title='bbox 2959 1207 3154 1248; x_wconf 87' lang='lat' dir='ltr'><strong>suasus</strong></span> <span class='ocrx_word' id='word_1_205' title='bbox 3178 1209 3210 1248; x_wconf 89' lang='lat' dir='ltr'><strong>a</strong></span> <span class='ocrx_word' id='word_1_206' title='bbox 3269 1194 3414 1248; x_wconf 87' lang='lat' dir='ltr'><strong>lucta</strong></span> <span class='ocrx_word' id='word_1_207' title='bbox 3453 1195 3706 1259; x_wconf 79' lang='lat' dir='ltr'><strong>desistet.</strong></span> 
     </span>
    </p>
   </div>
   <div class='ocr_carea' id='block_1_26' title="bbox 2119 1276 3708 1353">
    <p class='ocr_par' dir='ltr' id='par_1_26' title="bbox 2119 1276 3708 1353">
     <span class='ocr_line' id='line_1_26' title="bbox 2119 1276 3708 1353; baseline 0.006 -23"><span class='ocrx_word' id='word_1_208' title='bbox 2119 1291 2246 1330; x_wconf 90' lang='lat' dir='ltr'><strong>nam</strong></span> <span class='ocrx_word' id='word_1_209' title='bbox 2282 1276 2566 1348; x_wconf 87' lang='lat' dir='ltr'><strong>Scriptura</strong></span> <span class='ocrx_word' id='word_1_210' title='bbox 2589 1281 2768 1336; x_wconf 83' lang='lat' dir='ltr'><strong>divina</strong></span> <span class='ocrx_word' id='word_1_211' title='bbox 2789 1282 2984 1336; x_wconf 87' lang='lat' dir='ltr'><strong>talibus</strong></span> <span class='ocrx_word' id='word_1_212' title='bbox 3009 1283 3206 1338; x_wconf 83' lang='lat' dir='ltr'><strong>referta</strong></span> <span class='ocrx_word' id='word_1_213' title='bbox 3233 1293 3316 1338; x_wconf 87' lang='lat' dir='ltr'><strong>est</strong></span> <span class='ocrx_word' id='word_1_214' title='bbox 3351 1287 3708 1353; x_wconf 72' lang='lat' dir='ltr'><strong>argumentis.</strong></span> 
     </span>
    </p>
   </div>
   <div class='ocr_carea' id='block_1_27' title="bbox 2119 1363 3706 1446">
    <p class='ocr_par' dir='ltr' id='par_1_27' title="bbox 2119 1363 3706 1446">
     <span class='ocr_line' id='line_1_27' title="bbox 2119 1363 3706 1446; baseline 0.008 -26"><span class='ocrx_word' id='word_1_215' title='bbox 2119 1363 2362 1438; x_wconf 81' lang='lat' dir='ltr'><strong>insuper</strong></span> <span class='ocrx_word' id='word_1_216' title='bbox 2393 1385 2457 1424; x_wconf 81' lang='lat' dir='ltr'><strong>ex</strong></span> <span class='ocrx_word' id='word_1_217' title='bbox 2513 1371 2629 1441; x_wconf 90' lang='lat' dir='ltr'><strong>ipsa</strong></span> <span class='ocrx_word' id='word_1_218' title='bbox 2661 1375 2938 1429; x_wconf 78' lang='lat' dir='ltr'><strong>creatione</strong></span> <span class='ocrx_word' id='word_1_219' title='bbox 2981 1376 3331 1446; x_wconf 86' lang='lat' dir='ltr'><strong>humanaque</strong></span> <span class='ocrx_word' id='word_1_220' title='bbox 3361 1385 3558 1431; x_wconf 84' lang='lat' dir='ltr'><strong>natura</strong></span> <span class='ocrx_word' id='word_1_221' title='bbox 3607 1393 3706 1432; x_wconf 85' lang='lat' dir='ltr'><strong>co—</strong></span> 
     </span>
    </p>
   </div>
   <div class='ocr_carea' id='block_1_28' title="bbox 2117 1453 3707 1535">
    <p class='ocr_par' dir='ltr' id='par_1_28' title="bbox 2117 1453 3707 1535">
     <span class='ocr_line' id='line_1_28' title="bbox 2117 1453 3707 1535; baseline 0.008 -26"><span class='ocrx_word' id='word_1_222' title='bbox 2117 1467 2346 1528; x_wconf 85' lang='lat' dir='ltr'><strong>gnoscet</strong></span> <span class='ocrx_word' id='word_1_223' title='bbox 2403 1453 2709 1520; x_wconf 76' lang='lat' dir='ltr'><strong>veritatem.</strong></span> <span class='ocrx_word' id='word_1_224' title='bbox 2759 1463 2972 1535; x_wconf 83' lang='lat' dir='ltr'><strong>Quippe</strong></span> <span class='ocrx_word' id='word_1_225' title='bbox 3019 1467 3065 1522; x_wconf 87' lang='lat' dir='ltr'><strong>si</strong></span> <span class='ocrx_word' id='word_1_226' title='bbox 3107 1467 3249 1522; x_wconf 87' lang='lat' dir='ltr'><strong>Deus</strong></span> <span class='ocrx_word' id='word_1_227' title='bbox 3285 1475 3368 1523; x_wconf 81' lang='lat' dir='ltr'><strong>est</strong></span> <span class='ocrx_word' id='word_1_228' title='bbox 3423 1468 3707 1522; x_wconf 85' lang='lat' dir='ltr'><strong>universo-</strong></span> 
     </span>
    </p>
   </div>
   <div class='ocr_carea' id='block_1_29' title="bbox 2117 1549 3708 1634">
    <p class='ocr_par' dir='ltr' id='par_1_29' title="bbox 2117 1549 3708 1634">
     <span class='ocr_line' id='line_1_29' title="bbox 2117 1549 3708 1634; baseline 0.005 -32"><span class='ocrx_word' id='word_1_229' title='bbox 2117 1561 2240 1602; x_wconf 92' lang='lat' dir='ltr'><strong>rum</strong></span> <span class='ocrx_word' id='word_1_230' title='bbox 2275 1549 2550 1615; x_wconf 85' lang='lat' dir='ltr'><strong>conditor,</strong></span> <span class='ocrx_word' id='word_1_231' title='bbox 2603 1568 2776 1622; x_wconf 88' lang='lat' dir='ltr'><strong>quare</strong></span> <span class='ocrx_word' id='word_1_232' title='bbox 2823 1569 2952 1625; x_wconf 81' lang='lat' dir='ltr'><strong>ergo</strong></span> <span class='ocrx_word' id='word_1_233' title='bbox 3011 1555 3165 1634; x_wconf 71' lang='lat' dir='ltr'><strong>facta:</strong></span> <span class='ocrx_word' id='word_1_234' title='bbox 3217 1564 3348 1610; x_wconf 87' lang='lat' dir='ltr'><strong>sunt</strong></span> <span class='ocrx_word' id='word_1_235' title='bbox 3405 1557 3708 1610; x_wconf 73' lang='lat' dir='ltr'><strong>creatum?</strong></span> 
     </span>
    </p>
   </div>
   <div class='ocr_carea' id='block_1_30' title="bbox 2118 1635 3702 1716">
    <p class='ocr_par' dir='ltr' id='par_1_30' title="bbox 2118 1635 3702 1716">
     <span class='ocr_line' id='line_1_30' title="bbox 2118 1635 3702 1716; baseline 0.005 -25"><span class='ocrx_word' id='word_1_236' title='bbox 2118 1635 2340 1704; x_wconf 76' lang='lat' dir='ltr'><strong>Quare?</strong></span> <span class='ocrx_word' id='word_1_237' title='bbox 2371 1637 2444 1694; x_wconf 89' lang='lat' dir='ltr'><strong>Ut</strong></span> <span class='ocrx_word' id='word_1_238' title='bbox 2473 1641 2582 1696; x_wconf 86' lang='lat' dir='ltr'><strong>Deo</strong></span> <span class='ocrx_word' id='word_1_239' title='bbox 2619 1641 2908 1710; x_wconf 75' lang='lat' dir='ltr'><strong>fruantur;</strong></span> <span class='ocrx_word' id='word_1_240' title='bbox 2939 1645 3035 1700; x_wconf 82' lang='lat' dir='ltr'><strong>sed</strong></span> <span class='ocrx_word' id='word_1_241' title='bbox 3099 1661 3346 1716; x_wconf 67' lang='lat' dir='ltr'><strong>quaenam</strong></span> <span class='ocrx_word' id='word_1_242' title='bbox 3385 1646 3492 1700; x_wconf 90' lang='lat' dir='ltr'><strong>Deo</strong></span> <span class='ocrx_word' id='word_1_243' title='bbox 3515 1647 3702 1699; x_wconf 72' lang='lat' dir='ltr'><strong>fruen-</strong></span> 
     </span>
    </p>
   </div>
   <div class='ocr_carea' id='block_1_31' title="bbox 2117 1735 3702 1800">
    <p class='ocr_par' dir='ltr' id='par_1_31' title="bbox 2117 1735 3702 1800">
     <span class='ocr_line' id='line_1_31' title="bbox 2117 1735 3702 1800; baseline 0.006 -18"><span class='ocrx_word' id='word_1_244' title='bbox 2117 1735 2227 1792; x_wconf 88' lang='lat' dir='ltr'><strong>tur,</strong></span> <span class='ocrx_word' id='word_1_245' title='bbox 2263 1737 2318 1784; x_wconf 89' lang='lat' dir='ltr'><strong>et</strong></span> <span class='ocrx_word' id='word_1_246' title='bbox 2357 1738 2682 1800; x_wconf 87' lang='lat' dir='ltr'><strong>potestatem</strong></span> <span class='ocrx_word' id='word_1_247' title='bbox 2731 1735 3008 1792; x_wconf 84' lang='lat' dir='ltr'><strong>habebunt</strong></span> <span class='ocrx_word' id='word_1_248' title='bbox 3049 1737 3266 1794; x_wconf 82' lang='lat' dir='ltr'><strong>videndi</strong></span> <span class='ocrx_word' id='word_1_249' title='bbox 3325 1737 3537 1798; x_wconf 77' lang='lat' dir='ltr'><strong>Deum?</strong></span> <span class='ocrx_word' id='word_1_250' title='bbox 3595 1736 3702 1792; x_wconf 76' lang='lat' dir='ltr'><strong>Illae</strong></span> 
     </span>
    </p>
   </div>
   <div class='ocr_carea' id='block_1_32' title="bbox 2113 1823 3703 1898">
    <p class='ocr_par' dir='ltr' id='par_1_32' title="bbox 2113 1823 3703 1898">
     <span class='ocr_line' id='line_1_32' title="bbox 2113 1823 3703 1898; baseline 0.008 -25"><span class='ocrx_word' id='word_1_251' title='bbox 2113 1832 2238 1888; x_wconf 85' lang='lat' dir='ltr'><strong>quae</strong></span> <span class='ocrx_word' id='word_1_252' title='bbox 2271 1823 2484 1879; x_wconf 76' lang='lat' dir='ltr'><strong>ratione</strong></span> <span class='ocrx_word' id='word_1_253' title='bbox 2536 1838 2663 1880; x_wconf 88' lang='lat' dir='ltr'><strong>sunt</strong></span> <span class='ocrx_word' id='word_1_254' title='bbox 2691 1827 2950 1895; x_wconf 65' lang='lat' dir='ltr'><strong>praedita.</strong></span> <span class='ocrx_word' id='word_1_255' title='bbox 2987 1827 3122 1882; x_wconf 86' lang='lat' dir='ltr'><strong>Nam</strong></span> <span class='ocrx_word' id='word_1_256' title='bbox 3153 1843 3250 1898; x_wconf 87' lang='lat' dir='ltr'><strong>per</strong></span> <span class='ocrx_word' id='word_1_257' title='bbox 3284 1829 3551 1884; x_wconf 88' lang='lat' dir='ltr'><strong>rationem</strong></span> <span class='ocrx_word' id='word_1_258' title='bbox 3602 1845 3703 1885; x_wconf 91' lang='lat' dir='ltr'><strong>co-</strong></span> 
     </span>
    </p>
   </div>
   <div class='ocr_carea' id='block_1_33' title="bbox 2115 1907 3706 1990">
    <p class='ocr_par' dir='ltr' id='par_1_33' title="bbox 2115 1907 3706 1990">
     <span class='ocr_line' id='line_1_33' title="bbox 2115 1907 3706 1990; baseline 0.006 -28"><span class='ocrx_word' id='word_1_259' title='bbox 2115 1907 2324 1979; x_wconf 82' lang='lat' dir='ltr'><strong>gnitio;</strong></span> <span class='ocrx_word' id='word_1_260' title='bbox 2360 1911 2529 1981; x_wconf 84' lang='lat' dir='ltr'><strong>igitur</strong></span> <span class='ocrx_word' id='word_1_261' title='bbox 2561 1914 2610 1968; x_wconf 91' lang='lat' dir='ltr'><strong>si</strong></span> <span class='ocrx_word' id='word_1_262' title='bbox 2660 1930 2759 1984; x_wconf 87' lang='lat' dir='ltr'><strong>per</strong></span> <span class='ocrx_word' id='word_1_263' title='bbox 2788 1915 3074 1972; x_wconf 80' lang='lat' dir='ltr'><strong>facultates</strong></span> <span class='ocrx_word' id='word_1_264' title='bbox 3105 1919 3400 1974; x_wconf 83' lang='lat' dir='ltr'><strong>rationales</strong></span> <span class='ocrx_word' id='word_1_265' title='bbox 3431 1919 3487 1973; x_wconf 86' lang='lat' dir='ltr'><strong>fit</strong></span> <span class='ocrx_word' id='word_1_266' title='bbox 3519 1919 3706 1990; x_wconf 83' lang='lat' dir='ltr'><strong>cogni-</strong></span> 
     </span>
    </p>
   </div>
   <div class='ocr_carea' id='block_1_34' title="bbox 2114 2000 3704 2075">
    <p class='ocr_par' dir='ltr' id='par_1_34' title="bbox 2114 2000 3704 2075">
     <span class='ocr_line' id='line_1_34' title="bbox 2114 2000 3704 2075; baseline 0.009 -23"><span class='ocrx_word' id='word_1_267' title='bbox 2114 2000 2214 2066; x_wconf 88' lang='lat' dir='ltr'><strong>tio,</strong></span> <span class='ocrx_word' id='word_1_268' title='bbox 2245 2011 2454 2072; x_wconf 88' lang='lat' dir='ltr'><strong>quanto</strong></span> <span class='ocrx_word' id='word_1_269' title='bbox 2481 2005 2656 2075; x_wconf 83' lang='lat' dir='ltr'><strong>magis</strong></span> <span class='ocrx_word' id='word_1_270' title='bbox 2686 2006 2826 2062; x_wconf 87' lang='lat' dir='ltr'><strong>ratio</strong></span> <span class='ocrx_word' id='word_1_271' title='bbox 2849 2023 2942 2062; x_wconf 84' lang='lat' dir='ltr'><strong>seu</strong></span> <span class='ocrx_word' id='word_1_272' title='bbox 2983 2008 3222 2064; x_wconf 82' lang='lat' dir='ltr'><strong>Verbum</strong></span> <span class='ocrx_word' id='word_1_273' title='bbox 3263 2011 3316 2064; x_wconf 91' lang='lat' dir='ltr'><strong>in</strong></span> <span class='ocrx_word' id='word_1_274' title='bbox 3351 2003 3464 2064; x_wconf 86' lang='lat' dir='ltr'><strong>Deo</strong></span> <span class='ocrx_word' id='word_1_275' title='bbox 3487 2013 3605 2064; x_wconf 84' lang='lat' dir='ltr'><strong>est!</strong></span> <span class='ocrx_word' id='word_1_276' title='bbox 3649 2023 3704 2067; x_wconf 85' lang='lat' dir='ltr'><strong>et</strong></span> 
     </span>
    </p>
   </div>
   <div class='ocr_carea' id='block_1_35' title="bbox 2113 2084 3700 2165">
    <p class='ocr_par' dir='ltr' id='par_1_35' title="bbox 2113 2084 3700 2165">
     <span class='ocr_line' id='line_1_35' title="bbox 2113 2084 3700 2165; baseline 0.01 -27"><span class='ocrx_word' id='word_1_277' title='bbox 2113 2084 2162 2139; x_wconf 90' lang='lat' dir='ltr'><strong>si</strong></span> <span class='ocrx_word' id='word_1_278' title='bbox 2210 2087 2450 2144; x_wconf 90' lang='lat' dir='ltr'><strong>mundus</strong></span> <span class='ocrx_word' id='word_1_279' title='bbox 2490 2091 2729 2147; x_wconf 84' lang='lat' dir='ltr'><strong>visibilis</strong></span> <span class='ocrx_word' id='word_1_280' title='bbox 2779 2103 3000 2165; x_wconf 83' lang='lat' dir='ltr'><strong>propter</strong></span> <span class='ocrx_word' id='word_1_281' title='bbox 3055 2098 3354 2153; x_wconf 87' lang='lat' dir='ltr'><strong>rationales</strong></span> <span class='ocrx_word' id='word_1_282' title='bbox 3416 2109 3700 2154; x_wconf 81' lang='lat' dir='ltr'><strong>creaturas</strong></span> 
     </span>
    </p>
   </div>
   <div class='ocr_carea' id='block_1_36' title="bbox 423 2173 1993 2286">
    <p class='ocr_par' dir='ltr' id='par_1_36' title="bbox 423 2173 1993 2286">
     <span class='ocr_line' id='line_1_36' title="bbox 423 2173 1993 2286; baseline 0.011 -34"><span class='ocrx_word' id='word_1_283' title='bbox 423 2173 526 2256; x_wconf 60' lang='grc' dir='ltr'><strong>κει</strong></span> <span class='ocrx_word' id='word_1_284' title='bbox 555 2206 754 2272; x_wconf 84' lang='grc' dir='ltr'><strong>μᾶλλον</strong></span> <span class='ocrx_word' id='word_1_285' title='bbox 781 2208 808 2260; x_wconf 88' lang='grc' dir='ltr'><strong>ό</strong></span> <span class='ocrx_word' id='word_1_286' title='bbox 837 2173 1014 2276; x_wconf 72' lang='grc' dir='ltr'><strong>Λόγος</strong></span> <span class='ocrx_word' id='word_1_287' title='bbox 1046 2173 1202 2264; x_wconf 63' lang='grc' dir='ltr'><strong>εὲται</strong></span> <span class='ocrx_word' id='word_1_288' title='bbox 1229 2214 1288 2265; x_wconf 75' lang='grc' dir='ltr'><strong>ὲν</strong></span> <span class='ocrx_word' id='word_1_289' title='bbox 1325 2213 1404 2282; x_wconf 79' lang='grc' dir='ltr'><strong>τῷ</strong></span> <span class='ocrx_word' id='word_1_290' title='bbox 1435 2214 1590 2284; x_wconf 78' lang='grc' dir='ltr'><strong>θεῷ·</strong></span> <span class='ocrx_word' id='word_1_291' title='bbox 1630 2173 1724 2267; x_wconf 54' lang='lat' dir='ltr'><strong>is</strong></span> <span class='ocrx_word' id='word_1_292' title='bbox 1755 2173 1920 2268; x_wconf 71' lang='grc' dir='ltr'><strong>έιτιτδν</strong></span> <span class='ocrx_word' id='word_1_293' title='bbox 1942 2173 1993 2286; x_wconf 43' lang='lat' dir='ltr'><strong>ﬁt</strong></span> 
     </span>
    </p>
   </div>
   <div class='ocr_carea' id='block_1_37' title="bbox 2094 2173 3695 2286">
    <p class='ocr_par' dir='ltr' id='par_1_37' title="bbox 2117 2173 3695 2259">
     <span class='ocr_line' id='line_1_37' title="bbox 2117 2173 3695 2259; baseline 0.011 -31"><span class='ocrx_word' id='word_1_294' title='bbox 2117 2173 2294 2232; x_wconf 89' lang='lat' dir='ltr'><strong>factus</strong></span> <span class='ocrx_word' id='word_1_295' title='bbox 2335 2187 2437 2242; x_wconf 87' lang='lat' dir='ltr'><strong>est,</strong></span> <span class='ocrx_word' id='word_1_296' title='bbox 2474 2179 2642 2251; x_wconf 88' lang='lat' dir='ltr'><strong>igitur</strong></span> <span class='ocrx_word' id='word_1_297' title='bbox 2667 2193 2892 2254; x_wconf 86' lang='lat' dir='ltr'><strong>propter</strong></span> <span class='ocrx_word' id='word_1_298' title='bbox 2928 2187 3192 2242; x_wconf 81' lang='lat' dir='ltr'><strong>rationem</strong></span> <span class='ocrx_word' id='word_1_299' title='bbox 3221 2198 3276 2244; x_wconf 88' lang='lat' dir='ltr'><strong>et</strong></span> <span class='ocrx_word' id='word_1_300' title='bbox 3305 2206 3400 2259; x_wconf 88' lang='lat' dir='ltr'><strong>per</strong></span> <span class='ocrx_word' id='word_1_301' title='bbox 3431 2191 3695 2244; x_wconf 86' lang='lat' dir='ltr'><strong>rationem</strong></span> 
     </span>
    </p>
   </div>
   <div class='ocr_carea' id='block_1_38' title="bbox 421 2297 2006 2372">
    <p class='ocr_par' dir='ltr' id='par_1_38' title="bbox 421 2297 2006 2372">
     <span class='ocr_line' id='line_1_38' title="bbox 421 2297 2006 2372; baseline 0.009 -24"><span class='ocrx_word' id='word_1_302' title='bbox 421 2297 652 2367; x_wconf 82' lang='grc' dir='ltr'><strong>θεωρῶν</strong></span> <span class='ocrx_word' id='word_1_303' title='bbox 693 2301 721 2350; x_wconf 90' lang='lat'><strong>6</strong></span> <span class='ocrx_word' id='word_1_304' title='bbox 758 2301 947 2370; x_wconf 79' lang='grc' dir='ltr'><strong>Πατὴρ</strong></span> <span class='ocrx_word' id='word_1_305' title='bbox 993 2303 1101 2372; x_wconf 64' lang='grc' dir='ltr'><strong>πρὸ</strong></span> <span class='ocrx_word' id='word_1_306' title='bbox 1135 2303 1232 2358; x_wconf 75' lang='grc' dir='ltr'><strong>τοῦ</strong></span> <span class='ocrx_word' id='word_1_307' title='bbox 1269 2307 1530 2372; x_wconf 79' lang='grc' dir='ltr'><strong>γενέσθαι</strong></span> <span class='ocrx_word' id='word_1_308' title='bbox 1569 2307 1636 2361; x_wconf 82' lang='grc' dir='ltr'><strong>τὰ</strong></span> <span class='ocrx_word' id='word_1_309' title='bbox 1687 2307 1868 2362; x_wconf 78' lang='grc' dir='ltr'><strong>πάντα</strong></span> <span class='ocrx_word' id='word_1_310' title='bbox 1926 2309 2006 2372; x_wconf 81' lang='grc' dir='ltr'><strong>ὡς</strong></span> 
     </span>
    </p>
   </div>
   <div class='ocr_carea' id='block_1_39' title="bbox 419 2391 2006 2472">
    <p class='ocr_par' dir='ltr' id='par_1_39' title="bbox 419 2391 2006 2472">
     <span class='ocr_line' id='line_1_39' title="bbox 419 2391 2006 2472; baseline 0.01 -32"><span class='ocrx_word' id='word_1_311' title='bbox 419 2391 610 2444; x_wconf 83' lang='grc' dir='ltr'><strong>εἰκόνα</strong></span> <span class='ocrx_word' id='word_1_312' title='bbox 633 2392 814 2456; x_wconf 81' lang='grc' dir='ltr'><strong>ζῶσαν</strong></span> <span class='ocrx_word' id='word_1_313' title='bbox 845 2394 1035 2460; x_wconf 78' lang='grc' dir='ltr'><strong>αὐτοῦ,</strong></span> <span class='ocrx_word' id='word_1_314' title='bbox 1084 2399 1179 2450; x_wconf 71' lang='grc' dir='ltr'><strong>καὶ</strong></span> <span class='ocrx_word' id='word_1_315' title='bbox 1227 2401 1557 2469; x_wconf 75' lang='grc' dir='ltr'><strong>χαρακτῆρα</strong></span> <span class='ocrx_word' id='word_1_316' title='bbox 1589 2401 1869 2472; x_wconf 80' lang='grc' dir='ltr'><strong>ἀκίνητον,</strong></span> <span class='ocrx_word' id='word_1_317' title='bbox 1912 2417 2006 2455; x_wconf 85' lang='grc' dir='ltr'><strong>σο·</strong></span> 
     </span>
    </p>
   </div>
   <div class='ocr_carea' id='block_1_40' title="bbox 421 2475 2001 2564">
    <p class='ocr_par' dir='ltr' id='par_1_40' title="bbox 421 2475 2001 2564">
     <span class='ocr_line' id='line_1_40' title="bbox 421 2475 2001 2564; baseline 0.009 -31"><span class='ocrx_word' id='word_1_318' title='bbox 421 2483 557 2547; x_wconf 69' lang='grc' dir='ltr'><strong>φίαν</strong></span> <span class='ocrx_word' id='word_1_319' title='bbox 609 2501 666 2536; x_wconf 86' lang='grc' dir='ltr'><strong>τε</strong></span> <span class='ocrx_word' id='word_1_320' title='bbox 699 2487 792 2538; x_wconf 73' lang='grc' dir='ltr'><strong>καὶ</strong></span> <span class='ocrx_word' id='word_1_321' title='bbox 837 2475 1201 2558; x_wconf 79' lang='grc' dir='ltr'><strong>ἀπαύγασμα,</strong></span> <span class='ocrx_word' id='word_1_322' title='bbox 1245 2493 1340 2544; x_wconf 74' lang='grc' dir='ltr'><strong>καὶ</strong></span> <span class='ocrx_word' id='word_1_323' title='bbox 1397 2493 1572 2558; x_wconf 83' lang='grc' dir='ltr'><strong>Λόγον</strong></span> <span class='ocrx_word' id='word_1_324' title='bbox 1601 2493 1699 2546; x_wconf 71' lang='grc' dir='ltr'><strong>καὶ</strong></span> <span class='ocrx_word' id='word_1_325' title='bbox 1745 2495 2001 2564; x_wconf 81' lang='grc' dir='ltr'><strong>δύναμιν,</strong></span> 
     </span>
    </p>
   </div>
   <div class='ocr_carea' id='block_1_41' title="bbox 417 2576 2002 2656">
    <p class='ocr_par' dir='ltr' id='par_1_41' title="bbox 417 2576 2002 2656">
     <span class='ocr_line' id='line_1_41' title="bbox 417 2576 2002 2656; baseline 0.009 -30"><span class='ocrx_word' id='word_1_326' title='bbox 417 2576 520 2628; x_wconf 68' lang='grc' dir='ltr'><strong>καὶ</strong></span> <span class='ocrx_word' id='word_1_327' title='bbox 551 2577 840 2645; x_wconf 72' lang='grc' dir='ltr'><strong>ἀγαπητὸν</strong></span> <span class='ocrx_word' id='word_1_328' title='bbox 893 2579 1045 2644; x_wconf 85' lang='grc' dir='ltr'><strong>Υίὸν,</strong></span> <span class='ocrx_word' id='word_1_329' title='bbox 1079 2583 1174 2634; x_wconf 78' lang='grc' dir='ltr'><strong>καὶ</strong></span> <span class='ocrx_word' id='word_1_330' title='bbox 1209 2583 1270 2634; x_wconf 77' lang='grc' dir='ltr'><strong>τὸ</strong></span> <span class='ocrx_word' id='word_1_331' title='bbox 1323 2586 1592 2651; x_wconf 76' lang='grc' dir='ltr'><strong>πανάγιον</strong></span> <span class='ocrx_word' id='word_1_332' title='bbox 1643 2583 1888 2656; x_wconf 82' lang='grc' dir='ltr'><strong>Πνεῦμα,</strong></span> <span class='ocrx_word' id='word_1_333' title='bbox 1925 2587 2002 2651; x_wconf 82' lang='grc' dir='ltr'><strong>ὡς</strong></span> 
     </span>
    </p>
   </div>
   <div class='ocr_carea' id='block_1_42' title="bbox 415 2667 2000 2748">
    <p class='ocr_par' dir='ltr' id='par_1_42' title="bbox 415 2667 2000 2748">
     <span class='ocr_line' id='line_1_42' title="bbox 415 2667 2000 2748; baseline 0.009 -29"><span class='ocrx_word' id='word_1_334' title='bbox 415 2667 718 2737; x_wconf 74' lang='grc' dir='ltr'><strong>ἁγιασμόν,</strong></span> <span class='ocrx_word' id='word_1_335' title='bbox 751 2668 827 2730; x_wconf 73' lang='grc' dir='ltr'><strong>ὡς</strong></span> <span class='ocrx_word' id='word_1_336' title='bbox 857 2673 1046 2742; x_wconf 77' lang='grc' dir='ltr'><strong>πηγὴν</strong></span> <span class='ocrx_word' id='word_1_337' title='bbox 1076 2675 1322 2745; x_wconf 78' lang='grc' dir='ltr'><strong>ἀγάπης,</strong></span> <span class='ocrx_word' id='word_1_338' title='bbox 1355 2676 1429 2738; x_wconf 84' lang='grc' dir='ltr'><strong>ὡς</strong></span> <span class='ocrx_word' id='word_1_339' title='bbox 1458 2677 1607 2748; x_wconf 76' lang='grc' dir='ltr'><strong>ζωὴν</strong></span> <span class='ocrx_word' id='word_1_340' title='bbox 1636 2679 1698 2730; x_wconf 73' lang='grc' dir='ltr'><strong>ἐκ</strong></span> <span class='ocrx_word' id='word_1_341' title='bbox 1722 2678 1891 2748; x_wconf 79' lang='grc' dir='ltr'><strong>ζωῆς,</strong></span> <span class='ocrx_word' id='word_1_342' title='bbox 1921 2681 2000 2743; x_wconf 85' lang='grc' dir='ltr'><strong>ὡς</strong></span> 
     </span>
    </p>
   </div>
   <div class='ocr_carea' id='block_1_43' title="bbox 415 2757 2000 2840">
    <p class='ocr_par' dir='ltr' id='par_1_43' title="bbox 415 2757 2000 2840">
     <span class='ocr_line' id='line_1_43' title="bbox 415 2757 2000 2840; baseline 0.011 -31"><span class='ocrx_word' id='word_1_343' title='bbox 415 2757 712 2823; x_wconf 76' lang='grc' dir='ltr'><strong>ζωοποιδν,</strong></span> <span class='ocrx_word' id='word_1_344' title='bbox 735 2761 813 2815; x_wconf 71' lang='grc' dir='ltr'><strong>ὡς</strong></span> <span class='ocrx_word' id='word_1_345' title='bbox 837 2763 1123 2834; x_wconf 76' lang='grc' dir='ltr'><strong>θησαυρὸν</strong></span> <span class='ocrx_word' id='word_1_346' title='bbox 1151 2767 1510 2840; x_wconf 76' lang='grc' dir='ltr'><strong>ἀγαθότητος.</strong></span> <span class='ocrx_word' id='word_1_347' title='bbox 1537 2774 1649 2826; x_wconf 79' lang='grc' dir='ltr'><strong>Καὶ</strong></span> <span class='ocrx_word' id='word_1_348' title='bbox 1671 2771 1834 2828; x_wconf 76' lang='grc' dir='ltr'><strong>τοῦτό</strong></span> <span class='ocrx_word' id='word_1_349' title='bbox 1849 2777 2000 2829; x_wconf 74' lang='grc' dir='ltr'><strong>ἐστιν</strong></span> 
     </span>
    </p>
   </div>
   <div class='ocr_carea' id='block_1_44' title="bbox 409 2851 2000 2929">
    <p class='ocr_par' dir='ltr' id='par_1_44' title="bbox 409 2851 2000 2929">
     <span class='ocr_line' id='line_1_44' title="bbox 409 2851 2000 2929; baseline 0.013 -26"><span class='ocrx_word' id='word_1_350' title='bbox 409 2851 557 2920; x_wconf 79' lang='grc' dir='ltr'><strong>ὅπερ</strong></span> <span class='ocrx_word' id='word_1_351' title='bbox 587 2852 616 2903; x_wconf 88' lang='lat'><strong>6</strong></span> <span class='ocrx_word' id='word_1_352' title='bbox 652 2853 916 2922; x_wconf 78' lang='grc' dir='ltr'><strong>Θεολόγος</strong></span> <span class='ocrx_word' id='word_1_353' title='bbox 955 2859 1124 2928; x_wconf 78' lang='grc' dir='ltr'><strong>φησὶν</strong></span> <span class='ocrx_word' id='word_1_354' title='bbox 1161 2860 1488 2929; x_wconf 85' lang='grc' dir='ltr'><strong>Γρηγόριος,</strong></span> <span class='ocrx_word' id='word_1_355' title='bbox 1517 2863 1578 2918; x_wconf 76' lang='grc' dir='ltr'><strong>τὸ</strong></span> <span class='ocrx_word' id='word_1_356' title='bbox 1624 2866 1716 2918; x_wconf 84' lang='grc' dir='ltr'><strong>τδν</strong></span> <span class='ocrx_word' id='word_1_357' title='bbox 1746 2867 1882 2922; x_wconf 75' lang='grc' dir='ltr'><strong>Θεὸν</strong></span> <span class='ocrx_word' id='word_1_358' title='bbox 1912 2885 2000 2922; x_wconf 74' lang='grc' dir='ltr'><strong>κιε-</strong></span> 
     </span>
    </p>
   </div>
   <div class='ocr_carea' id='block_1_45' title="bbox 407 2942 1998 3026">
    <p class='ocr_par' dir='ltr' id='par_1_45' title="bbox 407 2942 1998 3026">
     <span class='ocr_line' id='line_1_45' title="bbox 407 2942 1998 3026; baseline 0.013 -32"><span class='ocrx_word' id='word_1_359' title='bbox 407 2942 630 2998; x_wconf 82' lang='grc' dir='ltr'><strong>νεῖσθαι</strong></span> <span class='ocrx_word' id='word_1_360' title='bbox 661 2949 724 3014; x_wconf 81' lang='grc' dir='ltr'><strong>τῇ</strong></span> <span class='ocrx_word' id='word_1_361' title='bbox 759 2949 960 3002; x_wconf 76' lang='grc' dir='ltr'><strong>ἑαυτοῦ</strong></span> <span class='ocrx_word' id='word_1_362' title='bbox 990 2949 1222 3020; x_wconf 67' lang='grc' dir='ltr'><strong>θεωρίᾳ.</strong></span> <span class='ocrx_word' id='word_1_363' title='bbox 1274 2955 1378 3006; x_wconf 77' lang='grc' dir='ltr'><strong>Καὶ</strong></span> <span class='ocrx_word' id='word_1_364' title='bbox 1409 2956 1459 3007; x_wconf 80' lang='grc' dir='ltr'><strong>εἰ</strong></span> <span class='ocrx_word' id='word_1_365' title='bbox 1483 2955 1552 3010; x_wconf 78' lang='grc' dir='ltr'><strong>τὰ</strong></span> <span class='ocrx_word' id='word_1_366' title='bbox 1597 2957 1873 3026; x_wconf 83' lang='grc' dir='ltr'><strong>κτίσματα</strong></span> <span class='ocrx_word' id='word_1_367' title='bbox 1912 2962 1998 3015; x_wconf 86' lang='grc' dir='ltr'><strong>λό-</strong></span> 
     </span>
    </p>
   </div>
   <div class='ocr_carea' id='block_1_46' title="bbox 407 3035 1998 3119">
    <p class='ocr_par' dir='ltr' id='par_1_46' title="bbox 407 3035 1998 3119">
     <span class='ocr_line' id='line_1_46' title="bbox 407 3035 1998 3119; baseline 0.014 -35"><span class='ocrx_word' id='word_1_368' title='bbox 407 3050 520 3098; x_wconf 84' lang='grc' dir='ltr'><strong>γου</strong></span> <span class='ocrx_word' id='word_1_369' title='bbox 551 3035 796 3107; x_wconf 76' lang='grc' dir='ltr'><strong>μετέχει,</strong></span> <span class='ocrx_word' id='word_1_370' title='bbox 833 3039 920 3092; x_wconf 75' lang='grc' dir='ltr'><strong>ἵνα</strong></span> <span class='ocrx_word' id='word_1_371' title='bbox 957 3042 1206 3113; x_wconf 82' lang='grc' dir='ltr'><strong>γινώσκῃ</strong></span> <span class='ocrx_word' id='word_1_372' title='bbox 1235 3043 1394 3110; x_wconf 66' lang='grc' dir='ltr'><strong>Θεὸν,</strong></span> <span class='ocrx_word' id='word_1_373' title='bbox 1429 3047 1612 3116; x_wconf 74' lang='grc' dir='ltr'><strong>πολλῷ</strong></span> <span class='ocrx_word' id='word_1_374' title='bbox 1657 3051 1862 3119; x_wconf 80' lang='grc' dir='ltr'><strong>μᾶλλον</strong></span> <span class='ocrx_word' id='word_1_375' title='bbox 1893 3053 1998 3106; x_wconf 88' lang='grc' dir='ltr'><strong>Λό-</strong></span> 
     </span>
    </p>
   </div>
   <div class='ocr_carea' id='block_1_47' title="bbox 403 3125 1996 3217">
    <p class='ocr_par' dir='ltr' id='par_1_47' title="bbox 403 3125 1996 3217">
     <span class='ocr_line' id='line_1_47' title="bbox 403 3125 1996 3217; baseline 0.014 -39"><span class='ocrx_word' id='word_1_376' title='bbox 403 3142 510 3190; x_wconf 81' lang='grc' dir='ltr'><strong>γος</strong></span> <span class='ocrx_word' id='word_1_377' title='bbox 535 3125 692 3182; x_wconf 77' lang='grc' dir='ltr'><strong>ἔσται</strong></span> <span class='ocrx_word' id='word_1_378' title='bbox 739 3133 798 3184; x_wconf 80' lang='grc' dir='ltr'><strong>ὲν</strong></span> <span class='ocrx_word' id='word_1_379' title='bbox 831 3133 910 3201; x_wconf 83' lang='grc' dir='ltr'><strong>τῷ</strong></span> <span class='ocrx_word' id='word_1_380' title='bbox 941 3133 1082 3204; x_wconf 83' lang='grc' dir='ltr'><strong>Θεῷ,</strong></span> <span class='ocrx_word' id='word_1_381' title='bbox 1121 3137 1182 3188; x_wconf 86' lang='grc' dir='ltr'><strong>ὲν</strong></span> <span class='ocrx_word' id='word_1_382' title='bbox 1207 3130 1252 3204; x_wconf 82' lang='grc' dir='ltr'><strong>ᾧ</strong></span> <span class='ocrx_word' id='word_1_383' title='bbox 1287 3141 1384 3190; x_wconf 64' lang='grc' dir='ltr'><strong>καὶ</strong></span> <span class='ocrx_word' id='word_1_384' title='bbox 1429 3139 1498 3192; x_wconf 84' lang='grc' dir='ltr'><strong>δι’</strong></span> <span class='ocrx_word' id='word_1_385' title='bbox 1529 3135 1590 3194; x_wconf 69' lang='grc' dir='ltr'><strong>οὗ</strong></span> <span class='ocrx_word' id='word_1_386' title='bbox 1618 3145 1712 3196; x_wconf 79' lang='grc' dir='ltr'><strong>καὶ</strong></span> <span class='ocrx_word' id='word_1_387' title='bbox 1767 3145 1875 3217; x_wconf 74' lang='grc' dir='ltr'><strong>πρὸ</strong></span> <span class='ocrx_word' id='word_1_388' title='bbox 1899 3145 1996 3201; x_wconf 82' lang='grc' dir='ltr'><strong>τοῦ</strong></span> 
     </span>
    </p>
   </div>
   <div class='ocr_carea' id='block_1_48' title="bbox 400 3219 1994 3307">
    <p class='ocr_par' dir='ltr' id='par_1_48' title="bbox 400 3219 1994 3307">
     <span class='ocr_line' id='line_1_48' title="bbox 400 3219 1994 3307; baseline 0.015 -38"><span class='ocrx_word' id='word_1_389' title='bbox 400 3219 670 3286; x_wconf 77' lang='grc' dir='ltr'><strong>γενέσθαι</strong></span> <span class='ocrx_word' id='word_1_390' title='bbox 700 3223 766 3275; x_wconf 84' lang='grc' dir='ltr'><strong>τὰ</strong></span> <span class='ocrx_word' id='word_1_391' title='bbox 799 3225 979 3278; x_wconf 79' lang='grc' dir='ltr'><strong>πάντα</strong></span> <span class='ocrx_word' id='word_1_392' title='bbox 1035 3224 1168 3283; x_wconf 75' lang='grc' dir='ltr'><strong>οἵδε.</strong></span> <span class='ocrx_word' id='word_1_393' title='bbox 1205 3231 1318 3283; x_wconf 74' lang='grc' dir='ltr'><strong>Καὶ</strong></span> <span class='ocrx_word' id='word_1_394' title='bbox 1342 3234 1388 3284; x_wconf 83' lang='grc' dir='ltr'><strong>εί</strong></span> <span class='ocrx_word' id='word_1_395' title='bbox 1427 3235 1571 3286; x_wconf 80' lang='grc' dir='ltr'><strong>κατὰ</strong></span> <span class='ocrx_word' id='word_1_396' title='bbox 1599 3234 1757 3303; x_wconf 85' lang='grc' dir='ltr'><strong>λόγον</strong></span> <span class='ocrx_word' id='word_1_397' title='bbox 1785 3237 1818 3307; x_wconf 82' lang='grc' dir='ltr'>ή</span> <span class='ocrx_word' id='word_1_398' title='bbox 1871 3237 1994 3292; x_wconf 84' lang='grc' dir='ltr'><strong>κτί-</strong></span> 
     </span>
    </p>
   </div>
   <div class='ocr_carea' id='block_1_49' title="bbox 403 3314 1993 3398">
    <p class='ocr_par' dir='ltr' id='par_1_49' title="bbox 403 3314 1993 3398">
     <span class='ocr_line' id='line_1_49' title="bbox 403 3314 1993 3398; baseline 0.014 -35"><span class='ocrx_word' id='word_1_399' title='bbox 403 3329 500 3376; x_wconf 74' lang='grc' dir='ltr'><strong>σις</strong></span> <span class='ocrx_word' id='word_1_400' title='bbox 529 3314 774 3381; x_wconf 72' lang='grc' dir='ltr'><strong>γέγονεν,</strong></span> <span class='ocrx_word' id='word_1_401' title='bbox 805 3317 838 3387; x_wconf 78' lang='grc' dir='ltr'><strong>ή</strong></span> <span class='ocrx_word' id='word_1_402' title='bbox 871 3319 972 3387; x_wconf 66' lang='grc' dir='ltr'><strong>μιν</strong></span> <span class='ocrx_word' id='word_1_403' title='bbox 993 3319 1210 3391; x_wconf 63' lang='grc' dir='ltr'><strong>λογικῆς</strong></span> <span class='ocrx_word' id='word_1_404' title='bbox 1248 3323 1281 3391; x_wconf 72' lang='grc' dir='ltr'><strong>ἡ</strong></span> <span class='ocrx_word' id='word_1_405' title='bbox 1309 3323 1370 3376; x_wconf 77' lang='grc' dir='ltr'><strong>δὲ</strong></span> <span class='ocrx_word' id='word_1_406' title='bbox 1421 3327 1504 3389; x_wconf 78' lang='grc' dir='ltr'><strong>εἰς</strong></span> <span class='ocrx_word' id='word_1_407' title='bbox 1536 3327 1848 3398; x_wconf 78' lang='grc' dir='ltr'><strong>ὑπηρεσίαν</strong></span> <span class='ocrx_word' id='word_1_408' title='bbox 1883 3327 1993 3386; x_wconf 86' lang='grc' dir='ltr'><strong>τῶν</strong></span> 
     </span>
    </p>
   </div>
   <div class='ocr_carea' id='block_1_50' title="bbox 394 3405 1994 3490">
    <p class='ocr_par' dir='ltr' id='par_1_50' title="bbox 394 3405 1994 3490">
     <span class='ocr_line' id='line_1_50' title="bbox 394 3405 1994 3490; baseline 0.011 -30"><span class='ocrx_word' id='word_1_409' title='bbox 394 3405 804 3482; x_wconf 76' lang='grc' dir='ltr'><strong>λογικῶν,’ἆρα</strong></span> <span class='ocrx_word' id='word_1_410' title='bbox 827 3415 926 3466; x_wconf 81' lang='grc' dir='ltr'><strong>καὶ</strong></span> <span class='ocrx_word' id='word_1_411' title='bbox 958 3415 1133 3484; x_wconf 83' lang='grc' dir='ltr'><strong>Λόγος</strong></span> <span class='ocrx_word' id='word_1_412' title='bbox 1177 3418 1238 3469; x_wconf 82' lang='grc' dir='ltr'><strong>ἐν</strong></span> <span class='ocrx_word' id='word_1_413' title='bbox 1263 3419 1340 3486; x_wconf 84' lang='grc' dir='ltr'><strong>τῷ</strong></span> <span class='ocrx_word' id='word_1_414' title='bbox 1369 3419 1512 3490; x_wconf 84' lang='grc' dir='ltr'><strong>Θεῷ.</strong></span> <span class='ocrx_word' id='word_1_415' title='bbox 1552 3421 1658 3475; x_wconf 84' lang='lat' dir='ltr'><strong>Kal</strong></span> <span class='ocrx_word' id='word_1_416' title='bbox 1722 3423 1772 3476; x_wconf 82' lang='grc' dir='ltr'><strong>εί</strong></span> <span class='ocrx_word' id='word_1_417' title='bbox 1805 3423 1873 3478; x_wconf 78' lang='grc' dir='ltr'><strong>τὰ</strong></span> <span class='ocrx_word' id='word_1_418' title='bbox 1903 3425 1994 3477; x_wconf 87' lang='grc' dir='ltr'><strong>λο-</strong></span> 
     </span>
    </p>
   </div>
   <div class='ocr_carea' id='block_1_51' title="bbox 395 3501 1990 3587">
    <p class='ocr_par' dir='ltr' id='par_1_51' title="bbox 395 3501 1990 3587">
     <span class='ocr_line' id='line_1_51' title="bbox 395 3501 1990 3587; baseline 0.011 -35"><span class='ocrx_word' id='word_1_419' title='bbox 395 3501 546 3567; x_wconf 76' lang='grc' dir='ltr'><strong>γικὰ</strong></span> <span class='ocrx_word' id='word_1_420' title='bbox 580 3505 692 3556; x_wconf 77' lang='grc' dir='ltr'><strong>νοεῖ</strong></span> <span class='ocrx_word' id='word_1_421' title='bbox 719 3505 815 3556; x_wconf 73' lang='grc' dir='ltr'><strong>καὶ</strong></span> <span class='ocrx_word' id='word_1_422' title='bbox 847 3507 1274 3571; x_wconf 65' lang='grc' dir='ltr'><strong>τὸαὺτηεξούσιον</strong></span> <span class='ocrx_word' id='word_1_423' title='bbox 1301 3509 1414 3579; x_wconf 74' lang='grc' dir='ltr'><strong>ἔχει</strong></span> <span class='ocrx_word' id='word_1_424' title='bbox 1448 3513 1543 3565; x_wconf 67' lang='grc' dir='ltr'><strong>καὶ</strong></span> <span class='ocrx_word' id='word_1_425' title='bbox 1574 3514 1660 3566; x_wconf 77' lang='grc' dir='ltr'><strong>ἀεὶ</strong></span> <span class='ocrx_word' id='word_1_426' title='bbox 1692 3513 1784 3585; x_wconf 77' lang='grc' dir='ltr'><strong>ζῇ,</strong></span> <span class='ocrx_word' id='word_1_427' title='bbox 1807 3513 1990 3587; x_wconf 82' lang='grc' dir='ltr'><strong>πολλῷ</strong></span> 
     </span>
    </p>
   </div>
   <div class='ocr_carea' id='block_1_52' title="bbox 397 3589 1988 3677">
    <p class='ocr_par' dir='ltr' id='par_1_52' title="bbox 397 3589 1988 3677">
     <span class='ocr_line' id='line_1_52' title="bbox 397 3589 1988 3677; baseline 0.011 -33"><span class='ocrx_word' id='word_1_428' title='bbox 397 3611 474 3660; x_wconf 79' lang='grc' dir='ltr'><strong>γε</strong></span> <span class='ocrx_word' id='word_1_429' title='bbox 510 3595 716 3661; x_wconf 81' lang='grc' dir='ltr'><strong>μᾶλλον</strong></span> <span class='ocrx_word' id='word_1_430' title='bbox 753 3599 781 3649; x_wconf 90' lang='lat'><strong>6</strong></span> <span class='ocrx_word' id='word_1_431' title='bbox 811 3599 990 3652; x_wconf 83' lang='grc' dir='ltr'><strong>ταῦτα</strong></span> <span class='ocrx_word' id='word_1_432' title='bbox 1041 3604 1280 3672; x_wconf 73' lang='grc' dir='ltr'><strong>ποιήσας</strong></span> <span class='ocrx_word' id='word_1_433' title='bbox 1331 3603 1530 3671; x_wconf 77' lang='grc' dir='ltr'><strong>λογικὰ</strong></span> <span class='ocrx_word' id='word_1_434' title='bbox 1565 3603 1722 3674; x_wconf 86' lang='grc' dir='ltr'><strong>λόγον</strong></span> <span class='ocrx_word' id='word_1_435' title='bbox 1754 3589 1867 3677; x_wconf 77' lang='grc' dir='ltr'><strong>ἔχει</strong></span> <span class='ocrx_word' id='word_1_436' title='bbox 1901 3609 1988 3662; x_wconf 79' lang='grc' dir='ltr'><strong>ἀεὶ</strong></span> 
     </span>
    </p>
   </div>
   <div class='ocr_carea' id='block_1_53' title="bbox 391 3685 1989 3769">
    <p class='ocr_par' dir='ltr' id='par_1_53' title="bbox 391 3685 1989 3769">
     <span class='ocr_line' id='line_1_53' title="bbox 391 3685 1989 3769; baseline 0.01 -32"><span class='ocrx_word' id='word_1_437' title='bbox 391 3689 462 3737; x_wconf 73' lang='grc' dir='ltr'><strong>ἓν</strong></span> <span class='ocrx_word' id='word_1_438' title='bbox 495 3687 702 3755; x_wconf 73' lang='grc' dir='ltr'><strong>ἑαυτῷ·</strong></span> <span class='ocrx_word' id='word_1_439' title='bbox 771 3689 974 3757; x_wconf 72' lang='grc' dir='ltr'><strong>μᾶλλον</strong></span> <span class='ocrx_word' id='word_1_440' title='bbox 1019 3685 1076 3744; x_wconf 78' lang='grc' dir='ltr'><strong>δὲ</strong></span> <span class='ocrx_word' id='word_1_441' title='bbox 1127 3693 1216 3746; x_wconf 77' lang='grc' dir='ltr'><strong>διὰ</strong></span> <span class='ocrx_word' id='word_1_442' title='bbox 1249 3693 1408 3750; x_wconf 77' lang='grc' dir='ltr'><strong>τοῦτο</strong></span> <span class='ocrx_word' id='word_1_443' title='bbox 1445 3697 1543 3749; x_wconf 71' lang='grc' dir='ltr'><strong>καὶ</strong></span> <span class='ocrx_word' id='word_1_444' title='bbox 1581 3697 1861 3769; x_wconf 81' lang='grc' dir='ltr'><strong>κτίσματα</strong></span> <span class='ocrx_word' id='word_1_445' title='bbox 1900 3702 1989 3752; x_wconf 90' lang='grc' dir='ltr'><strong>λο-</strong></span> 
     </span>
    </p>
   </div>
   <div class='ocr_carea' id='block_1_54' title="bbox 391 3775 1985 3862">
    <p class='ocr_par' dir='ltr' id='par_1_54' title="bbox 391 3775 1985 3862">
     <span class='ocr_line' id='line_1_54' title="bbox 391 3775 1985 3862; baseline 0.008 -30"><span class='ocrx_word' id='word_1_446' title='bbox 391 3781 571 3845; x_wconf 76' lang='grc' dir='ltr'><strong>γικὰ,</strong></span> <span class='ocrx_word' id='word_1_447' title='bbox 597 3780 676 3834; x_wconf 76' lang='grc' dir='ltr'><strong>ὅτι</strong></span> <span class='ocrx_word' id='word_1_448' title='bbox 699 3782 862 3851; x_wconf 87' lang='grc' dir='ltr'><strong>λόγον</strong></span> <span class='ocrx_word' id='word_1_449' title='bbox 889 3775 1007 3853; x_wconf 75' lang='grc' dir='ltr'><strong>ἔχει</strong></span> <span class='ocrx_word' id='word_1_450' title='bbox 1034 3783 1192 3849; x_wconf 83' lang='grc' dir='ltr'><strong>Θεός.</strong></span> <span class='ocrx_word' id='word_1_451' title='bbox 1213 3786 1326 3839; x_wconf 72' lang='grc' dir='ltr'><strong>Καὶ</strong></span> <span class='ocrx_word' id='word_1_452' title='bbox 1352 3789 1494 3841; x_wconf 79' lang='grc' dir='ltr'><strong>αὐτὰ</strong></span> <span class='ocrx_word' id='word_1_453' title='bbox 1523 3789 1582 3842; x_wconf 82' lang='grc' dir='ltr'><strong>δὲ</strong></span> <span class='ocrx_word' id='word_1_454' title='bbox 1613 3791 1682 3843; x_wconf 77' lang='grc' dir='ltr'><strong>τὰ</strong></span> <span class='ocrx_word' id='word_1_455' title='bbox 1717 3791 1791 3862; x_wconf 76' lang='grc' dir='ltr'><strong>μὴ</strong></span> <span class='ocrx_word' id='word_1_456' title='bbox 1823 3789 1985 3860; x_wconf 82' lang='grc' dir='ltr'><strong>λόγου</strong></span> 
     </span>
    </p>
   </div>
   <div class='ocr_carea' id='block_1_55' title="bbox 393 3873 1986 3952">
    <p class='ocr_par' dir='ltr' id='par_1_55' title="bbox 393 3873 1986 3952">
     <span class='ocr_line' id='line_1_55' title="bbox 393 3873 1986 3952; baseline 0.011 -29"><span class='ocrx_word' id='word_1_457' title='bbox 393 3873 706 3942; x_wconf 76' lang='grc' dir='ltr'><strong>μετέχοντα</strong></span> <span class='ocrx_word' id='word_1_458' title='bbox 737 3875 880 3928; x_wconf 76' lang='grc' dir='ltr'><strong>κατὰ</strong></span> <span class='ocrx_word' id='word_1_459' title='bbox 919 3877 1082 3944; x_wconf 80' lang='grc' dir='ltr'><strong>λόγον</strong></span> <span class='ocrx_word' id='word_1_460' title='bbox 1109 3879 1220 3930; x_wconf 71' lang='grc' dir='ltr'><strong>εἰσὶ</strong></span> <span class='ocrx_word' id='word_1_461' title='bbox 1255 3879 1570 3934; x_wconf 84' lang='grc' dir='ltr'><strong>συνεστῶτα</strong></span> <span class='ocrx_word' id='word_1_462' title='bbox 1616 3884 1714 3935; x_wconf 79' lang='grc' dir='ltr'><strong>καὶ</strong></span> <span class='ocrx_word' id='word_1_463' title='bbox 1753 3883 1986 3952; x_wconf 81' lang='grc' dir='ltr'><strong>μένοντα</strong></span> 
     </span>
    </p>
   </div>
   <div class='ocr_carea' id='block_1_56' title="bbox 387 3961 1984 4049">
    <p class='ocr_par' dir='ltr' id='par_1_56' title="bbox 387 3961 1984 4049">
     <span class='ocr_line' id='line_1_56' title="bbox 387 3961 1984 4049; baseline 0.011 -35"><span class='ocrx_word' id='word_1_464' title='bbox 387 3965 500 4016; x_wconf 65' lang='grc' dir='ltr'><strong>καὶ</strong></span> <span class='ocrx_word' id='word_1_465' title='bbox 531 3965 833 4032; x_wconf 80' lang='grc' dir='ltr'><strong>κινούμενα</strong></span> <span class='ocrx_word' id='word_1_466' title='bbox 857 3983 872 3998; x_wconf 71' lang='grc' dir='ltr'><strong>ο</strong></span> <span class='ocrx_word' id='word_1_467' title='bbox 907 3961 1000 4021; x_wconf 74' lang='grc' dir='ltr'><strong>ὅτι·</strong></span> <span class='ocrx_word' id='word_1_468' title='bbox 1021 3969 1182 4036; x_wconf 84' lang='grc' dir='ltr'><strong>λόγον</strong></span> <span class='ocrx_word' id='word_1_469' title='bbox 1213 3972 1328 4042; x_wconf 82' lang='grc' dir='ltr'><strong>ἔχει</strong></span> <span class='ocrx_word' id='word_1_470' title='bbox 1354 3973 1510 4039; x_wconf 88' lang='grc' dir='ltr'><strong>Θεός.</strong></span> <span class='ocrx_word' id='word_1_471' title='bbox 1551 3973 1715 4027; x_wconf 58' lang='lat' dir='ltr'><strong>mm</strong></span> <span class='ocrx_word' id='word_1_472' title='bbox 1747 3975 1984 4049; x_wconf 81' lang='grc' dir='ltr'><strong>διάφορα</strong></span> 
     </span>
    </p>
   </div>
   <div class='ocr_carea' id='block_1_57' title="bbox 391 4057 1984 4138">
    <p class='ocr_par' dir='ltr' id='par_1_57' title="bbox 391 4057 1984 4138">
     <span class='ocr_line' id='line_1_57' title="bbox 391 4057 1984 4138; baseline 0.011 -33"><span class='ocrx_word' id='word_1_473' title='bbox 391 4057 504 4123; x_wconf 76' lang='grc' dir='ltr'><strong>μὲν</strong></span> <span class='ocrx_word' id='word_1_474' title='bbox 539 4059 608 4107; x_wconf 66' lang='grc' dir='ltr'><strong>τὲ</strong></span> <span class='ocrx_word' id='word_1_475' title='bbox 631 4057 936 4127; x_wconf 74' lang='grc' dir='ltr'><strong>κτίσματα,</strong></span> <span class='ocrx_word' id='word_1_476' title='bbox 971 4057 1088 4131; x_wconf 72' lang='grc' dir='ltr'><strong>ἐρεῖ</strong></span> <span class='ocrx_word' id='word_1_477' title='bbox 1118 4075 1228 4128; x_wconf 74' lang='grc' dir='ltr'><strong>τις,</strong></span> <span class='ocrx_word' id='word_1_478' title='bbox 1255 4069 1348 4118; x_wconf 79' lang='grc' dir='ltr'><strong>καὶ</strong></span> <span class='ocrx_word' id='word_1_479' title='bbox 1381 4065 1642 4137; x_wconf 72' lang='grc' dir='ltr'><strong>διάφορος</strong></span> <span class='ocrx_word' id='word_1_480' title='bbox 1684 4068 1738 4121; x_wconf 84' lang='grc' dir='ltr'><strong>δὲ</strong></span> <span class='ocrx_word' id='word_1_481' title='bbox 1767 4071 1794 4123; x_wconf 91' lang='lat'><strong>6</strong></span> <span class='ocrx_word' id='word_1_482' title='bbox 1825 4069 1984 4138; x_wconf 83' lang='grc' dir='ltr'><strong>λόγος</strong></span> 
     </span>
    </p>
   </div>
   <div class='ocr_carea' id='block_1_58' title="bbox 385 4149 1982 4225">
    <p class='ocr_par' dir='ltr' id='par_1_58' title="bbox 385 4149 1982 4225">
     <span class='ocr_line' id='line_1_58' title="bbox 385 4149 1982 4225; baseline 0.008 -23"><span class='ocrx_word' id='word_1_483' title='bbox 385 4149 618 4214; x_wconf 73' lang='grc' dir='ltr'><strong>οὐτῶνς</strong></span> <span class='ocrx_word' id='word_1_484' title='bbox 662 4151 976 4206; x_wconf 71' lang='grc' dir='ltr'><strong>’Λκουσάτω</strong></span> <span class='ocrx_word' id='word_1_485' title='bbox 1015 4149 1192 4220; x_wconf 68' lang='grc' dir='ltr'><strong>οὗτος,</strong></span> <span class='ocrx_word' id='word_1_486' title='bbox 1219 4157 1302 4210; x_wconf 84' lang='grc' dir='ltr'><strong>ὅτι</strong></span> <span class='ocrx_word' id='word_1_487' title='bbox 1341 4159 1513 4212; x_wconf 82' lang='grc' dir='ltr'><strong>πολλὰ</strong></span> <span class='ocrx_word' id='word_1_488' title='bbox 1546 4159 1719 4214; x_wconf 82' lang='grc' dir='ltr'><strong>ταῦτα</strong></span> <span class='ocrx_word' id='word_1_489' title='bbox 1757 4160 1832 4225; x_wconf 84' lang='grc' dir='ltr'><strong>ὡς</strong></span> <span class='ocrx_word' id='word_1_490' title='bbox 1864 4162 1982 4216; x_wconf 87' lang='grc' dir='ltr'><strong>κτί-</strong></span> 
     </span>
    </p>
   </div>
   <div class='ocr_carea' id='block_1_59' title="bbox 391 4245 1982 4327">
    <p class='ocr_par' dir='ltr' id='par_1_59' title="bbox 391 4245 1982 4327">
     <span class='ocr_line' id='line_1_59' title="bbox 391 4245 1982 4327; baseline 0.011 -34"><span class='ocrx_word' id='word_1_491' title='bbox 391 4253 593 4310; x_wconf 66' lang='lat' dir='ltr'><strong>spata</strong></span> <span class='ocrx_word' id='word_1_492' title='bbox 623 4245 718 4298; x_wconf 73' lang='grc' dir='ltr'><strong>καὶ</strong></span> <span class='ocrx_word' id='word_1_493' title='bbox 775 4246 1062 4316; x_wconf 74' lang='grc' dir='ltr'><strong>ἀρξάμενα</strong></span> <span class='ocrx_word' id='word_1_494' title='bbox 1093 4251 1189 4302; x_wconf 71' lang='grc' dir='ltr'><strong>καὶ</strong></span> <span class='ocrx_word' id='word_1_495' title='bbox 1241 4249 1477 4322; x_wconf 78' lang='grc' dir='ltr'><strong>διάφορα</strong></span> <span class='ocrx_word' id='word_1_496' title='bbox 1511 4255 1576 4324; x_wconf 79' lang='grc' dir='ltr'><strong>τῇ</strong></span> <span class='ocrx_word' id='word_1_497' title='bbox 1637 4253 1833 4327; x_wconf 81' lang='grc' dir='ltr'><strong>γνώμῃ</strong></span> <span class='ocrx_word' id='word_1_498' title='bbox 1889 4258 1982 4310; x_wconf 68' lang='grc' dir='ltr'><strong>καὶ</strong></span> 
     </span>
    </p>
   </div>
   <div class='ocr_carea' id='block_1_60' title="bbox 386 4331 1980 4407">
    <p class='ocr_par' dir='ltr' id='par_1_60' title="bbox 386 4331 1980 4407">
     <span class='ocr_line' id='line_1_60' title="bbox 386 4331 1980 4407; baseline 0.011 -24"><span class='ocrx_word' id='word_1_499' title='bbox 386 4331 588 4399; x_wconf 74' lang='grc' dir='ltr'><strong>φύσει,</strong></span> <span class='ocrx_word' id='word_1_500' title='bbox 617 4335 713 4388; x_wconf 72' lang='grc' dir='ltr'><strong>καὶ</strong></span> <span class='ocrx_word' id='word_1_501' title='bbox 737 4338 802 4388; x_wconf 79' lang='grc' dir='ltr'><strong>ἐκ</strong></span> <span class='ocrx_word' id='word_1_502' title='bbox 839 4338 912 4407; x_wconf 81' lang='grc' dir='ltr'><strong>μὴ</strong></span> <span class='ocrx_word' id='word_1_503' title='bbox 935 4337 1140 4390; x_wconf 74' lang='grc' dir='ltr'><strong>ὄντων’</strong></span> <span class='ocrx_word' id='word_1_504' title='bbox 1197 4339 1279 4392; x_wconf 80' lang='grc' dir='ltr'><strong>διὸ</strong></span> <span class='ocrx_word' id='word_1_505' title='bbox 1315 4341 1414 4394; x_wconf 78' lang='grc' dir='ltr'><strong>καὶ</strong></span> <span class='ocrx_word' id='word_1_506' title='bbox 1468 4339 1843 4398; x_wconf 80' lang='grc' dir='ltr'><strong>ἀνυπόστατον</strong></span> <span class='ocrx_word' id='word_1_507' title='bbox 1887 4347 1980 4401; x_wconf 80' lang='grc' dir='ltr'><strong>καὶ</strong></span> 
     </span>
    </p>
   </div>
   <div class='ocr_carea' id='block_1_61' title="bbox 386 4425 1980 4505">
    <p class='ocr_par' dir='ltr' id='par_1_61' title="bbox 386 4425 1980 4505">
     <span class='ocr_line' id='line_1_61' title="bbox 386 4425 1980 4505; baseline 0.009 -28"><span class='ocrx_word' id='word_1_508' title='bbox 386 4425 648 4480; x_wconf 79' lang='grc' dir='ltr'><strong>ποικίλον</strong></span> <span class='ocrx_word' id='word_1_509' title='bbox 681 4429 774 4480; x_wconf 70' lang='grc' dir='ltr'><strong>τὶν</strong></span> <span class='ocrx_word' id='word_1_510' title='bbox 805 4429 966 4497; x_wconf 81' lang='grc' dir='ltr'><strong>λόγον</strong></span> <span class='ocrx_word' id='word_1_511' title='bbox 999 4430 1091 4482; x_wconf 77' lang='grc' dir='ltr'><strong>καὶ</strong></span> <span class='ocrx_word' id='word_1_512' title='bbox 1112 4431 1212 4484; x_wconf 79' lang='grc' dir='ltr'><strong>οὐκ</strong></span> <span class='ocrx_word' id='word_1_513' title='bbox 1236 4429 1608 4488; x_wconf 85' lang='grc' dir='ltr'><strong>ὲνυπόστατον</strong></span> <span class='ocrx_word' id='word_1_514' title='bbox 1640 4427 1775 4505; x_wconf 76' lang='grc' dir='ltr'><strong>ἔχει.</strong></span> <span class='ocrx_word' id='word_1_515' title='bbox 1824 4435 1980 4496; x_wconf 74' lang='grc' dir='ltr'><strong>Ἐπεὶ</strong></span> 
     </span>
    </p>
   </div>
   <div class='ocr_carea' id='block_1_62' title="bbox 383 4517 1979 4594">
    <p class='ocr_par' dir='ltr' id='par_1_62' title="bbox 383 4517 1979 4594">
     <span class='ocr_line' id='line_1_62' title="bbox 383 4517 1979 4594; baseline 0.008 -24"><span class='ocrx_word' id='word_1_516' title='bbox 383 4519 444 4572; x_wconf 76' lang='grc' dir='ltr'><strong>δὲ</strong></span> <span class='ocrx_word' id='word_1_517' title='bbox 472 4519 586 4581; x_wconf 80' lang='grc' dir='ltr'><strong>ζῶν</strong></span> <span class='ocrx_word' id='word_1_518' title='bbox 621 4521 720 4574; x_wconf 81' lang='grc' dir='ltr'><strong>καὶ</strong></span> <span class='ocrx_word' id='word_1_519' title='bbox 750 4517 830 4584; x_wconf 73' lang='grc' dir='ltr'><strong>εἷς</strong></span> <span class='ocrx_word' id='word_1_520' title='bbox 863 4523 1002 4588; x_wconf 65' lang='grc' dir='ltr'><strong>Θεδς</strong></span> <span class='ocrx_word' id='word_1_521' title='bbox 1035 4523 1064 4576; x_wconf 97' lang='lat'><strong>6</strong></span> <span class='ocrx_word' id='word_1_522' title='bbox 1090 4523 1304 4594; x_wconf 81' lang='grc' dir='ltr'><strong>Πατὴρ,</strong></span> <span class='ocrx_word' id='word_1_523' title='bbox 1339 4523 1438 4578; x_wconf 73' lang='grc' dir='ltr'><strong>καὶ</strong></span> <span class='ocrx_word' id='word_1_524' title='bbox 1468 4527 1557 4578; x_wconf 81' lang='grc' dir='ltr'><strong>ἀεὶ</strong></span> <span class='ocrx_word' id='word_1_525' title='bbox 1589 4525 1688 4592; x_wconf 87' lang='grc' dir='ltr'><strong>ὣν,</strong></span> <span class='ocrx_word' id='word_1_526' title='bbox 1753 4529 1851 4582; x_wconf 70' lang='grc' dir='ltr'><strong>καὶ</strong></span> <span class='ocrx_word' id='word_1_527' title='bbox 1869 4525 1979 4593; x_wconf 62' lang='grc' dir='ltr'><strong>,εἷς</strong></span> 
     </span>
    </p>
   </div>
   <div class='ocr_carea' id='block_1_63' title="bbox 382 4609 1978 4691">
    <p class='ocr_par' dir='ltr' id='par_1_63' title="bbox 382 4609 1978 4691">
     <span class='ocr_line' id='line_1_63' title="bbox 382 4609 1978 4691; baseline 0.007 -27"><span class='ocrx_word' id='word_1_528' title='bbox 382 4613 414 4664; x_wconf 83' lang='grc' dir='ltr'>ὁ</span> <span class='ocrx_word' id='word_1_529' title='bbox 445 4609 626 4676; x_wconf 81' lang='grc' dir='ltr'><strong>Λόγος</strong></span> <span class='ocrx_word' id='word_1_530' title='bbox 651 4613 802 4666; x_wconf 72' lang='grc' dir='ltr'><strong>ἐπὶν</strong></span> <span class='ocrx_word' id='word_1_531' title='bbox 825 4614 1024 4678; x_wconf 80' lang='grc' dir='ltr'><strong>αὑτοῦ,</strong></span> <span class='ocrx_word' id='word_1_532' title='bbox 1054 4619 1150 4672; x_wconf 70' lang='grc' dir='ltr'><strong>καὶ</strong></span> <span class='ocrx_word' id='word_1_533' title='bbox 1183 4615 1290 4679; x_wconf 82' lang='grc' dir='ltr'><strong>ζῶν</strong></span> <span class='ocrx_word' id='word_1_534' title='bbox 1323 4619 1396 4677; x_wconf 81' lang='grc' dir='ltr'><strong>ὡς</strong></span> <span class='ocrx_word' id='word_1_535' title='bbox 1429 4617 1524 4670; x_wconf 77' lang='grc' dir='ltr'><strong>καὶ</strong></span> <span class='ocrx_word' id='word_1_536' title='bbox 1554 4617 1582 4672; x_wconf 88' lang='lat'><strong>6</strong></span> <span class='ocrx_word' id='word_1_537' title='bbox 1631 4615 1846 4691; x_wconf 82' lang='grc' dir='ltr'><strong>Πατὴρ,</strong></span> <span class='ocrx_word' id='word_1_538' title='bbox 1884 4623 1978 4674; x_wconf 77' lang='grc' dir='ltr'><strong>καὶ</strong></span> 
     </span>
    </p>
   </div>
   <div class='ocr_carea' id='block_1_64' title="bbox 383 4703 1978 4776">
    <p class='ocr_par' dir='ltr' id='par_1_64' title="bbox 383 4703 1978 4776">
     <span class='ocr_line' id='line_1_64' title="bbox 383 4703 1978 4776; baseline 0.008 -22"><span class='ocrx_word' id='word_1_539' title='bbox 383 4705 483 4756; x_wconf 76' lang='grc' dir='ltr'><strong>ἀεὶ</strong></span> <span class='ocrx_word' id='word_1_540' title='bbox 519 4703 618 4766; x_wconf 80' lang='grc' dir='ltr'><strong>ὣν,</strong></span> <span class='ocrx_word' id='word_1_541' title='bbox 655 4704 730 4766; x_wconf 79' lang='grc' dir='ltr'><strong>ὡς</strong></span> <span class='ocrx_word' id='word_1_542' title='bbox 763 4707 794 4757; x_wconf 87' lang='lat'><strong>6</strong></span> <span class='ocrx_word' id='word_1_543' title='bbox 818 4706 1007 4776; x_wconf 79' lang='grc' dir='ltr'><strong>Πατὴρ</strong></span> <span class='ocrx_word' id='word_1_544' title='bbox 1043 4705 1140 4772; x_wconf 82' lang='grc' dir='ltr'><strong>ὣν,</strong></span> <span class='ocrx_word' id='word_1_545' title='bbox 1169 4709 1269 4761; x_wconf 81' lang='grc' dir='ltr'><strong>καὶ</strong></span> <span class='ocrx_word' id='word_1_546' title='bbox 1319 4705 1550 4776; x_wconf 84' lang='grc' dir='ltr'><strong>τέλειος,</strong></span> <span class='ocrx_word' id='word_1_547' title='bbox 1601 4711 1726 4764; x_wconf 77' lang='grc' dir='ltr'><strong>ἐπεὶ</strong></span> <span class='ocrx_word' id='word_1_548' title='bbox 1763 4716 1860 4766; x_wconf 71' lang='grc' dir='ltr'><strong>καὶ</strong></span> <span class='ocrx_word' id='word_1_549' title='bbox 1889 4715 1978 4768; x_wconf 86' lang='grc' dir='ltr'><strong>τέ-</strong></span> 
     </span>
    </p>
   </div>
   <div class='ocr_carea' id='block_1_65' title="bbox 380 4795 1976 4873">
    <p class='ocr_par' dir='ltr' id='par_1_65' title="bbox 380 4795 1976 4873">
     <span class='ocr_line' id='line_1_65' title="bbox 380 4795 1976 4873; baseline 0.011 -27"><span class='ocrx_word' id='word_1_550' title='bbox 380 4797 540 4858; x_wconf 60' lang='lat' dir='ltr'><strong>isto;</strong></span> <span class='ocrx_word' id='word_1_551' title='bbox 569 4795 599 4848; x_wconf 87' lang='lat'><strong>6</strong></span> <span class='ocrx_word' id='word_1_552' title='bbox 629 4797 824 4867; x_wconf 83' lang='grc' dir='ltr'><strong>Πατήρ</strong></span> <span class='ocrx_word' id='word_1_553' title='bbox 845 4815 860 4828; x_wconf 86' lang='grc'><strong>·</strong></span> <span class='ocrx_word' id='word_1_554' title='bbox 891 4799 972 4850; x_wconf 73' lang='grc' dir='ltr'><strong>διδ</strong></span> <span class='ocrx_word' id='word_1_555' title='bbox 1006 4801 1100 4854; x_wconf 77' lang='grc' dir='ltr'><strong>καὶ</strong></span> <span class='ocrx_word' id='word_1_556' title='bbox 1140 4801 1202 4854; x_wconf 83' lang='grc' dir='ltr'><strong>οὐ</strong></span> <span class='ocrx_word' id='word_1_557' title='bbox 1258 4801 1408 4871; x_wconf 87' lang='grc' dir='ltr'><strong>λόγοι</strong></span> <span class='ocrx_word' id='word_1_558' title='bbox 1460 4805 1672 4873; x_wconf 68' lang='grc' dir='ltr'><strong>πολλοὶ,</strong></span> <span class='ocrx_word' id='word_1_559' title='bbox 1707 4809 1818 4860; x_wconf 82' lang='grc' dir='ltr'><strong>οὐδ’</strong></span> <span class='ocrx_word' id='word_1_560' title='bbox 1848 4809 1976 4862; x_wconf 86' lang='grc' dir='ltr'><strong>ἀνυ-</strong></span> 
     </span>
    </p>
   </div>
   <div class='ocr_carea' id='block_1_66' title="bbox 2113 2267 3694 2350">
    <p class='ocr_par' dir='ltr' id='par_1_66' title="bbox 2113 2267 3694 2350">
     <span class='ocr_line' id='line_1_66' title="bbox 2113 2267 3694 2350; baseline 0.009 -31"><span class='ocrx_word' id='word_1_561' title='bbox 2113 2267 2344 2324; x_wconf 68' lang='grc' dir='ltr'><strong>οοιιιίἰιω</strong></span> <span class='ocrx_word' id='word_1_562' title='bbox 2371 2278 2499 2325; x_wconf 86' lang='lat' dir='ltr'><strong>sunt</strong></span> <span class='ocrx_word' id='word_1_563' title='bbox 2529 2281 2831 2343; x_wconf 63' lang='lat' dir='ltr'><strong>creaturae;</strong></span> <span class='ocrx_word' id='word_1_564' title='bbox 2874 2285 2928 2330; x_wconf 88' lang='lat' dir='ltr'><strong>et</strong></span> <span class='ocrx_word' id='word_1_565' title='bbox 2982 2290 3189 2347; x_wconf 88' lang='lat' dir='ltr'><strong>quanto</strong></span> <span class='ocrx_word' id='word_1_566' title='bbox 3217 2281 3392 2350; x_wconf 83' lang='lat' dir='ltr'><strong>magis</strong></span> <span class='ocrx_word' id='word_1_567' title='bbox 3444 2281 3584 2334; x_wconf 87' lang='lat' dir='ltr'><strong>ratio</strong></span> <span class='ocrx_word' id='word_1_568' title='bbox 3639 2281 3694 2334; x_wconf 90' lang='lat' dir='ltr'><strong>in</strong></span> 
     </span>
    </p>
   </div>
   <div class='ocr_carea' id='block_1_67' title="bbox 2111 2347 3692 2444">
    <p class='ocr_par' dir='ltr' id='par_1_67' title="bbox 2111 2347 3692 2444">
     <span class='ocr_line' id='line_1_67' title="bbox 2111 2347 3692 2444; baseline 0.013 -34"><span class='ocrx_word' id='word_1_569' title='bbox 2111 2347 2224 2412; x_wconf 84' lang='lat' dir='ltr'><strong>Deo</strong></span> <span class='ocrx_word' id='word_1_570' title='bbox 2253 2367 2357 2426; x_wconf 90' lang='lat' dir='ltr'><strong>est,</strong></span> <span class='ocrx_word' id='word_1_571' title='bbox 2383 2369 2438 2414; x_wconf 88' lang='lat' dir='ltr'><strong>et</strong></span> <span class='ocrx_word' id='word_1_572' title='bbox 2461 2359 2606 2416; x_wconf 86' lang='lat' dir='ltr'><strong>illam</strong></span> <span class='ocrx_word' id='word_1_573' title='bbox 2637 2355 3157 2436; x_wconf 83' lang='lat' dir='ltr'><strong>contemplanserat</strong></span> <span class='ocrx_word' id='word_1_574' title='bbox 3177 2347 3340 2426; x_wconf 74' lang='lat' dir='ltr'><strong>Pater</strong></span> <span class='ocrx_word' id='word_1_575' title='bbox 3371 2373 3692 2444; x_wconf 81' lang='lat' dir='ltr'><strong>priusquam</strong></span> 
     </span>
    </p>
   </div>
   <div class='ocr_carea' id='block_1_68' title="bbox 2109 2446 3695 2528">
    <p class='ocr_par' dir='ltr' id='par_1_68' title="bbox 2109 2446 3695 2528">
     <span class='ocr_line' id='line_1_68' title="bbox 2109 2446 3695 2528; baseline 0.013 -28"><span class='ocrx_word' id='word_1_576' title='bbox 2109 2446 2304 2502; x_wconf 84' lang='lat' dir='ltr'><strong>ﬁerent</strong></span> <span class='ocrx_word' id='word_1_577' title='bbox 2355 2451 2563 2518; x_wconf 88' lang='lat' dir='ltr'><strong>omnia,</strong></span> <span class='ocrx_word' id='word_1_578' title='bbox 2602 2462 2661 2514; x_wconf 83' lang='lat' dir='ltr'><strong>ut</strong></span> <span class='ocrx_word' id='word_1_579' title='bbox 2689 2467 2847 2510; x_wconf 85' lang='lat' dir='ltr'><strong>suam</strong></span> <span class='ocrx_word' id='word_1_580' title='bbox 2894 2457 3190 2528; x_wconf 81' lang='lat' dir='ltr'><strong>imaginem</strong></span> <span class='ocrx_word' id='word_1_581' title='bbox 3243 2460 3448 2522; x_wconf 84' lang='lat' dir='ltr'><strong>vivam.</strong></span> <span class='ocrx_word' id='word_1_582' title='bbox 3479 2473 3534 2519; x_wconf 86' lang='lat' dir='ltr'><strong>et</strong></span> <span class='ocrx_word' id='word_1_583' title='bbox 3565 2465 3695 2520; x_wconf 85' lang='lat' dir='ltr'><strong>cha-</strong></span> 
     </span>
    </p>
   </div>
   <div class='ocr_carea' id='block_1_69' title="bbox 2106 2539 3694 2620">
    <p class='ocr_par' dir='ltr' id='par_1_69' title="bbox 2106 2539 3694 2620">
     <span class='ocr_line' id='line_1_69' title="bbox 2106 2539 3694 2620; baseline 0.009 -27"><span class='ocrx_word' id='word_1_584' title='bbox 2106 2546 2374 2594; x_wconf 84' lang='lat' dir='ltr'><strong>ractercm</strong></span> <span class='ocrx_word' id='word_1_585' title='bbox 2432 2539 2799 2609; x_wconf 84' lang='lat' dir='ltr'><strong>indelebilem,</strong></span> <span class='ocrx_word' id='word_1_586' title='bbox 2835 2545 3162 2614; x_wconf 83' lang='lat' dir='ltr'><strong>sapientiam</strong></span> <span class='ocrx_word' id='word_1_587' title='bbox 3215 2559 3377 2620; x_wconf 83' lang='lat' dir='ltr'><strong>atque</strong></span> <span class='ocrx_word' id='word_1_588' title='bbox 3437 2551 3694 2620; x_wconf 83' lang='lat' dir='ltr'><strong>ﬁguram,</strong></span> 
     </span>
    </p>
   </div>
   <div class='ocr_carea' id='block_1_70' title="bbox 2104 2629 3690 2708">
    <p class='ocr_par' dir='ltr' id='par_1_70' title="bbox 2104 2629 3690 2708">
     <span class='ocr_line' id='line_1_70' title="bbox 2104 2629 3690 2708; baseline 0.01 -25"><span class='ocrx_word' id='word_1_589' title='bbox 2104 2629 2338 2684; x_wconf 82' lang='lat' dir='ltr'><strong>verbum</strong></span> <span class='ocrx_word' id='word_1_590' title='bbox 2368 2642 2423 2686; x_wconf 89' lang='lat' dir='ltr'><strong>et</strong></span> <span class='ocrx_word' id='word_1_591' title='bbox 2445 2633 2705 2688; x_wconf 87' lang='lat' dir='ltr'><strong>virtutem</strong></span> <span class='ocrx_word' id='word_1_592' title='bbox 2732 2644 2894 2705; x_wconf 88' lang='lat' dir='ltr'><strong>atque</strong></span> <span class='ocrx_word' id='word_1_593' title='bbox 2929 2636 3188 2692; x_wconf 82' lang='lat' dir='ltr'><strong>dilectum</strong></span> <span class='ocrx_word' id='word_1_594' title='bbox 3215 2639 3435 2708; x_wconf 78' lang='lat' dir='ltr'><strong>Filium,</strong></span> <span class='ocrx_word' id='word_1_595' title='bbox 3473 2660 3690 2699; x_wconf 75' lang='lat' dir='ltr'><strong>necnon</strong></span> 
     </span>
    </p>
   </div>
   <div class='ocr_carea' id='block_1_71' title="bbox 2107 2719 3693 2798">
    <p class='ocr_par' dir='ltr' id='par_1_71' title="bbox 2107 2719 3693 2798">
     <span class='ocr_line' id='line_1_71' title="bbox 2107 2719 3693 2798; baseline 0.012 -24"><span class='ocrx_word' id='word_1_596' title='bbox 2107 2719 2368 2792; x_wconf 85' lang='lat' dir='ltr'><strong>Spiritum</strong></span> <span class='ocrx_word' id='word_1_597' title='bbox 2407 2725 2816 2781; x_wconf 88' lang='lat' dir='ltr'><strong>sanctissimum</strong></span> <span class='ocrx_word' id='word_1_598' title='bbox 2849 2736 2908 2782; x_wconf 86' lang='lat' dir='ltr'><strong>ut</strong></span> <span class='ocrx_word' id='word_1_599' title='bbox 2940 2730 3318 2798; x_wconf 84' lang='lat' dir='ltr'><strong>sanctitatem,</strong></span> <span class='ocrx_word' id='word_1_600' title='bbox 3361 2745 3422 2788; x_wconf 90' lang='lat' dir='ltr'><strong>ut</strong></span> <span class='ocrx_word' id='word_1_601' title='bbox 3451 2737 3693 2792; x_wconf 88' lang='lat' dir='ltr'><strong>charita-</strong></span> 
     </span>
    </p>
   </div>
   <div class='ocr_carea' id='block_1_72' title="bbox 2103 2813 3692 2893">
    <p class='ocr_par' dir='ltr' id='par_1_72' title="bbox 2103 2813 3692 2893">
     <span class='ocr_line' id='line_1_72' title="bbox 2103 2813 3692 2893; baseline 0.009 -23"><span class='ocrx_word' id='word_1_602' title='bbox 2103 2813 2174 2870; x_wconf 89' lang='lat' dir='ltr'><strong>tis</strong></span> <span class='ocrx_word' id='word_1_603' title='bbox 2201 2813 2422 2880; x_wconf 88' lang='lat' dir='ltr'><strong>fontem,</strong></span> <span class='ocrx_word' id='word_1_604' title='bbox 2459 2817 2706 2870; x_wconf 90' lang='lat' dir='ltr'><strong>utvitam</strong></span> <span class='ocrx_word' id='word_1_605' title='bbox 2765 2833 2830 2872; x_wconf 75' lang='lat' dir='ltr'><strong>ex</strong></span> <span class='ocrx_word' id='word_1_606' title='bbox 2886 2820 3018 2886; x_wconf 82' lang='lat' dir='ltr'><strong>vita,</strong></span> <span class='ocrx_word' id='word_1_607' title='bbox 3055 2829 3117 2876; x_wconf 91' lang='lat' dir='ltr'><strong>ut</strong></span> <span class='ocrx_word' id='word_1_608' title='bbox 3175 2823 3566 2893; x_wconf 76' lang='lat' dir='ltr'><strong>vivificantem,</strong></span> <span class='ocrx_word' id='word_1_609' title='bbox 3631 2837 3692 2884; x_wconf 87' lang='lat' dir='ltr'><strong>ut</strong></span> 
     </span>
    </p>
   </div>
   <div class='ocr_carea' id='block_1_73' title="bbox 2102 2905 3692 2984">
    <p class='ocr_par' dir='ltr' id='par_1_73' title="bbox 2102 2905 3692 2984">
     <span class='ocr_line' id='line_1_73' title="bbox 2102 2905 3692 2984; baseline 0.009 -24"><span class='ocrx_word' id='word_1_610' title='bbox 2102 2905 2422 2961; x_wconf 86' lang='lat' dir='ltr'><strong>thesaurum</strong></span> <span class='ocrx_word' id='word_1_611' title='bbox 2455 2907 2734 2963; x_wconf 88' lang='lat' dir='ltr'><strong>bonitatis.</strong></span> <span class='ocrx_word' id='word_1_612' title='bbox 2771 2907 2887 2964; x_wconf 90' lang='lat' dir='ltr'><strong>Hoc</strong></span> <span class='ocrx_word' id='word_1_613' title='bbox 2916 2921 2999 2965; x_wconf 90' lang='lat' dir='ltr'><strong>est</strong></span> <span class='ocrx_word' id='word_1_614' title='bbox 3037 2913 3182 2983; x_wconf 84' lang='lat' dir='ltr'><strong>quod</strong></span> <span class='ocrx_word' id='word_1_615' title='bbox 3217 2912 3527 2984; x_wconf 76' lang='lat' dir='ltr'><strong>Thcologus</strong></span> <span class='ocrx_word' id='word_1_616' title='bbox 3555 2919 3692 2974; x_wconf 74' lang='lat' dir='ltr'><strong>dixit</strong></span> 
     </span>
    </p>
   </div>
   <div class='ocr_carea' id='block_1_74' title="bbox 2103 2995 3687 3079">
    <p class='ocr_par' dir='ltr' id='par_1_74' title="bbox 2103 2995 3687 3079">
     <span class='ocr_line' id='line_1_74' title="bbox 2103 2995 3687 3079; baseline 0.008 -27"><span class='ocrx_word' id='word_1_617' title='bbox 2103 2995 2404 3068; x_wconf 89' lang='lat' dir='ltr'><strong>Gregorius</strong></span> <span class='ocrx_word' id='word_1_618' title='bbox 2443 3016 2458 3054; x_wconf 90' lang='lat'>:</span> <span class='ocrx_word' id='word_1_619' title='bbox 2521 2999 2665 3056; x_wconf 84' lang='lat' dir='ltr'><strong>Deus</strong></span> <span class='ocrx_word' id='word_1_620' title='bbox 2681 3011 2944 3056; x_wconf 80' lang='lat' dir='ltr'><strong>movetur</strong></span> <span class='ocrx_word' id='word_1_621' title='bbox 2977 3019 3076 3058; x_wconf 89' lang='lat' dir='ltr'><strong>sua</strong></span> <span class='ocrx_word' id='word_1_622' title='bbox 3137 3005 3314 3076; x_wconf 84' lang='lat' dir='ltr'><strong>ipsius</strong></span> <span class='ocrx_word' id='word_1_623' title='bbox 3347 3011 3687 3079; x_wconf 82' lang='lat' dir='ltr'><strong>contempla-</strong></span> 
     </span>
    </p>
   </div>
   <div class='ocr_carea' id='block_1_75' title="bbox 2101 3085 3690 3171">
    <p class='ocr_par' dir='ltr' id='par_1_75' title="bbox 2101 3085 3690 3171">
     <span class='ocr_line' id='line_1_75' title="bbox 2101 3085 3690 3171; baseline 0.01 -29"><span class='ocrx_word' id='word_1_624' title='bbox 2101 3085 2288 3164; x_wconf 76' lang='lat' dir='ltr'><strong>tione;</strong></span> <span class='ocrx_word' id='word_1_625' title='bbox 2327 3097 2384 3144; x_wconf 88' lang='lat' dir='ltr'><strong>et</strong></span> <span class='ocrx_word' id='word_1_626' title='bbox 2415 3091 2462 3146; x_wconf 91' lang='lat' dir='ltr'><strong>si</strong></span> <span class='ocrx_word' id='word_1_627' title='bbox 2505 3103 2772 3148; x_wconf 71' lang='lat' dir='ltr'><strong>creaturae</strong></span> <span class='ocrx_word' id='word_1_628' title='bbox 2810 3095 3046 3151; x_wconf 88' lang='lat' dir='ltr'><strong>rationis</strong></span> <span class='ocrx_word' id='word_1_629' title='bbox 3103 3109 3232 3152; x_wconf 89' lang='lat' dir='ltr'><strong>sunt</strong></span> <span class='ocrx_word' id='word_1_630' title='bbox 3286 3100 3584 3171; x_wconf 88' lang='lat' dir='ltr'><strong>participes</strong></span> <span class='ocrx_word' id='word_1_631' title='bbox 3629 3111 3690 3158; x_wconf 87' lang='lat' dir='ltr'><strong>ut</strong></span> 
     </span>
    </p>
   </div>
   <div class='ocr_carea' id='block_1_76' title="bbox 2099 3176 3686 3262">
    <p class='ocr_par' dir='ltr' id='par_1_76' title="bbox 2099 3176 3686 3262">
     <span class='ocr_line' id='line_1_76' title="bbox 2099 3176 3686 3262; baseline 0.012 -31"><span class='ocrx_word' id='word_1_632' title='bbox 2099 3176 2270 3234; x_wconf 89' lang='lat' dir='ltr'><strong>Deum</strong></span> <span class='ocrx_word' id='word_1_633' title='bbox 2300 3193 2655 3252; x_wconf 84' lang='lat' dir='ltr'><strong>cognoscant,</strong></span> <span class='ocrx_word' id='word_1_634' title='bbox 2679 3195 2888 3254; x_wconf 90' lang='lat' dir='ltr'><strong>quanto</strong></span> <span class='ocrx_word' id='word_1_635' title='bbox 2917 3190 3102 3258; x_wconf 82' lang='lat' dir='ltr'><strong>potius</strong></span> <span class='ocrx_word' id='word_1_636' title='bbox 3127 3191 3268 3244; x_wconf 88' lang='lat' dir='ltr'><strong>ratio</strong></span> <span class='ocrx_word' id='word_1_637' title='bbox 3296 3191 3402 3245; x_wconf 90' lang='lat' dir='ltr'><strong>erit</strong></span> <span class='ocrx_word' id='word_1_638' title='bbox 3435 3192 3487 3246; x_wconf 87' lang='lat' dir='ltr'><strong>in</strong></span> <span class='ocrx_word' id='word_1_639' title='bbox 3549 3193 3686 3262; x_wconf 86' lang='lat' dir='ltr'><strong>Deo,</strong></span> 
     </span>
    </p>
   </div>
   <div class='ocr_carea' id='block_1_77' title="bbox 2095 3269 3684 3352">
    <p class='ocr_par' dir='ltr' id='par_1_77' title="bbox 2095 3269 3684 3352">
     <span class='ocr_line' id='line_1_77' title="bbox 2095 3269 3684 3352; baseline 0.011 -27"><span class='ocrx_word' id='word_1_640' title='bbox 2095 3269 2150 3325; x_wconf 92' lang='lat' dir='ltr'><strong>in</strong></span> <span class='ocrx_word' id='word_1_641' title='bbox 2190 3281 2298 3342; x_wconf 76' lang='lat' dir='ltr'><strong>Qua</strong></span> <span class='ocrx_word' id='word_1_642' title='bbox 2327 3281 2380 3328; x_wconf 91' lang='lat' dir='ltr'><strong>et</strong></span> <span class='ocrx_word' id='word_1_643' title='bbox 2407 3288 2502 3343; x_wconf 90' lang='lat' dir='ltr'><strong>per</strong></span> <span class='ocrx_word' id='word_1_644' title='bbox 2519 3290 2682 3345; x_wconf 89' lang='lat' dir='ltr'><strong>quam</strong></span> <span class='ocrx_word' id='word_1_645' title='bbox 2705 3278 2874 3344; x_wconf 90' lang='lat' dir='ltr'><strong>novit,</strong></span> <span class='ocrx_word' id='word_1_646' title='bbox 2904 3280 3226 3352; x_wconf 80' lang='lat' dir='ltr'><strong>priusquam</strong></span> <span class='ocrx_word' id='word_1_647' title='bbox 3257 3283 3451 3338; x_wconf 87' lang='lat' dir='ltr'><strong>fierent</strong></span> <span class='ocrx_word' id='word_1_648' title='bbox 3471 3286 3684 3342; x_wconf 87' lang='lat' dir='ltr'><strong>omnia.</strong></span> 
     </span>
    </p>
   </div>
   <div class='ocr_carea' id='block_1_78' title="bbox 2095 3357 3682 3438">
    <p class='ocr_par' dir='ltr' id='par_1_78' title="bbox 2095 3357 3682 3438">
     <span class='ocr_line' id='line_1_78' title="bbox 2095 3357 3682 3438; baseline 0.011 -25"><span class='ocrx_word' id='word_1_649' title='bbox 2095 3357 2232 3416; x_wconf 87' lang='lat' dir='ltr'><strong>Etsi</strong></span> <span class='ocrx_word' id='word_1_650' title='bbox 2266 3372 2535 3418; x_wconf 78' lang='lat' dir='ltr'><strong>creatura:</strong></span> <span class='ocrx_word' id='word_1_651' title='bbox 2583 3365 2882 3421; x_wconf 88' lang='lat' dir='ltr'><strong>secundum</strong></span> <span class='ocrx_word' id='word_1_652' title='bbox 2943 3371 3211 3426; x_wconf 89' lang='lat' dir='ltr'><strong>rationem</strong></span> <span class='ocrx_word' id='word_1_653' title='bbox 3263 3373 3496 3430; x_wconf 76' lang='lat' dir='ltr'><strong>conditae</strong></span> <span class='ocrx_word' id='word_1_654' title='bbox 3532 3385 3682 3438; x_wconf 80' lang='lat' dir='ltr'><strong>sunt,</strong></span> 
     </span>
    </p>
   </div>
   <div class='ocr_carea' id='block_1_79' title="bbox 2097 3449 3682 3532">
    <p class='ocr_par' dir='ltr' id='par_1_79' title="bbox 2097 3449 3682 3532">
     <span class='ocr_line' id='line_1_79' title="bbox 2097 3449 3682 3532; baseline 0.012 -29"><span class='ocrx_word' id='word_1_655' title='bbox 2097 3449 2216 3504; x_wconf 62' lang='lat' dir='ltr'><strong>alia</strong></span> <span class='ocrx_word' id='word_1_656' title='bbox 2235 3451 2458 3523; x_wconf 88' lang='lat' dir='ltr'><strong>quidem</strong></span> <span class='ocrx_word' id='word_1_657' title='bbox 2484 3455 2805 3522; x_wconf 87' lang='lat' dir='ltr'><strong>rationales,</strong></span> <span class='ocrx_word' id='word_1_658' title='bbox 2827 3458 2948 3516; x_wconf 72' lang='lat' dir='ltr'><strong>alia:</strong></span> <span class='ocrx_word' id='word_1_659' title='bbox 2970 3470 3151 3516; x_wconf 86' lang='lat' dir='ltr'><strong>autem</strong></span> <span class='ocrx_word' id='word_1_660' title='bbox 3174 3479 3297 3532; x_wconf 67' lang='lat' dir='ltr'><strong>quae</strong></span> <span class='ocrx_word' id='word_1_661' title='bbox 3317 3465 3682 3522; x_wconf 85' lang='lat' dir='ltr'><strong>rationalibus</strong></span> 
     </span>
    </p>
   </div>
   <div class='ocr_carea' id='block_1_80' title="bbox 2018 3543 3680 3622">
    <p class='ocr_par' dir='ltr' id='par_1_80' title="bbox 2018 3543 3680 3622">
     <span class='ocr_line' id='line_1_80' title="bbox 2018 3543 3680 3622; baseline 0.011 -26"><span class='ocrx_word' id='word_1_662' title='bbox 2018 3555 2064 3618; x_wconf 72' lang='grc' dir='ltr'><strong>α</strong></span> <span class='ocrx_word' id='word_1_663' title='bbox 2101 3543 2430 3614; x_wconf 86' lang='lat' dir='ltr'><strong>inserviant,</strong></span> <span class='ocrx_word' id='word_1_664' title='bbox 2465 3563 2598 3618; x_wconf 86' lang='lat' dir='ltr'><strong>ergo</strong></span> <span class='ocrx_word' id='word_1_665' title='bbox 2629 3549 2770 3606; x_wconf 89' lang='lat' dir='ltr'><strong>ratio</strong></span> <span class='ocrx_word' id='word_1_666' title='bbox 2803 3549 2857 3606; x_wconf 91' lang='lat' dir='ltr'><strong>in</strong></span> <span class='ocrx_word' id='word_1_667' title='bbox 2897 3552 3006 3610; x_wconf 86' lang='lat' dir='ltr'><strong>Deo</strong></span> <span class='ocrx_word' id='word_1_668' title='bbox 3036 3564 3142 3611; x_wconf 83' lang='lat' dir='ltr'><strong>est.</strong></span> <span class='ocrx_word' id='word_1_669' title='bbox 3181 3553 3334 3622; x_wconf 86' lang='lat' dir='ltr'><strong>Quod</strong></span> <span class='ocrx_word' id='word_1_670' title='bbox 3365 3559 3410 3610; x_wconf 90' lang='lat' dir='ltr'><strong>si</strong></span> <span class='ocrx_word' id='word_1_671' title='bbox 3445 3573 3529 3613; x_wconf 81' lang='lat' dir='ltr'><strong>res</strong></span> <span class='ocrx_word' id='word_1_672' title='bbox 3591 3573 3680 3613; x_wconf 85' lang='lat' dir='ltr'><strong>ra-</strong></span> 
     </span>
    </p>
   </div>
   <div class='ocr_carea' id='block_1_81' title="bbox 2096 3637 3676 3718">
    <p class='ocr_par' dir='ltr' id='par_1_81' title="bbox 2096 3637 3676 3718">
     <span class='ocr_line' id='line_1_81' title="bbox 2096 3637 3676 3718; baseline 0.011 -28"><span class='ocrx_word' id='word_1_673' title='bbox 2096 3637 2242 3692; x_wconf 88' lang='lat' dir='ltr'><strong>tione</strong></span> <span class='ocrx_word' id='word_1_674' title='bbox 2264 3637 2477 3694; x_wconf 63' lang='lat' dir='ltr'><strong>donatn</strong></span> <span class='ocrx_word' id='word_1_675' title='bbox 2509 3643 2771 3712; x_wconf 67' lang='lat' dir='ltr'><strong>cogitant,</strong></span> <span class='ocrx_word' id='word_1_676' title='bbox 2789 3653 2845 3699; x_wconf 88' lang='lat' dir='ltr'><strong>et</strong></span> <span class='ocrx_word' id='word_1_677' title='bbox 2873 3645 3130 3701; x_wconf 76' lang='lat' dir='ltr'><strong>libertate</strong></span> <span class='ocrx_word' id='word_1_678' title='bbox 3148 3647 3414 3718; x_wconf 83' lang='lat' dir='ltr'><strong>gaudent,</strong></span> <span class='ocrx_word' id='word_1_679' title='bbox 3447 3659 3501 3704; x_wconf 89' lang='lat' dir='ltr'><strong>ct</strong></span> <span class='ocrx_word' id='word_1_680' title='bbox 3527 3665 3676 3706; x_wconf 89' lang='lat' dir='ltr'><strong>sem-</strong></span> 
     </span>
    </p>
   </div>
   <div class='ocr_carea' id='block_1_82' title="bbox 2090 3732 3687 3809">
    <p class='ocr_par' dir='ltr' id='par_1_82' title="bbox 2090 3732 3687 3809">
     <span class='ocr_line' id='line_1_82' title="bbox 2090 3732 3687 3809; baseline 0.009 -26"><span class='ocrx_word' id='word_1_681' title='bbox 2090 3745 2191 3800; x_wconf 89' lang='lat' dir='ltr'><strong>per</strong></span> <span class='ocrx_word' id='word_1_682' title='bbox 2219 3732 2430 3798; x_wconf 81' lang='lat' dir='ltr'><strong>vivunt,</strong></span> <span class='ocrx_word' id='word_1_683' title='bbox 2463 3744 2673 3802; x_wconf 89' lang='lat' dir='ltr'><strong>quanto</strong></span> <span class='ocrx_word' id='word_1_684' title='bbox 2721 3737 2894 3804; x_wconf 84' lang='lat' dir='ltr'><strong>magis</strong></span> <span class='ocrx_word' id='word_1_685' title='bbox 2924 3740 3018 3809; x_wconf 90' lang='lat' dir='ltr'><strong>qui</strong></span> <span class='ocrx_word' id='word_1_686' title='bbox 3051 3754 3146 3796; x_wconf 88' lang='lat' dir='ltr'><strong>eas</strong></span> <span class='ocrx_word' id='word_1_687' title='bbox 3197 3741 3494 3797; x_wconf 86' lang='lat' dir='ltr'><strong>rationales</strong></span> <span class='ocrx_word' id='word_1_688' title='bbox 3547 3742 3687 3804; x_wconf 73' lang='lat' dir='ltr'><strong>fecit,</strong></span> 
     </span>
    </p>
   </div>
   <div class='ocr_carea' id='block_1_83' title="bbox 2090 3819 3680 3898">
    <p class='ocr_par' dir='ltr' id='par_1_83' title="bbox 2090 3819 3680 3898">
     <span class='ocr_line' id='line_1_83' title="bbox 2090 3819 3680 3898; baseline 0.01 -26"><span class='ocrx_word' id='word_1_689' title='bbox 2090 3819 2357 3874; x_wconf 88' lang='lat' dir='ltr'><strong>rationem</strong></span> <span class='ocrx_word' id='word_1_690' title='bbox 2391 3836 2608 3892; x_wconf 87' lang='lat' dir='ltr'><strong>semper</strong></span> <span class='ocrx_word' id='word_1_691' title='bbox 2643 3823 2808 3879; x_wconf 84' lang='lat' dir='ltr'><strong>habet</strong></span> <span class='ocrx_word' id='word_1_692' title='bbox 2849 3827 2902 3880; x_wconf 91' lang='lat' dir='ltr'><strong>in</strong></span> <span class='ocrx_word' id='word_1_693' title='bbox 2935 3830 3265 3898; x_wconf 88' lang='lat' dir='ltr'><strong>semetipso!</strong></span> <span class='ocrx_word' id='word_1_694' title='bbox 3297 3847 3419 3894; x_wconf 88' lang='lat' dir='ltr'><strong>scu,</strong></span> <span class='ocrx_word' id='word_1_695' title='bbox 3471 3840 3531 3886; x_wconf 91' lang='lat' dir='ltr'><strong>ut</strong></span> <span class='ocrx_word' id='word_1_696' title='bbox 3563 3848 3680 3888; x_wconf 86' lang='lat' dir='ltr'><strong>rne-</strong></span> 
     </span>
    </p>
   </div>
   <div class='ocr_carea' id='block_1_84' title="bbox 2087 3907 3676 3988">
    <p class='ocr_par' dir='ltr' id='par_1_84' title="bbox 2087 3907 3676 3988">
     <span class='ocr_line' id='line_1_84' title="bbox 2087 3907 3676 3988; baseline 0.01 -26"><span class='ocrx_word' id='word_1_697' title='bbox 2087 3907 2198 3964; x_wconf 86' lang='lat' dir='ltr'><strong>lius</strong></span> <span class='ocrx_word' id='word_1_698' title='bbox 2228 3911 2429 3977; x_wconf 89' lang='lat' dir='ltr'><strong>dicam,</strong></span> <span class='ocrx_word' id='word_1_699' title='bbox 2464 3923 2593 3968; x_wconf 88' lang='lat' dir='ltr'><strong>sunt</strong></span> <span class='ocrx_word' id='word_1_700' title='bbox 2627 3924 2900 3972; x_wconf 75' lang='lat' dir='ltr'><strong>creatura:</strong></span> <span class='ocrx_word' id='word_1_701' title='bbox 2925 3919 3214 3974; x_wconf 85' lang='lat' dir='ltr'><strong>rationales</strong></span> <span class='ocrx_word' id='word_1_702' title='bbox 3237 3920 3364 3988; x_wconf 89' lang='lat' dir='ltr'><strong>quia</strong></span> <span class='ocrx_word' id='word_1_703' title='bbox 3415 3921 3560 3977; x_wconf 84' lang='lat' dir='ltr'><strong>Deus</strong></span> <span class='ocrx_word' id='word_1_704' title='bbox 3591 3939 3676 3978; x_wconf 84' lang='lat' dir='ltr'><strong>ra-</strong></span> 
     </span>
    </p>
   </div>
   <div class='ocr_carea' id='block_1_85' title="bbox 2087 3998 3680 4082">
    <p class='ocr_par' dir='ltr' id='par_1_85' title="bbox 2087 3998 3680 4082">
     <span class='ocr_line' id='line_1_85' title="bbox 2087 3998 3680 4082; baseline 0.008 -28"><span class='ocrx_word' id='word_1_705' title='bbox 2087 3998 2292 4054; x_wconf 84' lang='lat' dir='ltr'><strong>tionem</strong></span> <span class='ocrx_word' id='word_1_706' title='bbox 2325 4000 2510 4069; x_wconf 88' lang='lat' dir='ltr'><strong>habet,</strong></span> <span class='ocrx_word' id='word_1_707' title='bbox 2542 4002 2662 4058; x_wconf 86' lang='lat' dir='ltr'><strong>aliae</strong></span> <span class='ocrx_word' id='word_1_708' title='bbox 2695 4019 2824 4059; x_wconf 85' lang='lat' dir='ltr'><strong>vero</strong></span> <span class='ocrx_word' id='word_1_709' title='bbox 2856 4022 2978 4074; x_wconf 69' lang='lat' dir='ltr'><strong>qua:</strong></span> <span class='ocrx_word' id='word_1_710' title='bbox 3008 4022 3114 4060; x_wconf 92' lang='lat' dir='ltr'><strong>non</strong></span> <span class='ocrx_word' id='word_1_711' title='bbox 3149 4019 3276 4062; x_wconf 80' lang='lat' dir='ltr'><strong>sunt</strong></span> <span class='ocrx_word' id='word_1_712' title='bbox 3299 4010 3526 4065; x_wconf 88' lang='lat' dir='ltr'><strong>rationis</strong></span> <span class='ocrx_word' id='word_1_713' title='bbox 3553 4027 3680 4082; x_wconf 44' lang='lat' dir='ltr'><strong>pars</strong></span> 
     </span>
    </p>
   </div>
   <div class='ocr_carea' id='block_1_86' title="bbox 2086 4089 3676 4170">
    <p class='ocr_par' dir='ltr' id='par_1_86' title="bbox 2086 4089 3676 4170">
     <span class='ocr_line' id='line_1_86' title="bbox 2086 4089 3676 4170; baseline 0.009 -27"><span class='ocrx_word' id='word_1_714' title='bbox 2086 4089 2300 4160; x_wconf 79' lang='lat' dir='ltr'><strong>ticipcs,</strong></span> <span class='ocrx_word' id='word_1_715' title='bbox 2361 4093 2662 4148; x_wconf 87' lang='lat' dir='ltr'><strong>secundum</strong></span> <span class='ocrx_word' id='word_1_716' title='bbox 2719 4096 2983 4150; x_wconf 87' lang='lat' dir='ltr'><strong>rationem</strong></span> <span class='ocrx_word' id='word_1_717' title='bbox 3014 4108 3288 4162; x_wconf 54' lang='lat' dir='ltr'><strong>conﬂant,</strong></span> <span class='ocrx_word' id='word_1_718' title='bbox 3353 4112 3676 4170; x_wconf 81' lang='lat' dir='ltr'><strong>permanent</strong></span> 
     </span>
    </p>
   </div>
   <div class='ocr_carea' id='block_1_87' title="bbox 2087 4185 3670 4256">
    <p class='ocr_par' dir='ltr' id='par_1_87' title="bbox 2087 4185 3670 4256">
     <span class='ocr_line' id='line_1_87' title="bbox 2087 4185 3670 4256; baseline 0.008 -20"><span class='ocrx_word' id='word_1_719' title='bbox 2087 4190 2252 4250; x_wconf 85' lang='lat' dir='ltr'><strong>atque</strong></span> <span class='ocrx_word' id='word_1_720' title='bbox 2301 4193 2612 4250; x_wconf 87' lang='lat' dir='ltr'><strong>moventur,</strong></span> <span class='ocrx_word' id='word_1_721' title='bbox 2645 4185 2903 4256; x_wconf 85' lang='lat' dir='ltr'><strong>quoniam</strong></span> <span class='ocrx_word' id='word_1_722' title='bbox 2962 4189 3225 4244; x_wconf 88' lang='lat' dir='ltr'><strong>rationem</strong></span> <span class='ocrx_word' id='word_1_723' title='bbox 3291 4191 3455 4246; x_wconf 88' lang='lat' dir='ltr'><strong>habet</strong></span> <span class='ocrx_word' id='word_1_724' title='bbox 3507 4193 3670 4248; x_wconf 90' lang='lat' dir='ltr'><strong>Deus.</strong></span> 
     </span>
    </p>
   </div>
   <div class='ocr_carea' id='block_1_88' title="bbox 2085 4274 3666 4350">
    <p class='ocr_par' dir='ltr' id='par_1_88' title="bbox 2085 4274 3666 4350">
     <span class='ocr_line' id='line_1_88' title="bbox 2085 4274 3666 4350; baseline 0.007 -20"><span class='ocrx_word' id='word_1_725' title='bbox 2085 4274 2188 4330; x_wconf 89' lang='lat' dir='ltr'><strong>Sed</strong></span> <span class='ocrx_word' id='word_1_726' title='bbox 2219 4275 2456 4334; x_wconf 82' lang='lat' dir='ltr'><strong>fortasse</strong></span> <span class='ocrx_word' id='word_1_727' title='bbox 2484 4277 2628 4334; x_wconf 67' lang='lat' dir='ltr'><strong>«licet</strong></span> <span class='ocrx_word' id='word_1_728' title='bbox 2663 4280 2860 4348; x_wconf 81' lang='lat' dir='ltr'><strong>aliquis</strong></span> <span class='ocrx_word' id='word_1_729' title='bbox 2893 4282 3138 4338; x_wconf 84' lang='lat' dir='ltr'><strong>diversas</strong></span> <span class='ocrx_word' id='word_1_730' title='bbox 3175 4299 3298 4338; x_wconf 85' lang='lat' dir='ltr'><strong>esse</strong></span> <span class='ocrx_word' id='word_1_731' title='bbox 3365 4294 3666 4350; x_wconf 86' lang='lat' dir='ltr'><strong>creaturas,</strong></span> 
     </span>
    </p>
   </div>
   <div class='ocr_carea' id='block_1_89' title="bbox 2083 4363 3670 4446">
    <p class='ocr_par' dir='ltr' id='par_1_89' title="bbox 2083 4363 3670 4446">
     <span class='ocr_line' id='line_1_89' title="bbox 2083 4363 3670 4446; baseline 0.006 -26"><span class='ocrx_word' id='word_1_732' title='bbox 2083 4363 2467 4437; x_wconf 87' lang='lat' dir='ltr'><strong>diversamque</strong></span> <span class='ocrx_word' id='word_1_733' title='bbox 2531 4384 2720 4422; x_wconf 88' lang='lat' dir='ltr'><strong>carum</strong></span> <span class='ocrx_word' id='word_1_734' title='bbox 2803 4373 3094 4428; x_wconf 85' lang='lat' dir='ltr'><strong>rationem.</strong></span> <span class='ocrx_word' id='word_1_735' title='bbox 3155 4372 3338 4430; x_wconf 86' lang='lat' dir='ltr'><strong>Discat</strong></span> <span class='ocrx_word' id='word_1_736' title='bbox 3381 4376 3481 4431; x_wconf 89' lang='lat' dir='ltr'><strong>iste</strong></span> <span class='ocrx_word' id='word_1_737' title='bbox 3535 4391 3670 4446; x_wconf 89' lang='lat' dir='ltr'><strong>quo-</strong></span> 
     </span>
    </p>
   </div>
   <div class='ocr_carea' id='block_1_90' title="bbox 2082 4455 3670 4534">
    <p class='ocr_par' dir='ltr' id='par_1_90' title="bbox 2082 4455 3670 4534">
     <span class='ocr_line' id='line_1_90' title="bbox 2082 4455 3670 4534; baseline 0.008 -23"><span class='ocrx_word' id='word_1_738' title='bbox 2082 4455 2230 4511; x_wconf 83' lang='lat' dir='ltr'><strong>niam</strong></span> <span class='ocrx_word' id='word_1_739' title='bbox 2261 4457 2344 4513; x_wconf 71' lang='lat' dir='ltr'><strong>hze</strong></span> <span class='ocrx_word' id='word_1_740' title='bbox 2377 4473 2465 4513; x_wconf 85' lang='lat' dir='ltr'><strong>res</strong></span> <span class='ocrx_word' id='word_1_741' title='bbox 2503 4460 2707 4525; x_wconf 64' lang='lat' dir='ltr'><strong>multra,</strong></span> <span class='ocrx_word' id='word_1_742' title='bbox 2741 4474 2806 4515; x_wconf 87' lang='lat' dir='ltr'><strong>co</strong></span> <span class='ocrx_word' id='word_1_743' title='bbox 2831 4461 2952 4530; x_wconf 90' lang='lat' dir='ltr'><strong>ipso</strong></span> <span class='ocrx_word' id='word_1_744' title='bbox 2985 4466 3128 4534; x_wconf 88' lang='lat' dir='ltr'><strong>quod</strong></span> <span class='ocrx_word' id='word_1_745' title='bbox 3169 4467 3280 4521; x_wconf 89' lang='lat' dir='ltr'><strong>sint</strong></span> <span class='ocrx_word' id='word_1_746' title='bbox 3307 4477 3568 4523; x_wconf 69' lang='lat' dir='ltr'><strong>creatura:</strong></span> <span class='ocrx_word' id='word_1_747' title='bbox 3614 4477 3670 4523; x_wconf 83' lang='lat' dir='ltr'><strong>et</strong></span> 
     </span>
    </p>
   </div>
   <div class='ocr_carea' id='block_1_91' title="bbox 2083 4551 3674 4634">
    <p class='ocr_par' dir='ltr' id='par_1_91' title="bbox 2083 4551 3674 4634">
     <span class='ocr_line' id='line_1_91' title="bbox 2083 4551 3674 4634; baseline 0.006 -29"><span class='ocrx_word' id='word_1_748' title='bbox 2083 4551 2392 4620; x_wconf 90' lang='lat' dir='ltr'><strong>inceperint</strong></span> <span class='ocrx_word' id='word_1_749' title='bbox 2451 4567 2597 4619; x_wconf 89' lang='lat' dir='ltr'><strong>esse,</strong></span> <span class='ocrx_word' id='word_1_750' title='bbox 2631 4565 2684 4609; x_wconf 89' lang='lat' dir='ltr'><strong>et</strong></span> <span class='ocrx_word' id='word_1_751' title='bbox 2746 4555 2976 4611; x_wconf 77' lang='lat' dir='ltr'><strong>diversae</strong></span> <span class='ocrx_word' id='word_1_752' title='bbox 3039 4558 3150 4614; x_wconf 90' lang='lat' dir='ltr'><strong>sint</strong></span> <span class='ocrx_word' id='word_1_753' title='bbox 3215 4569 3324 4614; x_wconf 83' lang='lat' dir='ltr'><strong>tam</strong></span> <span class='ocrx_word' id='word_1_754' title='bbox 3397 4561 3674 4634; x_wconf 53' lang='lat' dir='ltr'><strong>sentenkia</strong></span> 
     </span>
    </p>
   </div>
   <div class='ocr_carea' id='block_1_92' title="bbox 2081 4649 3680 4721">
    <p class='ocr_par' dir='ltr' id='par_1_92' title="bbox 2081 4649 3680 4721">
     <span class='ocr_line' id='line_1_92' title="bbox 2081 4649 3680 4721; baseline 0.008 -24"><span class='ocrx_word' id='word_1_755' title='bbox 2081 4659 2246 4714; x_wconf 89' lang='lat' dir='ltr'><strong>quam</strong></span> <span class='ocrx_word' id='word_1_756' title='bbox 2271 4654 2486 4708; x_wconf 87' lang='lat' dir='ltr'><strong>natura,</strong></span> <span class='ocrx_word' id='word_1_757' title='bbox 2530 4661 2744 4702; x_wconf 89' lang='lat' dir='ltr'><strong>necnon</strong></span> <span class='ocrx_word' id='word_1_758' title='bbox 2776 4663 2806 4704; x_wconf 94' lang='lat' dir='ltr'><strong>e</strong></span> <span class='ocrx_word' id='word_1_759' title='bbox 2836 4649 3004 4704; x_wconf 86' lang='lat' dir='ltr'><strong>nihilo</strong></span> <span class='ocrx_word' id='word_1_760' title='bbox 3036 4649 3238 4708; x_wconf 88' lang='lat' dir='ltr'><strong>fuerint</strong></span> <span class='ocrx_word' id='word_1_761' title='bbox 3287 4653 3516 4721; x_wconf 67' lang='lat' dir='ltr'><strong>eductae,</strong></span> <span class='ocrx_word' id='word_1_762' title='bbox 3545 4655 3680 4710; x_wconf 83' lang='lat' dir='ltr'><strong>ideo-</strong></span> 
     </span>
    </p>
   </div>
   <div class='ocr_carea' id='block_1_93' title="bbox 2093 4725 3682 4808">
    <p class='ocr_par' dir='ltr' id='par_1_93' title="bbox 2093 4725 3682 4808">
     <span class='ocr_line' id='line_1_93' title="bbox 2093 4725 3682 4808; baseline 0.009 -20"><span class='ocrx_word' id='word_1_763' title='bbox 2093 4725 2402 4790; x_wconf 84' lang='lat' dir='ltr'><strong>instabilem</strong></span> <span class='ocrx_word' id='word_1_764' title='bbox 2463 4748 2520 4791; x_wconf 91' lang='lat' dir='ltr'><strong>et</strong></span> <span class='ocrx_word' id='word_1_765' title='bbox 2576 4738 2848 4794; x_wconf 86' lang='lat' dir='ltr'><strong>diversam</strong></span> <span class='ocrx_word' id='word_1_766' title='bbox 2885 4741 3178 4808; x_wconf 88' lang='lat' dir='ltr'><strong>rationem,</strong></span> <span class='ocrx_word' id='word_1_767' title='bbox 3243 4745 3468 4800; x_wconf 87' lang='lat' dir='ltr'><strong>minime</strong></span> <span class='ocrx_word' id='word_1_768' title='bbox 3533 4761 3682 4802; x_wconf 67' lang='lat' dir='ltr'><strong>vero.</strong></span> 
     </span>
    </p>
   </div>
   <div class='ocr_carea' id='block_1_94' title="bbox 2081 4825 3662 4916">
    <p class='ocr_par' dir='ltr' id='par_1_94' title="bbox 2081 4825 3662 4916">
     <span class='ocr_line' id='line_1_94' title="bbox 2081 4825 3662 4916; baseline 0.008 -35"><span class='ocrx_word' id='word_1_769' title='bbox 2081 4825 2502 4882; x_wconf 86' lang='lat' dir='ltr'><strong>substantialem</strong></span> <span class='ocrx_word' id='word_1_770' title='bbox 2535 4828 2758 4885; x_wconf 86' lang='lat' dir='ltr'><strong>habent.</strong></span> <span class='ocrx_word' id='word_1_771' title='bbox 2791 4831 2863 4886; x_wconf 85' lang='lat' dir='ltr'><strong>At</strong></span> <span class='ocrx_word' id='word_1_772' title='bbox 2889 4847 3194 4916; x_wconf 49' lang='lat' dir='ltr'><strong>cum.unus</strong></span> <span class='ocrx_word' id='word_1_773' title='bbox 3226 4835 3296 4889; x_wconf 89' lang='lat' dir='ltr'><strong>sit</strong></span> <span class='ocrx_word' id='word_1_774' title='bbox 3333 4836 3476 4892; x_wconf 87' lang='lat' dir='ltr'><strong>Deus</strong></span> <span class='ocrx_word' id='word_1_775' title='bbox 3505 4837 3662 4894; x_wconf 80' lang='lat' dir='ltr'><strong>vivus</strong></span> 
     </span>
    </p>
   </div>
   <div class='ocr_carea' id='block_1_95' title="bbox 387 4887 1993 5000">
    <p class='ocr_par' dir='ltr' id='par_1_95' title="bbox 387 4887 1975 4968">
     <span class='ocr_line' id='line_1_95' title="bbox 387 4887 1975 4968; baseline 0.01 -30"><span class='ocrx_word' id='word_1_776' title='bbox 387 4887 666 4940; x_wconf 79' lang='grc' dir='ltr'><strong>πόστατοι</strong></span> <span class='ocrx_word' id='word_1_777' title='bbox 693 4889 751 4940; x_wconf 77' lang='grc' dir='ltr'><strong>ὲν</strong></span> <span class='ocrx_word' id='word_1_778' title='bbox 774 4887 915 4959; x_wconf 81' lang='grc' dir='ltr'><strong>Θεῷ,</strong></span> <span class='ocrx_word' id='word_1_779' title='bbox 939 4889 1026 4944; x_wconf 82' lang='grc' dir='ltr'><strong>ἵνα</strong></span> <span class='ocrx_word' id='word_1_780' title='bbox 1054 4889 1130 4962; x_wconf 77' lang='grc' dir='ltr'>μὴ</span> <span class='ocrx_word' id='word_1_781' title='bbox 1157 4893 1356 4965; x_wconf 76' lang='grc' dir='ltr'><strong>ἀτελὴς</strong></span> <span class='ocrx_word' id='word_1_782' title='bbox 1392 4899 1589 4968; x_wconf 74' lang='grc' dir='ltr'><strong>φανείη</strong></span> <span class='ocrx_word' id='word_1_783' title='bbox 1619 4899 1708 4952; x_wconf 77' lang='grc' dir='ltr'><strong>καὶ</strong></span> <span class='ocrx_word' id='word_1_784' title='bbox 1733 4899 1975 4955; x_wconf 77' lang='grc' dir='ltr'><strong>ἀλλοιού-</strong></span> 
     </span>
    </p>
   </div>
   <div class='ocr_carea' id='block_1_96' title="bbox 2094 4887 3678 5000">
    <p class='ocr_par' dir='ltr' id='par_1_96' title="bbox 2094 4887 3678 5000">
     <span class='ocr_line' id='line_1_96' title="bbox 2094 4887 3678 5000; baseline 0.007 -31"><span class='ocrx_word' id='word_1_785' title='bbox 2094 4919 2172 4988; x_wconf 69' lang='lat' dir='ltr'><strong>;ui</strong></span> <span class='ocrx_word' id='word_1_786' title='bbox 2208 4927 2263 4974; x_wconf 88' lang='lat' dir='ltr'><strong>et</strong></span> <span class='ocrx_word' id='word_1_787' title='bbox 2292 4919 2453 4974; x_wconf 83' lang='lat' dir='ltr'><strong>Pater</strong></span> <span class='ocrx_word' id='word_1_788' title='bbox 2485 4936 2704 4992; x_wconf 89' lang='lat' dir='ltr'><strong>semper</strong></span> <span class='ocrx_word' id='word_1_789' title='bbox 2754 4924 2904 4990; x_wconf 85' lang='lat' dir='ltr'><strong>vivit,</strong></span> <span class='ocrx_word' id='word_1_790' title='bbox 2933 4887 3102 4981; x_wconf 50' lang='lat' dir='ltr'><strong>uuu&#39;m</strong></span> <span class='ocrx_word' id='word_1_791' title='bbox 3155 4941 3372 4998; x_wconf 86' lang='lat' dir='ltr'><strong>quoque</strong></span> <span class='ocrx_word' id='word_1_792' title='bbox 3411 4937 3494 4984; x_wconf 90' lang='lat' dir='ltr'><strong>cst</strong></span> <span class='ocrx_word' id='word_1_793' title='bbox 3539 4927 3678 5000; x_wconf 82' lang='lat' dir='ltr'><strong>ejus.</strong></span> 
     </span>
    </p>
   </div>
   <div class='ocr_carea' id='block_1_97' title="bbox 380 4981 1975 5060">
    <p class='ocr_par' dir='ltr' id='par_1_97' title="bbox 380 4981 1975 5060">
     <span class='ocr_line' id='line_1_97' title="bbox 380 4981 1975 5060; baseline 0.01 -29"><span class='ocrx_word' id='word_1_794' title='bbox 380 4995 582 5049; x_wconf 81' lang='grc' dir='ltr'><strong>μενος,</strong></span> <span class='ocrx_word' id='word_1_795' title='bbox 609 4981 704 5033; x_wconf 80' lang='grc' dir='ltr'><strong>καὶ</strong></span> <span class='ocrx_word' id='word_1_796' title='bbox 729 4983 864 5052; x_wconf 72' lang='grc' dir='ltr'>πρὸς</span> <span class='ocrx_word' id='word_1_797' title='bbox 897 4981 1058 5050; x_wconf 87' lang='grc' dir='ltr'><strong>λόγον</strong></span> <span class='ocrx_word' id='word_1_798' title='bbox 1101 4985 1440 5060; x_wconf 72' lang='grc' dir='ltr'><strong>ὑψηλότερον</strong></span> <span class='ocrx_word' id='word_1_799' title='bbox 1485 4991 1845 5059; x_wconf 80' lang='grc' dir='ltr'><strong>ἀναγόμενος,</strong></span> <span class='ocrx_word' id='word_1_800' title='bbox 1881 4990 1975 5046; x_wconf 61' lang='grc' dir='ltr'><strong>καὶ</strong></span> 
     </span>
    </p>
   </div>
   <div class='ocr_carea' id='block_1_98' title="bbox 373 5071 1976 5149">
    <p class='ocr_par' dir='ltr' id='par_1_98' title="bbox 373 5071 1976 5149">
     <span class='ocr_line' id='line_1_98' title="bbox 373 5071 1976 5149; baseline 0.01 -25"><span class='ocrx_word' id='word_1_801' title='bbox 373 5071 834 5143; x_wconf 71' lang='grc' dir='ltr'><strong>προσλαμϐάνων</strong></span> <span class='ocrx_word' id='word_1_802' title='bbox 865 5075 1082 5144; x_wconf 85' lang='grc' dir='ltr'><strong>σοφίαν·</strong></span> <span class='ocrx_word' id='word_1_803' title='bbox 1113 5079 1250 5133; x_wconf 72' lang='grc' dir='ltr'><strong>ἀλλὰ</strong></span> <span class='ocrx_word' id='word_1_804' title='bbox 1282 5083 1378 5149; x_wconf 82' lang='grc' dir='ltr'><strong>μία</strong></span> <span class='ocrx_word' id='word_1_805' title='bbox 1408 5083 1502 5134; x_wconf 69' lang='grc' dir='ltr'><strong>καὶ</strong></span> <span class='ocrx_word' id='word_1_806' title='bbox 1528 5085 1711 5138; x_wconf 77' lang='grc' dir='ltr'><strong>τελεία</strong></span> <span class='ocrx_word' id='word_1_807' title='bbox 1744 5087 1839 5138; x_wconf 78' lang='grc' dir='ltr'><strong>καὶ</strong></span> <span class='ocrx_word' id='word_1_808' title='bbox 1891 5087 1976 5139; x_wconf 76' lang='grc' dir='ltr'><strong>ἐν-</strong></span> 
     </span>
    </p>
   </div>
   <div class='ocr_carea' id='block_1_99' title="bbox 375 5165 1972 5250">
    <p class='ocr_par' dir='ltr' id='par_1_99' title="bbox 375 5165 1972 5250">
     <span class='ocr_line' id='line_1_99' title="bbox 375 5165 1972 5250; baseline 0.009 -34"><span class='ocrx_word' id='word_1_809' title='bbox 375 5165 698 5229; x_wconf 75' lang='grc' dir='ltr'><strong>υπόστατος</strong></span> <span class='ocrx_word' id='word_1_810' title='bbox 761 5169 857 5222; x_wconf 76' lang='grc' dir='ltr'><strong>καὶ</strong></span> <span class='ocrx_word' id='word_1_811' title='bbox 915 5167 1066 5234; x_wconf 82' lang='grc' dir='ltr'><strong>ζῶσα</strong></span> <span class='ocrx_word' id='word_1_812' title='bbox 1121 5174 1221 5225; x_wconf 79' lang='grc' dir='ltr'><strong>καὶ</strong></span> <span class='ocrx_word' id='word_1_813' title='bbox 1273 5175 1546 5238; x_wconf 79' lang='grc' dir='ltr'><strong>συναῖδιος</strong></span> <span class='ocrx_word' id='word_1_814' title='bbox 1593 5178 1752 5244; x_wconf 76' lang='grc' dir='ltr'><strong>σοφία</strong></span> <span class='ocrx_word' id='word_1_815' title='bbox 1805 5182 1862 5232; x_wconf 82' lang='grc' dir='ltr'><strong>ἐν</strong></span> <span class='ocrx_word' id='word_1_816' title='bbox 1893 5173 1972 5250; x_wconf 81' lang='grc' dir='ltr'><strong>τῷ</strong></span> 
     </span>
    </p>
   </div>
   <div class='ocr_carea' id='block_1_100' title="bbox 377 5253 1968 5342">
    <p class='ocr_par' dir='ltr' id='par_1_100' title="bbox 377 5253 1968 5342">
     <span class='ocr_line' id='line_1_100' title="bbox 377 5253 1968 5342; baseline 0.011 -34"><span class='ocrx_word' id='word_1_817' title='bbox 377 5253 578 5326; x_wconf 78' lang='grc' dir='ltr'><strong>Θεῷ,ό</strong></span> <span class='ocrx_word' id='word_1_818' title='bbox 611 5262 909 5332; x_wconf 76' lang='grc' dir='ltr'><strong>μονογενὴς</strong></span> <span class='ocrx_word' id='word_1_819' title='bbox 946 5265 1112 5317; x_wconf 74' lang='grc' dir='ltr'><strong>αὐτοῦ</strong></span> <span class='ocrx_word' id='word_1_820' title='bbox 1143 5267 1337 5332; x_wconf 83' lang='grc' dir='ltr'><strong>Λόγος,</strong></span> <span class='ocrx_word' id='word_1_821' title='bbox 1369 5271 1427 5320; x_wconf 77' lang='grc' dir='ltr'><strong>ἐν</strong></span> <span class='ocrx_word' id='word_1_822' title='bbox 1448 5265 1490 5336; x_wconf 78' lang='grc' dir='ltr'>ᾧ</span> <span class='ocrx_word' id='word_1_823' title='bbox 1522 5269 1720 5334; x_wconf 82' lang='grc' dir='ltr'><strong>πάντες</strong></span> <span class='ocrx_word' id='word_1_824' title='bbox 1752 5271 1800 5324; x_wconf 81' lang='grc' dir='ltr'><strong>οἱ</strong></span> <span class='ocrx_word' id='word_1_825' title='bbox 1821 5273 1968 5342; x_wconf 81' lang='grc' dir='ltr'><strong>λόγοι.</strong></span> 
     </span>
    </p>
   </div>
   <div class='ocr_carea' id='block_1_101' title="bbox 375 5351 1966 5424">
    <p class='ocr_par' dir='ltr' id='par_1_101' title="bbox 375 5351 1966 5424">
     <span class='ocr_line' id='line_1_101' title="bbox 375 5351 1966 5424; baseline 0.012 -25"><span class='ocrx_word' id='word_1_826' title='bbox 375 5351 496 5420; x_wconf 66' lang='grc' dir='ltr'>πρὸ</span> <span class='ocrx_word' id='word_1_827' title='bbox 543 5351 660 5403; x_wconf 77' lang='grc' dir='ltr'><strong>τῶν</strong></span> <span class='ocrx_word' id='word_1_828' title='bbox 719 5353 934 5407; x_wconf 79' lang='grc' dir='ltr'><strong>αίώνων</strong></span> <span class='ocrx_word' id='word_1_829' title='bbox 992 5355 1121 5412; x_wconf 78' lang='grc' dir='ltr'><strong>είσί.</strong></span> <span class='ocrx_word' id='word_1_830' title='bbox 1189 5357 1297 5409; x_wconf 81' lang='grc' dir='ltr'><strong>Καὶ</strong></span> <span class='ocrx_word' id='word_1_831' title='bbox 1337 5357 1397 5411; x_wconf 82' lang='grc' dir='ltr'><strong>τὸ</strong></span> <span class='ocrx_word' id='word_1_832' title='bbox 1446 5357 1741 5424; x_wconf 67' lang='grc' dir='ltr'><strong>ζωοποιοῦν</strong></span> <span class='ocrx_word' id='word_1_833' title='bbox 1788 5363 1843 5417; x_wconf 73' lang='grc' dir='ltr'><strong>δὲ</strong></span> <span class='ocrx_word' id='word_1_834' title='bbox 1897 5365 1966 5419; x_wconf 81' lang='grc' dir='ltr'><strong>τὰ</strong></span> 
     </span>
    </p>
   </div>
   <div class='ocr_carea' id='block_1_102' title="bbox 375 5443 1964 5527">
    <p class='ocr_par' dir='ltr' id='par_1_102' title="bbox 375 5443 1964 5527">
     <span class='ocr_line' id='line_1_102' title="bbox 375 5443 1964 5527; baseline 0.008 -32"><span class='ocrx_word' id='word_1_835' title='bbox 375 5443 569 5497; x_wconf 74' lang='grc' dir='ltr'><strong>πάντα</strong></span> <span class='ocrx_word' id='word_1_836' title='bbox 599 5443 824 5515; x_wconf 81' lang='grc' dir='ltr'><strong>Πνεῦμα</strong></span> <span class='ocrx_word' id='word_1_837' title='bbox 854 5446 1011 5516; x_wconf 73' lang='grc' dir='ltr'><strong>ἅγιον</strong></span> <span class='ocrx_word' id='word_1_838' title='bbox 1053 5448 1112 5502; x_wconf 78' lang='grc' dir='ltr'><strong>ἓν</strong></span> <span class='ocrx_word' id='word_1_839' title='bbox 1142 5450 1292 5504; x_wconf 73' lang='grc' dir='ltr'><strong>ἔστιν</strong></span> <span class='ocrx_word' id='word_1_840' title='bbox 1339 5450 1400 5515; x_wconf 79' lang='grc' dir='ltr'>ἐξ</span> <span class='ocrx_word' id='word_1_841' title='bbox 1436 5453 1555 5518; x_wconf 76' lang='grc' dir='ltr'><strong>ἐνὸς</strong></span> <span class='ocrx_word' id='word_1_842' title='bbox 1602 5455 1697 5508; x_wconf 81' lang='grc' dir='ltr'><strong>τοῦ</strong></span> <span class='ocrx_word' id='word_1_843' title='bbox 1747 5455 1964 5527; x_wconf 74' lang='grc' dir='ltr'><strong>Πατρδς</strong></span> 
     </span>
    </p>
   </div>
   <div class='ocr_carea' id='block_1_103' title="bbox 373 5535 1967 5619">
    <p class='ocr_par' dir='ltr' id='par_1_103' title="bbox 373 5535 1967 5619">
     <span class='ocr_line' id='line_1_103' title="bbox 373 5535 1967 5619; baseline 0.008 -32"><span class='ocrx_word' id='word_1_844' title='bbox 373 5535 490 5600; x_wconf 75' lang='grc' dir='ltr'><strong>ἀεὶ,</strong></span> <span class='ocrx_word' id='word_1_845' title='bbox 531 5537 630 5589; x_wconf 74' lang='grc' dir='ltr'><strong>καὶ</strong></span> <span class='ocrx_word' id='word_1_846' title='bbox 683 5537 814 5604; x_wconf 82' lang='grc' dir='ltr'><strong>ζῶν,</strong></span> <span class='ocrx_word' id='word_1_847' title='bbox 871 5541 968 5594; x_wconf 81' lang='grc' dir='ltr'><strong>καὶ</strong></span> <span class='ocrx_word' id='word_1_848' title='bbox 1017 5541 1343 5606; x_wconf 71' lang='grc' dir='ltr'><strong>ζωοποιοῦν.</strong></span> <span class='ocrx_word' id='word_1_849' title='bbox 1411 5546 1522 5598; x_wconf 80' lang='grc' dir='ltr'><strong>Καὶ</strong></span> <span class='ocrx_word' id='word_1_850' title='bbox 1581 5549 1639 5600; x_wconf 82' lang='grc' dir='ltr'><strong>ἐν</strong></span> <span class='ocrx_word' id='word_1_851' title='bbox 1687 5541 1764 5618; x_wconf 81' lang='grc' dir='ltr'><strong>τῷ</strong></span> <span class='ocrx_word' id='word_1_852' title='bbox 1825 5549 1967 5619; x_wconf 77' lang='grc' dir='ltr'><strong>ἁγίῳ</strong></span> 
     </span>
    </p>
   </div>
   <div class='ocr_carea' id='block_1_104' title="bbox 375 5629 1966 5708">
    <p class='ocr_par' dir='ltr' id='par_1_104' title="bbox 375 5629 1966 5708">
     <span class='ocr_line' id='line_1_104' title="bbox 375 5629 1966 5708; baseline 0.01 -27"><span class='ocrx_word' id='word_1_853' title='bbox 375 5629 672 5699; x_wconf 72' lang='grc' dir='ltr'><strong>Πνεύματι</strong></span> <span class='ocrx_word' id='word_1_854' title='bbox 721 5633 816 5684; x_wconf 68' lang='grc' dir='ltr'><strong>καὶ</strong></span> <span class='ocrx_word' id='word_1_855' title='bbox 846 5633 916 5686; x_wconf 84' lang='grc' dir='ltr'><strong>τὰ</strong></span> <span class='ocrx_word' id='word_1_856' title='bbox 963 5633 1161 5704; x_wconf 80' lang='grc' dir='ltr'><strong>λογικὰ</strong></span> <span class='ocrx_word' id='word_1_857' title='bbox 1231 5635 1394 5704; x_wconf 79' lang='grc' dir='ltr'><strong>ζῶσι,</strong></span> <span class='ocrx_word' id='word_1_858' title='bbox 1433 5641 1529 5693; x_wconf 78' lang='grc' dir='ltr'><strong>καὶ</strong></span> <span class='ocrx_word' id='word_1_859' title='bbox 1583 5641 1782 5708; x_wconf 75' lang='grc' dir='ltr'><strong>μᾶλλόν</strong></span> <span class='ocrx_word' id='word_1_860' title='bbox 1827 5645 1966 5700; x_wconf 74' lang='grc' dir='ltr'><strong>εἰσιν</strong></span> 
     </span>
    </p>
   </div>
   <div class='ocr_carea' id='block_1_105' title="bbox 373 5721 1962 5806">
    <p class='ocr_par' dir='ltr' id='par_1_105' title="bbox 373 5721 1962 5806">
     <span class='ocr_line' id='line_1_105' title="bbox 373 5721 1962 5806; baseline 0.012 -34"><span class='ocrx_word' id='word_1_861' title='bbox 373 5721 646 5775; x_wconf 73' lang='grc' dir='ltr'><strong>ἆῦἁναταο</strong></span> <span class='ocrx_word' id='word_1_862' title='bbox 679 5723 872 5795; x_wconf 81' lang='grc' dir='ltr'><strong>ὅτιπερ</strong></span> <span class='ocrx_word' id='word_1_863' title='bbox 921 5725 1051 5780; x_wconf 74' lang='grc' dir='ltr'><strong>οὐδὲ</strong></span> <span class='ocrx_word' id='word_1_864' title='bbox 1097 5725 1296 5798; x_wconf 73' lang='grc' dir='ltr'><strong>λογικὰ</strong></span> <span class='ocrx_word' id='word_1_865' title='bbox 1327 5735 1500 5802; x_wconf 68' lang='grc' dir='ltr'><strong>χωρὶς</strong></span> <span class='ocrx_word' id='word_1_866' title='bbox 1539 5733 1859 5806; x_wconf 82' lang='grc' dir='ltr'><strong>Πνεύματος</strong></span> <span class='ocrx_word' id='word_1_867' title='bbox 1885 5731 1962 5790; x_wconf 76' lang='grc' dir='ltr'><strong>εἴ·</strong></span> 
     </span>
    </p>
   </div>
   <div class='ocr_carea' id='block_1_106' title="bbox 2081 5011 3674 5084">
    <p class='ocr_par' dir='ltr' id='par_1_106' title="bbox 2081 5011 3674 5084">
     <span class='ocr_line' id='line_1_106' title="bbox 2081 5011 3674 5084; baseline 0.006 -18"><span class='ocrx_word' id='word_1_868' title='bbox 2081 5011 2341 5080; x_wconf 76' lang='lat' dir='ltr'><strong>Verbum,</strong></span> <span class='ocrx_word' id='word_1_869' title='bbox 2377 5027 2472 5068; x_wconf 87' lang='lat' dir='ltr'><strong>seu</strong></span> <span class='ocrx_word' id='word_1_870' title='bbox 2502 5031 2610 5072; x_wconf 90' lang='lat' dir='ltr'><strong>una</strong></span> <span class='ocrx_word' id='word_1_871' title='bbox 2631 5018 2792 5084; x_wconf 89' lang='lat' dir='ltr'><strong>ratio,</strong></span> <span class='ocrx_word' id='word_1_872' title='bbox 2823 5020 3014 5075; x_wconf 87' lang='lat' dir='ltr'><strong>vivens</strong></span> <span class='ocrx_word' id='word_1_873' title='bbox 3045 5019 3190 5074; x_wconf 88' lang='lat' dir='ltr'><strong>sicut</strong></span> <span class='ocrx_word' id='word_1_874' title='bbox 3219 5028 3276 5074; x_wconf 89' lang='lat' dir='ltr'><strong>et</strong></span> <span class='ocrx_word' id='word_1_875' title='bbox 3303 5017 3485 5084; x_wconf 90' lang='lat' dir='ltr'><strong>Pater,</strong></span> <span class='ocrx_word' id='word_1_876' title='bbox 3511 5035 3674 5075; x_wconf 82' lang='lat' dir='ltr'><strong>sem-.</strong></span> 
     </span>
    </p>
   </div>
   <div class='ocr_carea' id='block_1_107' title="bbox 2077 5105 3666 5182">
    <p class='ocr_par' dir='ltr' id='par_1_107' title="bbox 2077 5105 3666 5182">
     <span class='ocr_line' id='line_1_107' title="bbox 2077 5105 3666 5182; baseline 0.009 -26"><span class='ocrx_word' id='word_1_877' title='bbox 2077 5117 2286 5174; x_wconf 82' lang='lat' dir='ltr'><strong>perque</strong></span> <span class='ocrx_word' id='word_1_878' title='bbox 2333 5105 2546 5176; x_wconf 87' lang='lat' dir='ltr'><strong>vivens,</strong></span> <span class='ocrx_word' id='word_1_879' title='bbox 2584 5112 2730 5166; x_wconf 89' lang='lat' dir='ltr'><strong>sicut</strong></span> <span class='ocrx_word' id='word_1_880' title='bbox 2775 5112 2940 5168; x_wconf 87' lang='lat' dir='ltr'><strong>Pater</strong></span> <span class='ocrx_word' id='word_1_881' title='bbox 2994 5111 3090 5182; x_wconf 88' lang='lat' dir='ltr'><strong>qui</strong></span> <span class='ocrx_word' id='word_1_882' title='bbox 3147 5119 3255 5176; x_wconf 85' lang='lat' dir='ltr'><strong>est,</strong></span> <span class='ocrx_word' id='word_1_883' title='bbox 3307 5119 3366 5166; x_wconf 89' lang='lat' dir='ltr'><strong>et</strong></span> <span class='ocrx_word' id='word_1_884' title='bbox 3419 5110 3666 5180; x_wconf 78' lang='lat' dir='ltr'><strong>perfecta</strong></span> 
     </span>
    </p>
   </div>
   <div class='ocr_carea' id='block_1_108' title="bbox 2077 5195 3662 5271">
    <p class='ocr_par' dir='ltr' id='par_1_108' title="bbox 2077 5195 3662 5271">
     <span class='ocr_line' id='line_1_108' title="bbox 2077 5195 3662 5271; baseline 0.011 -25"><span class='ocrx_word' id='word_1_885' title='bbox 2077 5197 2205 5264; x_wconf 91' lang='lat' dir='ltr'><strong>quia</strong></span> <span class='ocrx_word' id='word_1_886' title='bbox 2237 5195 2400 5252; x_wconf 87' lang='lat' dir='ltr'><strong>Pater</strong></span> <span class='ocrx_word' id='word_1_887' title='bbox 2429 5199 2708 5270; x_wconf 84' lang='lat' dir='ltr'><strong>perfectus</strong></span> <span class='ocrx_word' id='word_1_888' title='bbox 2729 5211 2850 5271; x_wconf 84' lang='lat' dir='ltr'><strong>est;</strong></span> <span class='ocrx_word' id='word_1_889' title='bbox 2885 5203 3007 5259; x_wconf 86' lang='lat' dir='ltr'><strong>ideo</strong></span> <span class='ocrx_word' id='word_1_890' title='bbox 3045 5219 3156 5258; x_wconf 84' lang='lat' dir='ltr'><strong>non</strong></span> <span class='ocrx_word' id='word_1_891' title='bbox 3186 5203 3370 5260; x_wconf 68' lang='lat' dir='ltr'><strong>multa:</strong></span> <span class='ocrx_word' id='word_1_892' title='bbox 3435 5215 3566 5260; x_wconf 86' lang='lat' dir='ltr'><strong>sunt</strong></span> <span class='ocrx_word' id='word_1_893' title='bbox 3601 5206 3662 5264; x_wconf 85' lang='lat' dir='ltr'><strong>in</strong></span> 
     </span>
    </p>
   </div>
   <div class='ocr_carea' id='block_1_109' title="bbox 2079 5285 3660 5362">
    <p class='ocr_par' dir='ltr' id='par_1_109' title="bbox 2079 5285 3660 5362">
     <span class='ocr_line' id='line_1_109' title="bbox 2079 5285 3660 5362; baseline 0.009 -24"><span class='ocrx_word' id='word_1_894' title='bbox 2079 5285 2189 5342; x_wconf 82' lang='lat' dir='ltr'><strong>Deo</strong></span> <span class='ocrx_word' id='word_1_895' title='bbox 2207 5287 2448 5346; x_wconf 79' lang='lat' dir='ltr'><strong>rationes</strong></span> <span class='ocrx_word' id='word_1_896' title='bbox 2471 5307 2594 5362; x_wconf 67' lang='lat' dir='ltr'><strong>qua:</strong></span> <span class='ocrx_word' id='word_1_897' title='bbox 2622 5308 2730 5348; x_wconf 88' lang='lat' dir='ltr'><strong>non</strong></span> <span class='ocrx_word' id='word_1_898' title='bbox 2761 5294 2872 5348; x_wconf 88' lang='lat' dir='ltr'><strong>sint</strong></span> <span class='ocrx_word' id='word_1_899' title='bbox 2901 5294 3315 5356; x_wconf 84' lang='lat' dir='ltr'><strong>substantiales,</strong></span> <span class='ocrx_word' id='word_1_900' title='bbox 3373 5311 3442 5350; x_wconf 84' lang='lat' dir='ltr'><strong>ne</strong></span> <span class='ocrx_word' id='word_1_901' title='bbox 3471 5295 3660 5352; x_wconf 82' lang='lat' dir='ltr'><strong>videa-</strong></span> 
     </span>
    </p>
   </div>
   <div class='ocr_carea' id='block_1_110' title="bbox 2075 5379 3662 5452">
    <p class='ocr_par' dir='ltr' id='par_1_110' title="bbox 2075 5379 3662 5452">
     <span class='ocr_line' id='line_1_110' title="bbox 2075 5379 3662 5452; baseline 0.008 -21"><span class='ocrx_word' id='word_1_902' title='bbox 2075 5389 2169 5432; x_wconf 87' lang='lat' dir='ltr'><strong>tur</strong></span> <span class='ocrx_word' id='word_1_903' title='bbox 2200 5379 2559 5450; x_wconf 87' lang='lat' dir='ltr'><strong>imperfectus</strong></span> <span class='ocrx_word' id='word_1_904' title='bbox 2590 5395 2644 5441; x_wconf 85' lang='lat' dir='ltr'><strong>et</strong></span> <span class='ocrx_word' id='word_1_905' title='bbox 2673 5385 2972 5452; x_wconf 87' lang='lat' dir='ltr'><strong>mutabilis,</strong></span> <span class='ocrx_word' id='word_1_906' title='bbox 3036 5395 3090 5440; x_wconf 87' lang='lat' dir='ltr'><strong>ct</strong></span> <span class='ocrx_word' id='word_1_907' title='bbox 3147 5387 3216 5443; x_wconf 83' lang='lat' dir='ltr'><strong>ad</strong></span> <span class='ocrx_word' id='word_1_908' title='bbox 3277 5389 3662 5445; x_wconf 85' lang='lat' dir='ltr'><strong>sublimiorem</strong></span> 
     </span>
    </p>
   </div>
   <div class='ocr_carea' id='block_1_111' title="bbox 2076 5471 3654 5552">
    <p class='ocr_par' dir='ltr' id='par_1_111' title="bbox 2076 5471 3654 5552">
     <span class='ocr_line' id='line_1_111' title="bbox 2076 5471 3654 5552; baseline 0.01 -27"><span class='ocrx_word' id='word_1_909' title='bbox 2076 5471 2344 5528; x_wconf 87' lang='lat' dir='ltr'><strong>rationem</strong></span> <span class='ocrx_word' id='word_1_910' title='bbox 2399 5487 2645 5542; x_wconf 88' lang='lat' dir='ltr'><strong>evectus,</strong></span> <span class='ocrx_word' id='word_1_911' title='bbox 2697 5477 3130 5550; x_wconf 86' lang='lat' dir='ltr'><strong>sapientiamque</strong></span> <span class='ocrx_word' id='word_1_912' title='bbox 3193 5481 3504 5552; x_wconf 86' lang='lat' dir='ltr'><strong>accipiens;</strong></span> <span class='ocrx_word' id='word_1_913' title='bbox 3555 5483 3654 5540; x_wconf 86' lang='lat' dir='ltr'><strong>sed</strong></span> 
     </span>
    </p>
   </div>
   <div class='ocr_carea' id='block_1_112' title="bbox 2073 5566 3656 5640">
    <p class='ocr_par' dir='ltr' id='par_1_112' title="bbox 2073 5566 3656 5640">
     <span class='ocr_line' id='line_1_112' title="bbox 2073 5566 3656 5640; baseline 0.009 -24"><span class='ocrx_word' id='word_1_914' title='bbox 2073 5575 2182 5616; x_wconf 87' lang='lat' dir='ltr'><strong>una</strong></span> <span class='ocrx_word' id='word_1_915' title='bbox 2216 5574 2298 5618; x_wconf 89' lang='lat' dir='ltr'><strong>est</strong></span> <span class='ocrx_word' id='word_1_916' title='bbox 2329 5566 2470 5619; x_wconf 86' lang='lat' dir='ltr'><strong>ratio</strong></span> <span class='ocrx_word' id='word_1_917' title='bbox 2497 5566 2761 5636; x_wconf 86' lang='lat' dir='ltr'><strong>perfecta,</strong></span> <span class='ocrx_word' id='word_1_918' title='bbox 2792 5575 2850 5622; x_wconf 87' lang='lat' dir='ltr'><strong>ct</strong></span> <span class='ocrx_word' id='word_1_919' title='bbox 2887 5571 3294 5640; x_wconf 83' lang='lat' dir='ltr'><strong>substantialis,</strong></span> <span class='ocrx_word' id='word_1_920' title='bbox 3350 5584 3406 5629; x_wconf 83' lang='lat' dir='ltr'><strong>ct</strong></span> <span class='ocrx_word' id='word_1_921' title='bbox 3463 5576 3656 5632; x_wconf 68' lang='lat' dir='ltr'><strong>vivens</strong></span> 
     </span>
    </p>
   </div>
   <div class='ocr_carea' id='block_1_113' title="bbox 2069 5659 3660 5735">
    <p class='ocr_par' dir='ltr' id='par_1_113' title="bbox 2069 5659 3660 5735">
     <span class='ocr_line' id='line_1_113' title="bbox 2069 5659 3660 5735; baseline 0.008 -27"><span class='ocrx_word' id='word_1_922' title='bbox 2069 5663 2126 5708; x_wconf 89' lang='lat' dir='ltr'><strong>et</strong></span> <span class='ocrx_word' id='word_1_923' title='bbox 2177 5663 2452 5712; x_wconf 71' lang='lat' dir='ltr'><strong>coaeterna</strong></span> <span class='ocrx_word' id='word_1_924' title='bbox 2505 5659 2772 5729; x_wconf 83' lang='lat' dir='ltr'><strong>sapientia</strong></span> <span class='ocrx_word' id='word_1_925' title='bbox 2835 5661 2890 5716; x_wconf 86' lang='lat' dir='ltr'><strong>in</strong></span> <span class='ocrx_word' id='word_1_926' title='bbox 2944 5661 3076 5730; x_wconf 86' lang='lat' dir='ltr'><strong>Deo,</strong></span> <span class='ocrx_word' id='word_1_927' title='bbox 3125 5664 3462 5734; x_wconf 81' lang='lat' dir='ltr'><strong>unigenitum</strong></span> <span class='ocrx_word' id='word_1_928' title='bbox 3533 5666 3660 5735; x_wconf 83' lang='lat' dir='ltr'><strong>ejus</strong></span> 
     </span>
    </p>
   </div>
   <div class='ocr_carea' id='block_1_114' title="bbox 2068 5745 3652 5822">
    <p class='ocr_par' dir='ltr' id='par_1_114' title="bbox 2068 5745 3652 5822">
     <span class='ocr_line' id='line_1_114' title="bbox 2068 5745 3652 5822; baseline 0.011 -21"><span class='ocrx_word' id='word_1_929' title='bbox 2068 5745 2333 5816; x_wconf 84' lang='lat' dir='ltr'><strong>Verbum,</strong></span> <span class='ocrx_word' id='word_1_930' title='bbox 2380 5749 2436 5806; x_wconf 90' lang='lat' dir='ltr'><strong>in</strong></span> <span class='ocrx_word' id='word_1_931' title='bbox 2465 5765 2578 5822; x_wconf 89' lang='lat' dir='ltr'><strong>quo</strong></span> <span class='ocrx_word' id='word_1_932' title='bbox 2599 5767 2791 5809; x_wconf 88' lang='lat' dir='ltr'><strong>omnes</strong></span> <span class='ocrx_word' id='word_1_933' title='bbox 2825 5753 3068 5811; x_wconf 87' lang='lat' dir='ltr'><strong>rationes</strong></span> <span class='ocrx_word' id='word_1_934' title='bbox 3109 5764 3239 5812; x_wconf 87' lang='lat' dir='ltr'><strong>sunt</strong></span> <span class='ocrx_word' id='word_1_935' title='bbox 3269 5768 3395 5813; x_wconf 86' lang='lat' dir='ltr'><strong>ante</strong></span> <span class='ocrx_word' id='word_1_936' title='bbox 3425 5759 3652 5818; x_wconf 75' lang='lat' dir='ltr'><strong>saecula.</strong></span> 
     </span>
    </p>
   </div>
   <div class='ocr_carea' id='block_1_115' title="bbox 383 5809 1993 5914">
    <p class='ocr_par' dir='ltr' id='par_1_115' title="bbox 383 5809 1956 5891">
     <span class='ocr_line' id='line_1_115' title="bbox 383 5809 1956 5891; baseline 0.011 -25"><span class='ocrx_word' id='word_1_937' title='bbox 383 5828 480 5866; x_wconf 85' lang='lat' dir='ltr'><strong>vat</strong></span> <span class='ocrx_word' id='word_1_938' title='bbox 509 5809 756 5870; x_wconf 80' lang='grc' dir='ltr'><strong>δύναται.</strong></span> <span class='ocrx_word' id='word_1_939' title='bbox 786 5819 866 5872; x_wconf 74' lang='grc' dir='ltr'><strong>Τὰ</strong></span> <span class='ocrx_word' id='word_1_940' title='bbox 908 5819 1008 5888; x_wconf 73' lang='grc' dir='ltr'><strong>μὲν</strong></span> <span class='ocrx_word' id='word_1_941' title='bbox 1047 5819 1140 5874; x_wconf 78' lang='grc' dir='ltr'><strong>οὖν</strong></span> <span class='ocrx_word' id='word_1_942' title='bbox 1177 5820 1367 5891; x_wconf 65' lang='grc' dir='ltr'><strong>λογικὰ</strong></span> <span class='ocrx_word' id='word_1_943' title='bbox 1395 5824 1572 5888; x_wconf 74' lang='grc' dir='ltr'><strong>ζῶντά</strong></span> <span class='ocrx_word' id='word_1_944' title='bbox 1601 5833 1738 5885; x_wconf 75' lang='grc' dir='ltr'><strong>εἰσιν</strong></span> <span class='ocrx_word' id='word_1_945' title='bbox 1772 5835 1834 5885; x_wconf 77' lang='grc' dir='ltr'>ἑκ</span> <span class='ocrx_word' id='word_1_946' title='bbox 1863 5830 1956 5884; x_wconf 71' lang='grc' dir='ltr'><strong>τοῦ</strong></span> 
     </span>
    </p>
   </div>
   <div class='ocr_carea' id='block_1_116' title="bbox 2094 5809 3654 5914">
    <p class='ocr_par' dir='ltr' id='par_1_116' title="bbox 2094 5842 3654 5914">
     <span class='ocr_line' id='line_1_116' title="bbox 2094 5842 3654 5914; baseline 0.008 -19"><span class='ocrx_word' id='word_1_947' title='bbox 2094 5854 2292 5914; x_wconf 79' lang='lat' dir='ltr'><strong>usuper</strong></span> <span class='ocrx_word' id='word_1_948' title='bbox 2321 5842 2558 5914; x_wconf 87' lang='lat' dir='ltr'><strong>Spiritus</strong></span> <span class='ocrx_word' id='word_1_949' title='bbox 2586 5855 2809 5903; x_wconf 83' lang='lat' dir='ltr'><strong>sanctus</strong></span> <span class='ocrx_word' id='word_1_950' title='bbox 2857 5849 3044 5906; x_wconf 84' lang='lat' dir='ltr'><strong>omnia</strong></span> <span class='ocrx_word' id='word_1_951' title='bbox 3075 5849 3358 5907; x_wconf 84' lang='lat' dir='ltr'><strong>vivificans</strong></span> <span class='ocrx_word' id='word_1_952' title='bbox 3390 5865 3532 5906; x_wconf 85' lang='lat' dir='ltr'><strong>unus</strong></span> <span class='ocrx_word' id='word_1_953' title='bbox 3561 5859 3654 5910; x_wconf 85' lang='lat' dir='ltr'><strong>est.</strong></span> 
     </span>
    </p>
   </div>
  </div>
