4040 6202
300 311 371 375 59
1154 311 1533 373 SYMEONIS
1565 312 2330 377 ‘THESSALONICENSIS
2357 320 2724 381 AHCHIEP.
3474 318 3545 381 60

301 439 368 480 ex
395 440 502 481 uno
543 426 633 493 qui
663 438 881 494 semper
907 436 991 482 εει
1027 426 1211 489 Patre,
1246 436 1301 480 et
1355 428 1545 482 vivens
1594 437 1651 483 et
1705 428 1873 482 viviﬁ—

1987 430 2144 496 ἁγίου
2202 430 2553 500 Πνεύματος·⁹
2610 433 2804 502 λογικὰ
2862 434 2917 487 δὲ
2964 435 3025 487 ὲκ
3074 433 3168 488 τοῦ
3226 433 3401 499 Λόγου
3449 430 3544 484 τοῦ

304 530 439 570 cans
466 556 481 581 ,
513 524 567 568 et
597 516 649 568 in
688 515 890 582 Spiritu
925 526 1114 570 sancto
1140 519 1305 569 vitam
1344 517 1560 591 habent,
1601 527 1867 571 creaturae

304 606 678 671 ratiooabiles,
703 606 787 658 vel
843 610 1022 675 potius
1080 608 1560 673 immortalitatem,
1592 604 1868 677 'quoni'nn

305 697 642 751 ratiottabilia
676 696 793 751 sine
837 698 1038 763 Spiritu
1086 714 1208 752 esse
1240 714 1343 751 non
1381 704 1650 766 possent;
1728 698 1869 754 unde

304 803 388 841 res
423 787 633 839 ratione
664 786 897 856 prtetlitze
924 793 1084 841 vitam
1116 789 1333 855 quidem
1354 790 1554 842 habent
1584 805 1647 843 ex
1681 800 1871 845 sancto

306 880 532 948 Spiritu,
569 881 831 934 rationem
867 897 997 935 vero
1043 898 1110 935 ex
1142 880 1318 936 Verbo
1355 885 1565 936 vivente
1620 894 1672 936 et
1720 882 1870 934 exsi-

308 969 562 1022 stentiam
596 984 660 1022 ex
684 986 746 1023 eo
779 971 867 1038 qui
905 980 984 1022 νει
1012 970 1203 1035 Patre;
1247 986 1431 1023 verum
1476 971 1869 1024 irrationabilia

304 1074 367 1111 ex
391 1075 456 1113 eo
486 1059 580 1129 qui
610 1076 821 1129 semper
866 1072 948 1115 est
999 1061 1154 1114 Patre
1192 1062 1393 1115 habent
1427 1062 1570 1130 quod
1625 1064 1755 1126 sint,
1802 1059 1869 1116 ex

304 1150 426 1202 vivo
461 1151 579 1205 Pati
600 1153 642 1204 is
674 1152 845 1206 Verbo
871 1153 1016 1221 quod
1048 1153 1157 1205 sint
1187 1153 1347 1206 modo
1390 1154 1586 1206 rationi
1637 1168 1871 1207 consenv

306 1253 486 1307 tauro,
545 1252 600 1295 et
675 1244 944 1311 propriam
1005 1244 1232 1312 singulm
1294 1254 1543 1297 naturam
1608 1245 1867 1307 habeant,

305 1347 513 1386 necnon
563 1348 627 1387 ex
676 1335 890 1388 vivente
942 1336 1233 1399 omniaque
1283 1337 1623 1389 coatluttante
1681 1348 1871 1389 sancto

306 1425 510 1493 Spiritu
538 1428 682 1495 quod
717 1437 1040 1482 mOVeantur
1069 1440 1122 1482 et
1159 1439 1534 1497 permaneant,
1568 1429 1872 1498 propriam-

304 1531 410 1585 que
444 1518 668 1586 singula:
697 1523 950 1574 virtutem
1009 1530 1444 1591 consequantur.
1502 1520 1710 1573 Etenim
1740 1520 1869 1587 quid

304 1616 390 1661 est
416 1624 479 1662 ex
515 1611 769 1666 omnibus
805 1628 924 1679 quze
956 1615 1232 1667 exsistunt
1260 1613 1398 1679 quod
1438 1627 1541 1665 non
1573 1612 1637 1665 sit
1675 1625 1869 1663 secun-

304 1700 431 1753 dum
486 1704 901 1758 rationetnivel
937 1707 1067 1773 quid
1122 1717 1204 1761 est
1242 1706 1383 1775 quod
1451 1715 1651 1758 motum
1709 1717 1866 1756 suum

1978 520 2206 588 ζῶντος,
2233 526 2326 575 καὶ
2351 526 2477 576 ὄντα
2507 526 2568 577 ὲκ
2594 525 2686 579 τοῦ
2710 526 2864 589 ὄντος
2900 528 3133 597 Πατρός.
3158 526 3267 579 Καὶ
3289 524 3357 578 τὰ
3378 524 3545 591 ἄλογα

1973 610 2028 662 δὲ
2067 610 2127 662 τὸ
2157 607 2298 665 εἶναι
2331 615 2392 665 ὲκ
2431 616 2526 669 τοῦ
2559 618 2647 669 ἀεὶ
2688 619 2842 681 ὄντος
2872 618 2986 688 ἔχει
3047 620 3278 688 Πατρδς,
3316 619 3409 671 καὶ
3466 617 3542 686 τῷ

1972 702 2127 770 Λόγῳ
2157 704 2212 756 δὲ
2273 702 2433 769 εἶναι,
2466 710 2558 762 καὶ
2589 708 2732 762 οὕτω
2783 728 2898 771 πως
2929 712 3073 781 ἔχειν
3127 711 3360 764 ἕκαστον
3404 709 3546 763 κατὰ

1975 790 2137 858 φύσιν
2169 794 2231 845 ἐκ
2262 794 2353 846 τοῦ
2392 795 2593 860 ζῶντος
2614 799 2788 866 Λόγου
2819 797 2912 851 τοῦ
2955 799 3186 869 Πατρίις,
3245 799 3339 851 καὶ
3367 798 3426 849 τὸ
3459 814 3544 850 κι-

1973 882 2180 935 νεῖσθαι
2210 884 2264 936 δὲ
2295 887 2388 938 καὶ
2439 888 2621 955 μένειν
2653 893 2749 941 καλ⁵
2813 889 3044 957 δύναμιν
3076 889 3285 941 οἰκείαν
3352 886 3547 954 κεκτῆ-

1977 972 2099 1025 σθαι
2136 975 2368 1029 ἕκαστον
2400 979 2464 1030 ἐκ
2484 978 2575 1030 τοῦ
2611 978 2881 1044 ζωοῦντος
2907 982 3002 1035 καὶ
3034 981 3345 1050 συνέχοντος
3370 984 3546 1045 πάντα

1979 1064 2137 1131 ἁγίου
2186 1066 2529 1136 Πνεύματος.
2585 1071 2650 1122 Τί
2700 1070 2808 1141 γὰρ
2833 1072 2941 1124 τῶν
2974 1072 3167 1137 ὄντων,
3200 1073 3228 1124 ὃ
3286 1075 3360 1142 μὴ
3405 1074 3546 1126 κατὰ

1974 1156 2128 1224 λόγον
2160 1159 2343 1221 ὲστίνς
2385 1161 2458 1211 Ἢ
2492 1162 2541 1213 τί
2565 1162 2593 1213 ὃ
2636 1164 2709 1231 μὴ
2749 1166 2964 1233 κίνησιν
3003 1165 3141 1219 ἰδίαν
3192 1164 3306 1235 ἔχει
3341 1167 3434 1219 καὶ
3459 1166 3547 1219 δύ-

1976 1267 2143 1317 ναμιν
2176 1267 2190 1315 ;
2221 1250 2442 1304 Πάντων
2463 1252 2519 1305 δὲ
2542 1254 2749 1307 τούτων
2781 1256 2952 1319 αἴτιος
2984 1259 3016 1327 ἡ
3057 1257 3250 1326 Τριὰς,
3284 1259 3385 1326 12
3412 1259 3439 1309 ὁ
3460 1259 3547 1310 ἀεὶ

1976 1338 2052 1389 ὣν
2085 1340 2177 1391 καὶ
2228 1340 2335 1404 ζῶν
2369 1342 2462 1394 καὶ
2498 1343 2675 1412 μένων
2716 1347 2928 1417 Πατήρ.
2968 1346 3079 1401 Καὶ
3117 1350 3146 1401 ό
3199 1351 3287 1401 ἀεὶ
3314 1348 3391 1400 ὢν
3447 1348 3545 1400 σὺν

1975 1429 2051 1498 τῷ
2084 1430 2260 1497 Πιτρὶ
2290 1433 2465 1499 Λόγος
2499 1436 2593 1487 καὶ
2633 1436 2763 1507 Υἱὸς
2796 1438 3053 1506 συμφυὴς
3084 1439 3178 1491 καὶ
3230 1440 3544 1507 ἀσώματος,

1976 1522 2036 1573 τὸ
2077 1521 2449 1591 ἀπαύγασμα,
2478 1525 2504 1576 ό
2535 1504 2909 1597 χαρακτὴρ,ἦ
2944 1504 3105 1595 σοιρία
3151 1530 3244 1581 καὶ
3290 1504 3544 1598 δύναμιςς

1976 1614 2087 1666 Καὶ
2112 1613 2171 1665 τὸ
2206 1616 2269 1667 ὲκ
2302 1616 2438 1669 Θεοῦ
2473 1619 2567 1669 καὶ
2610 1619 2667 1671 ὲν
2697 1620 2774 1686 τῷ
2828 1619 2948 1689 Θεῷ
2981 1620 3247 1681 ζωοποιὸν
3299 1623 3545 1691 Πνεῦμα,

1977 1704 2159 1765 ἀϊδίως
2185 1703 2435 1773 ὑπάρχον
2462 1707 2518 1756 ὲν
2546 1708 2724 1777 αὐτῷ,
2761 1708 3062 1771 ζωοποιοῦν
3096 1726 3155 1761 τε
3176 1710 3286 1761 οιαὶ
3321 1709 3545 1777 συνέχον

307 1792 688 1862 propriamque
725 1796 974 1850 virtutem
1031 1812 1137 1849 non
1189 1798 1434 1851 babcat?
1480 1795 1687 1849 llorum
1750 1806 1874 1845 vero

1982 1794 2051 1846 τὰ
2095 1794 2412 1864 σύμπαντα.

306 1890 683 1946 universorum
715 1910 901 1950 auctor
929 1902 1011 1949 cst
1064 1894 1326 1957 Trinitas,
1367 1894 1457 1962 qui
1520 1907 1735 1961 semper
1786 1900 1886 1954 est,
1926 1890 2056 1943 vivit
2084 1901 2137 1946 et
2170 1900 2353 1945 manet
2376 1890 2554 1956 Pater,
2586 1902 2641 1947 et
2695 1892 2933 1950 Verbum
2980 1898 3119 1966 quod
3186 1912 3401 1966 semper
3458 1906 3540 1952 est

304 2001 426 2041 cunt
458 1985 634 2049 l‘atre,
692 1988 860 2042 Filius
898 1988 1378 2043 consubstantialis
1417 1998 1471 2042 et
1528 1988 1902 2054 incorporeus,
1940 1984 2215 2052 splendor,
2246 1986 2438 2054 ﬁgura,
2469 1988 2735 2056 sapientia
2764 1999 2817 2042 et
2868 1991 3038 2045 virtus
3062 2030 3077 2054 ,
3109 1999 3272 2061 atque
3312 1994 3548 2062 Spiritus

302 2097 366 2136 ex
399 2080 506 2135 Deo
540 2085 839 2150 procedens
870 2093 922 2137 et
974 2086 1025 2139 in
1068 2086 1173 2140 Deo
1205 2087 1504 2147 viviticans,
1546 2085 1610 2138 ab
1637 2093 1840 2137 materno
1873 2079 1927 2132 in
1978 2094 2045 2133 eo
2082 2080 2287 2145 vivens,
2320 2082 2679 2149 universaque
2706 2084 2984 2140 viviﬁcans
3017 2096 3069 2139 et
3104 2089 3442 2143 coatlunans.

374 2180 444 2232 At
480 2194 601 2231 cunt
634 2195 699 2234 ex
738 2183 995 2236 omnibus
1037 2185 1158 2238 istis
1213 2182 1518 2237 visibilibus
1574 2183 1737 2235 homo
1795 2179 1868 2233 sit

304 2266 754 2333 pttlclterritttum,
790 2272 855 2322 ad
903 2270 1189 2340 imaginem
1245 2272 1334 2324 Dei
1372 2280 1609 2334 creatus,
1647 2271 1715 2323 ab
1750 2270 1870 2337 ejus

304 2355 465 2409 etiam
484 2358 759 2412 creatione
798 2369 851 2413 et
879 2371 1075 2413 natura
1107 2360 1391 2417 Trinitatis
1425 2362 1715 2431 imaginem
1751 2377 1872 2431 pcr-

304 2448 605 2516 pendamus
626 2491 641 2513 ,
665 2465 790 2502 nam
816 2452 927 2519 ipse
956 2466 1299 2520 nequaquam
1337 2454 1513 2507 factus
1539 2463 1622 2508 est
1648 2462 1876 2522 propter

309 2538 570 2592 muntlum
610 2540 902 2607 visibilem,
933 2558 1056 2596 cum
1112 2544 1214 2597 iste
1278 2546 1348 2599 sit
1402 2546 1629 2601 rationis
1681 2561 1872 2614 expers

308 2644 363 2684 et
395 2630 514 2699 ejus
563 2642 744 2685 motus
782 2633 1051 2702 perfectus
1115 2636 1381 2705 nobisque
1423 2638 1691 2703 cognitus,
1754 2640 1871 2706 ipse

308 2725 489 2792 potius
520 2733 738 2793 propter
765 2725 1037 2781 hominem
1078 2730 1251 2785 fat-tus
1285 2739 1390 2795 est,
1421 2739 1478 2783 ut
1532 2741 1677 2784 metu
1728 2732 1873 2788 illius

308 2828 514 2872 constet
539 2817 773 2875 ltontiuis
809 2836 1047 2888 corpus;
1080 2823 1259 2876 anima
1292 2833 1468 2876 autem
1504 2823 1667 2877 ltouzo
1703 2823 1867 2890 spiri-

305 2910 486 2964 taliter
562 2923 844 2974 movetur,
919 2923 973 2965 et
1037 2914 1353 2967 Creatorem
1433 2916 1865 2984 contemplatur,

306 3001 596 3069 ipsumque
644 3017 752 3069 pra:
810 3003 1022 3056 caeteris
1054 3003 1118 3055 ad
1165 3002 1455 3071 imaginem
1496 3002 1586 3055 Dei
1619 3014 1861 3058 creatum

302 3106 422 3144 esse
458 3091 720 3159 scriptum
767 3100 870 3155 est,
906 3101 1068 3162 prout
1120 3093 1294 3147 sancti
1332 3094 1487 3147 multi
1519 3094 1585 3147 de
1649 3095 1749 3148 ltac
1810 3109 1867 3148 re

302 3190 630 3247 senserunt;
690 3182 889 3236 etenim
962 3182 1206 3237 invenies
1252 3182 1575 3238 Trinitatem
1637 3185 1707 3238 ab
1748 3184 1867 3254 ipso

304 3275 672 3329 testimonium
706 3277 998 3344 accipiens,
1023 3278 1165 3332 sicut
1200 3279 1299 3335 bac
1331 3294 1495 3344 super
1542 3295 1601 3332 re
1635 3280 1701 3333 tle
1747 3280 1870 3335 aliis

306 3368 469 3423 latius
499 3368 755 3422 diximus.
790 3366 924 3422 Nam
959 3380 1140 3424 mente
1190 3372 1370 3424 anima
1410 3382 1669 3425 aeternam
1720 3387 1872 3424 men-

304 3470 411 3514 tem
440 3470 669 3515 testatur
698 3460 933 3526 Patrem,
966 3462 1173 3515 ratione
1210 3460 1438 3516 Verbum
1488 3470 1542 3515 et
1593 3462 1740 3515 vitali
1774 3477 1870 3531 po-

306 3552 475 3605 tentia
505 3551 769 3620 Spiritum
810 3554 990 3606 omnia
1040 3552 1431 3607 vivillcatttem.
1490 3554 1677 3622 Angeli
1736 3567 1872 3622 quo-

309 3658 441 3709 que,
473 3658 595 3696 cum
626 3641 733 3697 sint
757 3642 1144 3711 intelligentia,
1203 3652 1457 3697 arternam
1491 3654 1722 3697 mentetn
1774 3643 1874 3696 Pa-

304 3743 439 3787 trem
476 3734 1053 3803 supetsnbstantialem
1085 3735 1413 3804 praedicant;
1449 3751 1572 3789 cum
1620 3735 1730 3789 sint
1783 3750 1872 3789 ra-

310 3823 597 3878 tionabiles
652 3831 707 3877 et
780 3823 1079 3893 sapientes,
1145 3824 1383 3878 Verbum
1437 3834 1490 3878 et
1548 3824 1870 3894 sapientiam

311 3915 580 3971 viventem
644 3924 1065 3985 manentemqtte
1119 3916 1171 3970 itt
1228 3931 1419 3984 magna
1467 3927 1648 3971 mente
1688 3916 1872 3971 decla-

307 4018 457 4074 rant;
488 4018 541 4061 et
580 4023 705 4063 cum
757 4008 863 4063 vita
899 4009 1194 4078 gaudeant,
1228 4008 1545 4077 donumque
1602 4009 1871 4061 luminum

312 4101 563 4165 habeant,
596 4100 649 4153 in
675 4100 885 4154 vivente
925 4112 1223 4167 sanctoque
1287 4098 1449 4153 Patre
1511 4099 1774 4153 viventem
1821 4107 1876 4152 et

306 4190 740 4245 Sanetiticantem
796 4199 848 4243 et
897 4191 1165 4243 vivilicam
1234 4189 1643 4242 substatttialem
1701 4189 1874 4241 virtu-

307 4289 414 4333 tetn
450 4280 801 4333 manifestam
849 4278 1109 4345 Spiritum
1147 4287 1395 4330 sanctum
1454 4278 1544 4345 qui
1611 4287 1695 4330 est
1752 4276 1873 4330 l‘ons

308 4370 765 4435 gratiarumeo
796 4379 1046 4422 creatura
1100 4370 1328 4422 rationis
1373 4383 1598 4434 exslters
1651 4366 1873 4421 Creato-

309 4474 421 4512 rem
451 4467 678 4512 testatur
707 4474 865 4523 ;nant
900 4458 1027 4512 dum
1057 4458 1290 4511 viventia
1325 4473 1388 4511 ex
1424 4458 1729 4512 viventibus
1775 4473 1870 4526 ge-
1901 4482 1956 4544 ι)

310 4559 572 4602 ttcratttur
636 4560 690 4603 et
740 4560 1004 4617 generant
1052 4549 1152 4603 etsi
1217 4549 1364 4602 brevi
1426 4558 1689 4618 tempore,
1747 4549 1873 4603 dum

308 4656 535 4709 corpora
568 4656 633 4693 ex
669 4642 893 4695 materia
929 4651 981 4695 et
1012 4643 1296 4697 elementis
1323 4642 1519 4696 similia
1544 4658 1574 4697 e
1604 4641 1877 4695 similibus

309 4741 561 4787 constant
586 4742 636 4786 et
675 4732 884 4801 singula
910 4734 1370 4788 immortalitatem
1393 4742 1672 4802 appetunt,
1709 4734 1875 4787 Deum

310 4825 401 4894 qui
465 4822 625 4877 Pater
680 4833 763 4879 est
814 4832 868 4878 et
928 4824 1166 4880 Verbum
1204 4826 1323 4881 sine
1374 4825 1559 4879 dolore
1611 4837 1878 4893 gettcrans

313 4932 522 4972 necnon
553 4932 615 4971 ex
651 4917 768 4986 ipso
796 4918 1157 4973 viviticantent
1213 4924 1577 4985 sanctumque
1608 4915 1874 4984 Spiritum

312 5007 627 5075 pra'dicant,
671 5008 930 5078 illumque
969 5019 1027 5063 ut
1057 5008 1397 5064 conditorem
1424 5023 1581 5063 suum
1613 5016 1879 5061 testantur

314 5107 575 5152 creaturae
597 5114 808 5153 omnes.
852 5099 943 5154 Sol
979 5115 1109 5155 vero
1140 5114 1262 5153 eum
1327 5097 1641 5152 manifestat
1697 5097 1881 5150 radios

314 5189 610 5258 lumenque
645 5193 922 5255 etnittens,
972 5199 1286 5245 monstrant
1327 5201 1379 5244 et
1421 5200 1567 5243 astra
1624 5188 1880 5241 universa

316 5282 493 5349 ignem
526 5280 810 5336 vibrantia.
844 5283 973 5337 Item
998 5282 1064 5336 de
1094 5282 1383 5335 arboribus
1428 5290 1481 5333 et
1531 5280 1732 5349 plantis
1764 5293 1883 5347 quae

317 5372 478 5424 liores
529 5369 847 5440 [ructusque
910 5372 1237 5440 producunt.
1300 5369 1464 5424 Terra
1512 5378 1691 5423 autem
1749 5369 1877 5421 tium

316 5462 589 5516 s-xcctttis
658 5461 955 5517 viventium
1021 5463 1323 5532 plantarum
1380 5461 1668 5531 generibus
1725 5460 1885 5512 Ill“)-

323 5555 449 5617 riat,
492 5563 546 5607 et
577 5570 686 5607 uno
717 5554 881 5606 verbo
906 5568 1096 5607 omnes
1126 5566 1393 5608 creatura:
1437 5552 1611 5608 solum
1666 5552 1885 5603 univer-

323 5662 510 5701 sorum
564 5644 730 5696 Deum
781 5643 833 5695 in
887 5640 1157 5696 Trinitate
1199 5642 1527 5711 gloriticattt,
1581 5642 1883 5711 praesertim

331 5751 459 5790 vero
482 5750 544 5791 ex
582 5735 834 5805 omnibus
858 5748 977 5803 quae
1005 5733 1245 5804 perlecta
1278 5743 1403 5791 sunt
1427 5745 1479 5788 et
1530 5732 1887 5801 perficiuntur

2051 2176 2204 2228 Ἐπεὶ
2258 2178 2315 2230 δὲ
2372 2179 2465 2230 καὶ
2522 2177 2632 2230 τῶν
2695 2181 2989 2249 ὁρωμένων
3039 2185 3268 2235 τουτωνὶ
3320 2184 3381 2236 τὸ
3413 2184 3547 2239 κάλ-

1972 2264 2159 2319 λιστον
2214 2268 2503 2337 ἄνθρωπος
2527 2308 2542 2330 ,
2577 2270 2671 2321 καὶ
2734 2270 2854 2322 κατἼ
2881 2272 3066 2325 εἰκόνα
3096 2272 3231 2325 Θεοῦ
3288 2276 3547 2341 κτισθείς,

1976 2359 2070 2411 καὶ
2112 2358 2219 2412 ἀπὸ
2252 2360 2350 2423 τῆς
2400 2360 2765 2429 δημιουργίας
2810 2362 3001 2415 τούτου
3047 2364 3139 2416 καὶ
3198 2365 3413 2433 φύσεως
3471 2370 3547 2419 εἱ-

1977 2449 2107 2501 κόνα
2166 2449 2269 2515 τῆς
2303 2448 2534 2519 Τριάδος
2586 2454 3039 2522 κατανοήσωμεν.
3072 2455 3205 2508 Οὐδὲ
3229 2458 3338 2524 γὰρ
3387 2459 3549 2522 αὐτὸς

1979 2538 2065 2591 διὰ
2089 2538 2181 2590 τὸν
2215 2539 2494 2609 ὁρώμενον
2521 2542 2751 2610 κόσμον,
2782 2546 2903 2596 insi
2930 2545 3125 2613 ἄλογος
3184 2548 3211 2598 ὁ
3242 2547 3544 2616 ὁρώμενος,

1980 2631 2073 2683 καὶ
2126 2635 2518 2703 πεπερασμένη
2571 2636 2764 2687 τούτου
2808 2637 2904 2691 καὶ
2966 2639 3286 2709 ὲγνωσμένη
3345 2643 3545 2711 ὴμτνή

1981 2722 2222 2792 κίνησις,
2286 2726 2383 2776 καὶ
2430 2724 2587 2789 οὗτος
2637 2726 2711 2779 δι’
2762 2728 2924 2779 αὑτὸν
2977 2729 3071 2781 τὸν
3104 2730 3395 2797 ἄνθρωπον
3431 2733 3547 2784 ἔστι

1981 2812 2208 2881 μᾶλλον,
2247 2813 2333 2866 ἵνα
2398 2815 2599 2885 συνέχῃ
2652 2816 2845 2870 τούτου
2898 2820 2963 2888 τῇ
3000 2821 3213 2889 κινήσει
3244 2820 3306 2873 τὸ
3365 2822 3544 2888 σῶμα.

1978 2900 2056 2972 Τῇ
2083 2903 2227 2973 ψυχῇ
2261 2904 2314 2956 δὲ
2364 2904 2654 2974 ἄνθρωπος
2691 2908 2895 2976 νοερῶς
2946 2913 3179 2963 κινεῖται
3228 2913 3320 2963 καὶ
3347 2911 3548 2982 θεωρεῖ

1976 2994 2069 3046 τὸν
2098 2994 2387 3060 κτίσαντα,
2418 2998 2515 3049 καὶ
2542 2997 2698 3061 αὐτὸς
2728 3000 2831 3067 πρὸ
2862 3000 2968 3054 τῶν
3000 3002 3177 3055 ἄλλων
3208 3005 3329 3056 κατ’
3359 3005 3544 3057 εἰκόνα

1976 3088 2288 3156 γέγραπται
2343 3088 2632 3159 κτισθῆναι
2678 3090 2837 3158 Θεοῦ,
2878 3092 2951 3154 ὡς
3007 3098 3102 3151 καὶ
3165 3095 3378 3157 πολλοῖς
3437 3098 3543 3149 τῶν

1977 3178 2147 3245 ἁγίων
2172 3179 2301 3248 περὶ
2329 3179 2521 3233 τούτου
2547 3181 2874 3251 διείληπται.
2910 3183 3185 3255 Εὑρήσεις
3212 3184 3321 3255 γὰρ
3354 3189 3446 3240 καὶ
3485 3188 3543 3251 ἐξ

1972 3270 2137 3325 αὑτοῦ
2171 3273 2628 3344 μαρτυρουμένην
2657 3274 2755 3343 τὴν
2777 3276 3005 3343 Τριάδα,
3040 3277 3185 3331 καθὰ
3217 3279 3310 3331 καὶ
3359 3280 3417 3330 ἐν
3442 3280 3540 3332 ἄλ-

1972 3359 2081 3422 λοις
2115 3364 2243 3431 περὶ
2268 3362 2461 3417 τούτου
2496 3365 2630 3432 ἡμῖν
2659 3365 2996 3435 πλατύτερον
3020 3368 3260 3436 εῐρηται.
3294 3369 3357 3420 Ἢ
3392 3368 3538 3438 ψυχὴ

1974 3453 2086 3519 γὰρ
2115 3453 2190 3522 τῷ
2214 3455 2297 3506 νο⁴ί
2325 3454 2415 3507 τὸν
2444 3455 2683 3523 ἁναρχον
2709 3457 2833 3510 νοῦν
2863 3460 3154 3527 μαρτυρεῖ,
3188 3460 3278 3511 τὸν
3301 3462 3537 3529 Πατέρα,

1976 3543 2070 3595 καὶ
2100 3544 2177 3610 τῷ
2211 3543 2357 3613 λόγῳ
2408 3545 2500 3596 τὸν
2525 3548 2720 3613 Λόγον,
2763 3548 2856 3600 καὶ
2884 3552 2951 3618 τῇ
2994 3548 3196 3620 ζωτικῇ
3220 3550 3449 3619 δυνάμει
3474 3550 3536 3600 τὸ

1979 3632 2283 3696 ζωοποιοῦν
2314 3636 2494 3688 πάντα
2524 3637 2771 3707 Πνεῦμα.
2806 3640 2922 3711 ,Καὶ
2946 3640 3171 3708 ἄγγελοι
3200 3642 3255 3694 δὲ
3286 3641 3405 3703 νόες
3442 3642 3541 3711 μὲν

1974 3726 2131 3788 ὄντες
2161 3725 2303 3780 οὕτω
2368 3728 2704 3797 κηρύττουσι
2752 3733 2844 3783 τὸν
2895 3730 3222 3802 προαιώνιον
3269 3732 3394 3785 νοῦν
3451 3733 3541 3786 τὸν

1977 3817 2204 3888 Πατέρα
2254 3821 2346 3871 τὸν
2381 3820 2708 3890 ὐπερούσιον
2731 3836 2745 3851 ·
2771 3822 2981 3889 λογικοὶ
3005 3823 3063 3875 δὲ
3101 3825 3255 3887 ὄντες
3316 3826 3408 3877 καὶ
3449 3842 3542 3877 σο-

1977 3911 2091 3976 φοὶ,
2131 3911 2221 3962 τὸν
2250 3912 2420 3977 Λόγον
2452 3912 2546 3963 καὶ
2574 3910 2672 3981 τὴν
2704 3915 2905 3980 σοφίαν
2932 3914 3033 3982 τὴν
3059 3914 3244 3978 ζῶσαν
3304 3917 3400 3968 καὶ
3448 3918 3542 3986 μι-

1978 4020 2177 4056 νουσαν
2213 4005 2269 4055 ὲν
2308 4003 2386 4070 τῷ
2422 4003 2641 4072 μεγάλῳ
2676 4006 2778 4059 νοῒ.
2815 4004 2930 4058 ’Λεὶ
2955 4006 3012 4059 δὲ
3044 4005 3269 4069 ζῶντες,
3317 4007 3409 4059 καὶ
3434 4025 3545 4076 φω-

1977 4095 2263 4161 τισμάτων
2317 4094 2526 4163 δωρεὰς
2583 4094 2817 4164 ἔχοντες,
2868 4095 2968 4167 τὴν
3025 4099 3083 4150 ὲν
3124 4096 3202 4167 τῷ
3254 4097 3418 4161 ζῶντι
3449 4097 3546 4151 καὶ

1980 4184 2121 4252 ἁγίῳ
2160 4186 2332 4253 “arpi.
2387 4184 2571 4247 ζῶσαν
2617 4188 2710 4240 καὶ
2758 4186 3022 4251 ζωοποιδν
3068 4190 3165 4242 καὶ
3211 4190 3543 4257 ἁγιαστικὴν

1982 4276 2347 4328 ὲνυπόστατον
2369 4276 2622 4342 δύναμιν,
2656 4280 2716 4331 τὸ
2742 4280 3010 4347 πανάγιον
3042 4279 3286 4347 Πνεῦμα,
3336 4281 3473 4346 ὅπερ
3507 4280 3538 4345 ὴ

1983 4368 2138 4436 πηγὴ
2170 4366 2278 4419 τῶν
2332 4368 2689 4438 χαρισμάτων
2737 4370 2908 4423 ἐστίν.
2952 4368 3115 4421 Ἀλλὰ
3151 4371 3246 4421 καὶ
3289 4369 3544 4438 ήᾶλογος

1984 4459 2131 4511 πᾶσα
2162 4459 2339 4522 κτίσις
2379 4464 2648 4531 μαρτυρεῖ
2671 4460 2759 4513 τὸν
2790 4459 3165 4530 Δημιουργόν⁶
3198 4460 3256 4513 τὸ
3284 4461 3393 4528 γὰρ
3418 4475 3542 4525 γεν-

1982 4555 2081 4623 νᾷν
2111 4556 2200 4606 καὶ
2228 4555 2525 4622 γεννᾶσθαι
2552 4555 2733 4620 ζῶντα
2774 4556 2835 4608 ἐκ
2864 4555 3104 4619 ζώντων,
3156 4556 3205 4607 εἰ
3250 4555 3345 4608 καὶ
3417 4555 3545 4621 ῥευ-

1984 4644 2148 4708 στῶς,
2178 4645 2265 4697 διὰ
2292 4646 2349 4699 τὸ
2380 4647 2443 4698 ὲκ
2474 4646 2572 4712 τῆς
2602 4645 2737 4714 ὕλης
2774 4647 2869 4699 καὶ
2900 4646 3010 4698 τῶν
3066 4643 3341 4714 στοιχείων
3400 4644 3545 4713 ἔχειν

1980 4734 2049 4789 τὰ
2087 4735 2336 4806 σώματα,
2376 4739 2470 4789 καὶ
2506 4737 2670 4803 ὃμοια
2698 4736 2757 4800 ἐξ
2791 4735 3019 4803 ὁμοίων,
3047 4734 3144 4789 καὶ
3197 4735 3297 4804 τὴν
3350 4735 3551 4788 ἀθανα-

1981 4824 2105 4879 σίαν
2136 4824 2367 4879 ἕκαστον
2425 4826 2631 4878 τούτων
2679 4823 2979 4893 ἐπιζητεῖν,
3021 4827 3113 4875 τὸν
3167 4822 3299 4877 ὄντα
3334 4822 3552 4889 Πατέρα

1980 4916 2138 4981 Θεὸν,
2164 4917 2260 4969 καὶ
2294 4913 2523 4979 ἀπαθῶς
2561 4916 2815 4969 τίκτοντα
2851 4914 3047 4983 Λόγον,
3080 4916 3175 4967 καὶ
3212 4916 3273 4967 τὸ
3298 4915 3354 4978 ἐξ
3380 4910 3547 4966 αὑτοῦ

1981 5008 2245 5072 ζωοποιδν
2279 5006 2375 5060 καὶ
2415 5008 2572 5074 ᾶγιον
2635 5007 2860 5076 Πνεῦμα
2897 5006 3227 5076 κηρύττουσι
3250 5021 3264 5036 ⁸
3301 5006 3392 5056 καὶ
3422 5002 3547 5056 τοῦς

1981 5112 2073 5149 τον
2102 5097 2178 5158 ὡς
2218 5098 2446 5165 κτίστην
2506 5097 2701 5159 ἑαυτῆς
2738 5098 2770 5163 ὴ
2811 5095 2984 5157 κτίσις
3020 5095 3203 5147 ἁπασα
3264 5093 3548 5160 μαρτυρεῖ.

1985 5189 2095 5241 Καὶ
2123 5188 2272 5258 ἥλιος
2294 5187 2351 5239 δὲ
2371 5186 2531 5240 τοῦτο
2551 5187 2851 5249 δείκνυσιν,
2888 5186 3112 5247 ἀκτῖνας
3137 5185 3438 5252 ἐκπέμπων
3459 5185 3554 5236 καὶ

1984 5278 2119 5346 φῶς,
2146 5278 2238 5331 καὶ
2259 5279 2486 5347 ἀστέρες
2520 5277 2717 5338 nivea;
2739 5292 2753 5306 ·
2797 5277 3000 5344 ὁμοίως
3033 5293 3091 5327 τε
3145 5276 3240 5327 καὶ
3282 5275 3345 5327 τὸ
3404 5275 3541 5342 πῦρ.

1997 5368 2159 5422 ’Λλλὰ
2194 5368 2287 5420 καὶ
2332 5367 2401 5419 τὰ
2432 5367 2579 5435 φυτὰ
2622 5368 2717 5420 καὶ
2755 5366 3001 5436 βοτάναι,
3051 5365 3186 5436 ἄνθη
3244 5367 3555 5435 προάγοντι

1989 5460 2080 5511 καὶ
2112 5457 2380 5526 καρπούς.
2416 5458 2527 5510 Καὶ
2563 5457 2631 5526 γῆ
2669 5457 2745 5522 δὲ,
2807 5457 2979 5527 μυρία
3017 5456 3399 5523 βλαστάνουσα
3455 5471 3556 5521 φυ-

1988 5550 2095 5603 τῶν
2130 5550 2245 5619 εἴδη
2277 5548 2480 5607 ζῶντα.
2547 5550 2655 5601 Kai
2695 5548 2883 5606 ἁπλῶς
2933 5550 3082 5621 πᾶσα
3130 5548 3305 5609 κτίσις
3358 5546 3445 5597 τὸν
3501 5547 3557 5596 ὲν

1989 5640 2183 5709 Τριάδι
2221 5640 2381 5707 μόνον
2404 5640 2537 5693 Θεὸν
2574 5640 2681 5693 τῶν
2711 5640 2849 5691 ὅλων
2891 5637 3185 5705 δοξολογεῖ.
3233 5635 3556 5703 Ἐξαιρέτως

1992 5732 2045 5784 δὲ
2076 5734 2138 5785 ἑκ
2163 5731 2295 5790 τῶν,
2323 5732 2683 5786 τελεσθέντων
2705 5772 2720 5799 ,
2756 5733 2847 5784 καὶ
2899 5730 2979 5783 ἔτι
3041 5729 3399 5797 τελουμένων,
3464 5721 3554 5775 καὶ
