4040 6202
374 259 436 323 Μ
1001 319 1006 322 -
1427 280 1814 342 DlALOGUS
1835 281 2138 342 CONTRA
2173 287 2568 354 ILERESES.

3563 301 3636 362 62

375 376 626 482 Ξειάργῶς
649 377 1023 452 δεικνυμένων
1045 383 1346 455 θαυμάτων
1373 393 1466 444 καὶ
1498 393 1672 462 λόγων
1699 396 1794 448 καὶ
1814 396 1953 465 πρά-

2082 411 2112 456 ιι
2165 403 2338 470 palam
2395 411 2764 468 ostenduntur
2820 415 3116 482 miraculis,
3175 415 3524 472 sermonibus
3581 429 3636 470 et

347 475 350 480 '
379 463 512 556 ξεων
546 467 604 519 ὲν
635 469 704 538 τῇ
737 469 834 523 τοῦ
869 473 1110 542 Χριστοῦ
1150 477 1476 554 Ἐκκλησία,
1507 486 1540 554 ὴ
1583 487 1686 552 τῆς
1721 463 1950 556 Τριάῦος

377 555 1242 647 ἀναδείκνυταικαῖκηρῦσσεται
1298 571 1552 642 δύναμις.
1609 577 1704 639 Τίς
1767 555 1876 647 γὰρ
1926 581 1954 631 ὁ

377 645 704 712 ἑξαπλὼσας
735 654 794 706 ἐν
823 655 940 726 ,ὅλῳ
991 657 1068 726 τῷ
1103 660 1296 732 κόσμῳ
1329 664 1388 716 τὸ
1422 666 1523 733 τῆς
1583 669 1811 738 Τριάδος

381 757 590 808 ρυγμα,
625 743 720 796 καὶ
771 745 870 816 τὴν
926 749 1206 818 σάρκωσιν
1251 753 1345 806 τοῦ
1401 756 1669 825 Χριστοῦ;
1711 761 1819 812 Καὶ
1870 760 1952 814 ἑτι

379 832 628 894 ὲξαπλῶν
673 835 769 887 καὶ
812 840 1087 909 συνέχων,
1141 844 1469 913 ἀμετρήτων
1514 848 1822 916 ἀνθρώπων
1862 850 1955 904 καὶ

382 924 648 992 βασιλέων
679 929 776 982 καὶ
811 929 983 984 tam
1045 935 1485 990 ὲνανττωθέντων
1543 941 1692 1009 αὐτῷ
1727 943 1805 1012 τῷ
1856 959 1957 1011 κη-

386 1015 627 1084 ρύγματι
660 1020 754 1071 καὶ
777 1020 1111 1088 διωξάντων,
1165 1027 1258 1078 καὶ
1291 1029 1456 1097 μέχρι
1485 1030 1580 1090 νῦν
1611 1031 1950 1097 διωκόντων;

383 1108 551 1160 ιΙόθεν
583 1112 610 1162 ό
644 1111 808 1175 πόθος
835 1113 936 1182 τῆς
965 1117 1266 1187 παρθενίας
1300 1122 1355 1173 ὲν
1398 1125 1510 1185 τοῖς
1545 1127 1806 1192 πιστοῖ;;
1851 1125 1957 1178 Πό-

383 1199 474 1252 θεν
508 1203 536 1253 ό
571 1200 714 1270 ἔρως
755 1205 854 1273 τῆς
882 1208 1261 1278 σωφροσύνης,
1293 1211 1472 1263 καὶτὸ
1525 1213 1752 1280 φεύγειν
1795 1215 1862 1266 τὰ
1899 1215 1958 1266 ἐν

382 1289 460 1357 τῷ
485 1295 712 1364 κόσμῳ,ἷ
748 1296 897 1367 καὶὴ
935 1299 994 1350 ὲν
1023 1301 1255 1369 ἐρήμοις
1302 1303 1512 1355 πολλῶν
1558 1304 1906 1374 ἀναχώρησις
1940 1324 1956 1372 ;

387 1381 556 1434 Πόθεν
587 1385 621 1452 ἡ
658 1385 819 1453 χάρις
843 1386 954 1439 τῶν
985 1387 1200 1456 ίερέων,
1254 1391 1345 1444 καὶ
1399 1394 1466 1446 τὰ
1511 1393 1596 1446 διὰ
1630 1395 1735 1448 τῶν
1769 1396 1958 1464 ἱερέων

382 1474 664 1542 γινόμενα,
701 1476 884 1541 λύσεις
916 1479 1007 1532 καὶ
1038 1481 1227 1549 δεσμοὶ
1257 1483 1366 1534 τῶν
1398 1483 1850 1554 άμαρτημάτων;
1891 1486 1958 1538 ".A

383 1568 482 1619 καὶ
511 1567 580 1620 δι’
611 1568 890 1638 αἰσθητῶν
925 1571 1022 1626 καὶ
1049 1573 1262 1645 νεκρῶν
1289 1579 1560 1645 σωμάτων
1589 1579 1962 1648 ἐπιμαρτυρεῖ

385 1659 416 1710 ό
443 1657 598 1721 Θεός.
635 1659 808 1712 Πόθεν
837 1663 870 1732 ἠ
899 1663 956 1714 ὲν
985 1665 1098 1727 τοῖς
1139 1665 1318 1733 ἁγίοις
1345 1666 1625 1736 λειψάνοις
1656 1669 1768 1721 τῶν
1797 1670 1959 1737 ἰαμά-

385 1768 498 1803 των
522 1752 774 1822 ἐνέργεια
802 1771 816 1819 ;
853 1755 956 1807 Ἢν
987 1759 1083 1809 καὶ
1119 1757 1444 1823 ἀσεΰοῦντες
1477 1745 1666 1828 ὁρῶσι,
1686 1761 1781 1814 καὶ
1806 1761 1966 1815 ἄκον-
1999 1741 2041 1796 Β

385 1860 480 1908 τες
529 1845 927 1914 καθομολογεῖν
973 1849 1402 1918 ἀναγκάζονται.
1475 1853 1646 1906 Πόθεν
1702 1854 1886 1917 αὺτοῖς
1928 1856 1962 1925 ή

387 1936 589 1991 εὐωδία
634 1938 732 1991 καὶ
787 1938 849 1990 τὸ
881 1939 1068 2008 μένειν
1101 1941 1398 2014 άλώὸητας
1442 1943 1520 1998 Τὰ
1562 1943 1680 1998 θεῖα
1731 1945 1787 1999 δὲ
1817 1947 1968 2016 ἐνερ-

386 2030 624 2098 γήματα
651 2033 718 2086 τά
746 2031 837 2086 διὰ
871 2033 981 2087 τῶν
1013 2035 1185 2102 ἁγίων
1215 2037 1442 2091 εἰκόνων
1476 2039 1572 2091 καὶ
1615 2037 1780 2109 ἱερῶν
1803 2037 1964 2104 ναῶν,

387 2120 486 2172 καὶ
504 2122 860 2191 ἡγιασμένων
891 2123 1100 2179 ὑδάτων
1144 2125 1344 2192 πόθεν;
1374 2127 1448 2182 Οὐ
1481 2126 1652 2182 ταῦτα
1679 2128 1844 2198 μέχρι
1873 2125 1965 2180 τοῦ

387 2211 486 2268 νῦν
524 2215 584 2266 ἐν
613 2215 680 2284 τῇ
703 2212 1007 2287 Ἐκκλησία
1038 2216 1314 2286 άριδήλως
1361 2218 1624 2282 τελεῖται,
1656 2223 1721 2288 τῇ
1755 2218 1970 2288 ὀρθοδό-

391 2303 500 2367 ξως
529 2305 870 2377 ὁμολογούσῃ
920 2307 1013 2361 τδν
1044 2309 1102 2362 ἐν
1125 2307 1320 2378 Τριάδι
1345 2309 1515 2375 Θεόν;
1569 2309 1732 2364 Ἀλλὰ
1754 2311 1849 2362 κοιλ⁸
1899 2309 1970 2362 τά

389 2397 460 2450 ἐκ
497 2399 854 2470 μαρτυρικῶν
894 2399 1040 2471 μύρα
1068 2401 1362 2470 λειψάνων,
1389 2401 1486 2454 καὶ
1529 2403 1586 2454 αἱ
1621 2399 1970 2472 θαυματουρ-

389 2491 536 2558 ﬁat,
568 2492 664 2544 atati
691 2493 749 2544 αἱ
814 2491 1074 2562 πρόδηλοι
1129 2491 1236 2545 τῶν
1281 2492 1454 2560 ἁγίων
1508 2491 1691 2544 αὐτῶν
1741 2493 1964 2543 ἐπιστάς

390 2583 510 2636 σίαι
542 2583 640 2636 καὶ
671 2581 917 2652 φυλακαὶ
949 2584 981 2652 ἠ
992 2583 1110 2653 μῶν
1133 2584 1242 2636 τῶν
1267 2583 1476 2637 πιστῶν
1525 2583 1656 2653 παρ’
1711 2583 1970 2638 άσεῆοὐνο

390 2693 510 2730 των
540 2675 914 2746 διωκομένων,
947 2677 1042 2732 καὶ
1076 2679 1133 2730 αἱ
1176 2678 1285 2731 τῶν
1340 2679 1518 2732 ἀθέων
1576 2679 1758 2732 αὐτῶν
1805 2696 1976 2732 κατα-

395 2770 638 2838 στροφαὶ
661 2769 928 2833 πολλάκις
961 2769 1086 2823 καθ’
1120 2769 1280 2839 ἡμῶν
1311 2769 1649 2840 κινουμένων
1687 2771 1858 2844 μανίᾳ
1879 2770 1974 2822 καὶ

395 2863 694 2934 συνεργείᾳ
745 2866 1036 2934 σατανικῇ,
1081 2861 1355 2934 λαμπρῶς
1395 2863 1706 2934 παρεστῶσι
1764 2863 1824 2916 τὸ
1876 2865 1974 2931 τῆς

392 2953 685 3014 εὗσεσείας
715 2953 896 3008 αὐτῶν
924 2954 1034 3006 τῶν
1062 2955 1411 3024 Χριστιανῶν
1464 2955 1609 3008 θεῖον
1672 2959 1768 3010 καὶ
1829 2954 1976 3023 μέγα

2061 501 2228 564 gestis
2294 499 2347 553 in
2413 501 2655 558 Ecclesia
2713 503 2916 561 Christi
2993 507 3230 562 revelata
3308 507 3634 578 pnedicatur

2061 587 2348 646 Trinitatis
2379 603 2636 660 potestas.
2669 597 2803 652 Nam
2852 599 2975 668 quis
3026 601 3078 654 in
3127 600 3380 654 universo
3433 599 3637 654 mundo

2063 681 2505 748 praedicationem
2535 686 2822 744 Trinitatis
2866 699 2919 744 et
2949 691 3384 746 incarnationem
3427 692 3631 746 Clu-iSIi

2062 775 2424 843 propagavit?
2453 776 2590 842 Quis
2621 795 2765 834 nunc
2789 795 3008 849 quoque
3036 798 3338 852 propagans
3371 793 3424 835 et
3477 783 3634 836 colli-

2063 881 2217 934 gens,
2251 868 2554 923 innumeris
2588 873 2901 928 heminibus
2949 875 3274 944 regibusque
3301 883 3348 928 et
3384 875 3635 941 gentibus

2063 960 2509 1028 praedicationem
2543 964 2955 1031 repellentibus,
3011 967 3322 1035 persecutis
3374 977 3427 1020 et
3492 981 3636 1020 nunc

2067 1051 2232 1105 etiam
2269 1055 2768 1120 persequentibus?
2804 1055 2962 1110 Unde
3025 1057 3078 1110 in
3115 1045 3368 1112 ﬁdelibus
3417 1057 3642 1125 virgini-

2069 1141 2198 1195 tatis
2231 1141 2616 1198 desiderium?
2648 1145 2806 1199 Unde
2841 1161 2996 1202 amor
3021 1147 3379 1212 castimoniae,
3407 1157 3462 1210 et
3510 1146 3636 1216 fuga

2066 1247 2256 1288 eorum
2282 1249 2402 1302 quae
2435 1235 2487 1288 in
2518 1235 2720 1290 mundo
2743 1245 2972 1300 sunt,'et
3003 1239 3297 1294 multorum
3345 1239 3398 1293 in
3424 1239 3638 1293 deserta

2071 1325 2364 1378 secessus?
2391 1325 2546 1381 Unde
2573 1328 2743 1397 gratia
2771 1330 3140 1392 sacerdotum,
3186 1339 3238 1384 et
3272 1345 3333 1384 ea
3386 1345 3508 1399 qum
3546 1345 3641 1396 per

2067 1416 2380 1470 sacerdotes
2411 1417 2551 1471 facta
2585 1427 2734 1484 sunt,
2767 1419 2996 1475 dimissa
3049 1431 3368 1490 retentaque
3389 1429 3636 1490 peccata,

2045 1519 2190 1574 quae
2237 1507 2574 1562 sensibilium
2642 1517 3094 1581 mortuorumque
3162 1525 3451 1580 corporum
3533 1524 3638 1578 ope

2072 1605 2303 1652 testatur
2327 1597 2510 1654 Dens?
2543 1599 2699 1654 Unde
2730 1599 2784 1653 in
2823 1603 3032 1656 sam-tis
3063 1601 3310 1671 reliquiis
3341 1599 3634 1656 sanitatum

2073 1688 2290 1742 virtus?
2321 1687 2472 1744 llanc
2502 1699 2554 1744 et
2581 1691 2682 1759 ipsi
2711 1699 2943 1746 cernunt
2971 1693 3143 1760 impii,
3172 1701 3226 1746 et
3257 1691 3409 1746 inviti
3439 1706 3643 1761 cogun-

2049 1789 2162 1832 tur
2193 1779 2459 1834 conﬁteri.
2493 1779 2646 1836 Unde
2669 1782 2816 1836 bono
2856 1783 3025 1837 odore
3051 1783 3299 1837 redolent
3335 1783 3644 1851 intactaque

2069 1879 2294 1926 manent
2321 1873 2588 1934 corpora?
2645 1870 2801 1927 Unde
2871 1873 3072 1929 divinae
3123 1873 3470 1943 operationes
3551 1885 3645 1940 per

2068 1969 2292 2016 sanctas
2329 1961 2614 2032 imagines,
2671 1978 2768 2032 per
2819 1963 3018 2032 templa
3083 1977 3264 2024 sacra,
3320 1979 3418 2033 per
3473 1975 3644 2031 aquas

2069 2051 2486 2107 sanctilicatas?
2509 2051 2701 2108 Nonne
2725 2053 2841 2108 haec
2869 2055 3054 2110 omnia
3085 2069 3260 2124 usque
3301 2053 3368 2108 ad
3406 2069 3550 2108 nunc
3587 2053 3644 2108 in

2073 2139 2316 2196 Ecclesia
2340 2140 2580 2210 perfecta
2611 2150 2760 2208 sunt,
2823 2143 2877 2196 in
2919 2157 2982 2198 ea
3016 2158 3160 2213 quae,
3213 2152 3274 2198 ut
3333 2151 3485 2198 recta
3543 2141 3642 2198 fert

2069 2235 2342 2302 doctrina,
2385 2235 2551 2292 Deum
2581 2235 2635 2291 in
2664 2236 2932 2292 Trinitate
2961 2238 3292 2292 conﬁtetur?
3325 2235 3430 2292 Sed
3482 2237 3644 2290 etiam

2071 2335 2350 2396 unguenta
2381 2341 2414 2382 e
2457 2335 2760 2398 martyrum
2791 2328 3043 2398 reliquiis
3081 2329 3382 2392 manantia,
3431 2335 3486 2383 et
3519 2341 3650 2397 pro-

2072 2417 2242 2486 digia,
2275 2426 2331 2472 et
2361 2415 2652 2472 manifesta
2687 2427 3004 2473 sanctorum
3037 2419 3279 2490 ipsorum
3312 2418 3562 2489 praesidia
3586 2432 3650 2472 ac

2072 2508 2336 2564 custodiat
2365 2508 2566 2578 quibus
2601 2523 2704 2564 nos
2738 2509 2922 2566 ﬁdeles
2951 2511 3022 2564 ab
3055 2509 3372 2564 inﬁdelibus
3403 2509 3652 2577 exagita-

2075 2611 2159 2654 tos
2205 2608 2447 2662 tuentur,
2521 2601 2876 2672 ipsorumque
2937 2603 3230 2672 impiorum
3299 2601 3482 2658 clades
3550 2614 3650 2656 nos

2075 2693 2276 2762 saepius
2345 2692 2612 2746 diabolica
2673 2691 2892 2748 l‘critate
2956 2692 3039 2746 vel
3103 2707 3208 2762 ope
3267 2693 3514 2747 satanica
3567 2691 3653 2745 in-

2077 2782 2430 2845 sectantium,
2465 2783 2748 2838 evidenter
2800 2783 3047 2837 divinum
3103 2785 3473 2856 magnumque
3531 2781 3651 2850 pie-

2079 2876 2208 2931 tatis
2251 2875 2688 2931 Cltristianorum
2745 2873 3084 2944 patefaciunt
3142 2872 3502 2944 mysterium:
3556 2869 3652 2924 sed

2080 2981 2147 3021 eo
2167 2966 2288 3036 ipso
2315 2965 2460 3035 quod
2491 2977 2594 3019 nos
2641 2969 2704 3017 ut
2744 2963 2930 3018 ﬁdeles
2988 2969 3044 3016 et
3094 2959 3387 3016 orthodoxi
3439 2957 3507 3012 ab
3547 2955 3656 3010 ini-

398 3047 732 3116 μυστήριον.
767 3045 934 3099 Ἀλλὰ
964 3047 1066 3116 13
1101 3047 1194 3100 καὶ
1226 3047 1358 3101 αὐτὸ
1380 3048 1441 3101 τὸ
1497 3045 1793 3101 διώκεσθαι
1827 3046 1975 3120 ἡμᾶς

2082 3059 2241 3114 micis
2297 3071 2554 3113 vexamur
2627 3063 2684 3110 et
2741 3053 3077 3109 cruciatibus
3149 3049 3332 3106 amicti
3395 3049 3657 3120 patimur,

392 3139 476 3200 ὡς
509 3138 738 3202 πιστούς
763 3155 822 3191 τε
851 3141 948 3192 καὶ
973 3138 1290 3208 ὀρθοδόξους
1347 3141 1498 3211 παρὰ
1546 3139 1660 3194 τῶν
1691 3142 1975 3204 ἐναντίων,

393 3232 498 3284 καὶ
525 3230 588 3284 es
622 3233 1094 3301 ταλαιπωρεῖσθαι
1127 3237 1228 3286 xui.
1263 3231 1496 3302 πάσχειν
1548 3231 1610 3285 τὸ
1669 3231 1786 3303 μεθ’
1821 3231 1974 3302 ἡμῶν

397 3319 548 3375 εἶναι
593 3322 687 3376 τὸν
715 3323 888 3394 ἀληθῆ
933 3325 1032 3378 καὶ¹
1065 3325 1223 3393 μόνον
1258 3324 1316 3376 ὲν
1345 3323 1538 3394 Τριάδι
1560 3323 1692 3377 Θεὸν
1713 3325 1982 3395 παρίστη-

397 3431 512 3466 σιν.
552 3413 686 3466 om
718 3416 825 3485 γάρ
851 3415 1160 3478 ἀνάπαυσις
1191 3414 1310 3486 Θεῷ
1336 3417 1394 3468 ὲν
1432 3415 1512 3486 τῷ
1539 3415 1732 3485 κόσμῳ
1779 3415 1978 3485 τούτῳ,

357 3572 364 3579 _
396 3511 528 3563 οὐδὲ
555 3510 614 3561 ὲν
659 3509 770 3570 τοῖς
809 3507 1132 3576 ὁρωμένοις,
1172 3507 1266 3560 καὶ
1300 3507 1526 3578 ζητοῦσι
1548 3507 1616 3561 τά
1647 3507 1738 3561 τοῦ
1775 3509 1982 3576 κόσμου

397 3603 602 3656 τούτου
628 3601 725 3654 καὶ
756 3599 1017 3653 ποθοῦσιν
1041 3601 1374 3672 ἀνθρώποις,
1396 3596 1512 3654 ἀλλ’
1534 3601 1590 3652 ὲν
1621 3603 1732 3664 τοῖς
1759 3601 1983 3668 ἀγαπῶ-

405 3713 498 3748 σιν
539 3697 700 3749 αὗτδν
738 3695 840 3770 καὶ,
879 3693 1107 3764 ζητοῦσι
1139 3695 1240 3764 τὴν
1272 3691 1430 3757 δόξαν
1474 3692 1662 3756 αὑτοῦ,
1716 3695 1810 3748 καὶ
1843 3692 1986 3764 ὑπὲρ

401 3787 578 3842 αὐτοῦ
609 3786 1058 3856 ἀγωνιζομένοις,
1090 3785 1284 3848 οἵτινές
1321 3785 1461 3838 είσιν
1486 3784 1535 3837 οί
1568 3785 1709 3838 κατὰ
1734 3784 1857 3846 τοὺς
1879 3786 1988 3840 πά-

399 3884 502 3935 λαι
557 3879 802 3943 δικαίους
859 3876 1196 3948 θλιϐόμενοι,
1262 3876 1606 3946 διωκόμενοι,
1673 3881 1986 3948 πενόμενοι,

404 3972 870 4042 κακουχούμενοι,
914 3971 1376 4041 ἀποθνήσκοντες,
1435 3967 1824 4036 ξενιτεύοντες,
1861 3971 1937 4031 ὡς
1963 3973 1990 4024 ό

407 4065 587 4121 Ἅϐελ
607 4066 704 4118 καὶ
730 4063 872 4125 Νῶε.
897 4067 993 4118 καὶ
1021 4063 1278 4134 Ἀϐραάμ
1299 4080 1357 4116 τε
1391 4065 1488 4117 καὶ
1513 4063 1722 4128 Ἰσαὰκ,
1756 4066 1850 4117 καὶ
1879 4063 1988 4118 Ἰα-

405 4161 532 4214 κὸβ
561 4161 654 4216 καὶ
676 4163 728 4214 οἱ
749 4159 917 4214 αὑτοῦ
947 4161 1136 4222 παῖδες
1161 4177 1176 4192 ο
1212 4159 1292 4212 ἔτι
1323 4160 1380 4214 δὲ
1422 4159 1659 4229 Μωῦσῆς
1677 4163 1771 4213 καὶ
1803 4159 1991 4224 Ἠλίας

407 4257 506 4307 καὶ
541 4251 765 4322 Δανιὴλ,
796 4255 894 4305 καὶ
923 4253 970 4305 οε
1001 4253 1154 4321 τρεῖς
1188 4251 1400 4318 παῖδες,
1437 4252 1532 4305 καὶ
1576 4251 1992 4322 ’1ερεμίας,καὶ

415 4349 530 4413 πρὸ
566 4345 735 4400 αὐτοῦ
787 4345 1019 4408 ἹῙσαῖας
1052 4343 1148 4398 καὶ
1187 4343 1474 4415 Ἰεζεκιὴλ,
1511 4345 1604 4397 καὶ
1637 4343 1992 4398 Μακκαϐαῖοι

407 4441 466 4494 δὲ
501 4438 756 4507 ὕστερον,
781 4437 874 4492 καὶ
901 4437 1066 4500 εἴτις
1105 4435 1230 4490 κατ’
1274 4435 1474 4500 αὐτοὺς
1503 4435 1714 4505 ἔτερος.
1767 4433 1873 4488 Καὶ
1933 4433 1997 4487 τὸ

411 4531 716 4600 ὐπομένειν
747 4529 804 4582 δὲ
844 4531 1154 4598 πάσχοντας
1199 4529 1368 4598 ἡμᾶς,
1433 4532 1528 4581 καὶ
1577 4529 1754 4581 πάντα
1805 4528 1994 4598 φέρειν

411 4624 559 4692 ὑπὲρ
585 4621 853 4690 Χριστοῦ,
893 4621 993 4691 τὴν
1027 4619 1192 4674 αὐτοῦ
1243 4620 1632 4692 ἀληθεστάτην
1664 4621 1766 4672 καὶ
1825 4620 1996 4690 μόνην

409 4713 788 4784 καταγγέλλει
825 4713 1036 4776 πίστιν,
1076 4711 1326 4772 καὶτοὺς
1378 4711 1572 4778 λόγους
1635 4712 1855 4780 ἀληθεῖς
1896 4711 1998 4779 τῆς

407 4803 777 4866 διδασκαλίας
806 4803 975 4857 αὑτοῦ
998 4820 1012 4835 ·
1035 4805 1118 4856 ὃτι
1150 4803 1245 4855 καὶ
1280 4804 1414 4872 περὶ
1440 4803 1534 4856 τοῦ
1565 4805 1798 4873 πάσχειν
1850 4803 1999 4872 ἡμᾶς

405 4899 472 4950 ἐν
503 4897 683 4964 τούτῳ
707 4895 786 4964 τῷ
826 4895 1018 4962 κόσμῳ
1079 4894 1449 4964 προήγγειλεν
1474 4911 1487 4924 ο
1540 4895 1663 4948 ἐπεὶ
1700 4895 1793 4948 καὶ
1834 4893 1999 4958 αὐτὸς

405 4989 626 5041 ἔπαθεν
669 4987 808 5057 ὑπὲρ
833 4988 1017 5056 ἡμῶν.
1053 4989 1163 5041 Καὶ
1189 4989 1223 5056 ἡ
1256 4989 1355 5055 τῆς
1381 4988 1715 5058 Ἐκκλητὶας
1744 4988 1800 5041 δὲ
1835 4987 1998 5042 αὑτοῦ

405 5079 718 5148 νομοθεσία
746 5081 840 5132 καὶ
871 5078 1080 5148 γνῶσις
1121 5081 1217 5132 καὶ
1251 5079 1552 5150 παρθενίαν
1586 5079 1854 5144 διδάσκει,
1907 5079 2004 5133 καὶ

412 5171 656 5241 ἁγνείαν
724 5173 818 5223 xui.
862 5170 1238 5239 καθαρότητα,
1294 5171 1376 5224 ἔτι
1414 5187 1474 5224 τε
1521 5171 1857 5224 ταπείνωσιν
1906 5171 2004 5224 καὶ

407 5261 708 5334 ὑπομονὴν
743 5263 861 5332 μετ’
894 5262 1250 5332 εὐχαριστίας
1279 5262 1419 5332 πρὸς
1447 5261 1538 5313 τὸν
1567 5263 1722 5324 Θεὸν,
1759 5263 2006 5330 άκτημο-

409 5355 598 5422 σῦνης
631 5369 693 5405 τε
723 5352 819 5404 καὶ
858 5351 954 5405 τοῦ
996 5349 1225 5418 φεύγειν
1271 5351 1360 5403 τὸν
1399 5350 1604 5418 κόσμον
1653 5350 2004 5418 παραίνεσιν.

407 5449 536 5502 Καὶ
565 5445 629 5496 οὐ
666 5445 828 5513 μόνον
863 5443 938 5514 μὴ
967 5445 1028 5495 τὸ
1066 5441 1304 5512 πονηρὸν
1341 5443 1612 5510 ἐνεργεῖν,
1647 5439 1773 5510 μηδ’
1807 5441 2004 5493 ἀποδι-

409 5541 574 5594 δόναι
620 5537 796 5590 κακον
851 5535 973 5588 ἀντὶ
1033 5533 1232 5595 κακοῦ,
1270 5533 1406 5586 ἀλλὰ
1468 5533 1563 5584 καὶ
1617 5531 1837 5600 ἀφιέναι
1892 5533 2006 5597 τοῖς

413 5630 717 5684 πταίσασι.
747 5627 856 5681 Καὶ
879 5627 1104 5696 ἀγαπᾷν
1159 5627 1283 5687 τοὺς
1322 5624 1572 5694 ἐχθροὺς.
1610 5623 1706 5676 καὶ
1763 5622 1838 5692 μὴ
1875 5639 2006 5692 μνη-

421 5723 686 5778 σικακεῖν
728 5720 888 5785 ὅλως,
944 5719 1064 5789 μηδ’
1093 5716 1432 5788 ὀργίζεσθαι,
1470 5715 1604 5768 ἀλλὰ
1668 5715 1760 5770 καί
1817 5713 1998 5778 καλῶς

2083 3152 2258 3210 solum
2293 3159 2348 3206 et
2375 3163 2562 3206 verum
2609 3149 2666 3204 in
2715 3145 2982 3201 Trinitate
3017 3145 3186 3200 Deum
3218 3157 3341 3200 esse
3369 3142 3660 3197 nobiscum

2083 3241 2384 3312 probatur;
2415 3254 2522 3294 non
2555 3239 2700 3292 enim
2733 3235 2968 3304 quiescit
3002 3232 3144 3290 Deus
3180 3233 3236 3288 in
3277 3233 3379 3288 hoc
3430 3229 3658 3295 mundo,

2085 3347 2186 3386 nec
2217 3333 2272 3386 in
2307 3330 2394 3385 his
2427 3343 2548 3398 qua:
2571 3327 2850 3391 videntur,
2883 3341 3064 3395 neque
3097 3325 3152 3378 in
3185 3323 3502 3378 hominibus
3559 3323 3654 3392 qui

2083 3439 2172 3480 res
2203 3423 2388 3478 mundi
2424 3430 2681 3491 quaerunt
2730 3427 2784 3474 et
2830 3401 3168 3479 desiderant,
3194 3415 3292 3472 sed
3350 3416 3405 3470 in
3453 3415 3532 3470 eis
3565 3414 3662 3483 qui

2083 3530 2212 3572 eum
2247 3514 2481 3584 diligunt
2509 3522 2564 3568 et
2591 3512 2820 3582 gloriam
2853 3509 2974 3579 ejus
3014 3517 3286 3580 quaerunt,
3331 3519 3385 3561 et
3441 3517 3664 3578 propter

2086 3624 2214 3664 eum
2239 3607 2502 3664 dimicant
2532 3621 2548 3672 ;
2585 3603 2642 3660 hi
2673 3611 2854 3659 autem
2892 3611 3020 3658 sunt
3057 3601 3152 3672 qui
3183 3599 3486 3656 secundum
3515 3607 3663 3652 rete-

2087 3716 2177 3758 res
2211 3701 2392 3770 iustos
2447 3696 2692 3764 contriti,
2747 3695 2954 3759 aﬁlicti,
3009 3693 3078 3749 ad
3140 3692 3378 3762 inopiam
3437 3690 3666 3752 redacti,

2089 3794 2234 3850 male
2269 3791 2464 3856 habiti,
2504 3789 2698 3853 occisi,
2757 3789 2812 3842 in
2845 3785 3098 3842 exsilium
3130 3783 3286 3838 missi
3327 3790 3478 3846 sunt,
3523 3778 3670 3832 velut

2088 3883 2244 3948 Abel,
2273 3892 2328 3938 et
2357 3882 2492 3948 Noe,
2521 3889 2575 3936 et
2609 3878 2905 3940 Abraham,
2933 3885 2987 3931 et
3040 3875 3212 3938 Isaac,
3249 3879 3302 3927 et
3327 3871 3494 3927 Jacob
3525 3869 3670 3940 ejus-

2091 3993 2197 4047 que
2217 3974 2494 4044 pueri,‘et
2524 3973 2748 4040 insuper
2781 3968 3020 4038 Moyses,
3059 3965 3265 4030 Helias,
3309 3962 3524 4024 Daniel,
3555 3973 3667 4015 tres

2093 4067 2270 4138 pueri.
2300 4063 2588 4125 Jeremias,
2619 4073 2832 4114 necnon
2865 4065 2991 4112 ante
3025 4055 3191 4110 istum
3232 4053 3404 4109 Isaias
3443 4061 3497 4106 et
3529 4051 3666 4104 Eze-

2093 4159 2258 4227 chiel,
2289 4163 2478 4228 postea
2508 4151 2836 4208 hlaccbabaei
2865 4159 2920 4206 et
2961 4163 3156 4204 omnes
3191 4145 3283 4202 alii
3317 4145 3388 4200 iis
3436 4141 3666 4198 similes.

2095 4253 2234 4308 Dum
2259 4263 2360 4304 nos
2385 4245 2625 4317 patimur
2671 4251 2726 4299 et
2763 4243 3057 4314 allligimur
3109 4249 3166 4296 et
3213 4237 3398 4296 omnia
3451 4241 3672 4306 propter

2093 4340 2374 4400 Christum
2408 4337 2728 4399 toleramus,
2771 4331 3060 4390 verissima
3109 4328 3337 4398 solaque
3365 4324 3484 4396 eius
3539 4322 3672 4375 ﬁdes

2099 4435 2537 4494 demonstratur,
2569 4439 2782 4482 necnon
2848 4421 2963 4478 veri
2997 4421 3118 4489 ejus
3179 4432 3466 4475 sermones
3507 4425 3674 4484 atque

2096 4522 2398 4589 doctrinae;
2433 4517 2692 4590 quoniam
2725 4529 2828 4570 nos
2869 4514 2926 4569 in
2955 4512 3162 4567 mundo
3189 4523 3452 4580 passuros
3473 4505 3675 4575 praedi-

2097 4617 2177 4672 xit
2211 4615 2352 4671 sicut
2375 4612 2564 4682 etipse
2592 4623 2694 4680 pro
2725 4605 2886 4662 nobis
2920 4619 3116 4676 passus
3147 4611 3251 4658 est.
3277 4601 3514 4670 Ipsaque
3555 4597 3677 4668 eius

2099 4707 2366 4771 Ecclesia,
2397 4713 2452 4759 et
2481 4703 2646 4771 hujus
2672 4699 2946 4755 institutio
2977 4705 3144 4766 atque
3171 4693 3426 4749 doctrina
3460 4699 3516 4744 et
3567 4688 3678 4744 vir-

2101 4796 2394 4868 ginitatem.
2441 4791 2618 4857 docet,
2645 4797 2702 4846 et
2733 4787 3042 4844 castitatem
3069 4793 3233 4856 atque
3263 4783 3558 4854 puritatem
3591 4779 3682 4833 in-

2103 4903 2266 4958 super
2299 4894 2356 4942 et
2416 4882 2784 4940 humilitatem
2833 4886 2999 4950 atque
3031 4875 3378 4950 patientiam,
3421 4873 3678 4928 hortatur

2103 4983 2268 5035 etiam
2293 4990 2350 5034 ut
2370 4975 2574 5050 gratias
2591 4975 2704 5032 Deo
2721 4988 2978 5046 agamus,
3007 4977 3384 5042 paupertatem
3411 4979 3680 5031 amemus,

2104 5082 2160 5129 et
2211 5069 2476 5125 mundum
2539 5067 2836 5139 iugiamus,
2898 5065 3012 5120 imo
3066 5071 3128 5118 ut
3173 5075 3283 5116 non
3335 5057 3686 5116 solummodo

2107 5160 2310 5216 malum
2363 5173 2470 5216 non
2527 5156 2820 5219 faciamus.
2889 5167 3072 5223 neque
3124 5149 3328 5206 malum
3381 5162 3480 5218 pro
3538 5145 3686 5201 malo

2107 5252 2422 5316 reddamus,
2451 5249 2544 5305 sed
2594 5248 2759 5304 etiam
2787 5257 2846 5302 ut
2877 5260 2978 5300 nos
3001 5239 3401 5298 offendentibus
3441 5239 3686 5296 dimitta-

2111 5359 2258 5408 mus,
2321 5349 2379 5396 ut
2419 5339 2672 5396 inimicos
2721 5337 3044 5404 diligamus,
3079 5345 3134 5390 et
3182 5349 3290 5390 non
3355 5343 3570 5388 tantum
3629 5337 3690 5386 ut

2108 5433 2257 5488 nullo
2290 5431 2450 5487 modo
2474 5431 2706 5500 injurias
2731 5429 3106 5492 recordemur,
3136 5441 3314 5498 neque
3359 5427 3686 5489 irascantur,

2111 5525 2204 5582 scd
2236 5524 2457 5593 insuper
2494 5532 2556 5576 ut
2595 5519 3014 5576 benefaciamus
3053 5520 3122 5576 iis
3147 5521 3243 5590 qui
3271 5519 3510 5576 oderunt
3559 5533 3686 5582 nos,

2109 5628 2164 5673 ct
2195 5632 2288 5688 pro
2318 5616 2422 5670 illis
2451 5616 2828 5684 deprecemur.
2861 5610 2994 5678 Quae
3049 5621 3103 5668 et
3155 5611 3353 5668 similia
3407 5609 3684 5665 caelestem

2111 5721 2164 5767 et
2203 5712 2444 5768 dtiiuam
2491 5719 2543 5765 ct
2597 5723 2776 5770 Veram
2811 5719 2860 5762 et
2891 5708 3062 5764 solam
3127 5706 3555 5761 Christianorum
3591 5715 3686 5752 uu-
