  <div class='ocr_page' id='page_1' title='image "/cluster/home/n/w/nwhite01/storage/ocr_20150623/155/hvd.32044069650117/037.png"; bbox 0 0 4040 6202; ppageno 0'>
   <div class='ocr_carea' id='block_1_1' title="bbox 367 309 3630 421">
    <p class='ocr_par' dir='ltr' id='par_1_1' title="bbox 367 309 3630 421">
     <span class='ocr_line' id='line_1_1' title="bbox 367 309 3630 421; baseline -0.004 -22"><span class='ocrx_word' id='word_1_1' title='bbox 367 335 438 399; x_wconf 84' lang='grc'><strong>63</strong></span> <span class='ocrx_word' id='word_1_2' title='bbox 1228 336 1608 399; x_wconf 83' lang='lat' dir='ltr'><strong>SYMEONIS</strong></span> <span class='ocrx_word' id='word_1_3' title='bbox 1635 338 2392 421; x_wconf 78' lang='lat' dir='ltr'><strong>THESSALONICENSIS</strong></span> <span class='ocrx_word' id='word_1_4' title='bbox 2428 309 2825 398; x_wconf 61' lang='lat' dir='ltr'><strong>ARCHIEP.‘</strong></span> <span class='ocrx_word' id='word_1_5' title='bbox 3059 402 3063 406; x_wconf 38' lang='grc'><strong>,</strong></span> <span class='ocrx_word' id='word_1_6' title='bbox 3454 402 3456 405; x_wconf 23' lang='grc' dir='ltr'>ι</span> <span class='ocrx_word' id='word_1_7' title='bbox 3557 323 3630 387; x_wconf 73' lang='grc' dir='ltr'>δε</span> 
     </span>
    </p>
   </div>
   <div class='ocr_carea' id='block_1_2' title="bbox 372 436 1964 522">
    <p class='ocr_par' dir='ltr' id='par_1_2' title="bbox 372 446 1950 508">
     <span class='ocr_line' id='line_1_2' title="bbox 372 446 1950 508; baseline -0.001 0"><span class='ocrx_word' id='word_1_8' title='bbox 372 452 472 508; x_wconf 85' lang='lat' dir='ltr'><strong>stri</strong></span> <span class='ocrx_word' id='word_1_9' title='bbox 514 449 672 506; x_wconf 79' lang='lat' dir='ltr'><strong>ﬁdem</strong></span> <span class='ocrx_word' id='word_1_10' title='bbox 702 450 981 505; x_wconf 80' lang='lat' dir='ltr'><strong>exhibent.</strong></span> <span class='ocrx_word' id='word_1_11' title='bbox 1034 446 1161 504; x_wconf 68' lang='lat' dir='ltr'><strong>Hrec</strong></span> <span class='ocrx_word' id='word_1_12' title='bbox 1189 451 1334 504; x_wconf 88' lang='lat' dir='ltr'><strong>enim</strong></span> <span class='ocrx_word' id='word_1_13' title='bbox 1361 459 1487 505; x_wconf 90' lang='lat' dir='ltr'><strong>sunt</strong></span> <span class='ocrx_word' id='word_1_14' title='bbox 1530 449 1626 506; x_wconf 89' lang='lat' dir='ltr'><strong>Dei</strong></span> <span class='ocrx_word' id='word_1_15' title='bbox 1677 452 1950 508; x_wconf 84' lang='lat' dir='ltr'><strong>omnium-</strong></span> 
     </span>
    </p>
   </div>
   <div class='ocr_carea' id='block_1_3' title="bbox 2069 436 3626 522">
    <p class='ocr_par' dir='ltr' id='par_1_3' title="bbox 2069 436 3626 522">
     <span class='ocr_line' id='line_1_3' title="bbox 2069 436 3626 522; baseline -0.017 -10"><span class='ocrx_word' id='word_1_16' title='bbox 2069 460 2232 512; x_wconf 66' lang='grc' dir='ltr'>ποιεῖν</span> <span class='ocrx_word' id='word_1_17' title='bbox 2288 456 2402 517; x_wconf 88' lang='grc' dir='ltr'>τοῖς</span> <span class='ocrx_word' id='word_1_18' title='bbox 2449 449 2694 522; x_wconf 86' lang='grc' dir='ltr'>μισοῦσι,</span> <span class='ocrx_word' id='word_1_19' title='bbox 2757 444 2853 498; x_wconf 66' lang='grc' dir='ltr'>καὶ</span> <span class='ocrx_word' id='word_1_20' title='bbox 2913 441 3053 514; x_wconf 77' lang='grc' dir='ltr'>ὑπὲρ</span> <span class='ocrx_word' id='word_1_21' title='bbox 3102 439 3282 494; x_wconf 78' lang='grc' dir='ltr'>αὐτῶν</span> <span class='ocrx_word' id='word_1_22' title='bbox 3348 436 3626 504; x_wconf 77' lang='grc' dir='ltr'>εῦχεσθαι.</span> 
     </span>
    </p>
   </div>
   <div class='ocr_carea' id='block_1_4' title="bbox 374 540 1952 614">
    <p class='ocr_par' dir='ltr' id='par_1_4' title="bbox 374 540 1952 614">
     <span class='ocr_line' id='line_1_4' title="bbox 374 540 1952 614; baseline 0.002 -19"><span class='ocrx_word' id='word_1_23' title='bbox 374 558 483 614; x_wconf 88' lang='lat' dir='ltr'><strong>que</strong></span> <span class='ocrx_word' id='word_1_24' title='bbox 511 541 721 596; x_wconf 85' lang='lat' dir='ltr'><strong>Domini</strong></span> <span class='ocrx_word' id='word_1_25' title='bbox 766 540 1166 596; x_wconf 84' lang='lat' dir='ltr'><strong>institutiones.</strong></span> <span class='ocrx_word' id='word_1_26' title='bbox 1195 540 1424 607; x_wconf 81' lang='lat' dir='ltr'><strong>Quibus.</strong></span> <span class='ocrx_word' id='word_1_27' title='bbox 1457 552 1612 611; x_wconf 89' lang='lat' dir='ltr'><strong>puto,</strong></span> <span class='ocrx_word' id='word_1_28' title='bbox 1644 552 1700 596; x_wconf 90' lang='lat' dir='ltr'><strong>et</strong></span> <span class='ocrx_word' id='word_1_29' title='bbox 1755 545 1952 600; x_wconf 84' lang='lat' dir='ltr'><strong>simili-</strong></span> 
     </span>
    </p>
   </div>
   <div class='ocr_carea' id='block_1_5' title="bbox 379 631 1952 703">
    <p class='ocr_par' dir='ltr' id='par_1_5' title="bbox 379 631 1952 703">
     <span class='ocr_line' id='line_1_5' title="bbox 379 631 1952 703; baseline 0.001 -15"><span class='ocrx_word' id='word_1_30' title='bbox 379 637 482 689; x_wconf 86' lang='lat' dir='ltr'><strong>bus</strong></span> <span class='ocrx_word' id='word_1_31' title='bbox 510 633 735 702; x_wconf 90' lang='lat' dir='ltr'><strong>impium</strong></span> <span class='ocrx_word' id='word_1_32' title='bbox 769 631 835 686; x_wconf 88' lang='lat' dir='ltr'><strong>ad</strong></span> <span class='ocrx_word' id='word_1_33' title='bbox 867 632 1238 700; x_wconf 79' lang='lat' dir='ltr'><strong>cognitionem</strong></span> <span class='ocrx_word' id='word_1_34' title='bbox 1270 633 1550 703; x_wconf 77' lang='lat' dir='ltr'><strong>Evangelii</strong></span> <span class='ocrx_word' id='word_1_35' title='bbox 1578 634 1839 699; x_wconf 87' lang='lat' dir='ltr'><strong>deduces,</strong></span> <span class='ocrx_word' id='word_1_36' title='bbox 1869 635 1952 689; x_wconf 89' lang='lat' dir='ltr'><strong>in-</strong></span> 
     </span>
    </p>
   </div>
   <div class='ocr_carea' id='block_1_6' title="bbox 378 724 1950 796">
    <p class='ocr_par' dir='ltr' id='par_1_6' title="bbox 378 724 1950 796">
     <span class='ocr_line' id='line_1_6' title="bbox 378 724 1950 796; baseline 0.003 -21"><span class='ocrx_word' id='word_1_37' title='bbox 378 724 622 793; x_wconf 80' lang='lat' dir='ltr'><strong>duesque</strong></span> <span class='ocrx_word' id='word_1_38' title='bbox 646 725 712 779; x_wconf 81' lang='lat' dir='ltr'><strong>ad</strong></span> <span class='ocrx_word' id='word_1_39' title='bbox 741 727 1074 779; x_wconf 89' lang='lat' dir='ltr'><strong>noscendum</strong></span> <span class='ocrx_word' id='word_1_40' title='bbox 1101 728 1286 780; x_wconf 79' lang='lat' dir='ltr'><strong>vivum</strong></span> <span class='ocrx_word' id='word_1_41' title='bbox 1337 727 1426 780; x_wconf 90' lang='lat' dir='ltr'><strong>Dei</strong></span> <span class='ocrx_word' id='word_1_42' title='bbox 1462 726 1693 782; x_wconf 67' lang='lat' dir='ltr'><strong>\‘erhum</strong></span> <span class='ocrx_word' id='word_1_43' title='bbox 1738 737 1793 780; x_wconf 91' lang='lat' dir='ltr'><strong>et</strong></span> <span class='ocrx_word' id='word_1_44' title='bbox 1826 725 1950 796; x_wconf 87' lang='lat' dir='ltr'><strong>Spi-</strong></span> 
     </span>
    </p>
   </div>
   <div class='ocr_carea' id='block_1_7' title="bbox 379 817 1952 883">
    <p class='ocr_par' dir='ltr' id='par_1_7' title="bbox 379 817 1952 883">
     <span class='ocr_line' id='line_1_7' title="bbox 379 817 1952 883; baseline 0.001 -13"><span class='ocrx_word' id='word_1_45' title='bbox 379 817 544 870; x_wconf 72' lang='lat' dir='ltr'><strong>ritum</strong></span> <span class='ocrx_word' id='word_1_46' title='bbox 606 826 883 883; x_wconf 75' lang='lat' dir='ltr'><strong>sanetum,</strong></span> <span class='ocrx_word' id='word_1_47' title='bbox 933 834 1146 873; x_wconf 81' lang='lat' dir='ltr'><strong>necnon</strong></span> <span class='ocrx_word' id='word_1_48' title='bbox 1207 821 1271 873; x_wconf 86' lang='lat' dir='ltr'><strong>ad</strong></span> <span class='ocrx_word' id='word_1_49' title='bbox 1337 819 1654 874; x_wconf 67' lang='lat' dir='ltr'><strong>discendam</strong></span> <span class='ocrx_word' id='word_1_50' title='bbox 1697 819 1952 874; x_wconf 71' lang='lat' dir='ltr'><strong>Ecclesia:</strong></span> 
     </span>
    </p>
   </div>
   <div class='ocr_carea' id='block_1_8' title="bbox 381 906 1952 975">
    <p class='ocr_par' dir='ltr' id='par_1_8' title="bbox 381 906 1952 975">
     <span class='ocr_line' id='line_1_8' title="bbox 381 906 1952 975; baseline 0.002 -18"><span class='ocrx_word' id='word_1_51' title='bbox 381 906 692 960; x_wconf 46' lang='lat' dir='ltr'><strong>doctam-ini</strong></span> <span class='ocrx_word' id='word_1_52' title='bbox 731 916 915 975; x_wconf 85' lang='lat' dir='ltr'><strong>utpote</strong></span> <span class='ocrx_word' id='word_1_53' title='bbox 937 908 1178 961; x_wconf 76' lang='lat' dir='ltr'><strong>divinant</strong></span> <span class='ocrx_word' id='word_1_54' title='bbox 1211 916 1548 962; x_wconf 78' lang='lat' dir='ltr'><strong>etsanctam.</strong></span> <span class='ocrx_word' id='word_1_55' title='bbox 1583 907 1661 962; x_wconf 77' lang='lat' dir='ltr'><strong>Ex</strong></span> <span class='ocrx_word' id='word_1_56' title='bbox 1699 908 1786 961; x_wconf 87' lang='lat' dir='ltr'><strong>his</strong></span> <span class='ocrx_word' id='word_1_57' title='bbox 1825 921 1952 961; x_wconf 85' lang='lat' dir='ltr'><strong>sua-</strong></span> 
     </span>
    </p>
   </div>
   <div class='ocr_carea' id='block_1_9' title="bbox 379 997 1952 1060">
    <p class='ocr_par' dir='ltr' id='par_1_9' title="bbox 379 997 1952 1060">
     <span class='ocr_line' id='line_1_9' title="bbox 379 997 1952 1060; baseline 0.002 -11"><span class='ocrx_word' id='word_1_58' title='bbox 379 999 534 1050; x_wconf 74' lang='lat' dir='ltr'><strong>debis</strong></span> <span class='ocrx_word' id='word_1_59' title='bbox 564 999 628 1048; x_wconf 90' lang='lat' dir='ltr'><strong>ad</strong></span> <span class='ocrx_word' id='word_1_60' title='bbox 666 997 926 1051; x_wconf 76' lang='lat' dir='ltr'><strong>discenda</strong></span> <span class='ocrx_word' id='word_1_61' title='bbox 960 998 1356 1052; x_wconf 77' lang='lat' dir='ltr'><strong>incarnationis</strong></span> <span class='ocrx_word' id='word_1_62' title='bbox 1387 1000 1554 1053; x_wconf 85' lang='lat' dir='ltr'><strong>unius</strong></span> <span class='ocrx_word' id='word_1_63' title='bbox 1601 1013 1633 1060; x_wconf 69' lang='grc' dir='ltr'>β</span> <span class='ocrx_word' id='word_1_64' title='bbox 1677 997 1952 1052; x_wconf 85' lang='lat' dir='ltr'><strong>Trinitate</strong></span> 
     </span>
    </p>
   </div>
   <div class='ocr_carea' id='block_1_10' title="bbox 380 1087 1949 1161">
    <p class='ocr_par' dir='ltr' id='par_1_10' title="bbox 380 1087 1949 1161">
     <span class='ocr_line' id='line_1_10' title="bbox 380 1087 1949 1161; baseline 0.003 -22"><span class='ocrx_word' id='word_1_65' title='bbox 380 1105 649 1156; x_wconf 70' lang='lat' dir='ltr'><strong>personae.</strong></span> <span class='ocrx_word' id='word_1_66' title='bbox 682 1088 774 1143; x_wconf 91' lang='lat' dir='ltr'><strong>Dei</strong></span> <span class='ocrx_word' id='word_1_67' title='bbox 805 1087 967 1144; x_wconf 77' lang='lat' dir='ltr'><strong>Verbi</strong></span> <span class='ocrx_word' id='word_1_68' title='bbox 996 1089 1122 1144; x_wconf 82' lang='lat' dir='ltr'><strong>Jesu</strong></span> <span class='ocrx_word' id='word_1_69' title='bbox 1149 1090 1350 1145; x_wconf 88' lang='lat' dir='ltr'><strong>Christi</strong></span> <span class='ocrx_word' id='word_1_70' title='bbox 1394 1090 1676 1161; x_wconf 86' lang='lat' dir='ltr'><strong>mysteria,</strong></span> <span class='ocrx_word' id='word_1_71' title='bbox 1705 1088 1810 1144; x_wconf 84' lang='lat' dir='ltr'><strong>etsi</strong></span> <span class='ocrx_word' id='word_1_72' title='bbox 1840 1105 1949 1144; x_wconf 91' lang='lat' dir='ltr'><strong>non</strong></span> 
     </span>
    </p>
   </div>
   <div class='ocr_carea' id='block_1_11' title="bbox 381 1171 1954 1251">
    <p class='ocr_par' dir='ltr' id='par_1_11' title="bbox 381 1171 1954 1251">
     <span class='ocr_line' id='line_1_11' title="bbox 381 1171 1954 1251; baseline 0.002 -17"><span class='ocrx_word' id='word_1_73' title='bbox 381 1181 564 1235; x_wconf 90' lang='lat' dir='ltr'><strong>minus</strong></span> <span class='ocrx_word' id='word_1_74' title='bbox 594 1180 815 1236; x_wconf 84' lang='lat' dir='ltr'><strong>dilIiciie</strong></span> <span class='ocrx_word' id='word_1_75' title='bbox 855 1171 1188 1236; x_wconf 55' lang='lat' dir='ltr'><strong>sit&#39;snadere</strong></span> <span class='ocrx_word' id='word_1_76' title='bbox 1211 1183 1384 1236; x_wconf 86' lang='lat' dir='ltr'><strong>virum</strong></span> <span class='ocrx_word' id='word_1_77' title='bbox 1412 1183 1502 1250; x_wconf 90' lang='lat' dir='ltr'><strong>qui</strong></span> <span class='ocrx_word' id='word_1_78' title='bbox 1562 1182 1618 1236; x_wconf 92' lang='lat' dir='ltr'><strong>in</strong></span> <span class='ocrx_word' id='word_1_79' title='bbox 1673 1182 1954 1251; x_wconf 74' lang='lat' dir='ltr'><strong>impietate</strong></span> 
     </span>
    </p>
   </div>
   <div class='ocr_carea' id='block_1_12' title="bbox 381 1273 1950 1341">
    <p class='ocr_par' dir='ltr' id='par_1_12' title="bbox 381 1273 1950 1341">
     <span class='ocr_line' id='line_1_12' title="bbox 381 1273 1950 1341; baseline 0.001 -16"><span class='ocrx_word' id='word_1_80' title='bbox 381 1275 517 1326; x_wconf 76' lang='lat' dir='ltr'><strong>vnit</strong></span> <span class='ocrx_word' id='word_1_81' title='bbox 538 1289 698 1341; x_wconf 85' lang='lat' dir='ltr'><strong>quam</strong></span> <span class='ocrx_word' id='word_1_82' title='bbox 729 1282 939 1328; x_wconf 87' lang='lat' dir='ltr'><strong>lentare</strong></span> <span class='ocrx_word' id='word_1_83' title='bbox 967 1286 1243 1328; x_wconf 85' lang='lat' dir='ltr'><strong>mortuum</strong></span> <span class='ocrx_word' id='word_1_84' title='bbox 1261 1273 1616 1339; x_wconf 88' lang='lat' dir='ltr'><strong>resuscitare,</strong></span> <span class='ocrx_word' id='word_1_85' title='bbox 1639 1283 1688 1327; x_wconf 88' lang='lat' dir='ltr'><strong>et</strong></span> <span class='ocrx_word' id='word_1_86' title='bbox 1717 1273 1950 1328; x_wconf 88' lang='lat' dir='ltr'><strong>stultum</strong></span> 
     </span>
    </p>
   </div>
   <div class='ocr_carea' id='block_1_13' title="bbox 378 1363 1956 1435">
    <p class='ocr_par' dir='ltr' id='par_1_13' title="bbox 378 1363 1956 1435">
     <span class='ocr_line' id='line_1_13' title="bbox 378 1363 1956 1435; baseline 0.003 -20"><span class='ocrx_word' id='word_1_87' title='bbox 378 1363 444 1416; x_wconf 88' lang='lat' dir='ltr'><strong>ad</strong></span> <span class='ocrx_word' id='word_1_88' title='bbox 476 1363 886 1433; x_wconf 74' lang='lat' dir='ltr'><strong>intelligentiam</strong></span> <span class='ocrx_word' id='word_1_89' title='bbox 918 1365 1211 1430; x_wconf 83' lang='lat' dir='ltr'><strong>adducere,</strong></span> <span class='ocrx_word' id='word_1_90' title='bbox 1241 1365 1345 1422; x_wconf 91' lang='lat' dir='ltr'><strong>nisi</strong></span> <span class='ocrx_word' id='word_1_91' title='bbox 1398 1366 1543 1420; x_wconf 77' lang='lat' dir='ltr'><strong>De‘us</strong></span> <span class='ocrx_word' id='word_1_92' title='bbox 1578 1380 1802 1420; x_wconf 86' lang='lat' dir='ltr'><strong>manum</strong></span> <span class='ocrx_word' id='word_1_93' title='bbox 1833 1380 1956 1435; x_wconf 86' lang='lat' dir='ltr'><strong>por-</strong></span> 
     </span>
    </p>
   </div>
   <div class='ocr_carea' id='block_1_14' title="bbox 379 1455 1952 1526">
    <p class='ocr_par' dir='ltr' id='par_1_14' title="bbox 379 1455 1952 1526">
     <span class='ocr_line' id='line_1_14' title="bbox 379 1455 1952 1526; baseline 0 -18"><span class='ocrx_word' id='word_1_94' title='bbox 379 1455 540 1523; x_wconf 77' lang='lat' dir='ltr'><strong>rigat,</strong></span> <span class='ocrx_word' id='word_1_95' title='bbox 576 1455 906 1526; x_wconf 88' lang='lat' dir='ltr'><strong>illorumque</strong></span> <span class='ocrx_word' id='word_1_96' title='bbox 958 1457 1287 1512; x_wconf 82' lang='lat' dir='ltr'><strong>dementiam</strong></span> <span class='ocrx_word' id='word_1_97' title='bbox 1341 1457 1485 1511; x_wconf 80' lang='lat' dir='ltr'><strong>velut</strong></span> <span class='ocrx_word' id='word_1_98' title='bbox 1535 1456 1730 1511; x_wconf 88' lang='lat' dir='ltr'><strong>oculos</strong></span> <span class='ocrx_word' id='word_1_99' title='bbox 1760 1455 1890 1510; x_wconf 73' lang='lat' dir='ltr'><strong>caeci</strong></span> <span class='ocrx_word' id='word_1_100' title='bbox 1923 1469 1952 1508; x_wconf 87' lang='lat' dir='ltr'><strong>a</strong></span> 
     </span>
    </p>
   </div>
   <div class='ocr_carea' id='block_1_15' title="bbox 378 1543 1955 1616">
    <p class='ocr_par' dir='ltr' id='par_1_15' title="bbox 378 1543 1955 1616">
     <span class='ocr_line' id='line_1_15' title="bbox 378 1543 1955 1616; baseline 0.005 -22"><span class='ocrx_word' id='word_1_101' title='bbox 378 1543 662 1600; x_wconf 85' lang='lat' dir='ltr'><strong>nativitate</strong></span> <span class='ocrx_word' id='word_1_102' title='bbox 694 1545 1013 1614; x_wconf 85' lang='lat' dir='ltr'><strong>adaperiat:</strong></span> <span class='ocrx_word' id='word_1_103' title='bbox 1049 1562 1173 1602; x_wconf 87' lang='lat' dir='ltr'><strong>nam</strong></span> <span class='ocrx_word' id='word_1_104' title='bbox 1205 1546 1375 1602; x_wconf 78' lang='lat' dir='ltr'><strong>Deum</strong></span> <span class='ocrx_word' id='word_1_105' title='bbox 1419 1561 1669 1613; x_wconf 86' lang='lat' dir='ltr'><strong>noscere,</strong></span> <span class='ocrx_word' id='word_1_106' title='bbox 1701 1545 1793 1600; x_wconf 87' lang='lat' dir='ltr'><strong>Dei</strong></span> <span class='ocrx_word' id='word_1_107' title='bbox 1815 1561 1955 1616; x_wconf 88' lang='lat' dir='ltr'><strong>opus</strong></span> 
     </span>
    </p>
   </div>
   <div class='ocr_carea' id='block_1_16' title="bbox 378 1639 1956 1708">
    <p class='ocr_par' dir='ltr' id='par_1_16' title="bbox 378 1639 1956 1708">
     <span class='ocr_line' id='line_1_16' title="bbox 378 1639 1956 1708; baseline 0.003 -20"><span class='ocrx_word' id='word_1_108' title='bbox 378 1646 482 1700; x_wconf 75' lang='grc' dir='ltr'>εει,</span> <span class='ocrx_word' id='word_1_109' title='bbox 511 1646 567 1691; x_wconf 90' lang='lat' dir='ltr'><strong>et</strong></span> <span class='ocrx_word' id='word_1_110' title='bbox 601 1639 901 1706; x_wconf 72' lang='lat' dir='ltr'><strong>prtesertim</strong></span> <span class='ocrx_word' id='word_1_111' title='bbox 936 1639 1075 1693; x_wconf 80' lang='lat' dir='ltr'><strong>velle</strong></span> <span class='ocrx_word' id='word_1_112' title='bbox 1121 1640 1352 1694; x_wconf 82' lang='lat' dir='ltr'><strong>suadere</strong></span> <span class='ocrx_word' id='word_1_113' title='bbox 1383 1640 1662 1694; x_wconf 84' lang='lat' dir='ltr'><strong>hominem</strong></span> <span class='ocrx_word' id='word_1_114' title='bbox 1707 1639 1798 1708; x_wconf 89' lang='lat' dir='ltr'><strong>qui</strong></span> <span class='ocrx_word' id='word_1_115' title='bbox 1835 1653 1956 1694; x_wconf 85' lang='lat' dir='ltr'><strong>car-</strong></span> 
     </span>
    </p>
   </div>
   <div class='ocr_carea' id='block_1_17' title="bbox 380 1726 1958 1799">
    <p class='ocr_par' dir='ltr' id='par_1_17' title="bbox 380 1726 1958 1799">
     <span class='ocr_line' id='line_1_17' title="bbox 380 1726 1958 1799; baseline 0.004 -23"><span class='ocrx_word' id='word_1_116' title='bbox 380 1726 556 1778; x_wconf 73' lang='lat' dir='ltr'><strong>nalem</strong></span> <span class='ocrx_word' id='word_1_117' title='bbox 589 1727 785 1781; x_wconf 86' lang='lat' dir='ltr'><strong>habeat</strong></span> <span class='ocrx_word' id='word_1_118' title='bbox 817 1737 1077 1794; x_wconf 89' lang='lat' dir='ltr'><strong>mentem,</strong></span> <span class='ocrx_word' id='word_1_119' title='bbox 1111 1739 1164 1784; x_wconf 90' lang='lat' dir='ltr'><strong>et</strong></span> <span class='ocrx_word' id='word_1_120' title='bbox 1191 1731 1319 1799; x_wconf 84' lang='lat' dir='ltr'><strong>quia</strong></span> <span class='ocrx_word' id='word_1_121' title='bbox 1355 1746 1518 1799; x_wconf 83' lang='lat' dir='ltr'><strong>super</strong></span> <span class='ocrx_word' id='word_1_122' title='bbox 1547 1743 1766 1785; x_wconf 90' lang='lat' dir='ltr'><strong>omnem</strong></span> <span class='ocrx_word' id='word_1_123' title='bbox 1805 1743 1958 1783; x_wconf 89' lang='lat' dir='ltr'><strong>men-</strong></span> 
     </span>
    </p>
   </div>
   <div class='ocr_carea' id='block_1_18' title="bbox 2053 523 3630 608">
    <p class='ocr_par' dir='ltr' id='par_1_18' title="bbox 2053 523 3630 608">
     <span class='ocr_line' id='line_1_18' title="bbox 2053 523 3630 608; baseline -0.011 -5"><span class='ocrx_word' id='word_1_124' title='bbox 2053 548 2242 603; x_wconf 89' lang='grc' dir='ltr'>Ταῦτα</span> <span class='ocrx_word' id='word_1_125' title='bbox 2267 544 2453 600; x_wconf 69' lang='grc' dir='ltr'>δὲκαὶ</span> <span class='ocrx_word' id='word_1_126' title='bbox 2479 544 2545 596; x_wconf 78' lang='grc' dir='ltr'>τὰ</span> <span class='ocrx_word' id='word_1_127' title='bbox 2577 539 2808 594; x_wconf 86' lang='grc' dir='ltr'>τοιαῦτα</span> <span class='ocrx_word' id='word_1_128' title='bbox 2833 537 2936 608; x_wconf 83' lang='grc' dir='ltr'>τὴν</span> <span class='ocrx_word' id='word_1_129' title='bbox 2959 537 3214 606; x_wconf 80' lang='grc' dir='ltr'>οὐράνιον</span> <span class='ocrx_word' id='word_1_130' title='bbox 3241 535 3336 587; x_wconf 73' lang='grc' dir='ltr'><strong>καὶ</strong></span> <span class='ocrx_word' id='word_1_131' title='bbox 3367 523 3520 586; x_wconf 74' lang='grc' dir='ltr'>θέίαν</span> <span class='ocrx_word' id='word_1_132' title='bbox 3537 533 3630 586; x_wconf 76' lang='grc' dir='ltr'>καὶ</span> 
     </span>
    </p>
   </div>
   <div class='ocr_carea' id='block_1_19' title="bbox 2054 624 3627 708">
    <p class='ocr_par' dir='ltr' id='par_1_19' title="bbox 2054 624 3627 708">
     <span class='ocr_line' id='line_1_19' title="bbox 2054 624 3627 708; baseline -0.012 -15"><span class='ocrx_word' id='word_1_133' title='bbox 2054 639 2230 708; x_wconf 80' lang='grc' dir='ltr'><strong>ἀληθῆ</strong></span> <span class='ocrx_word' id='word_1_134' title='bbox 2290 641 2386 690; x_wconf 77' lang='grc' dir='ltr'>καὶ</span> <span class='ocrx_word' id='word_1_135' title='bbox 2441 635 2609 705; x_wconf 86' lang='grc' dir='ltr'>μόνην</span> <span class='ocrx_word' id='word_1_136' title='bbox 2643 632 2754 685; x_wconf 84' lang='grc' dir='ltr'><strong>τῶν</strong></span> <span class='ocrx_word' id='word_1_137' title='bbox 2810 626 3164 698; x_wconf 73' lang='grc' dir='ltr'>Χριστιανῶν</span> <span class='ocrx_word' id='word_1_138' title='bbox 3217 624 3381 694; x_wconf 84' lang='grc' dir='ltr'>ὴμῶν</span> <span class='ocrx_word' id='word_1_139' title='bbox 3444 624 3627 676; x_wconf 83' lang='grc' dir='ltr'>πίστιν</span> 
     </span>
    </p>
   </div>
   <div class='ocr_carea' id='block_1_20' title="bbox 2055 717 3628 800">
    <p class='ocr_par' dir='ltr' id='par_1_20' title="bbox 2055 717 3628 800">
     <span class='ocr_line' id='line_1_20' title="bbox 2055 717 3628 800; baseline -0.01 -15"><span class='ocrx_word' id='word_1_140' title='bbox 2055 731 2391 800; x_wconf 86' lang='grc' dir='ltr'>παρίστησι·</span> <span class='ocrx_word' id='word_1_141' title='bbox 2423 725 2562 780; x_wconf 86' lang='grc' dir='ltr'>Θεοῦ</span> <span class='ocrx_word' id='word_1_142' title='bbox 2588 726 2696 793; x_wconf 80' lang='grc' dir='ltr'><strong>γὰρ</strong></span> <span class='ocrx_word' id='word_1_143' title='bbox 2720 723 2893 776; x_wconf 89' lang='grc' dir='ltr'>ταῦτα</span> <span class='ocrx_word' id='word_1_144' title='bbox 2919 721 3011 775; x_wconf 70' lang='grc' dir='ltr'>καὶ</span> <span class='ocrx_word' id='word_1_145' title='bbox 3043 718 3306 773; x_wconf 80' lang='grc' dir='ltr'>δεσπότου</span> <span class='ocrx_word' id='word_1_146' title='bbox 3360 717 3469 769; x_wconf 82' lang='grc' dir='ltr'>τῶν</span> <span class='ocrx_word' id='word_1_147' title='bbox 3491 718 3628 770; x_wconf 72' lang='grc' dir='ltr'>ὅλων</span> 
     </span>
    </p>
   </div>
   <div class='ocr_carea' id='block_1_21' title="bbox 2053 809 3630 892">
    <p class='ocr_par' dir='ltr' id='par_1_21' title="bbox 2053 809 3630 892">
     <span class='ocr_line' id='line_1_21' title="bbox 2053 809 3630 892; baseline -0.011 -16"><span class='ocrx_word' id='word_1_148' title='bbox 2053 821 2398 892; x_wconf 82' lang='grc' dir='ltr'>νομοθεσίαι.</span> <span class='ocrx_word' id='word_1_149' title='bbox 2441 819 2535 871; x_wconf 87' lang='grc' dir='ltr'>Ἐκ</span> <span class='ocrx_word' id='word_1_150' title='bbox 2561 817 2766 870; x_wconf 89' lang='grc' dir='ltr'>τούτων</span> <span class='ocrx_word' id='word_1_151' title='bbox 2791 810 2946 884; x_wconf 75' lang='grc' dir='ltr'>οἶμαι</span> <span class='ocrx_word' id='word_1_152' title='bbox 2981 812 3078 866; x_wconf 80' lang='grc' dir='ltr'>καὶ</span> <span class='ocrx_word' id='word_1_153' title='bbox 3113 811 3224 864; x_wconf 82' lang='grc' dir='ltr'>τῶν</span> <span class='ocrx_word' id='word_1_154' title='bbox 3262 810 3464 877; x_wconf 79' lang='grc' dir='ltr'>ὁμοίων</span> <span class='ocrx_word' id='word_1_155' title='bbox 3495 809 3630 877; x_wconf 71' lang='grc' dir='ltr'>πρὸς</span> 
     </span>
    </p>
   </div>
   <div class='ocr_carea' id='block_1_22' title="bbox 2052 899 3627 984">
    <p class='ocr_par' dir='ltr' id='par_1_22' title="bbox 2052 899 3627 984">
     <span class='ocr_line' id='line_1_22' title="bbox 2052 899 3627 984; baseline -0.011 -17"><span class='ocrx_word' id='word_1_156' title='bbox 2052 913 2152 984; x_wconf 81' lang='grc' dir='ltr'><strong>τὴν</strong></span> <span class='ocrx_word' id='word_1_157' title='bbox 2185 911 2282 966; x_wconf 86' lang='grc' dir='ltr'><strong>τοῦ</strong></span> <span class='ocrx_word' id='word_1_158' title='bbox 2341 908 2678 977; x_wconf 83' lang='grc' dir='ltr'>Εὑαγγελίου</span> <span class='ocrx_word' id='word_1_159' title='bbox 2719 905 2967 965; x_wconf 77' lang='grc' dir='ltr'>ἐλκύσεις</span> <span class='ocrx_word' id='word_1_160' title='bbox 3026 901 3231 969; x_wconf 80' lang='grc' dir='ltr'>γνῶσιν</span> <span class='ocrx_word' id='word_1_161' title='bbox 3288 900 3381 952; x_wconf 77' lang='grc' dir='ltr'>τὸν</span> <span class='ocrx_word' id='word_1_162' title='bbox 3433 899 3627 966; x_wconf 73' lang='grc' dir='ltr'>ἀσεϐῆ,</span> 
     </span>
    </p>
   </div>
   <div class='ocr_carea' id='block_1_23' title="bbox 2054 993 3627 1068">
    <p class='ocr_par' dir='ltr' id='par_1_23' title="bbox 2054 993 3627 1068">
     <span class='ocr_line' id='line_1_23' title="bbox 2054 993 3627 1068; baseline -0.01 -9"><span class='ocrx_word' id='word_1_163' title='bbox 2054 1007 2150 1059; x_wconf 78' lang='grc' dir='ltr'><strong>καὶ</strong></span> <span class='ocrx_word' id='word_1_164' title='bbox 2171 1003 2384 1066; x_wconf 81' lang='grc' dir='ltr'><strong>πείσεις</strong></span> <span class='ocrx_word' id='word_1_165' title='bbox 2413 1001 2751 1068; x_wconf 76' lang='grc' dir='ltr'>κατανοῆσαι</span> <span class='ocrx_word' id='word_1_166' title='bbox 2780 999 2871 1052; x_wconf 67' lang='grc' dir='ltr'>τὶν</span> <span class='ocrx_word' id='word_1_167' title='bbox 2900 997 2993 1050; x_wconf 86' lang='grc' dir='ltr'><strong>τοῦ</strong></span> <span class='ocrx_word' id='word_1_168' title='bbox 3025 994 3161 1048; x_wconf 86' lang='grc' dir='ltr'>Θεοῦ</span> <span class='ocrx_word' id='word_1_169' title='bbox 3219 993 3398 1059; x_wconf 79' lang='grc' dir='ltr'>ζῶντα</span> <span class='ocrx_word' id='word_1_170' title='bbox 3432 993 3627 1060; x_wconf 89' lang='grc' dir='ltr'>Λόγον,</span> 
     </span>
    </p>
   </div>
   <div class='ocr_carea' id='block_1_24' title="bbox 2056 1085 3630 1166">
    <p class='ocr_par' dir='ltr' id='par_1_24' title="bbox 2056 1085 3630 1166">
     <span class='ocr_line' id='line_1_24' title="bbox 2056 1085 3630 1166; baseline -0.014 -10"><span class='ocrx_word' id='word_1_171' title='bbox 2056 1101 2234 1156; x_wconf 79' lang='grc' dir='ltr'>καὶτὸ</span> <span class='ocrx_word' id='word_1_172' title='bbox 2267 1097 2494 1166; x_wconf 82' lang='grc' dir='ltr'><strong>Πνεῦμα</strong></span> <span class='ocrx_word' id='word_1_173' title='bbox 2527 1097 2591 1149; x_wconf 80' lang='grc' dir='ltr'>τὸ</span> <span class='ocrx_word' id='word_1_174' title='bbox 2627 1094 2804 1161; x_wconf 76' lang='grc' dir='ltr'>ἅγιον,</span> <span class='ocrx_word' id='word_1_175' title='bbox 2850 1093 2952 1161; x_wconf 25' lang='grc' dir='ltr'>καὶ,</span> <span class='ocrx_word' id='word_1_176' title='bbox 2995 1089 3097 1153; x_wconf 79' lang='grc' dir='ltr'><strong>τὰς</strong></span> <span class='ocrx_word' id='word_1_177' title='bbox 3153 1089 3482 1158; x_wconf 72' lang='grc' dir='ltr'><strong>παραδόσεις</strong></span> <span class='ocrx_word' id='word_1_178' title='bbox 3531 1085 3630 1147; x_wconf 79' lang='grc' dir='ltr'><strong>τῆς</strong></span> 
     </span>
    </p>
   </div>
   <div class='ocr_carea' id='block_1_25' title="bbox 2069 1179 3632 1257">
    <p class='ocr_par' dir='ltr' id='par_1_25' title="bbox 2069 1179 3632 1257">
     <span class='ocr_line' id='line_1_25' title="bbox 2069 1179 3632 1257; baseline -0.01 -11"><span class='ocrx_word' id='word_1_179' title='bbox 2069 1188 2522 1257; x_wconf 77' lang='grc' dir='ltr'>Ἐκκλησίας,ὠ;</span> <span class='ocrx_word' id='word_1_180' title='bbox 2555 1185 2704 1248; x_wconf 89' lang='grc' dir='ltr'>θείας</span> <span class='ocrx_word' id='word_1_181' title='bbox 2750 1183 2842 1238; x_wconf 80' lang='grc' dir='ltr'>καὶ</span> <span class='ocrx_word' id='word_1_182' title='bbox 2913 1181 3077 1250; x_wconf 81' lang='grc' dir='ltr'>ἁγίας</span> <span class='ocrx_word' id='word_1_183' title='bbox 3112 1179 3478 1247; x_wconf 77' lang='grc' dir='ltr'>καταμαθεῖν.</span> <span class='ocrx_word' id='word_1_184' title='bbox 3533 1179 3632 1232; x_wconf 84' lang='grc' dir='ltr'>Ἐκ</span> 
     </span>
    </p>
   </div>
   <div class='ocr_carea' id='block_1_26' title="bbox 2054 1270 3633 1347">
    <p class='ocr_par' dir='ltr' id='par_1_26' title="bbox 2054 1270 3633 1347">
     <span class='ocr_line' id='line_1_26' title="bbox 2054 1270 3633 1347; baseline -0.008 -12"><span class='ocrx_word' id='word_1_185' title='bbox 2054 1281 2266 1336; x_wconf 84' lang='grc' dir='ltr'>τούτων</span> <span class='ocrx_word' id='word_1_186' title='bbox 2287 1280 2342 1334; x_wconf 83' lang='grc' dir='ltr'>δὲ</span> <span class='ocrx_word' id='word_1_187' title='bbox 2375 1279 2472 1333; x_wconf 72' lang='grc' dir='ltr'>καὶ</span> <span class='ocrx_word' id='word_1_188' title='bbox 2505 1279 2572 1331; x_wconf 81' lang='grc' dir='ltr'><strong>τά</strong></span> <span class='ocrx_word' id='word_1_189' title='bbox 2607 1280 2705 1347; x_wconf 83' lang='grc' dir='ltr'><strong>τῆς</strong></span> <span class='ocrx_word' id='word_1_190' title='bbox 2749 1273 3225 1345; x_wconf 76' lang='grc' dir='ltr'>ὲνανθρωπήσεως</span> <span class='ocrx_word' id='word_1_191' title='bbox 3253 1271 3346 1325; x_wconf 90' lang='grc' dir='ltr'><strong>τοῦ</strong></span> <span class='ocrx_word' id='word_1_192' title='bbox 3389 1273 3503 1334; x_wconf 78' lang='grc' dir='ltr'>ἑνὸς</span> <span class='ocrx_word' id='word_1_193' title='bbox 3531 1270 3633 1336; x_wconf 81' lang='grc' dir='ltr'><strong>τῆς</strong></span> 
     </span>
    </p>
   </div>
   <div class='ocr_carea' id='block_1_27' title="bbox 2056 1361 3631 1443">
    <p class='ocr_par' dir='ltr' id='par_1_27' title="bbox 2056 1361 3631 1443">
     <span class='ocr_line' id='line_1_27' title="bbox 2056 1361 3631 1443; baseline -0.009 -18"><span class='ocrx_word' id='word_1_194' title='bbox 2056 1370 2292 1443; x_wconf 83' lang='grc' dir='ltr'>Τριάδος</span> <span class='ocrx_word' id='word_1_195' title='bbox 2326 1369 2462 1423; x_wconf 83' lang='grc' dir='ltr'><strong>Θεοῦ</strong></span> <span class='ocrx_word' id='word_1_196' title='bbox 2505 1369 2678 1436; x_wconf 85' lang='grc' dir='ltr'>Λόγου</span> <span class='ocrx_word' id='word_1_197' title='bbox 2711 1365 2891 1435; x_wconf 85' lang='grc' dir='ltr'>’ῐησοῦ</span> <span class='ocrx_word' id='word_1_198' title='bbox 2918 1363 3158 1436; x_wconf 80' lang='grc' dir='ltr'>Χριστοῦ</span> <span class='ocrx_word' id='word_1_199' title='bbox 3199 1362 3408 1424; x_wconf 86' lang='grc' dir='ltr'>πείσεις</span> <span class='ocrx_word' id='word_1_200' title='bbox 3441 1361 3631 1429; x_wconf 85' lang='grc' dir='ltr'>νοῆσαι</span> 
     </span>
    </p>
   </div>
   <div class='ocr_carea' id='block_1_28' title="bbox 2061 1453 3632 1533">
    <p class='ocr_par' dir='ltr' id='par_1_28' title="bbox 2061 1453 3632 1533">
     <span class='ocr_line' id='line_1_28' title="bbox 2061 1453 3632 1533; baseline -0.01 -15"><span class='ocrx_word' id='word_1_201' title='bbox 2061 1463 2360 1533; x_wconf 79' lang='grc' dir='ltr'>μυστήρια,</span> <span class='ocrx_word' id='word_1_202' title='bbox 2389 1463 2436 1513; x_wconf 77' lang='grc' dir='ltr'>εἰ</span> <span class='ocrx_word' id='word_1_203' title='bbox 2467 1461 2564 1515; x_wconf 67' lang='grc' dir='ltr'>καὶ</span> <span class='ocrx_word' id='word_1_204' title='bbox 2595 1458 2833 1526; x_wconf 72' lang='grc' dir='ltr'>χαλεπὸν</span> <span class='ocrx_word' id='word_1_205' title='bbox 2870 1455 2962 1510; x_wconf 64' lang='grc' dir='ltr'>τὸν</span> <span class='ocrx_word' id='word_1_206' title='bbox 2985 1456 3198 1518; x_wconf 77' lang='grc' dir='ltr'>ἀσεϐῶς</span> <span class='ocrx_word' id='word_1_207' title='bbox 3231 1455 3476 1523; x_wconf 77' lang='grc' dir='ltr'>ζήσαντα</span> <span class='ocrx_word' id='word_1_208' title='bbox 3510 1453 3632 1504; x_wconf 79' lang='grc' dir='ltr'>πεί-</span> 
     </span>
    </p>
   </div>
   <div class='ocr_carea' id='block_1_29' title="bbox 2057 1543 3633 1623">
    <p class='ocr_par' dir='ltr' id='par_1_29' title="bbox 2057 1543 3633 1623">
     <span class='ocr_line' id='line_1_29' title="bbox 2057 1543 3633 1623; baseline -0.01 -14"><span class='ocrx_word' id='word_1_209' title='bbox 2057 1556 2197 1623; x_wconf 79' lang='grc' dir='ltr'>θειν,</span> <span class='ocrx_word' id='word_1_210' title='bbox 2231 1555 2308 1617; x_wconf 83' lang='grc' dir='ltr'>ὡς</span> <span class='ocrx_word' id='word_1_211' title='bbox 2348 1555 2444 1606; x_wconf 68' lang='grc' dir='ltr'><strong>καὶ</strong></span> <span class='ocrx_word' id='word_1_212' title='bbox 2484 1552 2680 1621; x_wconf 72' lang='grc' dir='ltr'>νεκρὸν</span> <span class='ocrx_word' id='word_1_213' title='bbox 2753 1549 2994 1618; x_wconf 74' lang='grc' dir='ltr'>ἐγείρειν</span> <span class='ocrx_word' id='word_1_214' title='bbox 3029 1545 3348 1616; x_wconf 77' lang='grc' dir='ltr'>πειρᾶσθαι,</span> <span class='ocrx_word' id='word_1_215' title='bbox 3403 1543 3495 1596; x_wconf 70' lang='grc' dir='ltr'><strong>καὶ</strong></span> <span class='ocrx_word' id='word_1_216' title='bbox 3543 1544 3633 1597; x_wconf 72' lang='grc' dir='ltr'><strong>τὸν</strong></span> 
     </span>
    </p>
   </div>
   <div class='ocr_carea' id='block_1_30' title="bbox 2059 1636 3632 1708">
    <p class='ocr_par' dir='ltr' id='par_1_30' title="bbox 2059 1636 3632 1708">
     <span class='ocr_line' id='line_1_30' title="bbox 2059 1636 3632 1708; baseline -0.01 -7"><span class='ocrx_word' id='word_1_217' title='bbox 2059 1645 2321 1701; x_wconf 80' lang='grc' dir='ltr'>ἀσύνετον</span> <span class='ocrx_word' id='word_1_218' title='bbox 2355 1645 2436 1707; x_wconf 87' lang='grc' dir='ltr'><strong>είς</strong></span> <span class='ocrx_word' id='word_1_219' title='bbox 2475 1641 2694 1696; x_wconf 82' lang='grc' dir='ltr'>σύνεσιν</span> <span class='ocrx_word' id='word_1_220' title='bbox 2759 1641 3013 1708; x_wconf 81' lang='grc' dir='ltr'>ἀγαγεῖν,</span> <span class='ocrx_word' id='word_1_221' title='bbox 3049 1639 3098 1691; x_wconf 90' lang='grc' dir='ltr'><strong>εί</strong></span> <span class='ocrx_word' id='word_1_222' title='bbox 3162 1638 3236 1706; x_wconf 74' lang='grc' dir='ltr'><strong>μὴ</strong></span> <span class='ocrx_word' id='word_1_223' title='bbox 3266 1636 3398 1698; x_wconf 77' lang='grc' dir='ltr'>Θεὸς</span> <span class='ocrx_word' id='word_1_224' title='bbox 3427 1636 3632 1702; x_wconf 78' lang='grc' dir='ltr'>όρέξειε</span> 
     </span>
    </p>
   </div>
   <div class='ocr_carea' id='block_1_31' title="bbox 2068 1727 3635 1807">
    <p class='ocr_par' dir='ltr' id='par_1_31' title="bbox 2068 1727 3635 1807">
     <span class='ocr_line' id='line_1_31' title="bbox 2068 1727 3635 1807; baseline -0.007 -17"><span class='ocrx_word' id='word_1_225' title='bbox 2068 1739 2253 1807; x_wconf 81' lang='grc' dir='ltr'>χεῖρα,</span> <span class='ocrx_word' id='word_1_226' title='bbox 2285 1735 2386 1789; x_wconf 71' lang='grc' dir='ltr'>καὶ</span> <span class='ocrx_word' id='word_1_227' title='bbox 2416 1738 2513 1804; x_wconf 79' lang='grc' dir='ltr'>τὴν</span> <span class='ocrx_word' id='word_1_228' title='bbox 2546 1734 2774 1787; x_wconf 77' lang='grc' dir='ltr'>ἐκείνων</span> <span class='ocrx_word' id='word_1_229' title='bbox 2824 1732 3031 1792; x_wconf 80' lang='grc' dir='ltr'>ἄνοιαν,</span> <span class='ocrx_word' id='word_1_230' title='bbox 3063 1729 3139 1793; x_wconf 83' lang='grc' dir='ltr'>ὡς</span> <span class='ocrx_word' id='word_1_231' title='bbox 3170 1731 3295 1790; x_wconf 81' lang='grc' dir='ltr'>τοὺς</span> <span class='ocrx_word' id='word_1_232' title='bbox 3322 1727 3635 1796; x_wconf 72' lang='grc' dir='ltr'>ὀφθαλμοὺς</span> 
     </span>
    </p>
   </div>
   <div class='ocr_carea' id='block_1_32' title="bbox 383 1793 1964 1896">
    <p class='ocr_par' dir='ltr' id='par_1_32' title="bbox 383 1793 1958 1890">
     <span class='ocr_line' id='line_1_32' title="bbox 383 1793 1958 1890; baseline 0.005 -20"><span class='ocrx_word' id='word_1_233' title='bbox 383 1826 487 1872; x_wconf 87' lang='lat' dir='ltr'><strong>tem</strong></span> <span class='ocrx_word' id='word_1_234' title='bbox 517 1834 788 1888; x_wconf 82' lang='lat' dir='ltr'><strong>omneque</strong></span> <span class='ocrx_word' id='word_1_235' title='bbox 841 1820 1067 1874; x_wconf 86' lang='lat' dir='ltr'><strong>verbum</strong></span> <span class='ocrx_word' id='word_1_236' title='bbox 1137 1793 1553 1890; x_wconf 69' lang='lat' dir='ltr'><strong>intelligentiam</strong></span> <span class='ocrx_word' id='word_1_237' title='bbox 1609 1831 1664 1877; x_wconf 91' lang='lat' dir='ltr'><strong>et</strong></span> <span class='ocrx_word' id='word_1_238' title='bbox 1714 1823 1958 1879; x_wconf 81' lang='lat' dir='ltr'><strong>rationa-</strong></span> 
     </span>
    </p>
   </div>
   <div class='ocr_carea' id='block_1_33' title="bbox 2069 1793 3633 1896">
    <p class='ocr_par' dir='ltr' id='par_1_33' title="bbox 2069 1819 3633 1896">
     <span class='ocr_line' id='line_1_33' title="bbox 2069 1819 3633 1896; baseline -0.008 -13"><span class='ocrx_word' id='word_1_239' title='bbox 2069 1828 2158 1883; x_wconf 86' lang='grc' dir='ltr'><strong>τοῦ</strong></span> <span class='ocrx_word' id='word_1_240' title='bbox 2192 1829 2260 1881; x_wconf 80' lang='grc' dir='ltr'>ὲκ</span> <span class='ocrx_word' id='word_1_241' title='bbox 2307 1826 2536 1896; x_wconf 79' lang='grc' dir='ltr'>γενετῆς</span> <span class='ocrx_word' id='word_1_242' title='bbox 2597 1824 2798 1892; x_wconf 68' lang='grc' dir='ltr'>τυφλοῦ</span> <span class='ocrx_word' id='word_1_243' title='bbox 2848 1823 3187 1887; x_wconf 77' lang='grc' dir='ltr'>διανοίξςιεν.</span> <span class='ocrx_word' id='word_1_244' title='bbox 3237 1821 3394 1872; x_wconf 71' lang='grc' dir='ltr'>Ἐπεὶ</span> <span class='ocrx_word' id='word_1_245' title='bbox 3453 1819 3633 1884; x_wconf 77' lang='grc' dir='ltr'>καὶτὸ</span> 
     </span>
    </p>
   </div>
   <div class='ocr_carea' id='block_1_34' title="bbox 380 1909 1955 1987">
    <p class='ocr_par' dir='ltr' id='par_1_34' title="bbox 380 1909 1955 1987">
     <span class='ocr_line' id='line_1_34' title="bbox 380 1909 1955 1987; baseline 0.006 -22"><span class='ocrx_word' id='word_1_246' title='bbox 380 1909 567 1965; x_wconf 91' lang='lat' dir='ltr'><strong>bilinm</strong></span> <span class='ocrx_word' id='word_1_247' title='bbox 601 1913 846 1968; x_wconf 90' lang='lat' dir='ltr'><strong>omnium</strong></span> <span class='ocrx_word' id='word_1_248' title='bbox 874 1924 1092 1970; x_wconf 86' lang='lat' dir='ltr'><strong>creator</strong></span> <span class='ocrx_word' id='word_1_249' title='bbox 1129 1925 1214 1971; x_wconf 85' lang='lat' dir='ltr'><strong>est</strong></span> <span class='ocrx_word' id='word_1_250' title='bbox 1249 1914 1512 1981; x_wconf 76' lang='lat' dir='ltr'><strong>Trinitas,</strong></span> <span class='ocrx_word' id='word_1_251' title='bbox 1543 1924 1598 1972; x_wconf 82' lang='lat' dir='ltr'><strong>et</strong></span> <span class='ocrx_word' id='word_1_252' title='bbox 1644 1916 1773 1987; x_wconf 86' lang='lat' dir='ltr'><strong>quia</strong></span> <span class='ocrx_word' id='word_1_253' title='bbox 1835 1917 1955 1974; x_wconf 85' lang='lat' dir='ltr'><strong>sine</strong></span> 
     </span>
    </p>
   </div>
   <div class='ocr_carea' id='block_1_35' title="bbox 378 2003 1954 2078">
    <p class='ocr_par' dir='ltr' id='par_1_35' title="bbox 378 2003 1954 2078">
     <span class='ocr_line' id='line_1_35' title="bbox 378 2003 1954 2078; baseline 0.004 -20"><span class='ocrx_word' id='word_1_254' title='bbox 378 2003 558 2058; x_wconf 84' lang='lat' dir='ltr'><strong>divina</strong></span> <span class='ocrx_word' id='word_1_255' title='bbox 585 2005 756 2073; x_wconf 82' lang='lat' dir='ltr'><strong>gratia</strong></span> <span class='ocrx_word' id='word_1_256' title='bbox 785 2018 1029 2061; x_wconf 76' lang='lat' dir='ltr'><strong>creatura</strong></span> <span class='ocrx_word' id='word_1_257' title='bbox 1075 2009 1258 2075; x_wconf 90' lang='lat' dir='ltr'><strong>nequit</strong></span> <span class='ocrx_word' id='word_1_258' title='bbox 1284 2007 1600 2064; x_wconf 84' lang='lat' dir='ltr'><strong>Creatorem</strong></span> <span class='ocrx_word' id='word_1_259' title='bbox 1629 2008 1954 2078; x_wconf 79' lang='lat' dir='ltr'><strong>intelligere.</strong></span> 
     </span>
    </p>
   </div>
   <div class='ocr_carea' id='block_1_36' title="bbox 2063 1908 3634 1996">
    <p class='ocr_par' dir='ltr' id='par_1_36' title="bbox 2063 1908 3634 1996">
     <span class='ocr_line' id='line_1_36' title="bbox 2063 1908 3634 1996; baseline -0.009 -24"><span class='ocrx_word' id='word_1_260' title='bbox 2063 1917 2270 1985; x_wconf 82' lang='grc' dir='ltr'>γνῶναι</span> <span class='ocrx_word' id='word_1_261' title='bbox 2295 1915 2430 1996; x_wconf 59' lang='grc' dir='ltr'>Θεδν</span> <span class='ocrx_word' id='word_1_262' title='bbox 2463 1915 2600 1968; x_wconf 82' lang='grc' dir='ltr'>Θεοῦ</span> <span class='ocrx_word' id='word_1_263' title='bbox 2629 1914 2814 1983; x_wconf 78' lang='grc' dir='ltr'>ἔργον,</span> <span class='ocrx_word' id='word_1_264' title='bbox 2857 1914 2952 1966; x_wconf 71' lang='grc' dir='ltr'><strong>καὶ</strong></span> <span class='ocrx_word' id='word_1_265' title='bbox 2990 1912 3226 1983; x_wconf 82' lang='grc' dir='ltr'>μάλιστα</span> <span class='ocrx_word' id='word_1_266' title='bbox 3255 1911 3315 1962; x_wconf 77' lang='grc' dir='ltr'>τὸ</span> <span class='ocrx_word' id='word_1_267' title='bbox 3349 1908 3634 1978; x_wconf 80' lang='grc' dir='ltr'>ἄνθρωπον</span> 
     </span>
    </p>
   </div>
   <div class='ocr_carea' id='block_1_37' title="bbox 2062 1999 3635 2078">
    <p class='ocr_par' dir='ltr' id='par_1_37' title="bbox 2062 1999 3635 2078">
     <span class='ocr_line' id='line_1_37' title="bbox 2062 1999 3635 2078; baseline -0.009 -15"><span class='ocrx_word' id='word_1_268' title='bbox 2062 2008 2270 2063; x_wconf 82' lang='grc' dir='ltr'>πείθειν</span> <span class='ocrx_word' id='word_1_269' title='bbox 2303 2007 2590 2078; x_wconf 84' lang='grc' dir='ltr'>βούλεσθαι</span> <span class='ocrx_word' id='word_1_270' title='bbox 2620 2006 2747 2060; x_wconf 82' lang='grc' dir='ltr'>νοῦν</span> <span class='ocrx_word' id='word_1_271' title='bbox 2800 2003 3003 2076; x_wconf 70' lang='grc' dir='ltr'>ἔχοντα</span> <span class='ocrx_word' id='word_1_272' title='bbox 3067 2001 3332 2073; x_wconf 84' lang='grc' dir='ltr'>σαρκικόν</span> <span class='ocrx_word' id='word_1_273' title='bbox 3358 2015 3372 2030; x_wconf 77' lang='grc' dir='ltr'><strong><em>ο</em></strong></span> <span class='ocrx_word' id='word_1_274' title='bbox 3403 2000 3500 2052; x_wconf 72' lang='grc' dir='ltr'><strong>καὶ</strong></span> <span class='ocrx_word' id='word_1_275' title='bbox 3553 1999 3635 2050; x_wconf 85' lang='grc' dir='ltr'><strong>ὅτι</strong></span> 
     </span>
    </p>
   </div>
   <div class='ocr_carea' id='block_1_38' title="bbox 378 2095 3636 2174">
    <p class='ocr_par' dir='ltr' id='par_1_38' title="bbox 378 2095 3636 2174">
     <span class='ocr_line' id='line_1_38' title="bbox 378 2095 3636 2174; baseline -0.002 -19"><span class='ocrx_word' id='word_1_276' title='bbox 378 2100 517 2172; x_wconf 81' lang='grc' dir='ltr'>ὑπὲρ</span> <span class='ocrx_word' id='word_1_277' title='bbox 547 2100 672 2157; x_wconf 86' lang='grc' dir='ltr'>νοῦν</span> <span class='ocrx_word' id='word_1_278' title='bbox 733 2103 829 2155; x_wconf 76' lang='grc' dir='ltr'><strong>καὶ</strong></span> <span class='ocrx_word' id='word_1_279' title='bbox 881 2101 1060 2169; x_wconf 87' lang='grc' dir='ltr'>λόγον,</span> <span class='ocrx_word' id='word_1_280' title='bbox 1099 2105 1126 2156; x_wconf 84' lang='grc' dir='ltr'>ὁ</span> <span class='ocrx_word' id='word_1_281' title='bbox 1175 2104 1290 2156; x_wconf 83' lang='grc' dir='ltr'>τῶν</span> <span class='ocrx_word' id='word_1_282' title='bbox 1345 2105 1549 2174; x_wconf 80' lang='grc' dir='ltr'>νοερῶν</span> <span class='ocrx_word' id='word_1_283' title='bbox 1587 2106 1684 2158; x_wconf 77' lang='grc' dir='ltr'>καὶ</span> <span class='ocrx_word' id='word_1_284' title='bbox 1714 2104 1954 2172; x_wconf 83' lang='grc' dir='ltr'>λογικῶν</span> <span class='ocrx_word' id='word_1_285' title='bbox 1983 2107 2077 2159; x_wconf 74' lang='grc' dir='ltr'><strong>καὶ</strong></span> <span class='ocrx_word' id='word_1_286' title='bbox 2111 2106 2222 2159; x_wconf 85' lang='grc' dir='ltr'><strong>τῶν</strong></span> <span class='ocrx_word' id='word_1_287' title='bbox 2257 2107 2516 2164; x_wconf 81' lang='grc' dir='ltr'>ἁπάντων</span> <span class='ocrx_word' id='word_1_288' title='bbox 2549 2101 2882 2174; x_wconf 83' lang='grc' dir='ltr'>δημιουργὸς</span> <span class='ocrx_word' id='word_1_289' title='bbox 2929 2102 2962 2170; x_wconf 89' lang='grc' dir='ltr'><strong>ή</strong></span> <span class='ocrx_word' id='word_1_290' title='bbox 2990 2098 3161 2170; x_wconf 76' lang='grc' dir='ltr'>Τριάς</span> <span class='ocrx_word' id='word_1_291' title='bbox 3212 2101 3330 2152; x_wconf 75' lang='grc' dir='ltr'>ἐστι</span> <span class='ocrx_word' id='word_1_292' title='bbox 3356 2113 3370 2128; x_wconf 83' lang='grc'>⁶</span> <span class='ocrx_word' id='word_1_293' title='bbox 3402 2095 3497 2150; x_wconf 78' lang='grc' dir='ltr'>καὶ</span> <span class='ocrx_word' id='word_1_294' title='bbox 3553 2097 3636 2151; x_wconf 84' lang='grc' dir='ltr'>ὅτι</span> 
     </span>
    </p>
   </div>
   <div class='ocr_carea' id='block_1_39' title="bbox 373 2198 2736 2273">
    <p class='ocr_par' dir='ltr' id='par_1_39' title="bbox 373 2198 2736 2273">
     <span class='ocr_line' id='line_1_39' title="bbox 373 2198 2736 2273; baseline 0.001 -23"><span class='ocrx_word' id='word_1_295' title='bbox 373 2201 547 2269; x_wconf 76' lang='grc' dir='ltr'>χωρὶς</span> <span class='ocrx_word' id='word_1_296' title='bbox 569 2200 668 2267; x_wconf 71' lang='grc' dir='ltr'>τεῆς</span> <span class='ocrx_word' id='word_1_297' title='bbox 689 2198 782 2252; x_wconf 87' lang='grc' dir='ltr'><strong>τοῦ</strong></span> <span class='ocrx_word' id='word_1_298' title='bbox 801 2198 935 2251; x_wconf 87' lang='grc' dir='ltr'>Θεοῦ</span> <span class='ocrx_word' id='word_1_299' title='bbox 967 2199 1215 2269; x_wconf 79' lang='grc' dir='ltr'>χάριτος,</span> <span class='ocrx_word' id='word_1_300' title='bbox 1245 2199 1306 2252; x_wconf 81' lang='grc' dir='ltr'>οὐ</span> <span class='ocrx_word' id='word_1_301' title='bbox 1339 2199 1571 2268; x_wconf 79' lang='grc' dir='ltr'>δύναμις</span> <span class='ocrx_word' id='word_1_302' title='bbox 1590 2200 1669 2273; x_wconf 78' lang='grc' dir='ltr'>τῷ</span> <span class='ocrx_word' id='word_1_303' title='bbox 1690 2200 1952 2271; x_wconf 78' lang='grc' dir='ltr'>κτίσματι</span> <span class='ocrx_word' id='word_1_304' title='bbox 1995 2203 2339 2270; x_wconf 81' lang='grc' dir='ltr'>κατανοῆσαι</span> <span class='ocrx_word' id='word_1_305' title='bbox 2373 2202 2465 2254; x_wconf 78' lang='grc' dir='ltr'><strong>τὸν</strong></span> <span class='ocrx_word' id='word_1_306' title='bbox 2488 2201 2736 2268; x_wconf 81' lang='grc' dir='ltr'>κτίστην.</span> 
     </span>
    </p>
   </div>
   <div class='ocr_carea' id='block_1_40' title="bbox 448 2290 1957 2355">
    <p class='ocr_par' dir='ltr' id='par_1_40' title="bbox 448 2290 1957 2355">
     <span class='ocr_line' id='line_1_40' title="bbox 448 2290 1957 2355; baseline 0.002 -10"><span class='ocrx_word' id='word_1_307' title='bbox 448 2290 707 2345; x_wconf 74' lang='lat' dir='ltr'><strong>Clericus.</strong></span> <span class='ocrx_word' id='word_1_308' title='bbox 739 2293 986 2355; x_wconf 80' lang='lat' dir='ltr'><strong>Abunde,</strong></span> <span class='ocrx_word' id='word_1_309' title='bbox 1040 2292 1279 2355; x_wconf 80' lang='lat' dir='ltr'><strong>domine,</strong></span> <span class='ocrx_word' id='word_1_310' title='bbox 1319 2294 1506 2348; x_wconf 86' lang='lat' dir='ltr'><strong>multis</strong></span> <span class='ocrx_word' id='word_1_311' title='bbox 1538 2295 1722 2349; x_wconf 79' lang='lat' dir='ltr'><strong>verbis</strong></span> <span class='ocrx_word' id='word_1_312' title='bbox 1755 2291 1957 2350; x_wconf 75' lang='lat' dir='ltr'><strong>doctri-</strong></span> 
     </span>
    </p>
   </div>
   <div class='ocr_carea' id='block_1_41' title="bbox 379 2381 1957 2448">
    <p class='ocr_par' dir='ltr' id='par_1_41' title="bbox 379 2381 1957 2448">
     <span class='ocr_line' id='line_1_41' title="bbox 379 2381 1957 2448; baseline 0.002 -13"><span class='ocrx_word' id='word_1_313' title='bbox 379 2397 504 2436; x_wconf 78' lang='lat' dir='ltr'><strong>nam</strong></span> <span class='ocrx_word' id='word_1_314' title='bbox 536 2383 603 2434; x_wconf 84' lang='lat' dir='ltr'><strong>de.</strong></span> <span class='ocrx_word' id='word_1_315' title='bbox 628 2381 898 2436; x_wconf 83' lang='lat' dir='ltr'><strong>Trinitate</strong></span> <span class='ocrx_word' id='word_1_316' title='bbox 943 2383 1102 2438; x_wconf 87' lang='lat' dir='ltr'><strong>nobis</strong></span> <span class='ocrx_word' id='word_1_317' title='bbox 1129 2383 1407 2448; x_wconf 85' lang='lat' dir='ltr'><strong>revelasti,</strong></span> <span class='ocrx_word' id='word_1_318' title='bbox 1450 2391 1503 2436; x_wconf 88' lang='lat' dir='ltr'><strong>et</strong></span> <span class='ocrx_word' id='word_1_319' title='bbox 1557 2383 1792 2440; x_wconf 76' lang='lat' dir='ltr'><strong>docuisti</strong></span> <span class='ocrx_word' id='word_1_320' title='bbox 1855 2399 1957 2439; x_wconf 87' lang='lat' dir='ltr'><strong>nos</strong></span> 
     </span>
    </p>
   </div>
   <div class='ocr_carea' id='block_1_42' title="bbox 377 2470 1958 2542">
    <p class='ocr_par' dir='ltr' id='par_1_42' title="bbox 377 2470 1958 2542">
     <span class='ocr_line' id='line_1_42' title="bbox 377 2470 1958 2542; baseline 0 -15"><span class='ocrx_word' id='word_1_321' title='bbox 377 2471 492 2527; x_wconf 79' lang='lat' dir='ltr'><strong>fere</strong></span> <span class='ocrx_word' id='word_1_322' title='bbox 515 2471 751 2526; x_wconf 82' lang='lat' dir='ltr'><strong>suadere</strong></span> <span class='ocrx_word' id='word_1_323' title='bbox 781 2473 977 2542; x_wconf 84' lang='lat' dir='ltr'><strong>impios</strong></span> <span class='ocrx_word' id='word_1_324' title='bbox 1002 2473 1066 2526; x_wconf 90' lang='lat' dir='ltr'><strong>de</strong></span> <span class='ocrx_word' id='word_1_325' title='bbox 1093 2470 1233 2526; x_wconf 80' lang='lat' dir='ltr'><strong>Filio</strong></span> <span class='ocrx_word' id='word_1_326' title='bbox 1262 2472 1354 2527; x_wconf 90' lang='lat' dir='ltr'><strong>Dei</strong></span> <span class='ocrx_word' id='word_1_327' title='bbox 1383 2473 1669 2541; x_wconf 79' lang='lat' dir='ltr'><strong>nu-igenito</strong></span> <span class='ocrx_word' id='word_1_328' title='bbox 1695 2489 1788 2528; x_wconf 84' lang='lat' dir='ltr'><strong>seu</strong></span> <span class='ocrx_word' id='word_1_329' title='bbox 1820 2475 1958 2529; x_wconf 79' lang='lat' dir='ltr'><strong>Ver-</strong></span> 
     </span>
    </p>
   </div>
   <div class='ocr_carea' id='block_1_43' title="bbox 379 2562 1954 2636">
    <p class='ocr_par' dir='ltr' id='par_1_43' title="bbox 379 2562 1954 2636">
     <span class='ocr_line' id='line_1_43' title="bbox 379 2562 1954 2636; baseline 0.003 -20"><span class='ocrx_word' id='word_1_330' title='bbox 379 2562 471 2622; x_wconf 92' lang='lat' dir='ltr'><strong>bo.</strong></span> <span class='ocrx_word' id='word_1_331' title='bbox 504 2577 571 2617; x_wconf 89' lang='lat' dir='ltr'><strong>co</strong></span> <span class='ocrx_word' id='word_1_332' title='bbox 612 2565 786 2631; x_wconf 75' lang='lat' dir='ltr'><strong>magis</strong></span> <span class='ocrx_word' id='word_1_333' title='bbox 837 2579 946 2633; x_wconf 92' lang='lat' dir='ltr'><strong>quo</strong></span> <span class='ocrx_word' id='word_1_334' title='bbox 989 2564 1330 2633; x_wconf 83' lang='lat' dir='ltr'><strong>Scripturam</strong></span> <span class='ocrx_word' id='word_1_335' title='bbox 1375 2567 1591 2635; x_wconf 84' lang='lat' dir='ltr'><strong>aliaque</strong></span> <span class='ocrx_word' id='word_1_336' title='bbox 1632 2577 1954 2636; x_wconf 75' lang='lat' dir='ltr'><strong>argumenta</strong></span> 
     </span>
    </p>
   </div>
   <div class='ocr_carea' id='block_1_44' title="bbox 380 2655 1956 2726">
    <p class='ocr_par' dir='ltr' id='par_1_44' title="bbox 380 2655 1956 2726">
     <span class='ocr_line' id='line_1_44' title="bbox 380 2655 1956 2726; baseline 0.005 -22"><span class='ocrx_word' id='word_1_337' title='bbox 380 2668 476 2723; x_wconf 85' lang='lat' dir='ltr'><strong>per</strong></span> <span class='ocrx_word' id='word_1_338' title='bbox 505 2655 752 2724; x_wconf 80' lang='lat' dir='ltr'><strong>exempla</strong></span> <span class='ocrx_word' id='word_1_339' title='bbox 785 2656 1102 2710; x_wconf 84' lang='lat' dir='ltr'><strong>recordatus</strong></span> <span class='ocrx_word' id='word_1_340' title='bbox 1138 2670 1218 2721; x_wconf 88' lang='lat' dir='ltr'><strong>es,</strong></span> <span class='ocrx_word' id='word_1_341' title='bbox 1247 2657 1560 2726; x_wconf 86' lang='lat' dir='ltr'><strong>pariterque</strong></span> <span class='ocrx_word' id='word_1_342' title='bbox 1581 2673 1642 2710; x_wconf 86' lang='lat' dir='ltr'><strong>ea</strong></span> <span class='ocrx_word' id='word_1_343' title='bbox 1668 2674 1790 2726; x_wconf 67' lang='lat' dir='ltr'><strong>quae</strong></span> <span class='ocrx_word' id='word_1_344' title='bbox 1815 2659 1956 2712; x_wconf 82' lang='lat' dir='ltr'><strong>divi-</strong></span> 
     </span>
    </p>
   </div>
   <div class='ocr_carea' id='block_1_45' title="bbox 380 2746 1952 2815">
    <p class='ocr_par' dir='ltr' id='par_1_45' title="bbox 380 2746 1952 2815">
     <span class='ocr_line' id='line_1_45' title="bbox 380 2746 1952 2815; baseline 0.003 -16"><span class='ocrx_word' id='word_1_345' title='bbox 380 2747 531 2800; x_wconf 89' lang='lat' dir='ltr'><strong>nitus</strong></span> <span class='ocrx_word' id='word_1_346' title='bbox 555 2746 609 2798; x_wconf 89' lang='lat' dir='ltr'><strong>in</strong></span> <span class='ocrx_word' id='word_1_347' title='bbox 640 2747 878 2800; x_wconf 83' lang='lat' dir='ltr'><strong>Ecclesia</strong></span> <span class='ocrx_word' id='word_1_348' title='bbox 907 2746 1149 2815; x_wconf 83' lang='lat' dir='ltr'><strong>perfecta</strong></span> <span class='ocrx_word' id='word_1_349' title='bbox 1177 2755 1329 2812; x_wconf 82' lang='lat' dir='ltr'><strong>sunt,</strong></span> <span class='ocrx_word' id='word_1_350' title='bbox 1359 2749 1556 2815; x_wconf 88' lang='lat' dir='ltr'><strong>quibus</strong></span> <span class='ocrx_word' id='word_1_351' title='bbox 1579 2749 1952 2804; x_wconf 84' lang='lat' dir='ltr'><strong>necessarium</strong></span> 
     </span>
    </p>
   </div>
   <div class='ocr_carea' id='block_1_46' title="bbox 379 2837 1960 2906">
    <p class='ocr_par' dir='ltr' id='par_1_46' title="bbox 379 2837 1960 2906">
     <span class='ocr_line' id='line_1_46' title="bbox 379 2837 1960 2906; baseline 0.003 -15"><span class='ocrx_word' id='word_1_352' title='bbox 379 2846 461 2891; x_wconf 87' lang='lat' dir='ltr'><strong>est</strong></span> <span class='ocrx_word' id='word_1_353' title='bbox 520 2851 712 2891; x_wconf 71' lang='lat' dir='ltr'><strong>omnes</strong></span> <span class='ocrx_word' id='word_1_354' title='bbox 784 2837 978 2891; x_wconf 85' lang='lat' dir='ltr'><strong>atheos</strong></span> <span class='ocrx_word' id='word_1_355' title='bbox 1039 2838 1280 2906; x_wconf 76' lang='lat' dir='ltr'><strong>aggredi.</strong></span> <span class='ocrx_word' id='word_1_356' title='bbox 1332 2839 1440 2892; x_wconf 86' lang='lat' dir='ltr'><strong>Sed</strong></span> <span class='ocrx_word' id='word_1_357' title='bbox 1477 2853 1601 2892; x_wconf 90' lang='lat' dir='ltr'><strong>cum</strong></span> <span class='ocrx_word' id='word_1_358' title='bbox 1665 2841 1834 2895; x_wconf 88' lang='lat' dir='ltr'><strong>multa</strong></span> <span class='ocrx_word' id='word_1_359' title='bbox 1889 2841 1960 2896; x_wconf 88' lang='lat' dir='ltr'><strong>sit</strong></span> 
     </span>
    </p>
   </div>
   <div class='ocr_carea' id='block_1_47' title="bbox 381 2929 1954 3002">
    <p class='ocr_par' dir='ltr' id='par_1_47' title="bbox 381 2929 1954 3002">
     <span class='ocr_line' id='line_1_47' title="bbox 381 2929 1954 3002; baseline 0.003 -20"><span class='ocrx_word' id='word_1_360' title='bbox 381 2929 662 2984; x_wconf 73' lang='lat' dir='ltr'><strong>haereseon</strong></span> <span class='ocrx_word' id='word_1_361' title='bbox 695 2929 874 2993; x_wconf 78' lang='lat' dir='ltr'><strong>turba,</strong></span> <span class='ocrx_word' id='word_1_362' title='bbox 910 2946 1139 2999; x_wconf 87' lang='lat' dir='ltr'><strong>quarum</strong></span> <span class='ocrx_word' id='word_1_363' title='bbox 1173 2939 1484 2986; x_wconf 87' lang='lat' dir='ltr'><strong>sectatores</strong></span> <span class='ocrx_word' id='word_1_364' title='bbox 1511 2947 1709 2986; x_wconf 88' lang='lat' dir='ltr'><strong>omnes</strong></span> <span class='ocrx_word' id='word_1_365' title='bbox 1736 2933 1954 3002; x_wconf 86' lang='lat' dir='ltr'><strong>quidem</strong></span> 
     </span>
    </p>
   </div>
   <div class='ocr_carea' id='block_1_48' title="bbox 381 3023 1960 3093">
    <p class='ocr_par' dir='ltr' id='par_1_48' title="bbox 381 3023 1960 3093">
     <span class='ocr_line' id='line_1_48' title="bbox 381 3023 1960 3093; baseline 0.002 -16"><span class='ocrx_word' id='word_1_366' title='bbox 381 3023 682 3078; x_wconf 84' lang='lat' dir='ltr'><strong>Christiani</strong></span> <span class='ocrx_word' id='word_1_367' title='bbox 717 3023 1082 3093; x_wconf 80' lang='lat' dir='ltr'><strong>appellantur,</strong></span> <span class='ocrx_word' id='word_1_368' title='bbox 1133 3023 1472 3078; x_wconf 71' lang='lat' dir='ltr'><strong>multimodis</strong></span> <span class='ocrx_word' id='word_1_369' title='bbox 1521 3036 1704 3078; x_wconf 78' lang='lat' dir='ltr'><strong>autem</strong></span> <span class='ocrx_word' id='word_1_370' title='bbox 1759 3026 1960 3080; x_wconf 81' lang='lat' dir='ltr'><strong>distra-</strong></span> 
     </span>
    </p>
   </div>
   <div class='ocr_carea' id='block_1_49' title="bbox 384 3113 1958 3185">
    <p class='ocr_par' dir='ltr' id='par_1_49' title="bbox 384 3113 1958 3185">
     <span class='ocr_line' id='line_1_49' title="bbox 384 3113 1958 3185; baseline 0.001 -16"><span class='ocrx_word' id='word_1_371' title='bbox 384 3115 591 3169; x_wconf 69' lang='lat' dir='ltr'><strong>buntur</strong></span> <span class='ocrx_word' id='word_1_372' title='bbox 619 3115 994 3185; x_wconf 79' lang='lat' dir='ltr'><strong>opinionibus,</strong></span> <span class='ocrx_word' id='word_1_373' title='bbox 1028 3116 1158 3184; x_wconf 87' lang='lat' dir='ltr'><strong>quid</strong></span> <span class='ocrx_word' id='word_1_374' title='bbox 1199 3114 1268 3168; x_wconf 85' lang='lat' dir='ltr'><strong>de</strong></span> <span class='ocrx_word' id='word_1_375' title='bbox 1303 3115 1424 3168; x_wconf 79' lang='lat' dir='ltr'><strong>istis</strong></span> <span class='ocrx_word' id='word_1_376' title='bbox 1457 3113 1762 3170; x_wconf 70' lang='lat' dir='ltr'><strong>feriemus?</strong></span> <span class='ocrx_word' id='word_1_377' title='bbox 1815 3116 1958 3172; x_wconf 87' lang='lat' dir='ltr'><strong>Sunt</strong></span> 
     </span>
    </p>
   </div>
   <div class='ocr_carea' id='block_1_50' title="bbox 382 3205 1962 3278">
    <p class='ocr_par' dir='ltr' id='par_1_50' title="bbox 382 3205 1962 3278">
     <span class='ocr_line' id='line_1_50' title="bbox 382 3205 1962 3278; baseline 0 -16"><span class='ocrx_word' id='word_1_378' title='bbox 382 3208 528 3262; x_wconf 88' lang='lat' dir='ltr'><strong>enim</strong></span> <span class='ocrx_word' id='word_1_379' title='bbox 557 3224 623 3261; x_wconf 81' lang='lat' dir='ltr'><strong>ex</strong></span> <span class='ocrx_word' id='word_1_380' title='bbox 649 3208 728 3262; x_wconf 89' lang='lat' dir='ltr'><strong>eis</strong></span> <span class='ocrx_word' id='word_1_381' title='bbox 751 3207 845 3276; x_wconf 89' lang='lat' dir='ltr'><strong>qui</strong></span> <span class='ocrx_word' id='word_1_382' title='bbox 869 3206 935 3271; x_wconf 84' lang='lat' dir='ltr'><strong>ad</strong></span> <span class='ocrx_word' id='word_1_383' title='bbox 964 3206 1209 3275; x_wconf 81' lang='lat' dir='ltr'><strong>singulas</strong></span> <span class='ocrx_word' id='word_1_384' title='bbox 1250 3205 1483 3261; x_wconf 57' lang='lat' dir='ltr'><strong>haereses</strong></span> <span class='ocrx_word' id='word_1_385' title='bbox 1527 3207 1837 3273; x_wconf 84' lang='lat' dir='ltr'><strong>pertinent,</strong></span> <span class='ocrx_word' id='word_1_386' title='bbox 1868 3209 1962 3278; x_wconf 86' lang='lat' dir='ltr'><strong>qui</strong></span> 
     </span>
    </p>
   </div>
   <div class='ocr_carea' id='block_1_51' title="bbox 2139 2287 3637 2366">
    <p class='ocr_par' dir='ltr' id='par_1_51' title="bbox 2139 2287 3637 2366">
     <span class='ocr_line' id='line_1_51' title="bbox 2139 2287 3637 2366; baseline -0.008 -14"><span class='ocrx_word' id='word_1_387' title='bbox 2139 2297 2460 2366; x_wconf 72' lang='grc' dir='ltr'>Κληρικός.</span> <span class='ocrx_word' id='word_1_388' title='bbox 2501 2293 2866 2366; x_wconf 59' lang='grc' dir='ltr'>ΪΑρκούντως,</span> <span class='ocrx_word' id='word_1_389' title='bbox 2898 2290 3155 2354; x_wconf 79' lang='grc' dir='ltr'>δέσποτα,</span> <span class='ocrx_word' id='word_1_390' title='bbox 3189 2289 3282 2342; x_wconf 75' lang='grc' dir='ltr'>καὶ</span> <span class='ocrx_word' id='word_1_391' title='bbox 3303 2288 3393 2342; x_wconf 70' lang='grc' dir='ltr'>διὰ</span> <span class='ocrx_word' id='word_1_392' title='bbox 3423 2287 3637 2342; x_wconf 84' lang='grc' dir='ltr'>πολλῶν</span> 
     </span>
    </p>
   </div>
   <div class='ocr_carea' id='block_1_52' title="bbox 2053 2380 3636 2460">
    <p class='ocr_par' dir='ltr' id='par_1_52' title="bbox 2053 2380 3636 2460">
     <span class='ocr_line' id='line_1_52' title="bbox 2053 2380 3636 2460; baseline -0.008 -16"><span class='ocrx_word' id='word_1_393' title='bbox 2053 2391 2198 2460; x_wconf 83' lang='grc' dir='ltr'>,ἡμῖν</span> <span class='ocrx_word' id='word_1_394' title='bbox 2229 2389 2328 2458; x_wconf 76' lang='grc' dir='ltr'>τὴν</span> <span class='ocrx_word' id='word_1_395' title='bbox 2356 2387 2490 2458; x_wconf 80' lang='grc' dir='ltr'>περὶ</span> <span class='ocrx_word' id='word_1_396' title='bbox 2518 2387 2620 2455; x_wconf 89' lang='grc' dir='ltr'><strong>τῆς</strong></span> <span class='ocrx_word' id='word_1_397' title='bbox 2656 2383 2817 2452; x_wconf 84' lang='grc' dir='ltr'>ἁγίας</span> <span class='ocrx_word' id='word_1_398' title='bbox 2849 2383 3077 2453; x_wconf 85' lang='grc' dir='ltr'>Τριάδος</span> <span class='ocrx_word' id='word_1_399' title='bbox 3102 2380 3464 2450; x_wconf 72' lang='grc' dir='ltr'>ἀπεκάλυψας</span> <span class='ocrx_word' id='word_1_400' title='bbox 3496 2381 3636 2447; x_wconf 83' lang='grc' dir='ltr'>γνῶ-</span> 
     </span>
    </p>
   </div>
   <div class='ocr_carea' id='block_1_53' title="bbox 2067 2471 3634 2546">
    <p class='ocr_par' dir='ltr' id='par_1_53' title="bbox 2067 2471 3634 2546">
     <span class='ocr_line' id='line_1_53' title="bbox 2067 2471 3634 2546; baseline -0.008 -11"><span class='ocrx_word' id='word_1_401' title='bbox 2067 2499 2175 2544; x_wconf 88' lang='grc' dir='ltr'>σιν,</span> <span class='ocrx_word' id='word_1_402' title='bbox 2218 2481 2313 2533; x_wconf 71' lang='grc' dir='ltr'><strong>καὶ</strong></span> <span class='ocrx_word' id='word_1_403' title='bbox 2347 2481 2536 2531; x_wconf 88' lang='grc' dir='ltr'>πεῖσαι</span> <span class='ocrx_word' id='word_1_404' title='bbox 2592 2475 2779 2546; x_wconf 74' lang='grc' dir='ltr'>σχεδδν</span> <span class='ocrx_word' id='word_1_405' title='bbox 2836 2475 2963 2536; x_wconf 79' lang='grc' dir='ltr'>τοῦς</span> <span class='ocrx_word' id='word_1_406' title='bbox 3017 2473 3342 2533; x_wconf 80' lang='grc' dir='ltr'>ἀθετοῦντας</span> <span class='ocrx_word' id='word_1_407' title='bbox 3397 2473 3488 2525; x_wconf 75' lang='grc' dir='ltr'><strong>τὸν</strong></span> <span class='ocrx_word' id='word_1_408' title='bbox 3543 2471 3634 2524; x_wconf 89' lang='grc' dir='ltr'><strong>τοῦ</strong></span> 
     </span>
    </p>
   </div>
   <div class='ocr_carea' id='block_1_54' title="bbox 2065 2564 3636 2639">
    <p class='ocr_par' dir='ltr' id='par_1_54' title="bbox 2065 2564 3636 2639">
     <span class='ocr_line' id='line_1_54' title="bbox 2065 2564 3636 2639; baseline -0.007 -13"><span class='ocrx_word' id='word_1_409' title='bbox 2065 2571 2201 2626; x_wconf 84' lang='grc' dir='ltr'>Θεοῦ</span> <span class='ocrx_word' id='word_1_410' title='bbox 2235 2571 2362 2624; x_wconf 83' lang='grc' dir='ltr'>Υίὺν</span> <span class='ocrx_word' id='word_1_411' title='bbox 2380 2570 2471 2623; x_wconf 80' lang='grc' dir='ltr'><strong>τὸν</strong></span> <span class='ocrx_word' id='word_1_412' title='bbox 2501 2569 2768 2639; x_wconf 81' lang='grc' dir='ltr'>μονογενῆ</span> <span class='ocrx_word' id='word_1_413' title='bbox 2798 2566 2890 2620; x_wconf 68' lang='grc' dir='ltr'><strong>καὶ</strong></span> <span class='ocrx_word' id='word_1_414' title='bbox 2919 2566 3011 2619; x_wconf 62' lang='grc' dir='ltr'><strong>τόν</strong></span> <span class='ocrx_word' id='word_1_415' title='bbox 3041 2566 3215 2632; x_wconf 84' lang='grc' dir='ltr'>Λόγον</span> <span class='ocrx_word' id='word_1_416' title='bbox 3247 2565 3514 2631; x_wconf 78' lang='grc' dir='ltr'>ἐδίδαξας·</span> <span class='ocrx_word' id='word_1_417' title='bbox 3543 2564 3636 2616; x_wconf 68' lang='grc' dir='ltr'><strong>καλ⁸</strong></span> 
     </span>
    </p>
   </div>
   <div class='ocr_carea' id='block_1_55' title="bbox 2065 2657 3638 2732">
    <p class='ocr_par' dir='ltr' id='par_1_55' title="bbox 2065 2657 3638 2732">
     <span class='ocr_line' id='line_1_55' title="bbox 2065 2657 3638 2732; baseline -0.006 -13"><span class='ocrx_word' id='word_1_418' title='bbox 2065 2663 2267 2732; x_wconf 82' lang='grc' dir='ltr'>μᾶλλον</span> <span class='ocrx_word' id='word_1_419' title='bbox 2299 2662 2382 2715; x_wconf 78' lang='grc' dir='ltr'><strong>ὅτι</strong></span> <span class='ocrx_word' id='word_1_420' title='bbox 2416 2659 2710 2730; x_wconf 86' lang='grc' dir='ltr'>γραφικῶν</span> <span class='ocrx_word' id='word_1_421' title='bbox 2745 2659 2842 2711; x_wconf 70' lang='grc' dir='ltr'><strong>καλ⁸</strong></span> <span class='ocrx_word' id='word_1_422' title='bbox 2871 2657 3092 2710; x_wconf 70' lang='grc' dir='ltr'>ἐννοιῶν</span> <span class='ocrx_word' id='word_1_423' title='bbox 3111 2658 3316 2721; x_wconf 80' lang='grc' dir='ltr'>ἐτέρων</span> <span class='ocrx_word' id='word_1_424' title='bbox 3341 2657 3428 2709; x_wconf 77' lang='grc' dir='ltr'><strong>διά</strong></span> <span class='ocrx_word' id='word_1_425' title='bbox 3455 2672 3638 2721; x_wconf 86' lang='grc' dir='ltr'>παρα-</span> 
     </span>
    </p>
   </div>
   <div class='ocr_carea' id='block_1_56' title="bbox 2061 2748 3636 2824">
    <p class='ocr_par' dir='ltr' id='par_1_56' title="bbox 2061 2748 3636 2824">
     <span class='ocr_line' id='line_1_56' title="bbox 2061 2748 3636 2824; baseline -0.006 -15"><span class='ocrx_word' id='word_1_426' title='bbox 2061 2754 2375 2824; x_wconf 86' lang='grc' dir='ltr'>δειγμάτων</span> <span class='ocrx_word' id='word_1_427' title='bbox 2401 2751 2704 2823; x_wconf 79' lang='grc' dir='ltr'>ἐμνήσθης,</span> <span class='ocrx_word' id='word_1_428' title='bbox 2729 2753 2822 2804; x_wconf 68' lang='grc' dir='ltr'><strong>καὶ</strong></span> <span class='ocrx_word' id='word_1_429' title='bbox 2844 2750 2953 2802; x_wconf 85' lang='grc' dir='ltr'><strong>τῶν</strong></span> <span class='ocrx_word' id='word_1_430' title='bbox 2981 2753 3037 2802; x_wconf 81' lang='grc' dir='ltr'>ἐν</span> <span class='ocrx_word' id='word_1_431' title='bbox 3053 2752 3117 2819; x_wconf 80' lang='grc' dir='ltr'>τῇ</span> <span class='ocrx_word' id='word_1_432' title='bbox 3151 2749 3454 2819; x_wconf 74' lang='grc' dir='ltr'>Ἐκκλησία</span> <span class='ocrx_word' id='word_1_433' title='bbox 3478 2748 3636 2810; x_wconf 83' lang='grc' dir='ltr'>θείως</span> 
     </span>
    </p>
   </div>
   <div class='ocr_carea' id='block_1_57' title="bbox 2065 2839 3637 2918">
    <p class='ocr_par' dir='ltr' id='par_1_57' title="bbox 2065 2839 3637 2918">
     <span class='ocr_line' id='line_1_57' title="bbox 2065 2839 3637 2918; baseline -0.005 -16"><span class='ocrx_word' id='word_1_434' title='bbox 2065 2850 2501 2918; x_wconf 69' lang='grc' dir='ltr'>ἐνεργουμένων,</span> <span class='ocrx_word' id='word_1_435' title='bbox 2532 2845 2566 2900; x_wconf 74' lang='grc' dir='ltr'><strong>ἃ</strong></span> <span class='ocrx_word' id='word_1_436' title='bbox 2599 2845 2695 2898; x_wconf 75' lang='grc' dir='ltr'>καὶ</span> <span class='ocrx_word' id='word_1_437' title='bbox 2725 2844 2861 2910; x_wconf 83' lang='grc' dir='ltr'>πρὸς</span> <span class='ocrx_word' id='word_1_438' title='bbox 2900 2845 3108 2905; x_wconf 77' lang='grc' dir='ltr'>πάντας</span> <span class='ocrx_word' id='word_1_439' title='bbox 3134 2841 3331 2905; x_wconf 80' lang='grc' dir='ltr'>ἀθέους</span> <span class='ocrx_word' id='word_1_440' title='bbox 3366 2839 3637 2909; x_wconf 82' lang='grc' dir='ltr'>ἀναγκαῖά</span> 
     </span>
    </p>
   </div>
   <div class='ocr_carea' id='block_1_58' title="bbox 2064 2933 3633 3007">
    <p class='ocr_par' dir='ltr' id='par_1_58' title="bbox 2064 2933 3633 3007">
     <span class='ocr_line' id='line_1_58' title="bbox 2064 2933 3633 3007; baseline -0.006 -14"><span class='ocrx_word' id='word_1_441' title='bbox 2064 2944 2171 2994; x_wconf 84' lang='grc' dir='ltr'>εἰσι</span> <span class='ocrx_word' id='word_1_442' title='bbox 2207 2939 2488 3007; x_wconf 85' lang='grc' dir='ltr'>λέγεσθαι.</span> <span class='ocrx_word' id='word_1_443' title='bbox 2518 2937 2674 2990; x_wconf 69' lang='grc' dir='ltr'>Ἐπεὶ</span> <span class='ocrx_word' id='word_1_444' title='bbox 2723 2936 2780 2988; x_wconf 82' lang='grc' dir='ltr'>δὲ</span> <span class='ocrx_word' id='word_1_445' title='bbox 2818 2936 2912 2988; x_wconf 65' lang='grc' dir='ltr'><strong>καὶ</strong></span> <span class='ocrx_word' id='word_1_446' title='bbox 2945 2934 3151 3003; x_wconf 71' lang='grc' dir='ltr'>πλῆθος</span> <span class='ocrx_word' id='word_1_447' title='bbox 3189 2934 3308 2986; x_wconf 80' lang='grc' dir='ltr'>ἐστι</span> <span class='ocrx_word' id='word_1_448' title='bbox 3339 2933 3476 2985; x_wconf 80' lang='grc' dir='ltr'>πολὺ</span> <span class='ocrx_word' id='word_1_449' title='bbox 3525 2933 3633 2984; x_wconf 83' lang='grc' dir='ltr'><strong>τῶν</strong></span> 
     </span>
    </p>
   </div>
   <div class='ocr_carea' id='block_1_59' title="bbox 2061 3025 3636 3105">
    <p class='ocr_par' dir='ltr' id='par_1_59' title="bbox 2061 3025 3636 3105">
     <span class='ocr_line' id='line_1_59' title="bbox 2061 3025 3636 3105; baseline -0.009 -17"><span class='ocrx_word' id='word_1_450' title='bbox 2061 3035 2350 3105; x_wconf 76' lang='grc' dir='ltr'>αἱρέσεων,</span> <span class='ocrx_word' id='word_1_451' title='bbox 2409 3030 2506 3085; x_wconf 71' lang='grc' dir='ltr'><strong>καλ⁵</strong></span> <span class='ocrx_word' id='word_1_452' title='bbox 2544 3030 2868 3098; x_wconf 68' lang='grc' dir='ltr'>Χριστιανοὶ</span> <span class='ocrx_word' id='word_1_453' title='bbox 2916 3027 3016 3096; x_wconf 81' lang='grc' dir='ltr'>μὲν</span> <span class='ocrx_word' id='word_1_454' title='bbox 3048 3027 3251 3088; x_wconf 83' lang='grc' dir='ltr'>πάντες</span> <span class='ocrx_word' id='word_1_455' title='bbox 3321 3025 3636 3090; x_wconf 79' lang='grc' dir='ltr'>καλοῦνται,</span> 
     </span>
    </p>
   </div>
   <div class='ocr_carea' id='block_1_60' title="bbox 2065 3119 3640 3194">
    <p class='ocr_par' dir='ltr' id='par_1_60' title="bbox 2065 3119 3640 3194">
     <span class='ocr_line' id='line_1_60' title="bbox 2065 3119 3640 3194; baseline -0.005 -16"><span class='ocrx_word' id='word_1_456' title='bbox 2065 3125 2248 3194; x_wconf 80' lang='grc' dir='ltr'>δόξαις</span> <span class='ocrx_word' id='word_1_457' title='bbox 2277 3123 2334 3176; x_wconf 81' lang='grc' dir='ltr'>δὲ</span> <span class='ocrx_word' id='word_1_458' title='bbox 2378 3123 2692 3193; x_wconf 69' lang='grc' dir='ltr'>μερίζονται</span> <span class='ocrx_word' id='word_1_459' title='bbox 2744 3120 3129 3190; x_wconf 86' lang='grc' dir='ltr'>πολυτρόποις,</span> <span class='ocrx_word' id='word_1_460' title='bbox 3166 3119 3217 3171; x_wconf 86' lang='grc' dir='ltr'><strong>τί</strong></span> <span class='ocrx_word' id='word_1_461' title='bbox 3267 3119 3334 3172; x_wconf 85' lang='grc' dir='ltr'><strong>ἂν</strong></span> <span class='ocrx_word' id='word_1_462' title='bbox 3384 3119 3640 3188; x_wconf 76' lang='grc' dir='ltr'>καὶπερὶ</span> 
     </span>
    </p>
   </div>
   <div class='ocr_carea' id='block_1_61' title="bbox 2064 3211 3733 3291">
    <p class='ocr_par' dir='ltr' id='par_1_61' title="bbox 2064 3211 3681 3286">
     <span class='ocr_line' id='line_1_61' title="bbox 2064 3211 3681 3286; baseline -0.006 -15"><span class='ocrx_word' id='word_1_463' title='bbox 2064 3218 2271 3272; x_wconf 85' lang='grc' dir='ltr'>τούτων</span> <span class='ocrx_word' id='word_1_464' title='bbox 2306 3219 2671 3286; x_wconf 83' lang='grc' dir='ltr'>ποιήσαιμεν;</span> <span class='ocrx_word' id='word_1_465' title='bbox 2729 3215 2920 3267; x_wconf 84' lang='grc' dir='ltr'>Ἔστιν</span> <span class='ocrx_word' id='word_1_466' title='bbox 2966 3214 3054 3266; x_wconf 78' lang='grc' dir='ltr'>ὅτε</span> <span class='ocrx_word' id='word_1_467' title='bbox 3105 3213 3346 3280; x_wconf 80' lang='grc' dir='ltr'>ἑκάστης</span> <span class='ocrx_word' id='word_1_468' title='bbox 3378 3211 3641 3280; x_wconf 82' lang='grc' dir='ltr'>αίρέσεως</span> <span class='ocrx_word' id='word_1_469' title='bbox 3679 3240 3681 3242; x_wconf 91' lang='grc'><strong>-</strong></span> 
     </span>
    </p>
   </div>
   <div class='ocr_carea' id='block_1_62' title="bbox 386 3299 1964 3374">
    <p class='ocr_par' dir='ltr' id='par_1_62' title="bbox 386 3299 1961 3370">
     <span class='ocr_line' id='line_1_62' title="bbox 386 3299 1961 3370; baseline 0.001 -15"><span class='ocrx_word' id='word_1_470' title='bbox 386 3316 488 3355; x_wconf 87' lang='lat' dir='ltr'><strong>nos</strong></span> <span class='ocrx_word' id='word_1_471' title='bbox 526 3301 862 3354; x_wconf 84' lang='lat' dir='ltr'><strong>orthodoxos</strong></span> <span class='ocrx_word' id='word_1_472' title='bbox 891 3300 1158 3354; x_wconf 83' lang='lat' dir='ltr'><strong>lacessere</strong></span> <span class='ocrx_word' id='word_1_473' title='bbox 1195 3305 1406 3352; x_wconf 85' lang='lat' dir='ltr'><strong>tentant</strong></span> <span class='ocrx_word' id='word_1_474' title='bbox 1449 3299 1833 3370; x_wconf 81' lang='lat' dir='ltr'><strong>rationemque</strong></span> <span class='ocrx_word' id='word_1_475' title='bbox 1868 3315 1961 3370; x_wconf 82' lang='lat' dir='ltr'><strong>pe-</strong></span> 
     </span>
    </p>
   </div>
   <div class='ocr_carea' id='block_1_63' title="bbox 2069 3299 3639 3374">
    <p class='ocr_par' dir='ltr' id='par_1_63' title="bbox 2069 3301 3639 3374">
     <span class='ocr_line' id='line_1_63' title="bbox 2069 3301 3639 3374; baseline -0.008 -12"><span class='ocrx_word' id='word_1_476' title='bbox 2069 3310 2227 3362; x_wconf 84' lang='grc' dir='ltr'>τινῶν</span> <span class='ocrx_word' id='word_1_477' title='bbox 2273 3306 2408 3374; x_wconf 71' lang='grc' dir='ltr'>πρὸς</span> <span class='ocrx_word' id='word_1_478' title='bbox 2438 3310 2562 3368; x_wconf 65' lang='grc' dir='ltr'>τοὺς</span> <span class='ocrx_word' id='word_1_479' title='bbox 2626 3302 2940 3372; x_wconf 75' lang='grc' dir='ltr'>ὀρθοδόξους</span> <span class='ocrx_word' id='word_1_480' title='bbox 2968 3304 3115 3371; x_wconf 82' lang='grc' dir='ltr'>ἡμᾶς</span> <span class='ocrx_word' id='word_1_481' title='bbox 3147 3301 3473 3367; x_wconf 69' lang='grc' dir='ltr'>φιλονεικεῖν</span> <span class='ocrx_word' id='word_1_482' title='bbox 3523 3316 3639 3351; x_wconf 80' lang='grc' dir='ltr'>πει-</span> 
     </span>
    </p>
   </div>
   <div class='ocr_carea' id='block_1_64' title="bbox 387 3397 1154 3452">
    <p class='ocr_par' dir='ltr' id='par_1_64' title="bbox 387 3397 1154 3452">
     <span class='ocr_line' id='line_1_64' title="bbox 387 3397 1154 3452; baseline -0.007 -1"><span class='ocrx_word' id='word_1_483' title='bbox 387 3406 510 3451; x_wconf 91' lang='lat' dir='ltr'><strong>tuut</strong></span> <span class='ocrx_word' id='word_1_484' title='bbox 541 3397 607 3450; x_wconf 90' lang='lat' dir='ltr'><strong>de</strong></span> <span class='ocrx_word' id='word_1_485' title='bbox 631 3404 778 3451; x_wconf 76' lang='lat' dir='ltr'><strong>necta</strong></span> <span class='ocrx_word' id='word_1_486' title='bbox 805 3397 906 3452; x_wconf 78' lang='lat' dir='ltr'><strong>[ide</strong></span> <span class='ocrx_word' id='word_1_487' title='bbox 946 3403 1154 3449; x_wconf 77' lang='lat' dir='ltr'><strong>uestra.</strong></span> 
     </span>
    </p>
   </div>
   <div class='ocr_carea' id='block_1_65' title="bbox 460 3576 1967 3647">
    <p class='ocr_par' dir='ltr' id='par_1_65' title="bbox 460 3576 1967 3647">
     <span class='ocr_line' id='line_1_65' title="bbox 460 3576 1967 3647; baseline -0.001 -15"><span class='ocrx_word' id='word_1_488' title='bbox 460 3577 730 3647; x_wconf 70' lang='lat' dir='ltr'><strong>Pontifex.</strong></span> <span class='ocrx_word' id='word_1_489' title='bbox 769 3577 1054 3632; x_wconf 82' lang='lat' dir='ltr'><strong>Rationem</strong></span> <span class='ocrx_word' id='word_1_490' title='bbox 1093 3576 1348 3633; x_wconf 88' lang='lat' dir='ltr'><strong>omnibus</strong></span> <span class='ocrx_word' id='word_1_491' title='bbox 1379 3577 1510 3630; x_wconf 77' lang='lat' dir='ltr'><strong>dare</strong></span> <span class='ocrx_word' id='word_1_492' title='bbox 1532 3591 1643 3630; x_wconf 90' lang='lat' dir='ltr'><strong>non</strong></span> <span class='ocrx_word' id='word_1_493' title='bbox 1673 3584 1756 3632; x_wconf 85' lang='lat' dir='ltr'><strong>est</strong></span> <span class='ocrx_word' id='word_1_494' title='bbox 1779 3589 1967 3630; x_wconf 78' lang='lat' dir='ltr'><strong>neces-</strong></span> 
     </span>
    </p>
   </div>
   <div class='ocr_carea' id='block_1_66' title="bbox 387 3669 1967 3744">
    <p class='ocr_par' dir='ltr' id='par_1_66' title="bbox 387 3669 1967 3744">
     <span class='ocr_line' id='line_1_66' title="bbox 387 3669 1967 3744; baseline -0.003 -16"><span class='ocrx_word' id='word_1_495' title='bbox 387 3673 618 3744; x_wconf 73' lang='lat' dir='ltr'><strong>sarium,</strong></span> <span class='ocrx_word' id='word_1_496' title='bbox 653 3680 815 3741; x_wconf 89' lang='lat' dir='ltr'><strong>prout</strong></span> <span class='ocrx_word' id='word_1_497' title='bbox 840 3671 1212 3740; x_wconf 73' lang='lat' dir='ltr'><strong>praediximus,</strong></span> <span class='ocrx_word' id='word_1_498' title='bbox 1250 3670 1598 3725; x_wconf 65' lang='lat' dir='ltr'><strong>sciscitantes</strong></span> <span class='ocrx_word' id='word_1_499' title='bbox 1619 3685 1748 3724; x_wconf 88' lang='lat' dir='ltr'><strong>vero</strong></span> <span class='ocrx_word' id='word_1_500' title='bbox 1769 3669 1967 3724; x_wconf 85' lang='lat' dir='ltr'><strong>docere</strong></span> 
     </span>
    </p>
   </div>
   <div class='ocr_carea' id='block_1_67' title="bbox 384 3759 1967 3834">
    <p class='ocr_par' dir='ltr' id='par_1_67' title="bbox 384 3759 1967 3834">
     <span class='ocr_line' id='line_1_67' title="bbox 384 3759 1967 3834; baseline -0.002 -15"><span class='ocrx_word' id='word_1_501' title='bbox 384 3775 604 3834; x_wconf 72' lang='lat' dir='ltr'><strong>oportet</strong></span> <span class='ocrx_word' id='word_1_502' title='bbox 633 3779 769 3829; x_wconf 83' lang='lat' dir='ltr'><strong>quos</strong></span> <span class='ocrx_word' id='word_1_503' title='bbox 801 3779 926 3818; x_wconf 92' lang='lat' dir='ltr'><strong>cum</strong></span> <span class='ocrx_word' id='word_1_504' title='bbox 954 3777 1084 3830; x_wconf 80' lang='lat' dir='ltr'><strong>pace</strong></span> <span class='ocrx_word' id='word_1_505' title='bbox 1113 3759 1500 3831; x_wconf 79' lang='lat' dir='ltr'><strong>alioqncudum</strong></span> <span class='ocrx_word' id='word_1_506' title='bbox 1529 3769 1644 3828; x_wconf 84' lang='lat' dir='ltr'><strong>est;</strong></span> <span class='ocrx_word' id='word_1_507' title='bbox 1675 3761 1769 3816; x_wconf 85' lang='lat' dir='ltr'><strong>sed</strong></span> <span class='ocrx_word' id='word_1_508' title='bbox 1803 3761 1967 3816; x_wconf 80' lang='lat' dir='ltr'><strong>abeis</strong></span> 
     </span>
    </p>
   </div>
   <div class='ocr_carea' id='block_1_68' title="bbox 382 3853 1963 3924">
    <p class='ocr_par' dir='ltr' id='par_1_68' title="bbox 382 3853 1963 3924">
     <span class='ocr_line' id='line_1_68' title="bbox 382 3853 1963 3924; baseline -0.003 -16"><span class='ocrx_word' id='word_1_509' title='bbox 382 3858 478 3924; x_wconf 75' lang='lat' dir='ltr'><strong>qui</strong></span> <span class='ocrx_word' id='word_1_510' title='bbox 513 3853 842 3910; x_wconf 89' lang='lat' dir='ltr'><strong>contendere</strong></span> <span class='ocrx_word' id='word_1_511' title='bbox 873 3855 1080 3907; x_wconf 81' lang='lat' dir='ltr'><strong>malunt</strong></span> <span class='ocrx_word' id='word_1_512' title='bbox 1111 3853 1540 3918; x_wconf 83' lang='lat' dir='ltr'><strong>abscedendum,</strong></span> <span class='ocrx_word' id='word_1_513' title='bbox 1571 3867 1694 3906; x_wconf 90' lang='lat' dir='ltr'><strong>nam</strong></span> <span class='ocrx_word' id='word_1_514' title='bbox 1729 3861 1963 3905; x_wconf 85' lang='lat' dir='ltr'><strong>conten-</strong></span> 
     </span>
    </p>
   </div>
   <div class='ocr_carea' id='block_1_69' title="bbox 385 3938 1972 4006">
    <p class='ocr_par' dir='ltr' id='par_1_69' title="bbox 385 3938 1972 4006">
     <span class='ocr_line' id='line_1_69' title="bbox 385 3938 1972 4006; baseline -0.002 -6"><span class='ocrx_word' id='word_1_515' title='bbox 385 3949 518 4003; x_wconf 82' lang='lat' dir='ltr'><strong>dere</strong></span> <span class='ocrx_word' id='word_1_516' title='bbox 554 3962 660 4001; x_wconf 87' lang='lat' dir='ltr'><strong>non</strong></span> <span class='ocrx_word' id='word_1_517' title='bbox 693 3954 835 3999; x_wconf 71' lang='lat' dir='ltr'><strong>aunt</strong></span> <span class='ocrx_word' id='word_1_518' title='bbox 870 3944 1114 3998; x_wconf 78' lang='lat' dir='ltr'><strong>Erclesia</strong></span> <span class='ocrx_word' id='word_1_519' title='bbox 1149 3944 1377 4006; x_wconf 82' lang='lat' dir='ltr'><strong>Christi.</strong></span> <span class='ocrx_word' id='word_1_520' title='bbox 1433 3945 1576 3998; x_wconf 88' lang='lat' dir='ltr'><strong>sicut</strong></span> <span class='ocrx_word' id='word_1_521' title='bbox 1638 3942 1776 3997; x_wconf 83' lang='lat' dir='ltr'><strong>dixit</strong></span> <span class='ocrx_word' id='word_1_522' title='bbox 1831 3938 1972 3997; x_wconf 84' lang='lat' dir='ltr'><strong>Pau-</strong></span> 
     </span>
    </p>
   </div>
   <div class='ocr_carea' id='block_1_70' title="bbox 387 4038 1968 4108">
    <p class='ocr_par' dir='ltr' id='par_1_70' title="bbox 387 4038 1968 4108">
     <span class='ocr_line' id='line_1_70' title="bbox 387 4038 1968 4108; baseline -0.002 -16"><span class='ocrx_word' id='word_1_523' title='bbox 387 4039 474 4093; x_wconf 81' lang='lat' dir='ltr'><strong>ins</strong></span> <span class='ocrx_word' id='word_1_524' title='bbox 504 4055 518 4094; x_wconf 89' lang='lat'><strong>:</strong></span> <span class='ocrx_word' id='word_1_525' title='bbox 561 4053 580 4089; x_wconf 76' lang='grc' dir='ltr'><strong>ι</strong></span> <span class='ocrx_word' id='word_1_526' title='bbox 625 4039 680 4092; x_wconf 90' lang='lat' dir='ltr'><strong>Si</strong></span> <span class='ocrx_word' id='word_1_527' title='bbox 708 4039 832 4108; x_wconf 80' lang='lat' dir='ltr'><strong>quis</strong></span> <span class='ocrx_word' id='word_1_528' title='bbox 865 4038 1078 4092; x_wconf 80' lang='lat' dir='ltr'><strong>videtur</strong></span> <span class='ocrx_word' id='word_1_529' title='bbox 1107 4039 1482 4092; x_wconf 75' lang='lat' dir='ltr'><strong>coutentiusus</strong></span> <span class='ocrx_word' id='word_1_530' title='bbox 1511 4053 1653 4100; x_wconf 85' lang='lat' dir='ltr'><strong>esse.</strong></span> <span class='ocrx_word' id='word_1_531' title='bbox 1684 4053 1786 4092; x_wconf 86' lang='lat' dir='ltr'><strong>nos</strong></span> <span class='ocrx_word' id='word_1_532' title='bbox 1807 4039 1968 4092; x_wconf 82' lang='lat' dir='ltr'><strong>talem</strong></span> 
     </span>
    </p>
   </div>
   <div class='ocr_carea' id='block_1_71' title="bbox 381 4129 1966 4199">
    <p class='ocr_par' dir='ltr' id='par_1_71' title="bbox 381 4129 1966 4199">
     <span class='ocr_line' id='line_1_71' title="bbox 381 4129 1966 4199; baseline -0.004 -11"><span class='ocrx_word' id='word_1_533' title='bbox 381 4132 836 4188; x_wconf 67' lang='lat' dir='ltr'><strong>consuetudinem</strong></span> <span class='ocrx_word' id='word_1_534' title='bbox 871 4146 977 4186; x_wconf 91' lang='lat' dir='ltr'><strong>non</strong></span> <span class='ocrx_word' id='word_1_535' title='bbox 1000 4133 1287 4196; x_wconf 85' lang='lat' dir='ltr'><strong>habemus,</strong></span> <span class='ocrx_word' id='word_1_536' title='bbox 1316 4147 1488 4199; x_wconf 76' lang='lat' dir='ltr'><strong>neque</strong></span> <span class='ocrx_word' id='word_1_537' title='bbox 1523 4130 1762 4184; x_wconf 74' lang='lat' dir='ltr'><strong>Ecclesia</strong></span> <span class='ocrx_word' id='word_1_538' title='bbox 1786 4129 1913 4192; x_wconf 78' lang='lat' dir='ltr'><strong>Dei;</strong></span> <span class='ocrx_word' id='word_1_539' title='bbox 1947 4147 1966 4181; x_wconf 74' lang='grc' dir='ltr'><strong>ι</strong></span> 
     </span>
    </p>
   </div>
   <div class='ocr_carea' id='block_1_72' title="bbox 388 4219 1972 4278">
    <p class='ocr_par' dir='ltr' id='par_1_72' title="bbox 388 4219 1972 4278">
     <span class='ocr_line' id='line_1_72' title="bbox 388 4219 1972 4278; baseline -0.003 -1"><span class='ocrx_word' id='word_1_540' title='bbox 388 4224 514 4278; x_wconf 82' lang='lat' dir='ltr'><strong>ideo</strong></span> <span class='ocrx_word' id='word_1_541' title='bbox 555 4223 696 4276; x_wconf 82' lang='lat' dir='ltr'><strong>enim</strong></span> <span class='ocrx_word' id='word_1_542' title='bbox 731 4222 1016 4276; x_wconf 67' lang='lat' dir='ltr'><strong>haereticos</strong></span> <span class='ocrx_word' id='word_1_543' title='bbox 1044 4237 1233 4274; x_wconf 82' lang='lat' dir='ltr'><strong>omnes</strong></span> <span class='ocrx_word' id='word_1_544' title='bbox 1263 4232 1322 4274; x_wconf 90' lang='lat' dir='ltr'><strong>ut</strong></span> <span class='ocrx_word' id='word_1_545' title='bbox 1349 4221 1729 4274; x_wconf 83' lang='lat' dir='ltr'><strong>contentiosos</strong></span> <span class='ocrx_word' id='word_1_546' title='bbox 1759 4230 1812 4272; x_wconf 81' lang='lat' dir='ltr'><strong>et</strong></span> <span class='ocrx_word' id='word_1_547' title='bbox 1845 4219 1972 4272; x_wconf 80' lang='lat' dir='ltr'><strong>inil-</strong></span> 
     </span>
    </p>
   </div>
   <div class='ocr_carea' id='block_1_73' title="bbox 385 4311 1362 4370">
    <p class='ocr_par' dir='ltr' id='par_1_73' title="bbox 385 4311 1362 4370">
     <span class='ocr_line' id='line_1_73' title="bbox 385 4311 1362 4370; baseline -0.007 -1"><span class='ocrx_word' id='word_1_548' title='bbox 385 4314 540 4370; x_wconf 75' lang='lat' dir='ltr'><strong>delos</strong></span> <span class='ocrx_word' id='word_1_549' title='bbox 571 4313 915 4366; x_wconf 75' lang='lat' dir='ltr'><strong>anathemate</strong></span> <span class='ocrx_word' id='word_1_550' title='bbox 944 4311 1073 4364; x_wconf 78' lang='lat' dir='ltr'><strong>ferit</strong></span> <span class='ocrx_word' id='word_1_551' title='bbox 1095 4311 1362 4365; x_wconf 75' lang='lat' dir='ltr'><strong>Ecclesia.</strong></span> 
     </span>
    </p>
   </div>
   <div class='ocr_carea' id='block_1_74' title="bbox 459 4489 1973 4558">
    <p class='ocr_par' dir='ltr' id='par_1_74' title="bbox 459 4489 1973 4558">
     <span class='ocr_line' id='line_1_74' title="bbox 459 4489 1973 4558; baseline -0.003 -9"><span class='ocrx_word' id='word_1_552' title='bbox 459 4495 722 4550; x_wconf 79' lang='lat' dir='ltr'><strong>Clericus.</strong></span> <span class='ocrx_word' id='word_1_553' title='bbox 753 4492 860 4547; x_wconf 73' lang='lat' dir='ltr'><strong>Sed</strong></span> <span class='ocrx_word' id='word_1_554' title='bbox 885 4493 934 4546; x_wconf 85' lang='lat' dir='ltr'><strong>si</strong></span> <span class='ocrx_word' id='word_1_555' title='bbox 965 4491 1094 4558; x_wconf 81' lang='lat' dir='ltr'><strong>quis</strong></span> <span class='ocrx_word' id='word_1_556' title='bbox 1129 4489 1194 4546; x_wconf 85' lang='lat' dir='ltr'><strong>ad</strong></span> <span class='ocrx_word' id='word_1_557' title='bbox 1229 4505 1384 4545; x_wconf 80' lang='lat' dir='ltr'><strong>suam</strong></span> <span class='ocrx_word' id='word_1_558' title='bbox 1451 4492 1743 4545; x_wconf 82' lang='lat' dir='ltr'><strong>utilitatem</strong></span> <span class='ocrx_word' id='word_1_559' title='bbox 1782 4489 1973 4546; x_wconf 83' lang='lat' dir='ltr'><strong>scisci-</strong></span> 
     </span>
    </p>
   </div>
   <div class='ocr_carea' id='block_1_75' title="bbox 391 4583 1111 4656">
    <p class='ocr_par' dir='ltr' id='par_1_75' title="bbox 391 4583 1111 4656">
     <span class='ocr_line' id='line_1_75' title="bbox 391 4583 1111 4656; baseline -0.01 -13"><span class='ocrx_word' id='word_1_560' title='bbox 391 4595 559 4650; x_wconf 75' lang='lat' dir='ltr'><strong>tatur,</strong></span> <span class='ocrx_word' id='word_1_561' title='bbox 591 4587 722 4656; x_wconf 83' lang='lat' dir='ltr'><strong>quid</strong></span> <span class='ocrx_word' id='word_1_562' title='bbox 759 4583 1111 4638; x_wconf 76' lang='lat' dir='ltr'><strong>iaciendum?</strong></span> 
     </span>
    </p>
   </div>
   <div class='ocr_carea' id='block_1_76' title="bbox 467 4660 2052 4745">
    <p class='ocr_par' dir='ltr' id='par_1_76' title="bbox 467 4660 2052 4745">
     <span class='ocr_line' id='line_1_76' title="bbox 467 4660 2052 4745; baseline -0.001 -13"><span class='ocrx_word' id='word_1_563' title='bbox 467 4678 737 4745; x_wconf 64' lang='lat' dir='ltr'><strong>Pontifex.</strong></span> <span class='ocrx_word' id='word_1_564' title='bbox 761 4676 916 4729; x_wconf 79' lang='lat' dir='ltr'><strong>lluue</strong></span> <span class='ocrx_word' id='word_1_565' title='bbox 935 4685 1152 4745; x_wconf 78' lang='lat' dir='ltr'><strong>oportet</strong></span> <span class='ocrx_word' id='word_1_566' title='bbox 1173 4676 1474 4744; x_wconf 76' lang='lat' dir='ltr'><strong>suscipere,</strong></span> <span class='ocrx_word' id='word_1_567' title='bbox 1495 4690 1546 4730; x_wconf 78' lang='lat' dir='ltr'><strong>et</strong></span> <span class='ocrx_word' id='word_1_568' title='bbox 1571 4676 1618 4731; x_wconf 86' lang='lat' dir='ltr'><strong>ei</strong></span> <span class='ocrx_word' id='word_1_569' title='bbox 1641 4677 1972 4731; x_wconf 78' lang='lat' dir='ltr'><strong>ministrare.</strong></span> <span class='ocrx_word' id='word_1_570' title='bbox 2011 4660 2052 4715; x_wconf 77' lang='grc' dir='ltr'>υ</span> 
     </span>
    </p>
   </div>
   <div class='ocr_carea' id='block_1_77' title="bbox 393 4769 1978 4842">
    <p class='ocr_par' dir='ltr' id='par_1_77' title="bbox 393 4769 1978 4842">
     <span class='ocr_line' id='line_1_77' title="bbox 393 4769 1978 4842; baseline -0.004 -14"><span class='ocrx_word' id='word_1_571' title='bbox 393 4774 620 4842; x_wconf 79' lang='lat' dir='ltr'><strong>insuper</strong></span> <span class='ocrx_word' id='word_1_572' title='bbox 649 4771 694 4826; x_wconf 81' lang='lat' dir='ltr'><strong>si</strong></span> <span class='ocrx_word' id='word_1_573' title='bbox 725 4769 938 4824; x_wconf 81' lang='lat' dir='ltr'><strong>dicendi</strong></span> <span class='ocrx_word' id='word_1_574' title='bbox 958 4770 1193 4837; x_wconf 64' lang='lat' dir='ltr'><strong>gratia-tn</strong></span> <span class='ocrx_word' id='word_1_575' title='bbox 1220 4770 1444 4833; x_wconf 80' lang='lat' dir='ltr'><strong>habeas,</strong></span> <span class='ocrx_word' id='word_1_576' title='bbox 1468 4769 1752 4824; x_wconf 66' lang='lat' dir='ltr'><strong>Christum</strong></span> <span class='ocrx_word' id='word_1_577' title='bbox 1777 4770 1978 4838; x_wconf 86' lang='lat' dir='ltr'><strong>depre-</strong></span> 
     </span>
    </p>
   </div>
   <div class='ocr_carea' id='block_1_78' title="bbox 394 4859 1977 4931">
    <p class='ocr_par' dir='ltr' id='par_1_78' title="bbox 394 4859 1977 4931">
     <span class='ocr_line' id='line_1_78' title="bbox 394 4859 1977 4931; baseline -0.004 -12"><span class='ocrx_word' id='word_1_578' title='bbox 394 4876 572 4926; x_wconf 78' lang='lat' dir='ltr'><strong>catus.</strong></span> <span class='ocrx_word' id='word_1_579' title='bbox 601 4880 668 4917; x_wconf 77' lang='lat' dir='ltr'><strong>ex</strong></span> <span class='ocrx_word' id='word_1_580' title='bbox 699 4866 777 4918; x_wconf 82' lang='lat' dir='ltr'><strong>eis</strong></span> <span class='ocrx_word' id='word_1_581' title='bbox 807 4862 1128 4931; x_wconf 65' lang='lat' dir='ltr'><strong>quasrsancti</strong></span> <span class='ocrx_word' id='word_1_582' title='bbox 1161 4859 1428 4916; x_wconf 79' lang='lat' dir='ltr'><strong>adversus</strong></span> <span class='ocrx_word' id='word_1_583' title='bbox 1482 4861 1731 4914; x_wconf 64' lang='lat' dir='ltr'><strong>haeresim</strong></span> <span class='ocrx_word' id='word_1_584' title='bbox 1789 4861 1977 4914; x_wconf 86' lang='lat' dir='ltr'><strong>elucu-</strong></span> 
     </span>
    </p>
   </div>
   <div class='ocr_carea' id='block_1_79' title="bbox 393 4952 1982 5022">
    <p class='ocr_par' dir='ltr' id='par_1_79' title="bbox 393 4952 1982 5022">
     <span class='ocr_line' id='line_1_79' title="bbox 393 4952 1982 5022; baseline -0.001 -14"><span class='ocrx_word' id='word_1_585' title='bbox 393 4958 694 5018; x_wconf 72' lang='lat' dir='ltr'><strong>braverunt</strong></span> <span class='ocrx_word' id='word_1_586' title='bbox 725 4955 931 5009; x_wconf 74' lang='lat' dir='ltr'><strong>dissere</strong></span> <span class='ocrx_word' id='word_1_587' title='bbox 965 4967 1136 5021; x_wconf 71' lang='lat' dir='ltr'><strong>gnam</strong></span> <span class='ocrx_word' id='word_1_588' title='bbox 1185 4953 1325 5006; x_wconf 74' lang='lat' dir='ltr'><strong>nihii</strong></span> <span class='ocrx_word' id='word_1_589' title='bbox 1376 4953 1520 5022; x_wconf 83' lang='lat' dir='ltr'><strong>quod</strong></span> <span class='ocrx_word' id='word_1_590' title='bbox 1575 4968 1684 5006; x_wconf 87' lang='lat' dir='ltr'><strong>non</strong></span> <span class='ocrx_word' id='word_1_591' title='bbox 1739 4952 1982 5006; x_wconf 81' lang='lat' dir='ltr'><strong>dixerint</strong></span> 
     </span>
    </p>
   </div>
   <div class='ocr_carea' id='block_1_80' title="bbox 364 5045 1978 5122">
    <p class='ocr_par' dir='ltr' id='par_1_80' title="bbox 364 5045 1978 5122">
     <span class='ocr_line' id='line_1_80' title="bbox 364 5045 1978 5122; baseline -0.003 -17"><span class='ocrx_word' id='word_1_592' title='bbox 364 5118 368 5122; x_wconf 24' lang='grc' dir='ltr'><strong>Ι</strong></span> <span class='ocrx_word' id='word_1_593' title='bbox 395 5051 602 5118; x_wconf 77' lang='lat' dir='ltr'><strong>Patres,</strong></span> <span class='ocrx_word' id='word_1_594' title='bbox 624 5065 746 5104; x_wconf 77' lang='lat' dir='ltr'><strong>enm</strong></span> <span class='ocrx_word' id='word_1_595' title='bbox 778 5058 834 5103; x_wconf 79' lang='lat' dir='ltr'><strong>et</strong></span> <span class='ocrx_word' id='word_1_596' title='bbox 861 5049 999 5116; x_wconf 84' lang='lat' dir='ltr'><strong>ipsis</strong></span> <span class='ocrx_word' id='word_1_597' title='bbox 1031 5048 1222 5118; x_wconf 74' lang='lat' dir='ltr'><strong>ingens</strong></span> <span class='ocrx_word' id='word_1_598' title='bbox 1249 5053 1392 5102; x_wconf 83' lang='lat' dir='ltr'><strong>lucta</strong></span> <span class='ocrx_word' id='word_1_599' title='bbox 1421 5048 1684 5101; x_wconf 75' lang='lat' dir='ltr'><strong>adversus</strong></span> <span class='ocrx_word' id='word_1_600' title='bbox 1743 5045 1978 5100; x_wconf 55' lang='lat' dir='ltr'><strong>haereses</strong></span> 
     </span>
    </p>
   </div>
   <div class='ocr_carea' id='block_1_81' title="bbox 398 5136 1978 5211">
    <p class='ocr_par' dir='ltr' id='par_1_81' title="bbox 398 5136 1978 5211">
     <span class='ocr_line' id='line_1_81' title="bbox 398 5136 1978 5211; baseline -0.003 -15"><span class='ocrx_word' id='word_1_601' title='bbox 398 5144 882 5211; x_wconf 72' lang='lat' dir='ltr'><strong>ineubuerit,-quls</strong></span> <span class='ocrx_word' id='word_1_602' title='bbox 899 5141 1194 5211; x_wconf 69' lang='lat' dir='ltr'><strong>adiuvante</strong></span> <span class='ocrx_word' id='word_1_603' title='bbox 1225 5140 1431 5210; x_wconf 68' lang='lat' dir='ltr'><strong>Spiritu</strong></span> <span class='ocrx_word' id='word_1_604' title='bbox 1452 5137 1721 5200; x_wconf 85' lang='lat' dir='ltr'><strong>viecrnt,</strong></span> <span class='ocrx_word' id='word_1_605' title='bbox 1740 5147 1792 5190; x_wconf 78' lang='lat' dir='ltr'><strong>et</strong></span> <span class='ocrx_word' id='word_1_606' title='bbox 1810 5136 1978 5191; x_wconf 72' lang='lat' dir='ltr'><strong>i‘alsas</strong></span> 
     </span>
    </p>
   </div>
   <div class='ocr_carea' id='block_1_82' title="bbox 401 5228 1974 5301">
    <p class='ocr_par' dir='ltr' id='par_1_82' title="bbox 401 5228 1974 5301">
     <span class='ocr_line' id='line_1_82' title="bbox 401 5228 1974 5301; baseline -0.003 -17"><span class='ocrx_word' id='word_1_607' title='bbox 401 5250 587 5292; x_wconf 77' lang='lat' dir='ltr'><strong>earum</strong></span> <span class='ocrx_word' id='word_1_608' title='bbox 648 5235 1028 5288; x_wconf 74' lang='lat' dir='ltr'><strong>revelaverant</strong></span> <span class='ocrx_word' id='word_1_609' title='bbox 1084 5231 1397 5301; x_wconf 77' lang='lat' dir='ltr'><strong>Opinioues.</strong></span> <span class='ocrx_word' id='word_1_610' title='bbox 1425 5228 1584 5294; x_wconf 79' lang='lat' dir='ltr'><strong>Quod</strong></span> <span class='ocrx_word' id='word_1_611' title='bbox 1629 5228 1678 5282; x_wconf 89' lang='lat' dir='ltr'><strong>si</strong></span> <span class='ocrx_word' id='word_1_612' title='bbox 1731 5241 1974 5296; x_wconf 86' lang='lat' dir='ltr'><strong>nequeas</strong></span> 
     </span>
    </p>
   </div>
   <div class='ocr_carea' id='block_1_83' title="bbox 405 5319 1980 5396">
    <p class='ocr_par' dir='ltr' id='par_1_83' title="bbox 405 5319 1980 5396">
     <span class='ocr_line' id='line_1_83' title="bbox 405 5319 1980 5396; baseline -0.008 -12"><span class='ocrx_word' id='word_1_613' title='bbox 405 5326 704 5384; x_wconf 68' lang='lat' dir='ltr'><strong>scisritanti</strong></span> <span class='ocrx_word' id='word_1_614' title='bbox 744 5326 1076 5396; x_wconf 82' lang='lat' dir='ltr'><strong>respondere</strong></span> <span class='ocrx_word' id='word_1_615' title='bbox 1113 5324 1193 5378; x_wconf 83' lang='lat' dir='ltr'><strong>vel</strong></span> <span class='ocrx_word' id='word_1_616' title='bbox 1245 5325 1371 5392; x_wconf 85' lang='lat' dir='ltr'><strong>quia</strong></span> <span class='ocrx_word' id='word_1_617' title='bbox 1431 5321 1658 5390; x_wconf 79' lang='lat' dir='ltr'><strong>gratiam</strong></span> <span class='ocrx_word' id='word_1_618' title='bbox 1713 5321 1796 5374; x_wconf 83' lang='lat' dir='ltr'><strong>vel</strong></span> <span class='ocrx_word' id='word_1_619' title='bbox 1852 5319 1980 5388; x_wconf 79' lang='lat' dir='ltr'><strong>quia</strong></span> 
     </span>
    </p>
   </div>
   <div class='ocr_carea' id='block_1_84' title="bbox 406 5413 1983 5482">
    <p class='ocr_par' dir='ltr' id='par_1_84' title="bbox 406 5413 1983 5482">
     <span class='ocr_line' id='line_1_84' title="bbox 406 5413 1983 5482; baseline -0.005 -10"><span class='ocrx_word' id='word_1_620' title='bbox 406 5416 680 5472; x_wconf 79' lang='lat' dir='ltr'><strong>Hreutiam</strong></span> <span class='ocrx_word' id='word_1_621' title='bbox 715 5431 820 5468; x_wconf 84' lang='lat' dir='ltr'><strong>nou</strong></span> <span class='ocrx_word' id='word_1_622' title='bbox 849 5417 1015 5470; x_wconf 79' lang='lat' dir='ltr'><strong>habes</strong></span> <span class='ocrx_word' id='word_1_623' title='bbox 1049 5431 1064 5482; x_wconf 90' lang='lat'><strong>;</strong></span> <span class='ocrx_word' id='word_1_624' title='bbox 1101 5430 1223 5469; x_wconf 82' lang='lat' dir='ltr'><strong>nam</strong></span> <span class='ocrx_word' id='word_1_625' title='bbox 1272 5416 1353 5468; x_wconf 74' lang='lat' dir='ltr'><strong>lex</strong></span> <span class='ocrx_word' id='word_1_626' title='bbox 1396 5413 1645 5467; x_wconf 68' lang='lat' dir='ltr'><strong>Ecclesiae</strong></span> <span class='ocrx_word' id='word_1_627' title='bbox 1701 5413 1983 5466; x_wconf 78' lang='lat' dir='ltr'><strong>constituit</strong></span> 
     </span>
    </p>
   </div>
   <div class='ocr_carea' id='block_1_85' title="bbox 404 5503 1979 5575">
    <p class='ocr_par' dir='ltr' id='par_1_85' title="bbox 404 5503 1979 5575">
     <span class='ocr_line' id='line_1_85' title="bbox 404 5503 1979 5575; baseline -0.003 -12"><span class='ocrx_word' id='word_1_628' title='bbox 404 5511 541 5565; x_wconf 87' lang='lat' dir='ltr'><strong>hanc</strong></span> <span class='ocrx_word' id='word_1_629' title='bbox 569 5509 879 5560; x_wconf 82' lang='lat' dir='ltr'><strong>facultatem</strong></span> <span class='ocrx_word' id='word_1_630' title='bbox 918 5509 1034 5560; x_wconf 85' lang='lat' dir='ltr'><strong>dari</strong></span> <span class='ocrx_word' id='word_1_631' title='bbox 1066 5508 1134 5560; x_wconf 89' lang='lat' dir='ltr'><strong>ab</strong></span> <span class='ocrx_word' id='word_1_632' title='bbox 1165 5506 1511 5575; x_wconf 88' lang='lat' dir='ltr'><strong>impositione</strong></span> <span class='ocrx_word' id='word_1_633' title='bbox 1541 5520 1798 5558; x_wconf 82' lang='lat' dir='ltr'><strong>manuum</strong></span> <span class='ocrx_word' id='word_1_634' title='bbox 1831 5503 1979 5571; x_wconf 87' lang='lat' dir='ltr'><strong>;noli</strong></span> 
     </span>
    </p>
   </div>
   <div class='ocr_carea' id='block_1_86' title="bbox 397 5595 1977 5653">
    <p class='ocr_par' dir='ltr' id='par_1_86' title="bbox 397 5595 1977 5653">
     <span class='ocr_line' id='line_1_86' title="bbox 397 5595 1977 5653; baseline -0.003 -3"><span class='ocrx_word' id='word_1_635' title='bbox 397 5603 724 5653; x_wconf 69' lang='lat' dir='ltr'><strong>rrum-scere</strong></span> <span class='ocrx_word' id='word_1_636' title='bbox 751 5613 876 5652; x_wconf 86' lang='lat' dir='ltr'><strong>eum</strong></span> <span class='ocrx_word' id='word_1_637' title='bbox 907 5599 1186 5652; x_wconf 85' lang='lat' dir='ltr'><strong>adducens</strong></span> <span class='ocrx_word' id='word_1_638' title='bbox 1241 5598 1610 5652; x_wconf 81' lang='lat' dir='ltr'><strong>sciscitantem</strong></span> <span class='ocrx_word' id='word_1_639' title='bbox 1667 5595 1734 5650; x_wconf 87' lang='lat' dir='ltr'><strong>ad</strong></span> <span class='ocrx_word' id='word_1_640' title='bbox 1799 5597 1977 5648; x_wconf 87' lang='lat' dir='ltr'><strong>virum</strong></span> 
     </span>
    </p>
   </div>
   <div class='ocr_carea' id='block_1_87' title="bbox 401 5685 1979 5758">
    <p class='ocr_par' dir='ltr' id='par_1_87' title="bbox 401 5685 1979 5758">
     <span class='ocr_line' id='line_1_87' title="bbox 401 5685 1979 5758; baseline -0.003 -14"><span class='ocrx_word' id='word_1_641' title='bbox 401 5689 716 5758; x_wconf 76' lang='lat' dir='ltr'><strong>religiosum</strong></span> <span class='ocrx_word' id='word_1_642' title='bbox 765 5688 856 5756; x_wconf 87' lang='lat' dir='ltr'><strong>qui</strong></span> <span class='ocrx_word' id='word_1_643' title='bbox 885 5689 1021 5742; x_wconf 79' lang='lat' dir='ltr'><strong>sciat</strong></span> <span class='ocrx_word' id='word_1_644' title='bbox 1053 5697 1199 5741; x_wconf 84' lang='lat' dir='ltr'><strong>recte</strong></span> <span class='ocrx_word' id='word_1_645' title='bbox 1231 5688 1418 5741; x_wconf 86' lang='lat' dir='ltr'><strong>dicere</strong></span> <span class='ocrx_word' id='word_1_646' title='bbox 1448 5703 1464 5751; x_wconf 85' lang='lat'><strong>;</strong></span> <span class='ocrx_word' id='word_1_647' title='bbox 1497 5687 1666 5739; x_wconf 87' lang='lat' dir='ltr'><strong>multa</strong></span> <span class='ocrx_word' id='word_1_648' title='bbox 1707 5685 1853 5739; x_wconf 84' lang='lat' dir='ltr'><strong>enim</strong></span> <span class='ocrx_word' id='word_1_649' title='bbox 1874 5685 1979 5739; x_wconf 86' lang='lat' dir='ltr'><strong>erit</strong></span> 
     </span>
    </p>
   </div>
   <div class='ocr_carea' id='block_1_88' title="bbox 409 5778 1977 5854">
    <p class='ocr_par' dir='ltr' id='par_1_88' title="bbox 409 5778 1977 5854">
     <span class='ocr_line' id='line_1_88' title="bbox 409 5778 1977 5854; baseline -0.002 -17"><span class='ocrx_word' id='word_1_650' title='bbox 409 5783 676 5844; x_wconf 82' lang='lat' dir='ltr'><strong>ambobus</strong></span> <span class='ocrx_word' id='word_1_651' title='bbox 706 5782 934 5847; x_wconf 83' lang='lat' dir='ltr'><strong>utilitas,</strong></span> <span class='ocrx_word' id='word_1_652' title='bbox 968 5791 1150 5854; x_wconf 77' lang='lat' dir='ltr'><strong>atque,</strong></span> <span class='ocrx_word' id='word_1_653' title='bbox 1181 5778 1408 5850; x_wconf 83' lang='lat' dir='ltr'><strong>juvantc</strong></span> <span class='ocrx_word' id='word_1_654' title='bbox 1437 5779 1569 5845; x_wconf 86' lang='lat' dir='ltr'><strong>Deo,</strong></span> <span class='ocrx_word' id='word_1_655' title='bbox 1601 5780 1677 5834; x_wconf 75' lang='lat' dir='ltr'><strong>vel</strong></span> <span class='ocrx_word' id='word_1_656' title='bbox 1705 5788 1977 5838; x_wconf 78' lang='lat' dir='ltr'><strong>errantem</strong></span> 
     </span>
    </p>
   </div>
   <div class='ocr_carea' id='block_1_89' title="bbox 2069 3391 3636 3470">
    <p class='ocr_par' dir='ltr' id='par_1_89' title="bbox 2069 3391 3636 3470">
     <span class='ocr_line' id='line_1_89' title="bbox 2069 3391 3636 3470; baseline -0.009 -15"><span class='ocrx_word' id='word_1_657' title='bbox 2069 3403 2358 3470; x_wconf 87' lang='grc' dir='ltr'>ρωμένων,</span> <span class='ocrx_word' id='word_1_658' title='bbox 2393 3401 2426 3470; x_wconf 82' lang='grc' dir='ltr'><strong>ή</strong></span> <span class='ocrx_word' id='word_1_659' title='bbox 2461 3398 2558 3452; x_wconf 73' lang='grc' dir='ltr'>καὶ</span> <span class='ocrx_word' id='word_1_660' title='bbox 2589 3397 2748 3466; x_wconf 86' lang='grc' dir='ltr'>λόγον</span> <span class='ocrx_word' id='word_1_661' title='bbox 2776 3395 3155 3449; x_wconf 81' lang='grc' dir='ltr'>ἀπαιτούντων</span> <span class='ocrx_word' id='word_1_662' title='bbox 3193 3393 3442 3462; x_wconf 75' lang='grc' dir='ltr'>περὶτῆς</span> <span class='ocrx_word' id='word_1_663' title='bbox 3467 3391 3636 3461; x_wconf 82' lang='grc' dir='ltr'>ὀρθῆς</span> 
     </span>
    </p>
   </div>
   <div class='ocr_carea' id='block_1_90' title="bbox 2066 3493 2642 3564">
    <p class='ocr_par' dir='ltr' id='par_1_90' title="bbox 2066 3493 2642 3564">
     <span class='ocr_line' id='line_1_90' title="bbox 2066 3493 2642 3564; baseline -0.002 -18"><span class='ocrx_word' id='word_1_664' title='bbox 2066 3495 2225 3564; x_wconf 75' lang='grc' dir='ltr'>ἡμῶν</span> <span class='ocrx_word' id='word_1_665' title='bbox 2259 3493 2518 3556; x_wconf 84' lang='grc' dir='ltr'>πίστεως.</span> <span class='ocrx_word' id='word_1_666' title='bbox 2619 3509 2642 3514; x_wconf 81' lang='grc'><em>’</em></span> 
     </span>
    </p>
   </div>
   <div class='ocr_carea' id='block_1_91' title="bbox 2150 3575 3645 3654">
    <p class='ocr_par' dir='ltr' id='par_1_91' title="bbox 2150 3575 3645 3654">
     <span class='ocr_line' id='line_1_91' title="bbox 2150 3575 3645 3654; baseline -0.007 -16"><span class='ocrx_word' id='word_1_667' title='bbox 2150 3585 2507 3654; x_wconf 82' lang='grc' dir='ltr'>Ἀρχιερεύς.</span> <span class='ocrx_word' id='word_1_668' title='bbox 2549 3583 2622 3637; x_wconf 89' lang='grc' dir='ltr'>Ού</span> <span class='ocrx_word' id='word_1_669' title='bbox 2660 3582 2792 3635; x_wconf 77' lang='grc' dir='ltr'>πᾶσι</span> <span class='ocrx_word' id='word_1_670' title='bbox 2826 3577 3032 3632; x_wconf 76' lang='grc' dir='ltr'>διδόναι</span> <span class='ocrx_word' id='word_1_671' title='bbox 3076 3577 3236 3645; x_wconf 82' lang='grc' dir='ltr'>λόγον</span> <span class='ocrx_word' id='word_1_672' title='bbox 3270 3575 3508 3645; x_wconf 84' lang='grc' dir='ltr'>ἀνάγκη,</span> <span class='ocrx_word' id='word_1_673' title='bbox 3542 3593 3645 3628; x_wconf 88' lang='grc' dir='ltr'>κα-</span> 
     </span>
    </p>
   </div>
   <div class='ocr_carea' id='block_1_92' title="bbox 2072 3666 3642 3746">
    <p class='ocr_par' dir='ltr' id='par_1_92' title="bbox 2072 3666 3642 3746">
     <span class='ocr_line' id='line_1_92' title="bbox 2072 3666 3642 3746; baseline -0.007 -16"><span class='ocrx_word' id='word_1_674' title='bbox 2072 3676 2180 3739; x_wconf 84' lang='grc' dir='ltr'><strong>θὼς</strong></span> <span class='ocrx_word' id='word_1_675' title='bbox 2212 3676 2632 3746; x_wconf 82' lang='grc' dir='ltr'>προειρήκαμεν</span> <span class='ocrx_word' id='word_1_676' title='bbox 2657 3690 2671 3707; x_wconf 81' lang='grc' dir='ltr'><strong>ο</strong></span> <span class='ocrx_word' id='word_1_677' title='bbox 2707 3672 2843 3725; x_wconf 80' lang='grc' dir='ltr'>ἀλλὰ</span> <span class='ocrx_word' id='word_1_678' title='bbox 2875 3673 2990 3734; x_wconf 86' lang='grc' dir='ltr'>τοῖς</span> <span class='ocrx_word' id='word_1_679' title='bbox 3030 3670 3131 3738; x_wconf 82' lang='grc' dir='ltr'>μὲν</span> <span class='ocrx_word' id='word_1_680' title='bbox 3173 3666 3403 3736; x_wconf 78' lang='grc' dir='ltr'>ζητοῦσι</span> <span class='ocrx_word' id='word_1_681' title='bbox 3447 3666 3642 3735; x_wconf 83' lang='grc' dir='ltr'>μαθεῖν</span> 
     </span>
    </p>
   </div>
   <div class='ocr_carea' id='block_1_93' title="bbox 2072 3760 3645 3837">
    <p class='ocr_par' dir='ltr' id='par_1_93' title="bbox 2072 3760 3645 3837">
     <span class='ocr_line' id='line_1_93' title="bbox 2072 3760 3645 3837; baseline -0.006 -17"><span class='ocrx_word' id='word_1_682' title='bbox 2072 3768 2424 3834; x_wconf 85' lang='grc' dir='ltr'>διαλέγεσθαι</span> <span class='ocrx_word' id='word_1_683' title='bbox 2463 3769 2579 3837; x_wconf 83' lang='grc' dir='ltr'>μετ’</span> <span class='ocrx_word' id='word_1_684' title='bbox 2609 3767 2857 3837; x_wconf 81' lang='grc' dir='ltr'>εἰρήνης,</span> <span class='ocrx_word' id='word_1_685' title='bbox 2889 3761 2999 3818; x_wconf 83' lang='grc' dir='ltr'>τῶν</span> <span class='ocrx_word' id='word_1_686' title='bbox 3031 3761 3076 3816; x_wconf 78' lang='grc' dir='ltr'>δ’</span> <span class='ocrx_word' id='word_1_687' title='bbox 3124 3760 3194 3814; x_wconf 80' lang='grc' dir='ltr'><strong>αὖ</strong></span> <span class='ocrx_word' id='word_1_688' title='bbox 3259 3761 3347 3813; x_wconf 75' lang='grc' dir='ltr'><strong>ἀεὶ</strong></span> <span class='ocrx_word' id='word_1_689' title='bbox 3411 3760 3645 3829; x_wconf 83' lang='grc' dir='ltr'>φιλονει-</span> 
     </span>
    </p>
   </div>
   <div class='ocr_carea' id='block_1_94' title="bbox 2073 3854 3645 3929">
    <p class='ocr_par' dir='ltr' id='par_1_94' title="bbox 2073 3854 3645 3929">
     <span class='ocr_line' id='line_1_94' title="bbox 2073 3854 3645 3929; baseline -0.007 -14"><span class='ocrx_word' id='word_1_690' title='bbox 2073 3862 2192 3914; x_wconf 83' lang='grc' dir='ltr'>κεῖν</span> <span class='ocrx_word' id='word_1_691' title='bbox 2227 3860 2574 3929; x_wconf 73' lang='grc' dir='ltr'>αἱρουμένων</span> <span class='ocrx_word' id='word_1_692' title='bbox 2621 3857 2987 3927; x_wconf 79' lang='grc' dir='ltr'>ἀφίστασθαι.</span> <span class='ocrx_word' id='word_1_693' title='bbox 3029 3855 3136 3908; x_wconf 82' lang='grc' dir='ltr'><strong>Τὸν</strong></span> <span class='ocrx_word' id='word_1_694' title='bbox 3170 3854 3282 3925; x_wconf 82' lang='grc' dir='ltr'>γὰρ</span> <span class='ocrx_word' id='word_1_695' title='bbox 3337 3854 3645 3921; x_wconf 76' lang='grc' dir='ltr'>φιλόνεικον</span> 
     </span>
    </p>
   </div>
   <div class='ocr_carea' id='block_1_95' title="bbox 2071 3945 3645 4023">
    <p class='ocr_par' dir='ltr' id='par_1_95' title="bbox 2071 3945 3645 4023">
     <span class='ocr_line' id='line_1_95' title="bbox 2071 3945 3645 4023; baseline -0.006 -17"><span class='ocrx_word' id='word_1_696' title='bbox 2071 3953 2133 4006; x_wconf 84' lang='grc' dir='ltr'><strong>ού</strong></span> <span class='ocrx_word' id='word_1_697' title='bbox 2159 3955 2445 4023; x_wconf 69' lang='grc' dir='ltr'>προσίεται</span> <span class='ocrx_word' id='word_1_698' title='bbox 2496 3954 2528 4022; x_wconf 91' lang='grc' dir='ltr'><strong>ή</strong></span> <span class='ocrx_word' id='word_1_699' title='bbox 2568 3950 2662 4004; x_wconf 85' lang='grc' dir='ltr'><strong>τοῦ</strong></span> <span class='ocrx_word' id='word_1_700' title='bbox 2707 3949 2945 4020; x_wconf 79' lang='grc' dir='ltr'>Χριστοῦ</span> <span class='ocrx_word' id='word_1_701' title='bbox 2999 3947 3323 4015; x_wconf 84' lang='grc' dir='ltr'>Ἐκκλησία,</span> <span class='ocrx_word' id='word_1_702' title='bbox 3376 3946 3566 4015; x_wconf 85' lang='grc' dir='ltr'>ὥσπερ</span> <span class='ocrx_word' id='word_1_703' title='bbox 3616 3945 3645 3998; x_wconf 78' lang='grc' dir='ltr'><strong>ὁ</strong></span> 
     </span>
    </p>
   </div>
   <div class='ocr_carea' id='block_1_96' title="bbox 2075 4037 3645 4112">
    <p class='ocr_par' dir='ltr' id='par_1_96' title="bbox 2075 4037 3645 4112">
     <span class='ocr_line' id='line_1_96' title="bbox 2075 4037 3645 4112; baseline -0.008 -13"><span class='ocrx_word' id='word_1_704' title='bbox 2075 4043 2290 4107; x_wconf 78' lang='grc' dir='ltr'>Παῦλός</span> <span class='ocrx_word' id='word_1_705' title='bbox 2348 4061 2540 4111; x_wconf 79' lang='grc' dir='ltr'>φησιν,</span> <span class='ocrx_word' id='word_1_706' title='bbox 2726 4061 2743 4093; x_wconf 84' lang='grc' dir='ltr'><strong>ι</strong></span> <span class='ocrx_word' id='word_1_707' title='bbox 2790 4041 2851 4094; x_wconf 78' lang='grc' dir='ltr'><strong>Εἰ</strong></span> <span class='ocrx_word' id='word_1_708' title='bbox 2893 4039 2948 4091; x_wconf 84' lang='grc' dir='ltr'><strong>δέ</strong></span> <span class='ocrx_word' id='word_1_709' title='bbox 2998 4055 3084 4100; x_wconf 90' lang='grc' dir='ltr'><strong>τις</strong></span> <span class='ocrx_word' id='word_1_710' title='bbox 3134 4038 3282 4090; x_wconf 86' lang='grc' dir='ltr'>δοκεῖ</span> <span class='ocrx_word' id='word_1_711' title='bbox 3343 4037 3645 4105; x_wconf 78' lang='grc' dir='ltr'>φιλόνεικος</span> 
     </span>
    </p>
   </div>
   <div class='ocr_carea' id='block_1_97' title="bbox 2073 4129 3648 4204">
    <p class='ocr_par' dir='ltr' id='par_1_97' title="bbox 2073 4129 3648 4204">
     <span class='ocr_line' id='line_1_97' title="bbox 2073 4129 3648 4204; baseline -0.007 -14"><span class='ocrx_word' id='word_1_712' title='bbox 2073 4132 2217 4190; x_wconf 82' lang='grc' dir='ltr'>εἶναι</span> <span class='ocrx_word' id='word_1_713' title='bbox 2261 4137 2318 4186; x_wconf 78' lang='grc' dir='ltr'><strong>ἐν</strong></span> <span class='ocrx_word' id='word_1_714' title='bbox 2363 4135 2523 4204; x_wconf 80' lang='grc' dir='ltr'>ἡμῖν,</span> <span class='ocrx_word' id='word_1_715' title='bbox 2559 4135 2720 4203; x_wconf 74' lang='grc' dir='ltr'>ἡμεῖς</span> <span class='ocrx_word' id='word_1_716' title='bbox 2762 4131 3027 4199; x_wconf 85' lang='grc' dir='ltr'>τοιαύτην</span> <span class='ocrx_word' id='word_1_717' title='bbox 3077 4129 3372 4198; x_wconf 81' lang='grc' dir='ltr'>συνήθειαν</span> <span class='ocrx_word' id='word_1_718' title='bbox 3403 4130 3500 4181; x_wconf 80' lang='grc' dir='ltr'><strong>οῦκ</strong></span> <span class='ocrx_word' id='word_1_719' title='bbox 3535 4129 3648 4195; x_wconf 80' lang='grc' dir='ltr'><strong>ἑχο-</strong></span> 
     </span>
    </p>
   </div>
   <div class='ocr_carea' id='block_1_98' title="bbox 2077 4218 3651 4298">
    <p class='ocr_par' dir='ltr' id='par_1_98' title="bbox 2077 4218 3651 4298">
     <span class='ocr_line' id='line_1_98' title="bbox 2077 4218 3651 4298; baseline -0.006 -18"><span class='ocrx_word' id='word_1_720' title='bbox 2077 4245 2197 4298; x_wconf 86' lang='grc' dir='ltr'>μεν,</span> <span class='ocrx_word' id='word_1_721' title='bbox 2219 4227 2337 4290; x_wconf 77' lang='grc' dir='ltr'>οῦδὲ</span> <span class='ocrx_word' id='word_1_722' title='bbox 2366 4230 2418 4279; x_wconf 78' lang='grc' dir='ltr'>αἱ</span> <span class='ocrx_word' id='word_1_723' title='bbox 2435 4224 2754 4294; x_wconf 83' lang='grc' dir='ltr'>Ἐκκλησίαι</span> <span class='ocrx_word' id='word_1_724' title='bbox 2771 4221 2865 4277; x_wconf 88' lang='grc' dir='ltr'><strong>τοῦ</strong></span> <span class='ocrx_word' id='word_1_725' title='bbox 2889 4221 3049 4275; x_wconf 85' lang='grc' dir='ltr'>Θεοῦ.</span> <span class='ocrx_word' id='word_1_726' title='bbox 3079 4239 3098 4272; x_wconf 74' lang='grc' dir='ltr'><strong>ι</strong></span> <span class='ocrx_word' id='word_1_727' title='bbox 3133 4221 3232 4273; x_wconf 84' lang='grc' dir='ltr'>Διά</span> <span class='ocrx_word' id='word_1_728' title='bbox 3254 4219 3410 4272; x_wconf 90' lang='grc' dir='ltr'>τοῦτο</span> <span class='ocrx_word' id='word_1_729' title='bbox 3431 4220 3538 4287; x_wconf 85' lang='grc' dir='ltr'>γὰρ</span> <span class='ocrx_word' id='word_1_730' title='bbox 3556 4218 3651 4270; x_wconf 77' lang='grc' dir='ltr'>καὶ</span> 
     </span>
    </p>
   </div>
   <div class='ocr_carea' id='block_1_99' title="bbox 2078 4311 3650 4384">
    <p class='ocr_par' dir='ltr' id='par_1_99' title="bbox 2078 4311 3650 4384">
     <span class='ocr_line' id='line_1_99' title="bbox 2078 4311 3650 4384; baseline -0.006 -13"><span class='ocrx_word' id='word_1_731' title='bbox 2078 4319 2202 4373; x_wconf 82' lang='grc' dir='ltr'>τοὺς</span> <span class='ocrx_word' id='word_1_732' title='bbox 2233 4319 2550 4384; x_wconf 81' lang='grc' dir='ltr'>αἱρετικοὺς</span> <span class='ocrx_word' id='word_1_733' title='bbox 2585 4317 2792 4378; x_wconf 83' lang='grc' dir='ltr'>πάντας</span> <span class='ocrx_word' id='word_1_734' title='bbox 2812 4315 2887 4378; x_wconf 83' lang='grc' dir='ltr'>ὡς</span> <span class='ocrx_word' id='word_1_735' title='bbox 2913 4312 3255 4383; x_wconf 76' lang='grc' dir='ltr'>φιλονείκους</span> <span class='ocrx_word' id='word_1_736' title='bbox 3283 4312 3375 4364; x_wconf 70' lang='grc' dir='ltr'><strong>καὶ</strong></span> <span class='ocrx_word' id='word_1_737' title='bbox 3405 4311 3650 4374; x_wconf 83' lang='grc' dir='ltr'>ἀπειθεῖς</span> 
     </span>
    </p>
   </div>
   <div class='ocr_carea' id='block_1_100' title="bbox 2078 4408 2894 4480">
    <p class='ocr_par' dir='ltr' id='par_1_100' title="bbox 2078 4408 2894 4480">
     <span class='ocr_line' id='line_1_100' title="bbox 2078 4408 2894 4480; baseline -0.002 -16"><span class='ocrx_word' id='word_1_738' title='bbox 2078 4409 2242 4464; x_wconf 68' lang='grc' dir='ltr'>ἀναθε</span> <span class='ocrx_word' id='word_1_739' title='bbox 2255 4411 2476 4480; x_wconf 81' lang='grc' dir='ltr'>ματὶζει</span> <span class='ocrx_word' id='word_1_740' title='bbox 2508 4412 2540 4480; x_wconf 88' lang='grc' dir='ltr'><strong>ή</strong></span> <span class='ocrx_word' id='word_1_741' title='bbox 2571 4408 2894 4480; x_wconf 80' lang='grc' dir='ltr'>Ἐκκλησία.</span> 
     </span>
    </p>
   </div>
   <div class='ocr_carea' id='block_1_101' title="bbox 2153 4495 3652 4571">
    <p class='ocr_par' dir='ltr' id='par_1_101' title="bbox 2153 4495 3652 4571">
     <span class='ocr_line' id='line_1_101' title="bbox 2153 4495 3652 4571; baseline -0.009 -11"><span class='ocrx_word' id='word_1_742' title='bbox 2153 4505 2479 4571; x_wconf 68' lang='grc' dir='ltr'>Κληρικός.</span> <span class='ocrx_word' id='word_1_743' title='bbox 2508 4503 2618 4556; x_wconf 72' lang='grc' dir='ltr'>Καὶ</span> <span class='ocrx_word' id='word_1_744' title='bbox 2645 4501 2741 4554; x_wconf 84' lang='grc' dir='ltr'>ἐάν</span> <span class='ocrx_word' id='word_1_745' title='bbox 2769 4518 2853 4562; x_wconf 89' lang='grc' dir='ltr'><strong>τις</strong></span> <span class='ocrx_word' id='word_1_746' title='bbox 2907 4498 2980 4563; x_wconf 84' lang='grc' dir='ltr'><strong>ὡς</strong></span> <span class='ocrx_word' id='word_1_747' title='bbox 3015 4495 3368 4568; x_wconf 84' lang='grc' dir='ltr'>ὠφεληθῆναι</span> <span class='ocrx_word' id='word_1_748' title='bbox 3408 4496 3568 4566; x_wconf 75' lang='grc' dir='ltr'>ζητῇ,</span> <span class='ocrx_word' id='word_1_749' title='bbox 3597 4495 3652 4547; x_wconf 86' lang='grc' dir='ltr'><strong>τί</strong></span> 
     </span>
    </p>
   </div>
   <div class='ocr_carea' id='block_1_102' title="bbox 2081 4594 2373 4664">
    <p class='ocr_par' dir='ltr' id='par_1_102' title="bbox 2081 4594 2373 4664">
     <span class='ocr_line' id='line_1_102' title="bbox 2081 4594 2373 4664; baseline -0.014 -17"><span class='ocrx_word' id='word_1_750' title='bbox 2081 4594 2331 4664; x_wconf 81' lang='grc' dir='ltr'>ποιητέον</span> <span class='ocrx_word' id='word_1_751' title='bbox 2357 4607 2373 4658; x_wconf 88' lang='lat'><strong>;</strong></span> 
     </span>
    </p>
   </div>
   <div class='ocr_carea' id='block_1_103' title="bbox 2164 4676 3652 4753">
    <p class='ocr_par' dir='ltr' id='par_1_103' title="bbox 2164 4676 3652 4753">
     <span class='ocr_line' id='line_1_103' title="bbox 2164 4676 3652 4753; baseline -0.005 -18"><span class='ocrx_word' id='word_1_752' title='bbox 2164 4682 2525 4753; x_wconf 76' lang='grc' dir='ltr'>Ἀρχιερεύς.</span> <span class='ocrx_word' id='word_1_753' title='bbox 2565 4682 2669 4733; x_wconf 71' lang='grc' dir='ltr'><strong>Τὸν</strong></span> <span class='ocrx_word' id='word_1_754' title='bbox 2701 4681 2944 4733; x_wconf 83' lang='grc' dir='ltr'>τοιοῦτον</span> <span class='ocrx_word' id='word_1_755' title='bbox 3006 4677 3397 4748; x_wconf 79' lang='grc' dir='ltr'>προσδεκτέον,</span> <span class='ocrx_word' id='word_1_756' title='bbox 3438 4676 3532 4730; x_wconf 72' lang='grc' dir='ltr'><strong>καὶ</strong></span> <span class='ocrx_word' id='word_1_757' title='bbox 3597 4677 3652 4728; x_wconf 80' lang='grc' dir='ltr'><strong>ἐν</strong></span> 
     </span>
    </p>
   </div>
   <div class='ocr_carea' id='block_1_104' title="bbox 2081 4766 3653 4846">
    <p class='ocr_par' dir='ltr' id='par_1_104' title="bbox 2081 4766 3653 4846">
     <span class='ocr_line' id='line_1_104' title="bbox 2081 4766 3653 4846; baseline -0.01 -15"><span class='ocrx_word' id='word_1_758' title='bbox 2081 4777 2272 4846; x_wconf 76' lang='grc' dir='ltr'>ἀγάπῃ</span> <span class='ocrx_word' id='word_1_759' title='bbox 2304 4773 2687 4841; x_wconf 74' lang='grc' dir='ltr'>θεραπευτέον.</span> <span class='ocrx_word' id='word_1_760' title='bbox 2731 4771 2876 4840; x_wconf 77' lang='grc' dir='ltr'>Πλὴν</span> <span class='ocrx_word' id='word_1_761' title='bbox 2908 4771 2955 4822; x_wconf 86' lang='grc' dir='ltr'><strong>εί</strong></span> <span class='ocrx_word' id='word_1_762' title='bbox 2993 4769 3092 4840; x_wconf 84' lang='grc' dir='ltr'>μὲν</span> <span class='ocrx_word' id='word_1_763' title='bbox 3115 4769 3274 4839; x_wconf 78' lang='grc' dir='ltr'>χάρις</span> <span class='ocrx_word' id='word_1_764' title='bbox 3309 4769 3426 4821; x_wconf 82' lang='grc' dir='ltr'>ἔστι</span> <span class='ocrx_word' id='word_1_765' title='bbox 3455 4785 3534 4820; x_wconf 82' lang='grc' dir='ltr'><strong>σοι</strong></span> <span class='ocrx_word' id='word_1_766' title='bbox 3560 4766 3653 4820; x_wconf 78' lang='grc' dir='ltr'><strong>τοῦ</strong></span> 
     </span>
    </p>
   </div>
   <div class='ocr_carea' id='block_1_105' title="bbox 2083 4858 3656 4937">
    <p class='ocr_par' dir='ltr' id='par_1_105' title="bbox 2083 4858 3656 4937">
     <span class='ocr_line' id='line_1_105' title="bbox 2083 4858 3656 4937; baseline -0.008 -15"><span class='ocrx_word' id='word_1_767' title='bbox 2083 4867 2284 4937; x_wconf 88' lang='grc' dir='ltr'>λέγειν,</span> <span class='ocrx_word' id='word_1_768' title='bbox 2310 4866 2544 4934; x_wconf 75' lang='grc' dir='ltr'>Χριστὸν</span> <span class='ocrx_word' id='word_1_769' title='bbox 2576 4864 3068 4930; x_wconf 77' lang='grc' dir='ltr'>ἐπικαλεσάμενος,</span> <span class='ocrx_word' id='word_1_770' title='bbox 3101 4863 3166 4914; x_wconf 82' lang='grc' dir='ltr'>ἐκ</span> <span class='ocrx_word' id='word_1_771' title='bbox 3199 4861 3307 4912; x_wconf 85' lang='grc' dir='ltr'>τῶν</span> <span class='ocrx_word' id='word_1_772' title='bbox 3341 4862 3452 4921; x_wconf 84' lang='grc' dir='ltr'>τοῖς</span> <span class='ocrx_word' id='word_1_773' title='bbox 3481 4858 3656 4922; x_wconf 86' lang='grc' dir='ltr'>ἁγίοις</span> 
     </span>
    </p>
   </div>
   <div class='ocr_carea' id='block_1_106' title="bbox 2083 4946 3653 5027">
    <p class='ocr_par' dir='ltr' id='par_1_106' title="bbox 2083 4946 3653 5027">
     <span class='ocr_line' id='line_1_106' title="bbox 2083 4946 3653 5027; baseline -0.008 -14"><span class='ocrx_word' id='word_1_774' title='bbox 2083 4958 2482 5027; x_wconf 81' lang='grc' dir='ltr'>πεπονημένων</span> <span class='ocrx_word' id='word_1_775' title='bbox 2512 4955 2652 5008; x_wconf 79' lang='grc' dir='ltr'>κατὰ</span> <span class='ocrx_word' id='word_1_776' title='bbox 2685 4956 2786 5021; x_wconf 83' lang='grc' dir='ltr'><strong>τῆς</strong></span> <span class='ocrx_word' id='word_1_777' title='bbox 2827 4954 3090 5022; x_wconf 76' lang='grc' dir='ltr'>αἱρέσεως</span> <span class='ocrx_word' id='word_1_778' title='bbox 3122 4951 3268 5018; x_wconf 82' lang='grc' dir='ltr'>λέγε.</span> <span class='ocrx_word' id='word_1_779' title='bbox 3297 4951 3466 5002; x_wconf 79' lang='grc' dir='ltr'>Οὐδὲν</span> <span class='ocrx_word' id='word_1_780' title='bbox 3489 4948 3596 5017; x_wconf 83' lang='grc' dir='ltr'>γὰρ</span> <span class='ocrx_word' id='word_1_781' title='bbox 3624 4946 3653 5000; x_wconf 79' lang='grc' dir='ltr'>ὃ</span> 
     </span>
    </p>
   </div>
   <div class='ocr_carea' id='block_1_107' title="bbox 2085 5039 3654 5123">
    <p class='ocr_par' dir='ltr' id='par_1_107' title="bbox 2085 5039 3654 5123">
     <span class='ocr_line' id='line_1_107' title="bbox 2085 5039 3654 5123; baseline -0.009 -20"><span class='ocrx_word' id='word_1_782' title='bbox 2085 5051 2161 5123; x_wconf 84' lang='grc' dir='ltr'>μὴ</span> <span class='ocrx_word' id='word_1_783' title='bbox 2193 5051 2482 5122; x_wconf 78' lang='grc' dir='ltr'>εἰρήκασιν</span> <span class='ocrx_word' id='word_1_784' title='bbox 2514 5048 2562 5100; x_wconf 80' lang='grc' dir='ltr'>οἱ</span> <span class='ocrx_word' id='word_1_785' title='bbox 2615 5045 2879 5112; x_wconf 81' lang='grc' dir='ltr'>Πατέρες.</span> <span class='ocrx_word' id='word_1_786' title='bbox 2925 5044 3078 5095; x_wconf 72' lang='grc' dir='ltr'>Ἐπεὶ</span> <span class='ocrx_word' id='word_1_787' title='bbox 3131 5043 3222 5095; x_wconf 69' lang='grc' dir='ltr'><strong>καὶ</strong></span> <span class='ocrx_word' id='word_1_788' title='bbox 3259 5042 3422 5102; x_wconf 81' lang='grc' dir='ltr'>πολὺς</span> <span class='ocrx_word' id='word_1_789' title='bbox 3472 5039 3654 5101; x_wconf 80' lang='grc' dir='ltr'>αὐτοῖς</span> 
     </span>
    </p>
   </div>
   <div class='ocr_carea' id='block_1_108' title="bbox 2084 5133 3654 5208">
    <p class='ocr_par' dir='ltr' id='par_1_108' title="bbox 2084 5133 3654 5208">
     <span class='ocr_line' id='line_1_108' title="bbox 2084 5133 3654 5208; baseline -0.01 -10"><span class='ocrx_word' id='word_1_790' title='bbox 2084 5146 2112 5198; x_wconf 86' lang='grc' dir='ltr'><strong>ὁ</strong></span> <span class='ocrx_word' id='word_1_791' title='bbox 2147 5143 2290 5198; x_wconf 78' lang='grc' dir='ltr'>κατὰ</span> <span class='ocrx_word' id='word_1_792' title='bbox 2318 5142 2427 5194; x_wconf 83' lang='grc' dir='ltr'><strong>τῶν</strong></span> <span class='ocrx_word' id='word_1_793' title='bbox 2460 5141 2728 5208; x_wconf 77' lang='grc' dir='ltr'>αἱρέσεων</span> <span class='ocrx_word' id='word_1_794' title='bbox 2759 5136 2909 5206; x_wconf 80' lang='grc' dir='ltr'>ἀγὼν</span> <span class='ocrx_word' id='word_1_795' title='bbox 2941 5137 3158 5204; x_wconf 82' lang='grc' dir='ltr'>γέγονε,</span> <span class='ocrx_word' id='word_1_796' title='bbox 3217 5135 3309 5187; x_wconf 72' lang='grc' dir='ltr'><strong>καὶ</strong></span> <span class='ocrx_word' id='word_1_797' title='bbox 3362 5133 3654 5202; x_wconf 83' lang='grc' dir='ltr'>συνεργείᾳ</span> 
     </span>
    </p>
   </div>
   <div class='ocr_carea' id='block_1_109' title="bbox 2089 5222 3659 5297">
    <p class='ocr_par' dir='ltr' id='par_1_109' title="bbox 2089 5222 3659 5297">
     <span class='ocr_line' id='line_1_109' title="bbox 2089 5222 3659 5297; baseline -0.01 -10"><span class='ocrx_word' id='word_1_798' title='bbox 2089 5227 2184 5287; x_wconf 86' lang='grc' dir='ltr'><strong>τοῦ</strong></span> <span class='ocrx_word' id='word_1_799' title='bbox 2208 5233 2352 5285; x_wconf 88' lang='grc' dir='ltr'>θείου</span> <span class='ocrx_word' id='word_1_800' title='bbox 2419 5229 2742 5297; x_wconf 81' lang='grc' dir='ltr'>Πνεύματος</span> <span class='ocrx_word' id='word_1_801' title='bbox 2777 5225 3098 5293; x_wconf 84' lang='grc' dir='ltr'>νενικήκασι</span> <span class='ocrx_word' id='word_1_802' title='bbox 3153 5222 3376 5285; x_wconf 87' lang='grc' dir='ltr'>ταύτας,</span> <span class='ocrx_word' id='word_1_803' title='bbox 3428 5223 3659 5285; x_wconf 74' lang='grc' dir='ltr'>καὶτὰς</span> 
     </span>
    </p>
   </div>
   <div class='ocr_carea' id='block_1_110' title="bbox 2084 5312 3661 5391">
    <p class='ocr_par' dir='ltr' id='par_1_110' title="bbox 2084 5312 3661 5391">
     <span class='ocr_line' id='line_1_110' title="bbox 2084 5312 3661 5391; baseline -0.01 -13"><span class='ocrx_word' id='word_1_804' title='bbox 2084 5325 2244 5391; x_wconf 67' lang='grc' dir='ltr'>δόξας</span> <span class='ocrx_word' id='word_1_805' title='bbox 2281 5322 2460 5376; x_wconf 79' lang='grc' dir='ltr'>αὐτῶν</span> <span class='ocrx_word' id='word_1_806' title='bbox 2511 5319 2724 5389; x_wconf 72' lang='grc' dir='ltr'>ψευδεῖς</span> <span class='ocrx_word' id='word_1_807' title='bbox 2762 5318 3132 5385; x_wconf 81' lang='grc' dir='ltr'>ἀπεφήναντο.</span> <span class='ocrx_word' id='word_1_808' title='bbox 3182 5314 3245 5366; x_wconf 87' lang='grc' dir='ltr'>Εί</span> <span class='ocrx_word' id='word_1_809' title='bbox 3297 5312 3340 5364; x_wconf 81' lang='grc' dir='ltr'>δ’</span> <span class='ocrx_word' id='word_1_810' title='bbox 3389 5312 3661 5374; x_wconf 79' lang='grc' dir='ltr'>ἀδυνάτως</span> 
     </span>
    </p>
   </div>
   <div class='ocr_carea' id='block_1_111' title="bbox 2085 5401 3661 5486">
    <p class='ocr_par' dir='ltr' id='par_1_111' title="bbox 2085 5401 3661 5486">
     <span class='ocr_line' id='line_1_111' title="bbox 2085 5401 3661 5486; baseline -0.011 -18"><span class='ocrx_word' id='word_1_811' title='bbox 2085 5415 2231 5486; x_wconf 76' lang='grc' dir='ltr'>ἔχεις</span> <span class='ocrx_word' id='word_1_812' title='bbox 2263 5412 2390 5483; x_wconf 79' lang='grc' dir='ltr'>περὶ</span> <span class='ocrx_word' id='word_1_813' title='bbox 2415 5411 2508 5464; x_wconf 84' lang='grc' dir='ltr'><strong>τοῦ</strong></span> <span class='ocrx_word' id='word_1_814' title='bbox 2550 5409 2889 5478; x_wconf 84' lang='grc' dir='ltr'>ζητουμένου</span> <span class='ocrx_word' id='word_1_815' title='bbox 2939 5407 3140 5473; x_wconf 84' lang='grc' dir='ltr'>λέγειν,</span> <span class='ocrx_word' id='word_1_816' title='bbox 3192 5403 3316 5456; x_wconf 80' lang='grc' dir='ltr'>οὐδὲ</span> <span class='ocrx_word' id='word_1_817' title='bbox 3361 5403 3522 5471; x_wconf 81' lang='grc' dir='ltr'>χάριν</span> <span class='ocrx_word' id='word_1_818' title='bbox 3570 5401 3661 5452; x_wconf 83' lang='grc' dir='ltr'><strong>τοῦ</strong></span> 
     </span>
    </p>
   </div>
   <div class='ocr_carea' id='block_1_112' title="bbox 2089 5493 3667 5575">
    <p class='ocr_par' dir='ltr' id='par_1_112' title="bbox 2089 5493 3667 5575">
     <span class='ocr_line' id='line_1_112' title="bbox 2089 5493 3667 5575; baseline -0.009 -17"><span class='ocrx_word' id='word_1_819' title='bbox 2089 5505 2320 5575; x_wconf 78' lang='grc' dir='ltr'>λέγεινῆ</span> <span class='ocrx_word' id='word_1_820' title='bbox 2349 5503 2573 5566; x_wconf 67' lang='grc' dir='ltr'>ἔνδοσιν,</span> <span class='ocrx_word' id='word_1_821' title='bbox 2603 5501 2699 5553; x_wconf 68' lang='grc' dir='ltr'><strong>καὶ</strong></span> <span class='ocrx_word' id='word_1_822' title='bbox 2728 5499 2890 5552; x_wconf 90' lang='grc' dir='ltr'>τοῦτο</span> <span class='ocrx_word' id='word_1_823' title='bbox 2940 5497 3048 5567; x_wconf 83' lang='grc' dir='ltr'><strong>γάρ</strong></span> <span class='ocrx_word' id='word_1_824' title='bbox 3083 5497 3247 5566; x_wconf 87' lang='grc' dir='ltr'>νόμος</span> <span class='ocrx_word' id='word_1_825' title='bbox 3293 5496 3391 5563; x_wconf 90' lang='grc' dir='ltr'><strong>τῆς</strong></span> <span class='ocrx_word' id='word_1_826' title='bbox 3437 5493 3667 5561; x_wconf 76' lang='grc' dir='ltr'>Ἐκκλη-</span> 
     </span>
    </p>
   </div>
   <div class='ocr_carea' id='block_1_113' title="bbox 2093 5585 3663 5664">
    <p class='ocr_par' dir='ltr' id='par_1_113' title="bbox 2093 5585 3663 5664">
     <span class='ocr_line' id='line_1_113' title="bbox 2093 5585 3663 5664; baseline -0.008 -16"><span class='ocrx_word' id='word_1_827' title='bbox 2093 5597 2237 5659; x_wconf 84' lang='grc' dir='ltr'>σίας,</span> <span class='ocrx_word' id='word_1_828' title='bbox 2262 5596 2323 5647; x_wconf 80' lang='grc' dir='ltr'>τὸ</span> <span class='ocrx_word' id='word_1_829' title='bbox 2353 5591 2690 5664; x_wconf 84' lang='grc' dir='ltr'>χειροτονίαν</span> <span class='ocrx_word' id='word_1_830' title='bbox 2719 5591 2864 5660; x_wconf 77' lang='grc' dir='ltr'>ἔχειν</span> <span class='ocrx_word' id='word_1_831' title='bbox 2909 5590 3005 5642; x_wconf 77' lang='grc' dir='ltr'>καὶ</span> <span class='ocrx_word' id='word_1_832' title='bbox 3050 5589 3277 5650; x_wconf 75' lang='grc' dir='ltr'>ἔνδοσιν,</span> <span class='ocrx_word' id='word_1_833' title='bbox 3317 5587 3393 5655; x_wconf 73' lang='grc' dir='ltr'>μὴ</span> <span class='ocrx_word' id='word_1_834' title='bbox 3442 5585 3663 5654; x_wconf 79' lang='grc' dir='ltr'>αἰσχυν-</span> 
     </span>
    </p>
   </div>
   <div class='ocr_carea' id='block_1_114' title="bbox 2096 5672 3663 5756">
    <p class='ocr_par' dir='ltr' id='par_1_114' title="bbox 2096 5672 3663 5756">
     <span class='ocr_line' id='line_1_114' title="bbox 2096 5672 3663 5756; baseline -0.011 -17"><span class='ocrx_word' id='word_1_835' title='bbox 2096 5686 2197 5756; x_wconf 78' lang='grc' dir='ltr'>θῇς</span> <span class='ocrx_word' id='word_1_836' title='bbox 2223 5682 2622 5754; x_wconf 83' lang='grc' dir='ltr'>προσενεγκεῖν</span> <span class='ocrx_word' id='word_1_837' title='bbox 2648 5679 2742 5730; x_wconf 83' lang='grc' dir='ltr'><strong>τὸν</strong></span> <span class='ocrx_word' id='word_1_838' title='bbox 2763 5676 3031 5746; x_wconf 79' lang='grc' dir='ltr'>ζητοῦντα</span> <span class='ocrx_word' id='word_1_839' title='bbox 3056 5675 3214 5744; x_wconf 74' lang='grc' dir='ltr'>ἀνδρὶ</span> <span class='ocrx_word' id='word_1_840' title='bbox 3270 5672 3514 5728; x_wconf 76' lang='grc' dir='ltr'>θεοσεϐεῖ</span> <span class='ocrx_word' id='word_1_841' title='bbox 3567 5673 3663 5723; x_wconf 79' lang='grc' dir='ltr'>καὶ</span> 
     </span>
    </p>
   </div>
   <div class='ocr_carea' id='block_1_115' title="bbox 2095 5763 3660 5842">
    <p class='ocr_par' dir='ltr' id='par_1_115' title="bbox 2095 5763 3660 5842">
     <span class='ocr_line' id='line_1_115' title="bbox 2095 5763 3660 5842; baseline -0.012 -11"><span class='ocrx_word' id='word_1_842' title='bbox 2095 5775 2262 5831; x_wconf 73' lang='grc' dir='ltr'>εἰδότι</span> <span class='ocrx_word' id='word_1_843' title='bbox 2307 5774 2490 5842; x_wconf 84' lang='grc' dir='ltr'>λέγειν</span> <span class='ocrx_word' id='word_1_844' title='bbox 2518 5768 2701 5840; x_wconf 79' lang='grc' dir='ltr'>ὀρθῶς</span> <span class='ocrx_word' id='word_1_845' title='bbox 2736 5782 2751 5798; x_wconf 70' lang='grc' dir='ltr'><strong><em>ο</em></strong></span> <span class='ocrx_word' id='word_1_846' title='bbox 2788 5766 3017 5837; x_wconf 78' lang='grc' dir='ltr'>πλείστη</span> <span class='ocrx_word' id='word_1_847' title='bbox 3047 5766 3156 5838; x_wconf 81' lang='grc' dir='ltr'>γὰρ</span> <span class='ocrx_word' id='word_1_848' title='bbox 3180 5764 3331 5820; x_wconf 77' lang='grc' dir='ltr'>ἔσται</span> <span class='ocrx_word' id='word_1_849' title='bbox 3362 5763 3454 5818; x_wconf 66' lang='grc' dir='ltr'>καὶ</span> <span class='ocrx_word' id='word_1_850' title='bbox 3479 5763 3660 5830; x_wconf 80' lang='grc' dir='ltr'>ἀμφο-</span> 
     </span>
    </p>
   </div>
  </div>
