4040 6202
386 266 456 331 65
1459 270 1847 334 DlALOGUS
1879 269 2182 332 CONTRA
2222 273 2618 337 H.’ERESES.
3580 271 3654 333 66

388 383 565 452 τέροις
600 380 838 450 ὠφέλεια
861 397 879 434 ·,
904 381 996 436 καὶ
1022 379 1413 452 συναιρομένου
1471 381 1630 449 Θεοῦ,
1673 384 1705 454 ἢ
1740 383 1836 439 καὶ
1874 386 1965 439 τὸν

2075 386 2218 441 illum
2249 387 2428 441 studio
2454 388 2616 442 simul
2646 397 2699 442 et
2728 389 2907 444 divina
2933 390 3194 449 charitate
3250 393 3508 464 corriges,
3567 396 3648 449 vei

390 473 751 544 πλανώμενον
810 474 1019 528 ἐκεῖνον
1078 473 1208 536 ίσως
1237 476 1302 544 τῇ
1338 474 1541 545 σπουδῇ
1576 476 1667 529 καὶ
1719 478 1786 548 τῇ
1842 475 1963 548 Θεία

395 566 584 637 ἀγάπῃ
654 564 1020 635 διορθώσεις,
1072 564 1106 636 ἢ
1171 565 1384 634 σεαυτῷ
1441 565 1634 635 μισθὸν
1697 567 1968 641 προξενή-

393 672 546 720 σ-ις,
587 659 683 712 καὶ
734 658 857 710 ἀντὶ
909 655 1004 711 τοῦ
1046 658 1218 711 κόπου
1268 657 1431 727 χάριν
1489 657 1746 731 εὑρήσεις
1815 661 1970 733 παρὰ

388 750 523 804 Θεοῦ
537 792 552 807 .

458 843 779 911 Κληρικός.
825 843 936 896 Καὶ
984 842 1117 896 ποίά
1148 843 1258 897 τῶν
1293 845 1562 916 αἱρέσεων
1589 846 1823 918 χείρων;

477 934 829 1004 Ἀρχιερεύς.
861 934 1068 1000 "Amm,
1105 935 1324 1004 ἀδελφέ,
1382 939 1520 1011 ὅπερ
1557 941 1640 1003 είς
1693 937 1970 1010 βάραθρον

387 1024 668 1086 ἀπωλείας
702 1023 957 1088 συνωθεῖ,
994 1023 1099 1094 τῆς
1136 1028 1384 1096 πονηρᾶς
1439 1030 1558 1082 ἐστι
1591 1029 1816 1100 μοίρας·
1876 1029 1969 1082 καὶ

391 1119 500 1170 πᾶν
530 1119 670 1188 ὅπερ
714 1117 817 1187 τὴν
856 1117 1141 1186 σωτηρίαν
1185 1117 1398 1187 ζημιοῖ,
1450 1123 1551 1191 τῆς
1583 1121 1967 1191 ἀπολλυμένης

387 1211 651 1278 τυγχάνει
683 1210 914 1274 τάξεως.
952 1209 1100 1262 Ἀλλ’
1157 1209 1309 1277 ὅμως
1360 1210 1553 1282 ὥσπερ
1601 1213 1858 1284 διαφοραὶ
1912 1214 1968 1266 ὲν

381 1304 498 1363 τοῖς
525 1302 774 1368 ἀγαθοῖς,
806 1303 900 1356 καὶ
931 1302 990 1353 ὲν
1031 1301 1258 1371 ἀρεταῖς
1293 1303 1617 1358 ἀναϐάσεων
1656 1306 1964 1371 ὲπιδόσεις,

384 1389 481 1444 καὶ
507 1392 652 1445 κατὰ
683 1393 786 1456 ’τὰς
826 1391 1057 1462 πράξεις
1089 1395 1145 1446 αἱ
1168 1394 1493 1458 ἀντιδόσεις,
1528 1396 1607 1449 διὸ
1645 1397 1739 1450 καί
1799 1413 1968 1466 φησιν

382 1486 414 1538 6
444 1485 694 1553 Κύριος⁹
722 1504 743 1538 ι
793 1486 886 1538 Ἐν
909 1488 976 1556 τῇ
1025 1486 1176 1558 οἰκίᾳ
1209 1487 1306 1542 τοῦ
1365 1489 1580 1558 Πατρός
1615 1506 1716 1558 μου
1773 1489 1966 1542 πολλαὶ

389 1577 552 1645 μοναί
582 1579 722 1630 εἰσιν
741 1593 755 1608 ·
784 1597 802 1628 ι
829 1575 1030 1645 οὕτως,
1056 1573 1236 1648 οἶμαι,
1265 1579 1358 1631 καὶ
1378 1582 1434 1631 ἐν
1461 1581 1573 1641 τοῖς
1613 1580 1898 1645 ἐναντίοις,
1916 1581 1966 1633 εί

384 1669 486 1722 καὶ
506 1668 702 1732 ἀταξία
726 1669 878 1721 πᾶσα
913 1668 1086 1732 ὅντως
1121 1670 1268 1723 ἐστὶν
1299 1672 1359 1723 έν
1391 1671 1598 1736 αὐτοῖς,
1657 1672 1810 1726 οὐδὲν
1856 1672 1967 1743 γάρ

381 1758 498 1810 τῶν
527 1759 780 1828 πονηρῶν
806 1759 865 1811 έν
887 1759 1063 1824 τάξει,
1097 1759 1224 1814 ἐπεὶ
1277 1760 1374 1814 καὶ
1403 1760 1640 1825 ἄτακτος
1689 1765 1718 1816 6
1781 1764 1964 1836 πατὴρ

379 1847 480 1902 τοῦ
511 1848 740 1918 ψεύδους
771 1850 942 1912 ἐστὶν,
980 1849 1100 1903 ἀλλ’
1127 1850 1278 1920 ὅμως
1316 1851 1522 1920 χείρων
1559 1851 1660 1922 μὲν
1693 1854 1964 1926 αἴρεσιςή

383 1939 519 2009 περὶ
537 1937 674 1992 Θεοῦ
708 1938 960 2002 πλείονας
1009 1937 1211 2009 ἔχουσα
1255 1939 1630 2012 βλασφημίας,
1684 1943 1884 2013 ἑφεξῆς
1906 1943 1966 1997 δὲ

384 2030 555 2102 μέσαι
576 2047 638 2083 τε
671 2031 768 2084 καὶ
797 2031 1033 2101 ἒσχάται
1063 2033 1122 2086 αι
1173 2032 1474 2088 ἐλάττωσιν
1504 2032 1762 2109 δοκοῦσαι
1819 2033 1967 2105 ἔχειν

377 2125 509 2175 τινα
542 2122 635 2176 τοῦ
664 2124 768 2192 τῆς
789 2123 1148 2195 βλασφημίας
1205 2123 1403 2181 κακοῦ.
1455 2125 1629 2182 Τοῦτο
1677 2127 1736 2181 δὲ
1769 2129 1867 2182 καὶ
1905 2128 1966 2182 ἐν

380 2215 500 2276 τοῖς
522 2213 788 2270 ἀσεϐέσιν
811 2212 952 2269 εἶναι
982 2215 1295 2286 λογίζομαι.
1322 2216 1546 2287 Πρῶτος
1577 2218 1678 2288 μὲν
1715 2218 1825 2290 γάρ
1857 2219 1968 2274 τῶν

382 2306 566 2360 ἀθέων
591 2311 618 2361 ὁ
647 2307 724 2379 μὴ
754 2309 890 2364 Θεὸν
943 2310 1083 2373 ὅλως
1131 2310 1310 2377 εἰδὼς,
1356 2313 1454 2366 καὶ
1487 2311 1570 2365 ἔτι
1605 2312 1634 2364 6
1682 2314 1750 2384 τῇ
1800 2313 1968 2369 πολυ-

387 2393 498 2462 θέῳ
532 2395 710 2470 πλάνῃ
765 2397 1162 2468 κρατούμενος.
1217 2401 1293 2454 Οὐ
1327 2399 1438 2471 γάρ
1487 2401 1724 2473 διαφορά
1755 2403 1968 2468 τούτοις

386 2485 648 2552 ἀσεϐείας
680 2490 854 2554 ἐστὶν,
885 2491 1007 2545 ἐπεὶ
1051 2493 1146 2546 καὶ
1191 2493 1306 2546 ἴσον
1345 2494 1406 2547 τὸ
1455 2494 1530 2565 μὴ
1577 2495 1781 2550 εἰδέναι
1827 2496 1967 2559 ὅλως

389 2577 528 2630 Θεὸν
559 2579 652 2634 τοῦ
680 2582 882 2636 εἰδέναι
913 2582 1117 2651 λέγειν,
1145 2587 1241 2638 καὶ
1263 2584 1446 2639 σέϐειν
1486 2586 1662 2651 ἀθέως
1686 2587 1762 2650 ώς
1808 2587 1968 2652 θεοὺς

390 2670 467 2723 τὰ
495 2671 589 2724 τοῦ
622 2671 758 2726 Θεοῦ
789 2674 1090 2745 κτίσματα,
1121 2675 1154 2742 ἧ
1188 2676 1256 2728 τά
1306 2675 1562 2746 ὁρώμενα
1595 2678 1783 2744 ταῦτα,
1819 2678 1853 2749 ἢ
1897 2678 1967 2732 τὰ

389 2761 567 2831 ἐναγῆ
615 2763 870 2832 δαιμόνια
892 2781 907 2797 ο
961 2766 1099 2836 μετὰ
1126 2766 1185 2821 δὲ
1232 2767 1361 2831 τοὺς
1405 2768 1660 2840 πρώτους
1690 2770 1885 2835 ἀθέους
1916 2771 1967 2825 οἱ

385 2851 524 2903 Θεὸν
577 2854 676 2921 μὲν
706 2853 866 2921 δῆθεν
898 2855 1149 2923 λέγοντες
1174 2857 1380 2928 Κύριον
1413 2860 1652 2930 ούρανοῦ
1703 2863 1799 2915 καὶ
1831 2862 1957 2931 γῆς,

389 2943 570 3012 χωρὶς
619 2942 676 2995 δὲ
734 2946 910 3013 Λόγου
965 2947 1173 3011 ζῶντος
1233 2949 1328 3002 καὶ
1383 2950 1718 3021 Πνεῦματος.
1779 2953 1967 3007 Ἀθεοι

385 3028 490 3087 οὖν
521 3035 615 3090 καὶ
644 3035 818 3103 οῦτοι,
845 3038 923 3101 ώς
951 3041 1012 3091 οὐ
1046 3039 1135 3094 τὸν
1169 3041 1346 3110 ἀληθῆ
1373 3043 1465 3095 καὶ
1518 3044 1677 3114 μόνον
1709 3045 1843 3097 Θεὸν
1869 3063 1971 3116 κη-

389 3126 704 3195 ρύττοντες.
738 3130 871 3195 Θεὸς
900 3132 1012 3204 γάρ
1043 3134 1203 3202 μόνος
1250 3135 1457 3205 ἀληθὴς
1491 3138 1519 3189 6
1581 3137 1770 3207 Πατὴρ
1828 3140 1968 3208 μετὰ

383 3220 486 3275 τοῦ
521 3225 846 3291 μονογενοῦς
869 3227 1058 3294 ζαύτοῦ
1086 3227 1217 3280 Υίοῦ
1250 3229 1346 3282 καὶ
1375 3229 1469 3282 τοῦ
1503 3229 1771 3294 ζωοποιοῦ
1797 3229 1969 3284 Πνεύ-

387 3331 586 3383 ματος.
624 3317 696 3368 Et
728 3315 822 3370 οὖν
865 3319 959 3371 καὶ
994 3312 1141 3374 οῦτοι
1195 3323 1422 3376 καθόλου
1456 3323 1627 3386 ἄθεοι,
1677 3325 1792 3377 ἀλλ’
1819 3325 1970 3393 ὅμως

380 3403 452 3457 οὐ
484 3406 848 3474 προσκυνοῦσι
881 3409 938 3461 τὸ
956 3409 1088 3479 πῦρ,
1124 3410 1156 3481 ἢ
1187 3413 1278 3463 τὴν
1307 3413 1478 3483 ἥλιον,
1498 3414 1618 3466 οὐδὲ
1641 3415 1763 3477 τοὺς
1784 3415 1972 3485 δαίμοο

381 3513 487 3560 νας
503 3497 720 3565 λέγουσι
736 3499 914 3564 θεούςσ
934 3501 1030 3555 καὶ¹
1046 3502 1135 3556 διὰ
1156 3503 1314 3558 τοῦτο
1333 3504 1614 3568 ἐλάττονος
1634 3508 1832 3570 κακίας
1846 3507 1973 3562 εἰσί.

460 3591 781 3657 Κληρικός.
811 3592 964 3647 Μετά
1010 3595 1236 3660 τούτους
1262 3597 1334 3662 ⁸δὲ
1378 3597 1523 3662 τίνες
1581 3599 1690 3652 εἰσὶ
1719 3597 1968 3669 χείρονες

383 3684 500 3738 τῶν
529 3685 703 3739 ἄλλων
729 3685 808 3749 είς
838 3686 1098 3742 ἀσέϐειαν
1123 3707 1138 3755 ;

981 3805 1234 3861 ΚΕΦᾹΛ.
1286 3805 1387 3862 IA'.

381 3914 557 3990 Κατᾲ
583 3916 849 3987 Σίμωνος
899 3917 1007 3974 τοῦ
1053 3920 1273 3990 μάγου,
1322 3920 1424 3976 καὶ
1480 3921 1811 3990 Μάνεντος,
1857 3926 1959 3981 καὶ

472 3986 591 4063 rd»-
618 3986 857 4063 ὁμοίωκ,
886 3990 986 4063 καὶ
1014 3986 1164 4063 καζᾶ
1183 3990 1302 4044 τῶν
1323 3991 1645 4047 δι’σσεϐὥν
1699 3986 1966 4063 adma-

457 4060 611 4120 ⁸«πων,
639 4056 770 4126 ἢτοι
804 4058 1261 4129 Κουδουγέρων.

460 4147 823 4216 Ἀρχιερεύς.
853 4150 1010 4204 Μετὰ
1033 4151 1258 4216 τούτους
1294 4152 1351 4207 αἱ
1393 4154 1453 4219 ἐξ
1487 4155 1662 4225 ἀρχῆς
1700 4155 1968 4228 αἱρέσεις,

382 4240 514 4292 ὅσαι
543 4241 634 4291 τὸν
677 4240 914 4312 Χριστ¹ιν
976 4241 1140 4311 δῆθεν
1179 4242 1430 4308 ἐδέξαντο
1467 4246 1591 4316 μὲν,
1626 4248 1727 4300 οὐκ
1784 4247 1966 4317 ὀρθῶς

387 4331 498 4401 15
527 4333 604 4396 δὲ,
631 4333 752 4385 ούδὶ
803 4333 880 4396 ὡς
911 4333 972 4386 τὸ
1000 4333 1112 4386 τῶν
1153 4336 1486 4390 ,ἀποστόλων
1520 4337 1808 4406 παρέδωκε
1859 4339 1968 4409 κήο

385 4442 580 4494 ρυγμα
611 4442 624 4454 ·
663 4425 799 4480 ἀλλὰ
835 4428 930 4481 καὶ
982 4429 1113 4498 περὶ
1154 4429 1256 4499 τῆς
1303 4431 1605 4500 ιμφανείας
1667 4431 1837 4485 αὐτοῦ
1878 4432 1968 4486 καὶ

2079 4421 2171 4476 sed
2195 4419 2264 4476 de
2289 4418 2738 4474 manifestatione
2769 4416 2889 4486 ejus
2922 4428 2976 4473 et
3004 4419 3377 4475 incarnatione
3417 4421 3660 4478 diversas
3757 4434 3766 4448 ’

385 4516 728 4586 σαρκώτεως
758 4519 1054 4589 διαφόρους
1086 4522 1338 4586 ἐδέξαντο
1375 4523 1556 4588 δόξας.
1605 4524 1726 4577 Ἔτι
1775 4525 1833 4577 δὲ
1874 4525 1970 4577 καὶ

384 4609 482 4660 τὸν
511 4609 644 4678 περὶ
674 4611 775 4678 τῆς
799 4611 963 4678 ἁγίας
989 4611 1222 4681 Τριάδος
1267 4613 1430 4684 ὀρθὸν
1469 4614 1748 4684 ἠθέτησαν
1786 4605 1968 4684 λόγον.

385 4701 454 4752 οἱ
477 4701 532 4753 δὲ
549 4701 645 4753 καὶ
674 4702 1073 4776 Παρακλήτους
1099 4705 1330 4762 ἑαυτοὺς
1356 4706 1706 4759 ἀπεκαλεσαν
1733 4707 1971 4770 ἀσεϐῶς,

383 4792 485 4842 καὶ
509 4790 744 4859 δύναμιν
769 4791 930 4859 Θεοῦ,
981 4792 1060 4856 ώς
1111 4795 1298 4863 Σίμων
1327 4795 1356 4847 6
1401 4795 1596 4866 μάγος,
1631 4795 1848 4850 διώκων
1879 4796 1973 4850 τὸν

385 4882 826 4952 μέγανΣίμωνα
881 4885 1110 4954 Πέτρον,
1143 4886 1241 4938 καὶ
1292 4887 1487 4956 Μάνης
1526 4905 1612 4951 τις
1659 4889 1965 4961 ἀλιτήριος,

381 4976 433 5026 οῖ
469 4978 720 5044 χείρονες
759 4977 988 5030 καὶτῶν
1037 4978 1221 5031 ἀθέων
1275 4979 1436 5033 εἰσίν.
1471 4981 1594 5034 Ἔτι
1648 4981 1705 5034 δὲ
1761 4982 1970 5050 Κήριν-

380 5063 477 5125 θὸς
510 5081 597 5126 τις
630 5065 726 5117 καὶ
762 5067 1175 5138 Καρποκράτης
1203 5069 1253 5122 οι
1300 5069 1513 5140 μιαροὶ,
1573 5071 1810 5125 ὲναντέοι
1857 5074 1973 5136 τοῖς

381 5157 720 5220 ἀποστόλοις
770 5158 1015 5227 Χριστοῦ
1046 5175 1062 5189 ⁸
1092 5163 1188 5213 καὶ
1213 5160 1459 5214 πλεῖστοι
1494 5161 1648 5216 ἀλλοι
1675 5163 1775 5232 τῆς
1830 5164 1973 5234 ἀλη-

382 5247 542 5310 θείας
598 5248 810 5318 Ξχθροὶ,
843 5250 1040 5313 οῐτινες
1061 5250 1158 5303 καὶ
1180 5252 1357 5314 ἀθέως
1399 5251 1494 5305 δύο
1527 5252 1700 5323 ἀρχάς
1731 5253 1974 5323 ἐδογμά-

381 5341 558 5404 τιζον.
595 5341 684 5406 Ἐξ
710 5339 790 5398 ὧν
820 5343 914 5396 καὶ
943 5344 1042 5397 νῦν
1073 5334 1217 5399 τίσιν
1247 5346 1298 5397 οἱ
1334 5345 1656 5416 Βογόμυλοι,
1685 5346 1974 5416 ἀνθρώπια

382 5432 654 5502 δυσσεϐῆ,
685 5435 862 5489 οἱκαὶ
908 5435 1278 5508 Κουδούγεροι
1325 5438 1681 5507 καλούμενοι.
1738 5439 1832 5491 Διὸ
1878 5440 1976 5493 καὶ

385 5524 537 5593 ὑμᾶς
561 5529 692 5595 πέρί
723 5527 902 5582 αὐτῶν
929 5528 1148 5600 ἀνάγκη
1207 5529 1425 5598 μαθεῖν,
1483 5530 1558 5594 ώς
1591 5533 1683 5584 καὶ
1741 5531 1972 5601 πλησίον

382 5616 560 5669 ϐντων
591 5621 659 5688 τῃ
692 5622 970 5691 κατοικία.
998 5621 1097 5677 Ἐν
1141 5621 1316 5694 πολλῇ
1369 5623 1480 5694 γὰρ
1524 5623 1818 5694 ὑποκρίσει
1861 5623 1973 5676 ,καὶ

381 5707 469 5779 τῷ
498 5711 902 5786 προσεύχεσθαι
928 5713 1382 5787 σχηματίζονται,
1413 5715 1509 5770 καὶ
1541 5715 1600 5769 τὸ
1630 5713 1972 5786 Εὐαγγέλιον

2073 478 2398 548 tibiinetipsi
2431 480 2738 534 mercedem
2775 485 3136 554 comparabis,
3205 495 3259 540 et
3314 500 3412 541 oro
3460 485 3644 541 labore

2071 571 2301 644 gratiam
2339 572 2480 642 apud
2519 571 2687 628 Deum
2721 574 2986 632 invenies.

2147 831 2413 891 Clericus.
2446 835 2510 891 Et
2534 854 2782 908 quamam
2815 850 2896 896 est
2923 856 2988 896 ex
3014 842 3316 899 haeresibus
3346 846 3546 917 pejor?

2143 925 2416 997 Pontifex.
2451 929 2643 992 Omne,
2676 930 2863 997 frater,
2897 936 3038 1002 quod
3071 935 3122 988 in
3181 937 3439 1006 abyssum
3497 939 3648 995 exitii

2072 1017 2349 1088 immergit
2377 1021 2542 1075 sortis
2574 1031 2657 1076 est
2690 1023 2958 1092 pessimte,
2988 1035 3217 1080 etonme
3246 1029 3389 1097 quod
3419 1030 3650 1083 salutem

2072 1111 2291 1180 perimit
2319 1114 2558 1182 iniquam
2586 1115 2742 1170 habet
2772 1116 3080 1187 fortunam;
3143 1123 3237 1175 sed
3298 1124 3654 1192 quemadmo-

2071 1200 2199 1253 dum
2228 1211 2354 1254 sunt
2382 1203 2762 1273 discrepantice
2795 1207 2846 1260 in
2877 1208 3034 1263 bonis
3067 1210 3332 1280 multique
3355 1221 3482 1266 sunt
3530 1229 3655 1281 ενοι

2072 1291 2174 1345 dus
2210 1293 2276 1346 ad
2334 1294 2588 1348 virtutem
2629 1298 2988 1354 ascendentes
3042 1309 3095 1354 ct
3146 1305 3311 1356 variae
3351 1305 3653 1358 secundum

2071 1400 2235 1454 opera
2270 1387 2678 1451 retributiones,
2716 1400 3004 1458 propterea
3067 1393 3212 1446 enim
3268 1395 3408 1449 dixit
3470 1396 3656 1450 Domi-

2081 1493 2188 1532 nus
2221 1493 2238 1530 :
2273 1495 2291 1529 ι
2333 1477 2389 1532 1η
2411 1479 2573 1532 domo
2596 1480 2774 1535 Patris
2796 1483 2899 1536 mei
2923 1483 3420 1542 mttltazntansioucs
3443 1501 3604 1553 sunt;
3633 1511 3655 1540 ι

2073 1567 2169 1634 ita,
2200 1584 2286 1621 me
2310 1568 2515 1638 judice,
2548 1571 2600 1624 in
2641 1574 2952 1639 contrariis,
3011 1575 3135 1630 licet
3166 1577 3218 1630 in
3247 1578 3381 1647 ipsis
3411 1581 3482 1634 sit
3545 1597 3664 1635 om-

2072 1655 2159 1710 nis
2193 1659 2548 1725 perturbatio,
2605 1660 2740 1714 nihil
2793 1663 2940 1716 enim
3004 1664 3126 1718 mali
3181 1676 3264 1721 est
3325 1667 3380 1720 in
3438 1668 3656 1734 ordine,

2000 1739 2043 1793 Β
2072 1761 2196 1802 cum
2234 1749 2488 1806 inimicus
2519 1751 2589 1806 sit
2619 1753 2827 1808 ordinis
2871 1764 3025 1821 pater
3081 1759 3362 1823 mendacii,
3419 1770 3656 1816 attamen

2081 1839 2326 1908 pessima
2358 1849 2444 1896 est
2481 1841 2624 1898 inter
2653 1841 2887 1900 haereses
2924 1860 3045 1916 qua:
3076 1847 3256 1916 plures
3276 1848 3344 1903 de
3363 1849 3660 1905 Deoconti-

2075 1939 2170 1987 net
2223 1933 2644 2003 blasphemiae;
2686 1936 2882 1992 deinde
2934 1953 3054 2007 quae
3113 1942 3398 2008 pauciores
3460 1945 3660 1998 habent

2074 2026 2265 2081 media:
2315 2036 2464 2092 sunt,
2512 2037 2567 2082 et
2637 2029 2838 2083 ultimae
2904 2045 3026 2099 quae
3079 2047 3241 2101 quam
3293 2035 3648 2102 paucissimis

2074 2114 2428 2186 blasphemiis
2456 2126 2687 2172 scatent.
2731 2118 2884 2185 Quod
2939 2120 3102 2174 etiam
3155 2121 3210 2175 in
3282 2123 3658 2192 impietatibus

2075 2209 2306 2264 inveniri
2335 2225 2554 2266 censeo.
2585 2209 2802 2265 Primus
2821 2211 3042 2280 quidem
3067 2213 3351 2268 atheorum
3371 2215 3463 2286 qui
3487 2216 3657 2271 Deum

2075 2285 2307 2372 prorsus
2339 2304 2535 2367 nescit,
2574 2312 2630 2358 et
2671 2305 2764 2374 qui
2821 2305 3060 2374 plurium
3121 2307 3408 2361 numinum
3465 2308 3656 2366 falsam

2075 2395 2390 2465 opinionem
2429 2395 2712 2464 sequitur;
2743 2410 2866 2448 nam
2889 2395 3032 2450 inter
3049 2397 3166 2450 haec
3184 2397 3331 2452 nulla
3357 2409 3440 2454 est
3462 2400 3656 2470 impie~

2076 2487 2201 2542 tatis
2221 2486 2584 2558 discrepantia
2598 2525 2612 2549 ,
2631 2501 2756 2541 cum
2789 2502 2883 2557 par
2902 2487 2973 2541 sit
2994 2487 3160 2542 Deum
3183 2505 3408 2558 prorsus
3428 2508 3535 2545 non
3562 2508 3659 2545 uo-

2075 2593 2229 2635 scere
2257 2587 2310 2633 et
2333 2579 2512 2633 dicere
2542 2594 2600 2634 se
2629 2595 2830 2632 numen
2873 2595 3192 2649 agnoscere,
3227 2582 3319 2636 sed
3359 2582 3660 2652 irrcligiose

2077 2679 2136 2724 ut
2167 2670 2298 2724 deos
2335 2669 2615 2724 adorando
2658 2681 2943 2726 creaturas
2976 2671 3091 2726 sive
3123 2687 3208 2727 res
3233 2689 3356 2741 qua:
3402 2677 3659 2730 videnlur

2075 2762 2191 2818 sive
2221 2762 2508 2816 maledicta
2537 2761 2825 2816 daemonia.
2857 2762 2986 2818 Post
3049 2765 3181 2819 istos
3225 2766 3419 2821 allieos
3451 2768 3660 2833 primos

2077 2853 2447 2921 arceduntqui
2475 2853 2640 2906 Deum
2669 2855 2886 2922 quidem
2923 2853 3417 2912 dicuntDominum
3446 2858 3568 2911 coeli
3603 2867 3660 2912 et

2079 2956 2261 3011 terrm,
2283 2947 2377 3000 sed
2407 2945 2614 3013 absque
2653 2943 2834 2998 Verbo
2881 2944 3096 3000 vivente
3125 2955 3181 2999 et
3207 2945 3437 3015 Spiritu.
3492 2947 3662 3017 Igilth

2078 3039 2224 3093 athei
2242 3048 2370 3093 sunt
2398 3039 2484 3091 isti
2505 3039 2597 3107 qui
2624 3037 2783 3090 talem
2811 3053 2996 3092 verum
3021 3038 3306 3109 solumque
3331 3039 3496 3094 Deum
3523 3056 3662 3110 prat-
3688 3049 3696 3066 ‘

2076 3132 2300 3198 dicant;
2347 3129 2487 3184 Deos
2513 3131 2655 3184 enim
2682 3129 2834 3186 solus
2877 3145 3035 3184 verus
3066 3140 3151 3184 est
3178 3131 3338 3186 Pater
3369 3146 3492 3187 cum
3527 3133 3660 3188 uni-

2077 3225 2260 3295 genito
2288 3223 2407 3292 ejus
2437 3221 2573 3276 Filio
2595 3231 2650 3277 et
2679 3221 2990 3276 viviﬁcante
3013 3221 3244 3291 Spiritu.
3279 3221 3418 3292 Ergo
3444 3225 3494 3278 bi
3521 3239 3663 3294 quo-

2079 3332 2186 3387 que
2209 3327 2334 3369 sunt
2351 3316 2493 3369 atliei
2513 3331 2529 3382 ;
2562 3315 2652 3368 sed
2675 3328 2796 3368 cum
2821 3328 2926 3369 non
2949 3313 3133 3368 colant
3155 3314 3332 3384 ignem
3358 3317 3440 3370 vel
3465 3317 3661 3386 solem,

2088 3424 2270 3478 neque
2326 3408 2507 3461 dicant
2557 3407 2688 3461 deos
2745 3421 2870 3463 esse
2921 3407 3218 3474 daemones,
3287 3406 3410 3462 ideo
3461 3409 3661 3465 minori

2084 3501 2288 3556 malitia
2323 3501 2669 3553 horrescunt.

2149 3595 2408 3650 Clericus.
2447 3594 2644 3649 Verum
2672 3591 2897 3662 abistis,
2936 3592 3158 3664 quinam
3196 3606 3227 3648 e
3267 3591 3484 3649 ceteris
3532 3601 3663 3649 sunt

2075 3686 2290 3760 pejores
2316 3687 2367 3740 in
2424 3686 2745 3757 impietate?

2676 3799 2908 3857 CAPUT
2931 3800 3028 3857 XI.

2079 3917 2278 3973 Contra
2333 3915 2599 3972 Simonem
2649 3932 2880 3984 magum,
2919 3916 3183 3971 Manetem
3221 3927 3272 3970 et
3321 3920 3539 3986 similes,
3571 3939 3670 3978 nec

2186 4004 2289 4041 non
2327 3998 2509 4041 contra
2541 3986 2728 4054 impios
2752 3985 3054 4055 Bagomilos
3081 3987 3184 4040 sive
3203 3985 3530 4058 Cudugeros.

2146 4139 2417 4209 Pontifex.
2446 4137 2528 4192 Ab
2556 4136 2674 4192 istis
2696 4136 3019 4217 pejores_ab
3055 4138 3213 4194 initio
3244 4141 3478 4197 liazreses
3531 4154 3670 4199 sunt:

2073 4233 2178 4289 illae
2206 4243 2328 4303 quas
2364 4231 2646 4286 Christum
2681 4229 2901 4299 quidem
2937 4241 3288 4300 acceperunt,
3322 4249 3428 4287 non
3475 4247 3670 4290 autent-

2074 4334 2222 4380 recte
2249 4339 2431 4394 neque
2485 4323 2627 4378 sicut
2682 4321 2982 4392 apostolica
3049 4322 3272 4377 tradidit
3323 4325 3670 4393 praedicatio,

2075 4521 2375 4568 tenuerunt
2400 4511 2711 4583 opiniones,
2747 4518 2803 4565 et
2833 4511 3059 4580 insuper
3088 4519 3298 4567 rectum
3354 4514 3425 4570 de
3473 4526 3660 4572 sancta

2073 4603 2342 4660 Trinitate
2375 4618 2683 4660 sermonem
2717 4604 3044 4673 reiecerunt.
3069 4603 3172 4670 Qui
3206 4605 3371 4674 impie
3396 4610 3659 4678 semetip-

2072 4713 2165 4755 sos
2194 4697 2528 4752 vocaverunt
2556 4695 2866 4764 paracletos
2898 4705 2954 4750 et
2992 4694 3085 4750 Del
3144 4695 3423 4763 virtutem,
3462 4707 3523 4752 ut
3571 4699 3658 4754 St-

2074 4805 2202 4846 mon
2241 4803 2435 4859 magus
2473 4789 2567 4858 qui
2593 4803 2851 4857 magnum
2890 4787 3168 4843 Simonem
3210 4788 3428 4842 Petrum
3480 4805 3672 4858 perse-

2075 4863 2365 4954 quebatur,
2404 4891 2457 4936 et
2488 4880 2674 4934 Manes
2708 4896 2963 4947 nequam,
3000 4884 3093 4952 qui
3143 4883 3280 4952 ipsis
3344 4883 3522 4938 adicis
3571 4899 3668 4953 pc—

2068 4976 2220 5046 jores
2252 4981 2404 5039 sunt,
2429 4972 2654 5042 insuper
2687 4970 2986 5028 Cerintlius
3029 4983 3084 5029 et
3125 4975 3487 5043 Carpocrates
3562 4979 3664 5032 im-

2078 5067 2286 5134 mundi,
2317 5066 2411 5136 qui
2440 5065 2651 5122 Christi
2688 5067 2952 5136 apostolis
2977 5067 3435 5134 adversabantur,
3461 5070 3673 5140 aliique-

2076 5158 2576 5230 plurimi.veri'tatis
2609 5157 2814 5212 inimici
2850 5160 2942 5227 qui
2987 5159 3193 5213 nefarie
3219 5160 3327 5212 duo
3379 5162 3662 5231 principia
3707 5168 3712 5173 “

2078 5259 2341 5322 ponentes
2389 5249 2528 5305 falso
2554 5250 3016 5320 dogmatizabant.
3056 5249 3130 5303 Ex
3162 5251 3363 5317 quibus
3395 5268 3539 5310 nunc
3563 5255 3675 5310 ad—

2079 5343 2187 5395 huc
2225 5348 2354 5394 sunt
2389 5339 2675 5410 Bogomili,
2723 5340 3024 5409 irreligiosa
3070 5341 3388 5409 multitudo,
3439 5347 3535 5415 qui
3607 5354 3670 5402 el

2077 5431 2348 5502 Cudogeri
2405 5433 2766 5501 appellantur.
2795 5430 3093 5501 Propterea
3150 5450 3377 5492 necesse
3429 5447 3515 5493 est
3565 5451 3674 5493 vos

2079 5527 2146 5580 de
2182 5525 2315 5594 ipsis
2347 5524 2554 5588 doceri,
2580 5539 2704 5578 cum
2733 5539 2840 5579 non
2871 5526 3110 5594 procula
3138 5529 3292 5584 vobis
3339 5539 3666 5596 morentur;

2080 5631 2208 5674 nam
2235 5618 2584 5673 simulatione
2621 5617 2792 5674 multa
2846 5620 3057 5690 lingunt
3113 5637 3175 5677 se
3236 5621 3542 5693 deprecari,
3605 5631 3669 5678 et

2079 5711 2434 5807 Evangelium
2469 5709 2690 5802 quidem
2717 5726 2778 5772 se
2819 5714 2954 5773 tueri
2973 5713 3232 5773 simulant
3253 5724 3420 5788 atque
3437 5723 3670 5788 apostoo
