4040 6202
347 267 416 329 67
738 328 739 331 η
1212 266 1596 330 SYMEONIS
1620 272 2380 337 THESSALONICENSIS
2420 279 2781 343 ARCHIEP.

346 375 523 429 lorum
554 371 813 443 epistolas
838 381 893 427 et
941 372 1130 437 Actus,
1159 375 1252 428 sed
1311 385 1506 444 praeter
1564 377 1667 433 ista
1716 388 1934 436 exteras

2051 384 2150 453 μὲν
2174 385 2561 456 ὑποκρίνονται
2614 388 2889 458 στέργειν,
2950 390 3044 443 καὶ
3096 390 3193 454 τὰς
3245 391 3352 446 τῶν
3386 393 3629 449 ἀποστό-

348 480 577 537 prorsus
600 464 855 532 rejiciunt
881 463 1215 531 Scripturas,
1245 481 1346 519 nec
1366 468 1665 538 quidquam
1699 485 1933 541 evange-

350 556 579 611 licorum
604 564 659 609 et
683 554 1111 623 apostolicorum
1133 554 1362 625 iaciunt,
1385 558 1480 613 sed
1507 562 1688 628 potius
1721 570 1937 616 contra-

349 646 428 700 ria
464 646 833 711 committunt,
866 646 1066 715 quippe
1103 648 1170 701 ab
1192 647 1511 704 adversario
1531 652 1639 704 acti
1667 652 1931 708 omnibus

351 736 563 791 Domini
595 736 797 800 verbis,
852 738 1112 805 cperibus
1165 748 1222 794 et
1284 740 1675 797 traditionibus
1734 742 1936 798 adrer-

348 839 561 883 santnr.
597 829 791 882 Verum
826 832 1008 899 potius
1041 832 1269 887 student
1307 840 1418 887 toto
1449 836 1615 888 corde
1648 834 1937 903 cogitatio-

347 919 509 973 nibus
564 920 930 989 operibusque
984 922 1219 988 partium
1300 924 1645 984 Antichristi.
1710 924 1938 994 quibus-

346 1012 469 1065 dam
504 1011 781 1067 furoribus
811 1023 1067 1082 aguntur,
1103 1029 1293 1082 preces
1324 1016 1375 1068 in
1410 1026 1626 1072 secreto
1678 1017 1936 1071 lascivos-

346 1118 450 1172 que
483 1118 676 1157 cautus
714 1105 930 1173 aliaque
961 1105 1126 1173 impia
1160 1112 1214 1158 et
1248 1105 1427 1173 turpia
1457 1115 1624 1174 atque
1683 1108 1929 1161 immun-

346 1197 574 1250 dissima
641 1205 978 1265 operantur,
1031 1212 1153 1265 quae
1207 1212 1315 1250 non
1371 1197 1455 1253 fas
1515 1207 1602 1253 est
1649 1200 1936 1268 scripturae

348 1290 714 1342 committere.
747 1289 1014 1357 Rejicinul
1040 1290 1205 1343 etiam
1240 1304 1362 1343 cum
1401 1290 1704 1345 lideomnia
1728 1292 1932 1346 Christi

348 1380 629 1448 mysteria,
648 1379 767 1431 etin
794 1394 857 1432 ea
874 1388 1135 1433 evomunt
1160 1380 1550 1448 blasphemias,
1570 1380 1624 1433 in
1653 1382 1930 1437 divinissi-

346 1485 495 1523 mum
523 1470 821 1538 baptisma.
853 1485 1066 1525 sacram
1095 1472 1562 1534 communionem,
1599 1474 1932 1527 crucisado-

346 1561 531 1615 lauda:
564 1562 780 1631 signum
810 1600 825 1627 ,
854 1576 1041 1616 sacras
1078 1561 1365 1631 imagines,
1430 1563 1628 1632 templa
1683 1574 1935 1633 augusta,

347 1658 560 1712 divinas
591 1658 722 1727 legis
754 1666 809 1710 et
841 1657 1233 1726 prophetarum
1270 1656 1604 1727 Scripturas,
1626 1659 1937 1727 justosom-

3559 284 3632 350 68

2043 473 2153 529 λων
2176 476 2231 529 δὲ
2258 477 2547 541 ἐπιστολάς
2584 496 2642 531 τε
2673 480 2768 533 καὶ
2796 482 3055 550 Πράξεις.
3118 483 3265 554 Πλὴν
3314 487 3408 540 καὶ
3457 487 3629 553 αὑτὰς

2042 566 2140 620 καὶ
2178 568 2279 632 τὰς
2308 567 2476 633 ἄλλας
2507 569 2760 637 καθάπαξ
2784 571 3041 626 ἁθετοῦσι
3075 574 3319 645 Γριςράς.
3373 579 3484 633 Kal
3538 580 3629 634 οὒ-

2039 660 2127 711 δὶν
2179 660 2229 712 oi
2280 660 2435 715 ἄθεοι
2501 661 2790 732 ινεργοῦσι
2836 663 2947 718 τῶν
2997 665 3384 737 εὐαγγελικῶν
3420 688 3478 724 τε
3535 673 3629 726 καὶ

2040 753 2447 819 ἁποστολικῶν,
2509 755 2650 810 ἀλλὰ
2699 757 2960 811 τάναντία
3009 759 3235 829 μᾶλλον,
3290 762 3351 814 ὲκ
3387 762 3488 834 τῆς
3529 767 3627 818 τοῦ

2040 843 2290 897 ἐναντίου
2350 846 2625 918 κινήσεως
2712 848 3123 918 ἐναντιούμενοι
3182 853 3317 905 πᾶσι
3362 854 3479 916 τοῖς
3530 854 3626 908 τοῦ

2041 936 2252 1005 Κυρίου
2280 937 2467 1006 λόγοις
2500 941 2598 993 καλ⁵
2629 939 2816 1011 ἔργοις
2851 941 2947 995 καὶ¹
2976 943 3331 1014 παραδόσεσι.
3393 944 3625 1000 Τελοῦσι

2040 1027 2097 1081 δὲ
2132 1030 2335 1096 μᾶλλον
2366 1030 2684 1099 ὁλοσχερῶς
2715 1032 2950 1096 ἐννοίαις
2974 1051 3034 1092 τε
3066 1033 3161 1087 καὶ
3193 1034 3379 1107 ἔργοις
3406 1037 3504 1109 τῆς
3528 1038 3623 1091 τοῦ

2054 1120 2433 1190 Ἀντιχρίστου
2501 1123 2745 1193 μερίδος,
2812 1124 3248 1193 ἐνθουσιασμούς
3311 1144 3465 1191 τινας
3527 1131 3625 1182 καὶ

2028 1212 2355 1283 προσευχὰς
2389 1214 2447 1265 ἐν
2477 1213 2707 1285 κρυπτῷ
2744 1216 2836 1268 καὶ
2869 1217 3083 1285 ἐπῳδὰς
3113 1218 3339 1286 μιαρὰς,
3360 1221 3455 1274 καὶ
3486 1219 3622 1274 ἄλλα

2040 1302 2174 1356 ἄθεα
2207 1304 2555 1374 ἐνεργοῦντες
2582 1304 2675 1359 καὶ
2707 1308 2873 1376 ἐναγῆ
2910 1311 3007 1360 καὶ
3045 1310 3401 1379 παμσέϐηλα,
3463 1312 3623 1366 ἅτινα

2038 1396 2160 1448 οὐδὲ
2190 1397 2416 1467 θεμιτὸν
2445 1403 2634 1470 γραφῇ
2670 1400 3032 1468 παραδοῦναι.
3079 1401 3360 1456 Ἀθετοῦσι
3416 1404 3473 1457 δλ
3524 1407 3623 1459 σῦν

2040 1489 2105 1557 τῇ
2133 1487 2316 1541 πίστει
2343 1490 2438 1542 καὶ
2465 1492 2645 1544 πάντα
2686 1491 2780 1544 τοῦ
2814 1492 3056 1561 Χριστοῦ
3102 1493 3172 1545 τὰ
3195 1496 3491 1564 μυστήρια,
3528 1495 3623 1550 καὶ

2040 1580 2121 1641 είς
2152 1580 2296 1633 αὐτὰ
2334 1579 2775 1651 βλασφημοῦσιν,
2805 1584 2883 1645 εἷς
2924 1600 2984 1636 τε
3011 1585 3072 1637 τὸ
3108 1585 3388 1639 θειότατον
3422 1585 3622 1656 βάπτι·

2038 1685 2152 1739 σμα
2209 1670 2307 1723 καλ
2350 1672 2449 1741 τὴν
2490 1674 2641 1742 ἱερὰν
2685 1674 3003 1741 κοινωνίαν,
3031 1676 3127 1728 καὶ
3153 1676 3241 1730 τὸν
3300 1676 3473 1731 τύπον
3524 1678 3619 1732 τοῦ

348 1766 446 1806 nes
479 1760 533 1805 et
560 1761 848 1820 martyres,
875 1750 1235 1804 hierarchiam
1265 1760 1318 1804 et
1338 1760 1577 1814 sanctos,
1612 1766 1719 1805 uno
1744 1751 1931 1817 verbo,

2039 1762 2222 1831 τιμίου
2253 1765 2519 1833 σταυροῦ,
2545 1764 2643 1826 τὰς
2679 1765 2831 1835 ίερλάς
2857 1784 2918 1819 τε
2965 1768 3204 1833 εἰκόνας,
3242 1771 3374 1833 τοὺς
3456 1771 3621 1824 σεσα-

348 1842 404 1896 ἰη
437 1843 619 1896 omnia
648 1857 770 1910 qua:
795 1852 980 1896 sancta
1004 1850 1156 1907 sunt,
1186 1842 1486 1896 secundum
1529 1841 1697 1897 Satau
1721 1854 1937 1911 aposta-

345 1942 456 1988 tam
481 1943 534 1987 et
565 1934 864 2000 daemones,
896 1934 1096 2001 quibus
1133 1934 1343 1989 incitati
1387 1934 1566 1989 solum
1623 1936 1680 1989 in
1746 1934 1934 1989 Trinio

346 2033 455 2079 tate
481 2025 673 2089 Deum,
708 2025 981 2095 Verbique
1013 2025 1449 2080 lucarnatiouem
1486 2036 1541 2083 et
1572 2028 1759 2082 omnia
1812 2042 1936 2098 qum

346 2117 442 2174 Dei
478 2127 605 2173 sunt
630 2119 860 2187 turpiter
897 2119 1299 2188 blasphemant.
1352 2118 1478 2174 [lare
1541 2130 1726 2174 autem
1778 2122 1938 2175 nobis

350 2210 573 2267 tradidit
602 2210 851 2265 Salvator
880 2219 1070 2265 noster
1131 2210 1223 2279 qui
1276 2210 1651 2281 apostolorum
1707 2225 1933 2266 suorum

350 2304 611 2373 Operibus
650 2310 704 2356 et
730 2302 1078 2356 sermonibus
1113 2302 1362 2357 divinum
1401 2303 1674 2370 baptisma
1702 2305 1937 2358 commi-

349 2397 442 2460 sit,
465 2396 914 2464 tremendamque
934 2394 1179 2463 corporis
1203 2404 1253 2448 et
1273 2395 1561 2464 sanguinis
1582 2396 1666 2449 sui
1692 2411 1938 2449 commu-

350 2487 569 2542 nionem
594 2500 928 2555 sacrumque
957 2483 1347 2551 ministerium,
1372 2495 1427 2540 et
1463 2495 1659 2539 caetera
1693 2487 1811 2555 ejus
1857 2488 1934 2541 di-

353 2577 480 2631 vina
508 2575 791 2647 mysteria.
849 2575 973 2644 Ipse
1016 2575 1183 2631 etiam
1248 2592 1351 2631 nos
1401 2577 1940 2633 orationetnzPater

353 2678 549 2733 uoster,
584 2668 832 2738 aliasque
860 2669 1050 2723 docuit
1089 2683 1280 2738 preces
1308 2669 1509 2738 quibus
1547 2669 1661 2739 ipse
1721 2668 1936 2725 Patrem

353 2760 769 2830 deprecabatur.
802 2760 1075 2814 Debemus
1101 2759 1265 2813 etiam
1301 2761 1474 2830 legem
1539 2770 1594 2815 et
1645 2762 1939 2830 prophetas

350 2855 597 2922 accipere
625 2868 747 2922 quas
800 2852 921 2922 ejus
972 2853 1144 2921 gratia
1196 2854 1477 2922 praemissa
1533 2862 1681 2907 sunt.
1743 2852 1937 2907 Divina

347 2956 566 3012 quoque
601 2956 931 2996 veneremur
961 2942 1159 3011 templa
1200 2958 1214 3007 ;
1250 2942 1350 2996 hoc
1375 2942 1520 2995 enim
1551 2941 1710 2996 nobis
1747 2951 1936 2995 osten-

351 3035 432 3088 dit
470 3051 533 3089 cx
566 3035 660 3088 illo
691 3034 892 3101 templo
931 3042 1136 3098 vetere,
1171 3031 1227 3085 in
1269 3048 1379 3101 quo
1408 3032 1615 3087 nefarie
1644 3033 1938 3087 vendentes

350 3124 805 3194 liagelloexpulit,
826 3123 973 3192 quod
997 3123 1265 3177 orationis
1288 3123 1538 3188 domum,
1556 3122 1747 3191 suique
1761 3122 1941 3179 Patris

350 3217 572 3269 domum
609 3214 922 3283 appellavit.
959 3232 977 3264 ι
1010 3213 1076 3267 Et
1107 3229 1215 3268 nou
1246 3217 1487 3278 sinebat,
1514 3216 1592 3267 ait
1614 3213 1851 3279 Marcus,
1881 3224 1940 3267 ut

351 3306 641 3374 quisquam
664 3304 984 3359 transferret
1000 3320 1093 3358 vas
1121 3319 1217 3374 per
1241 3305 1525 3374 templum,
1569 3324 1588 3357 ι
1611 3305 1806 3374 quibus
1841 3321 1938 3359 nos

351 3398 541 3455 docuit
566 3399 974 3450 venerationem
998 3396 1196 3450 divinis
1216 3397 1433 3464 templis
1448 3397 1711 3451 debitatn.
1744 3396 1938 3454 Crucis

352 3499 533 3545 autem
562 3489 789 3558 ﬁgurant
816 3491 1029 3558 signum
1061 3503 1220 3543 suum
1248 3489 1487 3552 vocavit,
1509 3498 1562 3543 et
1588 3500 1712 3544 ante
1739 3492 1940 3545 adven-

354 3592 469 3636 tum
492 3597 653 3634 suum
680 3583 1040 3649 posteriorem
1062 3595 1181 3635 eam
1204 3581 1490 3635 videndam
1509 3597 1629 3637 esse
1651 3584 1893 3651 pt':t:dixit
1921 3599 1934 3636 :

311 3736 316 3741 .
357 3692 375 3724 ι
419 3672 591 3736 Tunc,
624 3672 821 3740 inquit,
867 3674 1152 3741 apparebit
1188 3673 1404 3741 signum
1444 3672 1567 3726 Filii
1610 3674 1846 3727 hominis
1884 3675 1934 3727 itt

352 3766 513 3827 coelo,
556 3783 575 3818 ι
614 3765 664 3818 id
702 3774 786 3819 est
830 3780 988 3828 crux,
1018 3780 1182 3834 quam
1215 3766 1536 3833 imperatori
1571 3764 1935 3820 Constantino

353 3874 568 3913 sursum
595 3857 853 3923 ostendit,
881 3866 935 3911 et
990 3858 1071 3912 sic
1114 3873 1240 3912 eum
1290 3857 1356 3912 ad
1400 3857 1559 3913 (idem
1585 3874 1739 3913 suam
1777 3860 1934 3929 quasi

353 3966 519 4005 manu
554 3950 831 4020 perduxit,
860 3964 1024 4019 Quam
1060 3950 1223 4004 etiam
1249 3966 1414 4020 supra
1438 3938 1855 4005 COnstautinum
1882 3953 1932 4005 in

354 4043 532 4097 media
600 4041 689 4095 die
744 4042 1086 4095 monstravit.
1147 4041 1205 4096 lu
1269 4042 1369 4097 hac
1420 4058 1583 4096 crure
1631 4053 1683 4098 et
1733 4042 1933 4097 Paulus

350 4134 634 4204 gloiiatur,
691 4148 993 4203 ontuesque
1055 4135 1229 4189 sancti
1297 4136 1389 4204 qui
1440 4152 1547 4190 non
1615 4139 1934 4206 Spiritatiter

349 4236 583 4292 tantum,
609 4227 699 4283 sed
730 4236 785 4281 et
829 4227 1119 4282 visibiliter
1161 4242 1283 4281 eam
1326 4229 1619 4281 coluerunt
1642 4238 1695 4281 et
1726 4230 1934 4297 ample-

348 4319 460 4377 xati
490 4327 639 4373 sunt.
679 4317 907 4386 Ipseque
936 4318 1132 4371 Petrus
1170 4318 1314 4370 illam
1362 4318 1496 4386 pati,
1550 4318 1600 4371 id
1630 4327 1735 4383 est,
1781 4319 1926 4374 cruci

347 4408 492 4477 aﬂigi
518 4408 793 4476 cupiebat,
812 4407 958 4475 quod
980 4406 1277 4460 secundum
1301 4404 1603 4462 Salvatoris
1622 4408 1928 4475 praedictio-

349 4515 470 4556 nem
499 4499 758 4562 obtinuit,
795 4514 1003 4552 necnon
1027 4497 1272 4552 Andreas
1293 4499 1409 4568 ejus
1425 4499 1612 4564 frater,
1645 4500 1937 4572 exterique

347 4605 539 4646 omnes
572 4590 805 4660 apostoli
839 4600 892 4644 et
927 4599 1193 4660 martyres
1216 4590 1310 4659 qui
1348 4590 1454 4644 hoc
1477 4592 1690 4663 signum
1732 4592 1935 4647 Christi

346 4682 586 4752 sigillum
631 4681 997 4751 appellabant.
1045 4682 1354 4737 Tremenda
1391 4698 1516 4738 vero
1565 4693 1619 4738 et
1653 4686 1936 4740 salutifera

345 4776 719 4842 divinitusque
739 4774 863 4827 data
880 4774 1135 4843 mysteria
1162 4772 1365 4829 Paulus
1388 4775 1611 4829 tradidit
1629 4792 1751 4846 qua:
1770 4780 1887 4847 ipse
1904 4794 1934 4833 a

346 4868 576 4924 Domino
603 4868 833 4937 accepit.
852 4866 1113 4921 Dominus
1147 4868 1312 4921 etiam
1338 4883 1443 4922 non
1470 4868 1813 4925 solummodo
1837 4887 1936 4927 nos

343 4977 503 5016 orare
531 4961 714 5016 docuit
738 4959 996 5022 dicendo,
1018 4956 1183 5012 Pater
1211 4966 1409 5024 noster,
1431 4959 1525 5013 sed
1559 4971 1613 5014 ct
1641 4960 1776 5015 alias
1799 4974 1936 5030 quas

344 5056 447 5124 ipsi
474 5054 725 5109 dedecori
748 5053 969 5117 habent,
992 5066 1197 5120 preces
1231 5051 1511 5116 indicavit,
1539 5053 1687 5105 verbi
1714 5054 1885 5122 gratia
1916 5070 1930 5107 :

351 5165 369 5198 ι
395 5144 559 5211 Deus,
579 5143 849 5214 propitius
875 5152 993 5198 esto
1021 5142 1154 5196 tuihi
1185 5142 1484 5211 peccaturi,
1520 5161 1538 5195 ι
1561 5158 1671 5213 quo
1695 5144 1935 5199 salvatus

343 5247 428 5293 est
447 5237 773 5293 Publicanus
794 5255 809 5304 ;
834 5249 886 5292 et
908 5256 921 5293 :
953 5254 971 5288 ι
1002 5235 1228 5291 Peccavi
1249 5236 1302 5290 in
1319 5236 1518 5291 cmlum
1539 5245 1593 5291 et
1610 5251 1792 5290 coram
1816 5245 1928 5302 te;t

343 5338 399 5387 et
452 5331 696 5384 salvatus
733 5339 817 5385 est
849 5331 993 5386 illius
1035 5329 1320 5400 prodigus,
1355 5331 1558 5399 quippe
1595 5329 1758 5398 hujus
1782 5321 1932 5383 verbi

343 5423 518 5494 gratia
554 5433 840 5491 susceptus
865 5432 1096 5493 estpost
1142 5422 1559 5477 conversionem
1574 5430 1627 5474 et
1674 5421 1932 5474 reditum.

343 5515 411 5569 Et
444 5532 457 5570 :
485 5533 504 5566 ι
535 5512 802 5568 Memento
827 5515 957 5580 mei,
984 5515 1238 5581 Domine,
1257 5530 1381 5570 cum
1404 5513 1615 5568 veneris
1634 5515 1685 5568 in
1706 5528 1932 5584 regnum

343 5616 515 5671 tuum,
544 5626 562 5658 ι
587 5617 805 5677 propter
821 5607 965 5676 quod
985 5608 1124 5663 latro
1147 5609 1465 5679 paradisum
1489 5607 1721 5677 accepit.
1776 5607 1935 5664 Insu-

345 5712 439 5770 per
462 5708 646 5771 petere
668 5700 930 5759 debemus
953 5700 1007 5757 iu
1031 5702 1251 5759 nomine
1264 5702 1489 5768 Christi,
1515 5701 1658 5771 quod
1686 5699 1802 5771 ipse
1830 5700 1929 5757 do-

2042 1854 2237 1922 σμίους
2285 1856 2469 1918 ναοὺς,
2494 1857 2593 1918 τὰς
2624 1858 2773 1917 Θείας
2796 1857 2892 1910 τοῦ
2928 1858 3092 1927 νόμου
3126 1862 3221 1914 καὶ
3259 1863 3374 1917 τῶν
3408 1881 3621 1935 προφη-

2038 1948 2147 1999 τῶν
2170 1948 2413 2019 Γραφὰς,
2442 1953 2571 2017 τοὺς
2601 1953 2851 2019 δικαίους
2884 1959 3099 2023 πάντας
3148 1961 3244 2014 καὶ
3303 1961 3613 2033 μάρτυρας,

2042 2040 2307 2111 ίεράρχας
2340 2060 2399 2097 τε
2433 2045 2529 2099 καὶ
2560 2047 2779 2111 ὁσίους
2811 2052 2907 2103 καὶ
2957 2051 3152 2115 ἁπλῶς
3197 2053 3278 2118 είς
3328 2056 3510 2110 πάντα
3549 2058 3618 2111 τὰ

2040 2133 2194 2200 ἅγια,
2230 2138 2372 2191 κατὰ
2404 2139 2495 2192 τὸν
2545 2142 2865 2215 ἀποστάτην
2902 2148 3082 2201 Σατὰν
3130 2149 3226 2202 καὶ
3270 2151 3399 2215 τοὺς
3427 2151 3618 2222 δαίμο-

2040 2244 2159 2291 νας,
2197 2231 2260 2300 τῇ
2312 2232 2503 2285 τςύτου
2559 2236 2774 2305 κινήσει
2808 2238 2891 2300 εἰς
2965 2239 3058 2293 τὸν
3106 2240 3164 2294 ἑν
3204 2242 3396 2312 Τριάδι
3457 2244 3619 2313 μόνον

2040 2319 2191 2382 Θεξν,
2231 2322 2326 2375 καὶ
2373 2323 2467 2377 τοῦ
2508 2326 2683 2394 Λόγου
2729 2328 2828 2399 τὴν
2894 2330 3195 2400 σάρκωσιν,
3259 2334 3356 2387 καὶ
3409 2333 3479 2389 τὰ
3524 2335 3617 2389 τοῦ

2040 2410 2177 2465 Θεοῦ
2244 2416 2422 2467 πάντα
2469 2417 2577 2469 είσὶ
2639 2418 3094 2491 βλασφημοῦντες
3140 2423 3191 2476 οἱ
3240 2426 3468 2496 μιαροίο
3522 2430 3619 2481 καὶ

2038 2501 2213 2556 ταῦτα
2240 2504 2334 2556 τοῦ
2360 2507 2615 2578 Σωτῆρος
2646 2512 2828 2581 ἡμῶν,
2861 2515 2958 2567 καὶ
3015 2516 3125 2569 τῶν
3178 2517 3495 2573 ἀποστόλων
3524 2523 3617 2574 αὖ·-

2040 2592 2132 2645 τοῦ
2166 2596 2611 2663 παραδεδωκότος
2642 2601 2825 2671 ἔργοις
2885 2606 2981 2658 καὶ
3011 2607 3192 2675 λόγοις
3221 2609 3281 2663 τδ
3325 2611 3472 2664 θετον
3518 2613 3620 2682 βά·

2043 2702 2292 2755 πτισμα,
2321 2691 2417 2743 καὶ
2481 2694 2578 2758 τὴν
2612 2697 2846 2768 φρικτὴν
2892 2700 2983 2751 τοῦ
3016 2700 3263 2771 σώματος
3326 2703 3492 2759 αὑτοῦ
3525 2690 3618 2758 καὶ

2040 2779 2271 2846 αἵματος
2302 2784 2588 2836 κοινωνίαν
2616 2804 2673 2838 τε
2706 2790 2799 2840 καὶ
2828 2791 3170 2862 ἱερουργίαν,
3214 2798 3312 2848 καὶ
3342 2796 3410 2850 τὰ
3450 2797 3615 2861 λοιπά

2040 2871 2231 2926 τούτου
2285 2874 2403 2927 θεῖα
2457 2879 2770 2947 μυστήριαο
2835 2885 2931 2935 καὶ
2990 2884 3072 2937 ἔτι
3139 2888 3201 2939 οὐ
3259 2889 3358 2953 τδ,
3425 2889 3619 2958 Πάτερ

2040 2961 2231 3028 ἡμῶν,
2289 2964 2472 3032 μόνον,
2506 2967 2642 3021 ἀλλὰ
2699 2971 2792 3024 καὶ
2830 2972 3022 3042 ἐτέρας
3057 2977 3388 3047 προσευχὰς,
3444 2978 3511 3031 δι’
3542 2974 3618 3032 ὧν

2043 3055 2139 3106 καὶ
2205 3055 2372 3119 αὐτὸς
2434 3059 2572 3126 πρὸς
2636 3059 2731 3113 τὸν
2806 3063 3025 3135 Πατέρα
3086 3069 3465 3138 προσηύχετοθ
3519 3070 3620 3123 καὶ

2041 3144 2102 3197 τὸ
2155 3145 2517 3217 ἀποδέχεσθαι
2544 3150 2612 3204 τὰ
2644 3150 2740 3205 τοῦ
2802 3154 2968 3225 νόμου
3004 3174 3063 3209 τε
3094 3160 3189 3211 καὶ
3241 3159 3351 3212 τῶν
3402 3177 3620 3230 προφη-

2043 3236 2173 3301 τῶν,
2223 3240 2383 3310 χάριν
2444 3242 2609 3297 αὐτοῦ
2669 3250 3150 3317 προαγορευθὲντα
3211 3253 3302 3305 καλ⁵
3352 3253 3416 3306 τὸ
3469 3253 3623 3307 666e-

2044 3328 2170 3382 σθαι
2196 3330 2253 3382 δὲ
2280 3332 2403 3394 τοὺς
2435 3335 2616 3399 θείους
2671 3339 2855 3401 ναοὺς,
2912 3339 3022 3393 ἀπὸ
3068 3339 3162 3393 τοῦ
3225 3341 3376 3412 ἱεροῦ
3410 3343 3618 3397 ἐκείνου

2044 3419 2138 3473 τοῦ
2189 3421 2424 3477 παλαιοῦ
2455 3426 2615 3479 τοῦτο
2643 3428 3053 3497 ἀποδείξαντος,
3103 3432 3232 3487 ἔνθα
3266 3436 3393 3499 τοὺς
3427 3435 3622 3490 θεοκα-

2043 3512 2250 3577 πήλους
2280 3515 2525 3579 ἐκείνους
2585 3518 2835 3585 ἐξεδίωξε
2862 3524 3200 3594 φραγγελίῳ,
3248 3527 3343 3578 καὶ
3377 3544 3617 3595 προσευσ-

2044 3605 2146 3673 χῆς
2178 3600 2349 3670 οἶκον,
2384 3610 2481 3662 καὶ
2521 3610 2734 3681 Πατρὸς
2761 3614 2928 3668 αὑτοῦ
2960 3613 3111 3668 οἶκον
3133 3616 3325 3671 τοῦτον
3361 3620 3610 3674 ἐκάλεσε.

2047 3698 2157 3749 Kal
2181 3699 2281 3751 οὐκ
2324 3700 2478 3768 ﬁcte,
2506 3703 2692 3769 φησὶν,
2732 3705 2818 3757 ἵνα
2846 3723 2930 3769 τις
2963 3707 3155 3771 σκεῦος
3197 3708 3286 3760 διὰ
3336 3709 3431 3762 τοῦ
3464 3712 3615 3783 ίεροῦ

2043 3788 2350 3862 είσενέγκῃ,
2380 3792 2476 3861 τὴν
2511 3795 2645 3864 πρὸς
2682 3798 2808 3860 τοὺς
2838 3798 3012 3861 θείους
3064 3803 3223 3863 ναοὺς
3256 3803 3613 3875 ὀφειλομένην

2039 3877 2306 3931 διδάσκων
2344 3881 2653 3939 εὐλάϐειαν.
2683 3885 2793 3937 Kal
2824 3887 2914 3939 τὸν
2939 3890 3108 3942 τύπον
3134 3890 3189 3943 δὲ
3230 3891 3323 3944 τοῦ
3376 3895 3610 3962 σταυροῦ

2042 3974 2267 4039 σημεῖον
2336 3973 2533 4026 ἑαυτοῦ
2581 3974 2840 4028 ἐκάλεσεν
2871 3978 2898 4029 6
2960 3979 3176 4050 Σωτὴρ,
3217 3981 3309 4034 καὶ
3368 3984 3475 4051 πρὸ
3514 3983 3612 4053 τῆς

2044 4063 2353 4133 παρουσίας
2372 4064 2539 4117 αὐτοῦ
2559 4066 2657 4135 τῆς
2679 4067 2939 4138 δευτέρας
2955 4074 3187 4140 φανῆναι
3208 4075 3609 4144 προηγόρευσε,

2038 4154 2160 4207 τότε
2190 4158 2520 4224 φανήσεται,
2559 4156 2750 4225 είπὼν,
2783 4160 2845 4215 τὸ
2891 4166 3119 4231 σημεῖον
3170 4165 3265 4219 τοῦ
3322 4166 3454 4221 Υίοῦ
3514 4169 3609 4223 τοῦ

2039 4244 2329 4314 ἀνθρώπου
2362 4249 2419 4299 ὲν
2471 4249 2550 4318 τῷ
2605 4251 2840 4321 οὐρανῷ,
2876 4256 2903 4306 6
2958 4258 3188 4325 σταυρὸς
3247 4259 3511 4329 δηλονότι,
3555 4261 3614 4315 δν

2038 4338 2138 4391 καὶ
2191 4338 2268 4407 τῷ
2302 4342 2701 4416 Κωνσταντίνῳ
2747 4347 2959 4416 βασιλεῖ
3009 4350 3285 4417 ὑπέδειξεν
3338 4354 3472 4415 ἄνω,
3520 4356 3612 4406 καὶ

1961 4452 2014 4509 υ
2041 4426 2179 4496 πρὸς
2209 4429 2308 4496 τὴν
2330 4430 2496 4484 αὐτοῦ
2531 4434 2717 4488 πίστιν
2743 4437 3179 4510 ἐχειραγὼγησε.
3213 4444 3304 4495 καὶ
3334 4443 3425 4495 ἐπὶ
3460 4445 3615 4497 Κων-

2044 4519 2323 4573 σταντίνου
2363 4521 2423 4572 ὲν
2457 4523 2672 4594 οὐρανῷ
2708 4528 2767 4580 ἐν
2813 4529 2954 4600 μέσῃ
3017 4531 3215 4593 ἔδειξεν
3272 4533 3477 4605 ἡμέρᾳ.
3523 4535 3613 4587 Ἐν

2042 4609 2219 4681 τούτῳ
2279 4611 2337 4664 δὲ
2366 4613 2442 4682 τῷ
2487 4617 2708 4688 σταυρῷ
2758 4620 2854 4672 καὶ
2919 4620 3127 4684 Παῦλος
3177 4625 3468 4694 καυχᾶται,
3519 4628 3616 4679 καὶ

2039 4704 2241 4766 πάντες
2272 4705 2440 4771 ἆγιοι,
2466 4706 2527 4758 οὐ
2563 4709 2772 4777 νοητῶς
2794 4712 2982 4779 μόνον,
3018 4713 3155 4767 ἀλλὰ
3185 4717 3278 4768 καὶ
3331 4718 3610 4789 αἰσθητῶς

2037 4794 2203 4846 αὑτὸν
2224 4796 2495 4864 τιμῶντες
2526 4800 2619 4852 καὶ
2647 4799 3061 4873 ἀσπαζόμενον
3115 4809 3210 4859 καὶ
3255 4808 3460 4880 Πέτρος
3517 4810 3613 4861 αὐ-

2037 4883 2152 4948 τὸς,
2181 4885 2341 4939 τοῦτο
2367 4886 2605 4958 ζητήσας
2636 4891 2850 4958 παθεῖν,
2915 4896 2975 4947 τὸ
3010 4900 3418 4968 σταυρωθῆναι,
3448 4901 3475 4953 ὃ
3514 4902 3610 4953 καὶ

2040 4976 2197 5046 παρὰ
2222 4978 2316 5031 τοῦ
2371 4981 2622 5051 Σωτῆρος
2654 4986 3062 5057 προαγόρευσιν
3103 4991 3293 5059 εἴληφε
3321 5007 3336 5021 ⁸
3363 4994 3455 5045 καὶ
3489 4992 3609 5044 Ἀν-

2037 5068 2200 5140 δρέας
2249 5074 2275 5122 ὁ
2305 5071 2497 5125 τούτου
2554 5074 2803 5153 ἁδελφὸς,
2848 5078 2939 5131 καὶ
2996 5079 3235 5134 πλεῖστοι
3293 5082 3440 5135 ἄλλοι
3502 5084 3613 5139 τῶν

2040 5161 2360 5214 ἀποστόλων
2386 5164 2482 5216 καὶ
2506 5166 2825 5237 μαρτύρων.
2878 5171 2990 5227 Καὶ
3049 5172 3320 5243 σφραγῖδα
3371 5174 3613 5244 Χριστοῦ

2039 5252 2135 5303 καὶ
2166 5254 2392 5320 σημεῖον
2423 5254 2615 5308 τοῦτον
2669 5257 2981 5328 ὠνόμαζον,
3018 5264 3101 5317 Τὰ
3161 5266 3365 5335 φρικτὰ
3399 5265 3457 5319 δὲ
3516 5266 3618 5319 καὶ

2038 5342 2284 5410 σωτήρια
2345 5345 2437 5396 καὶ
2481 5343 2854 5413 θεοπαράδοτα
2918 5355 3196 5424 μυστήρια
3244 5357 3341 5410 καὶ
3400 5355 3617 5419 Παῦλος

2040 5435 2359 5502 παρέδωκεν
2392 5438 2555 5501 αὐτὸς
2582 5440 2761 5493 λαϐὼν
2783 5442 2894 5496 ἀπὸ
2923 5444 3018 5497 τοῦ
3047 5448 3279 5517 Κυρίου.
3325 5447 3383 5502 '0
3407 5448 3615 5519 Κύριος

2036 5526 2093 5580 δὲ
2141 5526 2216 5597 μὴ
2249 5527 2412 5596 μόνον
2434 5531 2841 5602 προοεῦχεσθαι
2865 5536 2968 5605 τὴν
3002 5535 3120 5603 τοῦ,
3154 5556 3173 5589 ι
3206 5539 3391 5611 Πάτερ
3414 5541 3611 5611 ήμῶν,

2035 5620 2063 5670 6
2093 5619 2151 5670 ὲν
2173 5622 2283 5681 τοῖς
2309 5623 2579 5692 οὐρανοῖς,
2612 5644 2630 5699 ι
2656 5625 2940 5696 παρέδωκε
2966 5629 3073 5698 16
3116 5632 3451 5704 προσευχὴν,
3477 5632 3615 5687 ἀλλὰ

2039 5709 2131 5759 καὶ
2173 5707 2384 5777 ἑτέρας,
2433 5710 2497 5775 ἃς
2558 5714 2711 5767 αὐτοὶ
2774 5716 3171 5787 ἀτιμάζουσιν·
3228 5720 3304 5784 ὡς
3359 5720 3445 5793 τὸ,
3478 5738 3498 5772 ι
3549 5716 3613 5773 '0
