4040 6202
361 252 430 315 69
1421 253 1807 316 DIALOGUS
1838 253 2139 316 CONTRA
2172 254 2564 320 Hi‘ERESES.
3560 271 3630 332 70

361 364 516 428 Θεὸς,
551 363 802 432 ίιλάσθητί
834 381 926 433 μοι
961 364 1038 436 τῷ
1079 364 1412 438 ἁμαρτωλῷ,
1464 387 1482 420 ι
1513 369 1581 422 δι’
1638 368 1700 421 οὗ
1751 369 1936 438 ἐσώθη

2055 371 2160 425 cuit
2181 372 2233 426 in
2258 382 2372 428 toto
2392 373 2690 444 Evangelia
2715 391 2729 441 ;
2754 390 2938 432 verum
2961 388 3243 447 precantes
3267 394 3390 435 cum
3407 380 3506 435 ﬁde
3539 399 3633 452 pe-

360 456 600 522 τελώνης
623 473 638 487 ·
672 457 869 521 καὶτὸ,
913 475 933 509 ι
973 457 1260 528 Ἥμαρτον
1315 461 1397 524 είς
1430 461 1521 514 τὸν
1561 461 1792 532 οὐρανὸν
1840 463 1938 515 καὶ

361 549 588 602 ἐνώπιόν
618 566 736 612 σου,
784 569 803 601 ›
840 548 909 602 δι’
943 549 1004 602 οὗ
1047 549 1228 621 ὲσώθη
1259 553 1287 605 ὁ
1321 550 1532 616 ἄσωτος
1557 570 1573 585 ⁸
1609 553 1773 623 χάριν
1838 554 1938 624 τῆς

363 640 546 707 φωνῆς
586 640 791 708 ταύτης
819 641 930 710 γὰρ
952 642 1294 712 προτεδέχθη
1326 642 1467 713 μετὰ
1493 646 1829 715 ἐπιστροφῆς
1876 661 1934 696 τε

363 733 458 784 καὶ
484 731 903 814 ταπεινώσεως’
948 734 1045 785 καὶ
1079 733 1161 799 τδ,
1204 753 1223 786 ι
1269 736 1556 807 Μνήσθητί
1583 753 1707 806 μου,
1740 737 1937 806 Κύριε,

361 825 488 876 ὅταν
519 824 676 894 ἔλθῃς
703 827 762 878 ὲν
798 827 866 895 τῇ
896 824 1145 896 βασιλείᾳ.
1202 843 1321 889 σου,
1359 845 1377 878 ι
1417 826 1484 880 δι’
1513 820 1575 880 οὗ
1632 827 1661 878 ὁ
1717 827 1929 899 λῃστὴς

361 916 454 968 τὸν
488 917 821 986 παράδεισον
848 917 1012 970 ἔλασε
1035 935 1048 949 ·
1079 920 1176 972 καὶ
1204 918 1265 971 τὸ
1318 919 1590 972 αἰτεῖσθαι
1648 919 1703 972 δὲ
1753 921 1811 971 ὲν
1865 918 1942 988 τῷ

361 1008 588 1074 ὀνόματι
610 1008 703 1062 τοῦ
719 1008 998 1080 -Χριστοῦ,
1026 1010 1162 1080 ὅπερ
1188 1011 1351 1073 αὐτὸς
1382 1011 1450 1064 δι’
1471 1011 1596 1065 ὅλου
1622 1009 1718 1064 τοῦ
1755 1009 1939 1078 Εὐαγ-

361 1101 548 1168 γελίου
580 1101 826 1164 ἐδίδαξε·
880 1103 977 1157 καὶ
1035 1103 1095 1154 τὸ
1143 1102 1617 1173 προσευχομένους
1665 1103 1938 1156 αίτείσθαι

364 1193 505 1259 μετά
540 1194 776 1254 πίστεως
830 1195 925 1246 καί⁵
977 1192 1278 1262 λαμϐάνειν
1307 1209 1320 1224 ·
1384 1193 1480 1246 καὶ
1520 1193 1684 1246 αὑτοῦ
1739 1193 1805 1263 δὴ
1845 1192 1938 1246 τοῦ

359 1283 604 1351 Χριστοῦ
639 1284 869 1338 πλεῖστα
894 1286 992 1338 καὶ
1020 1279 1252 1355 πρὸτῆς
1297 1285 1610 1356 Διαθήκης,-
1645 1286 1738 1338 καὶ
1768 1288 1824 1338 ὲν
1871 1289 1938 1356 τῇ

362 1377 611 1449 Διαθήκῃ
639 1377 1110 1447 προσευξαμένου,
1158 1379 1255 1431 καὶ
1286 1379 1558 1431 αἰτεῖσθαι
1594 1379 1688 1432 καὶ
1722 1379 1938 1445 λαμϐά-

360 1486 478 1522 νειν
511 1471 653 1538 ἡμᾶς
687 1469 1131 1538 ἐγγυησαμένου,
1163 1471 1258 1524 καὶ
1285 1471 1462 1524 πάντα
1489 1472 1588 1523 ὅσα
1646 1471 1713 1524 ἂν
1764 1473 1822 1524 ὲν
1872 1473 1937 1540 τῇ

361 1565 638 1632 προσευχῇ
695 1561 996 1632 αἰτώμεθα,
1043 1565 1398 1626 πιστεύοντας
1446 1564 1745 1633 λαμϐάνειν
1791 1564 1940 1617 διδά-

365 1650 593 1715 ξαντοςο
618 1652 714 1704 καὶ
772 1653 880 1706 τῶν
920 1654 1238 1707 ἀποστόλων
1283 1654 1442 1708 τοῦτο
1488 1655 1936 1726 διενεργούντων,

363 1746 459 1796 καὶ
512 1745 572 1797 οὗ
640 1743 805 1814 μόνον
858 1745 942 1811 τὸ,
981 1746 1170 1815 Πάτερ
1229 1747 1419 1815 ἡμῶν,
1470 1750 1941 1818 προσευχομένων,

360 1837 500 1890 ἀλλά
531 1839 621 1889 καὶ
659 1837 860 1906 μυρίας
887 1838 1054 1902 ἄλλας
1081 1839 1266 1908 εὐχὰς,
1335 1839 1411 1901 ὠς
1452 1841 1549 1892 καὶ
1607 1840 1666 1891 ὲν
1725 1841 1791 1908 τῇ
1846 1839 1940 1892 τοῦ

360 1929 610 1983 Ματθίου
641 1930 843 2000 ἐκλογῇ
903 1931 1198 1988 δείκνυται.
1247 1931 1356 1984 Καὶ
1387 1934 1447 1986 ὲν
1494 1933 1569 2002 τῷ
1601 1934 1942 2003 ὑποστρέψαι

363 2022 494 2084 τοὺς
521 2023 855 2086 ἀποστόλους
884 2021 1149 2093 δαρέντας
1175 2023 1281 2077 ὑπὸ
1303 2025 1408 2077 τῶν
1441 2024 1742 2090 Ἰουδαίων,
1772 2027 1859 2080 ὅτε
1877 2028 1938 2079 οὐ

363 2113 450 2177 τὸ,
488 2114 678 2180 Πάτερ
727 2113 931 2182 ἡμῶν,
979 2101 1384 2184 προσεύξασθαι
1437 2116 1766 2181 δείκνυνται,
1826 2118 1940 2170 ἀλλ’

361 2203 561 2274 ἑτέραν
618 2206 685 2272 ἣν
720 2203 996 2272 γράφουσι
1059 2205 1368 2274 προσευχὴν
1426 2205 1484 2256 αἱ
1531 2204 1786 2273 Πράξεις,
1846 2204 1940 2257 καὶ

363 2294 719 2364 ἐπλήσθησαν
751 2295 910 2363 ἀγίου
938 2295 1282 2364 Πνεύματος,
1319 2297 1414 2350 καὶ
1467 2295 1737 2362 ἐσαλεύθη
1787 2297 1814 2346 ὁ
1847 2295 1937 2348 τό·

366 2404 473 2449 πος
498 2389 556 2440 ἐν
591 2381 746 2458 ᾧπερ
792 2387 1144 2458 εἱστήκεσαν,
1197 2390 1293 2441 καὶ
1342 2388 1422 2440 ἔτι
1471 2388 1731 2448 πλείστας
1773 2386 1940 2450 ἄλλας

365 2480 680 2550 προσευχὰς
709 2482 1084 2551 πεποιήκεσαν
1101 2475 1249 2534 οὗτοι
1275 2497 1289 2512 ⁸
1312 2481 1405 2534 καὶ
1428 2481 1488 2533 τὸ
1521 2481 1608 2533 διὰ
1628 2480 1720 2533 τοῦ
1747 2480 1944 2550 ὀνόμα-

363 2583 457 2630 τος
497 2567 553 2620 δὲ
580 2567 673 2621 τοῦ
699 2569 906 2640 Κυρίου
937 2569 1092 2640 ἡμῶν
1121 2571 1298 2639 Ἰησοῦ
1326 2570 1424 2633 τὰς
1445 2569 1775 2640 θεοσημείας
1805 2573 1940 2640 μᾶ).-

365 2660 671 2724 λοναύτοὺς
695 2663 961 2730 ἐνεργεῖν·
983 2662 1076 2715 καὶ
1121 2663 1214 2717 τοῦ
1237 2663 1442 2733 Κυρίου
1483 2663 1545 2716 ού
1589 2663 1748 2732 μόνον
1781 2679 1950 2734 προσ-

2050 471 2256 531 tamus,
2271 473 2326 520 et
2349 466 2684 536 accipiemus
2710 485 2724 534 ;
2747 483 2872 523 nam
2898 469 3150 526 Christus
3173 470 3287 540 ipse
3307 472 3459 540 plura
3480 475 3630 542 prius

2044 573 2205 629 quam
2227 559 2634 614 Testamentum
2664 573 2841 618 morte
2862 563 3105 619 lirmaret
3129 575 3183 620 et
3209 566 3261 619 in
3294 565 3411 635 ipsa
3436 567 3632 622 mortis

2047 647 2182 702 hora
2215 648 2394 718 petiit,
2425 656 2481 703 et
2511 665 2611 704 nos
2639 661 2960 721 accepturos
2980 655 3253 722 promisit,
3279 658 3440 710 modo
3464 659 3635 726 petie-

2045 738 2237 804 rimus,
2255 739 2548 808 omniaque
2567 756 2904 812 quacuuque
2946 745 2999 797 in
3024 747 3270 799 oratione
3288 748 3629 816 petierimus,

2044 842 2145 885 nos
2164 830 2450 887 credentes
2469 841 2790 901 accepturos
2812 834 3020 890 docuit.
3043 836 3199 902 Quod
3221 840 3451 906 apostoli
3497 849 3652 909 quo-'

2045 935 2150 988 que
2171 918 2438 989 fecerunt,
2463 923 2556 992 qui
2582 940 2686 978 non
2713 935 2920 980 tantum
2946 926 3106 981 Pater
3138 939 3316 983 noster
3346 941 3632 999 precnntes

2044 1011 2327 1077 dixerunt,
2352 1014 2445 1069 sed
2471 1024 2525 1069 et
2552 1028 2838 1073 sexcentos
2870 1035 3060 1088 preces
3086 1021 3243 1083 alias,
3266 1032 3428 1090 prout
3477 1037 3631 1077 mon-
3697 1065 3718 1074 -

2045 1112 2274 1158 stratum
2296 1104 2349 1158 in
2370 1105 2633 1160 electione
2653 1107 2908 1175 Matthiae,
2935 1113 3017 1164 vol
3033 1112 3194 1164 etiam
3213 1114 3430 1182 quando
3451 1129 3635 1170 rever-

2046 1196 2090 1250 si
2106 1205 2232 1252 sunt
2257 1199 2488 1267 apostoli
2510 1215 2538 1253 a
2551 1200 2754 1255 Judaeis
2769 1203 2966 1270 pressi;
2987 1213 3097 1256 tum
3113 1204 3258 1258 enim
3281 1201 3538 1272 scriptum
3553 1217 3637 1262 est

2045 1304 2139 1344 eos
2163 1290 2430 1355 oravisse,
2463 1306 2570 1346 non
2599 1293 2829 1346 dicendo
2850 1295 3092 1363 quidem,
3123 1295 3282 1348 Pater
3300 1307 3500 1361 noster,
3539 1297 3634 1351 sed

2045 1379 2205 1433 aliaat
2230 1381 2534 1436 orationem
2554 1399 2716 1453 quam
2737 1385 2978 1438 referunt
3001 1386 3190 1453 Actus,
3215 1400 3266 1442 et
3293 1390 3480 1456 repleti
3503 1400 3634 1443 sunt

2047 1469 2258 1539 Spiritu
2281 1482 2491 1536 sancto,
2515 1482 2568 1527 et
2586 1479 2911 1530 contremuit
2928 1477 3124 1531 domus
3151 1478 3200 1531 in
3222 1495 3384 1547 quam
3402 1468 3633 1549 ingressi

2045 1561 2610 1637 fuerant,multasquc
2641 1569 2818 1623 adhuc
2849 1570 2984 1624 alias
3014 1571 3099 1624 isti
3141 1570 3388 1626 fecerunt
3435 1574 3636 1628 oratio-

2047 1671 2166 1710 nes.
2197 1655 2465 1712 I‘razterea
2496 1659 2547 1712 in
2572 1660 2796 1714 nomine
2836 1658 2964 1716 Jesu
3007 1662 3222 1717 Domini
3251 1665 3420 1718 nostri
3448 1665 3631 1718 divina

2051 1749 2224 1818 magis
2258 1751 2364 1819 ipsi
2417 1751 2622 1820 operati
2679 1761 2808 1805 sunt
2862 1753 3172 1821 miracula;
3211 1763 3264 1809 et
3319 1771 3427 1810 non
3456 1757 3631 1810 solum

2051 1838 2313 1894 Dominus
2347 1855 2535 1910 preces
2572 1842 2912 1911 hymnosque
2956 1845 3172 1899 tradidit
3210 1861 3228 1910 ;
3262 1851 3523 1915 scriptum
3552 1854 3638 1900 est

2046 1932 2192 1987 enim
2227 1933 2282 1986 in
2323 1922 2618 2001 Evanigelio
2666 1952 2681 1989 :
2725 1951 2742 1985 ι
2785 1935 2846 1988 Ει
2900 1935 3101 2004 hymno
3161 1936 3329 2001 dicto,
3387 1938 3637 1989 exierunt

2054 2024 2110 2078 in
2138 2035 2378 2080 montem
2401 2024 2514 2080 Olis
2529 2039 2683 2079 arum
2710 2041 2725 2092 ;
2767 2045 2784 2076 ι
2820 2027 2913 2080 sed
2945 2027 3046 2095 ipsi
3077 2027 3251 2096 angeli
3281 2035 3334 2080 et
3392 2036 3638 2096 pastores

2045 2117 2150 2172 hoc
2212 2117 2579 2171 exhibuerunt
2610 2118 2662 2171 in
2694 2117 2978 2171 nativitate
3037 2117 3334 2172 Salvatoris
3388 2118 3632 2184 Christi;

2047 2207 2226 2275 angeli
2288 2207 2529 2276 quidem,
2563 2222 2687 2262 cum
2751 2207 3108 2261 cecinerunt:
3145 2225 3164 2258 ι
3199 2206 3382 2260 Gloria
3439 2208 3491 2260 in
3544 2223 3640 2262 ex-

2054 2298 2216 2353 celsis
2237 2295 2379 2362 Deo;
2415 2315 2434 2348 »
2471 2307 2718 2365 pastores
2737 2305 2918 2350 autem
2947 2295 3314 2365 gloriﬁcantes
3335 2306 3385 2350 et
3413 2295 3654 2354 Iaudan-.

2051 2398 2132 2445 tes
2161 2390 2326 2444 Deum
2347 2389 2399 2443 in
2419 2389 2675 2444 omnibus
2691 2387 3119 2458 quaenudierant
3137 2397 3189 2442 et
3203 2388 3448 2442 viderant
3470 2404 3485 2453 ;
3511 2403 3644 2458 apud

2051 2480 2175 2537 stoli
2200 2496 2328 2536 vero
2353 2481 2421 2534 ita
2451 2479 2696 2536 fecerunt
2722 2489 2846 2550 post
2871 2481 3264 2535 Ascensionent
3317 2480 3550 2544 Domini,
3581 2490 3642 2534 ut

2051 2575 2316 2642 scriptum
2346 2581 2428 2627 est
2459 2572 2512 2625 in
2556 2571 2888 2641 Evangelio:
2927 2590 2944 2624 ι
2976 2569 3164 2637 Erant,
3197 2569 3395 2640 inquit.
3426 2583 3643 2639 semper

2058 2665 2112 2719 in
2142 2663 2360 2732 templo,
2391 2663 2674 2717 laudantes
2689 2671 2744 2716 et
2769 2662 3150 2716 benedicentes
3179 2661 3369 2714 Deum.
3389 2663 3582 2714 Amen.
3615 2679 3635 2712 ι

367 2757 536 2826 ευχάς
576 2759 673 2812 καὶ
725 2758 929 2830 ὕμνους
964 2761 1428 2831 παραδεδωκότος,
1481 2780 1500 2812 ι
1544 2762 1912 2832 ’Υμνησαντες
1938 2781 1958 2814 ι
1994 2763 2125 2833 γὰρ,
2151 2761 2317 2830 φησιν
2343 2761 2400 2813 ἐν
2423 2760 2499 2830 τῷ
2532 2759 2869 2828 Εὐαγγελίῳ,
2899 2777 2920 2809 ε
2949 2758 3171 2828 ἐξῆλθον
3193 2759 3273 2820 είς
3296 2759 3355 2810 τὸ
3383 2759 3506 2828 ὅρος
3527 2757 3636 2811 τῶν

367 2849 623 2916 Ἐλαιῶν,
656 2870 674 2902 ι
701 2852 836 2906 ἀλλὰ
858 2852 914 2906 δὲ
943 2856 1036 2908 καλ⁸
1058 2854 1164 2906 τῶν
1185 2854 1434 2922 ἀγγέλων
1469 2855 1565 2908 καὶ
1595 2856 1870 2919 ποιμένων
1901 2854 2060 2909 τοῦτο
2080 2853 2515 2925 παραδειξάντων
2531 2853 2586 2904 ὲν
2615 2855 2681 2922 τῇ
2706 2852 2958 2918 γεννήσει
2979 2850 3072 2902 τοῦ
3097 2851 3346 2919 Σωτῆρος
3376 2850 3637 2920 Χριστοῦ,
3731 2901 3742 2919 ι

368 2941 619 3012 ἀγγέλων
646 2945 746 3015 μὲν
768 2945 849 3010 τὸ,
872 2963 890 2996 ι
918 2944 1054 3010 Δόξα
1078 2946 1136 2998 ὲν
1161 2946 1408 3017 ὑψίστοις
1433 2947 1572 3017 Θεῷ,
1607 2967 1626 3000 ι
1654 2948 2100 3017 δοξολογούντων,
2119 2947 2392 3016 ποιμένων
2411 2945 2467 2998 δὲ
2488 2945 2780 2998 αἰνούντων
2801 2945 2897 2997 καὶ
2915 2942 3246 3007 δοξαζόντων
3276 2943 3368 2996 τὸν
3389 2944 3520 2996 Θεὸν
3545 2946 3640 2998 ἐπὶ

371 3041 538 3093 πᾶσιν
567 3034 649 3100 οἷς
682 3040 924 3110 ῆκουσαν
952 3039 1048 3091 καὶ
1068 3033 1213 3092 είδον
1232 3053 1246 3068 ⁸
1281 3038 1377 3092 καὶ
1411 3039 1519 3092 τῶν
1544 3039 1862 3093 ἀποστόλων
1888 3037 2046 3092 τοῦτο
2075 3037 2374 3092 ποιούντων
2395 3037 2531 3106 μετὰ
2561 3037 2657 3106 τὴν
2691 3036 2962 3105 ἀνάληψιν
2987 3034 3082 3088 τοῦ
3116 3036 3342 3106 Κυρίου,
3376 3038 3453 3099 ὡς
3477 3039 3534 3092 ὲν
3559 3037 3640 3112 τῷ

373 3131 702 3201 Εὑαγγελίῳ
733 3131 1065 3200 γέγραπται·
1094 3147 1114 3182 ι
1146 3130 1274 3184 Ὀτι
1296 3137 1392 3184 καὶ
1418 3125 1560 3200 ἦσαν
1592 3131 1682 3186 διὰ
1703 3131 1905 3196 παντὸς
1926 3133 1986 3186 ὲν
2009 3131 2088 3201 τῷ
2115 3129 2265 3201 ἱερῷ,
2295 3127 2573 3192 αἰνοῦντες
2595 3129 2688 3180 καὶ
2710 3126 3062 3195 εὐλογοῦντες
3083 3127 3176 3180 τὸν
3195 3126 3353 3182 Θεόν.
3379 3128 3437 3182 Ἀ
3449 3132 3581 3202 μην.
3615 3170 3634 3203 ,

467 3219 629 3280 Οὗτοι
702 3223 797 3277 οὖν
877 3226 1058 3288 πάσας
1131 3224 1233 3289 τάς
1322 3226 1642 3296 προσευχὰς
1713 3225 1944 3291 ταύτας,

2124 3226 2294 3294 Igitur
2319 3224 2397 3279 illi
2441 3222 2728 3294 (haeretici)
2757 3236 2953 3277 omnes
3006 3221 3144 3276 istas
3173 3236 3368 3290 preces
3394 3223 3642 3279 divinos-

372 3317 470 3370 καὶ
511 3319 638 3378 τοὺς
669 3315 844 3378 θείους
871 3314 1221 3370 ἀποσείονται
1286 3313 1511 3385 ὕμνους.
1577 3318 1689 3371 Καὶ
1720 3317 1800 3382 τὸ,
1835 3315 1954 3370 Πὰ‹

373 3425 476 3476 τερ
528 3406 724 3477 ἡμῶν,
779 3406 942 3477 μόνον
998 3409 1077 3470 τίς
1135 3406 1397 3476 ἀθέτησιν
1455 3408 1564 3461 τῶν
1609 3408 1786 3464 ἄλλων
1863 3407 1952 3460 δέ·

369 3518 561 3570 χονται
589 3501 772 3570 δῆθεν.
827 3499 988 3553 una
1039 3499 1136 3553 καὶ
1183 3499 1296 3553 τῶν
1361 3501 1657 3571 προφητῶν
1706 3502 1800 3554 καὶ
1855 3499 1951 3554 τοῦ

369 3591 656 3651 Μωῦσέως
686 3591 811 3654 τοὺς
850 3589 1069 3654 ἐνθέους
1110 3589 1322 3658 λόγους,
1361 3591 1457 3644 καὶ
1480 3589 1574 3643 τοῦ
1610 3591 1774 3644 Δαὸὶδ
1816 3591 1945 3654 τοὺς

371 3683 670 3752 πανιέρους
719 3681 969 3752 ψαλμοὺς
1031 3681 1438 3752 ἀποδεχομένου
1494 3682 1588 3737 τοῦ
1659 3685 1949 3754 Σωτῆρος,

373 3775 436 3824 ὲν
473 3772 556 3841 τῷ
585 3772 766 3839 λέγειν
797 3771 858 3824 τὸ
888 3772 1030 3839 ἱερὸν
1055 3772 1392 3839 Εὐαγγέλιον
1444 3775 1573 3844 περὶ
1619 3774 1783 3827 αὐτοῦ
1806 3814 1822 3838 ,
1871 3777 1953 3828 ὅτι

376 3877 397 3912 ι
441 3861 556 3913 Καὶ
579 3860 885 3930 ἀρξάμενος
944 3861 1053 3913 ἀπὸ
1092 3862 1375 3925 Μωῦσέως
1419 3864 1516 3915 καὶ
1555 3863 1664 3915 ἀπὸ
1729 3864 1950 3917 πάντων

364 3952 488 4004 τῶν
531 3954 852 4022 προφητῶν,
876 3953 1246 4022 διηρμήνευεν
1295 3955 1477 4017 αὐτοῖς
1499 3955 1558 4007 ὲν
1587 3955 1795 4016 πάσαις
1828 3958 1948 4013 ταῖς

369 4045 625 4114 Γραφαῖς
681 4044 752 4098 τὰ
800 4044 930 4115 περὶ
963 4045 1199 4099 έαυτοῦυ
1245 4064 1264 4096 ι
1321 4047 1414 4100 καὶ
1448 4046 1616 4100 αὑτοῦ
1677 4047 1950 4114 λέγοντος,

376 4156 398 4189 ι
425 4129 593 4191 Οὗτοι
631 4137 682 4188 οἱ
707 4136 856 4206 λόγοι
887 4135 982 4200 οὒς
1011 4136 1251 4206 ἐλάλησα
1279 4139 1416 4207 πρὸς
1444 4138 1588 4208 ὑμᾶς
1617 4137 1699 4192 ἔτι
1729 4138 1804 4192 ὢν
1846 4140 1948 4192 σὺν

371 4228 531 4297 ὑμῖν,
563 4227 646 4280 ὅτι
666 4227 746 4279 δεῖ
769 4225 1130 4297 πληρωθῆναι
1163 4226 1346 4281 πάντα
1375 4229 1444 4280 τὰ
1488 4229 1856 4298 γεγραμμένα
1892 4230 1951 4280 ὲν

366 4319 454 4388 τῷ
487 4319 634 4388 νόμῳ
671 4319 915 4380 Μωσέως
947 4320 1040 4371 καὶ
1073 4320 1386 4389 προφήταις
1420 4320 1514 4372 καὶ
1561 4319 1796 4390 ψαλμοῖς
1821 4319 1954 4390 περὶ

367 4409 538 4480 ἐμοῦ,
580 4428 599 4460 ι
634 4403 783 4463 οὗτοι
853 4409 1068 4474 ἀσεϐῶς
1117 4410 1367 4463 ἀθετοῦσι
1415 4409 1628 4464 ταῦτα’
1676 4411 1771 4464 καὶ
1824 4413 1953 4481 περὶ

367 4505 489 4558 τῶν
542 4504 715 4572 ἁγίων
771 4505 1193 4574 είκονισμάτων,
1249 4505 1311 4558 ού
1349 4505 1440 4558 τοῦ
1500 4507 1748 4570 Μωσέως
1786 4507 1950 4573 μόνον

370 4597 846 4667 νομοθετήσαντος
902 4597 1172 4666 τιμᾶσθαι
1249 4595 1423 4650 ταῦτα
1475 4599 1565 4652 διὰ.
1613 4598 1722 4652 τῶν
1772 4601 1830 4650 ὲν
1887 4601 1952 4669 τῇ

375 4694 558 4762 σκηνῇ
585 4692 675 4745 καὶ
706 4693 772 4761 τῇ
800 4689 1024 4759 κιϐωτῴ
1063 4690 1335 4759 οὐρανίων
1399 4691 1827 4760 ὲκμιμημάτων,
1876 4693 1957 4753 είς

370 4785 552 4838 τύπον
577 4784 686 4852 γάρ
705 4779 848 4854 ἦσαν
899 4783 1082 4836 ἐκεῖνα
1111 4781 1204 4835 τοῦ
1244 4782 1502 4852 ούρανοῦ,
1539 4783 1677 4836 ἀλλά
1728 4783 1822 4835 καὶ
1869 4783 1959 4836 διὰ

369 4877 490 4928 τῶν
527 4873 781 4940 γλυπτῶν
821 4875 931 4925 τῶν
980 4874 1167 4926 ἐπάνω
1211 4876 1310 4943 τῆς
1350 4873 1590 4926 κιϐωτοῦ
1648 4861 1916 4944 χερουὸίμ
1941 4891 1956 4906 ο

375 4968 462 5019 ἔτι
489 4967 547 5019 δὲ
572 4965 784 5018 καὶτοῦ
819 4965 968 5018 θείου
1027 4964 1244 5018 Παύλου
1299 4966 1474 5018 ταῦτα
1515 4966 1951 5034 ἀποδεχομένου,

368 5062 469 5114 καὶ
499 5058 726 5130 πρώτην
753 5058 959 5128 σκηνὴν
985 5057 1165 5114 ταῦτα
1223 5058 1535 5124 καλοῦντος,
1569 5059 1664 5111 καὶ
1698 5059 1765 5111 τὰ
1820 5059 1957 5124 ἐξώ-

366 5170 513 5223 τερα
548 5152 648 5222 μὲν
666 5151 821 5220 ἅγια,
854 5152 922 5204 τὰ
954 5151 1210 5218 ὲνδὸτερα
1243 5150 1300 5202 δὲ
1334 5150 1504 5217 ’Ἅγια
1534 5150 1731 5216 ἁγίων.
1752 5151 1858 5202 Καὶ
1891 5151 1958 5206 τὰ

365 5247 598 5314 γλυπτᾶ
629 5244 683 5296 δὲ
713 5244 802 5296 διὰ
829 5245 886 5296 τδ
922 5243 1084 5296 θείων
1112 5243 1315 5304 τύπους
1343 5239 1509 5306 εἶναι,
1536 5246 1630 5297 καὶ
1669 5244 1731 5295 οὐ
1766 5242 1960 5312 δαιμο-

364 5337 548 5392 νικῶν
575 5335 834 5401 εἰδώλων,
886 5335 918 5404 ἦ
972 5333 1305 5405 ἀστέρων,ἢ
1368 5339 1684 5404 κτισμάτων
1729 5334 1954 5399 λοιπῶν,

362 5429 553 5484 ταῦτα
601 5427 711 5497 γάρ
769 5426 945 5497 μιαρά
997 5428 1094 5478 καλ⁵
1143 5425 1455 5495 πανασεθῆ,
1490 5425 1606 5478 ἀλλ’
1635 5423 1956 5494 λάγγελικῶν

363 5522 664 5589 δυνάμεων
700 5518 854 5590 ίεράς
877 5517 1117 5581 εἰκόνας,
1147 5517 1422 5588 χερουδὶμ
1461 5516 1622 5588 δόξης
1651 5517 1948 5581 καλοῦντος

363 5611 823 5677 κατασκιάζοντα
856 5610 916 5666 τὸ
947 5610 1285 5680 ἱλαστήριον,
1324 5612 1420 5665 καὶ
1472 5609 1561 5663 διὰ
1598 5609 1817 5663 πάντων
1848 5624 1960 5662 πα·

372 5705 760 5778 ραδεδομένων
805 5704 1235 5778 προσκυνεῖσθαι
1273 5704 1384 5760 τῶν
1436 5704 1598 5759 θείων
1656 5701 1960 5773 μορφωμά·

2056 3329 2162 3388 que
2200 3324 2467 3386 respuunt
2498 3315 2747 3385 hymnos,
2773 3313 3100 3382 ceterisque
3160 3312 3428 3382 abiectis,
3469 3317 3642 3370 solam

2056 3408 2358 3462 orationem
2384 3406 2544 3461 Pater
2593 3414 2769 3460 noster
2816 3404 3140 3476 accipiunt;
3179 3406 3406 3476 insuper
3457 3406 3642 3462 divina

2056 3506 2440 3572 prophetarum
2468 3499 2778 3571 Moysisque
2813 3499 2979 3553 verba
3017 3499 3508 3568 sanctissimosque
3540 3498 3642 3552 Da-

2054 3593 2195 3648 vidis
2226 3593 2480 3659 psalmos,
2500 3591 2878 3661 quaelaudavit
2904 3589 3154 3645 Salvator
3180 3591 3640 3660 quemadmodum

2054 3685 2122 3739 de
2141 3699 2207 3738 eo
2231 3685 2364 3739 dicit
2397 3684 2780 3754 Evangelium:
2810 3700 2828 3734 ι
2867 3682 3135 3752 Incipiens
3167 3696 3200 3735 a
3226 3681 3407 3752 Moyse
3435 3691 3488 3735 et
3517 3698 3644 3737 om-

2054 3774 2216 3829 nibus
2237 3776 2534 3844 pr0phetis,
2555 3773 3017 3844 interpretabatur
3035 3774 3142 3830 illis
3157 3774 3211 3828 in
3231 3774 3481 3828 omnibus
3496 3773 3649 3828 Scri-

2059 3871 2234 3940 pturis
2250 3885 2367 3939 qum
2393 3871 2460 3924 de
2495 3871 2613 3937 ipso
2641 3879 2850 3924 erant.)
2881 3869 2999 3938 Ipse
3025 3870 3188 3923 etiam
3207 3870 3380 3923 dixit:
3413 3887 3432 3921 ι
3461 3871 3586 3924 Ηςθς
3616 3889 3636 3922 ι

2057 3972 2186 4015 sunt
2229 3979 2247 4012 ι
2288 3961 2452 4014 verba
2479 3976 2600 4028 quae
2643 3961 2854 4014 lectttus
2901 3975 3021 4014 sum
3054 3960 3120 4012 ad
3153 3974 3270 4022 vos,
3304 3974 3428 4012 cnm
3460 3961 3640 4014 adhuc

2053 4067 2230 4106 essent
2296 4052 2602 4116 vobiscum,
2669 4051 2925 4119 Quoniam
3002 4065 3223 4105 necesse
3278 4060 3362 4105 est
3421 4050 3636 4120 impleri

2053 4141 2236 4195 omnia
2269 4155 2390 4209 quas
2422 4140 2625 4209 scripta
2651 4148 2777 4193 sunt
2820 4137 2872 4190 in
2895 4137 3011 4206 lege
3037 4136 3208 4206 Moysi
3239 4146 3289 4190 et
3329 4135 3635 4206 Prophetis,

2053 4245 2108 4289 et
2138 4233 2372 4288 Psalmis
2416 4228 2485 4287 de
2545 4247 2648 4286 me.
2681 4250 2701 4284 ι
2736 4229 2814 4283 Illi
2875 4238 3055 4283 autem
3085 4228 3249 4297 impie
3282 4228 3396 4284 haec
3449 4243 3642 4298 asper-

2054 4333 2280 4380 nantur.
2316 4323 2487 4378 Porro
2529 4323 2598 4378 de
2635 4321 2842 4378 sanctis
2872 4320 3222 4389 imaginibus,
3257 4336 3368 4377 non
3427 4320 3642 4388 Moyses

2066 4427 2278 4474 tantum
2305 4415 2470 4487 jussit
2504 4416 2557 4468 in
2584 4415 2790 4468 honore
2812 4413 2998 4466 haberi
3029 4428 3094 4465 ex
3119 4413 3434 4468 cmleetibus
3457 4428 3645 4468 exem-

2057 4509 2302 4579 plaribus
2353 4522 2472 4578 quae
2531 4513 2694 4561 erant
2748 4503 2804 4558 in
2837 4517 2963 4556 arca
3009 4511 3061 4556 et
3112 4503 3495 4568 tabernaculo;
3546 4503 3637 4558 illa

2066 4599 2214 4653 enim
2277 4599 2330 4652 in
2365 4597 2592 4666 ﬁguram
2651 4593 2777 4649 (ιωΙί
2809 4592 2950 4647 facta
2998 4603 3154 4648 erant
3182 4609 3198 4659 ;
3227 4593 3321 4647 sed
3355 4594 3516 4647 etiam
3574 4609 3641 4649 ex

2073 4689 2354 4744 cherubim
2405 4702 2566 4756 super
2596 4700 2779 4740 arcam
2808 4684 3144 4753 exsculptis:
3181 4693 3236 4740 et
3257 4685 3416 4741 divus
3439 4684 3641 4740 Paulus

2069 4781 2182 4836 haec
2216 4779 2475 4844 laudavit,
2512 4779 2602 4832 illa
2627 4791 2831 4832 vocans
2861 4777 3010 4846 prius
3039 4777 3450 4831 tabernaculum
3477 4786 3532 4831 et
3549 4793 3644 4831 ex-

2068 4867 2264 4928 teriora
2291 4870 2510 4940 quidem
2535 4881 2722 4925 sancta
2747 4868 2956 4932 dicens,
2987 4869 3247 4923 interiora
3279 4884 3409 4923 vero
3441 4868 3644 4924 Sancta

2067 4975 2419 5028 sanctorum;
2453 4977 2616 5032 opera
2655 4970 2837 5016 autem
2877 4961 3149 5032 sculptilis
3211 4960 3516 5014 divinarum
3558 4975 3644 5015 re-

2066 5071 2188 5110 rum
2211 5061 2369 5109 erant
2399 5053 2613 5122 ﬁgurae,
2677 5066 2788 5106 non
2841 5053 3117 5108 idolorum
3172 5050 3394 5120 quidem
3437 5050 3640 5104 daemo-

2067 5146 2373 5208 niacorunt,
2424 5157 2524 5197 nec
2563 5143 2828 5210 siderum,
2863 5158 2961 5197 nec
2977 5143 3208 5198 aliarum
3238 5149 3640 5204 creaturarum.

2066 5252 2188 5307 qua:
2214 5234 2356 5290 [uada
2391 5244 2548 5290 erant
2573 5247 2624 5289 et
2658 5235 2908 5289 maxima:
2941 5233 3261 5301 impietatis,
3316 5232 3412 5285 sed
3441 5244 3643 5286 sancta:

2065 5337 2222 5384 erant
2277 5329 2646 5398 angelicorum
2665 5335 2996 5398 potestatum
3029 5323 3314 5394 imagines,
3335 5324 3475 5378 sicut
3502 5325 3645 5394 Apo-

2068 5421 2240 5476 stolus
2295 5420 2586 5489 appellavit
2628 5417 2910 5474 cherubim
2965 5415 3400 5486 propitiatorium
3449 5415 3645 5470 obnm-

2068 5512 2254 5566 brans.
2283 5511 2429 5566 Idem
2454 5512 2614 5566 etiam
2650 5509 2860 5576 indixit
2881 5507 3089 5579 Moyses
3119 5523 3186 5563 ex
3212 5505 3476 5564 omnibus
3508 5508 3646 5563 divi-

2072 5603 2158 5660 nis
2182 5605 2368 5676 ﬁguris
2393 5620 2532 5674 quas
2562 5603 2905 5660 venerationi
2938 5603 3247 5675 proposuit,
3273 5612 3327 5657 ut
3362 5602 3507 5656 sicut
3526 5598 3646 5655 aui-

2072 5711 2158 5754 ma
2187 5710 2282 5766 per
2316 5693 2742 5785 confessionem,
2783 5695 2860 5754 ita
2892 5711 3122 5766 corpore
3154 5711 3250 5770 per
3279 5711 3341 5753 ca
3363 5709 3482 5767 quae
3515 5707 3649 5750 sen-
