4040 6202
368 321 483 389 105

1423 325 1547 385 DIA
1560 322 1806 383 [λοϐυὸ
1845 319 2154 381 CUNTRA
2200 317 2586 386 ΗίΕῐὶΕδΕὸ.

3548 324 3653 390 106

374 443 585 508 μένοις,
617 438 714 490 καὶ
755 436 988 500 λα’ίκοίς.
1020 437 1200 491 καίτοι
1238 453 1304 504 γε
1334 436 1432 491 τοῦ
1476 438 1683 507 Κυρίου
1725 435 1821 490 τὸν
1847 436 1943 503 ἒμ-

2057 428 2279 483 modum
2317 428 2677 498 inculpatum,
2711 429 2785 486 ita
2818 438 2875 486 nt
2904 429 3047 486 istud
3078 442 3337 489 censeant
3361 436 3647 489 sanctitati

369 530 563 594 παθῶς
601 531 817 601 ὁρῶντα
846 531 1196 596 κολάζοντος,
1247 530 1340 585 καὶ
1377 531 1569 600 μοιχὸν
1616 529 1781 583 αὐτὸν
1809 523 1952 581 εἶναι

367 620 645 689 λέγοντος,
671 624 768 675 καὶ
797 621 889 675 τοῦ
919 621 1137 675 Παύλου
1162 620 1405 674 τοσαῦτα
1431 620 1779 684 διδάσκοντος
1810 616 1953 673 κατά

372 713 772 783 πορνευόντων,
827 714 918 767 καὶ
949 713 1061 765 τῶν
1096 711 1415 766 ἀποστόλων
1461 710 1524 777 ἐξ
1572 713 1748 782 ἀρχῆς
1793 711 1954 763 τοῦτο

369 803 441 855 δι’
484 804 776 870 ἐπιστολῆς
832 801 1319 872 νομοθετησάντων
1357 802 1666 871 ἀπέχεσθαι
1715 802 1845 863 τοὺς
1891 800 1951 865 ἐξ

370 895 542 947 ἐθνῶν
575 893 933 957 πιστεύοντας
989 893 1364 949 εἰδωλοθύτων
1418 893 1516 946 καὶ⁸
1568 890 1803 961 αἵματος
1854 893 1952 943 καὶ

371 988 602 1041 πνικτοῦ
634 987 733 1040 καὶ
783 988 1072 1057 πορνείας.
1121 989 1233 1041 Καὶ
1280 987 1451 1041 ταῦτά
1485 1004 1689 1056 φαμεν,
1741 984 1838 1055 οὐχ
1866 985 1949 1038 ὅτι

370 1080 468 1131 καὶ
498 1079 605 1131 τῶν
644 1080 934 1151 ἡμετέρων
981 1078 1129 1142 τινὲς
1168 1081 1453 1149 πορνείαις
1486 1078 1548 1130 οὐ
1582 1077 1950 1146 περιπίπτου-

372 1185 462 1222 σιν
491 1186 507 1201 ’
550 1170 707 1239 ἴσμεν
739 1172 850 1239 γάρ
875 1187 1030 1232 τινας
1063 1171 1517 1239 περιπίπτοντας,
1561 1170 1656 1222 καὶ
1688 1169 1951 1239 μετανοίᾳ

367 1262 735 1333 διορθούμεθα
783 1268 1013 1325 τούτους
1045 1280 1062 1296 ·
1089 1261 1208 1316 ἀλλ’
1261 1263 1344 1317 ὅτι
1396 1262 1547 1333 ποιρά
1592 1261 1845 1323 Λατίνοις
1890 1262 1950 1314 τὸ

368 1355 656 1422 πορνεύειν
686 1356 876 1423 σχεδον
908 1353 1273 1424 ἀνέγκλητον,
1297 1354 1393 1407 καλ
1413 1353 1668 1408 τοσοῦτον
1696 1353 1773 1417 ῶς
1810 1352 1946 1423 μηδὲ

366 1447 603 1515 κώλυμα
627 1446 816 1507 αὐτοῖς
850 1448 930 1508 είς
960 1446 1263 1516 ἱερωσύνην
1295 1445 1432 1507 ὅλως
1460 1440 1625 1500 εἶναι.
1660 1445 1784 1498 Τῶν
1815 1444 1948 1516 παρ’

366 1538 555 1601 αὐτοῖς
578 1539 690 1608 γὰρ
726 1536 1044 1607 ἱερωμένων
1076 1536 1265 1591 πολλοὶ
1311 1536 1594 1600 παλλακάς
1630 1553 1689 1588 τε
1739 1535 1945 1605 ἔχουσι,

366 1631 464 1684 καὶ
488 1630 659 1683 τέκνα
688 1628 941 1698 φανερῶς
977 1629 1042 1679 ἑκ
1082 1628 1366 1696 πορνείας,
1411 1628 1507 1681 καὶ
1555 1627 1841 1699 προδήλως
1887 1630 1947 1681 ὲν

364 1724 483 1784 τοῖς
534 1721 969 1791 χαμαιτυπείοις
1019 1720 1387 1790 εἰσέρχονται,
1442 1721 1537 1773 καὶ
1584 1719 1948 1790 πορνεύονσιν

362 1790 627 1876 ἀναιδῶς,
659 1814 755 1866 καὶ
779 1812 1093 1881 ἱερουργεῖν
1113 1812 1172 1863 ού
1195 1811 1517 1865 κωλύονται.
1546 1812 1659 1865 Καὶ
1687 1802 1945 1864 οἷ’λαῖκοὶ
1978 1790 2019 1844 Β

362 1904 424 1956 δὲ
460 1905 668 1957 τούτων
698 1905 839 1957 κατά
883 1904 1082 1966 τόπους
1116 1903 1461 1973 λαμσάνουσι
1492 1902 1802 1968 παλλακὰς,
1850 1903 1948 1957 καὶ

364 1995 817 2065 ἀνερυθριάστως
866 1995 1223 2065 πορνεύουσι,
1272 1994 1350 2067 μὴ
1397 1994 1744 2063 λογιζόμενοι
1788 1994 1949 2049 τοῦτο

363 2091 710 2160 ἀκαθαρσίαν
767 2085 912 2142 εἶναι
966 2089 1063 2144 καὶ
1111 2088 1411 2158 ἁμαρτίαν.
1462 2088 1589 2142 Ἔτι
1631 2086 1690 2140 δὲ
1738 2087 1836 2139 καὶ
1887 2087 1948 2140 τὸ

363 2185 698 2255 ἀκαθάρτων
735 2182 1007 2237 ἅπτεσθαι
1059 2182 1158 2235 καὶ
1190 2181 1455 2252 ῥυπαρῶν
1497 2180 1675 2245 ζώων,
1709 2181 1807 2234 καὶ
1840 2183 1946 2251 μά-

361 2277 520 2331 λιστα
547 2276 814 2340 πνικτῶν,
841 2275 903 2329 ού
938 2274 1128 2339 καλὸν,
1167 2274 1311 2342 ἀπερ
1337 2274 1436 2344 οὐχ
1454 2272 1531 2336 ὡς
1556 2274 1944 2343 μεμολυσμένα

363 2372 465 2441 μὶν
499 2370 904 2440 ἀπηγόρευται,
934 2369 1060 2422 επεὶ
1087 2385 1107 2421 ι
1135 2369 1245 2421 πᾶν
1267 2365 1626 2436 κτίσμαβεοῦ
1659 2364 1849 2431 καλὸν,
1868 2364 1943 2429 ὡς

359 2464 571 2526 Παῦλός
590 2479 750 2532 φησι,
781 2462 877 2515 καὶ
903 2460 1058 2515 οὐδὲν
1086 2459 1401 2529 ἀπόϐλητον
1425 2459 1566 2527 μετὰ
1585 2458 1943 2528 εὐχαριστίας

356 2554 804 2624 λαμϐανόμενον
867 2551 1011 2623 πλὴν
1067 2552 1188 2623 μετ’
1221 2551 1597 2623 εὐχαριστίας,
1652 2551 1842 2621 φησιν,
1880 2551 1943 2605 οὑ

361 2647 470 2720 μὴν
502 2648 854 2717 ἀδιαφορίας’
888 2647 986 2700 καὶ
1012 2645 1097 2699 ὅτι
1132 2644 1442 2713 ἁγιάζεται,
1480 2645 1707 2715 γράφει,
1741 2644 1829 2699 διὰ
1857 2645 1944 2699 λό-

356 2757 460 2808 γου
497 2738 639 2793 Θεοῦ
672 2739 769 2793 καὶ
800 2737 1119 2804 ἐντεύξεως.
1180 2737 1291 2791 Ποῦ
1321 2735 1381 2791 δὲ
1422 2739 1555 2809 περὶ
1585 2735 1780 2791 τούτου
1807 2738 1946 2802 ὅλως

353 2831 520 2898 λόγος
552 2830 840 2896 Λατίνοις;
877 2829 986 2884 Καὶ
1020 2827 1130 2883 τῶν
1159 2830 1599 2899 περιττωμάτων
1627 2830 1735 2901 γὰρ
1764 2829 1943 2884 αὐτῶν

356 2923 651 2988 ἅπτονται,
682 2924 780 2976 καὶ
807 2920 990 2992 οΰρων
1023 2921 1413 2989 ἀπογεύονται,
1440 2920 1517 2984 ὼς
1550 2916 1693 2975 εἶδον
1729 2921 1941 2979 πολλοί.

358 3014 473 3067 Καὶ
497 3016 526 3065 ό
549 3013 649 3083 μὲν
675 3013 819 3075 θεῖος
840 3011 1141 3075 ἀπόστολος
1167 3010 1394 3075 Ἰούδας,
1412 3012 1941 3084 «Μισοῦντες,φησὶ,

2062 533 2171 571 non
2191 518 2409 573 obstare
2440 535 2456 584 ;
2489 519 2692 590 quippe
2732 521 2918 590 plures
2943 536 3010 577 ex
3037 538 3227 577 eorum
3267 526 3653 581 sacerdotibus

2058 610 2283 680 pellices
2314 611 2540 677 habent,
2561 624 2615 667 et
2637 613 2837 669 liberos
2854 614 3140 671 manifeste
3157 633 3222 672 ex
3254 616 3650 684 fornicatione,

2056 713 2111 757 et
2142 706 2317 771 palam
2349 706 2401 757 in
2436 704 2716 775 lupanaria
2751 707 3151 775 ingrediuntur,
3198 722 3251 765 et
3294 713 3651 781 impudenter

2062 795 2435 860 rumchanlur,
2461 812 2561 851 nec
2595 798 2953 866 prohibentur
2983 815 3051 854 ne
3071 816 3226 855 sacra
3258 800 3480 856 faciant.
3501 803 3653 859 Laici

2055 896 2260 953 autem,
2291 904 2478 943 eorum
2512 890 2784 957 exetnplo,
2810 890 3028 957 pollices
3051 893 3352 958 accipiunt,
3378 901 3432 946 et
3474 892 3649 946 forni-

2055 992 2244 1035 cantes
2277 996 2381 1035 non
2412 982 2766 1040 erubescunt,
2829 998 3173 1051 nequaquam
3234 985 3539 1052 cogitantes
3593 985 3648 1040 in

2056 1072 2163 1125 hoc
2194 1086 2318 1127 esse
2341 1080 2623 1140 peccatum
2652 1082 2703 1125 et
2736 1071 3405 1143 immunditiam.Insuper
3434 1075 3648 1143 impura

2054 1172 2108 1217 et
2141 1164 2422 1218 immunda
2455 1172 2679 1231 tangere
2708 1163 2990 1228 animalia,
3025 1165 3325 1233 praesertim
3360 1166 3649 1231 suﬂ‘ocata,

2054 1270 2163 1311 non
2192 1266 2273 1311 est
2308 1256 2538 1323 bonum;
2574 1256 2721 1310 nullo
2750 1256 2932 1322 modo,
2965 1258 3225 1326 quoniam
3262 1258 3413 1325 quasi
3445 1259 3648 1316 fmdata

2054 1347 2441 1417 prohibentur,
2471 1363 2593 1403 cum
2629 1366 2647 1397 ι
2689 1349 2869 1403 omnis
2895 1361 3146 1403 creatura
3202 1348 3295 1404 Dei
3348 1350 3490 1405 bona
3555 1353 3645 1416 sit,

2053 1442 2523 1511 quemadmodum
2557 1442 2697 1495 dixit
2726 1442 2951 1505 Paulus,
2988 1454 3043 1499 et
3093 1445 3226 1500 nihil
3281 1448 3641 1516 rejiciendum

2051 1533 2193 1601 quod
2217 1547 2342 1589 cum
2368 1535 2666 1603 gratiarum
2699 1534 2917 1591 actione
2938 1537 3241 1606 percipitur
3272 1556 3287 1591 :
3321 1559 3339 1590 ι
3371 1555 3494 1594 cum
3520 1556 3616 1609 gra
3636 1570 3649 1582 -

2052 1624 2253 1680 tiarum
2289 1626 2526 1690 actione,
2562 1627 2763 1697 inquit,
2806 1644 2914 1683 non
2981 1640 3160 1684 autem
3218 1631 3503 1688 fastidiose
3536 1652 3550 1699 ;
3589 1647 3645 1689 et

2051 1717 2311 1788 quoniam
2362 1720 2738 1774 sanctilicatur
2783 1736 2879 1791 per
2926 1724 3151 1779 verbum
3208 1724 3298 1779 Dei
3330 1735 3385 1780 et
3439 1727 3647 1780 oratio-

2051 1824 2196 1865 nem.
2228 1809 2329 1866 Ubi
2353 1810 2563 1867 Latinis
2589 1829 2771 1869 sermo
2805 1816 2872 1870 de
2904 1817 3005 1871 hac
3029 1819 3256 1873 materia
3282 1818 3307 1871 ‘i
3352 1818 3468 1887 Ipsa
3494 1823 3644 1876 enim

2052 1913 2408 1973 purgamenta
2447 1913 2699 1975 tangunt,
2752 1923 2851 1962 nec
2896 1925 2924 1963 a
2955 1910 3211 1965 sordibus
3253 1912 3636 1979 prohibentur,
3674 1909 3677 1911 ’

2051 2003 2112 2049 ut
2143 1995 2399 2051 viderunt
2430 1999 2611 2053 multi.
2640 1999 2733 2052 Ait
2758 2002 2982 2069 quidem
3024 2002 3186 2058 dirus
3213 2005 3495 2073 apostolus
3545 2004 3645 2060 Ju-

2049 2086 2190 2141 das:
2233 2106 2251 2140 ι
2290 2087 2552 2144 0dientes
2571 2100 2626 2145 et
2652 2106 2773 2146 eam
2810 2109 2931 2162 qua:
2960 2095 3200 2150 carnalis
3254 2106 3343 2151 est
3396 2099 3640 2153 macula-

2049 2186 2158 2233 tam
2189 2180 2428 2243 tunicam
2468 2197 2483 2245 ;
2526 2198 2546 2235 ›
2580 2183 2656 2237 illi
2687 2199 2815 2238 vero
2850 2201 2957 2239 non
2992 2195 3205 2241 tantum
3272 2202 3303 2241 a
3339 2188 3642 2254 pollutione

2048 2271 2232 2327 carnis
2262 2287 2370 2326 non
2402 2272 2705 2329 abhorrent
2733 2290 2910 2355 neque
2941 2292 3063 2331 eam
3128 2277 3182 2332 in
3239 2279 3366 2335 odio
3412 2279 3638 2348 habent,

2047 2363 2144 2418 sed
2171 2362 2320 2419 inea
2350 2365 2553 2435 quibus
2575 2367 2731 2423 cibOs
2765 2377 2958 2436 parant
2991 2384 3121 2425 rasa
3158 2371 3461 2425 maculatas
3489 2372 3639 2426 tuni-

2046 2469 2141 2512 cas
2170 2467 2226 2512 et
2248 2455 2525 2512 feminalia
2562 2459 2880 2515 immittunt.
2935 2459 3134 2516 Carnis
3169 2470 3352 2518 autem
3402 2463 3632 2519 fmdatio

2046 2548 2473 2605 maeniationem
2494 2565 2559 2604 ex
2582 2552 2823 2621 peccato‘
2856 2565 3136 2622 acceptam
3154 2553 3395 2621 exhibet,
3428 2571 3539 2626 quo
3555 2556 3640 2611 di-

2050 2640 2258 2697 scimus
2286 2656 2387 2696 nos
2413 2643 2466 2696 in
2502 2643 2883 2713 iniquitatibus
2912 2661 3037 2701 esse
3063 2658 3385 2716 conceptos,
3434 2649 3639 2718 quibus

2046 2733 2299 2789 mundari
2325 2749 2430 2787 non
2483 2749 2777 2804 possumus
2834 2738 2939 2792 nisi
2995 2738 3164 2792 divini
3192 2754 3297 2809 ope
3352 2739 3638 2809 baptismi,

2043 2833 2099 2879 et
2126 2831 2315 2894 postea
2348 2840 2542 2880 rursus
2569 2840 2666 2896 per
2697 2827 3100 2894 pmnitentiam.
3123 2829 3195 2884 At
3233 2830 3314 2886 illi
3362 2835 3643 2889 membro-

2046 2930 2164 2970 rum
2198 2914 2473 2987 superilua
2497 2917 2702 2985 quibus
2726 2918 3006 2974 fmdantur
3024 2919 3132 2976 heu
3155 2922 3170 2975 ί
3193 2922 3261 2977 ad
3291 2922 3435 2979 labia
3467 2938 3641 2995 osque

2045 3008 2361 3073 admovent,
2386 3008 2491 3064 etsi
2519 3009 2820 3079 Apostolus
2849 3026 2953 3067 nos
2975 3011 3172 3069 doceat
3205 3014 3326 3084 pios
3358 3030 3481 3072 esse
3501 3028 3555 3072 et
3584 3019 3639 3073 in

354 3105 567 3160 καὶτὸν
589 3104 699 3159 ἀπὸ
718 3105 819 3175 τῆς
845 3103 1047 3175 σαρκὸς
1067 3103 1448 3173 ἐσπιλωμένον
1477 3105 1686 3176 χιτῶνα
1707 3121 1719 3135 °
1736 3124 1755 3159 ι
1788 3100 1936 3161 οῦτοι

2047 3099 2301 3156 omnibus
2319 3107 2716 3170 temperantes;
2747 3118 2872 3159 nam
2902 3104 3000 3173 ait,
3038 3124 3058 3157 ι
3082 3104 3186 3171 Qui
3220 3109 3273 3161 in
3301 3121 3476 3178 agone
3509 3126 3642 3166 con-

321 3201 413 3255 ιδὶ
443 3198 537 3252 τὸν
565 3201 630 3251 ὲκ
659 3198 763 3266 τῆς
785 3197 991 3268 σαρκὸς
1023 3194 1304 3267 μολυσμὸν
1336 3197 1396 3250 ού
1430 3196 1595 3266 μόνον
1624 3199 1685 3251 οὐ
1710 3199 1935 3269 βδελύσ-
1967 3268 1979 3282 .

355 3308 549 3346 mai.
583 3294 679 3347 καὶ
734 3290 1007 3361 μισοῦσιν,
1055 3290 1173 3343 ἀλλ’
1221 3291 1280 3343 ὲν
1330 3286 1413 3354 οἷς
1461 3291 1531 3344 τά
1584 3293 1685 3362 τῆς
1727 3293 1935 3362 τροφῆς

350 3386 935 3457 ἑνεργοῦσισκεύεσιν.
958 3388 1017 3440 ὲν
1044 3385 1261 3449 τούτοις
1291 3386 1388 3440 καὶ
1419 3386 1546 3450 τοὺς
1584 3388 1937 3457 μεμολυσμέ-

348 3493 481 3538 νους
505 3476 743 3546 χιτῶνας
777 3473 1000 3538 καὶτὰς
1030 3474 1363 3546 ἀναξυρίδας
1392 3475 1731 3545 είσάγουσιν.
1749 3478 1808 3531 '0
1842 3495 1936 3548 μο-

350 3569 563 3639 λυσμὸς
588 3569 646 3622 δὲ
669 3568 770 3638 τῆς
800 3567 1004 3637 σαρκὸς
1050 3566 1150 3637 τὴν
1168 3565 1378 3637 φθορὰν
1406 3566 1510 3638 τὴν
1528 3568 1594 3622 ἐκ
1621 3568 1725 3637 τῆς
1750 3569 1934 3641 ἀμαρ-

348 3663 477 3724 τίας
504 3660 827 3729 παρίστησι,
857 3657 928 3711 δι’
956 3649 1018 3710 οὗ
1052 3657 1149 3711 καὶ
1178 3657 1237 3711 ὲν
1270 3657 1531 3726 ἀνομίαις
1559 3657 1937 3729 συλληφθῆναι

356 3752 729 3822 μανθάνομεν,
780 3750 877 3804 καὶ
922 3749 1022 3803 οὐκ
1069 3748 1189 3803 ἐστι
1220 3749 1587 3821 καθαρθῆναι,
1618 3751 1666 3804 εί
1723 3750 1800 3820 μὴ
1846 3752 1937 3805 διά

354 3845 451 3897 τοῦ
485 3843 636 3896 θείου
666 3842 1073 3912 βαπτίσματος,
1101 3841 1197 3895 καὶ
1235 3840 1496 3913 μετανοίᾳ
1526 3842 1690 3897 πάλιν
1716 3845 1782 3896 ἐκ
1816 3843 1938 3897 τού-

353 3953 478 3989 του.
515 3934 658 3987 'Aiu.’
684 3933 833 3986 οὗτοι
881 3932 951 3986 τὰ
982 3935 1047 3985 ὲκ
1090 3933 1201 3986 τῶν
1235 3932 1419 4002 μελῶν
1450 3933 1632 3988 αὐτῶν
1665 3935 1935 4004 περιττὼ-

360 4043 512 4098 ματα
560 4025 621 4089 ἐξ
670 4021 745 4079 ῶν
782 4025 880 4078 καὶ
912 4025 943 4076 ό
998 4022 1300 4094 μολυσμὸς,
1336 4024 1712 4094 προσφέρουσι
1743 4024 1865 4094 (φεῦ
1891 4027 1931 4097 l)

354 4121 540 4175 αὐτῶν
586 4121 699 4180 τοῖς
744 4117 950 4188 χείλεσι
994 4115 1090 4169 καὶ
1122 4116 1199 4184 τῷ
1242 4116 1493 4185 στόματι.
1533 4118 1723 4170 Καίτοι
1770 4134 1835 4187 γε
1869 4119 1933 4172 τὸ

2048 3189 2219 3245 tendit
2235 3190 2572 3247 abomnibus
2591 3208 2648 3247 se
2664 3194 2903 3250 abstinet
2921 3213 2968 3261 ς»
2994 3198 3100 3262 vel,
3122 3214 3142 3249 ι
3164 3195 3222 3252 Si
3250 3214 3376 3254 esca
3403 3203 3641 3257 scanda-

2046 3282 2175 3336 lizat
2192 3282 2418 3339 fratrem
2439 3300 2648 3354 meum,
2669 3300 2775 3342 non
2795 3290 3139 3346 manducabo
3156 3307 3375 3348 carnem
3396 3295 3455 3349 in
3468 3310 3640 3352 saecu-

2047 3375 2180 3440 lum,
2194 3395 2214 3427 ι
2238 3377 2436 3447 inquit.
2454 3376 2568 3435 Nos
2585 3390 2839 3449 oportere
2856 3396 2979 3438 esse
3000 3391 3365 3455 temperantes
3380 3397 3432 3442 et
3453 3404 3484 3443 a
3513 3404 3636 3443 car-

2046 3469 2206 3524 nibus
2222 3471 2497 3529 abstinere
2524 3471 2640 3541 ipse
2665 3471 2868 3529 Paulus
2883 3475 3145 3546 jejunans
3170 3477 3528 3551 demonstrat,
3554 3484 3641 3540 di-

2044 3574 2174 3615 cens
2205 3575 2221 3617 :
2254 3578 2273 3612 ι
2300 3560 2354 3615 in
2382 3560 2610 3632 jejuniis
2637 3564 2843 3630 pluries
2869 3581 2884 3631 ;
2908 3584 2927 3617 ι
2952 3581 3166 3623 necnon
3192 3585 3207 3624 :
3230 3588 3249 3624 ι
3270 3569 3489 3643 Castigo
3506 3590 3628 3630 cor-

2050 3668 2151 3721 pus
2184 3668 2364 3707 meum
2393 3662 2449 3709 et
2473 3655 2528 3709 in
2570 3656 2893 3712 servitutem
2923 3660 3131 3732 redigo.
3173 3679 3192 3714 ι
3224 3662 3421 3721 Petrus
3449 3678 3635 3724 autem

2047 3748 2237 3817 paucis
2270 3747 2473 3817 lupinis
2499 3749 2820 3807 vescebatur
2844 3754 3141 3826 exterique
3185 3755 3441 3828 discipuli
3490 3762 3636 3832 jeju-

2047 3843 2156 3898 niis
2222 3840 2593 3912 indulgebant,
2656 3843 2752 3913 qui
2788 3843 3090 3902 Salvatoris
3137 3847 3411 3919 jejunium
3470 3855 3630 3910 nobis

2042 3935 2380 3990 tradiderunt
2406 3947 2502 4002 per
2523 3935 2875 4003 quatriduum
2903 3946 2958 3991 et
2976 3952 3308 4004 paraseeven
3334 3943 3389 3997 in
3427 3946 3631 4014 quibus

2041 4040 2231 4090 carne,
2258 4023 2377 4079 ovis
2407 4023 2623 4079 etlacte
2656 4025 2934 4081 abstinere
2957 4039 3265 4097 iusserunt,
3295 4044 3355 4087 ut
3376 4033 3489 4104 jam
3520 4037 3628 4091 du-

2042 4120 2170 4175 dum
2196 4120 2267 4173 ab
2289 4116 2425 4187 ipsis
2445 4117 2711 4187 apostolis
2737 4126 2794 4174 et
2816 4116 3074 4178 Pati-ibus
3094 4127 3430 4195 accepimus.

354 4218 612 4281 εὐλαδείς
658 4213 799 4271 εἶναι
841 4218 989 4287 ἡμᾶς
1059 4215 1154 4269 καὶ
1201 4215 1499 4283 ιγκρατετς
1539 4214 1601 4267 ἀν
1669 4217 1806 4273 πᾶσι
1852 4217 2003 4288 παρά
2039 4216 2135 4271 τοῦ
2180 4215 2509 4270 Ἀποστόλου
2558 4215 2929 4286 μανθάνομεν.
2981 4236 3001 4271 ι
3042 4217 3108 4272 '0
3153 4220 3561 4291 ἀγωνιζόμενος
3596 4247 3618 4283 ο

356 4316 494 4384 ⁴γὰρ,
522 4316 656 4381 φησι
680 4355 695 4379 ,
737 4331 758 4365 ι
785 4316 968 4366 πάντα
1016 4310 1439 4382 ιγκρατεύεται.
1497 4312 1609 4365 Καὶ
1656 4313 1707 4365 εί
1746 4313 1946 4385 βρῶμα
1985 4312 2335 4375 σκανδαλίζει
2364 4311 2457 4366 τὸν
2485 4310 2716 4379 ἀδελφόν
2752 4329 2876 4383 μου,
2906 4313 2968 4366 οὐ
3000 4314 3077 4385 μὴ
3111 4315 3272 4385 φάγω
3336 4318 3475 4389 κρέα
3540 4324 3624 4388 εἰς

353 4413 451 4465 τὸν
500 4411 694 4473 αίῶνα,
721 4428 739 4463 ι
771 4410 941 4478 λέγει.
994 4409 1105 4463 Καὶ
1134 4409 1217 4463 ὅτι
1247 4409 1330 4462 δεῖ
1402 4410 1844 4480 ἐγκρατεύεσοαι

1924 4411 2022 4466 καὶ
2057 4411 2167 4483 32
2196 4411 2429 4480 κρέατος
2456 4408 2785 4480 ἀπέχεσθαι,
2815 4411 2980 4474 αὑτός
3013 4429 3075 4466 τε
3110 4414 3320 4478 Παῦλος
3342 4421 3624 4487 νηστεύων

352 4507 618 4567 διδάσκει,
656 4526 675 4556 ι
720 4503 809 4556 Ἐν
836 4500 1116 4571 νηστείαις
1161 4500 1445 4567 πολλάκις,
1481 4522 1502 4556 ι
1539 4503 1738 4571 λέγων,
1769 4503 1889 4573 καὶ,
1935 4521 1955 4556 ι
1995 4501 2320 4568 Ὕποπιάζω
2356 4519 2460 4571 μου
2491 4501 2555 4554 τὸ
2597 4501 2758 4570 σῶμα
2806 4501 2903 4555 καὶ
2928 4503 3282 4574 δουλαγωγῶ.
3310 4526 3329 4560 ι
3375 4510 3484 4563 Καὶ
3518 4513 3627 4568 Πέ-
3666 4508 3669 4573 Ϊ

353 4620 481 4674 τρος
526 4600 586 4653 δὲ
633 4600 902 4670 ἀσσαρίου
950 4599 1199 4669 θερμίοις
1231 4600 1511 4671 ἐτρέφετο,
1539 4599 1635 4653 καὶ
1667 4598 1720 4651 οί
1781 4598 1963 4652 λοιποὶ
2037 4595 2282 4668 μαθηταὶ
2329 4595 2607 4666 νηστείαις
2638 4595 2953 4665 ἐσχόλαζον,
2995 4597 3047 4651 οἱ
3090 4599 3188 4651 καὶ
3213 4600 3312 4668 τὴν
3366 4610 3624 4675 νηστείαν

359 4699 492 4768 ἡμῖν
535 4692 957 4766 παραδεδώκασι
1002 4691 1098 4745 τοῦ
1150 4692 1431 4763 Σωτῆρος,
1460 4692 1707 4763 Τετράδα
1740 4709 1801 4745 τε
1839 4694 1938 4747 καὶ
1976 4688 2368 4762 Παρασκευὴν,
2400 4689 2459 4739 εν
2484 4683 2568 4751 οἷς
2602 4687 2697 4741 καὶ
2723 4691 2960 4759 κρέατος
2988 4690 3287 4762 ἀπέχεσθαι
3346 4700 3443 4751 καὶ
3509 4700 3623 4755 ὠοῦ

350 4793 446 4848 καὶ
462 4791 733 4861 γάλακτος
759 4785 1268 4857 νενομοθετήκασιν,
1301 4787 1375 4853 ὡς
1406 4787 1790 4860 παρελάϐομεν
1825 4785 2030 4842 ἄνωθεν
2061 4784 2123 4851 ἐξ
2163 4783 2343 4840 αὐτῶν
2383 4799 2444 4837 τε
2464 4783 2559 4837 καὶ
2573 4782 2685 4837 τῶν
2701 4781 3023 4836 ἀποστόλων
3061 4784 3291 4840 καὶτῶν
3328 4789 3617 4863 Πατίρων.

942 4906 1194 4966 ΚΕΦΑΛ.
1226 4906 1355 4965 KA'.
1970 4917 2013 4973 υ

460 5019 626 5073 Κατὰ
653 5019 773 5073 τῶν
796 5019 1130 5111 caelantur
1158 5022 1232 5077 τὰ
1257 5024 1344 5095 μὴ
1368 4994 1848 5095 παραδεδομένα..

428 5177 499 5229 Εἰ
526 5172 619 5228 οὖν
653 5177 746 5229 καὶ
792 5177 902 5253 τῶν
942 5180 1351 5249 νενομισμένων
1400 5180 1581 5251 κρεῶν
1631 5181 1935 5252 ἀπέχεσθαι

353 5270 463 5340 χρὴ
508 5268 653 5321 κατὰ
699 5270 918 5340 καιρὸν,
956 5272 1052 5324 καὶ
1097 5272 1257 5325 τοῦτο
1295 5272 1666 5343 μαρτυροῦσιν
1695 5275 1746 5326 οί
1793 5275 1933 5328 ἀπό-

355 5361 537 5415 στολοι
577 5362 671 5413 καὶ
700 5362 749 5414 οί
781 5360 948 5430 ἅγιοι,
985 5362 1082 5425 τὰς
1114 5362 1369 5432 νηστείας
1415 5363 1512 5415 καὶ
1543 5363 1789 5436 Τετράδα
1839 5367 1932 5417 καὶ

351 5452 717 5524 Παρασκευὴν
758 5452 1206 5522 παραδεδωκότες
1236 5455 1540 5524 νηστεύειν,
1578 5456 1761 5525 πολλῷ
1790 5459 1929 5526 μᾶλ-

348 5543 444 5595 λον
476 5545 739 5613 ῥυπαρῶν
785 5544 941 5608 ζώων
984 5544 1079 5597 καὶ
1119 5544 1322 5613 θηρίων
1352 5550 1582 5616 κρέατος
1628 5549 1927 5617 ἀπέχεσθαι

352 5635 484 5706 χρὴ,
518 5630 594 5689 ῶν
621 5638 715 5687 καὶ
748 5638 885 5707 αὑτὴ
919 5638 951 5706 ἡ
999 5636 1158 5705 φύσις
1193 5639 1330 5707 πρὸς
1376 5638 1472 5709 τὴν
1518 5639 1720 5711 βρῶσιν
1749 5641 1927 5705 ἀηδῶς

351 5732 466 5799 εχει
504 5731 597 5784 καὶ
626 5728 904 5800 ἀπεχθῶς.
952 5730 1249 5799 Ἀκρασίας
1276 5731 1459 5783 τοίνυν
1490 5731 1646 5784 τοῦτο
1676 5733 1924 5805 σημεῖον,

354 5823 453 5877 καὶ
487 5821 787 5895 θηριώδους
819 5823 1044 5892 γνώμης
1069 5823 1163 5874 καὶ
1187 5822 1499 5886 διαθέσεως.
1531 5823 1640 5878 Καὶ
1670 5824 1777 5896 γὰρ
1804 5823 1925 5878 οὐδὲ

636 5917 903 5979 ΡΑτιιοι..
948 5921 1063 5979 Gn.
1098 5916 1271 5978 CLV.
1838 5934 1843 5943 -

2613 4900 2845 4958 CAPUT
2875 4901 3019 4958 XXI.

2039 5018 2245 5076 Contra
2274 5036 2359 5075 eos
2390 5019 2481 5089 qui
2518 5028 2798 5075 vescuntur
2828 5018 2957 5073 cibis
3000 5020 3293 5076 traditione
3344 5022 3615 5079 ecclesia-

2571 5092 2703 5144 stica
2753 5092 3084 5159 improbatis.

2110 5182 2278 5254 Igitur
2309 5182 2649 5253 sivlegalibus
2676 5184 2930 5239 carnibus
2963 5181 3107 5237 vesci
3140 5181 3412 5239 abstinere
3449 5200 3616 5257 opor-

2045 5284 2121 5332 tet
2163 5279 2462 5333 secundum
2496 5287 2732 5347 tempus,
2788 5276 2934 5345 quod
2984 5281 3255 5330 testantur
3286 5282 3520 5347 apostoli
3564 5292 3619 5337 et

2037 5368 2733 5439 sancti,jubentesjejunia
2782 5382 2876 5437 per
2929 5366 3281 5436 quatriduum
3338 5383 3393 5425 et
3452 5389 3614 5444 para-

2033 5473 2228 5515 sceven
2264 5459 2592 5522 exercenda,
2631 5457 2803 5511 multo
2841 5459 3015 5529 magis
3042 5460 3448 5517 immundorum
3493 5466 3618 5520 ani-

2035 5550 2254 5603 malium
2313 5566 2477 5606 Carne
2519 5550 2798 5605 abstinuere
2830 5550 3064 5620 oportet,
3097 5569 3331 5624 quorum
3368 5558 3482 5626 ipsa
3514 5574 3614 5612 na-

2035 5651 2155 5695 tura
2195 5641 2477 5696 horroretn
2536 5652 2591 5696 et
2650 5640 2926 5698 fastidium
2978 5655 3233 5714 generat,
3272 5664 3337 5703 ne
3385 5650 3615 5704 ntandu-

2033 5743 2246 5797 centur,
2282 5745 2335 5789 et
2370 5736 2594 5804 proinde
2618 5736 2721 5791 hoc
2780 5744 2865 5793 est
2913 5740 3344 5810 intemperantia
3395 5742 3614 5812 signum

2034 5828 2341 5899 ruentisque
2361 5826 2490 5885 fera:
2511 5838 2563 5885 et
2587 5830 2756 5887 animi
2780 5832 3093 5888 truculenti.
3118 5832 3233 5888 Non
3257 5834 3401 5888 enim
3438 5833 3612 5890 multa

3162 5925 3198 5985 ἃ.
