4040 6202
320 254 330 262 ·
377 225 474 288 10.7

1215 225 1596 286 svucoms
1631 227 2398 290 THESSALONICENSIS
2440 227 2808 289 ARCHIEP.
2859 213 2872 217 ’

3542 225 3646 293 108

374 318 629 372 animalia
669 330 832 372 carne
860 324 1190 388 vescuntur.
1221 317 1316 372 sed
1344 328 1551 372 tantum
1603 319 1784 373 bestizc
1848 333 1968 388 quze

2073 320 2244 374 πολλά
2269 321 2376 373 τῶν
2407 319 2563 384 ζώων
2597 316 2938 387 κρεωφαγεῖ,
2973 313 3110 371 ἀλλὰ
3139 315 3206 368 τά
3247 313 3518 386 αίμοόόρα
3555 320 3646 386 θη-

371 411 602 480 guudenl
617 409 901 479 sanguine,
917 417 970 463 et
985 425 1106 479 quae
1123 423 1286 463 carne
1301 418 1617 476 vescuntur,
1633 426 1740 464 non
1769 425 1962 480 quam-

373 504 502 556 libet
528 517 747 556 carnem
772 508 1021 569 tangunt,
1035 502 1126 557 sed
1153 502 1494 556 solummodo
1513 483 1894 557 mundioribus
1912 511 1964 555 ct

373 593 768 646 salubrioribus
803 599 1067 657 utuntur;
1109 608 1241 661 ergo
1264 595 1352 661 qui
1389 594 1474 648 his
1519 595 1662 649 escis
1714 595 1962 648 abutitur

369 685 793 753 intemperantia
858 685 1080 740 ducitur
1137 685 1392 755 ferasque
1462 687 1674 742 feritate
1709 700 1956 756 superat,

369 776 978 846 quasiirratioizabilem
1010 777 1229 832 haberet
1281 777 1541 831 ani-mam.
1600 777 1958 847 Purgamenta

369 885 500 923 vero
529 877 582 923 et
611 870 804 924 sordes
831 879 1054 939 gustare
1113 869 1315 924 mentis
1368 877 1451 923 est
1501 868 1957 922 immundissimat

368 973 421 1018 et
456 959 707 1018 obscena:
741 963 977 1031 feraeque
1020 970 1228 1016 natura:
1279 960 1401 1015 linis
1453 961 1703 1015 ultimus.
1775 959 1952 1012 Latini

369 1062 548 1106 autem
585 1053 782 1106 talibus
809 1060 1020 1106 utentes
1055 1067 1150 1106 nos
1178 1052 1267 1119 qui
1309 1052 1378 1104 ab
1420 1051 1540 1105 istis
1595 1051 1958 1105 abborremus

369 1145 596 1198 irrident
617 1145 778 1205 forte,
798 1144 1053 1218 quoniam
1075 1141 1450 1195 suntmaxime
1473 1142 1736 1208 religiosi,
1761 1142 1955 1196 corde-

366 1252 472 1306 qne
507 1235 889 1299 mumlissimi;
923 1248 976 1288 et
1009 1235 1088 1289 sic
1118 1250 1241 1298 erga
1274 1234 1399 1286 talia
1424 1249 1482 1288 se
1520 1234 1740 1288 habent.
1760 1233 1958 1290 Sacras

369 1333 563 1383 domos
605 1330 768 1394 vulgo
812 1329 1024 1396 pervias
1043 1327 1384 1396 relinquunt,
1419 1327 1647 1395 ipsaque
1681 1329 1838 1397 adyta
1901 1336 1956 1380 et

370 1423 632 1477 terribilia
660 1429 948 1490 penetrare
975 1421 1159 1473 sinunt
1179 1435 1284 1474 non
1315 1420 1571 1472 mulieres
1597 1429 1832 1479 tantum,
1857 1419 1954 1473 sed

365 1525 417 1568 et
443 1515 727 1583 cujuslibet
760 1513 933 1565 anatis
965 1513 1234 1575 homines,
1265 1510 1611 1569 fornicarios.
1641 1509 1954 1564 immundos

369 1608 627 1672 ipsoSque
688 1607 904 1674 impios,
978 1619 1084 1659 non
1159 1604 1554 1672 perpendentes
1615 1618 1736 1671 qua:
1805 1602 1951 1656 dicta

2073 414 2162 482 ρία
2193 414 2374 481 μόνον·
2407 413 2503 465 καὶ
2531 413 2598 465 τὰ
2625 407 3040 480 κρεοφαγοῦντα
3067 405 3124 459 δὲ
3154 409 3214 462 οὐ
3240 409 3420 477 πάσης
3448 403 3648 478 σαρκὸς

2069 507 2325 569 ἅπτεται,
2363 505 2500 558 ἀλλὰ
2549 503 2650 573 τῆς
2679 502 3079 572 καθαρωτέρας
3107 519 3168 556 τε
3208 500 3304 555 καὶ
3345 502 3648 570 ὑγιεινοτέ-

2069 616 2193 667 ρας.
2223 599 2365 666 ’Λρα
2397 599 2458 650 τὺ
2494 595 2889 667 παραχρῆσθαι
2921 597 3032 658 τοῖς
3060 594 3311 665 βρώμασι
3347 598 3443 648 καὶ
3465 596 3644 666 ἀκραο

2065 689 2174 751 τῶς
2212 689 2360 758 ἔχειν
2405 688 2545 757 πρὸς
2569 687 2710 740 αὐτά
2745 687 2840 741 καὶ
2871 687 3023 755 παρά
3054 685 3123 739 τὰ
3183 684 3349 756 θηρία
3381 686 3523 750 ἐστὶ,
3549 688 3645 739 καὶ

2071 781 2251 849 οἱονεὶ¹
2273 780 2471 847 ἀλόγου
2496 779 2703 850 ψυχῆς.
2736 779 2810 833 Τὸ
2834 778 2891 832 δὲ
2928 781 3024 832 καὶ
3057 778 3168 832 τῶν
3210 779 3648 849 περιττωμάτων

2063 873 2160 925 καὶ
2209 870 2389 941 οὔρων
2445 870 2706 936 γεύεσθαι
2761 869 3216 940 ἁκαθαρτοτάτης
3271 867 3503 938 γνώμης
3553 869 3648 920 καὶ

2066 963 2306 1032 μιαρᾶς,
2350 962 2445 1014 καὶ
2499 961 2599 1028 τῆς
2649 960 2950 1030 θηριώδους
2988 960 3158 1028 αὐτῆς
3209 960 3353 1028 πέρα
3409 959 3647 1029 φύσεως.

2061 1053 2195 1105 Οὐδὲ
2247 1051 2356 1122 γὰρ
2405 1054 2475 1105 τά
2525 1050 2691 1122 θηρία
2728 1050 3167 1122 περιττωμάτων
3217 1051 3365 1104 ἰδίων
3392 1050 3642 1118 γεύεται,

2060 1144 2372 1211 δεικνύντα,
2407 1144 2482 1206 ὡς
2512 1144 2575 1197 οὐ
2607 1143 2751 1196 κατά
2778 1143 2944 1212 φύσιν
2967 1142 3125 1197 τοῦτό
3151 1145 3321 1196 ἐστιν.
3373 1141 3566 1213 Ὅμως
3591 1143 3648 1197 δὲ

2058 1239 2280 1292 Λατῖνοι
2329 1239 2540 1290 τούτων
2586 1237 2912 1306 γευόμενοι,
2953 1237 3079 1298 τοὺς
3125 1236 3647 1305 ἀποστρεφομένους

2059 1329 2234 1384 ταῦτα
2291 1330 2672 1398 καταγελῶσιν
2719 1330 2908 1398 ἡμᾶς,
2957 1328 3032 1392 ὡς
3075 1327 3239 1396 δῆθεν
3271 1326 3459 1380 λεπτοί
3503 1342 3648 1390 τινες

2056 1424 2211 1486 ὄντες
2239 1424 2417 1487 αὐτοὶ,
2452 1425 2548 1478 καὶ
2597 1422 2695 1492 τὴν
2745 1421 2988 1476 διάνοιαν
3040 1420 3294 1490 καθαροί.
3344 1419 3454 1474 Καὶ
3504 1418 3650 1472 οὕτω

2061 1514 2161 1584 μὲν
2198 1515 2385 1582 ἔχουσι
2416 1514 2546 1582 περὶ
2577 1513 2646 1566 τά
2679 1512 2929 1567 τοιαῦτα.
2965 1513 3109 1574 Τοὺς
3145 1511 3202 1565 δέ
3241 1528 3303 1579 γε
3351 1513 3534 1580 ίεροὺς
3564 1509 3648 1562 of-

2059 1625 2188 1670 κους
2250 1607 2450 1675 βατοὺς
2501 1607 2748 1660 τίθενται
2800 1608 2916 1669 τοῖς
2967 1605 3204 1668 πολλοῖς,
3265 1605 3361 1658 καὶ
3395 1605 3535 1656 αὐτὰ
3577 1603 3648 1656 τὰ

369 1710 494 1753 sunt
532 1718 544 1753 :
578 1718 595 1750 ι
629 1699 805 1752 Nolite
828 1707 1076 1752 sanctum
1109 1697 1239 1750 dare
1284 1695 1514 1750 canibus
1545 1711 1560 1760 ;
1605 1712 1623 1745 ι
1656 1703 1710 1749 et
1740 1711 1753 1748 :
1791 1712 1808 1744 ι
1847 1694 1954 1747 Do.

2059 1700 2230 1753 ἄδυτα
2269 1700 2368 1752 καὶ
2395 1699 2624 1769 φρικτά’
2670 1699 2764 1752 καὶ
2811 1699 2872 1751 οὐ
2907 1697 3128 1766 γυναιξὶ
3162 1698 3322 1768 μόνον
3373 1696 3644 1767 είσιτητά,

367 1809 491 1846 mus
513 1807 629 1845 mea
652 1791 850 1845 domus
873 1790 1139 1844 orationis
1165 1788 1475 1852 vocabitur,
1517 1806 1534 1839 ι
1569 1795 1622 1840 et
1651 1795 1844 1842 caetera
1872 1796 1958 1850 ;et

368 1891 654 1954 propterea
675 1883 865 1940 zelav‘it
885 1880 1066 1942 .lesus,
1097 1882 1168 1935 ita
1200 1891 1255 1933 ut
1274 1890 1592 1936 mansuetus
1616 1880 1729 1949 ipse
1746 1879 1959 1948 ﬂagello

369 1965 530 2045 hujus
550 1975 717 2045 gratia
741 1983 1020 2036 uteretur;
1041 1983 1088 2027 et
1108 1988 1215 2027 non
1234 1973 1468 2037 sinebat,
1488 1984 1546 2026 ut
1563 1975 1828 2041 scriptum
1851 1982 1954 2037 est,

366 2080 427 2124 ut
449 2070 719 2138 quispiam
741 2066 1063 2120 transferret
1077 2080 1170 2118 vas
1185 2080 1278 2133 per
1304 2064 1563 2133 templum
1587 2079 1602 2128 ;
1627 2063 1755 2117 illud
1774 2070 1954 2117 autem

353 2163 628 2233 aemplum
651 2170 768 2215 erat
805 2159 973 2230 legale
999 2159 1298 2225 umbraque
1333 2155 1522 2216 futuri.
1580 2169 1726 2209 nunc
1773 2166 1955 2209 autem

367 2257 549 2325 majus
567 2263 652 2308 est
675 2252 896 2320 templo,
921 2250 1381 2320 quemadmodum
1405 2247 1656 2302 Salvator
1676 2247 1955 2302 desemct-

368 2351 487 2418 ipso
507 2347 641 2401 dixit
672 2362 688 2413 ;
723 2353 776 2399 et
809 2353 988 2397 tamen
1023 2349 1170 2396 tanta
1199 2341 1425 2396 audent.
1463 2341 1610 2416 lﬂihil
1649 2342 1843 2394 mirum
1862 2356 1958 2394 eos

368 2444 460 2514 qui
487 2442 631 2496 circa
658 2438 1050 2495 conscientiam
1081 2437 1423 2495 defecerunt,
1451 2436 1542 2504 qui
1585 2435 1958 2490 indiﬂerentcr

366 2547 422 2592 et
455 2536 641 2605 inique
699 2539 1125 2589 conversantur,
1161 2528 1306 2582 circa
1365 2527 1523 2581 fidem
1577 2525 1955 2596 naufragasse,

367 2637 524 2698 prout
549 2627 706 2680 docet
741 2623 964 2678 Paulus.
997 2620 1094 2675 Vel
1129 2621 1319 2683 etiam,
1363 2628 1421 2673 ut
1475 2633 1688 2674 rursum
1751 2618 1954 2676 dicam.

368 2718 504 2772 nihil
540 2718 737 2770 mirum
765 2730 860 2770 eos
885 2713 1028 2770 circa
1056 2712 1214 2766 fidem
1264 2726 1403 2766 nova
1427 2712 1703 2782 cogitasse
1731 2712 1822 2780 qui
1845 2711 1956 2767 cir-

363 2830 427 2868 ca
458 2810 650 2874 agendi
679 2808 942 2862 rationem
973 2806 1384 2860 declinaverunt
1404 2820 1419 2872 ;
1439 2819 1563 2857 nam
1589 2804 1691 2858 sibi
1720 2805 1954 2859 invicem

365 2906 701 2974 respondent
724 2901 858 2956 lides
887 2909 942 2955 et
972 2899 1080 2954 vita
1113 2915 1128 2965 ;
1157 2897 1361 2954 idcirco
1389 2897 1443 2951 hi
1474 2910 1694 2967 quoque
1734 2897 1825 2966 qui
1888 2912 1953 2951 ex

367 3000 685 3054 orthodnxis
723 2996 878 3050 fidem
930 3003 1079 3048 recte
1135 3002 1532 3062 cognoscentes
1588 2993 1732 3046 circa
1787 2992 1950 3047 vitam

365 3092 529 3144 soluti
561 3097 711 3154 sunt,
749 3101 922 3156 poma:
969 3091 1099 3140 sunt
1155 3083 1402 3151 obnoxii,
1464 3085 1571 3138 nisi
1631 3085 1950 3154 paenitentia

360 3192 418 3236 et
447 3180 774 3235 abstinentia
809 3196 834 3231 a
864 3178 1008 3231 malo
1031 3179 1400 3247 corrigantur.
1426 3175 1731 3246 Perpendat
1761 3179 1953 3232 scisci-

365 3286 489 3328 tans
521 3273 776 3338 quoniam
810 3271 899 3339 qui
927 3270 978 3323 in
1016 3276 1238 3339 peccata
1286 3267 1535 3322 incidunt
1583 3268 1763 3336 ignavi
1818 3270 1952 3324 liuut

363 3377 418 3421 et
447 3367 627 3436 frigidi
653 3378 816 3434 atque
848 3379 1062 3434 segnes,
1093 3371 1202 3416 tam
1237 3362 1382 3416 circa
1418 3363 1580 3416 verba
1616 3361 1736 3414 fidei
1789 3376 1948 3429 quam

365 3468 510 3519 circa
543 3474 728 3530 opera,
766 3472 943 3526 neque
976 3456 1246 3510 ferventes
1279 3461 1408 3509 sunt
1458 3454 1607 3508 circa
1667 3453 1846 3508 zelum
1895 3460 1952 3508 et

364 3550 831 3614 consuetudines;
865 3548 987 3602 ideo
1024 3562 1209 3602 verum
1261 3555 1345 3601 est
1401 3545 1548 3600 istud
1606 3545 1791 3598 fratris
1849 3546 1952 3599 Do-

367 3646 528 3700 m‘ni:
557 3665 574 3694 ι
599 3642 758 3696 Fides
775 3641 894 3694 sine
913 3639 1168 3708 operibus
1193 3646 1402 3692 mortua
1425 3646 1529 3703 est,
1554 3639 1697 3690 sicut
1713 3644 1766 3692 et
1787 3651 1952 3707 opera

366 3742 484 3794 sine
506 3739 629 3793 fide.
653 3735 790 3801 Quid
811 3743 988 3786 autem
1015 3731 1188 3785 Latini
1213 3732 1360 3784 circa
1383 3730 1762 3798 paenitentiam
1790 3732 1952 3785 inno-

365 3839 632 3888 vaveruut
659 3830 682 3882 ἲ
706 3830 840 3883 Cum
875 3841 1130 3896 magnum
1154 3825 1260 3878 hoc
1312 3823 1518 3878 donum
1583 3822 1637 3877 in
1668 3838 1816 3892 spem
1866 3838 1953 3878 sa-

367 3925 502 3980 lutis
557 3921 716 3977 nobis
746 3919 1081 3990 impertitum
1141 3916 1323 3982 fuerit,
1360 3916 1617 3986 aliudque
1650 3915 1951 3970 secundum

362 4017 637 4089 piaculum
665 4023 788 4084 post
812 4012 1082 4082 baptisma
1106 4009 1159 4064 in
1179 4008 1523 4064 confessione
1545 4015 1600 4064 et
1625 4007 1950 4063 absﬁuentia

366 4131 394 4166 a
416 4113 557 4166 man
585 4110 844 4179 laerymis
868 4106 1074 4160 nostris
1099 4117 1423 4158 concessum
1446 4101 1630 4161 fuerit.
1655 4116 1759 4170 qua
1781 4102 1953 4169 pretii-

366 4204 551 4258 tentim
585 4201 924 4272 propriasque
952 4195 1322 4250 accusationis
1358 4194 1531 4261 gratia
1564 4193 1745 4245 munis
1777 4190 1948 4245 ﬁdelis

333 4297 458 4365 _qei
508 4303 628 4364 post
683 4291 955 4359 baptisma
1015 4285 1262 4354 peccavit
1309 4285 1502 4337 salutis
1563 4283 1947 4336 conﬁdentiam

2059 1792 2194 1843 ἀλλὰ
2231 1793 2326 1844 καὶ
2361 1791 2550 1862 ἡλικίᾳ
2578 1791 2728 1863 πάσῃ
2764 1792 2860 1842 καὶ
2903 1791 3128 1859 πόρνοις
3162 1790 3257 1842 καὶ
3285 1788 3644 1859 ἀκαθάρτοις,

2061 1884 2155 1936 καὶ
2190 1883 2448 1936 ἀσεϐέσιν
2495 1883 2705 1945 αὐτοῖς,
2757 1883 2911 1935 οὐδὲν
2959 1880 3307 1952 λογιζόμενοι
3352 1881 3453 1948 τδ,
3503 1901 3522 1933 ι
3553 1881 3648 1952 Μὴ

2058 1974 2176 2027 δότε
2209 1975 2276 2026 τά
2309 1975 2444 2040 ἅγια
2477 1977 2588 2038 τοῖς
2622 1974 2774 2037 κυσὶ,
2817 1991 2835 2024 ι
2876 1972 2990 2036 καὶ,
3020 1992 3039 2024 ι
3080 1971 3140 2027 ὐ
3182 1969 3331 2036 οἶκός
3365 1990 3471 2042 μου
3497 1967 3648 2034 οἶκος

2064 2069 2378 2136 προσευχῆς
2414 2067 2773 2136 κληθήσεται,
2807 2085 2826 2116 ι
2855 2066 2948 2118 καὶ
2975 2066 3044 2119 τὰ
3075 2065 3224 2134 ἑξῆς,
3253 2068 3351 2118 καὶ
3381 2067 3472 2119 τὸν
3504 2067 3645 2138 ὑπὲρ

2059 2159 2252 2212 τούτου
2277 2159 2437 2229 ζῆλον
2471 2161 2567 2212 τοῦ
2609 2159 2812 2225 Ἰησοῦ,
2842 2161 2926 2213 ὅτι.
2969 2162 3064 2213 καὶ
3093 2161 3417 2230 φραγγελίῳ
3444 2160 3642 2214 τούτου

2059 2252 2220 2320 χάριν
2253 2253 2522 2321 ἐχρήσατο
2570 2252 2809 2321 ὁ-πραΰς
2833 2267 2847 2282 ⁸
2911 2251 3008 2304 καὶ
3047 2251 3170 2304 οὐδὲ
3206 2251 3391 2321 ἤφιεν,
3438 2252 3516 2315 ὡς
3553 2253 3646 2321 γέ-

2060 2361 2327 2413 γραπται,
2361 2344 2447 2397 ἵνα
2497 2361 2578 2406 τις
2617 2345 2813 2409 σκεῦος
2861 2345 2949 2398 διὰ
2999 2343 3094 2398 τοῦ
3145 2345 3292 2415 ἱεροῦ
3327 2333 3642 2419 είσενέγκῃ,

2061 2441 2152 2493 καὶ
2185 2439 2360 2491 ταῦτα
2397 2439 2627 2508 νομικοῦ
2661 2439 2756 2492 καὶ
2799 2439 3063 2502 σκιώδους
3111 2439 3266 2503 ὄντος
3294 2441 3508 2497 ἐκείνου
3540 2442 3637 2496 τοῦ

2057 2531 2210 2586 ναοῦ.
2247 2531 2361 2584 Νῦν
2405 2531 2462 2584 δὲ
2499 2532 2685 2601 μεῖζον
2718 2533 2814 2585 τοῦ
2864 2531 3012 2602 ἱεροῦ
3046 2531 3194 2586 ἔστιν
3235 2526 3365 2600 ὧδε,
3395 2537 3423 2588 ὁ
3451 2534 3644 2606 Σωτὴρ

2061 2629 2187 2698 περὶ
2222 2627 2332 2679 τῶν
2383 2625 2551 2680 αὐτοῦ
2605 2641 2763 2696 φησι.
2796 2626 2908 2679 Καὶ
2957 2625 3110 2695 ὅμως
3152 2625 3222 2678 τὰ
3252 2626 3482 2682 τοιαῦτα
3522 2627 3644 2682 τολ-

2061 2720 2224 2788 μῶσι.
2259 2718 2373 2772 Καὶ
2401 2718 2463 2770 οὐ
2496 2718 2842 2788 θαυμαστόν.
2870 2720 2936 2772 Οἱ
2967 2721 3073 2790 γὰρ
3114 2720 3244 2790 περὶ
3270 2720 3372 2791 τὴν
3397 2722 3645 2785 συνείδη-

2061 2829 2148 2865 σιν
2201 2812 2606 2880 ἀστοχήσαντες
2664 2811 2972 2879 ἀδιαφόρως
3026 2812 3230 2874 ζῶντες
3285 2812 3382 2866 καὶ
3424 2813 3641 2880 ὲναγῶς

2060 2907 2155 2956 καί
2213 2906 2343 2972 περὶ
2391 2900 2492 2971 τὴν
2547 2905 2729 2954 πίστιν
2775 2903 3151 2971 ἐναυάγησαν,
3185 2904 3262 2966 ὡς
3311 2904 3520 2967 Παῦλος
3569 2905 3646 2957 δι-

2061 2995 2280 3050 δάσκει.
2314 2995 2405 3046 Διὸ
2438 2993 2532 3046 καὶ
2566 2993 2730 3046 πάλιν
2763 2994 2912 3046 ἐστιν
2945 2995 3144 3058 εἰπεῖν,
3177 2993 3257 3057 ὡς
3291 2995 3343 3048 oi
3382 2995 3514 3062 περὶ
3545 2994 3646 3064 τὴν

2016 3076 2026 3097 ³
2058 3088 2246 3139 πίστιν
2275 3086 2774 3156 καινοτομήσαντες
2806 3087 2900 3140 καὶ
2927 3089 3054 3157 περὶ
3076 3086 3172 3140 τὸν
3198 3086 3311 3157 βίον
3342 3087 3641 3151 ἐξέκλιναν.

2071 3174 2338 3252 Ἐχόμὲνα
2389 3179 2497 3248 γάρ
2531 3166 2780 3255 ἀλλήλων
2834 3178 2942 3232 εἰσὶ
2985 3181 3168 3243 πίστις
3217 3179 3314 3232 καὶ
3361 3179 3497 3249 βίος.
3549 3180 3643 3233 Διὸ
3695 3227 3702 3235 .

2054 3272 2300 3325 καὶτῶν
2351 3269 2650 3342 ὀρθοδόξων
2701 3271 2846 3334 τινὲς
2895 3272 3022 3338 περὶ
3076 3272 3176 3342 τὴν
3222 3271 3409 3326 πίστιν
3457 3272 3643 3337 καλῶς

2059 3365 2365 3432 ἱστάμενοι,
2401 3364 2534 3434 περὶ
2566 3363 2658 3417 τὸν
2717 3363 2832 3434 βίον
2884 3363 3249 3432 ἡμεληκότες,
3299 3364 3476 3435 ἔνοχοί
3532 3367 3644 3418 είσι
3684 3361 3693 3370 ⁷

2055 3459 2122 3525 τῇ
2149 3457 2392 3520 κολάσει,
2425 3457 2473 3508 εί
2509 3456 2582 3527 μὴ
2619 3455 2880 3527 μετανοίᾳ
2909 3456 3003 3508 καὶ
3021 3457 3086 3526 τῇ
3119 3456 3227 3509 τῶν
3249 3455 3435 3511 κακῶν
3457 3457 3641 3527 ἀποχῇ

2053 3547 2414 3618 διορθωθῶσι.
2444 3549 2554 3601 Καὶ
2587 3548 2952 3617 κατανοήσειέ
2971 3566 3054 3611 τις
3086 3549 3346 3618 ἐρευνῶν,
3374 3550 3450 3610 ὼς
3475 3552 3642 3620 ἡνίκα

2056 3642 2467 3710 περιπίπτωσιν
2503 3641 2812 3711 ἁμαρτίαις
2852 3640 3021 3703 τινὲς,
3053 3640 3283 3711 ἀμελεῖς
3313 3641 3409 3695 καὶ
3439 3641 3643 3712 ψυχροὶ

2053 3732 2201 3785 οὗτοι
2228 3734 2318 3785 καί
2353 3731 2592 3803 ῥᾴθυμοι
2629 3734 2727 3785 καὶ⁹
2775 3733 2906 3803 περὶ
2953 3732 3063 3786 τῶν
3111 3732 3215 3800 τῆς
3245 3733 3485 3794 πίστεώς
3535 3734 3643 3787 είσι.

2053 3825 2229 3892 λόγων
2260 3827 2350 3878 καὶ
2390 3825 2594 3895 ἔργων,
2629 3826 2724 3878 καὶ
2765 3826 2827 3878 οὐ
2864 3825 3060 3894 θερμοὶ
3107 3827 3236 3897 περὶ
3265 3826 3357 3878 τὸν
3390 3827 3553 3899 ζῆλόν
3579 3845 3640 3880 τε

2052 3918 2150 3970 καὶ
2177 3918 2246 3970 τὰ
2273 3917 2394 3988 ἔθη.
2430 3919 2522 3970 Διὸ
2551 3919 2646 3972 καὶ
2676 3917 2880 3986 ἀληθὲς
2909 3918 2974 3969 τὸ
3008 3919 3101 3971 τοῦ
3137 3919 3466 3987 Θεαδέλςου,
3504 3939 3523 3972 ι
3574 3920 3641 3974 Ἥ

2057 4007 2243 4070 πίστις
2276 4007 2448 4077 χωρὶς
2491 4007 2600 4059 τῶν
2649 4006 2828 4076 ἔργων
2881 4007 3053 4077 νεκρά
3093 4009 3234 4073 ἐστι,
3269 4010 3366 4062 καὶ
3397 4009 3464 4062 τά
3494 4008 3636 4079 ἔργα

2056 4099 2229 4167 χωρὶς
2258 4097 2360 4164 τῆς
2392 4096 2655 4158 πίστεως.
2688 4115 2706 4148 ι
2744 4097 2810 4149 Τί
2842 4097 2898 4148 δὲ
2919 4097 3140 4151 Λατῖνοι
3183 4097 3280 4150 καὶ
3311 4103 3442 4169 περὶ
3477 4117 3646 4167 μετα-

2056 4191 2206 4252 νοίας
2243 4190 2782 4259 κεκαινοτομὴκασ·ι;
2815 4191 2924 4243 Τοῦ
2956 4190 3197 4258 μεγάλου
3229 4190 3422 4244 τούτου
3457 4193 3636 4261 δώρου

2050 4281 2130 4342 είς
2158 4280 2353 4335 ἐλπίδα
2387 4282 2667 4350 σωτηρίας
2699 4282 2835 4350 ἡμῖν
2881 4282 3286 4352 δεδωρημένου,
3323 4284 3419 4336 καὶ
3458 4283 3640 4334 δευτέ-

364 4386 696 4453 assequitur,
735 4381 810 4434 illi
840 4387 1033 4433 contra
1083 4375 1303 4445 regulas
1349 4373 1805 4441 traditionemque
1853 4372 1954 4426 Pa-

2061 4391 2156 4445 ρου
2191 4372 2353 4428 ἄλλου
2399 4374 2539 4443 μετά
2582 4373 2642 4427 τὸ
2687 4373 2914 4444 λουτρὸν
2949 4374 3255 4444 καθαρσίου
3288 4377 3345 4426 ὲν
3388 4374 3636 4443 ἐξομολος

365 4489 510 4531 trum
543 4482 765 4544 agentes
793 4476 1099 4538 arguuntur
1131 4483 1146 4532 ;
1179 4464 1439 4535 equidem
1472 4466 1538 4518 ad
1574 4464 1948 4520 confitendum

299 4573 302 4576 ’
368 4575 618 4631 eurmnt,
648 4580 757 4620 non
790 4572 971 4616 autem
1007 4560 1238 4614 multum
1279 4558 1565 4622 curantde
1617 4559 1946 4612 abstinentia

371 4679 398 4716 a
434 4670 659 4729 peccato
689 4673 703 4714 ι
743 4657 852 4708 imo
877 4651 1127 4723 quaedam
1153 4648 1430 4719 prohibita
1462 4648 1710 4718 patrandi
1751 4663 1779 4700 a
1811 4662 1947 4716 papa

367 4755 612 4824 ipsisque
637 4745 907 4817 episcopis
931 4741 1242 4798 facultatem
1260 4741 1620 4810 impetrantet
1647 4741 1944 4811 accipiunt,

323 4850 327 4857 '
373 4846 670 4913 multisque
695 4841 856 4895 datur
887 4836 1105 4891 licentia
1150 4849 1313 4888 carne
1367 4832 1553 4888 utendi
1613 4832 1943 4886 sanctissimi

363 4939 558 5010 jejunii
601 4947 865 5004 tempore,
896 4938 949 4985 et
980 4927 1101 4983 aliis
1131 4927 1378 4997 pellicem
1413 4926 1643 4980 habendi
1682 4934 1736 4979 et
1801 4939 1948 4992 quac-

368 5045 587 5100 cunque
654 5024 909 5095 petierint
966 5019 1151 5074 illicita
1203 5017 1472 5082 obtinent,
1525 5031 1701 5085 neque
1763 5014 1951 5083 paucis

369 5126 478 5178 dici
519 5130 698 5194 potest
753 5127 960 5187 quanta
1029 5120 1223 5166 contra
1275 5108 1713 5162 Christianorum
1785 5107 1948 5160 vitam

369 5219 701 5282 l’atrumque
731 5221 972 5266 canones
1003 5217 1165 5274 agere
1199 5199 1694 5254 non.erubescunt..

2004 4483 2009 4487 ·
2058 4465 2220 4536 γήσει.
2249 4467 2342 4516 καί¹
2371 4466 2548 4535 ἀποχῇ
2587 4463 2761 4518 κακοῦ
2814 4464 3212 4535 βραϐευθέντος
3251 4465 3381 4535 ἡμῖν
3415 4468 3510 4518 καὶ
3547 4465 3640 4517 δά-

2058 4571 2281 4624 κρυσιν,
2316 4557 2373 4607 ὲν
2407 4546 2450 4622 ᾧ
2478 4554 2788 4624 χαρίσματι
2823 4554 2921 4622 τῆς
2958 4547 3252 4622 μετανοίας
3291 4572 3350 4606 τε
3388 4554 3484 4606 καὶ
3518 4553 3639 4620 ἐξα-

2057 4648 2366 4717 γορεύσεως
2425 4648 2534 4710 πᾶς
2582 4647 2774 4708 πιστὸς
2832 4647 2927 4716 τὴν
2982 4645 3309 4712 προσδοκίαν
3367 4646 3633 4712 κέκτηται

2053 4737 2150 4790 τοῦ
2185 4737 2430 4808 σωθῆναι
2477 4736 2812 4806 ἁμαρτήσας
2851 4737 2989 4805 μετά
3042 4735 3101 4787 τὸ
3136 4734 3454 4806 βάπτισμα,
3490 4729 3635 4787 οὗτοι

2057 4829 2210 4900 παρὰ
2243 4829 2370 4893 τοῗις
2401 4829 2561 4896 ὄρους
2586 4829 2679 4880 καὶ
2702 4827 2861 4879 τοῦτο
2903 4829 3075 4879 ποιεῖν
3108 4823 3217 4879 τῶν
3252 4827 3510 4894 Πατέρων
3543 4826 3638 4879 καὶ

2052 4923 2149 4990 τὴν
2167 4920 2484 4990 ,παράδοσιν
2515 4918 2955 4972 ἀποδείκνυνται.
3013 4919 3124 4971 Καὶ
3173 4919 3334 4988 δῆθεν
3369 4920 3472 4986 μὲν
3498 4920 3638 4988 πρὸς

2050 5016 2154 5084 τὴν
2192 5011 2588 5082 ἐξομολόγησιν
2621 5012 2933 5081 τρέχουσινο
2964 5012 3066 5063 οὐκ
3089 5009 3430 5080 ἀποσχέσθαι
3455 5009 3513 5062 δὲ
3539 5009 3634 5062 τοῦ

2055 5106 2229 5160 κακοῦ
2289 5105 2447 5172 λόγος
2505 5104 2673 5166 πολὺς
2735 5103 2868 5173 παρ’
2922 5088 3128 5167 αὐτοῖς.
3177 5104 3340 5158 Ἀλλά
3384 5105 3478 5154 καὶ
3526 5102 3636 5152 τῶν

2056 5198 2162 5267 33
2226 5195 2692 5265 ἀπηγορευμένων
2736 5194 2858 5247 τινὰ
2909 5195 3172 5265 πράττειν
3220 5193 3373 5264 παρά
3417 5209 3478 5245 τε
3533 5191 3627 5243 τοῦ

364 5311 594 5371 πάππα,
653 5306 746 5358 καὶ
803 5303 911 5374 τῶν
947 5296 1266 5352 ἐπισκόπων
1325 5293 1528 5356 αὐτῶν,
1588 5290 1939 5363 συγχώρησιν
1979 5291 2254 5356 ὲξαιτοῦσί
2305 5307 2363 5341 τε
2418 5293 2512 5342 καὶ
2561 5289 2917 5358 λαμϐάνουσι,
2965 5293 3060 5344 καὶ
3134 5288 3339 5342 δίδοται
3403 5285 3631 5348 πολλοῖς

367 5403 522 5457 ἄδεια
554 5399 784 5468 κρέατος
835 5379 1084 5465 μετέχειν
1137 5391 1215 5460 τῷ
1302 5387 1481 5457 καιρῷ
1530 5385 1628 5454 τῆς
1674 5385 1986 5454 ἁγιωτάτης
2062 5381 2335 5452 νηστείας,
2392 5383 2487 5433 καὶ
2539 5382 2718 5442 ἄλλοις
2774 5382 3057 5451 παλλακὴν
3113 5379 3278 5449 ἔχειν,
3333 5377 3428 5432 καὶ
3483 5377 3632 5440 ἅπερ

367 5497 688 5563 αἰτήσονται
737 5489 878 5542 ἄλλα
911 5486 1031 5538 τινὰ
1075 5484 1182 5535 τῶν
1234 5482 1512 5550 ἀθεμίτων
1563 5478 1905 5548 λαμϐάνουσι.
1935 5496 1946 5508 ·
1985 5481 2077 5532 καὶ
2109 5477 2296 5539 ἁπλῶς
2331 5477 2430 5528 οὐκ
2455 5476 2602 5527 ἔστιν
2629 5476 2826 5540 εἰπεῖν,
2865 5476 2964 5527 ὅσα
2999 5475 3150 5542 παρὰ
3213 5475 3310 5543 τὴν
3367 5473 3636 5546 Χριστια-¹

368 5587 528 5653 νικὴν
557 5582 702 5650 ζωὴν
729 5581 824 5631 καὶ
855 5580 979 5638 τοὺς
1012 5575 1118 5627 τῶν
1146 5572 1404 5642 [Ιατέρων
1434 5571 1665 5632 κανόνας
1701 5572 1948 5638 ἐνεργεῖν
1987 5571 2086 5621 οὐκ
2120 5567 2489 5635 αἰσχύνονται.

435 5676 691 5733 Elei-frus.
727 5671 926 5742 Quare,
955 5668 1195 5730 domine,
1234 5665 1452 5734 quidam
1505 5681 1570 5719 ex
1625 5665 1825 5719 nostris
1887 5662 1954 5717 de

2136 5662 2446 5729 Ιίληρικός.
2483 5662 2590 5715 Καὶ
2639 5663 2773 5728 πῶς,
2811 5661 3064 5723 δέσποτα,
3105 5659 3211 5716 τῶν
3239 5659 3522 5731 ἡμετέρων
3555 5677 3634 5713 τια
3719 5717 3732 5724 ,
