4040 6202
379 267 464 333 109
1375 249 1758 326 DiALOGUS
1796 251 2100 325 CONTRA
2149 248 2541 325 [massas

3489 256 3594 326 lio

373 389 447 449 νὲς
466 383 519 438 οὗ
545 379 714 436 πολὺν
743 381 1004 454 ἡγοῦνται
1033 381 1125 434 τὸν
1163 377 1424 449 περὶτῶν
1445 381 1708 434 τοιούτων
1733 378 1914 446 λόγον,

2030 377 2226 433 talibus
2257 393 2366 432 non
2403 389 2654 446 magnam
2683 373 2952 432 rationem
2989 373 3210 438 habent,
3247 373 3346 430 sed
3391 381 3604 429 tantum

372 479 484 533 ἀλλὰ
505 475 745 545 περὶτοῦ
773 472 1044 543 συμϐόλου
1071 471 1234 543 μόνον
1259 471 1488 541 ζητοῦσι
1513 473 1616 541 τῆς
1641 471 1880 533 πίστεως
1899 511 1916 536 ,

373 569 450 627 κοί
477 585 656 637 φασιν,
695 567 770 629 ὡς
810 567 860 620 εί
900 563 1062 618 τοῦτο
1100 563 1261 634 μόνον
1289 562 1468 633 ὀρθῶς
1499 561 1783 616 ἐϐούλοντο
1829 563 1919 614 λέ-

373 681 470 732 γειν
491 661 550 713 τδ
579 657 880 730 ἱερώτατον
899 655 1191 726 σύμϐολον,
1226 655 1328 709 οὐκ
1374 656 1695 708 ἀπεσείοντο
1721 654 1790 708 ἂν
1815 654 1916 706 αύ-

367 755 472 815 τοῦς
503 752 586 804 διὰ
613 751 684 803 τὰ
722 749 887 802 λοιπά
920 764 936 815 ;
973 747 1164 800 Καίτοι
1214 759 1279 815 γε
1339 746 1576 822 μέγιστα
1625 747 1722 799 καὶ
1773 745 1918 800 κατὰ

367 847 448 913 τῆς
470 839 752 912 όρθοδόξου
801 840 898 893 καὶ
942 838 1200 900 εὐσεϐοῦς
1232 839 1377 906 ζωῆς
1409 837 1479 889 τὰ
1515 837 1916 906 προειρημένα,

364 939 444 991 καὶ
483 935 720 986 πλεῖστοι
769 931 884 984 τῶν
917 931 1090 998 ἁγίων
1123 930 1340 1000 ἀνδρῶν
1384 931 1480 984 καὶ
1524 929 1668 996 ὑπὲρ
1705 928 1920 997 μικρῶν

363 1045 503 1080 τινων
533 1025 802 1078 τοιούτων
834 1023 998 1093 ζῆλον
1025 1023 1156 1092 ἄχρι
1178 1023 1274 1075 καὶ
1301 1022 1542 1075 θανάτου
1574 1020 1764 1091 σχεδὶν
1793 1021 1922 1072 ἑπε-

363 1119 584 1184 δείξαντο
614 1119 895 1184 μέγιστον.
929 1115 1024 1177 Τίς
1051 1105 1150 1167 οῦν
1177 1116 1205 1166 ὁ
1235 1115 1365 1183 περὶ
1392 1112 1586 1166 τούτου
1614 1113 1770 1179 λόγος
1793 1127 1808 1178 ς

435 1209 776 1279 Ἀρχιερεῦς.
803 1203 996 1276 Οἶμαι,
1027 1205 1248 1274 ἀδελφὲ,
1269 1204 1346 1267 ὡς
1379 1207 1492 1268 τοῖς
1522 1203 1786 1257 τοιούτοις
1809 1202 1918 1254 τῶν

363 1301 632 1371 ἡμετέρων
663 1299 764 1364 οὐκ
792 1296 1120 1366 ἐγνωσμένα
1151 1293 1410 1364 καθαρῶς
1447 1293 1516 1347 τὰ
1563 1292 1717 1364 παρὰ
1749 1291 1918 1346 Λατί-

372 1411 484 1456 νοις.
521 1394 588 1446 Ei.
615 1393 672 1444 δὲ
705 1391 804 1472 καὶ
850 1393 1061 1443 τούτων
1099 1389 1278 1442 οἴδασί
1307 1403 1450 1451 τινα,
1501 1387 1624 1439 ἐπεὶ.
1654 1387 1749 1439 καὶ
1787 1385 1920 1454 περὶ⁹

360 1485 454 1540 τῶν
483 1485 712 1552 ἀζύμων
741 1483 978 1536 πλεῖστα
1005 1481 1193 1534 πολλοὶ
1218 1481 1546 1550 γράφουσιν,
1576 1479 1652 1541 ὼς
1675 1478 1738 1532 ού
1760 1476 1920 1547 θέμις

361 1575 527 1643 ἄζυμα
563 1574 924 1645 προσφέρειν,
961 1571 1100 1625 ἀλλὰ
1129 1572 1197 1624 τὰ
1240 1570 1412 1624 πλείω
1465 1571 1568 1622 οὐκ
1611 1569 1813 1622 ίσασιν.
1855 1565 1918 1620 Ei

362 1667 410 1718 δὲ
437 1663 529 1718 καί
566 1665 720 1725 τινές
749 1665 856 1717 eiut
907 1663 1016 1716 τῶν
1060 1663 1298 1722 εἰδότων.
1352 1660 1716 1728 οτκονομικῶς
1762 1659 1920 1712 τοῦτο

2023 474 2092 528 de
2121 471 2380 542 Symbolo
2399 473 2520 529 ﬁdei
2538 477 2874 530 contendunt
2901 481 3066 544 alque
3091 474 3282 529 dicunt
3311 471 3600 543 quoniam,
3685 543 3698 560 Ι

2024 567 2070 620 si
2102 567 2246 621 istud
2283 566 2688 620 sanctissimum
2730 567 3036 638 symbolum
3073 565 3424 621 solummodo
3458 571 3609 619 recte

2025 653 2208 708 dicere
2241 655 2462 720 vellent,
2493 647 2589 708 eos
2621 667 2841 724 preptcr
2877 666 3076 708 caetera
3151 669 3256 707 non
3309 651 3612 722 ejicerent?

2018 745 2154 798 Nam
2184 746 2366 813 gravia
2399 754 2530 799 sunt
2557 752 2744 800 contra
2776 747 3130 799 orthodoxam
3157 745 3412 814 piamque
3439 745 3606 798 vitam

2021 851 2146 906 qua:
2186 850 2350 906 supra
2383 837 2682 906 promlisti,
2717 847 2768 891 ct
2799 838 3044 908 plerique
3059 837 3158 889 viri
3189 837 3360 891 sancti
3392 847 3611 906 propter

2025 927 2160 980 istas
2199 941 2288 980 res
2318 941 2514 995 parvas
2549 929 2841 980 maximum
2869 937 3028 994 atque
3049 927 3284 996 ﬂagrans
3307 927 3416 981 fere
3440 943 3612 996 ttSque

2021 1018 2089 1072 ad
2119 1029 2350 1072 mortem
2378 1019 2620 1072 studium
2643 1021 3034 1074 exhibucrunt.
3085 1017 3226 1084 Quid
3259 1032 3390 1090 ergo
3415 1017 3482 1074 de
3508 1019 3613 1073 hoc

2023 1109 2160 1164 dicis
2197 1110 2220 1162 ?

2099 1202 2372 1275 Pontifex.
2407 1208 2640 1271 Censeo,
2677 1206 2862 1270 frater,
2891 1206 3098 1260 nostris
3131 1204 3240 1260 illis
3301 1219 3408 1258 non
3461 1202 3610 1270 peni-

2021 1307 2112 1352 tus
2142 1301 2396 1370 cognosci
2421 1315 2542 1370 qua:
2569 1300 2708 1372 apud
2735 1299 2959 1354 Latinos
2993 1299 3126 1353 liuttt
3159 1298 3612 1366 ;equitletnnon-

2022 1390 2169 1445 nulla
2195 1401 2488 1456 noverunt,
2508 1407 2632 1446 cum
2667 1391 2821 1446 multi
2852 1391 3004 1460 plura
3035 1391 3104 1444 de
3135 1390 3340 1461 azymis
3370 1389 3612 1458 scripse-

2022 1486 2134 1537 rint
2157 1487 2414 1555 quoniam
2448 1499 2636 1557 azyma
2666 1483 2864 1540 oll‘errc
2895 1499 2998 1537 non
3029 1486 3174 1548 licet,
3201 1483 3294 1538 sed
3343 1482 3606 1552 pleraque

2021 1591 2128 1630 non
2159 1577 2340 1632 sciunt
2375 1594 2391 1642 ;
2423 1578 2568 1648 quod
2605 1579 2648 1632 si
2679 1578 2899 1646 quidam
2925 1584 3286 1645 cognoscant,
3333 1577 3429 1638 ita.
3485 1575 3610 1642 opi-

2021 1683 2140 1734 nor,
2166 1683 2230 1724 οι
2261 1671 2542 1739 pr0posito
2565 1669 2896 1740 agunt,quia
2925 1669 3226 1722 votuttteos
3257 1665 3324 1722 ad
3349 1666 3414 1720 ad
3448 1655 3614 1734 capu‘

359 1757 616 1824 λέγουσιν,
647 1756 722 1820 ὡς
769 1753 949 1824 οἶμαι,
984 1753 1322 1824 ἐπανορθοῦν
1347 1752 1546 1815 αὐτοὺς
1578 1751 1658 1819 τῷ
1689 1767 1912 1820 καιριω-

2030 1762 2356 1831 praecipuum
2391 1761 2548 1816 ﬁdem
2581 1762 2874 1830 corrigere,
2905 1770 2960 1816 ct
2991 1761 3072 1816 sic
3103 1760 3364 1832 paulatim
3385 1758 3452 1814 ad
3483 1773 3615 1815 cor-

331 1839 484 1922 ’τιρῳ
515 1853 583 1920 τῇ
617 1851 804 1902 πίστει
838 1847 1178 1918 βουλόμενοι,
1228 1847 1322 1900 κα)⁸
1353 1843 1496 1898 οὕτω
1539 1845 1683 1897 κατά
1731 1842 1926 1912 μικρὸν

358 1941 480 2010 πρὸς
505 1941 608 2011 τὴν
637 1940 932 2012 διόρθωσιν
965 1939 1061 1994 καὶ
1089 1935 1200 1990 τῶν
1231 1935 1440 1990 λοιπῶν
1470 1933 1779 2004 ἐπιφέρειν.

927 2075 1179 2132 ΚΕΦΑΛ.
1215 2075 1344 2128 ΚΒ’.

353 2195 470 2250 Ὅτι
496 2193 602 2248 καὶ
627 2192 750 2248 ἀπὸ
780 2191 903 2246 τῶν
934 2190 1280 2246 δοκούντων
1301 2185 1534 2258 μικρῶν
1571 2187 1669 2243 δεῖ
1702 2187 1926 2258 προσέσ-

1069 2278 1222 2330 χειν.

412 2379 534 2432 Ὀτι
574 2377 632 2432 δὲ
659 2375 760 2432 καὶ
781 2377 898 2440 τοῖς
939 2373 1259 2437 ἀποστόλοις
1303 2372 1463 2443 ἔμελε
1495 2373 1590 2426 καὶ
1633 2373 1764 2442 περὶ
1815 2374 1926 2425 τῶν

347 2471 646 2525 δοκούντων
684 2469 902 2539 μικρῶν
929 2465 1278 2536 διορθοῦσθαι
1311 2465 1440 2524 τοὺς
1462 2463 1732 2526 εὐσεϐεῖς,
1765 2464 1925 2532 δῆλον

350 2564 404 2628 ἐξ
435 2559 506 2616 ὧν
538 2563 798 2632 ἔγραψαν
823 2562 938 2623 τοῖς
993 2558 1108 2614 ἀπὺ
1157 2559 1268 2612 τῶν
1325 2557 1496 2610 ἐθνῶν
1544 2557 1632 2610 διὰ
1670 2557 1926 2625 Βαρνάϐα

347 2657 434 2710 καὶ
465 2655 710 2720 Παύλου,
761 2653 846 2706 ὅτι
899 2650 1204 2722 ἀπέχεσθαι
1253 2649 1362 2721 χρὴ
1413 2649 1784 2704 είδωλοθύτων
1829 2651 1924 2702 καὶ

349 2746 602 2816 πορνείας
630 2761 692 2798 τε
721 2744 820 2797 καὶ
841 2741 1092 2796 πνικτοῦ.
1117 2740 1398 2810 Ὅπερ(τδ
1415 2742 1548 2811 περὶ
1567 2739 1663 2792 τοῦ
1692 2737 1922 2792 πνικτοῦ

347 2837 568 2910 δηλαδὴ)
601 2837 798 2904 ὀλίγον.
817 2830 959 2890 εἶναι
991 2834 1141 2888 δοκεί
1186 2835 1283 2888 καὶ
1312 2833 1424 2886 τῶν
1466 2831 1752 2902 ἡμετέρων
1795 2831 1924 2884 πολ-

345 2931 468 2996 λοῖς,
513 2928 787 2993 καθάπαξ
840 2927 899 2980 δὲ
951 2925 1282 2986 ἁπεναντίας
1335 2925 1448 2987 τοῖς
1499 2924 1824 2986 ἀποστόλοις
1864 2924 1925 2976 τ’)

345 3025 544 3080 πνικτὰ
573 3023 780 3077 ἐσθίειν
808 3019 1075 3083 Λατίνους
1111 3019 1280 3092 πᾶσιν
1311 3014 1476 3086 ἔργον
1507 3015 1656 3068 ἐστὶν
1683 3015 1924 3083 ἀπαραί-

2037 1855 2337 1908 rectionem
2379 1863 2710 1909 ceterorum
2749 1855 3045 1908 adducere.

2595 2075 2823 2132 CAPUT
2873 2073 3040 2132 XXII.

2173 2192 2506 2288 Quodoetium
2545 2194 2598 2246 in
2635 2192 2812 2262 parvis
2838 2203 3188 2249 cautum'ease
3209 2201 3470 2263 oporteat.

2109 2375 2399 2444 Apostolos
2433 2387 2655 2442 operam
2686 2367 2902 2429 dedisse
2929 2382 2988 2427 ut
3013 2371 3116 2427 viri
3169 2372 3411 2446 religiosi
3441 2373 3610 2429 etiam

2028 2472 2172 2528 circa
2195 2485 2255 2524 ea
2293 2482 2416 2538 qum
2443 2482 2607 2537 parva
2636 2467 2910 2535 videntur,
2934 2467 3340 2536 corrigerentur
3363 2477 3512 2538 patet
3541 2483 3610 2523 ex

2029 2563 2115 2617 his
2138 2576 2260 2630 «ιιιω
2284 2560 2624 2630 scripserunt
2653 2561 2718 2614 ad
2749 2559 2932 2617 ﬁdeles
2955 2576 3022 2616 ex
3053 2560 3308 2630 gentibus
3341 2575 3439 2631 per
3469 2560 3610 2616 Bar-

2029 2655 2226 2708 nabam
2249 2663 2304 2707 et
2337 2653 2589 2718 Paulum,
2637 2654 2896 2722 quoniam
2948 2655 3220 2710 abstinere
3274 2664 3494 2724 oportet
3539 2655 3610 2710 b

2027 2745 2368 2816 idolothytis,
2402 2759 2432 2798 a
2466 2745 2824 2800 fornicatione
2845 2756 2900 2820 et
2929 2745 3212 2812 sttll‘ocato,
3243 2748 3384 2818 quod
3420 2748 3612 2818 (sumt-

2026 2848 2208 2892 catum
2239 2837 2470 2906 scilicet)
2501 2852 2728 2906 parvum
2759 2838 2974 2894 videtur
3005 2839 3190 2893 multis
3219 2840 3381 2894 etiam
3418 2855 3482 2895 ex
3514 2855 3612 2895 no-

2027 2930 2182 2992 stris,
2201 2925 2409 2984 Latinis
2431 2938 2614 2984 autcm
2631 2929 2888 2986 omnibus
2907 2943 2972 2986 ex
2997 2929 3226 2984 adverso
3243 2929 3610 3000 apostolorum

2027 3020 2288 3076 sull‘ocata
2317 3020 2647 3076 manducare
2667 3035 2806 3090 opus
2825 3029 2909 3075 est
2931 3021 3433 3090 irreprehensibile.
3453 3023 3578 3078 lusu
3597 3053 3614 3064 -

344 3132 520 3186 τητον.
557 3115 688 3167 Ἔτι
731 3113 788 3164 δὲ
821 3111 920 3166 καὶ
964 3110 1024 3164 τὸ
1067 3107 1352 3170 παλλακὰς
1383 3106 1531 3178 ἔχειν
1565 3105 1916 3174 ἀνέγκλητον,

2030 3127 2122 3182 per
2153 3112 2372 3184 pollices
2425 3111 2628 3166 habere
2681 3111 2840 3182 culpa
2875 3121 3046 3180 caret,
3071 3121 3125 3167 et
3161 3111 3418 3169 fornicari
3463 3113 3615 3170 nullo

344 3208 434 3260 καὶ
462 3205 762 3276 πορνεύειν
787 3201 1256 3272 ἅνεπαισχύντως.
1293 3198 1432 3252 Ἀλλ’
1465 3197 1528 3250 οὐ
1556 3199 1670 3260 τοῖς
1691 3195 1924 3250 ἀποστό-

343 3296 448 3362 λοις
477 3299 648 3351 τοῦτο
667 3295 844 3348 ἐδόκει
871 3292 1204 3363 παροπτέον,
1228 3289 1368 3344 ἀλλὰ
1393 3289 1743 3359 γεγράφασιν
1777 3287 1923 3357 ᾇπερ

342 3389 620 3462 ἔγραψαν.
653 3388 768 3442 Καὶ
797 3385 1240 3454 εἰδωλολατρείας
1277 3364 1393 3435 ἴσον
1423 3381 1487 3434 τὸ
1517 3379 1806 3448 πορνεύειν
1831 3380 1926 3432 καὶ

343 3480 546 3534 πνικτὰ
598 3477 806 3532 ἐσθίειν
831 3477 1144 3548 είρήκασινο
1175 3476 1297 3528 ἐπεὶ
1330 3471 1463 3534 Θεὸς
1489 3470 1646 3523 τοῦτο
1675 3472 1770 3523 καὶ
1817 3470 1926 3538 πρὸ

341 3570 432 3625 τοῦ
481 3571 660 3641 νόμον
710 3567 958 3638 τῷ,Νῶε
1005 3564 1418 3634 νενομοθέτηκε.
1461 3561 1656 3616 Τοίνυν
1686 3558 1810 3614 οὐδὲ
1855 3559 1926 3612 τὰ

343 3662 494 3732 παρὰ
517 3659 666 3716 Θεοῦ
693 3661 808 3724 τοῖς
839 3658 1092 3720 παλαιοῖς
1122 3655 1384 3724 δεδομένα
1411 3651 1578 3706 καλόν
1607 3652 1722 3704 ἐστι
1747 3649 1924 3704 πάντα

345 3753 628 3824 παρορᾷν,
671 3749 810 3804 ἀλλὰ
861 3744 1251 3816 πνενματικῶς
1282 3743 1470 3795 ἐκεῖνα
1507 3740 1804 3812 ὁιενεργεῖν
1831 3737 1925 3791 καὶ

345 3849 504 3914 νοεῖν,
537 3844 646 3898 καὶ
677 3844 758 3906 είς
783 3841 844 3895 τὸ
872 3841 1118 3910 κρεῖττον
1143 3832 1502 3902 ἐπανορθοῦν,
1539 3833 1634 3886 καὶ
1662 3831 1802 3900 ὑπὲρ
1834 3830 1926 3884 τὸν

345 3939 508 4008 νόμον
539 3937 746 4002 ποιεῖν,
791 3932 852 3986 οὗ
903 3930 1010 4002 μὴν
1053 3930 1112 3984 δὲ
1161 3927 1524 4000 παρανομεῖν.
1587 3941 1606 3976 ι
1643 3921 1771 3976 Ἐὰν
1815 3923 1926 3993 γὰρ

349 4032 422 4102 μὴ
451 4026 804 4103 περισσεύσῃ
825 4027 860 4097 ἠ
887 4023 1206 4092 δικαιοσύνη
1233 4021 1388 4091 ὑμῶν
1411 4019 1595 4072 πλεῖον
1618 4017 1727 4070 τῶν
1748 4031 1930 4086 γραμ-

349 4127 572 4196 ματέων
623 4123 717 4175 καὶ
746 4117 1080 4189 Φαρισαίων,
1109 4134 1130 4168 ι
1158 4115 1348 4184 φησὶν,
1387 4131 1406 4165 ι
1437 4113 1496 4166 ού
1528 4111 1605 4182 μὴ
1645 4109 1927 4178 είσέλθητε

347 4221 428 4284 είς
447 4220 550 4288 τὴν
577 4213 870 4287 βασιλείαν
903 4209 1010 4266 τῶν
1041 4207 1307 4280 οὐρανῶνο
1340 4227 1360 4260 ι
1392 4205 1510 4272 καὶ,
1549 4222 1569 4255 ι
1603 4203 1761 4256 Ίῶτα
1787 4199 1846 4254 ἓν
1891 4201 1926 4270 ἢ

351 4315 454 4384 μία
477 4309 688 4380 κεραία
715 4307 778 4360 ού
819 4305 896 4377 μὴ
941 4289 1188 4374 παρέλθῃ
1231 4299 1340 4355 ἀπὸ
1367 4297 1461 4352 τοῦ
1493 4297 1680 4366 νόμου,
1727 4295 1833 4358 ἕως
1861 4295 1931 4349 ἂν

349 4405 534 4458 πάντα
563 4403 819 4470 γένηται·
857 4417 876 4449 t
921 4399 982 4450 οὐ
1033 4397 1140 4467 μὴν
1181 4393 1239 4447 δὲ
1267 4389 1598 4454 Ἰουδαϊκῶς,
1645 4387 1763 4444 ἀλλ’
1790 4388 1930 4458 ὑπὲρ

2030 3204 2192 3260 modo
2221 3211 2306 3260 est
2325 3193 2530 3258 rubore
2555 3203 2804 3274 dignum.
2831 3205 3108 3274 Apostolis
3138 3217 3322 3260 autem
3351 3205 3476 3261 talia
3501 3223 3610 3262 non

2032 3297 2358 3352 videbantur
2399 3296 2821 3360 contemnenda,
2881 3297 2972 3351 sed
3017 3297 3317 3352 scribentes
3357 3299 3616 3352 cottdetn~

2029 3399 2318 3454 ttaverunt,
2349 3399 2404 3444 ct
2428 3389 2687 3456 fornicari
2729 3389 3109 3458 sull'ocataque
3139 3389 3476 3445 manducare
3521 3405 3618 3458 ge-

2028 3495 2264 3537 nusesse
2299 3480 2620 3536 idololatriae
2657 3481 2954 3548 dixerunt;
2983 3481 3104 3534 ideo
3153 3479 3268 3535 haec
3319 3480 3462 3536 Deus
3501 3478 3618 3536 Noe

2029 3574 2194 3630 etiam
2231 3581 2359 3628 ante
2385 3574 2556 3643 legem
2587 3573 2888 3642 prohibuit.
2925 3572 3094 3644 igitur
3123 3571 3308 3628 omnia
3333 3575 3614 3643 aspernari

2027 3677 2295 3738 pmcepta
2351 3681 2382 3721 ι
2445 3667 2556 3722 Deo
2599 3665 2837 3736 antiquis
2883 3665 3008 3720 tlata
3026 3679 3134 3720 non
3151 3673 3234 3720 est
3260 3647 3484 3731 bonum,
3520 3667 3614 3720 sed

2028 3763 2244 3826 oportet
2263 3769 2327 3811 ea
2347 3754 2662 3825 spiritaliter
2673 3754 2968 3824 adimplere
2979 3765 3032 3808 et
3047 3753 3382 3824 perpendere
3405 3769 3612 3810 necnon

2029 3847 2086 3904 in
2115 3848 2312 3903 melius
2339 3847 2618 3917 corrigere
2669 3856 2832 3914 atque
2865 3861 3032 3915 supra
3061 3847 3231 3918 legem
3267 3845 3466 3914 facere,
3505 3862 3615 3903 non

2030 3947 2214 3994 autem
2242 3939 2548 4008 despicere.
2587 3937 2800 3990 Dictum
2837 3947 2922 3992 est
2949 3936 3096 3991 enim
3137 3953 3152 3990 :
3191 3955 3211 3988 ι
3237 3935 3350 3992 Nisi
3374 3939 3615 3995 abunda-

2031 4029 2169 4086 verit
2186 4029 2399 4100 iustitia
2427 4037 2609 4084 vestra
2636 4027 2922 4096 plusquam
2951 4026 3270 4082 Scribarum
3301 4038 3358 4083 et
3419 4029 3617 4084 Phari-

2032 4136 2285 4190 saeorum,
2328 4135 2436 4176 non
2465 4121 2738 4176 latrabitis
2779 4121 2834 4174 in
2875 4135 3100 4196 regnum
3137 4122 3446 4190 caelorum;
3483 4143 3502 4177 ι
3536 4133 3612 4192 ct,

2040 4231 2060 4264 ι
2096 4213 2208 4268 lota
2241 4229 2410 4268 unum
2439 4221 2536 4270 aut
2561 4228 2700 4268 unus
2733 4227 2872 4284 apex
2923 4227 3030 4266 non
3063 4213 3362 4283 praeteribit
3386 4231 3417 4270 a
3468 4216 3608 4286 lege,

2035 4306 2210 4362 donec
2241 4305 2422 4360 omnia
2455 4305 2610 4370 (iant,
2638 4324 2658 4358 ι
2699 4321 2807 4360 non
2853 4319 3006 4360 more
3029 4305 3248 4376 quidem
3274 4305 3614 4367 Judteorum.

2037 4403 2132 4454 sed
2165 4397 2326 4454 modo
2355 4411 2520 4469 supra
2548 4399 2716 4466 legem
2748 4397 3036 4467 spirituali.
3088 4396 3224 4452 Nam
3248 4401 3610 4470 quemadmo-

351 4501 440 4552 τὸν
463 4502 640 4570 νόμον
662 4493 1072 4564 πνευματικῶς.
1115 4491 1204 4555 Ὦς
1224 4490 1330 4560 γὰρ
1353 4489 1475 4542 ἀντὶ
1497 4488 1600 4556 τῆς
1627 4483 1926 4554 περιτομῆς

2037 4490 2166 4546 dum
2199 4504 2300 4560 pro
2331 4491 2752 4546 circumcisione
2775 4491 2937 4547 datus
2969 4501 3054 4546 est
3101 4491 3260 4548 nobis
3312 4493 3614 4564 baptistnus

349 4598 484 4664 ἡμῖν
520 4591 688 4660 ἐδόθη
705 4589 766 4642 τὺ
788 4587 1076 4658 βάπτισμα
1106 4589 1200 4637 καὶ
1219 4585 1254 4652 ὴ
1279 4587 1336 4635 ὲν
1365 4578 1589 4651 Χριστῷ
1622 4575 1932 4648 ἡγιασμένη

353 4687 490 4756 ζωὴ,
527 4685 632 4738 καὶ
669 4681 796 4736 ἀντὶ
821 4679 933 4732 τῶν
977 4677 1187 4745 ἀλόγων
1219 4674 1476 4743 θυμάτων
1519 4673 1552 4739 ὴ
1602 4666 1796 4737 λογικὴ
1837 4669 1932 4718 καὶ

349 4781 508 4843 ζῶσα
541 4775 712 4830 θυσία
731 4772 1090 4841 ἀναίμακτος,
1125 4769 1160 4838 ἡ
1191 4767 1280 4820 διὰ
1306 4762 1402 4818 τοῦ
1431 4765 1600 4834 ἄρτου
1630 4761 1726 4814 καὶ
1762 4775 1932 4826 ποτη-

352 4873 474 4940 ρίου
502 4867 606 4922 τοῦ
633 4865 852 4936 ἀληθῶς
887 4864 1138 4932 σώματος
1164 4859 1260 4912 καὶ
1287 4857 1518 4926 αἵματος
1545 4855 1638 4906 τοῦ
1667 4848 1930 4920 Χριστοῦ,

353 4963 450 5014 καὶ
475 4963 510 5016 ὁ
547 4963 728 5028 γάμος
757 4957 786 5008 ὁ
813 4953 994 5024 τίμιός
1025 4967 1086 5006 τε
1119 4953 1214 5004 καὶ
1239 4950 1502 5016 καθαρὸς,
1523 4948 1584 4999 οὐ
1617 4942 1936 5013 πολίυγαμῐσ.

353 5053 410 5104 δὲ
441 5053 480 5121 ἦ
512 5052 768 5121 πορνεία,
817 5049 914 5099 καὶ
945 5043 1028 5096 ἐτι
1059 5045 1094 5112 ἡ
1128 5039 1397 5112 παρθενία
1447 5039 1569 5100 ἀντὶ
1621 5033 1851 5104 χηρείας
1897 5034 1932 5100 ἡ

355 5147 680 5214 ὑψηλοτέρα
730 5142 824 5194 τοὺ
875 5140 1058 5209 γάμου
1089 5135 1184 5190 καὶ
1225 5135 1334 5188 τῶν
1365 5131 1616 5200 ἁγγιλων
1653 5129 1896 5196 ἰσότιμος
1917 5143 1929 5158 ο

355 5237 504 5288 οὕτω
559 5235 656 5288 καὶ
697 5235 758 5286 ἑν
789 5233 901 5294 τοῖς
932 5229 1216 5300 βρώμασιν
1248 5225 1550 5294 ἐγκράτεια
1591 5221 1716 5274 ἀντὶ
1760 5221 1936 5289 ἀκρα·

358 5327 512 5388 σίας,
555 5327 652 5376 καὶ
695 5321 920 5391 νηστεία
964 5317 1276 5388 ὑψηλοτέρα
1309 5318 1407 5386 τῆς
1435 5312 1668 5384 νομικῆς
1703 5312 1932 5366 δέδοται.

353 5421 446 5470 Διὸ
491 5417 600 5470 καὶ
643 5415 874 5486 κρέατος
904 5412 1089 5483 ἀποχὴ
1115 5409 1175 5464 ὲν
1199 5406 1438 5479 ἡμέραις
1469 5421 1530 5458 τε
1573 5405 1670 5458 καὶ
1698 5403 1934 5472 καιροῖς.

355 5511 476 5562 Dim
501 5507 622 5576 ἄρα
649 5509 712 5560 τὸ
737 5505 978 5575 ἀργῆσαι
1010 5505 1102 5558 τὸν
1127 5501 1294 5572 νόμον
1319 5497 1382 5552 τὸ
1433 5493 1741 5550 καταλῦσαί
1762 5496 1934 5557 ἐστιν,

354 5598 499 5650 ἀλλὰ.
557 5599 620 5648 τὸ
673 5596 1028 5668 ὑψηλοτέρως
1074 5594 1170 5647 καὶ
1221 5591 1379 5652 θείως
1407 5586 1518 5658 34.
1559 5586 1802 5656 ἐνεργεῖν
1845 5583 1940 5634 καὶ

357 5693 796 5760 πνευματικῶςε
819 5689 944 5744 Ὅτι
972 5688 1104 5750 σκιὰ
1139 5685 1238 5754 μὲν
1281 5685 1468 5760 ἐκεῖνα
1493 5681 1562 5734 τὰ.
1587 5677 1812 5752 νομικὰ,
1843 5674 1938 5750 καὶ

359 5778 800 5850 προγραμμικαὶ
848 5774 1250 5848 προτυπωσεις,
1281 5773 1350 5827 τὰ
1375 5772 1432 5824 δὲ
1464 5772 1709 5840 ἡμέτερα
1749 5765 1936 5848 σαφῶς

2035 4591 2090 4638 et
2117 4583 2226 4637 vita
2255 4583 2310 4636 in
2337 4583 2560 4640 Christo
2588 4582 2949 4648 sanctiﬁcata,
2987 4587 3086 4656 pro
3110 4585 3304 4641 hostiis
3329 4585 3618 4644 irrationa-

2035 4673 2236 4728 bilibus
2263 4673 2604 4728 rationabilis
2650 4685 2704 4726 et
2729 4673 2919 4728 vivens
2955 4689 3130 4744 neque
3153 4685 3382 4730 cruenta
3409 4675 3642 4739 hostia,-

2035 4763 2282 4832 corporis
2304 4765 2516 4819 scilicet
2539 4773 2594 4820 et
2627 4765 2913 4833 sanguinis
2936 4765 3140 4820 Christi
3172 4779 3266 4835 per
3321 4779 3518 4834 panem
3563 4777 3616 4822 et

2035 4857 2258 4910 calicem
2296 4869 2312 4920 ;
2345 4855 2674 4909 connubium
2735 4853 3052 4910 houorabile
3106 4864 3162 4909 et
3193 4856 3479 4920 mundum,
3509 4873 3614 4910 non

2037 4957 2217 5000 autem
2250 4945 2554 5015 polygamia
2577 4953 2632 4999 et
2691 4945 3000 5010 fornicatio,
3061 4955 3116 4998 et
3170 4945 3458 5012 virginitas
3509 4961 3610 5015 pro

2037 5037 2296 5092 viduitate
2357 5035 2647 5092 sublimior
2714 5037 2993 5092 connubio
3041 5036 3358 5105 angelisque
3413 5033 3618 5088 honore

2035 5141 2143 5181 non
2173 5127 2348 5196 impar
2383 5143 2400 5193 ς
2445 5125 2516 5180 ita
2537 5129 2668 5182 etin
2714 5130 2856 5182 escis
2883 5127 3237 5196 temperantia
3261 5141 3360 5197 pro
3415 5127 3616 5182 intem-

2037 5217 2328 5288 perantia,
2385 5217 2764 5286 jejuuiumqtte
2845 5221 3004 5273 datur
3065 5219 3223 5290 legali
3283 5217 3612 5288 sublimius;

2039 5311 2158 5365 ideo
2179 5309 2340 5362 etiam
2375 5323 2546 5363 carne
2582 5307 2965 5362 abstinendum
3009 5320 3096 5364 est
3157 5311 3211 5364 in
3281 5309 3613 5382 quibusdam

2041 5400 2236 5454 diebus
2271 5409 2435 5468 atque
2457 5400 2812 5468 temporibus.
2839 5401 2944 5456 Lex
2973 5416 3104 5471 ergo
3147 5405 3370 5460 minime
3436 5405 3614 5476 negli-

2041 5491 2212 5560 genda
2244 5497 2328 5544 est
2357 5505 2532 5558 neque
2561 5491 2844 5558 solvenda,
2873 5491 2966 5548 sed
2991 5495 3284 5553 sublimius
3316 5510 3370 5552 et
3411 5497 3612 5552 divini-

2043 5595 2131 5638 tus
2159 5591 2322 5652 atque
2383 5585 2700 5654 spiritaliter
2767 5587 3058 5656 implenda,
3114 5593 3369 5659 quoniam
3415 5594 3612 5647 umbra

2048 5684 2204 5730 erant
2221 5674 2308 5728 illa
2328 5675 2518 5744 legalia
2545 5677 2838 5748 ﬁguraeque
2861 5681 3200 5748 symbolicm,
3229 5691 3410 5738 nostra
3431 5695 3612 5737 autent

2043 5766 2301 5836 mysteria
2328 5765 2446 5836 ipsa
2474 5779 2603 5822 sunt
2635 5773 2832 5825 veritas
2865 5786 2882 5840 ς
2919 5771 2991 5826 ibi
3027 5774 3247 5842 quidem
3271 5773 3500 5842 slopes,
3526 5773 3610 5826 hic
