4040 6202
412 349 520 435 ιιι

1203 348 1584 410 ΞΥΜΕΟΝΙΞ
1616 347 2372 410 THESSALONICENSIS
2406 347 2768 409 ARCHIEP.

3560 336 3659 401 116

410 471 654 525 testates,
677 460 963 529 elerusque
994 459 1281 516 universus
1300 477 1423 516 cum
1448 465 1649 532 populo
1676 462 1992 517 orthodoxe

2095 469 2185 517 τὸν
2223 462 2323 531 τῆς
2359 464 2554 517 ἑαυτοῦ
2584 464 2746 515 τυποῖ
2787 462 3015 525 τάξεωςο
3046 458 3142 510 καὶ
3191 459 3278 510 τὸν
3310 455 3515 523 Κύριον
3563 455 3660 521 μὲν

411 553 635 606 ultimos
680 553 925 619 ordines,
997 563 1051 607 et
1111 569 1301 610 omnes
1333 556 1425 610 isti
1475 545 1725 611 ordinem
1778 559 1983 613 habent

408 643 709 698 secundum
743 643 943 711 gradus
974 645 1311 719 granumque
1345 648 1767 715 respondentem
1802 667 1817 716 ;
1858 650 1982 703 ideo

407 734 543 789 nihil
576 734 908 789 dissentiens
934 752 1130 805 pueros
1170 738 1425 809 effingere
1452 740 1574 797 illos
1619 751 1729 797 tres
1756 752 1983 811 pueros,

407 826 667 896 quoniam
708 837 939 895 possunt
976 844 1164 883 eorum
1186 830 1383 884 habere
1418 834 1669 899 gratiam.
1697 832 1983 888 Do‘minum

409 934 538 972 vero
575 918 629 971 in
660 921 1020 977 cructtixione
1043 923 1350 988 exprimere
1381 931 1436 977 et
1472 923 1732 978 simulare
1786 924 1981 989 videri,

411 1026 623 1065 necnon
674 1028 896 1071 manare
933 1015 1273 1083 sanguinem,
1330 1015 1423 1071 sed
1477 1032 1583 1071 non
1638 1032 1765 1071 vere
1810 1032 1987 1085 neque

412 1103 713 1171 secundum
767 1105 1004 1161 divinam
1036 1107 1423 1173 traditionem;
1456 1120 1508 1163 et
1570 1108 1851 1176 Deiparam
1895 1125 1988 1179 per

410 1195 586 1247 virum
607 1206 699 1251 aut
734 1198 1109 1260 mulierculam
1137 1198 1362 1264 referre,
1395 1210 1448 1255 et
1474 1215 1629 1253 avem
1664 1200 1787 1254 loco
1813 1199 1986 1270 Spiri-

414 1297 502 1342 tus
532 1288 805 1357 accipere,
832 1305 1058 1356 prorsus
1100 1300 1184 1347 est
1242 1292 1534 1347 absonam.
1605 1291 1829 1360 Insuper
1890 1308 1986 1357 per

413 1377 647 1434 aliorum
670 1378 896 1445 capillos
925 1388 981 1433 et
1007 1388 1184 1437 vestes
1208 1390 1523 1437 sanctorum
1565 1381 1772 1437 fornms
1837 1380 1989 1436 eiiin-

413 1479 609 1536 gereet
638 1486 833 1533 ornare
865 1473 923 1534 lit
946 1462 1133 1527 contra
1162 1473 1477 1542 religionem
1515 1489 1691 1543 neque
1729 1489 1759 1528 a
1811 1474 1990 1528 Patri-

414 1558 521 1614 bus
545 1570 823 1619 ostensum
862 1562 985 1629 fuit,
1016 1573 1066 1618 et
1098 1580 1207 1621 uno
1239 1566 1425 1628 verbo,
1457 1565 1603 1620 velut
1635 1566 1687 1619 in
1726 1580 1891 1621 scena
1938 1574 1992 1619 et

418 1652 629 1707 theatro
654 1653 831 1708 divina
857 1665 1163 1713 monstrare
1187 1658 1441 1728 mysteria
1470 1673 1649 1726 neque
1698 1658 1850 1727 pium
1882 1666 1985 1722 est,

417 1759 591 1813 neque
630 1746 907 1813 traditum,
941 1763 1115 1818 neque
1136 1750 1459 1804 Christianis
1497 1750 1743 1819 dignum.
1806 1748 1992 1819 Neque

415 1836 600 1900 dicant
628 1840 937 1894 sacerdotes
974 1840 1077 1894 ista
1108 1842 1319 1911 operari
1350 1851 1402 1895 et
1430 1842 1481 1895 in
1536 1842 1639 1896 hoc
1687 1856 1780 1897 eos
1833 1855 1992 1911 posse
2020 1836 2066 1893 Β

418 1927 701 1994 Dominum
734 1929 1104 2015 virginemque
1153 1932 1270 2002 ejus
1299 1941 1524 1987 matrem
1558 1934 1794 1998 referre;
1861 1948 1987 1987 nam

415 2020 559 2083 istud
596 2020 651 2075 in
684 2022 771 2076 his
792 2022 976 2078 facere
1006 2039 1111 2078 non
1137 2034 1282 2079 recte
1305 2025 1521 2079 dicitur.
1552 2025 1812 2079 Referunt
1841 2025 1989 2080 enim

372 2108 470 2175 in
526 2111 610 2167 his
662 2111 862 2181 quibus
920 2123 1155 2182 Oportet,
1202 2114 1553 2183 baptizando,
1603 2114 1987 2181 sacriﬁcando,

415 2205 646 2265 lavando
667 2207 986 2269 alterutrius
1043 2208 1226 2277 pedes,
1284 2220 1337 2264 et
1385 2209 1436 2263 in
1503 2210 1625 2265 aliis
1684 2223 1805 2278 quat
1851 2209 1991 2263 dixit

415 2300 688 2364 Salvator,
723 2300 776 2354 in
810 2302 1009 2369 quibus
1040 2302 1328 2371 pontiﬁces
1358 2311 1412 2359 et
1434 2304 1747 2357 sacerdotes
1772 2305 1988 2374 operari

416 2392 674 2460 traditum
711 2402 815 2454 est,
865 2394 997 2458 item
1034 2394 1259 2463 quando,
1300 2394 1532 2463 hymnos
1566 2397 1813 2451 canendo
1868 2395 1992 2449 imi-

420 2494 604 2547 tantur
652 2493 986 2548 cantatores,
1039 2500 1382 2553 nequaquam
1442 2498 1623 2540 autem
1674 2487 1894 2554 quando
1932 2487 1991 2541 [it

417 2575 721 2641 crncitixio,
754 2576 1032 2645 falsusque
1061 2576 1178 2630 linit
1204 2579 1446 2647 sanguis,
1513 2578 1813 2646 prtesertim
1875 2578 1993 2646 ani-

422 2666 578 2720 malis
608 2682 795 2734 cruor,
820 2669 922 2722 nisi
952 2669 1076 2736 quis
1107 2669 1158 2722 in
1193 2669 1458 2739 martyrio
1519 2669 1800 2738 preprium
1857 2684 1988 2725 san-

418 2755 635 2835 guinem
670 2771 803 2821 vere
827 2757 1110 2821 eliundere
1138 2758 1394 2823 voluerit,
1426 2759 1510 2814 vel
1538 2761 1700 2815 etiam
1731 2763 1778 2817 si
1814 2764 1993 2819 cruci-

420 2847 617 2914 tjgatur
646 2860 776 2901 caro
803 2862 927 2913 cum
964 2847 1108 2905 vitiis
1134 2859 1189 2907 et
1220 2850 1705 2917 concupiscentiis,
1728 2863 1890 2919 prout
1918 2854 1994 2909 ait

414 2935 618 3003 Paulus
651 2937 743 3015 qui
771 2938 1021 2993 addidit:
1063 2957 1081 2991 ι
1122 2939 1251 2995 Mihi
1295 2942 1853 3001 mundnscruciiixus
1909 2956 1994 3000 est

417 3045 470 3087 et
494 3048 597 3102 ego
634 3033 857 3100 ntumio,
892 3052 910 3085 ι
942 3034 1030 3088 cui
1065 3034 1141 3097 rei
1201 3050 1394 3090 omnes
1424 3037 1625 3091 debent
1652 3039 1988 3094 incumbere.

418 3124 659 3195 Virginis
681 3136 862 3182 autem
896 3127 1136 3196 Deiparae
1155 3127 1271 3182 sive
1297 3131 1589 3197 puritatem
1613 3131 1730 3186 sive
1761 3132 1989 3200 gratiam

417 3236 525 3290 qua
557 3220 612 3275 in
637 3221 845 3290 Spiritu
879 3221 1168 3286 Dominum
1208 3218 1371 3279 carne
1410 3223 1661 3291 concepit
1686 3233 1739 3277 et
1768 3224 1992 3292 peperit,

394 3300 580 3381 nemo
602 3322 781 3384 potest
805 3313 1029 3379 imitari,
1049 3315 1305 3381 quoniam
1331 3313 1446 3373 haec
1474 3316 1523 3369 ei
1555 3314 1655 3369 soli
1688 3316 1811 3389 data
1834 3326 1960 3370 sunt
1976 3332 1992 3382 ;

416 3421 538 3467 eam
562 3420 694 3459 vero
732 3405 975 3468 imitatur
1025 3405 1121 3472 qui
1170 3414 1319 3461 caste
1364 3404 1573 3460 vivitet
1628 3405 1994 3474 virginitatem

420 3499 606 3566 elegit,
638 3511 807 3565 seque
851 3497 1074 3565 dignum
1125 3494 1441 3564 accipienda
1502 3496 1675 3563 gratia
1727 3508 1991 3566 quantum

421 3595 601 3659 potest
624 3585 885 3649 exhibet;
920 3593 977 3649 et
1014 3584 1244 3653 proinde
1271 3582 1600 3651 cupiendum
1654 3592 1741 3638 est
1802 3599 1994 3638 omnes

419 3694 538 3740 eam
561 3678 612 3732 in
651 3677 735 3731 his
766 3692 863 3745 pro
895 3676 1103 3729 viribus
1129 3674 1352 3740 imitari.
1393 3673 1452 3728 Si
1516 3690 1644 3728 vero
1706 3681 1806 3728 ista
1865 3688 1992 3729 cum

421 3767 578 3838 pictis
598 3767 797 3824 divinis
853 3765 1186 3837 imaginibus
1241 3765 1547 3831 conferant,
1613 3766 1731 3821 sine
1783 3766 1995 3822 ratione

420 3840 851 3921 ratiocinantur;
885 3872 1010 3927 nam
1040 3857 1089 3911 in
1110 3856 1283 3926 elligie
1304 3858 1522 3929 quidem
1538 3874 1663 3913 vere
1683 3869 1762 3913 est
1794 3860 1992 3929 imago,

419 3961 474 4017 et
494 3951 701 4005 Christi
722 3964 849 4004 vere
871 3949 1109 4020 pingitur
1128 3950 1331 4020 imago,
1355 3960 1408 4005 et
1428 3952 1654 4021 sanguis
1670 3950 1995 4019 exprimitur

418 4058 634 4107 necnon
655 4040 747 4096 Dei
774 4052 944 4097 mater
972 4042 1028 4095 in
1050 4041 1283 4111 imagine
1301 4050 1353 4096 et
1376 4045 1622 4107 angelus,
1642 4054 1695 4097 et
1714 4044 1994 4111 apostolus

419 4142 476 4189 et
504 4146 756 4189 summus
778 4132 1039 4202 pontifex,
1058 4141 1112 4188 et
1130 4141 1334 4202 martyr
1352 4142 1406 4186 et
1453 4132 1693 4201 Spiritus
1740 4134 1793 4186 in
1815 4133 1996 4202 specie

419 4224 708 4289 columine,
728 4224 973 4277 etomnia
991 4221 1317 4291 eiIinguutur
1353 4237 1566 4287 grerum
1591 4221 1809 4290 quidem
1850 4222 1995 4276 divi-

424 4331 616 4371 narum
635 4315 901 4383 imagines
916 4323 975 4380 et
992 4312 1215 4379 pictura:
1236 4320 1479 4380 augustae
1499 4322 1629 4366 sunt
1648 4322 1701 4365 et
1733 4322 1995 4366 Veneram-

422 4408 810 4472 dae;homines
828 4418 956 4458 vero
979 4403 1533 4469 baecimitariiasnon
1567 4412 1670 4457 est.
1730 4404 1835 4457 Sed
1884 4421 1993 4461 non

426 4500 531 4552 ista
552 4506 785 4560 tantum,
808 4510 994 4558 verum
1013 4495 1172 4547 etiam
1197 4494 1348 4562 plura
1367 4493 1565 4549 similia
1602 4494 1778 4550 Latini
1818 4495 1995 4553 facere

424 4601 477 4644 et
493 4588 799 4657 excogitare
814 4602 921 4641 non
935 4585 1206 4655 dubitant.
1225 4584 1364 4641 Hinc
1383 4587 1545 4640 etiam
1566 4586 1864 4641 secundum
1878 4585 1999 4643 Ori-

425 4696 614 4749 geriem
638 4679 797 4737 linem
814 4675 1357 4743 decerntnritirilerrii,
1397 4680 1767 4747 purgatorium
1816 4680 2000 4734 nescio

419 4773 563 4844 quod
578 4779 982 4843 autetormenta
1024 4786 1210 4825 eorum
1227 4771 1675 4838 expurgatorium
1697 4786 2000 4839 proponen-

420 4869 505 4917 tes
545 4860 597 4914 in
632 4858 775 4928 quod
797 4859 891 4929 qui
923 4858 1287 4933 deliquerunt,
1314 4860 1699 4928 ingredientes,
1726 4860 1997 4929 inquiunt,

418 4966 612 5023 poenas
629 4951 784 5014 luunt
802 4950 867 5004 ad
882 4950 1030 5019 diem
1058 4966 1227 5027 usque
1245 4958 1567 5014 extremum.
1582 4950 1737 5015 Quod
1756 4966 1916 5007 nemo
1933 4969 1998 5007 ex

420 5043 625 5103 sanctis
643 5042 836 5107 tenuit,
858 5050 1118 5107 tanquam
1136 5042 1280 5109 quod
1310 5042 1474 5101 verba
1499 5041 1997 5109 Dominidestruat,

422 5151 543 5207 quae
583 5134 781 5193 inferni
816 5150 1029 5204 pinnas,
1065 5135 1526 5205 quemadmodum
1551 5145 1606 5191 et
1643 5138 1807 5197 vitam
1834 5148 1999 5194 αξιοι·-

423 5242 567 5291 nam,
583 5239 812 5284 aeternas
825 5237 1100 5296 astruunt,
1118 5242 1182 5295 ac
1202 5227 1369 5281 divini
1384 5227 1534 5291 Pauli
1553 5229 1695 5291 dicta
1708 5232 1997 5300 convellat,

424 5322 493 5373 de
513 5320 716 5375 sanctis
735 5333 1029 5386 asserente,
1052 5322 1142 5389 qui
1179 5320 1231 5374 in
1264 5321 1364 5385 fide
1398 5321 1563 5376 vitam
1589 5337 1839 5390 posuere,
1863 5339 2000 5383 none

426 5410 555 5462 dum
588 5419 805 5476 propter
829 5426 927 5463 nos
956 5410 1227 5481 recepisse
1261 5411 1707 5481 promissionem,
1755 5428 1856 5470 nec.
1882 5414 2000 5475 sine

428 5500 586 5556 nobis
610 5500 990 5568 perfectionem
1026 5513 1328 5569 assecutus,
1360 5513 1415 5560 et
1446 5514 1575 5565 tunc
1610 5506 2000 5574 perfectionem

431 5592 669 5645 futuram
712 5602 859 5655 esse,
888 5607 1011 5646 cum
1044 5608 1146 5647 nos
1170 5610 1540 5665 resurgemus,
1572 5605 1629 5652 et
1658 5598 1858 5668 singuli
1921 5614 2002 5655 re-

428 5681 631 5751 cipient
653 5680 817 5735 simul
843 5696 966 5736 cum
998 5696 1249 5752 corpore,
1280 5699 1406 5739 cum
1429 5702 1540 5754 quo
1570 5696 1665 5741 aut
1686 5697 1998 5755 peccarunt,

430 5772 826 5859 atttia‘udabilia
859 5783 1163 5851 gesserunt,
1190 5779 1491 5839 secundum
1533 5792 1700 5859 opera
1748 5794 1871 5841 sua.
1933 5780 2002 5853 Et

2088 564 2115 613 ὁ
2148 559 2363 627 πρῶτος
2384 557 2699 625 ἀρχιερεὺς,
2732 556 3017 607 ἐπίσκοποι
3039 551 3094 603 δὲ
3118 551 3245 605 τοὺς
3278 550 3527 617 πρώτους
3553 546 3660 597 τῶν

2089 650 2421 712 ἀποστόλων,
2447 650 2569 701 ἐπεὶ
2592 648 2684 699 καὶ
2700 646 2799 708 τὴν
2823 645 3001 698 αὐτῶν
3018 644 3179 711 χάριν
3200 642 3406 707 ἔχουσι’
3426 638 3665 705 πρεσϐύ-

2087 761 2236 812 τεροι
2283 743 2339 795 δέ
2385 759 2446 807 γε
2502 743 2627 802 τοὺς
2684 740 3091 807 ἑϐδομήκοντα·
3139 736 3374 788 διάκονοι
3433 734 3488 785 δὲ
3538 733 3662 793 τοὺς

2088 838 2346 895 Λευῖτας·
2379 836 2725 889 ὐποδιάκονοι
2754 834 2809 885 δὲ
2848 832 2942 884 καὶ
2988 830 3166 882 λοιποὶ
3202 830 3301 893 τὴν
3351 827 3504 889 τάξιν
3555 826 3662 877 τῶν

2092 930 2414 999 προφητῶν.
2454 930 2562 980 Καὶ
2602 928 2724 980 καθ’
2753 926 2944 993 ἕτερον
2991 924 3047 976 δὲ
3079 916 3279 975 σποπὸν
3312 922 3339 972 ὁ
3373 918 3663 986 ἀρχιερεὺς

2088 1025 2180 1077 τὸν
2208 1023 2706 1091 ὲνανθρωπήσαντα
2733 1018 2864 1089 Θεδν
2900 1017 3073 1083 Λόγον
3139 1014 3388 1065 ὲκτυποῖσ
3422 1007 3663 1077 πρεσϐύ-

2090 1133 2237 1183 τεροι
2266 1116 2322 1169 δὲ
2357 1116 2452 1175 τὰς
2490 1112 2892 1183 ὑπερκειμένας
2933 1110 3041 1162 τῶν
3073 1106 3300 1171 τάξεων·
3335 1104 3569 1156 διάκονοι
3606 1102 3662 1152 δὲ

2094 1212 2188 1272 τὰς
2222 1210 2613 1274 ὑποδεεστέρας
2644 1203 3027 1271 λειτουργικὰς
3052 1200 3338 1265 δυνάμεις·
3375 1196 3467 1248 καὶ
3494 1196 3522 1247 ὁ
3550 1193 3661 1244 λοι-

2093 1301 2190 1360 πὸς
2222 1302 2278 1353 δὲ
2314 1301 2512 1369 κλῆρος
2543 1300 2639 1359 τὰς
2683 1295 3003 1353 τελευταίας
3033 1292 3215 1354 τάξεις
3269 1288 3405 1357 μετὰ
3438 1285 3529 1339 τοῦ
3566 1286 3662 1352 ὀρ-

2094 1394 2308 1457 0036500
2334 1394 2487 1446 λαοῦ.
2537 1392 2643 1443 Καὶ
2695 1391 2895 1449 πάντες
2930 1387 3076 1440 οὗτοι
3126 1385 3221 1438 καὶ
3273 1382 3425 1446 τάξιν
3479 1381 3664 1445 ἕγουσι

2091 1487 2233 1541 κατὰ
2262 1486 2389 1541 τοὺς
2448 1484 2712 1555 βαθμοὺς,
2762 1482 2856 1534 καὶ
2908 1479 3280 1545 ἀναλογοῦσαν
3331 1477 3428 1543 τὴν
3479 1472 3661 1542 χέριν.

2054 1632 2069 1643 κ
2093 1580 2185 1633 Διὸ
2212 1580 2307 1632 καὶ
2332 1577 2485 1631 οὐδὲν
2507 1576 2713 1647 ἀπᾷδον
2739 1575 2800 1628 τὸ
2827 1572 3113 1635 είκονίζειν
3138 1571 3335 1631 παῖδας
3366 1568 3491 1628 τοὺς
3517 1567 3666 1633 τρεῖς

2093 1669 2336 1726 exslvet»;
2369 1669 2590 1731 παῖδας,
2640 1667 2722 1720 ὅτι
2767 1668 2862 1720 καὶ
2908 1665 3134 1719 δυνατὴν
3174 1662 3274 1730 τὴν
3322 1660 3483 1728 χάριν
3523 1658 3666 1725 ἕγξνιν

2095 1762 2296 1816 αὐτῶν.
2325 1760 2398 1812 Τὸ
2424 1761 2479 1813 δὲ
2508 1759 2802 1821 εἰκονίζειν
2825 1760 2881 1813 ὲν
2900 1761 2973 1827 τῇ,
2996 1754 3297 1823 σταυρώσει
3322 1753 3412 1804 τὸν
3439 1751 3664 1818 Κύριονι,

2096 1857 2188 1909 καὶ
2228 1854 2563 1924 σφάττεσθαι
2593 1855 2792 1914 δοκεῖν,
2830 1853 2924 1905 καὶ
2951 1846 3092 1916 αἷμα
3127 1848 3359 1916 ἐκχέειν,
3399 1845 3496 1896 οὐκ
3538 1843 3669 1908 ἁλη-

2094 1948 2202 2007 Θῶς
2227 1948 2344 2001 οὐδὲ
2378 1949 2519 2000 κατὰ
2566 1946 2665 2014 τὴν
2694 1946 2847 1999 θείαν
2901 1942 3227 2012 παράδοσιν.
3268 1939 3378 1991 Καὶ
3410 1936 3509 2002 τὴν
3538 1935 3668 1986 Θεο-

2098 2042 2311 2109 μήτορα
2355 2039 2412 2092 δὲ
2442 2037 2805 2101 είκονίζεσθαι
2852 2036 2920 2090 δι’
2958 2034 3150 2101 ἀνδρὸς
3188 2033 3218 2101 ἢ
3261 2029 3482 2099 γυναίου
3509 2068 3524 2091 ,
3573 2028 3668 2078 καὶ

2092 2130 2297 2198 πτηνὸν
2322 2130 2444 2183 ἀντὶ
2482 2127 2803 2196 Πνεύματος
2834 2125 3112 2194 δέχεσθαι,
3151 2123 3270 2175 λίαν
3303 2122 3523 2175 ἄτοπον.
3561 2119 3666 2170 Καὶ

2092 2224 2153 2275 τὸ
2183 2221 2277 2275 διὰ
2306 2220 2511 2290 τριχῶν
2545 2219 2851 2289 ἀλλοτρίων
2887 2217 2980 2271 καὶ
3027 2215 3341 2285 ἐνδυμάτων
3409 2211 3667 2278 ἐξεικονί-

2093 2314 2206 2376 ζειν
2238 2313 2306 2366 τὰ
2352 2312 2462 2365 τῶν
2507 2310 2678 2377 ἁγίων
2732 2308 3098 2379 μορτρὼματα,
3153 2306 3249 2358 καὶ
3301 2301 3665 2366 καλλωπίζειν

2092 2406 2202 2475 36
2231 2405 2382 2473 παρὰ
2425 2405 2485 2455 τὸ
2522 2400 2769 2465 εὐλαϐὲς,
2820 2400 2921 2452 οὐκ
2970 2397 3311 2464 ὲνδεδομένον
3347 2396 3497 2464 παρὰ
3553 2396 3666 2455 τοῖς

2095 2495 2363 2563 Πατράσι·
2397 2493 2487 2545 καὶ
2515 2492 2704 2554 ἁπλῶς
2725 2492 2784 2543 τὸ
2815 2490 3005 2557 ὥσπερ
3036 2489 3094 2540 ὲν
3125 2490 3297 2555 σκηνῇ
3326 2503 3385 2537 τε
3416 2487 3508 2538 καὶ
3536 2485 3665 2550 δρᾶ-

2096 2604 2224 2656 ματι
2256 2588 2324 2639 τὰ
2371 2585 2492 2638 Θεῖα
2526 2582 2804 2638 δεικνύναι
2836 2583 2940 2635 οὐκ
2974 2581 3219 2641 εὐσεϐὲς,
3269 2582 3362 2633 καὶ
3412 2579 3486 2649 μὴ
3514 2579 3662 2632 δεδο-

2096 2677 2277 2745 μένον,
2314 2674 2450 2745 μηδὲ
2475 2675 2822 2741 Χριστιανοῖς
2854 2672 3024 2737 ἄξιον.
3066 2672 3127 2724 El
3160 2672 3206 2723 δ’
3235 2670 3441 2722 είποιεν
3470 2668 3541 2730 ὡς
3570 2671 3666 2721 καὶ

2092 2769 2142 2822 oi
2173 2768 2241 2821 τὰ
2266 2766 2497 2819 τοιαῦτα
2524 2763 2932 2831 διενεργοῦντες
2962 2765 3129 2830 ἱερεῖς
3158 2760 3369 2814 τελοῦσι
3406 2760 3500 2813 καὶ
3528 2759 3669 2811 κατὰ

2095 2859 2253 2913 τοῦτο
2301 2858 2530 2911 δυνατὸν
2583 2857 2782 2917 αὐτοὺς
2812 2854 2903 2908 τὸν
2947 2854 3153 2921 Κύριόν
3185 2870 3245 2905 τε
3277 2854 3371 2904 καὶ
3400 2853 3498 2909 τὴν
3532 2869 3671 2920 παρ-

2095 2953 2247 3005 Οένον
2278 2948 2443 3003 αὐτοῦ
2482 2948 2693 3018 μητέρα
2723 2945 2951 3010 τυποῦν,
2984 2947 3086 2998 οὐκ
3118 2945 3339 3010 εῦλογον
3370 2946 3425 2996 ὲν
3456 2944 3668 3005 τούτοις

2096 3041 2254 3096 τοῦτο
2286 3042 2481 3095 ποιεῖν.
2515 3039 2782 3103 ίΤυποῦσι
2822 3040 2920 3108 μὲν
2951 3038 3061 3106 γὰρ
3091 3038 3147 3089 ὲν
3180 3031 3260 3099 οἷς
3297 3036 3439 3096 δέον,
3486 3037 3543 3086 ὲν
3590 3034 3671 3101 τῷ

2101 3134 2405 3201 βαπτίζειν,
2464 3136 2523 3186 ὲν
2563 3130 2643 3201 τῷ
2697 3132 3026 3201 ἱερουργεῖν,
3064 3131 3122 3182 ὲν
3171 3130 3249 3197 τῷ
3299 3129 3509 3180 νίπτειν
3545 3129 3671 3189 τοὺς

2100 3228 2267 3289 πόδας
2309 3226 2575 3294 ἀλλήλων,
2612 3226 2689 3285 ὡς
2724 3225 2817 3276 καὶ
2863 3226 2977 3285 τοῖς
3020 3222 3223 3283 λοιποῖς
3262 3215 3345 3282 οἷς
3391 3221 3616 3289 εἴρηκεν
3644 3222 3670 3272 ὁ

2100 3318 2310 3387 Σωτὴρ,
2338 3314 2421 3380 οἷς
2449 3319 2697 3383 ἐνεργεῖν
2730 3316 2992 3386 ίεράρχας
3024 3316 3120 3367 καὶ
3163 3315 3331 3383 ἱερεῖς
3379 3313 3672 3382 παραδέδο-

2096 3426 2209 3463 ται.
2240 3409 2349 3462 Καὶ
2377 3407 2504 3469 τοὺς
2533 3406 2811 3477 ὑμνῳδοὺς
2838 3406 2893 3459 δὲ
2923 3405 3016 3458 καὶ
3039 3403 3437 3471 ἀναγινώσκειν
3463 3406 3671 3469 ἐσφρα-

2096 3502 2416 3570 γισμένσυς,
2444 3501 2501 3552 ὲν
2547 3499 2625 3567 τῷ
2671 3497 3075 3563 ἀναγινώσκειν
3102 3513 3161 3548 τε
3209 3496 3300 3547 καὶ
3331 3497 3542 3564 ὑμνεῖν.
3594 3495 3670 3547 Ού

2100 3592 2205 3661 μὴν
2238 3592 2294 3645 δέ
2323 3607 2387 3656 γε
2430 3588 2798 3658 σταυροῦσθαι
2828 3588 2921 3640 καὶ
2956 3588 3166 3656 ὲκχέειν
3195 3584 3331 3654 αἷμα
3362 3585 3574 3654 ψευδῶς
3593 3626 3606 3645 ,
3634 3586 3667 3656 ἦ

2100 3685 2301 3754 μᾶλλον
2324 3679 2462 3751 αἷμα
2488 3681 2652 3746 ζὼου·
2684 3683 2732 3734 εἰ
2763 3682 2837 3750 μὴ
2867 3682 3011 3734 κατὰ
3038 3681 3098 3732 τὸ
3122 3678 3423 3749 μαρτύριον
3453 3677 3671 3745 ἀληθῶς

2097 3778 2301 3829 οἰκεῖον
2333 3771 2473 3845 αἷμα
2513 3774 2727 3845 ὲκχέειν
2756 3791 2839 3835 τις
2884 3773 3145 3843 αἱρεῖται,
3179 3772 3273 3826 καὶ
3303 3771 3381 3823 ἔτι
3416 3771 3557 3824 κατὰ
3607 3770 3671 3822 τὸ

2100 3867 2411 3937 σταυρῶσαι
2457 3868 2557 3931 τὴν
2608 3867 2783 3936 σάρκα
2814 3867 2912 3918 σὺν
2947 3868 3062 3927 τοῖς
3092 3864 3382 3933 παθήμασι
3427 3862 3522 3914 καὶ
3551 3864 3672 3925 ταῖς

2096 3962 2421 4031 ἐπιθυμίαις
2475 3961 2752 4032 (καθάπερ
2799 3958 3012 4020 Παῦλος
3063 3958 3253 4027 φησιν)
3302 3954 3668 4023 ἀγωνίζεται,

2099 4054 2194 4106 καὶ
2227 4053 2309 4117 τὸ,
2334 4052 2417 4105 ὅτι
2455 4069 2476 4103 ι
2522 4050 2680 4120 Ἐμοὶ⁸
2712 4052 2739 4103 ὁ
2769 4050 2973 4119 κόσμος
3007 4047 3371 4117 ἐσταύρωται,
3403 4043 3558 4113 κάγὼ
3592 4042 3671 4112 τῷ

2098 4146 2311 4211 κόσμῳ,
2356 4161 2375 4194 ι
2413 4147 2505 4195 καὶ
2536 4142 2673 4212 πρὸς
2703 4140 2862 4193 τοῦτο
2894 4141 3097 4203 πάντες
3122 4139 3522 4191 σπευδέτωσαν.
3564 4138 3673 4189 Καὶ

2098 4236 2200 4303 τὴν
2230 4234 2511 4303 Παρθένον
2538 4233 2594 4286 δὲ
2625 4232 2893 4285 Θεοτόκον
2924 4231 3102 4291 οὐδεὶς
3130 4229 3488 4301 ὲκμιμεῖσθαι
3509 4226 3672 4280 δύνα⁴

2096 4340 2184 4375 ται
2215 4322 2247 4393 ἢ
2276 4324 2418 4377 κατά
2450 4323 2550 4394 τὴν
2576 4324 2820 4391 ἁγνείαν,
2850 4322 2883 4393 ἢ
2921 4322 2982 4373 τὸ
3012 4324 3069 4373 ὲν
3112 4321 3389 4389 Πνεύματι
3422 4318 3671 4384 συλλαμ-

2101 4413 2289 4467 ϐάνειν
2353 4417 2515 4486 σαρκὶ
2569 4417 2664 4469 καὶ
2719 4418 2923 4469 τίκτειν
2980 4415 3069 4466 τὸν
3118 4414 3345 4480 Κύριον,
3389 4412 3473 4464 ὅτι
3510 4412 3671 4477 μόνον

2030 4531 2073 4585 ο
2100 4506 2260 4561 τοῦτο
2292 4508 2384 4559 καὶ
2413 4506 2565 4577 παρὰ
2597 4507 2758 4578 μόνῃ*
2784 4508 3034 4577 μιμεῖται
3063 4505 3119 4558 δέ
3152 4521 3237 4566 τις
3267 4504 3458 4569 αὐτὴν,
3496 4504 3671 4566 ἁγνῶς

2109 4598 2242 4668 βιῶν
2269 4599 2366 4652 καὶ
2402 4597 2762 4669 παρθενεύειν
2794 4596 3139 4668 αἱρούμενος,
3166 4595 3312 4660 ἄξιός
3339 4613 3397 4647 τε
3423 4595 3520 4662 τῆς
3544 4595 3674 4646 ὑπο-

2104 4693 2267 4761 δοχῆς
2301 4691 2405 4760 τῆς
2437 4692 2664 4762 χάριτος
2693 4691 2769 4754 ὡς
2794 4690 3022 4744 δυνατὸν
3049 4688 3405 4757 δεδειγμένος.
3442 4689 3675 4740 Εὑκτέον

2105 4786 2289 4835 τοίνυν
2320 4783 2377 4834 ἓν
2412 4782 2628 4845 τούτοις
2661 4780 2739 4843 ὡς
2790 4782 3026 4850 ἐγχωρεῖ
3070 4781 3277 4841 πάντας
3323 4777 3491 4844 αὐτὴν
3522 4778 3675 4847 ἐκμι-

2109 4873 2412 4943 μήσασθαι.
2462 4875 2527 4927 Εἰ
2554 4874 2611 4927 δὲ
2647 4874 2742 4927 καὶ
2775 4872 2850 4935 ὡς
2890 4874 2988 4935 τὰς
3020 4870 3374 4941 γραφομένας
3423 4870 3572 4930 οείας
3603 4869 3676 4919 εἱ-

2106 4966 2266 5029 κόνας
2296 4966 2471 5020 ταῦτά
2518 4982 2705 5034 φασιν,
2753 4965 2814 5017 οὐ
2861 4969 3005 5017 κατὰ
3050 4964 3207 5031 λόγον
3239 4964 3266 5014 ὁ
3290 4962 3470 5028 λόγος,
3504 4961 3585 5013 ὅτι
3618 4962 3674 5010 εν

2103 5060 2446 5128 είκονίσμασι
2495 5059 2599 5127 μὲν
2642 5056 2859 5127 ἀληθῶς
2887 5055 3074 5123 εἰκὼν,
3108 5056 3204 5108 καὶ
3233 5054 3473 5122 Χριστοῦ
3507 5050 3675 5104 εἰκὼν

2103 5150 2449 5220 γραφομένη,
2480 5150 2573 5202 καὶ
2604 5144 2744 5217 αἷμα
2769 5146 3185 5216 είκονιζόμενον,
3210 5147 3304 5198 καὶ
3329 5144 3465 5196 Θεοῦ
3492 5143 3674 5211 μήτηρ
3708 5154 3711 5157 ·

2104 5240 2163 5291 ὲν
2202 5239 2394 5304 εικόνι,
2425 5239 2519 5291 καὶ
2549 5238 2804 5305 ἄγγελος,
2866 5240 2959 5291 καὶ
2995 5236 3312 5299 ἀπόστολος,
3352 5236 3446 5288 καὶ
3488 5234 3676 5301 ἱεράρ·

2103 5345 2226 5399 χης,
2266 5329 2361 5381 καὶ
2390 5328 2625 5397 μάρτυς,
2662 5330 2759 5381 καὶ
2789 5328 2851 5379 τὸ
2900 5327 3126 5397 Πνεῦμα
3158 5328 3216 5380 ὲν
3262 5325 3389 5378 εῖδει
3420 5340 3676 5393 περιστε-

2108 5422 2227 5489 ρᾶς,
2258 5422 2351 5473 καὶ
2393 5421 2574 5473 πάντα
2604 5418 2793 5484 εἰκὼν,
2822 5420 2915 5472 καὶ
2949 5419 3025 5481 ὡς
3054 5420 3165 5471 τῶν
3198 5417 3356 5471 Θείων
3378 5417 3585 5479 εἰκόνες
3615 5432 3675 5467 τε

2111 5512 2209 5564 καὶ
2235 5511 2470 5580 γραφαὶ,
2505 5510 2888 5581 προσκυνητιὶ
2914 5511 3010 5562 καὶ
3036 5511 3325 5579 σεϐάσμιοι
3351 5522 3365 5536 ⁸
3395 5508 3456 5560 τὸ
3485 5508 3541 5560 δὲ
3584 5509 3675 5560 ἁν-

2106 5602 2355 5671 θρώπους
2407 5601 2587 5656 ταῦτα
2648 5601 2935 5671 μιμεῖσθαι
2975 5601 3075 5654 οὐκ
3122 5600 3341 5667 εὐαγές.
3407 5598 3546 5652 Ἀλλ’
3611 5599 3673 5650 οὐ

2109 5695 2269 5763 μόνον
2298 5694 2493 5759 ταῦτα,
2525 5695 2619 5747 καὶ
2647 5692 2874 5746 πλεῖστα
2904 5693 2959 5745 δέ
2992 5709 3056 5761 γε
3088 5690 3313 5745 τοιαῦτα
3359 5692 3419 5742 οὐ
3472 5707 3674 5759 παραι-

2104 5783 2324 5857 τοῦνται
2351 5786 2571 5849 Λατῖνοι
2602 5786 2778 5842 ποιεῖν
2808 5785 2904 5839 καὶ
2932 5786 3172 5855 φρονεῖν.
3206 5782 3369 5836 ’Όοεν
3402 5783 3540 5836 κατὰ
3580 5778 3672 5833 τὸν
