4040 6202
390 235 497 304 119

1228 248 1612 312 SYMEONIS
1649 252 2403 323 THESSALONICENSIS
2442 259 2807 328 ARCHIEP.

3553 261 3657 330 120

387 357 515 429 qum
543 358 722 417 Latini
745 361 1184 433 in’dogmatibus
1212 376 1267 421 et
1318 369 1671 425 sanctissimo
1708 371 1968 443 Syurbolo

2074 376 2235 432 δύνου
2284 379 2499 445 πλάνην
2532 380 2908 451 καταισχύνας
2934 399 2995 436 τε
3025 381 3124 437 καὶ
3161 377 3495 435 καταϐαλών
3514 393 3530 414 ο
3559 384 3654 437 καὶ

384 465 726 511 novaverunt
759 471 971 512 necnon
1000 458 1065 512 de
1087 460 1341 529 superbia
1374 477 1561 518 eorum
1600 464 1761 517 locuti
1821 474 1969 532 sunt,

397 545 597 615 suique
629 546 866 603 nominis
893 548 1055 619 digna
1083 558 1132 603 et
1158 551 1339 605 divina
1390 553 1858 622 conscripserunt.
1908 570 1975 611 ac

394 636 587 691 idonea
633 636 836 705 quibus
890 639 1023 708 lapsi
1083 641 1426 711 erigerentur
1475 643 1725 697 veritatis
1791 644 1968 713 gratia

400 729 769 801 protulerunt.
802 731 959 788 Unde
985 733 1089 803 ipsi
1126 733 1193 789 ad
1226 750 1289 788 ea
1319 750 1441 805 quae
1476 736 1647 789 nostri
1706 735 1970 791 dixerunt

388 820 548 883 quasi
580 835 644 874 ex
670 823 931 891 apostolis
964 833 1017 877 et
1045 823 1300 879 Patribus
1328 834 1511 880 essent
1542 827 1735 880 oculos
1787 829 1973 881 inten-

380 907 600 975 damus,
628 922 683 966 et
709 912 867 970 facile
895 914 1335 971 adversariorum
1374 918 1479 973 tela
1526 918 1971 989 exstinguemus,

388 1004 660 1074 nobisque
684 1007 926 1061 veritatis
953 1008 1133 1063 lumen
1187 1008 1551 1064 servabimus.
1608 1007 1822 1065 Utvero
1875 1010 1969 1063 tibi

382 1108 485 1148 nos
511 1096 787 1151 modicam
821 1097 1191 1170 cognitionem
1240 1101 1545 1170 tradamus,
1598 1118 1696 1174 pro
1760 1100 1972 1158 viribus

380 1203 443 1240 ex
476 1188 637 1243 dictis
670 1190 891 1247 Patrum
922 1193 1175 1250 dicimus.
1239 1194 1468 1261 Latinis,
1532 1197 1626 1267 qui
1673 1196 1969 1267 primatum

380 1282 629 1337 Romano
665 1296 941 1352 astruunt,
975 1289 1353 1344 contradicere
1381 1304 1521 1358 opus
1553 1305 1659 1345 non
1687 1300 1771 1346 est
1807 1306 1822 1357 ;
1874 1304 1972 1345 ne-

379 1391 486 1442 que
537 1376 589 1431 id
626 1378 772 1433 lvdit
834 1377 1158 1437 Ecelesiam.
1210 1380 1519 1437 Ostendam
1584 1381 1974 1437 tantummodo

377 1472 558 1539 ipsum
586 1470 640 1523 in
678 1470 820 1525 Petri
848 1472 950 1527 lide
978 1483 1033 1528 et
1061 1474 1207 1528 illius
1230 1490 1616 1531 successorum
1638 1476 1969 1546 persistere;

377 1571 432 1613 et
457 1559 655 1615 habeat
688 1562 790 1615 sibi
837 1562 994 1633 Petri]
1024 1564 1233 1632 omnia,
1284 1572 1339 1620 et
1393 1565 1606 1635 primus
1654 1566 1726 1621 sit
1754 1574 1809 1622 et
1850 1581 1969 1621 ver-

378 1659 468 1705 tex
492 1662 543 1705 et
561 1662 723 1723 caput
741 1652 986 1707 omnium
1008 1666 1054 1710 et
1074 1670 1364 1725 supremus
1382 1656 1644 1726 antistes;
1666 1657 1716 1711 id
1736 1657 1880 1712 enim
1900 1659 1968 1712 de

2080 472 2179 524 σὺν
2230 472 2415 534 αὐτοῖς
2449 472 2631 543 ἕτεροι
2675 475 2920 528 πλεῖστοι
2958 475 3069 529 τῶν
3101 476 3287 529 θεόθεν
3319 474 3654 544 ἐκλελεγμέ-

2078 582 2205 629 νων,
2236 565 2365 635 περί
2396 582 2454 619 τε
2488 566 2590 633 τῆς
2623 567 2986 637 καινοτομίας
3016 568 3266 622 Λατίνων
3302 569 3404 638 τῆς
3455 570 3513 621 ὲν
3542 571 3657 633 τοῖς

2075 656 2314 726 δόγμασι
2366 659 2569 728 καὶτῷ
2621 660 2905 729 ίερωτάτῳ
2934 660 3217 732 Συμϐόλῳ,
3253 663 3350 715 καὶ
3389 663 3519 733 περὶ
3574 657 3651 714 ὧν

2078 747 2460 820 ὑπερηφάνως
2508 750 2786 819 λαλοῦσιν,
2831 755 3001 819 ἀξίως
3037 755 3248 808 ἑαυτῶν
3300 756 3501 807 ἐκεῖνοι
3560 756 3656 811 καὶ

2077 839 2240 904 θείως
2281 842 2722 913 συνεγράψαντο.
2776 846 2887 901 Kal
2927 847 3088 899 ἱκανά
3118 846 3187 900 τὰ
3239 844 3371 914 παρ’
3424 846 3655 900 ἐκείνων

2075 933 2178 1001 τῆς
2225 934 2489 1005 ἀληθείας
2540 935 2706 1006 χάριν
2763 937 2858 991 καὶ
2903 937 2998 990 τοῦ
3044 935 3498 1006 ἐπανορθωθῆναι
3528 936 3658 998 τοὺς

2075 1030 2494 1092 καταπεσόντας
2519 1031 2780 1099 ρηθέντα.
2814 1030 2980 1084 Ὅθεν
3009 1031 3104 1084 καὶ
3127 1030 3291 1100 ἡμεῖς
3310 1030 3446 1099 πρὸς
3470 1031 3655 1082 ἐκεῖνα

2073 1117 2315 1187 δρῶμεν,
2350 1118 2498 1190 ᾇπερ
2526 1120 2736 1190 ἔφησαν
2774 1122 2823 1174 οί
2855 1123 3034 1193 ἡμῶν,
3070 1122 3148 1185 ὡς
3178 1124 3241 1175 ὲκ
3274 1122 3385 1176 τῶν
3419 1122 3656 1175 ἀποστό-

2076 1210 2185 1264 λων
2237 1212 2369 1266 ὄντα
2408 1213 2647 1267 καὶτῶν
2692 1214 2980 1283 Πατέρων,
3036 1215 3133 1269 καὶ
3169 1215 3373 1274 ἱκανῶς
3418 1215 3657 1285 ἐσόμεθα

2075 1306 2145 1357 τά
2172 1303 2280 1357 τῶν
2317 1305 2579 1360 ἐναντίων
2609 1306 3103 1373 κατασόεννύντες,
3137 1308 3236 1361 xal
3260 1309 3396 1378 ἡμῖν
3431 1310 3491 1361 τδ
3523 1310 3659 1379 φέγο

2076 1412 2172 1465 γος
2203 1396 2304 1467 τῆς
2328 1396 2596 1468 ἀληθείας
2653 1397 3183 1469 περιφυλάσσοντες.
3223 1401 3342 1453 ’ῐνα
3367 1399 3424 1454 δέ
3452 1417 3533 1453 σοι
3561 1400 3659 1454 καὶ

2078 1486 2286 1558 μικράν
2321 1480 2425 1543 ὧδε
2450 1488 2551 1559 τὴν
2581 1489 2788 1559 εἴδησιν
2822 1490 3010 1560 δῶμεν
3039 1493 3136 1544 καὶ
3169 1492 3355 1560 ἡμεῖς,
3390 1493 3466 1555 ὡς
3494 1492 3657 1546 δύνα-

2084 1596 2178 1647 μις
2211 1582 2274 1632 ὲκ
2316 1580 2425 1633 τῶν
2478 1581 2594 1644 τοῖς
2644 1581 2825 1647 ἁγίοις
2873 1581 3151 1652 ῥηθέντων
3205 1585 3409 1653 φαμὲν,
3468 1585 3545 1648 ὡς
3596 1586 3656 1638 τὸ

2073 1670 2258 1740 λέγειν
2318 1672 2585 1734 Λατίνους
2621 1673 2841 1743 πρῶτον
2898 1670 3043 1728 εἶναι
3087 1676 3179 1728 τὸν
3228 1675 3473 1747 Ῥώμης,
3512 1679 3658 1732 ἀντι-

378 1744 712 1813 patriarcliis
745 1744 1027 1811 Romanis,
1048 1748 1139 1813 qui
1169 1763 1267 1816 pro
1293 1758 1538 1818 tempore
1567 1748 1810 1816 fuerunt,
1834 1750 1969 1805 scri.

2076 1765 2256 1831 λέγειν
2285 1765 2389 1820 οὐκ
2421 1768 2747 1833 ἀναγκαῖον,
2780 1768 2904 1821 οὐδὲ
2936 1768 3335 1839 παραὸλάπτον
3363 1771 3525 1825 τοῦτο
3555 1772 3657 1840 τὴν

378 1840 529 1905 ptum
561 1846 645 1890 est
680 1848 772 1902 ;et
803 1838 1136 1908 apostolicus
1169 1840 1257 1894 hic
1288 1840 1540 1905 thronus,
1575 1843 1749 1911 et,qui
1783 1842 1838 1895 in
1905 1856 1971 1896 eo

383 1925 607 1986 insidet,
627 1925 892 1996 pontifex,
921 1937 1128 1982 rectam
1157 1929 1315 1983 ﬁdem
1337 1938 1550 1993 tenens,
1574 1944 1865 1987 successor
1891 1930 1972 1984 di-

377 2011 521 2064 citur
551 2011 731 2080 Petri;
760 2014 1057 2081 nullusque
1085 2025 1231 2072 recte
1273 2018 1632 2073 sentientium
1658 2030 1711 2074 et
1740 2020 1971 2091 loquen—

376 2102 514 2156 tium
563 2108 873 2175 oppositum
936 2108 1249 2164 aﬂlrmabit.
1277 2109 1406 2165 Ideo
1434 2111 1672 2167 secunda
1707 2113 1969 2185 synodus.

388 2196 512 2250 licet
564 2199 796 2266 aequalia
855 2198 1129 2269 judicaret
1184 2202 1332 2258 sedis
1408 2202 1974 2276 Constantinopolita-

389 2301 477 2340 nae
518 2283 666 2353 jura.
699 2290 937 2357 primum
971 2305 1093 2345 esse
1153 2292 1290 2347 dixit
1352 2292 1660 2349 Romanum
1739 2298 1963 2366 pontill-

379 2392 522 2442 cem,
574 2387 631 2433 et
693 2378 817 2433 licet
869 2380 1377 2453 Constantinopolis
1448 2388 1768 2455 episcopum
1820 2397 1967 2443 tanta

377 2483 543 2536 posse
572 2478 783 2537 putaret
816 2481 1018 2539 quanta
1050 2472 1235 2529 Romae
1269 2476 1577 2545 episcopus,
1606 2477 1757 2532 illum
1790 2488 1968 2535 tamen

379 2568 506 2629 post
539 2560 687 2615 hunc
720 2566 1019 2617 secundum
1074 2576 1337 2634 praestare
1388 2570 1546 2624 dixit.
1587 2568 1657 2623 Et
1710 2581 1966 2641 quartum

379 2652 673 2707 concilium
710 2653 763 2708 in
787 2669 898 2724 quo
951 2656 1174 2728 triginta
1227 2669 1281 2714 et
1317 2661 1542 2715 trecenti
1593 2673 1969 2720 convenerunt

378 2744 645 2813 episcOpi,
673 2746 863 2800 eodem
902 2746 1161 2804 innovate
1206 2761 1415 2806 statuto
1474 2755 1626 2822 paria
1683 2755 1821 2810 dixit
1846 2756 1968 2823 jura

381 2835 614 2894 Romani
666 2850 721 2895 et
771 2842 1362 2915 Constantinopolitani
1435 2850 1731 2919 pontiﬁcis.
1789 2853 1968 2923 Ipsum

377 2942 508 2983 vero
540 2928 803 2996 Leonem,
838 2933 932 3002 qui
968 2934 1229 3003 epistolas
1257 2936 1322 2990 ad
1374 2940 1668 2994 concilium
1728 2943 1968 3012 scripsit,

384 3021 750 3090 apostolicum
788 3034 1119 3079 vocaverunt
1162 3026 1353 3081 Patres
1384 3032 1623 3095 concilii,
1659 3044 1967 3092 asserentes

379 3130 441 3169 se
480 3130 664 3171 vocem
703 3116 822 3186 ejus
878 3120 1025 3173 velut
1058 3119 1206 3175 Petri
1271 3123 1539 3191 accipere,
1573 3134 1625 3179 et
1651 3127 1963 3182 columnam
1995 3092 2037 3151 Ο

380 3212 542 3260 recta:
577 3205 699 3262 li'lei
749 3208 1035 3277 epistolam
1093 3210 1212 3279 ejus
1262 3212 1721 3279 nominaverunt;
1755 3230 1966 3271 necnon

379 3298 573 3352 Patres
637 3309 804 3355 sexui:
854 3301 1216 3373 septimaque
1258 3305 1451 3375 synodi
1507 3315 1563 3359 et
1642 3316 1967 3363 caeterarum

384 3393 569 3446 sedem
629 3394 800 3464 ipsam
855 3397 1210 3464 apostolicam
1261 3398 1557 3467 appellant,
1608 3410 1664 3454 et
1727 3415 1827 3455 nos
1858 3415 1965 3455 non

380 3482 682 3541 auferimus
710 3486 928 3542 Patrum
972 3488 1148 3558 leges;
1202 3502 1406 3545 rectam
1441 3491 1600 3547 [idem
1643 3499 1973 3548 tantummo-

377 3576 451 3630 do
477 3576 796 3645 profiteatur
815 3576 1068 3633 Silvestri
1087 3588 1141 3633 et
1158 3578 1493 3651 Agathonis,
1517 3582 1713 3638 Leonis
1739 3594 1791 3638 et
1814 3583 1970 3640 Libe-

377 3669 468 3731 rii.
532 3669 755 3725 Martini
822 3682 989 3741 atque
1038 3672 1289 3745 Gregorii
1341 3690 1631 3732 successor
1689 3674 1971 3734 llomanus

378 3762 643 3829 pontifex,
676 3773 732 3818 et
778 3774 908 3819 tunc
964 3764 1116 3819 illum
1143 3760 1505 3836 apostolicum
1539 3778 1971 3839 ceterorumque

348 3856 695 3924 .poutilicnm
763 3857 1062 3927 principem
1111 3858 1563 3929 predicsbimus;
1610 3866 1678 3916 'et
1707 3863 1810 3932 ipsi
1843 3864 1970 3919 obe-

383 3948 647 4004 dientiam
690 3950 1094 4019 praestabimus,
1150 3968 1259 4007 non
1322 3963 1533 4009 tantum
1595 3956 1747 4011 velut
1782 3955 1966 4022 Petro,

378 4042 477 4097 sed
529 4043 695 4097 etiam
734 4044 883 4099 velut
913 4043 1017 4113 ipsi
1058 4042 1351 4101 Salvatori.
1406 4048 1476 4102 At
1538 4048 1585 4102 si
1649 4058 1965 4104 sanctorum

387 4134 606 4189 illorum
635 4135 755 4190 ﬁdei
790 4135 963 4193 baares
989 4152 1098 4190 non
1140 4137 1233 4203 sit,
1266 4154 1440 4209 neque
1464 4140 1610 4195 sedis
1641 4140 1746 4195 erit
1770 4141 1965 4200 haeres.

377 4244 557 4298 neque
606 4231 765 4283 modo
816 4245 1162 4298 nequaquam
1210 4233 1315 4285 erit
1366 4233 1730 4297 apostolicus,
1786 4249 1966 4302 neque

377 4324 610 4391 primus,
645 4336 820 4389 neque
844 4319 1028 4382 Pater.
1055 4325 1150 4376 sed
1189 4326 1501 4377 econtratio
1534 4326 1884 4380 adversarius
1911 4338 1963 4381 et

375 4422 624 4468 vastator
656 4422 709 4465 et
750 4413 1126 4482 apostolorum
1191 4415 1473 4470 inimicus.
1530 4415 1680 4471 Unde
1742 4420 1963 4473 memini

376 4505 582 4574 aliquid
640 4504 748 4558 tale
799 4505 868 4558 ad
927 4506 1220 4575 quemdam
1284 4522 1348 4561 ex
1411 4520 1568 4577 parte
1644 4508 1965 4565 Latinorum

374 4601 849 4672 Constantinopoli
906 4602 1132 4658 dixisse.
1186 4602 1400 4671 Quippe
1451 4617 1573 4656 cum
1630 4603 1674 4657 is
1723 4617 1808 4655 me
1855 4604 1967 4658 col-

374 4694 663 4753 locuturtts
694 4694 976 4759 adivissct,
1039 4695 1443 4763 argumentanti
1506 4695 1764 4765 respondi
1818 4711 1966 4765 qure-

376 4801 595 4857 eunque
637 4786 785 4841 Deus
826 4787 959 4841 mihi
1008 4788 1155 4842 dedit
1189 4802 1255 4842 ex
1304 4797 1620 4843 sanctorum
1651 4789 1772 4858 ejus
1802 4790 1966 4847 dictis

377 4884 446 4937 de
470 4887 589 4954 ipso
605 4885 916 4955 divinisque
936 4885 1107 4955 ipsius
1129 4886 1445 4939 veritatibus
1468 4888 1672 4943 dicere.
1699 4887 1961 4957 Denique,

381 4975 584 5043 Quare,
631 4980 826 5047 inquit,
864 4993 987 5032 eum
1022 4976 1257 5034 Orientis
1304 4980 1653 5049 pontiﬁcibus
1697 4981 1965 5050 dictisque

384 5069 712 5138 patriareltis
738 5072 1054 5126 societatem
1077 5072 1222 5126 initis
1240 5081 1402 5140 atque
1422 5072 1741 5127 memoriam
1771 5089 1961 5128 eorum

379 5160 435 5213 in
456 5159 697 5216 Ecclesia
723 5161 925 5231 facitis,
948 5164 1048 5219 etsi
1072 5164 1180 5218 sint
1202 5164 1415 5218 barbari
1441 5174 1965 5235 nequecognoscant

386 5252 519 5321 quid
545 5254 615 5307 sit
640 5255 1122 5319 Christianismus.
1148 5272 1341 5327 papam
1376 5268 1555 5311 autem
1583 5257 1708 5311 licet
1744 5258 1962 5327 sapiens

385 5346 459 5398 sit
479 5347 732 5416 virosque
752 5350 937 5403 doctos
958 5350 1155 5417 quibus
1179 5350 1409 5418 stipatur
1434 5348 1656 5403 minime
1679 5349 1964 5419 accipitis?

381 5436 484 5491 Cui
519 5438 773 5508 respondi
807 5456 907 5496 nos
948 5455 1144 5510 papam
1207 5456 1394 5495 verunt
1428 5455 1770 5509 nequaquam
1803 5457 1963 5495 aver-

382 5529 515 5593 sari,
554 5544 710 5585 neca
771 5532 1161 5587 communione
1213 5540 1398 5586 nostra
1454 5530 1703 5599 rejicere,
1748 5534 1963 5602 imoque

378 5632 481 5685 nos
532 5634 653 5674 cum
683 5622 774 5676 illo
800 5622 942 5679 sicut
972 5636 1096 5675 cum
1127 5622 1346 5677 CltriSto
1371 5639 1536 5677 unum
1586 5638 1729 5689 esse,
1756 5623 1963 5693 ipsum-

383 5727 494 5784 que
548 5722 757 5787 patrem
839 5724 889 5769 et
945 5722 1219 5785 pastorem
1287 5713 1580 5783 appellare.
1638 5713 1729 5771 ille
1781 5726 1960 5771 autem

2086 1856 2421 1929 Ἐκκλησίαν
2476 1858 2614 1911 ἐστί.
2673 1857 3022 1923 Δειξάτωσαν
3076 1861 3239 1929 μόνον
3285 1860 3450 1913 αὐτὸν
3499 1863 3558 1913 ἐν
3587 1864 3651 1929 τῇ

2074 1950 2255 2002 πίστει
2312 1949 2446 2003 ὄντα
2495 1950 2590 2002 τοῦ
2647 1950 2858 2020 Πέτρου
2913 1951 3010 2005 καὶ
3073 1951 3183 2005 τῶν
3239 1952 3504 2020 διαδόχων
3557 1952 3655 2005 τοῦ

2076 2043 2287 2111 Πέτρου
2318 2057 2333 2072 °
2365 2043 2461 2096 καὶ
2492 2041 2672 2095 πάντα
2702 2042 2875 2111 ἐχέτω
2903 2042 2971 2096 τὰ
3003 2042 3097 2096 τοῦ
3124 2040 3358 2108 Πέτρου,
3387 2043 3483 2097 καὶ
3508 2044 3658 2111 πρῶ-

2074 2151 2163 2197 τος
2192 2135 2334 2195 ἔστω
2368 2135 2462 2188 καὶ
2489 2134 2707 2204 κορυφὴ
2738 2136 2836 2187 καὶ
2858 2136 3070 2204 κεφαλὴ
3099 2137 3342 2200 πάντων,
3367 2138 3459 2189 καὶ
3488 2137 3658 2205 ἄκρος

2074 2223 2391 2294 ἀρχιερεύς.
2423 2225 2532 2277 Kal
2563 2223 2674 2295 γὰρ
2713 2224 2873 2278 τοῦτο
2924 2226 3055 2293 περὶ
3106 2227 3214 2280 τῶν
3242 2227 3383 2281 κατὰ
3425 2229 3658 2296 καιροὺς

2075 2316 2436 2386 πατριαρχῶν
2483 2317 2709 2389 Ῥώμης
2760 2318 3098 2388 γέγραπται,
3154 2319 3253 2374 καὶ
3294 2318 3657 2383 άποστολικὸς

2074 2405 2233 2469 οὗτος
2266 2409 2293 2460 ό
2324 2406 2536 2476 θρόνος,
2569 2408 2666 2461 καὶ
2695 2411 2723 2462 ὁ
2752 2409 2840 2462 ἐπ’
2874 2410 3027 2479 αὐτῷ
3058 2411 3157 2478 τῆς
3188 2410 3502 2481 όρθοδοξίας
3536 2412 3655 2481 ἑχό-

2078 2514 2238 2567 μενος
2262 2498 2557 2569 ἀρχιερεὺς
2589 2501 2834 2572 διάδοχος
2862 2502 3087 2570 λέγεται
3138 2501 3234 2557 τοῦ
3269 2503 3478 2573 Πέτρου
3500 2520 3513 2533 ·
3549 2504 3647 2556 καὶ

2072 2591 2248 2653 οὐδεὶς
2293 2592 2401 2644 τῶν
2452 2591 2597 2662 ὀρθὰ
2633 2594 2982 2663 φρονούντων
3017 2613 3076 2649 τε
3124 2597 3218 2649 καὶ
3250 2596 3520 2665 λεγόντων
3555 2598 3650 2650 ὲπὶ

2073 2682 2285 2746 τούτοις
2334 2684 2575 2753 ἀντερεῖ.
2644 2684 2804 2739 Ἐπεὶ
2854 2687 2952 2740 καὶ
2997 2689 3031 2759 ἠ
3073 2689 3304 2760 δευτέρα
3345 2688 3586 2753 σύνοδος,
3617 2690 3653 2761 ἠ

2072 2774 2142 2826 τά
2171 2776 2262 2827 ῐσα
2294 2776 2561 2846 πρεσϐεῖα
2590 2776 2669 2847 τῷ
2702 2775 3343 2844 Κωνῖσταντινουπόλεως
3383 2781 3649 2848 νέμουσα,

2074 2867 2291 2935 πρῶτον
2328 2865 2470 2921 εἶναι
2502 2868 2597 2921 τὸν
2640 2867 2861 2941 Ῥώμης
2903 2873 3063 2940 φησὶ,
3114 2873 3211 2925 καὶ
3240 2873 3335 2925 τὸν
3361 2873 3462 2943 τῆς
3495 2874 3653 2927 Κων-

2076 2960 2578 3023 σταντινουπόλεως
2626 2961 2716 3014 ίσα
2771 2962 2874 3030 μὲν
2926 2961 3005 3031 τῷ
3070 2962 3295 3035 Ῥώμης
3349 2966 3651 3035 δυνάμενον

2074 3048 2233 3117 εἶναι,
2266 3053 2519 3122 δεύτερον
2550 3053 2606 3106 δὲ
2642 3053 2761 3123 μετ’
2791 3055 2999 3108 ἐκεῖνον
3030 3057 3321 3126 ὑπάρχειν.
3351 3060 3461 3111 Kal
3502 3061 3533 3128 ἠ
3561 3077 3652 3112 τε-

2074 3145 2245 3215 τάρτη
2278 3145 2334 3197 δὲ
2361 3146 2469 3197 τῶν
2505 3145 2809 3209 ἑξακοσίων
2839 3148 3161 3218 τριάκοντα,
3188 3150 3281 3202 τὸν
3312 3151 3478 3205 αὐτὸν
3519 3153 3650 3205 ἁνα-

2071 3236 2512 3305 κεφαλαιουμένη
2539 3235 2766 3301 κανόνα,
2792 3236 2860 3290 τὰ
2879 3239 3042 3307 ὃμοια
3063 3241 3193 3311 περὶ
3213 3241 3323 3293 τῶν
3346 3260 3447 3309 πρε
3458 3242 3653 3295 σϐείων

2071 3327 2164 3379 τοῦ
2204 3327 2425 3399 Ῥώμης
2455 3346 2513 3381 τε
2544 3332 2639 3384 καὶ
2673 3331 2768 3385 τοῦ
2803 3334 3436 3407 Κωνσταντινουπόλεὼς
3489 3354 3649 3408 φησι.

2074 3419 2183 3473 Kal
2210 3419 2373 3473 αὑτὸν
2397 3419 2451 3472 δὲ
2482 3419 2573 3473 τὸν
2594 3422 2799 3475 Λέοντα
2815 3422 2873 3486 ὃς
2907 3424 3005 3493 τὴν
3034 3426 3324 3491 ἐπιστολὴν
3351 3428 3559 3497 ἔγραψε
3582 3432 3649 3500 τῇ

2075 3510 2300 3580 συνόδῳ,
2328 3512 2697 3567 άποστολικόν
2724 3531 2889 3582 φασιν
2920 3517 2971 3568 oi
3002 3516 3103 3580 τῆς
3133 3519 3359 3571 συνόδου
3388 3521 3649 3586 Πατέρες,

2071 3601 2167 3655 καὶ
2191 3600 2268 3665 ὡς
2300 3602 2393 3655 τοῦ
2428 3605 2638 3675 Πέτρου
2671 3606 2927 3675 δέχεσθαι
2968 3608 3065 3671 τὰς
3096 3608 3264 3662 αὐτοῦ
3298 3613 3482 3678 φωνάς
3512 3655 3527 3678 ,
3559 3613 3653 3665 καὶ

2073 3693 2276 3762 στήλην
2307 3695 2615 3763 όρδοδοξίας
2643 3698 2743 3768 τὴν
2783 3700 3081 3768 ἐπιστολὴν
3130 3700 3295 3755 αὑτοῦ
3332 3702 3441 3772 38
3471 3721 3649 3757 κατω-

2071 3787 2340 3856 νόμασαν.
2378 3789 2491 3842 Kal
2539 3790 2589 3844 οἱ
2625 3792 2726 3857 τῆς
2774 3790 2943 3862 ἕκτης
2976 3794 3197 3848 συνόδου
3240 3796 3336 3849 καὶ
3363 3798 3457 3866 τῆς
3499 3797 3652 3849 ἑϐδό-

2072 3896 2181 3946 μης
2212 3881 2308 3935 καὶ
2334 3881 2390 3934 αἱ
2416 3881 2607 3936 λοιπαὶ
2656 3884 3017 3939 ἁποστολικδν
3045 3886 3235 3955 θρόνον
3265 3888 3428 3941 αὑτὸν
3454 3889 3654 3958 ὀνομά-

2068 3973 2242 4035 ζουσι.
2267 3974 2377 4026 Kal
2399 3974 2560 4044 ἡμεῖς
2590 3975 2689 4027 οὐκ
2720 3977 3056 4046 ἀναιροῦμεν
3086 3980 3213 4042 τοὺς
3235 3979 3345 4031 τῶν
3370 3979 3646 4049 Πατέρων

2068 4065 2252 4132 ὄρους.
2294 4066 2481 4118 Ἔστω
2535 4060 2702 4134 μόνον
2745 4073 2843 4139 τῆς
2879 4070 3190 4141 όρθοδοξίας
3235 4072 3561 4140 Σιλὸἐστρου
3590 4089 3651 4125 τε

2070 4159 2164 4210 καὶ
2210 4156 2541 4225 Ἀγάθωνος,
2572 4161 2801 4225 Λέοντός
2829 4180 2887 4215 τε
2924 4164 3018 4217 καὶ
3053 4163 3310 4232 Λι6ερίου
3350 4166 3444 4218 καὶ
3489 4167 3649 4233 Μαρ-

2067 4249 2239 4314 τίνου,
2267 4254 2365 4303 καὶ
2419 4251 2723 4323 Γρηγορίου
2772 4254 3019 4326 διάδοχος
3071 4256 3099 4308 ὁ
3130 4257 3229 4325 τῆς
3275 4255 3519 4326 Ῥώμης.
3554 4256 3650 4310 καὶ

2066 4340 2241 4406 οὕτως
2278 4344 2641 4397 ἀποστολικδν
2700 4346 2865 4399 αὑτὸν
2917 4349 3014 4399 καὶ
3064 4348 3282 4417 πρῶτον
3316 4349 3423 4400 τῶν
3476 4348 3651 4402 ἄλλων

2000 4440 2041 4495 υ
2073 4435 2307 4505 ἐροῦμεν
2336 4437 2662 4507 ἀρχιερέων,
2698 4440 2793 4491 καὶ
2848 4439 2949 4510 τὴν
2982 4440 3265 4510 ὑποταγὴν
3301 4442 3452 4509 αὐτῷ
3481 4442 3651 4494 δώσο-

2072 4545 2192 4596 μεν,
2220 4530 2319 4600 οὐχ
2343 4530 2418 4592 ὡς
2448 4531 2526 4600 τῷ
2556 4533 2752 4603 Πέτρῳ
2784 4533 2968 4603 μόνον,
3006 4536 3123 4587 ἀλλ’
3143 4534 3218 4597 ὡς
3250 4536 3401 4604 αὐτῷ
3430 4536 3507 4605 τῷ
3537 4538 3647 4589 Σω-

2068 4612 2216 4690 τῆρι.
2241 4624 2303 4676 Εἰ
2330 4625 2376 4676 δ’
2403 4625 2463 4676 οὐ
2492 4624 2738 4695 διάδοχος
2765 4629 2829 4697 τῇ
2860 4628 3043 4681 πίστει
3068 4630 3181 4691 τοῖς
3210 4628 3390 4694 ἁγίοις
3419 4630 3650 4691 ἐκείνοις

2068 4714 2237 4781 ἐστὶν,
2271 4715 2392 4769 οὐδὲ
2418 4715 2667 4787 διάδοχος
2694 4718 2786 4771 τοῦ
2825 4719 3043 4789 θρόνου.
3086 4720 3194 4774 Kal
3237 4722 3298 4773 οὗ
3332 4722 3495 4790 μόνον
3546 4721 3647 4772 οὐκ
3680 4758 3683 4759 ν

2068 4806 2431 4867 άποστολικδς
2461 4810 2557 4862 καὶ
2588 4810 2648 4862 οὐ
2702 4810 2920 4880 πρῶτος
2949 4813 3073 4866 οὐδὲ
3108 4814 3327 4882 Πατὴρ,
3376 4813 3510 4866 ἀλλὰ
3555 4814 3647 4864 καὶ

2068 4894 2313 4959 ἐναντίος
2344 4898 2437 4950 καὶ
2479 4897 2700 4965 λυμεὼν
2735 4902 2966 4955 καὶτῶν
3004 4902 3322 4955 ἀποστόλων
3364 4903 3518 4955 ἔσται
3546 4920 3647 4956 πο-

2068 4984 2276 5054 λέμιος.
2314 4988 2483 5041 ’Ὅθεν
2522 4990 2618 5043 καὶ
2653 4991 2963 5061 μέμνημαι,
2986 4994 3206 5060 ἀδελφὲ,
3238 4995 3483 5047 τοιοῦτον
3506 5012 3557 5046 τι
3588 4996 3646 5046 ὲν

2069 5078 2647 5136 Κωνσταντινουπὸλει
2715 5085 2850 5154 πρός
2902 5103 3025 5139 τινα
3073 5089 3173 5156 τῆς
3238 5088 3346 5138 τῶν
3399 5089 3648 5141 Λατίνων

2071 5160 2267 5241 μοίρας
2327 5172 2590 5243 εἰρηκώς.
2641 5176 2801 5229 Ἐπεὶ
2850 5178 2958 5249 γάρ
3007 5197 3099 5249 μοι
3133 5180 3441 5247 προσῆλθεν
3491 5180 3647 5242 οὗτος

2067 5259 2481 5332 διαλεγόμενος,
2518 5264 2656 5335 προς
2690 5266 2759 5317 τὰ
2780 5266 2991 5319 ἐκείνου
3024 5268 3124 5335 μὲν
3161 5268 3345 5318 ἐκεῖνα
3380 5268 3643 5336 εἰρήκειν,

2066 5351 2166 5405 ὅσα
2218 5369 2309 5421 μοι
2339 5352 2473 5415 Θεὸς
2522 5354 2759 5409 δέδωκεν
2793 5359 2857 5410 ὲκ
2907 5357 3015 5409 τῶν
3064 5357 3230 5411 αὑτοῦ
3282 5358 3455 5426 ἁγίων
3505 5357 3645 5424 ὑπὲρ

2066 5443 2234 5497 αὑτοῦ
2272 5447 2367 5500 καὶ
2393 5446 2502 5498 τῶν
2539 5447 2707 5500 αὑτοῦ
2742 5447 2905 5501 θείων
2934 5448 3224 5518 δογμάτων
3248 5452 3422 5502 εἰπεῖν
3446 5467 3458 5480 ’
3492 5447 3648 5510 τέλος

2067 5535 2124 5589 δέ
2180 5553 2290 5605 μοι,
2342 5538 2449 5589 Kal
2500 5537 2664 5600 διατί,
2705 5539 2935 5610 ὴρώτα,·
2971 5543 3082 5603 τοῖς
3137 5542 3235 5611 μὲν
3280 5541 3645 5601 ’Λνατολικοῖς

2072 5627 2352 5699 ίεράρχαις
2405 5632 2519 5694 τοῖς
2560 5632 2878 5702 λεγομένοις
2924 5634 3293 5703 πατριάρχαις
3319 5634 3419 5703 τὴν
3452 5646 3643 5684 κοινω-

2073 5718 2191 5775 νίαν
2221 5723 2519 5794 παρέχετε,
2542 5724 2634 5779 καὶ
2664 5725 2761 5796 τὴν
2814 5723 3021 5778 τούτων
3057 5725 3285 5797 μνήμην
3309 5726 3397 5778 ἐπ’
3436 5721 3640 5792 ἐκκλη-
