  <div class='ocr_page' id='page_1' title='image "/cluster/home/n/w/nwhite01/storage/ocr_20150623/155/hvd.32044069650117/070.png"; bbox 0 0 4044 6210; ppageno 0'>
   <div class='ocr_carea' id='block_1_1' title="bbox 302 250 386 316">
    <p class='ocr_par' dir='ltr' id='par_1_1' title="bbox 302 250 386 316">
     <span class='ocr_line' id='line_1_1' title="bbox 302 250 386 316; baseline -0.071 0"><span class='ocrx_word' id='word_1_1' title='bbox 302 250 386 316; x_wconf 72' lang='grc'><strong>12)</strong></span> 
     </span>
    </p>
   </div>
   <div class='ocr_carea' id='block_1_2' title="bbox 1276 239 2447 304">
    <p class='ocr_par' dir='ltr' id='par_1_2' title="bbox 1276 239 2447 304">
     <span class='ocr_line' id='line_1_2' title="bbox 1276 239 2447 304; baseline -0.003 -2"><span class='ocrx_word' id='word_1_2' title='bbox 1276 240 1554 302; x_wconf 69' lang='grc' dir='ltr'><strong>οιΑιοο</strong></span> <span class='ocrx_word' id='word_1_3' title='bbox 1569 239 1664 302; x_wconf 80' lang='lat' dir='ltr'><strong>US</strong></span> <span class='ocrx_word' id='word_1_4' title='bbox 1703 241 2006 302; x_wconf 65' lang='lat' dir='ltr'><strong>CONTRA</strong></span> <span class='ocrx_word' id='word_1_5' title='bbox 2050 243 2100 302; x_wconf 75' lang='grc' dir='ltr'><strong>Η</strong></span> <span class='ocrx_word' id='word_1_6' title='bbox 2115 242 2447 304; x_wconf 72' lang='lat' dir='ltr'><strong>.‘ERESES.</strong></span> 
     </span>
    </p>
   </div>
   <div class='ocr_carea' id='block_1_3' title="bbox 3405 241 3506 309">
    <p class='ocr_par' dir='ltr' id='par_1_3' title="bbox 3405 241 3506 309">
     <span class='ocr_line' id='line_1_3' title="bbox 3405 241 3506 309; baseline 0.04 -4"><span class='ocrx_word' id='word_1_7' title='bbox 3405 241 3506 309; x_wconf 79' lang='lat'><strong>130</strong></span> 
     </span>
    </p>
   </div>
   <div class='ocr_carea' id='block_1_4' title="bbox 301 358 1842 433">
    <p class='ocr_par' dir='ltr' id='par_1_4' title="bbox 301 359 1820 433">
     <span class='ocr_line' id='line_1_4' title="bbox 301 359 1820 433; baseline -0.008 -13"><span class='ocrx_word' id='word_1_8' title='bbox 301 372 377 420; x_wconf 75' lang='grc' dir='ltr'><strong>καὶ</strong></span> <span class='ocrx_word' id='word_1_9' title='bbox 405 361 524 433; x_wconf 72' lang='grc' dir='ltr'><strong>πρὸς</strong></span> <span class='ocrx_word' id='word_1_10' title='bbox 551 363 686 432; x_wconf 72' lang='grc' dir='ltr'><strong>ἡμᾶς</strong></span> <span class='ocrx_word' id='word_1_11' title='bbox 736 377 901 432; x_wconf 79' lang='grc' dir='ltr'><strong>φησιν</strong></span> <span class='ocrx_word' id='word_1_12' title='bbox 934 361 962 412; x_wconf 88' lang='lat'><strong>6</strong></span> <span class='ocrx_word' id='word_1_13' title='bbox 1003 359 1185 424; x_wconf 77' lang='grc' dir='ltr'><strong>Δαϐιδ,</strong></span> <span class='ocrx_word' id='word_1_14' title='bbox 1239 377 1256 410; x_wconf 83' lang='lat' dir='ltr'><strong>t</strong></span> <span class='ocrx_word' id='word_1_15' title='bbox 1295 359 1481 421; x_wconf 68' lang='grc' dir='ltr'><strong>Δεῦτε,</strong></span> <span class='ocrx_word' id='word_1_16' title='bbox 1515 361 1820 428; x_wconf 76' lang='grc' dir='ltr'><strong>προσκυνή-</strong></span> 
     </span>
    </p>
   </div>
   <div class='ocr_carea' id='block_1_5' title="bbox 1945 358 3505 433">
    <p class='ocr_par' dir='ltr' id='par_1_5' title="bbox 1945 358 3505 425">
     <span class='ocr_line' id='line_1_5' title="bbox 1945 358 3505 425; baseline 0.002 -13"><span class='ocrx_word' id='word_1_17' title='bbox 1945 361 2051 412; x_wconf 75' lang='lat' dir='ltr'><strong>&#39;itui</strong></span> <span class='ocrx_word' id='word_1_18' title='bbox 2117 359 2360 414; x_wconf 81' lang='lat' dir='ltr'><strong>sancto?</strong></span> <span class='ocrx_word' id='word_1_19' title='bbox 2416 358 2532 412; x_wconf 71' lang='lat' dir='ltr'><strong>Non</strong></span> <span class='ocrx_word' id='word_1_20' title='bbox 2586 373 2646 415; x_wconf 83' lang='lat' dir='ltr'><strong>es</strong></span> <span class='ocrx_word' id='word_1_21' title='bbox 2709 358 2972 414; x_wconf 86' lang='lat' dir='ltr'><strong>mentitus</strong></span> <span class='ocrx_word' id='word_1_22' title='bbox 3027 358 3358 425; x_wconf 83' lang='lat' dir='ltr'><strong>hominibus,</strong></span> <span class='ocrx_word' id='word_1_23' title='bbox 3408 363 3505 416; x_wconf 84' lang='lat' dir='ltr'><strong>sed</strong></span> 
     </span>
    </p>
   </div>
   <div class='ocr_carea' id='block_1_6' title="bbox 298 450 1825 526">
    <p class='ocr_par' dir='ltr' id='par_1_6' title="bbox 298 450 1825 526">
     <span class='ocr_line' id='line_1_6' title="bbox 298 450 1825 526; baseline -0.007 -14"><span class='ocrx_word' id='word_1_24' title='bbox 298 474 452 526; x_wconf 80' lang='grc' dir='ltr'><strong>σωμεν</strong></span> <span class='ocrx_word' id='word_1_25' title='bbox 488 453 572 507; x_wconf 71' lang='grc' dir='ltr'><strong>καὶ</strong></span> <span class='ocrx_word' id='word_1_26' title='bbox 625 452 952 521; x_wconf 73' lang='grc' dir='ltr'><strong>κλαύσωμεν</strong></span> <span class='ocrx_word' id='word_1_27' title='bbox 1000 453 1244 504; x_wconf 75' lang='grc' dir='ltr'><strong>ἐναντίον</strong></span> <span class='ocrx_word' id='word_1_28' title='bbox 1298 451 1504 516; x_wconf 76' lang='grc' dir='ltr'><strong>Κυρίου</strong></span> <span class='ocrx_word' id='word_1_29' title='bbox 1538 450 1633 503; x_wconf 88' lang='grc' dir='ltr'><strong>τοῦ</strong></span> <span class='ocrx_word' id='word_1_30' title='bbox 1665 451 1825 520; x_wconf 82' lang='grc' dir='ltr'><strong>ποιή-</strong></span> 
     </span>
    </p>
   </div>
   <div class='ocr_carea' id='block_1_7' title="bbox 299 539 1830 615">
    <p class='ocr_par' dir='ltr' id='par_1_7' title="bbox 299 539 1830 615">
     <span class='ocr_line' id='line_1_7' title="bbox 299 539 1830 615; baseline -0.005 -13"><span class='ocrx_word' id='word_1_31' title='bbox 299 565 463 610; x_wconf 85' lang='grc' dir='ltr'><strong>σαντος</strong></span> <span class='ocrx_word' id='word_1_32' title='bbox 489 546 650 615; x_wconf 77' lang='grc' dir='ltr'><strong>ἡμᾶς.</strong></span> <span class='ocrx_word' id='word_1_33' title='bbox 702 563 721 596; x_wconf 77' lang='grc'>›</span> <span class='ocrx_word' id='word_1_34' title='bbox 763 539 857 607; x_wconf 76' lang='grc' dir='ltr'><strong>Εἷς</strong></span> <span class='ocrx_word' id='word_1_35' title='bbox 889 539 982 597; x_wconf 75' lang='grc' dir='ltr'><strong>οὖν</strong></span> <span class='ocrx_word' id='word_1_36' title='bbox 1007 543 1210 614; x_wconf 85' lang='grc' dir='ltr'><strong>Κύριος</strong></span> <span class='ocrx_word' id='word_1_37' title='bbox 1240 545 1273 612; x_wconf 81' lang='grc' dir='ltr'>ὴ</span> <span class='ocrx_word' id='word_1_38' title='bbox 1322 541 1512 612; x_wconf 71' lang='grc' dir='ltr'><strong>Τριὰς,</strong></span> <span class='ocrx_word' id='word_1_39' title='bbox 1545 543 1618 605; x_wconf 85' lang='grc' dir='ltr'><strong>ὠς</strong></span> <span class='ocrx_word' id='word_1_40' title='bbox 1650 546 1747 594; x_wconf 76' lang='grc' dir='ltr'><strong>καὶ</strong></span> <span class='ocrx_word' id='word_1_41' title='bbox 1781 543 1830 594; x_wconf 78' lang='grc' dir='ltr'><strong>οἱ</strong></span> 
     </span>
    </p>
   </div>
   <div class='ocr_carea' id='block_1_8' title="bbox 295 634 1832 708">
    <p class='ocr_par' dir='ltr' id='par_1_8' title="bbox 295 634 1832 708">
     <span class='ocr_line' id='line_1_8' title="bbox 295 634 1832 708; baseline -0.007 -14"><span class='ocrx_word' id='word_1_42' title='bbox 295 639 484 708; x_wconf 83' lang='grc' dir='ltr'><strong>ἀγγελοὶ</strong></span> <span class='ocrx_word' id='word_1_43' title='bbox 505 654 685 706; x_wconf 76' lang='grc' dir='ltr'><strong>φασιν,</strong></span> <span class='ocrx_word' id='word_1_44' title='bbox 716 654 734 688; x_wconf 83' lang='grc'><strong><em>‹</em></strong></span> <span class='ocrx_word' id='word_1_45' title='bbox 769 634 1179 704; x_wconf 77' lang='grc' dir='ltr'><strong>Ἀγιος,ἆγιος,</strong></span> <span class='ocrx_word' id='word_1_46' title='bbox 1204 635 1374 703; x_wconf 77' lang='grc' dir='ltr'><strong>ἅγιος,</strong></span> <span class='ocrx_word' id='word_1_47' title='bbox 1401 635 1629 704; x_wconf 79' lang='grc' dir='ltr'><strong>Κύριος.</strong></span> <span class='ocrx_word' id='word_1_48' title='bbox 1667 653 1685 685; x_wconf 78' lang='grc' dir='ltr'><strong>ι</strong></span> <span class='ocrx_word' id='word_1_49' title='bbox 1723 635 1832 687; x_wconf 73' lang='grc' dir='ltr'><strong>Καὶ</strong></span> 
     </span>
    </p>
   </div>
   <div class='ocr_carea' id='block_1_9' title="bbox 297 721 1830 799">
    <p class='ocr_par' dir='ltr' id='par_1_9' title="bbox 297 721 1830 799">
     <span class='ocr_line' id='line_1_9' title="bbox 297 721 1830 799; baseline -0.004 -15"><span class='ocrx_word' id='word_1_50' title='bbox 297 733 350 784; x_wconf 75' lang='grc' dir='ltr'><strong>ἓν</strong></span> <span class='ocrx_word' id='word_1_51' title='bbox 374 733 426 783; x_wconf 82' lang='grc' dir='ltr'><strong>τὸ</strong></span> <span class='ocrx_word' id='word_1_52' title='bbox 457 721 619 797; x_wconf 72' lang='grc' dir='ltr'><strong>ὄνομα</strong></span> <span class='ocrx_word' id='word_1_53' title='bbox 651 729 750 798; x_wconf 75' lang='grc' dir='ltr'><strong>τῆς</strong></span> <span class='ocrx_word' id='word_1_54' title='bbox 783 728 1013 799; x_wconf 78' lang='grc' dir='ltr'><strong>Τριάδος</strong></span> <span class='ocrx_word' id='word_1_55' title='bbox 1034 728 1126 780; x_wconf 81' lang='grc' dir='ltr'><strong>τοῦ</strong></span> <span class='ocrx_word' id='word_1_56' title='bbox 1161 727 1395 798; x_wconf 77' lang='grc' dir='ltr'><strong>Πατρδς,</strong></span> <span class='ocrx_word' id='word_1_57' title='bbox 1434 730 1528 780; x_wconf 73' lang='grc' dir='ltr'><strong>καὶ</strong></span> <span class='ocrx_word' id='word_1_58' title='bbox 1556 727 1649 779; x_wconf 87' lang='grc' dir='ltr'><strong>τοῦ</strong></span> <span class='ocrx_word' id='word_1_59' title='bbox 1674 724 1830 790; x_wconf 85' lang='grc' dir='ltr'><strong>Υἱοῦ,</strong></span> 
     </span>
    </p>
   </div>
   <div class='ocr_carea' id='block_1_10' title="bbox 295 819 1832 891">
    <p class='ocr_par' dir='ltr' id='par_1_10' title="bbox 295 819 1832 891">
     <span class='ocr_line' id='line_1_10' title="bbox 295 819 1832 891; baseline -0.005 -13"><span class='ocrx_word' id='word_1_60' title='bbox 295 825 484 878; x_wconf 76' lang='grc' dir='ltr'><strong>καὶτοῦ</strong></span> <span class='ocrx_word' id='word_1_61' title='bbox 527 825 684 885; x_wconf 76' lang='grc' dir='ltr'><strong>ἀγὶου</strong></span> <span class='ocrx_word' id='word_1_62' title='bbox 749 822 1088 891; x_wconf 84' lang='grc' dir='ltr'><strong>Πνεύματος,</strong></span> <span class='ocrx_word' id='word_1_63' title='bbox 1127 823 1204 883; x_wconf 77' lang='grc' dir='ltr'><strong>εἰς</strong></span> <span class='ocrx_word' id='word_1_64' title='bbox 1235 821 1264 873; x_wconf 78' lang='lat'><strong>6</strong></span> <span class='ocrx_word' id='word_1_65' title='bbox 1315 819 1712 890; x_wconf 72' lang='grc' dir='ltr'><strong>βαπτιζόμεοα,</strong></span> <span class='ocrx_word' id='word_1_66' title='bbox 1748 821 1832 872; x_wconf 79' lang='grc' dir='ltr'><strong>ὅτι</strong></span> 
     </span>
    </p>
   </div>
   <div class='ocr_carea' id='block_1_11' title="bbox 293 911 1832 984">
    <p class='ocr_par' dir='ltr' id='par_1_11' title="bbox 293 911 1832 984">
     <span class='ocr_line' id='line_1_11' title="bbox 293 911 1832 984; baseline -0.004 -17"><span class='ocrx_word' id='word_1_67' title='bbox 293 919 372 967; x_wconf 75' lang='grc' dir='ltr'><strong>καὶ</strong></span> <span class='ocrx_word' id='word_1_68' title='bbox 395 912 466 978; x_wconf 79' lang='grc' dir='ltr'><strong>εἷς</strong></span> <span class='ocrx_word' id='word_1_69' title='bbox 497 915 588 967; x_wconf 82' lang='grc' dir='ltr'><strong>καὶ</strong></span> <span class='ocrx_word' id='word_1_70' title='bbox 619 914 778 984; x_wconf 73' lang='grc' dir='ltr'><strong>μόνος</strong></span> <span class='ocrx_word' id='word_1_71' title='bbox 811 912 942 975; x_wconf 75' lang='grc' dir='ltr'><strong>Θεὸς</strong></span> <span class='ocrx_word' id='word_1_72' title='bbox 972 913 1005 980; x_wconf 84' lang='grc' dir='ltr'><strong>ἡ</strong></span> <span class='ocrx_word' id='word_1_73' title='bbox 1034 912 1234 980; x_wconf 53' lang='grc' dir='ltr'><strong>Τρώς,</strong></span> <span class='ocrx_word' id='word_1_74' title='bbox 1255 911 1376 963; x_wconf 75' lang='grc' dir='ltr'><strong>ἐπεὶ</strong></span> <span class='ocrx_word' id='word_1_75' title='bbox 1407 915 1500 962; x_wconf 71' lang='grc' dir='ltr'><strong>καὶ</strong></span> <span class='ocrx_word' id='word_1_76' title='bbox 1522 911 1652 972; x_wconf 74' lang='grc' dir='ltr'><strong>Θεὸς</strong></span> <span class='ocrx_word' id='word_1_77' title='bbox 1683 911 1832 962; x_wconf 83' lang='grc' dir='ltr'><strong>ἐστιν</strong></span> 
     </span>
    </p>
   </div>
   <div class='ocr_carea' id='block_1_12' title="bbox 291 998 1834 1076">
    <p class='ocr_par' dir='ltr' id='par_1_12' title="bbox 291 998 1834 1076">
     <span class='ocr_line' id='line_1_12' title="bbox 291 998 1834 1076; baseline -0.005 -17"><span class='ocrx_word' id='word_1_78' title='bbox 291 1011 316 1060; x_wconf 89' lang='lat'><strong>6</strong></span> <span class='ocrx_word' id='word_1_79' title='bbox 339 1010 530 1076; x_wconf 75' lang='grc' dir='ltr'><strong>Πατὴρ,</strong></span> <span class='ocrx_word' id='word_1_80' title='bbox 566 1008 662 1059; x_wconf 78' lang='grc' dir='ltr'><strong>καὶ</strong></span> <span class='ocrx_word' id='word_1_81' title='bbox 700 1004 832 1067; x_wconf 79' lang='grc' dir='ltr'><strong>Θεὸς</strong></span> <span class='ocrx_word' id='word_1_82' title='bbox 862 999 930 1074; x_wconf 75' lang='grc' dir='ltr'><strong>ἦν</strong></span> <span class='ocrx_word' id='word_1_83' title='bbox 961 1005 990 1056; x_wconf 98' lang='lat'><strong>6</strong></span> <span class='ocrx_word' id='word_1_84' title='bbox 1020 1004 1212 1071; x_wconf 72' lang='grc' dir='ltr'><strong>Λόγος,</strong></span> <span class='ocrx_word' id='word_1_85' title='bbox 1234 1002 1290 1066; x_wconf 80' lang='grc' dir='ltr'><strong>ὃς</strong></span> <span class='ocrx_word' id='word_1_86' title='bbox 1319 998 1386 1072; x_wconf 76' lang='grc' dir='ltr'><strong>ἦν</strong></span> <span class='ocrx_word' id='word_1_87' title='bbox 1424 1005 1480 1054; x_wconf 77' lang='grc' dir='ltr'><strong>ἐν</strong></span> <span class='ocrx_word' id='word_1_88' title='bbox 1509 1003 1652 1072; x_wconf 79' lang='grc' dir='ltr'><strong>ἀρχῇ</strong></span> <span class='ocrx_word' id='word_1_89' title='bbox 1697 1001 1834 1070; x_wconf 66' lang='grc' dir='ltr'><strong>πρὸς</strong></span> 
     </span>
    </p>
   </div>
   <div class='ocr_carea' id='block_1_13' title="bbox 291 1092 1832 1167">
    <p class='ocr_par' dir='ltr' id='par_1_13' title="bbox 291 1092 1832 1167">
     <span class='ocr_line' id='line_1_13' title="bbox 291 1092 1832 1167; baseline -0.003 -18"><span class='ocrx_word' id='word_1_90' title='bbox 291 1099 368 1150; x_wconf 72' lang='grc' dir='ltr'><strong>τὸν</strong></span> <span class='ocrx_word' id='word_1_91' title='bbox 391 1098 531 1150; x_wconf 80' lang='grc' dir='ltr'><strong>Θεόν.</strong></span> <span class='ocrx_word' id='word_1_92' title='bbox 554 1098 686 1159; x_wconf 80' lang='grc' dir='ltr'><strong>Καὶ,</strong></span> <span class='ocrx_word' id='word_1_93' title='bbox 708 1096 864 1148; x_wconf 69' lang='grc' dir='ltr'><strong>«Ἵνα</strong></span> <span class='ocrx_word' id='word_1_94' title='bbox 891 1095 944 1148; x_wconf 80' lang='grc' dir='ltr'><strong>τί</strong></span> <span class='ocrx_word' id='word_1_95' title='bbox 978 1093 1192 1164; x_wconf 72' lang='grc' dir='ltr'><strong>ἐψεύσω</strong></span> <span class='ocrx_word' id='word_1_96' title='bbox 1219 1093 1525 1167; x_wconf 29' lang='grc' dir='ltr'><strong>τὸΙΠνεῦμα</strong></span> <span class='ocrx_word' id='word_1_97' title='bbox 1551 1094 1609 1145; x_wconf 79' lang='grc' dir='ltr'><strong>τὸ</strong></span> <span class='ocrx_word' id='word_1_98' title='bbox 1641 1092 1832 1159; x_wconf 79' lang='grc' dir='ltr'><strong>ἂγιον;</strong></span> 
     </span>
    </p>
   </div>
   <div class='ocr_carea' id='block_1_14' title="bbox 290 1184 1833 1256">
    <p class='ocr_par' dir='ltr' id='par_1_14' title="bbox 290 1184 1833 1256">
     <span class='ocr_line' id='line_1_14' title="bbox 290 1184 1833 1256; baseline -0.006 -14"><span class='ocrx_word' id='word_1_99' title='bbox 290 1191 375 1242; x_wconf 72' lang='grc' dir='ltr'><strong>οζικ</strong></span> <span class='ocrx_word' id='word_1_100' title='bbox 406 1189 612 1256; x_wconf 65' lang='grc' dir='ltr'><strong>ἐιξεύσω</strong></span> <span class='ocrx_word' id='word_1_101' title='bbox 641 1187 972 1256; x_wconf 81' lang='grc' dir='ltr'><strong>ἀνθρώποις,</strong></span> <span class='ocrx_word' id='word_1_102' title='bbox 1000 1186 1136 1237; x_wconf 85' lang='grc' dir='ltr'><strong>ἀλλά</strong></span> <span class='ocrx_word' id='word_1_103' title='bbox 1164 1185 1304 1251; x_wconf 81' lang='grc' dir='ltr'><strong>Θεῷ,</strong></span> <span class='ocrx_word' id='word_1_104' title='bbox 1334 1204 1351 1235; x_wconf 78' lang='grc' dir='ltr'><strong>ι</strong></span> <span class='ocrx_word' id='word_1_105' title='bbox 1376 1186 1576 1254; x_wconf 78' lang='grc' dir='ltr'><strong>Πέτρος</strong></span> <span class='ocrx_word' id='word_1_106' title='bbox 1594 1184 1833 1236; x_wconf 73' lang='grc' dir='ltr'><strong>διδάσκει</strong></span> 
     </span>
    </p>
   </div>
   <div class='ocr_carea' id='block_1_15' title="bbox 290 1269 1832 1350">
    <p class='ocr_par' dir='ltr' id='par_1_15' title="bbox 290 1269 1832 1350">
     <span class='ocr_line' id='line_1_15' title="bbox 290 1269 1832 1350; baseline -0.004 -18"><span class='ocrx_word' id='word_1_107' title='bbox 290 1285 400 1350; x_wconf 73' lang='grc' dir='ltr'><strong>περὶ</strong></span> <span class='ocrx_word' id='word_1_108' title='bbox 421 1279 508 1332; x_wconf 83' lang='grc' dir='ltr'><strong>τοῦ</strong></span> <span class='ocrx_word' id='word_1_109' title='bbox 541 1279 681 1333; x_wconf 82' lang='grc' dir='ltr'><strong>Πνεύ</strong></span> <span class='ocrx_word' id='word_1_110' title='bbox 691 1296 882 1346; x_wconf 81' lang='grc' dir='ltr'><strong>ματος.</strong></span> <span class='ocrx_word' id='word_1_111' title='bbox 901 1279 1012 1332; x_wconf 80' lang='grc' dir='ltr'><strong>Καὶ</strong></span> <span class='ocrx_word' id='word_1_112' title='bbox 1042 1279 1273 1346; x_wconf 74' lang='grc' dir='ltr'><strong>ούξτρεῖς</strong></span> <span class='ocrx_word' id='word_1_113' title='bbox 1291 1276 1422 1342; x_wconf 76' lang='grc' dir='ltr'><strong>Οεοὶ,</strong></span> <span class='ocrx_word' id='word_1_114' title='bbox 1457 1276 1572 1329; x_wconf 75' lang='grc' dir='ltr'><strong>ἀλλ’</strong></span> <span class='ocrx_word' id='word_1_115' title='bbox 1597 1269 1676 1338; x_wconf 74' lang='grc' dir='ltr'><strong>εἷς</strong></span> <span class='ocrx_word' id='word_1_116' title='bbox 1700 1275 1832 1337; x_wconf 69' lang='grc' dir='ltr'><strong>Θεὸς</strong></span> 
     </span>
    </p>
   </div>
   <div class='ocr_carea' id='block_1_16' title="bbox 288 1366 1831 1440">
    <p class='ocr_par' dir='ltr' id='par_1_16' title="bbox 288 1366 1831 1440">
     <span class='ocr_line' id='line_1_16' title="bbox 288 1366 1831 1440; baseline -0.002 -18"><span class='ocrx_word' id='word_1_117' title='bbox 288 1374 337 1423; x_wconf 83' lang='grc' dir='ltr'><strong>ἐν</strong></span> <span class='ocrx_word' id='word_1_118' title='bbox 364 1371 557 1440; x_wconf 56' lang='grc' dir='ltr'><strong>Τρωάδι,</strong></span> <span class='ocrx_word' id='word_1_119' title='bbox 588 1371 743 1422; x_wconf 81' lang='grc' dir='ltr'><strong>Ἐπεὶ</strong></span> <span class='ocrx_word' id='word_1_120' title='bbox 773 1370 866 1423; x_wconf 75' lang='grc' dir='ltr'><strong>καὶ</strong></span> <span class='ocrx_word' id='word_1_121' title='bbox 903 1369 1004 1438; x_wconf 79' lang='grc' dir='ltr'><strong>μία</strong></span> <span class='ocrx_word' id='word_1_122' title='bbox 1030 1367 1124 1421; x_wconf 90' lang='grc' dir='ltr'><strong>τοῦ</strong></span> <span class='ocrx_word' id='word_1_123' title='bbox 1170 1367 1383 1438; x_wconf 81' lang='grc' dir='ltr'><strong>Πατρδς</strong></span> <span class='ocrx_word' id='word_1_124' title='bbox 1431 1367 1526 1420; x_wconf 75' lang='grc' dir='ltr'><strong>καὶ</strong></span> <span class='ocrx_word' id='word_1_125' title='bbox 1571 1367 1704 1420; x_wconf 80' lang='grc' dir='ltr'><strong>Υἱοῦ</strong></span> <span class='ocrx_word' id='word_1_126' title='bbox 1738 1366 1831 1419; x_wconf 72' lang='grc' dir='ltr'><strong>καὶ</strong></span> 
     </span>
    </p>
   </div>
   <div class='ocr_carea' id='block_1_17' title="bbox 289 1457 1835 1532">
    <p class='ocr_par' dir='ltr' id='par_1_17' title="bbox 289 1457 1835 1532">
     <span class='ocr_line' id='line_1_17' title="bbox 289 1457 1835 1532; baseline -0.003 -18"><span class='ocrx_word' id='word_1_127' title='bbox 289 1463 579 1530; x_wconf 75' lang='grc' dir='ltr'><strong>Πνεύματος</strong></span> <span class='ocrx_word' id='word_1_128' title='bbox 612 1461 687 1523; x_wconf 79' lang='grc' dir='ltr'><strong>ὡς</strong></span> <span class='ocrx_word' id='word_1_129' title='bbox 711 1459 932 1532; x_wconf 46' lang='grc' dir='ltr'><strong>ποὺσία</strong></span> <span class='ocrx_word' id='word_1_130' title='bbox 965 1459 1068 1513; x_wconf 77' lang='grc' dir='ltr'><strong>καὶ</strong></span> <span class='ocrx_word' id='word_1_131' title='bbox 1101 1459 1284 1528; x_wconf 80' lang='grc' dir='ltr'><strong>φύσις,</strong></span> <span class='ocrx_word' id='word_1_132' title='bbox 1317 1459 1411 1512; x_wconf 77' lang='grc' dir='ltr'><strong>καὶ</strong></span> <span class='ocrx_word' id='word_1_133' title='bbox 1432 1461 1463 1528; x_wconf 80' lang='grc' dir='ltr'>ἡ</span> <span class='ocrx_word' id='word_1_134' title='bbox 1485 1457 1712 1528; x_wconf 84' lang='grc' dir='ltr'><strong>δύναμις</strong></span> <span class='ocrx_word' id='word_1_135' title='bbox 1743 1460 1835 1514; x_wconf 67' lang='grc' dir='ltr'><strong>και⁵</strong></span> 
     </span>
    </p>
   </div>
   <div class='ocr_carea' id='block_1_18' title="bbox 288 1551 1837 1624">
    <p class='ocr_par' dir='ltr' id='par_1_18' title="bbox 288 1551 1837 1624">
     <span class='ocr_line' id='line_1_18' title="bbox 288 1551 1837 1624; baseline -0.001 -18"><span class='ocrx_word' id='word_1_136' title='bbox 288 1555 435 1624; x_wconf 72' lang='grc' dir='ltr'><strong>βουλὴ</strong></span> <span class='ocrx_word' id='word_1_137' title='bbox 483 1556 578 1608; x_wconf 81' lang='grc' dir='ltr'><strong>καὶ</strong></span> <span class='ocrx_word' id='word_1_138' title='bbox 625 1553 838 1622; x_wconf 77' lang='grc' dir='ltr'><strong>κίνησις</strong></span> <span class='ocrx_word' id='word_1_139' title='bbox 888 1554 984 1607; x_wconf 74' lang='grc' dir='ltr'><strong>καὶ</strong></span> <span class='ocrx_word' id='word_1_140' title='bbox 1018 1551 1268 1620; x_wconf 85' lang='grc' dir='ltr'><strong>ἐνέργεια</strong></span> <span class='ocrx_word' id='word_1_141' title='bbox 1329 1556 1421 1605; x_wconf 72' lang='grc' dir='ltr'><strong>καὶ</strong></span> <span class='ocrx_word' id='word_1_142' title='bbox 1463 1551 1691 1623; x_wconf 78' lang='grc' dir='ltr'><strong>πρόνοια</strong></span> <span class='ocrx_word' id='word_1_143' title='bbox 1741 1551 1837 1604; x_wconf 76' lang='grc' dir='ltr'><strong>καὶ</strong></span> 
     </span>
    </p>
   </div>
   <div class='ocr_carea' id='block_1_19' title="bbox 290 1642 1835 1715">
    <p class='ocr_par' dir='ltr' id='par_1_19' title="bbox 290 1642 1835 1715">
     <span class='ocr_line' id='line_1_19' title="bbox 290 1642 1835 1715; baseline -0.003 -16"><span class='ocrx_word' id='word_1_144' title='bbox 290 1647 508 1715; x_wconf 77' lang='grc' dir='ltr'><strong>βασιλεία</strong></span> <span class='ocrx_word' id='word_1_145' title='bbox 557 1646 657 1699; x_wconf 72' lang='grc' dir='ltr'><strong>καὶ</strong></span> <span class='ocrx_word' id='word_1_146' title='bbox 689 1644 834 1714; x_wconf 83' lang='grc' dir='ltr'><strong>ἀρχὴ</strong></span> <span class='ocrx_word' id='word_1_147' title='bbox 873 1644 967 1697; x_wconf 74' lang='grc' dir='ltr'><strong>καὶ</strong></span> <span class='ocrx_word' id='word_1_148' title='bbox 1017 1642 1144 1708; x_wconf 76' lang='grc' dir='ltr'><strong>δόξα</strong></span> <span class='ocrx_word' id='word_1_149' title='bbox 1197 1644 1523 1714; x_wconf 81' lang='grc' dir='ltr'><strong>ἀχώριστος.</strong></span> <span class='ocrx_word' id='word_1_150' title='bbox 1564 1642 1698 1696; x_wconf 82' lang='grc' dir='ltr'><strong>Οὐδὲ</strong></span> <span class='ocrx_word' id='word_1_151' title='bbox 1726 1643 1835 1711; x_wconf 72' lang='grc' dir='ltr'><strong>γὰρ</strong></span> 
     </span>
    </p>
   </div>
   <div class='ocr_carea' id='block_1_20' title="bbox 1934 448 3506 519">
    <p class='ocr_par' dir='ltr' id='par_1_20' title="bbox 1934 448 3506 519">
     <span class='ocr_line' id='line_1_20' title="bbox 1934 448 3506 519; baseline 0.003 -17"><span class='ocrx_word' id='word_1_152' title='bbox 1934 448 2064 514; x_wconf 90' lang='lat' dir='ltr'><strong>Deo,</strong></span> <span class='ocrx_word' id='word_1_153' title='bbox 2105 469 2122 500; x_wconf 75' lang='grc' dir='ltr'><strong>ι</strong></span> <span class='ocrx_word' id='word_1_154' title='bbox 2155 450 2312 506; x_wconf 90' lang='lat' dir='ltr'><strong>docet</strong></span> <span class='ocrx_word' id='word_1_155' title='bbox 2341 449 2531 504; x_wconf 87' lang='lat' dir='ltr'><strong>Petrus</strong></span> <span class='ocrx_word' id='word_1_156' title='bbox 2578 449 2644 504; x_wconf 88' lang='lat' dir='ltr'><strong>de</strong></span> <span class='ocrx_word' id='word_1_157' title='bbox 2677 449 2906 519; x_wconf 76' lang='lat' dir='ltr'><strong>Spiritu.</strong></span> <span class='ocrx_word' id='word_1_158' title='bbox 2943 448 3064 505; x_wconf 79' lang='lat' dir='ltr'><strong>Non</strong></span> <span class='ocrx_word' id='word_1_159' title='bbox 3105 463 3216 505; x_wconf 84' lang='lat' dir='ltr'><strong>tres</strong></span> <span class='ocrx_word' id='word_1_160' title='bbox 3257 451 3356 515; x_wconf 87' lang='lat' dir='ltr'><strong>dii,</strong></span> <span class='ocrx_word' id='word_1_161' title='bbox 3408 450 3506 506; x_wconf 88' lang='lat' dir='ltr'><strong>sed</strong></span> 
     </span>
    </p>
   </div>
   <div class='ocr_carea' id='block_1_21' title="bbox 1933 541 3507 607">
    <p class='ocr_par' dir='ltr' id='par_1_21' title="bbox 1933 541 3507 607">
     <span class='ocr_line' id='line_1_21' title="bbox 1933 541 3507 607; baseline 0.001 -11"><span class='ocrx_word' id='word_1_162' title='bbox 1933 558 2075 596; x_wconf 91' lang='lat' dir='ltr'><strong>unus</strong></span> <span class='ocrx_word' id='word_1_163' title='bbox 2103 551 2187 597; x_wconf 90' lang='lat' dir='ltr'><strong>est</strong></span> <span class='ocrx_word' id='word_1_164' title='bbox 2219 541 2362 596; x_wconf 86' lang='lat' dir='ltr'><strong>Deus</strong></span> <span class='ocrx_word' id='word_1_165' title='bbox 2393 542 2448 596; x_wconf 88' lang='lat' dir='ltr'><strong>in</strong></span> <span class='ocrx_word' id='word_1_166' title='bbox 2485 543 2778 607; x_wconf 85' lang='lat' dir='ltr'><strong>Trinitate,</strong></span> <span class='ocrx_word' id='word_1_167' title='bbox 2820 559 2944 598; x_wconf 87' lang='lat' dir='ltr'><strong>cum</strong></span> <span class='ocrx_word' id='word_1_168' title='bbox 2971 545 3044 598; x_wconf 89' lang='lat' dir='ltr'><strong>sit</strong></span> <span class='ocrx_word' id='word_1_169' title='bbox 3079 541 3259 597; x_wconf 89' lang='lat' dir='ltr'><strong>Patris</strong></span> <span class='ocrx_word' id='word_1_170' title='bbox 3292 551 3349 597; x_wconf 87' lang='lat' dir='ltr'><strong>et</strong></span> <span class='ocrx_word' id='word_1_171' title='bbox 3379 542 3507 597; x_wconf 87' lang='lat' dir='ltr'><strong>Filii</strong></span> 
     </span>
    </p>
   </div>
   <div class='ocr_carea' id='block_1_22' title="bbox 1931 635 3505 704">
    <p class='ocr_par' dir='ltr' id='par_1_22' title="bbox 1931 635 3505 704">
     <span class='ocr_line' id='line_1_22' title="bbox 1931 635 3505 704; baseline 0 -14"><span class='ocrx_word' id='word_1_172' title='bbox 1931 650 1985 690; x_wconf 88' lang='lat' dir='ltr'><strong>et</strong></span> <span class='ocrx_word' id='word_1_173' title='bbox 2030 635 2268 704; x_wconf 87' lang='lat' dir='ltr'><strong>Spiritus</strong></span> <span class='ocrx_word' id='word_1_174' title='bbox 2330 635 2502 690; x_wconf 89' lang='lat' dir='ltr'><strong>sancti</strong></span> <span class='ocrx_word' id='word_1_175' title='bbox 2527 638 2762 694; x_wconf 88' lang='lat' dir='ltr'><strong>essentia</strong></span> <span class='ocrx_word' id='word_1_176' title='bbox 2799 648 2856 691; x_wconf 88' lang='lat' dir='ltr'><strong>et.</strong></span> <span class='ocrx_word' id='word_1_177' title='bbox 2907 645 3125 699; x_wconf 83' lang='lat' dir='ltr'><strong>natura,</strong></span> <span class='ocrx_word' id='word_1_178' title='bbox 3173 636 3416 704; x_wconf 87' lang='lat' dir='ltr'><strong>potentia</strong></span> <span class='ocrx_word' id='word_1_179' title='bbox 3447 646 3505 690; x_wconf 90' lang='lat' dir='ltr'><strong>et</strong></span> 
     </span>
    </p>
   </div>
   <div class='ocr_carea' id='block_1_23' title="bbox 1934 730 3500 800">
    <p class='ocr_par' dir='ltr' id='par_1_23' title="bbox 1934 730 3500 800">
     <span class='ocr_line' id='line_1_23' title="bbox 1934 730 3500 800; baseline 0.001 -20"><span class='ocrx_word' id='word_1_180' title='bbox 1934 731 2208 792; x_wconf 77' lang='lat' dir='ltr'><strong>voluntas,</strong></span> <span class='ocrx_word' id='word_1_181' title='bbox 2235 738 2416 782; x_wconf 84' lang='lat' dir='ltr'><strong>motus</strong></span> <span class='ocrx_word' id='word_1_182' title='bbox 2443 740 2499 783; x_wconf 89' lang='lat' dir='ltr'><strong>et</strong></span> <span class='ocrx_word' id='word_1_183' title='bbox 2523 731 2790 799; x_wconf 81' lang='lat' dir='ltr'><strong>Operatio,</strong></span> <span class='ocrx_word' id='word_1_184' title='bbox 2815 730 3153 800; x_wconf 69' lang='lat' dir='ltr'><strong>providentia</strong></span> <span class='ocrx_word' id='word_1_185' title='bbox 3173 738 3228 783; x_wconf 88' lang='lat' dir='ltr'><strong>et</strong></span> <span class='ocrx_word' id='word_1_186' title='bbox 3252 744 3500 796; x_wconf 75' lang='lat' dir='ltr'><strong>regnum,</strong></span> 
     </span>
    </p>
   </div>
   <div class='ocr_carea' id='block_1_24' title="bbox 1935 819 3508 892">
    <p class='ocr_par' dir='ltr' id='par_1_24' title="bbox 1935 819 3508 892">
     <span class='ocr_line' id='line_1_24' title="bbox 1935 819 3508 892; baseline -0.001 -20"><span class='ocrx_word' id='word_1_187' title='bbox 1935 835 2101 872; x_wconf 85' lang='lat' dir='ltr'><strong>unum</strong></span> <span class='ocrx_word' id='word_1_188' title='bbox 2162 821 2488 890; x_wconf 82' lang='lat' dir='ltr'><strong>principium</strong></span> <span class='ocrx_word' id='word_1_189' title='bbox 2543 831 2596 877; x_wconf 91' lang='lat' dir='ltr'><strong>et</strong></span> <span class='ocrx_word' id='word_1_190' title='bbox 2653 823 2822 892; x_wconf 80' lang='lat' dir='ltr'><strong>gloria</strong></span> <span class='ocrx_word' id='word_1_191' title='bbox 2895 821 3266 877; x_wconf 83' lang='lat' dir='ltr'><strong>indivisibilis.</strong></span> <span class='ocrx_word' id='word_1_192' title='bbox 3341 819 3508 873; x_wconf 89' lang='lat' dir='ltr'><strong>Pater</strong></span> 
     </span>
    </p>
   </div>
   <div class='ocr_carea' id='block_1_25' title="bbox 1933 912 3503 982">
    <p class='ocr_par' dir='ltr' id='par_1_25' title="bbox 1933 912 3503 982">
     <span class='ocr_line' id='line_1_25' title="bbox 1933 912 3503 982; baseline 0 -19"><span class='ocrx_word' id='word_1_193' title='bbox 1933 913 2078 966; x_wconf 82' lang='lat' dir='ltr'><strong>enim</strong></span> <span class='ocrx_word' id='word_1_194' title='bbox 2126 929 2404 982; x_wconf 86' lang='lat' dir='ltr'><strong>nunquam</strong></span> <span class='ocrx_word' id='word_1_195' title='bbox 2440 913 2543 969; x_wconf 78' lang='lat' dir='ltr'><strong>fuit</strong></span> <span class='ocrx_word' id='word_1_196' title='bbox 2569 918 2690 968; x_wconf 88' lang='lat' dir='ltr'><strong>sine</strong></span> <span class='ocrx_word' id='word_1_197' title='bbox 2720 913 2899 969; x_wconf 83' lang='lat' dir='ltr'><strong>Verbo</strong></span> <span class='ocrx_word' id='word_1_198' title='bbox 2949 925 3002 968; x_wconf 90' lang='lat' dir='ltr'><strong>et</strong></span> <span class='ocrx_word' id='word_1_199' title='bbox 3069 912 3297 982; x_wconf 84' lang='lat' dir='ltr'><strong>Spiritu,</strong></span> <span class='ocrx_word' id='word_1_200' title='bbox 3326 927 3503 978; x_wconf 82' lang='lat' dir='ltr'><strong>neque</strong></span> 
     </span>
    </p>
   </div>
   <div class='ocr_carea' id='block_1_26' title="bbox 1938 1001 3509 1075">
    <p class='ocr_par' dir='ltr' id='par_1_26' title="bbox 1938 1001 3509 1075">
     <span class='ocr_line' id='line_1_26' title="bbox 1938 1001 3509 1075; baseline 0.003 -22"><span class='ocrx_word' id='word_1_201' title='bbox 1938 1001 2174 1058; x_wconf 83' lang='lat' dir='ltr'><strong>Verbum</strong></span> <span class='ocrx_word' id='word_1_202' title='bbox 2209 1005 2330 1059; x_wconf 86' lang='lat' dir='ltr'><strong>sine</strong></span> <span class='ocrx_word' id='word_1_203' title='bbox 2361 1007 2524 1060; x_wconf 83' lang='lat' dir='ltr'><strong>Patre</strong></span> <span class='ocrx_word' id='word_1_204' title='bbox 2555 1013 2610 1059; x_wconf 86' lang='lat' dir='ltr'><strong>et</strong></span> <span class='ocrx_word' id='word_1_205' title='bbox 2643 1005 2872 1075; x_wconf 87' lang='lat' dir='ltr'><strong>Spiritu,</strong></span> <span class='ocrx_word' id='word_1_206' title='bbox 2895 1021 3071 1074; x_wconf 71' lang='lat' dir='ltr'><strong>nerlue</strong></span> <span class='ocrx_word' id='word_1_207' title='bbox 3104 1005 3346 1074; x_wconf 84' lang='lat' dir='ltr'><strong>Spiritus</strong></span> <span class='ocrx_word' id='word_1_208' title='bbox 3387 1005 3509 1057; x_wconf 87' lang='lat' dir='ltr'><strong>sine</strong></span> 
     </span>
    </p>
   </div>
   <div class='ocr_carea' id='block_1_27' title="bbox 1932 1088 3512 1163">
    <p class='ocr_par' dir='ltr' id='par_1_27' title="bbox 1932 1088 3512 1163">
     <span class='ocr_line' id='line_1_27' title="bbox 1932 1088 3512 1163; baseline 0.001 -19"><span class='ocrx_word' id='word_1_209' title='bbox 1932 1088 2094 1147; x_wconf 85' lang='lat' dir='ltr'><strong>Patre</strong></span> <span class='ocrx_word' id='word_1_210' title='bbox 2139 1105 2194 1147; x_wconf 88' lang='lat' dir='ltr'><strong>et</strong></span> <span class='ocrx_word' id='word_1_211' title='bbox 2250 1091 2390 1148; x_wconf 76' lang='lat' dir='ltr'><strong>Filio</strong></span> <span class='ocrx_word' id='word_1_212' title='bbox 2435 1109 2449 1147; x_wconf 91' lang='lat'><strong>:</strong></span> <span class='ocrx_word' id='word_1_213' title='bbox 2513 1097 2774 1163; x_wconf 85' lang='lat' dir='ltr'><strong>quoniam</strong></span> <span class='ocrx_word' id='word_1_214' title='bbox 2823 1093 3103 1147; x_wconf 81' lang='lat' dir='ltr'><strong>individua</strong></span> <span class='ocrx_word' id='word_1_215' title='bbox 3152 1103 3234 1148; x_wconf 87' lang='lat' dir='ltr'><strong>est</strong></span> <span class='ocrx_word' id='word_1_216' title='bbox 3270 1092 3512 1146; x_wconf 84' lang='lat' dir='ltr'><strong>Trinitas</strong></span> 
     </span>
    </p>
   </div>
   <div class='ocr_carea' id='block_1_28' title="bbox 1934 1185 3514 1255">
    <p class='ocr_par' dir='ltr' id='par_1_28' title="bbox 1934 1185 3514 1255">
     <span class='ocr_line' id='line_1_28' title="bbox 1934 1185 3514 1255; baseline -0.001 -16"><span class='ocrx_word' id='word_1_217' title='bbox 1934 1194 2098 1254; x_wconf 82' lang='lat' dir='ltr'><strong>atque</strong></span> <span class='ocrx_word' id='word_1_218' title='bbox 2151 1185 2553 1242; x_wconf 78' lang='lat' dir='ltr'><strong>inconfusibilis</strong></span> <span class='ocrx_word' id='word_1_219' title='bbox 2587 1204 2601 1240; x_wconf 92' lang='lat'><strong>:</strong></span> <span class='ocrx_word' id='word_1_220' title='bbox 2630 1185 3033 1242; x_wconf 82' lang='lat' dir='ltr'><strong>inconfusibilis</strong></span> <span class='ocrx_word' id='word_1_221' title='bbox 3084 1186 3330 1255; x_wconf 89' lang='lat' dir='ltr'><strong>quidem,</strong></span> <span class='ocrx_word' id='word_1_222' title='bbox 3377 1202 3514 1254; x_wconf 82' lang='lat' dir='ltr'><strong>quo-</strong></span> 
     </span>
    </p>
   </div>
   <div class='ocr_carea' id='block_1_29' title="bbox 1937 1277 3510 1348">
    <p class='ocr_par' dir='ltr' id='par_1_29' title="bbox 1937 1277 3510 1348">
     <span class='ocr_line' id='line_1_29' title="bbox 1937 1277 3510 1348; baseline 0.001 -18"><span class='ocrx_word' id='word_1_223' title='bbox 1937 1277 2083 1330; x_wconf 83' lang='lat' dir='ltr'><strong>niam</strong></span> <span class='ocrx_word' id='word_1_224' title='bbox 2117 1277 2172 1330; x_wconf 89' lang='lat' dir='ltr'><strong>in</strong></span> <span class='ocrx_word' id='word_1_225' title='bbox 2203 1292 2264 1332; x_wconf 87' lang='lat' dir='ltr'><strong>ea</strong></span> <span class='ocrx_word' id='word_1_226' title='bbox 2299 1288 2384 1332; x_wconf 88' lang='lat' dir='ltr'><strong>est</strong></span> <span class='ocrx_word' id='word_1_227' title='bbox 2415 1294 2538 1333; x_wconf 90' lang='lat' dir='ltr'><strong>vere</strong></span> <span class='ocrx_word' id='word_1_228' title='bbox 2574 1279 2757 1342; x_wconf 88' lang='lat' dir='ltr'><strong>Pater,</strong></span> <span class='ocrx_word' id='word_1_229' title='bbox 2783 1294 2907 1334; x_wconf 72' lang='lat' dir='ltr'><strong>vere</strong></span> <span class='ocrx_word' id='word_1_230' title='bbox 2929 1278 3122 1345; x_wconf 78' lang='lat' dir='ltr'><strong>Filius,</strong></span> <span class='ocrx_word' id='word_1_231' title='bbox 3154 1294 3280 1334; x_wconf 90' lang='lat' dir='ltr'><strong>vere</strong></span> <span class='ocrx_word' id='word_1_232' title='bbox 3334 1279 3510 1348; x_wconf 86' lang='lat' dir='ltr'><strong>Spiri—</strong></span> 
     </span>
    </p>
   </div>
   <div class='ocr_carea' id='block_1_30' title="bbox 1938 1368 3508 1439">
    <p class='ocr_par' dir='ltr' id='par_1_30' title="bbox 1938 1368 3508 1439">
     <span class='ocr_line' id='line_1_30' title="bbox 1938 1368 3508 1439; baseline 0.002 -18"><span class='ocrx_word' id='word_1_233' title='bbox 1938 1376 2023 1421; x_wconf 88' lang='lat' dir='ltr'><strong>tus</strong></span> <span class='ocrx_word' id='word_1_234' title='bbox 2067 1377 2324 1423; x_wconf 89' lang='lat' dir='ltr'><strong>sanctus:</strong></span> <span class='ocrx_word' id='word_1_235' title='bbox 2364 1368 2642 1423; x_wconf 74' lang='lat' dir='ltr'><strong>individua</strong></span> <span class='ocrx_word' id='word_1_236' title='bbox 2697 1371 3188 1439; x_wconf 82' lang='lat' dir='ltr'><strong>autem,quoniam</strong></span> <span class='ocrx_word' id='word_1_237' title='bbox 3224 1386 3365 1425; x_wconf 86' lang='lat' dir='ltr'><strong>unus</strong></span> <span class='ocrx_word' id='word_1_238' title='bbox 3402 1369 3508 1424; x_wconf 80' lang='lat' dir='ltr'><strong>Pa-</strong></span> 
     </span>
    </p>
   </div>
   <div class='ocr_carea' id='block_1_31' title="bbox 1915 1459 3510 1530">
    <p class='ocr_par' dir='ltr' id='par_1_31' title="bbox 1915 1459 3510 1530">
     <span class='ocr_line' id='line_1_31' title="bbox 1915 1459 3510 1530; baseline 0.003 -18"><span class='ocrx_word' id='word_1_239' title='bbox 1915 1463 2019 1512; x_wconf 79' lang='lat' dir='ltr'><strong>&#39;tcr</strong></span> <span class='ocrx_word' id='word_1_240' title='bbox 2077 1459 2286 1529; x_wconf 80' lang='lat' dir='ltr'><strong>absque</strong></span> <span class='ocrx_word' id='word_1_241' title='bbox 2341 1460 2494 1513; x_wconf 92' lang='lat' dir='ltr'><strong>initio</strong></span> <span class='ocrx_word' id='word_1_242' title='bbox 2544 1470 2598 1514; x_wconf 91' lang='lat' dir='ltr'><strong>et</strong></span> <span class='ocrx_word' id='word_1_243' title='bbox 2637 1475 2758 1528; x_wconf 53' lang='lat' dir='ltr'><strong>quas</strong></span> <span class='ocrx_word' id='word_1_244' title='bbox 2801 1476 2866 1514; x_wconf 78' lang='lat' dir='ltr'><strong>ex</strong></span> <span class='ocrx_word' id='word_1_245' title='bbox 2915 1460 3031 1530; x_wconf 89' lang='lat' dir='ltr'><strong>ipso</strong></span> <span class='ocrx_word' id='word_1_246' title='bbox 3055 1471 3182 1515; x_wconf 87' lang='lat' dir='ltr'><strong>sunt</strong></span> <span class='ocrx_word' id='word_1_247' title='bbox 3212 1463 3331 1516; x_wconf 88' lang='lat' dir='ltr'><strong>sine</strong></span> <span class='ocrx_word' id='word_1_248' title='bbox 3355 1461 3510 1516; x_wconf 86' lang='lat' dir='ltr'><strong>initio</strong></span> 
     </span>
    </p>
   </div>
   <div class='ocr_carea' id='block_1_32' title="bbox 1939 1551 3514 1622">
    <p class='ocr_par' dir='ltr' id='par_1_32' title="bbox 1939 1551 3514 1622">
     <span class='ocr_line' id='line_1_32' title="bbox 1939 1551 3514 1622; baseline -0.001 -16"><span class='ocrx_word' id='word_1_249' title='bbox 1939 1560 2089 1616; x_wconf 90' lang='lat' dir='ltr'><strong>sunt,</strong></span> <span class='ocrx_word' id='word_1_250' title='bbox 2143 1563 2345 1605; x_wconf 58' lang='grc' dir='ltr'><strong>αξιοι-ηε</strong></span> <span class='ocrx_word' id='word_1_251' title='bbox 2389 1562 2538 1616; x_wconf 87' lang='lat' dir='ltr'><strong>sunt,</strong></span> <span class='ocrx_word' id='word_1_252' title='bbox 2569 1551 2685 1604; x_wconf 83' lang='lat' dir='ltr'><strong>sine</strong></span> <span class='ocrx_word' id='word_1_253' title='bbox 2714 1553 2970 1622; x_wconf 88' lang='lat' dir='ltr'><strong>passione</strong></span> <span class='ocrx_word' id='word_1_254' title='bbox 2993 1553 3320 1621; x_wconf 84' lang='lat' dir='ltr'><strong>procedunt.</strong></span> <span class='ocrx_word' id='word_1_255' title='bbox 3355 1552 3514 1606; x_wconf 82' lang='lat' dir='ltr'><strong>Pater</strong></span> 
     </span>
    </p>
   </div>
   <div class='ocr_carea' id='block_1_33' title="bbox 1943 1642 3516 1712">
    <p class='ocr_par' dir='ltr' id='par_1_33' title="bbox 1943 1642 3516 1712">
     <span class='ocr_line' id='line_1_33' title="bbox 1943 1642 3516 1712; baseline -0.002 -14"><span class='ocrx_word' id='word_1_256' title='bbox 1943 1657 2088 1698; x_wconf 83' lang='lat' dir='ltr'><strong>enim</strong></span> <span class='ocrx_word' id='word_1_257' title='bbox 2139 1651 2225 1698; x_wconf 81' lang='lat' dir='ltr'><strong>est</strong></span> <span class='ocrx_word' id='word_1_258' title='bbox 2281 1643 2405 1697; x_wconf 79' lang='lat' dir='ltr'><strong>fetis</strong></span> <span class='ocrx_word' id='word_1_259' title='bbox 2457 1643 3006 1712; x_wconf 77' lang='lat' dir='ltr'><strong>supersubstantialis</strong></span> <span class='ocrx_word' id='word_1_260' title='bbox 3055 1642 3516 1706; x_wconf 62' lang='lat' dir='ltr'><strong>Deitatis;l’ilius</strong></span> 
     </span>
    </p>
   </div>
   <div class='ocr_carea' id='block_1_34' title="bbox 291 1728 1842 1808">
    <p class='ocr_par' dir='ltr' id='par_1_34' title="bbox 291 1734 1836 1808">
     <span class='ocr_line' id='line_1_34' title="bbox 291 1734 1836 1808; baseline -0.003 -18"><span class='ocrx_word' id='word_1_261' title='bbox 291 1739 454 1808; x_wconf 79' lang='grc' dir='ltr'><strong>Πατὴρ</strong></span> <span class='ocrx_word' id='word_1_262' title='bbox 476 1741 600 1807; x_wconf 80' lang='grc' dir='ltr'><strong>δέχα</strong></span> <span class='ocrx_word' id='word_1_263' title='bbox 638 1738 814 1804; x_wconf 85' lang='grc' dir='ltr'><strong>Λόγου</strong></span> <span class='ocrx_word' id='word_1_264' title='bbox 845 1735 977 1789; x_wconf 57' lang='grc' dir='ltr'><strong>ποτε</strong></span> <span class='ocrx_word' id='word_1_265' title='bbox 1026 1735 1059 1805; x_wconf 78' lang='grc' dir='ltr'>ἢ</span> <span class='ocrx_word' id='word_1_266' title='bbox 1101 1734 1458 1804; x_wconf 71' lang='grc' dir='ltr'><strong>Πνεύματος*</strong></span> <span class='ocrx_word' id='word_1_267' title='bbox 1503 1735 1624 1788; x_wconf 79' lang='grc' dir='ltr'><strong>ούδέ</strong></span> <span class='ocrx_word' id='word_1_268' title='bbox 1666 1735 1836 1802; x_wconf 82' lang='grc' dir='ltr'><strong>Λόγος</strong></span> 
     </span>
    </p>
   </div>
   <div class='ocr_carea' id='block_1_35' title="bbox 1945 1728 3516 1808">
    <p class='ocr_par' dir='ltr' id='par_1_35' title="bbox 1945 1735 3516 1806">
     <span class='ocr_line' id='line_1_35' title="bbox 1945 1735 3516 1806; baseline 0.001 -20"><span class='ocrx_word' id='word_1_269' title='bbox 1945 1750 2069 1788; x_wconf 73' lang='lat' dir='ltr'><strong>rem</strong></span> <span class='ocrx_word' id='word_1_270' title='bbox 2113 1745 2167 1790; x_wconf 91' lang='lat' dir='ltr'><strong>et</strong></span> <span class='ocrx_word' id='word_1_271' title='bbox 2197 1735 2436 1804; x_wconf 88' lang='lat' dir='ltr'><strong>Spiritus</strong></span> <span class='ocrx_word' id='word_1_272' title='bbox 2472 1739 2616 1791; x_wconf 79' lang='lat' dir='ltr'><strong>velut</strong></span> <span class='ocrx_word' id='word_1_273' title='bbox 2649 1736 2814 1794; x_wconf 87' lang='lat' dir='ltr'><strong>ﬂores</strong></span> <span class='ocrx_word' id='word_1_274' title='bbox 2843 1749 2896 1792; x_wconf 89' lang='lat' dir='ltr'><strong>et</strong></span> <span class='ocrx_word' id='word_1_275' title='bbox 2952 1738 3162 1791; x_wconf 91' lang='lat' dir='ltr'><strong>lumina</strong></span> <span class='ocrx_word' id='word_1_276' title='bbox 3219 1738 3516 1806; x_wconf 70' lang='lat' dir='ltr'><strong>super-sub-</strong></span> 
     </span>
    </p>
   </div>
   <div class='ocr_carea' id='block_1_36' title="bbox 286 1825 1839 1899">
    <p class='ocr_par' dir='ltr' id='par_1_36' title="bbox 286 1825 1839 1899">
     <span class='ocr_line' id='line_1_36' title="bbox 286 1825 1839 1899; baseline -0.003 -17"><span class='ocrx_word' id='word_1_277' title='bbox 286 1831 392 1899; x_wconf 81' lang='grc' dir='ltr'><strong>δίχα</strong></span> <span class='ocrx_word' id='word_1_278' title='bbox 417 1831 504 1882; x_wconf 85' lang='grc' dir='ltr'><strong>τοῦ</strong></span> <span class='ocrx_word' id='word_1_279' title='bbox 535 1829 755 1899; x_wconf 79' lang='grc' dir='ltr'><strong>Πατρὸς</strong></span> <span class='ocrx_word' id='word_1_280' title='bbox 785 1827 880 1880; x_wconf 78' lang='grc' dir='ltr'><strong>καὶ</strong></span> <span class='ocrx_word' id='word_1_281' title='bbox 906 1825 1000 1880; x_wconf 88' lang='grc' dir='ltr'><strong>τοῦ</strong></span> <span class='ocrx_word' id='word_1_282' title='bbox 1051 1825 1366 1895; x_wconf 85' lang='grc' dir='ltr'><strong>Πνεύμάτος</strong></span> <span class='ocrx_word' id='word_1_283' title='bbox 1393 1843 1406 1856; x_wconf 76' lang='grc' dir='ltr'><strong>ο</strong></span> <span class='ocrx_word' id='word_1_284' title='bbox 1452 1825 1570 1878; x_wconf 83' lang='grc' dir='ltr'><strong>ούδὲ</strong></span> <span class='ocrx_word' id='word_1_285' title='bbox 1619 1825 1839 1895; x_wconf 83' lang='grc' dir='ltr'><strong>Πνεῦμα</strong></span> 
     </span>
    </p>
   </div>
   <div class='ocr_carea' id='block_1_37' title="bbox 283 1916 1836 1990">
    <p class='ocr_par' dir='ltr' id='par_1_37' title="bbox 283 1916 1836 1990">
     <span class='ocr_line' id='line_1_37' title="bbox 283 1916 1836 1990; baseline -0.003 -17"><span class='ocrx_word' id='word_1_286' title='bbox 283 1921 387 1990; x_wconf 51' lang='lat' dir='ltr'><strong>ﬁla</strong></span> <span class='ocrx_word' id='word_1_287' title='bbox 414 1919 502 1974; x_wconf 84' lang='grc' dir='ltr'><strong>τοῦ</strong></span> <span class='ocrx_word' id='word_1_288' title='bbox 555 1920 771 1989; x_wconf 77' lang='grc' dir='ltr'><strong>Πατρὸς</strong></span> <span class='ocrx_word' id='word_1_289' title='bbox 805 1919 900 1971; x_wconf 74' lang='grc' dir='ltr'><strong>καὶ</strong></span> <span class='ocrx_word' id='word_1_290' title='bbox 928 1917 1022 1970; x_wconf 88' lang='grc' dir='ltr'><strong>τοῦ</strong></span> <span class='ocrx_word' id='word_1_291' title='bbox 1055 1916 1208 1970; x_wconf 69' lang='lat' dir='ltr'><strong>Tia-3.</strong></span> <span class='ocrx_word' id='word_1_292' title='bbox 1235 1917 1356 1970; x_wconf 81' lang='grc' dir='ltr'><strong>’Ότι</strong></span> <span class='ocrx_word' id='word_1_293' title='bbox 1386 1916 1481 1969; x_wconf 81' lang='grc' dir='ltr'><strong>καὶ</strong></span> <span class='ocrx_word' id='word_1_294' title='bbox 1530 1917 1836 1987; x_wconf 75' lang='grc' dir='ltr'><strong>ἀδιαίρετος</strong></span> 
     </span>
    </p>
   </div>
   <div class='ocr_carea' id='block_1_38' title="bbox 284 2009 1837 2084">
    <p class='ocr_par' dir='ltr' id='par_1_38' title="bbox 284 2009 1837 2084">
     <span class='ocr_line' id='line_1_38' title="bbox 284 2009 1837 2084; baseline -0.005 -18"><span class='ocrx_word' id='word_1_295' title='bbox 284 2019 364 2068; x_wconf 77' lang='grc' dir='ltr'><strong>καὶ</strong></span> <span class='ocrx_word' id='word_1_296' title='bbox 393 2014 698 2084; x_wconf 71' lang='grc' dir='ltr'><strong>ἀσύγχυτος</strong></span> <span class='ocrx_word' id='word_1_297' title='bbox 727 2013 762 2080; x_wconf 77' lang='grc' dir='ltr'><strong>ἡ</strong></span> <span class='ocrx_word' id='word_1_298' title='bbox 793 2011 965 2082; x_wconf 85' lang='grc' dir='ltr'><strong>Τριάς</strong></span> <span class='ocrx_word' id='word_1_299' title='bbox 996 2025 1008 2041; x_wconf 79' lang='grc'><strong><em>⁸</em></strong></span> <span class='ocrx_word' id='word_1_300' title='bbox 1060 2009 1366 2078; x_wconf 83' lang='grc' dir='ltr'><strong>ἀσύγχυτος</strong></span> <span class='ocrx_word' id='word_1_301' title='bbox 1399 2009 1498 2079; x_wconf 81' lang='grc' dir='ltr'><strong>μὲν</strong></span> <span class='ocrx_word' id='word_1_302' title='bbox 1526 2010 1608 2061; x_wconf 80' lang='grc' dir='ltr'><strong>ὅτι</strong></span> <span class='ocrx_word' id='word_1_303' title='bbox 1647 2010 1837 2080; x_wconf 72' lang='grc' dir='ltr'><strong>Πατὴρ</strong></span> 
     </span>
    </p>
   </div>
   <div class='ocr_carea' id='block_1_39' title="bbox 285 2099 1838 2173">
    <p class='ocr_par' dir='ltr' id='par_1_39' title="bbox 285 2099 1838 2173">
     <span class='ocr_line' id='line_1_39' title="bbox 285 2099 1838 2173; baseline -0.002 -18"><span class='ocrx_word' id='word_1_304' title='bbox 285 2103 478 2173; x_wconf 82' lang='grc' dir='ltr'><strong>ἀληθῶς</strong></span> <span class='ocrx_word' id='word_1_305' title='bbox 533 2101 638 2156; x_wconf 73' lang='grc' dir='ltr'><strong>καὶ</strong></span> <span class='ocrx_word' id='word_1_306' title='bbox 668 2101 796 2162; x_wconf 76' lang='grc' dir='ltr'><strong>Υἱὸς</strong></span> <span class='ocrx_word' id='word_1_307' title='bbox 844 2099 1080 2168; x_wconf 78' lang='grc' dir='ltr'><strong>ἀληθῶς,</strong></span> <span class='ocrx_word' id='word_1_308' title='bbox 1113 2100 1210 2152; x_wconf 76' lang='grc' dir='ltr'><strong>καὶ</strong></span> <span class='ocrx_word' id='word_1_309' title='bbox 1264 2099 1488 2167; x_wconf 81' lang='grc' dir='ltr'><strong>Πνεῦμα</strong></span> <span class='ocrx_word' id='word_1_310' title='bbox 1523 2099 1678 2168; x_wconf 77' lang='grc' dir='ltr'><strong>ἅγιον</strong></span> <span class='ocrx_word' id='word_1_311' title='bbox 1708 2100 1838 2169; x_wconf 81' lang='grc' dir='ltr'><strong>ἀλη-</strong></span> 
     </span>
    </p>
   </div>
   <div class='ocr_carea' id='block_1_40' title="bbox 285 2187 1838 2262">
    <p class='ocr_par' dir='ltr' id='par_1_40' title="bbox 285 2187 1838 2262">
     <span class='ocr_line' id='line_1_40' title="bbox 285 2187 1838 2262; baseline -0.002 -15"><span class='ocrx_word' id='word_1_312' title='bbox 285 2197 376 2259; x_wconf 65' lang='grc' dir='ltr'><strong>οιῖλς</strong></span> <span class='ocrx_word' id='word_1_313' title='bbox 397 2212 408 2224; x_wconf 89' lang='grc'><strong>·</strong></span> <span class='ocrx_word' id='word_1_314' title='bbox 444 2195 755 2262; x_wconf 78' lang='grc' dir='ltr'><strong>ἀδιαίρετος</strong></span> <span class='ocrx_word' id='word_1_315' title='bbox 787 2193 866 2258; x_wconf 83' lang='grc' dir='ltr'><strong>δὲ,</strong></span> <span class='ocrx_word' id='word_1_316' title='bbox 897 2194 979 2245; x_wconf 79' lang='grc' dir='ltr'><strong>ὅτι</strong></span> <span class='ocrx_word' id='word_1_317' title='bbox 1012 2187 1090 2254; x_wconf 74' lang='grc' dir='ltr'><strong>εἷς</strong></span> <span class='ocrx_word' id='word_1_318' title='bbox 1147 2194 1174 2244; x_wconf 92' lang='lat'><strong>6</strong></span> <span class='ocrx_word' id='word_1_319' title='bbox 1207 2192 1398 2262; x_wconf 75' lang='grc' dir='ltr'><strong>Πατὴρ</strong></span> <span class='ocrx_word' id='word_1_320' title='bbox 1447 2193 1540 2244; x_wconf 79' lang='grc' dir='ltr'><strong>καὶ</strong></span> <span class='ocrx_word' id='word_1_321' title='bbox 1575 2193 1838 2262; x_wconf 78' lang='grc' dir='ltr'><strong>ἄναρχος,</strong></span> 
     </span>
    </p>
   </div>
   <div class='ocr_carea' id='block_1_41' title="bbox 283 2283 1836 2356">
    <p class='ocr_par' dir='ltr' id='par_1_41' title="bbox 283 2283 1836 2356">
     <span class='ocr_line' id='line_1_41' title="bbox 283 2283 1836 2356; baseline -0.001 -15"><span class='ocrx_word' id='word_1_322' title='bbox 283 2289 365 2341; x_wconf 80' lang='grc' dir='ltr'><strong>καὶ</strong></span> <span class='ocrx_word' id='word_1_323' title='bbox 402 2288 470 2340; x_wconf 82' lang='grc' dir='ltr'><strong>τά</strong></span> <span class='ocrx_word' id='word_1_324' title='bbox 515 2287 578 2351; x_wconf 79' lang='grc' dir='ltr'><strong>ἐξ</strong></span> <span class='ocrx_word' id='word_1_325' title='bbox 633 2285 801 2339; x_wconf 85' lang='grc' dir='ltr'><strong>αὑτοῦ</strong></span> <span class='ocrx_word' id='word_1_326' title='bbox 832 2285 1087 2356; x_wconf 79' lang='grc' dir='ltr'><strong>ἀνάρχως</strong></span> <span class='ocrx_word' id='word_1_327' title='bbox 1118 2283 1212 2336; x_wconf 71' lang='grc' dir='ltr'><strong>καὶ</strong></span> <span class='ocrx_word' id='word_1_328' title='bbox 1246 2283 1430 2346; x_wconf 81' lang='grc' dir='ltr'><strong>ἀϊδίως</strong></span> <span class='ocrx_word' id='word_1_329' title='bbox 1460 2285 1555 2336; x_wconf 81' lang='grc' dir='ltr'><strong>καὶ</strong></span> <span class='ocrx_word' id='word_1_330' title='bbox 1585 2285 1836 2348; x_wconf 80' lang='grc' dir='ltr'><strong>ἀπαθῶς.</strong></span> 
     </span>
    </p>
   </div>
   <div class='ocr_carea' id='block_1_42' title="bbox 288 2375 1838 2452">
    <p class='ocr_par' dir='ltr' id='par_1_42' title="bbox 288 2375 1838 2452">
     <span class='ocr_line' id='line_1_42' title="bbox 288 2375 1838 2452; baseline -0.003 -18"><span class='ocrx_word' id='word_1_331' title='bbox 288 2383 428 2452; x_wconf 73' lang='grc' dir='ltr'><strong>Πηγὴ</strong></span> <span class='ocrx_word' id='word_1_332' title='bbox 456 2383 567 2452; x_wconf 76' lang='grc' dir='ltr'><strong>γὰρ</strong></span> <span class='ocrx_word' id='word_1_333' title='bbox 605 2382 705 2448; x_wconf 77' lang='grc' dir='ltr'><strong>τῆς</strong></span> <span class='ocrx_word' id='word_1_334' title='bbox 737 2378 1065 2450; x_wconf 80' lang='grc' dir='ltr'><strong>ύπερουσίου</strong></span> <span class='ocrx_word' id='word_1_335' title='bbox 1107 2375 1374 2444; x_wconf 83' lang='grc' dir='ltr'><strong>Θεότητος</strong></span> <span class='ocrx_word' id='word_1_336' title='bbox 1422 2376 1451 2428; x_wconf 93' lang='lat'><strong>6</strong></span> <span class='ocrx_word' id='word_1_337' title='bbox 1485 2375 1699 2446; x_wconf 73' lang='grc' dir='ltr'><strong>Πατὴρ,</strong></span> <span class='ocrx_word' id='word_1_338' title='bbox 1726 2377 1753 2428; x_wconf 91' lang='lat'><strong>6</strong></span> <span class='ocrx_word' id='word_1_339' title='bbox 1781 2376 1838 2429; x_wconf 74' lang='grc' dir='ltr'><strong>δέ</strong></span> 
     </span>
    </p>
   </div>
   <div class='ocr_carea' id='block_1_43' title="bbox 286 2464 1839 2542">
    <p class='ocr_par' dir='ltr' id='par_1_43' title="bbox 286 2464 1839 2542">
     <span class='ocr_line' id='line_1_43' title="bbox 286 2464 1839 2542; baseline -0.005 -15"><span class='ocrx_word' id='word_1_340' title='bbox 286 2469 396 2537; x_wconf 72' lang='grc' dir='ltr'><strong>Υἱὸς</strong></span> <span class='ocrx_word' id='word_1_341' title='bbox 425 2475 515 2526; x_wconf 75' lang='grc' dir='ltr'><strong>καὶ</strong></span> <span class='ocrx_word' id='word_1_342' title='bbox 537 2474 605 2526; x_wconf 81' lang='grc' dir='ltr'><strong>τὸ</strong></span> <span class='ocrx_word' id='word_1_343' title='bbox 631 2470 878 2542; x_wconf 82' lang='grc' dir='ltr'><strong>Πνεῦμα,</strong></span> <span class='ocrx_word' id='word_1_344' title='bbox 901 2464 1013 2522; x_wconf 75' lang='grc' dir='ltr'><strong>οἷον</strong></span> <span class='ocrx_word' id='word_1_345' title='bbox 1035 2467 1190 2537; x_wconf 82' lang='grc' dir='ltr'><strong>ἄνθη,</strong></span> <span class='ocrx_word' id='word_1_346' title='bbox 1215 2470 1310 2520; x_wconf 77' lang='grc' dir='ltr'><strong>καὶ</strong></span> <span class='ocrx_word' id='word_1_347' title='bbox 1335 2467 1636 2538; x_wconf 84' lang='grc' dir='ltr'><strong>ὑπερούσια</strong></span> <span class='ocrx_word' id='word_1_348' title='bbox 1662 2468 1839 2536; x_wconf 70' lang='grc' dir='ltr'><strong>φῶτα,</strong></span> 
     </span>
    </p>
   </div>
   <div class='ocr_carea' id='block_1_44' title="bbox 287 2556 1838 2633">
    <p class='ocr_par' dir='ltr' id='par_1_44' title="bbox 287 2556 1838 2633">
     <span class='ocr_line' id='line_1_44' title="bbox 287 2556 1838 2633; baseline -0.002 -19"><span class='ocrx_word' id='word_1_349' title='bbox 287 2565 406 2633; x_wconf 64' lang='grc' dir='ltr'><strong>φησι</strong></span> <span class='ocrx_word' id='word_1_350' title='bbox 447 2562 753 2626; x_wconf 84' lang='grc' dir='ltr'><strong>Διονύσιος,</strong></span> <span class='ocrx_word' id='word_1_351' title='bbox 794 2560 922 2629; x_wconf 84' lang='grc' dir='ltr'><strong>μίαν</strong></span> <span class='ocrx_word' id='word_1_352' title='bbox 944 2556 1052 2630; x_wconf 51' lang='lat' dir='ltr'><strong>ha</strong></span> <span class='ocrx_word' id='word_1_353' title='bbox 1106 2557 1206 2628; x_wconf 87' lang='grc' dir='ltr'><strong>τὴν</strong></span> <span class='ocrx_word' id='word_1_354' title='bbox 1246 2556 1453 2626; x_wconf 76' lang='grc' dir='ltr'><strong>λάμψιν</strong></span> <span class='ocrx_word' id='word_1_355' title='bbox 1504 2557 1838 2627; x_wconf 78' lang='grc' dir='ltr'><strong>κεκτημένα,</strong></span> 
     </span>
    </p>
   </div>
   <div class='ocr_carea' id='block_1_45' title="bbox 285 2646 1842 2722">
    <p class='ocr_par' dir='ltr' id='par_1_45' title="bbox 285 2646 1842 2722">
     <span class='ocr_line' id='line_1_45' title="bbox 285 2646 1842 2722; baseline -0.004 -15"><span class='ocrx_word' id='word_1_356' title='bbox 285 2653 350 2716; x_wconf 81' lang='grc' dir='ltr'><strong>ὡς</strong></span> <span class='ocrx_word' id='word_1_357' title='bbox 381 2656 464 2706; x_wconf 67' lang='grc' dir='ltr'><strong>καὶ</strong></span> <span class='ocrx_word' id='word_1_358' title='bbox 494 2654 596 2722; x_wconf 73' lang='grc' dir='ltr'><strong>τὴν</strong></span> <span class='ocrx_word' id='word_1_359' title='bbox 637 2650 800 2722; x_wconf 80' lang='grc' dir='ltr'><strong>φύσιν</strong></span> <span class='ocrx_word' id='word_1_360' title='bbox 834 2650 964 2719; x_wconf 83' lang='grc' dir='ltr'><strong>μίαν</strong></span> <span class='ocrx_word' id='word_1_361' title='bbox 991 2648 1088 2702; x_wconf 78' lang='grc' dir='ltr'><strong>καὶ</strong></span> <span class='ocrx_word' id='word_1_362' title='bbox 1114 2650 1215 2717; x_wconf 75' lang='grc' dir='ltr'><strong>τὴν</strong></span> <span class='ocrx_word' id='word_1_363' title='bbox 1244 2647 1472 2716; x_wconf 79' lang='grc' dir='ltr'><strong>δύναμιν</strong></span> <span class='ocrx_word' id='word_1_364' title='bbox 1506 2646 1600 2700; x_wconf 76' lang='grc' dir='ltr'><strong>καὶ</strong></span> <span class='ocrx_word' id='word_1_365' title='bbox 1627 2648 1842 2716; x_wconf 79' lang='grc' dir='ltr'><strong>κίνησιν</strong></span> 
     </span>
    </p>
   </div>
   <div class='ocr_carea' id='block_1_46' title="bbox 285 2738 1842 2816">
    <p class='ocr_par' dir='ltr' id='par_1_46' title="bbox 285 2738 1842 2816">
     <span class='ocr_line' id='line_1_46' title="bbox 285 2738 1842 2816; baseline -0.004 -20"><span class='ocrx_word' id='word_1_366' title='bbox 285 2747 366 2797; x_wconf 68' lang='grc' dir='ltr'><strong>καὶ</strong></span> <span class='ocrx_word' id='word_1_367' title='bbox 391 2747 701 2816; x_wconf 77' lang='grc' dir='ltr'><strong>ἐνέργειαν,</strong></span> <span class='ocrx_word' id='word_1_368' title='bbox 727 2743 823 2796; x_wconf 75' lang='grc' dir='ltr'><strong>καὶ</strong></span> <span class='ocrx_word' id='word_1_369' title='bbox 861 2741 920 2794; x_wconf 80' lang='grc' dir='ltr'><strong>ού</strong></span> <span class='ocrx_word' id='word_1_370' title='bbox 953 2740 1077 2794; x_wconf 81' lang='grc' dir='ltr'><strong>κατ’</strong></span> <span class='ocrx_word' id='word_1_371' title='bbox 1102 2739 1372 2808; x_wconf 74' lang='grc' dir='ltr'><strong>ἀγγέλους</strong></span> <span class='ocrx_word' id='word_1_372' title='bbox 1402 2739 1497 2791; x_wconf 72' lang='grc' dir='ltr'><strong>καὶ</strong></span> <span class='ocrx_word' id='word_1_373' title='bbox 1521 2738 1842 2809; x_wconf 75' lang='grc' dir='ltr'><strong>ἀνθρώπους</strong></span> 
     </span>
    </p>
   </div>
   <div class='ocr_carea' id='block_1_47' title="bbox 286 2829 1846 2906">
    <p class='ocr_par' dir='ltr' id='par_1_47' title="bbox 286 2829 1846 2906">
     <span class='ocr_line' id='line_1_47' title="bbox 286 2829 1846 2906; baseline -0.004 -18"><span class='ocrx_word' id='word_1_374' title='bbox 286 2835 487 2906; x_wconf 79' lang='grc' dir='ltr'><strong>γνώμης</strong></span> <span class='ocrx_word' id='word_1_375' title='bbox 514 2837 666 2898; x_wconf 78' lang='grc' dir='ltr'><strong>τινος</strong></span> <span class='ocrx_word' id='word_1_376' title='bbox 691 2833 726 2905; x_wconf 74' lang='grc' dir='ltr'>ἢ</span> <span class='ocrx_word' id='word_1_377' title='bbox 758 2832 948 2902; x_wconf 79' lang='grc' dir='ltr'>σοφίας</span> <span class='ocrx_word' id='word_1_378' title='bbox 971 2831 1256 2901; x_wconf 81' lang='grc' dir='ltr'><strong>διαφοράν.</strong></span> <span class='ocrx_word' id='word_1_379' title='bbox 1288 2829 1505 2890; x_wconf 76' lang='grc' dir='ltr'><strong>(Οὐδεὶ,</strong></span> <span class='ocrx_word' id='word_1_380' title='bbox 1533 2830 1640 2899; x_wconf 82' lang='grc' dir='ltr'><strong>γὰρ</strong></span> <span class='ocrx_word' id='word_1_381' title='bbox 1669 2833 1846 2897; x_wconf 85' lang='grc' dir='ltr'><strong>ἐπιγι-</strong></span> 
     </span>
    </p>
   </div>
   <div class='ocr_carea' id='block_1_48' title="bbox 287 2923 1842 2996">
    <p class='ocr_par' dir='ltr' id='par_1_48' title="bbox 287 2923 1842 2996">
     <span class='ocr_line' id='line_1_48' title="bbox 287 2923 1842 2996; baseline -0.004 -15"><span class='ocrx_word' id='word_1_382' title='bbox 287 2932 464 2983; x_wconf 77' lang='grc' dir='ltr'><strong>νώσκει</strong></span> <span class='ocrx_word' id='word_1_383' title='bbox 509 2930 606 2984; x_wconf 83' lang='grc' dir='ltr'><strong>τὸν</strong></span> <span class='ocrx_word' id='word_1_384' title='bbox 642 2927 773 2981; x_wconf 74' lang='grc' dir='ltr'><strong>Υίὸν</strong></span> <span class='ocrx_word' id='word_1_385' title='bbox 811 2927 860 2979; x_wconf 78' lang='grc' dir='ltr'><strong>εἰ</strong></span> <span class='ocrx_word' id='word_1_386' title='bbox 901 2925 978 2996; x_wconf 75' lang='grc' dir='ltr'><strong>μὴ</strong></span> <span class='ocrx_word' id='word_1_387' title='bbox 1010 2925 1038 2977; x_wconf 89' lang='lat'><strong>6</strong></span> <span class='ocrx_word' id='word_1_388' title='bbox 1067 2925 1293 2994; x_wconf 84' lang='grc' dir='ltr'><strong>Πατήρ·</strong></span> <span class='ocrx_word' id='word_1_389' title='bbox 1331 2923 1452 2976; x_wconf 81' lang='grc' dir='ltr'><strong>οὐδὲ</strong></span> <span class='ocrx_word' id='word_1_390' title='bbox 1485 2923 1582 2976; x_wconf 83' lang='grc' dir='ltr'><strong>τὸν</strong></span> <span class='ocrx_word' id='word_1_391' title='bbox 1622 2924 1842 2994; x_wconf 83' lang='grc' dir='ltr'><strong>Πατέρα</strong></span> 
     </span>
    </p>
   </div>
   <div class='ocr_carea' id='block_1_49' title="bbox 284 3008 1842 3094">
    <p class='ocr_par' dir='ltr' id='par_1_49' title="bbox 284 3008 1842 3094">
     <span class='ocr_line' id='line_1_49' title="bbox 284 3008 1842 3094; baseline -0.004 -18"><span class='ocrx_word' id='word_1_392' title='bbox 284 3039 355 3085; x_wconf 86' lang='grc' dir='ltr'><strong>τις</strong></span> <span class='ocrx_word' id='word_1_393' title='bbox 381 3021 743 3094; x_wconf 70' lang='grc' dir='ltr'><strong>ἐπιγινώσκει</strong></span> <span class='ocrx_word' id='word_1_394' title='bbox 774 3021 826 3073; x_wconf 78' lang='grc' dir='ltr'><strong>εἰ</strong></span> <span class='ocrx_word' id='word_1_395' title='bbox 853 3019 929 3090; x_wconf 80' lang='grc' dir='ltr'><strong>μὴ</strong></span> <span class='ocrx_word' id='word_1_396' title='bbox 957 3018 986 3070; x_wconf 91' lang='lat'><strong>6</strong></span> <span class='ocrx_word' id='word_1_397' title='bbox 1006 3017 1158 3084; x_wconf 79' lang='grc' dir='ltr'><strong>Υἱὸς,</strong></span> <span class='ocrx_word' id='word_1_398' title='bbox 1192 3017 1287 3070; x_wconf 76' lang='grc' dir='ltr'><strong>καὶ</strong></span> <span class='ocrx_word' id='word_1_399' title='bbox 1325 3008 1368 3084; x_wconf 81' lang='grc' dir='ltr'>ᾧ</span> <span class='ocrx_word' id='word_1_400' title='bbox 1406 3017 1500 3069; x_wconf 76' lang='grc' dir='ltr'><strong>ἐὰν</strong></span> <span class='ocrx_word' id='word_1_401' title='bbox 1533 3015 1791 3086; x_wconf 87' lang='grc' dir='ltr'><strong>βούληται</strong></span> <span class='ocrx_word' id='word_1_402' title='bbox 1815 3017 1842 3070; x_wconf 87' lang='lat'><strong>6</strong></span> 
     </span>
    </p>
   </div>
   <div class='ocr_carea' id='block_1_50' title="bbox 285 3107 1846 3182">
    <p class='ocr_par' dir='ltr' id='par_1_50' title="bbox 285 3107 1846 3182">
     <span class='ocr_line' id='line_1_50' title="bbox 285 3107 1846 3182; baseline -0.006 -14"><span class='ocrx_word' id='word_1_403' title='bbox 285 3115 399 3179; x_wconf 71' lang='grc' dir='ltr'><strong>Υἱὸς</strong></span> <span class='ocrx_word' id='word_1_404' title='bbox 425 3113 784 3182; x_wconf 67' lang='grc' dir='ltr'><strong>ἀποκαλύψαι</strong></span> <span class='ocrx_word' id='word_1_405' title='bbox 812 3126 860 3164; x_wconf 75' lang='grc' dir='ltr'><strong>ἰ</strong></span> <span class='ocrx_word' id='word_1_406' title='bbox 920 3109 1300 3165; x_wconf 81' lang='grc' dir='ltr'><strong>ἀποκαλύπτει</strong></span> <span class='ocrx_word' id='word_1_407' title='bbox 1329 3109 1384 3161; x_wconf 80' lang='grc' dir='ltr'><strong>δέ</strong></span> <span class='ocrx_word' id='word_1_408' title='bbox 1401 3110 1522 3161; x_wconf 79' lang='grc' dir='ltr'><strong>ὅσον</strong></span> <span class='ocrx_word' id='word_1_409' title='bbox 1543 3107 1792 3178; x_wconf 82' lang='grc' dir='ltr'><strong>βούλεται</strong></span> <span class='ocrx_word' id='word_1_410' title='bbox 1819 3109 1846 3160; x_wconf 92' lang='lat'><strong>6</strong></span> 
     </span>
    </p>
   </div>
   <div class='ocr_carea' id='block_1_51' title="bbox 284 3195 1846 3271">
    <p class='ocr_par' dir='ltr' id='par_1_51' title="bbox 284 3195 1846 3271">
     <span class='ocr_line' id='line_1_51' title="bbox 284 3195 1846 3271; baseline -0.006 -13"><span class='ocrx_word' id='word_1_411' title='bbox 284 3205 465 3271; x_wconf 79' lang='grc' dir='ltr'><strong>διδοὺς,</strong></span> <span class='ocrx_word' id='word_1_412' title='bbox 493 3207 598 3259; x_wconf 72' lang='lat' dir='ltr'><strong>xai.</strong></span> <span class='ocrx_word' id='word_1_413' title='bbox 652 3204 778 3256; x_wconf 81' lang='grc' dir='ltr'><strong>ὅσον</strong></span> <span class='ocrx_word' id='word_1_414' title='bbox 809 3200 1034 3254; x_wconf 86' lang='grc' dir='ltr'><strong>δύναται</strong></span> <span class='ocrx_word' id='word_1_415' title='bbox 1060 3202 1088 3252; x_wconf 89' lang='lat'><strong>6</strong></span> <span class='ocrx_word' id='word_1_416' title='bbox 1116 3198 1406 3268; x_wconf 76' lang='grc' dir='ltr'><strong>λαμϐάνων</strong></span> <span class='ocrx_word' id='word_1_417' title='bbox 1437 3197 1526 3250; x_wconf 73' lang='grc' dir='ltr'><strong>διὰ</strong></span> <span class='ocrx_word' id='word_1_418' title='bbox 1551 3197 1643 3250; x_wconf 86' lang='grc' dir='ltr'><strong>τοῦ</strong></span> <span class='ocrx_word' id='word_1_419' title='bbox 1675 3195 1846 3250; x_wconf 80' lang='grc' dir='ltr'><strong>Πνεύ-</strong></span> 
     </span>
    </p>
   </div>
   <div class='ocr_carea' id='block_1_52' title="bbox 287 3291 1846 3368">
    <p class='ocr_par' dir='ltr' id='par_1_52' title="bbox 287 3291 1846 3368">
     <span class='ocr_line' id='line_1_52' title="bbox 287 3291 1846 3368; baseline -0.004 -18"><span class='ocrx_word' id='word_1_420' title='bbox 287 3315 462 3368; x_wconf 81' lang='grc' dir='ltr'><strong>ματος.</strong></span> <span class='ocrx_word' id='word_1_421' title='bbox 502 3299 644 3361; x_wconf 69' lang='grc' dir='ltr'><strong>Καὶ,</strong></span> <span class='ocrx_word' id='word_1_422' title='bbox 679 3312 699 3346; x_wconf 80' lang='lat' dir='ltr'><strong>t</strong></span> <span class='ocrx_word' id='word_1_423' title='bbox 734 3293 810 3348; x_wconf 86' lang='lat' dir='ltr'>T6</span> <span class='ocrx_word' id='word_1_424' title='bbox 847 3293 1070 3362; x_wconf 82' lang='grc' dir='ltr'><strong>Πνεῦμα</strong></span> <span class='ocrx_word' id='word_1_425' title='bbox 1105 3291 1162 3344; x_wconf 82' lang='grc' dir='ltr'><strong>δὲ</strong></span> <span class='ocrx_word' id='word_1_426' title='bbox 1203 3291 1383 3344; x_wconf 82' lang='grc' dir='ltr'><strong>πάντα</strong></span> <span class='ocrx_word' id='word_1_427' title='bbox 1414 3291 1633 3360; x_wconf 80' lang='grc' dir='ltr'><strong>ἐρευνᾷ,</strong></span> <span class='ocrx_word' id='word_1_428' title='bbox 1663 3292 1754 3344; x_wconf 78' lang='grc' dir='ltr'><strong>καὶ</strong></span> <span class='ocrx_word' id='word_1_429' title='bbox 1778 3291 1846 3343; x_wconf 89' lang='grc' dir='ltr'><strong>τά</strong></span> 
     </span>
    </p>
   </div>
   <div class='ocr_carea' id='block_1_53' title="bbox 285 3379 1844 3463">
    <p class='ocr_par' dir='ltr' id='par_1_53' title="bbox 285 3379 1844 3463">
     <span class='ocr_line' id='line_1_53' title="bbox 285 3379 1844 3463; baseline -0.006 -17"><span class='ocrx_word' id='word_1_430' title='bbox 285 3392 409 3463; x_wconf 76' lang='grc' dir='ltr'><strong>βάθη</strong></span> <span class='ocrx_word' id='word_1_431' title='bbox 442 3390 538 3444; x_wconf 90' lang='grc' dir='ltr'><strong>τοῦ</strong></span> <span class='ocrx_word' id='word_1_432' title='bbox 572 3387 742 3442; x_wconf 86' lang='grc' dir='ltr'><strong>Θεοῦ.</strong></span> <span class='ocrx_word' id='word_1_433' title='bbox 783 3386 890 3441; x_wconf 75' lang='grc' dir='ltr'><strong>Καὶ</strong></span> <span class='ocrx_word' id='word_1_434' title='bbox 919 3386 990 3439; x_wconf 75' lang='grc' dir='ltr'><strong>τὰ</strong></span> <span class='ocrx_word' id='word_1_435' title='bbox 1020 3383 1113 3438; x_wconf 89' lang='grc' dir='ltr'><strong>τοῦ</strong></span> <span class='ocrx_word' id='word_1_436' title='bbox 1139 3383 1272 3437; x_wconf 84' lang='grc' dir='ltr'><strong>Θεοῦ</strong></span> <span class='ocrx_word' id='word_1_437' title='bbox 1305 3382 1477 3446; x_wconf 75' lang='grc' dir='ltr'><strong>οὐδεὶς</strong></span> <span class='ocrx_word' id='word_1_438' title='bbox 1503 3379 1664 3448; x_wconf 74' lang='grc' dir='ltr'><strong>οἶδεν,</strong></span> <span class='ocrx_word' id='word_1_439' title='bbox 1689 3383 1738 3436; x_wconf 74' lang='grc' dir='ltr'><strong>ει</strong></span> <span class='ocrx_word' id='word_1_440' title='bbox 1768 3383 1844 3453; x_wconf 81' lang='grc' dir='ltr'><strong>μὴ</strong></span> 
     </span>
    </p>
   </div>
   <div class='ocr_carea' id='block_1_54' title="bbox 283 3472 1846 3554">
    <p class='ocr_par' dir='ltr' id='par_1_54' title="bbox 283 3472 1846 3554">
     <span class='ocr_line' id='line_1_54' title="bbox 283 3472 1846 3554; baseline -0.008 -17"><span class='ocrx_word' id='word_1_441' title='bbox 283 3485 336 3536; x_wconf 73' lang='grc' dir='ltr'><strong>τὸ</strong></span> <span class='ocrx_word' id='word_1_442' title='bbox 363 3483 587 3554; x_wconf 83' lang='grc' dir='ltr'><strong>Πνεῦμα</strong></span> <span class='ocrx_word' id='word_1_443' title='bbox 643 3478 706 3533; x_wconf 81' lang='grc' dir='ltr'><strong>τὸ</strong></span> <span class='ocrx_word' id='word_1_444' title='bbox 738 3481 798 3532; x_wconf 88' lang='grc' dir='ltr'><strong>ἐν</strong></span> <span class='ocrx_word' id='word_1_445' title='bbox 837 3476 1044 3547; x_wconf 76' lang='grc' dir='ltr'><strong>αὐτῷ.»</strong></span> <span class='ocrx_word' id='word_1_446' title='bbox 1095 3473 1264 3546; x_wconf 71' lang='grc' dir='ltr'><strong>Ὁρᾷς</strong></span> <span class='ocrx_word' id='word_1_447' title='bbox 1299 3472 1442 3527; x_wconf 88' lang='grc' dir='ltr'><strong>κατά</strong></span> <span class='ocrx_word' id='word_1_448' title='bbox 1493 3472 1725 3542; x_wconf 86' lang='grc' dir='ltr'><strong>δύναμιν</strong></span> <span class='ocrx_word' id='word_1_449' title='bbox 1772 3474 1846 3536; x_wconf 83' lang='grc' dir='ltr'><strong>ὡς</strong></span> 
     </span>
    </p>
   </div>
   <div class='ocr_carea' id='block_1_55' title="bbox 285 3561 1846 3643">
    <p class='ocr_par' dir='ltr' id='par_1_55' title="bbox 285 3561 1846 3643">
     <span class='ocr_line' id='line_1_55' title="bbox 285 3561 1846 3643; baseline -0.008 -16"><span class='ocrx_word' id='word_1_450' title='bbox 285 3578 383 3638; x_wconf 79' lang='grc' dir='ltr'><strong>τοῖς</strong></span> <span class='ocrx_word' id='word_1_451' title='bbox 415 3576 599 3643; x_wconf 76' lang='grc' dir='ltr'><strong>ἁγίοις</strong></span> <span class='ocrx_word' id='word_1_452' title='bbox 634 3568 1000 3636; x_wconf 73' lang='grc' dir='ltr'><strong>ἀπεκαλύφθη</strong></span> <span class='ocrx_word' id='word_1_453' title='bbox 1029 3566 1090 3620; x_wconf 82' lang='grc' dir='ltr'><strong>τὸ</strong></span> <span class='ocrx_word' id='word_1_454' title='bbox 1122 3565 1424 3636; x_wconf 83' lang='grc' dir='ltr'><strong>μυστήριον</strong></span> <span class='ocrx_word' id='word_1_455' title='bbox 1453 3563 1552 3633; x_wconf 79' lang='grc' dir='ltr'><strong>τῆς</strong></span> <span class='ocrx_word' id='word_1_456' title='bbox 1600 3561 1846 3632; x_wconf 71' lang='grc' dir='ltr'><strong>ἀδιαιρέο</strong></span> 
     </span>
    </p>
   </div>
   <div class='ocr_carea' id='block_1_56' title="bbox 286 3653 1846 3732">
    <p class='ocr_par' dir='ltr' id='par_1_56' title="bbox 286 3653 1846 3732">
     <span class='ocr_line' id='line_1_56' title="bbox 286 3653 1846 3732; baseline -0.008 -14"><span class='ocrx_word' id='word_1_457' title='bbox 286 3683 367 3718; x_wconf 82' lang='grc' dir='ltr'><strong>τοο</strong></span> <span class='ocrx_word' id='word_1_458' title='bbox 410 3667 503 3720; x_wconf 74' lang='grc' dir='ltr'><strong>καὶ</strong></span> <span class='ocrx_word' id='word_1_459' title='bbox 553 3661 873 3732; x_wconf 84' lang='grc' dir='ltr'><strong>ἀσυγχύτου</strong></span> <span class='ocrx_word' id='word_1_460' title='bbox 905 3658 1158 3728; x_wconf 88' lang='grc' dir='ltr'><strong>Τριάδος,</strong></span> <span class='ocrx_word' id='word_1_461' title='bbox 1211 3655 1306 3708; x_wconf 86' lang='grc' dir='ltr'><strong>τοῦ</strong></span> <span class='ocrx_word' id='word_1_462' title='bbox 1341 3653 1505 3724; x_wconf 84' lang='grc' dir='ltr'><strong>μόνου</strong></span> <span class='ocrx_word' id='word_1_463' title='bbox 1549 3653 1658 3706; x_wconf 82' lang='grc' dir='ltr'><strong>τῶν</strong></span> <span class='ocrx_word' id='word_1_464' title='bbox 1707 3653 1846 3705; x_wconf 81' lang='grc' dir='ltr'><strong>ὅλων</strong></span> 
     </span>
    </p>
   </div>
   <div class='ocr_carea' id='block_1_57' title="bbox 288 3745 1848 3827">
    <p class='ocr_par' dir='ltr' id='par_1_57' title="bbox 288 3745 1848 3827">
     <span class='ocr_line' id='line_1_57' title="bbox 288 3745 1848 3827; baseline -0.012 -14"><span class='ocrx_word' id='word_1_465' title='bbox 288 3758 437 3827; x_wconf 85' lang='grc' dir='ltr'><strong>Θεοῦ;</strong></span> <span class='ocrx_word' id='word_1_466' title='bbox 467 3757 678 3811; x_wconf 77' lang='grc' dir='ltr'><strong>Λοιπὸν</strong></span> <span class='ocrx_word' id='word_1_467' title='bbox 697 3754 774 3824; x_wconf 80' lang='grc' dir='ltr'><strong>μὴ</strong></span> <span class='ocrx_word' id='word_1_468' title='bbox 795 3751 1110 3821; x_wconf 77' lang='grc' dir='ltr'><strong>περαιτέρω</strong></span> <span class='ocrx_word' id='word_1_469' title='bbox 1132 3747 1286 3818; x_wconf 72' lang='grc' dir='ltr'><strong>ζήτει</strong></span> <span class='ocrx_word' id='word_1_470' title='bbox 1314 3761 1330 3777; x_wconf 84' lang='grc'>⁶</span> <span class='ocrx_word' id='word_1_471' title='bbox 1350 3745 1522 3815; x_wconf 87' lang='grc' dir='ltr'><strong>ἀρκοῦ</strong></span> <span class='ocrx_word' id='word_1_472' title='bbox 1560 3747 1668 3806; x_wconf 80' lang='grc' dir='ltr'><strong>τοῖς</strong></span> <span class='ocrx_word' id='word_1_473' title='bbox 1698 3745 1848 3813; x_wconf 70' lang='grc' dir='ltr'><strong>εἰρη-</strong></span> 
     </span>
    </p>
   </div>
   <div class='ocr_carea' id='block_1_58' title="bbox 289 3835 1846 3920">
    <p class='ocr_par' dir='ltr' id='par_1_58' title="bbox 289 3835 1846 3920">
     <span class='ocr_line' id='line_1_58' title="bbox 289 3835 1846 3920; baseline -0.013 -15"><span class='ocrx_word' id='word_1_474' title='bbox 289 3857 450 3920; x_wconf 80' lang='grc' dir='ltr'><strong>μέ-.οι;</strong></span> <span class='ocrx_word' id='word_1_475' title='bbox 480 3850 578 3902; x_wconf 79' lang='grc' dir='ltr'><strong>καὶ</strong></span> <span class='ocrx_word' id='word_1_476' title='bbox 606 3845 914 3914; x_wconf 78' lang='grc' dir='ltr'><strong>δεδομένοις</strong></span> <span class='ocrx_word' id='word_1_477' title='bbox 941 3841 1092 3912; x_wconf 86' lang='grc' dir='ltr'><strong>παρά</strong></span> <span class='ocrx_word' id='word_1_478' title='bbox 1119 3836 1276 3892; x_wconf 85' lang='grc' dir='ltr'><strong>Θεοῦ.</strong></span> <span class='ocrx_word' id='word_1_479' title='bbox 1320 3837 1474 3889; x_wconf 75' lang='grc' dir='ltr'><strong>Ἐπεὶ</strong></span> <span class='ocrx_word' id='word_1_480' title='bbox 1499 3835 1594 3889; x_wconf 71' lang='grc' dir='ltr'><strong>καὶ</strong></span> <span class='ocrx_word' id='word_1_481' title='bbox 1638 3835 1846 3904; x_wconf 79' lang='grc' dir='ltr'><strong>Πέτρος</strong></span> 
     </span>
    </p>
   </div>
   <div class='ocr_carea' id='block_1_59' title="bbox 287 3925 1841 4011">
    <p class='ocr_par' dir='ltr' id='par_1_59' title="bbox 287 3925 1841 4011">
     <span class='ocr_line' id='line_1_59' title="bbox 287 3925 1841 4011; baseline -0.012 -18"><span class='ocrx_word' id='word_1_482' title='bbox 287 3943 425 4011; x_wconf 72' lang='grc' dir='ltr'><strong>παρὰ</strong></span> <span class='ocrx_word' id='word_1_483' title='bbox 448 3943 544 3993; x_wconf 82' lang='grc' dir='ltr'><strong>τοῦ</strong></span> <span class='ocrx_word' id='word_1_484' title='bbox 573 3936 788 4007; x_wconf 78' lang='grc' dir='ltr'><strong>Πατρὺς</strong></span> <span class='ocrx_word' id='word_1_485' title='bbox 819 3935 910 3987; x_wconf 73' lang='grc' dir='ltr'><strong>τὸν</strong></span> <span class='ocrx_word' id='word_1_486' title='bbox 957 3931 1082 3984; x_wconf 57' lang='lat' dir='ltr'><strong>Ti?”</strong></span> <span class='ocrx_word' id='word_1_487' title='bbox 1127 3927 1468 3996; x_wconf 76' lang='grc' dir='ltr'><strong>ἀποκαλύψει</strong></span> <span class='ocrx_word' id='word_1_488' title='bbox 1525 3925 1792 3995; x_wconf 75' lang='grc' dir='ltr'><strong>ἐγνώρισε</strong></span> <span class='ocrx_word' id='word_1_489' title='bbox 1826 3939 1841 3957; x_wconf 87' lang='grc'><strong>·</strong></span> 
     </span>
    </p>
   </div>
   <div class='ocr_carea' id='block_1_60' title="bbox 287 4014 1846 4087">
    <p class='ocr_par' dir='ltr' id='par_1_60' title="bbox 287 4014 1846 4087">
     <span class='ocr_line' id='line_1_60' title="bbox 287 4014 1846 4087; baseline -0.01 -3"><span class='ocrx_word' id='word_1_490' title='bbox 287 4035 373 4084; x_wconf 72' lang='grc' dir='ltr'><strong>καὶ</strong></span> <span class='ocrx_word' id='word_1_491' title='bbox 407 4034 572 4084; x_wconf 83' lang='grc' dir='ltr'><strong>πάλιν</strong></span> <span class='ocrx_word' id='word_1_492' title='bbox 637 4031 732 4080; x_wconf 78' lang='grc' dir='ltr'><strong>σὺν</strong></span> <span class='ocrx_word' id='word_1_493' title='bbox 782 4028 896 4087; x_wconf 87' lang='grc' dir='ltr'><strong>τοῖς</strong></span> <span class='ocrx_word' id='word_1_494' title='bbox 948 4023 1154 4084; x_wconf 84' lang='grc' dir='ltr'><strong>λοιποῖς</strong></span> <span class='ocrx_word' id='word_1_495' title='bbox 1184 4021 1505 4082; x_wconf 82' lang='grc' dir='ltr'><strong>ἀποστόλοις</strong></span> <span class='ocrx_word' id='word_1_496' title='bbox 1542 4019 1693 4086; x_wconf 83' lang='grc' dir='ltr'><strong>παρά</strong></span> <span class='ocrx_word' id='word_1_497' title='bbox 1747 4014 1846 4068; x_wconf 86' lang='grc' dir='ltr'><strong>τοῦ</strong></span> 
     </span>
    </p>
   </div>
   <div class='ocr_carea' id='block_1_61' title="bbox 292 4109 1849 4190">
    <p class='ocr_par' dir='ltr' id='par_1_61' title="bbox 292 4109 1849 4190">
     <span class='ocr_line' id='line_1_61' title="bbox 292 4109 1849 4190; baseline -0.011 -12"><span class='ocrx_word' id='word_1_498' title='bbox 292 4125 412 4177; x_wconf 79' lang='grc' dir='ltr'><strong>Υιοῦ</strong></span> <span class='ocrx_word' id='word_1_499' title='bbox 469 4127 559 4176; x_wconf 66' lang='grc' dir='ltr'><strong>τὴν</strong></span> <span class='ocrx_word' id='word_1_500' title='bbox 603 4121 822 4190; x_wconf 83' lang='grc' dir='ltr'><strong>Πατέρα</strong></span> <span class='ocrx_word' id='word_1_501' title='bbox 873 4117 1043 4187; x_wconf 73' lang='grc' dir='ltr'><strong>ἔμαθε</strong></span> <span class='ocrx_word' id='word_1_502' title='bbox 1099 4114 1391 4184; x_wconf 65' lang='grc' dir='ltr'><strong>διδαχθεὶς,</strong></span> <span class='ocrx_word' id='word_1_503' title='bbox 1429 4131 1448 4164; x_wconf 75' lang='grc' dir='ltr'><strong>ι</strong></span> <span class='ocrx_word' id='word_1_504' title='bbox 1487 4109 1849 4180; x_wconf 71' lang='grc' dir='ltr'><strong>Ἐφανέρωσά</strong></span> 
     </span>
    </p>
   </div>
   <div class='ocr_carea' id='block_1_62' title="bbox 285 4205 1846 4284">
    <p class='ocr_par' dir='ltr' id='par_1_62' title="bbox 285 4205 1846 4284">
     <span class='ocr_line' id='line_1_62' title="bbox 285 4205 1846 4284; baseline -0.009 -15"><span class='ocrx_word' id='word_1_505' title='bbox 285 4234 370 4270; x_wconf 80' lang='grc' dir='ltr'><strong>σου</strong></span> <span class='ocrx_word' id='word_1_506' title='bbox 407 4217 467 4269; x_wconf 77' lang='grc' dir='ltr'><strong>τὸ</strong></span> <span class='ocrx_word' id='word_1_507' title='bbox 521 4217 721 4284; x_wconf 67' lang='grc' dir='ltr'><strong>ονομα,</strong></span> <span class='ocrx_word' id='word_1_508' title='bbox 759 4229 779 4264; x_wconf 73' lang='grc' dir='ltr'><strong>ι</strong></span> <span class='ocrx_word' id='word_1_509' title='bbox 835 4211 1110 4277; x_wconf 86' lang='grc' dir='ltr'><strong>λέγοντος,</strong></span> <span class='ocrx_word' id='word_1_510' title='bbox 1161 4223 1180 4258; x_wconf 84' lang='lat' dir='ltr'><strong>t</strong></span> <span class='ocrx_word' id='word_1_511' title='bbox 1213 4209 1325 4268; x_wconf 85' lang='grc' dir='ltr'><strong>τοῖς</strong></span> <span class='ocrx_word' id='word_1_512' title='bbox 1375 4205 1707 4274; x_wconf 76' lang='grc' dir='ltr'><strong>ἀνθρώποις,</strong></span> <span class='ocrx_word' id='word_1_513' title='bbox 1750 4205 1846 4256; x_wconf 71' lang='grc' dir='ltr'><strong>καὶ</strong></span> 
     </span>
    </p>
   </div>
   <div class='ocr_carea' id='block_1_63' title="bbox 285 4295 1847 4379">
    <p class='ocr_par' dir='ltr' id='par_1_63' title="bbox 285 4295 1847 4379">
     <span class='ocr_line' id='line_1_63' title="bbox 285 4295 1847 4379; baseline -0.01 -17"><span class='ocrx_word' id='word_1_514' title='bbox 285 4310 547 4379; x_wconf 57' lang='grc' dir='ltr'><strong>ἑινὼρισα</strong></span> <span class='ocrx_word' id='word_1_515' title='bbox 570 4309 758 4370; x_wconf 82' lang='grc' dir='ltr'><strong>αὐτοῖς</strong></span> <span class='ocrx_word' id='word_1_516' title='bbox 790 4305 850 4359; x_wconf 80' lang='grc' dir='ltr'><strong>τὸ</strong></span> <span class='ocrx_word' id='word_1_517' title='bbox 879 4301 1056 4372; x_wconf 76' lang='grc' dir='ltr'><strong>ὄνομά</strong></span> <span class='ocrx_word' id='word_1_518' title='bbox 1101 4317 1195 4354; x_wconf 75' lang='grc' dir='ltr'><strong>σου</strong></span> <span class='ocrx_word' id='word_1_519' title='bbox 1230 4299 1327 4351; x_wconf 74' lang='grc' dir='ltr'><strong>καὶ</strong></span> <span class='ocrx_word' id='word_1_520' title='bbox 1357 4297 1638 4367; x_wconf 80' lang='grc' dir='ltr'><strong>γνωρίσω.</strong></span> <span class='ocrx_word' id='word_1_521' title='bbox 1676 4315 1695 4347; x_wconf 85' lang='grc'>›</span> <span class='ocrx_word' id='word_1_522' title='bbox 1736 4295 1847 4350; x_wconf 81' lang='grc' dir='ltr'><strong>Καὶ</strong></span> 
     </span>
    </p>
   </div>
   <div class='ocr_carea' id='block_1_64' title="bbox 1873 3080 1917 3130">
    <p class='ocr_par' dir='ltr' id='par_1_64' title="bbox 1873 3080 1917 3130">
     <span class='ocr_line' id='line_1_64' title="bbox 1873 3080 1917 3130; baseline 0 0"><span class='ocrx_word' id='word_1_523' title='bbox 1873 3080 1917 3130; x_wconf 79' lang='lat' dir='ltr'><strong><em>C</em></strong></span> 
     </span>
    </p>
   </div>
   <div class='ocr_carea' id='block_1_65' title="bbox 1939 1825 3517 1899">
    <p class='ocr_par' dir='ltr' id='par_1_65' title="bbox 1939 1825 3517 1899">
     <span class='ocr_line' id='line_1_65' title="bbox 1939 1825 3517 1899; baseline -0.001 -20"><span class='ocrx_word' id='word_1_524' title='bbox 1939 1825 2241 1890; x_wconf 62' lang='lat' dir='ltr'><strong>Stantialia,</strong></span> <span class='ocrx_word' id='word_1_525' title='bbox 2261 1828 2336 1880; x_wconf 90' lang='lat' dir='ltr'><strong>ait</strong></span> <span class='ocrx_word' id='word_1_526' title='bbox 2357 1828 2666 1899; x_wconf 83' lang='lat' dir='ltr'><strong>Dionysius,</strong></span> <span class='ocrx_word' id='word_1_527' title='bbox 2686 1829 2858 1884; x_wconf 86' lang='lat' dir='ltr'><strong>lucem</strong></span> <span class='ocrx_word' id='word_1_528' title='bbox 2881 1846 3042 1883; x_wconf 88' lang='lat' dir='ltr'><strong>unam</strong></span> <span class='ocrx_word' id='word_1_529' title='bbox 3070 1829 3345 1894; x_wconf 80' lang='lat' dir='ltr'><strong>habentia,</strong></span> <span class='ocrx_word' id='word_1_530' title='bbox 3372 1830 3517 1884; x_wconf 87' lang='lat' dir='ltr'><strong>sicut</strong></span> 
     </span>
    </p>
   </div>
   <div class='ocr_carea' id='block_1_66' title="bbox 1940 1921 3514 1988">
    <p class='ocr_par' dir='ltr' id='par_1_66' title="bbox 1940 1921 3514 1988">
     <span class='ocr_line' id='line_1_66' title="bbox 1940 1921 3514 1988; baseline 0.003 -19"><span class='ocrx_word' id='word_1_531' title='bbox 1940 1927 1994 1970; x_wconf 89' lang='lat' dir='ltr'><strong>et</strong></span> <span class='ocrx_word' id='word_1_532' title='bbox 2033 1933 2197 1970; x_wconf 87' lang='lat' dir='ltr'><strong>unam</strong></span> <span class='ocrx_word' id='word_1_533' title='bbox 2234 1929 2486 1972; x_wconf 86' lang='lat' dir='ltr'><strong>naturam</strong></span> <span class='ocrx_word' id='word_1_534' title='bbox 2538 1929 2592 1974; x_wconf 89' lang='lat' dir='ltr'><strong>et</strong></span> <span class='ocrx_word' id='word_1_535' title='bbox 2615 1929 2967 1988; x_wconf 86' lang='lat' dir='ltr'><strong>potestatem,</strong></span> <span class='ocrx_word' id='word_1_536' title='bbox 3003 1930 3058 1975; x_wconf 89' lang='lat' dir='ltr'><strong>et</strong></span> <span class='ocrx_word' id='word_1_537' title='bbox 3095 1921 3425 1975; x_wconf 81' lang='lat' dir='ltr'><strong>voluntatem</strong></span> <span class='ocrx_word' id='word_1_538' title='bbox 3458 1931 3514 1974; x_wconf 73' lang='lat' dir='ltr'><strong>et</strong></span> 
     </span>
    </p>
   </div>
   <div class='ocr_carea' id='block_1_67' title="bbox 1941 2007 3503 2080">
    <p class='ocr_par' dir='ltr' id='par_1_67' title="bbox 1941 2007 3503 2080">
     <span class='ocr_line' id='line_1_67' title="bbox 1941 2007 3503 2080; baseline 0.001 -20"><span class='ocrx_word' id='word_1_539' title='bbox 1941 2007 2334 2076; x_wconf 87' lang='lat' dir='ltr'><strong>operationem,</strong></span> <span class='ocrx_word' id='word_1_540' title='bbox 2360 2025 2533 2078; x_wconf 85' lang='lat' dir='ltr'><strong>neque</strong></span> <span class='ocrx_word' id='word_1_541' title='bbox 2573 2025 2724 2063; x_wconf 88' lang='lat' dir='ltr'><strong>more</strong></span> <span class='ocrx_word' id='word_1_542' title='bbox 2759 2011 3038 2064; x_wconf 85' lang='lat' dir='ltr'><strong>hominum</strong></span> <span class='ocrx_word' id='word_1_543' title='bbox 3068 2020 3122 2065; x_wconf 91' lang='lat' dir='ltr'><strong>et</strong></span> <span class='ocrx_word' id='word_1_544' title='bbox 3185 2012 3503 2080; x_wconf 78' lang='lat' dir='ltr'><strong>angelorum</strong></span> 
     </span>
    </p>
   </div>
   <div class='ocr_carea' id='block_1_68' title="bbox 1940 2100 3506 2168">
    <p class='ocr_par' dir='ltr' id='par_1_68' title="bbox 1940 2100 3506 2168">
     <span class='ocr_line' id='line_1_68' title="bbox 1940 2100 3506 2168; baseline 0.001 -13"><span class='ocrx_word' id='word_1_545' title='bbox 1940 2100 2172 2155; x_wconf 78' lang='lat' dir='ltr'><strong>scientia</strong></span> <span class='ocrx_word' id='word_1_546' title='bbox 2232 2101 2462 2168; x_wconf 84' lang='lat' dir='ltr'><strong>quadam</strong></span> <span class='ocrx_word' id='word_1_547' title='bbox 2494 2113 2588 2154; x_wconf 89' lang='lat' dir='ltr'><strong>aut</strong></span> <span class='ocrx_word' id='word_1_548' title='bbox 2630 2103 2896 2168; x_wconf 83' lang='lat' dir='ltr'><strong>sapientia</strong></span> <span class='ocrx_word' id='word_1_549' title='bbox 2949 2102 3224 2156; x_wconf 75' lang='lat' dir='ltr'><strong>diﬂ’erunt.</strong></span> <span class='ocrx_word' id='word_1_550' title='bbox 3258 2120 3278 2154; x_wconf 79' lang='lat' dir='ltr'><strong>t</strong></span> <span class='ocrx_word' id='word_1_551' title='bbox 3332 2101 3506 2156; x_wconf 85' lang='lat' dir='ltr'><strong>Nemo</strong></span> 
     </span>
    </p>
   </div>
   <div class='ocr_carea' id='block_1_69' title="bbox 1940 2191 3512 2256">
    <p class='ocr_par' dir='ltr' id='par_1_69' title="bbox 1940 2191 3512 2256">
     <span class='ocr_line' id='line_1_69' title="bbox 1940 2191 3512 2256; baseline 0.003 -9"><span class='ocrx_word' id='word_1_552' title='bbox 1940 2191 2088 2247; x_wconf 88' lang='lat' dir='ltr'><strong>enim</strong></span> <span class='ocrx_word' id='word_1_553' title='bbox 2123 2192 2273 2246; x_wconf 86' lang='lat' dir='ltr'><strong>novit</strong></span> <span class='ocrx_word' id='word_1_554' title='bbox 2301 2193 2494 2247; x_wconf 81' lang='lat' dir='ltr'><strong>Filium</strong></span> <span class='ocrx_word' id='word_1_555' title='bbox 2527 2194 2632 2249; x_wconf 88' lang='lat' dir='ltr'><strong>nisi</strong></span> <span class='ocrx_word' id='word_1_556' title='bbox 2672 2193 2850 2256; x_wconf 89' lang='lat' dir='ltr'><strong>Pater,</strong></span> <span class='ocrx_word' id='word_1_557' title='bbox 2881 2205 2934 2250; x_wconf 89' lang='lat' dir='ltr'><strong>et</strong></span> <span class='ocrx_word' id='word_1_558' title='bbox 2958 2211 3118 2250; x_wconf 87' lang='lat' dir='ltr'><strong>nemo</strong></span> <span class='ocrx_word' id='word_1_559' title='bbox 3166 2195 3378 2251; x_wconf 83' lang='lat' dir='ltr'><strong>Patrem</strong></span> <span class='ocrx_word' id='word_1_560' title='bbox 3412 2213 3512 2252; x_wconf 74' lang='lat' dir='ltr'><strong>no—</strong></span> 
     </span>
    </p>
   </div>
   <div class='ocr_carea' id='block_1_70' title="bbox 1941 2281 3516 2354">
    <p class='ocr_par' dir='ltr' id='par_1_70' title="bbox 1941 2281 3516 2354">
     <span class='ocr_line' id='line_1_70' title="bbox 1941 2281 3516 2354; baseline 0.003 -15"><span class='ocrx_word' id='word_1_561' title='bbox 1941 2285 2139 2341; x_wconf 89' lang='lat' dir='ltr'><strong>vitnisi</strong></span> <span class='ocrx_word' id='word_1_562' title='bbox 2161 2281 2364 2349; x_wconf 87' lang='lat' dir='ltr'><strong>Filius,</strong></span> <span class='ocrx_word' id='word_1_563' title='bbox 2385 2294 2438 2338; x_wconf 89' lang='lat' dir='ltr'><strong>et</strong></span> <span class='ocrx_word' id='word_1_564' title='bbox 2457 2284 2546 2340; x_wconf 88' lang='lat' dir='ltr'><strong>cui</strong></span> <span class='ocrx_word' id='word_1_565' title='bbox 2569 2287 2802 2341; x_wconf 89' lang='lat' dir='ltr'><strong>voluerit</strong></span> <span class='ocrx_word' id='word_1_566' title='bbox 2827 2284 2999 2341; x_wconf 79' lang='lat' dir='ltr'><strong>Filius</strong></span> <span class='ocrx_word' id='word_1_567' title='bbox 3024 2288 3328 2354; x_wconf 61' lang='lat' dir='ltr'><strong>revelarep</strong></span> <span class='ocrx_word' id='word_1_568' title='bbox 3363 2304 3516 2344; x_wconf 82' lang='lat' dir='ltr'><strong>reve-</strong></span> 
     </span>
    </p>
   </div>
   <div class='ocr_carea' id='block_1_71' title="bbox 1943 2373 3512 2447">
    <p class='ocr_par' dir='ltr' id='par_1_71' title="bbox 1943 2373 3512 2447">
     <span class='ocr_line' id='line_1_71' title="bbox 1943 2373 3512 2447; baseline 0.003 -19"><span class='ocrx_word' id='word_1_569' title='bbox 1943 2373 2077 2429; x_wconf 89' lang='lat' dir='ltr'><strong>labit</strong></span> <span class='ocrx_word' id='word_1_570' title='bbox 2104 2383 2286 2429; x_wconf 89' lang='lat' dir='ltr'><strong>autem</strong></span> <span class='ocrx_word' id='word_1_571' title='bbox 2313 2386 2578 2444; x_wconf 88' lang='lat' dir='ltr'><strong>quantum</strong></span> <span class='ocrx_word' id='word_1_572' title='bbox 2606 2375 2840 2429; x_wconf 87' lang='lat' dir='ltr'><strong>voluerit</strong></span> <span class='ocrx_word' id='word_1_573' title='bbox 2874 2375 2920 2430; x_wconf 89' lang='lat' dir='ltr'><strong>is</strong></span> <span class='ocrx_word' id='word_1_574' title='bbox 2951 2378 3044 2445; x_wconf 88' lang='lat' dir='ltr'><strong>qui</strong></span> <span class='ocrx_word' id='word_1_575' title='bbox 3092 2377 3205 2442; x_wconf 88' lang='lat' dir='ltr'><strong>dat,</strong></span> <span class='ocrx_word' id='word_1_576' title='bbox 3227 2387 3282 2432; x_wconf 90' lang='lat' dir='ltr'><strong>et</strong></span> <span class='ocrx_word' id='word_1_577' title='bbox 3335 2396 3512 2447; x_wconf 83' lang='lat' dir='ltr'><strong>quan-</strong></span> 
     </span>
    </p>
   </div>
   <div class='ocr_carea' id='block_1_72' title="bbox 1944 2467 3514 2540">
    <p class='ocr_par' dir='ltr' id='par_1_72' title="bbox 1944 2467 3514 2540">
     <span class='ocr_line' id='line_1_72' title="bbox 1944 2467 3514 2540; baseline 0.005 -20"><span class='ocrx_word' id='word_1_578' title='bbox 1944 2475 2058 2521; x_wconf 89' lang='lat' dir='ltr'><strong>tum</strong></span> <span class='ocrx_word' id='word_1_579' title='bbox 2088 2470 2329 2536; x_wconf 89' lang='lat' dir='ltr'><strong>potuerit</strong></span> <span class='ocrx_word' id='word_1_580' title='bbox 2357 2467 2402 2521; x_wconf 92' lang='lat' dir='ltr'><strong>is</strong></span> <span class='ocrx_word' id='word_1_581' title='bbox 2431 2467 2522 2536; x_wconf 83' lang='lat' dir='ltr'><strong>qui</strong></span> <span class='ocrx_word' id='word_1_582' title='bbox 2553 2481 2646 2536; x_wconf 91' lang='lat' dir='ltr'><strong>per</strong></span> <span class='ocrx_word' id='word_1_583' title='bbox 2673 2467 2937 2538; x_wconf 87' lang='lat' dir='ltr'><strong>Spiritum</strong></span> <span class='ocrx_word' id='word_1_584' title='bbox 2969 2470 3187 2539; x_wconf 86' lang='lat' dir='ltr'><strong>accipit.</strong></span> <span class='ocrx_word' id='word_1_585' title='bbox 3223 2489 3240 2521; x_wconf 72' lang='grc' dir='ltr'><strong>ι</strong></span> <span class='ocrx_word' id='word_1_586' title='bbox 3277 2471 3514 2540; x_wconf 83' lang='lat' dir='ltr'><strong>Spiritus</strong></span> 
     </span>
    </p>
   </div>
   <div class='ocr_carea' id='block_1_73' title="bbox 1943 2559 3514 2629">
    <p class='ocr_par' dir='ltr' id='par_1_73' title="bbox 1943 2559 3514 2629">
     <span class='ocr_line' id='line_1_73' title="bbox 1943 2559 3514 2629; baseline 0.003 -17"><span class='ocrx_word' id='word_1_587' title='bbox 1943 2573 2076 2612; x_wconf 88' lang='lat' dir='ltr'><strong>vero</strong></span> <span class='ocrx_word' id='word_1_588' title='bbox 2124 2559 2306 2613; x_wconf 87' lang='lat' dir='ltr'><strong>omnia</strong></span> <span class='ocrx_word' id='word_1_589' title='bbox 2359 2568 2638 2613; x_wconf 89' lang='lat' dir='ltr'><strong>scrutatur</strong></span> <span class='ocrx_word' id='word_1_590' title='bbox 2687 2561 2852 2615; x_wconf 86' lang='lat' dir='ltr'><strong>etiam</strong></span> <span class='ocrx_word' id='word_1_591' title='bbox 2899 2561 3171 2629; x_wconf 77' lang='lat' dir='ltr'><strong>profunda</strong></span> <span class='ocrx_word' id='word_1_592' title='bbox 3215 2563 3365 2625; x_wconf 65' lang='lat' dir='ltr'><strong>Dei,»</strong></span> <span class='ocrx_word' id='word_1_593' title='bbox 3413 2574 3514 2618; x_wconf 91' lang='lat' dir='ltr'><strong>et:</strong></span> 
     </span>
    </p>
   </div>
   <div class='ocr_carea' id='block_1_74' title="bbox 1951 2648 3516 2723">
    <p class='ocr_par' dir='ltr' id='par_1_74' title="bbox 1951 2648 3516 2723">
     <span class='ocr_line' id='line_1_74' title="bbox 1951 2648 3516 2723; baseline 0.005 -21"><span class='ocrx_word' id='word_1_594' title='bbox 1951 2669 1970 2702; x_wconf 80' lang='grc' dir='ltr'><strong>ι</strong></span> <span class='ocrx_word' id='word_1_595' title='bbox 2008 2648 2140 2716; x_wconf 62' lang='lat' dir='ltr'><strong>Quae</strong></span> <span class='ocrx_word' id='word_1_596' title='bbox 2168 2663 2300 2703; x_wconf 91' lang='lat' dir='ltr'><strong>sunt</strong></span> <span class='ocrx_word' id='word_1_597' title='bbox 2333 2648 2425 2704; x_wconf 91' lang='lat' dir='ltr'><strong>Dei</strong></span> <span class='ocrx_word' id='word_1_598' title='bbox 2458 2665 2618 2704; x_wconf 88' lang='lat' dir='ltr'><strong>nemo</strong></span> <span class='ocrx_word' id='word_1_599' title='bbox 2655 2653 2804 2705; x_wconf 88' lang='lat' dir='ltr'><strong>novit</strong></span> <span class='ocrx_word' id='word_1_600' title='bbox 2836 2653 2943 2707; x_wconf 87' lang='lat' dir='ltr'><strong>nisi</strong></span> <span class='ocrx_word' id='word_1_601' title='bbox 2970 2653 3206 2722; x_wconf 83' lang='lat' dir='ltr'><strong>Spiritus</strong></span> <span class='ocrx_word' id='word_1_602' title='bbox 3233 2657 3324 2723; x_wconf 85' lang='lat' dir='ltr'><strong>qui</strong></span> <span class='ocrx_word' id='word_1_603' title='bbox 3351 2665 3434 2710; x_wconf 89' lang='lat' dir='ltr'><strong>est</strong></span> <span class='ocrx_word' id='word_1_604' title='bbox 3461 2657 3516 2710; x_wconf 86' lang='lat' dir='ltr'><strong>in</strong></span> 
     </span>
    </p>
   </div>
   <div class='ocr_carea' id='block_1_75' title="bbox 1945 2740 3520 2812">
    <p class='ocr_par' dir='ltr' id='par_1_75' title="bbox 1945 2740 3520 2812">
     <span class='ocr_line' id='line_1_75' title="bbox 1945 2740 3520 2812; baseline 0.004 -16"><span class='ocrx_word' id='word_1_605' title='bbox 1945 2756 2032 2796; x_wconf 88' lang='lat' dir='ltr'><strong>eo.</strong></span> <span class='ocrx_word' id='word_1_606' title='bbox 2070 2760 2090 2793; x_wconf 74' lang='grc' dir='ltr'><strong>ι</strong></span> <span class='ocrx_word' id='word_1_607' title='bbox 2154 2740 2344 2796; x_wconf 76' lang='lat' dir='ltr'><strong>Viden’</strong></span> <span class='ocrx_word' id='word_1_608' title='bbox 2373 2742 2635 2812; x_wconf 87' lang='lat' dir='ltr'><strong>quoniam</strong></span> <span class='ocrx_word' id='word_1_609' title='bbox 2689 2759 2786 2812; x_wconf 94' lang='lat' dir='ltr'><strong>pro</strong></span> <span class='ocrx_word' id='word_1_610' title='bbox 2842 2744 3050 2800; x_wconf 84' lang='lat' dir='ltr'><strong>viribus</strong></span> <span class='ocrx_word' id='word_1_611' title='bbox 3094 2747 3390 2800; x_wconf 79' lang='lat' dir='ltr'><strong>revelatum</strong></span> <span class='ocrx_word' id='word_1_612' title='bbox 3435 2758 3520 2802; x_wconf 78' lang='lat' dir='ltr'><strong>est</strong></span> 
     </span>
    </p>
   </div>
   <div class='ocr_carea' id='block_1_76' title="bbox 1947 2834 3518 2905">
    <p class='ocr_par' dir='ltr' id='par_1_76' title="bbox 1947 2834 3518 2905">
     <span class='ocr_line' id='line_1_76' title="bbox 1947 2834 3518 2905; baseline 0.002 -15"><span class='ocrx_word' id='word_1_613' title='bbox 1947 2834 2152 2890; x_wconf 87' lang='lat' dir='ltr'><strong>sanctis</strong></span> <span class='ocrx_word' id='word_1_614' title='bbox 2204 2835 2524 2905; x_wconf 79' lang='lat' dir='ltr'><strong>mysterium</strong></span> <span class='ocrx_word' id='word_1_615' title='bbox 2591 2835 2946 2890; x_wconf 87' lang='lat' dir='ltr'><strong>indivisibilis</strong></span> <span class='ocrx_word' id='word_1_616' title='bbox 3000 2847 3056 2891; x_wconf 90' lang='lat' dir='ltr'><strong>et</strong></span> <span class='ocrx_word' id='word_1_617' title='bbox 3115 2837 3518 2894; x_wconf 81' lang='lat' dir='ltr'><strong>inconfusibilis</strong></span> 
     </span>
    </p>
   </div>
   <div class='ocr_carea' id='block_1_77' title="bbox 1946 2925 3514 2991">
    <p class='ocr_par' dir='ltr' id='par_1_77' title="bbox 1946 2925 3514 2991">
     <span class='ocr_line' id='line_1_77' title="bbox 1946 2925 3514 2991; baseline 0.003 -11"><span class='ocrx_word' id='word_1_618' title='bbox 1946 2925 2256 2991; x_wconf 84' lang='lat' dir='ltr'><strong>Trinitatis,</strong></span> <span class='ocrx_word' id='word_1_619' title='bbox 2291 2927 2464 2981; x_wconf 89' lang='lat' dir='ltr'><strong>solius</strong></span> <span class='ocrx_word' id='word_1_620' title='bbox 2496 2927 2878 2982; x_wconf 89' lang='lat' dir='ltr'><strong>universorum</strong></span> <span class='ocrx_word' id='word_1_621' title='bbox 2912 2927 3046 2983; x_wconf 86' lang='lat' dir='ltr'><strong>Dei?</strong></span> <span class='ocrx_word' id='word_1_622' title='bbox 3081 2929 3350 2984; x_wconf 59' lang='lat' dir='ltr'><strong>(heterum</strong></span> <span class='ocrx_word' id='word_1_623' title='bbox 3400 2932 3514 2985; x_wconf 86' lang='lat' dir='ltr'><strong>noli</strong></span> 
     </span>
    </p>
   </div>
   <div class='ocr_carea' id='block_1_78' title="bbox 1947 3021 3517 3090">
    <p class='ocr_par' dir='ltr' id='par_1_78' title="bbox 1947 3021 3517 3090">
     <span class='ocr_line' id='line_1_78' title="bbox 1947 3021 3517 3090; baseline 0.001 -15"><span class='ocrx_word' id='word_1_624' title='bbox 1947 3021 2112 3076; x_wconf 85' lang='lat' dir='ltr'><strong>altius</strong></span> <span class='ocrx_word' id='word_1_625' title='bbox 2155 3021 2431 3088; x_wconf 89' lang='lat' dir='ltr'><strong>inquirere</strong></span> <span class='ocrx_word' id='word_1_626' title='bbox 2468 3036 2484 3087; x_wconf 89' lang='lat'><strong>;</strong></span> <span class='ocrx_word' id='word_1_627' title='bbox 2515 3021 2934 3090; x_wconf 13' lang='lat' dir='ltr'><strong>suﬁiciantiqua-</strong></span> <span class='ocrx_word' id='word_1_628' title='bbox 2963 3021 3107 3074; x_wconf 74' lang='lat' dir='ltr'><strong>dicta</strong></span> <span class='ocrx_word' id='word_1_629' title='bbox 3142 3033 3269 3075; x_wconf 86' lang='lat' dir='ltr'><strong>sunt</strong></span> <span class='ocrx_word' id='word_1_630' title='bbox 3293 3033 3346 3076; x_wconf 91' lang='lat' dir='ltr'><strong>et</strong></span> <span class='ocrx_word' id='word_1_631' title='bbox 3392 3024 3517 3077; x_wconf 82' lang='lat' dir='ltr'><strong>data</strong></span> 
     </span>
    </p>
   </div>
   <div class='ocr_carea' id='block_1_79' title="bbox 1950 3110 3523 3181">
    <p class='ocr_par' dir='ltr' id='par_1_79' title="bbox 1950 3110 3523 3181">
     <span class='ocr_line' id='line_1_79' title="bbox 1950 3110 3523 3181; baseline 0.001 -15"><span class='ocrx_word' id='word_1_632' title='bbox 1950 3128 1980 3166; x_wconf 90' lang='lat' dir='ltr'><strong>a</strong></span> <span class='ocrx_word' id='word_1_633' title='bbox 2007 3111 2137 3177; x_wconf 85' lang='lat' dir='ltr'><strong>Deo,</strong></span> <span class='ocrx_word' id='word_1_634' title='bbox 2169 3111 2428 3180; x_wconf 87' lang='lat' dir='ltr'><strong>quoniam</strong></span> <span class='ocrx_word' id='word_1_635' title='bbox 2465 3110 2661 3166; x_wconf 87' lang='lat' dir='ltr'><strong>Petrus</strong></span> <span class='ocrx_word' id='word_1_636' title='bbox 2694 3127 2912 3181; x_wconf 84' lang='lat' dir='ltr'><strong>quoque</strong></span> <span class='ocrx_word' id='word_1_637' title='bbox 2939 3128 2968 3165; x_wconf 94' lang='lat' dir='ltr'><strong>a</strong></span> <span class='ocrx_word' id='word_1_638' title='bbox 3003 3111 3110 3166; x_wconf 90' lang='lat' dir='ltr'><strong>Deo</strong></span> <span class='ocrx_word' id='word_1_639' title='bbox 3136 3111 3333 3166; x_wconf 84' lang='lat' dir='ltr'><strong>Filium</strong></span> <span class='ocrx_word' id='word_1_640' title='bbox 3369 3129 3523 3168; x_wconf 82' lang='lat' dir='ltr'><strong>rere-</strong></span> 
     </span>
    </p>
   </div>
   <div class='ocr_carea' id='block_1_80' title="bbox 1949 3200 3525 3272">
    <p class='ocr_par' dir='ltr' id='par_1_80' title="bbox 1949 3200 3525 3272">
     <span class='ocr_line' id='line_1_80' title="bbox 1949 3200 3525 3272; baseline 0.004 -18"><span class='ocrx_word' id='word_1_641' title='bbox 1949 3201 2152 3255; x_wconf 85' lang='lat' dir='ltr'><strong>latione</strong></span> <span class='ocrx_word' id='word_1_642' title='bbox 2209 3200 2485 3270; x_wconf 67' lang='lat' dir='ltr'><strong>cognovit,</strong></span> <span class='ocrx_word' id='word_1_643' title='bbox 2516 3210 2571 3254; x_wconf 92' lang='lat' dir='ltr'><strong>et</strong></span> <span class='ocrx_word' id='word_1_644' title='bbox 2599 3202 2795 3255; x_wconf 91' lang='lat' dir='ltr'><strong>iterum</strong></span> <span class='ocrx_word' id='word_1_645' title='bbox 2825 3216 2951 3255; x_wconf 73' lang='lat' dir='ltr'><strong>eum</strong></span> <span class='ocrx_word' id='word_1_646' title='bbox 3009 3203 3220 3256; x_wconf 65' lang='lat' dir='ltr'><strong>caneris</strong></span> <span class='ocrx_word' id='word_1_647' title='bbox 3258 3203 3525 3272; x_wconf 80' lang='lat' dir='ltr'><strong>apostolis</strong></span> 
     </span>
    </p>
   </div>
   <div class='ocr_carea' id='block_1_81' title="bbox 1949 3291 3526 3362">
    <p class='ocr_par' dir='ltr' id='par_1_81' title="bbox 1949 3291 3526 3362">
     <span class='ocr_line' id='line_1_81' title="bbox 1949 3291 3526 3362; baseline 0.001 -16"><span class='ocrx_word' id='word_1_648' title='bbox 1949 3308 1979 3346; x_wconf 87' lang='lat' dir='ltr'><strong>a</strong></span> <span class='ocrx_word' id='word_1_649' title='bbox 2011 3291 2150 3346; x_wconf 85' lang='lat' dir='ltr'><strong>Filio</strong></span> <span class='ocrx_word' id='word_1_650' title='bbox 2175 3293 2400 3347; x_wconf 89' lang='lat' dir='ltr'><strong>edoctus</strong></span> <span class='ocrx_word' id='word_1_651' title='bbox 2428 3291 2644 3346; x_wconf 87' lang='lat' dir='ltr'><strong>Patrem</strong></span> <span class='ocrx_word' id='word_1_652' title='bbox 2682 3291 2878 3347; x_wconf 83' lang='lat' dir='ltr'><strong>didicit</strong></span> <span class='ocrx_word' id='word_1_653' title='bbox 2930 3292 3024 3362; x_wconf 89' lang='lat' dir='ltr'><strong>qui</strong></span> <span class='ocrx_word' id='word_1_654' title='bbox 3086 3293 3258 3347; x_wconf 74' lang='lat' dir='ltr'><strong>dixit:</strong></span> <span class='ocrx_word' id='word_1_655' title='bbox 3297 3313 3316 3345; x_wconf 79' lang='grc' dir='ltr'><strong>ι</strong></span> <span class='ocrx_word' id='word_1_656' title='bbox 3352 3294 3526 3348; x_wconf 80' lang='lat' dir='ltr'><strong>Mani-</strong></span> 
     </span>
    </p>
   </div>
   <div class='ocr_carea' id='block_1_82' title="bbox 1950 3383 3598 3448">
    <p class='ocr_par' dir='ltr' id='par_1_82' title="bbox 1950 3383 3598 3448">
     <span class='ocr_line' id='line_1_82' title="bbox 1950 3383 3598 3448; baseline 0.001 -9"><span class='ocrx_word' id='word_1_657' title='bbox 1950 3384 2144 3439; x_wconf 80' lang='lat' dir='ltr'><strong>festavi</strong></span> <span class='ocrx_word' id='word_1_658' title='bbox 2195 3400 2395 3440; x_wconf 84' lang='lat' dir='ltr'><strong>nomen</strong></span> <span class='ocrx_word' id='word_1_659' title='bbox 2437 3395 2590 3439; x_wconf 91' lang='lat' dir='ltr'><strong>tuum</strong></span> <span class='ocrx_word' id='word_1_660' title='bbox 2641 3383 2981 3448; x_wconf 88' lang='lat' dir='ltr'><strong>hominibus,</strong></span> <span class='ocrx_word' id='word_1_661' title='bbox 3013 3393 3066 3438; x_wconf 88' lang='lat' dir='ltr'><strong>et</strong></span> <span class='ocrx_word' id='word_1_662' title='bbox 3099 3395 3284 3438; x_wconf 91' lang='lat' dir='ltr'><strong>notum</strong></span> <span class='ocrx_word' id='word_1_663' title='bbox 3314 3386 3413 3440; x_wconf 79' lang='lat' dir='ltr'><strong>feci</strong></span> <span class='ocrx_word' id='word_1_664' title='bbox 3439 3385 3522 3441; x_wconf 86' lang='lat' dir='ltr'><strong>eis</strong></span> <span class='ocrx_word' id='word_1_665' title='bbox 3596 3389 3598 3391; x_wconf 72' lang='grc'><em>’</em></span> 
     </span>
    </p>
   </div>
   <div class='ocr_carea' id='block_1_83' title="bbox 1949 3474 3524 3547">
    <p class='ocr_par' dir='ltr' id='par_1_83' title="bbox 1949 3474 3524 3547">
     <span class='ocr_line' id='line_1_83' title="bbox 1949 3474 3524 3547; baseline 0 -17"><span class='ocrx_word' id='word_1_666' title='bbox 1949 3490 2146 3531; x_wconf 91' lang='lat' dir='ltr'><strong>nomen</strong></span> <span class='ocrx_word' id='word_1_667' title='bbox 2206 3487 2357 3530; x_wconf 92' lang='lat' dir='ltr'><strong>tuum</strong></span> <span class='ocrx_word' id='word_1_668' title='bbox 2421 3485 2476 3530; x_wconf 86' lang='lat' dir='ltr'><strong>et</strong></span> <span class='ocrx_word' id='word_1_669' title='bbox 2505 3486 2693 3530; x_wconf 89' lang='lat' dir='ltr'><strong>notum</strong></span> <span class='ocrx_word' id='word_1_670' title='bbox 2752 3475 2973 3530; x_wconf 80' lang='lat' dir='ltr'><strong>faciam.</strong></span> <span class='ocrx_word' id='word_1_671' title='bbox 3006 3494 3024 3527; x_wconf 76' lang='grc' dir='ltr'><strong>ι</strong></span> <span class='ocrx_word' id='word_1_672' title='bbox 3066 3474 3131 3529; x_wconf 85' lang='grc' dir='ltr'><strong>Ει</strong></span> <span class='ocrx_word' id='word_1_673' title='bbox 3161 3492 3284 3545; x_wconf 68' lang='lat' dir='ltr'><strong>quae</strong></span> <span class='ocrx_word' id='word_1_674' title='bbox 3312 3478 3524 3547; x_wconf 75' lang='lat' dir='ltr'><strong>angelis</strong></span> 
     </span>
    </p>
   </div>
   <div class='ocr_carea' id='block_1_84' title="bbox 1950 3566 3528 3638">
    <p class='ocr_par' dir='ltr' id='par_1_84' title="bbox 1950 3566 3528 3638">
     <span class='ocr_line' id='line_1_84' title="bbox 1950 3566 3528 3638; baseline 0.004 -19"><span class='ocrx_word' id='word_1_675' title='bbox 1950 3566 2231 3620; x_wconf 87' lang='lat' dir='ltr'><strong>tremenda</strong></span> <span class='ocrx_word' id='word_1_676' title='bbox 2288 3575 2418 3622; x_wconf 90' lang='lat' dir='ltr'><strong>sunt</strong></span> <span class='ocrx_word' id='word_1_677' title='bbox 2471 3577 2636 3638; x_wconf 75' lang='lat' dir='ltr'><strong>atque</strong></span> <span class='ocrx_word' id='word_1_678' title='bbox 2702 3567 2889 3638; x_wconf 79' lang='lat' dir='ltr'><strong>ignota</strong></span> <span class='ocrx_word' id='word_1_679' title='bbox 2921 3584 3016 3635; x_wconf 89' lang='lat' dir='ltr'><strong>per</strong></span> <span class='ocrx_word' id='word_1_680' title='bbox 3061 3567 3323 3638; x_wconf 87' lang='lat' dir='ltr'><strong>Spiritum</strong></span> <span class='ocrx_word' id='word_1_681' title='bbox 3367 3571 3528 3626; x_wconf 87' lang='lat' dir='ltr'><strong>nobis</strong></span> 
     </span>
    </p>
   </div>
   <div class='ocr_carea' id='block_1_85' title="bbox 1949 3657 3523 3732">
    <p class='ocr_par' dir='ltr' id='par_1_85' title="bbox 1949 3657 3523 3732">
     <span class='ocr_line' id='line_1_85' title="bbox 1949 3657 3523 3732; baseline 0.003 -20"><span class='ocrx_word' id='word_1_682' title='bbox 1949 3657 2184 3714; x_wconf 87' lang='lat' dir='ltr'><strong>revelata</strong></span> <span class='ocrx_word' id='word_1_683' title='bbox 2212 3667 2341 3715; x_wconf 88' lang='lat' dir='ltr'><strong>sunt</strong></span> <span class='ocrx_word' id='word_1_684' title='bbox 2373 3675 2388 3713; x_wconf 87' lang='lat'><strong>:</strong></span> <span class='ocrx_word' id='word_1_685' title='bbox 2433 3677 2452 3712; x_wconf 83' lang='grc' dir='ltr'><strong>ι</strong></span> <span class='ocrx_word' id='word_1_686' title='bbox 2493 3659 2619 3715; x_wconf 74' lang='lat' dir='ltr'><strong>Haec</strong></span> <span class='ocrx_word' id='word_1_687' title='bbox 2660 3659 2841 3727; x_wconf 72' lang='lat' dir='ltr'><strong>nobis,</strong></span> <span class='ocrx_word' id='word_1_688' title='bbox 2871 3660 2948 3714; x_wconf 88' lang='lat' dir='ltr'><strong>ait</strong></span> <span class='ocrx_word' id='word_1_689' title='bbox 2975 3658 3198 3726; x_wconf 88' lang='lat' dir='ltr'><strong>Paulus,</strong></span> <span class='ocrx_word' id='word_1_690' title='bbox 3226 3677 3321 3729; x_wconf 87' lang='lat' dir='ltr'><strong>per</strong></span> <span class='ocrx_word' id='word_1_691' title='bbox 3347 3661 3523 3732; x_wconf 89' lang='lat' dir='ltr'><strong>Spiri-</strong></span> 
     </span>
    </p>
   </div>
   <div class='ocr_carea' id='block_1_86' title="bbox 1949 3751 3526 3822">
    <p class='ocr_par' dir='ltr' id='par_1_86' title="bbox 1949 3751 3526 3822">
     <span class='ocr_line' id='line_1_86' title="bbox 1949 3751 3526 3822; baseline 0.001 -16"><span class='ocrx_word' id='word_1_692' title='bbox 1949 3761 2064 3806; x_wconf 90' lang='lat' dir='ltr'><strong>tum</strong></span> <span class='ocrx_word' id='word_1_693' title='bbox 2096 3752 2373 3807; x_wconf 84' lang='lat' dir='ltr'><strong>revelavit.</strong></span> <span class='ocrx_word' id='word_1_694' title='bbox 2409 3771 2427 3804; x_wconf 82' lang='grc' dir='ltr'><strong>ι</strong></span> <span class='ocrx_word' id='word_1_695' title='bbox 2457 3751 2714 3822; x_wconf 86' lang='lat' dir='ltr'><strong>Superest</strong></span> <span class='ocrx_word' id='word_1_696' title='bbox 2762 3760 2820 3806; x_wconf 92' lang='lat' dir='ltr'><strong>ut</strong></span> <span class='ocrx_word' id='word_1_697' title='bbox 2873 3753 3110 3808; x_wconf 85' lang='lat' dir='ltr'><strong>revelata</strong></span> <span class='ocrx_word' id='word_1_698' title='bbox 3174 3755 3379 3810; x_wconf 82' lang='lat' dir='ltr'><strong>sanctis</strong></span> <span class='ocrx_word' id='word_1_699' title='bbox 3423 3761 3526 3808; x_wconf 85' lang='lat' dir='ltr'><strong>cu-</strong></span> 
     </span>
    </p>
   </div>
   <div class='ocr_carea' id='block_1_87' title="bbox 1949 3840 3531 3912">
    <p class='ocr_par' dir='ltr' id='par_1_87' title="bbox 1949 3840 3531 3912">
     <span class='ocr_line' id='line_1_87' title="bbox 1949 3840 3531 3912; baseline 0.004 -19"><span class='ocrx_word' id='word_1_700' title='bbox 1949 3840 2286 3907; x_wconf 85' lang='lat' dir='ltr'><strong>stodiamus,</strong></span> <span class='ocrx_word' id='word_1_701' title='bbox 2319 3856 2497 3909; x_wconf 88' lang='lat' dir='ltr'><strong>neque</strong></span> <span class='ocrx_word' id='word_1_702' title='bbox 2526 3851 2712 3897; x_wconf 87' lang='lat' dir='ltr'><strong>nostra</strong></span> <span class='ocrx_word' id='word_1_703' title='bbox 2739 3842 3163 3906; x_wconf 76' lang='lat' dir='ltr'><strong>imtuisceamus.</strong></span> <span class='ocrx_word' id='word_1_704' title='bbox 3188 3843 3422 3912; x_wconf 88' lang='lat' dir='ltr'><strong>Spiritus</strong></span> <span class='ocrx_word' id='word_1_705' title='bbox 3445 3853 3531 3898; x_wconf 87' lang='lat' dir='ltr'><strong>est</strong></span> 
     </span>
    </p>
   </div>
   <div class='ocr_carea' id='block_1_88' title="bbox 1947 3930 3522 4002">
    <p class='ocr_par' dir='ltr' id='par_1_88' title="bbox 1947 3930 3522 4002">
     <span class='ocr_line' id='line_1_88' title="bbox 1947 3930 3522 4002; baseline 0.003 -18"><span class='ocrx_word' id='word_1_706' title='bbox 1947 3931 2496 4001; x_wconf 88' lang='lat' dir='ltr'><strong>veritatis,Spiritus</strong></span> <span class='ocrx_word' id='word_1_707' title='bbox 2545 3930 2667 3997; x_wconf 84' lang='lat' dir='ltr'><strong>Dei,</strong></span> <span class='ocrx_word' id='word_1_708' title='bbox 2727 3931 2966 4001; x_wconf 84' lang='lat' dir='ltr'><strong>Spiritus</strong></span> <span class='ocrx_word' id='word_1_709' title='bbox 3029 3931 3230 3998; x_wconf 84' lang='lat' dir='ltr'><strong>Patris,</strong></span> <span class='ocrx_word' id='word_1_710' title='bbox 3285 3933 3522 4002; x_wconf 89' lang='lat' dir='ltr'><strong>Spiritus</strong></span> 
     </span>
    </p>
   </div>
   <div class='ocr_carea' id='block_1_89' title="bbox 1948 4020 3516 4090">
    <p class='ocr_par' dir='ltr' id='par_1_89' title="bbox 1948 4020 3516 4090">
     <span class='ocr_line' id='line_1_89' title="bbox 1948 4020 3516 4090; baseline 0.003 -15"><span class='ocrx_word' id='word_1_711' title='bbox 1948 4020 2175 4085; x_wconf 84' lang='lat' dir='ltr'><strong>Christi,</strong></span> <span class='ocrx_word' id='word_1_712' title='bbox 2230 4020 2464 4090; x_wconf 87' lang='lat' dir='ltr'><strong>Spiritus</strong></span> <span class='ocrx_word' id='word_1_713' title='bbox 2511 4020 2635 4075; x_wconf 89' lang='lat' dir='ltr'><strong>Filii</strong></span> <span class='ocrx_word' id='word_1_714' title='bbox 2677 4021 2730 4074; x_wconf 57' lang='lat' dir='ltr'><strong>si</strong></span> <span class='ocrx_word' id='word_1_715' title='bbox 2771 4021 2999 4076; x_wconf 83' lang='lat' dir='ltr'><strong>unitatis</strong></span> <span class='ocrx_word' id='word_1_716' title='bbox 3056 4023 3402 4090; x_wconf 73' lang='lat' dir='ltr'><strong>substantiae,</strong></span> <span class='ocrx_word' id='word_1_717' title='bbox 3459 4034 3516 4079; x_wconf 88' lang='lat' dir='ltr'><strong>et</strong></span> 
     </span>
    </p>
   </div>
   <div class='ocr_carea' id='block_1_90' title="bbox 1948 4111 3526 4183">
    <p class='ocr_par' dir='ltr' id='par_1_90' title="bbox 1948 4111 3526 4183">
     <span class='ocr_line' id='line_1_90' title="bbox 1948 4111 3526 4183; baseline 0.003 -17"><span class='ocrx_word' id='word_1_718' title='bbox 1948 4111 2188 4175; x_wconf 89' lang='lat' dir='ltr'><strong>consilii,</strong></span> <span class='ocrx_word' id='word_1_719' title='bbox 2253 4111 2612 4181; x_wconf 86' lang='lat' dir='ltr'><strong>ejusdemque</strong></span> <span class='ocrx_word' id='word_1_720' title='bbox 2695 4111 2972 4182; x_wconf 89' lang='lat' dir='ltr'><strong>principii,</strong></span> <span class='ocrx_word' id='word_1_721' title='bbox 3059 4115 3394 4183; x_wconf 83' lang='lat' dir='ltr'><strong>Operationis</strong></span> <span class='ocrx_word' id='word_1_722' title='bbox 3467 4129 3526 4171; x_wconf 93' lang='lat' dir='ltr'><strong>et</strong></span> 
     </span>
    </p>
   </div>
   <div class='ocr_carea' id='block_1_91' title="bbox 1949 4202 3523 4276">
    <p class='ocr_par' dir='ltr' id='par_1_91' title="bbox 1949 4202 3523 4276">
     <span class='ocr_line' id='line_1_91' title="bbox 1949 4202 3523 4276; baseline 0.003 -19"><span class='ocrx_word' id='word_1_723' title='bbox 1949 4202 2252 4274; x_wconf 87' lang='lat' dir='ltr'><strong>potestatis.</strong></span> <span class='ocrx_word' id='word_1_724' title='bbox 2313 4203 2488 4258; x_wconf 76' lang='lat' dir='ltr'><strong>Verba</strong></span> <span class='ocrx_word' id='word_1_725' title='bbox 2535 4220 2549 4258; x_wconf 90' lang='lat'><strong>:</strong></span> <span class='ocrx_word' id='word_1_726' title='bbox 2615 4221 2634 4256; x_wconf 79' lang='grc' dir='ltr'><strong>ι</strong></span> <span class='ocrx_word' id='word_1_727' title='bbox 2703 4202 2910 4272; x_wconf 87' lang='lat' dir='ltr'><strong>Spiritu</strong></span> <span class='ocrx_word' id='word_1_728' title='bbox 2972 4205 3083 4261; x_wconf 86' lang='lat' dir='ltr'><strong>oris</strong></span> <span class='ocrx_word' id='word_1_729' title='bbox 3143 4206 3263 4274; x_wconf 86' lang='lat' dir='ltr'><strong>ejus</strong></span> <span class='ocrx_word' id='word_1_730' title='bbox 3312 4207 3405 4276; x_wconf 90' lang='lat' dir='ltr'><strong>qui</strong></span> <span class='ocrx_word' id='word_1_731' title='bbox 3455 4224 3523 4262; x_wconf 75' lang='lat' dir='ltr'><strong>ex</strong></span> 
     </span>
    </p>
   </div>
   <div class='ocr_carea' id='block_1_92' title="bbox 1953 4293 3522 4366">
    <p class='ocr_par' dir='ltr' id='par_1_92' title="bbox 1953 4293 3522 4366">
     <span class='ocr_line' id='line_1_92' title="bbox 1953 4293 3522 4366; baseline 0.003 -18"><span class='ocrx_word' id='word_1_732' title='bbox 1953 4293 2111 4349; x_wconf 86' lang='lat' dir='ltr'><strong>Patre</strong></span> <span class='ocrx_word' id='word_1_733' title='bbox 2141 4295 2410 4364; x_wconf 87' lang='lat' dir='ltr'><strong>procedit,</strong></span> <span class='ocrx_word' id='word_1_734' title='bbox 2449 4294 2684 4365; x_wconf 85' lang='lat' dir='ltr'><strong>Spiritus</strong></span> <span class='ocrx_word' id='word_1_735' title='bbox 2711 4297 2805 4366; x_wconf 87' lang='lat' dir='ltr'><strong>qui</strong></span> <span class='ocrx_word' id='word_1_736' title='bbox 2831 4311 2898 4350; x_wconf 81' lang='lat' dir='ltr'><strong>ex</strong></span> <span class='ocrx_word' id='word_1_737' title='bbox 2938 4296 3050 4352; x_wconf 87' lang='lat' dir='ltr'><strong>Deo</strong></span> <span class='ocrx_word' id='word_1_738' title='bbox 3079 4307 3183 4362; x_wconf 76' lang='grc' dir='ltr'><strong>εει,</strong></span> <span class='ocrx_word' id='word_1_739' title='bbox 3217 4315 3237 4348; x_wconf 81' lang='grc'>›</span> <span class='ocrx_word' id='word_1_740' title='bbox 3273 4314 3522 4366; x_wconf 89' lang='lat' dir='ltr'><strong>causam,</strong></span> 
     </span>
    </p>
   </div>
   <div class='ocr_carea' id='block_1_93' title="bbox 282 4387 1842 4470">
    <p class='ocr_par' dir='ltr' id='par_1_93' title="bbox 282 4387 1842 4470">
     <span class='ocr_line' id='line_1_93' title="bbox 282 4387 1842 4470; baseline -0.01 -16"><span class='ocrx_word' id='word_1_741' title='bbox 282 4409 342 4455; x_wconf 68' lang='lat' dir='ltr'><strong>ta</strong></span> <span class='ocrx_word' id='word_1_742' title='bbox 369 4407 478 4466; x_wconf 78' lang='grc' dir='ltr'><strong>τοῖς</strong></span> <span class='ocrx_word' id='word_1_743' title='bbox 503 4399 762 4470; x_wconf 82' lang='grc' dir='ltr'><strong>ἀγγέλοις</strong></span> <span class='ocrx_word' id='word_1_744' title='bbox 808 4397 865 4450; x_wconf 80' lang='grc' dir='ltr'><strong>δὲ</strong></span> <span class='ocrx_word' id='word_1_745' title='bbox 911 4394 1118 4464; x_wconf 68' lang='grc' dir='ltr'><strong>φρικτά</strong></span> <span class='ocrx_word' id='word_1_746' title='bbox 1142 4408 1200 4445; x_wconf 89' lang='grc' dir='ltr'><strong>τε</strong></span> <span class='ocrx_word' id='word_1_747' title='bbox 1232 4393 1325 4444; x_wconf 65' lang='grc' dir='ltr'><strong>καὶ</strong></span> <span class='ocrx_word' id='word_1_748' title='bbox 1353 4391 1608 4458; x_wconf 78' lang='grc' dir='ltr'><strong>ἄγνωστα</strong></span> <span class='ocrx_word' id='word_1_749' title='bbox 1638 4387 1724 4452; x_wconf 82' lang='grc' dir='ltr'><strong>διά</strong></span> <span class='ocrx_word' id='word_1_750' title='bbox 1753 4387 1842 4440; x_wconf 89' lang='grc' dir='ltr'><strong>τοῦ</strong></span> 
     </span>
    </p>
   </div>
   <div class='ocr_carea' id='block_1_94' title="bbox 1945 4387 3528 4470">
    <p class='ocr_par' dir='ltr' id='par_1_94' title="bbox 1955 4387 3528 4458">
     <span class='ocr_line' id='line_1_94' title="bbox 1955 4387 3528 4458; baseline 0.004 -18"><span class='ocrx_word' id='word_1_751' title='bbox 1955 4387 2160 4443; x_wconf 78' lang='lat' dir='ltr'><strong>fontem</strong></span> <span class='ocrx_word' id='word_1_752' title='bbox 2231 4403 2507 4456; x_wconf 89' lang='lat' dir='ltr'><strong>unumque</strong></span> <span class='ocrx_word' id='word_1_753' title='bbox 2553 4387 2732 4444; x_wconf 85' lang='lat' dir='ltr'><strong>Patris</strong></span> <span class='ocrx_word' id='word_1_754' title='bbox 2785 4388 3119 4458; x_wconf 89' lang='lat' dir='ltr'><strong>principium</strong></span> <span class='ocrx_word' id='word_1_755' title='bbox 3184 4388 3279 4458; x_wconf 88' lang='lat' dir='ltr'><strong>qui</strong></span> <span class='ocrx_word' id='word_1_756' title='bbox 3333 4403 3528 4446; x_wconf 86' lang='lat' dir='ltr'><strong>auctor</strong></span> 
     </span>
    </p>
   </div>
   <div class='ocr_carea' id='block_1_95' title="bbox 290 4477 1852 4563">
    <p class='ocr_par' dir='ltr' id='par_1_95' title="bbox 290 4477 1852 4563">
     <span class='ocr_line' id='line_1_95' title="bbox 290 4477 1852 4563; baseline -0.011 -17"><span class='ocrx_word' id='word_1_757' title='bbox 290 4494 597 4563; x_wconf 76' lang='grc' dir='ltr'><strong>Πνεύματος</strong></span> <span class='ocrx_word' id='word_1_758' title='bbox 636 4493 767 4562; x_wconf 78' lang='grc' dir='ltr'><strong>ἡμῖν</strong></span> <span class='ocrx_word' id='word_1_759' title='bbox 801 4486 1185 4554; x_wconf 68' lang='grc' dir='ltr'><strong>ἀπεκαλύφθη.</strong></span> <span class='ocrx_word' id='word_1_760' title='bbox 1211 4481 1422 4544; x_wconf 88' lang='grc' dir='ltr'><strong>Παῦλός</strong></span> <span class='ocrx_word' id='word_1_761' title='bbox 1445 4497 1667 4550; x_wconf 57' lang='lat' dir='ltr'><strong>«meum</strong></span> <span class='ocrx_word' id='word_1_762' title='bbox 1688 4477 1852 4548; x_wconf 84' lang='grc' dir='ltr'><strong>Ἥμῖν</strong></span> 
     </span>
    </p>
   </div>
   <div class='ocr_carea' id='block_1_96' title="bbox 287 4574 1852 4651">
    <p class='ocr_par' dir='ltr' id='par_1_96' title="bbox 287 4574 1852 4651">
     <span class='ocr_line' id='line_1_96' title="bbox 287 4574 1852 4651; baseline -0.01 -14"><span class='ocrx_word' id='word_1_763' title='bbox 287 4587 340 4638; x_wconf 69' lang='grc' dir='ltr'><strong>δὲ</strong></span> <span class='ocrx_word' id='word_1_764' title='bbox 360 4587 530 4641; x_wconf 83' lang='grc' dir='ltr'><strong>ταῦτα</strong></span> <span class='ocrx_word' id='word_1_765' title='bbox 560 4580 884 4651; x_wconf 69' lang='grc' dir='ltr'><strong>ἀπεκωωψε</strong></span> <span class='ocrx_word' id='word_1_766' title='bbox 910 4580 999 4632; x_wconf 82' lang='grc' dir='ltr'><strong>διά</strong></span> <span class='ocrx_word' id='word_1_767' title='bbox 1017 4575 1111 4631; x_wconf 88' lang='grc' dir='ltr'><strong>τοῦ</strong></span> <span class='ocrx_word' id='word_1_768' title='bbox 1133 4575 1505 4644; x_wconf 75' lang='grc' dir='ltr'><strong>Πνεύματος.»</strong></span> <span class='ocrx_word' id='word_1_769' title='bbox 1535 4574 1738 4626; x_wconf 75' lang='grc' dir='ltr'><strong>Λοιπὸν</strong></span> <span class='ocrx_word' id='word_1_770' title='bbox 1759 4586 1852 4639; x_wconf 80' lang='grc' dir='ltr'><strong>τη-</strong></span> 
     </span>
    </p>
   </div>
   <div class='ocr_carea' id='block_1_97' title="bbox 292 4661 1850 4747">
    <p class='ocr_par' dir='ltr' id='par_1_97' title="bbox 292 4661 1850 4747">
     <span class='ocr_line' id='line_1_97' title="bbox 292 4661 1850 4747; baseline -0.012 -14"><span class='ocrx_word' id='word_1_771' title='bbox 292 4678 463 4747; x_wconf 80' lang='grc' dir='ltr'><strong>ρῶμεν</strong></span> <span class='ocrx_word' id='word_1_772' title='bbox 512 4679 586 4731; x_wconf 75' lang='grc' dir='ltr'><strong>τὰ</strong></span> <span class='ocrx_word' id='word_1_773' title='bbox 629 4670 1091 4740; x_wconf 74' lang='grc' dir='ltr'><strong>ἀποκαλυφθέντα</strong></span> <span class='ocrx_word' id='word_1_774' title='bbox 1125 4671 1239 4731; x_wconf 81' lang='grc' dir='ltr'><strong>τοῖς</strong></span> <span class='ocrx_word' id='word_1_775' title='bbox 1287 4665 1485 4736; x_wconf 84' lang='grc' dir='ltr'><strong>ἀγίοις,</strong></span> <span class='ocrx_word' id='word_1_776' title='bbox 1518 4663 1614 4717; x_wconf 75' lang='grc' dir='ltr'><strong>καὶ</strong></span> <span class='ocrx_word' id='word_1_777' title='bbox 1650 4661 1728 4733; x_wconf 79' lang='grc' dir='ltr'><strong>μὴ</strong></span> <span class='ocrx_word' id='word_1_778' title='bbox 1781 4664 1850 4716; x_wconf 84' lang='grc' dir='ltr'><strong>τὰ</strong></span> 
     </span>
    </p>
   </div>
   <div class='ocr_carea' id='block_1_98' title="bbox 289 4754 1848 4841">
    <p class='ocr_par' dir='ltr' id='par_1_98' title="bbox 289 4754 1848 4841">
     <span class='ocr_line' id='line_1_98' title="bbox 289 4754 1848 4841; baseline -0.011 -18"><span class='ocrx_word' id='word_1_779' title='bbox 289 4774 521 4841; x_wconf 66' lang='grc' dir='ltr'><strong>ἡμέτερα</strong></span> <span class='ocrx_word' id='word_1_780' title='bbox 551 4766 1004 4838; x_wconf 81' lang='grc' dir='ltr'><strong>παρεισάγωμεν.</strong></span> <span class='ocrx_word' id='word_1_781' title='bbox 1033 4762 1106 4817; x_wconf 84' lang='grc' dir='ltr'>Τὸ</span> <span class='ocrx_word' id='word_1_782' title='bbox 1144 4758 1372 4830; x_wconf 88' lang='grc' dir='ltr'><strong>Πνεῦμα</strong></span> <span class='ocrx_word' id='word_1_783' title='bbox 1424 4758 1523 4828; x_wconf 81' lang='grc' dir='ltr'><strong>τῆς</strong></span> <span class='ocrx_word' id='word_1_784' title='bbox 1566 4754 1848 4825; x_wconf 77' lang='grc' dir='ltr'><strong>ἀληθείας,</strong></span> 
     </span>
    </p>
   </div>
   <div class='ocr_carea' id='block_1_99' title="bbox 290 4847 1850 4935">
    <p class='ocr_par' dir='ltr' id='par_1_99' title="bbox 290 4847 1850 4935">
     <span class='ocr_line' id='line_1_99' title="bbox 290 4847 1850 4935; baseline -0.01 -21"><span class='ocrx_word' id='word_1_785' title='bbox 290 4862 506 4935; x_wconf 87' lang='grc' dir='ltr'><strong>Πνεῦμα</strong></span> <span class='ocrx_word' id='word_1_786' title='bbox 553 4860 718 4926; x_wconf 84' lang='grc' dir='ltr'><strong>Θεοῦ,</strong></span> <span class='ocrx_word' id='word_1_787' title='bbox 768 4858 991 4928; x_wconf 85' lang='grc' dir='ltr'><strong>Πνεῦμα</strong></span> <span class='ocrx_word' id='word_1_788' title='bbox 1038 4857 1272 4921; x_wconf 80' lang='grc' dir='ltr'><strong>Πατρὸς,</strong></span> <span class='ocrx_word' id='word_1_789' title='bbox 1313 4851 1538 4920; x_wconf 88' lang='grc' dir='ltr'><strong>Πνεῦμα</strong></span> <span class='ocrx_word' id='word_1_790' title='bbox 1587 4847 1850 4920; x_wconf 84' lang='grc' dir='ltr'><strong>Χριστοῦ,</strong></span> 
     </span>
    </p>
   </div>
   <div class='ocr_carea' id='block_1_100' title="bbox 291 4940 1850 5025">
    <p class='ocr_par' dir='ltr' id='par_1_100' title="bbox 291 4940 1850 5025">
     <span class='ocr_line' id='line_1_100' title="bbox 291 4940 1850 5025; baseline -0.01 -19"><span class='ocrx_word' id='word_1_791' title='bbox 291 4955 510 5025; x_wconf 82' lang='grc' dir='ltr'><strong>Πνεῦμα</strong></span> <span class='ocrx_word' id='word_1_792' title='bbox 559 4953 658 5007; x_wconf 91' lang='grc' dir='ltr'><strong>τοῦ</strong></span> <span class='ocrx_word' id='word_1_793' title='bbox 691 4953 854 5017; x_wconf 67' lang='grc' dir='ltr'><strong>Υῑοῦ,</strong></span> <span class='ocrx_word' id='word_1_794' title='bbox 878 4949 1053 5011; x_wconf 79' lang='grc' dir='ltr'><strong>ταῦτα</strong></span> <span class='ocrx_word' id='word_1_795' title='bbox 1083 4947 1185 5017; x_wconf 81' lang='grc' dir='ltr'><strong>τῆς</strong></span> <span class='ocrx_word' id='word_1_796' title='bbox 1211 4967 1214 4970; x_wconf 53' lang='grc' dir='ltr'><strong>λ</strong></span> <span class='ocrx_word' id='word_1_797' title='bbox 1242 4943 1719 5017; x_wconf 74' lang='grc' dir='ltr'><strong>ὀμοουσιούτητος,</strong></span> <span class='ocrx_word' id='word_1_798' title='bbox 1754 4940 1850 5010; x_wconf 81' lang='grc' dir='ltr'><strong>τῆς</strong></span> 
     </span>
    </p>
   </div>
   <div class='ocr_carea' id='block_1_101' title="bbox 291 5032 1852 5116">
    <p class='ocr_par' dir='ltr' id='par_1_101' title="bbox 291 5032 1852 5116">
     <span class='ocr_line' id='line_1_101' title="bbox 291 5032 1852 5116; baseline -0.009 -18"><span class='ocrx_word' id='word_1_799' title='bbox 291 5047 632 5116; x_wconf 69' lang='grc' dir='ltr'><strong>ὀμώουλὶας,</strong></span> <span class='ocrx_word' id='word_1_800' title='bbox 656 5047 756 5115; x_wconf 78' lang='grc' dir='ltr'><strong>τῆς</strong></span> <span class='ocrx_word' id='word_1_801' title='bbox 792 5045 919 5113; x_wconf 81' lang='grc' dir='ltr'><strong>μιᾶς</strong></span> <span class='ocrx_word' id='word_1_802' title='bbox 949 5040 1122 5110; x_wconf 77' lang='grc' dir='ltr'><strong>ἀρχῆς</strong></span> <span class='ocrx_word' id='word_1_803' title='bbox 1148 5037 1246 5092; x_wconf 76' lang='grc' dir='ltr'><strong>καὶ</strong></span> <span class='ocrx_word' id='word_1_804' title='bbox 1267 5034 1551 5106; x_wconf 71' lang='grc' dir='ltr'><strong>ἐνεργείας</strong></span> <span class='ocrx_word' id='word_1_805' title='bbox 1580 5033 1676 5085; x_wconf 79' lang='grc' dir='ltr'><strong>καὶ</strong></span> <span class='ocrx_word' id='word_1_806' title='bbox 1693 5032 1852 5086; x_wconf 81' lang='grc' dir='ltr'><strong>δυνά-</strong></span> 
     </span>
    </p>
   </div>
   <div class='ocr_carea' id='block_1_102' title="bbox 295 5122 1852 5203">
    <p class='ocr_par' dir='ltr' id='par_1_102' title="bbox 295 5122 1852 5203">
     <span class='ocr_line' id='line_1_102' title="bbox 295 5122 1852 5203; baseline -0.01 -14"><span class='ocrx_word' id='word_1_807' title='bbox 295 5150 447 5202; x_wconf 81' lang='grc' dir='ltr'><strong>μεως.</strong></span> <span class='ocrx_word' id='word_1_808' title='bbox 477 5133 575 5203; x_wconf 81' lang='grc' dir='ltr'><strong>Τῷ</strong></span> <span class='ocrx_word' id='word_1_809' title='bbox 607 5131 890 5200; x_wconf 86' lang='grc' dir='ltr'><strong>Πνεύματι</strong></span> <span class='ocrx_word' id='word_1_810' title='bbox 911 5129 1016 5181; x_wconf 84' lang='grc' dir='ltr'><strong>τοῦ</strong></span> <span class='ocrx_word' id='word_1_811' title='bbox 1075 5128 1343 5195; x_wconf 83' lang='grc' dir='ltr'><strong>στόματος</strong></span> <span class='ocrx_word' id='word_1_812' title='bbox 1383 5123 1575 5184; x_wconf 74' lang='grc' dir='ltr'><strong>αὑτοῦ,</strong></span> <span class='ocrx_word' id='word_1_813' title='bbox 1621 5122 1652 5175; x_wconf 83' lang='lat'><strong>6</strong></span> <span class='ocrx_word' id='word_1_814' title='bbox 1702 5122 1852 5192; x_wconf 74' lang='grc' dir='ltr'><strong>ποιρά</strong></span> 
     </span>
    </p>
   </div>
   <div class='ocr_carea' id='block_1_103' title="bbox 292 5213 1848 5294">
    <p class='ocr_par' dir='ltr' id='par_1_103' title="bbox 292 5213 1848 5294">
     <span class='ocr_line' id='line_1_103' title="bbox 292 5213 1848 5294; baseline -0.008 -18"><span class='ocrx_word' id='word_1_815' title='bbox 292 5224 378 5278; x_wconf 87' lang='grc' dir='ltr'><strong>τοῦ</strong></span> <span class='ocrx_word' id='word_1_816' title='bbox 401 5224 618 5294; x_wconf 67' lang='grc' dir='ltr'><strong>Πατρεὺς</strong></span> <span class='ocrx_word' id='word_1_817' title='bbox 651 5221 1032 5292; x_wconf 77' lang='grc' dir='ltr'><strong>ἐκπορεύεται,</strong></span> <span class='ocrx_word' id='word_1_818' title='bbox 1057 5219 1114 5270; x_wconf 80' lang='grc' dir='ltr'><strong>τὸ</strong></span> <span class='ocrx_word' id='word_1_819' title='bbox 1134 5216 1353 5286; x_wconf 79' lang='grc' dir='ltr'><strong>Πνεῦμα</strong></span> <span class='ocrx_word' id='word_1_820' title='bbox 1383 5217 1442 5268; x_wconf 81' lang='grc' dir='ltr'><strong>τὸ</strong></span> <span class='ocrx_word' id='word_1_821' title='bbox 1470 5218 1534 5268; x_wconf 81' lang='grc' dir='ltr'><strong>ἐκ</strong></span> <span class='ocrx_word' id='word_1_822' title='bbox 1562 5214 1655 5266; x_wconf 86' lang='grc' dir='ltr'><strong>τοῦ</strong></span> <span class='ocrx_word' id='word_1_823' title='bbox 1687 5213 1848 5277; x_wconf 81' lang='grc' dir='ltr'><strong>Θεοῦ,</strong></span> 
     </span>
    </p>
   </div>
   <div class='ocr_carea' id='block_1_104' title="bbox 291 5304 1852 5385">
    <p class='ocr_par' dir='ltr' id='par_1_104' title="bbox 291 5304 1852 5385">
     <span class='ocr_line' id='line_1_104' title="bbox 291 5304 1852 5385; baseline -0.006 -19"><span class='ocrx_word' id='word_1_824' title='bbox 291 5315 452 5369; x_wconf 76' lang='grc' dir='ltr'><strong>ταῦτα</strong></span> <span class='ocrx_word' id='word_1_825' title='bbox 495 5316 602 5385; x_wconf 80' lang='grc' dir='ltr'><strong>τῆς</strong></span> <span class='ocrx_word' id='word_1_826' title='bbox 629 5315 805 5376; x_wconf 70' lang='grc' dir='ltr'><strong>αἰτίας</strong></span> <span class='ocrx_word' id='word_1_827' title='bbox 841 5314 935 5364; x_wconf 76' lang='grc' dir='ltr'><strong>καὶ</strong></span> <span class='ocrx_word' id='word_1_828' title='bbox 982 5311 1164 5378; x_wconf 75' lang='grc' dir='ltr'><strong>πηγῆς</strong></span> <span class='ocrx_word' id='word_1_829' title='bbox 1223 5311 1316 5362; x_wconf 80' lang='grc' dir='ltr'><strong>καὶ</strong></span> <span class='ocrx_word' id='word_1_830' title='bbox 1369 5310 1498 5378; x_wconf 75' lang='grc' dir='ltr'><strong>μιᾶς</strong></span> <span class='ocrx_word' id='word_1_831' title='bbox 1551 5306 1725 5376; x_wconf 80' lang='grc' dir='ltr'><strong>ἀρχῆς</strong></span> <span class='ocrx_word' id='word_1_832' title='bbox 1759 5304 1852 5358; x_wconf 78' lang='grc' dir='ltr'><strong>τοῦ</strong></span> 
     </span>
    </p>
   </div>
   <div class='ocr_carea' id='block_1_105' title="bbox 296 5397 1868 5474">
    <p class='ocr_par' dir='ltr' id='par_1_105' title="bbox 296 5397 1868 5474">
     <span class='ocr_line' id='line_1_105' title="bbox 296 5397 1868 5474; baseline -0.005 -19"><span class='ocrx_word' id='word_1_833' title='bbox 296 5403 516 5474; x_wconf 62' lang='grc' dir='ltr'><strong>Πατρὶς,</strong></span> <span class='ocrx_word' id='word_1_834' title='bbox 541 5406 604 5467; x_wconf 83' lang='grc' dir='ltr'><strong>ὃς</strong></span> <span class='ocrx_word' id='word_1_835' title='bbox 631 5406 800 5463; x_wconf 82' lang='grc' dir='ltr'><strong>αῐτιος</strong></span> <span class='ocrx_word' id='word_1_836' title='bbox 832 5407 924 5455; x_wconf 77' lang='grc' dir='ltr'><strong>καὶ</strong></span> <span class='ocrx_word' id='word_1_837' title='bbox 953 5401 1048 5453; x_wconf 86' lang='grc' dir='ltr'><strong>τοῦ</strong></span> <span class='ocrx_word' id='word_1_838' title='bbox 1081 5399 1212 5453; x_wconf 78' lang='grc' dir='ltr'><strong>Υἱοῦ</strong></span> <span class='ocrx_word' id='word_1_839' title='bbox 1247 5398 1341 5451; x_wconf 70' lang='grc' dir='ltr'><strong>καὶ</strong></span> <span class='ocrx_word' id='word_1_840' title='bbox 1383 5398 1475 5449; x_wconf 86' lang='grc' dir='ltr'><strong>τοῦ</strong></span> <span class='ocrx_word' id='word_1_841' title='bbox 1509 5397 1868 5466; x_wconf 84' lang='grc' dir='ltr'><strong>Πνεύματος..</strong></span> 
     </span>
    </p>
   </div>
   <div class='ocr_carea' id='block_1_106' title="bbox 304 5489 1852 5567">
    <p class='ocr_par' dir='ltr' id='par_1_106' title="bbox 304 5489 1852 5567">
     <span class='ocr_line' id='line_1_106' title="bbox 304 5489 1852 5567; baseline -0.006 -17"><span class='ocrx_word' id='word_1_842' title='bbox 304 5497 447 5551; x_wconf 67' lang='grc' dir='ltr'><strong>Ἐπεὶ</strong></span> <span class='ocrx_word' id='word_1_843' title='bbox 487 5499 587 5550; x_wconf 67' lang='grc' dir='ltr'><strong>καὶ</strong></span> <span class='ocrx_word' id='word_1_844' title='bbox 629 5497 873 5567; x_wconf 74' lang='grc' dir='ltr'><strong>περὶτοῦ</strong></span> <span class='ocrx_word' id='word_1_845' title='bbox 911 5496 1035 5547; x_wconf 74' lang='grc' dir='ltr'><strong>Υἱοῦ</strong></span> <span class='ocrx_word' id='word_1_846' title='bbox 1067 5497 1400 5562; x_wconf 75' lang='grc' dir='ltr'><strong>γέγραπται,</strong></span> <span class='ocrx_word' id='word_1_847' title='bbox 1437 5511 1454 5541; x_wconf 76' lang='grc' dir='ltr'><strong>ι</strong></span> <span class='ocrx_word' id='word_1_848' title='bbox 1514 5489 1653 5559; x_wconf 69' lang='grc' dir='ltr'><strong>Ἐγὼ</strong></span> <span class='ocrx_word' id='word_1_849' title='bbox 1703 5489 1797 5542; x_wconf 68' lang='grc' dir='ltr'><strong>καὶ</strong></span> <span class='ocrx_word' id='word_1_850' title='bbox 1826 5491 1852 5541; x_wconf 90' lang='lat'><strong>6</strong></span> 
     </span>
    </p>
   </div>
   <div class='ocr_carea' id='block_1_107' title="bbox 299 5583 1851 5658">
    <p class='ocr_par' dir='ltr' id='par_1_107' title="bbox 299 5583 1851 5658">
     <span class='ocr_line' id='line_1_107' title="bbox 299 5583 1851 5658; baseline -0.005 -20"><span class='ocrx_word' id='word_1_851' title='bbox 299 5587 474 5658; x_wconf 75' lang='grc' dir='ltr'><strong>Πατὴρ</strong></span> <span class='ocrx_word' id='word_1_852' title='bbox 507 5588 570 5640; x_wconf 82' lang='grc' dir='ltr'><strong>’ἐν</strong></span> <span class='ocrx_word' id='word_1_853' title='bbox 598 5591 784 5657; x_wconf 72' lang='grc' dir='ltr'><strong>ἐσμεν.</strong></span> <span class='ocrx_word' id='word_1_854' title='bbox 830 5587 887 5639; x_wconf 85' lang='lat'><strong>&#39;0</strong></span> <span class='ocrx_word' id='word_1_855' title='bbox 918 5586 1176 5656; x_wconf 84' lang='grc' dir='ltr'><strong>ἐωρακὼ,</strong></span> <span class='ocrx_word' id='word_1_856' title='bbox 1210 5583 1335 5652; x_wconf 80' lang='grc' dir='ltr'><strong>ἐμὲ,</strong></span> <span class='ocrx_word' id='word_1_857' title='bbox 1372 5583 1583 5651; x_wconf 77' lang='grc' dir='ltr'><strong>ἑώρακε</strong></span> <span class='ocrx_word' id='word_1_858' title='bbox 1613 5583 1704 5633; x_wconf 81' lang='grc' dir='ltr'><strong>τὸν</strong></span> <span class='ocrx_word' id='word_1_859' title='bbox 1746 5584 1851 5633; x_wconf 88' lang='lat' dir='ltr'><strong>lla-</strong></span> 
     </span>
    </p>
   </div>
   <div class='ocr_carea' id='block_1_108' title="bbox 298 5676 1884 5749">
    <p class='ocr_par' dir='ltr' id='par_1_108' title="bbox 298 5676 1884 5749">
     <span class='ocr_line' id='line_1_108' title="bbox 298 5676 1884 5749; baseline -0.006 -14"><span class='ocrx_word' id='word_1_860' title='bbox 298 5681 440 5746; x_wconf 68' lang='grc' dir='ltr'><strong>τέρα.</strong></span> <span class='ocrx_word' id='word_1_861' title='bbox 477 5682 664 5735; x_wconf 71' lang='grc' dir='ltr'><strong>Πάντα</strong></span> <span class='ocrx_word' id='word_1_862' title='bbox 693 5681 790 5736; x_wconf 79' lang='grc' dir='ltr'><strong>ὅσα</strong></span> <span class='ocrx_word' id='word_1_863' title='bbox 820 5680 932 5749; x_wconf 75' lang='grc' dir='ltr'><strong>ἔχει</strong></span> <span class='ocrx_word' id='word_1_864' title='bbox 957 5682 998 5742; x_wconf 54' lang='grc' dir='ltr'><strong>,ὁ</strong></span> <span class='ocrx_word' id='word_1_865' title='bbox 1028 5680 1212 5748; x_wconf 63' lang='grc' dir='ltr'><strong>Πατὴρ</strong></span> <span class='ocrx_word' id='word_1_866' title='bbox 1240 5678 1348 5746; x_wconf 67' lang='grc' dir='ltr'><strong>ἐμά</strong></span> <span class='ocrx_word' id='word_1_867' title='bbox 1381 5678 1518 5728; x_wconf 76' lang='grc' dir='ltr'><strong>ἐστι.</strong></span> <span class='ocrx_word' id='word_1_868' title='bbox 1568 5676 1750 5727; x_wconf 70' lang='grc' dir='ltr'><strong>Πάντα</strong></span> <span class='ocrx_word' id='word_1_869' title='bbox 1786 5676 1884 5726; x_wconf 70' lang='grc' dir='ltr'><strong>τὰ·</strong></span> 
     </span>
    </p>
   </div>
   <div class='ocr_carea' id='block_1_109' title="bbox 1953 4478 3534 4557">
    <p class='ocr_par' dir='ltr' id='par_1_109' title="bbox 1953 4478 3534 4557">
     <span class='ocr_line' id='line_1_109' title="bbox 1953 4478 3534 4557; baseline 0 -22"><span class='ocrx_word' id='word_1_870' title='bbox 1953 4492 2036 4535; x_wconf 82' lang='grc' dir='ltr'><strong>εει</strong></span> <span class='ocrx_word' id='word_1_871' title='bbox 2072 4478 2191 4534; x_wconf 87' lang='lat' dir='ltr'><strong>Filii</strong></span> <span class='ocrx_word' id='word_1_872' title='bbox 2219 4489 2273 4533; x_wconf 90' lang='lat' dir='ltr'><strong>et</strong></span> <span class='ocrx_word' id='word_1_873' title='bbox 2304 4479 2538 4548; x_wconf 88' lang='lat' dir='ltr'><strong>Spiritus</strong></span> <span class='ocrx_word' id='word_1_874' title='bbox 2561 4480 2867 4548; x_wconf 71' lang='lat' dir='ltr'><strong>exhibent;</strong></span> <span class='ocrx_word' id='word_1_875' title='bbox 2894 4481 3015 4535; x_wconf 87' lang='lat' dir='ltr'><strong>ideo</strong></span> <span class='ocrx_word' id='word_1_876' title='bbox 3044 4479 3118 4557; x_wconf 77' lang='lat' dir='ltr'><strong>de</strong></span> <span class='ocrx_word' id='word_1_877' title='bbox 3161 4479 3301 4535; x_wconf 81' lang='lat' dir='ltr'><strong>Filio</strong></span> <span class='ocrx_word' id='word_1_878' title='bbox 3348 4483 3534 4552; x_wconf 71' lang='lat' dir='ltr'><strong>scrip-</strong></span> 
     </span>
    </p>
   </div>
   <div class='ocr_carea' id='block_1_110' title="bbox 1954 4570 3529 4641">
    <p class='ocr_par' dir='ltr' id='par_1_110' title="bbox 1954 4570 3529 4641">
     <span class='ocr_line' id='line_1_110' title="bbox 1954 4570 3529 4641; baseline 0.002 -15"><span class='ocrx_word' id='word_1_879' title='bbox 1954 4583 2067 4627; x_wconf 88' lang='lat' dir='ltr'><strong>tum</strong></span> <span class='ocrx_word' id='word_1_880' title='bbox 2101 4581 2184 4626; x_wconf 89' lang='lat' dir='ltr'><strong>est</strong></span> <span class='ocrx_word' id='word_1_881' title='bbox 2214 4588 2228 4625; x_wconf 90' lang='lat'><strong>:</strong></span> <span class='ocrx_word' id='word_1_882' title='bbox 2268 4589 2286 4622; x_wconf 74' lang='grc' dir='ltr'><strong>ι</strong></span> <span class='ocrx_word' id='word_1_883' title='bbox 2343 4570 2458 4641; x_wconf 73' lang='lat' dir='ltr'><strong>Ego</strong></span> <span class='ocrx_word' id='word_1_884' title='bbox 2484 4582 2539 4628; x_wconf 87' lang='lat' dir='ltr'><strong>et</strong></span> <span class='ocrx_word' id='word_1_885' title='bbox 2589 4570 2754 4627; x_wconf 90' lang='lat' dir='ltr'><strong>Pater</strong></span> <span class='ocrx_word' id='word_1_886' title='bbox 2788 4587 2954 4626; x_wconf 88' lang='lat' dir='ltr'><strong>unum</strong></span> <span class='ocrx_word' id='word_1_887' title='bbox 2989 4588 3220 4638; x_wconf 82' lang='lat' dir='ltr'><strong>smnus;</strong></span> <span class='ocrx_word' id='word_1_888' title='bbox 3259 4573 3359 4640; x_wconf 86' lang='lat' dir='ltr'><strong>Qui</strong></span> <span class='ocrx_word' id='word_1_889' title='bbox 3383 4574 3529 4629; x_wconf 82' lang='lat' dir='ltr'><strong>videt</strong></span> 
     </span>
    </p>
   </div>
   <div class='ocr_carea' id='block_1_111' title="bbox 1955 4660 3527 4733">
    <p class='ocr_par' dir='ltr' id='par_1_111' title="bbox 1955 4660 3527 4733">
     <span class='ocr_line' id='line_1_111' title="bbox 1955 4660 3527 4733; baseline 0 -15"><span class='ocrx_word' id='word_1_890' title='bbox 1955 4679 2040 4718; x_wconf 93' lang='lat' dir='ltr'><strong>me</strong></span> <span class='ocrx_word' id='word_1_891' title='bbox 2069 4663 2214 4717; x_wconf 90' lang='lat' dir='ltr'><strong>videt</strong></span> <span class='ocrx_word' id='word_1_892' title='bbox 2235 4671 2290 4717; x_wconf 93' lang='lat' dir='ltr'><strong>et</strong></span> <span class='ocrx_word' id='word_1_893' title='bbox 2311 4662 2523 4716; x_wconf 85' lang='lat' dir='ltr'><strong>Patrem</strong></span> <span class='ocrx_word' id='word_1_894' title='bbox 2542 4678 2563 4732; x_wconf 84' lang='lat'><strong>;</strong></span> <span class='ocrx_word' id='word_1_895' title='bbox 2583 4660 2776 4717; x_wconf 87' lang='lat' dir='ltr'><strong>Omnia</strong></span> <span class='ocrx_word' id='word_1_896' title='bbox 2806 4677 3146 4733; x_wconf 65' lang='lat' dir='ltr'><strong>quaecunque</strong></span> <span class='ocrx_word' id='word_1_897' title='bbox 3179 4663 3340 4718; x_wconf 88' lang='lat' dir='ltr'><strong>habet</strong></span> <span class='ocrx_word' id='word_1_898' title='bbox 3362 4663 3527 4718; x_wconf 88' lang='lat' dir='ltr'><strong>Pater</strong></span> 
     </span>
    </p>
   </div>
   <div class='ocr_carea' id='block_1_112' title="bbox 1953 4752 3518 4828">
    <p class='ocr_par' dir='ltr' id='par_1_112' title="bbox 1953 4752 3518 4828">
     <span class='ocr_line' id='line_1_112' title="bbox 1953 4752 3518 4828; baseline -0.001 -19"><span class='ocrx_word' id='word_1_899' title='bbox 1953 4771 2073 4810; x_wconf 86' lang='lat' dir='ltr'><strong>mea</strong></span> <span class='ocrx_word' id='word_1_900' title='bbox 2106 4764 2270 4820; x_wconf 85' lang='lat' dir='ltr'><strong>sunt;</strong></span> <span class='ocrx_word' id='word_1_901' title='bbox 2304 4752 2497 4807; x_wconf 86' lang='lat' dir='ltr'><strong>Omnia</strong></span> <span class='ocrx_word' id='word_1_902' title='bbox 2523 4763 2614 4807; x_wconf 89' lang='lat' dir='ltr'><strong>tua</strong></span> <span class='ocrx_word' id='word_1_903' title='bbox 2656 4769 2776 4809; x_wconf 86' lang='lat' dir='ltr'><strong>mea</strong></span> <span class='ocrx_word' id='word_1_904' title='bbox 2809 4765 2964 4828; x_wconf 71' lang='lat' dir='ltr'><strong>sunt,</strong></span> <span class='ocrx_word' id='word_1_905' title='bbox 2988 4763 3042 4808; x_wconf 91' lang='lat' dir='ltr'><strong>et</strong></span> <span class='ocrx_word' id='word_1_906' title='bbox 3073 4771 3190 4808; x_wconf 86' lang='lat' dir='ltr'><strong>mea</strong></span> <span class='ocrx_word' id='word_1_907' title='bbox 3229 4764 3318 4808; x_wconf 90' lang='lat' dir='ltr'><strong>tua</strong></span> <span class='ocrx_word' id='word_1_908' title='bbox 3346 4765 3471 4808; x_wconf 88' lang='lat' dir='ltr'><strong>sunt</strong></span> <span class='ocrx_word' id='word_1_909' title='bbox 3499 4795 3518 4822; x_wconf 87' lang='lat'><strong>,</strong></span> 
     </span>
    </p>
   </div>
   <div class='ocr_carea' id='block_1_113' title="bbox 1954 4845 3526 4914">
    <p class='ocr_par' dir='ltr' id='par_1_113' title="bbox 1954 4845 3526 4914">
     <span class='ocr_line' id='line_1_113' title="bbox 1954 4845 3526 4914; baseline -0.001 -13"><span class='ocrx_word' id='word_1_910' title='bbox 1954 4848 2111 4902; x_wconf 87' lang='lat' dir='ltr'><strong>Sicut</strong></span> <span class='ocrx_word' id='word_1_911' title='bbox 2129 4846 2288 4902; x_wconf 85' lang='lat' dir='ltr'><strong>Pater</strong></span> <span class='ocrx_word' id='word_1_912' title='bbox 2315 4847 2605 4902; x_wconf 85' lang='lat' dir='ltr'><strong>resuscitat</strong></span> <span class='ocrx_word' id='word_1_913' title='bbox 2632 4858 2889 4902; x_wconf 87' lang='lat' dir='ltr'><strong>mortuos.</strong></span> <span class='ocrx_word' id='word_1_914' title='bbox 2920 4858 2974 4904; x_wconf 90' lang='lat' dir='ltr'><strong>et</strong></span> <span class='ocrx_word' id='word_1_915' title='bbox 3031 4846 3292 4914; x_wconf 82' lang='lat' dir='ltr'><strong>viviﬁcat,</strong></span> <span class='ocrx_word' id='word_1_916' title='bbox 3327 4849 3400 4902; x_wconf 90' lang='lat' dir='ltr'><strong>ita</strong></span> <span class='ocrx_word' id='word_1_917' title='bbox 3436 4845 3526 4901; x_wconf 82' lang='lat' dir='ltr'><strong>Fi-</strong></span> 
     </span>
    </p>
   </div>
   <div class='ocr_carea' id='block_1_114' title="bbox 1951 4935 3527 5006">
    <p class='ocr_par' dir='ltr' id='par_1_114' title="bbox 1951 4935 3527 5006">
     <span class='ocr_line' id='line_1_114' title="bbox 1951 4935 3527 5006; baseline -0.001 -15"><span class='ocrx_word' id='word_1_918' title='bbox 1951 4937 2058 4991; x_wconf 83' lang='lat' dir='ltr'><strong>lius</strong></span> <span class='ocrx_word' id='word_1_919' title='bbox 2085 4953 2226 5006; x_wconf 87' lang='lat' dir='ltr'><strong>quos</strong></span> <span class='ocrx_word' id='word_1_920' title='bbox 2253 4936 2367 4991; x_wconf 90' lang='lat' dir='ltr'><strong>vult</strong></span> <span class='ocrx_word' id='word_1_921' title='bbox 2393 4937 2651 5003; x_wconf 68' lang='lat' dir='ltr'><strong>virilicat,</strong></span> <span class='ocrx_word' id='word_1_922' title='bbox 2685 4955 2703 4988; x_wconf 76' lang='grc' dir='ltr'><strong>ι</strong></span> <span class='ocrx_word' id='word_1_923' title='bbox 2741 4944 2801 4990; x_wconf 89' lang='lat' dir='ltr'><strong>et</strong></span> <span class='ocrx_word' id='word_1_924' title='bbox 2833 4936 3056 5000; x_wconf 86' lang='lat' dir='ltr'><strong>similia,</strong></span> <span class='ocrx_word' id='word_1_925' title='bbox 3087 4937 3290 5005; x_wconf 87' lang='lat' dir='ltr'><strong>quibus</strong></span> <span class='ocrx_word' id='word_1_926' title='bbox 3341 4935 3527 4990; x_wconf 83' lang='lat' dir='ltr'><strong>unitas</strong></span> 
     </span>
    </p>
   </div>
   <div class='ocr_carea' id='block_1_115' title="bbox 1955 5023 3524 5097">
    <p class='ocr_par' dir='ltr' id='par_1_115' title="bbox 1955 5023 3524 5097">
     <span class='ocr_line' id='line_1_115' title="bbox 1955 5023 3524 5097; baseline -0.003 -15"><span class='ocrx_word' id='word_1_927' title='bbox 1955 5039 2160 5083; x_wconf 74' lang='lat' dir='ltr'><strong>natura:</strong></span> <span class='ocrx_word' id='word_1_928' title='bbox 2210 5038 2264 5083; x_wconf 89' lang='lat' dir='ltr'><strong>et</strong></span> <span class='ocrx_word' id='word_1_929' title='bbox 2310 5026 2564 5097; x_wconf 57' lang='lat' dir='ltr'><strong>potentia;</strong></span> <span class='ocrx_word' id='word_1_930' title='bbox 2614 5035 2779 5096; x_wconf 79' lang='lat' dir='ltr'><strong>atque</strong></span> <span class='ocrx_word' id='word_1_931' title='bbox 2816 5026 3113 5082; x_wconf 74' lang='lat' dir='ltr'><strong>eonsnliiet</strong></span> <span class='ocrx_word' id='word_1_932' title='bbox 3167 5023 3524 5078; x_wconf 70' lang='lat' dir='ltr'><strong>individuiias</strong></span> 
     </span>
    </p>
   </div>
   <div class='ocr_carea' id='block_1_116' title="bbox 1957 5111 3521 5186">
    <p class='ocr_par' dir='ltr' id='par_1_116' title="bbox 1957 5111 3521 5186">
     <span class='ocr_line' id='line_1_116' title="bbox 1957 5111 3521 5186; baseline -0.006 -13"><span class='ocrx_word' id='word_1_933' title='bbox 1957 5129 2313 5174; x_wconf 86' lang='lat' dir='ltr'><strong>monstratur.</strong></span> <span class='ocrx_word' id='word_1_934' title='bbox 2341 5118 2404 5171; x_wconf 85' lang='lat' dir='ltr'><strong>Et</strong></span> <span class='ocrx_word' id='word_1_935' title='bbox 2443 5133 2668 5173; x_wconf 83' lang='lat' dir='ltr'><strong>rursus:</strong></span> <span class='ocrx_word' id='word_1_936' title='bbox 2706 5137 2723 5170; x_wconf 72' lang='grc' dir='ltr'><strong>ι</strong></span> <span class='ocrx_word' id='word_1_937' title='bbox 2748 5118 2803 5172; x_wconf 90' lang='lat' dir='ltr'><strong>ln</strong></span> <span class='ocrx_word' id='word_1_938' title='bbox 2835 5116 3100 5186; x_wconf 89' lang='lat' dir='ltr'><strong>principio</strong></span> <span class='ocrx_word' id='word_1_939' title='bbox 3123 5126 3238 5168; x_wconf 85' lang='lat' dir='ltr'><strong>erat</strong></span> <span class='ocrx_word' id='word_1_940' title='bbox 3258 5111 3521 5184; x_wconf 73' lang='lat' dir='ltr'><strong>Verbum,</strong></span> 
     </span>
    </p>
   </div>
   <div class='ocr_carea' id='block_1_117' title="bbox 1955 5207 3524 5282">
    <p class='ocr_par' dir='ltr' id='par_1_117' title="bbox 1955 5207 3524 5282">
     <span class='ocr_line' id='line_1_117' title="bbox 1955 5207 3524 5282; baseline -0.004 -14"><span class='ocrx_word' id='word_1_941' title='bbox 1955 5224 2008 5271; x_wconf 91' lang='lat' dir='ltr'><strong>et</strong></span> <span class='ocrx_word' id='word_1_942' title='bbox 2048 5214 2282 5267; x_wconf 80' lang='lat' dir='ltr'><strong>Verbqu</strong></span> <span class='ocrx_word' id='word_1_943' title='bbox 2339 5224 2459 5266; x_wconf 86' lang='lat' dir='ltr'><strong>erat</strong></span> <span class='ocrx_word' id='word_1_944' title='bbox 2497 5212 2550 5266; x_wconf 92' lang='lat' dir='ltr'><strong>in</strong></span> <span class='ocrx_word' id='word_1_945' title='bbox 2599 5212 2868 5282; x_wconf 89' lang='lat' dir='ltr'><strong>principio</strong></span> <span class='ocrx_word' id='word_1_946' title='bbox 2895 5210 3034 5278; x_wconf 88' lang='lat' dir='ltr'><strong>apud</strong></span> <span class='ocrx_word' id='word_1_947' title='bbox 3074 5208 3263 5271; x_wconf 82' lang='lat' dir='ltr'><strong>Deum,</strong></span> <span class='ocrx_word' id='word_1_948' title='bbox 3293 5217 3346 5261; x_wconf 90' lang='lat' dir='ltr'><strong>et</strong></span> <span class='ocrx_word' id='word_1_949' title='bbox 3379 5207 3524 5261; x_wconf 86' lang='lat' dir='ltr'><strong>Deus</strong></span> 
     </span>
    </p>
   </div>
   <div class='ocr_carea' id='block_1_118' title="bbox 1955 5295 3528 5370">
    <p class='ocr_par' dir='ltr' id='par_1_118' title="bbox 1955 5295 3528 5370">
     <span class='ocr_line' id='line_1_118' title="bbox 1955 5295 3528 5370; baseline -0.004 -11"><span class='ocrx_word' id='word_1_950' title='bbox 1955 5312 2071 5359; x_wconf 85' lang='lat' dir='ltr'><strong>erat</strong></span> <span class='ocrx_word' id='word_1_951' title='bbox 2100 5301 2371 5370; x_wconf 78' lang='lat' dir='ltr'><strong>Verbum;</strong></span> <span class='ocrx_word' id='word_1_952' title='bbox 2402 5321 2420 5354; x_wconf 74' lang='grc' dir='ltr'><strong>ι</strong></span> <span class='ocrx_word' id='word_1_953' title='bbox 2461 5319 2670 5357; x_wconf 85' lang='lat' dir='ltr'><strong>necnon</strong></span> <span class='ocrx_word' id='word_1_954' title='bbox 2691 5315 2884 5356; x_wconf 83' lang='lat' dir='ltr'><strong>voces:</strong></span> <span class='ocrx_word' id='word_1_955' title='bbox 2915 5318 2932 5350; x_wconf 78' lang='grc' dir='ltr'><strong>ι</strong></span> <span class='ocrx_word' id='word_1_956' title='bbox 2963 5299 3144 5363; x_wconf 69' lang='lat' dir='ltr'><strong>Pater,</strong></span> <span class='ocrx_word' id='word_1_957' title='bbox 3173 5295 3528 5366; x_wconf 75' lang='lat' dir='ltr'><strong>Unigenitus,</strong></span> 
     </span>
    </p>
   </div>
   <div class='ocr_carea' id='block_1_119' title="bbox 1955 5390 3516 5461">
    <p class='ocr_par' dir='ltr' id='par_1_119' title="bbox 1955 5390 3516 5461">
     <span class='ocr_line' id='line_1_119' title="bbox 1955 5390 3516 5461; baseline -0.001 -12"><span class='ocrx_word' id='word_1_958' title='bbox 1955 5396 2055 5461; x_wconf 82' lang='lat' dir='ltr'><strong>Qui</strong></span> <span class='ocrx_word' id='word_1_959' title='bbox 2089 5405 2165 5448; x_wconf 73' lang='lat' dir='ltr'><strong>est</strong></span> <span class='ocrx_word' id='word_1_960' title='bbox 2207 5395 2259 5447; x_wconf 92' lang='lat' dir='ltr'><strong>in</strong></span> <span class='ocrx_word' id='word_1_961' title='bbox 2287 5395 2407 5447; x_wconf 89' lang='lat' dir='ltr'><strong>sinu</strong></span> <span class='ocrx_word' id='word_1_962' title='bbox 2450 5394 2647 5455; x_wconf 84' lang='lat' dir='ltr'><strong>Patris,</strong></span> <span class='ocrx_word' id='word_1_963' title='bbox 2685 5392 2789 5458; x_wconf 85' lang='lat' dir='ltr'><strong>Qui</strong></span> <span class='ocrx_word' id='word_1_964' title='bbox 2834 5402 2919 5445; x_wconf 88' lang='lat' dir='ltr'><strong>est</strong></span> <span class='ocrx_word' id='word_1_965' title='bbox 2950 5390 3207 5460; x_wconf 85' lang='lat' dir='ltr'><strong>splendor</strong></span> <span class='ocrx_word' id='word_1_966' title='bbox 3242 5390 3453 5460; x_wconf 70' lang='lat' dir='ltr'><strong>gIOI&#39;iiP,</strong></span> <span class='ocrx_word' id='word_1_967' title='bbox 3495 5409 3516 5447; x_wconf 71' lang='grc' dir='ltr'><strong>ι</strong></span> 
     </span>
    </p>
   </div>
   <div class='ocr_carea' id='block_1_120' title="bbox 1956 5484 3528 5541">
    <p class='ocr_par' dir='ltr' id='par_1_120' title="bbox 1956 5484 3528 5541">
     <span class='ocr_line' id='line_1_120' title="bbox 1956 5484 3528 5541; baseline -0.005 0"><span class='ocrx_word' id='word_1_968' title='bbox 1956 5488 2069 5541; x_wconf 75' lang='lat' dir='ltr'><strong>hn-e</strong></span> <span class='ocrx_word' id='word_1_969' title='bbox 2103 5487 2284 5538; x_wconf 83' lang='lat' dir='ltr'><strong>uinnia</strong></span> <span class='ocrx_word' id='word_1_970' title='bbox 2331 5485 2528 5538; x_wconf 80' lang='lat' dir='ltr'><strong>Filium</strong></span> <span class='ocrx_word' id='word_1_971' title='bbox 2571 5501 2690 5538; x_wconf 77' lang='lat' dir='ltr'><strong>eSse</strong></span> <span class='ocrx_word' id='word_1_972' title='bbox 2730 5484 3250 5537; x_wconf 69' lang='lat' dir='ltr'><strong>consubstautalem</strong></span> <span class='ocrx_word' id='word_1_973' title='bbox 3301 5485 3528 5536; x_wconf 80' lang='lat' dir='ltr'><strong>demon-</strong></span> 
     </span>
    </p>
   </div>
   <div class='ocr_carea' id='block_1_121' title="bbox 1955 5573 3532 5648">
    <p class='ocr_par' dir='ltr' id='par_1_121' title="bbox 1955 5573 3532 5648">
     <span class='ocr_line' id='line_1_121' title="bbox 1955 5573 3532 5648; baseline -0.007 -13"><span class='ocrx_word' id='word_1_974' title='bbox 1955 5579 2622 5648; x_wconf 84' lang='lat' dir='ltr'><strong>strant,quemadmodum</strong></span> <span class='ocrx_word' id='word_1_975' title='bbox 2654 5578 2753 5631; x_wconf 74' lang='lat' dir='ltr'><strong>ista</strong></span> <span class='ocrx_word' id='word_1_976' title='bbox 2785 5593 2975 5631; x_wconf 79' lang='lat' dir='ltr'><strong>rut-sus</strong></span> <span class='ocrx_word' id='word_1_977' title='bbox 3017 5578 3085 5630; x_wconf 90' lang='lat' dir='ltr'><strong>de</strong></span> <span class='ocrx_word' id='word_1_978' title='bbox 3124 5573 3327 5644; x_wconf 66' lang='lat' dir='ltr'><strong>Spiritu</strong></span> <span class='ocrx_word' id='word_1_979' title='bbox 3360 5575 3532 5640; x_wconf 75' lang='lat' dir='ltr'><strong>dicta,</strong></span> 
     </span>
    </p>
   </div>
   <div class='ocr_carea' id='block_1_122' title="bbox 1964 5664 3528 5742">
    <p class='ocr_par' dir='ltr' id='par_1_122' title="bbox 1964 5664 3528 5742">
     <span class='ocr_line' id='line_1_122' title="bbox 1964 5664 3528 5742; baseline -0.004 -17"><span class='ocrx_word' id='word_1_980' title='bbox 1964 5692 1982 5725; x_wconf 77' lang='grc' dir='ltr'><strong>ι</strong></span> <span class='ocrx_word' id='word_1_981' title='bbox 2018 5673 2096 5727; x_wconf 73' lang='lat' dir='ltr'><strong>Ex</strong></span> <span class='ocrx_word' id='word_1_982' title='bbox 2137 5690 2220 5727; x_wconf 88' lang='lat' dir='ltr'><strong>tne</strong></span> <span class='ocrx_word' id='word_1_983' title='bbox 2261 5671 2522 5742; x_wconf 83' lang='lat' dir='ltr'><strong>accipiet,</strong></span> <span class='ocrx_word' id='word_1_984' title='bbox 2552 5680 2602 5725; x_wconf 91' lang='lat' dir='ltr'><strong>et</strong></span> <span class='ocrx_word' id='word_1_985' title='bbox 2643 5670 2987 5724; x_wconf 79' lang='lat' dir='ltr'><strong>annuntiabit</strong></span> <span class='ocrx_word' id='word_1_986' title='bbox 3021 5668 3194 5734; x_wconf 58' lang='lat' dir='ltr'><strong>vobis,</strong></span> <span class='ocrx_word' id='word_1_987' title='bbox 3225 5684 3242 5718; x_wconf 76' lang='grc' dir='ltr'><strong>ι</strong></span> <span class='ocrx_word' id='word_1_988' title='bbox 3265 5664 3528 5719; x_wconf 74' lang='lat' dir='ltr'><strong>“iudicant</strong></span> 
     </span>
    </p>
   </div>
  </div>
