4040 6202
418 147 434 176 Ι

444 285 539 350 ιδι

1287 255 1680 339 'SYMEONIS
1707 263 2469 331 THESSALONICENSIS
2508 257 2868 323 ARCIIIEP.

3607 240 3719 317 με

435 417 561 457 eum
619 381 888 455 révelasse
947 406 1001 450 et
1037 409 1133 449 nos
1189 392 1466 448 docuisse.
1509 406 1528 441 ι
1563 387 1690 442 Haie
1716 386 1886 447 enim,
1941 383 2066 444 ait}

2161 381 2234 450 μά
2266 379 2334 432 σά
2354 384 2494 442 ἐστι,
2528 377 2713 430 καὶτὰ
2739 376 2807 430 σὰ
2839 373 2968 444 ἐμά.
2993 373 3213 442 Ὥσπερ
3235 371 3262 424 ὁ
3287 369 3478 439 Πατὴρ
3498 366 3706 438 ἷεγείρει

436 495 660 558 Paulus,
689 493 844 548 nobis
891 487 1150 545 revelavit
1190 501 1288 556 per
1344 481 1664 553 Spiritum»
1688 508 1758 522 ο-
1783 476 2023 531 «Incerta

437 598 491 642 et
517 593 727 642 occutta
775 583 1056 654 sapientire
1086 593 1212 642 tuae,
1241 580 1420 649 inquit
1439 576 1628 639 David,
1654 567 2021 626 manifestasti

439 681 594 744 mihi,
637 699 654 731 ι
680 677 933 732 videlicet
979 692 1075 744 per
1111 673 1422 742 Spiritum;
1459 670 1583 723 ideo
1626 668 1813 726 etiam,
1853 683 1870 714 ι
1904 663 2028 732 Spi-

439 774 605 825 ritum
661 777 913 822 sauetum
975 776 1126 818 tuum
1169 778 1234 816 ne
1270 761 1493 816 auleras
1540 773 1568 811 a
1606 771 1716 817 me,
1758 775 1776 806 ι
1822 764 1944 808 orat
1973 761 2027 806 et

440 864 571 915 dicit
623 861 865 916 Davidin
926 859 1179 927 Spiritu;
1209 869 1258 909 et
1287 854 1456 908 iliud:
1502 871 1521 904 ι
1547 849 1793 920 Accipite
1853 845 2028 915 Spiri-

442 963 555 1004 tum
602 957 877 1012 sanctum,
928 967 945 999 ι
997 948 1184 1016 gratiae
1221 953 1305 1000 est
1353 942 1603 1012 largitio;
1637 954 1761 994 nam
1792 937 2029 1006 Spiritus

444 1056 570 1100 tunc
634 1061 744 1100 non
800 1045 1008 1113 incepit
1070 1042 1359 1101 exsistere,
1397 1053 1499 1091 nec
1551 1034 1770 1087 initium
1795 1029 2026 1098 accepit,

441 1157 566 1192 cum
629 1153 846 1207 semper
893 1152 1016 1191 cum
1076 1135 1242 1190 Patre
1306 1131 1474 1186 fuerit
1530 1127 1678 1183 Filio
1700 1135 2027 1181 coaeternus.

444 1232 597 1297 Quod
641 1231 874 1300 gratiam
909 1228 1067 1282 daret
1121 1234 1274 1295 patet
1307 1239 1372 1278 ex
1405 1219 1797 1292 sequentibus:
1841 1237 1857 1268 ι
1903 1216 2032 1282 Qui-

443 1329 546 1378 bus
609 1321 935 1376 remiseritis
963 1318 1273 1373 remittetur
1307 1316 1411 1377 eis,
1466 1330 1483 1362 ι
1519 1321 1571 1366 et
1620 1319 1843 1365 caetera.
1875 1306 2033 1374 Quod

448 1416 578 1470 illud
621 1427 735 1468 erat
758 1427 928 1467 unum
962 1427 1026 1466 ex
1073 1407 1353 1463 beneﬁciis
1379 1422 1409 1460 a
1442 1405 1620 1461 Verbo
1655 1417 1754 1472 pro
1791 1401 1955 1454 nobis
1979 1399 2032 1450 in

446 1516 635 1562 sancto
674 1505 883 1574 Spiritu
919 1505 1204 1556 incarnato
1257 1497 1471 1553 collatis
1522 1511 1585 1550 ex
1650 1495 1737 1547 his
1775 1497 2032 1545 constat:

454 1617 472 1648 ι
509 1598 728 1651 Orietur
757 1597 904 1664 virga
935 1593 1002 1647 de
1033 1592 1215 1646 radice
1247 1589 1426 1650 .iesse,
1458 1596 1514 1641 et
1557 1585 1657 1639 lius
1720 1585 1787 1636 de
1855 1580 2038 1634 radice

447 1688 567 1758 ejus
612 1687 906 1751 ascendet,
959 1694 1013 1737 et
1063 1683 1374 1751 requiescet
1436 1694 1601 1750 super
1628 1693 1751 1728 cum
1805 1672 2038 1743 Spiritus

2126 473 2253 537 τοὺς
2307 473 2538 544 νεκροὺς
2595 471 2691 523 καὶ
2724 468 2998 534 ζωοποιεῖ,
3031 466 3174 518 οὕτω
3222 463 3320 518 καὶ
3367 464 3395 516 ὁ
3434 461 3563 524 rt»;
3613 458 3706 524 οὓς

2130 566 2275 619 θέλει
2305 563 2600 630 ζωοποιεῖ·
2644 582 2662 614 ι
2711 564 2807 616 καὶ
2849 562 2921 614 τὰ
2970 557 3218 613 τοιαῦτα.
3261 557 3334 609 Τὸ
3365 553 3609 621 συμσςρυές
3651 553 3708 604 δὲ

2129 657 2217 709 διὰ
2244 656 2450 708 τούτων
2474 655 2568 705 καὶ
2594 651 2944 720 ὁμοδῦναμον
2983 650 3076 702 καὶ
3107 645 3406 718 ὁμόϐουλον
3430 646 3524 706 καὶ
3562 641 3709 710 άχὼ-
3795 681 3800 685 .

2131 764 2314 818 ριστον
2376 745 2734 816 παρίσταται.
2790 741 2899 794 Καὶ
2939 739 3125 803 πάλιν,
3178 756 3196 788 ι
3229 736 3322 790 Ἐν
3363 737 3507 805 ἀρχῇ
3555 727 3626 804 ἦν
3681 733 3746 784 ὁ.

2129 840 2322 906 Λόγος.
2376 839 2486 890 Καὶ
2533 835 2686 897 οὗτος
2727 828 2796 905 ἦν
2831 834 2890 886 ἐν
2944 833 3087 902 ἀρχῇ
3118 831 3253 902 πρὸς
3279 827 3372 881 τὸν
3411 825 3568 880 Θεόν.
3603 824 3713 878 Καὶ

2130 930 2262 990 Θεὸς
2290 929 2607 1001 ἦνὸΛὸγος.
2624 949 2642 980 ι
2670 928 2779 980 Καὶ
2794 927 2856 978 re
2879 946 2897 978 ι
2926 927 3161 993 Πάτερ.»
3192 924 3310 986 καὶ,
3337 941 3355 973 ι
3380 921 3440 974 '0
3464 919 3710 986 Μόνογε-

2131 1025 2248 1094 νὴς.
2294 1043 2312 1074 ι
2341 1026 2455 1086 καὶ,
2491 1042 2510 1073 ι
2547 1023 2606 1075 Ὀ
2655 1019 2731 1074 ὣν
2766 1021 2844 1084 εἰς
2891 1019 2984 1072 τὸν
3038 1017 3241 1070 κόλπον
3271 1014 3366 1068 τοῦ
3398 1012 3631 1081 Πατρός·
3685 1027 3703 1060 ι

2134 1119 2250 1180 καὶ,
2305 1135 2322 1168 ι
2371 1115 2471 1179 Ὃς
2504 1117 2579 1168 ὢν
2616 1113 2964 1181 ἀπαύγασμα
2990 1111 3090 1179 τῆς
3131 1109 3314 1178 δόξης.
3359 1125 3377 1158 ι
3413 1104 3602 1160 Ταῦτα
3650 1100 3710 1155 δέ

2134 1213 2194 1264 τὸ
2229 1213 2290 1263 ἐκ
2316 1210 2411 1263 τοῦ
2440 1207 2653 1280 Πατρός
2682 1202 2823 1259 εἶναι
2869 1204 2962 1256 τὸν
2995 1203 3125 1256 Υἱὸν
3159 1202 3257 1253 καὶ
3313 1199 3375 1252 τὸ
3419 1196 3711 1268 ὁμοοῦσιον

2135 1304 2286 1372 δῃλοῖ
2313 1345 2327 1368 ,
2377 1304 2452 1366 ὼς
2483 1302 2581 1367 τὸ,
2625 1320 2644 1353 t
2695 1300 2785 1366 Ἐξ
2814 1297 2950 1370 ἐμοῦ
3011 1296 3268 1367 λήψεται,
3309 1311 3328 1346 ι
3365 1292 3527 1345 πάλιν
3583 1287 3715 1358 περὶ

2135 1394 2232 1448 τοῦ
2274 1393 2636 1463 Παρακλήτου
2664 1391 2853 1461 ρηοέν,
2899 1406 2916 1440 ι
2947 1389 3044 1442 καὶ
3071 1385 3369 1454 ἀναγγελεῖ
3401 1382 3550 1452 ὑμῖν,
3599 1399 3618 1431 ι
3650 1379 3713 1432 τὸ

2139 1483 2490 1553 ἀποκαλύψαι
2543 1483 2637 1536 καὶ
2689 1481 2901 1545 διδάξαι
2950 1479 3101 1550 ἡμᾶς
3167 1477 3334 1546 δηλοῖ.
3387 1475 3552 1545 Ἡμῖν
3606 1473 3718 1542 γὰρ

2139 1575 2462 1644 ἁπεκάλυψε
2485 1575 2659 1627 ταῦτα
2685 1570 2846 1643 (φήσὶ
2876 1571 3111 1638 Παῦλος)
3136 1571 3224 1622 διὰ
3252 1569 3346 1620 τοῦ
3372 1565 3715 1635 Πνεῦματος.

2145 1668 2277 1729 Καὶ,
2313 1685 2332 1717 α
2373 1667 2452 1719 Τὰ
2479 1665 2652 1734 ἄδηλα
2683 1667 2781 1718 καὶ
2831 1665 2898 1716 τὰ
2923 1662 3129 1732 κρύφια
3158 1663 3258 1730 τῆς
3294 1659 3488 1726 σοφέας
3542 1674 3634 1709 σου
3673 1658 3722 1724 (ὁ

451 1785 568 1847 Dei,
594 1781 830 1850 Spiritus
865 1777 1146 1848 sapiu-mire
1179 1787 1233 1829 et
1277 1747 1608 1834 intellectus,
1642 1768 1879 1838 Spiritus
1917 1779 2045 1818 con-

2161 1760 2312 1812 Δαϐἱδ
2339 1758 2512 1827 λέγει)
2551 1757 2829 1825 ἐδήλωσας
2888 1771 3003 1824 μοι,
3039 1772 3057 1805 ι
3116 1753 3196 1824 τῷ
3234 1752 3510 1818 Πνεύματι
3539 1747 3723 1820 δηλον-

450 1875 555 1931 silii
581 1885 630 1928 et
681 1871 1053 1933 fortitudinis,
1115 1868 1357 1937 Spiritus
1413 1865 1656 1919 scientiae
1714 1869 1762 1911 et
1796 1854 2037 1927 pietatis,

451 1965 692 2034 Spiritus
725 1963 940 2015 timoris
975 1961 1066 2012 Dei
1100 1957 1331 2026 replebit
1365 1969 1516 2009 eum.
1541 1970 1559 2003 ι
1608 1950 1872 2017 Quisnam
1899 1942 2040 1999 iste?

453 2055 554 2117 Qui
597 2067 661 2104 ex
703 2050 911 2104 semine
940 2047 1106 2101 David
1143 2055 1300 2098 ortus
1332 2053 1413 2097 est
1450 2041 1618 2111 (quod
1658 2048 1713 2092 tu
1754 2035 2042 2089 nobiscum

452 2142 784 2211 confiteris),
815 2141 980 2195 Jesus
1014 2138 1272 2192 Christus
1293 2174 1308 2188 .
1344 2133 1443 2187 Hic
1479 2131 1707 2203 quidem
1738 2136 1926 2197 utpote
1955 2124 2044 2176 in-

453 2236 714 2292 dividuus
741 2248 865 2286 cum
904 2229 1069 2284 Patre
1092 2226 1399 2298 etSpiritu,
1442 2234 1496 2279 et
1528 2221 1712 2276 omnia
1747 2219 1954 2273 habens
1979 2229 2046 2269 ex

455 2329 641 2392 Patre,
678 2340 893 2379 necnon
929 2337 1056 2377 cum
1088 2321 1296 2392 Spiritu
1329 2331 1586 2388 operans,
1607 2318 1927 2368 incarnatus
1951 2323 2048 2363 ac-

456 2424 602 2492 cepit
667 2429 721 2475 et
782 2416 1149 2488 corporaliter
1180 2415 1563 2483 sumpsitquve
1599 2418 1729 2464 sunt
1765 2405 2046 2476 Spiritus;

459 2518 603 2571 dona
669 2521 854 2565 autem
915 2507 1118 2576 accipit
1174 2504 1269 2574 qui
1328 2517 1454 2558 cum
1486 2501 1698 2570 Spiritu
1727 2499 2047 2552 habetnon

459 2605 754 2677 «luamdam
808 2611 1048 2672 partem,
1098 2597 1194 2652 sed
1243 2610 1462 2650 omnem
1505 2591 1728 2647 Deitatis
1760 2589 2053 2659 plenitudi-

459 2717 608 2760 nem.
653 2697 868 2752 scilicet
922 2706 1112 2748 omnes
1166 2691 1491 2754 facultates;
1522 2685 1778 2755 quoniam
1812 2691 1871 2736 ut
1907 2680 2051 2733 Deus

460 2809 556 2848 eas
598 2790 834 2844 Verbum
887 2800 1011 2839 cum
1075 2781 1284 2852 Spiritu
1343 2779 1700 2850 possidebat,
1759 2772 2052 2841 solumque

464 2886 810 2938 iitcarnatuiu
842 2876 860 2946 (
893 2890 1015 2929 nam
1049 2888 1229 2943 neque
1271 2869 1434 2925 Pater
1465 2883 1640 2938 neque
1678 2864 1916 2936 Spiritus
1967 2862 2053 2915 in-

463 2984 726 3027 carnatus
755 2972 882 3038 est),
914 2981 1107 3022 omnes
1139 2966 1303 3019 etiam
1339 2977 1464 3017 cum
1501 2974 1670 3014 carne
1707 2957 1949 3028 Spiritus
2001 2962 2055 3008 et

467 3066 645 3120 Patris
685 3060 1033 3130 operationcs
1077 3054 1290 3109 habuit.
1327 3053 1453 3106 Ideo
1487 3050 1691 3103 Paulus
1718 3061 1935 3118 quoque
1972 3043 2054 3096 di-

467 3159 578 3212 cit:
615 3175 633 3206 ι
675 3155 728 3206 lo
757 3156 870 3221 ipso
901 3149 1046 3204 enim
1090 3144 1361 3199 inhabitat
1391 3143 1571 3196 omnis
1607 3135 2051 3210 plenitndodivi-

466 3248 653 3301 uitatis
677 3242 1059 3314 corporaliter.
1087 3257 1106 3290 ι
1135 3236 1326 3294 Viden‘
1353 3236 1639 3306 quoniam,
1691 3248 1710 3282 ι
1751 3227 2050 3299 corporali-

467 3353 607 3407 ter,»
632 3340 769 3394 dixit
789 3337 810 3390 'l
830 3335 964 3391 Cum
993 3331 1398 3388 sanctissimum
1424 3327 1554 3382 illtid
1580 3321 2053 3393 corpustemplum

470 3437 635 3488 fuerit
672 3443 725 3487 et
757 3428 1174 3486 tabernaculum
1216 3423 1396 3476 omnis
1429 3421 1638 3490 gloriae,
1671 3427 1725 3472 et
1757 3429 1855 3484 pro
1899 3413 2058 3466 nobis

470 3526 638 3581 fuerit
701 3540 767 3578 ex
844 3531 1038 3575 natura
1075 3529 1258 3572 nostra
1296 3516 1532 3567 libamen
1564 3519 1618 3563 et
1659 3506 1958 3578 piaculum,
1989 3518 2055 3554 ex

473 3622 593 3690 ipso
621 3617 851 3684 gratiam
883 3615 1204 3680 accipimus.
1237 3607 1502 3659 Naturam
1541 3600 1634 3656 Dei
1681 3615 1789 3653 non
1831 3595 2060 3665 partici-

470 3725 688 3781 pamus,
716 3707 810 3762 sed
851 3705 1153 3772 gratiarum
1187 3698 1308 3768 ejus
1338 3698 1482 3750 dona
1542 3692 1868 3761 accipimus.
1901 3685 2060 3752 Quod

475 3780 618 3856 lilius
650 3799 874 3854 tonitrui
900 3795 1141 3848 Joannes
1173 3792 1311 3846 dixit
1353 3807 1368 3843 :
1406 3807 1425 3838 ι
1467 3785 1539 3839 De
1573 3782 1914 3854 plenitudine
1944 3780 2062 3850 ejus

473 3911 577 3952 nos
600 3907 793 3948 omnes
824 3893 1140 3959 accepimus
1166 3902 1183 3954 ;
1219 3905 1236 3936 ι
1279 3899 1385 3938 non
1418 3879 1812 3952 plenitudinem
1839 3891 2059 3943 accept-

475 4005 621 4055 inus,
673 3986 767 4040 sed
809 3985 876 4038 de
930 3979 1290 4053 plenitudine,
1316 3977 1390 4030 ita
1423 3983 1482 4028 ut
1508 3988 1617 4026 non
1643 3979 1890 4023 naturam
1946 3967 2067 4034 qui-

476 4084 626 4144 dem,
663 4077 755 4133 sed
823 4081 1056 4145 gratiam
1091 4083 1538 4140 consequantur;
1576 4080 1701 4118 nam
1732 4077 1856 4132 pars
1906 4071 1987 4113 est
2017 4070 2069 4111 et

477 4171 736 4242 potentias
766 4177 969 4224 nostra:
1001 4162 1486 4220 accommodatum
1521 4161 1666 4226 quod
1702 4152 1903 4222 singuli
1946 4166 2070 4204 sus-

479 4265 762 4333 cepimus;
793 4262 865 4313 ibi
905 4272 1083 4311 autem
1143 4264 1227 4309 est
1265 4250 1568 4322 plenitudo,
1617 4248 1875 4316 quoniam
1945 4255 2070 4308 per-

483 4371 618 4410 sona
673 4353 835 4407 Verbi
887 4352 1172 4403 incarnata
1224 4354 1309 4398 est
1385 4356 1508 4411 quae
1560 4337 1858 4392 divinitatis
1911 4337 2073 4386 habet

2143 1852 2247 1905 ότι.
2291 1849 2450 1905 Ἑπεὶ
2476 1850 2592 1912 καὶ,
2625 1867 2643 1899 ι
2677 1847 2751 1901 Τὸ
2779 1847 2916 1900 Πνεῦ
2928 1846 3006 1916 μά
3037 1861 3131 1898 σου
3179 1844 3240 1896 τδ
3271 1844 3426 1911 ἅγιον
3485 1840 3560 1909 μὴ
3592 1841 3722 1890 ἀντ-

2143 1945 2344 2018 ανὲλῃς
2407 1945 2501 1996 ἀπ’
2537 1941 2696 2012 ἐμοῦ,
2738 1958 2756 1990 ι
2794 1937 3116 2003 ἐξαιτεῖται,
3155 1936 3250 1990 καὶ
3297 1931 3417 1987 εἷπε
3473 1931 3638 1985 Δαϐἶδ
3665 1932 3724 1982 ὲν

2147 2035 2446 2103 Πνεύματι.
2483 2035 2593 2086 Kai.
2623 2032 2704 2094 τὸ,
2741 2049 2759 2082 ι
2795 2031 3006 2085 Λάϐετε
3040 2028 3266 2098 Πνεῦμα
3302 2028 3481 2091 ἅγιον,
3513 2041 3531 2075 ι
3569 2022 3727 2092 χάρι-

2148 2145 2263 2197 σμα
2292 2125 2480 2179 δοῦναί
2517 2127 2690 2180 ἐστιν.
2739 2123 2876 2177 Οὑδέ
2910 2123 3019 2191 γὰρ
3069 2120 3195 2173 τότε
3254 2121 3312 2172 τὸ
3347 2118 3572 2186 Πνεῦμα
3605 2115 3732 2184 ὑφί-

2150 2235 2339 2280 στατο,
2405 2217 2501 2270 καὶ
2535 2215 2714 2287 ἀρχὴν
2767 2214 3078 2283 ἐλάμϐανεν
3109 2210 3274 2276 εἶναι,
3330 2211 3392 2264 τὸ
3452 2211 3594 2280 μετά
3631 2206 3729 2262 τοῦ

2150 2312 2368 2383 Πατρδς
2401 2311 2486 2364 ἀεὶ
2519 2309 2598 2376 ὃν,
2626 2310 2722 2362 καὶ
2753 2308 2831 2380 τῷ
2857 2308 2972 2378 Υἱῷ
3004 2308 3300 2361 συναῒδιον.
3329 2304 3442 2359 Καὶ
3469 2305 3550 2358 ὅτι
3569 2304 3732 2375 χάρι-

2153 2424 2265 2476 σμα
2313 2405 2506 2470 ἐδίδου,
2557 2404 2743 2473 δῆλον.
2795 2389 2822 2456 ἰ
2862 2402 2965 2456 Ἂν
3017 2419 3184 2456 τινων
3245 2401 3448 2468 ἀφῆτε,
3489 2418 3506 2450 ι
3537 2399 3728 2468 φησιν,

2157 2515 2175 2548 ι
2209 2497 2489 2564 ἀφίενται,
2513 2513 2532 2545 ι
2579 2496 2674 2548 καὶ
2731 2494 2802 2547 τὰ
2848 2493 3034 2548 λοιπά.
3073 2493 3197 2546 Ὅτι
3246 2489 3301 2544 δὲ
3333 2491 3390 2546 ἓν
3430 2491 3540 2544 τῶν
3578 2509 3735 2562 χαρι-

2155 2592 2381 2660 σμάτων
2415 2589 2629 2657 ὑπῆρχε
2677 2587 2738 2639 τὸ
2769 2586 2921 2639 δοθὲν
2956 2585 3046 2639 διὰ
3073 2585 3169 2638 τοῦ
3207 2586 3380 2654 Λόγου
3418 2584 3736 2655 σαρκωῡέν-

2155 2699 2246 2745 τος
2280 2682 2422 2750 ὑπὲρ
2449 2680 2608 2750 ἡμῶν
2637 2681 2697 2731 ἐν
2729 2679 2806 2746 τῷ
2833 2679 2976 2749 ἁγίῳ
3009 2677 3311 2746 Πνεύματι,
3347 2676 3582 2747 φανερὸν
3608 2669 3734 2729 ὧδὲ.

2161 2793 2179 2827 t
2231 2775 2595 2848 Ἀναϐήσεται
2652 2771 2851 2842 ῥάϐδος
2905 2772 2971 2823 ἐκ
3021 2771 3121 2841 τῆς
3180 2769 3338 2838 ῥίζης
3383 2770 3605 2833 Ἰεσσαὶ,
3641 2768 3740 2822 καὶ

2156 2869 2317 2931 ἄνθος
2344 2871 2407 2921 ἐκ
2432 2868 2530 2937 τῆς
2562 2864 2718 2936 ῥίζης
2741 2865 3124 2935 άναϐήσεται,’
3145 2866 3238 2916 καὶ
3275 2864 3739 2917 ὲπαναπαύσεται

2156 2962 2244 3012 ἐπ’
2283 2960 2442 3012 αὐτὸν
2478 2957 2704 3028 Πνεῦμα
2737 2957 2896 3022 Θεοῦ,
2941 2955 3166 3026 Πνεῦμα
3205 2957 3404 3024 σοφίας
3443 2960 3538 3010 καὶ
3578 2953 3740 3009 συνέ-

2160 3065 2320 3115 σεως,
2354 3051 2581 3119 Πνεῦμα
2618 3050 2814 3120 βουλῆς
2843 3051 2939 3102 καὶ
2974 3049 3183 3118 ἰσχύος,
3224 3050 3453 3118 Πνεῦμα
3481 3049 3741 3117 γνώσεως

2164 3147 2258 3197 καὶ
2277 3142 2583 3210 εὐσεϐείας,
2610 3143 2836 3213 Πνεῦμα
2863 3143 3029 3213 φόϐου
3049 3143 3186 3196 Θεοῦ
3207 3145 3477 3212 ἐμπλήσει
3501 3142 3686 3196 αὐτόν.
3717 3159 3738 3193 ι

2161 3239 2261 3302 Τίς
2288 3238 2343 3290 δὲ
2377 3233 2568 3302 οῦτος;
2608 3239 2665 3290 Ὀ
2698 3240 2762 3290 ἐκ
2793 3238 3111 3307 σπέρματος
3150 3237 3315 3290 Δαϐὶδ
3344 3236 3479 3307 (εἴγε
3534 3235 3630 3290 καὶ
3678 3238 3744 3292 σὺ

2167 3336 2264 3386 σὺν
2296 3333 2431 3402 ἡμῖν
2470 3333 2785 3402 ὁμολογεῖς)
2854 3331 3061 3402 Ἰησοῦς
3099 3331 3357 3402 Χριστός.
3417 3325 3588 3392 Οὗτος
3653 3323 3745 3385 οἶα

2171 3426 2270 3495 μὲν
2312 3421 2489 3493 Λόγος
2542 3423 2851 3494 ἀδιαίρετος
2884 3424 2960 3477 ὢν
2997 3423 3074 3494 τῷ
3109 3427 3285 3496 Πατρὶ
3317 3428 3409 3479 καὶ
3449 3426 3526 3496 τῷ
3576 3422 3746 3478 "vati-

2171 3531 2328 3584 ματι,
2363 3517 2459 3567 καὶ
2486 3516 2666 3567 πάντα
2691 3512 2833 3584 ἔχων
2863 3515 2928 3567 ἐκ
2959 3514 3054 3570 τοῦ
3101 3517 3336 3587 Πατρὸς,
3384 3518 3476 3570 καὶ
3509 3515 3748 3586 ἐνεργῶν

2171 3617 2270 3661 σῦν
2299 3609 2376 3677 τῷ
2409 3605 2713 3676 Πνεῦματι,
2748 3607 3203 3677 ἐνανΘρωπήσας,
3239 3608 3600 3679 καταδέχεται
3655 3607 3751 3660 καὶ

2173 3701 2507 3770 σωματικῶς
2538 3700 2725 3752 λαϐεῖν
2748 3702 2819 3752 τὰ
2863 3701 2958 3753 τοῦ
3001 3701 3340 3770 Πνεῦματος.
3374 3701 3660 3770 Δαμϐάνει
3693 3701 3751 3754 δέ

2171 3799 2270 3856 τὰς
2288 3794 2522 3862 δωρεὰς,
2547 3795 2575 3847 ὁ
2600 3795 2698 3846 σὺν
2722 3792 2799 3863 τῷ
2832 3792 3110 3862 Πνεύματι
3134 3779 3296 3864 ἔχων,
3321 3795 3415 3848 καὶ
3437 3795 3497 3846 οὐ
3519 3792 3754 3862 μερικάς

2173 3905 2351 3951 τινας,
2377 3887 2514 3940 ἀλλὰ.
2549 3888 2607 3939 τὸ
2639 3887 2915 3954 πλήρωμα
2951 3887 3060 3940 πᾶν
3091 3888 3191 3956 τῆς
3250 3885 3542 3958 Θεότητος,
3573 3887 3757 3950 πάσας

2174 3979 2282 4050 43
2320 3981 2418 4042 τὰς
2447 3979 2703 4046 δυνάμεις
2737 3978 2963 4046 δηλαδή.
3011 3979 3163 4031 Ἐπεὶ
3191 3964 3286 4034 καὶ
3316 3980 3450 4041 Θεὸς
3485 3979 3562 4032 ὢν
3589 3980 3617 4031 δ
3650 3979 3755 4032 Λό-

2177 4091 2295 4140 γος,
2325 4073 2532 4134 ταύτας
2563 4073 2830 4137 ἐκέκτητο
2875 4072 2970 4125 σὺν
3002 4070 3079 4142 τῷ
3112 4070 3391 4142 Πνεῦματι
3415 4087 3430 4102 ·
3461 4073 3557 4126 καὶ
3599 4074 3760 4143 μόνος

2178 4164 2610 4234 ἐνανορωπήσας
2645 4163 2724 4232 (οὐ
2751 4164 2860 4233 γάρ
2884 4165 2910 4215 ὁ
2937 4162 3128 4234 Πατὴρ
3153 4163 3186 4234 ἢ
3217 4164 3279 4217 τὸ
3311 4161 3540 4234 Πνεῦμα
3564 4165 3762 4236 σεσάρ-

2180 4255 2376 4344 κωται)
2405 4257 2620 4313 ἁπάσας
2645 4250 2759 4322 εἶχε
2786 4256 2876 4307 καὶ
2919 4256 3016 4308 σὺν
3047 4258 3116 4327 τῇ
3153 4257 3317 4325 σαρκὶ
3343 4258 3444 4320 τὰς
3468 4255 3562 4309 τοῦ
3587 4255 3763 4310 Πνεῦ-

2185 4365 2354 4417 ματος
2414 4347 2509 4398 καὶ
2539 4345 2634 4398 τοῦ
2671 4347 2882 4417 [ἰατρὸς
2930 4347 3235 4419 ἐνεργείας.
3277 4347 3369 4401 Διὸ
3412 4349 3506 4402 καὶ
3551 4348 3765 4412 Παῦλος

486 4444 902 4514 νιι.·ιιίῑιιι]ιιὶῦιιὶ.
941 4438 1082 4504 Quid
1117 4451 1247 4506 ergo
1302 4430 1662 4501 accepimus?
1688 4426 1931 4481 Gratiam
1973 4441 2066 4494 pro

2183 4455 2368 4508 φησιν,
2406 4455 2425 4488 ι
2485 4437 2573 4489 Ἐν
2601 4437 2750 4508 αὐτῷ
2781 4442 2890 4506 γὰρ
2923 4438 3221 4509 κατῴκησε
3257 4441 3364 4493 πᾶν
3393 4440 3454 4492 τὸ
3484 4441 3765 4510 πλήρωμα

486 4537 684 4608 gratia.
717 4530 903 4586 Viden’
931 4532 1189 4599 quoniam
1222 4526 1477 4596 gratiam,
1499 4535 1606 4575 non
1635 4530 1883 4574 naturam
1911 4532 2068 4570 acce-

488 4631 712 4704 pimus?
741 4630 952 4697 Quippe
1005 4639 1296 4695 personam
1332 4619 1494 4675 Verbi
1528 4618 1707 4673 solum
1751 4614 1882 4668 illud
1928 4613 2067 4665 divi-

488 4746 618 4783 mtm
663 4724 964 4780 Salvazoris
1026 4719 1198 4774 nostri
1231 4717 1493 4786 templum
1550 4717 1601 4768 in
1629 4713 1880 4768 intimam
1915 4710 2071 4763 unio-

487 4838 610 4875 nem
646 4819 853 4875 habuit.
895 4818 1024 4884 quia
1061 4813 1293 4867 Verbum
1348 4813 1519 4879 ipsius
1560 4805 1885 4862 humanitati
1948 4819 2071 4872 per-

489 4930 623 4968 sona
677 4911 879 4964 factum
927 4916 1031 4970 est,
1061 4914 1116 4959 et
1152 4906 1329 4959 solum
1385 4901 1738 4957 Deus-Homo
1796 4898 2068 4967 apparuit,

488 5008 779 5073 solumque
831 5017 925 5070 per
955 5014 1242 5070 personam
1275 5013 1442 5050 unum
1495 5012 1562 5050 ex
1608 4993 1827 5048 duobus
1859 4993 2071 5044 naturis

487 5100 716 5159 coaluit,
748 5110 873 5150 cum
909 5091 1070 5145 simul
1119 5097 1265 5143 esset
1294 5087 1438 5140 Deus
1469 5093 1522 5138 et
1551 5087 1735 5138 homo.
1773 5079 1882 5134 Nec
1913 5085 2070 5149 quis-

489 5205 653 5261 quam
677 5205 741 5242 ex
778 5186 988 5255 angelis
1018 5182 1100 5234 vel
1143 5179 1471 5233 mortalibus
1501 5176 1593 5229 Dei
1647 5185 1862 5228 natura:
1892 5173 2069 5230 [actus

489 5295 572 5340 est
594 5283 883 5353 particeps,
910 5277 1118 5349 gratias
1152 5289 1282 5327 vero
1310 5271 1510 5340 singuli
1536 5271 1866 5338 participant
1918 5280 2073 5318 incn-

491 5391 620 5432 sura
663 5377 766 5427 sibi
811 5368 1225 5425 accommodata
1259 5406 1274 5431 ,
1323 5365 1675 5431 divinanique
1719 5358 2075 5413 illuminatio-

493 5483 641 5530 nem,
673 5475 728 5519 et
748 5463 822 5517 dii
854 5464 978 5516 facti
1014 5468 1144 5516 sunt
1177 5458 1354 5522 inulti,
1389 5456 1484 5510 sed
1523 5464 1734 5507 tantum
1767 5450 2071 5506 secundum

493 5560 747 5632 gratiam.
775 5557 832 5610 Si
858 5569 988 5624 ergo
1020 5567 1222 5624 corpus
1277 5548 1621 5603 Dominicutn
1672 5556 1922 5599 creatura
1959 5555 2076 5594 ma-

495 5662 611 5720 net,
639 5653 743 5706 etsi
773 5648 1007 5702 Domiuo
1036 5647 1360 5709 adunatutn,
1392 5641 1569 5696 solum
1602 5653 1731 5692 vero
1769 5639 1828 5690 tit
1861 5634 2077 5689 divina-

500 5747 628 5800 tatis
687 5743 981 5814 particeps,
1034 5746 1220 5808 utpote
1252 5735 1434 5793 Verbo
1466 5731 1662 5787 intime
1716 5728 2077 5798 conjunctum

2183 4532 2278 4597 τῆς
2301 4527 2553 4594 Θεότητος
2585 4531 2969 4596 σωματικῶς.»
3007 4528 3171 4600 Ὁρᾷς
3195 4530 3276 4582 ὅτι
3307 4549 3325 4581 t
3368 4532 3700 4600 σωματικῶς
3736 4548 3756 4582 ι

2184 4617 2368 4684 λέγεις
2405 4619 2513 4670 Ka‘t
2543 4619 2675 4671 ναοῦ
2703 4622 3000 4689 γενομένου
3043 4623 3138 4673 καὶ
3191 4623 3550 4692 σκηνώματος
3583 4623 3764 4691 πάσης

2185 4710 2345 4778 δόξης
2372 4710 2464 4763 τοῦ
2501 4711 2771 4779 παναγίου
2826 4712 3038 4765 ἐκείνου
3087 4713 3362 4783 σώματος,
3397 4713 3492 4767 τοῦ
3526 4717 3619 4768 καὶ
3676 4732 3768 4783 γε·

2187 4806 2411 4872 γονότος
2449 4804 2708 4873 ἀπαρχῆς
2742 4821 2800 4856 τε
2833 4805 2930 4858 καὶ
2983 4805 3225 4876 θύματος
3281 4810 3345 4858 ἐκ
3397 4808 3497 4874 τῆς
3550 4809 3770 4876 φύσεως

2184 4895 2343 4966 ἡμῶν
2385 4896 2529 4965 ὑπὲρ
2565 4897 2742 4966 ἡμῶν,
2777 4896 2837 4960 ἐξ
2891 4896 3056 4950 αὑτοῦ
3085 4899 3180 4950 καὶ
3206 4901 3366 4968 ἡμεῖς
3414 4900 3771 4969 λαμϐάνομεν

2185 4989 2368 5058 χάριν.
2397 4989 2507 5040 Καὶ
2535 4988 2594 5040 οὐ
2617 4989 2716 5056 τῆς
2743 4988 2837 5040 τοῦ
2858 4989 2994 5041 Θεοῦ
3030 4995 3334 5061 μετέχομεν
3364 4995 3602 5060 φύσεως,
3629 4993 3775 5051 ἀλλὰ

2186 5082 2256 5132 τὰ
2301 5080 2413 5132 τῶν
2443 5082 2805 5150 χαρισμάτων
2835 5080 3003 5134 αὐτοῦ
3050 5081 3402 5152 λαμϐάνομεν
3451 5084 3624 5154 δῶρα.
3659 5086 3775 5139 Καὶ

2185 5171 2349 5224 τοῦτο
2376 5174 2404 5224 ὁ
2434 5171 2537 5240 τῆς
2571 5171 2801 5243 βροντῆς
2842 5173 2957 5236 uid:
2987 5191 3152 5241 φησιν
3191 5175 3462 5245 Ἰωάννηςσ
3503 5195 3520 5226 ι
3550 5179 3654 5231 Ka‘t
3703 5179 3774 5229 ἐκ

2189 5264 2285 5317 τοῦ
2309 5265 2678 5334 πληρώματος
2705 5268 2873 5318 αὑτοῦ
2905 5268 3066 5336 ἡμεῖς
3100 5270 3299 5332 πάντες
3333 5269 3656 5340 ἐλάϐομεν.›
3691 5271 3773 5323 Οὐ

2186 5357 2250 5408 τὸ
2298 5356 2576 5427 πλήρωμα
2611 5357 2904 5428 ἐλάϐομεν,
2937 5361 3055 5412 ἀλλ’
3106 5363 3172 5413 ἐκ
3224 5360 3320 5414 τοῦ
3378 5362 3775 5432 πληρώματος.

2191 5448 2361 5500 Ὥστε
2413 5448 2473 5499 οὐ
2516 5448 2697 5517 φύσιν,
2741 5450 2878 5504 ἀλλὰ
2915 5452 3099 5522 χάριν,
3141 5454 3224 5504 ὅτι
3266 5455 3493 5524 μερικὸν
3535 5454 3632 5522 μὲν
3681 5459 3782 5508 καὶ

2191 5541 2336 5594 κατὰ
2392 5540 2624 5610 δύναμιν
2676 5544 2957 5614 ἡμετέραν
3016 5545 3044 5597 ὃ
3093 5535 3446 5615 λαμϐάνομεν
3518 5548 3776 5605 ἕκαστος.

2203 5635 2351 5688 Ἐκεῖ
2380 5635 2437 5687 δέ
2463 5635 2525 5687 τὸ
2573 5635 2680 5689 πᾶν
2710 5637 2879 5702 ἐστιν,
2902 5638 2984 5690 ὅτι
3033 5640 3125 5691 καὶ
3155 5641 3184 5707 ἡ
3218 5641 3517 5701 ὑπόστασις
3547 5638 3640 5693 τοῦ
3672 5639 3781 5691 Λό-

2197 5745 2298 5799 γου
2330 5728 2762 5799 σεσάρκωται,ἠ
2791 5730 2854 5782 τὺ
2889 5733 2994 5784 πᾶν
3022 5731 3220 5800 ἔχουσα
3244 5733 3338 5804 τῆς
3371 5731 3644 5802 Θεότητος.
3673 5712 3782 5784 Ka‘t
