4040 6202
336 237 448 328 ]33,
1063 255 1066 258 -
1323 233 1714 328 DlALOGUS
1752 234 2058 298 CONTRA
2100 233 2492 305 tulisses.

3458 243 3562 311 134

331 323 372 412 τί
403 311 495 425 ἄρα
536 352 802 423 ἐλάϐομεν
829 370 843 418 ;
875 353 986 408 Καὶ
1035 351 1198 422 χάριν
1245 353 1368 406 ἀντὶ
1413 323 1657 424 χάριτος.
1707 355 1872 424 Ὀρᾷς

1979 355 2107 410 etin
2145 371 2378 426 persona
2405 359 2566 426 hujus
2589 367 2868 424 constans,
2891 359 3016 428 quis
3048 357 3271 415 audebit
3293 360 3472 417 dicere
3501 375 3564 420 se

331 451 454 510 ὅπως
479 447 638 517 χάριν
671 447 762 500 καὶ
810 445 872 498 οὐ
927 445 1092 514 φῦσιν
1132 445 1441 516 ὲλάϐομεν;
1480 447 1592 518 Τὴν
1626 449 1728 518 μὲν
1760 449 1871 518 γὰρ

331 541 596 595 ὑπόστασιν
622 535 717 591 τοῦ
748 537 924 606 Λόγου
962 537 1122 608 μόνος
1153 539 1362 602 ἐκεῖνος
1385 539 1414 590 ὀ
1446 540 1591 603 θεῖος
1623 541 1749 604 ναὸς
1771 541 1866 595 τοῦ

329 629 546 697 Σωτῆρος
573 627 734 696 ἡμῶν
765 630 846 690 εἰς
875 627 1054 698 ἄκραν
1102 627 1260 699 ἔσχεν
1313 631 1532 699 ἕνωσιν,
1561 632 1683 684 ἐπεὶ
1716 631 1809 685 καὶ
1841 635 1870 687 ὁ

327 723 472 787 Λόγος
502 719 800 781 ὑπόστασις
849 719 1038 788 γέγονε
1077 723 1156 791 τῷ
1187 721 1514 794 ἀνθρωπίνῳ
1547 723 1741 788 αὐτοῦ,
1773 727 1872 780 καὶ

327 816 465 884 μόνος
491 813 646 882 ὤφθη
682 814 1065 885 Θεάνθρωπος,
1097 819 1192 870 καὶ
1236 817 1396 885 μόνος
1444 821 1510 888 τῇ
1569 819 1873 873 ὑποστίισει

323 907 458 968 οὗτος
483 900 561 967 εἷς
591 908 653 958 ὲκ
683 907 776 960 δύο
809 908 1071 978 συνετέθη
1099 908 1342 979 φύσεων,
1377 911 1507 974 Θεὸς
1539 910 1634 963 καὶ
1665 911 1874 980 ἄιθρω-

328 1016 408 1060 πος
437 996 530 1052 ὢν.
563 998 754 1061 Οὐδεὶς
806 999 864 1053 δὲ
915 1001 1102 1072 ἕτερός
1148 1019 1232 1065 τις
1291 1003 1709 1070 είτεσάγγέλων
1763 1003 1874 1056 εἴτε

327 1087 508 1158 βροτῶν
539 1088 674 1140 Θεοῦ
715 1090 1012 1160 μετείληφε
1065 1091 1305 1161 φύσεως.
1339 1093 1598 1163 Χαρίτων
1629 1095 1686 1148 δὲ
1715 1094 1872 1164 μετέ-

321 1196 454 1250 χουσι
489 1182 713 1244 πάντες,
739 1182 837 1234 καὶ
891 1183 1095 1236 τούτων
1129 1183 1433 1250 ἀναλόγως,
1460 1183 1556 1236 καὶ
1591 1183 1690 1252 τῆς
1723 1183 1875 1246 Θείας

321 1269 657 1338 ἐλλάμψεως·
705 1272 804 1324 καὶ
855 1272 969 1324 Θεοὶ
1023 1274 1237 1326 τελοῦσι
1285 1275 1496 1340 πολλοὶ,
1545 1275 1684 1347 πλὴν
1733 1275 1876 1329 κατὰ

322 1366 476 1432 χάριν.
511 1363 572 1415 El
607 1359 700 1415 οῦν
735 1365 832 1418 καὶ
863 1363 924 1416 τὸ
954 1365 1287 1419 Δεσποτικὸν
1323 1367 1482 1436 σῶμα
1514 1369 1725 1437 κτίσμα
1780 1369 1873 1438 μέ-

322 1473 387 1509 νει
419 1455 505 1508 καὶ
533 1456 738 1509 ὲνωθὲν
766 1457 846 1532 τῷ
884 1458 1151 1528 Δεσπότῃ,
1183 1459 1408 1529 autem
1435 1460 1490 1514 δὲ
1521 1461 1688 1530 μόνον
1713 1461 1872 1515 τοῦτό

317 1549 461 1608 ἐστιν,
495 1549 574 1612 ὡς
607 1551 796 1620 ἄκρως
825 1550 1104 1621 ἡνωμένον
1135 1552 1214 1621 τῷ
1239 1552 1420 1621 Λόγῳ.
1446 1554 1540 1607 καὶ
1564 1555 1622 1606 ὲν
1646 1557 1712 1624 τῇ
1743 1554 1874 1608 ὑπ)-

319 1644 478 1696 στὰσει
513 1644 683 1696 αὐτοῦ
715 1644 938 1710 συστὰν,
969 1643 1084 1708 πῶς
1117 1661 1199 1706 τις
1227 1646 1553 1715 τολμήσειεν
1580 1647 1688 1717 ἄρα
1735 1647 1870 1700 ὑπό-

245 1721 252 1728 .
315 1753 480 1788 στασιν
513 1737 770 1800 δέξασθαι
802 1738 936 1790 Θεοῦ
983 1739 1194 1804 εἱπεῖν;
1225 1740 1289 1794 Ei
1321 1740 1430 1810 γὰρ
1461 1741 1758 1805 ὑπόστασις
1810 1741 1870 1794 τὸ

315 1829 635 1894 ἑμπνευσθὲν
663 1829 758 1882 καὶ
794 1831 855 1884 οὐ
889 1831 1158 1902 χάρισμα,
1203 1832 1559 1897 ὑποστάσεως
1605 1836 1712 1903 ἄρα
1752 1837 1872 1890 τότε

307 1921 394 1974 τοῦ
449 1923 767 1990 Πνεῦματος
816 1925 1079 1993 μετέσχον
1122 1925 1174 1977 ot
1223 1925 1490 1996 μαθηταὶ,
1528 1929 1621 1979 καὶ
1655 1929 1774 1980 τότε
1807 1929 1871 1997 δὴ

311 2015 621 2085 ὑπαρξάσης
642 2031 656 2045 ⁴
675 2017 814 2084 ὅπερ
839 2019 1018 2087 πάσης
1040 2017 1392 2090 βλασφημίας
1414 2022 1562 2074 ἐστὶν
1587 2023 1866 2076 ἐπέκεινα.

307 2107 494 2159 Λοιπὸν
525 2107 594 2159 ἐκ
618 2105 715 2160 τοῦ
748 2107 1116 2178 πληρώματος
1161 2109 1419 2176 λαϐόντες
1459 2111 1620 2182 ἡμεῖς
1657 2114 1752 2167 καὶ
1776 2112 1874 2182 χά-

307 2213 383 2266 ριν
413 2197 535 2249 ἀντὶ
589 2198 836 2267 χάριτος,
884 2199 1011 2251 ἀντὶ
1039 2201 1138 2271 τῆς
1171 2203 1404 2270 νομικῆς
1434 2203 1680 2275 δηλονότι
1709 2205 1872 2258 αὐτὸν

303 2289 386 2340 τὸν
410 2287 552 2341 Θεὸν
602 2289 724 2358 μεθ’
771 2291 804 2356 ἡ
815 2289 956 2360 μῶν,
981 2291 1078 2344 καὶ
1115 2291 1235 2346 ἀντὶ
1269 2295 1430 2357 σκιᾶς
1462 2293 1562 2363 τὴν
1590 2293 1868 2362 ἀλήθειαν.

313 2376 452 2434 Ἐπεὶ
475 2382 578 2432 καὶ
611 2381 768 2434 τοῦτό
799 2399 984 2449 φησιν,
1023 2400 1043 2434 ι
1093 2381 1156 2437 '0
1194 2383 1382 2453 νόμος,
1419 2405 1438 2436 ι
1473 2385 1684 2454 λέγων,
1721 2404 1740 2437 ι
1784 2385 1872 2440 διὰ

301 2471 534 2536 Μωσέως
586 2472 767 2542 ἐδόθη,
801 2475 836 2544 ἡ
885 2476 1048 2544 χάρις
1094 2477 1188 2528 καὶ
1234 2477 1266 2546 ἠ
1320 2477 1546 2546 ἀλήθεια
1574 2477 1662 2530 διὰ
1697 2476 1870 2548 Ἰησοῦ

303 2564 528 2632 Χριστοῦ
594 2565 838 2632 ἐγένετο,
883 2585 904 2619 ›
949 2569 1380 2640 προστρέχωμεν
1417 2571 1488 2640 τῇ
1524 2571 1706 2639 χάριτι
1779 2569 1872 2622 καὶ

299 2657 356 2725 τῇ
391 2655 649 2727 ἀληθείᾳ,
695 2658 790 2709 καὶ
831 2659 896 2710 τὰ
948 2661 1046 2730 τῆς
1093 2661 1317 2729 χάριτος
1358 2661 1736 2730 ὁμολογῶμεν,
1779 2661 1873 2712 καὶ

300 2749 660 2818 συντηρῶμεν
691 2751 908 2812 ἑαυτοῖς
940 2751 1042 2819 τὴν
1077 2753 1274 2822 χάριν·
1319 2755 1414 2805 καλ⁵
1443 2755 1558 2816 τοῖς
1591 2753 1874 2822 Πατράσιν

299 2834 586 2902 ἑπώμεθα,
609 2838 724 2898 τοῖς
761 2837 867 2889 ὑπὸ
905 2838 999 2890 τοῦ
1049 2839 1368 2908 Πνεῦματος
1399 2841 1494 2894 τοῦ
1545 2841 1693 2896 θείου
1725 2861 1875 2896 κεκι-

297 2927 570 2992 νημένονς.
617 2925 772 2980 Ἐπεὶ
798 2929 893 2980 καὶ
927 2929 986 2982 τὸ
1009 2929 1251 2998 λαλῆσάν
1281 2948 1434 2996 φασι,
1468 2932 1556 2986 διὰ
1596 2933 1704 2986 τῶν
1736 2952 1872 3003 προ-

297 3019 498 3087 φητῶν,
527 3021 616 3081 είς
649 3022 779 3087 μίαν
814 3021 976 3087 ἁγίαν
1020 3021 1316 3093 καθολικὴν
1363 3025 1459 3076 καὶ
1500 3025 1872 3096 ἀποστολικὴν
1900 3047 1942 3104 C

305 3107 664 3180 Ἐκκλησίαν.
697 3112 806 3164 Καὶ
832 3112 1106 3183 Ζαχαρίας
1137 3113 1298 3168 τοῦτό
1349 3134 1518 3186 φησιν
1547 3119 1576 3170 ὁ
1607 3117 1700 3172 τοῦ
1737 3119 1875 3189 Προ-

289 3199 484 3269 δρόμου
523 3203 782 3272 γενέτης,
805 3207 934 3273 περὶ
965 3201 1060 3257 τοῦ
1083 3207 1319 3276 Πατρὸς,
1354 3228 1374 3260 ι
1416 3210 1612 3273 Καθὼς
1644 3211 1873 3282 ἐλάλησε

289 3291 374 3344 διὰ
399 3295 686 3364 στόματος
719 3297 826 3348 τῶν
855 3297 1026 3366 ἁγίων
1049 3300 1157 3352 τῶν
1193 3301 1290 3354 ἀπ’
1336 3302 1532 3366 αίῶνος
1578 3305 1876 3374 προφητῶν

289 3383 452 3437 αὑτοῦ
490 3388 784 3456 σωτηρίαν
817 3389 876 3452 ἐξ
908 3389 1120 3458 ὲχθρῶν
1147 3393 1326 3464 ῂμῶν.
1358 3411 1378 3445 ι
1408 3394 1515 3446 Καὶ
1543 3394 1572 3464 ἡ
1609 3395 1702 3447 τοῦ
1737 3394 1872 3449 Θεοῦ

286 3477 458 3546 Λόγου
483 3481 546 3532 δὲ
589 3477 798 3550 ὕμνησε
829 3481 973 3535 κατὰ
1003 3483 1182 3554 σάρκα
1211 3486 1432 3558 Μήτηρ,
1466 3503 1485 3537 ι
1527 3485 1724 3550 Καθὼς
1751 3489 1874 3540 smi-

283 3566 416 3635 λησε
449 3569 604 3637 πρὸς
637 3569 766 3632 τοὺς
813 3569 1070 3641 Πατέρας
1118 3571 1298 3642 ἡμῶν,
1335 3589 1356 3623 ι
1399 3571 1686 3640 λέγουσαν,
1731 3593 1750 3624 ι
1794 3571 1874 3642 τῷ

293 3662 558 3733 Ἀϐραὰμ
593 3664 696 3734 καὶ.
717 3663 796 3734 τῷ
826 3664 1102 3736 σπέρματι
1134 3668 1298 3719 αὐτοῦ
1329 3666 1433 3730 ἕως
1453 3667 1670 3730 αἰῶνος.
1705 3686 1724 3718 ι
1765 3669 1873 3722 Καὶ

283 3756 340 3807 ἐν
366 3759 490 3820 ταῖς
519 3755 776 3826 ιῐράξεσι
817 3755 876 3808 δὲ
928 3759 1240 3827 γέγραπται
1265 3773 1280 3790 ⁸
1311 3761 1346 3812 ι’
1386 3761 1484 3812 Ὃν
1528 3759 1610 3812 δεῖ
1645 3760 1873 3829 οὐρανὸν

283 3845 380 3915 μὲν
411 3847 688 3914 δέξασθαι
709 3846 839 3918 ἄχρι
863 3848 1074 3917 χρόνων
1098 3849 1603 3912 ἀποκαταστάσεως
1629 3851 1868 3914 πάντων,

281 3931 350 3990 ὧν
379 3939 664 4008 ἐλάλησεν
695 3941 722 3992 ὁ
757 3941 886 4002 Θεὸς
907 3939 998 3992 διὰ
1026 3941 1294 4010 στόματος
1317 3942 1539 3993 πάντων
1562 3941 1672 3994 τῶν
1699 3940 1872 4009 ἁγίων

281 4031 446 4084 αὐτοῦ
499 4031 814 4102 προφητῶν
859 4029 954 4084 ἀπ’
1005 4033 1220 4093 αξῶνοςέ
1279 4051 1298 4084 ι
1349 4033 1641 4104 Ἐλάλησεν
1678 4031 1774 4086 οὖν
1812 4034 1874 4086 τὸ

280 4123 508 4194 Πνεῦμα
535 4129 568 4180 ὃ
599 4125 816 4195 ἐξέχεεν
846 4127 874 4177 ὁ
906 4125 1038 4190 Θεὸς
1081 4129 1140 4179 ιν
1179 4128 1302 4189 ταῖς
1346 4128 1601 4196 ἐσχάταις
1637 4127 1872 4198 ἡμέραις

278 4219 372 4269 ἐπὶ
397 4221 596 4272 πᾶσαν
630 4221 831 4288 σάρκα,
865 4219 941 4282 ὡς
987 4220 1191 4289 ἔφησεν
1233 4219 1406 4290 Ίωὴλ,
1435 4223 1528 4274 καὶ
1571 4221 1669 4291 τὴν
1705 4223 1870 4275 καθο-

277 4307 442 4378 λικὴν
482 4311 826 4380 Ἐκκλησίαν
852 4313 1303 4382 ἐπῳκοδόμησεν,
1328 4313 1451 4383 ἥτις
1483 4313 1736 4382 θεμέλιον
1769 4312 1872 4381 μὲν

1981 459 2266 514 personam
2305 445 2394 500 Dei
2425 445 2894 515 accepisse?Natn
2933 448 2979 502 si
3043 447 3378 504 ittsutllatutn
3437 467 3560 520 per-

1976 553 2112 592 sona
2147 549 2252 601 est,
2301 555 2406 593 non
2447 541 2637 610 gratia,
2657 555 2942 608 personam
2967 557 3096 608 ergo
3121 539 3359 610 Spiritus
3391 545 3561 609 parti-

1981 617 2310 697 cipaverunt.
2333 629 2609 700 discipuli,
2661 647 2780 700 quae
2833 641 2962 687 tunc
3019 634 3239 702 quidem
3293 638 3557 691 exsistere

1975 723 2251 788 cmpisset,
2284 722 2426 791 quod
2452 731 2535 778 est
2561 739 2624 776 ex
2657 724 3008 791 hlasphemiis
3047 727 3394 792 impiissima.
3448 729 3554 796 lgi-

1976 821 2066 868 tur
2092 831 2214 869 cum
2281 815 2350 869 de
2383 817 2718 884 plenitudine
2749 817 2868 884 ejus
2899 820 3270 887 acceperimus
3322 821 3552 888 gratiam

1976 923 2078 976 pro
2095 909 2292 972 gratia,
2317 923 2508 977 nempe
2531 923 2626 976 pro
2647 907 2800 977 legali
2828 907 3005 978 ipsum
3025 909 3308 964 nobiscum
3363 913 3553 974 Deum,

1976 1006 2032 1054 et
2070 1015 2168 1066 pro
2210 999 2399 1052 umbra
2429 1001 2737 1062 veritatem,
2765 1011 2928 1068 prout
2956 1001 3162 1054 dictum
3192 1011 3271 1056 est
3312 1019 3324 1056 :
3368 1021 3386 1054 ι
3421 1003 3554 1068 Lex,

1977 1085 2200 1156 inquit,
2233 1103 2327 1157 per
2389 1088 2608 1158 Moysen
2679 1090 2804 1144 data
2847 1096 2964 1154 est,
3019 1092 3192 1157 gratia
3255 1099 3307 1145 et
3355 1093 3558 1147 veritas

1975 1187 2073 1242 per
2107 1172 2291 1228 Jesum
2317 1174 2594 1228 Christum
2623 1176 2888 1241 fac-laest,
2921 1196 2938 1228 ι
2986 1195 3274 1234 curramus
3315 1181 3380 1233 ad
3429 1199 3555 1252 gra-

1977 1265 2108 1318 tiam
2141 1275 2195 1318 et
2221 1267 2528 1330 veritatem,
2562 1269 2700 1321 dona
2733 1271 2918 1338 gratiae
2945 1271 3326 1336 confiteantur,
3363 1283 3416 1326 et
3455 1289 3556 1326 uno

1977 1355 2059 1410 his
2082 1358 2214 1426 ipsis
2239 1360 2468 1428 gratiam
2505 1361 2904 1426 cuswdiamus,
2930 1359 3227 1431 Patre-sque
3259 1379 3555 1433 sequamur

1974 1463 2116 1516 quos
2151 1450 2372 1504 divinus
2405 1453 2658 1506 movebat
2695 1453 3105 1524 Spiritus,qnia
3165 1459 3308 1526 quod
3369 1467 3554 1528 protu-

1979 1542 2156 1596 lerant
2191 1545 2468 1612 propltettn
2496 1545 2790 1601 dixerunt:
2829 1567 2848 1598 ι
2883 1547 2935 1602 1η
2975 1567 3136 1605 unam
3189 1562 3434 1606 sanctam
3459 1567 3554 1605 σει·
3595 1555 3606 1574 ⁸

1977 1641 2230 1694 tholicam
2278 1650 2326 1694 et
2391 1641 2745 1710 apostolicam
2818 1645 3140 1702 Ecclesium.
3180 1666 3198 1699 ο
3258 1647 3554 1704 Zacharias

1975 1744 2192 1800 quoque
2249 1731 2613 1787 Prtecursoris
2649 1733 2864 1802 genitor
2913 1736 3056 1791 istud
3083 1739 3148 1793 de
3181 1739 3339 1796 Patre
3377 1743 3550 1798 dixit:

1979 1839 1998 1872 ι
2030 1821 2182 1876 Sicut
2215 1823 2428 1878 locutus
2477 1835 2561 1880 est
2593 1842 2686 1896 per
2712 1841 2774 1882 os
2809 1841 3151 1893 sanctorum,
3177 1836 3269 1904 qui
3297 1853 3322 1888 a
3352 1841 3552 1894 sa'rulo

1973 1925 2128 1980 sunt,
2154 1916 2548 1986 prophetarum
2583 1920 2704 1986 ejus
2761 1921 2994 1976 salutem
3051 1939 3114 1979 ex
3161 1925 3398 1982 inimicis
3458 1947 3556 1983 no-

1974 2009 2104 2062 stris
2130 2024 2146 2075 ;
2184 2027 2202 2059 t
2227 2010 2424 2063 cecinit
2453 2009 2624 2064 Mater
2645 2011 2803 2067 Verbi
2841 2012 2934 2068 Dei
2965 2009 3262 2073 secundum
3291 2035 3547 2076 carnem:

1978 2116 1996 2150 ι
2033 2099 2187 2154 Sicut
2219 2099 2434 2154 locutus
2467 2103 2639 2154 estad
2671 2102 2860 2158 Patres
2893 2115 3134 2170 nostros,
3177 2108 3447 2164 Abraham
3497 2122 3552 2166 et

1973 2191 2166 2244 semini
2217 2189 2337 2258 ejus
2397 2191 2450 2244 in
2487 2193 2708 2246 saecula.
2749 2211 2768 2246 ι
2803 2195 2870 2248 Ει
2911 2195 2966 2248 in
3002 2199 3228 2252 Actibus
3278 2202 3544 2270 scriptum

1972 2289 2086 2335 est:
2127 2297 2146 2330 ‹
2213 2281 2384 2346 Quem
2428 2289 2644 2349 Oportet
2687 2285 2888 2338 caelum
2944 2288 3224 2356 suscipere
3273 2307 3446 2359 usque
3494 2293 3550 2346 in

1973 2379 2220 2442 tempora
2273 2373 2642 2430 restitutionis
2698 2377 2986 2440 omnium,
3026 2395 3146 2447 quae
3209 2381 3424 2437 loeutus
3469 2391 3554 2438 est

1975 2465 2118 2519 Deus
2142 2480 2234 2534 per
2265 2479 2328 2520 os
2357 2477 2678 2521 sanctorum
2709 2483 2933 2524 suorum
2967 2487 2996 2525 a
3019 2474 3222 2527 sicculo
3259 2478 3556 2546 propheta-

1975 2571 2119 2612 rum.
2151 2575 2170 2607 ι
2197 2555 2436 2610 Locutus
2469 2568 2554 2612 est
2577 2573 2708 2630 ergo
2741 2560 2979 2630 Spiritus
3003 2579 3162 2633 quem
3197 2566 3385 2622 effudit
3408 2571 3553 2623 Deus

1977 2649 2032 2704 in
2069 2648 2387 2704 novissimis
2418 2650 2612 2706 diebus
2650 2667 2816 2722 super
2845 2669 3064 2710 omnem
3102 2673 3340 2724 carnem,
3367 2671 3422 2716 ut
3467 2663 3555 2716 di-

1975 2743 2052 2796 xit
2099 2741 2236 2803 Jeel,
2279 2751 2330 2796 et
2393 2741 2720 2798 catholicam
2760 2745 3394 2816 a'dificavitEcelesiatn,
3431 2770 3553 2822 ane

1977 2831 2397 2886 fundamentum
2435 2834 2594 2888 habet
2621 2835 3019 2892 confessionem
3047 2839 3188 2894 Petri
3223 2843 3556 2900 revelatione

1978 2925 2307 2990 institutam,
2365 2937 2586 2996 propter
2631 2943 2794 2997 quam
2855 2927 2958 2985 iste
3005 2933 3421 3001 cognominatus
3470 2947 3556 2994 est

1977 3021 2195 3080 Petrus,
2219 3018 2433 3072 scilicet
2465 3034 2480 3072 :
2517 3038 2535 3070 ι
2565 3019 2645 3073 Tn
2675 3036 2732 3073 es
2756 3019 3015 3084 Christus
3051 3021 3219 3079 Filius
3261 3027 3351 3081 Dei
3388 3031 3550 3083 vivi.»

1981 3108 2102 3164 llaec
2127 3117 2210 3163 est
2244 3110 2387 3163 enim
2417 3110 2827 3166 fundamentum
2863 3129 3006 3169 vet-ac
3040 3115 3401 3174 confessionis
3461 3139 3555 3174 no-

1979 3213 2105 3258 strae
2138 3212 2358 3271 propter
2417 3217 2582 3272 quam
2639 3203 2755 3272 ipse
2787 3204 2974 3262 Petrus
3001 3217 3188 3276 utpote
3218 3224 3246 3261 a
3274 3207 3437 3265 Patre
3465 3228 3556 3266 at:-

1976 3304 2188 3363 ceptam
2228 3297 2418 3348 beatus
2469 3293 2691 3356 dicitur,
2723 3305 2775 3348 et
2806 3313 2906 3352 nos
2943 3299 3034 3367 qui
3066 3315 3184 3353 eam
3239 3305 3554 3370 accepimus

1975 3386 2028 3440 in
2084 3395 2202 3440 tuto
2260 3385 2448 3454 positi,
2481 3385 2894 3454 supermdilicati
2955 3404 3146 3445 sumus
3171 3406 3336 3462 super
3367 3395 3558 3450 funda-

1977 3490 2219 3532 mentum
2248 3479 2621 3547 apostolorum
2647 3489 2696 3533 et
2729 3479 3136 3550 prephutarnm,
3167 3483 3284 3554 ipso
3327 3501 3548 3540 summo

1977 3571 2219 3638 anguiari
2253 3571 2430 3639 lapide
2462 3572 2681 3626 Christo
2720 3570 2872 3634 Jesu,
2907 3573 3000 3642 qui
3043 3573 3282 3643 Spiritus
3341 3578 3555 3633 habita-

1975 3667 2160 3718 culum
2187 3677 2377 3716 sutnus
2407 3679 2421 3729 ;
2455 3680 2474 3714 ι
2504 3660 2562 3714 ln
2591 3675 2726 3732 quo,
2753 3667 2830 3717 ait
2863 3665 3084 3726 Paulos.
3114 3673 3168 3719 et
3199 3683 3294 3721 vos
3319 3673 3557 3724 coaediﬁ-

1974 3753 2174 3806 camini
2211 3749 2264 3806 itt'
2290 3753 2662 3807 habitaculum
2699 3753 2792 3808 Dei
2825 3757 2876 3806 in
2913 3752 3136 3823 Spiritu.
3173 3777 3192 3809 ι
3229 3757 3547 3817 Videtisne?

1974 3842 2095 3910 Ipsa
2121 3842 2356 3896 Ecclesia
2395 3843 2448 3895 in
2473 3841 2738 3896 Triuitatc
2767 3845 3026 3899 fundatur
3052 3864 3064 3908 ;
3103 3863 3121 3896 ι
3155 3849 3214 3900 lu
3245 3864 3354 3917 quo
3383 3859 3436 3902 c-t
3457 3865 3556 3906 vos

1973 3933 2192 3988 Christo
2208 3931 2334 3986 Jesu
2359 3934 2833 3998 cotedilicamini,»
2868 3937 2942 3988 ait
2963 3935 3183 4000 Paulus,
3206 3939 3455 3994 videlicet
3474 3941 3556 3994 Fi-

1976 4025 2071 4088 lio,
2091 4044 2110 4074 σ
2135 4025 2185 4076 in
2215 4024 2580 4078 habitaculum
2606 4024 2720 4089 Dei,
2738 4044 2756 4076 ι
2783 4027 2833 4080 id
2851 4037 2934 4080 est
2959 4027 3155 4090 Patris,
3179 4028 3262 4080 tiu
3282 4027 3510 4096 Spiritu.
3529 4050 3548 4082 ι

1975 4117 2031 4169 In
2061 4117 2143 4169 his
2171 4115 2454 4170 manifesta
2491 4117 2546 4168 tit
2583 4115 2870 4170 Trinitatis
2909 4117 3206 4182 confessio,
3229 4129 3282 4172 ct
3315 4120 3552 4188 Spiritus

1975 4215 2204 4263 sanctus
2239 4207 2290 4260 in
2323 4208 2438 4274 ipsa
2467 4207 2711 4275 loquitur
2741 4207 3004 4260 Ecclesia;
3035 4197 3392 4277 Quapropter
3439 4221 3553 4268 tres

1976 4299 2289 4370 congregati
2318 4300 2368 4352 in
2401 4299 2619 4352 nomine
2645 4297 2776 4353 Jesu
2805 4299 3008 4354 Christi
3038 4300 3214 4368 ipsum
3254 4301 3457 4358 habent
3493 4304 3550 4359 in

277 4403 402 4473 εσχε
435 4404 544 4474 τὴν
567 4403 640 4457 δι’
665 4403 1060 4470 ἀποκαλύψεως
1091 4405 1384 4473 ὁμολογίαν
1416 4403 1510 4456 τοῦ
1543 4406 1772 4476 Πέτρου,
1799 4403 1869 4458 δι’

1978 4395 2200 4460 medio;
2247 4403 2299 4447 et
2350 4392 2444 4460 qui
2484 4392 2660 4462 diligit
2697 4392 2973 4448 Christum
3004 4394 3056 4446 in
3092 4393 3301 4463 Spiritu
3331 4397 3550 4468 diligit;

278 4493 344 4562 ῆν
373 4497 466 4546 καὶ
507 4495 722 4562 Πέτρος
753 4487 910 4556 οὗτος
935 4493 1270 4564 ὠνόμασται,
1303 4496 1385 4560 τὸ,
1420 4513 1439 4547 ι
1485 4496 1556 4548 Σὺ
1589 4492 1642 4549 εἴ
1675 4498 1702 4550 ὁ
1743 4497 1877 4566 Χρι-

278 4587 398 4648 στος
427 4590 458 4640 ὁ
495 4588 634 4648 Υἱὸς
671 4585 764 4638 τοῦ
799 4587 935 4639 Θεοῦ
965 4586 1058 4638 τοῦ
1091 4585 1314 4649 ζῶντος.
1355 4605 1373 4638 ι
1405 4585 1554 4658 Αὕτη
1587 4589 1698 4657 γάρ
1725 4590 1874 4644 ἐστιν

279 4677 436 4746 ἡμῶν
472 4680 504 4732 ὁ
533 4677 793 4746 θεμέλιος
823 4677 925 4745 τῆς
955 4677 1190 4746 ἀληθοῦς
1229 4678 1546 4746 ὁμολογίας,
1577 4678 1646 4730 δι’
1669 4680 1734 4749 ἢν
1781 4677 1876 4730 καὶ

274 4768 566 4832 αὐτὸς,ὡς
599 4767 753 4836 παρὰ
776 4765 870 4819 τοῦ
899 4767 1112 4836 [ἰατρὸς
1139 4765 1350 4833 μαθὼν,
1375 4767 1760 4838 μακαρίςεται,
1780 4765 1877 4818 καὶ

273 4857 324 4905 οι
374 4855 604 4924 ταύτην
641 4854 894 4916 λαϐόντες
924 4856 1108 4924 ἡμεῖς,
1131 4857 1338 4918 ἀσινεῖς
1375 4855 1830 4924 διαφυλαχθὲντες
1855 4892 1872 4920 ,

273 4945 819 5014 ἐποικοδομηθέντες
840 4945 947 5018 44
983 4948 1076 4998 ἐπὶ
1109 4947 1185 5017 τῷ
1227 4945 1464 5014 θεμελίῳ
1504 4946 1612 4998 τῶν
1645 4948 1876 5000 ἀποστό-

275 5039 382 5092 λων
403 5039 512 5092 καὶ
544 5038 874 5109 προφητῶν,
899 5041 1049 5103 ὄντος
1074 5039 1475 5108 ἀκρογωνιαίου
1499 5037 1662 5090 αὑτοῦ
1698 5036 1874 5108 Ἰησοῦ

273 5129 556 5200 Χριστοῦ,
608 5127 658 5182 οἳ
693 5129 1112 5200 κατοικητήριον
1155 5129 1469 5197 Πνεῦματός
1499 5129 1690 5196 ὲσμεν.·
1719 5144 1738 5178 ι
1788 5127 1877 5178 Ἑν

275 5213 318 5285 ᾧ
346 5221 448 5273 καὶ
481 5221 658 5289 ὑμεῖς
693 5219 1188 5290 συνοικοδομεῖσθε,
1223 5237 1240 5270 ι
1271 5217 1480 5296 Παῦλρς
1511 5235 1701 5287 φησιν,
1745 5236 1762 5270 ι
1796 5219 1878 5282 είς

272 5315 720 5384 κατοικητήριον
754 5312 849 5365 τοῦ
872 5312 1006 5364 Θεοῦ
1043 5315 1103 5366 ὲν
1132 5312 1435 5381 Πνεῦματι.
1473 5331 1492 5364 ι
1533 5311 1767 5381 ⁹ορᾶτε;
1809 5309 1878 5366 Ἦ

285 5406 610 5474 Ἐκκλησία
641 5405 782 5473 αὕτη
834 5405 892 5456 ἐν
932 5407 997 5474 τῇ
1042 5405 1236 5475 Τριάδι
1269 5406 1586 5474 ἐγήγερται·
1617 5407 1674 5457 ὲν
1713 5399 1757 5471 ᾧ
1783 5403 1878 5456 καὶ

275 5496 440 5564 ὑμεῖς
467 5498 562 5568 τῷ
595 5495 816 5567 Χριστῷ
860 5495 1040 5566 Ἰησοῦ
1075 5495 1568 5565 συνοικοδομεῖσθε,
1603 5511 1622 5546 ι
1665 5494 1877 5556 name,-

277 5603 450 5654 φησιν
475 5629 492 5650 ,
543 5587 696 5656 αὐτῷ
741 5589 820 5656 τῷ
861 5588 976 5658 Υίῷ
1010 5586 1234 5658 δηλαδὴ,
1266 5605 1283 5636 ι
1331 5587 1410 5646 είς
1455 5589 1878 5655 κατοικητήριον

277 5679 368 5732 τοῦ
401 5676 588 5744 θεοῦ,
625 5697 642 5730 ι
677 5680 798 5750 ἦτοι
831 5678 928 5732 τοῦ
971 5680 1198 5748 Πατρὸς,
1230 5697 1247 5729 ι
1292 5681 1348 5732 ὲν
1381 5676 1681 5746 Πνεῦματι.
1721 5695 1738 5730 t
1769 5677 1876 5731 Φα-

1985 4505 2004 4542 ι
2037 4485 2206 4540 Nemo
2232 4484 2376 4538 enim
2413 4493 2592 4552 potest
2615 4485 2794 4537 dicere
2827 4483 3116 4537 Dominum
3151 4484 3338 4541 Jesum
3365 4491 3468 4542 nisi
3499 4491 3552 4544 itt

1978 4588 2170 4634 sancto
2215 4577 2418 4646 Spiritu
2456 4594 2473 4626 ι
2510 4585 2594 4630 est
2628 4591 2751 4630 cum
2791 4574 2950 4630 Patre
2981 4586 3036 4630 et
3079 4576 3220 4632 Filio
3250 4589 3306 4633 et
3340 4581 3554 4649 Spiritu

1978 4677 2192 4733 sancto,
2227 4675 2283 4723 et
2335 4667 2574 4721 Trinitas
2605 4669 2658 4720 in
2685 4683 2750 4721 eo
2781 4677 2887 4730 est,
2915 4685 3022 4722 non
3055 4679 3252 4724 natura
3295 4674 3552 4740 quidem,

1978 4763 2072 4818 sed
2115 4762 2312 4832 gratia.
2349 4778 2366 4811 ι
2411 4758 2522 4828 Ego
2547 4759 2714 4824 enim,
2747 4759 2944 4828 inquit,
2985 4773 3038 4816 et
3067 4761 3230 4816 Pater
3269 4764 3554 4820 veniemus

1977 4862 2032 4908 et
2066 4855 2402 4907 mansionem
2435 4853 2576 4920 apud
2607 4867 2731 4905 eum
2766 4851 3056 4908 faciemus.
3099 4871 3116 4904 ι
3157 4853 3331 4923 Igitur
3356 4857 3552 4909 catho-

1977 4944 2082 4998 lica
2116 4953 2200 4998 est
2223 4943 2486 5008 Ecclesia,
2521 4959 2628 4996 non
2658 4942 2923 5008 Romana,
2955 4959 3132 5013 neque
3160 4945 3552 5017 Hierosolymi-

1981 5045 2130 5102 taua,
2159 5051 2335 5105 neque
2358 5035 2962 5106 ConstantinOpolitana
2989 5047 3092 5099 est,
3123 5051 3222 5092 nec
3249 5039 3549 5093 Antioche-

1981 5143 2070 5190 na,
2104 5131 2202 5182 néc
2227 5125 2612 5192 Alexandrina,
2641 5129 2733 5181 scd
2767 5130 3034 5183 catholica
3063 5139 3144 5182 est
3172 5137 3228 5181 et
3257 5145 3402 5196 una;
3429 5147 3552 5198 qutn
3607 5175 3616 5180 .

1978 5219 2139 5272 simul
2169 5224 2356 5270 sancta
2383 5225 2465 5270 est
2494 5225 2548 5270 et
2586 5219 2909 5285 apostolica,
2937 5219 3286 5271 sanctitatem
3323 5220 3546 5288 quidem

1980 5309 2184 5363 habens
2210 5322 2277 5360 ex
2311 5315 2500 5360 sancto
2531 5307 2762 5375 Spiritu,
2795 5309 3152 5377 apostolicam
3185 5325 3318 5363 vero
3375 5313 3554 5382 digni-

1979 5411 2140 5456 tatem
2198 5415 2262 5454 ex
2325 5401 2693 5470 apostoluruttt
2748 5401 3156 5469 praedicatione.
3229 5401 3364 5468 Qua:
3399 5419 3552 5458 cum

1979 5493 2174 5546 habent
2205 5497 2426 5547 ret-hum
2469 5493 2714 5546 veritatis
2771 5497 3066 5560 integrum,
3093 5497 3554 5566 sermonibusque

1978 5583 2178 5654 polleat
2210 5583 2544 5652 apostolicis,
2581 5591 2635 5635 et
2654 5581 3090 5637 sanctificatione
3127 5583 3366 5652 Spiritus
3418 5601 3552 5654 gau-

1979 5675 2124 5744 deat,
2155 5675 2269 5745 ipsa
2306 5689 2414 5730 una
2444 5683 2496 5729 et
2523 5681 2712 5730 saneta
2745 5685 2908 5744 atque
2941 5679 3264 5746 apostolica,
3295 5691 3392 5734 seu
3441 5695 3556 5733 tua-
