4040 6202
292 305 372 367 1³37

1345 303 1732 369 DIALOGUS
1777 301 2073 364 CONTRA
2113 301 2499 366 HERESES.

3393 306 3498 370 133

292 421 366 475 τὸν
397 416 529 470 θεῖον
575 417 781 473 Λέοντα
835 423 1070 479 πάππαν
1119 424 1334 495 ἔχουσα,
1369 425 1465 477 καὶ
1499 421 1626 484 τοῦς
1656 418 1811 474 αυτοῐ

1932 430 2057 470 vum
2110 417 2328 487 quidem
2367 413 2602 472 Leonem
2639 430 2833 488 papam
2879 418 3225 490 adjuvantem
3279 419 3491 478 habens

286 509 652 580 τοπτντηρητὰς,
697 511 989 585 Διόσκορον
1017 515 1074 569 δὲ
1115 512 1524 582 Ἀλεξανδρείας
1565 513 1660 565 καὶ
1706 511 1814 566 Εὐ-

286 605 395 672 τυχῆ
444 601 820 675 πρεσϐύτερον
872 607 969 660 καὶ⁵
1026 607 1154 670 τοῦτ
1219 606 1317 659 σὺν
1378 603 1558 666 αὐτοῖς
1623 602 1814 656 καθαι-

285 693 439 764 ροῦσα.

818 787 1075 842 ΚΕΦΑΛ.
1127 791 1262 844 ΚΗ’.

589 876 729 946 Περὶ
757 877 867 947 τῆς
901 879 1179 948 πέμπτης
1205 879 1495 936 συνόδου.

338 967 430 1021 Καὶ
460 968 494 1033 ἡ
531 967 760 1040 πέμπτη
811 969 868 1023 δὲ
918 972 1028 1023 τῶν
1079 971 1275 1026 ἐκατδν
1327 971 1594 1042 ἐξήκοντα
1643 968 1815 1039 ἁγίων

279 1057 524 1129 Πατέρων,
555 1053 622 1132 ἦς
650 1059 961 1132 ’Δγαπητδς
985 1062 1451 1135 πάππαςέξαρχος
1481 1064 1538 1115 ἐν
1566 1064 1632 1133 τῇ
1662 1063 1816 1116 Κων-

279 1150 550 1215 σταντίνου,
581 1152 725 1205 κατὰ
758 1151 852 1206 τοῦ
897 1155 1208 1224 Ὧριγένους
1238 1155 1327 1207 καὶ
1369 1141 1603 1224 Διδύμου
1633 1170 1692 1205 τε
1721 1153 1817 1206 καὶ⁸

280 1239 546 1311 Εὖαγρίου,
568 1243 821 1298 παλαιῶν
851 1263 1013 1314 τινων
1047 1247 1146 1315 τὴν
1181 1247 1403 1310 κακίαν,
1437 1237 1565 1316 περί
1599 1264 1659 1299 τε
1690 1247 1818 1300 ἅνα-

279 1334 487 1396 στὰσεως
557 1336 770 1405 νεκρῶν
829 1339 923 1391 καὶ
979 1338 1252 1392 πλείστων
1309 1339 1484 1393 ἄλλων
1537 1339 1817 1410 ζητήσεων

275 1422 616 1494 ἀθροισθεῖσα,
648 1427 718 1480 τὰ
745 1429 910 1498 ὃμοια
954 1433 1076 1494 ταῖς
1130 1433 1234 1502 πρὸ
1261 1431 1430 1503 αὐτῆς
1457 1433 1587 1501 περὶ
1611 1431 1706 1484 τοῦ
1739 1435 1815 1484 te-

172 1515 180 1526 '
275 1514 354 1584 ροῦ
385 1515 662 1586 Συμϐόλου
689 1521 1144 1592 νενομοθέτηκεν.

829 1613 1082 1667 ΚΕΦΑΛ.
1128 1615 1259 1671 ΚΘ¹⁸

386 1702 521 1768 Περὶ
543 1701 652 1770 τῆς
681 1702 862 1772 ἕκτης
888 1720 952 1758 τε
978 1706 1078 1760 καὶ
1101 1707 1358 1777 ἑϐδόμης
1381 1710 1672 1766 συνόδου.

338 1785 396 1842 Ἦ
442 1791 581 1861 ἐκτη
632 1793 691 1847 δὲ
745 1795 856 1848 τῶν
909 1796 1104 1850 ἐκατὸν
1151 1799 1419 1868 ἐξήκοντα
1476 1803 1663 1869 πέντε,
1721 1804 1815 1858 καὶ

269 1881 442 1954 ἑϐδόμη
473 1884 584 1938 τῶν
627 1887 956 1955 τριακοσίων
987 1888 1274 1958 ἐξήκοντα,
1315 1883 1390 1944 ὧν
1440 1891 1474 1962 ή
1512 1892 1611 1962 μὲν
1663 1896 1719 1946 ἐν
1744 1894 1812 1965 τῇ

265 1973 364 2045 Νέᾳ
397 1975 588 2051 Ῥώμῃ
615 1981 680 2049 τῇ
719 1980 1130 2034 Κωνσταντίνου
1163 1982 1304 2035 κατά
1339 2000 1398 2036 τε
1434 1984 1692 2054 Ὀνωρίου
1717 1984 1814 2055 τῆς

265 2066 476 2131 παλαιᾶς
521 2070 743 2141 Ῥώμης
770 2075 866 2127 καὶ
892 2073 1118 2142 Σεργίου
1149 2075 1244 2128 καὶ
1279 2076 1498 2148 Πύρρου
1528 2079 1625 2148 τῆς
1655 2081 1812 2132 Κων-

267 2163 758 2230 σταντινουπόλεως,
782 2165 877 2217 καὶ
932 2164 1136 2219 λοιπῶν
1170 2166 1347 2222 ἄλλων
1397 2169 1812 2239 Μονοθελητῶν,

264 2252 388 2320 ut,
419 2254 478 2306 ἐν
517 2254 720 2325 Νικαίᾳ
764 2257 826 2309 τὸ
877 2256 1150 2324 δεύτερον,
1199 2257 1336 2311 κατὰ
1379 2261 1488 2312 τῶν
1538 2260 1814 2314 δυσσεϐῶν

261 2344 770 2414 εἰκονομαχούντων,
803 2347 1184 2418 ἀριδηλότερόν
1215 2365 1271 2401 τε
1308 2350 1404 2401 καὶ
1438 2350 1579 2420 μετὰ
1613 2350 1811 2404 πολλοῦ

262 2431 405 2501 ζήλου
434 2435 508 2488 τὰ
538 2436 669 2503 περὶ
715 2435 809 2488 τοῦ
855 2436 1000 2490 θείου
1043 2429 1320 2509 Συμϐόλου
1374 2440 1606 2504 ἐξέθετο.
1640 2444 1747 2496 Καὶ
1780 2445 1812 2514 ἡ

266 2524 351 2590 μὲν
375 2526 505 2597 ἕκτη
535 2526 744 2591 λέξεσιν
775 2529 968 2594 αὐταῖς
1003 2533 1100 2585 καὶ
1123 2530 1185 2584 τὸ
1210 2532 1310 2600 τῆς
1343 2531 1565 2604 πρώτης
1594 2537 1810 2590 συνόδου

257 2616 481 2688 ἐκτίθησι
519 2618 799 2687 Σύμϐολον
847 2621 942 2674 καὶ
991 2621 1052 2674 τὸ
1084 2622 1184 2692 τῆς
1217 2623 1496 2694 δευτέρας,
1523 2628 1617 2681 καὶ
1647 2629 1813 2699 μηδὲν

257 2708 410 2777 τούτῳ
463 2711 789 2776 προσθεῖναι
829 2711 1208 2765 διακελεύεται
1238 2714 1313 2784 ⁸ή
1349 2714 1406 2767 δέ
1459 2732 1521 2784 γε
1586 2715 1810 2789 ἑϐδόμη,

257 2797 307 2852 ἐν
330 2799 531 2870 ἔχουσα
559 2801 620 2853 τὸ
657 2803 754 2871 τῆς
787 2801 1012 2872 πρώτης
1048 2819 1106 2855 τε
1149 2805 1242 2856 καὶ
1271 2804 1552 2875 δευτέρας,
1585 2806 1720 2877 ὅπερ
1746 2808 1812 2878 δὴ

254 2893 332 2942 καὶ
358 2893 442 2945 ἐπ’
486 2893 792 2963 ἐκκλησίας
823 2893 1188 2964 κηρύττομεν,
1216 2895 1432 2960 λέξεσιν
1464 2896 1653 2960 αὑταῖς
1680 2899 1812 2952 αὐτὸ

254 2983 455 3051 γράφει.
493 2986 608 3038 Καὶ
632 2985 760 3047 τοὺς
795 2985 1206 3056 προσθήσοντας
1237 2989 1293 3040 ἐν
1323 2987 1498 3058 τούτῳ
1524 2988 1558 3060 ἢ
1589 2991 1814 3058 ἀφελόνο

249 3088 354 3137 τας,
409 3077 750 3146 ἱερωμένους
808 3077 907 3147 μὲν
963 3079 1284 3150 καθαιρέσει
1337 3082 1432 3134 καὶ⁵
1489 3075 1808 3153 κληρικοὺς,
1836 3107 1885 3168 _c

250 3164 452 3232 λαῑκοὺς
484 3170 548 3221 δὲ
585 3169 988 3223 καθυποϐἀλλει
1039 3171 1119 3241 τῷ
1173 3172 1336 3226 ἀναθέ
1351 3190 1505 3243 ματι.
1563 3174 1719 3231 Οὕτω
1753 3178 1812 3230 τὸ
1836 3162 1848 3175 ’

251 3261 431 3312 σεπτὸν
459 3260 627 3315 τοῦτο
667 3261 1044 3334 συνεκροτήθη
1078 3263 1342 3317 πάντοθεν
1385 3265 1682 3336 Σύμϐολον,
1718 3273 1815 3323 καὶ

249 3348 344 3401 ὑπὸ
387 3350 495 3402 τῶν
555 3352 816 3420 Πατέρων
851 3355 1312 3426 ἐπισφραγισθέν,
1362 3356 1667 3431 ἐκηρύχθη,
1718 3362 1813 3416 καὶ

244 3441 348 3503 τοῖς
381 3442 664 3513 θαύμασιν
699 3445 925 3498 ἐκείνων
970 3447 1066 3501 καὶ
1113 3446 1295 3514 λόγοις
1349 3449 1681 3520 ἐϐεϐαιώθη,
1716 3453 1812 3506 καὶ

242 3533 341 3594 τοῖς
373 3534 780 3606 συγγράμμασι
813 3536 906 3588 καὶ
933 3537 1010 3608 τῷ
1031 3537 1198 3590 τέλει.
1220 3537 1393 3592 Τοῦτο
1431 3541 1540 3610 γὰρ
1591 3544 1685 3596 καὶ
1717 3542 1812 3614 βα-

243 3625 590 3695 πτιζόμενοι,
628 3628 705 3692 ὡς
740 3630 1066 3698 εἰρήκαμεν,
1102 3631 1191 3682 ἐπ’
1220 3630 1516 3702 ἐκκλησίας
1552 3639 1806 3705 καθωμο-

242 3716 497 3788 λόγησαν,
519 3722 619 3774 καὶ
637 3720 737 3790 τὴν
761 3720 1061 3792 ἱερωσύνην
1082 3721 1381 3792 δεχόμενοι,
1403 3719 1807 3796 προεκήρυξαν,

239 3814 326 3864 καὶ
374 3813 746 3876 τελευτῶντες
800 3813 876 3876 ὡς
926 3812 1138 3880 ἐφόδιον
1189 3813 1531 3884 ὡμολόγουν,
1563 3819 1656 3871 καὶ
1689 3819 1810 3890 Θεῷ

236 3903 400 3973 δῶρον
454 3907 723 3972 παρεῖχον
772 3902 1166 3966 ἐπιτελεύτιον,
1197 3896 1272 3956 ὧν
1305 3906 1401 3959 καὶ
1444 3906 1513 3959 τὰ
1555 3905 1804 3976 λείψανα,

232 3995 320 4046 καὶ
354 3995 426 4048 τὰ
462 3996 635 4064 μέχρι
663 3991 759 4046 τοῦ
788 3992 882 4045 νῦν
911 3992 977 4045 δι’
1005 3993 1186 4046 αὐτῶν
1227 3994 1434 4062 ίάματά
1459 4012 1519 4047 τε
1557 3997 1652 4051 καὶ
1675 3995 1806 4050 θαύ-

237 4101 378 4150 ματα
419 4087 483 4139 τὸ
529 4087 681 4138 θεῖον
725 4085 885 4139 τοῦτο
920 4085 1196 4155 Σύμϐολον
1235 4088 1697 4158 ἐπιμαρτυροῦσι,
1740 4088 1806 4141 δι’

230 4171 287 4230 οὗ
333 4181 431 4234 καὶ
463 4180 569 4251 τήν
618 4180 845 4250 εἰρήνην
875 4181 908 4250 ή
951 4180 1251 4250 Ἐκκλησία
1283 4181 1572 4249 ἐκέκτητο,
1605 4182 1697 4234 καὶ
1737 4181 1807 4233 τὰ

233 4271 367 4340 μέλη
402 4272 505 4324 τοῦ
534 4271 778 4342 Χριστοῦ
804 4271 1058 4342 ἡνωμένα
1088 4271 1340 4341 ἀλλήλοις
1366 4268 1527 4342 ἦσαν,
1561 4272 1654 4326 καὶ
1677 4273 1804 4344 Χρι-

229 4365 350 4428 στὸς
380 4366 416 4435 ή
447 4366 647 4435 εἰρήνη
678 4363 837 4433 ήμῶν
867 4363 940 4426 ὡς
971 4363 1184 4433 κεφαλὴ
1213 4359 1280 4433 ἦν
1315 4365 1422 4426 τοῖς
1453 4363 1676 4433 μέλεσιν
1700 4368 1800 4418 αύ-

1920 506 2200 579 vicemque
2228 508 2347 580 ejus
2374 517 2717 578 praestantes,
2745 509 3061 567 Dioscornm
3089 528 3220 568 vero
3249 513 3486 568 Alexan-

1918 599 2134 654 drinum
2159 607 2212 654 et
2243 601 2521 672 Eutychen
2557 603 2937 673 presbyterum
2987 619 3286 674 eorumque
3339 620 3487 660 asse-

1919 690 2036 745 clas
2059 691 2410 748 subveneris.

2448 782 2682 839 CAPUT
2716 783 2958 840 XXVIII.

2422 874 2496 930 De
2546 877 2744 948 synodo
2792 881 2997 949 quinta.

1988 963 2058 1017 At
2082 963 2333 1033 quintum
2352 967 2645 1021 concilium
2682 969 2748 1021 ad
2778 969 2922 1038 quod
2951 979 3168 1026 centum
3202 980 3256 1026 et
3277 980 3492 1042 septna-

1917 1051 2068 1121 ginta
2104 1055 2291 1111 Patres
2326 1059 2499 1111 sancti
2535 1072 2931 1123 convenerunt,
2965 1063 3052 1116 cui
3085 1061 3303 1131 praefuit
3354 1061 3494 1132 Aga-

1919 1154 2077 1216 petns
2118 1161 2253 1216 papa
2287 1147 2339 1202 in
2373 1149 2595 1204 civitate
2649 1150 3022 1219 Constantini,
3059 1165 3252 1208 contra
3307 1152 3493 1225 Orige-

1920 1253 2066 1305 nem,
2101 1237 2385 1310 Didymnm
2414 1249 2469 1295 et
2495 1242 2813 1312 Evagrium,
2841 1245 2990 1300 viros
3023 1245 3227 1300 malitia
3257 1256 3492 1305 veteres.

1922 1345 2133 1386 necnon
2164 1333 2591 1388 resurrectionis
2623 1344 2960 1390 mortuorum
2997 1353 3160 1392 causa
3215 1338 3491 1406 plurium-

1919 1437 2026 1492 que
2055 1424 2288 1478 aliorum
2343 1427 2582 1494 capitum
2639 1425 2839 1481 similia
2875 1427 2943 1482 de
2999 1435 3188 1482 sancto
3235 1429 3496 1497 Symbolo

1920 1513 2111 1567 statuit
2134 1528 2196 1567 ac
2221 1515 2450 1569 concilia
2480 1516 2630 1585 prius
2655 1526 2973 1572 convocata.

2481 1609 2703 1664 CAPUT
2729 1608 2922 1666 XXIX.

2273 1696 2350 1752 De
2378 1701 2578 1769 synodo
2627 1712 2776 1754 sexta
2808 1711 2858 1755 et
2894 1705 3138 1772 septima.

2009 1787 2232 1843 Sextum
2302 1791 2617 1858 concilium,
2681 1794 2770 1847 cui
2840 1805 3057 1850 centum
3120 1804 3174 1850 et
3213 1795 3494 1866 sexaginta

1921 1879 2161 1949 quinque
2188 1879 2399 1950 Patres,
2439 1894 2494 1939 et
2531 1885 2841 1954 septimum,
2878 1887 2964 1942 cui
2993 1888 3221 1943 trecenti
3256 1889 3310 1944 et
3339 1903 3498 1942 sexa-

1921 1969 2071 2036 ginta
2108 1971 2421 2038 adl'nerunt,
2455 1975 2834 2045 illudiquidem
2872 1993 3025 2032 novae
3055 1978 3241 2033 Romae
3265 1995 3294 2033 a
3346 1977 3492 2031 Con-

1921 2062 2163 2118 stantino
2185 2064 2467 2120 aediﬁcatae
2492 2067 2757 2122 adversus
2795 2067 3098 2124 Honorium
3131 2071 3329 2124 veteris
3377 2068 3488 2125 Ru-

1923 2166 2022 2205 mae
2045 2153 2362 2225 episcopum
2393 2167 2558 2229 atque
2585 2158 2834 2229 Sergium
2857 2172 2908 2215 et
2936 2161 3201 2233 Pyrrhum
3223 2163 3493 2218 Constan-

1922 2244 2344 2314 tinopolitanum
2377 2260 2719 2322 cteterosque
2749 2253 2888 2308 alios
2925 2253 3340 2318 Monotheletas,
3367 2255 3481 2308 .boc

1922 2348 2049 2390 vero
2105 2337 2306 2394 iterum
2361 2341 2554 2397 Nicaeae
2588 2344 2854 2400 adversus
2919 2345 3119 2414 impios
3194 2347 3490 2415 imaginum

1920 2441 2206 2486 eversores
2246 2443 2602 2488 convocatum
2641 2433 2767 2503 fuit,
2797 2437 2976 2506 palam
3009 2437 3177 2493 multo
3204 2439 3386 2494 studio
3431 2455 3496 2494 ea

1920 2534 2040 2588 quae
2062 2521 2126 2575 ad
2157 2523 2401 2579 divinum
2433 2524 2752 2586 Symbolum
2783 2531 3491 2599 spectantdeclaraverunt.

1922 2613 2149 2669 Sextum
2181 2617 2401 2686 quidem
2453 2620 2613 2688 primi
2659 2629 2714 2674 et
2743 2622 2973 2676 secundi
3001 2624 3216 2678 concilii
3254 2622 3488 2694 Symbo-

1920 2699 2030 2754 lum
2063 2703 2316 2772 ﬁrmavit,
2347 2715 2401 2761 et
2431 2722 2498 2762 ne
2546 2708 2674 2777 quid
2709 2709 3000 2763 adderetur
3033 2713 3341 2780 prohibuit.
3387 2714 3490 2768 Se»

1920 2795 2150 2863 ptimum
2187 2805 2368 2851 autem
2425 2812 2594 2852 unum
2661 2799 3208 2872 primi-secundique
3269 2805 3488 2859 concilii

1921 2882 2237 2954 Symbolum
2287 2885 2492 2943 habens
2535 2889 2681 2958 quod
2738 2889 2792 2944 in
2841 2893 3070 2947 ecclesia
3109 2894 3490 2963 pranlicamus.

1920 2975 2024 3030 boc
2058 2966 2174 3031 Suis
2205 2978 2429 3048 scripsit
2452 2979 2674 3045 litteris,
2704 2982 2867 3052 eique
2890 2983 3155 3039 audentes
3189 2987 3487 3056 quidquam

1919 3069 2118 3125 addere
2152 3071 2234 3125 vel
2280 3071 2349 3127 ab
2379 3087 2446 3128 eo
2474 3075 2764 3131 detrahere
2796 3078 3109 3134 sacerdotes
3139 3080 3362 3148 quidem
3434 3089 3489 3133 et
3551 3075 3560 3080 ’

1917 3163 2148 3219 clericos
2175 3177 2204 3218 a
2244 3163 2510 3232 dignitate
2547 3167 2756 3237 dejicit,
2792 3167 2962 3224 laicos
2995 3186 3124 3226 vero
3153 3174 3486 3226 anathemati

1917 3253 2159 3324 subjicit.
2188 3253 2373 3326 Itaque
2400 3266 2691 3325 augustum
2719 3258 2848 3313 illud
2878 3259 3198 3330 Symbolum
3244 3263 3489 3332 undique

1919 3342 2017 3398 fuit
2047 3346 2444 3403 conclamatum
2475 3356 2528 3403 et
2562 3364 2589 3403 a
2635 3348 2892 3406 Patribus
2921 3353 3294 3422 obsignatum,
3361 3371 3488 3410 nec-

1916 3452 2022 3492 non
2059 3438 2128 3493 ab
2152 3440 2356 3496 eisdem
2393 3442 2750 3511 praedicatum
2789 3453 2954 3512 atque
2983 3447 3263 3501 miraculis
3291 3463 3483 3504 eorum

1913 3534 1966 3581 et
2005 3528 2184 3583 verbis
2227 3530 2558 3602 scriptisque
2610 3547 2674 3588 ac
2751 3544 2928 3590 morte
2982 3536 3279 3594 ﬁrmatum.
3335 3538 3483 3600 Istud

1911 3619 2079 3680 enim.
2125 3622 2267 3676 sicut
2302 3623 2561 3690 diximus,
2594 3635 2648 3679 et
2676 3624 2938 3695 baptizati
2970 3629 3024 3681 in
3085 3630 3317 3685 ecclesia
3355 3647 3485 3686 con-

1914 3708 2040 3765 fessi
2069 3720 2220 3776 sunt,
2244 3721 2296 3768 et
2331 3717 2642 3771 sacerdotio
2671 3714 2870 3773 initiati
2913 3721 3370 3788 przt'diCaverunt,
3427 3735 3481 3779 et

1913 3802 2207 3859 morientes
2239 3813 2298 3858 ut
2329 3807 2582 3861 viaticum
2609 3806 2944 3876 habuerunt,
2982 3809 3198 3880 Deoque
3227 3813 3476 3869 ultimum

1913 3908 2112 3948 munus
2143 3895 2498 3965 obtulerunt';
2527 3913 2762 3967 quorum
2797 3901 3040 3970 reliquiae
3080 3914 3134 3956 et
3164 3906 3478 3960 sanctiones

1910 3994 2072 4054 atque
2101 3987 2360 4041 miracula
2398 4005 2492 4060 per
2519 4005 2614 4044 eas
2646 3991 2868 4060 impleta
2893 3994 3136 4048 divinum
3161 3997 3293 4051 illud
3321 3998 3480 4070 Sym-

1909 4074 2091 4130 bolum
2145 4087 2431 4144 testantur,
2500 4095 2608 4149 quo
2662 4096 2851 4150 pacem
2903 4083 3145 4140 Ecclesia
3181 4103 3475 4145 consecuta

1907 4174 2009 4232 est,
2069 4175 2121 4221 et
2171 4169 2414 4224 membra
2470 4169 2672 4228 Christi
2724 4172 2849 4240 sibif
2889 4173 3123 4230 invicem
3182 4179 3474 4248 conjuncta

1908 4268 2054 4324 sunt,
2083 4257 2447 4330 Cbristnsque
2478 4277 2579 4333 pax
2603 4275 2787 4319 nostra
2821 4264 3001 4324 factus
3025 4277 3144 4336 est;
3172 4284 3294 4324 nam
3325 4283 3475 4329 arcte

1910 4357 1966 4401 ut
1998 4358 2160 4419 caput
2189 4351 2445 4407 membris
2477 4355 2593 4409 suis
2622 4355 2901 4413 adunatus
2932 4358 2987 4411 in
3053 4358 3186 4428 ipsis
3239 4361 3477 4418 delecta-

225 4453 314 4507 τοῦ
341 4433 641 4526 ἡνωμένος
667 4454 898 4507 καθόλου
927 4455 1020 4506 καὶ
1053 4454 1480 4524 εὐφραινόμενος
1508 4456 1564 4506 ἐν
1593 4439 1798 4520 αὐτοῖς,

1911 4443 2089 4499 batur.
2117 4433 2632 4504 Pritnatum'autem
2667 4465 2875 4518 amare,
2930 4450 3194 4508 fratribus
3223 4457 3476 4526 superbia

226 4544 294 4599 Τὸ
340 4547 400 4602 δδ
447 4546 914 4617 φιλοπρωτεύειν,
946 4545 1042 4599 καὶ
1086 4546 1196 4599 τῶν
1229 4545 1473 4614 ἀδελφῶν
1506 4545 1800 4617 ὑπεραίρε-

225 4635 344 4690 σθαι
394 4639 498 4692 καὶ
548 4637 936 4706 ὑπερφρονεῖν,
968 4636 1064 4689 καὶ
1117 4635 1217 4689 οὐκ
1249 4636 1341 4688 ἐπὶ
1389 4637 1488 4704 τὴν
1535 4636 1802 4706 καθέδραν
1857 4687 1880 4704 ,

220 4726 306 4780 τοῦ
362 4730 607 4799 Πέτρου,
639 4727 757 4781 ἀλλ’
809 4728 904 4780 ἐπὶ
949 4728 1068 4781 ’τῶν
1100 4727 1340 4796 νεφελῶν
1369 4727 1490 4781 ’καὶ
1542 4730 1800 4799 ὑπεράνω

221 4817 390 4872 δοκεῖν
427 4819 792 4886 καθέζεσθαι,
820 4820 914 4872 καὶ
940 4821 972 4889 ή
1013 4819 1237 4880 ισοθεῖα,
1261 4819 1335 4881 ὡς
1361 4821 1453 4872 καὶ
1477 4821 1538 4874 τὸ
1566 4822 1796 4890 ἀποθνή-

222 4926 368 4966 σκειν
396 4914 524 4975 τοῖς
556 4911 866 4981 ἀνθρώποις
904 4912 1190 4982 πρότερον,
1224 4912 1320 4964 καὶ
1351 4911 1448 4964 νῦν
1475 4911 1532 4964 τὸ
1563 4911 1799 4981 ἀποθνή-

225 5021 367 5059 σκειν
425 5004 672 5066 πολλοὺς
725 5003 906 5073 πολλῷ
958 5003 1346 5074 χαλεπώτερον
1377 5001 1755 5072 ἀπειργάσατο
1780 5021 1792 5035 ·

220 5097 304 5145 καὶ
332 5094 395 5146 τὸ
436 5091 788 5146 κινδυνεύειν
819 5093 1153 5145 καταπεσεῖν
1187 5092 1287 5162 τὴν
1317 5091 1672 5162 Ἐκκλησίαν,
1705 5093 1796 5146 καὶ

218 5183 451 5251 Χριστοῦ
488 5181 903 5252 διασπασθῆναι
932 5181 1000 5234 τὰ
1039 5181 1198 5252 μέλη,
1230 5183 1328 5235 καὶ
1375 5181 1578 5252 ἔχθραν
1624 5182 1797 5236 τεθεῖ-

218 5289 293 5327 ναι
319 5275 613 5344 ἁναμέσον
660 5275 769 5328 τῶν
813 5274 912 5342 τῆς
939 5275 1162 5346 εἰρήνης
1197 5274 1351 5342 υἱῶν,
1385 5274 1478 5337 οὓς
1507 5277 1564 5328 ἐν
1604 5277 1792 5348 ἀγάπῃ

215 5364 334 5428 Θεὸς
367 5368 401 5435 ή
437 5365 643 5433 ἀγάπη
673 5367 969 5432 συνήγαγε,
997 5367 1076 5436 μὴ
1098 5354 1425 5436 φεισάμενος
1450 5365 1543 5419 τοῦ
1579 5369 1794 5437 ἀγαπη-

215 5455 317 5518 τοῦ,
347 5455 529 5526 βαϐαὶ
581 5457 678 5526 τῆς
726 5455 1052 5526 δαιμονικῆς
1094 5457 1394 5526 ἐπηρείαςι
1423 5457 1516 5511 καὶ
1547 5458 1792 5524 συλλογι-
1823 5519 1826 5521 λ

218 5550 330 5614 ego!
359 5549 461 5602 ἐπὶ
489 5549 706 5610 τούτοις
739 5548 848 5601 τῶν
883 5548 1058 5602 ἀθέων
1094 5549 1387 5618 Ἑλλήνων,
1420 5551 1468 5602 oi
1496 5549 1595 5620 τὴν
1630 5552 1792 5603 πολυ-

218 5636 353 5692 Oetae
383 5640 575 5694 πάλαι
602 5641 633 5711 ἢ
665 5640 868 5710 μᾶλλον
910 5640 1101 5694 ἀθεῖαν
1144 5643 1319 5695 εἰπεῖν
1379 5645 1786 5712 συγκροτήσανο

214 5743 314 5797 τες,
352 5736 453 5786 καὶ
491 5731 743 5785 διαϐολαὶ
797 5733 977 5802 ῥητῶν
1023 5735 1336 5803 γραφικῶν,
1363 5735 1459 5787 καὶ
1493 5750 1786 5804 παρερμη-

511 5826 791 5886 Parnm»
830 5828 942 5888 Gn.
978 5827 1157 5887 CLV.

1906 4542 1962 4591 et
1990 4541 2334 4594 contumacia
2387 4541 2674 4607 insultare,
2713 4559 3056 4614 nequaquam
3086 4561 3252 4616 super
3288 4551 3476 4604 cathe-

1905 4630 2058 4684 dram
2090 4629 2258 4696 Petri,
2290 4632 2382 4687 sed
2422 4647 2583 4703 super
2614 4635 2788 4690 nubes
2839 4637 2924 4691 vel
2979 4637 3142 4691 etiam
3185 4640 3476 4697 sublimius

1904 4720 2189 4775 considere
2219 4721 2412 4784 videri,
2469 4724 2576 4778 Deo
2605 4737 2729 4779 sese
2753 4725 3083 4792 assimilare,
3115 4729 3345 4796 perinde
3408 4744 3472 4783 ac

1901 4811 2033 4866 olim
2083 4820 2315 4867 mortem
2379 4814 2436 4867 in
2492 4815 2754 4869 mundum
2805 4817 3040 4883 induxit,
3095 4819 3168 4873 ita
3222 4829 3277 4873 et
3326 4836 3471 4875 nunc

1903 4902 2104 4957 multos
2139 4912 2310 4956 morte
2338 4903 2508 4958 multo
2544 4906 2793 4974 graviore
2829 4905 3042 4974 ali‘ecit;
3077 4908 3201 4962 inde
3228 4907 3469 4964 Ecclesia

1898 4995 2066 5050 exitio
2102 4995 2412 5066 periclitata
2455 5008 2564 5061 est,
2626 4997 2829 5055 Christi
2883 5003 3124 5056 membra
3178 5002 3466 5057 dilacerata

1897 5098 2047 5153 sunt,
2069 5089 2354 5143 inimicitia
2383 5089 2599 5145 inducta
2625 5101 2709 5147 est
2741 5092 2883 5147 inter
2915 5092 3054 5149 ﬁlios
3078 5093 3227 5162 pacis
3252 5108 3391 5163 quos
3411 5095 3462 5149 in

1897 5182 2162 5238 charitate
2190 5180 2334 5237 Deus
2368 5183 2463 5251 qui
2501 5184 2740 5239 cbaritas
2788 5192 2870 5239 est
2905 5183 3268 5253 congregavit,
3306 5197 3461 5241 snam

1897 5275 2178 5331 effundens
2200 5275 2548 5330 charitatem.
2576 5274 2726 5329 Heu!
2761 5286 2960 5344 quanta
2987 5291 3018 5330 a
3045 5276 3294 5333 daemone
3338 5295 3461 5348 per-

1899 5366 2069 5420 nicies
2093 5367 2106 5422 ι
2145 5375 2200 5420 et
2228 5375 2554 5434 argumenta
2577 5367 2644 5421 de
2674 5366 2774 5420 hac
2803 5367 3027 5421 materia
3060 5366 3263 5426 Graecis
3284 5372 3460 5428 atheis

1895 5458 2076 5528 digna,
2101 5458 2192 5527 qni
2227 5461 2428 5511 multos
2448 5459 2576 5512 nlim
2601 5457 2730 5511 deos
2753 5473 2846 5512 seu
2877 5461 3057 5529 potius
3085 5463 3294 5518 nullum
3318 5467 3462 5521 cole-

1896 5547 2046 5610 bant,
2073 5555 2126 5599 et
2152 5545 2452 5614 Scriptura:
2473 5560 2668 5599 vocum
2700 5545 3140 5620 depravationes,
3163 5561 3218 5607 et
3248 5569 3456 5610 sermo.

1893 5653 2022 5691 num
2061 5635 2286 5690 Patrum
2321 5637 2469 5690 falsa:
2504 5637 3372 5706 interpretationes,solummodo
3406 5657 3462 5700 nt

1892 5729 2198 5798 superbiam
2226 5730 2541 5784 tuerentur!
2573 5729 2617 5784 Ο
2649 5731 2836 5802 homo,
2891 5752 3080 5791 omnes
3117 5754 3221 5794 uno
3274 5739 3456 5794 animo

3028 5832 3061 5893 5

2617 5905 2658 5916 Α,
