4040 6202
457 271 466 278 χ

447 300 546 364 139

1253 280 1626 344 SYMEUNIS
1661 265 2408 337 THESSALONICENSIS
2445 259 2802 323 ARCHIEP.

3571 247 3676 312 HO

443 408 1046 470 clalnavcruutl‘atres,
1073 417 1180 456 non
1225 398 1396 454 semel
1424 405 1634 450 tantum
1661 391 1742 446 vel
1775 389 1859 444 bis
1909 395 2003 443 aut
2033 396 2054 453 ι

2145 385 2244 438 ttat
2263 377 2545 451 πατρικῶν
2569 375 2761 444 λόγων,
2782 370 2893 443 46
2907 369 2993 422 ἶνα
3013 364 3172 437 μόνον
3192 361 3253 416 τὸ
3275 362 3372 432 τῆς
3393 346 3674 433 ὑπερηφξι.

448 517 550 570 ter,
582 501 676 558 sed
707 510 759 553 et
782 495 1010 567 pluiies,
1049 491 1194 544 sicut
1227 486 1394 550 nosti,
1424 498 1588 555 quam
1622 477 1814 550 agendi
1843 474 2005 531 ratio-
2061 541 2064 544 γ

447 612 570 651 nem
608 598 839 646 testatus
892 593 976 639 est
1009 585 1169 646 Deus,
1203 587 1260 632 tu
1311 586 1491 631 autem
1528 571 1774 627 divinum
1834 560 2009 621 sancti

449 686 624 742 Patris
637 681 881 750 .Verbum
906 673 1181 745 pravando
1206 666 1508 731 frustraris,
1527 663 1578 718 vi
1605 675 1808 734 cogens
1822 668 1882 713 ut
1900 671 2008 709 non

445 778 512 832 de
547 746 643 828 illo
667 772 847 840 capite
877 749 1036 829 bene,
1079 776 1207 816 vero
1235 760 1303 814 de
1335 757 1442 811 alio
1490 753 1762 826 prolatum
1821 746 2009 807 fuerit,

445 866 685 934 illudque
710 861 883 914 aliena
910 855 1237 927 cogitatione
1259 848 1433 918 adigis
1460 842 1832 900 utsecundum
1863 847 2010 892 tuam

445 963 716 1016 errantem
763 949 1074 1021 opinionem
1127 942 1326 1013 cogitet
1389 944 1443 992 et
1491 929 1802 1004 cogitetur!
1871 927 2013 995 Ergo

449 1040 1058 1118 temetipsumseducis.
1096 1036 1161 1089 Et
1223 1033 1268 1088 si
1301 1027 1591 1100 protuleris
1619 1020 1882 1094 Cyrillum
1913 1026 2008 1072 aut

451 1141 727 1203 Basilium,
761 1137 841 1190 vel
874 1147 998 1186 vere
1019 1142 1272 1198 maguum
1304 1119 1661 1176 Athanasium
1683 1123 1737 1168 et
1763 1109 2015 1177 Augusti-

452 1249 606 1294 num,
640 1239 693 1284 ct
723 1225 1092 1284 Ambrosium,
1121 1233 1221 1286 ego
1276 1215 1444 1270 etiam
1475 1210 1569 1266 tibi
1633 1209 1750 1277 ipse
1788 1212 1915 1276 ante
1967 1210 2018 1254 te

452 1323 693 1396 profero,
727 1321 805 1372 vel
848 1318 1008 1371 etiam
1040 1312 1211 1366 multo
1241 1310 1448 1379 plures,
1478 1303 1740 1374 quoniam
1792 1298 1844 1352 in
1883 1293 2019 1364 ipsis

448 1433 551 1488 ego
587 1417 766 1486 potius
789 1408 1124 1466 conﬁdenter
1153 1401 1449 1473 gloriabor,
1483 1406 1536 1452 et
1563 1399 1885 1465 argumenta
1927 1398 2017 1442 tua

452 1481 655 1563 Gvrzccis
689 1506 849 1573 digna
878 1501 1073 1570 quibus
1114 1494 1364 1564 gloriaris
1393 1507 1458 1544 ex
1526 1498 1706 1542 mente
1753 1481 2018 1553 repudio;

453 1615 555 1670 ego
598 1611 728 1652 vero
756 1596 808 1648 in
860 1593 1122 1645 honorem
1147 1600 1325 1641 causa:
1353 1597 1484 1636 meai
1521 1581 1656 1634 alios
1706 1577 1883 1630 adhuc
1926 1573 2020 1642 qui

455 1701 582 1744 ante
652 1689 832 1741 dictos
881 1689 1070 1736 t’atres
1116 1679 1370 1731 vixerunt
1445 1683 1768 1742 proponam,
1825 1677 2020 1732 nempe

463 1778 796 1848 Dionysium,
823 1782 877 1827 et
903 1785 1024 1826 cum
1057 1770 1174 1837 ipso
1203 1763 1547 1824 Jerotbeum,
1598 1771 1809 1812 necnon
1838 1754 2023 1822 signo-
2054 1743 2095 1797 Β

457 1887 575 1926 rum
632 1867 880 1936 opiﬁcem
939 1860 1285 1928 Gregorium,
1321 1854 1600 1908 Justinum
1638 1847 2018 1919 philosophum

457 1974 510 2015 et
546 1968 861 2028 martyrem,
894 1955 1124 2019 ejusque
1171 1956 1550 2002 antecessores
1597 1950 1651 1995 et
1678 1949 2019 2002 ,coaetaueos.

461 2053 682 2120 insuper
739 2044 1059 2114 Gtegorium
1114 2049 1166 2094 et
1217 2035 1568 2106 Gregorium,
1618 2028 1882 2084 Joannem
1931 2041 2026 2080 ore

460 2153 708 2200 aureum,
741 2111 1036 2187 Maximum
1089 2135 1144 2181 et
1177 2124 1442 2178 Joannem
1491 2115 1867 2187 phil050plios,
1907 2111 2026 2164 uni-

461 2241 790 2308 versumque
817 2239 939 2277 cum
977 2218 1109 2288 ipsis
1142 2215 1362 2268 Patrum
1393 2209 1642 2263 chorum.
1677 2205 1758 2258 Tu
1808 2200 2026 2272 quidem

463 2296 635 2378 stabis
666 2296 1014 2371 contentione
1045 2311 1332 2376 disputans
1373 2313 1429 2358 et
1485 2296 1827 2369 argumentis
1877 2296 2025 2346 inso-

375 2462 382 2465 ..
466 2417 722 2477 lcscrtts;
758 2413 1060 2476 cgoautem
1098 2401 1274 2454 dicam
1312 2405 1363 2448 te
1390 2393 1705 2460 Scripturas
1745 2395 1798 2441 et
1838 2383 2030 2436 Patres

466 2509 598 2561 l‘ilsa
631 2499 994 2570 explicatione
1026 2501 1375 2556 corrumpere
1404 2495 1456 2538 et
1478 2479 1781 2550 aspernari,
1805 2477 2028 2531 Graeco-

468 2568 715 2665 rumque
745 2607 848 2645 non
900 2586 1120 2641 Patrum
1180 2593 1298 2636 esse
1353 2573 1698 2644 discipulum.
1753 2568 2028 2628 Attamen,

469 2695 512 2744 si
541 2690 753 2746 vellem,
783 2699 882 2748 ego
908 2692 1127 2748 quoque
1160 2674 1332 2727 habeo
1369 2673 1692 2736 argumenta
1726 2662 1835 2714 tuis
1894 2673 2032 2728 pra:-

469 2779 668 2833 stautia
695 2775 892 2844 quibus
931 2769 1256 2836 dejiciantur
1285 2760 1592 2829 sophistica:
1621 2765 1728 2809 tuae
1759 2753 2035 2807 ratiuncu-

469 2875 555 2933 lae.
588 2871 676 2924 illa
717 2877 898 2920 autem
941 2860 1154 2930 rejieio,
1192 2865 1244 2910 et
1270 2847 1770 2908 demonstrationes
1831 2859 1895 2897 ex
1933 2841 2037 2894 Pa-

473 2965 647 3018 tribus
663 2969 964 3023 eorumque
981 2949 1326 3005 sermonibus
1344 2954 1688 3011 componam.
1717 2937 1798 2990 Tu
1818 2933 2034 3004 quidem

2113 473 2228 533 νίας
2271 450 2726 536 ἐπεκδικήσωσιν.
2765 460 3079 528 Ἄνθρωπε,
3109 454 3311 514 πάντες
3352 450 3490 520 ὁμοῦ
3519 468 3675 506 συνε-

2112 560 2371 632 φώνησαν
2395 560 2445 612 oi
2473 555 2615 610 [Ιατέ
2625 571 2737 624 ρες,
2766 552 2859 604 καὶ
2876 550 2948 632 ,ού
2975 547 3104 618 μίαν
3130 545 3163 614 ἦ
3194 544 3273 606 δὶς
3294 541 3455 606 μόνον
3479 542 3512 614 ἢ
3535 542 3678 613 τρὶς,

2113 653 2248 705 ἀλλὰ
2278 652 2370 702 καὶ
2417 648 2672 711 ἑπτάκις,
2705 645 2780 704 ὡς
2830 635 3008 694 οἷσθα.
3067 637 3177 690 Kal
3221 637 3282 688 τὸ
3317 635 3448 704 παρ’
3499 635 3692 688 αὑτῶν-

2113 742 2244 803 Θεὸς
2286 737 2700 809 μεμαρτύρηκε.
2736 733 2808 786 Σὺ
2843 731 2897 784 δὲ
2935 729 3189 791 κλέπτεις
3223 726 3386 798 ῥητόν
3431 731 3484 779 τι
3533 725 3678 778 θεῖον

2113 829 2434 901 κακουργῶν
2475 829 2632 896 ἁγίου
2677 823 2910 894 Πατρδς,
2948 820 3262 889 ἀναγκαίως
3299 817 3439 888 ὑπὲρ
3489 817 3678 887 ἐτέρου

2115 925 2451 994 ζητήματος,
2486 921 2578 974 καὶ
2613 919 2711 988 ούχ
2763 917 2903 987 ὑπὲρ
2957 913 3148 969 τούτου
3203 909 3352 979 αὐτῷ
3398 907 3675 980 ῥηθέντος,

2116 1020 2209 1074 καὶ
2242 1018 2364 1071 καθ’
2399 1016 2590 1082 ἑτέραν
2645 1012 2875 1074 ἔννοιαν,
2909 1007 3004 1062 καὶ
3035 1009 3191 1059 τοῦτο
3227 1003 3391 1075 βιάζῃ
3423 1003 3560 1054 νοεῖν
3585 999 3680 1054 καὶ

2117 1109 2354 1164 νοεῖσθαι
2405 1105 2544 1160 κατὰ
2579 1104 2677 1173 τὴν
2731 1098 3160 1168 πεπλανημένην
3195 1095 3354 1161 δόξαν
3386 1093 3486 1163 τὴν
3534 1091 3638 1160 σήν
3665 1106 3682 1158 ;

2117 1199 2470 1273 Φρεναπατᾷς
2503 1193 2598 1249 οὖν
2633 1192 2845 1248 ἑαυτόν.
2873 1190 2980 1244 Kal
3013 1186 3383 1273 einpoepépatc
3415 1183 3687 1252 Κύριλλον

2118 1265 2497 1366 ⁴ἣίΒασίλειον,
2529 1289 2561 1358 ἥ
2596 1285 2919 1340 Ἀθανάσιον
2964 1265 3075 1334 τδν⁸
3093 1277 3309 1348 ἀληθῶς
3359 1276 3552 1347 μέγαν,
3587 1275 3685 1330 καὶ

2119 1384 2480 1454 λύγουστῖνόν
2516 1399 2574 1436 τε
2610 1379 2706 1434 καὶ
2735 1375 3094 1448 ’Δμόρόσιονο
3129 1373 3223 1424 καὶ
3273 1369 3434 1431 αὑτός
3464 1382 3548 1420 σοι
3577 1365 3685 1436 γὰρ

2121 1479 2342 1539 τούτους
2396 1477 2501 1546 πρὸ
2536 1473 2630 1526 σοῦ
2687 1470 2970 1542 προφέρω,
3003 1467 3100 1520 καὶ
3136 1465 3215 1518 ἔτι
3255 1462 3380 1525 τοὺς
3410 1460 3687 1520 πλείονας,

2123 1573 2244 1626 ἐπεὶ
2271 1570 2364 1623 καὶ
2394 1569 2490 1620 ἐπὶ
2509 1565 2717 1627 τούτοις
2754 1562 2956 1632 μᾶλλον
2987 1557 3205 1629 θαρρῶν
3236 1553 3347 1621 ἐγὼ
3365 1550 3685 1621 καυχῶμαι.

2127 1663 2235 1717 Kal
2289 1661 2357 1714 τὰ
2407 1658 2696 1728 Ἐλληνικὰ
2750 1672 2848 1708 σου
2906 1652 3217 1721 σοςρίσματα
3267 1643 3348 1709 οἷς
3401 1644 3560 1706 αὐτὸς
3593 1643 3686 1710 ἐγ-

2125 1755 2323 1825 καυχᾷ,
2357 1752 2774 1820 ἀποστρέφομαι
2801 1748 2864 1799 ἐκ
2895 1743 3093 1814 ψυχῆς.
3137 1739 3438 1810 Προσθήσω
3465 1735 3521 1788 δὲ
3551 1733 3690 1802 ὑπὲρ

2129 1847 2260 1917 ἐμοῦ
2304 1845 2552 1905 καὶτοὺς
2599 1839 2706 1912 πρδ
2758 1839 2864 1891 τῶν
2910 1835 3214 1906 εἰρημένων
3261 1831 3452 1892 ἄλλους
3501 1827 3693 1893 ἁγίων,

2127 1935 2403 1990 Διονύσιόν
2452 1952 2620 2004 φημι,
2660 1930 2754 1984 καὶ
2812 1928 3076 1998 Ἰερὸθεον
3127 1924 3224 1976 σὺν
3263 1919 3434 1989 αὐτῷ,
3475 1918 3566 1972 καὶ
3602 1918 3695 1969 τὸν

2127 2027 2554 2099 Θαυματουργὸν
2603 2023 2822 2094 Πατέρα
2861 2019 3183 2090 Γρηγόριον,
3227 2012 3443 2068 καὶτὸν
3477 2009 3692 2078 φιλόσο-

2131 2139 2229 2190 φον
2255 2121 2550 2173 Ἰουστῖνον
2602 2114 2697 2167 καὶ
2737 2113 3012 2182 μάρτυρα,
3049 2107 3140 2160 καὶ
3188 2105 3314 2168 τοὺς
3367 2101 3473 2172 πρὸ
3501 2099 3697 2152 τούτου

2131 2213 2226 2266 καὶ
2283 2210 2380 2262 σὺν
2427 2207 2604 2276 τούτῳ
2629 2223 2640 2237 ·
2675 2205 2754 2256 ἔτι
2787 2220 2843 2255 τε
2881 2201 3181 2270 Γρηγόριον
3231 2195 3324 2250 xal
3375 2193 3702 2264 Γρηγὸριον,

2129 2303 2384 2370 Ἰωάννην
2418 2316 2476 2352 τε
2507 2298 2596 2352 τὸν
2632 2293 2889 2365 χρυσοῦν,
2921 2293 3015 2346 καὶ
3046 2290 3300 2356 Μάξιμον
3326 2287 3420 2339 καὶ
3441 2284 3702 2348 Ἰωάννην

2131 2393 2254 2454 τοὺς
2285 2390 2634 2460 φιλοσόφους,
2666 2387 2760 2439 καὶ
2797 2385 2895 2438 σὺν
2936 2384 3120 2444 αὐτοῖς
3153 2380 3328 2433 πάντα
3354 2377 3442 2430 τὸν
3463 2376 3569 2430 τῶν
3591 2374 3703 2426 Πα-

2133 2484 2304 2551 τέρων
2341 2481 2520 2550 χορόν.
2556 2479 2664 2531 Kal
2717 2478 2780 2529 σὺ
2846 2476 2950 2542 μὲν
3000 2473 3171 2544 στήσῃ
3225 2466 3568 2538 φιλονεικῶν,
3605 2463 3704 2516 καὶ

2137 2572 2516 2641 συλλογισμοῖς
2575 2567 2985 2639 φρυαττόμενος
3019 2579 3033 2594 ο
3071 2565 3244 2631 ἔγωγε
3282 2561 3338 2613 δὲ
3381 2560 3454 2624 ῶς
3489 2573 3704 2628 παρερ-

2140 2664 2392 2734 μηνεύεις
2429 2663 2522 2714 καὶ
2559 2659 2868 2720 διαϐάλλεις
2913 2656 3024 2727 ἐρῶ
3070 2658 3168 2715 τὰς
3211 2652 3432 2723 Γραφὰς
3459 2647 3706 2706 καὶτοὺς

2140 2759 2414 2826 Πατέρας,
2439 2755 2533 2807 καὶ
2559 2753 2632 2814 ὡς
2660 2753 2770 2805 τῶν
2807 2752 3078 2821 Ἑλλήνων
3110 2753 3203 2802 καὶ
3235 2749 3294 2799 ού
3317 2745 3422 2798 τῶν
3451 2741 3708 2812 Πατέρων

2144 2849 2392 2919 μαθητὴς
2441 2842 2510 2900 εί.
2562 2844 2756 2898 Καίτοι
2791 2858 2852 2910 γε
2889 2843 2936 2895 εί
2977 2839 3292 2910 βουλοίμην.
3334 2836 3430 2889 καὶ
3460 2833 3710 2899 συλλογι-

2144 2941 2312 3010 σμοὺς
2349 2939 2489 3008 ὑπὲρ
2518 2938 2648 3000 τοὺς
2681 2936 2805 2996 σοὺς
2849 2933 2988 2986 κατὰ
3013 2930 3120 2984 τῶν
3151 2931 3257 2983 σῶν
3292 2926 3569 2996 λογισμῶν
3597 2924 3709 2977 τῶν

471 3052 815 3111 Aristotelem
879 3056 931 3099 ct
975 3043 1256 3096 Plutonem
1283 3065 1286 3070 -
1313 3037 1393 3089 vel
1439 3036 1601 3088 etiam
1640 3029 1924 3098 quemdam
1969 3040 2031 3078 ex

2146 3031 2474 3100 σοφιστικῶν
2527 3031 2824 3096 κέκτημαι.
2877 3023 3228 3094 Ἀπορῤίτττω
3257 3021 3311 3073 δὲ
3341 3019 3581 3080 τούτους,
3630 3014 3710 3076 ὡς

476 3147 632 3201 novis
675 3143 783 3197 tuis
814 3136 1132 3193 doctoribus
1157 3143 1418 3199 repones;
1453 3125 1546 3178 sed
1591 3137 1689 3192 ego
1736 3119 1828 3173 tibi
1862 3119 2040 3186 pisca-

477 3248 625 3292 tores
659 3244 931 3302 Opponam
965 3237 1263 3291 eorumque
1295 3215 1701 3288 przrdicatiouis
1755 3209 2044 3266 sincerita-

479 3338 607 3391 tem,
646 3299 711 3378 et
735 3299 918 3378 veram
953 3317 1273 3386 sapientiam
1299 3326 1460 3379 quam
1497 3316 1552 3361 tu
1577 3302 1862 3360 stultitiam
1892 3299 2040 3368 judi-

479 3432 599 3481 cas,
656 3414 738 3467 vel
809 3412 972 3464 etiam
1043 3403 1363 3471 simpliciter
1425 3395 1643 3466 pietatis
1719 3388 2039 3461 mysterium

481 3507 625 3577 quod
644 3502 846 3557 Paulus
872 3511 1127 3568 maguum
1150 3509 1274 3547 esse
1291 3498 1439 3544 recte
1460 3485 1737 3558 prmdicat,
1756 3490 1809 3535 et
1825 3481 2044 3548 sapien-

482 3575 607 3654 tiam
631 3606 776 3649 tuam
811 3591 1030 3646 stultam
1063 3587 1280 3648 faciam,
1312 3593 1364 3636 et
1387 3584 1562 3635 dicam
1600 3595 1613 3631 :
1650 3595 1669 3627 ι
1697 3575 1862 3628 Deum
1892 3585 2046 3623 nemo

483 3692 618 3746 vidit
660 3701 897 3756 unquam
924 3699 940 3750 ;
968 3679 1197 3735 maneiu
1227 3677 1306 3730 eis
1343 3689 1462 3744 qua:
1493 3669 1730 3733 didicisti
1761 3674 1813 3719 et
1863 3663 2045 3718 consi-

486 3784 640 3846 dera,
698 3781 878 3831 sciens
929 3790 958 3827 a
1002 3787 1111 3842 quo
1172 3768 1446 3832 didicisti;
1489 3763 1680 3817 stultas
1725 3757 2050 3829 quaestiones

487 3845 708 3934 devita;
742 3863 996 3936 prwcipio
1029 3861 1126 3914 tibi
1181 3872 1362 3913 coram
1423 3853 1641 3907 Christo
1694 3845 1845 3911 Jesu,
1897 3859 2050 3900 serva

490 3963 686 4016 bonam
708 3955 1106 4010 confessionem
1133 3964 1150 4017 ;
1177 3955 1232 4002 et
1253 3944 1664 4000 fundamentum
1696 3934 1842 3992 aliud
1895 3949 2052 3988 nemo

488 4055 668 4120 potest
706 4060 906 4115 ponere
930 4049 1125 4111 praeter
1166 4036 1217 4091 id
1246 4034 1391 4104 quod
1423 4032 1656 4102 positum
1696 4035 1814 4090 est;
1841 4025 1884 4079 si
1933 4024 2054 4092 quis

487 4117 945 4210 cvangelizaverit
998 4131 1150 4186 vobis
1205 4135 1400 4197 praeter
1450 4125 1503 4176 id
1555 4121 1700 4191 quod
1743 4117 2054 4185 accepistis,

483 4237 780 4286 anathema
807 4232 896 4281 sit.
930 4244 948 4275 ι
990 4225 1051 4277 Ει
1076 4235 1129 4275 ιιι
1154 4218 1374 4290 quidem
1404 4219 1478 4269 ita
1502 4213 1792 4268 reverteris
1823 4223 2053 4269 vacuus,

485 4339 594 4392 ego
626 4334 751 4374 vero
775 4316 1049 4386 gloriabor
1094 4309 1338 4378 ingloria
1386 4307 1606 4359 Patrum
1640 4315 1909 4361 meorum,
1948 4311 2056 4349 non

2149 3122 2224 3190 μὴ
2252 3119 2340 3173 διὰ
2371 3117 2469 3186 τῆς
2503 3116 2671 3184 Θύρας
2698 3113 3135 3190 εἰσερχομένους,
3163 3112 3257 3162 καὶ
3282 3109 3378 3170 τὰς
3407 3104 3712 3169 ἀποδείξεις

2145 3215 2209 3264 ὲκ
2242 3211 2350 3262 τῶν
2386 3208 2641 3277 Πατέρων
2673 3206 2769 3257 καὶ
2803 3205 2909 3256 τῶν
2958 3203 3179 3255 ἐκείνων
3216 3219 3297 3254 σοι
3331 3201 3502 3269 λόγων
3550 3197 3709 3267 ποιή-

2149 3319 2333 3371 σομαι.
2366 3300 2475 3352 Kal
2506 3300 2568 3350 σὺ
2604 3299 2704 3368 μὲν
2735 3297 3051 3365 ἁντιφήσεις
3073 3296 3139 3347 τὰ
3171 3293 3587 3366 Ἀριστοτέλους
3618 3293 3715 3345 καὶ

2149 3386 2457 3451 Πλάτωνος.
2487 3390 2565 3441 ἔτι
2611 3389 2664 3440 δὲ
2711 3390 2805 3440 καὶ
2851 3387 2957 3438 τῶν
3011 3389 3145 3437 νέων
3187 3402 3280 3437 σου
3334 3383 3708 3438 διδασκάλων·

2147 3481 2255 3550 ἐγὼ
2283 3484 2338 3536 δέ
2369 3501 2450 3536 σοι
2487 3481 2613 3544 τοὺς
2648 3480 2817 3540 ἁλιεῖς
2850 3478 3150 3545 ἀντιθήσω,
3174 3480 3260 3529 καὶ
3299 3477 3358 3527 τὸ
3385 3475 3591 3528 ἁπλοῦν
3618 3475 3717 3527 αύ-

2149 3574 2256 3626 τῶν
2286 3573 2377 3625 τοῦ
2411 3571 2788 3640 κηρύγματος,
2819 3571 2909 3620 καὶ
2941 3569 3040 3637 τὴν
3075 3569 3241 3629 ὅκτως
3282 3567 3498 3633 σοφίαν,
3527 3565 3718 3618 δοκοῦ-

2152 3683 2247 3718 σιν
2278 3663 2334 3716 δέ
2367 3682 2448 3716 σοι
2484 3663 2716 3730 μωρίαν.
2744 3661 2851 3713 Καὶ
2882 3659 2960 3710 Et:
2988 3660 3047 3710 τὸ
3071 3661 3166 3727 τῆς
3201 3657 3481 3720 εὐσεϐείας
3511 3658 3721 3726 μυστή-

2153 3776 2269 3830 ριον
2301 3760 2357 3810 ὲν
2392 3755 2672 3817 ἁπλότητι,
2705 3756 2841 3821 ὅπερ
2872 3754 2898 3802 ὁ
2930 3751 3136 3813 Παῦλος
3185 3752 3326 3818 μέγα
3360 3746 3499 3804 εἶναι
3527 3749 3720 3819 ὁμολο-

2153 3854 2438 3923 γουμένως
2477 3851 2766 3922 μαρτυρεῖ.
2809 3849 2916 3900 Kal
2945 3847 3043 3914 τὴν
3079 3847 3271 3911 σοφίαν
3312 3861 3402 3896 σου
3459 3840 3717 3913 μωρανῶ.

2155 3947 2283 4010 Kal,
2319 3964 2336 3996 ι
2366 3945 2467 3996 Τὸν
2496 3944 2628 3995 Θεὸν
2652 3942 2826 4001 ’,ύδεὶς
2863 3939 3073 4009 ἑώρακε
3099 3936 3372 4001 nimam,»
3405 3935 3719 4006 προσθήσω.

2156 4039 2287 4103 Καὶ,
2315 4055 2331 4086 ι
2355 4035 2502 4088 Μὲνε
2525 4036 2580 4086 ὲν
2600 4028 2680 4095 οἷς
2711 4030 2905 4100 ἔμαθες
2931 4032 3022 4081 καὶ
3045 4028 3374 4095 ἐπιστώθης,
3394 4027 3547 4090 εἰδὼς
3570 4026 3725 4096 παρὰ

2154 4128 2298 4186 ιιίνος
2333 4123 2552 4193 ἔμαθες.
2582 4142 2600 4174 ι
2633 4121 2740 4175 Kal
2765 4120 2846 4185 τὸ,
2892 4139 2910 4170 ι
2934 4119 3044 4181 Τὰς
3080 4118 3265 4189 μωρὰς
3299 4118 3552 4189 ζητήσεις
3569 4133 3725 4186 -παρ-

2158 4217 2336 4270 αιτοῦ.
2375 4234 2395 4266 ι
2441 4214 2549 4268 Kal
2583 4210 2952 4282 παραγγέλλω
2982 4226 3062 4263 σοι
3093 4211 3323 4262 ἐνώπιον
3372 4209 3552 4278 Ἰησοῦ
3587 4208 3723 4274 Χρι-

2163 4304 2313 4370 στοῦ,
2339 4303 2572 4374 φύλαξον
2620 4303 2718 4373 τὴν
2751 4301 2922 4371 καλὴν
2973 4302 3286 4373 ὁμολογίαν.
3332 4301 3444 4354 Καὶ
3473 4299 3728 4367 θεμέλιον

418 4427 421 4429 ·
492 4414 643 4465 enim
679 4415 938 4462 evacuata
969 4402 1072 4455 fuit
1095 4416 1228 4454 crux
1268 4396 1490 4457 Christi,
1525 4395 1626 4447 etsi
1658 4391 1776 4460 ejus
1803 4389 2054 4457 pradica-

2165 4398 2323 4453 ἄλλον
2352 4395 2525 4458 οὐδεὶς
2554 4394 2777 4447 δύναται
2806 4393 2978 4446 θεῖναι
3013 4393 3163 4462 παρὰ
3189 4393 3280 4445 τὸν
3312 4391 3583 4460 κείμενον.
3621 4391 3728 4442 Kal

495 4503 572 4556 tio
601 4495 921 4568 quibusdam
955 4491 1183 4546 stultitia
1233 4488 1505 4542 videatur.
1539 4481 1695 4539 Unde
1749 4479 2059 4548 accepimus

501 4588 645 4656 quod
669 4579 1024 4651 accepimus?
1051 4577 1096 4633 Α
1137 4577 1362 4647 Spiritu.
1394 4574 1456 4628 Et
1495 4573 1808 4643 quicunque
1853 4569 2060 4639 Spiritu

503 4679 597 4734 Dei
627 4685 884 4746 aguntur,
918 4673 953 4726 ii
980 4679 1106 4726 sunt
1133 4670 1226 4724 lilii
1260 4668 1376 4735 Dei,
1401 4682 1632 4736 quarum
1667 4662 2062 4719 sententiarum

485 4773 638 4843 lines
668 4769 985 4841 protrahere
1019 4779 1125 4818 non
1151 4771 1388 4832 oportet.
1431 4759 1562 4813 Vide
1589 4757 1753 4827 igitur
1779 4771 1844 4810 ne
1866 4755 2066 4809 stultus

504 4867 604 4919 tias
637 4866 804 4924 (ilius,
831 4860 922 4929 qui
950 4871 1115 4912 natus
1143 4871 1204 4909 es
1230 4871 1294 4907 ex
1318 4854 1573 4906 Patribus
1607 4851 1698 4920 qui
1726 4859 1778 4904 te
1803 4851 1852 4902 in
1890 4847 2065 4919 Spiri-

505 4967 563 5012 tu
598 4962 920 5026 genuerunt,
947 4965 1123 5018 neque
1147 4947 1384 5001 videaris
1411 4945 1690 5013 generatio
1719 4958 1884 5012 prava
1904 4952 2066 5012 atque

503 5061 760 5119 perversa
789 5060 976 5100 eorum
1010 5043 1102 5110 qui
1139 5040 1358 5091 minime
1386 5052 1506 5106 qua:
1534 5034 1745 5090 Domini
1781 5043 1930 5097 sunt,
1974 5035 2068 5088 sed

507 5153 756 5218 quae.sua
795 5145 922 5189 sunt
959 5140 1231 5202 quarunt,
1263 5131 1354 5198 qui
1403 5143 1506 5180 non
1545 5126 1597 5178 iu
1631 5126 2069 5188 aediﬁcationem,

506 5233 603 5285 sed
630 5213 683 5280 in
720 5226 1144 5280 destructionem
1182 5217 1480 5272 ambulant.
1517 5215 1622 5268 Sed
1650 5215 1777 5282 quid
1814 5213 1905 5266 tibi
1959 5213 2074 5265 vult

517 5320 688 5375 multa
719 5318 832 5370 hec
861 5310 1176 5369 contentio?
1215 5312 1380 5363 Deum
1433 5305 1702 5360 noscere?
1730 5303 1904 5357 Nosce
1929 5304 2073 5356 sicut

511 5410 772 5466 didiciSIi.
801 5407 934 5459 Eum
965 5406 1125 5459 sicuti
1155 5397 1624 5470 cstcognoscere?
1664 5397 1768 5449 Sed
1798 5409 2072 5461 nunquam

515 5502 660 5556 istud
693 5498 904 5552 discere
953 5495 1195 5563 poteris;
1227 5501 1308 5546 est
1343 5492 1488 5543 enim
1539 5484 2077 5555 incomprehensibi-

515 5596 608 5657 lis,
644 5601 696 5645 et
722 5605 827 5643 non
854 5588 948 5639 tibi
973 5596 1207 5649 tantum,
1266 5583 1361 5637 sed
1403 5595 1457 5635 et
1501 5581 1734 5648 angelis,
1783 5578 1928 5646 quod
1978 5573 2075 5628 tibi

515 5680 755 5738 ostendit
778 5679 964 5733 doctor
997 5675 1176 5739 lingua
1204 5686 1442 5738 aureus;
1473 5674 1517 5726 si
1547 5673 1712 5724 istum
1737 5666 1895 5733 eique
1913 5665 2072 5722 simi-

2170 4490 2222 4544 εί
2248 4506 2329 4552 τις
2367 4486 2789 4555 εὐαγγελίζεται
2826 4484 2956 4553 ὑμῖν
2991 4483 3118 4552 παρ’
3147 4481 3175 4533 ὃ
3215 4471 3570 4550 παρελάϐετε,
3596 4479 3732 4531 ἀνά-

2170 4585 2310 4650 θεμα
2347 4581 2510 4633 ἐστω.
2542 4580 2651 4631 Kal
2681 4575 2823 4629 οὕτω
2865 4575 2929 4626 σὺ
2979 4573 3075 4645 μὲν
3106 4570 3381 4642 ἁπελεύσῃ
3414 4571 3589 4635 κενὸς,
3623 4567 3734 4634 ἐγὼ

2170 4674 2224 4726 δὲ
2250 4671 2646 4739 δοξασθήσομαι
2679 4670 2738 4720 ἐν
2769 4669 2836 4737 τῇ
2871 4665 2980 4718 τῶν
3035 4665 3291 4731 Πατέρων
3325 4679 3426 4731 μου
3473 4660 3624 4731 δόξῃ.
3656 4661 3730 4710 Uti

2173 4765 2282 4833 γὰρ
2315 4764 2390 4832 μὴ
2424 4760 2639 4828 κενωθῇ
2670 4774 2798 4810 ποτε
2826 4758 2852 4808 ὁ
2881 4755 3112 4823 σταυρὸς
3157 4754 3248 4806 τοῦ
3284 4751 3542 4823 Χριστοῦ,
3565 4753 3614 4805 εί
3641 4752 3734 4804 καὶ

2179 4857 2360 4927 μωρία
2393 4854 2534 4917 δόξει
2563 4851 2676 4902 τισὶ
2714 4849 2774 4900 τὸ
2818 4849 3099 4916 κήρυγμα.
3150 4844 3318 4897 Πόθεν
3346 4844 3403 4896 δὲ
3431 4843 3737 4912 παρελάϐο-

2180 4966 2280 5018 μεν
2309 4947 2336 4998 ὃ
2368 4943 2751 5015 παρελάϐομεν
2774 4955 2792 5008 ;
2815 4939 2951 4992 Ἀπὸ
2973 4939 3084 4990 τῶν
3115 4936 3210 4990 τοῦ
3237 4935 3573 5005 Πνεύματος.
3600 4936 3734 5001 Kal,

2185 5056 2202 5089 ι
2253 5037 2407 5088 ’Ὀσοι
2460 5031 2740 5095 Πνεύματι
2793 5027 2931 5081 Θεοῦ
2984 5027 3232 5096 ἁγονται,
3268 5021 3412 5078 οὗτοί
3457 5027 3598 5078 εἰσιν
3631 5027 3738 5077 υἱοὶ

2179 5125 2335 5179 Θεοῦ.
2374 5141 2393 5175 ι
2429 5123 2535 5175 Kal
2568 5121 2628 5173 ού
2660 5121 2740 5173 δεῖ
2776 5119 3054 5188 μεταίρειν
3080 5119 3282 5169 τούτων
3318 5116 3384 5168 τὰ
3419 5115 3566 5182 ὅρια.
3599 5114 3743 5181 Ὅρα

2181 5221 2363 5270 τοίνυν
2395 5215 2469 5285 μὴ
2503 5211 2764 5282 μωμητὸν
2798 5211 2927 5279 γένῃ
2946 5209 3153 5272 τέκνον,
3182 5209 3319 5258 κατὰ
3341 5206 3446 5257 τῶν
3479 5221 3742 5273 γεγεννη-

2182 5311 2355 5362 κότων
2391 5306 2447 5357 έν
2478 5302 2755 5372 [Ι-ιεύματι
2796 5298 3054 5368 γεγονὼς,
3097 5300 3190 5351 καὶ
3223 5298 3383 5366 γενεὰ
3429 5297 3614 5350 σκολιὰ
3647 5300 3746 5349 καὶ

2182 5395 2590 5466 διεστραμμένη
2614 5394 2804 5462 ὀφθῇς,
2832 5393 2924 5445 καὶ
2969 5395 3077 5446 τῶν
3108 5394 3182 5462 μὴ
3212 5390 3516 5461 ζητούντων
3547 5389 3615 5442 τὰ
3645 5390 3741 5442 τοῦ

2186 5487 2414 5558 Κυρίου,
2435 5477 2570 5539 ἄλλὰ
2601 5485 2663 5536 τὰ
2691 5485 2920 5552 ἑαυτῶν,
2953 5485 3047 5538 καὶ
3075 5484 3182 5536 τῶν
3214 5483 3313 5537 οὐκ
3346 5487 3424 5545 είς
3455 5481 3746 5549 οίκοδομὴν

2187 5575 2653 5647 περιπατούντων,
2700 5574 2814 5627 ἀλλ’
2864 5577 2944 5636 εἰς
2995 5574 3336 5643 καθαίρεσιν.
3385 5572 3547 5625 Ἀλλὰ
3575 5571 3626 5622 τί
3661 5587 3748 5622 σοι

2191 5666 2436 5733 βούλεται
2469 5665 2529 5719 τὸ
2576 5665 2710 5719 πολὺ
2759 5665 2857 5732 τῆς
2911 5663 3278 5732 φιλονεικίας;
3321 5662 3454 5714 Θεὸν
3504 5660 3748 5721 εἰδέναις
