4040 6202
200 351 207 359 ,
283 281 356 346 Ml
1293 275 1674 339 DIALOGUS
1720 275 2024 338 CONTRA
2063 277 2455 340 H/EBESES.

3383 279 3483 343 122

277 393 417 449 Γνῶθι
443 392 518 452 ὡς
547 391 773 461 ἔμαθες.
822 388 964 444 Ἀλλ’
1008 390 1082 452 ὡς
1131 387 1276 443 ἐστιν
1304 407 1318 457 ;
1349 390 1424 442 ()ὒ
1461 389 1536 459 μὴ
1578 387 1815 458 δυνηθῇς

1931 390 1996 444 les
2029 389 2082 443 in
2117 406 2346 446 numero
2387 390 2685 459 putaveris,
2720 391 2830 446 noli
2878 393 3068 446 saltem
3104 393 3155 447 in
3192 405 3372 450 mente
3399 408 3491 452 tua

282 486 458 556 μαθεῖν.
512 483 622 536 Καὶ
669 484 782 552 γὰρ
833 481 1218 551 άκατάληπτος
1243 497 1256 512 ·
1287 482 1382 535 καὶ
1412 481 1474 535 οὐ
1511 483 1593 534 σοὶ
1626 481 1811 548 μόνον,

280 579 390 634 ἀλλά
420 576 511 632 καὶ
539 579 653 640 τοῖς
674 576 947 644 ἀγγέλοις.
975 576 1086 628 Καὶ
1113 577 1142 627 ό
1174 573 1411 646 χρυσοῦς
1440 573 1539 644 τὴν
1562 573 1812 642 γλῶτταν

282 671 383 740 περὶ
409 668 592 720 τούτου
620 667 862 720 διδάσκει
900 683 984 731 σε,
1017 665 1076 719 εί
1101 683 1164 734 γε
1194 666 1286 719 καὶ
1323 665 1478 732 μέλει
1512 681 1595 716 σοι
1621 664 1812 716 τούτου

279 763 474 818 καὶτῶν
503 760 708 829 ὁμοίων
741 759 911 830 αὐτῷ,
946 761 1040 813 καὶ
1081 759 1155 828 μὴ
1188 760 1283 812 καὶ
1311 757 1455 828 ὑπὲρ
1481 757 1703 832 τούτους
1728 756 1813 810 δο-

279 857 372 918 κεῖς
401 853 548 922 παρὰ
587 851 800 921 σεαυτῷ
842 852 1078 920 φρονεῖν.
1105 849 1268 902 Ἀλλά
1299 848 1380 912 τίς
1413 849 1548 902 Θεοῦ
1576 847 1687 903 οἶδε
1716 849 1815 917 φύ-

278 946 418 1017 σιν,ῆ
459 945 826 1013 ὲξηγόρευσες
860 942 1118 1013 Πείσθηοι
1168 942 1354 995 λοιπὸν
1401 945 1514 1004 τοῖς
1547 941 1640 995 τοῦ
1674 944 1814 995 θεοῦ

277 1038 438 1104 φίλοις,
463 1031 544 1098 οἷς
580 1034 742 1096 αὐτὸς
795 1034 1013 1104 ἑωράθη
1064 1033 1190 1085 ὅσον
1236 1033 1462 1086 δυνατὸν
1489 1028 1577 1103 ἢν,
1615 1033 1687 1094 ὡς
1724 1033 1815 1085 καὶ

273 1131 450 1198 Μωῦσῇ
486 1127 774 1198 πρότερον,
806 1121 890 1190 οἷς
937 1126 1325 1195 ἀπεκαλύφθη.
1361 1125 1436 1189 ὼς
1468 1125 1563 1179 καὶ
1592 1125 1669 1194 τῷ
1714 1125 1815 1178 Πέο

274 1238 385 1292 τρφ,
431 1213 512 1283 οἷς
559 1221 812 1290 ἔμφανὴς
850 1219 1092 1287 γέγονεν,
1120 1218 1196 1281 ὡς
1232 1219 1312 1288 τῷ
1343 1218 1544 1288 Παύλῳ
1572 1219 1668 1270 καὶ
1701 1221 1815 1280 τοῖς

271 1310 446 1380 ὁμοίοις
483 1309 702 1380 Παύλῳ.
746 1309 858 1362 Καὶ
904 1308 1156 1378 πείσθητι
1190 1307 1366 1376 τούτῳ
1400 1307 1476 1377 τῷ
1513 1306 1711 1376 Παύλῳ
1739 1306 1814 1369 ὼς

271 1405 337 1466 εἰς
359 1403 608 1470 οὐρανοὺς
639 1403 916 1456 ἀνελθόντι
947 1400 1087 1471 ὑπὲρ
1119 1401 1178 1452 σὲ
1214 1399 1423 1472 (θαρρῶ
1460 1399 1686 1469 λέγειν),
1717 1397 1814 1450 καὶ

267 1495 360 1547 τῶν
393 1496 722 1566 ἀπορρήτων
757 1495 1054 1548 ἀκούσαντι
1085 1491 1337 1563 κρεῖττόν
1367 1508 1462 1544 σου
1487 1492 1584 1545 καὶ
1607 1491 1815 1561 κηρύσ-

271 1601 409 1649 σοντι,
439 1603 456 1636 ι
508 1585 770 1638 Πείθεσθε
819 1585 928 1646 τοῖς
979 1583 1308 1653 ἡγουμένοις
1351 1581 1506 1652 ὑμῶν
1551 1581 1658 1652 47
1720 1585 1816 1636 καὶ

268 1675 523 1730 ὑπείκετε.
548 1693 570 1726 ι
609 1677 939 1745 Ἠγούμενος
969 1675 1024 1728 δὲ
1054 1675 1164 1728 τῶν
1188 1673 1377 1743 ψυχῶν
1397 1675 1552 1742 ἡμῶν
1572 1667 1726 1735 οὗτός
1753 1687 1813 1724 τε

268 1770 351 1819 καὶ
373 1767 417 1818 οί
440 1769 543 1835 τῆς
571 1766 856 1822 εὐσεϐείας
887 1765 1227 1838 Πατέρες,οῖ
1250 1764 1386 1835 ὁμοῦ
1412 1764 1611 1826 πάντες
1643 1768 1701 1817 τὸ
1719 1765 1817 1833 τῆς

266 1859 478 1921 πίστεως
519 1859 766 1922 ἐξέθεντο
792 1858 1092 1928 Σὺμϐολον,
1121 1857 1217 1910 καὶ
1241 1857 1294 1909 οἳ
1321 1858 1482 1909 τοῦτο
1504 1855 1822 1926 καθωμολό-

264 1964 393 2016 γοῦν,
415 1950 511 2001 καὶ
544 1948 598 2001 οῖ
623 1951 760 2017 ὁμοῦ
810 1948 1240 2018 ὲπεσφράγιζον.
1291 1948 1353 2000 El
1403 1947 1448 2000 δ’
1499 1943 1613 2010 οὖν,
1642 1947 1822 2000 αὐτῶν

263 2043 599 2114 παρακούων,
629 2041 724 2096 καὶ
753 2043 950 2103 αὐτοὺς
991 2039 1224 2102 ἀθετῶν,
1248 2039 1487 2110 Χριστὸν
1517 2038 1752 2104 ἀθετεῖς,
1794 2041 1822 2091 ὁ

260 2135 472 2204 Χριστὲς
504 2135 639 2202 ἔφη,
681 2132 922 2204 Χριστοῦ
962 2129 1320 2202 παρακούεις,
1348 2132 1442 2184 καὶ
1472 2131 1579 2183 τῶν
1622 2132 1825 2183 Πενταο

261 2226 475 2280 πολιτῶν
531 2227 710 2279 ἐκεῖσε
764 2227 950 2295 χεῖρον
989 2225 1396 2297 κατακριθήσῃ.
1436 2221 1824 2292 ’Δνεκτότερον

258 2321 350 2390 γάρ
382 2321 542 2374 ἔσται
590 2319 909 2394 Σοδόμοις
941 2317 1262 2389 Γομόρροις,
1311 2317 1498 2386 φησιν,
1547 2317 1604 2369 ἐν
1643 2315 1825 2384 ἡμέρᾳ

261 2413 475 2481 κρίσεως
501 2412 546 2480 ἢ
575 2413 690 2474 τοῖς
729 2413 804 2480 μὴ
848 2410 1168 2480 δεξαμένοις
1199 2410 1259 2460 τὸ
1288 2409 1576 2477 κήρυγμα.
1605 2406 1827 2474 Κήρυγ-

262 2521 328 2571 μα
357 2504 410 2557 δὲ
442 2503 717 2574 Χριστοῦ,
761 2502 836 2566 ὼς
864 2503 924 2556 τὸ
966 2503 1076 2554 τῶν
1106 2503 1424 2555 ἀποστόλων
1455 2502 1549 2554 καὶ
1575 2500 1683 2553 τῶν
1721 2501 1826 2552 Πα-

259 2597 438 2664 τέρων.
459 2597 579 2648 Καὶ
609 2595 658 2646 εί
697 2596 725 2647 δ
753 2593 1122 2658 σκανδαλίζων
1149 2593 1246 2647 ἕνα
1279 2593 1387 2645 τῶν
1423 2592 1635 2664 μικρῶν
1677 2591 1826 2643 ἀδελ-

259 2687 380 2757 φῶν,
405 2687 598 2757 ἔνοχος
644 2687 1054 2756 κατακρίματος
1101 2682 1452 2756 τηλικούτου,
1479 2685 1506 2736 ὁ
1537 2684 1827 2748 τοσούτους

260 2779 624 2845 σκανδαλίζων
653 2780 748 2832 καὶ
774 2777 1022 2834 διασπῶν
1047 2781 1235 2832 ὁποίου
1264 2793 1280 2844 ;
1313 2777 1528 2830 Γένοιτο
1552 2776 1608 2830 δὲ
1637 2793 1827 2828 ταπει-

256 2871 484 2926 νωθέντα
528 2889 596 2925 σε
629 2873 697 2943 τῇ
733 2872 968 2942 μιμήσει
998 2868 1093 2924 τοῦ
1121 2867 1403 2940 εἰρηνικοῦ
1435 2885 1494 2921 τε
1530 2869 1624 2920 καὶ
1652 2869 1826 2936 πράου

256 2961 576 3016 ἐπανελθεῖν
603 2963 699 3014 καὶ
729 2960 997 3030 ἐνωθῆναι
1045 2948 1176 3023 τοῖς
1209 2959 1349 3013 κατά
1392 2958 1527 3012 Θεὸν
1555 2958 1828 3027 ἀδελφοῖς,

1917 479 2161 550 cogitare
2188 490 2242 535 te
2276 481 2386 536 illis
2413 481 2615 551 majora
2649 497 3002 551 cognoscere.
3036 481 3142 538 Sed
3181 485 3306 553 quis
3336 497 3492 540 natu-

1918 585 2033 625 ram
2068 571 2161 626 Dei
2196 573 2328 628 vidit
2347 574 2426 627 vel
2461 572 3052 643 patefecit?Cmterum
3079 579 3239 633 crede
3292 581 3488 635 amicis

1919 664 2230 736 Deiquibus
2257 669 2372 736 ipse
2395 677 2658 737 quantum
2691 667 2803 722 fieri
2857 678 3066 738 poterat
3117 673 3390 740 apparuit,
3429 685 3486 726 ut

1918 759 2068 830 prius
2098 759 2289 829 Moysi,
2317 759 2516 829 quibus
2545 760 2814 815 revelatus
2843 771 2949 826 est,
2975 771 3034 815 ut
3065 761 3247 829 Petro,
3283 767 3480 834 quibus

1919 849 2245 906 manifestus
2269 849 2443 905 fartus
2473 859 2577 916 est,
2612 860 2670 905 ut
2693 851 2860 906 Paulo
2891 860 2945 906 et
2973 853 3138 908 Paulo
3171 855 3480 925 similibus;

1917 943 2077 996 crede
2111 943 2239 996 huic
2263 941 2433 996 Paulo
2465 943 2556 1012 qui
2581 943 2709 998 licet
2744 943 2796 997 in
2818 944 3015 998 ccelum
3046 947 3208 1001 altius
3229 963 3391 1016 quam
3419 959 3473 1004 tu

1919 1031 2280 1102 (confidenter
2310 1033 2454 1099 dico)
2495 1035 2823 1099 ascenderit,
2877 1046 2928 1090 et
2979 1037 3269 1093 ineffabilia
3308 1041 3481 1110 magis

1917 1139 2080 1195 quam
2111 1134 2165 1179 tu
2199 1124 2470 1180 audiverit
2513 1143 2526 1178 :
2591 1145 2609 1177 ι
2641 1126 2893 1192 Obedite,
2944 1128 3144 1200 inquit,
3184 1133 3486 1200 praepositis

1917 1217 2116 1271 vestris
2161 1227 2214 1270 et
2263 1216 2540 1286 subjarete
2580 1217 2680 1272 eis.
2717 1237 2735 1269 ι
2792 1217 3122 1288 Praepositus
3174 1223 3480 1278 animarum

1917 1317 2230 1362 nostrarum
2275 1307 2365 1361 ille
2427 1316 2508 1361 est
2539 1323 2842 1379 omnesque
2895 1311 3113 1380 pietatis
3140 1311 3350 1380 Patres,
3394 1316 3488 1384 qui

1916 1411 2106 1452 omnes
2151 1399 2312 1452 simul
2362 1399 2484 1453 fidei
2535 1400 2856 1470 Symbolum
2918 1404 3343 1470 constituerunt,
3395 1410 3489 1477 qui

1920 1490 2322 1550 illud,confessi
2349 1501 2498 1555 sunt,
2529 1494 2621 1562 qui
2654 1493 2786 1546 illud
2845 1495 3008 1548 simul
3035 1497 3485 1566 obsignaverunt.

1920 1583 2091 1654 Igitur
2130 1584 2175 1639 si
2203 1584 2336 1641 istos
2365 1600 2688 1656 aspernans,
2741 1587 2985 1655 istosque
3020 1589 3298 1657 rejiciens,
3329 1590 3489 1643 Chri-

1921 1684 2064 1729 stum
2121 1677 2453 1746 aspernaris,
2518 1687 2578 1731 ut
2636 1678 2713 1732 ait
2758 1679 3033 1744 Christus,
3093 1679 3490 1753 Christumque

1925 1766 2126 1835 rejicis,
2155 1768 2306 1837 pejus
2324 1769 2750 1838 Pentapolitanis
2773 1769 3042 1839 judicium
3079 1773 3328 1840 habebis;
3361 1789 3485 1828 nam

1926 1857 2266 1912 tolerabilius
2287 1860 2392 1912 erit
2421 1867 2578 1914 terra:
2606 1860 2972 1916 Sodomorum
3017 1872 3068 1917 et
3114 1862 3494 1919 Gomorrlneo-

1927 1964 2068 2014 rtnn,
2100 1951 2294 2019 inquit,
2319 1952 2371 2005 in
2398 1954 2487 2008 die
2509 1953 2701 2025 judicli
2732 1971 2894 2024 quam
2919 1957 2997 2012 eis
3018 1959 3112 2026 qui
3143 1975 3246 2012 non
3272 1974 3494 2030 recepe—

1925 2050 2052 2094 runt
2081 2042 2543 2110 praedicationem,
2582 2060 2777 2114 nempe
2802 2047 3239 2114 praedicationem
3264 2050 3496 2117 Christi,

1927 2147 2050 2184 cum
2089 2133 2158 2186 ab
2184 2132 2460 2202 Apostolis
2509 2144 2568 2189 et
2620 2133 2875 2191 l‘atribus
2916 2138 3058 2193 facta
3104 2139 3287 2195 fuerit.
3340 2143 3403 2198 Et
3453 2146 3496 2199 si

1929 2224 2055 2291 quis
2113 2226 2572 2282 scandalizaverit
2639 2245 2808 2284 unum
2866 2245 2930 2283 ex
2966 2233 3180 2300 pusillis
3241 2234 3503 2292 fratribus

1929 2330 2057 2370 reus
2077 2316 2182 2369 erit
2205 2325 2367 2372 tanta:
2384 2317 2780 2386 damnationis,
2808 2335 3024 2391 quantae
3041 2325 3133 2392 qui
3166 2335 3243 2379 tut
3264 2327 3495 2381 scanda-

1929 2407 2175 2462 lizaverit
2211 2418 2266 2463 et
2311 2409 2365 2464 in
2427 2425 2592 2480 prava
2643 2413 2980 2469 distraxerit.
3037 2413 3253 2472 Utinam
3302 2428 3498 2475 temet-

1931 2500 2104 2567 ipsum
2162 2501 2455 2557 humilians
2490 2502 2554 2556 ad
2591 2506 2900 2572 exemplum
2943 2509 3153 2576 pacifici
3199 2493 3502 2565 mansueti-

1929 2606 2034 2660 que
2061 2590 2384 2656 Salvatoris,
2419 2596 2585 2649 redux
2621 2598 2914 2654 convenias
2945 2600 3009 2654 ad
3045 2615 3140 2656 eos
3169 2605 3260 2670 qui
3299 2617 3502 2657 secun-

1930 2684 2059 2736 dum
2098 2683 2264 2738 Deum
2294 2684 2494 2739 fratres
2528 2697 2676 2748 sunt,
2706 2698 2757 2742 et
2793 2705 2959 2742 unum
2997 2692 3093 2745 fias
3127 2707 3250 2745 cum
3282 2693 3504 2748 Christo

1931 2784 1986 2829 et
2014 2775 2120 2830 illis
2149 2775 2467 2846 Christique
2496 2776 2716 2831 famulis
2739 2778 2997 2836 Patribus
3033 2771 3253 2843 nostris.
3308 2785 3504 2840 delini-

1934 2872 2047 2918 tum
2085 2864 2154 2917 ab
2182 2864 2260 2919 eis
2285 2865 2444 2932 quale
2503 2866 2923 2922 declaravernnt
2980 2871 3298 2941 Symbolum
3357 2887 3501 2929 recta

1935 2954 2039 3009 (ide
2071 2953 2376 3020 confessus,
2416 2965 2474 3010 ut
2505 2956 2592 3012 hic
2621 2969 2674 3011 et
2713 2959 2826 3013 illic
2853 2976 3021 3014 unum
3057 2963 3227 3018 simus
3261 2967 3314 3018 in
3346 2965 3508 3021 Chri-

252 3053 338 3105 καὶ
363 3052 420 3106 ἓν
448 3053 715 3122 γενέσθαι
767 3053 906 3122 μετὰ
946 3051 1186 3122 Χριστοῦ
1221 3051 1315 3104 καὶ
1365 3049 1570 3115 αὐτῶν,
1597 3049 1688 3101 καὶ
1720 3049 1827 3102 τῶν

1933 3058 2016 3104 sto
2045 3045 2197 3110 Iesu,
2227 3057 2391 3115 prout
2411 3047 2736 3116 deprecatus
2761 3060 2844 3105 est
2867 3049 3145 3108 Christus.
3502 3123 3505 3126 ἠ

252 3149 333 3202 τοῦ
381 3151 634 3224 Χριστοῦ
692 3149 1064 3220 θεραπόντων,
1115 3147 1273 3216 ἡμῶν
1309 3147 1366 3199 δὲ
1428 3145 1706 3214 Πατέρων,
1754 3148 1815 3199 th
1853 3147 1985 3218 παρ’
2011 3144 2237 3199 ἐκείνων
2276 3145 2520 3210 ἐκτεθὲν,
2566 3145 2641 3207 ὡς
2693 3145 2960 3215 ἐξέθεντο,
3024 3150 3505 3224 ἀνομολογήσαντα

248 3247 521 3317 Σύμϐολον
554 3245 878 3316 ὁρθοδόξως,
931 3245 1017 3298 ἵνα
1055 3247 1148 3298 καὶ
1180 3236 1280 3296 ὧδε
1311 3243 1472 3297 κάκεῖ
1507 3241 1565 3294 ἓν
1599 3236 1750 3310 ὦμεν
1791 3244 1849 3295 ὲν
1890 3239 2112 3313 Χριστῷ
2140 3237 2341 3311 Ἰησοῦ,
2369 3239 2441 3304 ῶς
2474 3241 2502 3294 ὁ
2533 3241 2767 3312 Χριστὸς
2800 3242 3024 3312 ηὔξατο.

312 3366 647 3435 Κληρικός.
674 3365 846 3434 Χάρις
876 3364 953 3433 τῷ
980 3363 1120 3432 Θεῷ,
1162 3361 1418 3415 δέσποτα.
1467 3360 1690 3422 Ἱκανῶς
1721 3360 1828 3430 γάρ

246 3461 304 3512 τά
333 3460 462 3529 περὶ
513 3459 626 3527 τῆς
659 3457 953 3525 Λατινικῆς
1005 3454 1352 3524 καινοτομίας
1403 3453 1704 3524 ἐμάθομεν,
1737 3453 1832 3507 καὶ

244 3551 314 3613 ὡς
342 3553 402 3604 οῦ
430 3553 592 3605 κατὰ
619 3551 805 3602 πίστιν
836 3547 975 3616 αῦτη
1003 3547 1299 3614 σφάλλεται
1334 3547 1515 3615 μόνον,
1541 3545 1664 3597 ἐπεὶ
1694 3545 1832 3597 κατά

244 3642 331 3695 τοῦ
366 3643 518 3713 ἱεροῦ
553 3645 794 3696 κινεῖται
826 3639 1104 3706 Συμϐόλου
1140 3639 1238 3708 τῆς
1271 3638 1528 3702 πίστεως,
1572 3625 1709 3691 ἀλλὰ
1742 3635 1834 3690 καὶ

248 3738 380 3787 κατὰ
420 3737 658 3790 πάντων
691 3735 876 3804 σχεδὸν
922 3733 1032 3784 τῶν
1059 3731 1199 3785 ἐθῶν
1245 3747 1306 3783 τε
1356 3729 1449 3782 καὶ
1482 3728 1834 3798 παραδόσεων

244 3831 335 3896 τῆς
358 3830 518 3898 ἱερᾶς
561 3827 917 3897 Ἐκκλησίας.
947 3825 1145 3878 Λοιπδν
1171 3823 1504 3890 προσεκτέον
1528 3821 1681 3878 ἔσται
1703 3821 1833 3890 ἡμῖν

246 3921 299 3971 τὸ
329 3923 456 3991 περὶ
476 3921 591 3991 τῆς
625 3917 908 3978 κοινωνίας
937 3915 1142 3978 αὐτῶν,
1174 3915 1266 3966 καὶ
1300 3913 1361 3966 τὸ
1384 3911 1515 3981 περὶ
1552 3912 1649 3980 τῆς
1681 3910 1833 3977 λεγο-

245 4011 404 4081 μένης
437 4012 705 4072 ἑνὼσεως
737 4008 856 4062 δέον
887 4007 1068 4071 καλῶς
1100 4006 1373 4072 ἐξετάσαι.

318 4103 695 4172 Ἀρχιερεὺς.
728 4100 878 4166 Δέον,
913 4099 1131 4168 ἀδιλφὲ,
1180 4094 1301 4151 ἐπεὶ
1345 4097 1456 4151 οὐδ’
1487 4097 1673 4158 ἁπλῶς
1721 4096 1834 4157 τοῖς

239 4200 340 4264 πρὸ
369 4197 540 4266 ἡμῶν
583 4198 618 4266 ἡ
649 4194 930 4257 διάστασις
965 4195 1210 4261 γέγονεν.
1242 4187 1403 4253 Οἶδας
1425 4190 1554 4260 γάρ,
1583 4190 1657 4251 ὡς
1691 4191 1785 4242 καὶ⁸
1805 4187 1832 4238 ό

237 4289 329 4356 τῆς
355 4289 628 4348 ὲνῶσεως
673 4286 824 4352 δηλοῖ
851 4285 1049 4355 Τόμος,
1075 4285 1223 4346 ὅπως
1256 4284 1414 4353 χάριν
1441 4281 1691 4351 δευτέρου
1738 4280 1833 4332 xal.

235 4381 420 4450 τρίτου
454 4382 678 4450 γάμου,
709 4379 784 4431 ἔτι
814 4378 868 4430 δὲ
895 4379 990 4429 καὶ
1038 4372 1321 4446 τετάρτου,
1364 4367 1476 4426 οἷον
1514 4374 1714 4442 σχίσμα
1743 4387 1834 4437 γε-

237 4472 459 4541 γένηται
488 4472 595 4522 καὶ
631 4470 724 4519 ἐπὶ
759 4467 994 4530 πολλοῖς,
1025 4466 1097 4528 ὼς
1133 4463 1496 4534 μανθάνομεν,
1528 4463 1675 4514 ἔτεσι
1696 4500 1711 4525 ,
1740 4461 1834 4513 καὶ

239 4566 360 4633 περὶ
387 4562 747 4633 ζητημάτων
779 4559 834 4612 δέ
866 4576 1024 4611 τινων
1056 4557 1230 4611 ἀλλων
1267 4554 1482 4625 μικρῶν
1532 4554 1833 4606 δοκούντων
1861 4579 1914 4640 D

244 4654 401 4716 πολὺς
439 4655 622 4722 ζῆλος
653 4653 898 4719 ἐγεγόνει
932 4649 1113 4703 τινῶν.
1160 4649 1221 4700 El
1251 4643 1345 4700 οὖν
1371 4646 1500 4714 περὶ
1547 4645 1645 4716 τῆς
1692 4645 1834 4697 κατὰ

239 4746 330 4815 τὴν
371 4747 678 4800 πολιτείαν
702 4742 810 4795 τῶν
843 4739 1082 4794 εὐσεϐῶν
1117 4739 1274 4810 ἡμῶν
1318 4736 1574 4802 εὐταξίας
1603 4735 1768 4796 πολὺς
1808 4735 1836 4785 ὁ

240 4837 390 4904 λάγος
429 4837 714 4896 πολλάκις
754 4835 998 4902 γέγονεν,
1032 4831 1113 4885 ὅτι
1148 4832 1241 4884 καὶ
1276 4829 1391 4901 βίος
1430 4827 1562 4899 παρ’
1601 4828 1733 4896 ἡμῖν
1762 4825 1837 4888 ὼς

240 4931 327 4982 καὶ
356 4934 391 5001 ή
426 4932 636 4992 πίστις
664 4929 1017 4997 κηρύττεται,
1077 4923 1256 4992 πολλῴ
1309 4924 1374 4992 δὴ
1430 4920 1634 4990 μᾶλλον
1684 4919 1837 4970 ἔσται

243 5024 362 5091 περὶ
377 5025 482 5095 τῆς
509 5021 624 5076 πίσ
639 5037 786 5082 τεως.

307 5203 652 5273 Κληρικός.
681 5200 868 5263 Οὕτως
900 5201 934 5270 ἡ
975 5198 1206 5266 ἀλήθεια
1257 5197 1392 5268 ἔχει,
1441 5198 1640 5268 Πάτερ.
1693 5196 1838 5267 Πλὴν

242 5293 315 5346 ἔτι
342 5294 625 5364 δεόμεθα,
660 5292 870 5358 δίδαξον
899 5293 1044 5363 ἡμᾶς
1063 5294 1110 5343 εί
1135 5290 1344 5361 ἀνεφὺη
1369 5290 1463 5343 καὶ
1489 5289 1615 5345 ἀλλο
1631 5306 1680 5341 τι
1699 5289 1840 5340 κατὰ

245 5386 333 5453 τῆς
375 5385 691 5455 ὀρθοδόξου
737 5385 980 5450 ζιζάνιον
1019 5383 1249 5446 πίστεως
1312 5382 1454 5454 μετά
1509 5381 1664 5437 τοῦτο
1693 5382 1757 5454 δὴ
1781 5381 1842 5434 τὺ

246 5481 508 5534 Λατίνων.

2005 3359 2265 3416 Clericus.
2299 3361 2406 3416 Deo
2433 3362 2657 3430 gratias,
2685 3363 2923 3419 domine.
2969 3364 3101 3418 Nam
3129 3369 3264 3424 satis
3294 3385 3356 3424 ea
3385 3386 3506 3438 qua

1933 3467 1962 3505 a
2004 3449 2211 3506 Latinis
2245 3461 2438 3506 novata
2492 3463 2619 3507 sunt
2648 3455 2968 3518 didicimus,
3007 3467 3064 3512 et
3125 3462 3375 3517 novimus
3413 3478 3509 3519 eos

1937 3561 2043 3599 non
2102 3547 2451 3600 solummodo
2500 3547 2798 3601 secundum
2873 3549 3031 3604 fidem
3104 3563 3320 3618 nutare,
3379 3569 3504 3610 cum

1935 3622 2151 3688 sacrum
2184 3635 2303 3690 fidei
2338 3635 2655 3705 Symbolum
2690 3640 3036 3706 violaverim,
3070 3645 3164 3695 sed
3193 3643 3355 3697 etiam
3389 3644 3502 3700 fer-

1941 3741 2025 3778 me
2046 3726 2344 3780 secundum
2387 3744 2578 3783 omnes
2629 3739 2832 3784 sancta:
2864 3730 3122 3786 Ecclesia:
3151 3737 3510 3791 consuetudi-

1939 3830 2037 3869 nes
2071 3826 2123 3869 et
2145 3817 2489 3874 traditiones.
2541 3809 2804 3889 Superest
2841 3831 2896 3876 ut
2926 3823 2992 3876 de
3025 3839 3212 3878 eorum
3267 3840 3512 3880 commu-

1942 3908 2106 3962 nione
2157 3909 2519 3978 instruamur,
2557 3923 2608 3966 et
2635 3913 2924 3982 diligenter
2960 3925 3202 3985 .oportet
3254 3917 3323 3972 de
3365 3920 3512 3973 dicta

1941 4000 2275 4055 adunationc
2307 4002 2616 4071 inquirere.

1994 4092 2288 4161 'Pontifex.
2339 4097 2454 4150 Hoc
2510 4111 2665 4162 sane,
2724 4097 2908 4164 frater,
2964 4109 3046 4154 est
3108 4104 3505 4176 necessarium,

1943 4203 2064 4241 cum
2093 4203 2195 4241 non
2227 4189 2393 4243 semel
2429 4189 2706 4256 prioribus
2742 4193 2953 4245 nostris
2987 4192 3131 4246 facta
3158 4196 3230 4247 sit
3261 4194 3511 4264 disjunc-

1945 4276 2056 4344 tio;
2114 4278 2222 4332 scis
2269 4278 2437 4344 enim,
2496 4288 2663 4349 prout
2693 4279 2865 4347 aperit
2905 4281 3042 4334 liber
3093 4282 3325 4341 unionis,
3373 4300 3512 4354 quo-

1944 4367 2092 4420 niam
2144 4369 2437 4424 occasione
2485 4370 2713 4425 secundi
2760 4380 2811 4425 et
2845 4373 2989 4426 tertii
3022 4373 3104 4428 vel
3135 4374 3304 4430 etiam
3330 4377 3514 4446 quarti

1941 4456 2182 4529 conjugii
2216 4462 2488 4529 quoddam
2520 4462 2758 4517 schisma
2785 4477 2879 4532 per
2909 4465 3126 4531 multos,
3148 4466 3514 4536 utdiscimus,

1943 4567 2120 4607 annos
2149 4562 2334 4607 ortum
2363 4562 2470 4618 est,
2501 4565 2554 4608 et
2583 4555 2728 4610 circa
2757 4554 2895 4611 alias
2923 4557 3192 4626 quasdam
3251 4562 3510 4628 quaestio-

1944 4659 2038 4698 nes
2067 4660 2188 4713 qum
2215 4644 2362 4700 leres
2401 4645 2672 4711 videntur,
2701 4647 2947 4701 nonnulli
2973 4664 3227 4718 magnum
3251 4667 3513 4721 exprom-

1943 4750 2098 4806 psere
2122 4736 2386 4790 studium.
2437 4735 2606 4806 Igitur
2643 4737 2689 4792 si
2719 4749 2942 4808 propter
2975 4739 3318 4808 disciplinam
3343 4742 3515 4810 piaru-

1944 4842 2052 4896 que
2081 4831 2559 4886 conversationem
2601 4837 2844 4882 nastram
2899 4830 3067 4884 multa
3127 4831 3330 4900 pluries
3387 4832 3510 4887 data

1946 4928 2031 4973 est
2052 4934 2243 4988 opera,
2274 4919 2533 4988 quoniam
2569 4920 2764 4987 agendi
2797 4921 2984 4990 regula
3012 4921 3153 4976 sicut
3177 4928 3229 4976 et
3258 4921 3515 4976 credendi

1946 5011 2087 5079 apud
2119 5025 2218 5064 nos
2249 5010 2600 5080 praedicatur,
2632 5024 2839 5081 quanto
2868 5015 3041 5082 magis
3065 5013 3130 5066 de
3180 5011 3283 5066 fide
3315 5025 3518 5068 curan-

1948 5102 2074 5155 dutn
2106 5111 2213 5156 est.

1963 5199 1971 5207 ‘
2017 5193 2274 5250 Clericus.
2332 5196 2434 5263 Ita,
2492 5196 2672 5262 Pater,
2730 5211 2850 5250 sese
2916 5195 3078 5250 habet
3131 5194 3350 5249 veritas.
3410 5191 3516 5248 Sed

1949 5287 2128 5343 adhuc
2185 5288 2566 5359 deprecamur,
2598 5290 2734 5344 doce
2760 5303 2858 5342 nos
2891 5302 2956 5342 an
3006 5295 3128 5357 post
3167 5287 3432 5343 zizaniam
3487 5303 3519 5343 a

1949 5379 2156 5436 Latinis
2182 5385 2502 5438 seminatam
2533 5383 2637 5437 alia
2657 5383 2817 5437 etiam
2840 5390 3028 5437 contra
3057 5381 3327 5441 sinceram
3353 5399 3518 5440 sanc-

1951 5483 2171 5542 tamque
2233 5471 2392 5529 fidem
2449 5474 2707 5530 creverit.
