4040 6202
510 274 613 341 143

1069 386 1297 442 CAPUT
1326 386 1493 441 XXX.

508 504 706 559 Contra
741 503 1087 557 Barlaamum
1119 511 1168 554 et
1193 502 1529 571 Acindynum
1564 502 1855 569 horumque
1880 501 2083 555 similes

578 575 813 626 divinam
838 572 1198 625 sacrosancti?
1226 574 1504 626 Trinitatis
1552 572 1783 641 gratiam
1812 571 1971 641 impie
2005 586 2085 623 re-

576 643 896 708 probantes.’

576 754 847 823 Pontifex.
881 754 1078 817 Etiam.
1110 752 1303 821 frater,
1336 754 1500 808 variae
1532 761 1663 807 orta:
1689 760 1817 807 sunt
1850 750 2085 805 haereses

505 862 627 917 quae
659 848 806 901 velut
836 846 963 900 mali
990 846 1259 901 carbones
1282 860 1405 900 rore
1426 846 1621 900 divina:
1651 843 1836 915 gratia:
1862 842 2086 897 fuerunt

506 940 807 998 exstinctae.
841 937 1103 993 Ultimum
1128 954 1254 993 vero
1281 937 1592 992 incendium
1622 935 1959 991 idololatrica
1977 932 2080 986 Na-

507 1032 924 1086 buchodonosor
945 1030 1164 1085 fornace
1184 1029 1501 1083 damnosius
1522 1029 1590 1083 ab
1620 1027 1799 1096 impiis
1832 1025 2081 1079 Barlaam

506 1133 559 1175 et
588 1121 873 1190 Aeindyuo
906 1120 1005 1174 fuit
1026 1119 1346 1184 ‘conllatum,
1378 1120 1491 1189 qui,
1524 1120 1650 1172 dum
1686 1132 1835 1171 more
1862 1116 2080 1171 Graeco-

509 1230 627 1266 rum
676 1213 751 1282 (l)
805 1214 1185 1285 opinarentur,
1236 1228 1425 1267 eorum
1468 1226 1683 1266 errores
1715 1210 2082 1265 exsuscitavc-

509 1314 658 1369 runt,
710 1315 764 1358 et
809 1306 1003 1358 falsam
1035 1304 1394 1372 sapientiam,
1452 1318 1615 1372 quam
1674 1302 1863 1357 melius
1895 1302 2080 1358 stulti-

510 1396 639 1451 tiam
674 1397 1052 1466 appellaveris,
1078 1405 1497 1450 renovaverunt.

580 1485 845 1540 Clericus.
906 1486 980 1540 De
1023 1487 1124 1539 hac
1162 1487 1379 1551 haeresi,
1437 1486 1679 1553 domine,
1720 1487 2078 1541 disserentem

508 1578 737 1632 libenter
772 1577 1079 1633 audiemus.
1118 1578 1376 1644 Quaenam
1420 1579 1493 1634 sit
1522 1588 1576 1634 et
1616 1579 1895 1649 quomodo
1930 1579 2080 1635 ince-

509 1672 646 1739 perit
681 1669 889 1724 diseere
917 1669 1305 1724 desideramus.

580 1761 854 1829 Pontifex.
880 1760 1140 1826 Qmeuam
1185 1761 1254 1814 sit
1281 1767 1331 1815 et
1361 1764 1635 1829 quomodo
1671 1759 1948 1830 inceperit,
1981 1775 2079 1816 nos

509 1852 727 1921 quidem
774 1852 955 1905 dicere
995 1866 1099 1903 non
1138 1858 1389 1919 oportet;
1448 1865 1604 1905 sacra
1646 1865 1773 1903 vero
1803 1850 2079 1903 annalium

511 1952 863 1997 monumenta
922 1942 1015 2011 qui
1080 1942 1255 2009 legere
1316 1942 1551 1995 voluerit
1615 1956 1737 2010 quae
1778 1941 2077 1995 orthodoxa

508 2036 710 2089 Christi
750 2034 924 2087 erexit
989 2031 1258 2095 Ecclesia,
1298 2033 1479 2085 omnia
1518 2046 1743 2100 prorsus
1800 2041 2078 2101 agnoscet,

506 2129 746 2197 primum
797 2125 1018 2194 quidem
1080 2125 1171 2177 illa
1233 2139 1355 2192 qua:
1394 2133 1587 2177 contra
1643 2123 1870 2193 impium
1929 2124 2078 2176 illum

512 2220 752 2271 Barlaam
785 2217 1094 2271 Calabrum.
1118 2226 1317 2269 statuta
1359 2215 1758 2293 sunt;’deinde
1789 2230 1919 2269 vero
1960 2231 2080 2283 quae

510 2322 696 2361 mntra
741 2308 1098 2377 periclitatum
1144 2307 1197 2359 in
1237 2309 1423 2360 eadem
1476 2322 1540 2360 ac
1567 2307 1815 2359 Barlaam
1852 2306 2078 2363 materia

511 2401 770 2466 valdeque
810 2398 1177 2465 periculosum
1233 2397 1619 2466 Acindynum;
1688 2398 1847 2449 tertio
1898 2408 2079 2451 autem

510 2506 631 2557 qute
670 2497 862 2540 contra
924 2486 1148 2539 tertium
1202 2494 1254 2539 et
1291 2487 1497 2555 pluries
1556 2488 1836 2556 (quoniam
1878 2489 2080 2554 pluries

511 2596 605 2650 per
643 2594 765 2632 eum
807 2577 1055 2645 aliosque
1094 2577 1300 2631 similes
1337 2577 1515 2631 varios
1546 2577 1938 2633 haeresiarchas
1992 2589 2078 2632 tu—

513 2671 713 2724 multus
755 2685 913 2737 passa
963 2678 1045 2721 est
1098 2667 1337 2723 Ecclesia
1391 2668 1672 2738 Christi),
1717 2669 1940 2738 pluries,
2001 2671 2075 2723 in-

506 2776 695 2828 quam,
725 2759 999 2825 nimisque
1029 2758 1326 2813 secundum
1349 2761 1586 2812 animam
1619 2770 1925 2814 emortuum
1958 2777 2081 2814 nec-

507 2867 616 2904 non
677 2851 971 2920 impietatis
1031 2850 1268 2918 pondere
1307 2851 1566 2919 gravique
1602 2866 1798 2905 somno
1850 2867 2078 2920 oppres-

508 2956 626 2994 sum
662 2940 957 3009 Gregnram
1002 2950 1258 3008 apparata
1317 2952 1479 3008 sunt;
1533 2941 1621 2994 hic
1684 2953 1874 2997 noscet
1913 2957 2076 3012 quam

1375 270 1748 334 SYMEUNIS
1775 271 2518 334 THESSALONICENSIS
2550 273 2902 334 AtiCHlEP.

2110 391 2157 446 Δ

3660 265 3759 329 144

2785 386 3037 441 ΚΕΦΑΛ.
3097 384 3176 438 A'.

2186 500 2349 551 Κατὰ
2379 500 2662 566 Βαρλαὰμ
2700 498 2799 551 καὶ
2845 498 3223 562 Ἀκινδύνου,
3275 495 3373 549 καὶ
3398 493 3517 549 τῶν
3538 497 3758 565 ὁμοίων

2256 568 2480 631 αὐτοῖς,
2508 566 2617 635 τῆς
2636 570 2809 636 ἁγίας
2831 568 3066 635 Τριὰὃος
3086 566 3202 635 τὴν
3221 568 3389 622 θείαν
3406 567 3583 636 χάριν
3612 568 3758 620 δυσ-

2256 637 2448 703 σεϐῶς
2489 638 2884 692 ἁθετούντων.

2268 750 2625 819 Ἀρχιερεύς.
2650 750 2786 817 Ναὶ,
2841 750 3058 820 ἀδελφὲ,
3095 753 3191 805 καὶ
3221 750 3474 822 διάφορα,
3504 752 3634 819 περὶ
3680 744 3755 803 ῶν

2182 842 2241 894 οὐ
2278 844 2389 915 χρὴ
2405 843 2604 913 λέγειν,
2642 843 3120 897 κατασϐεσθέντων
3155 842 3231 905 ὡς
3262 842 3516 912 πονηρῶν
3552 841 3757 911 ἀνθρά-

2186 951 2295 986 κων
2329 934 2404 1003 τῷ
2422 934 2514 987 τοῦ
2540 935 2677 987 Θεοῦ
2696 936 2793 1003 τῆς
2818 935 3037 1015 χάατος
3069 934 3229 1005 ὑετῷ.
3261 933 3561 986 Τελευταία
3592 933 3645 985 δέ
3672 949 3757 995 τις

2185 1027 2448 1095 πυρκαϊὰ,
2478 1027 2575 1080 καὶ
2609 1028 2706 1097 τῆς
2732 1028 3016 1096 εἰδωλικῆς
3046 1026 3263 1096 ἐκείνης
3290 1026 3383 1079 τοῦ
3413 1026 3753 1095 Ναϐουχοδο·

2183 1119 2339 1185 vis-op
2388 1118 2616 1187 καμίνου
2653 1120 3034 1189 χαλεπωτέρα,
3066 1120 3099 1189 ἡ
3126 1117 3220 1171 τοῦ
3270 1118 3535 1187 Βαρλαάμ
3564 1135 3620 1170 τε
3654 1118 3749 1169 καὶ

2181 1207 2490 1263 ’Δκινδύνου
2506 1208 2906 1280 δυσσέϐεια,ξὼς
2925 1212 3263 1282 ὲλληνόφρων
3282 1198 3435 1274 οὖσα,
3452 1214 3545 1264 καὶ
3562 1210 3626 1263 τὰ
3644 1208 3755 1263 τῶν

2195 1302 2463 1371 Ἑλλήνων
2484 1303 2932 1373 ἀναρριπίζουσα,
2955 1305 3050 1355 καὶ
3080 1305 3145 1356 τὰ
3168 1304 3599 1373 τῆςἚλληνικῆς
3621 1303 3755 1355 ἀσό-

2182 1412 2282 1463 φου
2317 1397 2528 1464 σοφίας,
2549 1396 2760 1465 μωρίας
2789 1396 2845 1448 δὲ
2874 1395 3075 1465 μᾶλλον
3108 1396 3301 1458 εἰπεῖν,
3335 1394 3745 1449 ὐπανάπτουσα.

2252 1490 2574 1557 Κληρικός.
2636 1489 2941 1541 Ἤκουσται
2999 1489 3131 1557 ἡμῖν
3186 1487 3314 1557 περὶ
3371 1488 3592 1557 ταύτης,
3655 1486 3747 1537 δέ·

2184 1570 2377 1635 σποτά.
2410 1582 2505 1644 Τίς
2535 1580 2592 1634 δι
2615 1580 2754 1650 αὓτη
2787 1579 2881 1635 καὶ
2905 1581 3051 1642 ὅπως
3097 1580 3323 1648 ἧρξατο,
3381 1577 3750 1648 ἐπιζητοῦμεν

2190 1675 2403 1746 μαθεῖν.

2254 1764 2613 1833 Ἀρχιερεύς.
2646 1763 2742 1825 Τίς
2780 1761 2879 1831 μὲν
2932 1759 3091 1828 αὕτη,
3139 1762 3232 1812 καὶ
3274 1760 3394 1812 ὅθεν
3438 1758 3660 1828 ῆρεατο,
3690 1756 3750 1811 οὐ

2182 1856 2287 1927 χρὴ
2318 1856 2499 1923 λέγειν
2529 1856 2673 1925 ἡμᾶς
2694 1871 2710 1887 ο
2760 1855 2873 1917 τοῖς
2906 1853 3070 1924 ἱεροῖς
3118 1852 3175 1906 δὲ
3220 1853 3419 1920 Τόμοις
3454 1851 3697 1921 ἐντυχὼν
3724 1855 3753 1905 6

2180 1944 2293 2015 48
2326 1942 2669 2012 βουλόμενος,
2693 1941 2787 2005 οὒς
2830 1943 2863 2012 ἡ
2894 1941 2989 1994 τοῦ
3019 1941 3257 2012 Χριστοῦ
3296 1943 3575 2013 ὀρθόδοξος
3630 1944 3752 1995 ἀνε-

2182 2036 2457 2106 στήλωσεν
2501 2034 2818 2104 Ἐκκλησία,
2853 2035 3060 2088 εἴσεται
3090 2034 3336 2104 ἀκριϐῶς
3383 2033 3585 2095 πάντα.
3617 2034 3751 2103 πρό-

2181 2140 2340 2197 τερον
2373 2125 2473 2195 μὲν
2525 2126 2605 2195 τῷ
2664 2124 2937 2178 έκτεθέντι
2969 2125 3110 2179 κατὰ
3138 2124 3233 2177 τοῦ
3281 2123 3571 2187 δυσσεϐοῦς
3605 2123 3753 2175 ὲκεί-

2184 2236 2275 2272 νου
2310 2217 2574 2286 Βαρλαάμ
2601 2217 2694 2270 τοῦ
2738 2217 3055 2287 Καλαϐροῦ,
3106 2218 3358 2287 δεύτερον
3386 2215 3444 2270 δὲ
3490 2216 3567 2286 τῷ
3613 2216 3754 2268 κατὰ

2181 2312 2276 2364 τοῦ
2310 2307 2750 2368 κινδυνεύσαντος
2808 2309 2867 2360 ὲν
2922 2306 3129 2375 ὁμοίοις
3161 2308 3238 2376 τῷ
3284 2305 3550 2376 Βαρλαάμ
3584 2306 3753 2358 πολυ-

2182 2400 2430 2453 κινδύνου
2476 2398 2787 2452 Ἀκινδύνου
2812 2415 2824 2428 ·
2861 2400 3030 2469 τρίτῳ
3058 2400 3111 2450 δέ
3147 2415 3211 2466 γε
3249 2399 3391 2452 κατὰ
3430 2396 3524 2451 τοῦ
3567 2398 3752 2466 τρίτον

2182 2494 2276 2545 καὶ
2298 2491 2558 2552 πολλάκις
2591 2491 2735 2559 (ἐπεὶ
2768 2494 2861 2545 καὶ
2894 2491 3148 2553 πολλάκις
3192 2490 3322 2561 παρ’
3371 2490 3535 2545 αὑτοῦ
3565 2506 3624 2542 τε
3656 2489 3753 2541 καὶ

2181 2582 2453 2651 διαφόρων
2484 2581 2658 2634 ἄλλων
2706 2580 3090 2651 αἱρετιζὸντων
3119 2582 3320 2649 ὁμοίως
3355 2581 3478 2650 ἔσχε
3526 2579 3624 2642 τὰς
3652 2596 3751 2632 τα-

2184 2675 2408 2745 ραχάςή
2438 2674 2731 2744 Ἐκκλησία
2757 2673 3045 2742 Χριστοῦ),
3075 2676 3215 2743 φημὶ
3243 2674 3299 2726 δὲ
3330 2673 3423 2726 τοῦ
3457 2673 3574 2725 λίαν
3600 2689 3751 2725 νενε-

2182 2770 2465 2839 κρωμένου
2497 2768 2596 2837 τὴν
2618 2768 2794 2838 ψυχὴν
2818 2768 2913 2820 καὶ
2941 2767 3094 2836 κάρῳ
3120 2766 3437 2829 δυσσεϐείας
3464 2766 3559 2819 κα)⁸
3593 2764 3747 2832 ὓπνῳ

2185 2860 2339 2930 βαρεῖ
2364 2861 2729 2929 κατεχομένου
2768 2859 3023 2928 Γρηγορᾶ
3056 2860 3379 2911 συντεθέντι.
3413 2860 3518 2910 Καὶ
3545 2856 3755 2925 γνώσει

2183 2970 2273 3006 ται
2299 2945 2407 3004 οἷον
2437 2952 2498 3003 τὸ
2524 2952 2622 3017 τῆς
2648 2951 2911 3020 αἱρέσεως
2943 2949 3146 3020 ταύτης
3170 2951 3416 3003 ποικίλον
3458 2968 3515 3003 τε
3539 2951 3633 3003 καὶ
3660 2951 3752 3002 δο-

508 3031 743 3097 diversa,
781 3046 939 3100 quam
983 3032 1191 3097 dolosa,
1230 3047 1391 3101 quam
1436 3032 1599 3085 simul
1634 3032 1799 3102 impia
1839 3042 1893 3087 et
1926 3035 2078 3088 dam-

2184 3045 2358 3115 λερδν,
2386 3045 2481 3098 καὶ⁸
2534 3046 2649 3110 ἅμα
2682 3044 2739 3097 τὸ
2768 3044 2926 3098 ἄθεον
2978 3044 3070 3097 καὶ
3110 3045 3419 3109 ἑπιϐλαϐὲς,
3480 3046 3571 3097 καὶ
3591 3044 3674 3105 τίς
3721 3046 3752 3096 6

510 3138 640 3176 nosa
678 3124 841 3176 fuerit
880 3123 1103 3176 haeresis
1138 3123 1264 3186 ista,
1310 3125 1433 3191 quis
1466 3122 1626 3176 fuerit
1670 3124 1832 3193 (ejus)
1873 3124 2077 3177 maelii-

510 3232 691 3286 nator,
730 3218 952 3286 quinam
990 3230 1053 3269 ex
1093 3230 1156 3269 ea
1213 3215 1481 3269 creverint
1526 3215 1661 3269 rami
1702 3231 1809 3269 non
1862 3216 2079 3270 steriles

514 3322 722 3366 tantum
779 3317 1089 3374 terramque
1143 3305 1360 3373 pietatis
1412 3305 1814 3369 exinauientes,
1875 3304 1969 3359 sed
2027 3314 2081 3358 et

510 3399 718 3469 spinosi
754 3395 1025 3463 nimisque
1058 3394 1235 3461 asperi
1272 3408 1484 3448 neeuon
1509 3393 1721 3448 molesti
1747 3406 1801 3449 et
1830 3393 2082 3449 Ecclesiae

510 3489 903 3560 plantationem
947 3485 1338 3539 dilacerantes.

1074 3616 1302 3675 CAPUT
1330 3616 1522 3672 XXXI.

607 3714 686 3768 De
712 3714 771 3770 S.
810 3713 1060 3784 Gregorio
1093 3711 1541 3766 Thessalonicensi
1568 3710 1985 3793 Thaumaturgo.

558 3871 676 3938 ’Qni
701 3879 877 3925 tamen
902 3870 1129 3924 voluerit
1149 3884 1259 3924 rem
1287 3868 1501 3937 planius
1521 3884 1869 3941 cognoscere,
1893 3872 2085 3928 melius

500 3964 683 4017 ‘discet
722 3979 787 4018 ex
823 3964 1041 4029 scriptis
1092 3964 1235 4017 illius
1283 3964 1374 4032 Qui
1408 3962 1556 4015 velut
1588 3964 1665 4016 sol
1698 3963 1833 4018 alius
1854 3963 1906 4017 in
1941 3972 2084 4018 terra

512 4053 567 4108 in
598 4053 687 4106 illo
716 4062 956 4123 tempore
986 4062 1137 4108 ortus
1162 4061 1263 4117 est,
1296 4068 1465 4122 capax
1493 4053 1583 4122 qui
1614 4056 1780 4109 verbo
1816 4067 1871 4109 et
1904 4070 2087 4133 exem-

504 4147 601 4217 plo
666 4151 961 4200 obscuram
1025 4146 1320 4216 impietatis
1346 4154 1577 4215 {noctem
1627 4146 1855 4217 fugaret.
1884 4146 1983 4203 Iste
2005 4160 2087 4203 est

498 4238 807 4307 Gregorius
856 4237 1291 4304 sapientissimus
1337 4240 1429 4305 qui
1462 4247 1645 4306 postea
1681 4238 2085 4294 Tbessaloaicae

2180 3136 2383 3203 ταύτης
2410 3136 2744 3205 προστάτης,
2777 3137 2867 3189 καὶ
2897 3137 3040 3197 τίνες
3069 3137 3117 3188 οί
3157 3135 3215 3200 ἐξ
3250 3136 3456 3189 ἐκείνου
3494 3136 3749 3203 φυέντες,

2180 3227 2280 3279 οὒκ
2314 3229 2551 3296 ἄκαρποι
2595 3228 2755 3296 μόνον
2790 3229 2886 3278 καὶ
2934 3226 3337 3295 καταργοῧντες
3370 3227 3466 3295 τὴν
3499 3226 3604 3296 γῆν
3649 3227 3750 3294 τῆς

2183 3320 2463 3383 εὐσεϐείας
2495 3319 2736 3389 βλαστοὶ,
2790 3318 2925 3371 ἀλλὰ
2970 3320 3065 3372 καὶ
3124 3317 3454 3381 ἀκανθώδεις
3480 3320 3572 3371 καὶ
3630 3320 3752 3373 λίαν

2181 3412 2424 3481 τραχεῖς,
2460 3409 2903 3480 παραλυποῦντες
2928 3412 3023 3463 καὶ
3039 3410 3373 3473 διασπῶντες
3401 3410 3467 3463 τὰ
3496 3410 3594 3479 τῆς
3628 3412 3752 3464 Ἐκ-

2184 3501 2411 3571 κλησίας
2444 3502 2602 3569 γεννὴ
2614 3518 2780 3571 ματα.

2742 3639 2784 3690 Κ
2798 3639 2996 3693 ΕΦΑΛ.
3038 3639 3162 3693 AA'.

2186 3728 2324 3796 Περὶ
2384 3727 2490 3781 τοῦ
2536 3729 2695 3796 ἱεροῦ
2741 3733 3072 3798 Γρηγορίυυ
3132 3732 3587 3801 ϐεσσαλονίκης
3640 3734 3751 3787 τοῦ

2728 3802 3187 3870 Θαυματουργοῦ
3206 3840 3223 3855 .

2266 3889 2324 3941 Ὀ
2348 3888 2403 3940 δέ
2426 3905 2487 3955 γε
2505 3890 2897 3960 ἀκριϐέστερον
2923 3891 3245 3961 βουλόμενος
3268 3892 3525 3961 ἐκμαθεῖν
3544 3894 3751 3960 γνώσε-

2184 3998 2272 4035 ται
2309 3980 2512 4049 μᾶλλον
2537 3983 2630 4050 ἀφ’
2673 3975 2747 4035 ὧν
2779 3984 2983 4045 ἐκεῖνος
3025 3984 3423 4053 συνεγράψατο,
3451 3984 3511 4048 ὃς
3550 3980 3751 4054 οἷάπερ

2186 4072 2341 4135 ἄλλος
2372 4091 2451 4136 τις
2474 4075 2622 4143 ἥλιος
2648 4077 2712 4143 τῇ
2740 4075 3031 4147 οἰκουμένῃ
3051 4076 3289 4128 ἀνέτειλε
3320 4076 3394 4146 τῷ
3422 4079 3540 4131 τότε
3567 4080 3746 4149 καιρῷ

2189 4161 2370 4225 ἱκανὸς
2402 4161 2742 4229 ἀποσοϐῆσαι
2775 4162 2918 4231 λόγῳ
2950 4181 3006 4214 τε
3044 4166 3136 4215 καὶ
3169 4165 3246 4233 τῷ
3277 4165 3378 4233 βίῳ
3411 4168 3590 4220 πᾶσαν
3618 4186 3752 4222 σκο-

2186 4254 2449 4319 τόμαιναν
2475 4254 2685 4314 ἀθεϊας.
2715 4253 3011 4323 Γρηγόριος
3040 4250 3195 4318 οὗτος
3218 4256 3281 4326 ἧν
3310 4260 3337 4310 6
3368 4259 3702 4325 σοφώτατος,
3722 4264 3752 4314 6

513 4327 728 4394 praefuit
762 4324 1039 4386 Ecclesiae,
1080 4324 1259 4376 lumeu
1292 4340 1545 4390 magnum
1570 4327 1622 4377 in
1652 4324 1853 4378 lucenti
1887 4325 2083 4379 cande-

514 4419 663 4436 A_|_._-
705 4415 936 4436 _..-!a-.-..
1007 4415 1094 4436 1..-.
1152 4414 1363 4436 -.ει-.-.ιιι
1407 4429 1594 4436 -....._..-
1630 4415 1734 4436 2A-..
1778 4425 1897 4436 ---ΑΔ
1944 4431 2042 4436 -Αη

2192 4342 2289 4409 τῆς
2331 4344 2769 4396 Θεσσαλονικέων
2816 4344 3043 4413 ὕστερον
3093 4349 3333 4414 προστὰς
3394 4347 3750 4421 Ἐκκλησίας,

514 4419 669 4471 labro
704 4415 964 4483 positum,
1007 4415 1097 4466 lux
1152 4414 1366 4481 pictatis
1407 4429 1600 4481 magna
1625 4415 1738 4483 jam
1775 4425 1901 4470 ante
1944 4431 2081 4485 pon-

502 4507 780 4561 tiﬁcatum
812 4507 1125 4574 conspicua.
1160 4508 1260 4573 Qui
1284 4524 1311 4557 a
1333 4506 1616 4574 juventulc
1642 4508 1750 4562 Deo
1772 4508 2080 4575 adhaerens,

515 4598 689 4668 patria
754 4595 970 4663 quidem
1012 4596 1145 4651 urbe
1190 4599 1374 4666 regina
1403 4595 1609 4660 relicta,
1665 4598 1871 4652 relictis
1917 4601 2081 4652 etiam

517 4704 734 4758 genere,
777 4698 830 4743 et
858 4688 1228 4753 institutione,
1271 4696 1325 4743 et
1354 4688 1619 4756 sapientia
1656 4690 1884 4758 aulaque
1910 4690 2082 4759 impe-

516 4783 743 4846 ratoria,
779 4779 947 4832 Deum
981 4795 1231 4848 quatrens
1262 4782 1314 4832 in
1350 4796 1552 4846 eremo,
1591 4781 1826 4849 primum
1863 4782 2082 4850 quidem

517 4890 687 4944 genus
724 4871 831 4927 Deo
862 4872 1156 4935 devovens,
1191 4872 1499 4926 obedientia
1536 4884 1713 4927 autem
1741 4874 1971 4943 vitaeque
2002 4876 2085 4927 in-

514 4968 767 5035 tegritate
815 4964 882 5017 ad
916 4962 1389 5031 contemplationis
1423 4966 1629 5033 apicem
1666 4968 1978 5037 pertingens
2029 4977 2082 5021 et

516 5062 821 5114 intercessu
860 5058 1167 5127 purissima:
1200 5057 1441 5127 Deipara:
1479 5075 1643 5127 quam
1679 5062 1730 5112 in
1779 5065 1947 5115 multa
1994 5063 2079 5117 di-

515 5156 746 5208 lectione
782 5154 1013 5207 liabebat
1055 5161 1108 5206 et
1161 5152 1228 5205 ab
1257 5167 1317 5204 ea
1365 5168 1524 5221 quam
1560 5166 1618 5206 ut
1666 5170 1723 5208 se
1756 5153 2083 5209 illuminart-t

514 5248 839 5316 precabatur
880 5247 1251 5305 collustratus,
1280 5245 1513 5312 acceptis
1545 5245 1667 5299 inde
1694 5245 1862 5298 futuri
1898 5247 2079 5299 saeculi

517 5338 836 5406 pignoribus
887 5339 937 5391 vi
992 5338 1151 5391 istius
1184 5336 1613 5400 illuminatiouis,
1663 5336 1826 5389 modo
1859 5338 2079 5405 quidem

516 5430 672 5498 quasi
696 5429 923 5482 beatum
966 5430 1069 5483 hoc
1109 5444 1302 5481 munus
1351 5436 1589 5481 tentaret
1650 5428 1849 5483 eximie
1892 5430 2079 5497 dispu-

513 5521 682 5583 tabat,
731 5519 891 5572 modo
954 5532 1131 5572 autem
1178 5520 1244 5572 ad
1295 5520 1397 5573 alia
1440 5534 1735 5573 conversus
1785 5534 1889 5574 una
1949 5536 2074 5573 cum

504 5612 713 5683 angelis
786 5612 839 5665 in
900 5625 1132 5680 quorum
1195 5613 1509 5668 societatem
1582 5613 1832 5669 veniebat
1893 5614 2077 5670 lumen

558 5727 644 5795 ,(1)
671 5726 723 5778 ld
745 5732 825 5778 est
848 5724 1131 5790 gentilium.

2190 4431 2283 4482 καὶ
2317 4431 2432 4500 φῶς
2464 4432 2606 4501 μέγα
2641 4434 2732 4484 ἐπὶ
2776 4433 3034 4504 λαμπρὰν
3066 4438 3287 4507 λυχνίαν
3324 4437 3521 4505 τεθεὶς,
3574 4443 3753 4511 μέγας

2185 4532 2243 4574 τε
2276 4522 2499 4593 φωστὴρ
2521 4522 2802 4587 εὐσεϐείας
2828 4526 2918 4576 καὶ
2946 4526 3050 4595 πρὸ
3084 4527 3183 4595 τῆς
3208 4530 3613 4603 ἀρχιερωσύνης
3644 4534 3751 4586 55t-

2183 4617 2352 4686 χθείς.
2393 4619 2489 4679 Ὃς
2514 4618 2796 4680 ἀνατεθεὶς
2829 4621 2934 4671 ἀπὸ
2959 4622 3208 4689 νεότητος
3238 4623 3316 4691 τῷ
3342 4624 3481 4693 Θεῷ,
3519 4627 3610 4677 καὶ
3649 4628 3750 4697 τὴν

2186 4708 2417 4778 πατρίδα
2451 4708 2549 4777 μὲν
2580 4709 2909 4779 καταλείψας
2934 4713 3033 4780 τὴν
3066 4712 3474 4780 βασιλεύουσαν,
3504 4716 3660 4783 γένος
3688 4735 3748 4769 τε

2186 4800 2278 4851 καὶ
2310 4801 2617 4867 ἀναγωγὴν,
2653 4804 2744 4853 καὶ
2777 4804 2971 4867 σοφίαν
3017 4804 3108 4854 καὶ
3139 4804 3422 4870 βασιλικὰς
3466 4807 3658 4871 αὐλὰς,
3692 4811 3750 4861 ὲν

2186 4888 2413 4958 ἐρήμοις
2440 4904 2499 4940 τε
2532 4888 2772 4958 ζητήσας
2824 4889 2915 4940 τὸν
2944 4889 3170 4958 Κύριον,
3202 4890 3297 4943 καὶ
3346 4893 3406 4943 τὸ
3436 4892 3591 4962 γένος
3646 4894 3750 4962 μὲν

2186 4981 2447 5049 πρότερον
2476 4980 2786 5047 ἁφιερώσας
2823 4980 2960 5048 Θεῷ,
3005 4981 3071 5032 δι’
3105 4981 3383 5051 ὑποταγῆς
3428 4982 3484 5035 δὲ
3516 4984 3609 5036 καὶ
3643 5002 3749 5039 κα-

2187 5073 2431 5140 θάρσεως
2461 5073 2577 5140 βίου
2608 5074 2741 5139 πρὸς
2776 5073 3005 5142 Θεωρίας
3037 5074 3170 5142 ὕψος
3202 5074 3497 5142 ἐληλακὼς,
3532 5078 3625 5130 καὶ
3656 5095 3753 5148 με·

2188 5166 2360 5236 σιτείᾳ
2407 5165 2506 5233 τῆς
2543 5166 2820 5231 Πανάγνου
2870 5168 2963 5219 καὶ
3009 5167 3351 5235 Θεομήτορος
3381 5170 3513 5235 πρὸς
3542 5168 3607 5239 ἢν
3656 5172 3751 5224 τὸν

2186 5257 2352 5310 πολὺν
2384 5256 2507 5325 ἔσχε
2542 5256 2728 5319 πόθον,
2761 5259 2853 5309 καὶ
2898 5258 3028 5325 παρ’
3081 5254 3147 5329 ἧς
3200 5258 3372 5329 ἐξῄτει
3415 5263 3753 5329 φωτισθῆναι

2187 5347 2609 5414 καταυγασθεὶς,
2669 5352 2763 5399 καί
2804 5350 2929 5409 τοὺς
2959 5350 3286 5418 ἀρραϐῶνας
3320 5348 3424 5401 τοῦ
3462 5352 3754 5419 μέλλοντος

2185 5438 2377 5498 αἰῶνος
2417 5435 2665 5489 ἐντεῦθεν
2698 5436 3009 5502 ἀπολαϐὼν,
3042 5440 3182 5509 ὑπὲρ
3233 5433 3294 5492 οὗ
3344 5440 3407 5509 δὴ
3442 5445 3753 5511 φωτισμοῠ,

2186 5530 2279 5583 καὶ
2314 5529 2549 5581 ἐνταῦθα
2576 5530 2675 5597 μὲν
2706 5529 2781 5593 ὡς
2810 5533 3005 5599 πεῖραν
3031 5532 3171 5600 ἔχων
3191 5530 3284 5582 τοῦ
3309 5535 3579 5601 μακαρίου
3607 5536 3758 5588 ὲκεί-

2187 5638 2279 5675 νου
2314 5620 2542 5685 πάθους,
2574 5621 2842 5692 λαμπρῶς
2887 5625 3215 5698 ἠγωνίσατο,
3263 5624 3441 5678 ἐκεῖσε
3484 5624 3540 5679 δὲ
3570 5638 3753 5696 μετα-
