4040 6202
285 371 384 436 ἰί5

1297 391 1680 455 DlALOGUS
1721 395 2020 457 CONTRA
2063 399 2448 468 Ht‘ERESES.

3432 415 3550 479 146

283 493 434 558 στὰς,
461 494 847 568 καθαρώτερον
883 502 1100 570 μετέχει
1147 506 1245 560 σὺν
1295 511 1406 571 τοῖς
1442 511 1696 579 ἀγγέλοις
1745 518 1835 584 τῆς

1951 513 2253 604 immortale
2297 529 2352 574 ct
2420 538 2698 595 nunquam
2800 530 3058 589 deficiens
3145 535 3522 604 participabat.

280 585 552 639 ἀθανάτου
581 591 860 646 κοινωνῶν
887 594 1070 658 αὐτοῖς
1099 599 1196 651 καὶ
1224 600 1299 670 μὴ
1327 605 1642 674 παυομένης
1674 627 1850 676 φωτο-

278 675 494 740 κυσίας.
533 675 702 742 Οὗτος
731 677 850 748 οὖν,
881 681 1048 750 ἀξίως
1071 684 1238 768 αὑτοῦ
1269 693 1368 758 τῆς
1394 691 1626 763 Θεωρίας
1654 675 1712 750 τε
1757 701 1848 766 κα)

276 763 660 836 λαμπρότητος
682 771 777 823 καὶ
805 771 946 840 ἔγνω
971 776 1066 828 καὶ
1092 763 1490 850 συνεγράψατο·
1525 787 1619 837 καὶ
1643 787 1708 840 ἐκ
1740 763 1849 842 τῶν

273 857 422 926 αύτῷ
453 859 636 922 καλῶς
666 861 788 916 λίαν
819 871 1216 936 πεπονημένων
1246 873 1515 940 γνώσεται
1559 881 1667 942 πᾶς
1698 881 1726 933 ό
1753 880 1850 951 ζη-

271 948 400 1003 τῶν.
436 952 560 1003 Ἔτι
590 953 646 1006 δὲ
693 956 791 1008 καὶ
847 960 997 1026 παρὰ
1030 961 1148 1012 τῶν·
1198 969 1668 1036 συμπονησάντων
1697 948 1850 1044 αὐτῷ

271 1041 544 1096 πλείστων
579 1046 680 1114 μὲν
711 1051 807 1101 καὶ
840 1049 1038 1117 ἄλλων,
1069 1053 1362 1122 ἐξαιρέτως
1391 1059 1448 1112 δὲ
1484 1061 1578 1115 τοῦ
1618 1041 1850 1135 πεφιληλ-

269 1133 434 1202 μένου
473 1135 594 1206 Θεῷ
622 1139 896 1207 Φιλοθέου,
947 1143 1042 1196 τοῦ
1072 1147 1172 1214 τῆς
1219 1149 1846 1218 Κωνσταντινουπόλεώς

267 1241 416 1293 φημι
445 1225 704 1297 λαμπροῦ
731 1237 1098 1305 πατριάρχου,
1132 1241 1226 1291 καὶ
1267 1241 1362 1292 τοῦ
1394 1243 1515 1309 μετ’
1565 1245 1726 1298 αὐτὸν
1755 1265 1846 1300 σο-

265 1318 518 1382 φωτάτου
547 1321 764 1384 Νείλου,
795 1327 896 1392 τῆς
944 1327 1117 1396 αὐτῆς
1147 1331 1295 1398 αὐτῷ
1321 1335 1846 1405 ἀρχιερατεύσαντος

272 1406 631 1478 Ἐκκλησίας.
665 1415 774 1467 Καὶ
800 1417 880 1469 ἔτι
903 1419 1088 1486 ἐτέρου
1113 1421 1308 1475 Νείλου
1329 1424 1606 1480 θειοτάτου
1627 1429 1840 1499 ἀνδρὸς,

259 1497 354 1551 τοῦ
379 1502 488 1570 τῆς
519 1503 965 1561 Θεσσαλονικέων
1008 1513 1108 1582 τὴν
1141 1517 1433 1585 προεδρίαν
1470 1520 1570 1587 μὲν
1625 1497 1844 1592 εἰληφό-

259 1606 369 1654 τος,
411 1595 487 1661 μὴ
525 1596 662 1662 πρὸς
697 1595 870 1668 αὐτὴν
895 1599 952 1652 δὲ
1009 1603 1316 1670 φθάσαντος
1371 1609 1564 1677 ἐλθεῖν,
1615 1614 1754 1666 κατὰ
1785 1615 1842 1667 δὲ

255 1683 358 1774 τῆς
391 1681 504 1734 τῶν
535 1683 785 1739 Λατίνων
834 1693 1194 1762 καινοτομίας
1250 1695 1481 1768 λαμπρὰ
1517 1702 1612 1754 καὶ
1665 1702 1841 1774 ἀληθῆ

256 1765 378 1818 λίαν
404 1770 502 1821 καὶ
537 1770 734 1844 ἰσχυρὰ
767 1779 1250 1850 συγγραψαμένου,
1289 1787 1381 1840 καὶ
1412 1765 1554 1844 κατὰ
1579 1793 1678 1861 τῆς
1713 1765 1840 1848 δυσΣ

1963 602 2060 659 llic
2113 622 2242 676 ergo
2297 611 2454 680 digne
2511 631 2609 684 pro
2669 633 2766 674 sua
2821 623 3278 692 contemplatione
3303 602 3357 678 et
3405 627 3528 680 illu-

1960 695 2232 752 stratione'
2259 703 2602 768 pereruditus
2646 710 2884 777 scripsit,
2928 715 3085 780 cujus
3130 717 3385 782 operibus
3431 717 3530 770 ad-

1956 785 2176 839 modum
2199 791 2506 858 perspicuis
2531 797 2708 853 omnis
2735 801 2825 868 qui
2853 803 3374 870 quaeriteognoscct.
3404 821 3530 859 nec-

1958 887 2062 926 non
2105 889 2172 929 ex
2204 878 2391 935 multis
2420 882 2540 938 aliis
2564 887 2652 954 qui
2683 903 2804 942 cum
2832 905 2897 944 eo
2947 893 3352 958 laboraverunt,
3392 911 3529 964 pra:-

1951 963 2137 1017 sertim
2161 981 2288 1021 vero
2317 983 2380 1023 ex
2415 976 2670 1042 operibus
2731 979 2996 1037 Philothei
3023 984 3133 1038 Deo
3163 985 3366 1052 dilecti,
3395 963 3526 1041 clari

1949 1055 2160 1112 scilicet
2195 1059 2694 1136 Constantinopolis
2740 1073 3083 1140 patriarehm,
3123 1075 3224 1130 Nili
3253 1087 3375 1146 post
3399 1095 3522 1132 eum

1948 1148 2340 1216 sapientissimi
2367 1157 2460 1223 qui
2485 1159 2730 1214 eamdem
2768 1165 3008 1231 pontifex
3035 1168 3172 1222 rexit
3199 1167 3522 1230 Ecclesiam.

1947 1237 2170 1295 alterius
2203 1259 2420 1314 quoque
2461 1247 2564 1303 Nili
2593 1253 2683 1318 qui
2715 1253 3286 1314 'l‘hessaloniceusium
3316 1263 3518 1328 prima-

1947 1331 2075 1386 tiam
2122 1335 2340 1406 accepit
2376 1356 2538 1404 quam
2595 1353 2776 1400 tamen
2815 1348 3089 1404 declinare
3139 1355 3389 1416 tentavit,
3423 1355 3516 1421 qui

1946 1433 2134 1476 contra
2171 1425 2490 1483 Latinorum
2530 1434 2802 1490 novitates
2824 1438 3020 1491 eximia
3059 1439 3332 1510 nimisque
3391 1457 3517 1494 vera

1945 1523 1998 1568 et
2049 1509 2385 1573 vehementia
2427 1526 2774 1593 conscripsit,
2835 1535 2996 1596 atque
3031 1509 3292 1586 adversus
3324 1533 3518 1587 exitio-

1945 1621 2058 1660 sam
2095 1607 2252 1662 istam
2283 1609 2525 1666 Barlaam
2577 1626 2632 1670 et
2663 1617 2931 1687 Acindyni
2971 1619 3241 1686 haeresim,
3280 1637 3516 1690 quorum

1941 1693 2160 1751 Patrum
2215 1699 2466 1771 beatique
2529 1707 2692 1760 etiam
2749 1707 2889 1763 illius
2954 1709 3249 1780 Cabassila
3302 1710 3512 1766 Nirolai

1943 1791 2160 1845 nomine
2185 1794 2276 1858 qui
2322 1795 2520 1850 bonam
2607 1799 2891 1852 victoriam
2921 1801 3124 1869 pietate
3156 1819 3254 1857 sua
3289 1805 3518 1874 vitaeque
3571 1839 3582 1850 ο

251 1857 418 1927 τήνου
477 1867 711 1965 ταυτησὶ
756 1867 848 1920 τοῦ
877 1870 1141 1942 Βαρλαάμ
1168 1891 1228 1926 τε
1261 1879 1353 1930 καὶ
1409 1857 1719 1937 Ἀκινδύνου
1755 1887 1835 1938 at.

1942 1857 2216 1938 munditia
2277 1889 2483 1952 retulit,
2511 1897 2564 1943 et
2595 1857 2941 1960 Theophanis
2997 1895 3138 1948 alius
3171 1895 3363 1950 Nicaem
3399 1857 3517 1965 plri-

253 1951 482 2043 ρέσεως.
513 1948 608 2005 Ὧν
632 1955 694 2026 δὴ
719 1957 978 2028 Πατέρων
1001 1965 1055 2015 αί
1079 1964 1353 2022 θειόταται
1379 1978 1714 2043 συγγραφαὶ,
1744 1979 1840 2031 καὶ

251 2039 328 2092 ἔτι
362 2041 464 2094 τοῦ
506 2047 819 2116 μακαρίτου
853 2049 1070 2108 ἐκείνου
1103 2057 1446 2130 Καϐἀσσιλα,
1472 2065 1567 2120 τοῦ
1609 2069 1709 2136 τὴν
1744 2089 1844 2124 κα-

249 2131 344 2231 λην
372 2133 542 2202 νίκην
565 2137 656 2190 ἐπ’
690 2140 946 2215 εὐσεϐείᾳ
989 2147 1081 2199 καὶ
1117 2149 1376 2223 ἁγνότητι
1414 2155 1532 2226 βίου
1566 2131 1842 2231 συστησα-

251 2223 444 2290 μένου,
493 2227 767 2285 Νικολάου
803 2237 944 2290 κατὰ
975 2239 1076 2310 τὴν
1123 2243 1342 2313 κλῆσιν,
1384 2223 1482 2302 καὶ
1529 2223 1841 2322 Θεοφάνους

247 2315 300 2366 δὲ
323 2315 428 2368 τοῦ
459 2317 702 2385 Νικαίας
749 2324 913 2378 ἄλλου
950 2329 1116 2398 σοφοῦ
1165 2335 1260 2388 καὶ
1303 2315 1659 2410 ὀμολογητού
1693 2315 1836 2412 νέου,

247 2411 338 2460 καὶ
385 2409 670 2484 Ἰσιδώρου
721 2417 1146 2492 Θεσσαλονίκης,
1197 2427 1354 2481 οὐδὲν
1401 2409 1838 2505 ἀπολειπομένου

245 2500 337 2553 τοῦ
373 2505 550 2573 σοφοῦ
580 2510 648 2560 τὰ
687 2508 808 2564 θεία
842 2514 1226 2583 Πηλουσιώτου
1262 2522 1473 2577 ἐκείνου
1507 2527 1600 2579 καὶ
1629 2500 1839 2598 ὁμωνύ-

247 2611 378 2694 μουί
411 2599 478 2650 τὰ
509 2604 641 2670 περὶ
669 2605 765 2672 τῆς
799 2608 1095 2678 εἰρημένης
1123 2615 1392 2682 αἱρέσεως
1420 2617 1667 2687 ἀκριϐῶς
1697 2639 1838 2694 παρ-

245 2686 492 2742 ιστῶσιν.
557 2692 652 2746 Ἐκ
673 2695 784 2749 τῶν
827 2700 1038 2763 τούτοις
1060 2705 1239 2758 τοίνυν
1265 2713 1664 2780 πεπονημένων
1682 2715 1836 2771 ἔσται

243 2781 596 2840 καταμαθεῖν
621 2785 658 2838 ὃ.
701 2786 878 2856 ζητεῖ,
918 2793 1096 2848 πίστει
1127 2798 1196 2851 τὰ
1227 2800 1432 2854 τούτων
1482 2804 1831 2878 ἀνεγνωκὼς,

241 2869 331 2921 καὶ
353 2870 469 2938 τῆς
495 2873 928 2949 Βαρλααμίτιδος
957 2887 1221 2954 αἱρέσεως
1245 2891 1610 2959 ἐπιγνώσεται
1642 2901 1698 2950 τὸ
1718 2901 1838 2952 ὀλέ-

240 2959 417 3026 θριον,
472 2964 576 3032 τῆς
606 2967 993 3026 πολυκινδύνου
1041 2995 1098 3028 τε
1131 2978 1405 3049 ληρωδίας
1455 2989 1548 3040 καί
1579 2989 1833 3042 κινδυνὼ-

237 3052 364 3115 Eoo;
393 3055 760 3128 βλασφημίας
808 3065 902 3118 τοῦ
977 3069 1290 3126 Ἀκινδύνου
1335 3079 1396 3129 τὺ
1449 3079 1734 3151 βλαϐερόν.
1775 3087 1832 3138 Ὀ

241 3147 340 3241 μὲν
402 3151 522 3218 γὰρ
575 3153 863 3226 Βαρλαὰμ,
911 3160 986 3224 ὡς
1039 3165 1096 3216 ἐν
1145 3166 1314 3238 ὀλίγῳ
1368 3147 1552 3238 φάναι,
1601 3147 1832 3241 πλάναις

1941 1974 2154 2046 losophi
2221 1981 2455 2048 novique
2513 1983 2874 2044 confessoris.
2925 1995 3092 2052 atque
3149 1985 3508 2042 Thessaloni-

1943 2067 2126 2121 censis
2174 2065 2364 2140 lsidori
2407 2071 2498 2138 qui
2551 2071 2796 2126 doctrina
2831 2075 3129 2144 theologica
3169 2091 3513 2146 nequaquam

1940 2159 2172 2227 sapienti
2198 2176 2299 2214 suo
2319 2160 2606 2216 Pelusiotae
2633 2163 2959 2236 homonyma
2977 2167 3226 2234 cedebat,
3249 2185 3510 2238 quorum.

1943 2251 2187 2320 inquam,
2220 2253 2422 2321 scripta
2467 2255 2806 2311 dirinissima
2856 2258 3014 2313 dieue
3057 2260 3326 2315 haereseos
3362 2271 3514 2330 gesta

1941 2355 2166 2406 prorsus
2219 2342 2478 2397 referunt.
2511 2344 2681 2412 Igitur
2705 2362 2766 2399 ex
2821 2349 3076 2416 operibus
3141 2349 3369 2404 istorum
3432 2351 3513 2404 di-

1940 2435 2136 2487 Sceuda
2179 2443 2305 2487 sunt
2353 2451 2475 2504 qua:
2513 2437 2827 2491 sciscitatur
2867 2439 2948 2492 vir
2974 2441 3273 2506 studiosus,
3310 2441 3512 2510 quibus

1939 2525 2270 2581 confidenter
2289 2527 2541 2596 perlectis
2560 2537 2613 2584 et
2635 2545 2796 2599 quam
2825 2531 3050 2586 exitiosa
3079 2531 3246 2587 fuerit
3265 2532 3510 2586 Barlaam

1941 2613 2200 2680 haeresis,
2258 2631 2530 2688 quamque
2587 2619 2862 2676 damnosa:
2911 2623 3178 2694 Acintlyni
3231 2625 3510 2692 periculo-

1939 2708 2171 2762 si-ssimae
2201 2709 2414 2778 ineptia:
2454 2712 2733 2782 plenaeque
2787 2715 3124 2768 discriminis
3149 2715 3510 2784 blasphemia:

1937 2813 2218 2871 agnoscet.
2255 2805 2465 2858 Etenim
2495 2799 2738 2860 Barlaam
2772 2809 3012 2876 quidem,
3051 2817 3109 2878 ut
3130 2810 3320 2878 paucis
3342 2825 3510 2878 expe-

1939 2894 2103 2958 diam,
2133 2895 2414 2949 erroribus
2436 2895 2747 2952 Graecorum
2773 2899 3031 2962 imbutus,
3056 2911 3108 2952 et
3127 2901 3402 2954 aestimans
3427 2902 3479 2952 ui
3497 2929 3509 2940 -

1937 2985 2010 3037 hil
2041 3001 2161 3040 esse
2196 2995 2386 3055 praeter
2418 3003 2483 3042 ca
2509 3005 2628 3056 qua:
2654 2990 2756 3044 sub
2801 3005 2996 3044 sensus
3024 2992 3242 3053 cadunt,
3276 2994 3508 3046 ducebat

1936 3075 2025 3128 illc
2049 3092 2281 3146 nequam
2321 3081 2491 3132 solam
2527 3080 2618 3134 Dei
2647 3081 3095 3134 illuminationem
3145 3084 3504 3138 etscientiam

1937 3177 2100 3236 atque
2129 3169 2450 3238 sapientiam
2477 3171 2621 3226 circa
2639 3187 2700 3226 ea
2731 3189 2850 3241 quae
2889 3173 3025 3227 facta
3074 3183 3201 3228 sunt
3260 3183 3314 3227 et
3378 3189 3506 3227 con-

234 3237 344 3340 ﬁ-s
389 3241 744 3312 Ἑλληνικαῖς
777 3247 1163 3322 κατεχόμενος,
1193 3237 1295 3312 καί
1321 3264 1486 3331 μηδὲν
1517 3237 1830 3340 περαιτέρω

1938 3260 2242 3330 Spiciuntur
2281 3263 2528 3329 versari;
2568 3263 2790 3333 insuper
2841 3265 2983 3319 seire
3031 3279 3252 3320 cursum
3292 3265 3422 3319 solis
3453 3277 3509 3319 et

235 3328 380 3386 εἶναι
413 3337 534 3389 τῶν
557 3339 616 3391 ἐν
649 3343 900 3414 αἰσθήσει
944 3350 1213 3418 οἰόμενος,
1242 3328 1526 3425 φωτισμὸν
1555 3328 1655 3428 μ’ὲν
1691 3328 1828 3415 Osci}

231 3425 330 3479 καὶ
342 3429 566 3495 γνῶσιν
586 3432 754 3504 μόνην
779 3437 872 3488 καὶ
899 3441 1092 3506 σοφίαν
1113 3444 1298 3513 ἠγεῖτο
1323 3450 1350 3500 ό
1372 3425 1672 3524 ἄθλιος-τὴν
1701 3459 1830 3527 περὶ

231 3518 302 3571 τὸ.
325 3519 600 3590 δρώμενα
629 3528 724 3578 καὶ
759 3531 1045 3600 ποιήματα
1076 3538 1429 3609 κατανόησιν.
1461 3543 1572 3597 Καὶ
1599 3518 1658 3598 τδ
1696 3518 1832 3602 εἰδέ-

233 3627 324 3664 ναι
357 3617 501 3676 τοὺς
523 3615 760 3686 δρόμους
788 3622 941 3688 ἡλίου
975 3643 1032 3678 τε
1078 3629 1172 3682 καὶ
1203 3631 1436 3704 σελήνης
1470 3637 1565 3688 καὶ
1616 3653 1830 3709 σχημα-

231 3709 480 3776 τισμοὺς
509 3712 602 3763 καὶ
635 3713 916 3783 δυνάμεις,
953 3717 1020 3783 ἃς
1074 3723 1106 3790 ὴ
1154 3722 1263 3776 τῶν
1293 3723 1398 3790 ἔξω
1430 3728 1611 3796 σοφῶν
1670 3734 1832 3802 μωρὰ

233 3798 496 3854 διδάσκει
549 3808 860 3875 περιεργία,
929 3812 1132 3878 γνῶσιν
1183 3816 1278 3868 καὶ
1311 3819 1595 3890 φωτισμδν
1645 3798 1828 3892 ή-γείτο

235 3893 328 3944 καὶ
375 3894 568 3961 ἔλεγε.
622 3897 730 3950 Καὶ
783 3901 1034 3971 ἀριθμῶν
1087 3905 1142 3959 δὲ
1187 3908 1284 3972 τὰς
1346 3910 1674 3982 ἀναλογίας,
1736 3917 1830 3969 καὶ

229 3986 598 4052 γεωμετρίας
624 3988 686 4040 τὸ
719 3989 1074 4062 πολύσχημον
1096 3997 1190 4050 καὶ
1223 4000 1487 4066 ποικίλον,
1518 4005 1611 4056 καὶ
1643 4019 1831 4073 μουσι-

231 4077 336 4140 κῆς
369 4075 482 4146 τὴν
513 4079 788 4147 ἁρμονίαν
832 4086 927 4136 καὶ
963 4087 1254 4156 φθόγγους,
1307 4093 1400 4144 καὶ
1436 4093 1535 4165 τὴν
1585 4113 1829 4165 σοφιστι-

229 4171 336 4242 κήν
363 4173 630 4237 ἀλογίαν,
653 4178 720 4244 ἦν
747 4177 812 4246 δὴ
841 4179 936 4230 καὶ
969 4179 1195 4250 λογικὴν
1231 4183 1602 4256 ψευδωνύμως
1629 4190 1830 4244 καλοῦ-

231 4278 322 4312 σιν
357 4261 660 4332 Ἕλληνες,
692 4265 896 4332 γνῶσιν
928 4269 1080 4338 θείαν
1117 4275 1212 4325 καὶ
1243 4276 1524 4344 φωτισμὸν
1554 4277 1831 4345 δυσσεϐῶς

229 4357 632 4426 κατωνόμαςε·
665 4363 756 4412 καὶ
785 4363 876 4414 τὸν
931 4363 1006 4432 μὴ
1055 4365 1234 4419 εἰδότα
1282 4368 1378 4438 τὴν
1411 4369 1520 4423 τῶν
1570 4374 1830 4429 τοιούτων

231 4450 474 4518 μύησιν,
515 4452 650 4520 μηδὲ
687 4456 788 4523 τὴν
835 4457 1149 4527 ἐπιστήμην
1178 4461 1288 4513 τῶν
1333 4463 1532 4526 ἔξωθεν
1573 4469 1832 4538 μαθημά-

1933 3349 2076 3404 lunze
2104 3352 2308 3406 formas
2333 3362 2496 3422 atque
2522 3355 2841 3410 affectiones
2870 3373 3006 3426 quas
3037 3357 3186 3412 fatua
3229 3357 3388 3412 docet
3417 3373 3505 3411 sa-

1932 3444 2198 3512 pientium
2261 3447 2623 3515 profanorum
2683 3448 3034 3516 observatio,
3099 3451 3382 3505 scientiam
3451 3459 3506 3504 et

1935 3535 2386 3593 illuminationem
2417 3539 2505 3593 ille
2530 3537 2759 3595 (lucebat
2790 3555 2852 3595 ac
2880 3540 3127 3604 dicebat;
3161 3558 3375 3597 necnon
3404 3561 3506 3598 nu-

1935 3646 2210 3686 merorum
2261 3634 2694 3696 convenientias.
2761 3637 3023 3706 variaque
3044 3645 3098 3692 et
3150 3639 3504 3693 multiformia

1932 3726 2246 3794 geometria:
2279 3727 2642 3790 theoremata.
2683 3729 2912 3782 musicae
2971 3728 3315 3783 harmoniam
3341 3739 3504 3798 atque

1933 3823 2113 3882 tonos,
2135 3818 2602 3888 scphisticamque
2629 3821 2913 3874 stultitiam
2946 3835 3110 3890 quam
3148 3821 3505 3892 falso'logicaa

1931 3910 2196 3964 vocabulo
2245 3909 2418 3965 Graeci
2473 3910 2772 3979 appellant,
2818 3911 3060 3966 divinam
3121 3913 3404 3966 scientiam
3451 3925 3506 3966 et

1932 4000 2388 4054 illuminationem
2439 4001 2607 4069 impie
2643 4002 3008 4070 nominabat,
3066 4003 3352 4071 virumque
3407 4005 3504 4057 ho-

1932 4111 2053 4150 rum
2107 4094 2260 4148 initia
2314 4095 2666 4161 nescientem,
2731 4111 2906 4167 neque
2956 4095 3309 4166 profanarum
3363 4099 3506 4152 noti-

1935 4189 2064 4244 tiam
2117 4188 2400 4242 habentem
2455 4189 2825 4243 doctrinarum
2871 4189 3124 4244 insauum
3179 4195 3406 4245 vocabat
3452 4201 3506 4243 et

1932 4281 2290 4344 obcaecatum,
2327 4280 2596 4350 praecipue
2645 4281 2688 4335 si
2722 4281 3001 4351 ignoraret
3039 4281 3290 4336 stolidam
3327 4285 3504 4339 scien-

1933 4372 2063 4424 tiam
2129 4379 2182 4424 et
2239 4370 2543 4425 doctrinam
2603 4389 2722 4442 quae
2780 4374 2924 4427 circa
2987 4383 3164 4427 motus
3229 4385 3504 4428 astrorum

1934 4472 2202 4528 versatur,
2227 4464 2370 4530 quod
2397 4465 2720 4534 theologiam
2747 4467 2893 4520 cient
2913 4466 3084 4520 Graeci
3110 4467 3201 4536 qui
3225 4477 3506 4522 creaturas

229 4559 360 4606 των,
405 4545 612 4612 ἄλογον
641 4547 828 4600 ἐκάλει
863 4549 955 4601 καὶ
985 4555 1282 4606 σκοτεινόν
1313 4556 1604 4627 ἐξαιρέτως
1634 4562 1690 4614 δὲ
1729 4565 1826 4632 τὴν

1938 4555 2078 4608 inter
2139 4557 2364 4608 numina
2429 4556 2749 4622 ascribunt,
2805 4567 3179 4628 creaturzeque
3243 4560 3504 4615 honorem

231 4637 368 4705 περὶ
403 4635 479 4688 τὰ
512 4637 694 4706 ἄστρα
725 4639 944 4708 κίνησιν
978 4643 1076 4702 τὴν
1120 4644 1346 4714 ἀνόητον
1381 4655 1708 4721 περιεργίαν
1734 4657 1830 4709 καὶ

229 4728 599 4798 κατανόησιν,
616 4730 642 4781 ὃ
665 4730 756 4783 καὶ
778 4731 1055 4800 θεολογίαν
1075 4737 1240 4804 φασὶν
1262 4742 1311 4792 oi
1333 4742 1396 4794 τὰ
1416 4744 1693 4812 κτίσματα
1717 4749 1831 4802 θεο-

230 4819 394 4869 ποιού
405 4836 564 4886 μενοι
585 4819 872 4892 ⁸Ελληνες,
889 4825 981 4875 καὶ
999 4827 1065 4894 τῇ
1089 4829 1260 4880 κτίσει
1281 4833 1433 4898 παρὰ
1455 4833 1546 4884 τὸν
1567 4836 1828 4890 κτίσαντα

1931 4647 2176 4701 Creatori
2231 4647 2486 4702 debitum-
2525 4649 2868 4716 attribuunt;
2917 4650 2966 4704 in
2999 4651 3081 4704 bis
3159 4651 3320 4720 igitur
3384 4669 3508 4722 quae

1931 4741 2172 4794 diximus
2219 4739 2300 4793 vir
2373 4739 2462 4793 ille
2511 4741 2776 4808 insipiens
2835 4741 3003 4798 nimis
3065 4743 3394 4812 theologiam
3451 4755 3506 4798 et:

1929 4829 2251 4894 sapientiam
2295 4830 2556 4897 ponebat;
2616 4830 2922 4898 horumque
2955 4833 3503 4901 comprehensionem

229 4910 332 4978 τὴν
351 4912 534 4980 τιμὴν
563 4912 956 4982 ἀπονέμοντες.
1003 4915 1088 4967 Ἑν
1109 4918 1320 4980 τούτοις
1353 4918 1449 4974 οὖν
1479 4924 1665 4992 ἔλεγεν
1694 4929 1832 4980 ὲκεί-

1938 4923 2128 4976 louum
2175 4937 2296 4976 esse
2331 4921 2420 4973 Dei
2473 4936 2772 4981 veramque
2818 4924 3238 4980 illustratioitem
3281 4926 3504 4980 (licetat

230 5021 320 5065 νος
348 5005 384 5056 ὁ
411 5003 544 5056 λίαν
572 5005 776 5072 ᾶσοφος
809 5009 910 5074 τήν
932 5025 993 5060 τε
1025 5007 1306 5077 θεολογίαν
1337 5007 1478 5067 εἶναι
1504 5021 1589 5068 καὶ
1615 5017 1711 5084 τὴν
1740 5037 1827 5070 σο-

231 5095 388 5162 gis-1,
427 5095 532 5147 καὶ
563 5097 662 5163 τὴν
691 5100 1000 5166 κατάληψιν
1028 5101 1208 5154 αὐτῶν
1239 5103 1482 5172 ἔντευξιν
1518 5105 1658 5162 εἶναι
1689 5111 1826 5164 Θεοῦ

229 5187 326 5238 καὶ
351 5188 535 5248 ὅντως
569 5188 876 5255 φωτισμὸν,
903 5192 930 5240 ὁ
953 5191 1342 5264 ἐσκοτισμένος
1374 5197 1468 5260 καὶ
1509 5201 1715 5270 κτίσμα
1751 5203 1829 5256 ὦν

231 5279 508 5341 ἑκουσίως
541 5281 800 5350 πονηρόν.
848 5283 958 5335 Καὶ
991 5283 1225 5353 θεωρίαν
1276 5289 1651 5361 ἀληθεστάτην
1696 5293 1830 5347 ὠνό-

235 5371 382 5436 μαζε
449 5371 554 5438 τὴν
597 5373 694 5423 καὶ
735 5371 970 5442 δυνατὴν
1003 5375 1082 5443 τῷ
1138 5377 1451 5448 βουλομένῳ
1500 5381 1828 5446 σκέψασθαι,

232 5463 329 5511 καὶ
353 5461 808 5534 ἀκαθαρτοτάτῳ
841 5465 950 5517 τῶν
981 5466 1284 5537 ἀνθρώπων
1315 5470 1418 5522 νοΐ.
1453 5471 1548 5532 Ὃς
1587 5471 1652 5540 δὴ
1703 5473 1828 5537 νοῦς

234 5551 596 5622 ἀνθρώπινος
621 5556 717 5606 καὶ
742 5559 1070 5626 τιμιώτερος
1106 5561 1322 5629 δρᾶται,
1355 5561 1448 5613 καὶ
1493 5561 1829 5632 ὑψηλότερος

235 5645 334 5707 τῆς
369 5641 590 5695 τούτων
625 5646 914 5714 κινήσεως,
963 5647 1035 5709 ὡς
1086 5649 1261 5704 ταῦτα
1307 5653 1676 5722 κατειληφὼς,
1733 5657 1828 5708 καὶ

235 5733 544 5806 δυνάμενος
574 5735 826 5806 θεωρεῖνο
857 5737 1059 5806 μᾶλλον
1086 5739 1145 5792 δὶ
1172 5743 1357 5812 κύριος
1382 5743 1474 5794 καὶ
1495 5743 1702 5812 θεωρὸς
1727 5745 1828 5816 τῆς

235 5829 534 5899 ὁρωμένης
563 5829 799 5894 κτίσεως
848 5831 1111 5899 γεγονώς.
1159 5834 1307 5888 Ἐπεὶ
1339 5837 1432 5888 καὶ
1479 5835 1544 5889 δι’
1593 5839 1824 5911 αύτδνὴ

1931 5013 2019 5066 ille
2051 5012 2360 5066 obcterattts
2395 5012 2554 5064 homo
2599 5011 2802 5082 Deique
2837 5025 3088 5069 creatura
3121 5017 3351 5070 libenter
3383 5009 3506 5084 per-

1929 5121 2107 5168 versa,
2141 5113 2192 5158 et
2247 5119 2425 5156 verum
2515 5107 3036 5174 contemplationem
3092 5108 3318 5161 vocabat
3381 5121 3504 5160 eam

1930 5213 2036 5268 qua
2087 5195 2322 5266 gaudere
2394 5203 2577 5265 potest
2635 5200 2950 5264 quicunque
3007 5199 3278 5263 voluerit,
3343 5215 3500 5254 mens

1929 5291 2094 5346 etiam
2129 5290 2410 5342 hominum
2443 5290 2902 5355 immundissima,
2933 5307 3054 5360 qme
3077 5305 3230 5346 mens
3262 5293 3502 5349 humana

1931 5381 2225 5450 pretiosior
2261 5380 2473 5434 videtur
2497 5389 2550 5434 et
2615 5381 2887 5434 sideribus
2935 5397 3056 5450 qua:
3083 5393 3371 5437 moventur
3405 5399 3501 5438 su-

1933 5475 2169 5538 blimior,
2203 5488 2324 5528 cum
2361 5473 2460 5527 ista
2504 5473 2934 5542 comprehendat
2980 5485 3032 5528 et
3065 5477 3266 5531 intueri
3303 5479 3498 5546 possit.

1931 5567 2042 5620 imo
2085 5581 2207 5620 cum
2259 5567 2420 5618 homo
2477 5563 2734 5619 dominus
2786 5573 2840 5620 et
2894 5568 3206 5635 speculator
3272 5569 3500 5623 visibilis

1931 5658 2228 5714 creationis
2283 5656 2458 5711 factus
2520 5657 2702 5721 fuerit,
2733 5659 2988 5726 (ptouiam
3023 5660 3140 5728 ejus
3171 5660 3344 5727 gratia
3381 5662 3498 5728 ipsa

1933 5750 2072 5806 facta
2103 5757 2186 5804 est
2219 5749 2428 5803 creatio
2457 5759 2512 5804 et
2569 5759 2788 5819 propter
2822 5767 2944 5805 eum
2991 5753 3327 5821 corruptioni
3367 5754 3496 5806 sub.

1937 5841 2146 5906 missa,
2225 5850 2386 5909 prout
2463 5841 2621 5894 docet
2691 5841 2888 5897 Paulus
2957 5842 3196 5898 dicens:
3261 5859 3276 5891 ι
3335 5839 3494 5894 Vani-
