4040 6202
487 342 583 403 M7

1337 343 1475 401 SYM
1489 341 1713 401 EONIS
1750 342 2500 403 THESSALONICENSIS
2552 344 2905 405 ARCHIEP.

3629 345 3729 408 li8

479 466 576 518 tati
608 465 753 519 enim
808 474 1054 517 creatura
1105 460 1350 529 subjecta
1408 468 1515 525 est,
1553 476 1659 516 non
1701 460 1909 521 volens.
1951 457 2045 513 sed

2167 462 2327 524 ιτίσις
2356 461 2500 531 αὕτη
2550 462 2864 530 γεγένηται,
2919 463 3013 515 καὶ
3065 463 3133 516 δι’
3182 463 3343 516 αὐτὸν
3380 463 3628 535 ὑπέκυψε
3658 468 3724 535 τῇ

476 564 698 623 propter
744 568 867 607 eum
903 553 994 624 qui
1057 553 1287 620 subjecit
1340 567 1459 608 eam
1514 554 1566 605 in
1619 568 1734 622 spe.
1780 570 1796 603 ι
1836 551 2048 605 Stultus

480 650 663 694 autem
692 640 937 694 Barlaam
983 651 1219 695 mentem
1249 640 1302 693 in
1341 641 1651 711 disciplinis
1682 657 1802 710 qua:
1846 640 1909 694 ad
1954 657 2046 692 ar-

478 743 582 786 tem
623 733 897 799 pertinent
925 734 1112 788 rudem
1138 742 1372 788 mentem
1403 734 1775 789 irrationalem
1808 743 1862 787 ct
1899 745 2049 788 tene-

477 826 692 879 brosam
724 827 951 880 vocabat
1009 827 1096 881 ille
1142 827 1538 896 nequissimus,
1590 827 1839 883 nesciens
1886 827 2049 880 homo

475 930 648 969 vanus
674 918 929 985 quoniam
962 917 1059 972 ista
1092 918 1309 987 quidem
1356 931 1577 988 prepter
1611 935 1711 975 nos
1744 930 1803 974 ut
1831 920 2045 987 corpori

479 1009 830 1075 providentur
867 1012 1227 1081 prmsentique
1262 1013 1382 1066 vitae
1429 1024 1627 1068 nostrae
1664 1015 1876 1083 prosint
1908 1012 2045 1067 facta

480 1109 627 1163 sunt,
678 1102 781 1155 alia
835 1118 964 1158 vero
1018 1114 1201 1159 sunta
1235 1106 1341 1159 Deo
1391 1106 1545 1160 nobis
1588 1116 1888 1175 prmparata
1925 1116 2049 1159 ante

478 1195 949 1258 constitutionem,
994 1208 1153 1267 prout
1208 1199 1324 1268 ipse
1375 1199 1501 1253 olim
1552 1200 1731 1253 dixit:
1780 1220 1797 1250 ι
1837 1198 2046 1264 Venite,

476 1286 752 1340 benedicti
785 1286 963 1344 Patris
1006 1292 1131 1353 mei,
1183 1292 1456 1359 possidete
1493 1303 1739 1361 paratum
1778 1292 1932 1347 vobis
1967 1308 2050 1346 re-

477 1392 640 1445 gnum
674 1394 701 1430 a
736 1380 1134 1435 constitutione
1179 1384 1387 1436 mundi.
1437 1402 1456 1436 ι
1500 1384 1644 1437 Bona
1686 1392 1866 1437 autem
1903 1384 2050 1438 illius

482 1468 651 1535 regni,
683 1470 753 1521 ait
781 1467 999 1534 Paulus,
1057 1473 1179 1526 talia
1237 1485 1363 1527 sunt
1411 1485 1469 1527 ut
1509 1495 1525 1525 ι
1564 1489 1661 1529 nec
1714 1476 1908 1531 oculus
1937 1476 2051 1531 haec

479 1558 675 1612 viderit
738 1576 839 1615 nec
900 1564 1047 1616 auris
1107 1564 1380 1618 audiverit
1421 1581 1522 1620 nec
1565 1567 1617 1619 in
1675 1581 1771 1619 cor
1809 1566 2049 1621 hominis

481 1654 787 1707 ascenderit
827 1671 946 1723 qua:
979 1658 1301 1725 praeparavit
1338 1656 1480 1712 Deus
1515 1659 1869 1727 diligentibus
1901 1674 1980 1714 se.
2026 1678 2043 1711 ι

482 1745 605 1798 Ι.1‹·ο
663 1748 820 1801 docet
861 1747 1120 1803 Dominus
1165 1769 1176 1803 :
1226 1769 1243 1801 ι
1281 1750 1487 1805 leum
1543 1762 1595 1805 et
1645 1759 1782 1806 terra
1845 1752 2050 1806 transi-

428 1822 438 1832 ’
484 1842 651 1909 ιῳηι,
684 1860 699 1891 ι
734 1841 1089 1911 prohibetque
1122 1843 1321 1900 Paulus
1353 1859 1419 1898 ne
1444 1845 1509 1899 de
1538 1844 1623 1899 bis
1657 1861 1777 1913 quae
1804 1846 2052 1901 videntur

483 1932 701 1986 solliciti
733 1934 943 2000 simus;
978 1951 1099 1989 nam
1133 1952 1253 2005 qua:
1276 1938 1533 1992 videntur
1561 1940 1880 2006 temporalia
1904 1948 2049 2004 sunt,

482 2040 604 2090 quae
634 2036 811 2079 autem
845 2041 950 2080 non
984 2028 1237 2082 videntur
1275 2040 1475 2084 aeterna
1510 2041 1658 2085 sunt.
1710 2030 1811 2085 Et:
1858 2050 1876 2082 ι
1918 2030 2053 2086 Coeli

482 2116 624 2171 sicut
650 2118 782 2171 liber
809 2119 1303 2187 complicabuntur;
1327 2142 1344 2173 ι
1369 2122 1615 2192 dixitque
1640 2123 1862 2178 Petrus:
1890 2124 2052 2179 «lei

482 2210 698 2279 quidem
736 2226 931 2281 magno
959 2213 1190 2267 stridore
1224 2215 1562 2280 transibunt,
1606 2216 1872 2271 elementa
1926 2232 2056 2271 vero

483 2303 661 2353 calore
706 2302 1019 2368 solventur;
1053 2313 1195 2358 terra
1242 2314 1423 2360 autem
1460 2317 1513 2360 et
1543 2322 1665 2376 qua:
1696 2309 1746 2361 in
1778 2308 1890 2376 ipsa
1928 2319 2056 2363 sunt

486 2406 649 2459 opera
702 2403 1024 2448 exurentur.
1062 2414 1080 2445 ι
1117 2398 1181 2449 At
1240 2399 1324 2451 bis
1370 2399 1626 2453 omnibus
1666 2402 2053 2466 dissolvendis,

486 2485 676 2553 quales
702 2500 801 2539 nos
827 2500 946 2540 esse
974 2495 1189 2555 oportet
1209 2488 1231 2540 ?
1254 2487 1505 2543 Profecto
1537 2490 1591 2544 in
1620 2502 1807 2545 sancta
1832 2507 2058 2547 convcr-

488 2578 702 2633 satione
754 2580 1124 2650 operibusque
1160 2581 1397 2650 pietatis,‘
1428 2592 1808 2652 exspectantes
1845 2586 2055 2640 Domini

489 2670 660 2723 nostri
694 2667 823 2725 Jesu
849 2670 1055 2726 Christi
1087 2671 1401 2735 adventum,
1434 2672 1501 2726 de
1536 2689 1642 2742 quo
1672 2690 1773 2729 nos
1803 2690 1923 2730 esse
1949 2678 2051 2730 sol-

488 2761 666 2815 licitos
694 2769 931 2831 oportet.
968 2762 1224 2828 Quaenam
1271 2766 1413 2818 enim
1469 2765 1676 2819 utilitas
1705 2781 1769 2820 ex
1818 2777 2059 2821 contem-

489 2856 725 2921 platiOne
758 2867 1135 2910 creaturarum
1157 2858 1179 2909 ?
1200 2858 1476 2923 Quantum
1506 2859 1627 2912 inde
1645 2868 1822 2925 torpet
1844 2861 2053 2914 anima!

488 2945 761 3011 Quantum
798 2947 919 3001 inde
953 2949 1298 3002 conteriturl
1333 2951 1437 3003 nisi
1479 2951 1642 3003 etiam
1680 2950 1805 3005 inde
1844 2962 2059 3006 crescat

490 3026 866 3110 praesumptio,
893 3041 1168 3111 impiaque
1203 3042 1421 3111 superbi
1456 3044 1801 3099 tenebrarum
1835 3046 2061 3115 spiritus

2156 553 2353 625 φθορᾷ,
2385 553 2530 608 καθά
2563 571 2665 607 που
2706 555 2800 608 καί
2852 556 3064 617 Παῦλος
3112 557 3242 624 περὶ
3288 556 3478 609 τούτου
3546 559 3726 626 φησὶ,

2158 663 2176 696 ι
2216 646 2294 716 Τῇ
2330 636 2459 715 γὰρ’
2493 647 2876 716 ματαιότητιή
2907 646 3084 708 κτίσις
3138 648 3408 719 ὑπετάγη,
3449 666 3467 697 ι
3527 647 3725 716 λέγων,

2158 755 2175 787 t
2211 738 2307 805 οὐχ
2341 736 2565 802 ἑκοῦσα,
2597 738 2731 792 ἀλλὰ
2753 739 2840 791 διὰ
2866 741 2955 792 τθιν
2979 740 3325 806 ὑποτάξαντα
3354 740 3440 793 ἐπ’
3466 739 3648 793 ἐλπίδι
3677 761 3724 797 ο.

2164 829 2223 880 'O
2256 828 2312 881 δέ
2353 847 2415 896 γε
2452 831 2711 892 ἀσύνετος
2741 829 3010 901 Βαρλαὰμ
3038 830 3162 883 νοῦν
3217 831 3308 884 τὸν
3344 833 3418 901 μὴ
3454 833 3581 902 περὶ
3617 832 3728 885 τῶν

2156 924 2497 994 μαθημάτων
2553 925 2663 977 τῶν
2718 925 2983 995 ἐντέχνων
3035 925 3216 978 εἰδότα
3277 924 3401 978 νοῦν
3456 926 3649 991 ἄλογον
3701 928 3731 980 ό

2151 1017 2381 1080 δείλαιος
2402 1017 2668 1069 ἀπεκάλει
2696 1019 2787 1070 καὶ
2811 1017 3107 1075 σκοτεινὸν,
3136 1019 3209 1087 μὴ
3234 1015 3389 1079 εἰδὼς
3414 1020 3440 1070 ὁ
3472 1019 3727 1084 μάταιος,

2152 1106 2227 1169 ὡς
2258 1107 2429 1158 ταῦτα
2473 1108 2573 1175 μὲν
2626 1106 2693 1160 δι’
2724 1109 2891 1176 ἡμᾶς,
2927 1108 3022 1159 καὶ
3075 1108 3162 1161 ἵνα
3219 1108 3288 1160 τὰ
3327 1107 3422 1160 τοῦ
3476 1105 3731 1175 σώματος

2152 1199 2442 1268 διοικῆται,
2472 1200 2565 1252 καὶ
2597 1201 2674 1260 εἰς
2706 1199 2905 1269 χρῆσιν
2946 1193 3052 1252 ὦσι
3088 1200 3187 1268 τῆς
3241 1200 3525 1268 παρούσης
3570 1199 3730 1268 ἡμῶν

2154 1288 2320 1360 ζωῆς,
2354 1291 2517 1359 ἕτερα
2544 1290 2587 1344 δ’
2617 1292 2723 1343 εἰσὶ
2753 1291 2822 1343 τά
2856 1291 2961 1358 πρὸ
2995 1290 3304 1366 καταϐολῆς
3329 1290 3533 1358 κόσμου
3582 1291 3731 1359 ἡτοι-

2157 1383 2410 1451 μασμένα
2439 1384 2567 1451 ἡμῖν
2617 1383 2769 1454 παρὰ
2796 1381 2890 1435 τοῦ
2922 1381 3080 1449 Θεοῦ,
3110 1382 3184 1444 ὡς
3221 1382 3383 1444 αὐτὸς
3414 1382 3529 1451 ἐρεῖ
3554 1384 3680 1435 τότε
3712 1397 3729 1413 ο

2161 1490 2179 1524 ι
2205 1472 2392 1539 Δεῦτε,
2414 1476 2462 1527 ot
2488 1473 2848 1546 εὐλογημένοι
2878 1474 2971 1526 τοῦ
3001 1474 3212 1544 Πατρός
3242 1491 3364 1543 μου,
3391 1474 3734 1545 κληρονομή-

2155 1578 2284 1614 σατε
2338 1562 2437 1633 τὴν
2485 1564 2902 1634 ἡτοιμασμένην
2934 1565 3062 1632 ὑμῖν
3101 1564 3376 1633 βασιλείαν
3410 1565 3517 1618 άπὸ
3559 1581 3729 1617 κατα-

2156 1655 2318 1726 ϐολῆς
2352 1646 2577 1725 κόσμου.
2609 1675 2627 1708 ι
2670 1658 2749 1710 Τὰ
2777 1657 2833 1710 δὲ
2866 1657 2965 1726 τῆς
2989 1657 3264 1728 βασιλείας
3284 1656 3495 1727 ἐκείνης
3526 1656 3727 1723 ἀγαθὰ,

2157 1751 2293 1815 φησὶ
2328 1747 2564 1811 Παῦλος,
2591 1747 2840 1811 τοιαῦτα,
2869 1748 2950 1800 ὅτι
2986 1767 3005 1799 ι
3056 1748 3367 1817 Ὁφθαλμὸς
3420 1747 3594 1801 ταῦτα
3629 1750 3731 1801 οὐκ

2156 1837 2285 1904 οἶδε,
2320 1843 2413 1894 καὶ
2442 1838 2534 1906 οῦς
2571 1843 2670 1894 οὐκ
2702 1842 2924 1912 ἤκουσε,
2976 1841 3071 1895 καὶ
3132 1841 3223 1893 ἐπὶ
3255 1841 3480 1908 καρδίαν
3519 1840 3732 1907 ἀνθρὼ-

2157 1950 2259 1987 που
2291 1936 2391 1987 οὐκ
2416 1935 2605 2004 ἀνέϐη,
2638 1933 2671 1987 ἃ
2707 1935 3007 2002 ἡτοίμασεν
3054 1937 3081 1986 ὁ
3128 1934 3262 1995 Θεὸς
3298 1936 3410 1992 τοῖς
3439 1934 3731 1999 ἀγαπῶσιν

2157 2026 2315 2079 αὐτόν
2356 2046 2398 2079 ι.
2442 2027 2547 2081 Καὶ
2567 2027 2645 2079 ὅτι
2676 2026 2703 2077 ὁ
2744 2026 2974 2094 οὐρανὸς
3009 2028 3156 2098 καὶὴ
3186 2029 3254 2096 γῆ
3292 2027 3731 2095 παρελεύσονται

2157 2120 2400 2172 διδάσκει
2424 2120 2451 2170 ό
2478 2119 2701 2189 Κύριος.
2732 2121 2844 2171 Καὶ
2869 2120 2932 2172 οὐ
2962 2118 3042 2171 δεῖ
3066 2119 3193 2188 περὶ
3218 2117 3325 2172 τῶν
3378 2117 3731 2188 βλεπομένων

2157 2214 2329 2282 ἡμᾶς,
2365 2193 2764 2279 Παῦλόςφησι,
2807 2212 3102 2280 μεριμνᾷν.
3136 2211 3217 2265 Τὰ
3271 2210 3379 2281 γὰρ
3420 2209 3731 2278 βλεπόμενα

2158 2305 2490 2375 πρόσκαιρα,
2516 2304 2583 2357 τὰ
2612 2304 2667 2357 δὲ
2701 2303 2777 2373 μὴ
2814 2303 3123 2373 βλεπόμενα
3171 2302 3388 2356 αἰώνια.
3424 2302 3533 2355 Καὶ
3586 2304 3614 2354 ὁ
3640 2302 3734 2353 οὐ-

2164 2398 2322 2467 ρανὸς
2352 2397 2704 2468 εἰληθήσεται
2734 2397 2809 2457 ὡς
2856 2394 3080 2467 βιϐλίον.
3144 2396 3251 2448 Καὶ
3282 2394 3487 2463 Πέτρος
3542 2397 3731 2463 φησὶν,

2167 2509 2185 2541 ε
2220 2490 2454 2560 Οὐρανοὶ
2489 2490 2589 2557 μὲν
2625 2488 2872 2559 ῥοιζηδὸν
2909 2487 3366 2556 παρελεύσονται,
3410 2491 3649 2556 στοιχεῖα
3673 2486 3734 2541 δὲ

2160 2582 2512 2651 καυσούμενα
2570 2579 2932 2649 λυθήσονταιο
2971 2583 3066 2633 καὶ
3115 2582 3184 2649 γῆ
3219 2583 3312 2633 καὶ
3357 2582 3427 2633 τὰ
3476 2581 3535 2633 ἐν
3591 2581 3730 2650 αὐτῇ

2160 2675 2337 2729 πάντα
2365 2674 2798 2741 κατακαήσεται.
2830 2693 2848 2724 ι
2888 2674 3108 2726 Τούτων
3128 2674 3184 2726 δὲ
3212 2673 3430 2726 πάντων
3450 2674 3732 2742 λυομένων

2161 2767 2435 2829 ποταποὺς
2461 2767 2540 2819 δεῖ
2573 2762 2711 2820 εἶναι
2756 2767 2943 2835 ἠμᾶς;
2986 2765 3075 2817 Ἐν
3126 2766 3315 2833 ἁγίαις
3364 2768 3735 2835 ἀναστροφαῖς

2161 2864 2255 2914 καὶ
2310 2859 2641 2923 εὐσεϐείαις,
2702 2857 3176 2926 ἀπεκδεχομένους
3226 2861 3326 2925 τὴν
3377 2857 3472 2910 τοῦ
3524 2857 3735 2927 Κυρίου

2162 2948 2320 3024 ἡμῶν
2365 2954 2540 3023 Ἰησοῦ
2574 2952 2812 3019 Χριστοῦ
2862 2953 3194 3022 παρουσίαν,
3247 2953 3377 3020 περὶ
3419 2946 3486 3019 ἧς
3534 2951 3598 3019 δὴ
3637 2953 3737 3003 καὶ

2166 3049 2473 3119 φροντίζειν
2500 3048 2647 3118 ἡμᾶς
2674 3044 2871 3116 χρεῶν.
2932 3045 2996 3098 Τί
3026 3044 3134 3115 γὰρ
3190 3045 3247 3096 τὸ
3273 3045 3463 3112 ὄφελος
3517 3046 3583 3097 ἐκ
3636 3044 3741 3114 τῆς

491 3133 677 3201 opinio
706 3133 979 3187 trientibus
1018 3134 1228 3189 insanis
1262 3135 1555 3190 inseratur.
1600 3136 1755 3202 Quod
1792 3154 1898 3193 non
1930 3140 2062 3210 ipsa:

2167 3143 2271 3195 τῶν
2303 3142 2621 3209 κτισμάτων
2651 3138 2883 3209 Θεωρίας
2910 3154 2926 3205 ;
2959 3138 3091 3189 ποία
3123 3137 3186 3189 ἐκ
3227 3136 3431 3190 τούτων
3460 3136 3738 3206 timidam;

492 3227 695 3280 faciunt
722 3234 984 3281 creaturae
1010 3242 1134 3281 cum
1157 3228 1314 3281 bona:
1337 3219 1447 3281 sint
1472 3236 1658 3297 utpote
1682 3246 1713 3284 a
1740 3231 1886 3287 bono
1913 3248 2062 3287 crea-

494 3330 630 3373 turae
667 3319 922 3384 conditaz,
980 3323 1072 3373 sed
1140 3320 1374 3374 sollicita
1438 3337 1622 3376 earum
1670 3324 2062 3390 consideratio,

492 3426 653 3479 quam
715 3412 1142 3489 contemplatum
1219 3420 1521 3481 apostatam
1586 3413 1774 3468 dicunt
1839 3417 2063 3487 quidam

495 3504 839 3568 (sublimiore
888 3504 1032 3558 enim
1075 3507 1537 3573 contemplatione
1578 3508 1775 3577 dignus
1822 3524 1929 3561 non
1962 3508 2065 3563 fuit

496 3598 585 3651 ille
632 3597 704 3654 ab
762 3598 920 3652 initio
949 3598 1343 3667 gloriabundus
1392 3608 1444 3655 et
1472 3600 1941 3657 insolentissimus
1971 3603 2065 3670 qui

498 3700 678 3745 tamen
706 3705 921 3745 summo
947 3691 1268 3761 angelorum
1307 3695 1486 3749 ordini
1516 3696 1793 3763 praterat),
1817 3694 1943 3749 dum
1982 3697 2067 3751 in-

496 3791 743 3837 tueretur
760 3783 1141 3852 superbivisse,
1158 3800 1323 3854 seque
1336 3787 1617 3855 iaetitasse
1636 3787 1892 3841 thronum
1908 3803 2065 3844 suum

497 3892 663 3947 super
693 3876 864 3932 nubes
882 3886 932 3931 et
951 3887 1093 3931 astra
1118 3880 1445 3947 positurum,
1473 3881 1815 3952 similemque
1836 3881 1955 3937 fore
1977 3882 2069 3936 Al.

498 3971 731 4036 tissimo,
750 3969 841 4039 qui
857 3970 1196 4025 Altissimum
1214 3988 1320 4027 non
1342 3976 1722 4045 cognoscebat.
1743 3974 1898 4029 lluue
1918 3990 2071 4032 mens

494 4063 675 4117 omnis
694 4077 909 4132 semper
928 4064 1234 4133 contempla
1245 4065 1286 4117 ri
1307 4066 1463 4120 debet
1487 4065 1635 4120 velut
1664 4074 1896 4121 mentem
1915 4075 2070 4122 teter-

410 4223 413 4226 ⁴
495 4171 618 4209 nam
644 4155 856 4210 Patrem
883 4171 1006 4210 cum
1029 4155 1208 4210 Verbo
1231 4166 1287 4210 et
1313 4157 1539 4226 Spiritu,
1568 4168 1619 4212 et
1644 4174 1766 4212 eum
1791 4168 2068 4229 appetere,

494 4260 656 4318 atque
667 4250 734 4303 ad
749 4265 872 4304 eum
892 4259 1264 4303 creaturarum
1285 4252 1542 4302 factorem
1559 4252 1814 4304 continua
1836 4265 2072 4319 prepon-

495 4342 651 4395 sione
672 4342 912 4403 tendere,
928 4348 981 4392 et
1001 4355 1125 4393 eum
1152 4340 1204 4394 in
1229 4340 1445 4393 silentio
1470 4341 1700 4395 adorare
1720 4344 2073 4411 quemadmo-

495 4434 623 4485 dum
643 4432 841 4499 angeli;
863 4430 1067 4499 Deique
1081 4445 1243 4499 opera
1264 4445 1513 4499 quanam
1533 4431 1642 4485 sint
1661 4431 1889 4487 intuitus
1906 4433 2068 4489 homo
2095 4467 2146 4526 Β

497 4526 656 4578 debet
673 4522 969 4577 secundum
989 4524 1209 4593 angelos
1226 4538 1410 4593 agere,
1427 4537 1619 4592 nempe.
1639 4540 1758 4579 eum
1781 4526 1997 4596 hymnis
2014 4537 2068 4582 et

498 4614 749 4668 laudibus
770 4614 1069 4671 celebrare.
1102 4614 1193 4668 Ait
1227 4615 1409 4669 enim:
1444 4633 1462 4665 ι
1499 4615 1729 4679 Quando
1758 4616 1901 4671 facta
1942 4628 2071 4673 sunt

498 4717 669 4774 aStra,
698 4707 1099 4762 laudabantme
1137 4723 1268 4763 voce
1294 4723 1487 4778 magna
1520 4723 1711 4763 omnes
1748 4710 1925 4780 angeli
1966 4712 2069 4765 mei

500 4802 826 4870 bymnisque
858 4800 1149 4855 ornabant.
1191 4819 1209 4851 ι
1240 4799 1468 4855 Vidcn’?
1499 4800 1795 4855 humilitati
1842 4812 1989 4864 sunt,
2021 4816 2075 4857 et

499 4894 685 4951 statim
712 4894 778 4948 ad
810 4893 1326 4961 contemplationem
1383 4903 1437 4947 et
1480 4893 1929 4961 gloriﬁcationem
1981 4892 2072 4947 Dei

500 4998 731 5044 mentem
771 4995 1088 5049 erexerunt,
1139 4988 1399 5056 quoniam
1460 4985 1578 5054 ipse
1610 4987 1854 5039 omnium
1892 4985 2072 5039 Domi-

502 5098 641 5150 nus;
678 5096 851 5152 neque
890 5089 1106 5149 promer
1133 5095 1281 5145 eum,
1318 5078 1415 5133 sed
1453 5088 1672 5147 propter
1713 5094 1831 5146 nos,
1870 5088 1931 5132 ut
1972 5094 2075 5132 no-

500 5187 614 5232 stra
644 5183 901 5244 regantur
935 5188 1163 5244 corpora
1207 5172 1442 5228 visibilia
1505 5172 1771 5235 condidit,
1821 5172 2070 5226 invisibi-

500 5271 570 5322 lia
603 5278 783 5324 autem
816 5278 873 5321 ut
906 5267 1104 5322 animis
1155 5266 1361 5321 nostris
1398 5266 1710 5334 proliciant.
1743 5264 1875 5330 Quae
1910 5264 2077 5332 igitur

504 5363 713 5418 utilitas
779 5366 822 5417 si
879 5362 946 5415 de
1005 5361 1088 5415 his
1140 5358 1590 5427 corruptibilibus
1640 5356 1863 5411 solliciti
1904 5356 2077 5411 simus

502 5472 627 5527 qua:
654 5456 1001 5510 studentibus
1056 5469 1165 5507 non
1223 5463 1477 5522 prosunt,
1536 5450 1638 5504 nisi
1697 5450 1821 5518 quis
1875 5449 1965 5503 illa
1991 5464 2080 5503 so-

505 5550 785 5605 lummodo
826 5549 1079 5617 inspiciat
1133 5556 1191 5599 ut
1247 5546 1353 5600 Deo
1400 5544 1605 5613 gratias
1663 5552 1716 5597 et
1765 5542 1951 5595 laudes
1984 5542 2080 5595 tri-

509 5649 658 5709 buat,
702 5653 758 5697 ut
789 5643 968 5698 solent
1001 5639 1199 5701 sancti,
1238 5648 1292 5691 et
1342 5636 1508 5691 David
1565 5635 1711 5692 istud
1751 5640 1979 5688 testatur
2023 5634 2076 5684 in

506 5737 692 5789 multis
724 5734 945 5804 psalmis
973 5745 1134 5799 opera
1194 5729 1286 5784 Dei
1338 5727 1705 5796 praedicando.
1772 5724 1865 5778 ille
1898 5731 2077 5776 autem

508 5823 823 5898 puniundus
860 5827 973 5881 iure
1011 5824 1233 5879 omnino
1269 5825 1470 5878 oblitus
1503 5821 1813 5876 Grzccorum
1848 5817 2077 5894 ineptias

2165 3234 2295 3286 ποία
2318 3231 2498 3301 ψυχῆς
2530 3229 2786 3300 συντριϐή
2810 3245 2825 3295 ;
2858 3230 2906 3281 εί
2962 3229 3037 3296 μὴ
3078 3228 3168 3280 καὶ
3202 3226 3381 3293 οἴησιν
3412 3229 3739 3297 προστίθησι

2170 3327 2392 3397 μᾶλλον.
2419 3325 2515 3379 καὶ
2543 3326 2664 3385 ταῖς
2697 3323 2806 3375 τῶν
2837 3322 3090 3390 ἀφρόνων
3133 3320 3335 3389 ψυχαῖς
3362 3321 3459 3389 τὴν
3492 3320 3585 3374 τοῦ
3614 3338 3744 3373 σκο-

2168 3419 2346 3473 τεινοῦ
2374 3417 2493 3480 νοὸς
2517 3417 2610 3469 καὶ
2629 3414 2980 3484 ὑπερηφάνου
3004 3412 3248 3465 ἀντίθεον
3273 3411 3501 3483 γνώμην
3524 3414 3741 3483 ἐντίθηο

2171 3529 2274 3565 σιν.
2305 3512 2378 3563 Οὐ
2418 3510 2486 3562 τὰ
2518 3510 2794 3578 κτίσματα
2820 3508 2874 3559 δὲ
2918 3506 3077 3560 τοῦτο
3109 3511 3271 3569 ποιεῖ,
3307 3506 3449 3559 καλὰ
3500 3510 3609 3576 γὰρ
3666 3508 3745 3571 ὡς

2169 3605 2265 3659 καὶ
2298 3602 2464 3657 καλοῦ
2513 3603 2811 3668 κτίσματα,
2840 3599 2960 3653 ἀλλ’
3016 3602 3048 3669 ἡ
3088 3600 3378 3669 περίεργος
3419 3601 3645 3670 θεωρία,
3674 3603 3744 3669 ἢν

2171 3696 2265 3749 καὶ
2294 3697 2648 3765 θεωρήσαντα
2681 3693 2771 3747 τὸν
2797 3692 3111 3761 ἀποστάτην
3161 3693 3292 3759 φασί
3341 3710 3487 3755 τινες
3521 3694 3603 3761 (οὐ
3632 3694 3745 3763 γάρ

2170 3788 2506 3859 ὑψηλοτέρας
2529 3786 2729 3857 ἠξίωτο
2770 3784 3026 3854 θεωρίας,
3057 3783 3151 3837 ἀπ’
3183 3785 3361 3853 ἀρχῆς
3413 3786 3489 3838 ῶν
3528 3785 3747 3848 ἀλαζὼν

2172 3884 2267 3936 καὶ
2326 3880 2660 3948 ὑπέροφρυς,
2714 3877 2816 3944 τῆς
2861 3875 3178 3937 τελευταίας
3228 3876 3283 3928 δὲ
3332 3878 3441 3929 τῶν
3492 3877 3745 3944 ἀγγέλων

2173 3973 2387 4043 ὑπῆρχε
2435 3968 2663 4037 τάξεως)
2720 3964 3133 4035 ὑπερφρονῆσαι
3192 3969 3249 4018 ἐν
3300 3966 3377 4032 τῷ
3432 3967 3584 4029 ἰδεῖν,
3649 3970 3750 4019 καὶ

2173 4067 2345 4120 θεῖναι
2377 4059 2760 4131 καυχήσασθαι
2803 4058 2989 4110 ἐπάνω
3037 4057 3145 4109 τῶν
3192 4058 3429 4125 νεφελῶν
3483 4061 3577 4111 καὶ
3633 4060 3747 4112 τῶν

2173 4159 2391 4226 ἄστρων
2453 4154 2545 4206 τὸν
2602 4150 2793 4221 θρόνον
2857 4149 3044 4213 αὐτοῦ,
3106 4152 3201 4204 καλ⁸
3230 4151 3415 4218 ὅμοιον
3472 4148 3615 4203 εἶναι
3668 4152 3750 4219 τῷ

2184 4247 2445 4316 ’Υψίστῳ,
2488 4242 2563 4313 μὴ
2597 4242 2774 4295 εἰδότα
2802 4241 2894 4294 τὸν
2928 4241 3216 4310 ’λ’ψιστον.
3271 4244 3367 4295 Ὃν
3405 4242 3487 4296 δεῖ
3518 4242 3749 4312 θεωρεῖν

2177 4338 2353 4392 πάντα
2381 4336 2508 4390 νοῦν
2527 4335 2616 4389 ἀεὶ
2639 4334 2713 4399 ὡς
2733 4334 2839 4404 50
2854 4334 3091 4402 ἄναρχον
3112 4332 3239 4386 ὄντα
3269 4334 3391 4387 νοῦν
3417 4334 3509 4387 τὸν
3529 4336 3749 4407 Πατέρα

2178 4431 2271 4483 σὺν
2301 4429 2379 4498 τῷ
2408 4430 2567 4499 Λόγῳ
2615 4430 2709 4481 καλ⁸
2761 4425 3063 4495 Πνεύματι,
3097 4426 3191 4479 καὶ
3244 4427 3376 4495 πρὸς
3428 4426 3590 4480 αὐτὸν
3654 4430 3749 4496 τὴν

2176 4522 2363 4591 ἔφεσιν
2397 4520 2563 4591 ἔχειν,
2603 4522 2695 4574 καὶ
2728 4519 2868 4590 πρὸς
2900 4519 3065 4571 αὑτὸν
3099 4519 3188 4572 ἀεὶ
3218 4519 3616 4581 ἀνατείνεσθαι,
3653 4520 3749 4572 τὸν

2175 4617 2407 4686 ποιητὴν
2458 4614 2571 4668 τῶν
2621 4615 2961 4681 κτισμάτων,
3018 4612 3113 4664 καὶ¹
3169 4610 3417 4677 δοξάζειν
3470 4612 3750 4681 ἀσιγήτως

2174 4710 2336 4763 αὐτὸν
2365 4707 2439 4770 ὡς
2456 4708 2505 4759 οἱ
2535 4705 2779 4774 ἄγγελοι,
2806 4704 2900 4757 καλ⁵
2926 4702 3067 4755 κατὰ
3100 4702 3227 4765 τοὺς
3251 4701 3516 4768 ἀγγέλους
3548 4704 3748 4768 ποιεῖν,

2176 4780 2484 4868 θεωροῦντα
2513 4796 2632 4855 τίνα
2663 4795 2730 4846 τὰ
2753 4793 2845 4847 τοῦ
2876 4791 3009 4845 Θεοῦ
3040 4793 3337 4862 κτίσματα,
3369 4793 3557 4861 ὑμνεῖν
3587 4794 3753 4847 αὐτὸν

2176 4892 2609 4958 καὶδοξολογεῖν.
2643 4907 2660 4938 t
2678 4889 2805 4940 ’Ότε
2837 4906 2855 4938 ι
2881 4887 3013 4957 γάρ,
3039 4887 3226 4957 φησὶν,
3259 4905 3277 4938 ι
3308 4886 3527 4952 ἐγένετο
3547 4885 3745 4955 ἄστρα,

2176 4985 2375 5056 ᾔνεσαν
2399 5000 2465 5053 με
2508 4983 2657 5051 φωνῇ
2726 4978 2940 5051 μεγάλῃ
2974 4978 3176 5042 πάντες
3233 4979 3457 5046 ἄγγελοί
3517 4994 3621 5046 μου
3654 4978 3754 5030 καὶ

2180 5076 2448 5146 ὕμνησαν.
2483 5093 2501 5125 ι
2546 5074 2757 5143 Ὀρᾷς;
2791 5071 3257 5138 Τεταπείνωνται,
3318 5075 3413 5124 καὶ
3462 5070 3599 5140 πρὸς
3653 5071 3755 5138 τὴν

2179 5168 2273 5221 τοῦ
2311 5165 2447 5220 Θεοῦ
2508 5164 2743 5234 θεωρίαν
2774 5165 2871 5217 καὶ
2921 5162 3234 5230 δοξολογίαν
3263 5162 3428 5225 εὐθὺς
3480 5163 3573 5214 τὸν
3625 5159 3757 5213 νοῦν

2178 5257 2436 5324 ἔστησανσ
2467 5254 2549 5306 ὅτι
2580 5253 2674 5307 καὶ
2704 5252 2867 5316 αὐτὸς
2903 5254 3123 5305 πάντων
3157 5252 3547 5323 παραγωγεὺς,
3572 5248 3670 5301 καὶ
3692 5249 3757 5301 οὑ

2178 5348 2244 5400 δι’
2277 5346 2441 5400 αὑτὸν
2478 5345 2544 5396 τὰ
2575 5345 2874 5413 κτίσματα,
2906 5344 3038 5397 ἀλλὰ
3061 5344 3127 5397 δι’
3159 5345 3330 5413 ἡμᾶς,
3360 5344 3444 5395 ἶνα
3482 5342 3756 5411 κυϐερνᾶ-

2180 5459 2268 5494 ται
2303 5439 2459 5509 ήμῶν
2488 5437 2556 5490 τὰ
2594 5441 2839 5506 σώματα.
2875 5438 2955 5491 Τὰ
3012 5439 3067 5491 δέ
3095 5438 3236 5507 ὑπὲρ
3256 5438 3363 5490 τῶν
3387 5434 3575 5505 ψυχῶν
3598 5433 3761 5503 ἡμῶν

2179 5534 2548 5604 ἀκατανόητα.
2582 5532 2678 5594 Τίς
2734 5528 2824 5585 οὖν
2859 5532 2892 5600 ἡ
2929 5529 3092 5599 χρεία
3155 5530 3423 5598 μεριμνᾷν
3485 5528 3614 5594 περὶ
3648 5528 3764 5581 τῶν

2183 5625 2461 5697 φθαρτῶν,
2497 5626 2593 5678 καὶ⁸
2626 5626 2793 5694 μηδὲν
2825 5620 3181 5690 ὠφελούντων
3230 5623 3286 5673 ἐν
3317 5620 3395 5689 τῷ
3443 5622 3762 5683 κατανοεῖν,

2185 5724 2230 5773 εί
2267 5720 2339 5790 μή
2374 5736 2456 5781 τις
2484 5719 2842 5785 κατανοήσειε
2875 5714 3070 5785 μικρὸν
3090 5714 3178 5767 διὰ
3201 5715 3370 5783 μόνην
3398 5711 3763 5782 εὐχαριστίαν

2186 5814 2319 5868 Θεοῦ
2349 5815 2441 5868 καὶ
2471 5812 2798 5879 δοξολογίαν,
2834 5810 2908 5874 ὼς
2939 5811 3034 5863 καὶ
3078 5809 3189 5871 τοῖς
3221 5806 3395 5873 ἁγίοις
3434 5805 3554 5868 ἔθος
3599 5807 3761 5873 tati;
