4040 6202
331 319 418 382 illi

1367 333 1644 398 DIALOG
1657 339 1748 400 US
1781 339 2080 401 CONTRA
2113 342 2499 407 HrEliESES.

3462 356 3562 416 15⁸)

325 437 420 488 Καὶ
447 430 604 486 Δαόὶδ
643 433 802 488 τοῦτο
837 443 1132 510 μαρτυρεῖ,
1165 441 1224 495 ιν
1254 433 1471 510 πολλοῖς
1498 449 1608 504 τῶν
1647 449 1874 521 ψαλμῶι

1987 451 2346 524 Platonisque
2389 457 2670 514 doctrinas
2725 471 2780 516 et
2823 462 3108 532 opiniones
3165 481 3304 534 quas
3360 477 3561 528 vocant

321 527 382 578 τὰ
431 524 518 578 τοῦ
548 525 684 578 Θεοῦ
743 527 1128 601 διηγούμενος.
1192 535 1356 590 Ἀλλὰ
1389 538 1594 594 τούτων
1648 543 1881 613 μηδενὸς

325 617 568 690 μνησθεὶς
597 620 808 683 ἐκεῖνος
843 625 870 675 ό
905 625 1126 695 μιαρὸς.
1167 628 1266 693 τὰς
1321 629 1648 701 Ἑλληνικὰς
1675 635 1882 705 qi).qu-

327 708 440 776 φίας
463 709 554 762 καὶ
580 711 678 773 τὰς
702 713 796 766 τοῦ
827 713 1116 780 Πλάτωνος
1145 719 1459 791 είσηγήσεις
1485 741 1546 776 τε
1576 725 1672 779 καὶ
1697 725 1876 792 δόξας,

215 807 222 822 ‘
323 801 406 854 καὶ
428 801 492 864 ἃς
515 802 775 857 καλοῦσιν
801 824 820 857 ι
859 807 1022 874 ἰδέας,
1055 829 1073 861 ι
1109 815 1395 883 φωτισμὸν
1415 817 1598 886 ἡγεῖτο
1618 820 1710 871 καὶ
1739 819 1882 886 γνῶ-

323 907 396 942 σιν
419 894 510 944 καὶ
539 893 812 964 κάθαρσιν
841 897 870 950 ό
911 899 1242 970 ἀκάθαρτος.
1281 906 1348 960 Ἃ
1382 907 1445 976 δὴ
1491 907 1586 963 καὶ
1620 909 1878 964 ἐλάττονα

319 983 406 1051 τῆς
435 983 782 1054 ἀνθρωπίνης
811 989 922 1042 cici.
961 990 1222 1057 διανοίας,
1257 995 1350 1050 ὑπ’
1396 997 1567 1068 αὐτῆς
1597 999 1878 1070 καταλαμ-

317 1071 608 1142 ϐανόμενα·
657 1078 754 1130 καὶ
805 1081 1108 1148 μετρεῖται,
1151 1083 1260 1160 ,καὶ
1313 1086 1560 1151 ἐξετάσει
1623 1089 1878 1160 διδόμενα

316 1161 712 1230 ἑφευρίσκεται,
743 1167 840 1220 καὶ
887 1168 1124 1238 μάλιστα
1151 1155 1228 1226 ¹τὰ
1261 1177 1388 1246 περὶ
1431 1179 1532 1246 τῆς
1576 1180 1688 1232 τῶν
1719 1155 1876 1236 dion-E-

316 1273 413 1323 ρων
442 1256 740 1326 κινήσεως·
775 1261 872 1314 καὶ
897 1263 1054 1316 οἰδὲν
1099 1267 1162 1320 ὲκ
1193 1269 1402 1324 τούτων
1447 1273 1640 1342 ὄφελος
1679 1277 1756 1347 τῷ
1787 1278 1878 1330 ἀν-

314 1345 524 1418 θρώπῳ.
583 1348 648 1403 Τί
680 1351 794 1422 γὰρ
827 1355 978 1424 παρὰ
1027 1358 1092 1410 τὺ
1141 1359 1343 1415 εἰδέναι
1387 1364 1492 1419 ποῦ
1524 1365 1626 1436 τὴν
1659 1345 1878 1438 κίνησιν

311 1439 412 1508 ἔχει
441 1440 469 1491 ὁ
501 1441 656 1510 ἥλιος
689 1444 784 1498 καὶ
815 1447 1012 1519 σελήνη
1045 1450 1143 1504 καὶ
1175 1453 1245 1506 τὰ
1279 1453 1440 1509 λοιπὰ
1483 1457 1592 1511 τῶν
1621 1459 1874 1530 ἄστρων;

309 1532 352 1584 εί
379 1531 448 1600 μὴ
489 1533 578 1590 διά
607 1552 734 1588 τινα
769 1541 960 1608 χρείαν
991 1543 1194 1611 σαρκὸς
1245 1546 1322 1609 ῶς
1367 1553 1612 1604 ναυτικοὶ
1645 1554 1877 1623 κέχρην-

306 1631 402 1678 ται.
427 1627 536 1682 Καὶ
559 1631 884 1701 παχυτέρως
904 1633 1052 1688 οὗτοι
1069 1637 1138 1690 τὰ
1167 1640 1278 1694 τῶν
1305 1641 1524 1713 ἄστρων
1553 1649 1877 1702 κατανοοῦσι

309 1719 626 1784 κρειττόνως
662 1724 924 1788 πολλάκις
951 1727 1049 1780 καὶ
1077 1731 1186 1784 τῶν
1207 1731 1550 1806 λεπτοτέρων
1575 1737 1876 1792 δοκούντων

1985 544 2137 600 ideas
2172 548 2594 604 illustrationem
2626 563 2678 605 et
2727 555 3016 610 scientiam
3053 567 3219 626 atque
3254 551 3586 627 puritatem'

1983 637 2236 706 impurus
2259 639 2536 709 ducebat;
2573 660 2695 714 qua:
2748 647 3002 704 humanae
3044 650 3362 720 cogitationi
3421 652 3560 706 inl‘e-

1983 725 2126 780 riora
2159 737 2310 796 sunt,
2347 745 2469 786 eum
2511 734 2580 790 ab
2612 749 2674 789 ea
2714 741 3106 806 comprehensa
3141 753 3553 808 mensurentur,

1982 825 2035 872 ot
2065 819 2438 876 observationi
2504 824 2630 879 data
2697 829 3066 900 reperiantur,
3126 834 3399 902 praecipue
3431 850 3557 904 quae

1981 910 2126 968 circa
2157 923 2336 968 motus
2389 925 2661 971 astrorum
2718 931 3024 990 versantur,
3084 939 3148 979 ex
3208 927 3406 995 quibus
3439 929 3559 982 uul—

1981 1003 2090 1058 lum
2119 1003 2326 1060 homini
2355 1008 2728 1076 commodum,
2765 1009 2908 1078 Quid
2955 1015 3101 1070 enim
3133 1019 3353 1086 prodest
3383 1019 3429 1072 si
3463 1035 3559 1074 uo-

1979 1095 2158 1151 verint
2186 1099 2462 1165 quomodo
2493 1112 2814 1159 moveantur
2873 1107 2956 1161 sol
3008 1117 3062 1162 et
3118 1110 3243 1164 luna
3296 1123 3554 1182 astraque

1980 1188 2218 1241 uetera?
2249 1186 2361 1243 Nisi
2403 1191 2529 1246 inde
2557 1194 2847 1261 quamdam
2881 1200 3062 1254 carnis
3095 1201 3380 1256 utilitatem
3412 1205 3555 1258 sicut

1982 1287 2160 1333 nautae
2193 1283 2542 1352 percipiant;
2579 1283 2791 1357 istiquc
2838 1297 3020 1346 mente
3077 1293 3384 1350 hebetiores
3411 1311 3556 1365 saepe

1981 1371 2178 1425 melius
2207 1387 2544 1442 cognoscunt
2577 1394 2637 1432 ea
2664 1395 2783 1448 quae
2807 1385 2873 1435 ad
2902 1383 3084 1440 sidera
3111 1396 3354 1454 spectant
3386 1403 3549 1457 quam

1982 1461 2056 1516 illi
2083 1463 2175 1532 qui
2209 1466 2549 1534 sapientibus
2577 1474 2859 1530 acutiores
2898 1477 3172 1534 videntur.
3203 1479 3256 1534 Si
3283 1491 3462 1536 autem
3490 1483 3556 1536 de

1979 1554 2188 1624 origine
2217 1573 2402 1612 rerum
2429 1559 2672 1628 disserit,
2699 1563 2834 1620 heu!
2875 1583 3035 1635 quam
3067 1584 3210 1623 caeca
3242 1571 3515 1624 aberratin
3538 1573 3558 1624 ελ

1980 1661 2144 1715 quam
2190 1649 2354 1718 impie
2399 1651 2640 1722 loquitur
2691 1655 2938 1712 divinum
2985 1659 3248 1714 honorem
3285 1663 3558 1718 creaturis

1981 1739 2280 1794 exhibens!
2325 1741 2443 1796 Non
2478 1745 2620 1798 enim
2657 1745 2746 1802 Dei
2775 1751 3118 1814 providentia
3149 1763 3334 1807 nostra
3363 1754 3560 1822 guber-

311 1809 450 1877 παρὰ
495 1814 704 1878 σοφοῖς.
761 1815 820 1869 El
851 1815 908 1870 δὲ
955 1821 1088 1889 περὶ
1119 1824 1393 1890 γενέσεως
1423 1827 1450 1878 ὁ
1479 1825 1636 1894 λόγος
1661 1829 1872 1900 ἐκείνῳ,

1983 1829 2101 1884 nari
2136 1832 2440 1900 existimat,
2468 1838 2562 1892 sed
2609 1839 2719 1894 t‘ato
2758 1839 3088 1912 fortunaque
3125 1852 3182 1899 et
3207 1855 3402 1915 sponte
3435 1862 3556 1912 sua,

303 1898 398 1964 φεῧ
423 1901 526 1968 τῆς
557 1903 776 1974 ἀπάτης
803 1909 816 1959 l
854 1909 930 1972 ὡς
955 1915 1430 1987 κτισματολάτρης
1453 1919 1561 1987 γὰρ
1593 1923 1686 1974 καὶ
1728 1898 1872 1975 ἀντί-

302 1990 432 2052 Θεος.
465 1994 546 2046 οὐ
577 1995 688 2067 γὰρ
717 2001 782 2069 τῇ
819 1999 915 2053 τοῦ
939 2002 1076 2056 Θεοῦ
1111 2007 1340 2080 προνοίᾳ
1365 2010 1465 2080 τὴν
1487 2013 1645 2082 ἡμῶν
1673 2015 1876 2086 διοίκη-

299 2099 374 2136 σιν
399 2086 747 2158 ἀνατίθησιν,
771 2093 908 2148 ἀλλὰ
929 2098 994 2166 τῇ
1025 2097 1346 2173 είμαρμένῃ
1396 2105 1486 2156 καὶ
1515 2106 1648 2177 τύχῃ
1677 2111 1768 2160 καὶ
1798 2109 1874 2180 τῷ

299 2177 589 2250 αὐτομάτῳ
615 2184 756 2238 κατὰ
783 2185 876 2238 τὸν
915 2188 1258 2261 Ἐπίκουρον,
1295 2195 1328 2262 ἢ
1368 2199 1488 2259 ταῖς
1511 2198 1619 2250 τῶν
1653 2197 1875 2267 ἄστρων

294 2265 576 2354 δυνάμεσι,
609 2273 703 2325 καὶ
735 2273 896 2330 τοῦτο
917 2278 980 2332 τὸ
1011 2281 1166 2346 τέλος
1209 2283 1311 2354 τῆς
1344 2286 1556 2350 ἀθετας.
1595 2291 1708 2343 Καὶ
1741 2265 1874 2344 [ito—

295 2353 514 2424 λεμαῖος
533 2359 700 2426 ἄλλος
751 2365 778 2417 ό
804 2365 1094 2442 Βαρλαὰμ,
1124 2374 1192 2427 τὰ
1227 2375 1347 2428 θεία
1395 2379 1496 2447 μὲν
1527 2379 1688 2448 δῆϐεν
1725 2383 1874 2452 δεχό-

298 2462 446 2512 μενος
479 2450 643 2518 λόγια
683 2454 760 2518 ὡς
809 2459 1016 2524 ἐκεῖνος
1069 2463 1137 2518 τὰ
1184 2465 1292 2520 τῶν
1357 2469 1644 2540 Ἐϐραίων,
1694 2473 1730 2527 ἃ
1780 2450 1871 2529 καὶ

293 2538 592 2632 ἑρμηνείας
627 2545 850 2614 ἠξίωσε,
901 2551 998 2623 τὴν
1037 2554 1202 2610 αὑτοῦ
1234 2559 1289 2612 δὲ
1343 2538 1706 2632 Τετράϐισλον
1733 2568 1874 2620 κατὰ

291 2629 386 2696 τῆς
413 2636 681 2701 προνοίας
717 2641 950 2708 συνθεὶς,
981 2645 1058 2707 ὡς
1094 2651 1190 2704 καὶ
1217 2643 1371 2714 οὗτος
1393 2653 1461 2705 τὰ
1507 2655 1608 2723 τῆς
1648 2655 1874 2728 Ἐκκλη-

291 2719 536 2792 σίας”μὲν
569 2727 743 2795 λέγων
761 2729 1036 2802 δέχεσθαι,
1091 2740 1187 2791 καὶ
1216 2741 1359 2795 κατὰ
1381 2719 1630 2798 Λατίνων
1659 2748 1713 2800 δὲ
1742 2719 1872 2820 συν-

289 2814 662 2882 τραφόμενος,
693 2817 785 2890 τὸν
827 2821 1189 2895 Ἐλληνισμὺν
1221 2829 1278 2882 δὲ
1306 2833 1562 2901 είσάγων.
1603 2837 1661 2890 El
1691 2837 1746 2890 δὲ
1781 2814 1871 2892 καὶ

289 2906 342 2956 τ’)
372 2905 468 2959 τοῦ
501 2909 720 2964 Παύλου
755 2913 998 2988 ἀντιθείη
1039 2937 1122 2983 τις
1151 2923 1304 2992 ἡμῖν,
1355 2944 1374 2976 ‹
1403 2927 1482 2979 Τὰ
1507 2930 1615 2999 γὰρ
1664 2932 1870 3000 ἀόρατα

287 2997 444 3050 αὐτοῦ
473 3001 594 3053 ἀπὸ
619 3003 851 3069 κτίσεως
881 3009 1088 3080 κόσμου
1129 3017 1243 3077 τοῖς
1277 3021 1547 3088 ποιήμασι
1601 3025 1870 3094 νοούμενα

287 3089 616 3159 καθορᾶται,
659 3114 678 3146 ι
715 3099 808 3151 καὶ
857 3101 918 3154 τδ
953 3103 1046 3156 τοῦ
1090 3107 1274 3174 saeta,
1339 3128 1356 3161 ι
1389 3113 1449 3164 0t
1485 3114 1706 3183 οιρκνοι
1736 3089 1800 3170 ’δι

289 3137 616 3159 -----Ἶ...-..-,
659 3137 677 3146 -
715 3137 808 3151 ..νη
867 3137 918 3154 ,υ
961 3137 1046 3156 -νυ
1090 3137 1274 3174 natatu,
1339 3137 1356 3161 I
1389 3137 1448 3164 Ut
1485 3137 1706 3183 ouprOt
1753 3137 1868 3189 οιηο

287 3180 506 3246 γοῦνται
534 3185 696 3249 δόξαν
745 3189 904 3256 Θεοῦ,
949 3211 966 3245 ι
1007 3197 1124 3250 ἀλλ’
1173 3199 1316 3254 οὕτω
1359 3203 1463 3273 χρὴ
1514 3206 1673 3260 τοῦτο
1708 3215 1866 3276 νοεῖν,
1894 3167 1939 3229 C

285 3272 354 3334 ὡς
379 3275 548 3328 αὐτοὶ
571 3278 736 3333 τοῦτο
769 3286 1247 3357 παραδεδώκασιν,
1283 3297 1361 3358 είς
1397 3297 1457 3349 τὸ
1503 3299 1748 3366 εὐλογεῖν
1779 3303 1870 3354 τὸν

287 3363 490 3431 Κύριον
525 3371 626 3421 καὶ
679 3371 869 3440 ὑμνεῖν
919 3379 982 3430 ἐκ
1019 3380 1132 3434 τῶν
1165 3385 1459 3454 ὁρωμένων
1511 3363 1692 3458 αὑτὸν,
1753 3395 1868 3456 καὶ,

289 3473 306 3504 ι
335 3455 596 3527 Εὑλόγει,
637 3479 654 3513 t
697 3463 898 3534 λέγειν,
937 3488 954 3520 ι
994 3471 1204 3544 ἡψυχὴ
1262 3494 1385 3543 μου,
1433 3480 1524 3532 τὸν
1572 3455 1800 3554 Κύριονο

287 3548 396 3611 καὶ,
435 3567 454 3599 ι
499 3551 595 3614 Ὠς
618 3555 968 3630 ἐμεγαλύνθη
995 3563 1060 3614 τὰ
1083 3563 1220 3633 ἔργα
1243 3584 1360 3634 σου,
1387 3570 1582 3642 Κύριε,
1605 3548 1779 3630 πάντα
1813 3581 1870 3632 ἰν

286 3644 444 3714 σοφίᾳ
477 3646 774 3718 ἑποιήσαςο
807 3669 826 3704 ι
871 3657 984 3716 καὶ,
1029 3675 1047 3708 ι
1101 3659 1530 3736 Ἐθαυμαστώθη
1579 3667 1611 3738 ἡ
1670 3671 1870 3738 γνῶσίς

287 3747 376 3784 σου
413 3736 476 3801 ἐξ
509 3739 673 3807 ἐμοῦ,
702 3743 1080 3816 ὲκραταιῶθη,
1109 3749 1170 3802 οὐ
1210 3752 1284 3821 μὴ
1327 3752 1576 3825 δύνωμαι
1599 3736 1739 3828 σιρδς
1769 3761 1868 3812 αὖ·

281 3825 400 3894 τήν·
436 3846 456 3879 ι
495 3829 618 3894 καὶ,
657 3849 676 3884 ι
723 3835 849 3886 Ἐὰν
902 3837 1088 3892 ἀναξῶ
1117 3843 1192 3902 είς
1241 3844 1332 3896 τὸν
1364 3847 1614 3916 οὐρανὸν,
1643 3825 1707 3903 σὺ
1757 3855 1872 3905 ἐκεῖ

284 3913 348 3985 εἰ,
375 3921 474 3973 ἐὰν
507 3925 738 3978 καταϐῶ
772 3929 854 3990 είς
883 3929 972 3982 τὸν
993 3929 1151 4002 ᾅδην,
1187 3937 1372 4004 πάρει,
1408 3913 1442 3991 ι-
1463 3943 1558 3994 καὶ
1585 3913 1652 3996 τὰ
1681 3943 1868 4000 λοιπά.

287 4011 352 4063 Ἀ
409 4015 569 4082 λέγει
627 4020 730 4088 τὴν
787 4023 1049 4091 πρίνοιαν
1093 4032 1380 4098 κηρύττων
1458 4035 1623 4089 αὐτοῦ
1685 4037 1868 4094 Δαϐίδ.

288 4103 382 4166 '0;
415 4108 570 4162 κατὰ
594 4111 722 4174 τοὺς
743 4113 910 4178 ἁλιεῖς
949 4119 1282 4184 ἀποστόλους
1312 4125 1408 4178 καὶ
1435 4125 1530 4179 τοῦ
1569 4129 1872 4199 ἀγραμμά-

281 4211 372 4247 του
404 4197 711 4268 κληθέντος
741 4207 886 4258 κατὰ
921 4208 1098 4276 σάρκα
1129 4211 1307 4280 Λόγου
1343 4215 1534 4288 Πατὴρ
1568 4197 1776 4287 φανεὶς,
1815 4223 1871 4275 ὲν

285 4286 530 4363 ίδιωτείᾳ
579 4296 877 4364 καυχᾶται,
915 4299 1015 4352 οὐκ
1052 4301 1108 4353 ὲν
1141 4304 1322 4376 σοφίᾳ·
1360 4325 1378 4358 ι
1413 4286 1536 4362 Ὀτι
1570 4286 1667 4365 οὐκ
1698 4313 1870 4381 ἔγνων

279 4385 704 4452 γραμματείας,
742 4405 762 4438 ι
793 4390 948 4457 φησί’
993 4393 1108 4458 καὶ,
1162 4413 1181 4446 ι
1225 4396 1479 4453 ’Λνέλαϐἐ
1533 4419 1599 4470 με
1651 4407 1714 4457 ὲκ
1761 4407 1872 4460 τῶν

1980 1931 2140 1988 prout
2196 1921 2356 1978 docet
2408 1923 2697 1996 Epicurus,
2757 1931 2841 1984 vel
2893 1930 3012 2000 ipso
3056 1933 3296 1988 siderum
3329 1934 3556 2002 inﬂuxu,

1979 2011 2121 2074 quod
2160 2021 2245 2068 est
2271 2029 2500 2070 summa;
2543 2017 2862 2086 impietatis,
2895 2023 3035 2075 unde
3061 2024 3202 2078 alius
3229 2025 3556 2080 Ptoictmeus

1978 2099 2222 2155 Barlaam
2257 2104 2438 2158 divina
2489 2108 2798 2177 suscipiens
2827 2111 3046 2164 oracnla
3092 2115 3555 2182 quemadmodum

1977 2189 2068 2246 ille
2131 2207 2320 2249 sacros
2370 2197 2586 2265 quidem
2663 2197 3019 2256 liebrzeorum
3083 2205 3302 2260 codices
3347 2207 3557 2276 accepit

1976 2297 2116 2351 quos
2149 2285 2608 2356 interpretatione
2638 2291 2832 2362 dignos
2873 2294 3165 2364 judicavit,
3201 2297 3430 2352 Bibliam
3459 2313 3556 2352 au-

1978 2383 2082 2427 tem
2150 2391 2303 2430 suam
2349 2381 2710 2450 quadruplam
2762 2385 3064 2440 secundum
3124 2386 3317 2442 insitas
3367 2389 3558 2445 animo

1975 2466 2262 2534 Opiniones
2295 2475 2626 2542 composuit,
2671 2474 2744 2530 ita
2785 2476 2871 2532 hic
2910 2479 3129 2546 quidem
3169 2479 3426 2536 Ecclesia:
3464 2483 3552 2536 in-

1975 2559 2160 2614 stituta
2195 2577 2253 2617 se
2287 2561 2700 2636 dixitaccipere
2751 2568 2970 2639 imoque
3015 2571 3281 2630 adversus
3330 2571 3554 2630 Latinos

1975 2649 2212 2718 scripsit,
2267 2651 2463 2723 impias
2517 2671 2646 2712 vero
2679 2657 2996 2716 Graecorum
3039 2665 3339 2719 sententias
3375 2665 3557 2720 immi-

1974 2739 2138 2794 scuit.
2167 2741 2235 2793 At
2272 2743 2316 2796 si
2359 2743 2483 2813 quis
2513 2745 2641 2799 illud
2680 2745 2831 2800 Pauli
2878 2750 3034 2804 nobis
3085 2763 3326 2819 opponat
3361 2770 3375 2805 :
3415 2772 3436 2807 ι
3471 2754 3556 2808 lti-

1974 2830 2204 2886 visibilia
2239 2833 2382 2887 enim
2445 2835 2617 2904 ipsius
2645 2851 2673 2890 a
2705 2847 2958 2894 creatura
2995 2843 3180 2895 mundi
3216 2857 3312 2910 per
3341 2859 3404 2898 ea
3433 2859 3553 2914 qua:

1973 2919 2114 2976 facta
2144 2931 2273 2978 sunt
2322 2925 2591 2982 intellecta
2623 2933 3076 3003 conspiciuntur;
3116 2955 3133 2986 ι
3176 2936 3258 2992 vel
3289 2937 3418 2992 illud
3455 2936 3554 2994 Da.

1973 3014 2058 3068 vid
2127 3032 2140 3068 :
2182 3035 2201 3067 (
2238 3015 2376 3073 (Σαιίί
2410 3034 2672 3076 enarrant
2706 3024 2933 3094 gloriam
2979 3028 3094 3094 Dei,
3137 3047 3156 3081 ι
3200 3029 3314 3086 Ιιαιο
3367 3041 3548 3086 autem

1973 3105 2262 3176 intelligas,
2305 3122 2468 3178 prout
2518 3113 2622 3182 ipsi
2675 3117 3038 3182 tradiderunt,
3091 3121 3348 3190 quoniam
3387 3137 3555 3192 Opor-

1975 3203 2086 3250 teat
2121 3195 2409 3254 Dominum
2443 3202 2768 3260 benedicere
2818 3217 2980 3278 atque
3025 3225 3092 3264 ex
3127 3211 3436 3266 visibilibus
3467 3227 3557 3292 ce-

1974 3287 2187 3344 lebrare
2239 3291 2470 3350 dicendo
2517 3311 2530 3350 :
2574 3315 2593 3346 ι
2645 3296 2902 3366 Benedic,
2944 3303 3126 3358 anima
3179 3318 3330 3370 mea,
3365 3287 3558 3358 Dan-ii-

1975 3393 2146 3446 num;
2185 3399 2203 3433 ι
2235 3391 2287 3436 et
2325 3399 2340 3437 :
2381 3403 2398 3434 ι
2442 3386 2616 3450 Quam
2660 3391 3007 3460 magnilicata
3067 3401 3202 3454 sunt
3244 3409 3412 3464 opera
3441 3403 3555 3457 tua,

1975 3469 2199 3526 Doinine
2225 3491 2240 3540 ;
2271 3479 2452 3531 omnia
2487 3479 2538 3532 in
2567 3483 2832 3550 sapientia
2871 3484 3088 3553 fecisti;
3135 3507 3152 3538 ι
3187 3495 3241 3542 et
3281 3507 3293 3542 :
3331 3507 3350 3540 ι
3391 3487 3558 3544 Mira-

1974 3562 2098 3616 hilis
2136 3563 2275 3619 facta
2316 3577 2399 3621 est
2431 3569 2659 3626 scientia
2716 3581 2806 3626 tua
2845 3589 2906 3628 ex
2944 3591 3050 3638 me,
3101 3577 3407 3632 cnnl‘ortata
3447 3587 3558 3648 est,

1973 3665 2029 3708 et
2066 3670 2169 3708 non
2205 3667 2396 3726 potero
2453 3660 2522 3714 ad
2585 3677 2704 3716 eam
2735 3681 2750 3732 ;
2793 3684 2812 3718 ι
2849 3675 2903 3719 et
2938 3683 2951 3718 :
2984 3685 3002 3717 ι
3049 3666 3104 3721 Si
3160 3670 3460 3726 ascendero
3496 3669 3558 3724 in.

1973 3747 2194 3812 malum,
2257 3756 2314 3801 tu
2380 3749 2490 3804 illic
2525 3765 2607 3817 es,
2662 3754 2707 3807 si
2761 3755 3116 3838 dcscendero‘
3150 3758 3202 3811 in
3270 3757 3550 3812 infernum

1975 3839 2144 3906 ades;
2177 3849 2277 3920 i_et
2310 3853 2504 3896 ctetera
2545 3859 2667 3914 quae
2728 3845 2860 3900 dicit
2921 3847 3089 3902 David
3143 3851 3556 3920 praescientiam

1973 3929 2093 3995 ejus
2128 3909 2456 3998 praedicans,
2515 3909 2608 4002 qui
2663 3936 2968 3990 secundum
3003 3938 3306 4006 piscatores
3335 3952 3552 4008 aposto-

1977 4019 2080 4082 los,
2111 4035 2233 4073 cttm
2265 4029 2412 4075 esset
2433 4031 2588 4092 pater
2615 4027 2922 4079 secundum
2953 4041 3177 4082 carnem
3209 4027 3373 4085 Verbi
3407 4033 3554 4101 quod

1975 4109 2152 4178 ipsum
2183 4111 2523 4167 illitteratum
2559 4114 2661 4170 fuit
2693 4125 2973 4186 vocatum,
2998 4121 3065 4174 de
3101 4121 3412 4187 inscientia,
3453 4140 3552 4180 ne-

1974 4219 2248 4274 quaquam
2295 4207 2362 4260 de
2419 4207 2684 4278 sapientia
2737 4211 3003 4280 gloriatur
3053 4213 3244 4269 dicens
3284 4232 3298 4269 :
3345 4234 3364 4267 ‹
3403 4218 3553 4283 Quo-

1975 4299 2120 4351 niam
2155 4313 2261 4352 non
2319 4301 2548 4368 cognovi
2603 4302 3017 4374 litteraturam;
3057 4325 3078 4359 ι
3111 4316 3166 4362 et
3201 4327 3213 4364 :
3257 4327 3276 4360 ι
3320 4307 3556 4365 Sustulit

1943 4403 2064 4450 .me
2096 4388 2162 4446 de
2200 4391 2459 4464 gregibus
2509 4396 2694 4451 ovium
2745 4399 2916 4468 patris
2961 4402 3106 4470 mei;
3143 4421 3162 4456 ι
3205 4412 3260 4459 et
3309 4404 3552 4460 Paulus:

197 4515 206 4518 ..
285 4477 568 4544 ποιμνίων
614 4480 728 4532 τῶν
759 4484 1050 4552 προϐάτων
1089 4487 1182 4541 τοῦ
1224 4491 1438 4559 Πατρός
1487 4511 1610 4564 μου.
1649 4515 1666 4548 ι
1707 4499 1814 4552 Καὶ
1847 4503 1872 4552 ὁ

1987 4499 2004 4534 ι
2049 4479 2168 4536 Non
2199 4483 2322 4538 veni
2349 4491 2650 4542 secundum
2710 4491 3099 4550 sublimitatem
3155 4501 3428 4554 sermonis
3465 4509 3562 4554 aut

285 4565 526 4634 Παῦλος,
567 4589 586 4622 ι
615 4571 732 4625 Οὐκ
761 4569 927 4645 ἦλθον
955 4577 1078 4632 καθ’
1109 4579 1383 4654 ὑπεροχὴν
1413 4586 1573 4655 λόγου
1597 4587 1629 4659 ἢ
1657 4591 1868 4660 σοφίας.

285 4659 394 4711 Καὶ
418 4663 525 4715 οὐκ
558 4663 752 4734 ἔκρινα
785 4668 880 4719 τοῦ
915 4669 1115 4724 εἰδέναι
1141 4690 1192 4725 τι
1233 4676 1292 4726 ὲν
1346 4678 1498 4747 ἡμῖν,
1558 4681 1605 4732 εί
1645 4659 1739 4752 μήθ
1767 4681 1872 4754 Ἰηο

283 4748 410 4802 σοῦν
467 4753 734 4821 Χριστὸν,
797 4757 893 4811 καὶ
945 4759 1135 4816 τοῦτον
1193 4748 1718 4839 ἐσταυρωμένονίι-
1759 4748 1870 4838 καί,

289 4857 308 4892 ι
347 4843 476 4897 Ἔτι
543 4848 754 4918 (φησιν)
805 4850 912 4904 ὑπὸ
948 4853 1016 4906 τὰ
1061 4861 1303 4926 στοιχεῖα
1349 4860 1442 4913 τοῦ
1493 4861 1700 4930 κόσμου
1751 4864 1873 4918 ἐστὶ

282 4933 790 5008 δεδουλωμένοις»
851 4945 968 5008 καὶ,
1036 4965 1054 4998 ι
1087 4947 1166 5017 Τῇ
1234 4951 1560 5022 ματαιότητι
1612 4954 1644 5022 ἡ
1697 4956 1873 5018 κτίσις

285 5025 568 5098 ὑπετάγη·
607 5047 626 5080 ι
665 5031 782 5116 καὶ,
831 5049 852 5084 ι
891 5034 1139 5104 Παράγει
1193 5039 1252 5090 τὸ
1287 5041 1474 5110 σχῆμα
1515 5043 1610 5096 τοῦ
1666 5045 1872 5116 κόσμου

281 5117 506 5170 τούτου·
539 5139 562 5172 ι
595 5111 713 5188 καί,
751 5142 769 5175 ι
825 5125 1277 5200 Ἐμωράνθησαν,
1313 5135 1403 5186 καὶ
1444 5135 1774 5206 ἐλάτρευσαν
1807 5143 1873 5210 τῇ

285 5209 466 5262 κτίσει
507 5215 658 5282 παρὰ
689 5215 785 5268 τὸν
841 5217 1128 5277 κτίσαντα.
1169 5241 1187 5274 ι
1239 5225 1429 5296 Ὁρᾷς,
1480 5227 1555 5291 ὡς
1585 5229 1680 5300 οὐχ
1737 5209 1874 5303 ὑπὲρ

285 5304 506 5355 τούτων
563 5305 797 5378 μελετᾷν
827 5311 978 5378 ἡμᾶς
1028 5319 1172 5384 χρή;
1211 5335 1230 5367 ι
1259 5317 1341 5369 Τὰ
1399 5319 1510 5373 ἄνω
1543 5326 1815 5391 φρονεῖτε,
1853 5344 1869 5376 ι

286 5397 444 5464 φησὶ,
489 5413 512 5448 ε
547 5397 616 5451 τὰ
643 5400 758 5454 ἄνω
782 5399 1020 5472 ζητεῖτε,
1052 5405 1190 5460 ὅπου
1221 5409 1531 5480 πρόδρομος
1560 5415 1697 5485 ὑπὲρ
1718 5418 1882 5486 ἡμῶν

285 5486 517 5554 εἰσῆλθε
537 5489 792 5560 Χριστός·
815 5511 833 5545 ι
857 5494 968 5562 καὶ,
989 5511 1007 5546 ι
1034 5495 1222 5566 Ἥμῶν
1243 5501 1299 5552 τὸ
1325 5502 1622 5572 πολίτευμα
1641 5507 1699 5557 ὲν
1716 5507 1876 5578 οὐρα-

290 5579 398 5639 νοῖ;
421 5578 687 5650 ὑπάρχει.
707 5599 727 5634 ι
755 5583 848 5648 Τίς
872 5585 982 5656 ἄρα
999 5590 1158 5658 χρεία
1176 5593 1427 5662 περὶτῶν
1449 5595 1879 5672 ἀλλοιωηησομὲ-

293 5684 398 5720 νων
429 5671 584 5739 ἡμᾶς
621 5671 1008 5750 διμεριμνᾷν
1059 5701 1116 5734 τε
1143 5686 1236 5738 καὶ
1257 5687 1511 5758 μελετᾷν,
1533 5691 1626 5744 καὶ
1651 5691 1726 5762 μὴ
1752 5671 1875 5764 περὶ

299 5759 408 5812 τῶν
454 5761 698 5816 αἰωνίων
725 5785 740 5832 ;
773 5767 880 5824 Kal.
901 5771 1066 5826 ταῦτα
1089 5774 1189 5845 μὲν
1209 5779 1272 5829 τὰ
1294 5778 1390 5846 τῆς
1434 5777 1591 5850 δόξης
1614 5759 1876 5852 τοῦ-Βαρ-

1974 4575 2304 4646 sapientiai;
2339 4597 2358 4630 ι
2393 4588 2447 4634 et
2479 4599 2493 4634 :
2529 4599 2549 4633 ι
2585 4581 2704 4636 Non
2759 4583 3000 4654 judicavi
3031 4603 3116 4642 me
3168 4591 3312 4644 scire
3350 4592 3556 4661 aliquid

1975 4667 2119 4722 inter
2150 4683 2246 4723 vos
2271 4670 2377 4725 nisi
2434 4669 2620 4726 Jesum
2681 4677 2984 4740 Christum,
3045 4690 3101 4734 et
3162 4682 3309 4736 hunc
3341 4684 3556 4738 crucih-

1975 4769 2146 4829 x‘um;
2187 4767 2210 4813 ι’
2243 4771 2302 4816 et
2340 4779 2354 4815 :
2388 4781 2407 4814 ι
2435 4763 2650 4830 Adhuc,
2677 4768 2876 4838 inquit,
2909 4771 3014 4824 sub
3044 4771 3334 4828 elementis
3364 4777 3554 4830 mundi

1975 4855 2109 4908 estis
2150 4853 2496 4912 servientes?
2538 4876 2558 4909 ι
2599 4866 2654 4911 et
2703 4875 2716 4913 ι
2773 4878 2791 4911 ι
2831 4858 3066 4916 Vanitati
3113 4871 3365 4919 creatura
3417 4865 3552 4920 sub-

1973 4943 2117 5011 jecta
2152 4955 2276 5014 est;
2315 4965 2334 4998 ι
2363 4957 2456 5002 et:
2501 4967 2519 5000 ι
2561 4947 2811 5006 Praeterit
2859 4952 3034 5023 ligura
3063 4953 3230 5024 hujus
3262 4957 3493 5024 mundi;
3531 4978 3548 5008 ι

1975 5043 2032 5091 et
2069 5055 2082 5090 :
2115 5054 2133 5088 ι
2168 5036 2330 5092 Stulti
2361 5037 2492 5094 facti
2525 5050 2678 5108 sunt,
2709 5050 2762 5096 et
2796 5044 3090 5100 coluerunt
3117 5056 3426 5102 creaturam
3458 5063 3554 5119 po-

1980 5129 2090 5184 tius
2139 5143 2307 5199 quam
2365 5129 2701 5188 Creatorem.
2739 5152 2764 5210 _i
2801 5132 2992 5190 Viden’
3041 5137 3302 5206 quoniam
3338 5150 3553 5207 oportet

1979 5235 2080 5277 nos
2108 5221 2175 5276 dc
2237 5222 2322 5278 his
2382 5223 2606 5278 minime
2655 5239 2778 5282 esse
2824 5227 3135 5283 sollicitos?
3173 5229 3304 5294 Quae
3331 5245 3560 5287 sursum.

1981 5321 2128 5380 sunt,
2165 5313 2362 5385 inquit,
2402 5317 2600 5388 sapite,
2659 5331 2779 5388 quae
2833 5333 3053 5374 sursum
3112 5327 3252 5384 Sunt.
3301 5325 3564 5392 quaerite,

1981 5409 2072 5463 ubi
2113 5425 2422 5480 prarcursor
2467 5427 2564 5481 pro
2598 5412 2758 5466 nobis
2794 5411 3038 5467 introivit
3068 5413 3361 5484 Christus;
3398 5435 3416 5468 ι
3454 5426 3552 5474 et:

1985 5521 2004 5554 ι
2041 5501 2238 5558 Nostra
2304 5506 2647 5558 conversatio
2715 5503 2772 5558 in
2821 5504 2974 5560 caelis
3004 5514 3107 5562 est.
3152 5526 3170 5561 ι
3209 5507 3348 5575 Quid
3391 5510 3557 5580 igitur

1981 5603 2195 5664 oportet
2234 5611 2334 5650 nos
2390 5595 2458 5651 de
2519 5595 2606 5651 his
2646 5611 2766 5664 qum
2828 5597 3090 5652 mutanda
3142 5611 3271 5654 sunt
3325 5602 3477 5656 curis
3506 5613 3562 5656 et

1982 5688 2253 5742 anxietate
2282 5688 2554 5752 consumi,
2587 5689 2825 5744 minime
2871 5707 3001 5746 vero
3031 5693 3097 5748 de
3136 5693 3401 5746 uternis?
3437 5693 3558 5748 Ιιιιιυ

1982 5787 2064 5834 est
2131 5779 2372 5833 Barlaam
2424 5780 2675 5836 doctrina
2747 5799 2886 5839 \Ct‘tt:
2947 5786 3220 5838 contraria
3281 5785 3560 5854 sapientia:
