4044 6210
452 248 553 337 im

1290 266 1670 332 SYMEONIS
1721 274 2165 336 THESSALON
2176 279 2193 336 ι
2205 277 2491 341 CENSlS\
2512 283 2552 340 A
2564 283 2710 344 ΚΕΗ
2724 286 2792 346 ΙΕ
2805 288 2859 346 Ρ.

3582 280 3680 345 152

452 378 616 432 quam
647 365 948 436 piscatores
979 373 1178 427 mundo
1225 377 1671 446 praedicaverunt,
1703 397 1808 436 non
1842 382 1895 436 in
1930 398 2015 436 sa-

2118 384 2267 455 λαὰμ
2325 388 2466 442 κατά
2530 390 2633 460 τῆς
2680 392 2941 463 ἀληθινῆς
2996 392 3210 463 σοφίας,
3266 392 3332 465 ἣν
3387 393 3554 457 ἁλιεῖς
3604 394 3680 462 τῷ

451 458 652 526 pientia
685 475 1017 531 sermonum,
1043 479 1109 518 ne
1134 477 1485 524 evacuaretur
1506 486 1634 524 crux
1662 473 1887 536 Christi,
1915 475 2010 529 sed

449 550 503 602 in
535 550 718 603 divino
743 552 987 623 Spiritu;
1036 558 1127 627 qui
1185 561 1346 613 etiam
1383 572 1534 617 tanto
1576 563 1764 618 mundi
1796 567 2011 633 sapien-

450 640 597 695 tibus
630 645 1026 713 prazstiternnt,
1059 652 1247 719 quanti
1305 651 1496 709 Patres
1546 656 1599 709 in
1636 656 1808 741 gratia
1840 657 2008 711 divini

448 730 684 798 Spiritus
736 735 983 792 Barlaam
1045 743 1439 799 excelluerunt.
1470 743 1710 818 Nequam
1746 730 1847 804 iste
1875 750 2009 803 Bar-

446 821 590 875 laam
621 824 774 891 plura
799 830 960 883 etiam
1003 843 1192 888 contra
1251 852 1461 891 sacram
1517 840 1813 895 orationem
1867 843 2009 897 blas-

448 915 717 980 phemans
751 923 1101 993 conscripsit,
1135 942 1347 983 necnon
1391 933 1617 1000 gratiam
1659 932 1751 988 Dei
1783 943 1835 988 et
1864 933 2013 1003 ejus-

447 1003 569 1059 dem
600 1007 1075 1083 illuminationem,
1126 1017 1223 1073 has
1269 1036 1451 1089 voces,
1509 1043 1526 1075 ι
1567 1022 1696 1079 Sine
1733 1025 2008 1080 intermis-

448 1097 604 1152 sione
630 1112 801 1167 orate,
850 1123 868 1155 ι
914 1121 1011 1161 nec
1042 1109 1343 1180 intelligens
1382 1129 1478 1168 nec
1506 1116 1551 1170 is
1587 1117 1679 1186 qui
1714 1117 1883 1185 possit
1914 1131 2009 1172 eas

448 1186 770 1259 iutelligere.
805 1195 936 1250 Nam
1003 1203 1276 1268 quomodo
1334 1205 1657 1274 intelligeret
1717 1208 1806 1262 ille
1856 1207 2009 1276 cujus

451 1292 607 1336 mens
635 1288 859 1340 vanitati
886 1290 1153 1359 suhjacet,
1186 1294 1277 1361 qui
1336 1297 1533 1352 anima:
1577 1300 2007 1367 cogitationibus

412 1400 429 1406 -
449 1373 642 1441 angelo
682 1379 952 1444 superbiae
979 1381 1255 1438 adhaeret?
1292 1384 1478 1455 Neque
1508 1389 1701 1443 melius
1728 1393 2007 1459 sequentia

449 1464 656 1530 accepit
692 1481 706 1519 :
748 1484 767 1516 ι
808 1467 1038 1523 Psallam
1101 1474 1320 1543 spiritu,
1383 1477 1608 1545 psallam
1641 1489 1694 1532 et
1735 1489 1949 1546 mente;
1985 1499 2003 1530 ι

449 1551 529 1603 vel
563 1570 577 1607 :
618 1573 636 1606 ι
670 1555 964 1616 Cantantes
993 1570 1046 1615 et
1079 1565 1370 1629 psallentes
1407 1568 1457 1621 in
1480 1570 1644 1623 corde
1678 1578 1858 1625 vestro
1899 1572 2009 1626 Do-

392 1648 401 1659 ‘
450 1644 635 1713 mino;
690 1667 707 1699 ι
769 1652 855 1705 vel
904 1671 918 1708 :
960 1672 979 1705 ι
1030 1655 1175 1711 Misit
1236 1661 1376 1715 Dens
1434 1662 1695 1732 Spiritum
1758 1662 1878 1718 Filii
1923 1664 2006 1719 sui

2118 477 2309 545 κόσμῳ
2342 478 2631 550 ἐκήρυξαν,
2663 482 2723 535 οὐ
2774 484 2940 554 σοφία
2978 482 3172 552 λόγων,
3214 485 3300 537 ῐνα
3342 484 3418 555 μὴ
3468 487 3677 555 κενωθῇ

2118 566 2146 618 6
2180 570 2408 637 σταυρὸς
2452 572 2545 624 τοῦ
2595 572 2854 645 Χριστοῦ,
2887 575 3023 630 ἀλλὰ
3075 575 3352 645 Πνεύματι
3390 576 3556 645 θείῳο
3590 578 3682 630 καὶ

2116 657 2227 711 τῶν
2278 660 2374 713 τοῦ
2432 663 2639 728 κόσμου
2693 666 2875 735 σοφῶν
2923 666 3337 738 ύπερήρθησαν,
3372 667 3449 732 ὡς
3496 670 3594 722 καὶ
3633 670 3679 721 οἱ

2114 749 2359 818 Πατέρες
2393 752 2451 806 ἐν
2490 754 2673 823 χάριτι
2727 756 3043 827 Πνεύματος
3081 758 3227 810 θείου
3273 756 3370 811 τοῦ
3418 757 3682 826 Βαρλαάμ

2117 838 2525 913 ὑπερήρθησαν.
2558 840 2726 910 Οὗτος
2754 849 2780 901 6
2810 848 3071 918 δύστηνος
3100 849 3367 919 Βαρλαὰμ
3397 848 3494 902 καὶ
3535 849 3684 901 πλεῖ-

2119 948 2218 985 στα
2266 935 2406 988 κατά
2450 937 2548 1004 τῆς
2610 938 2761 1009 ἱερᾶς
2812 941 3129 1011 προσευχῆς
3173 940 3568 1010 ἐϐλασφήμησέ
3624 956 3683 991 τε

2117 1023 2211 1077 καὶ
2242 1027 2643 1097 συνεγράψατο,
2672 1032 2770 1084 καὶ
2810 1033 2910 1103 τῆς
2936 1032 3032 1086 τοῦ
3081 1032 3218 1085 Θεοῦ
3249 1030 3472 1103 χάριτός
3502 1048 3562 1084 τε
3588 1030 3684 1083 καὶ
3724 1069 3741 1085 .

2115 1114 2454 1185 ἐλλάμψεως,
2490 1120 2569 1186 τὺ,
2613 1139 2632 1174 ι
2683 1123 3073 1185 ’Δδιαλείπτως
3111 1124 3509 1192 προσεύχεσθε,
3543 1142 3562 1175 ι
3605 1123 3684 1189 μὴ

2117 1208 2317 1274 συνεὶς,
2356 1212 2490 1280 μηδὲ
2524 1213 2822 1283 δυνάμενος
2852 1217 3058 1284 γνῶναι
3082 1233 3098 1248 ο
3127 1216 3247 1278 πῶς
3283 1218 3393 1286 γὰρ
3435 1217 3462 1268 6
3494 1214 3569 1286 τῷ
3603 1213 3684 1267 νοῒ

2118 1299 2470 1369 ματαιάζων,
2523 1304 2617 1357 κα)⁸
2664 1305 2741 1374 τῷ
2794 1306 3129 1378 ὑπερηφάνῳ
3176 1309 3297 1371 ταῖς
3360 1307 3687 1377 φαντασίαις

2115 1391 2213 1461 τῆς
2237 1391 2473 1458 διανοίας
2508 1395 2828 1465 ἐνούμενος;
2859 1398 3007 1469 ’μηδὲ
3038 1397 3120 1461 τὸ,
3152 1416 3171 1449 ι
3203 1397 3579 1469 Προσεύξομαι
3607 1397 3688 1467 τῷ

2115 1486 2407 1556 πνεύματι,
2449 1489 2827 1559 προσεύξομαι
2867 1489 2926 1543 δὲ
2966 1491 3059 1543 καὶ
3090 1489 3169 1559 τῷ
3216 1491 3335 1542 νοῖο
3374 1506 3394 1542 t
3436 1490 3570 1557 μηδὲ
3599 1490 3685 1551 τὸ,

2121 1595 2139 1627 ι
2177 1577 2425 1647 νᾼδοντες
2465 1582 2558 1632 καὶ
2611 1580 2905 1647 ψάλλοντες
2955 1582 3013 1635 ἐν
3048 1584 3115 1651 τῇ
3162 1582 3363 1650 καρδίᾳ
3411 1580 3567 1649 ὑμῶν
3606 1579 3686 1648 τῷ

2117 1666 2325 1734 Κυρίῳ,
2358 1685 2376 1719 ι
2415 1667 2508 1720 καὶ
2534 1668 2614 1721 ὃτι
2648 1687 2666 1720 ι
2701 1667 3116 1734 Ἐξαπέστειλεν
3149 1670 3177 1722 6
3203 1671 3335 1733 Θεὸς
3363 1671 3425 1723 τὸ
3461 1670 3684 1738 Πνεῦμα

448 1740 667 1808 (nempe
700 1743 949 1815 gratiam)
1009 1746 1061 1799 in
1105 1749 1357 1805 cordibus
1399 1754 1623 1819 n05tris,
1676 1756 1867 1823 inquo
1903 1756 2012 1809 cla-

2115 1757 2207 1810 τοῦ
2228 1757 2359 1811 Υίοῦ
2398 1758 2585 1823 αὑτοῦ,
2612 1779 2629 1811 ι
2650 1762 2747 1831 τὴν
2770 1762 2929 1833 χάριν
2952 1762 3192 1832 δηλονότι
3215 1763 3273 1815 ἐν
3294 1765 3411 1825 ταῖς
3434 1761 3684 1830 καρδίαις

451 1844 664 1887 mamus
696 1852 709 1888 :
755 1835 931 1902 Abba,
968 1836 1161 1907 Pater;
1194 1860 1211 1892 ι
1249 1842 1330 1896 vel
1373 1845 1535 1898 etiam
1580 1862 1596 1900 :
1633 1866 1652 1897 ι
1688 1845 1747 1899 1η
1770 1847 2004 1902 ecclesia

451 1924 593 1976 malo
624 1925 868 1994 quinque
900 1931 1059 1983 verba
1095 1947 1257 1987 sensu
1290 1950 1410 1988 meo
1441 1936 1587 2004 loqui
1630 1944 1791 2007 quam
1816 1938 2004 1992 decem

448 2010 616 2069 millia
676 2018 963 2073 verborum
1039 2022 1094 2076 in
1169 2024 1370 2094 lingua.
1422 2044 1441 2076 ι
1486 2026 1773 2097 Propterea
1826 2014 2027 2082 mente-

446 2116 769 2174 conceptam
816 2113 1117 2166 orationem
1158 2115 1455 2182 prohibuit,
1500 2126 1553 2172 et
1596 2119 1892 2188 praesertim
1925 2119 2006 2173 in—

448 2198 787 2253 vocationem
820 2202 1057 2269 Domini,
1122 2223 1281 2275 quem
1340 2210 1628 2265 confessus
1678 2194 2006 2265 est‘Petrus

451 2293 625 2354 palam
658 2295 847 2351 dicens
877 2318 889 2351 :
924 2317 943 2349 ι
986 2301 1063 2352 Tu
1097 2317 1156 2355 es
1185 2301 1455 2369 Christus,
1481 2306 1653 2359 Filius
1680 2305 1771 2358 Dei
1806 2306 1940 2359 vivi.
1981 2326 1999 2358 ι

450 2382 632 2452 Itaque
707 2397 791 2441 est
856 2387 1070 2465 Domini
1129 2394 1387 2449 traditio:
1426 2413 1444 2445 ι
1491 2395 1545 2448 Si
1575 2396 1704 2465 quid
1743 2398 2009 2465 petieritis

450 2471 661 2526 Patrem
702 2475 755 2528 in
790 2461 1008 2533 nomine
1053 2494 1201 2544 meo,
1245 2482 1443 2553 inquit,
1501 2461 1796 2555 accipietis.
1839 2505 1858 2539 ι
1895 2484 2003 2541 Et:

455 2587 468 2614 ι
505 2566 563 2619 In
598 2569 814 2623 nomine
859 2584 980 2623 meo
1035 2573 1301 2632 daemonia
1356 2578 1596 2647 ejicient,
1640 2590 1738 2637 iet
1788 2591 2005 2650 caetera,

448 2659 706 2720 quoniam
766 2675 963 2715 nomen
1030 2664 1149 2732 ejus
1207 2666 1311 2722 vita
1365 2678 1584 2724 aeterna.
1642 2689 1660 2722 ι
1706 2669 1829 2726 Haec
1861 2676 2005 2727 enim

449 2749 651 2818 scripta
684 2759 836 2817 sunt,
896 2753 969 2805 ait
1025 2752 1284 2821 Joannes,
1336 2769 1395 2814 ut
1447 2762 1684 2816 credatis
1745 2763 2004 2832 quoniam

445 2833 606 2891 Jesus
643 2845 723 2891 est
757 2837 1005 2894 Christus
1053 2840 1223 2899 Filius
1281 2846 1391 2913 Dei,
1439 2857 1492 2902 et
1527 2856 1583 2902 ut
1619 2850 1903 2906 credentes
1932 2852 2007 2906 vi-

449 2935 559 2979 tam
594 2937 852 2981 aeternam
916 2929 1159 2986 habeatis
1202 2933 1255 2988 in
1293 2936 1511 2992 nomine
1541 2938 1682 3007 ejus.
1725 2958 1744 2993 t
1782 2942 2008 3011 Insuper

451 3013 714 3082 Spiritum
773 3028 1023 3071 sanctum
1088 3020 1324 3077 infundit
1391 3024 1663 3082 invocatio
1732 3028 2003 3087 Christi:

462 3104 680 3160 iNemo
729 3117 906 3176 potest
977 3110 1161 3167 dicere
1234 3112 1510 3170 Christum
1562 3115 1769 3187 Jesum,
1832 3121 2008 3191 inquit

446 3201 670 3267 Paulus,
739 3205 845 3260 nisi
902 3206 953 3259 in
1023 3207 1229 3277 Spiritu
1287 3221 1513 3278 sancto;
1571 3231 1590 3264 ι
1645 3224 2010 3288 sexcentaque

388 3356 393 3363 ,
448 3294 550 3348 alia
581 3297 645 3350 de
692 3312 751 3350 re
810 3296 1000 3351 eadem
1063 3300 1264 3369 scripta
1344 3313 1494 3358 sunt.
1546 3304 1742 3360 Verum
1806 3317 2009 3375 quanta

447 3387 536 3440 ille
570 3387 878 3443 obcaecatus
927 3399 1115 3444 contra
1170 3393 1415 3447 divinum
1448 3394 1628 3449 lumen
1679 3399 1904 3466 protulit
1935 3408 2011 3452 te-

448 3480 678 3535 nebrosa
709 3481 917 3537 scilicet
959 3491 1012 3536 et
1048 3485 1281 3539 obscura
1330 3486 1593 3555 valdeque
1623 3489 1893 3543 contraria
1923 3490 2010 3545 di-
2038 3516 2045 3521 -

448 3578 585 3631 vina}
617 3575 693 3630 illi
721 3591 841 3646 quae
869 3591 1148 3645 vesperam
1198 3581 1370 3633 nescit
1402 3588 1453 3633 et
1493 3595 1590 3649 per
1619 3590 1831 3636 noctem
1870 3582 2012 3636 lucet

448 3666 835 3721 illuminationi
871 3667 1030 3735 cujus
1085 3668 1298 3724 luciferi
1338 3669 1655 3740 angelorum
1709 3672 1862 3727 chori
1923 3673 2014 3727 lae-

448 3768 634 3813 tantur
692 3759 1001 3829 participes,
1064 3761 1321 3829 quoniam
1371 3764 1563 3817 horum
1627 3764 1878 3835 voluptas
1931 3766 2014 3820 di-

448 3850 609 3904 vinus
645 3849 920 3919 splendor,
963 3850 1323 3921 eamdemque
1378 3856 1704 3925 participant
1735 3859 1828 3927 qui
1865 3858 2012 3914 inter

450 3942 699 3996 homines
731 3950 860 3996 sunt
886 3942 1071 3995 mundi
1106 3943 1290 3998 corde.
1332 3941 1458 3999 Ideo
1504 3946 1768 4004 adversus
1789 3964 1885 4005 eos
1918 3949 2009 4019 qui

354 4020 355 4031 “
446 4036 611 4086 vitam
654 4034 705 4086 in
740 4034 1033 4089 sanctitate
1066 4036 1399 4090 reconditam
1431 4047 1597 4105 agunt
1632 4038 1776 4094 velut
1798 4040 2009 4097 dazmon

446 4126 584 4179 alius
614 4132 731 4179 erat
759 4140 1013 4192 grassans
1045 4125 1098 4179 in
1138 4141 1235 4181 eos
1276 4126 1369 4196 qui
1428 4141 1456 4180 a
1490 4129 1824 4184 tumultuosa
1859 4130 2012 4198 plebe

447 4219 708 4273 recedunt
738 4218 953 4287 solique
1010 4216 1121 4271 Deo
1177 4217 1455 4273 adhaerere
1487 4218 1831 4284 desiderant,
1866 4237 2007 4290 quos

448 4310 650 4377 sa‘pius
705 4308 1128 4362 contritionibus
1190 4310 1375 4363 multis
1438 4311 1591 4377 pravi
1636 4310 1913 4381 invidique
1959 4325 2013 4368 et

2107 1850 2283 1920 ἡμῶν,
2318 1852 2545 1919 κράζον,
2590 1872 2608 1905 ι
2661 1854 2832 1907 ’Λϐὅᾶ
2857 1857 2884 1908 6
2919 1855 3108 1924 Πατήρ
3137 1871 3153 1885 ·
3199 1872 3217 1905 ι
3262 1855 3377 1918 καὶ,
3414 1872 3433 1905 ι
3482 1854 3685 1922 Κρεῖσ-

2109 1955 2198 1993 σον
2238 1941 2395 1994 πέντε
2428 1942 2623 2010 λόγους
2651 1944 2728 2012 τῷ
2773 1947 2855 1997 νοΐ
2897 1963 2997 2015 μου
3046 1947 3104 1998 ὲν
3143 1945 3415 2014 ἐκκλησίᾳ
3449 1943 3685 2012 λαλῆσαι

2107 2031 2139 2101 ἤ
2175 2033 2406 2102 μυρίους
2447 2035 2641 2100 λόγους
2678 2037 2735 2088 ἐν
2771 2037 3016 2108 γλώσσῃ.
3058 2056 3075 2088 ι
3118 2037 3209 2089 Διὸ
3234 2036 3328 2090 καὶ
3360 2035 3459 2105 τὴν
3493 2035 3688 2105 νοερὰν

2107 2122 2418 2193 προσευχὴν
2462 2126 2797 2195 ἀπηγόρευε,
2841 2128 2931 2179 καὶ
2982 2128 3217 2196 μάλιστα
3257 2125 3357 2195 τὴν
3392 2125 3685 2194 ἐπίκλησιν

2106 2214 2198 2267 τοῦ
2241 2216 2470 2288 Κυρίου.
2510 2219 2575 2270 Ὀ
2619 2220 2682 2287 δὴ
2728 2219 2822 2271 καὶ
2860 2219 3119 2287 ὁμολογία
3167 2219 3262 2272 τοῦ
3321 2219 3555 2286 Πέτρου,
3601 2218 3682 2280 τδ,

2113 2323 2131 2356 ι
2167 2307 2235 2360 Σὺ
2270 2305 2333 2361 εἶί
2357 2310 2384 2361 6
2437 2308 2667 2378 Χριστὸς
2699 2312 2728 2363 6
2768 2311 2893 2371 Υίδς
2951 2310 3042 2364 τοῦ
3072 2310 3207 2364 Θεοῦ
3260 2310 3352 2363 τοῦ
3393 2310 3617 2382 ζῶντος,
3654 2326 3677 2360 ι

2107 2395 2465 2464 κηρύξαντος.
2534 2398 2646 2451 Καὶ
2704 2397 2799 2450 τοῦ
2873 2398 3083 2467 Κυρίου
3141 2396 3442 2466 παράδοσις
3493 2396 3681 2459 ἐστιν,

2116 2503 2135 2535 ι
2184 2486 2249 2539 Ὀ
2284 2504 2336 2539 τι
2379 2487 2446 2541 ἂν
2494 2490 2754 2558 αἰτήσητε
2808 2491 2899 2543 τὸν
2943 2491 3160 2561 Πατέρα
3216 2491 3274 2542 ἐν
3327 2488 3406 2558 τῷ
3455 2486 3684 2557 ὀνόματί

2113 2593 2235 2645 μου,
2258 2595 2277 2629 ι
2300 2577 2566 2643 λέγοντος,
2594 2579 2874 2650 «λήψεσθε.
2896 2581 3027 2646 Καὶ,
3069 2599 3088 2633 ι
3112 2582 3200 2634 Ἐν
3226 2580 3302 2650 τῷ
3322 2580 3549 2650 ὀνόματί
3577 2598 3682 2650 μου

2108 2669 2361 2739 δαιμόνια
2390 2671 2688 2725 ἐκϐαλοῦσι
2720 2689 2734 2703 ·
2778 2693 2796 2725 ι
2835 2674 2928 2726 καὶ
2958 2677 3026 2728 τὰ
3068 2675 3251 2728 λοιπά.
3294 2674 3448 2727 Ἐπεὶ
3482 2673 3578 2726 καὶ
3621 2673 3686 2725 τὸ

2108 2762 2279 2833 ὄνομα
2332 2765 2495 2818 αὐτοῦ
2549 2765 2662 2835 ζωὴ
2718 2766 2935 2829 αἰώνιός
2996 2768 3134 2822 ἐστι.
3181 2785 3201 2818 ι
3245 2765 3433 2820 Ταῦτα
3482 2784 3502 2818 t
3546 2765 3679 2832 γὰρ.

2110 2856 2295 2924 φηστ-ν.
2353 2876 2371 2907 ί
2438 2858 2768 2925 γέγραπται,
2822 2859 2908 2913 ἵνα
2964 2858 3296 2929 πιστεύσητε
3351 2859 3435 2935 ὅτι
3473 2856 3683 2925 Ἰησοῦς

2111 2950 2259 3002 ἐστιν
2286 2952 2313 3003 6
2345 2952 2579 3019 Χριστὸς
2608 2955 2635 3007 6
2671 2955 2799 3017 Υίδς
2826 2954 2919 3007 τοῦ
2953 2954 3111 3020 Θεοῦ,
3152 2955 3247 3008 καὶ
3276 2954 3364 3013 ἵνα
3395 2949 3683 3003 πιστεύον-

2110 3058 2199 3103 τες
2228 3041 2372 3111 ζωὴν
2411 3044 2572 3115 ἔχητε
2605 3044 2662 3099 ὲν
2699 3046 2777 3115 τῷ
2806 3047 3030 3115 ὀνόματι
3078 3048 3269 3101 αὐτοῦ.
3308 3065 3328 3099 t
3363 3047 3476 3099 Καὶ
3507 3047 3681 3100 Πνεῦ-

2119 3150 2288 3202 ματος
2314 3135 2466 3203 ἁγίου
2498 3140 2805 3209 παρεκτικὴ
2835 3141 2867 3210 ἡ
2900 3138 3186 3208 ἐπίκλησις
3219 3138 3478 3209 Χριστοῦ.
3528 3156 3548 3189 ι
3580 3137 3684 3191 Οὐ-

2116 3224 2224 3284 δεὶς
2261 3224 2480 3279 δύναται
2508 3227 2685 3281 εἰπεῖν
2716 3231 2917 3300 Κύριον
2956 3231 3185 3298 Ἰησοῦν,
3224 3233 3271 3283 εί
3307 3231 3383 3300 μὴ
3423 3232 3483 3283 ἐν
3510 3228 3688 3283 Πνεύ-

2119 3329 2248 3377 ματι
2303 3316 2463 3386 ἀγίῳ,
2527 3336 2545 3369 ι
2596 3322 2763 3388 φησί’
2800 3324 2892 3377 καὶ
2942 3323 3111 3391 μυρία
3162 3322 3233 3376 τὰ
3277 3323 3417 3391 ὑπὲρ
3466 3322 3679 3376 τούτου.

2130 3404 2321 3460 Ὀποτα
2353 3408 2410 3461 δὲ
2460 3410 2490 3461 6
2542 3411 2930 3481 ἐσκοτισμένος
2976 3415 3113 3468 κατὰ
3162 3415 3256 3468 τοῦ
3300 3414 3446 3467 θείου
3505 3413 3684 3481 φωτὸς

2118 3496 2371 3568 ἐλάλησε,
2404 3504 2651 3556 σκοτεινά
2688 3519 2817 3558 τινα
2848 3507 2945 3559 καὶ
2984 3504 3199 3576 ζοφώδη
3234 3510 3329 3562 καὶ
3360 3506 3550 3578 πόρρω
3587 3506 3680 3558 καὶ

2118 3592 2333 3645 ἐναντία
2356 3592 2455 3662 τῆς
2479 3594 2784 3664 ἀνεσπέρου
2821 3598 3036 3667 ἐκείνης
3065 3600 3459 3671 φρυκτωρικῆς
3491 3617 3550 3652 τε
3589 3598 3684 3652 καὶ

2119 3683 2267 3747 θείας
2316 3685 2659 3756 ἐλλάμψεως,
2692 3684 2757 3760 ἧς
2795 3691 2889 3743 καὶ
2926 3690 3036 3743 τῶν
3064 3691 3316 3759 ἀγγέλων
3359 3693 3408 3745 oi
3441 3691 3684 3760 φαεσφό-

2122 3792 2203 3844 ροι
2239 3778 2386 3846 χοροὶ
2431 3778 2746 3849 ἀκορέστως
2785 3782 3071 3850 μετέχουσι
3120 3783 3214 3833 καὶ
3250 3784 3637 3852 εὐφραίνονται
3662 3797 3678 3813 ·

2118 3865 2199 3919 ὅτι
2243 3868 2335 3919 καὶ
2389 3869 2689 3932 ἀπόλαυσις
2727 3871 2936 3933 τούτοις
2987 3872 3019 3942 η
3061 3871 3175 3925 θεία
3203 3872 3544 3942 λαμπρότης,
3584 3871 3678 3926 καὶ

2117 3956 2224 4039 τῶν
2248 3958 2552 4029 ἀνθρώπων
2576 3963 2624 4014 oi
2658 3962 2888 4031 καθαροὶ
2920 3962 3018 4032 τὴν
3053 3964 3287 4034 καρδίαν
3334 3965 3675 4034 μετέχουσιν.

2131 4050 2283 4105 Ἐπεὶ
2315 4053 2422 4121 γὰρ
2448 4055 2588 4107 κατὰ
2618 4055 2725 4107 τῶν
2756 4054 2915 4123 ίερῶς
2944 4056 3327 4125 ἡσυχαζόντων
3357 4056 3680 4126 κινούμενος

2116 4138 2186 4211 ἦν
2217 4145 2290 4205 ὡς
2344 4144 2471 4198 ἄλλο
2522 4145 2820 4215 δαιμόνιον,
2855 4145 3149 4215 βασκαϊνον
3195 4149 3305 4211 τοῖς
3335 4147 3679 4217 ἀναχωροῦσι

2116 4231 2227 4285 τῶν
2268 4234 2326 4284 ἐν
2375 4232 2645 4302 θορύϐοις,
2673 4236 2765 4287 καὶ
2804 4236 2924 4304 Θεῷ
2976 4241 3136 4302 μόνον
3169 4238 3451 4306 σχολάζειν
3490 4238 3682 4291 ἐπιθυ-

2122 4321 2338 4391 μοῦσιν,
2382 4320 2463 4387 οἷς
2502 4329 2595 4382 καὶ
2640 4327 2867 4380 πλεῖστα
2923 4328 3188 4392 πολλάκις
3235 4331 3284 4383 οί
3319 4331 3548 4398 πονηροὶ
3587 4331 3685 4384 καὶ

449 4400 721 4452 maledicti
752 4401 1029 4453 darmones
1061 4398 1303 4454 alliciunt
1332 4400 1727 4471 erroribusquc
1755 4402 2014 4459 imbuttnt

2119 4386 2372 4482 φθονεροὶ
2410 4386 2503 4469 καὶ
2549 4418 2847 4487 κατάρατοι
2896 4386 3404 4489 δαίμονεςνέπῆγον
3445 4386 3517 4474 τά
3567 4421 3685 4474 θλι-

447 4489 638 4559 gratiae
701 4487 795 4542 Dei
843 4488 1150 4560 divinaeque
1219 4490 1603 4546 illuminationi
1658 4493 2010 4566 adversariis,

453 4583 545 4653 qni
581 4597 702 4635 cum
732 4582 967 4637 tenebrat
1002 4582 1113 4637 sint
1165 4582 1220 4637 in
1270 4583 1523 4651 angelum
1556 4582 1693 4639 lucis
1735 4593 2013 4642 transmu-

456 4682 664 4735 tantur,
696 4673 941 4727 volentes
981 4672 1103 4727 illos
1146 4688 1174 4727 a
1228 4673 1372 4727 bono
1428 4676 1709 4745 proposito
1745 4688 2013 4745 avertere,

452 4784 522 4822 ne
565 4767 671 4822 sint
702 4781 826 4821 cum
860 4764 988 4830 Deo,
1026 4767 1282 4835 quoniam
1318 4767 1419 4836 ipsi
1473 4782 1501 4820 a
1556 4767 1665 4822 Deo
1704 4768 1863 4839 longe
1888 4769 2014 4825 facti

448 4871 600 4927 sunt,
628 4878 695 4916 ne
730 4862 965 4913 humana
996 4867 1188 4914 natura
1241 4860 1508 4915 materiali
1555 4876 1784 4930 corpore
1816 4864 2013 4917 donata

446 4952 679 5017 spiritali
714 4966 902 5005 eorum
939 4959 1148 5004 natura:
1211 4950 1535 5020 praecelleat.
1592 4950 1835 5006 invidum
1867 4957 2013 5008 enim

447 5045 754 5098 dzemonum
788 5057 960 5113 genus
1006 5057 1116 5111 prae
1165 5043 1417 5111 superbia
1468 5043 1625 5113 cujus
1654 5044 1826 5113 gratia
1848 5060 1878 5098 a
1904 5044 2013 5099 Deo

446 5135 763 5190 defecerunt
794 5142 847 5189 et
874 5135 1090 5190 caelitus
1125 5135 1429 5203 praecipites
1459 5135 1653 5204 dejecti
1697 5147 1847 5201 sunt,
1881 5152 2009 5193 nec-

446 5240 557 5279 non
586 5242 755 5294 usque
780 5225 985 5280 invidet
1032 5227 1101 5282 iis
1150 5240 1243 5294 qui
1274 5225 1382 5281 Deo
1418 5226 1606 5281 volunt
1638 5242 1734 5295 per
1765 5228 2013 5283 solitudi-

449 5332 575 5369 nem
602 5324 656 5369 ct
684 5317 1003 5371 munditiam
1043 5327 1207 5387 atque
1232 5318 1531 5371 orationem
1569 5318 1795 5375 ﬁrmiter
1834 5320 2017 5375 adhae-

450 5422 593 5467 rere,
628 5406 879 5475 ideoque,
927 5419 1082 5476 prout
1140 5410 1397 5473 diximus,
1435 5417 1708 5464 certantes
1739 5415 2011 5469 sexcentis

449 5497 764 5552 incursibus
790 5500 1201 5567 aggrediuntur,
1227 5509 1278 5554 et
1311 5514 1621 5569 quanquam
1642 5503 1880 5557 tenebrae
1900 5504 2011 5558 sint

358 5586 367 5591 ’
449 5605 512 5644 ac
547 5591 693 5645 velut
722 5589 901 5659 fulgur
933 5590 999 5644 de
1022 5590 1163 5646 coelo
1197 5592 1518 5657 ceciderint,
1546 5594 1599 5646 in
1647 5595 1898 5663 angelum
1927 5595 2009 5648 lu-

445 5686 527 5740 cis
559 5691 1000 5741 transmutantur
1033 5677 1101 5738 'ut
1150 5685 1442 5765 nonnullos
1473 5684 1767 5754 decipiant.
1796 5686 1888 5743 Ille
1913 5702 2007 5742 au-

2121 4504 2275 4572 6ερὰ,
2306 4506 2402 4558 καὶ
2437 4508 2580 4560 κατὰ
2620 4508 2717 4577 τῆς
2747 4509 2839 4563 τοῦ
2893 4509 3031 4563 Θεοῦ
3085 4511 3305 4581 χάριτος
3340 4513 3434 4566 καὶ
3466 4511 3559 4566 τοῦ
3599 4515 3681 4565 ὲν-

2120 4598 2244 4651 θέου
2285 4601 2566 4670 φωτισμοῦ
2614 4603 2827 4667 πλάνας
2861 4605 3064 4674 ἐπῆγον
3092 4606 3295 4669 αὐτοῖς,
3330 4606 3410 4668 είς
3448 4606 3682 4673 ἄγγελον

2120 4690 2295 4758 φωτὸς
2340 4693 2388 4742 oi
2443 4692 2633 4755 σκότος
2684 4692 2836 4755 ὄντες
2882 4694 3504 4764 μετασχηματιζόμενοι,
3539 4696 3683 4748 ἀπα-

2098 4782 2309 4847 γαγεῖν
2360 4782 2461 4851 τῆς
2503 4784 2676 4853 καλῆς
2722 4786 2921 4846 αὐτοὺς
2976 4785 3287 4856 προθυμίας
3340 4786 3680 4856 βουλόμενοι,

2119 4873 2214 4923 καὶ
2243 4872 2337 4925 τοῦ
2370 4875 2507 4943 μετᾶ
2553 4861 2687 4929 Θεοῦ
2718 4869 2856 4931 εῖναι
2898 4877 2972 4940 ὡς
3003 4879 3159 4931 αὐτοὶ
3204 4880 3392 4949 πόρρω
3423 4879 3680 4946 γεγόνασι

2118 4962 2213 5015 τοῦ
2244 4964 2403 5027 Θεοῦ,
2443 4965 2531 5018 ἵνα
2587 4966 2661 5035 μὴ
2715 4967 3030 5037 ἀνθρωπίνη
3085 4967 3247 5036 φύσις
3283 4970 3379 5022 καὶ
3403 4969 3463 5022 τὸ
3496 4969 3681 5022 ὑλικὸν

2117 5055 2193 5124 τῷ
2233 5055 2444 5125 σώματι
2477 5057 2786 5126 κεκτημένη
2840 5058 3095 5126 ὑπεράνω
3125 5061 3224 5129 τῆς
3258 5059 3423 5113 άῠλου
3456 5061 3681 5114 ἐκείνων

2117 5148 2344 5218 γένηται
2399 5148 2652 5216 φύσεως·
2720 5150 2981 5219 φθονερὸν
3056 5151 3164 5220 γὰρ
3220 5152 3570 5222 ὑπερηφανία
3620 5153 3681 5204 τὸ

2117 5237 2391 5307 δαιμόνιον
2443 5238 2627 5305 φῦλον,
2666 5241 2733 5294 δι’
2788 5241 2854 5307 ῆν
2907 5243 3000 5295 καὶ
3050 5243 3184 5295 Θεοῦ
3220 5242 3551 5313 ἠστόχησαν,
3584 5246 3677 5295 καὶ

2115 5327 2406 5397 οὐρανόθεν
2452 5329 2776 5400 ἐρρίφησαν,
2812 5332 2905 5383 καὶ
2932 5333 3019 5384 ἀεὶ
3056 5331 3376 5399 φθονοῦντες
3418 5334 3525 5384 είσι
3566 5333 3677 5393 τοῖς

2114 5420 2192 5488 τῷ
2238 5419 2355 5488 Θεῷ
2403 5421 2837 5489 προσκολλᾶσθαι
2872 5424 2958 5476 διὰ
2995 5423 3285 5494 μονώσεως
3332 5423 3424 5475 καὶ
3471 5423 3676 5491 καθᾶρ-

2116 5525 2253 5571 σεως
2291 5510 2385 5563 καὶ
2414 5512 2721 5583 προσευχῆς
2752 5513 3097 5583 βουλομένοις
3122 5532 3136 5546 ο
3169 5514 3294 5567 ὅθεν
3344 5513 3437 5567 καὶ
3470 5514 3670 5584 μυρίας

2113 5600 2377 5668 ἐπάγουσι
2421 5604 2534 5665 τοῖς
2578 5603 3005 5675 ἀγωνιζομένοις
3032 5606 3129 5669 τὰς
3161 5604 3443 5673 ἐπηρείας.
3482 5604 3573 5656 καὶ
3599 5602 3671 5666 ὼς

2116 5693 2433 5763 εἰρήκαμεν,
2472 5695 2548 5758 εἷς
2580 5695 2809 5765 ἄγγελον
2863 5698 3038 5766 φωτὸς
3062 5698 3112 5751 οί
3140 5698 3329 5761 σκότος
3358 5696 3657 5761 τελοῦντες,
