4044 6210
245 401 252 410 ι
310 303 410 371 Ῑῦεέ

1293 396 1295 399 τ
1343 326 1730 395 DIALOGUS
1767 331 2072 396 CONTRA
2113 340 2495 404 H.EllESES.

3452 350 3553 414 15$

301 421 515 531 καὶξις
560 425 818 531 ἀστραπὴ
875 435 1131 531 πεσόντες
1171 439 1266 495 ἀπ’
1302 442 1559 514 ούρανοῦ,
1602 463 1850 518 μετασχη

1980 463 2090 513 tem
2128 456 2374 514 Barlaam
2422 471 2482 516 ut
2531 463 2758 531 angelus
2788 479 2855 519 ex
2891 462 3010 520 istis
3040 461 3346 524 ordinibus.
3376 461 3554 516 lucem

303 512 644 606 ματίζονται,
678 518 744 572 ἵν’
792 523 1112 596 ἀπατήσωσί
1161 546 1333 596 τινας.
1361 512 1489 598 {Kal
1539 537 1568 590 ὁ
1603 512 1879 606 ’Βαρλαάμ

301 601 476 697 οὗτος,
526 607 601 672 ὡς
659 611 892 681 ἄγγελος
933 619 1106 673 τελῶν
1146 624 1392 689 ἐκείνων,
1437 601 1711 682 σκοτεινὸν
1758 601 1877 697 φιῖις

301 693 746 792 ὑποκρινόμενος,
777 708 917 762 κατά
943 712 1052 766 τῶν
1097 715 1398 785 ίσαγγέλων
1429 719 1590 774 θείων
1637 693 1876 792 ἀνδρων,

300 789 392 841 καὶ
437 791 606 846 αὑτοῦ
637 797 732 850 τοῦ
768 798 911 853 θείου
957 806 1136 872 φωτὸς
1179 810 1532 874 ἀπετάξατο.
1587 812 1697 866 Kal.
1741 789 1878 864 duo.

300 881 537 950 λούθως,
596 889 671 952 ὡς
720 891 829 946 ἔδει
877 895 1092 964 αὐτοῖς,
1145 901 1304 954 τοῦτο
1349 902 1598 974 διενοήθη
1657 917 1719 957 τε
1780 905 1875 958 καὶ

296 974 596 1050 διεπράχθη
646 985 757 1045 τοῖς
811 987 1068 1058 δαίμοσι,
1125 994 1221 1067 καὶ
1266 995 1358 1047 τὸν
1408 995 1620 1067 μύστην
1667 996 1874 1051 τούτων

295 1069 451 1168 αὐτοι
487 1073 628 1127 κατὰ
652 1077 748 1129 τοῦ
774 1077 917 1132 θείου
953 1084 1130 1150 φωτὸς
1145 1059 1252 1139 ’καὶ
1286 1059 1420 1168 τῆς.⁷
1433 1059 1710 1160 μακαρίας
1761 1090 1872 1143 τῶν

294 1163 542 1230 ἀγγέλων
591 1169 929 1241 ἐλλάμψεως,
971 1177 1020 1228 oi
1077 1180 1266 1242 σκότος
1317 1163 1604 1250 γεγονότες
1661 1201 1720 1237 τε
1777 1185 1871 1238 καὶ

294 1256 600 1324 λεγόμενοι,
629 1261 722 1314 τὸν
762 1262 852 1318 ῐσα
881 1266 1093 1331 τούτοις
1141 1271 1527 1341 ὲσκοτισμένον
1567 1277 1866 1346 κεκινήκα-

295 1363 378 1438 σιν
412 1348 677 1418 ἀνοήτως.
721 1352 876 1407 Ἐπεὶ
904 1356 1027 1409 οὐδὲ
1056 1359 1206 1413 ῐσασι
1239 1361 1291 1414 τί
1323 1362 1385 1415 τδ
1415 1364 1529 1430 φῶς
1563 1367 1760 1432 ἐκεῖνο,
1791 1367 1866 1438 μὴ

290 1436 479 1514 τούτου
511 1442 852 1511 μετέχοντες,
882 1448 1071 1518 πόρῤω
1103 1450 1160 1504 δὲ
1207 1451 1412 1520 μᾶλλον
1437 1454 1609 1519 ὄντες,
1639 1460 1732 1510 καὶ
1787 1436 1867 1522 είς

289 1528 345 1580 τὸ
374 1529 639 1601 ἐξώτερον
671 1535 861 1600 σκότος
893 1537 999 1609 52
1041 1546 1546 1615 παραπεμπόμενοι
1603 1549 1704 1602 σὺν
1752 1552 1865 1612 τοῖς

288 1621 495 1690 ὁμοίοις
533 1625 737 1692 αὑτοτς,
763 1631 880 1693 τοῖς
924 1633 1020 1685 καὶ
1051 1634 1147 1688 ὑπ’
1175 1636 1356 1690 αὐτῶν
1386 1639 1734 1710 κινουμένοις
1759 1660 1772 1673 ’
1792 1641 1863 1704 ὓς

1987 552 2333 606 tenebrosam
2369 552 2629 618 referens,
2661 555 2923 610 adversus
2957 556 3108 610 viros
3141 553 3358 608 divinos
3384 567 3559 620 ange-

1983 639 2050 694 lis
2078 642 2286 697 similes
2337 642 2623 713 ipsamque
2674 645 2913 699 divinam
2975 644 3152 699 lucem
3185 643 3421 708 obstitit,
3455 656 3554 694 ra-

1979 733 2307 805 demque‘ac
2334 735 2612 790 dmmones
2646 735 2744 800 illi,
2797 746 2854 789 ut
2902 750 3124 792 necesse
3163 742 3304 796 erat.
3345 733 3554 789 machi-

1979 835 2142 880 natus
2177 828 2426 892 tentavit,
2455 828 2570 898 qui,
2607 843 2730 881 cum
2759 827 2995 882 tenebrae
3033 827 3143 882 sint
3172 835 3336 893 atque
3365 825 3554 879 dican-

1978 927 2088 983 tur,
2117 919 2328 974 eisdem
2375 920 2613 975 tenebris
2646 919 2968 985 caligantem
3026 919 3267 972 animum
3300 917 3555 972 invisibi-

1977 1008 2101 1062 liter
2130 1009 2420 1064 movebant
2473 1010 2558 1066 bis
2609 1011 2893 1066 erroribus
2944 1011 3237 1076 imbutum,
3289 1008 3554 1064 adversus

1975 1097 2217 1152 divinum
2258 1099 2438 1155 lumen
2480 1100 2822 1168 faustamque
2879 1103 3195 1171 angelorum
3229 1099 3554 1155 illustratio-

1975 1205 2120 1245 nem.
2160 1190 2358 1246 Verum
2390 1207 2514 1247 cum
2566 1194 2816 1249 nesciant
2867 1193 2998 1263 quid
3037 1194 3108 1248 sit
3139 1194 3270 1248 illud
3311 1194 3491 1247 lumen
3520 1208 3551 1246 a

1973 1297 2084 1352 quo
2118 1285 2320 1337 nedum
2350 1285 2496 1339 illius
2551 1285 2677 1339 facti
2731 1286 2844 1339 sint
2901 1286 3218 1354 participes,
3269 1286 3426 1352 longe
3454 1300 3548 1353 pu-

1974 1373 2084 1426 tius
2129 1383 2476 1428 recesserunt
2530 1375 2582 1427 in
2643 1375 2895 1431 tenebras
2955 1378 3258 1432 exteriores
3317 1354 3548 1432 immissi

1969 1481 2096 1520 cum
2139 1465 2494 1521 consortibus
2550 1467 2667 1522 suis
2727 1469 3039 1536 animisque
3064 1484 3204 1538 quas
3245 1469 3548 1535 duxerunt,

1967 1556 2058 1611 ille
2087 1555 2337 1613 effntiens
2373 1559 2538 1626 impie
2572 1559 2829 1614 cantabat
2872 1559 2956 1613 vel
3003 1559 3242 1614 divinam
3287 1576 3396 1614 non
3427 1575 3551 1616 esse

1966 1650 2412 1716 illustrationem,
2472 1651 2554 1706 vel
2614 1651 2658 1706 si
2709 1667 2941 1721 prorsus
3018 1653 3111 1716 sit,
3191 1653 3339 1706 illam
3402 1668 3545 1716 esse,

288 1717 381 1768 καὶ
415 1717 693 1830 δυσσεϐῶς
742 1724 774 1794 ἢ
810 1724 886 1795 μὴ
930 1721 1072 1783 εἶναι
1129 1729 1282 1786 θείαν
1331 1733 1602 1806 ἐλλαμψιν
1630 1737 1854 1808 ἐφληνά-

1967 1742 2139 1809 proh!
2175 1733 2425 1798 naturam
2461 1743 2549 1798 Dei
2576 1744 2869 1800 invisibilis
2893 1750 2947 1798 et
2976 1743 3546 1814 incomprehensibilis

287 1821 497 1898 ιξησεν,
629 1812 790 1883 είπερ
849 1815 987 1881 ὅλως
1045 1821 1186 1886 ἐστὶ,
1250 1825 1415 1892 φύσιν
1469 1823 1608 1880 εἶναι
1655 1829 1858 1898 ταύτην

285 1892 458 1960 Θεοῦ,
521 1897 770 1973 (βαϐαίί)
823 1904 918 1958 τοῦ
968 1909 1225 1978 ἀοράτου.
1285 1915 1380 1967 καὶ
1439 1915 1709 1985 ἀλήπτου,
1764 1892 1858 1972 καὶ

283 1987 602 2055 ἀπροσίτου.
640 1993 752 2047 Καὶ
794 1996 958 2052 πάλιν
985 2005 1378 2072 στρεφόμενος,
1409 2007 1485 2069 ὡς
1531 2008 1749 2075 ἀληθῶς
1779 2009 1856 2062 ὢν

284 2078 614 2148 παράφρων,
657 2101 682 2167 ι
729 2087 790 2138 El
818 2085 974 2160 ὤφθη
1015 2092 1152 2158 φῶς,
1187 2097 1374 2164 φησὶν,
1406 2098 1604 2168 ὁρατὸν
1636 2095 1727 2169 ἦν,
1761 2101 1857 2153 καὶ

282 2168 326 2221 εί
377 2173 597 2240 ὁρατὸν,
627 2175 691 2230 οὐ
726 2177 859 2243 Θεός
878 2195 894 2210 ο
931 2183 1026 2235 καὶ
1058 2185 1107 2238 el
1135 2186 1412 2242 ἐπαύσατο
1438 2168 1690 2260 ὁρᾶσθαι,
1719 2193 1854 2260 μηδι

280 2260 536 2319 δύνασθαι
571 2262 712 2323 εἶναι
737 2286 753 2302 °
783 2273 874 2326 καὶ
903 2273 990 2328 διὰ
1015 2275 1174 2330 τοῦτο
1200 2278 1396 2350 φάσμα
1427 2299 1480 2334 τι
1504 2279 1646 2338 εῖναι
1676 2284 1855 2341 τοῦτο.

282 2355 339 2408 El
382 2357 433 2411 δ’
494 2360 710 2430 ἀληθῶς
759 2365 908 2418 ἐστιν
958 2367 1247 2440 ἐλλαμψις,
1278 2375 1483 2443 κτίσμα
1531 2373 1673 2430 εἶναι
1714 2379 1857 2432 κατά

281 2449 508 2516 καιροὺς
559 2454 970 2522 συνιστάμενον,
1025 2463 1313 2528 γινόμενόν
1343 2484 1402 2519 τε
1454 2469 1550 2521 καὶ
1596 2469 1857 2538 ἀπογινό-

285 2550 442 2601 μενον
469 2579 484 2603 ,
529 2539 628 2626 τὴν
671 2543 765 2596 τοῦ
800 2545 936 2598 Θεοῦ
985 2548 1149 2620 χάριν
1205 2553 1302 2605 καὶ
1341 2555 1539 2624 νοητὴν
1587 2555 1857 2626 ἐλλαμψιν

281 2629 513 2699 κτιστὴν
536 2625 701 2694 εἶναι,
744 2634 776 2706 ἦ
814 2637 1082 2708 μηδαμῶς
1125 2636 1267 2696 εῖναι
1309 2643 1648 2712 δογματίζων
1676 2651 1704 2700 ό
1728 2625 1856 2701 δυα-

281 2718 470 2788 σεδής.
519 2723 608 2776 Ἑν
661 2720 750 2790 αἶς
800 2727 974 2799 δήπερ
1018 2731 1297 2797 ἀσεϐείαις
1333 2737 1429 2790 καὶ
1471 2737 1724 2802 ἀτοπίαις
1761 2739 1857 2793 καὶ

279 2810 527 2882 διάδοχον
558 2815 754 2870 ἑαυτοῦ
796 2818 884 2871 τὸν
926 2821 1188 2891 δύστηνον
1231 2826 1440 2879 ἐκεῖνον
1471 2826 1629 2898 ἔσχεν
1680 2829 1857 2882 Ἀκίν-

277 2903 467 2957 δυνον’
513 2908 606 2959 καὶ
666 2908 750 2962 ἔτι
799 2911 981 2978 Δεξιόν
1036 2931 1184 2978 τινα,
1243 2918 1336 2970 τὸν
1406 2918 1506 2986 τῆς
1560 2920 1857 2992 ἀριστερᾶς

282 2999 534 3068 μερίδος·
573 3002 666 3053 καὶ
730 3003 997 3075 Ἀργυρδν
1043 3007 1136 3060 τὸν
1193 3007 1274 3062 ίοῦ
1330 3009 1551 3078 μεστὸν,
1610 3012 1706 3065 τὸν
1762 3013 1857 3066 κα)⁸

1966 1844 2130 1904 atque
2184 1835 2609 1890 inaccessibilis.
2649 1835 2998 1905 Rursumque
3058 1850 3385 1898 conversus,
3417 1851 3540 1888 cum

1963 1941 2090 1981 vere
2147 1927 2409 1990 insaniat,
2444 1928 2490 1982 si
2535 1927 2718 1982 lumen
2772 1927 3047 1996 apparuit,
3085 1929 3288 1993 aiebat,
3329 1928 3544 1983 visibile

1961 2026 2102 2081 erat,
2144 2019 2188 2074 si
2228 2033 2357 2073 vero
2395 2029 2512 2074 erat
2563 2020 2798 2085 visibile,
2832 2019 2976 2075 Deus
3005 2034 3111 2074 non
3144 2029 3284 2082 erat,
3316 2020 3543 2088 insuper

1961 2112 2007 2167 si
2034 2112 2102 2166 ab
2131 2112 2310 2166 oculis
2345 2113 2587 2176 evanuit,
2643 2127 2747 2164 non
2802 2121 2982 2166 tamen
3024 2125 3144 2168 esse
3190 2112 3373 2177 desiit,
3432 2115 3536 2168 hoc

1961 2213 2080 2260 erat
2121 2204 2488 2273 phantasmati
2541 2205 2743 2260 simile.
2776 2205 2916 2260 Vera
2967 2216 3150 2260 autem
3204 2204 3534 2260 illnminatio

1960 2305 2209 2352 creatura
2265 2306 2349 2353 est
2408 2313 2507 2366 pro
2563 2297 2830 2365 temporis
2888 2298 3302 2366 Opportunitate
3331 2297 3537 2361 consti-

1961 2395 2074 2442 tnta
2102 2403 2225 2458 qua:
2252 2389 2415 2443 modo
2441 2389 2496 2442 llt
2523 2400 2578 2443 et
2609 2389 2770 2442 modo
2794 2388 3018 2450 desinit.
3053 2387 3144 2442 ille
3183 2403 3310 2442 vero
3339 2389 3539 2457 impius

1962 2479 2092 2534 falsa
2124 2493 2388 2549 spargens
2435 2481 2708 2550 dogmata,
2738 2481 2970 2548 gratiam
3008 2479 3100 2534 Dei
3129 2479 3543 2550 spiritalemqne

1961 2571 2380 2628 illustrationem
2410 2581 2506 2626 aut
2537 2571 2885 2627 conditorem
2922 2587 3045 2626 esse
3088 2581 3182 2626 aut
3229 2573 3543 2627 nullatenus

1961 2678 2086 2722 esse
2115 2665 2421 2718 asserebat.
2484 2662 2540 2718 In
2583 2665 2786 2732 quibus
2819 2662 3195 2730 impietatibus
3241 2674 3293 2716 et
3324 2662 3543 2731 ineptiis

1962 2772 2339 2814 successorem
2391 2757 2588 2811 habuit
2636 2757 3039 2825 nequissimum
3083 2755 3452 2826 Aciudynum,
3486 2765 3542 2810 et

1960 2844 2184 2917 insuper
2213 2848 2441 2902 Dexium
2474 2848 2764 2918 quemdam
2794 2847 2887 2916 qui
2918 2847 2985 2901 ad
3019 2846 3300 2902 sinistram
3323 2856 3534 2914 partem

1959 2940 2272 3002 declinavit,
2306 2949 2361 2995 et
2397 2940 2665 3010 Argyrum
2698 2952 2910 2992 veneno
2941 2938 3162 3006 plenum
3208 2938 3302 3006 qui
3349 2937 3537 2990 admo-

1961 3031 2090 3083 dum
2128 3035 2247 3084 erat
2281 3028 2490 3084 ditatus
2518 3043 2682 3097 prava
2731 3026 3046 3082 Graecorum
3099 3027 3428 3094 nugaritate,
3481 3033 3540 3080 et

278 3092 410 3144 πολὺ
446 3093 512 3145 τὸ
554 3093 804 3165 κίϐδηλον
845 3101 947 3167 τῆς
988 3097 1266 3170 Ἐλλήνων
1302 3101 1576 3172 φλυαρίας
1617 3104 1854 3176 πλουτήιι

1961 3129 2088 3178 ante
2117 3121 2240 3177 illos
2273 3092 2572 3191 Gregoram
2616 3119 2888 3174 famosum
2925 3092 3255 3188 apostatam,
3290 3119 3382 3187 qui
3412 3133 3539 3188 gra-

277 3202 444 3239 σαντα
473 3201 491 3218 ο
526 3191 618 3243 καὶ
648 3189 754 3258 πρὸ
783 3191 965 3244 αὐτῶν
993 3193 1286 3264 Γρηγορᾶν
1340 3196 1547 3249 ἐκεῖνον
1586 3196 1679 3249 τὸν
1714 3197 1854 3250 ἀπο-

276 3276 524 3343 στάτηνο
562 3279 613 3332 οἳ
662 3280 756 3333 καὶ
783 3281 883 3351 τὴν
929 3283 1092 3352 χάριν
1119 3284 1372 3352 καθάπαξ
1419 3286 1726 3358 ὴθετήκασι
1760 3287 1856 3341 τοῦ

275 3365 431 3433 Θεοῦ,
464 3371 564 3422 καὶ
587 3370 687 3442 τὴν
715 3375 957 3444 φυσικὴν
983 3377 1148 3430 αὑτοῦ
1175 3377 1410 3449 δύναμιν
1439 3381 1536 3434 καὶ
1570 3381 1856 3449 ἐνέργειαν

273 3459 663 3530 ὶξηρνήσαντο,
692 3466 964 3534 μηδεμίαν
1016 3468 1246 3539 δύναμιν
1294 3474 1576 3542 προσεῖναι
1607 3474 1856 3543 λέγοντες

273 3551 347 3619 τῷ
377 3552 528 3622 Θεῷ,
551 3555 684 3623 μηδὲ
713 3557 924 3626 δωρεάν
952 3575 1010 3612 τε
1042 3562 1138 3614 καὶ
1165 3563 1326 3632 χάριν
1356 3565 1412 3630 ἐξ
1439 3564 1606 3618 αὐτοῦ
1638 3567 1856 3636 προϊοῦ-

276 3660 392 3705 σαν,
428 3647 770 3712 ἀπεναντίας
814 3649 893 3719 τῷ
936 3651 1256 3722 Εὐαγγελίῳ
1307 3672 1364 3708 τε
1402 3657 1496 3710 καὶ
1531 3661 1643 3722 τοῖς
1674 3658 1854 3728 λόγοις

275 3740 365 3791 καὶ
415 3739 654 3807 πράξεσι
701 3743 812 3794 τῶν
868 3744 1129 3815 μαθητῶν
1180 3749 1274 3802 τοῦ
1327 3750 1565 3820 Χριστοῦ
1634 3754 1728 3806 καὶ
1777 3753 1855 3823 τῷ

271 3831 442 3903 λοιπῷ
484 3834 628 3905 χορῷ
674 3837 784 3888 τῶν
816 3838 987 3906 ἁγίων
1030 3841 1188 3910 ἡμῶν
1249 3844 1513 3913 Πατέρων
1548 3845 1850 3915 βαίνοντες.

273 3926 334 3978 οἳ
362 3928 572 3990 πάντες
613 3930 752 3998 ὁμοῦ
781 3932 946 3985 αὐτὸν
972 3933 1072 4003 μὲν
1118 3935 1210 3988 τὸν
1237 3935 1443 4006 Κύριον
1475 3938 1567 3991 τὸν
1594 3939 1688 3992 τοῦ
1714 3940 1851 3993 Θεοῦ

275 4022 541 4090 μονογενῆ
596 4023 726 4075 Υίδν
771 4025 865 4078 καὶ
921 4027 1096 4094 Λόγον
1142 4029 1202 4080 ὲν
1257 4031 1324 4099 τῇ
1388 4029 1496 4100 ἰδία
1551 4031 1850 4085 ὑποστάσει

270 4113 633 4182 σαμωθῆναί
676 4131 832 4182 φασι,
891 4117 987 4171 καὶ
1030 4118 1316 4189 ἄνθρωπον
1367 4123 1645 4190 γενέσθαι,
1709 4136 1850 4182 κατά

266 4201 529 4270 ἀλήθειαν
591 4205 822 4273 μένοντα
883 4207 1014 4260 Θεὸν
1039 4250 1054 4274 ,
1123 4212 1217 4265 καὶ
1273 4213 1634 4268 ἀναλλοίωτον
1686 4215 1846 4271 ὄντα·

268 4295 418 4368 ῂμᾶς
461 4297 521 4350 δὲ
564 4299 638 4367 μὴ
684 4298 818 4351 Θεὸν
859 4301 1247 4366 ἐνυποστάτως
1283 4305 1540 4370 δέξασθαι
1569 4311 1662 4363 καὶ
1707 4310 1849 4365 κατὰ

265 4387 432 4453 φύσιν
484 4389 780 4458 ὲνωθῆναι.
828 4394 926 4446 Ἐν
983 4394 1093 4464 γὰρ
1145 4398 1324 4450 ἐκεῖνο
1374 4399 1434 4452 τὸ
1483 4403 1843 4474 πρόσλημμα,

266 4481 404 4551 ὅπερ
465 4485 839 4554 προσείληφεν
889 4488 1070 4558 ἑαυτῷ
1127 4491 1155 4542 ό
1206 4490 1302 4543 τοῦ
1357 4491 1492 4546 Θεοῦ
1551 4499 1846 4568 μονογενὴς

263 4574 460 4641 Λόγος,
515 4577 612 4629 καὶ
665 4569 821 4648 ᾧπερ
884 4579 1070 4649 ἄκρως
1128 4582 1340 4653 ἡνὼθη,
1391 4586 1490 4639 καὶ
1543 4579 1847 4662 ἀδιαίρετον

265 4671 453 4721 τούτου
490 4672 645 4737 μένει
679 4671 754 4732 ὡς
787 4671 880 4723 καὶ
911 4672 1238 4742 ἀσύγχυτον.
1278 4675 1610 4747 Ἐπειδήπερ
1641 4681 1847 4752 ἑκάστη

261 4759 427 4823 φύσις
468 4761 540 4814 τά
592 4761 699 4814 ῐδια
741 4763 1040 4830 κέκτηται,
1071 4765 1104 4834 ἠ
1139 4764 1262 4818 θεία
1293 4766 1361 4820 τά
1395 4767 1536 4832 θεῖα,
1562 4771 1595 4839 ἡ
1631 4771 1843 4842 ἀνθρωο

260 4851 387 4922 πίνη
453 4870 520 4906 τε
575 4854 643 4906 τὰ
691 4855 994 4921 ἀδιάδλητα
1061 4856 1171 4909 τῶν
1228 4859 1572 4929 ἀνθρώπων·
1625 4866 1722 4916 καὶ
1787 4867 1846 4920 ἐν

259 4941 444 5015 ἐκείνῃ
507 4945 611 5014 μὲν
661 4946 722 5000 τδ
792 4949 1232 5019 ἀπερίγραπτον,
1287 4951 1384 5005 καὶ
1428 4954 1838 5026 ἀκατάληπτον,

261 5035 352 5086 καὶ
385 5037 694 5106 ἄτρεπτον,
737 5041 832 5092 καὶ
871 5041 959 5092 ἀεὶ
986 5039 1070 5106 ὃν,
1103 5042 1198 5095 καὶ
1231 5042 1292 5094 τδ
1323 5045 1756 5116 παντοδύναμον,
1784 5051 1842 5103 ἐν

259 5127 318 5190 τῇ
372 5125 702 5199 ἀνθρωπίνῃ
754 5129 810 5182 δὲ
858 5130 918 5182 τὸ
970 5131 1366 5200 περιγραπτὸν,
1420 5134 1481 5186 τὸ
1531 5138 1748 5206 ὁρατὸν,
1781 5139 1843 5192 τὸ

257 5214 606 5285 πλαφητὺν,
637 5220 698 5271 τὸ
728 5219 1092 5280 ἀλλοιοῦσθαι,
1127 5222 1186 5298 τὸ
1211 5221 1499 5300 ἄρξασθαιο
1534 5229 1624 5280 Διδ
1655 5229 1718 5298 δὴ
1748 5233 1841 5283 καὶ

260 5311 736 5379 σεσαρκωμένοςιό
771 5314 942 5380 Λόγος
983 5317 1214 5383 ὲωρίτο,
1245 5320 1336 5368 καὶ
1365 5316 1710 5388 ἐψηλκφᾶτο,
1744 5323 1841 5375 καὶ

258 5397 483 5468 ἔπασχε,
525 5405 619 5456 καὶ
649 5403 902 5471 ἐθνησκε,
931 5407 1024 5457 καὶ
1056 5406 1334 5469 ἀνίστατο,
1370 5408 1432 5461 οὐ
1456 5412 1520 5479 τῇ
1549 5410 1708 5478 φύσει
1739 5412 1839 5482 τῆς

259 5489 541 5560 θεότητος,
577 5497 643 5564 τῇ
686 5495 744 5547 δὲ
791 5496 951 5563 φύσει
999 5497 1092 5550 τοῦ
1145 5498 1418 5568 σώματος.
1453 5501 1616 5555 Ὅθεν
1665 5506 1758 5557 καὶ
1810 5508 1838 5558 ὁ

256 5580 618 5654 ἠγαπημέυος
647 5589 832 5655 φησῖν,
859 5607 876 5639 ι
912 5590 978 5643 ‘0
1001 5585 1067 5659 ἦν
1096 5591 1190 5643 ἀπ’
1217 5592 1409 5662 ἀρχῆς,
1428 5593 1456 5646 ὃ
1484 5595 1832 5665 ἑωράκαμεν,

256 5671 282 5720 ὖ
309 5675 660 5744 ἐθεασάμεθα
710 5682 821 5742 τοῖς
853 5680 1154 5751 ὀφθαλμοῖς
1209 5683 1389 5754 ἡμῶν,
1416 5687 1506 5738 καὶ
1549 5689 1606 5739 αἱ
1654 5691 1835 5757 χεῖρες

261 5761 412 5831 ἡμῶν
459 5767 839 5841 ἐψηλάφησαν,
881 5790 898 5824 ι
937 5775 1062 5842 περὶ
1124 5773 1216 5826 τοῦ
1267 5775 1440 5845 Λόγου
1480 5779 1595 5849 τῆς
1651 5780 1828 5848 ζωῆς·

1962 3216 2090 3271 tiam
2128 3217 2220 3271 Dei
2271 3217 2491 3286 penitus
2525 3222 2891 3284 negaverunt,
2924 3216 3206 3284 ipsamque
3234 3213 3356 3282 ejus
3392 3213 3538 3266 nati-

1958 3323 2083 3365 vam
2115 3306 2420 3383 potentiam
2446 3316 2499 3362 et
2525 3305 2902 3376 operationem
2935 3304 3267 3367 abnuerunt,
3293 3302 3539 3359 dicentes

1960 3400 2164 3455 nullam
2205 3399 2314 3453 Deo
2377 3399 2560 3453 inesse
2592 3405 2946 3466 potestatem,
2987 3410 3164 3464 neque
3199 3395 3406 3449 donum
3441 3410 3538 3448 ne-

1959 3506 2064 3562 que
2093 3491 2322 3561 gratiam
2352 3491 2419 3545 ab
2449 3490 2568 3559 ipso
2599 3488 2840 3560 prodire,
2869 3488 3134 3542 adversus
3157 3485 3536 3553 Evangelium,

1958 3597 2356 3652 sermonesque
2407 3592 2461 3637 et
2509 3590 2669 3636 actus
2717 3580 3114 3650 discipulorum
3163 3576 3367 3634 Christi
3410 3577 3534 3631 reli-

1958 3688 2237 3744 quumque
2285 3672 2516 3728 chorum
2565 3682 2884 3728 sanctorum
2935 3671 3155 3726 Patrum
3217 3678 3531 3735 nostrorum
3593 3744 3597 3747 π

1958 3765 2323 3820 ambulantes.
2365 3765 2468 3830 Qui
2513 3780 2707 3820 omnes
2749 3763 2913 3818 simul
2949 3764 3127 3833 ipsum
3173 3763 3391 3832 quidem
3427 3761 3534 3815 Do-

1959 3858 2168 3911 minum
2207 3857 2405 3911 Filium
2440 3856 2532 3911 Dei
2580 3856 2920 3925 unigenitum
2963 3855 3314 3924 Verlmmqne
3346 3854 3531 3908 dicunt

1956 3947 2009 4000 in
2061 3946 2276 4016 propria
2330 3959 2564 4016 persona
2615 3947 2962 3999 incarnatum
3011 3944 3183 3998 fuisse
3233 3944 3520 3996 hominem-

1953 4055 2059 4109 que
2090 4037 2293 4093 factum
2334 4051 2483 4102 esse,
2542 4042 2853 4089 manentem
2887 4035 2942 4087 in
2991 4034 3218 4088 veritate
3257 4033 3426 4086 Deum
3475 4042 3527 4086 et

1953 4131 2006 4184 in
2026 4128 2470 4184 immutabilitate
2493 4133 2828 4196 perstantem
2855 4141 2870 4189 ;
2899 4139 3000 4180 nos
3035 4139 3162 4178 vero
3183 4139 3530 4192 nequaquam

1954 4223 2121 4278 Deum
2153 4221 2456 4276 secundum
2489 4217 2850 4274 substantiam
2906 4216 3188 4286 accepisse
3218 4229 3396 4284 neque
3445 4230 3534 4269 se-

1950 4315 2188 4370 cundum
2221 4321 2473 4367 naturam
2503 4311 2776 4365 adunatos
2811 4324 2977 4376 esse;
3025 4323 3195 4362 unum
3228 4307 3372 4361 enim
3406 4314 3528 4360 erat

1951 4406 2085 4461 illud
2118 4404 2264 4476 quod
2298 4403 2402 4458 sibi
2436 4399 2736 4470 assumpsit
2766 4397 3003 4453 Verbum
3041 4395 3135 4452 Dei
3164 4395 3530 4466 unigenitum,

1949 4507 2004 4553 et
2033 4497 2118 4552 cui
2141 4503 2292 4550 arcte
2319 4494 2671 4561 coniunctum
2699 4501 2802 4553 est,
2849 4503 2879 4544 a
2910 4505 3020 4560 quo
3051 4496 3231 4542 manet
3273 4487 3531 4542 imlivisi-

1951 4590 2060 4645 bile
2084 4589 2226 4645 sicut
2249 4596 2303 4642 et
2334 4584 2746 4640 inconfusibile.
2782 4582 2916 4636 Cum
2947 4579 3148 4647 cuique
3189 4586 3396 4631 naturae
3430 4591 3528 4630 sua

1950 4682 2083 4745 sint,
2121 4679 2318 4735 divinae
2363 4677 2568 4740 divina,
2610 4676 2858 4730 humana:
2897 4669 3329 4736 humana,vitiis
3369 4682 3528 4722 exce-

1949 4773 2079 4841 ptis,
2113 4769 2256 4825 etin
2301 4767 2392 4822 illa
2448 4765 2668 4837 quidem
2718 4761 3199 4830 incircumscripta
3243 4757 3526 4812 immensi-

1950 4868 2060 4924 tas,
2123 4856 2700 4929 incomprehensibilis
2763 4854 3026 4919 infinitas,
3083 4848 3521 4908 immutabilitas,

1945 4951 2226 5007 aeternitas
2250 4959 2302 5004 et
2337 4947 2732 5017 omnipotentia
2763 4962 2777 5010 ;
2817 4944 2874 4998 in
2912 4945 3150 4997 humana
3182 4946 3362 4992 autem
3400 4949 3523 4990 esse

1945 5042 2387 5112 circumscripta,
2449 5038 2703 5102 visibilis,
2760 5034 2986 5099 tactilis,
3015 5029 3316 5092 mutabilis,
3353 5035 3407 5081 et
3441 5028 3522 5081 in-

1945 5133 2181 5202 cepisse,
2243 5137 2578 5201 quapropter
2649 5130 2998 5183 incarnatum
3054 5119 3291 5176 Verbum
3344 5118 3520 5172 visum

1946 5223 2048 5278 fuit
2096 5233 2150 5278 ct
2198 5213 2598 5279 contrectatum
2653 5229 2990 5288 passumqne
3021 5221 3075 5266 et
3106 5219 3402 5271 mortuum,
3439 5213 3522 5260 at-

1944 5329 2050 5382 que
2090 5313 2413 5377 resurrexit,
2473 5327 2582 5364 non
2616 5308 2802 5363 divina
2857 5304 3111 5375 equidem
3147 5301 3242 5355 sed
3282 5299 3523 5356 humana

1943 5417 2138 5462 natura
2169 5423 2185 5470 -,
2217 5405 2359 5458 unde
2393 5403 2625 5456 dilectus
2653 5401 2730 5453 ait
2757 5396 3062 5466 discipulus
3093 5411 3108 5449 :
3138 5411 3157 5445 ι
3228 5392 3382 5458 Quod
3419 5387 3522 5442 fuit

1941 5503 2010 5557 ab
2042 5501 2222 5564 initio,
2253 5498 2398 5569 quod
2451 5495 2849 5566 perspeximus,
2905 5489 3145 5544 vidimus
3199 5485 3374 5540 oculis
3421 5495 3520 5535 no-

1943 5595 2098 5660 stris,
2135 5604 2188 5648 et
2211 5607 2407 5646 manus
2432 5597 2632 5644 nostras
2683 5589 3165 5642 contrectaverunt
3221 5581 3285 5632 de
3339 5574 3518 5630 Verbo

1939 5686 2081 5750 vitae,
2105 5694 2160 5738 et
2185 5686 2299 5739 vita
2329 5680 2679 5737 manifestata
2718 5687 2805 5734 est
2837 5693 2852 5742 ;
2891 5685 2945 5732 et
2991 5673 3379 5728 annuntiamus
3425 5679 3518 5716 vo-

1937 5781 2021 5837 bis
2063 5781 2226 5838 vitam
2274 5790 2530 5836 aeternam
2583 5792 2705 5847 qua:
2739 5782 2854 5831 erat
2881 5771 3024 5844 apud
3057 5769 3293 5834 Patrem,
3333 5771 3389 5818 ct
3419 5775 3517 5827 ap-
