4040 6202
424 319 524 381 1τὺ
1275 304 1657 367 SYMEONIS
1680 293 2041 360 THESSAU

2146 289 2435 350 [CENSIS
2476 286 2833 347 ABCHIEP.
3557 270 3660 333 156

419 429 598 498 paruit
627 427 806 481 nobis.
848 445 864 475 ι
921 422 1018 476 Hic
1052 430 1135 475 est
1192 420 1355 489 igitur
1387 432 1548 472 verus
1596 414 1742 469 Deus
1783 421 1837 467 et
1880 410 2041 464 vita!

2146 405 2203 463 ιὶ,
2246 423 2265 455 ‹
2305 405 2369 457 Ἡ
2406 402 2521 471 ζωὴ
2549 398 2888 469 ἐφανερώθη.
2932 415 2949 448 ι
2998 393 3125 455 Καὶ,
3150 409 3168 444 t
3220 390 3665 458 Ἀπαγγέλλομεν

419 482 622 579 aeterna
677 519 835 574 Jesus
877 516 1131 573 Christus
1166 515 1337 576 solus,
1391 511 1666 582 perfectus
1723 507 1865 561 Deus
1919 506 1987 560 de

2146 500 2220 550 ιϊν
2243 497 2344 567 τὴν
2378 495 2526 565 ζωὴν
2572 494 2671 559 τὴν
2700 490 2942 554 αἰώνιον,
2977 489 3098 559 ἥτις
3130 482 3198 556 ἦν
3242 484 3379 555 πρὸς
3412 483 3508 535 τὸν
3555 482 3666 534 Πα-

422 617 556 682 Deo,
583 612 819 668 Verbum
850 621 904 663 et
936 609 1105 663 Filius
1131 605 1443 675 uuigeuitus
1467 619 1494 656 a
1523 602 1684 656 Patre
1735 613 1866 653 vere
1898 597 1986 650 in-

2146 593 2245 660 ἷρα,
2273 591 2367 642 καὶ
2390 585 2713 656 ἐφανερώθη
2738 586 2890 655 ἡμῖν.
2920 599 2938 632 ι
2971 578 3137 641 Οὗτος
3164 578 3344 632 τοίνυν
3368 578 3394 629 6
3416 572 3668 642 ἀληθινὸς

416 668 702 765 cartiatus,
754 712 809 757 et
867 701 1138 771 perfectus
1190 699 1352 752 homo
1400 696 1575 751 factus
1624 701 1709 749 est
1770 699 1991 762 propter

2146 683 2225 745 εὸς
2257 684 2350 734 καὶ
2380 681 2494 748 ζωὴ
2516 678 2733 739 αἰώνιος
2763 671 3219 746 ἸησοῦςΧριστὸς
3255 670 3436 738 μόνος,
3463 668 3670 727 τέλειος

420 812 526 851 nos
563 794 833 854 homines,
891 792 1034 844 idem
1105 789 1244 843 Deus
1277 788 1529 856 idemque
1582 786 1745 841 homo
1772 786 1825 838 in
1882 798 1989 837 una

2146 792 2167 825 ν
2216 773 2347 834 Θεὸς
2400 774 2465 825 ἐκ
2520 768 2655 822 Θεοῦ
2709 767 2903 834 Λόγος,
2945 765 3040 817 καὶ
3090 763 3213 824 Υἱὸς
3268 759 3559 830 μονογενὴς
3610 758 3673 809 ἐκ

423 900 679 954 persona,
720 898 860 937 unus
891 883 1031 936 idem
1066 881 1121 935 in
1154 880 1367 934 duabus
1426 878 1636 933 naturis
1693 885 1745 931 et
1794 876 1991 929 volun-

2147 866 2332 935 ατρὸς,
2362 863 2576 931 ἀληθῶς
2604 860 3056 929 ὲνανθρωπήσας,
3086 857 3182 909 καὶ
3211 855 3413 914 τέλειος
3445 852 3671 917 γέγονεν

426 977 629 1032 tatibus
689 992 750 1029 ac
807 972 1217 1041 operationibus
1250 972 1539 1039 cognitus;
1594 980 1647 1024 et
1702 968 1842 1022 idem
1876 977 1996 1021 erat

2146 960 2379 1030 ιθρωπος
2417 956 2560 1024 ὑπὲρ
2587 953 2744 1024 ἡμῶν
2777 954 2888 1015 τῶν
2928 947 3255 1019 ἀνθρώπων,
3277 946 3306 998 6
3348 943 3511 1005 αὐτὸς
3539 941 3674 1002 Θεὸς

422 1067 695 1122 miracula
727 1065 955 1126 faciens,
988 1072 1042 1119 et
1071 1063 1301 1131 pedibus
1359 1063 1637 1125 incedens,
1671 1060 1995 1124 eLesurieus

2146 1069 2172 1104 ν
2214 1052 2305 1105 καὶ
2335 1052 2362 1102 6
2409 1049 2567 1110 αὐτὸς
2596 1047 2878 1115 ἄνθρωπος
2905 1043 2979 1095 ὢν
3019 1044 3074 1093 ὲν
3128 1041 3224 1110 μιᾷ
3254 1040 3320 1108 τῇ
3357 1035 3677 1100 ὑποστάσει,

424 1169 481 1214 et
508 1173 759 1219 vescens,
816 1165 871 1211 et
929 1170 1099 1224 panes
1155 1153 1541 1223 multiplicans,
1586 1159 1641 1206 et
1693 1150 1997 1209 dormiens,

2146 1140 2176 1208 ’ς
2212 1146 2238 1196 6
2268 1143 2429 1205 αὐτὸς
2471 1144 2530 1192 ὲν
2574 1141 2693 1193 δυσὶ
2733 1140 2855 1200 ταῖς
2908 1136 3103 1203 φύσεσι
3153 1134 3247 1185 καὶ
3292 1130 3547 1200 θελήσεσι
3586 1126 3679 1178 καὶ

426 1259 481 1306 et
535 1259 709 1305 motos
763 1249 1023 1304 cohibens
1076 1256 1302 1309 ventos,
1357 1254 1411 1300 et
1466 1253 1711 1299 mortuos
1762 1240 2003 1297 resusci-

2146 1235 2401 1304 περγείαις
2447 1231 2871 1301 γνωριζόμενος.
2906 1230 3013 1281 Kal.
3064 1228 3092 1279 6
3141 1225 3304 1287 αὐτὸς
3346 1218 3415 1291 ἦν
3464 1225 3682 1285 θαυμα-

429 1352 582 1407 tans,
614 1350 667 1394 et
704 1341 818 1407 ipse
852 1348 1101 1394 mortuus
1131 1346 1317 1407 utpote
1347 1336 1613 1400 mortalis,
1650 1343 1704 1389 et
1754 1334 2003 1404 signatus

2146 1328 2369 1397 δυργῶνν
2401 1325 2495 1377 καὶ
2549 1322 2894 1392 πεζοπορῶν,
2937 1321 3029 1373 καὶ
3061 1316 3267 1370 πεινῶν
3322 1314 3418 1367 καὶ
3475 1310 3679 1380 τρεφό-

432 1434 487 1487 ἰη
535 1441 914 1493 monumento,
967 1442 1020 1485 et
1057 1447 1218 1486 suum
1282 1429 1457 1499 ipsius
1497 1443 1698 1496 corpus
1740 1443 1771 1482 a
1831 1434 2005 1481 morte

428 1526 668 1594 erigens,
706 1532 760 1577 et
803 1536 927 1593 post
956 1522 1411 1578 resurrectionem
1454 1528 1651 1583 tactus,
1689 1525 1743 1573 et
1801 1517 2003 1572 clausis

427 1614 615 1683 jauuis
675 1614 975 1682 ingressus,
1029 1610 1255 1681 perinde
1317 1626 1380 1665 ac
1421 1625 1450 1663 a
1504 1609 1756 1678 sepulcro
1812 1606 2004 1675 sigillis

2106 1437 2284 1488 μενος,
2318 1419 2412 1471 καὶ
2442 1416 2730 1486 πληθύνων
2767 1415 2893 1477 τοὺς
2925 1412 3146 1483 ἄρτους,
3176 1410 3271 1461 καὶ
3311 1406 3683 1477 κοιμώμενος,

2104 1512 2199 1568 καὶ
2249 1509 2412 1563 ἱστῶν
2466 1509 2716 1575 κινήσεις
2763 1505 3001 1572 ἀνέμων,
3038 1503 3134 1556 καὶ
3164 1500 3398 1553 ἀνιστῶν
3429 1498 3685 1565 νεκροὺς,

2107 1604 2198 1657 καὶ
2229 1599 2633 1665 θανατούμενος
2661 1597 2734 1658 ὡς
2764 1594 2979 1664 θνητὸς,
3017 1594 3113 1645 καὶ
3142 1588 3585 1658 σφραγιζόμενος
3629 1584 3689 1635 ἐν

435 1707 661 1759 minime
703 1704 890 1760 fractis
941 1705 1200 1765 exierat;
1270 1717 1393 1755 cum
1448 1701 1588 1755 idem
1645 1700 1805 1755 simul
1860 1706 2041 1752 esset.

2146 1697 2381 1766 νήματι,
2413 1692 2510 1745 καὶ
2562 1690 2795 1744 ἀνιστῶν
2838 1684 3036 1741 ἑαυτοῦ
3067 1684 3128 1736 τὸ
3169 1684 3350 1750 σῶμα,
3387 1679 3481 1731 καὶ
3511 1676 3694 1744 ψηλα-

2170 1789 2181 1797 .
2496 1784 2507 1797 ι
2601 1785 2612 1797 ι
2714 1783 2734 1797 ιι
2996 1778 3082 1797 _.,,\
3140 1777 3217 1797 -I-
3251 1773 3321 1797 3...
3366 1771 3690 1797 _----\-.-..£_

438 1798 580 1853 Deus
635 1806 690 1851 et
738 1798 923 1859 homo,
974 1796 1105 1850 illud
1165 1796 1382 1865 quidem
1442 1795 1615 1865 prius,
1670 1794 1814 1849 istud
1877 1808 2006 1846 vero

439 1890 736 1957 posterius,
763 1890 869 1941 alia
906 1887 1124 1952 quidem
1154 1896 1211 1941 ut
1274 1888 1439 1941 homo
1489 1884 1723 1955 patiens,
1764 1885 1867 1939 alia
1917 1900 2011 1939 auv

396 2017 401 2022 .
437 1986 545 2031 tem
572 1987 633 2031 ut
676 1977 815 2030 Deus
853 1976 1115 2037 elﬁciens,
1181 1987 1464 2045 prepterea
1519 1978 1611 2031 ille
1670 1976 1822 2032 solus
1870 1975 2015 2031 Deus

439 2077 521 2121 est
556 2077 611 2121 et
637 2084 797 2122 nemo
824 2068 1107 2131 alius,‘etsi
1158 2068 1320 2122 fuerit
1348 2070 1689 2131 incarnatus,
1756 2070 2018 2138 illiusque

442 2161 615 2215 solius
644 2160 939 2214 secundum
974 2168 1243 2219 naturam.
1289 2161 1446 2217 Pater
1487 2174 1561 2216 est
1618 2163 1778 2217 Pater
1823 2163 1911 2229 qui
1932 2178 2020 2218 su-

443 2266 538 2319 per
598 2252 780 2305 omnia
858 2251 1000 2307 Deus
1050 2264 1175 2313 est,
1227 2265 1413 2309 noSIer
1471 2264 1649 2308 autem
1720 2254 2018 2309 secundum

444 2342 697 2411 gratiam.
726 2342 825 2409 Qui
855 2346 974 2413 ejus
1006 2355 1089 2399 est
1125 2348 1267 2400 Deus
1337 2355 1553 2416 propter
1586 2364 1705 2411 nos,
1760 2348 2020 2414 quoniam

446 2432 718 2497 primitias
774 2446 981 2488 naturae
1013 2443 1211 2489 nostra:
1270 2438 1589 2504 assumpsit,
1658 2449 1842 2491 noster
1895 2454 2024 2492 vero

448 2523 613 2588 Deus,
665 2532 852 2592 utpote
912 2538 1130 2578 creator
1183 2536 1387 2588 noster,
1443 2542 1565 2580 cmn
1621 2538 1883 2582 creaturae
1954 2530 2027 2582 si.

447 2629 592 2679 tuus,
617 2630 724 2669 non
751 2624 930 2669 autem
972 2617 1089 2669 lilii.
1126 2616 1246 2670 Filii
1279 2618 1495 2685 quidem
1536 2628 1590 2672 et
1647 2634 1748 2673 nos
1810 2635 2023 2685 sumus,

450 2704 544 2760 sed
582 2722 678 2775 per
746 2708 1056 2777 adoptionis
1123 2710 1375 2779 gratiam,
1441 2711 1641 2764 eximia
1694 2712 2028 2779 benignitate

448 2797 570 2851 Filii
642 2800 948 2854 secundum
1011 2809 1263 2854 naturam
1325 2802 1486 2855 nobis
1549 2802 1799 2869 adunati,
1865 2815 2030 2873 atque

450 2890 590 2945 adeo
630 2902 787 2959 prout
815 2892 1001 2959 gratiae
1037 2893 1335 2961 participes
1369 2908 1583 2956 sumus,
1624 2895 1884 2963 quoniam
1916 2898 2031 2965 ipse

451 2983 672 3051 quidem
696 2998 817 3037 cum
865 2987 938 3039 sit
975 2995 1173 3038 natura
1198 2983 1390 3047 Filitts,
1429 2986 1730 3040 secundum
1772 2995 2023 3041 naturam

2116 1789 2347 1859 φόμενος
2383 1784 2520 1854 μετὰ
2564 1785 2662 1852 τὴν
2711 1783 2955 1851 ἔγερσιν,
2994 1778 3089 1830 καὶ
3135 1773 3321 1829 είσιὼν
3366 1771 3693 1838 κεκλεισμέ-

2116 1897 2223 1933 νων
2270 1878 2378 1931 τῶν
2423 1876 2622 1945 θυρῶν,
2657 1875 2731 1936 ὡς
2762 1872 2856 1925 καὶ
2903 1869 3096 1937 ἐξῆλθε
3128 1867 3223 1920 τοῦ
3267 1867 3438 1932 τάφου
3484 1863 3558 1931 μὴ
3583 1862 3697 1913 δια-

2117 1972 2381 2026 λυθεισῶν
2424 1969 2536 2023 τῶν
2579 1966 2913 2036 σφραγίδων.
2962 1962 3118 2016 Ἐπεὶ
3170 1961 3267 2013 καὶ
3315 1959 3448 2019 Θεὸς
3479 1953 3566 2027 ἦν,
3604 1955 3696 2007 καὶ

2122 2065 2409 2136 ἄνθρωπος
2440 2064 2465 2115 6
2496 2060 2679 2121 αὐτὸς,
2710 2059 2770 2111 τὸ
2800 2058 2897 2126 μὲν
2930 2053 3136 2123 προὼν,
3167 2053 3228 2104 τὸ
3260 2052 3314 2104 δὲ
3350 2049 3576 2118 ὕστερον
3604 2063 3704 2114 γε-

2121 2158 2318 2227 γονὼς,
2342 2157 2436 2209 καὶ
2464 2155 2532 2207 τὰ
2570 2153 2667 2222 μὲν
2701 2153 2925 2219 πάσχων
2962 2148 3038 2211 ὼς
3084 2146 3394 2215 ἅνθρωπος,
3433 2142 3499 2193 τὰ
3531 2139 3587 2192 δὲ
3621 2139 3697 2200 ὡς

2124 2253 2255 2315 Θεὸς
2290 2248 2547 2321 ἐνεργῶν.
2578 2246 2677 2300 Διὰ
2729 2244 2886 2296 τοῦτο
2939 2243 3145 2301 ἐκεῖνος
3195 2238 3353 2306 μόνος
3390 2234 3521 2295 Θεός
3560 2234 3702 2296 ἐστι,

2126 2346 2220 2397 καὶ
2270 2343 2442 2403 οὐδεὶς
2478 2340 2656 2403 ἄλλος,
2705 2338 2753 2389 εί
2809 2336 2899 2388 καὶ
2952 2331 3366 2401 ὲνηνθρώπησε.
3424 2325 3699 2381 Κὰκείνου

2131 2437 2292 2507 μόνου
2327 2437 2392 2503 τῇ
2426 2432 2584 2500 φύσει
2620 2427 2811 2497 Πατὴρ
2836 2428 2863 2478 6
2900 2424 3110 2494 Πατὴρ,
3132 2425 3160 2475 6
3193 2422 3284 2474 καὶ
3303 2420 3394 2472 ἐπὶ
3429 2418 3536 2472 τῶν
3569 2417 3707 2507 trav:

2126 2503 2235 2576 των
2262 2522 2414 2585 Θεὸς,
2447 2518 2605 2590 ἡμῶν
2638 2518 2694 2570 δὲ
2723 2514 2865 2568 κατὰ
2900 2514 3082 2582 χάριν.
3120 2510 3219 2573 ’⁸ος
3245 2509 3338 2563 καὶ
3374 2508 3506 2569 Θεὸς
3538 2503 3706 2558 αὐτοῦ

2130 2615 2197 2666 δι’
2225 2613 2393 2681 ἡμᾶς,
2426 2610 2519 2662 καὶ
2544 2608 2571 2661 ὂ
2606 2606 2934 2676 προσείληφε
2969 2602 3332 2671 πρόσλημμα,
3360 2600 3455 2668 τῆς
3490 2597 3708 2666 φύσεως

2130 2705 2289 2776 ἡμῶν
2319 2701 2592 2771 ἀπαρχὴν,
2618 2701 2710 2751 καὶ
2735 2696 2865 2758 Θεὸς
2893 2695 3051 2765 ὴμῶν
3071 2693 3147 2755 ὡς
3172 2690 3499 2761 δημιουργὸς
3526 2686 3707 2757 ἡμῶν,

2130 2793 2451 2863 κτισμάτων
2504 2792 2672 2843 ὄντων
2715 2788 2893 2858 ἡμῶν,
2941 2784 3034 2838 καὶ
3085 2786 3182 2853 οὐχ
3228 2783 3380 2835 υἱῶν.
3418 2782 3475 2832 Ei
3523 2780 3577 2832 δὲ
3617 2778 3712 2829 καὶ

2136 2888 2244 2940 υίο)⁸
2293 2886 2472 2953 ἡμεῖς,
2512 2881 2646 2934 ἀλλὰ
2682 2879 2825 2933 uati
2878 2876 3029 2928 θέσιν
3066 2875 3161 2927 καὶ
3186 2874 3277 2926 διὰ
3309 2872 3403 2925 τοῦ
3434 2871 3572 2922 κατὰ
3607 2868 3715 2934 φύ-

2140 2995 2224 3029 σιν
2253 2975 2355 3045 53
2384 2970 2516 3024 Υίοῦ
2548 2972 2677 3040 ἡμῖν
2705 2966 2996 3026 amomo;
3027 2958 3173 3034 ἄκρᾳ
3213 2962 3560 3032 χρηστότητι.
3590 2956 3716 3007 Τοί-

454 3075 619 3130 habet
640 3090 761 3143 qum
784 3084 912 3129 sunt
934 3075 1111 3129 Patris
1134 3086 1185 3129 et
1212 3077 1470 3145 Spiritus.
1491 3086 1544 3130 et
1574 3079 2030 3145 quemadmodum

2146 3087 2232 3120 νυν
2276 3064 2421 3117 οὓτω
2451 3063 2546 3115 καὶ
2591 3060 2729 3111 κατὰ
2774 3059 2835 3110 τὸ
2869 3054 3115 3126 μετέχειν
3145 3054 3287 3123 ἡμᾶς
3321 3051 3420 3119 τῆς
3453 3050 3669 3119 χάριτος
3697 3063 3713 3080 ο

458 3168 589 3235 ipsis
627 3169 935 3222 communis
973 3178 1056 3223 cst
1092 3184 1306 3237 unaque
1349 3178 1561 3232 natura,
1621 3174 1693 3224 ita
1727 3172 2035 3227 communis

460 3270 541 3313 cst
573 3261 807 3326 po'rutia
841 3260 1094 3328 donaque
1122 3260 1456 3313 communia.
1487 3260 1701 3327 Corpus
1736 3276 1862 3314 vero
1892 3272 2039 3316 arcte

461 3354 619 3407 nohis
646 3355 999 3417 coujunctunt
1034 3353 1219 3407 omnia
1251 3353 1411 3406 habet
1442 3368 1566 3420 qua;
1615 3355 1908 3408 secundam
1941 3370 2039 3409 na-

463 3453 640 3498 turam
674 3456 800 3499 sunt
826 3446 987 3500 Verbi
1021 3461 1050 3498 a
1100 3460 1206 3514 quo
1243 3453 1587 3513 assumptum
1627 3456 1711 3501 est
1765 3447 2043 3502 universa-

462 3552 568 3601 que
603 3536 780 3591 Patris
808 3545 861 3590 et
920 3536 1159 3605 Spiritus
1214 3537 1574 3599 charismata,
1606 3554 1728 3591 cum
1782 3556 1810 3592 a
1863 3542 2043 3595 Verbo

464 3624 677 3695 seiungi
713 3636 1010 3695 nequeant,
1049 3636 1101 3679 ct
1154 3637 1442 3695 propterea
1493 3624 1711 3680 Christo
1757 3626 1896 3680 inest
1926 3641 2044 3680 om-

467 3720 557 3773 nis
611 3718 894 3786 pleuitudo
948 3717 1273 3771 divinitatis.
1335 3717 1391 3769 In
1462 3717 1621 3770 nobis
1668 3727 1849 3771 autem
1903 3717 2045 3771 dona

469 3820 599 3865 sunt
626 3809 925 3862 secundum
960 3818 1165 3878 partem
1198 3818 1251 3862 et
1276 3810 1605 3872 analogiam,
1662 3824 1785 3861 nam
1816 3808 1901 3871 ‘ex
1936 3809 2044 3876 ple-

471 3898 720 3955 nitndiue
772 3899 889 3967 ejus
941 3913 1131 3953 omnes
1190 3914 1288 3953 nos
1355 3901 1666 3967 acct‘pimus
1726 3909 1779 3954 et
1820 3901 2046 3965 gratiam

472 4005 569 4060 pro
600 3990 771 4059 gratia
806 3988 1087 4057 majorem,
1151 3989 1352 4058 quippe
1388 4004 1483 4054 pro
1542 3992 1733 4042 umbra
1792 3989 1928 4041 lucis
1961 4004 2049 4042 ve-

477 4082 651 4135 ritatis
678 4081 852 4135 lucem
885 4082 1215 4149 accepimus.
1250 4080 1313 4133 Et
1346 4080 1459 4135 haec
1488 4091 1605 4135 erat
1635 4081 1721 4133 lux
1773 4095 1895 4133 vera
1929 4092 2050 4147 quae

474 4172 743 4226 illuminat
781 4172 1052 4225 hominem
1104 4172 1409 4225 venientem
1462 4174 1512 4225 in
1567 4173 1706 4225 hunc
1763 4173 2048 4235 mundum,

478 4264 727 4316 Christus
755 4261 912 4315 Jcsus
945 4263 1087 4315 Deus
1141 4270 1325 4314 noster
1351 4261 1442 4321 qui
1504 4260 1637 4314 dicit
1669 4280 1680 4312 :
1720 4280 1736 4310 t
1784 4261 1890 4331 Ego
1928 4276 2049 4315 sum

478 4349 569 4403 lux
597 4348 780 4402 mundi
808 4365 824 4413 ;
860 4367 877 4399 ι
908 4361 959 4401 et
1001 4369 1013 4401 :
1047 4368 1065 4399 t
1102 4349 1213 4417 Qui
1233 4348 1479 4414 sequitur
1512 4365 1597 4403 tne
1653 4365 1758 4402 non
1809 4349 2049 4403 ambulat

2138 3161 2223 3212 ὅτι
2254 3156 2414 3217 αὐτὸς
2447 3153 2546 3224 μὲν
2574 3145 2663 3204 οἷα
2698 3151 2856 3218 φύσει
2907 3148 3057 3212 Υἱὸς,
3091 3147 3231 3198 κατὰ
3277 3145 3441 3212 φύσιν
3483 3132 3610 3210 ἔχει
3647 3140 3717 3192 τὰ

2136 3249 2234 3303 τοῦ
2265 3245 2477 3316 Πατρὸς
2506 3245 2597 3298 καὶ
2621 3242 2719 3295 τοῦ
2756 3241 3093 3309 Πνεῦματος,
3121 3239 3215 3291 καὶ
3243 3235 3400 3305 κοινὴ
3431 3235 3610 3295 αὺτοῖς
3640 3234 3718 3295 ὼς

2144 3344 2236 3395 καὶ
2267 3342 2298 3410 ἡ
2330 3338 2493 3409 φύσις
2520 3335 2615 3390 καὶ
2645 3335 2762 3405 μία,
2798 3334 2892 3386 καὶ
2924 3335 2957 3401 ή
2983 3331 3215 3399 δύναμις
3252 3329 3342 3380 καὶ
3373 3328 3555 3397 δωρεά
3578 3342 3593 3356 ο
3622 3325 3719 3376 καὶ

2144 3438 2204 3489 τὸ
2232 3435 2392 3503 σῶμα
2419 3432 2476 3485 δὲ
2500 3433 2558 3484 τὸ
2594 3432 2777 3499 ἄκρως
2805 3426 3083 3496 ἡνωμένον
3108 3424 3254 3493 αὖτῷ
3287 3423 3467 3476 πάντα
3506 3419 3619 3490 ἕχει
3651 3419 3723 3470 τά

2148 3545 2206 3579 τε
2245 3526 2386 3578 κατὰ
2413 3523 2575 3590 φύσιν
2604 3522 2699 3573 τοῦ
2732 3521 2909 3586 Λόγου
2954 3516 3047 3570 τοῦ
3096 3514 3529 3584 προσειληφότος
3565 3511 3722 3575 αὐτὸ,

2148 3620 2243 3672 καὶ
2271 3617 2364 3670 τοῦ
2400 3615 2606 3684 [ἰατρὸς
2645 3614 2735 3666 καὶ
2769 3610 3088 3679 Πνεύματος
3111 3607 3179 3659 τὰ
3206 3606 3547 3676 χαρίσματα,
3575 3604 3723 3670 ἀχω-

2154 3710 2353 3781 ρίστων
2378 3709 2548 3760 ὄντων
2576 3704 2668 3757 τοῦ
2696 3705 2889 3771 Λόγου.
2921 3702 3023 3753 Καὶ
3057 3700 3144 3753 διὰ
3172 3698 3328 3751 τοῦτο
3360 3698 3467 3750 πᾶν
3496 3697 3557 3748 τὸ
3588 3695 3729 3765 πλή-

2152 3817 2312 3870 ρωμα
2356 3801 2414 3852 ὲν
2451 3797 2528 3866 τῷ
2570 3795 2790 3867 Χριστῷ
2841 3794 2944 3863 τῆς
2982 3793 3263 3862 θεότητος’
3293 3794 3348 3843 ὲν
3375 3791 3506 3859 ἡμῖν
3540 3789 3595 3841 δὲ
3631 3804 3731 3856 με-

2153 3893 2282 3964 ρικὰ
2319 3893 2415 3946 καὶ
2441 3889 2681 3956 ἀνάλογα
2713 3888 2779 3941 τὰ
2808 3886 3109 3957 δωρήματα
3159 3883 3392 3937 καθόσον
3424 3880 3726 3949 δυνάμεθα.

2164 3986 2256 4037 Ἐκ
2292 3983 2401 4051 γὰρ
2429 3981 2523 4034 τοῦ
2560 3977 2926 4049 πληρώματος
2949 3975 3111 4030 αὐτοῦ
3139 3977 3299 4044 ἡμεῖς
3320 3974 3519 4034 πάντες
3542 3972 3729 4024 ελαϐο-

2156 4093 2274 4143 μεν,
2313 4074 2406 4126 καὶ
2425 4075 2583 4141 χάριν
2611 4072 2731 4123 ἀντὶ
2757 4070 2977 4139 χάριτος
3022 4068 3263 4136 μείζονα.
3312 4065 3457 4116 ’Λντὶ
3487 4064 3595 4132 γὰρ
3632 4062 3732 4129 τῆς

2153 4168 2310 4227 σκιᾶς
2327 4163 2417 4216 τοῦ
2446 4164 2608 4230 νόμου
2629 4163 2693 4214 τὰ
2712 4162 2806 4229 τῆς
2829 4160 3082 4226 ἀληθείας
3116 4156 3405 4225 ἐλάϐομεν.
3442 4157 3481 4206 Κ
3493 4157 3550 4208 αἱ
3572 4156 3734 4206 τοῦτ’)

2150 4251 2218 4325 ἦν
2238 4256 2297 4307 τὸ
2323 4254 2437 4324 φῶς
2458 4255 2517 4306 τὸ
2534 4252 2806 4322 ἀληθινὸν,
2831 4251 2858 4304 ὃ
2888 4250 3114 4319 φωτίζει
3144 4244 3323 4301 πάντα
3344 4247 3439 4301 ἄνθ
3450 4245 3737 4315 ρωπονξὲρ-

2152 4348 2382 4419 χύμενον
2432 4346 2510 4405 εἰς
2563 4346 2657 4397 τὸν
2725 4344 2930 4411 κόσμον
2983 4340 3191 4410 Ἰησοῦς
3244 4338 3479 4408 Χριστὸς
3525 4338 3552 4389 6
3603 4335 3737 4396 Θεὸς

482 4442 535 4494 in
566 4441 821 4505 tenebris,
858 4440 951 4493 sed
986 4439 1204 4493 habehit
1251 4440 1433 4493 lumen
1466 4440 1609 4505 vitae,
1645 4458 1662 4489 ›
1720 4440 1814 4508 qui
1862 4456 2041 4495 secun-

2162 4440 2392 4510 ήμῶν,ὁ
2422 4436 2619 4505 λέγων,
2669 4455 2687 4486 t
2736 4432 2881 4503 Ἐγώ
2926 4434 3042 4503 εἰμι
3091 4434 3152 4485 τὸ
3201 4431 3315 4498 φῶς
3362 4429 3455 4482 τοῦ
3504 4428 3734 4497 κόσμου.

484 4533 608 4582 dum
641 4544 741 4582 nos
776 4529 971 4593 factus,
1007 4537 1064 4583 ut
1115 4546 1214 4583 nos
1266 4529 1501 4597 duplicis
1535 4530 1857 4585 substantiae
1895 4547 2055 4585 sanc-

484 4620 738 4687 tilicaret,
804 4622 1059 4691 mysteria
1123 4622 1388 4688 adhibuit,
1446 4630 1499 4676 et
1559 4622 1845 4691 dupliciter
1909 4623 2061 4678 nobis

482 4715 713 4785 largitus
743 4723 826 4769 est
872 4716 1130 4785 gratiam.
1188 4712 1428 4767 Primum
1467 4716 1685 4783 quidem
1734 4715 2060 4784 baptismum

484 4808 913 4864 deditdonorum
982 4807 1329 4877 principium,
1398 4806 1594 4861 deinde
1648 4822 1777 4860 vero
1820 4822 2064 4875 unguen-

486 4911 602 4957 tum
647 4916 741 4971 per
793 4901 974 4955 oleum
1027 4910 1082 4954 et
1136 4900 1537 4967 impositionetn
1590 4915 1873 4963 ntanuutn,
1922 4901 2063 4953 dona

485 4993 784 5064 gratiarum
819 5000 874 5046 et
908 4990 1222 5059 prophetia,
1261 4992 1622 5060 apostolatus,
1659 4992 2066 5062 praedicationis

410 5085 422 5095 “
488 5094 541 5139 et
571 5084 860 5139 sacerdotii
884 5098 978 5153 per
1001 5082 1403 5153 impositionem
1432 5099 1715 5149 manuum,
1742 5100 1836 5153 per
1862 5084 2065 5138 adven-

496 5190 606 5233 tum
634 5187 688 5232 et
705 5179 995 5232 stationem
1034 5176 1273 5245 Spiritus
1301 5176 1354 5230 in
1389 5176 1583 5241 linguis
1648 5176 1840 5245 igneis,
1877 5192 2067 5244 cpera-

498 5273 674 5325 tiones
740 5272 1019 5333 virtutum,
1085 5270 1566 5339 interpretationes
1631 5279 1687 5322 ct
1757 5270 2065 5332 linguarum

495 5364 831 5429 nrietates;
883 5373 1043 5432 atque
1074 5362 1359 5417 ministerii
1423 5363 1749 5415 charismata
1812 5362 2071 5431 pluraque

494 5456 602 5508 alia
635 5470 856 5507 munera
892 5453 1178 5516 ineifaliilia
1241 5469 1361 5522 qua:
1418 5455 1599 5507 omnia
1652 5464 1779 5506 sunt
1829 5453 2069 5520 ejusdem

501 5559 560 5599 et
622 5548 785 5600 unius
844 5546 1020 5599 sancti
1088 5546 1322 5613 Spiritus
1378 5545 1739 5613 operationes.
1798 5543 2069 5609 Quamob-

507 5656 621 5693 rem
674 5640 891 5694 diversa
940 5646 1069 5691 sunt
1122 5638 1451 5691 charismata
1509 5647 1563 5691 et
1604 5638 1655 5689 iu
1714 5636 1898 5688 multis
1950 5650 2075 5703 ope-

510 5727 705 5793 rautia,
746 5738 794 5783 et
830 5725 921 5781 alii
955 5727 1170 5795 quidem
1196 5726 1358 5792 istud,
1402 5725 1685 5780 aliiautcut
1718 5723 1861 5779 aliud
1893 5724 2070 5790 datur,

2164 4532 2274 4584 Καὶ
2327 4531 2369 4583 6‘
2407 4528 2715 4583 ἀκολουθῶν
2746 4528 2868 4597 ἐμοὶ
2916 4526 2977 4578 οὐ
3029 4526 3104 4594 μὴ
3147 4521 3518 4592 περιπατήσει
3564 4522 3622 4572 ὲν
3666 4520 3733 4587 τῇ

2164 4621 2378 4693 σκοτίᾳ,
2403 4620 2519 4673 ἀλλ’
2558 4621 2667 4685 ἓξει
2692 4620 2753 4671 τὸ
2782 4616 2898 4685 φῶς
2934 4619 3037 4684 τῆς
3076 4614 3243 4683 ζωῆς.
3284 4632 3302 4665 ι
3349 4614 3446 4676 Ὃς
3488 4612 3583 4663 καὶ
3613 4608 3735 4661 καθ’

2164 4715 2313 4785 ἡμᾶς
2348 4711 2609 4781 γεγονὼς,
2645 4710 2710 4764 ἵν’
2735 4710 2940 4779 ἁγιάσῃ
2983 4709 3130 4777 ἡμᾶς
3166 4706 3388 4768 διπλοῦς
3419 4706 3602 4769 ὄντας,
3641 4701 3737 4755 καὶ

2167 4803 2481 4877 μυστηρίων
2530 4802 2747 4870 ἐδεήθη.
2799 4802 2908 4854 Καὶ
2971 4799 3175 4862 διπλῶς
3221 4800 3355 4869 ἡμῖν
3412 4797 3514 4866 τήν
3575 4796 3737 4863 χάριν

2166 4897 2466 4967 ἐϐράϐευσε
2492 4911 2504 4923 ’
2533 4898 2625 4949 καὶ
2654 4896 2943 4965 βάπτισμα
2978 4892 3075 4961 μὲν
3106 4892 3363 4961 ἀπαρχὴν
3392 4889 3536 4957 δωρη
3548 4888 3735 4956 μάτων

2167 4988 2422 5049 δέδωκεν,
2453 4987 2643 5038 ἔπειτα
2696 4984 2887 5053 μύρον,
2938 4983 3107 5053 ὲλαίῳ
3147 4999 3207 5034 τε
3245 4981 3337 5034 καὶ
3378 4981 3445 5048 τῇ
3493 4976 3741 5030 ὲπιθέσει

2168 5078 2277 5131 τῶν
2308 5079 2530 5148 χειρῶν,
2553 5077 2644 5129 καὶ
2664 5076 2961 5145 δωρήματα
2988 5074 3234 5142 ἰαμάτων
3262 5073 3354 5124 καὶ
3377 5068 3744 5138 προφητείας,

2172 5172 2266 5223 καὶ
2322 5169 2647 5233 ἀποστολῆς,
2693 5168 2789 5221 καὶ
2845 5166 3221 5236 κηρύγματος,
3274 5164 3368 5217 καὶ
3415 5161 3742 5231 ἱερωσύνης,

2172 5259 2414 5311 ὲπιθέσει
2442 5259 2666 5328 χειρῶν,
2695 5258 2789 5311 καὶ
2814 5257 3081 5326 ἐπιδημίᾳ.
3114 5257 3209 5309 καὶ
3241 5252 3549 5307 ὲπικαθίσει
3574 5249 3748 5305 Πνεύ-

2179 5370 2343 5423 ματος
2379 5354 2464 5404 διὰ
2497 5349 2736 5420 πυρίνων
2762 5349 3045 5416 γλωσσῶν,
3079 5347 3173 5399 καὶ
3203 5344 3556 5415 ἐνεργήματα
3587 5340 3749 5393 δυνά-

2179 5463 2343 5515 μεων,
2376 5445 2469 5498 καὶ
2518 5442 2836 5513 ἑρμηνείας,
2891 5442 2982 5494 καὶ
3025 5437 3286 5505 γλωσσῶν
3330 5434 3618 5505 διαφορὰς,
3652 5431 3752 5485 καὶ

2175 5536 2461 5591 διακονιῶν
2487 5535 2820 5606 χαρίσματα,
2852 5534 2941 5587 καὶ
2964 5532 3219 5592 πλείστας
3239 5528 3401 5589 ἄλλας
3430 5526 3753 5594 ἀμυθήτους

2177 5630 2408 5698 δωρεὰς,
2434 5628 2469 5683 ὃ.
2500 5630 2677 5681 πάντα
2700 5626 2805 5679 εἰσὶ
2826 5627 2922 5679 τοῦ
2948 5623 3114 5678 αὑτοῦ
3138 5624 3230 5677 καὶ
3254 5620 3372 5682 ἑνὸς
3400 5617 3553 5685 ἁγίου
3586 5615 3755 5669 livet}-

2186 5740 2351 5794 ματος
2384 5722 2754 5793 ἐνεργήματα.
2800 5718 2910 5773 Καὶ
2956 5718 3043 5770 διὰ
3088 5714 3245 5770 τοῦτο
3292 5713 3525 5781 διάφορα
3560 5710 3650 5760 καὶ
3683 5707 3753 5760 τὰ
