4040 6202
360 335 450 402 157

1405 349 1682 412 DIALOG
1692 352 1790 414 US
1821 353 2125 416 CONTRA
2165 359 2292 420 111E
2303 360 2556 426 BESES.

3482 368 3582 434 158

358 454 677 526 χαρίσματα,
704 455 892 558 καὶφὲν
927 457 1142 520 πολλοῖς
1168 459 1562 530 ἐνεργούμενα.
1588 463 1695 518 Kal
1725 457 1769 532 ᾧ
1811 465 1898 530 μὲν

2011 473 2468 537 quemadmodum
2509 480 2584 533 ait
2636 478 2834 538 Paulus
2889 484 3120 540 dicens:
3157 485 3300 541 «Alii
3360 487 3578 558 quidem

356 545 542 598 δίδοται
571 544 752 608 τοῦτο,
784 537 830 613 ᾧ
857 545 913 598 δὲ
947 546 1160 618 ἐκείνῳ,
1189 549 1263 611 ὼς
1293 549 1502 611 Παῦλος
1531 569 1686 621 φησι,
1710 550 1904 621 λέγων,

363 656 379 687 ε
421 628 483 706 ᾯ
513 635 612 706 μὲν
643 639 752 705 γὰρ
775 637 863 692 διὰ
903 639 996 691 τοῦ
1045 640 1364 710 Πνεύματος
1393 643 1596 697 δίδοται
1627 645 1785 713 λόγος
1817 663 1910 698 σο-

357 730 489 793 ςίας,
515 729 661 800 ἄλλῳ
691 730 748 783 δὲ
780 731 935 800 λόγος
964 733 1218 801 γνώσεως
1241 735 1382 788 κατὰ
1409 737 1468 789 τδ
1499 738 1631 792 αὐτὸ
1661 740 1904 806 Πνεῦμα,

354 821 482 890 ἄλλῳ
519 821 574 873 δὲ
607 824 959 892 ἐνεργήματα
981 826 1283 893 δυνάμεων,
1311 827 1454 898 ἄλλῳ
1478 829 1533 881 δὲ
1559 832 1905 899 προφητεῖαι,

352 913 483 982 ἄλλῳ
513 913 570 966 δὲ
596 913 896 984 διακρίσεις
927 912 1274 987 πνευμάτων,
1300 920 1471 991 ἑτέρῳ
1499 921 1554 972 δὲ
1579 921 1708 990 γένη
1732 921 1909 990 γλωσ-

353 1006 468 1072 σῶν,
497 1005 642 1076 ἄλλῳ
670 1007 725 1059 δὲ
757 1008 1047 1077 ἑρμηνεῖαι
1079 1011 1362 1078 γλωσσῶν.
1408 1014 1590 1067 Πάντα
1628 1015 1684 1069 δὲ
1732 1014 1908 1068 ταῦτα

345 1097 551 1164 ἐνεργεῖ
579 1099 636 1151 τὸ
667 1098 724 1151 ἒν
760 1101 854 1154 καὶ
884 1101 945 1153 τὸ
973 1102 1106 1155 αὐτὸ
1142 1104 1388 1172 Πνεῦμα,
1416 1106 1662 1174 διαιροῦν
1693 1108 1908 1178 ἑκάστῳ

351 1188 446 1256 ἰδίᾳ
476 1189 662 1250 καθὼς
693 1178 966 1259 βούλεται.
1030 1195 1175 1246 Διότι
1223 1195 1315 1248 καὶ
1367 1195 1426 1249 ἓν
1456 1197 1556 1266 μὲν
1585 1201 1737 1265 αὐτὸ,
1769 1201 1908 1254 διαι-

348 1281 427 1348 ρεῖ
453 1280 506 1332 δὲ
540 1283 754 1352 ἑκάστῳ
780 1284 846 1337 τὰ
867 1287 1204 1354 χαρίσματα,
1236 1285 1417 1350 καθὼς
1441 1288 1710 1359 βούλεται.
1734 1309 1752 1344 ι
1794 1293 1906 1346 Kal

348 1372 551 1436 Παῦλός
585 1391 750 1444 φησιν
773 1389 788 1405 '
817 1394 836 1427 ι
874 1376 1038 1446 ’Πμῖν
1071 1379 1128 1430 δὲ
1158 1373 1239 1440 εἷς
1271 1380 1404 1443 Θεὸς
1433 1384 1526 1435 καὶ
1558 1385 1745 1455 Πατὴρ
1767 1385 1906 1440 πάνυ

343 1480 460 1528 των,
515 1466 613 1516 καὶ
660 1461 742 1530 εἷς
799 1467 1004 1537 Κύριος
1043 1468 1250 1538 Ἰησοῦς
1285 1471 1540 1543 Χριστός.
1577 1494 1594 1526 ι
1632 1477 1738 1529 Καὶ
1771 1480 1902 1550 περὶ

341 1556 426 1608 τοῦ
450 1557 770 1626 Πνεύματος
791 1561 990 1630 ὁμοίως
1013 1578 1028 1594 ο
1062 1581 1080 1613 t
1120 1564 1217 1615 Ἐν
1243 1564 1300 1616 δὲ
1328 1567 1423 1620 καὶ
1441 1566 1501 1618 τὺ
1523 1567 1653 1620 αὐτὸ
1678 1569 1902 1640 Πνεῦμα

342 1645 575 1716 διαιροῦν
615 1648 720 1716 ἰδίᾳ
749 1650 967 1720 ἑκάστῳ
1001 1651 1182 1716 καθὼς
1215 1652 1488 1722 βούλεται.
1521 1674 1540 1707 ι

899 1764 1148 1817 ΚΕΦᾹΛ.
1186 1767 1308 1820 AB'.

1926 1800 1975 1860 B

2014 575 2110 630 per
2167 562 2429 632 Spiritum
2481 567 2642 622 datur
2699 583 2878 625 sermo
2926 574 3221 642 sapientiae,
3257 575 3347 630 alii
3398 587 3578 632 autem

2011 666 2195 706 sermo
2221 656 2462 712 scientia:
2491 662 2785 716 secundum
2837 665 3081 719 eumdem
3109 665 3367 735 Spiritum
3405 686 3420 735 ;
3445 671 3582 723 alte-

2013 746 2055 798 ri
2091 745 2225 803 iides
2263 749 2318 801 in
2363 751 2552 804 eodem
2608 754 2810 820 Spiritu
2843 771 2857 819 ;
2889 756 2983 810 alii
3017 759 3264 826 Operatio
3293 761 3577 826 virtutum,

2013 836 2104 890 alii
2137 839 2440 908 prophetia,
2471 843 2561 896 alii
2597 842 2857 900 discretio
2911 847 3200 916 spirituum
3237 867 3252 914 ;
3293 851 3382 904 alii
3414 867 3576 920 gene-

2010 941 2070 980 ra
2102 927 2444 997 linguarum;
2477 931 2566 986 alii
2635 934 3008 1004 interpraatio
3061 953 3415 1006 sermonum;
3463 940 3577 994 ha'c

2010 1029 2191 1074 autem
2231 1023 2410 1076 omnia
2439 1035 2698 1092 operatur
2727 1043 2866 1081 unus
2911 1039 3078 1098 atque
3108 1031 3249 1086 idem
3316 1031 3572 1101 Spiritus,

2011 1110 2253 1167 dividens
2303 1113 2531 1183 singulis
2563 1127 2722 1185 prout
2773 1119 2935 1176 vult:
2979 1139 2998 1172 ι
3041 1121 3159 1176 ideo
3196 1124 3312 1192 ipse
3357 1124 3574 1194 quidem

2010 1218 2150 1257 unus
2171 1212 2253 1258 est
2276 1247 2291 1270 ,
2331 1205 2524 1262 dividit
2553 1219 2732 1262 autem
2770 1212 3000 1278 singulis
3058 1225 3217 1283 prout
3249 1215 3382 1268 vult.
3405 1273 3412 1280 ,
3435 1215 3578 1268 Dixit

2006 1295 2168 1348 etiam
2196 1295 2395 1351 Paulus
2429 1313 2444 1349 :
2484 1315 2503 1348 ι
2533 1298 2699 1354 Nobis
2732 1315 2858 1355 vero
2893 1319 3038 1357 unus
3085 1315 3170 1358 est
3207 1305 3344 1360 Deus
3390 1317 3443 1358 et
3473 1305 3577 1358 Pa—

2007 1395 2089 1439 ter
2130 1387 2392 1452 omnium,
2428 1404 2674 1455 unusque
2721 1389 2977 1449 Dominus
3029 1393 3189 1466 Jesus
3235 1395 3486 1450 Christus
3516 1413 3566 1463 ,ι

2003 1485 2055 1530 ει
2089 1478 2337 1532 similiter
2367 1479 2430 1532 de
2461 1478 2662 1547 Spiritu
2698 1501 2710 1536 :
2757 1502 2774 1534 ι
2815 1481 2963 1539 Unus
3012 1496 3174 1556 alque
3223 1488 3365 1543 idem
3406 1487 3574 1558 Spiri-

2007 1579 2092 1623 tus
2119 1570 2366 1627 dividens
2396 1573 2628 1643 singulis
2653 1583 2811 1642 prout
2845 1575 2975 1631 vult.
3017 1596 3036 1629 ι

2551 1773 2780 1833 CAPUT
2830 1776 3047 1834 XXXII.

337 1853 492 1905 Κατὰ
547 1854 840 1916 Λατίνων,
889 1855 1093 1945 ὄτιέκ
1119 1861 1334 1940 ’μόνου
1399 1861 1507 1915 τοῦ
1557 1863 1786 1931 Πατρός
1829 1864 1898 1918 τὸ

2003 1864 2206 1920 Contra
2232 1868 2471 1935 Latinos,
2505 1870 2644 1940 quod
2676 1886 2742 1925 ea:
2775 1872 2886 1945 solo
2915 1870 3076 1928 Patre
3109 1873 3342 1943 Spiritus
3395 1893 3573 1945 prorsa

992 1927 1252 1996 Πνεῦμα.

401 2014 570 2066 Ὅθεν
605 2015 840 2084 φανερόν
869 2018 1038 2082 ἐστιν,
1063 2019 1135 2082 ὼς
1165 2020 1223 2072 ἓν
1255 2021 1355 2088 μὲν
1387 2022 1447 2074 τὸ
1478 2023 1620 2077 Θεῖον
1650 2026 1898 2097 Πνεῦμα,

334 2109 419 2160 καὶ
453 2111 522 2161 ἐκ
549 2109 642 2162 τοῦ
683 2111 802 2170 ἑνὸς
833 2113 927 2165 τοῦ
958 2115 1191 2184 Πατρός.
1229 2115 1325 2168 ’Ἑν
1357 2117 1414 2170 τὸ
1449 2120 1675 2189 Πνεῦμα
1703 2122 1778 2184 ὡς
1810 2126 1902 2175 ἐκ·

332 2201 698 2270 πορευόμενον
731 2203 788 2270 ἐξ
825 2205 1012 2267 αὑτοῦ,
1037 2206 1109 2268 ὡς
1138 2209 1228 2282 xal
1255 2201 1338 2270 εἷς
1365 2211 1394 2261 6
1427 2209 1628 2278 Κύριος
1664 2214 1756 2266 καὶ
1786 2217 1870 2268 Ma

329 2291 575 2357 νογενὴς,
606 2295 666 2345 ἐκ
703 2295 868 2360 μόνου
922 2295 1013 2347 τοῦ
1069 2297 1281 2367 Πατρδς
1340 2303 1617 2369 γεννητῶς
1678 2308 1827 2358 ἔστιν
1873 2308 1900 2360 6

331 2381 470 2441 Υἱός.
529 2384 640 2436 Kal
687 2383 778 2437 διὰ
809 2384 970 2438 τοῦτο
1002 2388 1062 2438 ού
1109 2387 1335 2441 δυνατὸν
1366 2391 1426 2442 τὸ
1456 2391 1514 2444 ἓν
1547 2396 1640 2446 καὶ
1677 2395 1740 2447 τὸ
1769 2396 1899 2450 αὐτὸ

329 2475 387 2526 ἐκ
414 2474 516 2527 δύο
546 2473 691 2543 ἔχειν
723 2477 826 2543 τὴν
875 2479 1069 2547 ἀρχὴν,
1112 2481 1188 2544 ὡς
1220 2483 1268 2536 οἱ
1297 2485 1514 2538 Λατῖνοί
1565 2503 1747 2554 φασιν,
1781 2490 1899 2541 ἐπεὶ

301 2569 303 2572 ⁴
331 2566 416 2617 καὶ
451 2567 480 2618 6
523 2567 836 2639 Μονογενὴς
875 2564 956 2631 εἷς
994 2572 1056 2624 ἐκ
1086 2572 1178 2625 τοῦ
1210 2575 1329 2638 ἑνός
1361 2577 1496 2631 ἔστι.
1523 2579 1630 2630 Kal
1653 2579 1812 2648 μόνος
1835 2582 1898 2636 ὲκ

326 2657 488 2722 μόνου
530 2659 826 2726 γεννητῶς,
852 2661 928 2724 ὡς
975 2664 1070 2715 καὶ
1120 2663 1178 2716 τὸ
1232 2664 1373 2718 θεῖον
1435 2668 1660 2736 Πνεῦμα
1693 2671 1771 2735 ἓν,
1806 2673 1898 2726 καὶ

328 2748 484 2818 μόνον
522 2753 584 2804 ὲκ
623 2752 786 2820 μόνου
817 2753 909 2806 τοῦ
946 2756 1157 2826 Πατρδς
1205 2759 1574 2829 ἐκπρευτῶς.
1608 2764 1716 2818 Kal
1750 2761 1832 2829 εἷς
1869 2771 1898 2822 6

324 2843 493 2904 αἴτιος
527 2843 755 2912 τούτων,
785 2848 867 2899 ὅτι
897 2849 991 2900 καὶ
1027 2849 1162 2918 πρὸς
1195 2851 1354 2903 αὐτὸν
1384 2853 1450 2904 τὰ
1480 2853 1540 2916 ἐξ
1573 2855 1741 2914 αὐτοῦ
1768 2858 1895 2912 ἀνα-

325 2933 575 2998 φέρεται.
605 2936 712 2987 Kal
738 2936 826 2989 διὰ
855 2937 1014 2989 τοῦτο
1039 2942 1310 3010 μοναρχία
1333 2942 1394 2993 τὸ
1415 2948 1897 3014 προσκυνούμενον

324 3026 472 3094 ἡμῖν,
519 3028 603 3080 ὅτι
640 3028 777 3098 πρὸς
826 3031 888 3084 τὸ
929 3029 987 3083 ἓν
1017 3030 1214 3100 αἴτιον,
1244 3035 1334 3087 τὸν
1366 3038 1606 3108 Πατέρα,
1643 3039 1702 3093 τὺ
1738 3042 1896 3108 μόνον

2755 1943 2854 1996 dit.

2079 2031 2230 2088 Unde
2262 2034 2614 2088 manifestum
2665 2044 2752 2090 est-
2783 2051 2949 2090 nnum
2982 2050 3104 2091 esse
3159 2037 3420 2104 Spiritum
3475 2040 3568 2108 qui

2005 2131 2088 2178 est
2118 2139 2146 2175 a
2185 2123 2365 2180 Patre.
2405 2125 2552 2180 Unus
2611 2136 2696 2180 est
2725 2127 2962 2196 Spit-itus
3029 2129 3284 2196 quoniam
3336 2130 3404 2184 ab
3453 2131 3571 2200 ipso

2002 2215 2268 2283 procedit,
2317 2216 2540 2283 perinde
2579 2232 2641 2270 ac
2673 2233 2814 2271 unus
2839 2227 2925 2272 est
2978 2219 3236 2274 Domit-us
3288 2231 3342 2276 et
3375 2222 3575 2290 Unige-

2005 2317 2092 2361 tus
2123 2307 2266 2376 quia
2301 2308 2417 2362 solo
2445 2307 2604 2362 Patre
2631 2319 2926 2379 generatur
2950 2310 3144 2368 Filius.
3178 2312 3241 2366 Et
3291 2323 3570 2381 propterea

2003 2398 2340 2467 impossibile
2389 2409 2474 2454 est
2516 2415 2682 2454 unum
2739 2411 2792 2456 et
2845 2404 2984 2456 Idem
3049 2418 3079 2458 a
3120 2405 3330 2458 duobus
3376 2405 3573 2460 habere

2000 2489 2145 2557 quod
2171 2490 2419 2558 exsistat,
2454 2492 2574 2547 ideo
2591 2505 2645 2549 et
2671 2494 2995 2564 Unigenitus
3025 2511 3167 2550 unus
3205 2503 3289 2548 est
3318 2495 3572 2563 quoniam

2001 2581 2070 2635 ab
2121 2597 2228 2636 uno
2275 2594 2586 2653 generatur.
2643 2585 3110 2652 Quemadmodum
3165 2601 3306 2640 unus
3352 2601 3418 2640 ex
3464 2601 3572 2639 uno

2000 2675 2084 2728 via
2117 2664 2515 2745 generationis,
2571 2677 2644 2732 ita
2679 2695 2822 2734 unus
2852 2680 3064 2735 divinus
3108 2678 3345 2746 Spiritus
3398 2678 3573 2732 solus-

1999 2783 2106 2837 que
2160 2784 2225 2822 ex
2286 2770 2403 2822 solo
2453 2769 2611 2824 Patre
2676 2771 2761 2824 via
2813 2769 3423 2847 processionis._Unuut
3490 2779 3574 2822 est

1998 2874 2184 2914 eorum
2214 2860 2536 2930 principium
2587 2863 2840 2930 quoniam
2861 2862 2928 2916 ad
2954 2863 3129 2930 ipsum
3163 2877 3283 2931 qua:
3337 2863 3404 2914 ab
3452 2861 3571 2929 ipso

1999 2961 2126 3006 sunt
2154 2952 2483 3018 referuntur,
2539 2963 2595 3008 et
2648 2957 2766 3008 ideo
2823 2968 2930 3008 una
2982 2964 3064 3009 est
3119 2961 3362 3020 potestas
3396 2968 3566 3019 quam
3639 2961 3647 2970 '

2000 3045 2290 3100 adoramus
2341 3045 2598 3115 quoniam
2649 3047 2716 3100 ad
2766 3062 2933 3101 unum
2990 3045 3338 3115 principium,
3374 3058 3568 3113 nempe

321 3120 586 3185 γεννητὸν
615 3122 643 3172 6
672 3121 820 3194 Υἱὸς,
865 3123 940 3193 μὴ
979 3125 1364 3196 ἀλλοιούμενον
1405 3107 1563 3197 ὅλως,
1590 3131 1683 3184 καὶ
1713 3107 1775 3184 τδ
1802 3134 1898 3201 μό-

2007 3135 2245 3202 Patrem,
2282 3138 2374 3206 qui
2424 3139 2574 3192 solus
2608 3147 2898 3207 generatur
2929 3137 3096 3192 Filius
3115 3152 3344 3207 prorsus
3375 3137 3568 3189 inimu-

322 3226 410 3260 νον
439 3211 780 3279 ἑκπορευτὸν
808 3214 963 3280 ἅγιον
987 3216 1232 3287 Πνεῦμα,
1257 3220 1330 3291 μὴ
1359 3221 1739 3290 ἀλλοιούμενον
1762 3226 1900 3288 ὅλως

319 3301 682 3372 ἀναφέρεται.
710 3305 784 3356 Ού
806 3306 967 3371 φύσιν
993 3307 1048 3360 δὲ
1077 3309 1137 3360 τὸ
1160 3312 1416 3380 γεννητὸν
1443 3313 1596 3383 δηλοί
1624 3316 1715 3368 καὶ
1739 3319 1899 3370 ἐκπο-

323 3395 540 3462 ρευτὸν,
577 3395 651 3456 ὡς
681 3397 729 3447 οἱ
777 3398 1020 3468 Πατὲρες
1067 3407 1250 3469 φασὶν,
1287 3404 1402 3457 ἀλλ’
1436 3405 1673 3476 ἰδιότητα
1707 3411 1896 3478 μόνην.

319 3488 432 3542 Μία
468 3489 586 3557 γὰρ
616 3489 780 3555 φύσις
806 3493 919 3554 τοῖς
956 3496 1128 3561 τρισὶ,
1153 3494 1384 3565 τηροῦσι
1418 3498 1487 3549 τὰ
1518 3499 1729 3551 ἑαυτῶν
1756 3499 1900 3553 ίδιὼο

321 3599 491 3649 ματα,
534 3582 616 3634 ὅτι
651 3584 744 3635 καὶ
778 3578 859 3645 εἷς
889 3585 916 3635 6
945 3584 1119 3648 αἴτιος
1147 3586 1242 3640 τοῦ
1291 3589 1629 3657 Μονογενοῦς
1675 3590 1770 3644 καὶ
1802 3593 1898 3645 τοῦ

317 3677 764 3748 ἐκπορευομένου
824 3677 1164 3747 Πνεύματος,
1195 3683 1222 3733 6
1251 3681 1440 3751 Πατὴρ
1488 3681 1674 3743 αὐτοῦ,
1707 3684 1768 3737 τὸ
1797 3686 1897 3754 μὲν

317 3771 626 3838 γεννῶντος
675 3772 970 3839 ἀφράστως
1024 3774 1119 3825 xal
1173 3775 1500 3842 ἀσωμάτως,
1532 3776 1594 3828 τὺ
1646 3777 1699 3830 δὲ
1733 3779 1900 3830 ἐκπο-

320 3865 601 3931 ρεύοντος.
633 3866 732 3918 Διά
757 3866 916 3918 τοῦτο
948 3867 1040 3918 καὶ
1078 3867 1173 3934 μία
1219 3867 1420 3936 Θεότης
1452 3871 1512 3922 ὲν
1555 3870 1770 3938 Τριάδι,
1801 3875 1896 3924 καὶ

317 3958 562 4028 arma;
611 3959 942 4026 ἀδιαίρετος.
1152 3959 1388 4024 ’Ἑνωσις
1446 3961 1558 4029 γὰρ
1618 3961 1746 4014 Υίοῦ
1801 3963 1897 4015 καὶ

319 4049 650 4120 Πνεύματος
697 4054 724 4103 6
754 4053 1032 4120 Πατὴρ,ή
1081 4051 1333 4117 θεολόγος
1371 4054 1506 4122 φησὶ
1557 4056 1736 4121 φωνή.
1786 4055 1892 4109 Τοῦ

317 4144 648 4214 Πνεύματος
681 4145 738 4197 δὲ
778 4146 984 4212 καρποὶ
1005 4144 1274 4217 διάφοροι,
1303 4145 1448 4215 ἅπερ
1487 4146 1760 4216 ἐνέργειαι
1791 4149 1896 4200 είσι

317 4239 410 4288 καὶ
438 4237 729 4305 δυνάμεις.
759 4236 868 4289 Kal
899 4234 1056 4288 τοῦτο
1084 4235 1294 4298 Παῦλός
1322 4255 1510 4306 φησιν,
1537 4255 1555 4288 ι
1599 4239 1657 4292 Ὀ
1686 4239 1898 4307 καρπὸς

315 4329 412 4384 τοῦ
447 4329 796 4400 Πνεύματος,
844 4347 862 4380 ι
901 4328 1094 4396 λέγων,
1133 4346 1152 4380 t
1195 4327 1314 4380 ἔστι
1346 4329 1514 4398 χαρὰ.
1549 4330 1763 4399 εἰρήνη,
1795 4347 1902 4399 μα-

2003 3228 2208 3292 tabilis,
2265 3239 2319 3284 et
2381 3230 2474 3298 qui
2533 3230 2680 3285 solus
2748 3230 2988 3299 procedit
3049 3239 3274 3284 sanctus
3333 3227 3570 3296 Spiritus

2005 3320 2228 3370 omnino
2287 3317 2490 3387 pariter
2548 3317 2902 3374 immutabilis
2980 3317 3307 3382 referuntur.
3367 3313 3567 3367 Verum

2003 3408 2247 3475 generari
2280 3417 2332 3462 et
2381 3409 2678 3478 procedere
2733 3424 2842 3464 non
2896 3416 3146 3462 naturam
3203 3407 3456 3470 ostendit,
3510 3413 3570 3456 ut

2001 3503 2155 3554 aiunt
2179 3499 2388 3567 Patres,
2420 3501 2513 3556 sed
2539 3500 2878 3556 solummodo
2906 3499 3320 3570 proprietatem;
3355 3509 3458 3550 una
3485 3504 3569 3549 est

2005 3592 2148 3646 enim
2212 3592 2388 3648 tribus
2420 3602 2610 3648 natura
2646 3594 2896 3662 personis
2948 3609 3066 3660 quae
3097 3591 3309 3661 propria
3355 3599 3566 3643 servant

2003 3685 2281 3747 idiomata,
2303 3685 2556 3755 quoniau
2581 3701 2748 3739 unum
2771 3694 2854 3740 est
2877 3684 3198 3752 principium
3221 3680 3488 3749 Unigenili
3515 3685 3570 3733 et

2000 3778 2343 3846 procedentis
2374 3777 2634 3846 Spiritus,
2669 3778 2877 3831 scilicet
2901 3775 3046 3829 illius
3073 3775 3252 3845 Pater,
3286 3772 3426 3825 alius
3452 3772 3572 3839 qui-

2000 3872 2121 3926 dem
2156 3870 2481 3939 principium
2512 3883 2606 3939 per
2636 3867 2964 3924 ineffabilem
2988 3875 3039 3919 et
3071 3868 3445 3929 iurorporearu
3479 3878 3570 3932 ge-

1995 3963 2354 4028 nerationem,
2372 3962 2594 4015 alterius
2610 3975 2737 4014 vero
2758 3974 2854 4028 per
2868 3958 3284 4028 processionem.
3304 3954 3418 4019 Qua
3427 3954 3573 4008 moh-

1996 4067 2110 4106 rem
2133 4066 2236 4104 una
2261 4051 2438 4104 Deitas
2465 4051 2516 4103 in
2549 4050 2812 4103 Trinitate
2839 4056 2894 4102 et
2917 4063 3022 4102 una
3050 4044 3286 4098 Trinitas
3323 4043 3569 4097 indivisi-

1997 4143 2152 4197 bilis:
2195 4141 2468 4195 vinculum
2503 4140 2645 4193 enim
2676 4138 2793 4192 Filii
2821 4147 2876 4192 et
2902 4136 3136 4206 Spiritus
3165 4134 3344 4198 Pater,
3392 4133 3569 4199 inquit

1998 4233 2324 4302 Theologus.
2362 4231 2595 4300 Spiritus
2631 4229 2844 4284 fructus
2896 4226 3099 4283 diversi
3139 4235 3290 4290 sunt,
3319 4223 3570 4278 videlicet

1995 4327 2340 4396 operationes
2360 4334 2414 4380 et
2445 4325 2696 4387 virtutes,
2723 4328 2865 4393 quod
2893 4323 3032 4378 dixit
3071 4321 3270 4376 Paulus
3310 4335 3325 4373 :
3365 4337 3383 4370 ι
3426 4315 3567 4371 Fru-

313 4423 622 4490 κροΘυμία,
651 4421 960 4492 χρηστότης
999 4438 1018 4471 ι
1053 4422 1148 4473 καὶ
1201 4421 1268 4473 τὰ
1300 4420 1484 4484 λοιπὰ,
1517 4420 1553 4474 ἃ
1585 4422 1677 4475 καὶ
1706 4423 1751 4474 οἱ
1784 4422 1894 4474 λοι-

2003 4429 2144 4484 ctus,
2172 4419 2268 4484 ait,
2299 4417 2534 4487 Spiritus
2560 4428 2640 4474 est
2675 4417 2954 4488 gaudium,
3000 4431 3126 4487 pax,
3157 4411 3566 4483 longanimitas.

316 4513 406 4564 ποὶ
447 4513 566 4564 τῶν
595 4511 912 4565 ἀποστόλων
971 4510 1482 4582 συμμαρτυροῦσιν,
1528 4512 1781 4580 Ἰωάννης
1810 4513 1895 4565 λέ-

317 4617 448 4666 γων,
493 4619 515 4650 ε
581 4599 639 4652 '0
661 4598 718 4651 δὲ
743 4598 873 4661 Θεὸς
901 4599 1088 4668 ἀγάπη
1115 4600 1251 4652 ἐστι.
1286 4619 1302 4651 ι
1337 4602 1445 4653 Kal
1470 4599 1679 4664 Παῦλος
1709 4603 1892 4669 πάλιν,

322 4707 342 4741 t
371 4691 621 4758 Χαίρετε
659 4691 717 4741 ὲν
768 4689 982 4757 Κυρίῳ,
1031 4707 1049 4740 ι
1085 4690 1204 4753 καὶ,
1250 4707 1268 4740 ι
1310 4689 1545 4760 Χριστός
1575 4690 1722 4741 ἐστιν
1751 4692 1783 4758 ἡ
1821 4691 1898 4742 εἰ-

318 4784 457 4850 ρήνη
498 4781 679 4852 ἡμῶν.
723 4801 737 4830 ι
771 4781 880 4833 Καὶ
929 4778 1112 4848 Δαϐἰδ,
1148 4798 1166 4833 ι
1213 4781 1466 4851 Χρηστὸς
1513 4781 1716 4852 Κύριος
1762 4784 1896 4836 πᾶσι

315 4877 425 4938 τοῖς
458 4873 924 4942 ἐπικαλουμένοις
968 4874 1150 4927 αὐτόν.
1193 4892 1212 4924 ›
1263 4874 1393 4938 Καὶ,
1436 4891 1454 4924 ι
1501 4871 1774 4926 Γεύσασθε
1805 4874 1899 4928 καὶ

315 4966 456 5019 ἴδετε
486 4969 574 5019 ὅτι
615 4964 850 5034 χρηστὸς
879 4968 907 5018 6
942 4965 1166 5036 Κύριος.
1207 4984 1226 5015 ι
1280 4965 1412 5026 Kal,
1453 4983 1470 5015 t
1527 4964 1898 5033 Ἐξομολογεῐ-

315 5058 406 5111 σΘε
449 5058 534 5127 τῷ
593 5058 804 5128 Κυρίῳ,
835 5059 918 5110 ὅτι
948 5057 1148 5122 ἀγαθὸς
1189 5059 1278 5111 διὰ
1307 5059 1404 5128 τὴν
1450 5056 1828 5125 ἀγαθωσύνην.
1871 5076 1890 5108 ι

317 5153 452 5218 Kal,
495 5169 515 5202 ι
567 5151 764 5213 Πιστὸς
804 5150 1006 5219 Κύριος
1025 5153 1081 5204 ὲν
1117 5155 1249 5205 πᾶσι
1284 5153 1394 5214 τοῖς
1437 5151 1615 5221 ἔργοις
1645 5149 1832 5204 αὐτοῦ.
1873 5168 1891 5200 ι

318 5241 428 5294 Kal
458 5243 488 5294 6
523 5240 738 5309 Σωτὴρ,
785 5259 802 5292 ›
837 5240 1055 5293 Mallet:
1077 5242 1169 5295 ἀπ’
1197 5241 1350 5309 ἐμοῦ,
1381 5241 1462 5294 ὅτι
1491 5241 1661 5310 πρᾶός
1687 5242 1824 5307 είμι.
1872 5258 1891 5292 ι

318 5337 423 5386 Καὶ
440 5335 662 5404 καρπὸς
678 5333 771 5385 τοῦ
786 5333 1102 5401 Πνεύματος
1125 5337 1158 5402 ἡ
1175 5335 1436 5403 πραότης.
1461 5337 1590 5401 Kal,
1627 5355 1644 5386 ι
1671 5335 1764 5398 ΣΞ),
1792 5334 1900 5388 Κύ-

319 5444 424 5496 ριε,
465 5445 486 5478 ι
522 5428 552 5477 6
574 5427 735 5480 Δαεὶδ
767 5428 926 5480 πάλιν
944 5430 1095 5496 φησὶ,
1130 5447 1148 5478 ι
1195 5429 1543 5497 μακρόουμος
1576 5430 1668 5482 καὶ
1707 5429 1894 5482 πολυέ-

319 5519 461 5580 λεος.
503 5538 524 5570 ι
575 5520 702 5584 Kal,
741 5537 757 5571 ι
805 5522 960 5573 Ὅσοι
1014 5522 1286 5588 Πνεύματι
1317 5519 1454 5575 Θεοῦ
1483 5524 1728 5589 ἄγονται,
1757 5516 1901 5575 οὗτοι

320 5610 458 5661 εἰσιν
489 5609 603 5662 υἱοὶ
639 5611 797 5677 Θεοῦ,
837 5631 856 5664 ι
895 5611 982 5664 διὰ
1017 5616 1116 5683 τὴν
1149 5615 1497 5680 ἐγκράτειαν.
1534 5613 1696 5664 Ὥστε
1731 5615 1822 5666 καὶ
1851 5614 1902 5665 οἱ

323 5703 538 5768 καρποὶ
569 5704 660 5754 τοῦ
693 5704 1006 5772 Πνεύματος
1034 5707 1092 5778 ὲν
1132 5706 1211 5774 τῷ
1241 5705 1417 5774 Πατρλ
1447 5704 1777 5774 θεωροῦνται
1806 5707 1900 5759 xal

323 5794 399 5858 τῷ
432 5791 576 5861 Υἱῷ.
605 5796 711 5848 Kal
742 5797 774 5866 ἡ
813 5798 1053 5853 υίοῦεσια
1085 5800 1213 5868 ἡμῖν
1245 5801 1299 5850 ἐν
1345 5796 1618 5865 ιινεύματι
1658 5797 1884 5865 γίνεται,

1999 4513 2311 4581 benignitas
2338 4522 2394 4566 et
2441 4521 2661 4577 caetera,
2701 4529 2720 4563 ι
2758 4526 2881 4580 qua:
2907 4511 3086 4568 caeteri
3122 4514 3396 4562 testantur
3439 4517 3568 4572 apo-

1998 4606 2158 4671 stoli;
2187 4603 2422 4661 Joannes
2449 4605 2613 4659 dicit:
2649 4622 2666 4655 ι
2700 4603 2842 4658 Dens
2871 4612 2954 4656 est
2981 4602 3257 4667 Charitas;
3291 4609 3346 4655 et
3368 4599 3566 4653 Paulus

2000 4699 2193 4754 iterum
2225 4715 2237 4750 :
2277 4715 2296 4750 ι
2327 4696 2571 4751 Gaudete
2606 4695 2658 4749 in
2701 4693 2950 4757 Domino,
2984 4711 3003 4745 ι
3040 4702 3116 4759 ει,
3169 4712 3188 4745 ι
3213 4693 3465 4748 Christus
3481 4699 3568 4747 est

2001 4807 2103 4862 pax
2127 4800 2311 4845 nostra
2345 4806 2361 4855 ;
2389 4807 2408 4842 ι
2438 4787 2604 4842 David
2629 4796 2808 4842 autem
2861 4805 2876 4840 :
2909 4803 2928 4837 ι
2969 4785 3152 4840 Bonus
3190 4793 3271 4838 est
3307 4785 3564 4838 Dominus

2000 4882 2253 4938 omnibus
2292 4880 2667 4935 invocantibus
2718 4893 2891 4942 eum;
2931 4897 2948 4928 ι
3018 4885 3072 4931 ει
3105 4893 3119 4931 :
3163 4893 3182 4928 ι
3233 4873 3459 4929 Gustate
3510 4880 3568 4926 et
3607 4889 3612 4893 ·

2001 4976 2178 5030 videte
2223 4973 2480 5042 quoniam
2516 4971 2698 5026 suavis
2715 4981 2794 5026 est
2827 4969 3087 5025 Dominus
3113 4985 3158 5032 ς»
3193 4975 3247 5020 ει
3277 4982 3292 5019 :
3333 4983 3351 5016 t
3383 4964 3565 5018 Conﬂ-

2005 5067 2192 5121 tcmini
2224 5064 2452 5118 Domino
2475 5063 2733 5132 quoniam
2767 5063 2942 5117 bonus
3004 5070 3222 5129 propter
3262 5056 3562 5126 benignita-

2004 5169 2145 5222 tem;
2185 5176 2203 5209 ι
2239 5166 2293 5212 et
2325 5173 2340 5213 :
2373 5175 2391 5208 ι
2426 5153 2628 5210 Fidelis
2650 5163 2732 5210 est
2781 5153 3038 5208 Dominus
3069 5151 3121 5204 in
3151 5149 3403 5203 omnibus
3433 5161 3569 5213 ope-

2002 5252 2151 5304 r.hus
2179 5249 2329 5314 suis;
2362 5266 2381 5299 ι
2427 5247 2685 5303 Dominus
2739 5261 2865 5301 vero
2917 5243 3162 5298 Salvator
3197 5259 3212 5297 :
3249 5258 3267 5292 ι
3298 5239 3500 5296 Discite
3527 5253 3563 5292 a

2003 5355 2088 5396 me
2121 5341 2244 5410 quia
2278 5340 2424 5396 mitis
2460 5355 2578 5396 sum
2615 5346 2669 5394 et
2715 5337 2932 5392 humilis
2967 5334 3162 5400 corde;
3203 5353 3220 5386 ι
3251 5349 3411 5402 porro
3439 5333 3564 5403 Spi-

2004 5435 2138 5488 ritus
2171 5434 2381 5487 fructus
2404 5430 2794 5495 mansuetudo;
2827 5438 2880 5483 et
2920 5447 2934 5483 :
2974 5447 2992 5480 ι
3020 5427 3123 5493 Τυ,
3155 5427 3400 5495 Domine,
3435 5443 3562 5481 rur-

2002 5539 2094 5576 sus
2128 5523 2204 5576 ait
2247 5521 2434 5584 David,
2496 5519 2818 5589 louganimis
2867 5528 2922 5572 et
2973 5518 3319 5579 misericors;
3370 5535 3389 5568 ι
3447 5525 3559 5573 et:

2009 5633 2028 5665 ε
2054 5614 2371 5682 Quicunque
2399 5610 2601 5679 Spiritu
2658 5609 2748 5663 Dei
2769 5619 3022 5680 aguntur,
3049 5611 3085 5664 ii
3109 5616 3232 5663 sunt
3261 5608 3352 5662 lilii
3386 5607 3503 5667 Dei.
3535 5624 3556 5660 ι

2006 5721 2196 5775 nempe
2221 5714 2441 5775 propter
2477 5705 2908 5770 temperantiam.
2943 5702 3409 5770 Quemadmodum
3441 5700 3560 5753 fru-

2000 5811 2120 5855 ctus
2148 5798 2381 5870 Spiritus
2411 5799 2461 5849 In
2519 5796 2678 5850 Patre
2718 5805 2770 5852 et
2806 5795 2940 5851 l“.lio
2985 5794 3258 5861 videntur,
3298 5794 3369 5848 ita
3418 5793 3558 5848 lilio-
