4040 6202
388 314 490 379 150

1219 316 1597 378 SYMEONIS
1633 314 2397 376 THESSALONICENSIS
2426 314 2794 376 ARCI'IIEP.

3541 317 3645 380 160

388 451 506 487 rum
538 434 759 502 adoptio
797 434 953 487 nobis
1013 434 1064 489 in
1124 434 1324 506 Spiritu
1376 436 1519 491 facta
1564 445 1669 501 est,
1705 435 1959 506 quoniam
1992 438 2007 494 Δ

2098 453 2149 488 τι
2176 436 2270 488 καὶ
2300 435 2458 488 κοινά
2488 436 2557 488 τά
2591 434 2909 505 χαρίσματα
2944 433 3040 501 τῆς
3083 431 3335 501 Τριάδος.
3380 430 3506 486 Ὅτι
3554 432 3649 484 καὶ

388 526 693 579 communia
722 534 841 579 sunt
887 525 1171 580 Trinitatis
1219 528 1569 590 charismata,
1618 542 1853 597 ttnaque'
1882 536 1968 581 est

390 626 651 683 potestas,
694 632 798 669 una
847 618 1134 673 Trinitatis
1177 622 1443 691 operatio.
1501 622 1791 691 Pr0pterea
1820 624 1965 677 athei

2074 526 2174 595 μία
2216 526 2445 594 δύναμις
2496 528 2592 579 καὶ
2640 526 2889 595 ἐνέργεια
2928 526 3024 589 τῆς
3059 523 3309 592 Τριάδος.
3342 524 3438 575 Διὰ
3476 512 3648 576 τοῦτο

2072 618 2220 673 ἇθεοι
2251 620 2297 670 οἱ
2331 617 2405 688 μὴ
2435 618 2530 679 τάς
2568 617 2847 685 ἐνεργείας
2883 617 3198 682 δοξάζοντες
3226 616 3327 683 τῆς
3371 614 3603 683 Τριάδος
3628 630 3646 647 θ

392 719 520 759 sunt
549 708 639 775 qui
678 708 966 765 Trinitatis
993 713 1335 779 operationes
1389 728 1499 768 non
1533 714 1838 778 celebrant,
1883 715 1968 768 vel

2098 714 2105 780 ι
2132 709 2521 778 ὁμολογοῦντες
2557 712 2678 779 μὲν,
2707 709 2982 778 κτίσματα
3011 708 3067 760 δέ
3099 707 3299 771 ταύτας
3327 706 3643 770 καλοῦντες.

393 798 719 853 confitentur
751 802 995 869 quidem,
1020 813 1301 857 creaturas
1325 814 1504 859 autem
1534 822 1627 860 eas
1674 807 1967 876 appellant.

394 893 528 946 Nam
556 895 601 947 si
626 894 727 948 illae
759 896 811 948 in
862 896 1019 951 nobis
1069 907 1191 951 sunt
1228 911 1514 962 creatum,
1552 900 1679 969 quid
1713 912 1822 958 tam
1854 905 1971 960 exi-

396 987 978 1044 tniumltabemtts?Si
1037 1007 1167 1048 vero
1228 1002 1479 1048 naturam
1540 996 1631 1050 Dei
1686 997 1969 1063 habemus,

398 1090 456 1133 ttt
479 1080 552 1135 illi
588 1081 843 1147 delirant,
882 1083 1047 1152 igitur
1079 1100 1175 1139 uos
1235 1103 1448 1157 quoque
1478 1089 1728 1143 homines
1760 1090 1810 1143 in
1848 1106 1975 1156 per-

398 1188 528 1225 sona
561 1172 655 1226 Dei
688 1174 913 1241 erimus,
946 1177 1144 1244 aliique
1204 1178 1585 1247 Dii-homines,
1623 1183 1765 1235 sicut
1819 1183 1979 1237 Chri-

398 1274 671 1326 stus.nnn
734 1270 961 1336 gratiam
1026 1270 1289 1325 habentes
1323 1274 1416 1327 sed
1478 1289 1763 1342 personam
1830 1276 1973 1337 Filii.

398 1358 484 1410 vel
507 1357 683 1412 Patris
714 1370 807 1413 aut
843 1360 1116 1430 Spiritus;
1157 1365 1285 1432 quid
1318 1374 1496 1419 autem
1539 1366 1696 1435 pejus
1729 1369 1831 1423 hac
1862 1370 1977 1424 bla-

401 1451 643 1519 Spltemia
673 1454 967 1521 excogitari
1013 1459 1230 1524 potest?
1258 1458 1314 1512 Si
1366 1471 1547 1514 autem
1584 1474 1888 1519 creaturam
1924 1468 1976 1520 in

403 1546 556 1597 nobis
590 1545 872 1613 habemus,
911 1548 1078 1603 Deum
1114 1565 1245 1620 ergo
1300 1568 1405 1606 non
1445 1554 1713 1610 habemus
1744 1575 1758 1620 ;
1786 1572 1976 1611 verum

403 1639 676 1703 quomodo
703 1639 985 1694 nobiscum
1016 1643 1197 1696 Deus?
1254 1644 1533 1709 Quomodo
1568 1646 1829 1715 Spiritum
1885 1650 1978 1718 qui

2073 805 2137 858 El
2186 806 2294 874 γὰρ
2329 806 2385 857 ἐν
2417 807 2550 873 ἡμῖν
2587 804 2886 872 κτίσματα,
2922 802 2975 855 τί
3007 802 3268 872 περισσὸν
3299 800 3497 871 ἔχομεν
3527 816 3541 866 ;
3586 800 3651 853 El.

2073 897 2130 950 δέ
2163 914 2223 964 γε
2255 898 2415 965 φύσιν
2460 898 2655 966 ἔχομεν
2684 895 2843 958 Θεοῦ,
2867 895 2942 958 ὡς
2969 887 3116 947 οῦτοι
3144 891 3396 963 ληροῦσι,
3422 891 3656 946 θεοῦπόο

2080 1005 2264 1041 στα-τοι
2291 990 2383 1042 καὶ
2407 991 2571 1057 ἡμεῖς
2597 987 2836 1057 ἐσόμεθα
2856 987 3156 1058 ἀνθρωττοι.
3188 987 3281 1039 καλ¹
3305 985 3468 1039 θεάνθ
3480 1002 3652 1053 ρωποι

2078 1079 2230 1134 ἄλλοι
2258 1080 2331 1143 ὡς
2366 1081 2392 1132 6
2420 1080 2677 1148 Χριστὸς,
2728 1079 2822 1131 καὶ
2856 1078 2914 1130 οὐ
2974 1078 3136 1147 χάριν
3184 1076 3419 1146 ἔχοντες,
3446 1074 3585 1128 ά).λά
3618 1075 3652 1143 ἦ

2078 1172 2178 1241 τὴν
2203 1172 2500 1224 ὑπόστασιν
2526 1169 2621 1223 τοῦ
2653 1170 2806 1236 Υῐοῦ,
2835 1169 2867 1239 ἢ
2900 1169 2993 1223 τοῦ
3026 1171 3261 1239 Πατρδς,
3290 1172 3320 1238 ἢ
3353 1166 3448 1220 τοῦ
3480 1166 3654 1218 Πνεύ-

2083 1281 2273 1331 ματος.
2306 1264 2416 1316 Kal
2447 1263 2499 1316 τί
2527 1263 2596 1316 ἂν
2626 1262 2756 1317 ἄλλο
2787 1264 2970 1330 χεῖρον
2999 1262 3097 1329 τῆς
3145 1259 3493 1329 βλασφημίας
3524 1256 3657 1309 ταύ-

2082 1374 2180 1426 της
2207 1356 2418 1423 γένοιτό
2449 1373 2577 1409 ποτε
2607 1373 2620 1423 ;
2645 1356 2707 1408 El
2738 1355 2791 1408 δέ
2823 1354 3031 1423 κτίσμα
3084 1355 3141 1405 ἐν
3185 1353 3399 1414 ἑαυτοῖς
3438 1351 3655 1420 ἔχομεν,

2082 1449 2216 1501 Θεὸν
2241 1449 2341 1501 οὐκ
2372 1449 2567 1517 ἔχομεν
2612 1449 2742 1517 ἄρα.
2785 1448 2895 1500 Kal
2930 1447 3045 1507 πῶς
3096 1446 3213 1512 μεθ’
3246 1445 3403 1512 ἡμῶν
3429 1446 3456 1495 6
3486 1443 3656 1511 836;;

2083 1542 2192 1594 Kal
2223 1540 2341 1602 πῶς
2377 1540 2439 1593 τὸ
2469 1540 2696 1607 Πνεῦμα
2727 1539 2786 1591 τὸ
2815 1540 2877 1591 ἐκ
2908 1537 3000 1590 τοῦ
3034 1535 3168 1590 Θεοῦ
3216 1536 3521 1601 ἐλάϐομεν;
3552 1536 3660 1589 Kal

2086 1632 2203 1694 πῶς
2239 1631 2461 1700 Πνεῦμα
2491 1630 2731 1700 Χριστοῦ
2758 1630 2957 1700 ἔχομεν
2986 1647 3001 1696 ;
3038 1630 3149 1681 Kal
3180 1628 3295 1690 πῶς
3326 1629 3421 1695 τὴν
3450 1629 3660 1697 δωρεάν

404 1746 471 1782 ex
500 1730 607 1784 Deo
629 1739 710 1784 est
735 1735 1089 1801 acceptmus?
1119 1733 1401 1800 Quomodo
1459 1737 1717 1803 Spiritum
1773 1740 1977 1795 Christi

2098 1722 2177 1774 τοῦ
2212 1722 2533 1791 Πνεύματος
2559 1720 2827 1791 ἐλάϐομεν
2853 1738 2867 1787 ;
2894 1722 3006 1775 Kal
3058 1718 3142 1782 τίς
3175 1721 3207 1790 ὴ
3236 1719 3539 1809 ἐπαγγελία
3567 1719 3660 1773 τοῦ

404 1820 718 1877 habemus?
748 1826 1022 1890 quomodo
1071 1826 1272 1881 donum
1338 1828 1579 1896 Spiritus
1625 1832 1981 1902 accepimus?

406 1915 693 1979 Quodnam
714 1932 798 1971 εει
816 1919 1142 1984 promissum
1170 1919 1407 1987 Spiritus
1432 1922 1484 1975 in
1514 1923 1703 1978 nobis?
1729 1941 1978 1993 quamam

406 2008 582 2060 virtus
622 2022 683 2061 ex
716 2008 827 2061 alto
858 2010 1111 2076 apostolis
1158 2013 1507 2077 supervenit?
1558 2015 1697 2079 Quid
1748 2002 1981 2084 spiritus

408 2109 632 2154 sanctus
659 2098 915 2154 Cornelio
943 2101 1167 2169 ejusque
1192 2102 1355 2155 sociis
1389 2106 1812 2172 superveniens?
1842 2107 1982 2172 Quid

409 2202 740 2261 acceperunt
768 2193 865 2246 viri
900 2210 927 2246 a
963 2193 1210 2262 Philippo
1235 2195 1487 2263 baptizati
1508 2234 1527 2262 ,
1558 2197 1719 2253 Petro
1741 2209 1794 2253 et
1823 2199 1985 2256 Joan-

410 2298 478 2335 ne
503 2299 696 2337 manus
725 2285 803 2338 eis
828 2286 1274 2350 itttponetttibus?
1324 2289 1461 2355 Quid
1516 2302 1844 2364 acceperunt
1884 2294 1983 2348 viri

411 2391 439 2428 a
476 2374 646 2428 Paulo
680 2375 959 2440 baptizati,
990 2379 1076 2443 qui
1104 2378 1252 2446 prius
1289 2395 1388 2433 nec
1451 2383 1695 2436 sciebant
1747 2400 1846 2439 nec
1889 2401 1986 2439 au-

412 2465 663 2518 diverant
690 2465 733 2518 si
771 2475 853 2520 est
876 2464 1115 2535 Spiritus
1166 2471 1427 2523 sanctus?
1458 2470 1594 2535 Quid
1641 2475 1986 2539 operationes

414 2554 722 2610 virtutum?
769 2556 896 2625 quid
955 2558 1141 2626 gratiae
1190 2559 1528 2632 sanitatum?
1578 2562 1707 2631 quid
1760 2565 1987 2619 meliora

412 2647 1322 2720 rharismata?aneuaminsuper
1378 2654 1552 2722 gratia
1609 2656 1822 2710 Domini
1889 2673 1988 2711 no-

413 2739 511 2792 stri
536 2737 668 2794 Jesu
698 2739 939 2794 Christi?
966 2738 1101 2805 Quid
1136 2742 1305 2796 illud:
1349 2763 1367 2796 ι
1398 2744 1583 2800 Gratia
1636 2748 1789 2804 vobis
1818 2765 1849 2804 a
1879 2748 1990 2804 Deo

413 2832 572 2885 Patre
595 2839 648 2884 et
675 2831 904 2886 Domino
936 2831 1059 2889 Iesu
1115 2833 1375 2889 Christo?
1417 2856 1435 2889 ι
1485 2838 1669 2905 Quare
1699 2840 1991 2896 invocatur

414 2922 596 2978 divina
622 2923 793 2993 gratia
825 2925 1041 2994 quando
1076 2926 1208 2981 liunt
1257 2929 1674 2987 ordinationes?
1709 2932 1987 3003 Numquid

416 3016 565 3070 inani
629 3032 795 3071 sensu
842 3016 1044 3072 dicitur
1106 3021 1321 3088 gratia?
1376 3020 1560 3077 Proltl
1615 3023 1886 3078 fallaciam
1938 3037 1991 3080 et

2084 1813 2403 1883 Πνεύματος
2433 1816 2491 1867 ἐν
2533 1814 2666 1883 ἡμῖν
2685 1830 2710 1880 .;
2758 1813 2867 1865 Kal
2931 1811 3061 1864 ποία
3117 1813 3150 1882 ἡ
3197 1802 3500 1865 ἐπελθοῦσα
3550 1813 3691 1873 τοῖς.

2083 1904 2406 1968 ἀποστόλοις
2437 1905 2497 1972 ἐξ
2534 1905 2702 1975 ὕψους
2756 1906 3025 1975 δύναμις;
3061 1905 3170 1958 Καὶ
3218 1904 3271 1956 τί
3323 1904 3384 1956 τὸ
3436 1903 3663 1972 Πνεῦμα

2084 2000 2144 2052 τὸ
2169 2000 2325 2067 ᾶγιον
2358 2001 2418 2053 τὸ
2451 1999 2678 2052 ἐπελθὸν
2700 1998 2776 2067 τῷ
2803 1999 3091 2069 Κορνηλίῳ
3118 1998 3213 2051 καὶ
3235 2001 3346 2059 τοῖς
3370 1997 3467 2050 σὺν
3488 1998 3660 2067 aia-np;

2086 2090 2245 2142 Ποῖον
2267 2089 2322 2142 δὲ
2339 2090 2366 2142 ὃ
2391 2090 2698 2157 ἐλάμϐανον
2730 2090 2779 2142 ol
2816 2089 3210 2159 βαπτισθέντες
3238 2088 3342 2141 ὑπὸ
3365 2088 3659 2154 (buli-imm);

2090 2180 2450 2234 ἐπιτιθέντων
2482 2180 2577 2243 τὰς
2608 2183 2798 2251 χεῖρας
2827 2182 3012 2242 αὐτοῖς
3034 2181 3245 2249 Πέτρου
3270 2182 3364 2233 καὶ
3385 2181 3660 2245 ’ίωάννους

2087 2272 2247 2323 Ποῖον
2291 2270 2347 2323 δὲ
2398 2271 2426 2322 6
2481 2270 2673 2323 ἔλαϐον
2725 2271 2774 2322 οἱ
2824 2268 3211 2339 βαπτισθέντες
3262 2267 3367 2320 ὑπὸ
3421 2266 3658 2330 Παύλου,

2090 2364 2355 2432 πρότερον
2393 2362 2467 2429 μὴ
2507 2362 2708 2424 είδότες
2761 2362 2793 2431 ἢ
2847 2361 3145 2429 ἀκηκοότες
3174 2361 3222 2412 εί
3276 2359 3391 2411 ἔστι
3441 2358 3663 2424 Πνεῦμα

2089 2458 2247 2524 ἆγιον
2280 2473 2295 2522 ;
2328 2457 2394 2508 Τί
2431 2456 2499 2509 τά
2533 2456 2888 2524 ἐνεργήματα
2917 2453 3025 2507 τῶν
3056 2453 3341 2522 δυνάμεων
3368 2469 3382 2520 ;
3411 2454 3477 2506 τὰ
3507 2453 3666 2523 χαρί-

2092 2566 2278 2617 σματα
2308 2549 2415 2601 τῶν
2449 2549 2695 2617 ἰαμάτων
2725 2564 2739 2613 ;
2768 2546 2837 2599 τά
2888 2545 3209 2617 χαρίσματα
3241 2545 3308 2598 τὰ
3335 2546 3618 2614 κρείττονα
3646 2559 3660 2609 ;

2089 2640 2182 2692 Ti:
2217 2640 2273 2691 δέ
2309 2640 2341 2709 ἡ
2390 2638 2550 2707 χάρις
2594 2637 2689 2691 τοῦ
2739 2638 2945 2707 Κυρίου
2978 2637 3139 2706 ἡμῶν
3169 2637 3345 2705 Ἰησου
3380 2634 3660 2704 Χριστοῦ;

2091 2736 2183 2786 καὶ
2208 2734 2289 2796 τὸ,
2324 2750 2343 2783 ι
2384 2732 2562 2799 Χάρις
2592 2732 2719 2801 ὑμῖν
2746 2731 2831 2800 εἴη
2858 2730 2966 2783 ἀπὸ
2994 2728 3133 2782 Θεοῦ
3168 2730 3404 2798 Πατρδς,
3441 2729 3536 2783 καὶ
3560 2729 3669 2781 Κυ-

2096 2825 2211 2893 ρίου
2260 2823 2439 2895 Ἰησοῦ
2490 2823 2772 2889 Χριστοῦ;
2813 2842 2831 2875 ι
2865 2822 3020 2876 Διατί
3053 2822 3109 2875 δὲ
3145 2824 3177 2891 ἡ
3229 2820 3517 2888 ἐπίκλησις
3567 2820 3671 2887 τῆς

2093 2920 2245 2983 θείας
2273 2921 2497 2990 χάριτος
2526 2919 2735 2986 γίνεται
2785 2921 2843 2970 ἐν
2896 2918 3020 2979 ταῖς
3060 2914 3378 2983 γινομέναις
3424 2930 3672 2985 χειροτο⁹

2094 3014 2233 3075 νὶαις
2264 3030 2279 3080 ;
2306 3009 2455 3081 Ἀρα
2486 3014 2566 3074 είς
2596 3011 2752 3065 κενὸν
2783 3010 3005 3078 λέγεται
3036 3009 3181 3076 ;Φεῦ
3208 3012 3303 3077 τῆς
3335 3007 3549 3075 ἀπάτης
3579 3006 3675 3058 καὶ

415 3110 814 3177 blasphemiam
847 3125 1034 3166 eorum
1089 3114 1179 3180 qui
1224 3112 1341 3166 sine
1386 3114 1556 3180 gratia
1608 3115 1840 3183 gratiam
1896 3118 1987 3172 Dei

2098 3103 2450 3175 βλασφημίας
2494 3102 2604 3153 τῶν
2652 3101 2798 3153 κατὰ
2850 3099 2948 3168 τῆς
2994 3099 3220 3168 χάριτος
3251 3095 3347 3150 τοῦ
3384 3095 3520 3147 Θεοῦ
3550 3094 3673 3162 δίχα

419 3204 836 3271 aggrediuntur!
863 3203 1003 3270 Quid
1027 3212 1207 3259 autem
1254 3205 1452 3258 donum
1504 3208 1676 3260 sancti
1715 3208 1993 3275 Spiritus?

420 3298 698 3367 Numquid
755 3306 948 3353 natura
982 3299 1034 3353 in
1093 3301 1268 3355 tribus
1290 3300 1587 3369 personis?
1617 3300 1991 3371 Nequaquam,

423 3398 672 3441 naturam
701 3387 845 3440 enim
877 3388 967 3468 Dei
996 3402 1156 3443 nemo
1211 3391 1464 3460 suscipit.
1491 3388 1774 3460 Numquid
1824 3393 1994 3464 igitur

422 3478 716 3543 creatura?
755 3479 851 3535 sed
882 3482 1154 3549 quomodo
1182 3482 1349 3537 Deum
1399 3484 1455 3537 in
1495 3484 1652 3538 nobis
1685 3484 1996 3540 habemus?

423 3571 702 3640 quomodo
759 3573 1035 3627 Christum
1098 3575 1433 3644 portamus?
1498 3576 1775 3645 quomodo
1824 3575 1998 3647 Spiri-

428 3676 538 3720 tum
576 3676 825 3725 sauctum
860 3667 912 3719 in
949 3666 1208 3722 cordibus
1248 3683 1376 3722 vere
1436 3670 1788 3739 accepimus?
1831 3670 2000 3725 Idcir-

425 3774 488 3812 co
516 3756 799 3812 Trinitatis
825 3765 909 3811 est
938 3757 991 3810 in
1021 3758 1179 3813 nobis
1204 3760 1375 3828 gratia
1424 3775 1532 3829 qua
1580 3761 1740 3816 nobis
1765 3778 1794 3817 a
1836 3763 1999 3817 Patre

424 3862 522 3915 per
554 3847 751 3901 Filium
803 3848 1151 3901 incarnatum
1200 3850 1254 3902 in
1303 3858 1497 3905 sancto
1543 3851 1750 3921 Spiritu
1797 3853 1999 3922 imper-

426 3939 583 3995 titur.
615 3938 741 3994 Ideo
778 3941 894 4010 ipsa
921 3941 973 3995 in
1016 3941 1178 3995 nobis
1205 3942 1426 3997 diverso
1482 3943 1645 3998 modo
1697 3953 1997 4013 operatur;

426 4042 479 4084 ct
540 4031 706 4085 alium
770 4032 989 4101 quidem
1058 4033 1467 4101 sanctiﬁcatet
1516 4051 1614 4104 per
1666 4037 1999 4104 baptismum

429 4132 736 4194 regenerat,
766 4126 932 4180 alium
961 4142 1095 4181 vero
1152 4128 1308 4197 ungit
1356 4135 1413 4184 et
1460 4129 1713 4199 obsignat
1761 4145 1857 4200 per
1895 4147 2001 4185 un-

430 4226 708 4282 guentum,
757 4218 988 4271 alterum
1040 4229 1221 4273 autent
1263 4221 1482 4274 ordinat
1531 4222 1891 4285 sacerdotem,
1950 4232 2003 4275 et

431 4310 576 4363 hunc
622 4310 783 4361 etiam
842 4310 1056 4363 diversa
1098 4310 1349 4363 ratione:
1403 4311 1492 4364 hic
1525 4311 1745 4380 quidem
1801 4313 2002 4366 consti-

432 4399 604 4451 tuitur
652 4399 823 4451 lector
869 4398 1091 4466 populo,
1128 4398 1218 4453 ille
1268 4414 1396 4454 vero
1425 4399 1814 4466 subdiaconus,
1864 4401 2002 4454 alius

432 4501 614 4544 autem
668 4491 961 4553 diaconus,
1030 4490 1288 4545 sacerdos
1345 4490 1504 4555 alter,
1562 4491 1701 4545 alter
1768 4492 2006 4561 denique

435 4582 719 4651 pontifex;
785 4589 838 4635 et
896 4598 1040 4637 unus
1109 4582 1327 4651 quidem
1381 4590 1467 4638 est
1513 4584 1817 4651 apostolus,
1871 4584 2011 4638 alius

435 4682 617 4729 autem
675 4674 963 4743 propheta,
1005 4673 1148 4729 alius
1189 4673 1401 4740 doctor,
1464 4675 1715 4745 aliusque
1779 4676 2013 4730 virtutes

434 4767 520 4820 Vel
568 4767 770 4835 gratias
838 4766 1135 4821 sanitatum
1193 4765 1425 4829 habens,
1455 4776 1509 4821 et
1541 4777 1759 4823 caetera.
1819 4769 1884 4822 Et
1920 4768 2010 4822 alii

437 4858 658 4926 quidem
689 4872 785 4928 per
820 4856 1087 4926 Spiritum
1127 4858 1293 4912 datur
1329 4873 1515 4914 sermo
1578 4860 1880 4929 sapientiae,
1921 4860 2011 4914 alii

438 4965 567 5004 vero
592 4965 774 5007 sermo
802 4951 1045 5004 scientia:
1077 4951 1378 5005 secundum
1436 4951 1687 5005 eumdem
1724 4951 2011 5019 Spiritum,

437 5055 495 5097 et
521 5051 718 5097 caatera
744 5050 801 5095 ttt
827 5041 1083 5097 diximus.
1110 5041 1265 5096 Unde
1287 5043 1339 5095 in
1367 5042 1524 5097 nobis
1558 5057 1669 5095 non
1727 5052 1807 5097 est
1835 5058 2015 5112 perso-

440 5150 507 5188 na
539 5133 799 5204 Spiritus,
830 5134 923 5188 sed
956 5134 1010 5188 in
1050 5134 1256 5203 Spiritu
1316 5136 1627 5189 communis
1677 5136 1848 5203 gratia
1892 5134 2015 5189 Tri-

442 5226 628 5279 nitatis
681 5236 737 5280 et
789 5228 1017 5281 diversa:
1070 5227 1445 5296 operationes.
1506 5224 1632 5280 Ideo
1683 5242 1862 5295 neque
1916 5227 2009 5295 qui

443 5320 770 5388 baptismum
850 5319 1081 5387 suscipit
1136 5319 1323 5372 statim
1386 5318 1701 5372 sacerdotio
1756 5320 2013 5382 donatur,

445 5427 626 5481 neque
657 5412 924 5465 diaconus
979 5410 1156 5466 lactus
1206 5412 1529 5482 presbyterii
1576 5420 1900 5480 potestatem
1928 5426 2015 5465 ac-

444 5504 598 5571 cipit,
660 5517 841 5570 neque
891 5502 1177 5573 presbyter
1215 5505 1502 5558 ordinatus
1557 5504 1796 5573 episcopi
1843 5505 2016 5574 gratia

445 5595 766 5655 adornatur,
795 5593 887 5646 sed
925 5592 1156 5660 quisque
1186 5609 1347 5648 suum
1379 5594 1599 5663 accipit,
1648 5604 1701 5647 et
1732 5596 1867 5647 alius
1900 5594 2019 5660 qui-

446 5686 569 5738 dem
602 5683 821 5748 minori,
867 5684 1009 5737 alius
1060 5700 1187 5738 vero
1243 5686 1437 5752 majori
1493 5686 1697 5739 virtute
1763 5686 2019 5752 praeditus

449 5784 555 5831 cst.
612 5775 885 5831 Diacoutts
943 5775 1165 5844 quidem
1232 5776 1530 5845 ministrat,
1595 5776 1851 5833 sacerdos
1897 5792 2021 5833 vero

2100 3200 2325 3269 χάριτος
2346 3193 2680 3263 κινουμένων
2706 3194 2718 3246 l
2746 3192 2843 3255 Τίς
2866 3191 2974 3260 δὲή
2999 3189 3179 3260 δωρεὰ
3199 3187 3293 3241 τοῦ
3323 3188 3477 3255 ἁγίου
3507 3185 3678 3240 Πνεύ-

2104 3305 2309 3357 ματο;;
2340 3284 2492 3357 Ἀρα
2525 3288 2558 3358 ἡ
2593 3286 3027 3357 τρισυπόστατος
3053 3283 3216 3353 φύσις
3243 3298 3257 3348 ;
3288 3281 3571 3351 Οὐδαμῶς.
3599 3280 3675 3332 Οὐ

2101 3385 2210 3455 γὰρ
2243 3381 2379 3436 Θεοῦ
2409 3380 2570 3449 φύσιν
2598 3397 2683 3442 τις
2711 3379 3057 3448 ὑποδέχεται.
3092 3376 3204 3430 Καὶ
3234 3375 3422 3427 λοιπὸν
3447 3375 3677 3443 κτίσμα;

2103 3477 2214 3530 Kal
2262 3474 2379 3534 πῶς
2412 3473 2503 3528 τὸν
2549 3471 2682 3525 Θεὸν
2738 3473 2796 3524 ἐν
2848 3471 2982 3540 ἡμῖν
3019 3469 3213 3539 ἔχομεν
3248 3484 3262 3535 ;
3297 3467 3407 3519 Kal
3442 3465 3557 3527 πῶς
3587 3465 3680 3517 τὸν

2103 3568 2339 3637 Χριστὸν
2375 3566 2652 3637 φοροῦμεν
2684 3580 2698 3631 ;
2732 3566 2843 3617 Kal
2879 3562 2995 3624 πῶς
3048 3563 3109 3615 τὸ
3161 3559 3386 3629 Πνεῦμα
3430 3560 3489 3611 τὸ
3524 3557 3682 3623 ἀγιον

2067 3680 2076 3691 ε
2105 3663 2161 3715 ἐν
2192 3662 2313 3722 ταῖς
2338 3659 2590 3727 καρδίαις
2613 3655 2882 3724 ἐλάϐομεν
2915 3653 3130 3715 άληθῶς
3161 3666 3175 3718 ;
3207 3652 3348 3717 ’Ἄρα
3377 3649 3536 3717 χάρις
3563 3649 3681 3700 ἐστὶ

2104 3756 2206 3822 τῆς
2237 3753 2471 3823 Τριάδος
2504 3753 2561 3804 ἐν
2594 3752 2748 3821 ἡμῖν.
2779 3749 2888 3803 Kal
2920 3749 3242 3819 χορηγεῖται
3275 3743 3414 3811 αῦτη
3452 3745 3585 3812 ἡμῖν
3617 3745 3682 3795 ἐκ

2104 3847 2199 3899 τοῦ
2230 3845 2444 3914 Πατρδς
2466 3844 2555 3898 διὰ
2577 3842 2671 3896 τοῦ
2703 3841 2825 3895 Υἱοῦ
2854 3839 3234 3911 σαρκωθέντος
3263 3839 3319 3891 ἐν
3341 3837 3482 3908 ἁγίῳ
3510 3834 3682 3889 Πνεύ-

2111 3956 2264 4008 ματι.
2316 3936 2415 3989 Διὰ
2472 3934 2631 3988 τοῦτο
2678 3934 2773 3987 καὶ
2803 3931 3074 4000 διαφόρως
3104 3932 3163 3983 ἐν
3190 3930 3323 4000 ἡμῖν
3356 3927 3495 3995 αὕτη
3529 3928 3682 3997 ἐνερ·

2107 4032 2215 4095 γεί.
2247 4028 2357 4081 Kal
2405 4027 2464 4078 6v
2514 4026 2612 4091 μὲν
2642 4022 2838 4076 τελειοῖ
2867 4022 2963 4074 καὶ
2988 4022 3261 4091 ἀναγεννᾷ
3291 4018 3380 4072 διὰ
3430 4018 3523 4070 τοῦ
3585 4017 3686 4087 βα-

2110 4121 2437 4188 πτίσματος,
2456 4117 2513 4169 ὃν
2542 4116 2597 4167 δέ
2626 4116 2770 4185 χρίει
2802 4113 2895 4166 καὶ
2925 4112 3217 4183 σφραγίζει
3246 4110 3320 4180 τῷ
3338 4110 3514 4180 μύρῳ,
3540 4110 3599 4162 δν
3630 4109 3686 4161 δὲ

2112 4216 2259 4284 ἱερέα
2313 4213 2633 4284 χειροτονεῖ,
2680 4211 2778 4263 καὶ
2825 4210 3016 4263 τοῦτον
3049 4209 3105 4261 δὲ
3136 4208 3431 4277 διαφόρως.
3478 4206 3538 4258 '0
3586 4204 3688 4271 μὲν

2110 4304 2220 4374 γάρ
2254 4304 2402 4356 ἐστιν
2445 4301 2839 4367 ἀναγινώσκων
2872 4300 2948 4370 τῷ
2998 4298 3137 4368 λαῷ,
3191 4301 3218 4351 6
3248 4299 3304 4351 δὲ
3336 4296 3632 4365 ὑπουργὸς,
3662 4296 3689 4347 6

2111 4396 2166 4448 δὲ
2195 4394 2482 4458 διακονῶν,
2519 4395 2546 4446 6
2578 4393 2633 4446 δέ
2677 4392 3002 4462 ἱερουργῶν,
3034 4394 3063 4444 6
3094 4391 3150 4443 δὲ
3180 4388 3591 4460 ἀρχιερατεύων
3629 4387 3691 4438 τὸ

2110 4485 2462 4540 τελεώτατον.
2493 4486 2605 4538 Kal
2642 4488 2670 4538 6
2709 4485 2807 4553 μὲν
2857 4483 3002 4537 ἐστιν
3057 4482 3377 4546 ἀπόστολος,
3409 4482 3435 4533 6
3465 4481 3520 4533 δὲ
3555 4495 3693 4548 προ-

2113 4580 2313 4650 φήτης,
2340 4582 2368 4633 6
2402 4579 2458 4633 δὲ
2489 4577 2831 4641 διδάσκαλος,
2861 4578 2887 4631 6
2919 4576 2976 4630 δὲ
3022 4575 3282 4645 δυνάμεις
3312 4573 3344 4644 ἦ
3376 4572 3695 4643 χαρίσματα

2118 4673 2363 4742 ἰαμάτων
2418 4673 2580 4742 ἔχων,
2626 4672 2659 4743 ἢ
2717 4671 2785 4724 τά
2837 4670 3025 4724 λοιπά.
3074 4661 3266 4735 Kal
3308 4668 3408 4735 μὲν
3459 4666 3548 4718 διὰ
3597 4663 3693 4717 τοῦ

2114 4765 2432 4835 Πνεύματος
2455 4766 2656 4819 δίδοται
2686 4765 2847 4832 λόγος
2873 4762 3084 4830 σοφίας,
3115 4760 3261 4830 ἄλλῳ
3283 4760 3338 4813 δὲ
3359 4760 3518 4827 λόγος
3549 4756 3695 4825 γνώ-

2118 4873 2258 4919 σεως
2287 4859 2427 4909 κατὰ
2456 4858 2519 4910 τὸ
2551 4855 2685 4909 αὐτὸ
2721 4852 2970 4921 Πνεῦμα,
3002 4851 3097 4905 καὶ
3120 4855 3187 4905 τά
3217 4850 3403 4915 λοιπά,
3434 4850 3509 4911 ὡς
3545 4849 3698 4916 εἰρή-

2116 4963 2316 5014 καμεν.
2345 4946 2507 4998 Ὥστε
2533 4945 2631 5014 οὐχ
2660 4946 2692 5011 ἠ
2730 4942 3031 5003 ὑπόστασίς
3063 4942 3180 4992 ἐστι
3226 4938 3320 4991 τοῦ
3372 4934 3696 5003 Πνεύματος

2117 5037 2174 5088 ἐν
2204 5037 2355 5104 ἡμῖν,
2388 5035 2503 5087 ἀλλ’
2538 5036 2597 5088 ἐν
2656 5034 2734 5103 τῷ
2790 5033 3072 5103 Πνεὺματι
3116 5032 3149 5100 ὴ
3190 5031 3344 5098 κοινὴ
3401 5031 3560 5098 χάρις
3597 5029 3696 5089 τῆς

2116 5126 2374 5196 Τριάδος,
2417 5126 2512 5178 καὶ
2567 5126 2638 5178 τὰ
2686 5125 2920 5193 διάφορα
2952 5124 3320 5194 ἐνεργήματα.
3372 5119 3465 5172 Διό
3499 5119 3619 5171 οὐδὲ
3672 5121 3700 5170 6

2117 5220 2178 5271 τὸ
2214 5219 2499 5288 βάπτισμα
2524 5217 2705 5271 λαϐὼν
2740 5218 2903 5277 εὐθὺς
2924 5217 3185 5284 τυγχάνει
3223 5213 3318 5266 καὶ
3353 5212 3554 5281 ἱερεὺς,
3586 5210 3695 5263 οὐδ’

2118 5313 2145 5362 6
2171 5311 2414 5373 διάκονος
2455 5311 2695 5378 γεγονὼς
2739 5310 2833 5363 καὶ
2863 5309 2960 5378 τὴν
3001 5308 3095 5361 τοῦ
3128 5305 3507 5378 πρεσϐυτέρου
3558 5304 3701 5372 λαμ-

2120 5401 2274 5454 ϐάνει
2310 5401 2413 5470 55
2455 5401 2704 5469 δύναμιν,
2741 5399 2849 5454 οὐδ’
2877 5403 2906 5453 6
2945 5398 3315 5468 πρεσϐύτερος
3372 5411 3696 5466 χειροτονη-

2123 5494 2236 5555 θεὶς
2274 5496 2366 5546 καὶ
2394 5494 2492 5563 τὴν
2524 5492 2617 5546 τοῦ
2666 5492 2973 5545 ἐπισκόπου
3006 5491 3277 5558 λαμϐάνει
3332 5489 3494 5557 χάριν
3517 5503 3531 5518 ⁸
3583 5484 3699 5539 ἀλλ’

2121 5588 2355 5649 ἕκαστος
2392 5588 2530 5654 ὅπερ
2560 5585 2773 5651 ἔλαϐεν,
2809 5584 2991 5647 ἔλαϐε,
3027 5585 3123 5637 καὶ
3153 5584 3181 5634 6
3213 5582 3310 5651 μὲν
3340 5582 3397 5631 ἐν
3429 5580 3699 5643 ἐλάττονι,

2121 5683 2148 5732 6
2179 5679 2233 5732 δὲ
2271 5682 2328 5732 ἐν
2365 5678 2574 5747 μείζονί
2624 5680 2740 5730 ἐστι
2773 5679 2837 5746 τῇ
2885 5675 3131 5745 δυνάμει.
3172 5674 3282 5726 Kal
3314 5671 3559 5730 διάκονος
3603 5667 3703 5733 μὲν

2124 5774 2413 5844 ὑπηρετεῖ,
2443 5771 2625 5841 ἱερεὺς
2660 5769 2715 5824 δὲ
2742 5771 3038 5841 ίερουργεῖ,
3084 5766 3375 5838 ἀρχιερεὺς
3429 5762 3483 5815 δὲ
3523 5776 3703 5831 χειρο-
