  <div class='ocr_page' id='page_1' title='image "/cluster/home/n/w/nwhite01/storage/ocr_20150623/155/hvd.32044069650117/086.png"; bbox 0 0 4040 6202; ppageno 0'>
   <div class='ocr_carea' id='block_1_1' title="bbox 333 270 464 336">
    <p class='ocr_par' dir='ltr' id='par_1_1' title="bbox 333 270 464 336">
     <span class='ocr_line' id='line_1_1' title="bbox 333 270 464 336; baseline 0.015 -2"><span class='ocrx_word' id='word_1_1' title='bbox 333 270 428 336; x_wconf 83' lang='grc'><strong>161</strong></span> <span class='ocrx_word' id='word_1_2' title='bbox 457 299 464 304; x_wconf 52' lang='grc' dir='ltr'><strong>θ</strong></span> 
     </span>
    </p>
   </div>
   <div class='ocr_carea' id='block_1_2' title="bbox 1312 271 2472 337">
    <p class='ocr_par' dir='ltr' id='par_1_2' title="bbox 1312 271 2472 337">
     <span class='ocr_line' id='line_1_2' title="bbox 1312 271 2472 337; baseline -0.002 -1"><span class='ocrx_word' id='word_1_3' title='bbox 1312 274 1594 337; x_wconf 84' lang='lat' dir='ltr'><strong>DIALOG</strong></span> <span class='ocrx_word' id='word_1_4' title='bbox 1605 275 1701 336; x_wconf 90' lang='lat' dir='ltr'><strong>US</strong></span> <span class='ocrx_word' id='word_1_5' title='bbox 1737 271 2043 335; x_wconf 77' lang='lat' dir='ltr'><strong>CONTRA</strong></span> <span class='ocrx_word' id='word_1_6' title='bbox 2082 271 2472 335; x_wconf 58' lang='lat' dir='ltr'><strong>HﬂRESES.</strong></span> 
     </span>
    </p>
   </div>
   <div class='ocr_carea' id='block_1_3' title="bbox 3474 274 3580 340">
    <p class='ocr_par' dir='ltr' id='par_1_3' title="bbox 3474 274 3580 340">
     <span class='ocr_line' id='line_1_3' title="bbox 3474 274 3580 340; baseline -0.028 0"><span class='ocrx_word' id='word_1_7' title='bbox 3474 274 3580 340; x_wconf 65' lang='grc' dir='ltr'><strong>1θὲ</strong></span> 
     </span>
    </p>
   </div>
   <div class='ocr_carea' id='block_1_4' title="bbox 325 379 1910 457">
    <p class='ocr_par' dir='ltr' id='par_1_4' title="bbox 325 381 1903 457">
     <span class='ocr_line' id='line_1_4' title="bbox 325 381 1903 457; baseline 0 -19"><span class='ocrx_word' id='word_1_8' title='bbox 325 383 491 448; x_wconf 81' lang='grc' dir='ltr'><strong>τονεῖ,</strong></span> <span class='ocrx_word' id='word_1_9' title='bbox 531 381 627 436; x_wconf 76' lang='grc' dir='ltr'><strong>καὶ</strong></span> <span class='ocrx_word' id='word_1_10' title='bbox 673 383 784 439; x_wconf 82' lang='grc' dir='ltr'><strong>τῶν</strong></span> <span class='ocrx_word' id='word_1_11' title='bbox 831 383 1192 456; x_wconf 81' lang='grc' dir='ltr'><strong>χαρισμάτων</strong></span> <span class='ocrx_word' id='word_1_12' title='bbox 1223 384 1318 438; x_wconf 88' lang='grc' dir='ltr'><strong>τοῦ</strong></span> <span class='ocrx_word' id='word_1_13' title='bbox 1367 386 1504 439; x_wconf 83' lang='grc' dir='ltr'><strong>Θεοῦ</strong></span> <span class='ocrx_word' id='word_1_14' title='bbox 1555 385 1903 457; x_wconf 85' lang='grc' dir='ltr'><strong>μεταδίδωσι,</strong></span> 
     </span>
    </p>
   </div>
   <div class='ocr_carea' id='block_1_5' title="bbox 2013 379 3578 457">
    <p class='ocr_par' dir='ltr' id='par_1_5' title="bbox 2013 379 3578 451">
     <span class='ocr_line' id='line_1_5' title="bbox 2013 379 3578 451; baseline 0.004 -17"><span class='ocrx_word' id='word_1_15' title='bbox 2013 380 2308 447; x_wconf 86' lang='lat' dir='ltr'><strong>sacrilicat,</strong></span> <span class='ocrx_word' id='word_1_16' title='bbox 2375 379 2616 451; x_wconf 80' lang='lat' dir='ltr'><strong>pontifex</strong></span> <span class='ocrx_word' id='word_1_17' title='bbox 2668 389 2849 438; x_wconf 87' lang='lat' dir='ltr'><strong>autem</strong></span> <span class='ocrx_word' id='word_1_18' title='bbox 2880 383 3098 438; x_wconf 90' lang='lat' dir='ltr'><strong>ordinat</strong></span> <span class='ocrx_word' id='word_1_19' title='bbox 3143 394 3197 439; x_wconf 93' lang='lat' dir='ltr'><strong>et</strong></span> <span class='ocrx_word' id='word_1_20' title='bbox 3251 382 3578 440; x_wconf 60' lang='lat' dir='ltr'><strong>charismata</strong></span> 
     </span>
    </p>
   </div>
   <div class='ocr_carea' id='block_1_6' title="bbox 327 473 1900 547">
    <p class='ocr_par' dir='ltr' id='par_1_6' title="bbox 327 473 1900 547">
     <span class='ocr_line' id='line_1_6' title="bbox 327 473 1900 547; baseline 0.002 -20"><span class='ocrx_word' id='word_1_21' title='bbox 327 475 427 528; x_wconf 80' lang='grc' dir='ltr'><strong>καὶ</strong></span> <span class='ocrx_word' id='word_1_22' title='bbox 483 473 636 528; x_wconf 82' lang='grc' dir='ltr'>λύειν</span> <span class='ocrx_word' id='word_1_23' title='bbox 680 480 777 528; x_wconf 81' lang='grc' dir='ltr'><strong>καὶ</strong></span> <span class='ocrx_word' id='word_1_24' title='bbox 833 477 1055 546; x_wconf 80' lang='grc' dir='ltr'><strong>δεσμεῖν</strong></span> <span class='ocrx_word' id='word_1_25' title='bbox 1103 479 1424 546; x_wconf 78' lang='grc' dir='ltr'>πταίσματα</span> <span class='ocrx_word' id='word_1_26' title='bbox 1481 478 1578 547; x_wconf 82' lang='grc' dir='ltr'><strong>τὴν</strong></span> <span class='ocrx_word' id='word_1_27' title='bbox 1648 479 1900 542; x_wconf 76' lang='grc' dir='ltr'><strong>ἐξουσίαν</strong></span> 
     </span>
    </p>
   </div>
   <div class='ocr_carea' id='block_1_7' title="bbox 327 567 1900 638">
    <p class='ocr_par' dir='ltr' id='par_1_7' title="bbox 327 567 1900 638">
     <span class='ocr_line' id='line_1_7' title="bbox 327 567 1900 638; baseline 0.002 -20"><span class='ocrx_word' id='word_1_28' title='bbox 327 567 570 622; x_wconf 83' lang='grc' dir='ltr'><strong>πλουτεῖ.</strong></span> <span class='ocrx_word' id='word_1_29' title='bbox 605 567 702 630; x_wconf 88' lang='grc' dir='ltr'><strong>Τίς</strong></span> <span class='ocrx_word' id='word_1_30' title='bbox 731 568 842 637; x_wconf 85' lang='grc' dir='ltr'><strong>ἄρα</strong></span> <span class='ocrx_word' id='word_1_31' title='bbox 869 567 1010 637; x_wconf 77' lang='grc' dir='ltr'><strong>αῦτη</strong></span> <span class='ocrx_word' id='word_1_32' title='bbox 1047 571 1077 638; x_wconf 84' lang='grc' dir='ltr'>ἡ</span> <span class='ocrx_word' id='word_1_33' title='bbox 1134 569 1393 634; x_wconf 78' lang='grc' dir='ltr'><strong>ἑξουσέα;</strong></span> <span class='ocrx_word' id='word_1_34' title='bbox 1445 570 1542 632; x_wconf 85' lang='grc' dir='ltr'><strong>Τίς</strong></span> <span class='ocrx_word' id='word_1_35' title='bbox 1575 569 1808 637; x_wconf 85' lang='grc' dir='ltr'><strong>δύναμις</strong></span> <span class='ocrx_word' id='word_1_36' title='bbox 1839 568 1900 620; x_wconf 81' lang='grc' dir='ltr'><strong>τὸ</strong></span> 
     </span>
    </p>
   </div>
   <div class='ocr_carea' id='block_1_8' title="bbox 325 656 1900 730">
    <p class='ocr_par' dir='ltr' id='par_1_8' title="bbox 325 656 1900 730">
     <span class='ocr_line' id='line_1_8' title="bbox 325 656 1900 730; baseline 0.002 -20"><span class='ocrx_word' id='word_1_37' title='bbox 325 660 654 729; x_wconf 75' lang='grc' dir='ltr'><strong>χειροτονεῖν</strong></span> <span class='ocrx_word' id='word_1_38' title='bbox 676 674 693 724; x_wconf 87' lang='grc'>;</span> <span class='ocrx_word' id='word_1_39' title='bbox 717 659 781 710; x_wconf 90' lang='grc' dir='ltr'><strong>Τί</strong></span> <span class='ocrx_word' id='word_1_40' title='bbox 805 659 860 711; x_wconf 86' lang='grc' dir='ltr'><strong>δέ</strong></span> <span class='ocrx_word' id='word_1_41' title='bbox 892 661 1038 711; x_wconf 72' lang='grc' dir='ltr'><strong>ἐστιν</strong></span> <span class='ocrx_word' id='word_1_42' title='bbox 1071 661 1102 730; x_wconf 78' lang='grc' dir='ltr'>ἡ</span> <span class='ocrx_word' id='word_1_43' title='bbox 1139 661 1440 730; x_wconf 79' lang='grc' dir='ltr'><strong>χειροτονία</strong></span> <span class='ocrx_word' id='word_1_44' title='bbox 1468 677 1484 726; x_wconf 85' lang='grc'>;</span> <span class='ocrx_word' id='word_1_45' title='bbox 1509 656 1656 729; x_wconf 72' lang='grc' dir='ltr'><strong>Ἀρα</strong></span> <span class='ocrx_word' id='word_1_46' title='bbox 1691 661 1900 728; x_wconf 81' lang='grc' dir='ltr'><strong>κτίσμα</strong></span> 
     </span>
    </p>
   </div>
   <div class='ocr_carea' id='block_1_9' title="bbox 326 749 1898 820">
    <p class='ocr_par' dir='ltr' id='par_1_9' title="bbox 326 749 1898 820">
     <span class='ocr_line' id='line_1_9' title="bbox 326 749 1898 820; baseline 0.003 -23"><span class='ocrx_word' id='word_1_47' title='bbox 326 751 384 798; x_wconf 84' lang='grc' dir='ltr'><strong>ὲν</strong></span> <span class='ocrx_word' id='word_1_48' title='bbox 417 749 550 816; x_wconf 75' lang='grc' dir='ltr'><strong>ἡμῖν</strong></span> <span class='ocrx_word' id='word_1_49' title='bbox 572 764 586 813; x_wconf 89' lang='grc'><strong>;</strong></span> <span class='ocrx_word' id='word_1_50' title='bbox 612 750 722 801; x_wconf 72' lang='grc' dir='ltr'><strong>Καὶ</strong></span> <span class='ocrx_word' id='word_1_51' title='bbox 753 750 804 802; x_wconf 82' lang='grc' dir='ltr'><strong>τί</strong></span> <span class='ocrx_word' id='word_1_52' title='bbox 832 749 937 818; x_wconf 69' lang='grc' dir='ltr'><strong>ἄρα</strong></span> <span class='ocrx_word' id='word_1_53' title='bbox 967 751 1025 802; x_wconf 76' lang='grc' dir='ltr'><strong>τὸ</strong></span> <span class='ocrx_word' id='word_1_54' title='bbox 1047 750 1253 820; x_wconf 79' lang='grc' dir='ltr'>κτίσμα</span> <span class='ocrx_word' id='word_1_55' title='bbox 1277 751 1545 816; x_wconf 71' lang='grc' dir='ltr'><strong>δύναται,</strong></span> <span class='ocrx_word' id='word_1_56' title='bbox 1589 750 1711 812; x_wconf 80' lang='grc' dir='ltr'><strong>Πῶς</strong></span> <span class='ocrx_word' id='word_1_57' title='bbox 1743 750 1898 815; x_wconf 86' lang='grc' dir='ltr'><strong>θεοῖ;</strong></span> 
     </span>
    </p>
   </div>
   <div class='ocr_carea' id='block_1_10' title="bbox 326 839 1902 913">
    <p class='ocr_par' dir='ltr' id='par_1_10' title="bbox 326 839 1902 913">
     <span class='ocr_line' id='line_1_10' title="bbox 326 839 1902 913; baseline 0.002 -22"><span class='ocrx_word' id='word_1_58' title='bbox 326 839 440 891; x_wconf 72' lang='grc' dir='ltr'><strong>Καὶ</strong></span> <span class='ocrx_word' id='word_1_59' title='bbox 471 839 590 904; x_wconf 83' lang='grc' dir='ltr'><strong>πῶς</strong></span> <span class='ocrx_word' id='word_1_60' title='bbox 625 841 920 910; x_wconf 84' lang='grc' dir='ltr'><strong>καθαίρει;</strong></span> <span class='ocrx_word' id='word_1_61' title='bbox 961 843 1070 896; x_wconf 97' lang='lat' dir='ltr'><strong>Kal</strong></span> <span class='ocrx_word' id='word_1_62' title='bbox 1122 843 1238 906; x_wconf 75' lang='grc' dir='ltr'><strong>πῶς</strong></span> <span class='ocrx_word' id='word_1_63' title='bbox 1265 845 1392 913; x_wconf 74' lang='grc' dir='ltr'><strong>⁶ἄρα</strong></span> <span class='ocrx_word' id='word_1_64' title='bbox 1441 843 1677 908; x_wconf 82' lang='grc' dir='ltr'><strong>τελειοῖ;</strong></span> <span class='ocrx_word' id='word_1_65' title='bbox 1724 841 1788 894; x_wconf 83' lang='grc' dir='ltr'><strong>Τί</strong></span> <span class='ocrx_word' id='word_1_66' title='bbox 1845 843 1902 894; x_wconf 71' lang='grc' dir='ltr'><strong>δὲ</strong></span> 
     </span>
    </p>
   </div>
   <div class='ocr_carea' id='block_1_11' title="bbox 326 929 1902 1004">
    <p class='ocr_par' dir='ltr' id='par_1_11' title="bbox 326 929 1902 1004">
     <span class='ocr_line' id='line_1_11' title="bbox 326 929 1902 1004; baseline 0.002 -21"><span class='ocrx_word' id='word_1_67' title='bbox 326 929 418 983; x_wconf 79' lang='grc' dir='ltr'><strong>καὶ</strong></span> <span class='ocrx_word' id='word_1_68' title='bbox 450 932 484 1000; x_wconf 79' lang='grc' dir='ltr'>ὴ</span> <span class='ocrx_word' id='word_1_69' title='bbox 551 931 838 1002; x_wconf 77' lang='grc' dir='ltr'><strong>ἐπίκλησις</strong></span> <span class='ocrx_word' id='word_1_70' title='bbox 873 932 972 1002; x_wconf 81' lang='grc' dir='ltr'><strong>τῆς</strong></span> <span class='ocrx_word' id='word_1_71' title='bbox 1002 933 1095 986; x_wconf 84' lang='grc' dir='ltr'><strong>τοῦ</strong></span> <span class='ocrx_word' id='word_1_72' title='bbox 1131 933 1267 986; x_wconf 88' lang='grc' dir='ltr'><strong>Θεοῦ</strong></span> <span class='ocrx_word' id='word_1_73' title='bbox 1321 937 1586 1004; x_wconf 74' lang='grc' dir='ltr'><strong>χάριτος;</strong></span> <span class='ocrx_word' id='word_1_74' title='bbox 1633 929 1756 1004; x_wconf 70' lang='grc' dir='ltr'><strong>Ἆρ’</strong></span> <span class='ocrx_word' id='word_1_75' title='bbox 1801 934 1902 986; x_wconf 85' lang='grc' dir='ltr'><strong>οὐκ</strong></span> 
     </span>
    </p>
   </div>
   <div class='ocr_carea' id='block_1_12' title="bbox 329 1021 1905 1095">
    <p class='ocr_par' dir='ltr' id='par_1_12' title="bbox 329 1021 1905 1095">
     <span class='ocr_line' id='line_1_12' title="bbox 329 1021 1905 1095; baseline 0.001 -20"><span class='ocrx_word' id='word_1_76' title='bbox 329 1021 504 1093; x_wconf 79' lang='grc' dir='ltr'><strong>ἰσχύει</strong></span> <span class='ocrx_word' id='word_1_77' title='bbox 533 1040 631 1090; x_wconf 85' lang='grc' dir='ltr'><strong>τι;</strong></span> <span class='ocrx_word' id='word_1_78' title='bbox 663 1025 865 1078; x_wconf 82' lang='grc' dir='ltr'><strong>Λοιπὸν</strong></span> <span class='ocrx_word' id='word_1_79' title='bbox 895 1025 992 1078; x_wconf 80' lang='grc' dir='ltr'><strong>οὐκ</strong></span> <span class='ocrx_word' id='word_1_80' title='bbox 1049 1027 1107 1078; x_wconf 75' lang='grc' dir='ltr'><strong>ἐν</strong></span> <span class='ocrx_word' id='word_1_81' title='bbox 1139 1027 1270 1095; x_wconf 81' lang='grc' dir='ltr'><strong>ἡμῖν</strong></span> <span class='ocrx_word' id='word_1_82' title='bbox 1296 1026 1356 1077; x_wconf 80' lang='grc' dir='ltr'><strong>τὸ</strong></span> <span class='ocrx_word' id='word_1_83' title='bbox 1397 1025 1621 1095; x_wconf 80' lang='grc' dir='ltr'><strong>Πνεῦμα</strong></span> <span class='ocrx_word' id='word_1_84' title='bbox 1670 1025 1770 1095; x_wconf 77' lang='grc' dir='ltr'><strong>τῆς</strong></span> <span class='ocrx_word' id='word_1_85' title='bbox 1806 1026 1905 1095; x_wconf 86' lang='grc' dir='ltr'><strong>χά-</strong></span> 
     </span>
    </p>
   </div>
   <div class='ocr_carea' id='block_1_13' title="bbox 329 1113 1901 1187">
    <p class='ocr_par' dir='ltr' id='par_1_13' title="bbox 329 1113 1901 1187">
     <span class='ocr_line' id='line_1_13' title="bbox 329 1113 1901 1187; baseline 0.004 -24"><span class='ocrx_word' id='word_1_86' title='bbox 329 1129 514 1180; x_wconf 84' lang='grc' dir='ltr'><strong>ριτος;</strong></span> <span class='ocrx_word' id='word_1_87' title='bbox 540 1113 710 1167; x_wconf 80' lang='lat' dir='ltr'><strong>Ba6al</strong></span> <span class='ocrx_word' id='word_1_88' title='bbox 739 1115 839 1183; x_wconf 83' lang='grc' dir='ltr'><strong>τῆς</strong></span> <span class='ocrx_word' id='word_1_89' title='bbox 876 1115 1263 1186; x_wconf 76' lang='grc' dir='ltr'><strong>βλασφημίαςί</strong></span> <span class='ocrx_word' id='word_1_90' title='bbox 1307 1117 1506 1187; x_wconf 83' lang='grc' dir='ltr'><strong>Πόρρω</strong></span> <span class='ocrx_word' id='word_1_91' title='bbox 1541 1117 1660 1170; x_wconf 70' lang='grc' dir='ltr'><strong>ἐστὶ</strong></span> <span class='ocrx_word' id='word_1_92' title='bbox 1686 1118 1786 1186; x_wconf 78' lang='grc' dir='ltr'><strong>τῆς</strong></span> <span class='ocrx_word' id='word_1_93' title='bbox 1807 1115 1901 1169; x_wconf 86' lang='grc' dir='ltr'><strong>τοῦ</strong></span> 
     </span>
    </p>
   </div>
   <div class='ocr_carea' id='block_1_14' title="bbox 325 1203 1900 1278">
    <p class='ocr_par' dir='ltr' id='par_1_14' title="bbox 325 1203 1900 1278">
     <span class='ocr_line' id='line_1_14' title="bbox 325 1203 1900 1278; baseline 0.004 -23"><span class='ocrx_word' id='word_1_94' title='bbox 325 1203 465 1258; x_wconf 82' lang='grc' dir='ltr'><strong>Θεοῦ</strong></span> <span class='ocrx_word' id='word_1_95' title='bbox 495 1205 718 1274; x_wconf 82' lang='grc' dir='ltr'><strong>χάριτος</strong></span> <span class='ocrx_word' id='word_1_96' title='bbox 739 1207 766 1257; x_wconf 88' lang='grc' dir='ltr'>ὁ</span> <span class='ocrx_word' id='word_1_97' title='bbox 801 1207 876 1277; x_wconf 79' lang='grc' dir='ltr'><strong>μὴ</strong></span> <span class='ocrx_word' id='word_1_98' title='bbox 921 1206 1207 1275; x_wconf 75' lang='grc' dir='ltr'><strong>κὴρύττων</strong></span> <span class='ocrx_word' id='word_1_99' title='bbox 1237 1208 1338 1277; x_wconf 81' lang='grc' dir='ltr'><strong>τὴν</strong></span> <span class='ocrx_word' id='word_1_100' title='bbox 1394 1208 1492 1260; x_wconf 89' lang='grc' dir='ltr'><strong>τοῦ</strong></span> <span class='ocrx_word' id='word_1_101' title='bbox 1525 1207 1660 1260; x_wconf 88' lang='grc' dir='ltr'><strong>Θεοῦ</strong></span> <span class='ocrx_word' id='word_1_102' title='bbox 1719 1210 1900 1278; x_wconf 79' lang='grc' dir='ltr'><strong>χάριν,</strong></span> 
     </span>
    </p>
   </div>
   <div class='ocr_carea' id='block_1_15' title="bbox 326 1296 1900 1371">
    <p class='ocr_par' dir='ltr' id='par_1_15' title="bbox 326 1296 1900 1371">
     <span class='ocr_line' id='line_1_15' title="bbox 326 1296 1900 1371; baseline 0.002 -21"><span class='ocrx_word' id='word_1_103' title='bbox 326 1299 424 1350; x_wconf 66' lang='grc' dir='ltr'><strong>καὶ</strong></span> <span class='ocrx_word' id='word_1_104' title='bbox 453 1296 548 1351; x_wconf 86' lang='grc' dir='ltr'><strong>τοῦ</strong></span> <span class='ocrx_word' id='word_1_105' title='bbox 585 1299 906 1367; x_wconf 80' lang='grc' dir='ltr'><strong>Πνεύματος</strong></span> <span class='ocrx_word' id='word_1_106' title='bbox 944 1299 1038 1352; x_wconf 86' lang='grc' dir='ltr'><strong>τοῦ</strong></span> <span class='ocrx_word' id='word_1_107' title='bbox 1068 1299 1203 1354; x_wconf 87' lang='grc' dir='ltr'><strong>Θεοῦ</strong></span> <span class='ocrx_word' id='word_1_108' title='bbox 1239 1301 1544 1371; x_wconf 80' lang='grc' dir='ltr'><strong>ἀλλότριος,</strong></span> <span class='ocrx_word' id='word_1_109' title='bbox 1579 1302 1674 1354; x_wconf 79' lang='grc' dir='ltr'><strong>καὶ</strong></span> <span class='ocrx_word' id='word_1_110' title='bbox 1701 1302 1900 1370; x_wconf 75' lang='grc' dir='ltr'><strong>ἀχαρί-</strong></span> 
     </span>
    </p>
   </div>
   <div class='ocr_carea' id='block_1_16' title="bbox 324 1385 1902 1464">
    <p class='ocr_par' dir='ltr' id='par_1_16' title="bbox 324 1385 1902 1464">
     <span class='ocr_line' id='line_1_16' title="bbox 324 1385 1902 1464; baseline 0.002 -23"><span class='ocrx_word' id='word_1_111' title='bbox 324 1406 500 1453; x_wconf 83' lang='grc' dir='ltr'><strong>τωτος</strong></span> <span class='ocrx_word' id='word_1_112' title='bbox 547 1385 722 1455; x_wconf 68' lang='grc' dir='ltr'><strong>οὗτος,</strong></span> <span class='ocrx_word' id='word_1_113' title='bbox 794 1395 890 1445; x_wconf 67' lang='grc' dir='ltr'><strong>καὶ</strong></span> <span class='ocrx_word' id='word_1_114' title='bbox 935 1394 1228 1447; x_wconf 82' lang='grc' dir='ltr'><strong>κοινωνίαν</strong></span> <span class='ocrx_word' id='word_1_115' title='bbox 1284 1397 1359 1464; x_wconf 83' lang='grc' dir='ltr'><strong>μὴ</strong></span> <span class='ocrx_word' id='word_1_116' title='bbox 1397 1394 1553 1462; x_wconf 73' lang='grc' dir='ltr'><strong>έχων</strong></span> <span class='ocrx_word' id='word_1_117' title='bbox 1613 1395 1753 1462; x_wconf 81' lang='grc' dir='ltr'><strong>μετὰ</strong></span> <span class='ocrx_word' id='word_1_118' title='bbox 1806 1393 1902 1444; x_wconf 84' lang='grc' dir='ltr'><strong>τοῦ</strong></span> 
     </span>
    </p>
   </div>
   <div class='ocr_carea' id='block_1_17' title="bbox 327 1480 1905 1554">
    <p class='ocr_par' dir='ltr' id='par_1_17' title="bbox 327 1480 1905 1554">
     <span class='ocr_line' id='line_1_17' title="bbox 327 1480 1905 1554; baseline 0.002 -21"><span class='ocrx_word' id='word_1_119' title='bbox 327 1480 480 1534; x_wconf 82' lang='grc' dir='ltr'><strong>θείου</strong></span> <span class='ocrx_word' id='word_1_120' title='bbox 532 1481 887 1550; x_wconf 86' lang='grc' dir='ltr'><strong>Πνεύματος,</strong></span> <span class='ocrx_word' id='word_1_121' title='bbox 918 1483 1011 1536; x_wconf 85' lang='grc' dir='ltr'><strong>τοῦ</strong></span> <span class='ocrx_word' id='word_1_122' title='bbox 1043 1483 1326 1554; x_wconf 82' lang='grc' dir='ltr'><strong>ἀλλοτρίου</strong></span> <span class='ocrx_word' id='word_1_123' title='bbox 1367 1484 1426 1537; x_wconf 81' lang='grc' dir='ltr'><strong>δὲ</strong></span> <span class='ocrx_word' id='word_1_124' title='bbox 1482 1485 1685 1538; x_wconf 71' lang='grc' dir='ltr'><strong>μᾶλλον</strong></span> <span class='ocrx_word' id='word_1_125' title='bbox 1733 1483 1905 1536; x_wconf 86' lang='grc' dir='ltr'><strong>Πνεύ-</strong></span> 
     </span>
    </p>
   </div>
   <div class='ocr_carea' id='block_1_18' title="bbox 328 1574 1901 1646">
    <p class='ocr_par' dir='ltr' id='par_1_18' title="bbox 328 1574 1901 1646">
     <span class='ocr_line' id='line_1_18' title="bbox 328 1574 1901 1646; baseline 0.002 -20"><span class='ocrx_word' id='word_1_126' title='bbox 328 1590 524 1643; x_wconf 79' lang='grc' dir='ltr'><strong>ματος,</strong></span> <span class='ocrx_word' id='word_1_127' title='bbox 558 1575 654 1626; x_wconf 75' lang='grc' dir='ltr'><strong>καὶ</strong></span> <span class='ocrx_word' id='word_1_128' title='bbox 684 1574 938 1643; x_wconf 75' lang='grc' dir='ltr'><strong>ἔμπλεως</strong></span> <span class='ocrx_word' id='word_1_129' title='bbox 955 1575 1148 1628; x_wconf 87' lang='grc' dir='ltr'><strong>τούτου</strong></span> <span class='ocrx_word' id='word_1_130' title='bbox 1185 1579 1283 1642; x_wconf 81' lang='grc' dir='ltr'><strong>τῆς</strong></span> <span class='ocrx_word' id='word_1_131' title='bbox 1319 1578 1561 1646; x_wconf 80' lang='grc' dir='ltr'><strong>πονηρᾶς</strong></span> <span class='ocrx_word' id='word_1_132' title='bbox 1591 1576 1901 1646; x_wconf 81' lang='grc' dir='ltr'><strong>δυνάμεως.</strong></span> 
     </span>
    </p>
   </div>
   <div class='ocr_carea' id='block_1_19' title="bbox 375 1660 1902 1740">
    <p class='ocr_par' dir='ltr' id='par_1_19' title="bbox 375 1660 1902 1740">
     <span class='ocr_line' id='line_1_19' title="bbox 375 1660 1902 1740; baseline 0.002 -22"><span class='ocrx_word' id='word_1_133' title='bbox 375 1660 408 1719; x_wconf 80' lang='grc' dir='ltr'><strong>ῦ</strong></span> <span class='ocrx_word' id='word_1_134' title='bbox 434 1665 500 1735; x_wconf 81' lang='grc' dir='ltr'><strong>δὴ</strong></span> <span class='ocrx_word' id='word_1_135' title='bbox 525 1664 621 1718; x_wconf 74' lang='grc' dir='ltr'><strong>καὶ</strong></span> <span class='ocrx_word' id='word_1_136' title='bbox 648 1668 713 1736; x_wconf 77' lang='grc' dir='ltr'><strong>τῇ</strong></span> <span class='ocrx_word' id='word_1_137' title='bbox 744 1667 930 1735; x_wconf 73' lang='grc' dir='ltr'><strong>ιναγεῖ</strong></span> <span class='ocrx_word' id='word_1_138' title='bbox 955 1667 1052 1719; x_wconf 80' lang='grc' dir='ltr'><strong>καὶ</strong></span> <span class='ocrx_word' id='word_1_139' title='bbox 1091 1671 1341 1737; x_wconf 83' lang='grc' dir='ltr'><strong>σκοτεινῇ</strong></span> <span class='ocrx_word' id='word_1_140' title='bbox 1375 1669 1630 1740; x_wconf 67' lang='grc' dir='ltr'><strong>ἐνεργείᾳ.</strong></span> <span class='ocrx_word' id='word_1_141' title='bbox 1671 1669 1771 1740; x_wconf 79' lang='grc' dir='ltr'><strong>τὴν</strong></span> <span class='ocrx_word' id='word_1_142' title='bbox 1799 1669 1902 1739; x_wconf 82' lang='grc' dir='ltr'><strong>τῆς</strong></span> 
     </span>
    </p>
   </div>
   <div class='ocr_carea' id='block_1_20' title="bbox 2004 472 3580 545">
    <p class='ocr_par' dir='ltr' id='par_1_20' title="bbox 2004 472 3580 545">
     <span class='ocr_line' id='line_1_20' title="bbox 2004 472 3580 545; baseline 0.002 -19"><span class='ocrx_word' id='word_1_143' title='bbox 2004 472 2099 527; x_wconf 85' lang='lat' dir='ltr'><strong>Dei</strong></span> <span class='ocrx_word' id='word_1_144' title='bbox 2164 474 2466 541; x_wconf 72' lang='lat' dir='ltr'><strong>dispensat,</strong></span> <span class='ocrx_word' id='word_1_145' title='bbox 2519 473 2826 543; x_wconf 81' lang='lat' dir='ltr'><strong>gaudetque</strong></span> <span class='ocrx_word' id='word_1_146' title='bbox 2886 484 3157 544; x_wconf 85' lang='lat' dir='ltr'><strong>potestate</strong></span> <span class='ocrx_word' id='word_1_147' title='bbox 3205 488 3426 545; x_wconf 81' lang='lat' dir='ltr'><strong>peccata</strong></span> <span class='ocrx_word' id='word_1_148' title='bbox 3466 477 3580 530; x_wconf 89' lang='lat' dir='ltr'><strong>sol-</strong></span> 
     </span>
    </p>
   </div>
   <div class='ocr_carea' id='block_1_21' title="bbox 2003 563 3585 636">
    <p class='ocr_par' dir='ltr' id='par_1_21' title="bbox 2003 563 3585 636">
     <span class='ocr_line' id='line_1_21' title="bbox 2003 563 3585 636; baseline 0.003 -20"><span class='ocrx_word' id='word_1_149' title='bbox 2003 564 2166 617; x_wconf 87' lang='lat' dir='ltr'><strong>vendi</strong></span> <span class='ocrx_word' id='word_1_150' title='bbox 2203 574 2368 632; x_wconf 89' lang='lat' dir='ltr'><strong>atque</strong></span> <span class='ocrx_word' id='word_1_151' title='bbox 2391 563 2615 632; x_wconf 76' lang='lat' dir='ltr'><strong>ligandi.</strong></span> <span class='ocrx_word' id='word_1_152' title='bbox 2645 565 2820 619; x_wconf 88' lang='lat' dir='ltr'><strong>Porro</strong></span> <span class='ocrx_word' id='word_1_153' title='bbox 2866 581 3114 634; x_wconf 51' lang='lat' dir='ltr'><strong>qua‘nam</strong></span> <span class='ocrx_word' id='word_1_154' title='bbox 3172 568 3274 620; x_wconf 89' lang='lat' dir='ltr'><strong>ista</strong></span> <span class='ocrx_word' id='word_1_155' title='bbox 3303 569 3585 636; x_wconf 76' lang='lat' dir='ltr'><strong>potestas?</strong></span> 
     </span>
    </p>
   </div>
   <div class='ocr_carea' id='block_1_22' title="bbox 2005 657 3585 728">
    <p class='ocr_par' dir='ltr' id='par_1_22' title="bbox 2005 657 3585 728">
     <span class='ocr_line' id='line_1_22' title="bbox 2005 657 3585 728; baseline 0.003 -20"><span class='ocrx_word' id='word_1_156' title='bbox 2005 657 2263 721; x_wconf 60' lang='lat' dir='ltr'><strong>Quasnam</strong></span> <span class='ocrx_word' id='word_1_157' title='bbox 2293 657 2583 711; x_wconf 81' lang='lat' dir='ltr'><strong>ordinandi</strong></span> <span class='ocrx_word' id='word_1_158' title='bbox 2640 659 2925 724; x_wconf 83' lang='lat' dir='ltr'><strong>potentia?</strong></span> <span class='ocrx_word' id='word_1_159' title='bbox 2959 659 3091 728; x_wconf 88' lang='lat' dir='ltr'><strong>quid</strong></span> <span class='ocrx_word' id='word_1_160' title='bbox 3139 670 3224 714; x_wconf 90' lang='lat' dir='ltr'><strong>est</strong></span> <span class='ocrx_word' id='word_1_161' title='bbox 3269 660 3585 714; x_wconf 87' lang='lat' dir='ltr'><strong>ordinatio?</strong></span> 
     </span>
    </p>
   </div>
   <div class='ocr_carea' id='block_1_23' title="bbox 2006 733 3586 820">
    <p class='ocr_par' dir='ltr' id='par_1_23' title="bbox 2006 733 3586 820">
     <span class='ocr_line' id='line_1_23' title="bbox 2006 733 3586 820; baseline 0.001 -18"><span class='ocrx_word' id='word_1_162' title='bbox 2006 733 2252 816; x_wconf 68' lang='lat' dir='ltr'><strong>nunqu&#39;id</strong></span> <span class='ocrx_word' id='word_1_163' title='bbox 2313 758 2560 802; x_wconf 86' lang='lat' dir='ltr'><strong>creatura</strong></span> <span class='ocrx_word' id='word_1_164' title='bbox 2585 751 2635 801; x_wconf 91' lang='lat' dir='ltr'><strong>in</strong></span> <span class='ocrx_word' id='word_1_165' title='bbox 2662 750 2858 804; x_wconf 89' lang='lat' dir='ltr'><strong>nobis?</strong></span> <span class='ocrx_word' id='word_1_166' title='bbox 2887 751 3024 816; x_wconf 85' lang='lat' dir='ltr'><strong>Quid</strong></span> <span class='ocrx_word' id='word_1_167' title='bbox 3056 767 3185 820; x_wconf 78' lang='lat' dir='ltr'><strong>ergo</strong></span> <span class='ocrx_word' id='word_1_168' title='bbox 3236 759 3413 820; x_wconf 89' lang='lat' dir='ltr'><strong>potest</strong></span> <span class='ocrx_word' id='word_1_169' title='bbox 3433 766 3586 806; x_wconf 61' lang='lat' dir='ltr'><strong>crea—</strong></span> 
     </span>
    </p>
   </div>
   <div class='ocr_carea' id='block_1_24' title="bbox 2007 840 3586 909">
    <p class='ocr_par' dir='ltr' id='par_1_24' title="bbox 2007 840 3586 909">
     <span class='ocr_line' id='line_1_24' title="bbox 2007 840 3586 909; baseline 0 -17"><span class='ocrx_word' id='word_1_170' title='bbox 2007 840 2169 893; x_wconf 86' lang='lat' dir='ltr'><strong>tura?</strong></span> <span class='ocrx_word' id='word_1_171' title='bbox 2215 843 2491 909; x_wconf 86' lang='lat' dir='ltr'><strong>quomodo</strong></span> <span class='ocrx_word' id='word_1_172' title='bbox 2546 843 2676 895; x_wconf 74' lang='lat' dir='ltr'><strong>deos</strong></span> <span class='ocrx_word' id='word_1_173' title='bbox 2733 840 2902 895; x_wconf 80' lang='lat' dir='ltr'><strong>facit?</strong></span> <span class='ocrx_word' id='word_1_174' title='bbox 2958 843 3234 909; x_wconf 90' lang='lat' dir='ltr'><strong>quomodo</strong></span> <span class='ocrx_word' id='word_1_175' title='bbox 3279 841 3586 896; x_wconf 77' lang='lat' dir='ltr'><strong>emundat‘i</strong></span> 
     </span>
    </p>
   </div>
   <div class='ocr_carea' id='block_1_25' title="bbox 2006 931 3585 1002">
    <p class='ocr_par' dir='ltr' id='par_1_25' title="bbox 2006 931 3585 1002">
     <span class='ocr_line' id='line_1_25' title="bbox 2006 931 3585 1002; baseline 0 -18"><span class='ocrx_word' id='word_1_176' title='bbox 2006 933 2279 997; x_wconf 85' lang='lat' dir='ltr'><strong>quomodo</strong></span> <span class='ocrx_word' id='word_1_177' title='bbox 2303 932 2656 987; x_wconf 85' lang='lat' dir='ltr'><strong>sanctificat?</strong></span> <span class='ocrx_word' id='word_1_178' title='bbox 2683 931 2844 998; x_wconf 85' lang='lat' dir='ltr'><strong>&#39;Quid</strong></span> <span class='ocrx_word' id='word_1_179' title='bbox 2898 933 3173 988; x_wconf 83' lang='lat' dir='ltr'><strong>invocatio</strong></span> <span class='ocrx_word' id='word_1_180' title='bbox 3203 933 3392 1002; x_wconf 80' lang='lat' dir='ltr'><strong>gratiae</strong></span> <span class='ocrx_word' id='word_1_181' title='bbox 3445 933 3585 986; x_wconf 88' lang='lat' dir='ltr'><strong>Dei?</strong></span> 
     </span>
    </p>
   </div>
   <div class='ocr_carea' id='block_1_26' title="bbox 2005 1021 3581 1094">
    <p class='ocr_par' dir='ltr' id='par_1_26' title="bbox 2005 1021 3581 1094">
     <span class='ocr_line' id='line_1_26' title="bbox 2005 1021 3581 1094; baseline 0.001 -19"><span class='ocrx_word' id='word_1_182' title='bbox 2005 1021 2196 1077; x_wconf 85' lang='lat' dir='ltr'><strong>Nonne</strong></span> <span class='ocrx_word' id='word_1_183' title='bbox 2227 1024 2431 1094; x_wconf 87' lang='lat' dir='ltr'><strong>aliquid</strong></span> <span class='ocrx_word' id='word_1_184' title='bbox 2465 1024 2641 1078; x_wconf 80' lang='lat' dir='ltr'><strong>valet?</strong></span> <span class='ocrx_word' id='word_1_185' title='bbox 2671 1024 2843 1094; x_wconf 77' lang='lat' dir='ltr'><strong>Igitur</strong></span> <span class='ocrx_word' id='word_1_186' title='bbox 2874 1025 2929 1078; x_wconf 93' lang='lat' dir='ltr'><strong>in</strong></span> <span class='ocrx_word' id='word_1_187' title='bbox 2962 1024 3123 1079; x_wconf 90' lang='lat' dir='ltr'><strong>nobis</strong></span> <span class='ocrx_word' id='word_1_188' title='bbox 3158 1039 3268 1079; x_wconf 89' lang='lat' dir='ltr'><strong>non</strong></span> <span class='ocrx_word' id='word_1_189' title='bbox 3297 1034 3380 1078; x_wconf 84' lang='lat' dir='ltr'><strong>est</strong></span> <span class='ocrx_word' id='word_1_190' title='bbox 3410 1023 3581 1091; x_wconf 88' lang='lat' dir='ltr'><strong>Spiri-</strong></span> 
     </span>
    </p>
   </div>
   <div class='ocr_carea' id='block_1_27' title="bbox 2009 1115 3583 1185">
    <p class='ocr_par' dir='ltr' id='par_1_27' title="bbox 2009 1115 3583 1185">
     <span class='ocr_line' id='line_1_27' title="bbox 2009 1115 3583 1185; baseline 0.002 -18"><span class='ocrx_word' id='word_1_191' title='bbox 2009 1124 2096 1168; x_wconf 90' lang='lat' dir='ltr'><strong>tus</strong></span> <span class='ocrx_word' id='word_1_192' title='bbox 2129 1115 2359 1183; x_wconf 73' lang='lat' dir='ltr'><strong>gratite?</strong></span> <span class='ocrx_word' id='word_1_193' title='bbox 2393 1115 2533 1169; x_wconf 83' lang='lat' dir='ltr'><strong>Proh</strong></span> <span class='ocrx_word' id='word_1_194' title='bbox 2563 1117 2574 1168; x_wconf 86' lang='grc' dir='ltr'><strong>ι</strong></span> <span class='ocrx_word' id='word_1_195' title='bbox 2621 1115 2898 1170; x_wconf 86' lang='lat' dir='ltr'><strong>infandam</strong></span> <span class='ocrx_word' id='word_1_196' title='bbox 2953 1116 3385 1185; x_wconf 83' lang='lat' dir='ltr'><strong>blasphemiam!</strong></span> <span class='ocrx_word' id='word_1_197' title='bbox 3425 1118 3583 1184; x_wconf 79' lang='lat' dir='ltr'><strong>longe</strong></span> 
     </span>
    </p>
   </div>
   <div class='ocr_carea' id='block_1_28' title="bbox 2006 1204 3579 1276">
    <p class='ocr_par' dir='ltr' id='par_1_28' title="bbox 2006 1204 3579 1276">
     <span class='ocr_line' id='line_1_28' title="bbox 2006 1204 3579 1276; baseline 0.001 -17"><span class='ocrx_word' id='word_1_198' title='bbox 2006 1215 2092 1259; x_wconf 88' lang='lat' dir='ltr'><strong>est</strong></span> <span class='ocrx_word' id='word_1_199' title='bbox 2121 1220 2149 1258; x_wconf 90' lang='lat' dir='ltr'><strong>a</strong></span> <span class='ocrx_word' id='word_1_200' title='bbox 2180 1206 2355 1272; x_wconf 77' lang='lat' dir='ltr'><strong>gratia</strong></span> <span class='ocrx_word' id='word_1_201' title='bbox 2387 1204 2481 1260; x_wconf 89' lang='lat' dir='ltr'><strong>Dei</strong></span> <span class='ocrx_word' id='word_1_202' title='bbox 2519 1207 2610 1274; x_wconf 91' lang='lat' dir='ltr'><strong>qui</strong></span> <span class='ocrx_word' id='word_1_203' title='bbox 2645 1204 2735 1260; x_wconf 90' lang='lat' dir='ltr'><strong>Dei</strong></span> <span class='ocrx_word' id='word_1_204' title='bbox 2781 1207 3010 1276; x_wconf 77' lang='lat' dir='ltr'><strong>gratiam</strong></span> <span class='ocrx_word' id='word_1_205' title='bbox 3071 1222 3179 1260; x_wconf 89' lang='lat' dir='ltr'><strong>non</strong></span> <span class='ocrx_word' id='word_1_206' title='bbox 3245 1208 3530 1274; x_wconf 75' lang='lat' dir='ltr'><strong>profitetur</strong></span> <span class='ocrx_word' id='word_1_207' title='bbox 3561 1225 3579 1272; x_wconf 69' lang='grc' dir='ltr'><strong>ς</strong></span> 
     </span>
    </p>
   </div>
   <div class='ocr_carea' id='block_1_29' title="bbox 2007 1295 3575 1366">
    <p class='ocr_par' dir='ltr' id='par_1_29' title="bbox 2007 1295 3575 1366">
     <span class='ocr_line' id='line_1_29' title="bbox 2007 1295 3575 1366; baseline 0.001 -16"><span class='ocrx_word' id='word_1_208' title='bbox 2007 1296 2100 1351; x_wconf 88' lang='lat' dir='ltr'><strong>hic</strong></span> <span class='ocrx_word' id='word_1_209' title='bbox 2131 1297 2346 1351; x_wconf 91' lang='lat' dir='ltr'><strong>alienus</strong></span> <span class='ocrx_word' id='word_1_210' title='bbox 2381 1306 2466 1351; x_wconf 91' lang='lat' dir='ltr'><strong>est</strong></span> <span class='ocrx_word' id='word_1_211' title='bbox 2503 1311 2531 1350; x_wconf 92' lang='lat' dir='ltr'><strong>a</strong></span> <span class='ocrx_word' id='word_1_212' title='bbox 2586 1295 2792 1366; x_wconf 83' lang='lat' dir='ltr'><strong>Spiritu</strong></span> <span class='ocrx_word' id='word_1_213' title='bbox 2855 1295 2950 1350; x_wconf 89' lang='lat' dir='ltr'><strong>Dei</strong></span> <span class='ocrx_word' id='word_1_214' title='bbox 3006 1300 3290 1366; x_wconf 76' lang='lat' dir='ltr'><strong>gratiaque</strong></span> <span class='ocrx_word' id='word_1_215' title='bbox 3348 1314 3575 1364; x_wconf 85' lang='lat' dir='ltr'><strong>vacttns,</strong></span> 
     </span>
    </p>
   </div>
   <div class='ocr_carea' id='block_1_30' title="bbox 2005 1387 3580 1459">
    <p class='ocr_par' dir='ltr' id='par_1_30' title="bbox 2005 1387 3580 1459">
     <span class='ocr_line' id='line_1_30' title="bbox 2005 1387 3580 1459; baseline 0.003 -20"><span class='ocrx_word' id='word_1_216' title='bbox 2005 1401 2184 1454; x_wconf 88' lang='lat' dir='ltr'><strong>neque</strong></span> <span class='ocrx_word' id='word_1_217' title='bbox 2211 1387 2532 1441; x_wconf 88' lang='lat' dir='ltr'><strong>societatem</strong></span> <span class='ocrx_word' id='word_1_218' title='bbox 2592 1388 2912 1442; x_wconf 87' lang='lat' dir='ltr'><strong>habetcum</strong></span> <span class='ocrx_word' id='word_1_219' title='bbox 2975 1390 3162 1443; x_wconf 92' lang='lat' dir='ltr'><strong>divino</strong></span> <span class='ocrx_word' id='word_1_220' title='bbox 3225 1391 3454 1459; x_wconf 78' lang='lat' dir='ltr'><strong>Spiritu.</strong></span> <span class='ocrx_word' id='word_1_221' title='bbox 3495 1393 3580 1443; x_wconf 71' lang='lat' dir='ltr'><strong>vel</strong></span> 
     </span>
    </p>
   </div>
   <div class='ocr_carea' id='block_1_31' title="bbox 2008 1465 3579 1557">
    <p class='ocr_par' dir='ltr' id='par_1_31' title="bbox 2008 1465 3579 1557">
     <span class='ocr_line' id='line_1_31' title="bbox 2008 1465 3579 1557; baseline 0.004 -27"><span class='ocrx_word' id='word_1_222' title='bbox 2008 1479 2181 1557; x_wconf 75' lang='lat' dir='ltr'><strong>magis</strong></span> <span class='ocrx_word' id='word_1_223' title='bbox 2209 1479 2402 1547; x_wconf 91' lang='lat' dir='ltr'><strong>plenus</strong></span> <span class='ocrx_word' id='word_1_224' title='bbox 2442 1465 2528 1534; x_wconf 84' lang='lat' dir='ltr'><strong>est</strong></span> <span class='ocrx_word' id='word_1_225' title='bbox 2565 1481 2728 1535; x_wconf 89' lang='lat' dir='ltr'><strong>alieni</strong></span> <span class='ocrx_word' id='word_1_226' title='bbox 2765 1479 3022 1550; x_wconf 91' lang='lat' dir='ltr'><strong>Spiritus,</strong></span> <span class='ocrx_word' id='word_1_227' title='bbox 3092 1497 3283 1551; x_wconf 90' lang='lat' dir='ltr'><strong>nempe</strong></span> <span class='ocrx_word' id='word_1_228' title='bbox 3340 1484 3579 1553; x_wconf 85' lang='lat' dir='ltr'><strong>Spiritus</strong></span> 
     </span>
    </p>
   </div>
   <div class='ocr_carea' id='block_1_32' title="bbox 2007 1573 3581 1644">
    <p class='ocr_par' dir='ltr' id='par_1_32' title="bbox 2007 1573 3581 1644">
     <span class='ocr_line' id='line_1_32' title="bbox 2007 1573 3581 1644; baseline 0.001 -16"><span class='ocrx_word' id='word_1_229' title='bbox 2007 1573 2205 1642; x_wconf 68' lang='lat' dir='ltr'><strong>iniquae</strong></span> <span class='ocrx_word' id='word_1_230' title='bbox 2237 1574 2549 1642; x_wconf 86' lang='lat' dir='ltr'><strong>potestatis,</strong></span> <span class='ocrx_word' id='word_1_231' title='bbox 2582 1576 2741 1644; x_wconf 88' lang='lat' dir='ltr'><strong>cujus</strong></span> <span class='ocrx_word' id='word_1_232' title='bbox 2799 1577 3008 1631; x_wconf 89' lang='lat' dir='ltr'><strong>nefaria</strong></span> <span class='ocrx_word' id='word_1_233' title='bbox 3041 1585 3096 1630; x_wconf 90' lang='lat' dir='ltr'><strong>et</strong></span> <span class='ocrx_word' id='word_1_234' title='bbox 3127 1579 3410 1630; x_wconf 89' lang='lat' dir='ltr'><strong>tenebrosa</strong></span> <span class='ocrx_word' id='word_1_235' title='bbox 3451 1593 3581 1644; x_wconf 83' lang='lat' dir='ltr'><strong>ope-</strong></span> 
     </span>
    </p>
   </div>
   <div class='ocr_carea' id='block_1_33' title="bbox 2010 1666 3585 1740">
    <p class='ocr_par' dir='ltr' id='par_1_33' title="bbox 2010 1666 3585 1740">
     <span class='ocr_line' id='line_1_33' title="bbox 2010 1666 3585 1740; baseline 0.003 -21"><span class='ocrx_word' id='word_1_236' title='bbox 2010 1666 2222 1721; x_wconf 86' lang='lat' dir='ltr'><strong>ratione</strong></span> <span class='ocrx_word' id='word_1_237' title='bbox 2250 1666 2538 1726; x_wconf 89' lang='lat' dir='ltr'><strong>Trinitatis</strong></span> <span class='ocrx_word' id='word_1_238' title='bbox 2573 1671 2802 1740; x_wconf 77' lang='lat' dir='ltr'><strong>gratiam</strong></span> <span class='ocrx_word' id='word_1_239' title='bbox 2862 1671 3238 1738; x_wconf 90' lang='lat' dir='ltr'><strong>nequissimus</strong></span> <span class='ocrx_word' id='word_1_240' title='bbox 3292 1671 3585 1738; x_wconf 75' lang='lat' dir='ltr'><strong>abnegavit</strong></span> 
     </span>
    </p>
   </div>
   <div class='ocr_carea' id='block_1_34' title="bbox 327 1757 1910 1832">
    <p class='ocr_par' dir='ltr' id='par_1_34' title="bbox 327 1757 1898 1832">
     <span class='ocr_line' id='line_1_34' title="bbox 327 1757 1898 1832; baseline 0.005 -24"><span class='ocrx_word' id='word_1_241' title='bbox 327 1757 567 1828; x_wconf 82' lang='grc' dir='ltr'><strong>Τριάδος</strong></span> <span class='ocrx_word' id='word_1_242' title='bbox 596 1758 873 1827; x_wconf 79' lang='grc' dir='ltr'><strong>ἠρνήσατο</strong></span> <span class='ocrx_word' id='word_1_243' title='bbox 901 1757 1062 1828; x_wconf 82' lang='grc' dir='ltr'><strong>χάριν</strong></span> <span class='ocrx_word' id='word_1_244' title='bbox 1093 1759 1120 1810; x_wconf 88' lang='grc' dir='ltr'><strong>ό</strong></span> <span class='ocrx_word' id='word_1_245' title='bbox 1147 1759 1400 1824; x_wconf 80' lang='grc' dir='ltr'><strong>δείλαιος,</strong></span> <span class='ocrx_word' id='word_1_246' title='bbox 1439 1761 1513 1824; x_wconf 85' lang='grc' dir='ltr'><strong>ὠς</strong></span> <span class='ocrx_word' id='word_1_247' title='bbox 1548 1761 1776 1832; x_wconf 74' lang='grc' dir='ltr'><strong>ἀνόητος</strong></span> <span class='ocrx_word' id='word_1_248' title='bbox 1797 1761 1898 1827; x_wconf 86' lang='grc' dir='ltr'><strong>ὣν,</strong></span> 
     </span>
    </p>
   </div>
   <div class='ocr_carea' id='block_1_35' title="bbox 2013 1757 3585 1832">
    <p class='ocr_par' dir='ltr' id='par_1_35' title="bbox 2013 1760 3585 1828">
     <span class='ocr_line' id='line_1_35' title="bbox 2013 1760 3585 1828; baseline 0 -14"><span class='ocrx_word' id='word_1_249' title='bbox 2013 1767 2197 1828; x_wconf 89' lang='lat' dir='ltr'><strong>utpote</strong></span> <span class='ocrx_word' id='word_1_250' title='bbox 2261 1776 2474 1828; x_wconf 88' lang='lat' dir='ltr'><strong>amens,</strong></span> <span class='ocrx_word' id='word_1_251' title='bbox 2540 1763 2852 1817; x_wconf 84' lang='lat' dir='ltr'><strong>insensatus</strong></span> <span class='ocrx_word' id='word_1_252' title='bbox 2916 1772 2971 1817; x_wconf 90' lang='lat' dir='ltr'><strong>et</strong></span> <span class='ocrx_word' id='word_1_253' title='bbox 3032 1763 3213 1817; x_wconf 89' lang='lat' dir='ltr'><strong>inania</strong></span> <span class='ocrx_word' id='word_1_254' title='bbox 3268 1761 3333 1815; x_wconf 88' lang='lat' dir='ltr'><strong>de</strong></span> <span class='ocrx_word' id='word_1_255' title='bbox 3387 1760 3585 1815; x_wconf 77' lang='lat' dir='ltr'><strong>divinis</strong></span> 
     </span>
    </p>
   </div>
   <div class='ocr_carea' id='block_1_36' title="bbox 329 1847 1896 1926">
    <p class='ocr_par' dir='ltr' id='par_1_36' title="bbox 329 1847 1896 1926">
     <span class='ocr_line' id='line_1_36' title="bbox 329 1847 1896 1926; baseline 0.007 -27"><span class='ocrx_word' id='word_1_256' title='bbox 329 1848 666 1918; x_wconf 78' lang='grc' dir='ltr'><strong>μωρανθεὶς,</strong></span> <span class='ocrx_word' id='word_1_257' title='bbox 700 1847 798 1901; x_wconf 71' lang='grc' dir='ltr'><strong>καὶ</strong></span> <span class='ocrx_word' id='word_1_258' title='bbox 825 1849 954 1918; x_wconf 78' lang='grc' dir='ltr'><strong>περὶ</strong></span> <span class='ocrx_word' id='word_1_259' title='bbox 986 1849 1094 1900; x_wconf 84' lang='grc' dir='ltr'><strong>τῶν</strong></span> <span class='ocrx_word' id='word_1_260' title='bbox 1115 1847 1277 1902; x_wconf 80' lang='grc' dir='ltr'><strong>θείων</strong></span> <span class='ocrx_word' id='word_1_261' title='bbox 1306 1851 1440 1905; x_wconf 79' lang='grc' dir='ltr'><strong>κενὰ</strong></span> <span class='ocrx_word' id='word_1_262' title='bbox 1476 1854 1896 1926; x_wconf 84' lang='grc' dir='ltr'><strong>μεμελετηκώς.</strong></span> 
     </span>
    </p>
   </div>
   <div class='ocr_carea' id='block_1_37' title="bbox 326 1936 1901 2018">
    <p class='ocr_par' dir='ltr' id='par_1_37' title="bbox 326 1936 1901 2018">
     <span class='ocr_line' id='line_1_37' title="bbox 326 1936 1901 2018; baseline 0.008 -27"><span class='ocrx_word' id='word_1_263' title='bbox 326 1940 446 1992; x_wconf 86' lang='lat' dir='ltr'><strong>Kal</strong></span> <span class='ocrx_word' id='word_1_264' title='bbox 477 1939 536 1992; x_wconf 78' lang='grc' dir='ltr'><strong>τὸ</strong></span> <span class='ocrx_word' id='word_1_265' title='bbox 561 1939 676 2008; x_wconf 80' lang='grc' dir='ltr'><strong>φῶς</strong></span> <span class='ocrx_word' id='word_1_266' title='bbox 702 1937 800 1992; x_wconf 88' lang='grc' dir='ltr'><strong>τοῦ</strong></span> <span class='ocrx_word' id='word_1_267' title='bbox 829 1939 966 1993; x_wconf 88' lang='grc' dir='ltr'><strong>Θεοῦ</strong></span> <span class='ocrx_word' id='word_1_268' title='bbox 997 1942 1099 1994; x_wconf 80' lang='grc' dir='ltr'><strong>οὐκ</strong></span> <span class='ocrx_word' id='word_1_269' title='bbox 1133 1936 1294 2010; x_wconf 67' lang='grc' dir='ltr'><strong>οἶδεν,</strong></span> <span class='ocrx_word' id='word_1_270' title='bbox 1328 1943 1411 1995; x_wconf 84' lang='grc' dir='ltr'><strong>ὅτι</strong></span> <span class='ocrx_word' id='word_1_271' title='bbox 1455 1945 1616 1999; x_wconf 89' lang='grc' dir='ltr'><strong>τοῦτο</strong></span> <span class='ocrx_word' id='word_1_272' title='bbox 1642 1947 1901 2018; x_wconf 75' lang='grc' dir='ltr'><strong>ἠθέτησε.</strong></span> 
     </span>
    </p>
   </div>
   <div class='ocr_carea' id='block_1_38' title="bbox 325 2029 1904 2108">
    <p class='ocr_par' dir='ltr' id='par_1_38' title="bbox 325 2029 1904 2108">
     <span class='ocr_line' id='line_1_38' title="bbox 325 2029 1904 2108; baseline 0.007 -26"><span class='ocrx_word' id='word_1_273' title='bbox 325 2031 444 2083; x_wconf 85' lang='lat' dir='ltr'><strong>Kal</strong></span> <span class='ocrx_word' id='word_1_274' title='bbox 480 2029 557 2100; x_wconf 82' lang='grc' dir='ltr'><strong>μὴ</strong></span> <span class='ocrx_word' id='word_1_275' title='bbox 584 2030 840 2100; x_wconf 80' lang='grc' dir='ltr'><strong>θελήσας,</strong></span> <span class='ocrx_word' id='word_1_276' title='bbox 868 2032 968 2084; x_wconf 79' lang='grc' dir='ltr'><strong>οὐκ</strong></span> <span class='ocrx_word' id='word_1_277' title='bbox 1005 2032 1271 2102; x_wconf 76' lang='grc' dir='ltr'><strong>ὴθελήθη.</strong></span> <span class='ocrx_word' id='word_1_278' title='bbox 1309 2036 1418 2089; x_wconf 84' lang='lat' dir='ltr'><strong>Kal</strong></span> <span class='ocrx_word' id='word_1_279' title='bbox 1447 2037 1546 2090; x_wconf 76' lang='grc' dir='ltr'><strong>οὐκ</strong></span> <span class='ocrx_word' id='word_1_280' title='bbox 1599 2037 1737 2106; x_wconf 77' lang='grc' dir='ltr'><strong>ἔγνω</strong></span> <span class='ocrx_word' id='word_1_281' title='bbox 1769 2039 1904 2108; x_wconf 77' lang='grc' dir='ltr'><strong>ψάλ-</strong></span> 
     </span>
    </p>
   </div>
   <div class='ocr_carea' id='block_1_39' title="bbox 325 2122 1904 2202">
    <p class='ocr_par' dir='ltr' id='par_1_39' title="bbox 325 2122 1904 2202">
     <span class='ocr_line' id='line_1_39' title="bbox 325 2122 1904 2202; baseline 0.006 -28"><span class='ocrx_word' id='word_1_282' title='bbox 325 2123 447 2174; x_wconf 85' lang='grc' dir='ltr'><strong>λειν</strong></span> <span class='ocrx_word' id='word_1_283' title='bbox 483 2123 621 2192; x_wconf 87' lang='grc' dir='ltr'><strong>μετὰ</strong></span> <span class='ocrx_word' id='word_1_284' title='bbox 647 2122 743 2175; x_wconf 85' lang='grc' dir='ltr'><strong>τοῦ</strong></span> <span class='ocrx_word' id='word_1_285' title='bbox 786 2123 976 2188; x_wconf 76' lang='grc' dir='ltr'><strong>Δαὸὶδ,</strong></span> <span class='ocrx_word' id='word_1_286' title='bbox 1019 2143 1037 2175; x_wconf 84' lang='lat' dir='ltr'><strong>t</strong></span> <span class='ocrx_word' id='word_1_287' title='bbox 1070 2125 1182 2178; x_wconf 83' lang='lat' dir='ltr'><strong>Kal</strong></span> <span class='ocrx_word' id='word_1_288' title='bbox 1216 2127 1358 2180; x_wconf 76' lang='grc' dir='ltr'><strong>ἔστω</strong></span> <span class='ocrx_word' id='word_1_289' title='bbox 1386 2129 1420 2198; x_wconf 81' lang='grc' dir='ltr'>ή</span> <span class='ocrx_word' id='word_1_290' title='bbox 1445 2127 1767 2202; x_wconf 83' lang='grc' dir='ltr'><strong>λαμπρότης</strong></span> <span class='ocrx_word' id='word_1_291' title='bbox 1794 2133 1904 2184; x_wconf 86' lang='lat' dir='ltr'><strong>Ku-</strong></span> 
     </span>
    </p>
   </div>
   <div class='ocr_carea' id='block_1_40' title="bbox 329 2214 1905 2288">
    <p class='ocr_par' dir='ltr' id='par_1_40' title="bbox 329 2214 1905 2288">
     <span class='ocr_line' id='line_1_40' title="bbox 329 2214 1905 2288; baseline 0.008 -22"><span class='ocrx_word' id='word_1_292' title='bbox 329 2215 453 2282; x_wconf 85' lang='grc' dir='ltr'><strong>ρίου</strong></span> <span class='ocrx_word' id='word_1_293' title='bbox 478 2214 574 2267; x_wconf 85' lang='grc' dir='ltr'><strong>τοῦ</strong></span> <span class='ocrx_word' id='word_1_294' title='bbox 605 2214 739 2267; x_wconf 83' lang='grc' dir='ltr'><strong>Θεοῦ</strong></span> <span class='ocrx_word' id='word_1_295' title='bbox 765 2216 923 2286; x_wconf 76' lang='grc' dir='ltr'><strong>ἡμῶν</strong></span> <span class='ocrx_word' id='word_1_296' title='bbox 953 2217 1036 2285; x_wconf 72' lang='grc' dir='ltr'><strong>ἐφ’</strong></span> <span class='ocrx_word' id='word_1_297' title='bbox 1061 2219 1229 2288; x_wconf 78' lang='grc' dir='ltr'><strong>ἡμᾶς,</strong></span> <span class='ocrx_word' id='word_1_298' title='bbox 1259 2237 1277 2270; x_wconf 73' lang='grc' dir='ltr'><strong>ι</strong></span> <span class='ocrx_word' id='word_1_299' title='bbox 1315 2222 1431 2285; x_wconf 82' lang='grc' dir='ltr'><strong>καὶ,</strong></span> <span class='ocrx_word' id='word_1_300' title='bbox 1457 2239 1475 2272; x_wconf 81' lang='grc' dir='ltr'><strong>ι</strong></span> <span class='ocrx_word' id='word_1_301' title='bbox 1505 2223 1746 2276; x_wconf 78' lang='grc' dir='ltr'><strong>Φὼτισον</strong></span> <span class='ocrx_word' id='word_1_302' title='bbox 1775 2225 1905 2288; x_wconf 81' lang='grc' dir='ltr'><strong>τοὺς</strong></span> 
     </span>
    </p>
   </div>
   <div class='ocr_carea' id='block_1_41' title="bbox 327 2302 1900 2376">
    <p class='ocr_par' dir='ltr' id='par_1_41' title="bbox 327 2302 1900 2376">
     <span class='ocr_line' id='line_1_41' title="bbox 327 2302 1900 2376; baseline 0.009 -23"><span class='ocrx_word' id='word_1_303' title='bbox 327 2302 652 2372; x_wconf 80' lang='grc' dir='ltr'><strong>ὀφθαλμούς</strong></span> <span class='ocrx_word' id='word_1_304' title='bbox 691 2321 819 2374; x_wconf 88' lang='grc' dir='ltr'><strong>μου,</strong></span> <span class='ocrx_word' id='word_1_305' title='bbox 887 2306 1096 2376; x_wconf 82' lang='grc' dir='ltr'><strong>μήποτε</strong></span> <span class='ocrx_word' id='word_1_306' title='bbox 1150 2308 1386 2362; x_wconf 84' lang='grc' dir='ltr'><strong>ὑπνώσω</strong></span> <span class='ocrx_word' id='word_1_307' title='bbox 1441 2313 1522 2374; x_wconf 89' lang='grc' dir='ltr'><strong>είς</strong></span> <span class='ocrx_word' id='word_1_308' title='bbox 1573 2311 1820 2373; x_wconf 84' lang='grc' dir='ltr'><strong>θάνατον.</strong></span> <span class='ocrx_word' id='word_1_309' title='bbox 1879 2331 1900 2366; x_wconf 74' lang='grc' dir='ltr'><strong>ι</strong></span> 
     </span>
    </p>
   </div>
   <div class='ocr_carea' id='block_1_42' title="bbox 329 2394 1905 2475">
    <p class='ocr_par' dir='ltr' id='par_1_42' title="bbox 329 2394 1905 2475">
     <span class='ocr_line' id='line_1_42' title="bbox 329 2394 1905 2475; baseline 0.006 -25"><span class='ocrx_word' id='word_1_310' title='bbox 329 2394 472 2450; x_wconf 77' lang='grc' dir='ltr'><strong>Οὐδὲ</strong></span> <span class='ocrx_word' id='word_1_311' title='bbox 500 2397 598 2462; x_wconf 83' lang='grc' dir='ltr'><strong>τῆς</strong></span> <span class='ocrx_word' id='word_1_312' title='bbox 629 2397 722 2450; x_wconf 87' lang='grc' dir='ltr'><strong>τοῦ</strong></span> <span class='ocrx_word' id='word_1_313' title='bbox 768 2397 904 2450; x_wconf 88' lang='grc' dir='ltr'><strong>Θεοῦ</strong></span> <span class='ocrx_word' id='word_1_314' title='bbox 966 2399 1242 2466; x_wconf 83' lang='grc' dir='ltr'><strong>βασιλείας</strong></span> <span class='ocrx_word' id='word_1_315' title='bbox 1286 2401 1518 2471; x_wconf 73' lang='grc' dir='ltr'><strong>ἠθέλησε</strong></span> <span class='ocrx_word' id='word_1_316' title='bbox 1571 2405 1905 2475; x_wconf 80' lang='grc' dir='ltr'><strong>κληρονόμος</strong></span> 
     </span>
    </p>
   </div>
   <div class='ocr_carea' id='block_1_43' title="bbox 329 2489 1905 2566">
    <p class='ocr_par' dir='ltr' id='par_1_43' title="bbox 329 2489 1905 2566">
     <span class='ocr_line' id='line_1_43' title="bbox 329 2489 1905 2566; baseline 0.008 -27"><span class='ocrx_word' id='word_1_317' title='bbox 329 2490 678 2556; x_wconf 72' lang='grc' dir='ltr'><strong>ἀναφανῆναι</strong></span> <span class='ocrx_word' id='word_1_318' title='bbox 704 2490 827 2543; x_wconf 87' lang='grc' dir='ltr'><strong>κατ’</strong></span> <span class='ocrx_word' id='word_1_319' title='bbox 850 2492 1118 2556; x_wconf 80' lang='grc' dir='ltr'><strong>ἐκείνους,</strong></span> <span class='ocrx_word' id='word_1_320' title='bbox 1156 2494 1286 2563; x_wconf 74' lang='grc' dir='ltr'><strong>περὶ</strong></span> <span class='ocrx_word' id='word_1_321' title='bbox 1317 2489 1391 2546; x_wconf 82' lang='grc' dir='ltr'><strong>ὧν</strong></span> <span class='ocrx_word' id='word_1_322' title='bbox 1427 2495 1666 2566; x_wconf 74' lang='grc' dir='ltr'><strong>εἴρηται,</strong></span> <span class='ocrx_word' id='word_1_323' title='bbox 1705 2515 1724 2547; x_wconf 80' lang='lat' dir='ltr'><strong>t</strong></span> <span class='ocrx_word' id='word_1_324' title='bbox 1756 2497 1905 2551; x_wconf 82' lang='grc' dir='ltr'><strong>Οἴτι-</strong></span> 
     </span>
    </p>
   </div>
   <div class='ocr_carea' id='block_1_44' title="bbox 332 2582 1905 2661">
    <p class='ocr_par' dir='ltr' id='par_1_44' title="bbox 332 2582 1905 2661">
     <span class='ocr_line' id='line_1_44' title="bbox 332 2582 1905 2661; baseline 0.006 -28"><span class='ocrx_word' id='word_1_325' title='bbox 332 2598 427 2645; x_wconf 88' lang='grc' dir='ltr'><strong>νες</strong></span> <span class='ocrx_word' id='word_1_326' title='bbox 465 2583 525 2634; x_wconf 83' lang='grc' dir='ltr'><strong>οῦ</strong></span> <span class='ocrx_word' id='word_1_327' title='bbox 567 2582 642 2653; x_wconf 81' lang='grc' dir='ltr'><strong>μὴ</strong></span> <span class='ocrx_word' id='word_1_328' title='bbox 693 2583 1001 2651; x_wconf 82' lang='grc' dir='ltr'><strong>γεύσωνται</strong></span> <span class='ocrx_word' id='word_1_329' title='bbox 1051 2585 1308 2653; x_wconf 90' lang='grc' dir='ltr'><strong>θανάτου,</strong></span> <span class='ocrx_word' id='word_1_330' title='bbox 1364 2588 1469 2652; x_wconf 76' lang='grc' dir='ltr'><strong>ἕως</strong></span> <span class='ocrx_word' id='word_1_331' title='bbox 1504 2589 1570 2641; x_wconf 82' lang='grc' dir='ltr'><strong>ἂν</strong></span> <span class='ocrx_word' id='word_1_332' title='bbox 1605 2590 1758 2643; x_wconf 83' lang='grc' dir='ltr'><strong>ίδωσι</strong></span> <span class='ocrx_word' id='word_1_333' title='bbox 1805 2592 1905 2661; x_wconf 79' lang='grc' dir='ltr'><strong>τὴν</strong></span> 
     </span>
    </p>
   </div>
   <div class='ocr_carea' id='block_1_45' title="bbox 333 2671 1906 2754">
    <p class='ocr_par' dir='ltr' id='par_1_45' title="bbox 333 2671 1906 2754">
     <span class='ocr_line' id='line_1_45' title="bbox 333 2671 1906 2754; baseline 0.008 -29"><span class='ocrx_word' id='word_1_334' title='bbox 333 2671 618 2742; x_wconf 76' lang='grc' dir='ltr'><strong>βασιλείαν</strong></span> <span class='ocrx_word' id='word_1_335' title='bbox 653 2675 748 2727; x_wconf 89' lang='grc' dir='ltr'><strong>τοῦ</strong></span> <span class='ocrx_word' id='word_1_336' title='bbox 776 2675 911 2728; x_wconf 83' lang='grc' dir='ltr'><strong>Θεοῦ</strong></span> <span class='ocrx_word' id='word_1_337' title='bbox 941 2677 1264 2747; x_wconf 77' lang='grc' dir='ltr'><strong>ἐληλυθυῖαν</strong></span> <span class='ocrx_word' id='word_1_338' title='bbox 1296 2683 1353 2732; x_wconf 83' lang='grc' dir='ltr'><strong>ὲν</strong></span> <span class='ocrx_word' id='word_1_339' title='bbox 1378 2681 1628 2751; x_wconf 81' lang='grc' dir='ltr'><strong>δυνάμει,</strong></span> <span class='ocrx_word' id='word_1_340' title='bbox 1667 2701 1686 2732; x_wconf 73' lang='grc' dir='ltr'><strong>ι</strong></span> <span class='ocrx_word' id='word_1_341' title='bbox 1715 2683 1782 2754; x_wconf 74' lang='grc' dir='ltr'><strong>ἢν</strong></span> <span class='ocrx_word' id='word_1_342' title='bbox 1814 2684 1906 2737; x_wconf 87' lang='grc' dir='ltr'><strong>καὶ</strong></span> 
     </span>
    </p>
   </div>
   <div class='ocr_carea' id='block_1_46' title="bbox 331 2753 1907 2845">
    <p class='ocr_par' dir='ltr' id='par_1_46' title="bbox 331 2753 1907 2845">
     <span class='ocr_line' id='line_1_46' title="bbox 331 2753 1907 2845; baseline 0.008 -28"><span class='ocrx_word' id='word_1_343' title='bbox 331 2762 476 2818; x_wconf 77' lang='grc' dir='ltr'><strong>εἶδον</strong></span> <span class='ocrx_word' id='word_1_344' title='bbox 510 2769 568 2819; x_wconf 74' lang='grc' dir='ltr'><strong>ἑν</strong></span> <span class='ocrx_word' id='word_1_345' title='bbox 609 2753 685 2836; x_wconf 84' lang='grc' dir='ltr'><strong>τῷ</strong></span> <span class='ocrx_word' id='word_1_346' title='bbox 712 2767 831 2836; x_wconf 85' lang='grc' dir='ltr'><strong>δρει</strong></span> <span class='ocrx_word' id='word_1_347' title='bbox 883 2768 1005 2822; x_wconf 75' lang='grc' dir='ltr'><strong>καθ’</strong></span> <span class='ocrx_word' id='word_1_348' title='bbox 1039 2771 1165 2823; x_wconf 75' lang='grc' dir='ltr'><strong>ὅσον</strong></span> <span class='ocrx_word' id='word_1_349' title='bbox 1221 2773 1506 2841; x_wconf 76' lang='grc' dir='ltr'><strong>ἠδύναντο,</strong></span> <span class='ocrx_word' id='word_1_350' title='bbox 1566 2776 1626 2828; x_wconf 82' lang='grc' dir='ltr'><strong>τὸ</strong></span> <span class='ocrx_word' id='word_1_351' title='bbox 1673 2777 1788 2845; x_wconf 71' lang='grc' dir='ltr'><strong>φῶς</strong></span> <span class='ocrx_word' id='word_1_352' title='bbox 1847 2779 1907 2831; x_wconf 73' lang='grc' dir='ltr'><strong>τὸ</strong></span> 
     </span>
    </p>
   </div>
   <div class='ocr_carea' id='block_1_47' title="bbox 331 2859 1907 2938">
    <p class='ocr_par' dir='ltr' id='par_1_47' title="bbox 331 2859 1907 2938">
     <span class='ocr_line' id='line_1_47' title="bbox 331 2859 1907 2938; baseline 0.008 -28"><span class='ocrx_word' id='word_1_353' title='bbox 331 2859 659 2926; x_wconf 78' lang='grc' dir='ltr'><strong>ἀνέσπερον,</strong></span> <span class='ocrx_word' id='word_1_354' title='bbox 693 2859 761 2912; x_wconf 89' lang='grc' dir='ltr'><strong>δι’</strong></span> <span class='ocrx_word' id='word_1_355' title='bbox 790 2859 849 2913; x_wconf 83' lang='grc' dir='ltr'><strong>οῦ</strong></span> <span class='ocrx_word' id='word_1_356' title='bbox 884 2863 978 2914; x_wconf 75' lang='grc' dir='ltr'><strong>καὶ</strong></span> <span class='ocrx_word' id='word_1_357' title='bbox 1015 2864 1062 2915; x_wconf 90' lang='grc' dir='ltr'><strong>οἱ</strong></span> <span class='ocrx_word' id='word_1_358' title='bbox 1106 2862 1306 2916; x_wconf 85' lang='grc' dir='ltr'><strong>δίκαιοι</strong></span> <span class='ocrx_word' id='word_1_359' title='bbox 1356 2866 1476 2919; x_wconf 87' lang='grc' dir='ltr'><strong>τότε</strong></span> <span class='ocrx_word' id='word_1_360' title='bbox 1532 2867 1907 2938; x_wconf 63' lang='grc' dir='ltr'><strong>ἐκλάμψουσιν</strong></span> 
     </span>
    </p>
   </div>
   <div class='ocr_carea' id='block_1_48' title="bbox 331 2947 1904 3031">
    <p class='ocr_par' dir='ltr' id='par_1_48' title="bbox 331 2947 1904 3031">
     <span class='ocr_line' id='line_1_48' title="bbox 331 2947 1904 3031; baseline 0.01 -30"><span class='ocrx_word' id='word_1_361' title='bbox 331 2947 406 3031; x_wconf 75' lang='grc' dir='ltr'><strong>ὡς</strong></span> <span class='ocrx_word' id='word_1_362' title='bbox 439 2953 466 3002; x_wconf 83' lang='grc' dir='ltr'>ὁ</span> <span class='ocrx_word' id='word_1_363' title='bbox 497 2950 672 3019; x_wconf 68' lang='grc' dir='ltr'><strong>ἥλιος,</strong></span> <span class='ocrx_word' id='word_1_364' title='bbox 705 2951 780 3015; x_wconf 81' lang='grc' dir='ltr'><strong>ὡς</strong></span> <span class='ocrx_word' id='word_1_365' title='bbox 835 2954 864 3005; x_wconf 90' lang='grc' dir='ltr'><strong>ό</strong></span> <span class='ocrx_word' id='word_1_366' title='bbox 893 2953 992 3022; x_wconf 83' lang='grc' dir='ltr'><strong>τῆς</strong></span> <span class='ocrx_word' id='word_1_367' title='bbox 1057 2953 1410 3026; x_wconf 82' lang='grc' dir='ltr'><strong>δικαιοσύνης</strong></span> <span class='ocrx_word' id='word_1_368' title='bbox 1458 2957 1697 3024; x_wconf 72' lang='grc' dir='ltr'><strong>ἐδίδαξεν</strong></span> <span class='ocrx_word' id='word_1_369' title='bbox 1733 2961 1904 3031; x_wconf 77' lang='grc' dir='ltr'><strong>ἥλιος.</strong></span> 
     </span>
    </p>
   </div>
   <div class='ocr_carea' id='block_1_49' title="bbox 334 3029 1906 3116">
    <p class='ocr_par' dir='ltr' id='par_1_49' title="bbox 334 3029 1906 3116">
     <span class='ocr_line' id='line_1_49' title="bbox 334 3029 1906 3116; baseline 0.009 -24"><span class='ocrx_word' id='word_1_370' title='bbox 334 3029 470 3109; x_wconf 68' lang='grc' dir='ltr'><strong>Περὶ</strong></span> <span class='ocrx_word' id='word_1_371' title='bbox 497 3035 565 3110; x_wconf 77' lang='grc' dir='ltr'><strong>ἦς</strong></span> <span class='ocrx_word' id='word_1_372' title='bbox 589 3035 973 3112; x_wconf 64' lang='grc' dir='ltr'><strong>λαμπρότητος</strong></span> <span class='ocrx_word' id='word_1_373' title='bbox 1007 3046 1100 3097; x_wconf 79' lang='grc' dir='ltr'><strong>καὶ</strong></span> <span class='ocrx_word' id='word_1_374' title='bbox 1123 3046 1150 3096; x_wconf 85' lang='grc' dir='ltr'><strong>ό</strong></span> <span class='ocrx_word' id='word_1_375' title='bbox 1175 3045 1236 3098; x_wconf 83' lang='grc' dir='ltr'><strong>τὸ</strong></span> <span class='ocrx_word' id='word_1_376' title='bbox 1263 3047 1377 3115; x_wconf 74' lang='grc' dir='ltr'><strong>φῶς</strong></span> <span class='ocrx_word' id='word_1_377' title='bbox 1424 3049 1600 3104; x_wconf 76' lang='grc' dir='ltr'><strong>ἐκεῖνο</strong></span> <span class='ocrx_word' id='word_1_378' title='bbox 1640 3029 1766 3105; x_wconf 77' lang='grc' dir='ltr'><strong>ἰδὼν</strong></span> <span class='ocrx_word' id='word_1_379' title='bbox 1795 3054 1906 3116; x_wconf 83' lang='grc' dir='ltr'><strong>υίὸς</strong></span> 
     </span>
    </p>
   </div>
   <div class='ocr_carea' id='block_1_50' title="bbox 331 3109 1980 3211">
    <p class='ocr_par' dir='ltr' id='par_1_50' title="bbox 331 3109 1980 3211">
     <span class='ocr_line' id='line_1_50' title="bbox 331 3109 1980 3211; baseline 0.011 -29"><span class='ocrx_word' id='word_1_380' title='bbox 331 3131 434 3199; x_wconf 79' lang='grc' dir='ltr'><strong>τῆς</strong></span> <span class='ocrx_word' id='word_1_381' title='bbox 465 3109 698 3202; x_wconf 79' lang='grc' dir='ltr'><strong>βροντῆς</strong></span> <span class='ocrx_word' id='word_1_382' title='bbox 748 3109 977 3204; x_wconf 74' lang='grc' dir='ltr'><strong>γράφει,</strong></span> <span class='ocrx_word' id='word_1_383' title='bbox 1033 3153 1052 3184; x_wconf 78' lang='grc' dir='ltr'><strong>ι</strong></span> <span class='ocrx_word' id='word_1_384' title='bbox 1094 3136 1209 3188; x_wconf 75' lang='grc' dir='ltr'><strong>Νῦν</strong></span> <span class='ocrx_word' id='word_1_385' title='bbox 1269 3109 1369 3191; x_wconf 82' lang='grc' dir='ltr'><strong>οὐκ</strong></span> <span class='ocrx_word' id='word_1_386' title='bbox 1420 3141 1648 3211; x_wconf 73' lang='grc' dir='ltr'><strong>οἴδαμεν</strong></span> <span class='ocrx_word' id='word_1_387' title='bbox 1684 3146 1736 3196; x_wconf 88' lang='grc' dir='ltr'><strong>τί</strong></span> <span class='ocrx_word' id='word_1_388' title='bbox 1783 3109 1980 3198; x_wconf 49' lang='grc' dir='ltr'><strong>ἑσόζα</strong></span> 
     </span>
    </p>
   </div>
   <div class='ocr_carea' id='block_1_51' title="bbox 335 3223 1910 3306">
    <p class='ocr_par' dir='ltr' id='par_1_51' title="bbox 335 3223 1910 3306">
     <span class='ocr_line' id='line_1_51' title="bbox 335 3223 1910 3306; baseline 0.01 -33"><span class='ocrx_word' id='word_1_389' title='bbox 335 3223 494 3291; x_wconf 78' lang='grc' dir='ltr'><strong>μεθα.</strong></span> <span class='ocrx_word' id='word_1_390' title='bbox 539 3224 775 3292; x_wconf 82' lang='grc' dir='ltr'><strong>Οίδαμεν</strong></span> <span class='ocrx_word' id='word_1_391' title='bbox 807 3225 864 3279; x_wconf 81' lang='grc' dir='ltr'><strong>δὲ</strong></span> <span class='ocrx_word' id='word_1_392' title='bbox 911 3227 992 3278; x_wconf 82' lang='grc' dir='ltr'><strong>ὅτι</strong></span> <span class='ocrx_word' id='word_1_393' title='bbox 1021 3227 1152 3280; x_wconf 85' lang='grc' dir='ltr'><strong>ὅταν</strong></span> <span class='ocrx_word' id='word_1_394' title='bbox 1192 3230 1505 3302; x_wconf 80' lang='grc' dir='ltr'><strong>φανερωθῇ,</strong></span> <span class='ocrx_word' id='word_1_395' title='bbox 1539 3233 1717 3302; x_wconf 78' lang='grc' dir='ltr'><strong>ὅμοιοι</strong></span> <span class='ocrx_word' id='word_1_396' title='bbox 1762 3235 1910 3306; x_wconf 84' lang='grc' dir='ltr'><strong>αὐτῷ</strong></span> 
     </span>
    </p>
   </div>
   <div class='ocr_carea' id='block_1_52' title="bbox 336 3306 1911 3396">
    <p class='ocr_par' dir='ltr' id='par_1_52' title="bbox 336 3306 1911 3396">
     <span class='ocr_line' id='line_1_52' title="bbox 336 3306 1911 3396; baseline 0.009 -29"><span class='ocrx_word' id='word_1_397' title='bbox 336 3306 598 3382; x_wconf 71' lang='grc' dir='ltr'><strong>ἐσόμεθα.</strong></span> <span class='ocrx_word' id='word_1_398' title='bbox 641 3334 660 3367; x_wconf 71' lang='grc' dir='ltr'><strong>ι</strong></span> <span class='ocrx_word' id='word_1_399' title='bbox 697 3317 806 3370; x_wconf 87' lang='lat' dir='ltr'><strong>Kal</strong></span> <span class='ocrx_word' id='word_1_400' title='bbox 840 3321 867 3370; x_wconf 86' lang='grc' dir='ltr'><strong>ό</strong></span> <span class='ocrx_word' id='word_1_401' title='bbox 892 3318 1129 3384; x_wconf 84' lang='grc' dir='ltr'><strong>Παῦλος,</strong></span> <span class='ocrx_word' id='word_1_402' title='bbox 1169 3319 1244 3384; x_wconf 78' lang='grc' dir='ltr'><strong>ὡς</strong></span> <span class='ocrx_word' id='word_1_403' title='bbox 1276 3322 1351 3392; x_wconf 83' lang='grc' dir='ltr'><strong>μὴ</strong></span> <span class='ocrx_word' id='word_1_404' title='bbox 1383 3326 1650 3395; x_wconf 87' lang='grc' dir='ltr'><strong>πρότερον</strong></span> <span class='ocrx_word' id='word_1_405' title='bbox 1682 3327 1781 3396; x_wconf 84' lang='grc' dir='ltr'><strong>μὲν</strong></span> <span class='ocrx_word' id='word_1_406' title='bbox 1818 3345 1911 3381; x_wconf 91' lang='grc' dir='ltr'><strong>κα-</strong></span> 
     </span>
    </p>
   </div>
   <div class='ocr_carea' id='block_1_53' title="bbox 335 3409 1913 3490">
    <p class='ocr_par' dir='ltr' id='par_1_53' title="bbox 335 3409 1913 3490">
     <span class='ocr_line' id='line_1_53' title="bbox 335 3409 1913 3490; baseline 0.008 -29"><span class='ocrx_word' id='word_1_407' title='bbox 335 3409 500 3478; x_wconf 68' lang='grc' dir='ltr'><strong>θαρδς</strong></span> <span class='ocrx_word' id='word_1_408' title='bbox 529 3410 627 3473; x_wconf 85' lang='grc' dir='ltr'><strong>ὢν,</strong></span> <span class='ocrx_word' id='word_1_409' title='bbox 662 3410 786 3463; x_wconf 84' lang='grc' dir='ltr'><strong>ίδὼν</strong></span> <span class='ocrx_word' id='word_1_410' title='bbox 813 3414 992 3466; x_wconf 76' lang='grc' dir='ltr'><strong>έκεῖνο</strong></span> <span class='ocrx_word' id='word_1_411' title='bbox 1020 3414 1082 3467; x_wconf 83' lang='grc' dir='ltr'><strong>τδ</strong></span> <span class='ocrx_word' id='word_1_412' title='bbox 1116 3414 1250 3484; x_wconf 77' lang='grc' dir='ltr'><strong>φῶς,</strong></span> <span class='ocrx_word' id='word_1_413' title='bbox 1315 3417 1409 3469; x_wconf 77' lang='grc' dir='ltr'><strong>καὶ</strong></span> <span class='ocrx_word' id='word_1_414' title='bbox 1465 3417 1669 3483; x_wconf 85' lang='grc' dir='ltr'><strong>πεσὼν,</strong></span> <span class='ocrx_word' id='word_1_415' title='bbox 1706 3420 1913 3490; x_wconf 82' lang='grc' dir='ltr'><strong>καθαρ-</strong></span> 
     </span>
    </p>
   </div>
   <div class='ocr_carea' id='block_1_54' title="bbox 338 3498 1912 3579">
    <p class='ocr_par' dir='ltr' id='par_1_54' title="bbox 338 3498 1912 3579">
     <span class='ocr_line' id='line_1_54' title="bbox 338 3498 1912 3579; baseline 0.01 -29"><span class='ocrx_word' id='word_1_416' title='bbox 338 3498 450 3562; x_wconf 75' lang='grc' dir='ltr'><strong>θεὶς</strong></span> <span class='ocrx_word' id='word_1_417' title='bbox 476 3499 702 3571; x_wconf 82' lang='grc' dir='ltr'><strong>ἀνέστη,</strong></span> <span class='ocrx_word' id='word_1_418' title='bbox 731 3504 796 3556; x_wconf 68' lang='grc' dir='ltr'><strong>ἑκ</strong></span> <span class='ocrx_word' id='word_1_419' title='bbox 820 3505 1015 3557; x_wconf 84' lang='grc' dir='ltr'><strong>τούτου</strong></span> <span class='ocrx_word' id='word_1_420' title='bbox 1055 3505 1271 3570; x_wconf 80' lang='grc' dir='ltr'><strong>δεικνὺς</strong></span> <span class='ocrx_word' id='word_1_421' title='bbox 1310 3509 1410 3579; x_wconf 83' lang='grc' dir='ltr'><strong>τὴν</strong></span> <span class='ocrx_word' id='word_1_422' title='bbox 1438 3510 1501 3562; x_wconf 84' lang='grc' dir='ltr'><strong>ὲκ</strong></span> <span class='ocrx_word' id='word_1_423' title='bbox 1520 3509 1620 3579; x_wconf 85' lang='grc' dir='ltr'><strong>τῆς</strong></span> <span class='ocrx_word' id='word_1_424' title='bbox 1651 3511 1912 3576; x_wconf 78' lang='grc' dir='ltr'><strong>πτώσεως</strong></span> 
     </span>
    </p>
   </div>
   <div class='ocr_carea' id='block_1_55' title="bbox 337 3590 1912 3673">
    <p class='ocr_par' dir='ltr' id='par_1_55' title="bbox 337 3590 1912 3673">
     <span class='ocr_line' id='line_1_55' title="bbox 337 3590 1912 3673; baseline 0.01 -31"><span class='ocrx_word' id='word_1_425' title='bbox 337 3590 503 3643; x_wconf 72' lang='grc' dir='ltr'><strong>αὑτοῦ</strong></span> <span class='ocrx_word' id='word_1_426' title='bbox 533 3591 778 3663; x_wconf 75' lang='grc' dir='ltr'><strong>ἔγερσιν,</strong></span> <span class='ocrx_word' id='word_1_427' title='bbox 816 3595 1032 3650; x_wconf 74' lang='grc' dir='ltr'><strong>καὶτὸν</strong></span> <span class='ocrx_word' id='word_1_428' title='bbox 1080 3599 1144 3650; x_wconf 81' lang='grc' dir='ltr'><strong>ἐκ</strong></span> <span class='ocrx_word' id='word_1_429' title='bbox 1175 3597 1269 3652; x_wconf 87' lang='grc' dir='ltr'><strong>τοῦ</strong></span> <span class='ocrx_word' id='word_1_430' title='bbox 1325 3600 1553 3664; x_wconf 85' lang='grc' dir='ltr'><strong>σκότους</strong></span> <span class='ocrx_word' id='word_1_431' title='bbox 1605 3605 1912 3673; x_wconf 78' lang='grc' dir='ltr'><strong>φωτισμὸν,</strong></span> 
     </span>
    </p>
   </div>
   <div class='ocr_carea' id='block_1_56' title="bbox 335 3683 1914 3764">
    <p class='ocr_par' dir='ltr' id='par_1_56' title="bbox 335 3683 1914 3764">
     <span class='ocr_line' id='line_1_56' title="bbox 335 3683 1914 3764; baseline 0.012 -32"><span class='ocrx_word' id='word_1_432' title='bbox 335 3683 431 3733; x_wconf 64' lang='grc' dir='ltr'><strong>καὶ</strong></span> <span class='ocrx_word' id='word_1_433' title='bbox 459 3684 539 3736; x_wconf 78' lang='grc' dir='ltr'><strong>ἐτι</strong></span> <span class='ocrx_word' id='word_1_434' title='bbox 561 3685 630 3736; x_wconf 86' lang='grc' dir='ltr'><strong>δι’</strong></span> <span class='ocrx_word' id='word_1_435' title='bbox 663 3685 827 3738; x_wconf 80' lang='grc' dir='ltr'><strong>αὐτοῦ</strong></span> <span class='ocrx_word' id='word_1_436' title='bbox 859 3687 950 3740; x_wconf 79' lang='grc' dir='ltr'><strong>τὸν</strong></span> <span class='ocrx_word' id='word_1_437' title='bbox 1003 3687 1104 3757; x_wconf 82' lang='grc' dir='ltr'><strong>τῆς</strong></span> <span class='ocrx_word' id='word_1_438' title='bbox 1144 3689 1495 3760; x_wconf 74' lang='grc' dir='ltr'><strong>οἰκουμένης.</strong></span> <span class='ocrx_word' id='word_1_439' title='bbox 1526 3693 1801 3764; x_wconf 79' lang='grc' dir='ltr'><strong>’Ὕστερον</strong></span> <span class='ocrx_word' id='word_1_440' title='bbox 1857 3697 1914 3751; x_wconf 75' lang='grc' dir='ltr'><strong>δὲ</strong></span> 
     </span>
    </p>
   </div>
   <div class='ocr_carea' id='block_1_57' title="bbox 341 3776 1912 3856">
    <p class='ocr_par' dir='ltr' id='par_1_57' title="bbox 341 3776 1912 3856">
     <span class='ocr_line' id='line_1_57' title="bbox 341 3776 1912 3856; baseline 0.011 -32"><span class='ocrx_word' id='word_1_441' title='bbox 341 3776 614 3843; x_wconf 73' lang='grc' dir='ltr'><strong>ἁρπαγεὶς</strong></span> <span class='ocrx_word' id='word_1_442' title='bbox 672 3778 752 3854; x_wconf 82' lang='grc' dir='ltr'><strong>είς</strong></span> <span class='ocrx_word' id='word_1_443' title='bbox 803 3778 896 3831; x_wconf 81' lang='grc' dir='ltr'><strong>τὸν</strong></span> <span class='ocrx_word' id='word_1_444' title='bbox 939 3779 1167 3849; x_wconf 82' lang='grc' dir='ltr'><strong>οὐρανὸν</strong></span> <span class='ocrx_word' id='word_1_445' title='bbox 1197 3780 1272 3844; x_wconf 87' lang='grc' dir='ltr'><strong>ὡς</strong></span> <span class='ocrx_word' id='word_1_446' title='bbox 1330 3783 1739 3856; x_wconf 80' lang='grc' dir='ltr'><strong>κεκαθαρμένος</strong></span> <span class='ocrx_word' id='word_1_447' title='bbox 1772 3787 1912 3856; x_wconf 82' lang='grc' dir='ltr'><strong>ὅλος,</strong></span> 
     </span>
    </p>
   </div>
   <div class='ocr_carea' id='block_1_58' title="bbox 337 3865 1914 3945">
    <p class='ocr_par' dir='ltr' id='par_1_58' title="bbox 337 3865 1914 3945">
     <span class='ocr_line' id='line_1_58' title="bbox 337 3865 1914 3945; baseline 0.01 -27"><span class='ocrx_word' id='word_1_448' title='bbox 337 3867 497 3919; x_wconf 85' lang='grc' dir='ltr'><strong>τοῦτο</strong></span> <span class='ocrx_word' id='word_1_449' title='bbox 531 3868 914 3940; x_wconf 85' lang='grc' dir='ltr'><strong>λαμπρότερον</strong></span> <span class='ocrx_word' id='word_1_450' title='bbox 949 3865 1076 3926; x_wconf 82' lang='grc' dir='ltr'><strong>είδε.</strong></span> <span class='ocrx_word' id='word_1_451' title='bbox 1107 3873 1216 3926; x_wconf 85' lang='lat' dir='ltr'><strong>Kal</strong></span> <span class='ocrx_word' id='word_1_452' title='bbox 1275 3873 1414 3942; x_wconf 85' lang='grc' dir='ltr'><strong>βοῶν</strong></span> <span class='ocrx_word' id='word_1_453' title='bbox 1441 3875 1651 3945; x_wconf 75' lang='grc' dir='ltr'><strong>ἔλεγεν,</strong></span> <span class='ocrx_word' id='word_1_454' title='bbox 1694 3897 1712 3930; x_wconf 80' lang='lat' dir='ltr'><strong>t</strong></span> <span class='ocrx_word' id='word_1_455' title='bbox 1755 3881 1914 3933; x_wconf 75' lang='grc' dir='ltr'><strong>Ἐπεο</strong></span> 
     </span>
    </p>
   </div>
   <div class='ocr_carea' id='block_1_59' title="bbox 345 3960 1916 4042">
    <p class='ocr_par' dir='ltr' id='par_1_59' title="bbox 345 3960 1916 4042">
     <span class='ocr_line' id='line_1_59' title="bbox 345 3960 1916 4042; baseline 0.008 -31"><span class='ocrx_word' id='word_1_456' title='bbox 345 3960 489 4028; x_wconf 72' lang='grc' dir='ltr'><strong>φάνη</strong></span> <span class='ocrx_word' id='word_1_457' title='bbox 522 3962 556 4028; x_wconf 78' lang='grc' dir='ltr'><strong>ἠ</strong></span> <span class='ocrx_word' id='word_1_458' title='bbox 611 3961 774 4030; x_wconf 87' lang='grc' dir='ltr'><strong>χάρις</strong></span> <span class='ocrx_word' id='word_1_459' title='bbox 831 3963 928 4015; x_wconf 87' lang='grc' dir='ltr'><strong>τοῦ</strong></span> <span class='ocrx_word' id='word_1_460' title='bbox 960 3963 1099 4016; x_wconf 84' lang='grc' dir='ltr'><strong>Θεοῦ</strong></span> <span class='ocrx_word' id='word_1_461' title='bbox 1129 3964 1162 4034; x_wconf 79' lang='grc' dir='ltr'><strong>ἡ</strong></span> <span class='ocrx_word' id='word_1_462' title='bbox 1193 3967 1464 4036; x_wconf 80' lang='grc' dir='ltr'><strong>σωτήριος</strong></span> <span class='ocrx_word' id='word_1_463' title='bbox 1495 3969 1666 4023; x_wconf 84' lang='grc' dir='ltr'><strong>πᾶσιν</strong></span> <span class='ocrx_word' id='word_1_464' title='bbox 1703 3969 1916 4042; x_wconf 82' lang='grc' dir='ltr'><strong>ἀνθρώ-</strong></span> 
     </span>
    </p>
   </div>
   <div class='ocr_carea' id='block_1_60' title="bbox 339 4052 1915 4130">
    <p class='ocr_par' dir='ltr' id='par_1_60' title="bbox 339 4052 1915 4130">
     <span class='ocr_line' id='line_1_60' title="bbox 339 4052 1915 4130; baseline 0.006 -27"><span class='ocrx_word' id='word_1_465' title='bbox 339 4067 488 4113; x_wconf 83' lang='grc' dir='ltr'><strong>ποις.</strong></span> <span class='ocrx_word' id='word_1_466' title='bbox 522 4070 541 4104; x_wconf 73' lang='grc' dir='ltr'><strong>ι</strong></span> <span class='ocrx_word' id='word_1_467' title='bbox 581 4053 711 4117; x_wconf 82' lang='grc' dir='ltr'><strong>Καὶ,</strong></span> <span class='ocrx_word' id='word_1_468' title='bbox 753 4070 773 4103; x_wconf 81' lang='grc' dir='ltr'><strong>ι</strong></span> <span class='ocrx_word' id='word_1_469' title='bbox 809 4052 926 4106; x_wconf 87' lang='grc' dir='ltr'><strong>Νῦν</strong></span> <span class='ocrx_word' id='word_1_470' title='bbox 959 4055 1304 4124; x_wconf 82' lang='grc' dir='ltr'><strong>γινώσκομεν</strong></span> <span class='ocrx_word' id='word_1_471' title='bbox 1333 4058 1390 4110; x_wconf 78' lang='grc' dir='ltr'><strong>ἐν</strong></span> <span class='ocrx_word' id='word_1_472' title='bbox 1419 4058 1672 4130; x_wconf 74' lang='grc' dir='ltr'><strong>ἐσόπτρῳ</strong></span> <span class='ocrx_word' id='word_1_473' title='bbox 1722 4061 1815 4115; x_wconf 84' lang='grc' dir='ltr'><strong>καὶ</strong></span> <span class='ocrx_word' id='word_1_474' title='bbox 1857 4063 1915 4113; x_wconf 82' lang='grc' dir='ltr'><strong>ὲν</strong></span> 
     </span>
    </p>
   </div>
   <div class='ocr_carea' id='block_1_61' title="bbox 338 4141 1915 4222">
    <p class='ocr_par' dir='ltr' id='par_1_61' title="bbox 338 4141 1915 4222">
     <span class='ocr_line' id='line_1_61' title="bbox 338 4141 1915 4222; baseline 0.01 -29"><span class='ocrx_word' id='word_1_475' title='bbox 338 4141 653 4211; x_wconf 52' lang='grc' dir='ltr'><strong>αἰνίγματι,</strong></span> <span class='ocrx_word' id='word_1_476' title='bbox 688 4145 809 4197; x_wconf 90' lang='grc' dir='ltr'><strong>τότε</strong></span> <span class='ocrx_word' id='word_1_477' title='bbox 851 4145 907 4198; x_wconf 84' lang='grc' dir='ltr'><strong>δὲ</strong></span> <span class='ocrx_word' id='word_1_478' title='bbox 941 4148 1233 4216; x_wconf 83' lang='grc' dir='ltr'><strong>πρόσωπον</strong></span> <span class='ocrx_word' id='word_1_479' title='bbox 1266 4150 1404 4216; x_wconf 81' lang='grc' dir='ltr'><strong>πρὸς</strong></span> <span class='ocrx_word' id='word_1_480' title='bbox 1440 4153 1761 4222; x_wconf 86' lang='grc' dir='ltr'><strong>πρόσωπον.</strong></span> <span class='ocrx_word' id='word_1_481' title='bbox 1790 4172 1810 4207; x_wconf 74' lang='grc' dir='ltr'><strong>ι</strong></span> <span class='ocrx_word' id='word_1_482' title='bbox 1839 4147 1915 4208; x_wconf 78' lang='grc' dir='ltr'><strong>Οῦ</strong></span> 
     </span>
    </p>
   </div>
   <div class='ocr_carea' id='block_1_62' title="bbox 339 4235 1918 4316">
    <p class='ocr_par' dir='ltr' id='par_1_62' title="bbox 339 4235 1918 4316">
     <span class='ocr_line' id='line_1_62' title="bbox 339 4235 1918 4316; baseline 0.007 -29"><span class='ocrx_word' id='word_1_483' title='bbox 339 4236 440 4289; x_wconf 80' lang='grc' dir='ltr'><strong>καὶ</strong></span> <span class='ocrx_word' id='word_1_484' title='bbox 467 4235 596 4297; x_wconf 80' lang='grc' dir='ltr'><strong>τοὺς</strong></span> <span class='ocrx_word' id='word_1_485' title='bbox 629 4237 958 4305; x_wconf 71' lang='grc' dir='ltr'><strong>ἀρραϐῶνας</strong></span> <span class='ocrx_word' id='word_1_486' title='bbox 1012 4237 1137 4308; x_wconf 76' lang='grc' dir='ltr'><strong>ἔσχε</strong></span> <span class='ocrx_word' id='word_1_487' title='bbox 1183 4241 1425 4311; x_wconf 83' lang='grc' dir='ltr'><strong>Μωϋσῆς</strong></span> <span class='ocrx_word' id='word_1_488' title='bbox 1452 4244 1510 4296; x_wconf 73' lang='grc' dir='ltr'><strong>ἑν</strong></span> <span class='ocrx_word' id='word_1_489' title='bbox 1540 4243 1618 4314; x_wconf 82' lang='grc' dir='ltr'><strong>τῷ</strong></span> <span class='ocrx_word' id='word_1_490' title='bbox 1647 4243 1784 4316; x_wconf 85' lang='grc' dir='ltr'><strong>δρει.</strong></span> <span class='ocrx_word' id='word_1_491' title='bbox 1823 4246 1918 4298; x_wconf 84' lang='grc' dir='ltr'><strong>Διὸ</strong></span> 
     </span>
    </p>
   </div>
   <div class='ocr_carea' id='block_1_63' title="bbox 342 4327 1914 4406">
    <p class='ocr_par' dir='ltr' id='par_1_63' title="bbox 342 4327 1914 4406">
     <span class='ocr_line' id='line_1_63' title="bbox 342 4327 1914 4406; baseline 0.008 -27"><span class='ocrx_word' id='word_1_492' title='bbox 342 4328 438 4379; x_wconf 79' lang='grc' dir='ltr'><strong>καὶ</strong></span> <span class='ocrx_word' id='word_1_493' title='bbox 478 4327 578 4380; x_wconf 82' lang='grc' dir='ltr'><strong>οὐκ</strong></span> <span class='ocrx_word' id='word_1_494' title='bbox 615 4329 879 4398; x_wconf 66' lang='grc' dir='ltr'><strong>ἠδύναντο</strong></span> <span class='ocrx_word' id='word_1_495' title='bbox 929 4329 1152 4401; x_wconf 79' lang='grc' dir='ltr'><strong>θεωρεῖν</strong></span> <span class='ocrx_word' id='word_1_496' title='bbox 1213 4333 1382 4388; x_wconf 85' lang='grc' dir='ltr'><strong>αὑτοῦ</strong></span> <span class='ocrx_word' id='word_1_497' title='bbox 1429 4336 1488 4388; x_wconf 82' lang='grc' dir='ltr'><strong>τὸ</strong></span> <span class='ocrx_word' id='word_1_498' title='bbox 1543 4335 1834 4406; x_wconf 87' lang='grc' dir='ltr'><strong>πρόσωπον</strong></span> <span class='ocrx_word' id='word_1_499' title='bbox 1864 4338 1914 4391; x_wconf 87' lang='grc' dir='ltr'><strong>οί</strong></span> 
     </span>
    </p>
   </div>
   <div class='ocr_carea' id='block_1_64' title="bbox 2005 1851 3581 1922">
    <p class='ocr_par' dir='ltr' id='par_1_64' title="bbox 2005 1851 3581 1922">
     <span class='ocr_line' id='line_1_64' title="bbox 2005 1851 3581 1922; baseline 0.001 -19"><span class='ocrx_word' id='word_1_500' title='bbox 2005 1851 2170 1905; x_wconf 85' lang='lat' dir='ltr'><strong>rebus</strong></span> <span class='ocrx_word' id='word_1_501' title='bbox 2202 1853 2511 1918; x_wconf 90' lang='lat' dir='ltr'><strong>meditatus,</strong></span> <span class='ocrx_word' id='word_1_502' title='bbox 2549 1862 2600 1907; x_wconf 93' lang='lat' dir='ltr'><strong>et</strong></span> <span class='ocrx_word' id='word_1_503' title='bbox 2635 1854 2814 1906; x_wconf 88' lang='lat' dir='ltr'><strong>lumen</strong></span> <span class='ocrx_word' id='word_1_504' title='bbox 2851 1853 2940 1908; x_wconf 92' lang='lat' dir='ltr'><strong>Dei</strong></span> <span class='ocrx_word' id='word_1_505' title='bbox 2970 1868 3081 1907; x_wconf 90' lang='lat' dir='ltr'><strong>non</strong></span> <span class='ocrx_word' id='word_1_506' title='bbox 3118 1853 3290 1918; x_wconf 88' lang='lat' dir='ltr'><strong>novit,</strong></span> <span class='ocrx_word' id='word_1_507' title='bbox 3325 1852 3581 1922; x_wconf 88' lang='lat' dir='ltr'><strong>quoniam</strong></span> 
     </span>
    </p>
   </div>
   <div class='ocr_carea' id='block_1_65' title="bbox 2003 1941 3580 2013">
    <p class='ocr_par' dir='ltr' id='par_1_65' title="bbox 2003 1941 3580 2013">
     <span class='ocr_line' id='line_1_65' title="bbox 2003 1941 3580 2013; baseline 0.003 -19"><span class='ocrx_word' id='word_1_508' title='bbox 2003 1941 2137 1997; x_wconf 90' lang='lat' dir='ltr'><strong>illud</strong></span> <span class='ocrx_word' id='word_1_509' title='bbox 2174 1942 2366 2012; x_wconf 89' lang='lat' dir='ltr'><strong>rejecit</strong></span> <span class='ocrx_word' id='word_1_510' title='bbox 2395 1943 2623 2012; x_wconf 89' lang='lat' dir='ltr'><strong>ipseque</strong></span> <span class='ocrx_word' id='word_1_511' title='bbox 2686 1955 3014 2011; x_wconf 79' lang='lat' dir='ltr'><strong>aspernatus</strong></span> <span class='ocrx_word' id='word_1_512' title='bbox 3062 1945 3304 2013; x_wconf 89' lang='lat' dir='ltr'><strong>abjectus</strong></span> <span class='ocrx_word' id='word_1_513' title='bbox 3334 1952 3437 1998; x_wconf 90' lang='lat' dir='ltr'><strong>est.</strong></span> <span class='ocrx_word' id='word_1_514' title='bbox 3471 1943 3580 1998; x_wconf 85' lang='lat' dir='ltr'><strong>Ne-</strong></span> 
     </span>
    </p>
   </div>
   <div class='ocr_carea' id='block_1_66' title="bbox 2005 2033 3584 2104">
    <p class='ocr_par' dir='ltr' id='par_1_66' title="bbox 2005 2033 3584 2104">
     <span class='ocr_line' id='line_1_66' title="bbox 2005 2033 3584 2104; baseline 0.001 -16"><span class='ocrx_word' id='word_1_515' title='bbox 2005 2034 2169 2089; x_wconf 89' lang='lat' dir='ltr'><strong>scivit</strong></span> <span class='ocrx_word' id='word_1_516' title='bbox 2196 2049 2320 2088; x_wconf 88' lang='lat' dir='ltr'><strong>cum</strong></span> <span class='ocrx_word' id='word_1_517' title='bbox 2368 2033 2539 2088; x_wconf 82' lang='lat' dir='ltr'><strong>David</strong></span> <span class='ocrx_word' id='word_1_518' title='bbox 2579 2036 2854 2103; x_wconf 86' lang='lat' dir='ltr'><strong>psallere:</strong></span> <span class='ocrx_word' id='word_1_519' title='bbox 2893 2054 2910 2088; x_wconf 80' lang='grc' dir='ltr'><strong>ι</strong></span> <span class='ocrx_word' id='word_1_520' title='bbox 2951 2037 3015 2090; x_wconf 85' lang='lat' dir='ltr'><strong>Et</strong></span> <span class='ocrx_word' id='word_1_521' title='bbox 3055 2039 3123 2092; x_wconf 87' lang='lat' dir='ltr'><strong>sit</strong></span> <span class='ocrx_word' id='word_1_522' title='bbox 3177 2038 3432 2104; x_wconf 77' lang='lat' dir='ltr'><strong>splendor</strong></span> <span class='ocrx_word' id='word_1_523' title='bbox 3479 2035 3584 2090; x_wconf 87' lang='lat' dir='ltr'><strong>Do-</strong></span> 
     </span>
    </p>
   </div>
   <div class='ocr_carea' id='block_1_67' title="bbox 2005 2125 3581 2195">
    <p class='ocr_par' dir='ltr' id='par_1_67' title="bbox 2005 2125 3581 2195">
     <span class='ocr_line' id='line_1_67' title="bbox 2005 2125 3581 2195; baseline 0 -17"><span class='ocrx_word' id='word_1_524' title='bbox 2005 2126 2136 2180; x_wconf 89' lang='lat' dir='ltr'><strong>mini</strong></span> <span class='ocrx_word' id='word_1_525' title='bbox 2168 2125 2260 2178; x_wconf 87' lang='lat' dir='ltr'><strong>Dei</strong></span> <span class='ocrx_word' id='word_1_526' title='bbox 2305 2130 2476 2180; x_wconf 83' lang='lat' dir='ltr'><strong>nostri</strong></span> <span class='ocrx_word' id='word_1_527' title='bbox 2507 2142 2670 2195; x_wconf 83' lang='lat' dir='ltr'><strong>super</strong></span> <span class='ocrx_word' id='word_1_528' title='bbox 2706 2142 2850 2191; x_wconf 88' lang='lat' dir='ltr'><strong>nns;</strong></span> <span class='ocrx_word' id='word_1_529' title='bbox 2891 2145 2909 2177; x_wconf 71' lang='grc' dir='ltr'><strong>ι</strong></span> <span class='ocrx_word' id='word_1_530' title='bbox 2948 2136 3042 2181; x_wconf 88' lang='lat' dir='ltr'><strong>et:</strong></span> <span class='ocrx_word' id='word_1_531' title='bbox 3078 2147 3096 2179; x_wconf 81' lang='grc' dir='ltr'><strong>ι</strong></span> <span class='ocrx_word' id='word_1_532' title='bbox 3140 2127 3390 2180; x_wconf 73' lang='grc' dir='ltr'><strong>ΙΙΙιιιιῖὶυα</strong></span> <span class='ocrx_word' id='word_1_533' title='bbox 3447 2141 3581 2180; x_wconf 82' lang='lat' dir='ltr'><strong>ocu-</strong></span> 
     </span>
    </p>
   </div>
   <div class='ocr_carea' id='block_1_68' title="bbox 2004 2215 3581 2287">
    <p class='ocr_par' dir='ltr' id='par_1_68' title="bbox 2004 2215 3581 2287">
     <span class='ocr_line' id='line_1_68' title="bbox 2004 2215 3581 2287; baseline 0.003 -18"><span class='ocrx_word' id='word_1_534' title='bbox 2004 2215 2087 2270; x_wconf 87' lang='lat' dir='ltr'><strong>los</strong></span> <span class='ocrx_word' id='word_1_535' title='bbox 2115 2231 2282 2282; x_wconf 92' lang='lat' dir='ltr'><strong>meos,</strong></span> <span class='ocrx_word' id='word_1_536' title='bbox 2321 2233 2388 2273; x_wconf 93' lang='lat' dir='ltr'><strong>ne</strong></span> <span class='ocrx_word' id='word_1_537' title='bbox 2417 2234 2655 2287; x_wconf 87' lang='lat' dir='ltr'><strong>unquam</strong></span> <span class='ocrx_word' id='word_1_538' title='bbox 2691 2219 3015 2273; x_wconf 87' lang='lat' dir='ltr'><strong>obdorniam</strong></span> <span class='ocrx_word' id='word_1_539' title='bbox 3052 2220 3107 2272; x_wconf 92' lang='lat' dir='ltr'><strong>in</strong></span> <span class='ocrx_word' id='word_1_540' title='bbox 3147 2227 3318 2272; x_wconf 89' lang='lat' dir='ltr'><strong>morte</strong></span> <span class='ocrx_word' id='word_1_541' title='bbox 3350 2236 3364 2283; x_wconf 90' lang='lat'><strong>;</strong></span> <span class='ocrx_word' id='word_1_542' title='bbox 3405 2236 3424 2270; x_wconf 76' lang='grc' dir='ltr'><strong>ι</strong></span> <span class='ocrx_word' id='word_1_543' title='bbox 3487 2234 3581 2274; x_wconf 52' lang='lat' dir='ltr'><strong>ne-</strong></span> 
     </span>
    </p>
   </div>
   <div class='ocr_carea' id='block_1_69' title="bbox 2006 2306 3584 2378">
    <p class='ocr_par' dir='ltr' id='par_1_69' title="bbox 2006 2306 3584 2378">
     <span class='ocr_line' id='line_1_69' title="bbox 2006 2306 3584 2378; baseline 0.003 -17"><span class='ocrx_word' id='word_1_544' title='bbox 2006 2321 2112 2376; x_wconf 90' lang='lat' dir='ltr'><strong>que</strong></span> <span class='ocrx_word' id='word_1_545' title='bbox 2144 2307 2316 2362; x_wconf 90' lang='lat' dir='ltr'><strong>voluit</strong></span> <span class='ocrx_word' id='word_1_546' title='bbox 2350 2309 2500 2378; x_wconf 79' lang='lat' dir='ltr'><strong>regni</strong></span> <span class='ocrx_word' id='word_1_547' title='bbox 2528 2306 2620 2362; x_wconf 87' lang='lat' dir='ltr'><strong>Dei</strong></span> <span class='ocrx_word' id='word_1_548' title='bbox 2659 2309 2830 2364; x_wconf 78' lang='lat' dir='ltr'><strong>lueres</strong></span> <span class='ocrx_word' id='word_1_549' title='bbox 2858 2310 2973 2366; x_wconf 82' lang='lat' dir='ltr'><strong>fieri</strong></span> <span class='ocrx_word' id='word_1_550' title='bbox 3027 2311 3330 2365; x_wconf 90' lang='lat' dir='ltr'><strong>secundum</strong></span> <span class='ocrx_word' id='word_1_551' title='bbox 3361 2324 3455 2365; x_wconf 91' lang='lat' dir='ltr'><strong>eos</strong></span> <span class='ocrx_word' id='word_1_552' title='bbox 3514 2313 3584 2366; x_wconf 89' lang='lat' dir='ltr'><strong>de</strong></span> 
     </span>
    </p>
   </div>
   <div class='ocr_carea' id='block_1_70' title="bbox 2006 2396 3583 2471">
    <p class='ocr_par' dir='ltr' id='par_1_70' title="bbox 2006 2396 3583 2471">
     <span class='ocr_line' id='line_1_70' title="bbox 2006 2396 3583 2471; baseline 0.003 -22"><span class='ocrx_word' id='word_1_553' title='bbox 2006 2396 2208 2463; x_wconf 90' lang='lat' dir='ltr'><strong>quibus</strong></span> <span class='ocrx_word' id='word_1_554' title='bbox 2239 2397 2447 2452; x_wconf 84' lang='lat' dir='ltr'><strong>dictum</strong></span> <span class='ocrx_word' id='word_1_555' title='bbox 2473 2407 2557 2453; x_wconf 87' lang='lat' dir='ltr'><strong>est</strong></span> <span class='ocrx_word' id='word_1_556' title='bbox 2590 2415 2605 2452; x_wconf 88' lang='lat'><strong>:</strong></span> <span class='ocrx_word' id='word_1_557' title='bbox 2649 2417 2668 2449; x_wconf 80' lang='grc' dir='ltr'><strong>ι</strong></span> <span class='ocrx_word' id='word_1_558' title='bbox 2703 2399 2842 2453; x_wconf 88' lang='lat' dir='ltr'><strong>Sunt</strong></span> <span class='ocrx_word' id='word_1_559' title='bbox 2869 2401 2962 2469; x_wconf 91' lang='lat' dir='ltr'><strong>qui</strong></span> <span class='ocrx_word' id='word_1_560' title='bbox 2993 2417 3099 2455; x_wconf 89' lang='lat' dir='ltr'><strong>non</strong></span> <span class='ocrx_word' id='word_1_561' title='bbox 3125 2401 3420 2471; x_wconf 79' lang='lat' dir='ltr'><strong>gustabunt</strong></span> <span class='ocrx_word' id='word_1_562' title='bbox 3438 2415 3583 2454; x_wconf 55' lang='lat' dir='ltr'><strong>more</strong></span> 
     </span>
    </p>
   </div>
   <div class='ocr_carea' id='block_1_71' title="bbox 2010 2488 3580 2558">
    <p class='ocr_par' dir='ltr' id='par_1_71' title="bbox 2010 2488 3580 2558">
     <span class='ocr_line' id='line_1_71' title="bbox 2010 2488 3580 2558; baseline 0.004 -21"><span class='ocrx_word' id='word_1_563' title='bbox 2010 2493 2114 2538; x_wconf 87' lang='lat' dir='ltr'><strong>tem</strong></span> <span class='ocrx_word' id='word_1_564' title='bbox 2148 2488 2321 2540; x_wconf 91' lang='lat' dir='ltr'><strong>donec</strong></span> <span class='ocrx_word' id='word_1_565' title='bbox 2349 2488 2570 2541; x_wconf 85' lang='lat' dir='ltr'><strong>videant</strong></span> <span class='ocrx_word' id='word_1_566' title='bbox 2604 2504 2832 2558; x_wconf 76' lang='lat' dir='ltr'><strong>regnum</strong></span> <span class='ocrx_word' id='word_1_567' title='bbox 2899 2489 2991 2544; x_wconf 88' lang='lat' dir='ltr'><strong>Dei</strong></span> <span class='ocrx_word' id='word_1_568' title='bbox 3038 2491 3258 2544; x_wconf 87' lang='lat' dir='ltr'><strong>veniens</strong></span> <span class='ocrx_word' id='word_1_569' title='bbox 3293 2491 3346 2543; x_wconf 91' lang='lat' dir='ltr'><strong>in</strong></span> <span class='ocrx_word' id='word_1_570' title='bbox 3402 2492 3580 2544; x_wconf 87' lang='lat' dir='ltr'><strong>virtu-</strong></span> 
     </span>
    </p>
   </div>
   <div class='ocr_carea' id='block_1_72' title="bbox 2009 2578 3581 2661">
    <p class='ocr_par' dir='ltr' id='par_1_72' title="bbox 2009 2578 3581 2661">
     <span class='ocr_line' id='line_1_72' title="bbox 2009 2578 3581 2661; baseline 0.003 -31"><span class='ocrx_word' id='word_1_571' title='bbox 2009 2587 2084 2631; x_wconf 89' lang='lat' dir='ltr'><strong>te.</strong></span> <span class='ocrx_word' id='word_1_572' title='bbox 2125 2596 2144 2628; x_wconf 73' lang='lat' dir='ltr'><strong>t</strong></span> <span class='ocrx_word' id='word_1_573' title='bbox 2175 2578 2328 2644; x_wconf 85' lang='lat' dir='ltr'><strong>Quod</strong></span> <span class='ocrx_word' id='word_1_574' title='bbox 2353 2580 2680 2634; x_wconf 89' lang='lat' dir='ltr'><strong>videruntin</strong></span> <span class='ocrx_word' id='word_1_575' title='bbox 2717 2592 2916 2648; x_wconf 88' lang='lat' dir='ltr'><strong>monte,</strong></span> <span class='ocrx_word' id='word_1_576' title='bbox 2959 2592 3244 2661; x_wconf 63' lang='lat' dir='ltr'><strong>quantum</strong></span> <span class='ocrx_word' id='word_1_577' title='bbox 3309 2593 3581 2651; x_wconf 73' lang='lat' dir='ltr'><strong>poterant,</strong></span> 
     </span>
    </p>
   </div>
   <div class='ocr_carea' id='block_1_73' title="bbox 2006 2669 3584 2742">
    <p class='ocr_par' dir='ltr' id='par_1_73' title="bbox 2006 2669 3584 2742">
     <span class='ocr_line' id='line_1_73' title="bbox 2006 2669 3584 2742; baseline 0.004 -19"><span class='ocrx_word' id='word_1_578' title='bbox 2006 2669 2218 2724; x_wconf 86' lang='lat' dir='ltr'><strong>scilicet</strong></span> <span class='ocrx_word' id='word_1_579' title='bbox 2251 2671 2428 2724; x_wconf 90' lang='lat' dir='ltr'><strong>lucem</strong></span> <span class='ocrx_word' id='word_1_580' title='bbox 2469 2671 2588 2726; x_wconf 90' lang='lat' dir='ltr'><strong>sine</strong></span> <span class='ocrx_word' id='word_1_581' title='bbox 2646 2688 2865 2740; x_wconf 87' lang='lat' dir='ltr'><strong>vespere</strong></span> <span class='ocrx_word' id='word_1_582' title='bbox 2901 2690 3004 2742; x_wconf 81' lang='lat' dir='ltr'><strong>qua</strong></span> <span class='ocrx_word' id='word_1_583' title='bbox 3038 2674 3172 2742; x_wconf 87' lang='lat' dir='ltr'><strong>justi</strong></span> <span class='ocrx_word' id='word_1_584' title='bbox 3235 2685 3364 2730; x_wconf 92' lang='lat' dir='ltr'><strong>tunc</strong></span> <span class='ocrx_word' id='word_1_585' title='bbox 3418 2675 3584 2742; x_wconf 81' lang='lat' dir='ltr'><strong>fulge-</strong></span> 
     </span>
    </p>
   </div>
   <div class='ocr_carea' id='block_1_74' title="bbox 2010 2761 3585 2835">
    <p class='ocr_par' dir='ltr' id='par_1_74' title="bbox 2010 2761 3585 2835">
     <span class='ocr_line' id='line_1_74' title="bbox 2010 2761 3585 2835; baseline 0.003 -20"><span class='ocrx_word' id='word_1_586' title='bbox 2010 2761 2146 2815; x_wconf 91' lang='lat' dir='ltr'><strong>bunt</strong></span> <span class='ocrx_word' id='word_1_587' title='bbox 2177 2764 2319 2817; x_wconf 86' lang='lat' dir='ltr'><strong>sicut</strong></span> <span class='ocrx_word' id='word_1_588' title='bbox 2362 2766 2464 2829; x_wconf 84' lang='lat' dir='ltr'><strong>sol,</strong></span> <span class='ocrx_word' id='word_1_589' title='bbox 2503 2773 2666 2832; x_wconf 83' lang='lat' dir='ltr'><strong>prout</strong></span> <span class='ocrx_word' id='word_1_590' title='bbox 2694 2766 2878 2819; x_wconf 90' lang='lat' dir='ltr'><strong>docuit</strong></span> <span class='ocrx_word' id='word_1_591' title='bbox 2929 2770 3007 2819; x_wconf 80' lang='lat' dir='ltr'><strong>sul</strong></span> <span class='ocrx_word' id='word_1_592' title='bbox 3064 2766 3311 2832; x_wconf 78' lang='lat' dir='ltr'><strong>justitize.</strong></span> <span class='ocrx_word' id='word_1_593' title='bbox 3368 2766 3444 2820; x_wconf 90' lang='lat' dir='ltr'><strong>De</strong></span> <span class='ocrx_word' id='word_1_594' title='bbox 3472 2782 3585 2835; x_wconf 90' lang='lat' dir='ltr'><strong>quo</strong></span> 
     </span>
    </p>
   </div>
   <div class='ocr_carea' id='block_1_75' title="bbox 2008 2854 3586 2924">
    <p class='ocr_par' dir='ltr' id='par_1_75' title="bbox 2008 2854 3586 2924">
     <span class='ocr_line' id='line_1_75' title="bbox 2008 2854 3586 2924; baseline -0.002 -13"><span class='ocrx_word' id='word_1_595' title='bbox 2008 2854 2298 2924; x_wconf 85' lang='lat' dir='ltr'><strong>splendore</strong></span> <span class='ocrx_word' id='word_1_596' title='bbox 2329 2854 2502 2909; x_wconf 89' lang='lat' dir='ltr'><strong>lucem</strong></span> <span class='ocrx_word' id='word_1_597' title='bbox 2537 2855 2682 2909; x_wconf 85' lang='lat' dir='ltr'><strong>illam</strong></span> <span class='ocrx_word' id='word_1_598' title='bbox 2721 2857 2951 2911; x_wconf 90' lang='lat' dir='ltr'><strong>intuitus</strong></span> <span class='ocrx_word' id='word_1_599' title='bbox 2980 2857 3207 2911; x_wconf 90' lang='lat' dir='ltr'><strong>tonitrui</strong></span> <span class='ocrx_word' id='word_1_600' title='bbox 3256 2857 3400 2911; x_wconf 85' lang='lat' dir='ltr'><strong>filius</strong></span> <span class='ocrx_word' id='word_1_601' title='bbox 3447 2859 3586 2911; x_wconf 81' lang='lat' dir='ltr'><strong>scri-</strong></span> 
     </span>
    </p>
   </div>
   <div class='ocr_carea' id='block_1_76' title="bbox 2009 2946 3584 3019">
    <p class='ocr_par' dir='ltr' id='par_1_76' title="bbox 2009 2946 3584 3019">
     <span class='ocr_line' id='line_1_76' title="bbox 2009 2946 3584 3019; baseline -0.001 -17"><span class='ocrx_word' id='word_1_602' title='bbox 2009 2949 2124 3003; x_wconf 86' lang='lat' dir='ltr'><strong>bit:</strong></span> <span class='ocrx_word' id='word_1_603' title='bbox 2162 2967 2182 3000; x_wconf 82' lang='grc' dir='ltr'><strong>ι</strong></span> <span class='ocrx_word' id='word_1_604' title='bbox 2210 2946 2365 3002; x_wconf 86' lang='lat' dir='ltr'><strong>Nunc</strong></span> <span class='ocrx_word' id='word_1_605' title='bbox 2399 2949 2672 3004; x_wconf 86' lang='lat' dir='ltr'><strong>nescimus</strong></span> <span class='ocrx_word' id='word_1_606' title='bbox 2703 2951 2833 3019; x_wconf 86' lang='lat' dir='ltr'><strong>quid</strong></span> <span class='ocrx_word' id='word_1_607' title='bbox 2889 2949 3118 3014; x_wconf 84' lang='lat' dir='ltr'><strong>erimus,</strong></span> <span class='ocrx_word' id='word_1_608' title='bbox 3153 2950 3359 3003; x_wconf 86' lang='lat' dir='ltr'><strong>scimus</strong></span> <span class='ocrx_word' id='word_1_609' title='bbox 3405 2960 3584 3002; x_wconf 87' lang='lat' dir='ltr'><strong>autem</strong></span> 
     </span>
    </p>
   </div>
   <div class='ocr_carea' id='block_1_77' title="bbox 2009 3042 3575 3110">
    <p class='ocr_par' dir='ltr' id='par_1_77' title="bbox 2009 3042 3575 3110">
     <span class='ocr_line' id='line_1_77' title="bbox 2009 3042 3575 3110; baseline -0.001 -15"><span class='ocrx_word' id='word_1_610' title='bbox 2009 3042 2288 3110; x_wconf 88' lang='lat' dir='ltr'><strong>quoniam,</strong></span> <span class='ocrx_word' id='word_1_611' title='bbox 2347 3058 2471 3096; x_wconf 92' lang='lat' dir='ltr'><strong>cum</strong></span> <span class='ocrx_word' id='word_1_612' title='bbox 2527 3043 2864 3110; x_wconf 89' lang='lat' dir='ltr'><strong>apparuerit,</strong></span> <span class='ocrx_word' id='word_1_613' title='bbox 2922 3042 3134 3097; x_wconf 88' lang='lat' dir='ltr'><strong>similes</strong></span> <span class='ocrx_word' id='word_1_614' title='bbox 3193 3044 3241 3096; x_wconf 91' lang='lat' dir='ltr'><strong>ei</strong></span> <span class='ocrx_word' id='word_1_615' title='bbox 3283 3044 3512 3096; x_wconf 86' lang='lat' dir='ltr'><strong>erimus.</strong></span> <span class='ocrx_word' id='word_1_616' title='bbox 3556 3061 3575 3093; x_wconf 72' lang='grc' dir='ltr'><strong>ι</strong></span> 
     </span>
    </p>
   </div>
   <div class='ocr_carea' id='block_1_78' title="bbox 2011 3131 3578 3203">
    <p class='ocr_par' dir='ltr' id='par_1_78' title="bbox 2011 3131 3578 3203">
     <span class='ocr_line' id='line_1_78' title="bbox 2011 3131 3578 3203; baseline -0.001 -18"><span class='ocrx_word' id='word_1_617' title='bbox 2011 3131 2212 3188; x_wconf 88' lang='lat' dir='ltr'><strong>Paulus</strong></span> <span class='ocrx_word' id='word_1_618' title='bbox 2247 3148 2397 3196; x_wconf 89' lang='lat' dir='ltr'><strong>vero,</strong></span> <span class='ocrx_word' id='word_1_619' title='bbox 2437 3133 2591 3203; x_wconf 90' lang='lat' dir='ltr'><strong>prius</strong></span> <span class='ocrx_word' id='word_1_620' title='bbox 2645 3132 2862 3201; x_wconf 88' lang='lat' dir='ltr'><strong>quidem</strong></span> <span class='ocrx_word' id='word_1_621' title='bbox 2918 3148 3260 3202; x_wconf 87' lang='lat' dir='ltr'><strong>nequaquam</strong></span> <span class='ocrx_word' id='word_1_622' title='bbox 3322 3138 3578 3199; x_wconf 75' lang='lat' dir='ltr'><strong>mundus,</strong></span> 
     </span>
    </p>
   </div>
   <div class='ocr_carea' id='block_1_79' title="bbox 2012 3220 3585 3294">
    <p class='ocr_par' dir='ltr' id='par_1_79' title="bbox 2012 3220 3585 3294">
     <span class='ocr_line' id='line_1_79' title="bbox 2012 3220 3585 3294; baseline 0.003 -20"><span class='ocrx_word' id='word_1_623' title='bbox 2012 3220 2204 3277; x_wconf 88' lang='lat' dir='ltr'><strong>videns</strong></span> <span class='ocrx_word' id='word_1_624' title='bbox 2231 3222 2364 3276; x_wconf 92' lang='lat' dir='ltr'><strong>illud</strong></span> <span class='ocrx_word' id='word_1_625' title='bbox 2392 3223 2576 3277; x_wconf 88' lang='lat' dir='ltr'><strong>lumen</strong></span> <span class='ocrx_word' id='word_1_626' title='bbox 2627 3233 2679 3277; x_wconf 89' lang='lat' dir='ltr'><strong>et</strong></span> <span class='ocrx_word' id='word_1_627' title='bbox 2715 3223 2914 3277; x_wconf 87' lang='lat' dir='ltr'><strong>cadens</strong></span> <span class='ocrx_word' id='word_1_628' title='bbox 2948 3225 3189 3278; x_wconf 81' lang='lat' dir='ltr'><strong>surrexit</strong></span> <span class='ocrx_word' id='word_1_629' title='bbox 3240 3226 3585 3294; x_wconf 82' lang='lat' dir='ltr'><strong>purificatus,</strong></span> 
     </span>
    </p>
   </div>
   <div class='ocr_carea' id='block_1_80' title="bbox 2013 3311 3582 3381">
    <p class='ocr_par' dir='ltr' id='par_1_80' title="bbox 2013 3311 3582 3381">
     <span class='ocr_line' id='line_1_80' title="bbox 2013 3311 3582 3381; baseline 0.001 -15"><span class='ocrx_word' id='word_1_630' title='bbox 2013 3311 2140 3366; x_wconf 90' lang='lat' dir='ltr'><strong>inde</strong></span> <span class='ocrx_word' id='word_1_631' title='bbox 2165 3313 2521 3366; x_wconf 79' lang='lat' dir='ltr'><strong>manifestans</strong></span> <span class='ocrx_word' id='word_1_632' title='bbox 2549 3329 2701 3367; x_wconf 90' lang='lat' dir='ltr'><strong>suam</strong></span> <span class='ocrx_word' id='word_1_633' title='bbox 2729 3327 2760 3367; x_wconf 92' lang='lat' dir='ltr'><strong>e</strong></span> <span class='ocrx_word' id='word_1_634' title='bbox 2799 3329 2930 3367; x_wconf 86' lang='lat' dir='ltr'><strong>casu</strong></span> <span class='ocrx_word' id='word_1_635' title='bbox 2957 3317 3375 3381; x_wconf 87' lang='lat' dir='ltr'><strong>surreetiouem,</strong></span> <span class='ocrx_word' id='word_1_636' title='bbox 3429 3332 3582 3370; x_wconf 84' lang='lat' dir='ltr'><strong>suam</strong></span> 
     </span>
    </p>
   </div>
   <div class='ocr_carea' id='block_1_81' title="bbox 2014 3403 3590 3482">
    <p class='ocr_par' dir='ltr' id='par_1_81' title="bbox 2014 3403 3590 3482">
     <span class='ocr_line' id='line_1_81' title="bbox 2014 3403 3590 3482; baseline 0.003 -24"><span class='ocrx_word' id='word_1_637' title='bbox 2014 3419 2044 3458; x_wconf 93' lang='lat' dir='ltr'><strong>e</strong></span> <span class='ocrx_word' id='word_1_638' title='bbox 2080 3403 2320 3482; x_wconf 81' lang='lat' dir='ltr'><strong>tenebris</strong></span> <span class='ocrx_word' id='word_1_639' title='bbox 2377 3403 2822 3467; x_wconf 88' lang='lat' dir='ltr'><strong>illustrationem,</strong></span> <span class='ocrx_word' id='word_1_640' title='bbox 2857 3404 3240 3471; x_wconf 71' lang='lat' dir='ltr'><strong>universa-que</strong></span> <span class='ocrx_word' id='word_1_641' title='bbox 3286 3418 3441 3460; x_wconf 71' lang='lat' dir='ltr'><strong>terra:</strong></span> <span class='ocrx_word' id='word_1_642' title='bbox 3493 3423 3590 3474; x_wconf 88' lang='lat' dir='ltr'><strong>per</strong></span> 
     </span>
    </p>
   </div>
   <div class='ocr_carea' id='block_1_82' title="bbox 2014 3481 3588 3568">
    <p class='ocr_par' dir='ltr' id='par_1_82' title="bbox 2014 3481 3588 3568">
     <span class='ocr_line' id='line_1_82' title="bbox 2014 3481 3588 3568; baseline -0.001 -18"><span class='ocrx_word' id='word_1_643' title='bbox 2014 3511 2139 3551; x_wconf 89' lang='lat' dir='ltr'><strong>eum</strong></span> <span class='ocrx_word' id='word_1_644' title='bbox 2186 3481 2675 3568; x_wconf 72' lang='lat' dir='ltr'><strong>illutniuationem;</strong></span> <span class='ocrx_word' id='word_1_645' title='bbox 2715 3494 2989 3564; x_wconf 88' lang='lat' dir='ltr'><strong>posterius</strong></span> <span class='ocrx_word' id='word_1_646' title='bbox 3055 3503 3235 3548; x_wconf 87' lang='lat' dir='ltr'><strong>autem</strong></span> <span class='ocrx_word' id='word_1_647' title='bbox 3286 3495 3338 3548; x_wconf 88' lang='lat' dir='ltr'><strong>itt</strong></span> <span class='ocrx_word' id='word_1_648' title='bbox 3391 3497 3588 3550; x_wconf 65' lang='lat' dir='ltr'><strong>caelum</strong></span> 
     </span>
    </p>
   </div>
   <div class='ocr_carea' id='block_1_83' title="bbox 2017 3587 3592 3658">
    <p class='ocr_par' dir='ltr' id='par_1_83' title="bbox 2017 3587 3592 3658">
     <span class='ocr_line' id='line_1_83' title="bbox 2017 3587 3592 3658; baseline 0.001 -16"><span class='ocrx_word' id='word_1_649' title='bbox 2017 3597 2230 3658; x_wconf 85' lang='lat' dir='ltr'><strong>raptus,</strong></span> <span class='ocrx_word' id='word_1_650' title='bbox 2266 3595 2456 3656; x_wconf 86' lang='lat' dir='ltr'><strong>utpote</strong></span> <span class='ocrx_word' id='word_1_651' title='bbox 2500 3587 3031 3652; x_wconf 82' lang='lat' dir='ltr'><strong>totuscntundatus,</strong></span> <span class='ocrx_word' id='word_1_652' title='bbox 3083 3587 3217 3640; x_wconf 88' lang='lat' dir='ltr'><strong>illud</strong></span> <span class='ocrx_word' id='word_1_653' title='bbox 3253 3587 3592 3656; x_wconf 88' lang='lat' dir='ltr'><strong>splendidius</strong></span> 
     </span>
    </p>
   </div>
   <div class='ocr_carea' id='block_1_84' title="bbox 2016 3679 3590 3748">
    <p class='ocr_par' dir='ltr' id='par_1_84' title="bbox 2016 3679 3590 3748">
     <span class='ocr_line' id='line_1_84' title="bbox 2016 3679 3590 3748; baseline -0.003 -12"><span class='ocrx_word' id='word_1_654' title='bbox 2016 3681 2174 3744; x_wconf 88' lang='lat' dir='ltr'><strong>vidit,</strong></span> <span class='ocrx_word' id='word_1_655' title='bbox 2196 3690 2252 3734; x_wconf 85' lang='lat' dir='ltr'><strong>et</strong></span> <span class='ocrx_word' id='word_1_656' title='bbox 2281 3679 2554 3734; x_wconf 84' lang='lat' dir='ltr'><strong>clamabat</strong></span> <span class='ocrx_word' id='word_1_657' title='bbox 2590 3679 2778 3734; x_wconf 90' lang='lat' dir='ltr'><strong>dicens</strong></span> <span class='ocrx_word' id='word_1_658' title='bbox 2811 3694 2826 3731; x_wconf 90' lang='lat'><strong>:</strong></span> <span class='ocrx_word' id='word_1_659' title='bbox 2865 3696 2884 3729; x_wconf 84' lang='lat' dir='ltr'><strong>t</strong></span> <span class='ocrx_word' id='word_1_660' title='bbox 2911 3679 3179 3748; x_wconf 80' lang='lat' dir='ltr'><strong>Apparuit</strong></span> <span class='ocrx_word' id='word_1_661' title='bbox 3234 3679 3413 3747; x_wconf 80' lang='lat' dir='ltr'><strong>gratia</strong></span> <span class='ocrx_word' id='word_1_662' title='bbox 3467 3679 3590 3734; x_wconf 76' lang='lat' dir='ltr'><strong>Sal-</strong></span> 
     </span>
    </p>
   </div>
   <div class='ocr_carea' id='block_1_85' title="bbox 2017 3769 3590 3834">
    <p class='ocr_par' dir='ltr' id='par_1_85' title="bbox 2017 3769 3590 3834">
     <span class='ocr_line' id='line_1_85' title="bbox 2017 3769 3590 3834; baseline 0 -10"><span class='ocrx_word' id='word_1_663' title='bbox 2017 3774 2223 3825; x_wconf 87' lang='lat' dir='ltr'><strong>vatoris</strong></span> <span class='ocrx_word' id='word_1_664' title='bbox 2297 3770 2473 3827; x_wconf 89' lang='lat' dir='ltr'><strong>nostri</strong></span> <span class='ocrx_word' id='word_1_665' title='bbox 2543 3771 2800 3826; x_wconf 90' lang='lat' dir='ltr'><strong>omnibus</strong></span> <span class='ocrx_word' id='word_1_666' title='bbox 2859 3771 3213 3834; x_wconf 87' lang='lat' dir='ltr'><strong>hominibus;</strong></span> <span class='ocrx_word' id='word_1_667' title='bbox 3261 3779 3361 3822; x_wconf 90' lang='lat' dir='ltr'><strong>et:</strong></span> <span class='ocrx_word' id='word_1_668' title='bbox 3433 3769 3590 3824; x_wconf 87' lang='lat' dir='ltr'><strong>Nunc</strong></span> 
     </span>
    </p>
   </div>
   <div class='ocr_carea' id='block_1_86' title="bbox 2017 3847 3590 3932">
    <p class='ocr_par' dir='ltr' id='par_1_86' title="bbox 2017 3847 3590 3932">
     <span class='ocr_line' id='line_1_86' title="bbox 2017 3847 3590 3932; baseline -0.001 -14"><span class='ocrx_word' id='word_1_669' title='bbox 2017 3863 2406 3932; x_wconf 82' lang='lat' dir='ltr'><strong>cognoscimus</strong></span> <span class='ocrx_word' id='word_1_670' title='bbox 2461 3861 2515 3915; x_wconf 92' lang='lat' dir='ltr'><strong>in</strong></span> <span class='ocrx_word' id='word_1_671' title='bbox 2581 3861 2806 3930; x_wconf 87' lang='lat' dir='ltr'><strong>speculo</strong></span> <span class='ocrx_word' id='word_1_672' title='bbox 2868 3867 2924 3912; x_wconf 88' lang='lat' dir='ltr'><strong>et</strong></span> <span class='ocrx_word' id='word_1_673' title='bbox 2973 3862 3028 3914; x_wconf 89' lang='lat' dir='ltr'><strong>in</strong></span> <span class='ocrx_word' id='word_1_674' title='bbox 3088 3859 3394 3928; x_wconf 69' lang='lat' dir='ltr'><strong>aanigmate,</strong></span> <span class='ocrx_word' id='word_1_675' title='bbox 3458 3847 3590 3916; x_wconf 74' lang='lat' dir='ltr'><strong>tunc</strong></span> 
     </span>
    </p>
   </div>
   <div class='ocr_carea' id='block_1_87' title="bbox 2017 3953 3585 4031">
    <p class='ocr_par' dir='ltr' id='par_1_87' title="bbox 2017 3953 3585 4031">
     <span class='ocr_line' id='line_1_87' title="bbox 2017 3953 3585 4031; baseline 0.003 -23"><span class='ocrx_word' id='word_1_676' title='bbox 2017 3963 2202 4008; x_wconf 90' lang='lat' dir='ltr'><strong>autem</strong></span> <span class='ocrx_word' id='word_1_677' title='bbox 2229 3956 2370 4008; x_wconf 81' lang='lat' dir='ltr'><strong>facio</strong></span> <span class='ocrx_word' id='word_1_678' title='bbox 2408 3953 2476 4007; x_wconf 88' lang='lat' dir='ltr'><strong>ad</strong></span> <span class='ocrx_word' id='word_1_679' title='bbox 2535 3953 2766 4019; x_wconf 79' lang='lat' dir='ltr'><strong>faciem;</strong></span> <span class='ocrx_word' id='word_1_680' title='bbox 2801 3970 2820 4003; x_wconf 72' lang='grc' dir='ltr'><strong><em>ι</em></strong></span> <span class='ocrx_word' id='word_1_681' title='bbox 2859 3953 3021 4023; x_wconf 84' lang='lat' dir='ltr'><strong>cujus</strong></span> <span class='ocrx_word' id='word_1_682' title='bbox 3075 3953 3301 4008; x_wconf 87' lang='lat' dir='ltr'><strong>luminis</strong></span> <span class='ocrx_word' id='word_1_683' title='bbox 3359 3954 3585 4031; x_wconf 69' lang='lat' dir='ltr'><strong>pignora</strong></span> 
     </span>
    </p>
   </div>
   <div class='ocr_carea' id='block_1_88' title="bbox 2020 4044 3591 4117">
    <p class='ocr_par' dir='ltr' id='par_1_88' title="bbox 2020 4044 3591 4117">
     <span class='ocr_line' id='line_1_88' title="bbox 2020 4044 3591 4117; baseline 0.003 -17"><span class='ocrx_word' id='word_1_684' title='bbox 2020 4046 2213 4100; x_wconf 84' lang='lat' dir='ltr'><strong>habuit</strong></span> <span class='ocrx_word' id='word_1_685' title='bbox 2249 4044 2464 4114; x_wconf 83' lang='lat' dir='ltr'><strong>Moyses</strong></span> <span class='ocrx_word' id='word_1_686' title='bbox 2529 4044 2584 4098; x_wconf 89' lang='lat' dir='ltr'><strong>in</strong></span> <span class='ocrx_word' id='word_1_687' title='bbox 2645 4053 2850 4107; x_wconf 84' lang='lat' dir='ltr'><strong>monte.</strong></span> <span class='ocrx_word' id='word_1_688' title='bbox 2903 4046 3024 4100; x_wconf 91' lang='lat' dir='ltr'><strong>ideo</strong></span> <span class='ocrx_word' id='word_1_689' title='bbox 3055 4063 3163 4102; x_wconf 92' lang='lat' dir='ltr'><strong>non</strong></span> <span class='ocrx_word' id='word_1_690' title='bbox 3199 4057 3453 4117; x_wconf 79' lang='lat' dir='ltr'><strong>poterant</strong></span> <span class='ocrx_word' id='word_1_691' title='bbox 3493 4051 3591 4104; x_wconf 86' lang='lat' dir='ltr'><strong>filii</strong></span> 
     </span>
    </p>
   </div>
   <div class='ocr_carea' id='block_1_89' title="bbox 2018 4134 3592 4209">
    <p class='ocr_par' dir='ltr' id='par_1_89' title="bbox 2018 4134 3592 4209">
     <span class='ocr_line' id='line_1_89' title="bbox 2018 4134 3592 4209; baseline 0.005 -19"><span class='ocrx_word' id='word_1_692' title='bbox 2018 4135 2182 4191; x_wconf 88' lang='lat' dir='ltr'><strong>Israel</strong></span> <span class='ocrx_word' id='word_1_693' title='bbox 2217 4138 2268 4189; x_wconf 94' lang='lat' dir='ltr'><strong>in</strong></span> <span class='ocrx_word' id='word_1_694' title='bbox 2299 4136 2488 4190; x_wconf 79' lang='lat' dir='ltr'><strong>faciem</strong></span> <span class='ocrx_word' id='word_1_695' title='bbox 2545 4134 2665 4205; x_wconf 84' lang='lat' dir='ltr'><strong>ejus</strong></span> <span class='ocrx_word' id='word_1_696' title='bbox 2725 4137 3032 4194; x_wconf 88' lang='lat' dir='ltr'><strong>intendere.</strong></span> <span class='ocrx_word' id='word_1_697' title='bbox 3088 4137 3399 4209; x_wconf 80' lang='lat' dir='ltr'><strong>Stephanus</strong></span> <span class='ocrx_word' id='word_1_698' title='bbox 3465 4157 3592 4198; x_wconf 86' lang='lat' dir='ltr'><strong>vero</strong></span> 
     </span>
    </p>
   </div>
   <div class='ocr_carea' id='block_1_90' title="bbox 2018 4227 3592 4300">
    <p class='ocr_par' dir='ltr' id='par_1_90' title="bbox 2018 4227 3592 4300">
     <span class='ocr_line' id='line_1_90' title="bbox 2018 4227 3592 4300; baseline 0.001 -17"><span class='ocrx_word' id='word_1_699' title='bbox 2018 4228 2222 4283; x_wconf 87' lang='lat' dir='ltr'><strong>clarius</strong></span> <span class='ocrx_word' id='word_1_700' title='bbox 2253 4228 2395 4281; x_wconf 89' lang='lat' dir='ltr'><strong>hanc</strong></span> <span class='ocrx_word' id='word_1_701' title='bbox 2421 4227 2596 4282; x_wconf 90' lang='lat' dir='ltr'><strong>lucem</strong></span> <span class='ocrx_word' id='word_1_702' title='bbox 2641 4230 2892 4297; x_wconf 80' lang='lat' dir='ltr'><strong>aspexit:</strong></span> <span class='ocrx_word' id='word_1_703' title='bbox 2928 4230 3428 4300; x_wconf 82' lang='lat' dir='ltr'><strong>respleuduitenitn</strong></span> <span class='ocrx_word' id='word_1_704' title='bbox 3469 4237 3592 4288; x_wconf 83' lang='lat' dir='ltr'><strong>vul-</strong></span> 
     </span>
    </p>
   </div>
   <div class='ocr_carea' id='block_1_91' title="bbox 2021 4323 3590 4397">
    <p class='ocr_par' dir='ltr' id='par_1_91' title="bbox 2021 4323 3590 4397">
     <span class='ocr_line' id='line_1_91' title="bbox 2021 4323 3590 4397; baseline -0.001 -17"><span class='ocrx_word' id='word_1_705' title='bbox 2021 4335 2110 4381; x_wconf 90' lang='lat' dir='ltr'><strong>tus</strong></span> <span class='ocrx_word' id='word_1_706' title='bbox 2141 4325 2277 4394; x_wconf 84' lang='lat' dir='ltr'><strong>ejus,</strong></span> <span class='ocrx_word' id='word_1_707' title='bbox 2314 4331 2472 4393; x_wconf 86' lang='lat' dir='ltr'><strong>prout</strong></span> <span class='ocrx_word' id='word_1_708' title='bbox 2500 4323 2768 4393; x_wconf 88' lang='lat' dir='ltr'><strong>scriptum</strong></span> <span class='ocrx_word' id='word_1_709' title='bbox 2799 4333 2905 4389; x_wconf 88' lang='lat' dir='ltr'><strong>est,</strong></span> <span class='ocrx_word' id='word_1_710' title='bbox 2963 4328 3106 4381; x_wconf 88' lang='lat' dir='ltr'><strong>sicut</strong></span> <span class='ocrx_word' id='word_1_711' title='bbox 3151 4327 3332 4382; x_wconf 87' lang='lat' dir='ltr'><strong>vultus</strong></span> <span class='ocrx_word' id='word_1_712' title='bbox 3375 4330 3590 4397; x_wconf 78' lang='lat' dir='ltr'><strong>angeli;</strong></span> 
     </span>
    </p>
   </div>
   <div class='ocr_carea' id='block_1_92' title="bbox 339 4419 1910 4502">
    <p class='ocr_par' dir='ltr' id='par_1_92' title="bbox 339 4419 1909 4500">
     <span class='ocr_line' id='line_1_92' title="bbox 339 4419 1909 4500; baseline 0.008 -30"><span class='ocrx_word' id='word_1_713' title='bbox 339 4419 452 4472; x_wconf 84' lang='lat' dir='ltr'><strong>ulol</strong></span> <span class='ocrx_word' id='word_1_714' title='bbox 497 4419 589 4471; x_wconf 85' lang='grc' dir='ltr'><strong>τοῦ</strong></span> <span class='ocrx_word' id='word_1_715' title='bbox 634 4421 874 4492; x_wconf 83' lang='grc' dir='ltr'><strong>Ἰσραήλ.</strong></span> <span class='ocrx_word' id='word_1_716' title='bbox 927 4423 1038 4476; x_wconf 86' lang='lat' dir='ltr'><strong>Kal</strong></span> <span class='ocrx_word' id='word_1_717' title='bbox 1085 4424 1358 4492; x_wconf 58' lang='grc' dir='ltr'><strong>Στέφανος</strong></span> <span class='ocrx_word' id='word_1_718' title='bbox 1409 4426 1466 4478; x_wconf 79' lang='grc' dir='ltr'><strong>δὲ</strong></span> <span class='ocrx_word' id='word_1_719' title='bbox 1527 4426 1909 4500; x_wconf 83' lang='grc' dir='ltr'><strong>λαμπρότερον</strong></span> 
     </span>
    </p>
   </div>
   <div class='ocr_carea' id='block_1_93' title="bbox 2013 4419 3593 4502">
    <p class='ocr_par' dir='ltr' id='par_1_93' title="bbox 2021 4419 3593 4491">
     <span class='ocr_line' id='line_1_93' title="bbox 2021 4419 3593 4491; baseline 0.001 -18"><span class='ocrx_word' id='word_1_720' title='bbox 2021 4434 2146 4473; x_wconf 88' lang='lat' dir='ltr'><strong>nam</strong></span> <span class='ocrx_word' id='word_1_721' title='bbox 2182 4419 2249 4472; x_wconf 84' lang='lat' dir='ltr'><strong>ad</strong></span> <span class='ocrx_word' id='word_1_722' title='bbox 2301 4420 2451 4472; x_wconf 87' lang='lat' dir='ltr'><strong>illum</strong></span> <span class='ocrx_word' id='word_1_723' title='bbox 2479 4419 2730 4474; x_wconf 79' lang='lat' dir='ltr'><strong>decorem</strong></span> <span class='ocrx_word' id='word_1_724' title='bbox 2765 4419 3047 4488; x_wconf 78' lang='lat' dir='ltr'><strong>spectabat</strong></span> <span class='ocrx_word' id='word_1_725' title='bbox 3103 4419 3360 4489; x_wconf 87' lang='lat' dir='ltr'><strong>splendor</strong></span> <span class='ocrx_word' id='word_1_726' title='bbox 3391 4437 3593 4491; x_wconf 87' lang='lat' dir='ltr'><strong>corpus</strong></span> 
     </span>
    </p>
   </div>
   <div class='ocr_carea' id='block_1_94' title="bbox 341 4507 1914 4587">
    <p class='ocr_par' dir='ltr' id='par_1_94' title="bbox 341 4507 1914 4587">
     <span class='ocr_line' id='line_1_94' title="bbox 341 4507 1914 4587; baseline 0.009 -27"><span class='ocrx_word' id='word_1_727' title='bbox 341 4508 503 4561; x_wconf 78' lang='grc' dir='ltr'><strong>τοῦτο</strong></span> <span class='ocrx_word' id='word_1_728' title='bbox 533 4509 592 4561; x_wconf 80' lang='grc' dir='ltr'><strong>τὸ</strong></span> <span class='ocrx_word' id='word_1_729' title='bbox 625 4511 741 4577; x_wconf 64' lang='grc' dir='ltr'><strong>φιῖες</strong></span> <span class='ocrx_word' id='word_1_730' title='bbox 788 4507 914 4565; x_wconf 76' lang='grc' dir='ltr'><strong>εἶδε.</strong></span> <span class='ocrx_word' id='word_1_731' title='bbox 947 4513 1058 4564; x_wconf 84' lang='lat' dir='ltr'><strong>Kal</strong></span> <span class='ocrx_word' id='word_1_732' title='bbox 1081 4515 1507 4582; x_wconf 76' lang='grc' dir='ltr'><strong>καταυγασθεὶς,</strong></span> <span class='ocrx_word' id='word_1_733' title='bbox 1528 4516 1588 4569; x_wconf 87' lang='grc' dir='ltr'><strong>τὸ</strong></span> <span class='ocrx_word' id='word_1_734' title='bbox 1619 4519 1914 4587; x_wconf 83' lang='grc' dir='ltr'><strong>πρόσωπον</strong></span> 
     </span>
    </p>
   </div>
   <div class='ocr_carea' id='block_1_95' title="bbox 348 4595 1914 4678">
    <p class='ocr_par' dir='ltr' id='par_1_95' title="bbox 348 4595 1914 4678">
     <span class='ocr_line' id='line_1_95' title="bbox 348 4595 1914 4678; baseline 0.01 -29"><span class='ocrx_word' id='word_1_735' title='bbox 348 4599 512 4651; x_wconf 82' lang='grc' dir='ltr'><strong>αὐτοῦ</strong></span> <span class='ocrx_word' id='word_1_736' title='bbox 558 4595 631 4669; x_wconf 75' lang='grc' dir='ltr'><strong>ἦν</strong></span> <span class='ocrx_word' id='word_1_737' title='bbox 677 4600 810 4653; x_wconf 81' lang='grc' dir='ltr'><strong>ὠσεὶ</strong></span> <span class='ocrx_word' id='word_1_738' title='bbox 838 4604 1132 4671; x_wconf 86' lang='grc' dir='ltr'><strong>πρόσωπον</strong></span> <span class='ocrx_word' id='word_1_739' title='bbox 1165 4607 1424 4674; x_wconf 81' lang='grc' dir='ltr'><strong>ἀγγέλου,</strong></span> <span class='ocrx_word' id='word_1_740' title='bbox 1473 4607 1548 4669; x_wconf 82' lang='grc' dir='ltr'><strong>ὡς</strong></span> <span class='ocrx_word' id='word_1_741' title='bbox 1576 4612 1914 4678; x_wconf 80' lang='grc' dir='ltr'><strong>γέγραπται.</strong></span> 
     </span>
    </p>
   </div>
   <div class='ocr_carea' id='block_1_96' title="bbox 348 4688 1918 4771">
    <p class='ocr_par' dir='ltr' id='par_1_96' title="bbox 348 4688 1918 4771">
     <span class='ocr_line' id='line_1_96' title="bbox 348 4688 1918 4771; baseline 0.009 -33"><span class='ocrx_word' id='word_1_742' title='bbox 348 4688 490 4758; x_wconf 77' lang='grc' dir='ltr'><strong>Πρὸς</strong></span> <span class='ocrx_word' id='word_1_743' title='bbox 517 4691 631 4760; x_wconf 78' lang='grc' dir='ltr'><strong>γάρ</strong></span> <span class='ocrx_word' id='word_1_744' title='bbox 663 4691 724 4743; x_wconf 82' lang='grc' dir='ltr'><strong>τὸ</strong></span> <span class='ocrx_word' id='word_1_745' title='bbox 767 4692 964 4755; x_wconf 86' lang='grc' dir='ltr'><strong>κάλλος</strong></span> <span class='ocrx_word' id='word_1_746' title='bbox 1019 4695 1194 4746; x_wconf 81' lang='grc' dir='ltr'><strong>ἐκεῖνο</strong></span> <span class='ocrx_word' id='word_1_747' title='bbox 1244 4692 1312 4766; x_wconf 80' lang='grc' dir='ltr'><strong>ἦν</strong></span> <span class='ocrx_word' id='word_1_748' title='bbox 1371 4699 1528 4768; x_wconf 76' lang='grc' dir='ltr'><strong>καὶὴ</strong></span> <span class='ocrx_word' id='word_1_749' title='bbox 1589 4698 1918 4771; x_wconf 80' lang='grc' dir='ltr'><strong>ἐξαλλομένη</strong></span> 
     </span>
    </p>
   </div>
   <div class='ocr_carea' id='block_1_97' title="bbox 339 4778 1920 4862">
    <p class='ocr_par' dir='ltr' id='par_1_97' title="bbox 339 4778 1920 4862">
     <span class='ocr_line' id='line_1_97' title="bbox 339 4778 1920 4862; baseline 0.008 -31"><span class='ocrx_word' id='word_1_750' title='bbox 339 4778 676 4849; x_wconf 79' lang='grc' dir='ltr'><strong>λαμπρότης</strong></span> <span class='ocrx_word' id='word_1_751' title='bbox 718 4781 794 4851; x_wconf 85' lang='grc' dir='ltr'><strong>τῷ</strong></span> <span class='ocrx_word' id='word_1_752' title='bbox 831 4783 1070 4853; x_wconf 81' lang='grc' dir='ltr'><strong>σώματι.</strong></span> <span class='ocrx_word' id='word_1_753' title='bbox 1121 4787 1182 4839; x_wconf 77' lang='grc' dir='ltr'><strong>Ἠ</strong></span> <span class='ocrx_word' id='word_1_754' title='bbox 1227 4789 1286 4840; x_wconf 79' lang='grc' dir='ltr'><strong>ὲν</strong></span> <span class='ocrx_word' id='word_1_755' title='bbox 1317 4791 1384 4858; x_wconf 81' lang='grc' dir='ltr'><strong>τῇ</strong></span> <span class='ocrx_word' id='word_1_756' title='bbox 1433 4791 1579 4861; x_wconf 80' lang='grc' dir='ltr'><strong>ψυχῇ</strong></span> <span class='ocrx_word' id='word_1_757' title='bbox 1613 4794 1723 4862; x_wconf 78' lang='grc' dir='ltr'><strong>γάρ</strong></span> <span class='ocrx_word' id='word_1_758' title='bbox 1756 4793 1920 4861; x_wconf 75' lang='grc' dir='ltr'><strong>ἐκχυ-</strong></span> 
     </span>
    </p>
   </div>
   <div class='ocr_carea' id='block_1_98' title="bbox 344 4871 1918 4953">
    <p class='ocr_par' dir='ltr' id='par_1_98' title="bbox 344 4871 1918 4953">
     <span class='ocr_line' id='line_1_98' title="bbox 344 4871 1918 4953; baseline 0.008 -30"><span class='ocrx_word' id='word_1_759' title='bbox 344 4871 503 4925; x_wconf 78' lang='grc' dir='ltr'><strong>θεῖσα</strong></span> <span class='ocrx_word' id='word_1_760' title='bbox 537 4872 661 4927; x_wconf 85' lang='grc' dir='ltr'><strong>θεία</strong></span> <span class='ocrx_word' id='word_1_761' title='bbox 697 4876 792 4926; x_wconf 80' lang='grc' dir='ltr'><strong>καὶ</strong></span> <span class='ocrx_word' id='word_1_762' title='bbox 850 4876 1017 4940; x_wconf 80' lang='grc' dir='ltr'><strong>άῦλος</strong></span> <span class='ocrx_word' id='word_1_763' title='bbox 1071 4878 1165 4930; x_wconf 87' lang='grc' dir='ltr'><strong>τοῦ</strong></span> <span class='ocrx_word' id='word_1_764' title='bbox 1198 4879 1517 4950; x_wconf 78' lang='grc' dir='ltr'><strong>Πνεῦματος</strong></span> <span class='ocrx_word' id='word_1_765' title='bbox 1545 4884 1800 4953; x_wconf 85' lang='grc' dir='ltr'><strong>ἀστραπή</strong></span> <span class='ocrx_word' id='word_1_766' title='bbox 1859 4899 1918 4935; x_wconf 89' lang='grc' dir='ltr'><strong>τε</strong></span> 
     </span>
    </p>
   </div>
   <div class='ocr_carea' id='block_1_99' title="bbox 346 4964 1920 5039">
    <p class='ocr_par' dir='ltr' id='par_1_99' title="bbox 346 4964 1920 5039">
     <span class='ocr_line' id='line_1_99' title="bbox 346 4964 1920 5039; baseline 0.006 -23"><span class='ocrx_word' id='word_1_767' title='bbox 346 4964 443 5017; x_wconf 73' lang='grc' dir='ltr'><strong>καὶ</strong></span> <span class='ocrx_word' id='word_1_768' title='bbox 475 4965 659 5033; x_wconf 56' lang='grc' dir='ltr'><strong>χάρις,</strong></span> <span class='ocrx_word' id='word_1_769' title='bbox 693 4966 870 5018; x_wconf 75' lang='grc' dir='ltr'><strong>καὶτὸ</strong></span> <span class='ocrx_word' id='word_1_770' title='bbox 903 4967 1064 5037; x_wconf 82' lang='grc' dir='ltr'><strong>σῶμα</strong></span> <span class='ocrx_word' id='word_1_771' title='bbox 1091 4970 1488 5039; x_wconf 79' lang='grc' dir='ltr'><strong>περιηύγαζεν,</strong></span> <span class='ocrx_word' id='word_1_772' title='bbox 1526 4971 1601 5034; x_wconf 82' lang='grc' dir='ltr'><strong>ὡς</strong></span> <span class='ocrx_word' id='word_1_773' title='bbox 1634 4974 1729 5025; x_wconf 70' lang='grc' dir='ltr'><strong>καὶ</strong></span> <span class='ocrx_word' id='word_1_774' title='bbox 1745 4974 1803 5024; x_wconf 82' lang='grc' dir='ltr'><strong>τὸ</strong></span> <span class='ocrx_word' id='word_1_775' title='bbox 1822 4972 1920 5026; x_wconf 87' lang='grc' dir='ltr'><strong>τοῦ</strong></span> 
     </span>
    </p>
   </div>
   <div class='ocr_carea' id='block_1_100' title="bbox 342 5057 1921 5127">
    <p class='ocr_par' dir='ltr' id='par_1_100' title="bbox 342 5057 1921 5127">
     <span class='ocr_line' id='line_1_100' title="bbox 342 5057 1921 5127; baseline 0.002 -15"><span class='ocrx_word' id='word_1_776' title='bbox 342 5059 651 5120; x_wconf 77' lang='grc' dir='ltr'><strong>Μωῦσέως.</strong></span> <span class='ocrx_word' id='word_1_777' title='bbox 677 5057 850 5111; x_wconf 81' lang='grc' dir='ltr'><strong>Τοῦτο</strong></span> <span class='ocrx_word' id='word_1_778' title='bbox 903 5059 958 5110; x_wconf 71' lang='grc' dir='ltr'><strong>δὲ</strong></span> <span class='ocrx_word' id='word_1_779' title='bbox 996 5059 1058 5110; x_wconf 84' lang='grc' dir='ltr'><strong>τὸ</strong></span> <span class='ocrx_word' id='word_1_780' title='bbox 1107 5060 1244 5127; x_wconf 84' lang='grc' dir='ltr'><strong>φῶς,</strong></span> <span class='ocrx_word' id='word_1_781' title='bbox 1273 5061 1334 5112; x_wconf 84' lang='grc' dir='ltr'><strong>οὐ</strong></span> <span class='ocrx_word' id='word_1_782' title='bbox 1373 5061 1552 5124; x_wconf 86' lang='grc' dir='ltr'><strong>καθὼς</strong></span> <span class='ocrx_word' id='word_1_783' title='bbox 1598 5060 1770 5126; x_wconf 80' lang='grc' dir='ltr'><strong>ἔστιν,</strong></span> <span class='ocrx_word' id='word_1_784' title='bbox 1804 5061 1921 5116; x_wconf 85' lang='grc' dir='ltr'><strong>ἀλλ’</strong></span> 
     </span>
    </p>
   </div>
   <div class='ocr_carea' id='block_1_101' title="bbox 340 5145 1922 5220">
    <p class='ocr_par' dir='ltr' id='par_1_101' title="bbox 340 5145 1922 5220">
     <span class='ocr_line' id='line_1_101' title="bbox 340 5145 1922 5220; baseline 0.003 -18"><span class='ocrx_word' id='word_1_785' title='bbox 340 5149 416 5211; x_wconf 68' lang='lat' dir='ltr'><strong>tit;</strong></span> <span class='ocrx_word' id='word_1_786' title='bbox 451 5149 682 5204; x_wconf 82' lang='grc' dir='ltr'><strong>δυνατὸν</strong></span> <span class='ocrx_word' id='word_1_787' title='bbox 708 5145 797 5219; x_wconf 80' lang='grc' dir='ltr'><strong>ἦν,</strong></span> <span class='ocrx_word' id='word_1_788' title='bbox 844 5150 1056 5219; x_wconf 75' lang='grc' dir='ltr'><strong>ἑωρᾶτο</strong></span> <span class='ocrx_word' id='word_1_789' title='bbox 1112 5153 1224 5214; x_wconf 85' lang='grc' dir='ltr'><strong>τοῖς</strong></span> <span class='ocrx_word' id='word_1_790' title='bbox 1261 5154 1578 5220; x_wconf 84' lang='grc' dir='ltr'><strong>θεωμένοις,</strong></span> <span class='ocrx_word' id='word_1_791' title='bbox 1611 5153 1686 5216; x_wconf 85' lang='grc' dir='ltr'><strong>ὡς</strong></span> <span class='ocrx_word' id='word_1_792' title='bbox 1731 5153 1825 5206; x_wconf 80' lang='grc' dir='ltr'><strong>καὶ</strong></span> <span class='ocrx_word' id='word_1_793' title='bbox 1865 5155 1922 5206; x_wconf 83' lang='grc' dir='ltr'><strong>ὲν</strong></span> 
     </span>
    </p>
   </div>
   <div class='ocr_carea' id='block_1_102' title="bbox 338 5240 1920 5315">
    <p class='ocr_par' dir='ltr' id='par_1_102' title="bbox 338 5240 1920 5315">
     <span class='ocr_line' id='line_1_102' title="bbox 338 5240 1920 5315; baseline 0.003 -21"><span class='ocrx_word' id='word_1_794' title='bbox 338 5246 456 5304; x_wconf 76' lang='grc' dir='ltr'><strong>τοῖς</strong></span> <span class='ocrx_word' id='word_1_795' title='bbox 490 5244 836 5313; x_wconf 76' lang='grc' dir='ltr'><strong>προφήταις,</strong></span> <span class='ocrx_word' id='word_1_796' title='bbox 871 5244 932 5295; x_wconf 81' lang='grc' dir='ltr'><strong>οὐ</strong></span> <span class='ocrx_word' id='word_1_797' title='bbox 969 5242 1154 5306; x_wconf 86' lang='grc' dir='ltr'><strong>καθὼς</strong></span> <span class='ocrx_word' id='word_1_798' title='bbox 1193 5240 1286 5315; x_wconf 77' lang='grc' dir='ltr'><strong>ἦν,</strong></span> <span class='ocrx_word' id='word_1_799' title='bbox 1325 5245 1462 5298; x_wconf 83' lang='grc' dir='ltr'><strong>ἀλλὰ</strong></span> <span class='ocrx_word' id='word_1_800' title='bbox 1512 5247 1655 5297; x_wconf 77' lang='grc' dir='ltr'><strong>κατὰ</strong></span> <span class='ocrx_word' id='word_1_801' title='bbox 1688 5245 1920 5314; x_wconf 86' lang='grc' dir='ltr'><strong>δύναμιν</strong></span> 
     </span>
    </p>
   </div>
   <div class='ocr_carea' id='block_1_103' title="bbox 340 5333 1918 5404">
    <p class='ocr_par' dir='ltr' id='par_1_103' title="bbox 340 5333 1918 5404">
     <span class='ocr_line' id='line_1_103' title="bbox 340 5333 1918 5404; baseline 0.001 -18"><span class='ocrx_word' id='word_1_802' title='bbox 340 5334 558 5403; x_wconf 76' lang='grc' dir='ltr'><strong>ἑωρᾶτο</strong></span> <span class='ocrx_word' id='word_1_803' title='bbox 595 5333 720 5384; x_wconf 81' lang='grc' dir='ltr'><strong>⁴τῶν</strong></span> <span class='ocrx_word' id='word_1_804' title='bbox 749 5335 1026 5402; x_wconf 84' lang='grc' dir='ltr'><strong>ὁρώντων,</strong></span> <span class='ocrx_word' id='word_1_805' title='bbox 1082 5335 1202 5399; x_wconf 47' lang='grc' dir='ltr'><strong>καὶ,</strong></span> <span class='ocrx_word' id='word_1_806' title='bbox 1229 5335 1428 5394; x_wconf 79' lang='grc' dir='ltr'><strong>αὐτοὺς</strong></span> <span class='ocrx_word' id='word_1_807' title='bbox 1481 5335 1918 5404; x_wconf 86' lang='grc' dir='ltr'><strong>περιήστραπτε.</strong></span> 
     </span>
    </p>
   </div>
   <div class='ocr_carea' id='block_1_104' title="bbox 343 5423 1902 5496">
    <p class='ocr_par' dir='ltr' id='par_1_104' title="bbox 343 5423 1902 5496">
     <span class='ocr_line' id='line_1_104' title="bbox 343 5423 1902 5496; baseline 0.001 -20"><span class='ocrx_word' id='word_1_808' title='bbox 343 5425 455 5478; x_wconf 84' lang='lat' dir='ltr'><strong>Kal</strong></span> <span class='ocrx_word' id='word_1_809' title='bbox 482 5427 534 5476; x_wconf 85' lang='grc' dir='ltr'><strong>τί</strong></span> <span class='ocrx_word' id='word_1_810' title='bbox 567 5423 650 5477; x_wconf 86' lang='grc' dir='ltr'><strong>δεῖ</strong></span> <span class='ocrx_word' id='word_1_811' title='bbox 699 5423 870 5478; x_wconf 74' lang='grc' dir='ltr'><strong>πολλὰ</strong></span> <span class='ocrx_word' id='word_1_812' title='bbox 925 5424 1106 5492; x_wconf 72' lang='grc' dir='ltr'><strong>λέγειν</strong></span> <span class='ocrx_word' id='word_1_813' title='bbox 1137 5425 1267 5493; x_wconf 71' lang='grc' dir='ltr'><strong>περὶ</strong></span> <span class='ocrx_word' id='word_1_814' title='bbox 1317 5427 1417 5496; x_wconf 83' lang='grc' dir='ltr'><strong>τῆς</strong></span> <span class='ocrx_word' id='word_1_815' title='bbox 1472 5425 1623 5487; x_wconf 88' lang='grc' dir='ltr'><strong>θείας</strong></span> <span class='ocrx_word' id='word_1_816' title='bbox 1679 5425 1902 5496; x_wconf 79' lang='grc' dir='ltr'><strong>ἐκείνης</strong></span> 
     </span>
    </p>
   </div>
   <div class='ocr_carea' id='block_1_105' title="bbox 343 5513 1923 5590">
    <p class='ocr_par' dir='ltr' id='par_1_105' title="bbox 343 5513 1923 5590">
     <span class='ocr_line' id='line_1_105' title="bbox 343 5513 1923 5590; baseline 0.001 -24"><span class='ocrx_word' id='word_1_817' title='bbox 343 5515 756 5586; x_wconf 76' lang='grc' dir='ltr'><strong>λαμπρότητος,</strong></span> <span class='ocrx_word' id='word_1_818' title='bbox 781 5516 853 5568; x_wconf 79' lang='grc' dir='ltr'><strong>δι’</strong></span> <span class='ocrx_word' id='word_1_819' title='bbox 885 5513 954 5590; x_wconf 82' lang='grc' dir='ltr'><strong>ἧς</strong></span> <span class='ocrx_word' id='word_1_820' title='bbox 1002 5518 1051 5569; x_wconf 91' lang='grc' dir='ltr'><strong>οί</strong></span> <span class='ocrx_word' id='word_1_821' title='bbox 1104 5517 1302 5570; x_wconf 85' lang='grc' dir='ltr'><strong>δίκαιοι</strong></span> <span class='ocrx_word' id='word_1_822' title='bbox 1347 5517 1719 5585; x_wconf 72' lang='grc' dir='ltr'><strong>ἐκλάμψουσιν</strong></span> <span class='ocrx_word' id='word_1_823' title='bbox 1767 5516 1841 5579; x_wconf 84' lang='grc' dir='ltr'><strong>ὡς</strong></span> <span class='ocrx_word' id='word_1_824' title='bbox 1894 5518 1923 5568; x_wconf 82' lang='grc' dir='ltr'><em>ὁ</em></span> 
     </span>
    </p>
   </div>
   <div class='ocr_carea' id='block_1_106' title="bbox 341 5607 1918 5680">
    <p class='ocr_par' dir='ltr' id='par_1_106' title="bbox 341 5607 1918 5680">
     <span class='ocr_line' id='line_1_106' title="bbox 341 5607 1918 5680; baseline 0.001 -22"><span class='ocrx_word' id='word_1_825' title='bbox 341 5607 491 5675; x_wconf 64' lang='grc' dir='ltr'><strong>ἥλιος</strong></span> <span class='ocrx_word' id='word_1_826' title='bbox 527 5611 584 5660; x_wconf 69' lang='grc' dir='ltr'><strong>ὲν</strong></span> <span class='ocrx_word' id='word_1_827' title='bbox 618 5611 683 5678; x_wconf 80' lang='grc' dir='ltr'><strong>τῇ</strong></span> <span class='ocrx_word' id='word_1_828' title='bbox 715 5610 992 5680; x_wconf 77' lang='grc' dir='ltr'><strong>παρουσίᾳ</strong></span> <span class='ocrx_word' id='word_1_829' title='bbox 1021 5609 1114 5662; x_wconf 87' lang='grc' dir='ltr'><strong>τοῦ</strong></span> <span class='ocrx_word' id='word_1_830' title='bbox 1167 5611 1378 5678; x_wconf 83' lang='grc' dir='ltr'><strong>Πατρὸς</strong></span> <span class='ocrx_word' id='word_1_831' title='bbox 1435 5609 1615 5662; x_wconf 79' lang='grc' dir='ltr'><strong>αὐτῶν</strong></span> <span class='ocrx_word' id='word_1_832' title='bbox 1669 5607 1766 5678; x_wconf 84' lang='grc' dir='ltr'><strong>(ὡς</strong></span> <span class='ocrx_word' id='word_1_833' title='bbox 1810 5609 1918 5679; x_wconf 73' lang='grc' dir='ltr'><strong>ἔφη</strong></span> 
     </span>
    </p>
   </div>
   <div class='ocr_carea' id='block_1_107' title="bbox 346 5701 1918 5772">
    <p class='ocr_par' dir='ltr' id='par_1_107' title="bbox 346 5701 1918 5772">
     <span class='ocr_line' id='line_1_107' title="bbox 346 5701 1918 5772; baseline 0 -18"><span class='ocrx_word' id='word_1_834' title='bbox 346 5701 610 5772; x_wconf 77' lang='grc' dir='ltr'><strong>Χριστὸς)</strong></span> <span class='ocrx_word' id='word_1_835' title='bbox 650 5702 762 5754; x_wconf 84' lang='grc' dir='ltr'><strong>τῶν</strong></span> <span class='ocrx_word' id='word_1_836' title='bbox 792 5703 1033 5757; x_wconf 78' lang='grc' dir='ltr'><strong>ἀκτίνων</strong></span> <span class='ocrx_word' id='word_1_837' title='bbox 1089 5701 1184 5757; x_wconf 79' lang='grc' dir='ltr'><strong>τοῦ</strong></span> <span class='ocrx_word' id='word_1_838' title='bbox 1223 5702 1417 5756; x_wconf 78' lang='grc' dir='ltr'><strong>ἀδύτου</strong></span> <span class='ocrx_word' id='word_1_839' title='bbox 1450 5702 1604 5770; x_wconf 77' lang='grc' dir='ltr'><strong>ἡλίου</strong></span> <span class='ocrx_word' id='word_1_840' title='bbox 1659 5701 1918 5772; x_wconf 80' lang='grc' dir='ltr'><strong>μετέχον-</strong></span> 
     </span>
    </p>
   </div>
   <div class='ocr_carea' id='block_1_108' title="bbox 2021 4510 3595 4575">
    <p class='ocr_par' dir='ltr' id='par_1_108' title="bbox 2021 4510 3595 4575">
     <span class='ocr_line' id='line_1_108' title="bbox 2021 4510 3595 4575; baseline 0.003 -13"><span class='ocrx_word' id='word_1_841' title='bbox 2021 4510 2323 4575; x_wconf 78' lang='lat' dir='ltr'><strong>adornatis,</strong></span> <span class='ocrx_word' id='word_1_842' title='bbox 2358 4519 2413 4564; x_wconf 88' lang='lat' dir='ltr'><strong>et</strong></span> <span class='ocrx_word' id='word_1_843' title='bbox 2453 4511 2504 4564; x_wconf 89' lang='lat' dir='ltr'><strong>in</strong></span> <span class='ocrx_word' id='word_1_844' title='bbox 2536 4512 2720 4564; x_wconf 88' lang='lat' dir='ltr'><strong>anima</strong></span> <span class='ocrx_word' id='word_1_845' title='bbox 2753 4518 2870 4564; x_wconf 87' lang='lat' dir='ltr'><strong>erat</strong></span> <span class='ocrx_word' id='word_1_846' title='bbox 2901 4511 3098 4566; x_wconf 74' lang='lat' dir='ltr'><strong>diffusa</strong></span> <span class='ocrx_word' id='word_1_847' title='bbox 3130 4510 3313 4566; x_wconf 86' lang='lat' dir='ltr'><strong>divina</strong></span> <span class='ocrx_word' id='word_1_848' title='bbox 3338 4522 3392 4567; x_wconf 90' lang='lat' dir='ltr'><strong>et</strong></span> <span class='ocrx_word' id='word_1_849' title='bbox 3417 4514 3595 4568; x_wconf 63' lang='lat' dir='ltr'><strong>inror-</strong></span> 
     </span>
    </p>
   </div>
   <div class='ocr_carea' id='block_1_109' title="bbox 2021 4601 3593 4680">
    <p class='ocr_par' dir='ltr' id='par_1_109' title="bbox 2021 4601 3593 4680">
     <span class='ocr_line' id='line_1_109' title="bbox 2021 4601 3593 4680; baseline 0.003 -26"><span class='ocrx_word' id='word_1_850' title='bbox 2021 4616 2188 4671; x_wconf 86' lang='lat' dir='ltr'><strong>porea</strong></span> <span class='ocrx_word' id='word_1_851' title='bbox 2224 4601 2396 4655; x_wconf 87' lang='lat' dir='ltr'><strong>divini</strong></span> <span class='ocrx_word' id='word_1_852' title='bbox 2425 4602 2666 4671; x_wconf 85' lang='lat' dir='ltr'><strong>Spiritus</strong></span> <span class='ocrx_word' id='word_1_853' title='bbox 2695 4603 2873 4671; x_wconf 78' lang='lat' dir='ltr'><strong>gratia</strong></span> <span class='ocrx_word' id='word_1_854' title='bbox 2896 4613 2950 4656; x_wconf 90' lang='lat' dir='ltr'><strong>et</strong></span> <span class='ocrx_word' id='word_1_855' title='bbox 2989 4605 3327 4680; x_wconf 81' lang='lat' dir='ltr'><strong>coruscatio,</strong></span> <span class='ocrx_word' id='word_1_856' title='bbox 3361 4605 3593 4674; x_wconf 83' lang='lat' dir='ltr'><strong>ejusque</strong></span> 
     </span>
    </p>
   </div>
   <div class='ocr_carea' id='block_1_110' title="bbox 2021 4693 3593 4766">
    <p class='ocr_par' dir='ltr' id='par_1_110' title="bbox 2021 4693 3593 4766">
     <span class='ocr_line' id='line_1_110' title="bbox 2021 4693 3593 4766; baseline 0.001 -17"><span class='ocrx_word' id='word_1_857' title='bbox 2021 4693 2292 4749; x_wconf 84' lang='lat' dir='ltr'><strong>emicabat</strong></span> <span class='ocrx_word' id='word_1_858' title='bbox 2340 4708 2538 4761; x_wconf 85' lang='lat' dir='ltr'><strong>corpus</strong></span> <span class='ocrx_word' id='word_1_859' title='bbox 2600 4694 3061 4764; x_wconf 69' lang='lat' dir='ltr'><strong>quemadmodum</strong></span> <span class='ocrx_word' id='word_1_860' title='bbox 3139 4696 3340 4766; x_wconf 79' lang='lat' dir='ltr'><strong>Moysis</strong></span> <span class='ocrx_word' id='word_1_861' title='bbox 3407 4700 3593 4750; x_wconf 84' lang='lat' dir='ltr'><strong>facies.</strong></span> 
     </span>
    </p>
   </div>
   <div class='ocr_carea' id='block_1_111' title="bbox 2021 4787 3596 4852">
    <p class='ocr_par' dir='ltr' id='par_1_111' title="bbox 2021 4787 3596 4852">
     <span class='ocr_line' id='line_1_111' title="bbox 2021 4787 3596 4852; baseline 0.001 -11"><span class='ocrx_word' id='word_1_862' title='bbox 2021 4787 2160 4842; x_wconf 79' lang='lat' dir='ltr'><strong>illud</strong></span> <span class='ocrx_word' id='word_1_863' title='bbox 2227 4793 2407 4842; x_wconf 90' lang='lat' dir='ltr'><strong>autem</strong></span> <span class='ocrx_word' id='word_1_864' title='bbox 2445 4787 2626 4840; x_wconf 85' lang='lat' dir='ltr'><strong>lumen</strong></span> <span class='ocrx_word' id='word_1_865' title='bbox 2656 4801 2768 4840; x_wconf 88' lang='lat' dir='ltr'><strong>non</strong></span> <span class='ocrx_word' id='word_1_866' title='bbox 2821 4788 2984 4842; x_wconf 87' lang='lat' dir='ltr'><strong>sicuti</strong></span> <span class='ocrx_word' id='word_1_867' title='bbox 3011 4799 3116 4852; x_wconf 90' lang='lat' dir='ltr'><strong>est,</strong></span> <span class='ocrx_word' id='word_1_868' title='bbox 3154 4789 3247 4841; x_wconf 91' lang='lat' dir='ltr'><strong>sed</strong></span> <span class='ocrx_word' id='word_1_869' title='bbox 3287 4789 3431 4841; x_wconf 84' lang='lat' dir='ltr'><strong>sicut</strong></span> <span class='ocrx_word' id='word_1_870' title='bbox 3479 4797 3596 4842; x_wconf 84' lang='lat' dir='ltr'><strong>erat</strong></span> 
     </span>
    </p>
   </div>
   <div class='ocr_carea' id='block_1_112' title="bbox 2023 4863 3595 4947">
    <p class='ocr_par' dir='ltr' id='par_1_112' title="bbox 2023 4863 3595 4947">
     <span class='ocr_line' id='line_1_112' title="bbox 2023 4863 3595 4947; baseline -0.001 -16"><span class='ocrx_word' id='word_1_871' title='bbox 2023 4876 2306 4947; x_wconf 80' lang='lat' dir='ltr'><strong>possibile.</strong></span> <span class='ocrx_word' id='word_1_872' title='bbox 2338 4876 2407 4929; x_wconf 90' lang='lat' dir='ltr'><strong>ab</strong></span> <span class='ocrx_word' id='word_1_873' title='bbox 2434 4878 2776 4931; x_wconf 88' lang='lat' dir='ltr'><strong>intuentibus</strong></span> <span class='ocrx_word' id='word_1_874' title='bbox 2807 4863 3160 4946; x_wconf 86' lang='lat' dir='ltr'><strong>conspectum</strong></span> <span class='ocrx_word' id='word_1_875' title='bbox 3189 4887 3294 4944; x_wconf 85' lang='lat' dir='ltr'><strong>est,</strong></span> <span class='ocrx_word' id='word_1_876' title='bbox 3329 4879 3595 4946; x_wconf 87' lang='lat' dir='ltr'><strong>quemad-</strong></span> 
     </span>
    </p>
   </div>
   <div class='ocr_carea' id='block_1_113' title="bbox 2025 4966 3594 5036">
    <p class='ocr_par' dir='ltr' id='par_1_113' title="bbox 2025 4966 3594 5036">
     <span class='ocr_line' id='line_1_113' title="bbox 2025 4966 3594 5036; baseline 0.003 -18"><span class='ocrx_word' id='word_1_877' title='bbox 2025 4966 2246 5021; x_wconf 89' lang='lat' dir='ltr'><strong>modum</strong></span> <span class='ocrx_word' id='word_1_878' title='bbox 2277 4966 2330 5019; x_wconf 90' lang='lat' dir='ltr'><strong>iu</strong></span> <span class='ocrx_word' id='word_1_879' title='bbox 2363 4967 2642 5036; x_wconf 85' lang='lat' dir='ltr'><strong>pr0phetis</strong></span> <span class='ocrx_word' id='word_1_880' title='bbox 2678 4983 2784 5020; x_wconf 92' lang='lat' dir='ltr'><strong>non</strong></span> <span class='ocrx_word' id='word_1_881' title='bbox 2819 4970 2980 5023; x_wconf 90' lang='lat' dir='ltr'><strong>sicuti</strong></span> <span class='ocrx_word' id='word_1_882' title='bbox 3005 4980 3126 5023; x_wconf 87' lang='lat' dir='ltr'><strong>erat</strong></span> <span class='ocrx_word' id='word_1_883' title='bbox 3155 4970 3466 5035; x_wconf 85' lang='lat' dir='ltr'><strong>videbatur,</strong></span> <span class='ocrx_word' id='word_1_884' title='bbox 3499 4968 3594 5022; x_wconf 75' lang='lat' dir='ltr'><strong>sed</strong></span> 
     </span>
    </p>
   </div>
   <div class='ocr_carea' id='block_1_114' title="bbox 2027 5058 3596 5125">
    <p class='ocr_par' dir='ltr' id='par_1_114' title="bbox 2027 5058 3596 5125">
     <span class='ocr_line' id='line_1_114' title="bbox 2027 5058 3596 5125; baseline 0.003 -14"><span class='ocrx_word' id='word_1_885' title='bbox 2027 5059 2326 5112; x_wconf 81' lang='lat' dir='ltr'><strong>secundum</strong></span> <span class='ocrx_word' id='word_1_886' title='bbox 2384 5058 2642 5112; x_wconf 88' lang='lat' dir='ltr'><strong>virtutem</strong></span> <span class='ocrx_word' id='word_1_887' title='bbox 2682 5060 3008 5125; x_wconf 89' lang='lat' dir='ltr'><strong>videntium,</strong></span> <span class='ocrx_word' id='word_1_888' title='bbox 3049 5069 3104 5115; x_wconf 86' lang='lat' dir='ltr'><strong>et</strong></span> <span class='ocrx_word' id='word_1_889' title='bbox 3162 5062 3354 5116; x_wconf 90' lang='lat' dir='ltr'><strong>oculos</strong></span> <span class='ocrx_word' id='word_1_890' title='bbox 3397 5069 3596 5115; x_wconf 85' lang='lat' dir='ltr'><strong>eorum</strong></span> 
     </span>
    </p>
   </div>
   <div class='ocr_carea' id='block_1_115' title="bbox 2025 5148 3599 5220">
    <p class='ocr_par' dir='ltr' id='par_1_115' title="bbox 2025 5148 3599 5220">
     <span class='ocr_line' id='line_1_115' title="bbox 2025 5148 3599 5220; baseline 0 -18"><span class='ocrx_word' id='word_1_891' title='bbox 2025 5148 2450 5218; x_wconf 80' lang='lat' dir='ltr'><strong>perstringebat.</strong></span> <span class='ocrx_word' id='word_1_892' title='bbox 2483 5149 2548 5201; x_wconf 85' lang='lat' dir='ltr'><strong>Et</strong></span> <span class='ocrx_word' id='word_1_893' title='bbox 2576 5150 2704 5218; x_wconf 88' lang='lat' dir='ltr'><strong>quid</strong></span> <span class='ocrx_word' id='word_1_894' title='bbox 2740 5160 2957 5219; x_wconf 87' lang='lat' dir='ltr'><strong>oportet</strong></span> <span class='ocrx_word' id='word_1_895' title='bbox 2986 5154 3141 5220; x_wconf 88' lang='lat' dir='ltr'><strong>plura</strong></span> <span class='ocrx_word' id='word_1_896' title='bbox 3198 5150 3384 5205; x_wconf 87' lang='lat' dir='ltr'><strong>dicere</strong></span> <span class='ocrx_word' id='word_1_897' title='bbox 3413 5150 3480 5204; x_wconf 88' lang='lat' dir='ltr'><strong>de</strong></span> <span class='ocrx_word' id='word_1_898' title='bbox 3513 5149 3599 5203; x_wconf 84' lang='lat' dir='ltr'><strong>di-</strong></span> 
     </span>
    </p>
   </div>
   <div class='ocr_carea' id='block_1_116' title="bbox 2027 5239 3596 5310">
    <p class='ocr_par' dir='ltr' id='par_1_116' title="bbox 2027 5239 3596 5310">
     <span class='ocr_line' id='line_1_116' title="bbox 2027 5239 3596 5310; baseline 0.003 -19"><span class='ocrx_word' id='word_1_899' title='bbox 2027 5243 2154 5292; x_wconf 84' lang='lat' dir='ltr'><strong>vino</strong></span> <span class='ocrx_word' id='word_1_900' title='bbox 2185 5239 2274 5291; x_wconf 91' lang='lat' dir='ltr'><strong>illo</strong></span> <span class='ocrx_word' id='word_1_901' title='bbox 2310 5240 2624 5307; x_wconf 86' lang='lat' dir='ltr'><strong>splendore,</strong></span> <span class='ocrx_word' id='word_1_902' title='bbox 2670 5257 2779 5309; x_wconf 89' lang='lat' dir='ltr'><strong>quo</strong></span> <span class='ocrx_word' id='word_1_903' title='bbox 2811 5241 2949 5309; x_wconf 89' lang='lat' dir='ltr'><strong>justi</strong></span> <span class='ocrx_word' id='word_1_904' title='bbox 3001 5240 3283 5310; x_wconf 74' lang='lat' dir='ltr'><strong>fulgebunt</strong></span> <span class='ocrx_word' id='word_1_905' title='bbox 3333 5243 3473 5296; x_wconf 83' lang='lat' dir='ltr'><strong>sicut</strong></span> <span class='ocrx_word' id='word_1_906' title='bbox 3511 5243 3596 5296; x_wconf 84' lang='lat' dir='ltr'><strong>sol</strong></span> 
     </span>
    </p>
   </div>
   <div class='ocr_carea' id='block_1_117' title="bbox 2026 5330 3596 5399">
    <p class='ocr_par' dir='ltr' id='par_1_117' title="bbox 2026 5330 3596 5399">
     <span class='ocr_line' id='line_1_117' title="bbox 2026 5330 3596 5399; baseline 0.003 -15"><span class='ocrx_word' id='word_1_907' title='bbox 2026 5331 2081 5385; x_wconf 89' lang='lat' dir='ltr'><strong>in</strong></span> <span class='ocrx_word' id='word_1_908' title='bbox 2117 5343 2413 5399; x_wconf 74' lang='lat' dir='ltr'><strong>conspectu</strong></span> <span class='ocrx_word' id='word_1_909' title='bbox 2435 5331 2613 5385; x_wconf 71' lang='lat' dir='ltr'><strong>Patris</strong></span> <span class='ocrx_word' id='word_1_910' title='bbox 2634 5347 2847 5392; x_wconf 86' lang='lat' dir='ltr'><strong>eorum,</strong></span> <span class='ocrx_word' id='word_1_911' title='bbox 2869 5341 2926 5384; x_wconf 83' lang='grc' dir='ltr'><strong>ιιι</strong></span> <span class='ocrx_word' id='word_1_912' title='bbox 2949 5332 3085 5385; x_wconf 80' lang='lat' dir='ltr'><strong>dixit</strong></span> <span class='ocrx_word' id='word_1_913' title='bbox 3112 5330 3386 5398; x_wconf 88' lang='lat' dir='ltr'><strong>Christus,</strong></span> <span class='ocrx_word' id='word_1_914' title='bbox 3415 5336 3596 5389; x_wconf 80' lang='lat' dir='ltr'><strong>radios</strong></span> 
     </span>
    </p>
   </div>
   <div class='ocr_carea' id='block_1_118' title="bbox 2027 5422 3592 5496">
    <p class='ocr_par' dir='ltr' id='par_1_118' title="bbox 2027 5422 3592 5496">
     <span class='ocr_line' id='line_1_118' title="bbox 2027 5422 3592 5496; baseline 0.001 -16"><span class='ocrx_word' id='word_1_915' title='bbox 2027 5423 2159 5480; x_wconf 79' lang='lat' dir='ltr'><strong>Solis</strong></span> <span class='ocrx_word' id='word_1_916' title='bbox 2189 5422 2458 5476; x_wconf 84' lang='lat' dir='ltr'><strong>inaccessi</strong></span> <span class='ocrx_word' id='word_1_917' title='bbox 2498 5424 2928 5491; x_wconf 72' lang='lat' dir='ltr'><strong>participautcs?</strong></span> <span class='ocrx_word' id='word_1_918' title='bbox 2954 5422 3058 5478; x_wconf 83' lang='lat' dir='ltr'><strong>Iste</strong></span> <span class='ocrx_word' id='word_1_919' title='bbox 3083 5433 3168 5478; x_wconf 90' lang='lat' dir='ltr'><strong>est</strong></span> <span class='ocrx_word' id='word_1_920' title='bbox 3199 5424 3288 5478; x_wconf 80' lang='lat' dir='ltr'><strong>lux</strong></span> <span class='ocrx_word' id='word_1_921' title='bbox 3319 5443 3439 5481; x_wconf 89' lang='lat' dir='ltr'><strong>vera</strong></span> <span class='ocrx_word' id='word_1_922' title='bbox 3469 5444 3592 5496; x_wconf 70' lang='lat' dir='ltr'><strong>quae</strong></span> 
     </span>
    </p>
   </div>
   <div class='ocr_carea' id='block_1_119' title="bbox 2026 5516 3596 5574">
    <p class='ocr_par' dir='ltr' id='par_1_119' title="bbox 2026 5516 3596 5574">
     <span class='ocr_line' id='line_1_119' title="bbox 2026 5516 3596 5574; baseline 0.003 -5"><span class='ocrx_word' id='word_1_923' title='bbox 2026 5517 2298 5570; x_wconf 91' lang='lat' dir='ltr'><strong>illuminat</strong></span> <span class='ocrx_word' id='word_1_924' title='bbox 2352 5530 2572 5568; x_wconf 89' lang='lat' dir='ltr'><strong>omnem</strong></span> <span class='ocrx_word' id='word_1_925' title='bbox 2632 5516 2908 5569; x_wconf 86' lang='lat' dir='ltr'><strong>hominem</strong></span> <span class='ocrx_word' id='word_1_926' title='bbox 2963 5519 3266 5574; x_wconf 87' lang='lat' dir='ltr'><strong>venientem</strong></span> <span class='ocrx_word' id='word_1_927' title='bbox 3324 5520 3377 5573; x_wconf 87' lang='lat' dir='ltr'><strong>in</strong></span> <span class='ocrx_word' id='word_1_928' title='bbox 3447 5522 3596 5574; x_wconf 81' lang='lat' dir='ltr'><strong>futue</strong></span> 
     </span>
    </p>
   </div>
   <div class='ocr_carea' id='block_1_120' title="bbox 2030 5605 3602 5682">
    <p class='ocr_par' dir='ltr' id='par_1_120' title="bbox 2030 5605 3602 5682">
     <span class='ocr_line' id='line_1_120' title="bbox 2030 5605 3602 5682; baseline 0.005 -22"><span class='ocrx_word' id='word_1_929' title='bbox 2030 5608 2318 5673; x_wconf 88' lang='lat' dir='ltr'><strong>mundum,</strong></span> <span class='ocrx_word' id='word_1_930' title='bbox 2354 5608 2537 5676; x_wconf 88' lang='lat' dir='ltr'><strong>inquit</strong></span> <span class='ocrx_word' id='word_1_931' title='bbox 2569 5605 2813 5663; x_wconf 82' lang='lat' dir='ltr'><strong>Joannes</strong></span> <span class='ocrx_word' id='word_1_932' title='bbox 2861 5610 2914 5662; x_wconf 90' lang='lat' dir='ltr'><strong>in</strong></span> <span class='ocrx_word' id='word_1_933' title='bbox 2959 5610 3270 5682; x_wconf 70' lang='lat' dir='ltr'><strong>Evangelio.</strong></span> <span class='ocrx_word' id='word_1_934' title='bbox 3300 5616 3358 5668; x_wconf 90' lang='lat' dir='ltr'><strong>In</strong></span> <span class='ocrx_word' id='word_1_935' title='bbox 3387 5616 3602 5681; x_wconf 74' lang='lat' dir='ltr'><strong>Apoca-</strong></span> 
     </span>
    </p>
   </div>
   <div class='ocr_carea' id='block_1_121' title="bbox 2029 5700 3602 5774">
    <p class='ocr_par' dir='ltr' id='par_1_121' title="bbox 2029 5700 3602 5774">
     <span class='ocr_line' id='line_1_121' title="bbox 2029 5700 3602 5774; baseline 0.005 -20"><span class='ocrx_word' id='word_1_936' title='bbox 2029 5700 2166 5771; x_wconf 78' lang='lat' dir='ltr'><strong>lypsi</strong></span> <span class='ocrx_word' id='word_1_937' title='bbox 2205 5715 2332 5754; x_wconf 88' lang='lat' dir='ltr'><strong>vero</strong></span> <span class='ocrx_word' id='word_1_938' title='bbox 2359 5701 2624 5769; x_wconf 83' lang='lat' dir='ltr'><strong>scripturn</strong></span> <span class='ocrx_word' id='word_1_939' title='bbox 2645 5710 2727 5756; x_wconf 82' lang='lat' dir='ltr'><strong>est</strong></span> <span class='ocrx_word' id='word_1_940' title='bbox 2755 5717 2772 5758; x_wconf 85' lang='lat'><strong>:</strong></span> <span class='ocrx_word' id='word_1_941' title='bbox 2811 5719 2830 5754; x_wconf 81' lang='grc' dir='ltr'><strong>ι</strong></span> <span class='ocrx_word' id='word_1_942' title='bbox 2859 5700 3029 5759; x_wconf 72' lang='lat' dir='ltr'><strong>iustis</strong></span> <span class='ocrx_word' id='word_1_943' title='bbox 3069 5719 3178 5759; x_wconf 87' lang='lat' dir='ltr'><strong>non</strong></span> <span class='ocrx_word' id='word_1_944' title='bbox 3204 5704 3309 5759; x_wconf 87' lang='lat' dir='ltr'><strong>erit</strong></span> <span class='ocrx_word' id='word_1_945' title='bbox 3340 5707 3602 5774; x_wconf 85' lang='lat' dir='ltr'><strong>splendor</strong></span> 
     </span>
    </p>
   </div>
  </div>
