4040 6202
444 275 544 337 163

1294 271 1667 332 SYMEONIS
1698 271 1984 332 THESSA
1996 272 2441 337 LONICENSIS
2472 278 2827 339 ARCHIEP.

3590 281 3686 344 164

434 392 589 453 solis,
626 389 719 444 sed
755 404 925 460 agnus
955 387 1059 442 erit
1090 387 1171 441 eis
1225 387 1444 442 lucerna
1502 370 1609 441 non
1671 387 1931 442 deficiens
1961 406 2010 443 ,ι

2123 410 2247 459 τες;
2317 414 2335 445 ‹
2369 394 2465 458 ’Ὀς
2498 398 2615 447 ἐστι
2673 396 2733 447 τὸ
2764 396 2879 464 φῶς
2930 394 2987 447 τό
3047 390 3323 465 ἀληθινὸν,
3384 395 3412 448 ὃ
3466 396 3693 465 φωτίζει

440 483 543 536 Hic
573 492 752 535 autem
791 494 963 549 agnus
1021 487 1104 533 est
1167 493 1344 547 agnus
1381 478 1476 533 Dei
1542 478 1707 534 .lesus
1754 479 2015 534 Christus

446 574 539 642 qui
607 579 691 625 est
754 572 1019 625 Dominus
1064 571 1271 640 gloriae,
1319 571 1385 625 de
1426 586 1535 640 quo
1596 571 1762 625 David
1816 574 1952 627 dixit
1995 590 2010 628 :

444 681 462 711 ‹
492 662 751 715 Dominus
778 662 964 730 gloria:
997 662 1256 726 intonuit,
1283 680 1301 713 ι
1327 670 1381 715 et
1410 661 1653 717 Paulus:
1681 681 1698 713 ι
1724 662 2011 732 Nunquam

439 754 727 807 Dominum
779 755 967 822 gloria).
1024 754 1453 809 crucilixissent.
1492 773 1510 806 ι
1570 754 1699 809 ldeo
1746 756 2011 824 scriptum

434 854 517 895 est
550 843 602 895 in
632 842 925 911 Evangelio
962 857 974 893 :
1016 860 1034 893 ι
1064 842 1128 896 Ει
1171 844 1403 899 vidimus
1434 844 1663 912 gloriam
1706 846 1844 915 ejus,
1898 840 2017 915 glo-‘

436 934 573 986 riam
605 934 760 1000 quasi
795 934 1067 1004 Unigeniti
1098 949 1127 987 a
1156 933 1337 997 i’atre,
1368 953 1389 986 ι
1429 951 1551 1004 qua:
1587 937 1757 1006 gloria
1794 952 1899 991 non
1933 947 2017 992 est

440 1035 671 1094 persona
707 1042 771 1078 ex
813 1026 991 1080 tribus
1022 1028 1277 1096 personis
1311 1036 1597 1094 constans,
1655 1030 1749 1083 sed
1808 1032 2012 1098 ‘gratia;

444 1135 463 1167 ι
509 1121 748 1185 plenum,
800 1118 896 1180 ait,
939 1119 1128 1186 gratiae
1167 1128 1220 1172 et
1256 1118 1523 1174 veritatis.
1557 1138 1575 1171 ο
1618 1119 1774 1185 Quod
1820 1121 2014 1177 Petrus

438 1211 843 1280 sapientissime
874 1218 1113 1265 testatur
1138 1212 1327 1266 dicens
1363 1226 1379 1264 :
1425 1230 1441 1262 ι
1474 1210 1592 1266 Non
1631 1215 1779 1267 enim
1825 1219 2014 1270 doctas

441 1302 653 1355 fabulas
694 1303 1095 1365 secuti,notam
1128 1302 1359 1357 fecimus
1393 1304 1546 1357 vobis
1579 1304 1796 1358 Domini
1832 1304 2011 1360 nostri

436 1393 565 1447 Jesu
608 1393 815 1448 Christi
851 1395 1107 1449 virtutem
1136 1404 1187 1448 et
1219 1398 1564 1464 praesentiam
1591 1436 1605 1460 ,
1648 1397 1741 1451 sed
1767 1399 2015 1466 specula-

440 1500 583 1540 tores
618 1488 745 1540 facti
776 1487 921 1540 illius
986 1487 1403 1556 magnitudinis,
1439 1506 1457 1540 ›
1496 1504 1657 1558 quam
1693 1491 1929 1560 gloriam
1963 1502 2017 1545 et

443 1578 702 1631 honorem
740 1587 917 1630 vocat.
943 1578 1030 1630 Ait
1069 1579 1212 1632 enim
1256 1596 1269 1631 :
1311 1598 1328 1630 ι
1354 1580 1644 1650 Accipiens
1670 1600 1696 1634 a
1738 1584 1847 1636 Deo
1905 1584 2015 1639 Pa-

445 1676 523 1718 tre
556 1668 814 1719 honorem
848 1675 901 1718 et
952 1666 1208 1733 gloriam,
1241 1682 1377 1721 voce
1406 1668 1632 1737 delapsa
1665 1670 1728 1724 ad
1758 1686 1883 1725 eum
1919 1672 2018 1725 hu-

437 1755 737 1823 juscemodi
768 1771 795 1809 a
829 1758 1113 1825 magniﬁca
1143 1759 1313 1827 gloria
1342 1777 1361 1810 ι
1398 1800 1409 1813 .

444 1850 657 1902 Patrem
683 1848 910 1916 gloriam
951 1858 1108 1901 vocat
1136 1850 1264 1916 quia
1299 1852 1422 1904 fons
1459 1862 1544 1906 est
1603 1863 1656 1907 et
1691 1853 2015 1924 principium

442 1941 648 2008 gloriae,
688 1940 887 1992 Filium
946 1956 1075 1995 vero
1106 1956 1288 2009 regem
1338 1945 1523 2012 gloria:
1574 1948 1854 2016 appellat?
1913 1951 2017 2005 Sed

447 2033 644 2086 Paulus
677 2047 898 2101 quoque
931 2049 1054 2086 eum
1116 2035 1461 2101 Splendorem
1526 2037 1699 2103 gloria
1741 2043 2019 2109 cognomi-

445 2133 535 2175 nat
596 2124 833 2177 dicens:
909 2142 925 2174 ι
962 2125 1061 2189 Qui
1124 2141 1247 2178 eum
1305 2126 1376 2179 sit
1433 2127 1693 2193 splendor
1752 2131 2012 2200 gloria}:

445 2215 641 2269 Eodem
701 2218 925 2269 nomine
982 2217 1212 2284 gratiam
1282 2228 1335 2272 et
1400 2234 1690 2288 personam
1746 2222 2032 2291 significat.

440 2307 902 2376 quemadmodum
934 2310 1151 2362 diversa
1187 2325 1317 2364 voce
1348 2310 1613 2379 Spiritum
1671 2313 2020 2382 operationes

439 2398 695 2465 appellat,
724 2400 1090 2468 spiritumque
1116 2412 1276 2453 vocat
1337 2399 1577 2471 Spiritus
1612 2404 1780 2457 divini
1833 2421 2022 2474 perso-

445 2503 563 2541 nam
601 2505 626 2537 a
666 2504 769 2555 qua
799 2490 1138 2544 descendunt
1168 2491 1521 2547 charismata.
1544 2494 1867 2550 Communis
1889 2511 2018 2565 ergo

443 2577 730 2632 Trinitatis
762 2581 952 2648 gloria,
996 2593 1282 2650 propterea
1326 2598 1339 2633 :
1385 2602 1403 2634 ι
1440 2583 1704 2652 Sanctus,
1767 2601 2019 2663 sanctus,

442 2682 687 2735 sanctus,
720 2674 983 2729 Dominus
1009 2674 1249 2729 Sabaoth
1278 2692 1291 2728 :
1319 2676 1463 2744 pleni
1495 2686 1622 2731 sunt
1654 2678 1851 2735 cteliet
1877 2692 2019 2735 terra

442 2764 611 2832 gloria
643 2763 784 2831 ejus.
818 2783 836 2815 ι
875 2765 994 2820 Una
1029 2776 1112 2821 est
1140 2765 1428 2821 Trinitatis
1469 2768 1751 2836 divinitas,
1792 2773 2022 2843 ideoque

434 2854 515 2909 dii
549 2866 674 2910 sunt
702 2871 839 2923 quos
876 2858 965 2910 illa
1000 2868 1151 2912 tanto
1187 2860 1394 2913 honore
1454 2863 1727 2931 dignatur.
1763 2865 2020 2934 Proptera

431 2964 503 3004 ca
552 2952 713 3004 etiam
768 2951 910 3004 Deus
966 2966 1049 3003 εει
1086 2953 1163 3013 εἰη
1230 2967 1504 3024 synagoga
1568 2956 1816 3010 deorum.
1872 2956 2020 3011 Unus

430 3057 655 3111 quoque
686 3040 975 3095 Trinitatis
1007 3043 1263 3109 splendor
1291 3046 1357 3097 de
1409 3062 1517 3115 quo
1549 3045 1740 3112 David,
1775 3060 1832 3101 ut
1873 3050 2016 3104 dixi-

444 3149 584 3193 mus,
628 3140 881 3200 precatur
921 3135 1027 3185 ."ia’t
1059 3134 1128 3185 sit
1179 3135 1441 3203 splendor
1470 3135 1681 3190 Domini
1718 3137 1811 3192 Dei
1848 3143 2018 3194 nostri
2046 3126 2091 3187 Ο

430 3236 611 3289 εειιρυν
641 3236 762 3285 nos,
800 3239 817 3270 ι
845 3229 899 3273 et
933 3237 945 3273 :
984 3240 1003 3272 ι
1036 3223 1089 3274 In
1124 3223 1531 3291 splendoribus,
1566 3227 1765 3296 inquit,
1799 3240 2019 3283 sancto-

445 3329 562 3363 rum
596 3325 812 3365 tuorum
850 3332 903 3368 ,ι
964 3314 1161 3383 Aspice
1198 3318 1457 3381 quoniam
1522 3318 1779 3387 splendor
1839 3334 1919 3375 est
1963 3323 2016 3374 in

430 3401 573 3466 .xDeo,
605 3414 658 3456 et
697 3405 746 3455 in
783 3406 992 3458 sanctis
1023 3421 1242 3474 quoque
1267 3407 1568 3476 Splendor;
1610 3410 1686 3463 ait
1722 3414 1866 3466 enim
1923 3412 2020 3466 Pe-

428 3504 560 3547 ,trus
592 3513 604 3548 :
656 3514 673 3545 ι
708 3493 941 3549 Vocavit
969 3513 1069 3550 nos
1102 3500 1154 3551 in
1195 3499 1519 3555 admirabile
1548 3503 1728 3556 lumen
1759 3520 1952 3572 suum;
1992 3526 2010 3557 ι

424 3584 507 3638 .de
543 3588 642 3639 hoc
673 3602 771 3642 nos
799 3586 959 3643 docet
1018 3590 1162 3644 alius
1198 3591 1483 3661 theologus
1547 3596 1637 3663 qui
1684 3595 1861 3651 lucem
1928 3598 2016 3651 Dei

436 3677 577 3733 Vidit
607 3689 661 3732 et
702 3683 948 3734 sustulit.
980 3683 1232 3738 l’astores
1269 3696 1450 3738 autem
1512 3686 1659 3739 illam
1698 3699 1823 3742 ante
1892 3705 2016 3743 eum

438 3769 719 3832 viderant,
784 3786 908 3824 nam
969 3774 1139 3841 gloria
1187 3774 1396 3829 Domini
1468 3778 1833 3835 circnmfulsit
1899 3800 2015 3849 eos,

424 3876 564 3931 quae
598 3862 833 3931 lulgiilos
877 3865 1099 3934 angelos
1155 3868 1487 3923 manifestat.
1521 3872 1611 3925 Ait
1674 3880 1821 3928 enim
1864 3878 2017 3931 Psal-

444 3953 605 4007 mista
651 3971 666 4007 :
703 3971 720 4004 ι
756 3952 858 4020 Qui
897 3954 1025 4009 facit
1062 3958 1282 4028 angelos
1334 3975 1463 4015 suos
1493 3965 1719 4031 spiritus
1770 3978 1825 4019 et
1860 3971 2020 4024 mini-

421 4051 588 4097 estt'os
641 4060 773 4098 suos
827 4045 1102 4099 ﬂammam
1165 4050 1326 4118 ignis.
1373 4067 1392 4102 ι
1458 4081 1523 4092 -
1586 4073 1603 4105 ι
1649 4056 1776 4109 Erat
1836 4070 2015 4115 autem

424 4143 696 4202 .aspertus
763 4136 883 4201 ejus
948 4137 1093 4190 sicut
1164 4137 1384 4209 fulgur,
1452 4145 1775 4201 vestimenta
1836 4159 2015 4204 autem

428 4226 565 4279 .alba
598 4227 746 4279 sicut
788 4229 901 4279 nix.
931 4246 948 4277 ›
988 4232 1104 4297 lpse
1141 4247 1264 4286 vero
1299 4234 1563 4300 Splendor
1624 4239 1812 4306 gloria:
1852 4243 2020 4297 multo

436 4318 619 4385 magis
650 4320 968 4373 incarnatus
994 4321 1218 4385 cil'ulsit,
1256 4335 1307 4375 et
1342 4339 1606 4393 quantum
1638 4332 1838 4385 intueri
1870 4343 2021 4401 pote-

437 4409 859 4477 rantdiscipuli,
896 4412 1021 4465 istis
1053 4413 1104 4463 in
1139 4414 1324 4467 mont'e
1353 4430 1682 4485 conspectus
1712 4431 1797 4475 est
1839 4439 1855 4477 :
1894 4446 1911 4476 ι
1948 4426 2016 4479 Et
2048 4458 2097 4517 υ

443 4497 808 4565 resplenduit,
845 4502 1018 4571 inquit
1050 4501 1355 4570 Matthaaus,
1389 4506 1567 4563 facies
1590 4510 1710 4579 ejus
1742 4516 1886 4569 sicut
1914 4517 2019 4582 sol,

448 4590 772 4642 vestimenta
806 4601 987 4645 autem
1017 4594 1135 4663 ejus
1169 4594 1305 4650 facta
1340 4608 1468 4653 sunt
1499 4602 1617 4656 alba
1647 4607 1789 4659 sicut
1829 4611 1960 4676 nix;
1992 4614 2012 4662 ι

438 4675 587 4730 altus
615 4690 794 4732 autem
823 4682 1165 4752 Evangelista
1187 4685 1324 4740 dixit
1354 4704 1370 4743 :
1411 4686 1564 4744 Sicut
1596 4692 1711 4759 lux,
1749 4697 1875 4763 quia
1908 4675 2015 4752 non

436 4770 603 4825 sicuti
653 4781 758 4835 est,
793 4775 886 4828 sed
928 4787 1089 4844 prout
1138 4781 1416 4834 sustinere
1456 4793 1710 4852 poterant
1754 4792 2019 4845 ecrneba-

434 4871 553 4916 tur.
576 4861 792 4920 Rursus
821 4870 985 4920 etiam
1028 4872 1252 4961 angelos
1287 4873 1341 4926 in
1377 4888 1740 4933 monumento
1774 4880 2017 4953 fulgidos

428 4966 767 5022 aspexeruut
791 4959 986 5012 divina:
1005 4959 1263 5017 mulieres
1289 4976 1340 5019 et
1360 4964 1551 5024 Petrus
1571 4970 1623 5023 in
1645 4986 1886 5027 carcere.
1912 4974 2017 5029 Sed

432 5048 648 5113 angelis
681 5050 899 5118 quidem
955 5054 1045 5107 lux
1103 5066 1221 5110 erat
1276 5061 1579 5114 secundum
1635 5066 2016 5134 participatio-

437 5155 591 5204 nem,
622 5149 677 5195 et
704 5144 827 5199 ideo
861 5146 951 5200 isti
983 5160 1111 5201 sunt
1138 5150 1226 5203 lux
1264 5155 1590 5208 secundaria
1634 5159 1832 5224 prima:
1877 5160 2019 5215 lucis

438 5233 702 5302 ministri,
740 5250 796 5290 ut
823 5237 960 5292 dixit
992 5243 1211 5319 quidam
1243 5245 1570 5315 theologus;
1617 5251 1881 5305 Dominus
1923 5269 2018 5306 au-

434 5333 549 5378 tem
585 5327 675 5379 lux
703 5344 824 5382 vera
865 5333 1165 5387 secundum
1192 5346 1446 5390 naturam
1482 5341 1643 5395 habet
1673 5344 2013 5411 splendorem

431 5430 665 5484 promer
694 5434 857 5484 quam
902 5426 1230 5489 precabatur
1264 5426 1432 5482 David
1481 5430 1668 5487 dicens
1708 5450 1721 5486 :
1764 5452 1783 5485 ι
1818 5435 2018 5490 Emitte

434 5511 617 5563 lucem
651 5519 796 5562 tuam
825 5521 879 5564 et
915 5517 1201 5571 veritatem
1239 5527 1412 5583 tuam,
1445 5541 1462 5573 ι
1502 5539 1667 5590 quam
1705 5526 1833 5580 alibi
1891 5529 2017 5582 illu-

438 5603 794 5654 minationem
859 5604 1040 5660 vultus
1098 5609 1187 5662 Dei
1254 5614 1626 5680 cognominat.
1688 5615 1909 5673 Necnon
1950 5624 2015 5674 de

438 5691 836 5749 illuminatione
862 5710 983 5765 qua:
1038 5699 1201 5754 datur
1237 5706 1443 5760 sanctis
1476 5720 1490 5757 :
1533 5724 1550 5757 ι
1584 5707 1850 5765 Exortum
1906 5725 2010 5778 cst,

2120 489 2296 541 πάντα
2320 488 2611 553 ἄνθρωπον
2642 489 2937 560 ἐρχόμενον
2963 490 3041 551 είς
3065 489 3156 541 τὸν
3180 490 3407 559 κόσμον,
3445 508 3464 540 ι
3513 489 3696 542 Ἰωάν-

2117 597 2216 647 νης
2246 582 2303 632 ἐν
2327 581 2405 650 τῷ
2439 580 2760 651 Εὑαγγελίῳ
2788 581 2942 650 φησί.
2983 580 3092 634 Kal
3123 583 3179 633 ὲν
3210 584 3276 650 τῇ
3317 579 3696 650 Ἀποκαλύψει

2118 673 2174 726 δὲ
2204 675 2538 745 γέγραπται,
2572 676 2643 735 ὡς
2681 676 2779 728 οὐκ
2815 676 2969 727 ἔσται
3023 676 3128 736 τοῖς
3163 673 3391 733 δικαίοις
3423 674 3576 744 ἡλίου
3612 674 3699 726 ἔλ-

2118 764 2346 835 λαμψις,
2385 766 2523 818 ἀλλὰ
2556 768 2616 818 τὸ
2650 768 2839 836 ἀρνίον
2890 766 3043 819 ἔσται
3079 766 3195 833 φῶς
3240 766 3424 828 αὐτοῖς
3462 765 3535 835 μὴ
3575 766 3696 819 δυό-

2121 874 2303 922 μενον.
2351 858 2564 927 ’Λρνίον
2598 860 2651 911 δὲ
2685 862 2711 912 6
2756 858 2929 928 ἀμνὸς
2967 857 3058 911 τοῦ
3119 858 3257 911 Θεοῦ
3286 856 3499 924 Ἰησοῦς
3555 858 3696 926 Χρι-

2120 947 2265 1010 στὸς,
2292 948 2348 1009 ὃς
2372 950 2466 1001 καὶ
2496 950 2700 1019 Κύριος
2733 950 2831 1020 τῆς
2857 950 3013 1020 δόξης
3045 952 3178 1005 ἐστί.
3220 951 3330 1005 Kal
3374 952 3542 1006 Aa6l6
3567 951 3696 1021 περὶ

2119 1043 2309 1093 τούτου
2344 1042 2477 1112 φησί
2505 1059 2518 1072 ·
2565 1061 2583 1093 ι
2617 1044 2820 1111 Κύριος
2848 1044 2948 1111 τῆς
2974 1043 3135 1113 δόξης
3169 1045 3488 1115 ὲὸρόντησε.
3526 1064 3543 1096 ι
3582 1045 3695 1098 Kal

2117 1131 2143 1183 6
2186 1131 2420 1196 Παῦλος,
2476 1151 2492 1183 ι
2532 1133 2645 1186 Οὐκ
2686 1134 2751 1185 ἂν
2787 1134 2877 1186 τὸν
2909 1134 3117 1201 Κύριον
3144 1135 3246 1203 τῆς
3296 1135 3461 1204 δόξης
3502 1135 3697 1189 ἐσταύ-

2123 1240 2322 1293 ρωσαν.
2364 1244 2381 1276 ι
2436 1226 2525 1277 Διὸ
2589 1227 2681 1278 καὶ
2738 1227 2797 1278 ἐν
2854 1226 2932 1295 τῷ
2990 1227 3308 1296 Εὑαγγελίῳ
3358 1229 3697 1298 γέγραπται,

2126 1336 2141 1366 ‹
2186 1318 2294 1369 Kal
2343 1317 2690 1386 ἐθεασάμεθα
2725 1316 2823 1384 τὴν
2846 1318 3004 1382 δόξαν
3062 1319 3255 1384 αὑτοῦ,
3291 1321 3449 1385 δόξαν
3479 1320 3588 1391 56
3619 1321 3697 1383 ὡς

2122 1408 2454 1475 Μονογενοῦς
2488 1412 2639 1480 παρὰ
2684 1409 2899 1480 Πατρός
2928 1426 2941 1438 ⁶
2988 1430 3005 1461 ι
3062 1412 3154 1463 καὶ
3189 1413 3394 1478 ταύτην
3429 1411 3528 1482 οὐχ
3565 1411 3701 1464 ὑπό-

2120 1518 2311 1553 στασιν
2363 1504 2426 1554 ἐκ
2479 1501 2588 1555 τῶν
2640 1501 2808 1571 τριῶν
2867 1504 3268 1566 ύποστάσεων,
3323 1504 3460 1556 ἀλλὰ
3512 1505 3693 1574 χάριν.

2126 1609 2144 1642 ι
2179 1592 2399 1662 Πλήρης
2434 1595 2658 1663 χάριτος
2689 1596 2781 1648 καὶ
2815 1576 3099 1665 ἀληθείας,
3128 1596 3336 1665 ›·φησί.
3387 1597 3497 1650 Kal
3527 1599 3554 1649 6
3590 1596 3697 1650 Πέ-

2119 1702 2245 1754 τρος
2271 1685 2329 1738 δὲ
2394 1688 2708 1755 σαφέστατα
2751 1688 2911 1740 τοῦτο
2971 1686 3260 1758 μαρτυρεῖ,
3317 1689 3512 1757 λέγων,
3557 1708 3576 1741 r
3619 1691 3696 1743 Ού

1438 1797 1451 1811 .
1477 1799 1490 1813 .
1531 1762 1722 1815 Viden‘
1758 1768 2016 1832 quoniam

2124 1778 2231 1848 γὰρ
2268 1783 2684 1847 σεσοφισμένοις
2723 1781 2916 1849 μύθοις
2944 1781 3501 1853 ἐξακολουθήσαντες,
3531 1783 3700 1850 ὲγνωο

2126 1872 2359 1940 ρίσαμεν
2403 1874 2531 1942 ὑμῖν
2565 1874 2664 1944 τὴν
2719 1874 2813 1927 τοῦ
2856 1876 3065 1944 Κυρίου
3114 1876 3291 1945 Ἰησοῦ
3325 1875 3555 1944 δύναμιν
3600 1875 3699 1929 καὶ

2122 1963 2459 2031 παρουσίαν,
2520 1965 2635 2018 ἀλλ’
2691 1967 2931 2020 ἐπόπται
2979 1968 3303 2037 γενηθέντες
3354 1969 3419 2037 τῇ
3483 1966 3695 2020 ἐκείνου

2126 2056 2529 2127 μεγαλειότητι.
2575 2078 2593 2110 ι
2633 2060 2743 2112 Kal
2796 2059 2955 2126 δόξαν
2984 2059 3147 2112 τοῦτο
3177 2061 3272 2113 xal
3302 2060 3470 2130 τιμὴν
3498 2060 3701 2129 ὀνομά-

2124 2146 2230 2213 ζει.
2263 2150 2458 2202 Λαϐὼν
2488 2152 2617 2221 γὰρ,
2661 2154 2813 2223 φησὶ,
2887 2155 3041 2224 παρὰ
3087 2152 3221 2204 Θεοῦ
3269 2152 3484 2221 Πατρδς
3532 2153 3699 2223 τιμὴν

2123 2239 2217 2292 καὶ
2250 2241 2432 2306 δόξαν,
2466 2244 2650 2312 φωνῆς
2692 2244 3012 2315 ἐνεχθείσης
3050 2244 3199 2315 αὐτῷ
3228 2246 3440 2298 τοιᾶσδε
3474 2245 3699 2312 ὑπὸτῆς

2126 2334 2582 2403 μεγαλοπρεποῦς
2611 2336 2791 2407 δόξης.
2857 2336 3020 2407 Ὁρᾷς
3071 2339 3153 2390 ὅτι
3214 2338 3308 2391 καὶ
3358 2338 3447 2391 τόν
3480 2338 3698 2407 Πατέρα

2122 2426 2281 2492 δόξαν
2318 2429 2519 2497 φησίν;
2570 2433 2652 2483 ὄτι
2700 2433 2849 2501 πηγὴ
2894 2433 2989 2484 καὶ
3048 2431 3193 2502 ἀρχὴ
3232 2432 3331 2501 τῆς
3372 2431 3550 2501 δόξης,
3601 2434 3697 2485 καὶ

2122 2521 2212 2572 τὸν
2244 2520 2373 2572 Υίδν
2404 2523 2461 2574 δὲ
2492 2522 2718 2591 βασιλέα
2745 2525 2845 2593 τῆς
2876 2524 3071 2592 δόξης;
3124 2524 3287 2577 Ἀλλὰ
3319 2531 3413 2579 καὶ
3451 2526 3687 2589 Παῦλος,

2130 2630 2147 2663 ι
2182 2612 2548 2681 ’Δπαύγασμα
2572 2616 2673 2683 τῆς
2710 2615 2896 2685 δόξης,
2932 2636 2949 2668 ι
2983 2618 3172 2686 φησίν.
3215 2638 3232 2669 ι
3282 2620 3377 2681 Ὃς
3421 2616 3497 2670 ὢν
3527 2617 3702 2670 ἀπαύ-

2127 2720 2315 2773 γασμα
2365 2707 2463 2775 τῆς
2492 2707 2687 2777 δόξηςο
2732 2726 2749 2759 ι
2797 2710 3106 2782 ὁμωνύμως
3140 2714 3204 2781 τῇ
3244 2712 3425 2781 χάριτι
3468 2713 3563 2764 καὶ
3595 2712 3694 2780 τὴν

2125 2799 2431 2854 ὑπόστασιν
2462 2802 2767 2870 ὀνομάζων,
2820 2804 2895 2866 ὼς
2926 2805 3018 2857 καὶ
3052 2805 3279 2877 Πνεῦμα
3325 2806 3597 2877 διαφόρως
3627 2810 3696 2862 τὰ

2123 2893 2479 2962 ἐνεργήματα
2514 2894 2691 2947 καλεῖ.
2728 2895 2832 2948 Kal
2883 2894 3107 2965 Πνεῦμα
3142 2897 3243 2965 τὴν
3275 2897 3571 2951 ὑπόστασιν
3599 2898 3697 2949 αύ-

2123 2985 2221 3054 τὴν
2257 2983 2519 3052 ὀνομάζει
2553 2985 2648 3037 τοῦ
2678 2968 2823 3038 θείου
2859 2987 3198 3056 Πνεύματος,
3237 2989 3297 3052 ἐξ
3323 2985 3390 3060 ἧς
3419 2992 3485 3043 τὰ
3534 2990 3694 3059 χαρίο

2127 3088 2331 3141 σματα.
2370 3075 2541 3145 Κοινὴ
2569 3076 2677 3146 ἄρα
2730 3078 2762 3139 ἡ
2786 3075 2912 3140 δόξα
2949 3078 3047 3145 τῆς
3081 3078 3335 3146 Τρὶἀδος.
3390 3080 3544 3133 Ἐπεὶ
3600 3081 3696 3133 καὶ

2131 3184 2148 3216 ι
2189 3165 2402 3233 Ἀγιος.
2433 3165 2608 3235 ἅγιος,
2643 3167 2819 3236 ἅγιος,
2883 3169 3087 3239 Κύριος
3122 3171 3372 3236 Σαϐαὼθ,
3404 3174 3621 3242 πλήρης
3662 3175 3693 3228 6

2121 3257 2350 3327 οὐρανὸς
2382 3259 2477 3310 καὶ
2517 3260 2548 3327 ἡ
2580 3258 2652 3328 γῆ
2685 3263 2783 3330 τῆς
2803 3259 2961 3329 δόξης
2987 3262 3176 3315 αὑτοῦ.
3221 3281 3238 3312 ι
3306 3264 3415 3315 Καὶ
3450 3266 3547 3331 μία
3583 3264 3697 3316 θεό-

2123 3368 2219 3421 της
2250 3352 2351 3419 τῆς
2383 3351 2638 3420 Τριάδυς,
2668 3354 2788 3404 ἐπεὶ
2817 3354 2911 3405 xal
2947 3352 3061 3405 θεοὶ
3096 3356 3143 3407 οἱ
3168 3355 3274 3407 ἀπὸ
3301 3355 3507 3426 ταύτης
3541 3356 3693 3409 θεού-

2124 3460 2297 3511 μενοι.
2333 3443 2429 3493 Διὰ
2457 3442 2618 3494 τοῦτο
2654 3444 2745 3495 καὶ
2773 3442 2904 3505 Θεὸς
2931 3443 3060 3513 ἔστη
3094 3447 3151 3497 ὲν
3184 3449 3480 3516 συναγωγῇ
3533 3447 3692 3503 θεῶν.

2125 3536 2230 3587 Kal
2264 3534 2361 3604 μία
2385 3535 2709 3605 λαμπρότης
2757 3537 2790 3606 ἡ
2842 3539 2939 3607 τῆς
2974 3538 3230 3607 Τριὰδος,
3287 3542 3417 3611 περὶ
3446 3538 3510 3612 ἧς
3545 3540 3692 3613 εῦχε-

2121 3643 2208 3680 ται
2245 3627 2431 3693 Δαϐλδ,
2462 3628 2642 3691 καθὼς
2676 3618 2913 3700 ἔφημεν,
2946 3652 2964 3683 ι
3002 3633 3106 3683 Kal
3139 3632 3278 3683 ἔστω
3306 3635 3338 3702 ἠ
3371 3633 3698 3703 λαμπρότης

2125 3721 2329 3790 Κυρίου
2363 3722 2458 3773 τοῦ
2488 3722 2620 3775 Θεοῦ
2663 3724 2817 3793 ἡμῶν
2847 3724 3118 3794 ἐφ’ήμᾶς.
3152 3744 3169 3776 ι
3212 3727 3339 3791 Kal,
3394 3745 3412 3778 ι
3451 3726 3542 3781 Ἐν
3573 3731 3697 3789 ταῖς

2120 3812 2492 3884 λαμπρότησι,
2553 3816 2705 3884 φησὶ,
2763 3814 2873 3867 τῶν
2904 3816 3078 3881 ἁγίων
3113 3834 3230 3871 σου.
3277 3836 3294 3869 ι
3354 3818 3496 3884 Ὅρα
3528 3820 3579 3872 δὲ
3613 3820 3697 3872 ὃτι

2122 3906 2214 3959 καὶ
2254 3908 2309 3957 ἐν
2342 3906 2419 3973 τῷ
2465 3906 2583 3972 Θεῷ
2614 3908 2960 3978 λαμπρότης,
2989 3910 3082 3962 καὶ
3117 3911 3174 3961 ὲν
3202 3912 3314 3973 τοῖς
3340 3912 3518 3979 ἁγίοις
3549 3912 3695 3981 λαμ-

2124 3996 2331 4066 πρότης
2362 4010 2375 4024 ⁸
2419 4016 2435 4047 ι
2480 3996 2737 4059 Ἐκάλεσε
2770 3998 2878 4069 γὰρ
2916 4001 3065 4070 ἡμᾶς
3100 4000 3234 4069 πρὸς
3291 4002 3351 4054 τὸ
3381 4004 3699 4072 θαυμαστὸν

2123 4088 2288 4141 αὑτοῦ
2326 4088 2466 4156 φῶς,
2506 4108 2525 4140 ι
2588 4086 2792 4159 Πέτρος
2840 4091 3011 4160 λέγει.
3065 4094 3176 4146 Kal
3236 4093 3396 4159 ἄλλος
3446 4096 3697 4163 θεολόγος

2124 4181 2249 4248 περὶ
2317 4179 2522 4249 ταύτης
2593 4181 2874 4245 διδάσκει,
2948 4185 3312 4255 λαμπρότητα
3392 4186 3527 4240 Θεοῦ
3601 4192 3698 4243 καὶ

2126 4270 2249 4322 ίδὼν
2307 4271 2472 4332 αὐτὸς
2522 4275 2616 4327 καὶ
2672 4275 2900 4329 παοὼνυ
2960 4278 3056 4328 καὶ
3104 4280 3153 4330 οί
3197 4280 3451 4347 ποιμένες
3486 4281 3541 4333 δὲ
3585 4283 3696 4351 πρὸ

2123 4361 2291 4414 αὑτοῦ
2323 4359 2482 4417 είδον.
2529 4383 2548 4416 ι
2589 4366 2731 4431 Δόξα
2764 4369 2894 4437 γὰρ,
2924 4371 3078 4439 φησὶ,
3139 4371 3340 4441 Κυρίου
3396 4374 3705 4442 περιέλαμ-

2122 4452 2224 4521 ψεν
2266 4455 2491 4518 αὐτούς.
2535 4475 2553 4508 ι
2586 4457 2734 4527 Αὕτη
2788 4459 2843 4512 δὲ
2895 4466 3191 4529 φωτεινοὺς
3233 4465 3328 4516 καὶ
3368 4467 3492 4527 τοὺς
3528 4466 3701 4535 ἀγγές

2125 4545 2249 4608 λους
2280 4546 2533 4601 δεικνύει.
2566 4566 2587 4601 ι
2632 4548 2689 4603 ’0
2716 4552 2883 4604 ποιῶν
2919 4571 2939 4605 ι
2978 4556 3108 4624 γὰρ.
3166 4557 3322 4622 φησὶ,
3358 4575 3375 4607 ‹
3419 4560 3545 4621 τοὺς
3595 4560 3702 4627 ἁγ-

2125 4638 2313 4703 γέλους
2349 4639 2516 4692 αὑτοῦ
2558 4643 2864 4712 πνεύματα,
2898 4649 2991 4698 καὶ
3028 4648 3155 4709 τοὺς
3206 4649 3560 4719 λειτουργοὺς
3600 4655 3702 4705 αύ-

2123 4729 2219 4782 τοῦ
2249 4734 2421 4802 πυρὸς
2451 4734 2643 4801 φλόγα.
2703 4753 2720 4786 ι
2776 4738 2889 4790 Kal
2934 4735 3003 4808 ἦν
3047 4741 3103 4793 δὲ
3150 4743 3181 4811 ἡ
3238 4744 3385 4805 είδέα
3424 4745 3591 4798 αὑτοῦ
3623 4748 3701 4810 ὠς

2121 4823 2403 4896 ἀστραπὴ,
2439 4830 2532 4879 καί
2554 4829 2615 4879 τὸ
2644 4829 2855 4900 ἔνδυμα
2911 4833 3079 4886 αὑτοῦ
3115 4834 3308 4889 λευκὸν
3356 4840 3489 4892 ὡσεὶ
3536 4840 3692 4909 χιών.

2120 4913 2290 4974 Αὐτὸς
2330 4915 2432 4967 δὲὸ
2485 4920 2849 4987 καταυγὰζων
2912 4925 3092 4995 πολλῷ
3148 4929 3351 4995 μᾶλλον
3411 4934 3688 5003 ἐξέλαμψε

2122 5007 2446 5074 σαρκωθείς.
2474 5011 2584 5062 Καὶ
2642 5012 2873 5067 καθόσον
2925 5016 3193 5084 ἠδύναντο
3228 5020 3453 5092 θεωρεῖν
3506 5026 3555 5078 οἱ
3587 5044 3699 5094 μα-

2120 5095 2302 5165 θηταὶ,
2334 5096 2491 5167 ὤφθη
2540 5102 2749 5166 τούτοις
2799 5108 2893 5159 ἐπὶ
2925 5108 3017 5161 τοῦ
3065 5111 3246 5180 ὄρους.
3289 5132 3308 5166 ι
3345 5116 3453 5169 Kal
3483 5116 3693 5187 ἔλαμψε

2121 5186 2339 5259 (φησὶ)
2396 5191 2453 5242 τὸ
2511 5197 2805 5262 πρόσωπον
2866 5200 3033 5253 αὑτοῦ
3092 5202 3167 5265 ὼς
3224 5207 3251 5257 ό
3295 5207 3466 5276 ἥλιος,
3522 5214 3589 5261 τα
3638 5186 3695 5263 δὲ

2122 5280 2317 5349 ἱμάτια
2359 5283 2527 5335 αὑτοῦ
2553 5287 2774 5353 ἐγένετο
2806 5290 2978 5343 λευκὰ
3018 5293 3137 5346 λίαν
3171 5295 3245 5359 ὡς
3290 5297 3467 5365 χιών·
3506 5318 3525 5351 ι
3569 5300 3692 5354 ἔτεα

2125 5388 2216 5439 ρος
2243 5372 2300 5423 δὲ
2340 5373 2452 5425 τῶν
2505 5377 2913 5445 εὐαγγελιστῶν
2952 5402 3117 5453 φησιν
3144 5401 3159 5417 ⁸
3190 5405 3207 5439 ι
3264 5388 3353 5451 Ὠς
3400 5391 3461 5443 τὸ
3496 5393 3633 5461 φῶς.
3669 5412 3688 5446 ι

2131 5463 2348 5536 Ἐπειδὴ
2384 5467 2442 5519 ού
2479 5469 2662 5534 καθὼς
2692 5468 2779 5542 ἦν,
2808 5476 2943 5529 ἀλλὰ
2973 5479 3156 5542 καθὼς
3182 5480 3451 5549 ἠδύναντο
3489 5487 3691 5553 χωρεῖν

2118 5554 2349 5625 ἑωρᾶτο.
2379 5560 2486 5611 Kal
2512 5564 2637 5625 τοὺς
2666 5566 2933 5633 ἀγγέλους
2963 5571 3018 5622 δὲ
3057 5573 3113 5623 ἐν
3128 5574 3205 5642 τῷ
3235 5576 3480 5644 μνήματι
3515 5579 3684 5631 πάλιν

2120 5650 2416 5715 φωτεινοὺς
2458 5654 2687 5724 ἔϐλεψαν
2711 5659 2765 5710 al
2799 5659 2939 5713 θεῖαι
2974 5667 3255 5730 γυναῖκες,
3292 5670 3384 5722 καὶ
3414 5670 3441 5720 6
3490 5671 3695 5741 Πέτρος

2119 5743 2174 5791 ἐν
2200 5743 2263 5807 τῇ
2300 5744 2507 5815 εἱρκτῇ.
2555 5747 2716 5802 Ἀλλὰ
2765 5752 2875 5813 τοῖς
2916 5753 3014 5822 μὲν
3058 5758 3310 5826 ἀγγέλοις
3355 5763 3495 5816 κατὰ
3529 5780 3692 5832 μετο-
