4040 6202
318 237 418 345 llis

1369 283 1749 344 DlALOGIlS
1789 283 2092 342 CONTllA
2133 285 2522 348 llliiRESES.

3455 279 3554 344 1‘36

318 395 418 462 trp
443 387 515 462 ἦν
545 390 610 446 τὺ
632 391 774 460 φῶς,
806 394 930 447 ἐπεὶ
966 394 1059 447 καὶ
1101 394 1332 463 δεύτερα
1372 395 1529 464 φῶτα
1560 393 1738 456 οῦτοι,
1775 395 1883 447 λει-

1993 394 2192 465 inquit,
2239 397 2293 451 in
2327 399 2568 454 tenebris
2601 397 2786 454 lumen
2847 397 3032 463 rectis,
3067 415 3086 449 ι
3123 404 3346 465 propter
3408 395 3553 466 quod

317 487 541 554 τουργοὶ
569 487 672 556 τῆς
723 487 951 559 πρώτης
1003 488 1414 560 λαμπρότητος.
1463 490 1608 545 καθά
1640 507 1744 544 που
1776 491 1889 544 τῶν

318 576 587 644 θεολόγων
616 579 754 647 φησί
778 597 863 641 τις
885 597 900 612 ο
929 581 958 632 6
990 581 1194 650 Κύριος
1223 582 1280 634 δὲ
1309 582 1424 649 φῶς
1453 583 1708 649 ἀληθινὸν
1747 585 1892 638 κατά

324 670 486 737 φύσιν
517 665 634 738 εἶχε
665 675 766 738 τὴν
792 672 1021 741 λάμψιν,
1055 675 1183 742 περὶ
1205 669 1274 739 ἧς
1337 673 1538 744 ηὔχετο
1577 675 1761 736 Δαϐὶδ,
1799 677 1890 730 λέ-

325 775 460 826 γων.
487 777 507 812 ι
547 760 970 824 Ἐξαπόστειλον
991 763 1055 816 τὸ
1083 766 1202 833 φῶς
1237 781 1334 818 σου
1377 765 1469 818 καὶ⁵
1496 767 1596 836 τὴν
1632 767 1892 836 ἀλήθειάν

329 869 445 908 σου.
480 872 500 906 ι
550 853 820 924 Ἀλλαχοῦ
853 855 909 908 δὲ
961 857 1057 909 καὶ
1099 857 1382 927 φωτισμὸν
1429 858 1526 912 τοῦ
1592 858 1891 927 προσώπου

320 941 459 995 Θεοῦ
482 943 742 1012 ὀνομάζει
775 949 955 1001 τοῦτο.
986 948 1098 1000 Kal
1127 949 1255 1016 περὶ
1283 949 1377 1002 τοῦ
1437 950 1494 1002 ὲν
1525 952 1638 1014 τοῖς
1662 951 1894 1014 δικαίοις

320 1033 631 1102 φωτισμοῦ,
680 1054 698 1084 ι
733 1035 1110 1100 Ἐξανὲτειλεν
1132 1038 1190 1090 ὲν
1220 1039 1403 1092 σκότει
1440 1039 1558 1107 φῶς
1591 1041 1705 1102 τοῖς
1741 1039 1896 1092 e606-

321 1142 400 1184 σι,
434 1143 454 1176 ι
487 1127 614 1193 περὶ
646 1126 708 1180 οῦ
743 1130 922 1196 φωτὸς
957 1130 1176 1198 καὶτῆς
1203 1131 1381 1184 ἀϊδίου
1409 1134 1504 1184 καὶ
1562 1132 1714 1196 θείας
1748 1132 1895 1203 λαμ-

329 1218 604 1286 πρότητος
650 1221 746 1272 καὶ
777 1221 886 1283 πᾶς
939 1221 1250 1289 ἠγωνίσατο
1281 1225 1309 1276 6
1337 1225 1448 1276 τῶν
1489 1225 1661 1293 ἁγίων
1710 1226 1893 1295 χορὸς,

322 1310 416 1362 καὶ
441 1309 551 1362 τῶν
584 1311 924 1380 ἀρῤαὸὡνων
964 1310 1057 1363 τοῦ
1097 1314 1384 1382 φωτισμοῦ
1425 1315 1643 1378 τούτου,
1677 1315 1754 1378 ὡς
1799 1319 1895 1386 ἔγ-

321 1399 537 1467 χωροῦν
568 1396 657 1471 ἦν,
690 1405 780 1455 καὶ
822 1405 921 1471 τῆς
950 1405 1268 1473 ἐλλάμψεως
1301 1405 1512 1476 ἔτυχεν.
1564 1408 1750 1462 Οἴδασι
1783 1410 1893 1480 γὰρ

319 1488 580 1558 εὔχεσθαι
641 1495 780 1562 μετὰ
816 1494 910 1548 τοῦ
946 1497 1111 1550 Δαειδ
1138 1497 1220 1559 τὸ,
1257 1515 1275 1547 ι
1308 1499 1381 1551 Σὺ
1422 1503 1645 1566 φωτιεῖς
1701 1501 1894 1571 λύχνον

320 1597 450 1644 μου,
485 1583 658 1651 Κύριε
693 1585 721 1636 6
761 1585 896 1650 Θεός
928 1605 1052 1657 μου,
1116 1593 1334 1654 ςωτιετς
1366 1591 1427 1642 τὸ
1471 1591 1663 1654 σκότος
1697 1610 1820 1662 μου.
1866 1611 1886 1647 ι

324 1674 424 1736 Ὃς
453 1677 550 1726 καὶ
597 1677 894 1744 φωτισθεὶς
943 1681 1037 1732 καὶ
1068 1680 1413 1752 εὐφροσύνης
1437 1685 1501 1736 ὲκ
1532 1687 1724 1739 τούτου
1752 1686 1892 1757 πληο

1993 490 2174 563 lumen
2230 502 2284 545 et
2339 501 2602 546 aeternam
2666 491 3019 559 divinamque
3095 490 3552 543 illuminationem

1991 583 2174 636 omnis
2232 590 2548 635 sanctorum
2610 583 2815 636 chorus
2849 580 3171 642 deccrtavit,
3218 589 3272 634 et
3329 578 3553 648 pignora

1992 674 2140 728 illius
2161 673 2472 743 splendoris
2497 684 2549 728 et
2594 674 2978 728 illllstralionis
3029 689 3125 742 pro
3154 673 3362 726 viribus
3399 687 3558 726 acce-

1994 763 2091 832 pit.
2122 761 2315 817 Sciunt
2340 764 2484 818 enim
2513 779 2634 819 cum
2666 763 2831 818 David
2859 779 3060 823 orare;
3092 781 3110 815 ι
3152 764 3214 818 Et
3247 774 3303 817 tu
3340 764 3557 816 illumi-

1996 871 2095 910 nas
2123 856 2400 911 lucernam
2427 872 2626 921 meam,
2655 858 2898 922 Domine,
2926 855 3260 920 Dellsmells,
3287 854 3559 908 illumina-

1996 945 2082 999 bis
2116 948 2370 1002 tenebras
2398 962 2588 1013 meas;
2620 966 2638 998 ›
2674 948 2765 1016 qui
2800 947 3141 1001 illllminatus
3184 957 3238 1002 et
3269 956 3554 1016 propterea

1998 1037 2184 1091 laetitia
2219 1038 2474 1108 impletus
2519 1039 2735 1096 dicebat
2770 1054 2784 1092 :
2819 1057 2836 1091 ι
2867 1038 2981 1093 Lux
3015 1048 3135 1094 orta
3168 1046 3248 1093 est
3281 1039 3452 1108 justo,
3506 1045 3564 1091 et

1999 1129 2160 1184 rectis
2190 1129 2353 1184 corde
2381 1129 2590 1194 laetitia,
2623 1149 2641 1181 ι
2702 1132 2753 1185 in
2810 1147 2914 1202 qua
2948 1132 3229 1187 exsultans
3291 1121 3509 1186 dicebat
3543 1147 3559 1186 :

2003 1238 2020 1272 ι
2057 1218 2351 1273 Exsultabo
2373 1235 2494 1274 cum
2523 1223 2842 1291 apparuerit
2899 1224 3027 1276 mihi
3059 1224 3230 1294 gloria
3277 1233 3420 1290 tu”a;t
3463 1239 3560 1293 po-

1998 1311 2106 1363 tius
2140 1325 2268 1363 vero
2322 1309 2548 1380 pignora
2583 1313 2859 1377 accipiens
2901 1321 3086 1382 utpote
3141 1313 3232 1368 Dei
3297 1329 3558 1383 proavus,

1993 1401 2220 1472 gloriam
2252 1410 2306 1454 et
2341 1401 2644 1454 claritatem
2673 1402 2874 1457 Christi
2919 1403 3240 1473 praedicebat
3274 1420 3366 1474 per
3392 1419 3556 1473 quam

1997 1493 2092 1546 lilii
2123 1493 2259 1546 lucis
2319 1507 2511 1546 sumus
2565 1501 2618 1546 et
2656 1495 2805 1562 pueri
2863 1495 3022 1549 lucis.
3069 1493 3360 1564 Propterea
3421 1496 3558 1549 lucis

1997 1585 2138 1639 ﬁlios
2194 1583 2430 1652 theologi
2495 1599 2593 1638 nos
2641 1585 3020 1653 scripserunt,
3079 1596 3242 1656 atque
3299 1587 3555 1640 solatium

1995 1679 2335 1746 gratiamque
2362 1687 2416 1750 et
2464 1691 2717 1744 regnum,
2747 1680 2942 1745 pignus
2983 1689 3036 1733 et
3078 1679 3351 1748 primitias
3393 1679 3560 1731 lutllri

317 1765 541 1833 ρωθεὶς,
575 1767 753 1834 ἔλεγε,
795 1788 814 1820 ι
849 1769 970 1832 Φῶς
999 1744 1242 1824 ἀνέτειλε
1278 1744 1604 1844 τῷδικαίῳ,
1637 1777 1732 1830 καὶ
1773 1744 1887 1840 τοίς

1994 1769 2175 1824 smellli
2237 1768 2415 1822 lucem
2490 1769 2634 1822 illam
2697 1769 3170 1838 dixerllnt,qllaln
3228 1787 3332 1824 non
3389 1785 3560 1824 sensu

313 1859 505 1912 εὖθέσι
552 1863 618 1928 τῇ
651 1863 849 1932 καρδία
901 1864 1232 1936 εὐφροσύνη,
1270 1865 1326 1918 ὲν
1423 1868 1518 1920 καὶ
1567 1869 1887 1938 χορτασθεὶς

313 1955 405 2003 ne
427 1968 498 2017 τε.
535 1971 553 2002 ι
589 1953 1056 2024 Χορτασθήσομαι
1088 1957 1144 2009 ὲν
1171 1957 1248 2024 τῷ
1279 1958 1516 2026 ὀφθῆναί
1559 1977 1650 2030 μοι
1676 1961 1774 2030 τὴν
1805 1961 1890 2015 δό-

316 2041 416 2106 ξαν
439 2061 558 2097 σου.
603 2063 622 2096 ι
661 2045 883 2098 Μᾶλλον
928 2047 985 2100 δὲ
1028 2049 1153 2110 τοὺς
1217 2051 1548 2120 ἀρραϐῶνας
1581 2051 1764 2106 λαόὼν
1814 2054 1889 2117 ὡς

315 2133 633 2204 θεοπὰτωρ,
666 2135 735 2187 τὰ
758 2136 889 2204 περὶ
915 2137 1014 2206 τῆς
1039 2137 1198 2208 δόξης
1228 2139 1323 2192 τοῦ
1356 2141 1599 2208 Χριστοῦ
1632 2143 1726 2194 καὶ
1743 2142 1888 2212 λαμ-

315 2225 592 2293 πρότητος
621 2225 1022 2294 προεκήρυττε,
1052 2226 1122 2280 δι’
1142 2221 1209 2299 ἧς
1240 2229 1335 2282 καὶ
1363 2232 1526 2300 ἡμεῖς
1547 2231 1654 2284 υἱοὶ
1684 2232 1887 2301 φωτὸς,

314 2317 415 2370 καὶ
468 2319 636 2370 τέκνα
685 2319 886 2385 φωτός.
941 2321 1033 2372 Διδ
1087 2321 1182 2375 καὶ
1235 2323 1411 2391 φωτὸς
1459 2324 1609 2387 υίοὺς
1659 2325 1806 2394 ἡμᾶς
1841 2325 1889 2378 oi

316 2407 564 2476 θεολόγοι
597 2409 941 2478 γεγράφασι,
969 2412 1063 2464 καὶ
1097 2412 1446 2484 παράκλησιν
1470 2417 1563 2466 καὶ
1595 2415 1772 2484 χάριν,
1798 2419 1891 2470 καὶ

316 2498 622 2566 βασιλείαν,
661 2499 758 2553 καὶ
788 2501 1106 2572 ἀρραϐῶνα,
1167 2504 1259 2556 καὶ
1313 2505 1573 2575 ἀπαρχὴν
1621 2506 1715 2558 τοῦ
1757 2507 1891 2574 μέλ·

313 2592 503 2651 λοντος
569 2593 767 2654 αἰῶνος
837 2594 996 2647 τοῦτο
1058 2594 1118 2648 τὸ
1209 2597 1324 2664 φῶς
1395 2597 1731 2667 εἰρήκασιν·
1792 2600 1892 2654 οὐκ

314 2683 598 2752 αἰσθητῶς
651 2687 988 2754 γευσάμενοι
1055 2687 1290 2742 τούτου·
1351 2689 1471 2742 ἐπεὶ
1529 2690 1639 2743 οὐδ’
1698 2692 1891 2763 αἰσθη-

313 2775 383 2843 τὴ
437 2777 468 2844 ἡ
514 2775 720 2846 tepet;
774 2778 920 2830 ἐστὶν
971 2777 1180 2848 ἐκείνη.
1226 2781 1415 2849 Ὅμως
1464 2781 1767 2853 ἐπειδήπερ
1813 2785 1893 2838 δι-

319 2868 446 2920 πλοῖ
619 2869 803 2938 ἡμεῖς,
853 2871 1059 2940 ἀληθὴς
1097 2871 1212 2942 δὲή
1255 2872 1456 2941 λάμψις
1492 2875 1674 2946 ἐκείνη
1708 2877 1771 2928 ὲκ
1796 2877 1891 2930 τοῦ

316 2960 414 3028 τῆς
456 2960 804 3030 δικαιοσύνης
842 2963 1051 3025 Ἡλίου,
1089 2963 1184 3016 καὶ
1218 2965 1249 3032 ἠ
1288 2965 1544 3037 ἀστραπὴ
1579 2968 1742 3038 νοητὴ
1793 2967 1893 3037 τῆς

316 3051 607 3118 Θεότητος,
670 3052 767 3104 καὶ
805 3053 1009 3122 νοητῶς
1072 3055 1136 3106 ὲκ
1185 3053 1500 3121 Πνεύματος
1560 3056 1715 3124 ἁγίου
1763 3059 1890 3126 ἡμῖν

1998 3054 2160 3108 ritate
2192 3050 2444 3106 Christi?
2483 3070 2500 3100 ι
2539 3059 2592 3104 et

314 3145 728 3214 ὲπιλάμπουσα,
778 3146 840 3198 ού
869 3144 965 3214 τὴν
1017 3145 1194 3214 ψυχὴν
1243 3146 1469 3214 αὐγάζει
1523 3149 1704 3217 μόνον,
1755 3149 1892 3203 ἀλλὰ

316 3237 411 3292 καὶ
467 3238 529 3289 τὸ
579 3237 737 3306 σῶμα
797 3237 1278 3309 καταλαμπρύνει.
1339 3240 1446 3290 Kal
1505 3240 1662 3292 τοῦτο
1720 3239 1890 3306 ἔδειξε

318 3332 518 3402 πρώην
577 3333 697 3402 μὲν,
748 3331 822 3392 ὠς
868 3330 1078 3400 ἔφημεν
1105 3371 1120 3396 ,
1175 3331 1416 3402 Μωῦσῆς
1445 3349 1457 3362 ο
1483 3331 1676 3386 ἔπειτα
1709 3333 1764 3385 δὲ
1797 3333 1893 3386 καὶ

315 3430 459 3498 αὑτὴ
515 3431 548 3499 η
595 3428 864 3498 ἀλήθεια,
903 3430 934 3499 ή
977 3428 1074 3497 τὴν
1149 3427 1357 3498 λάμψιν
1429 3429 1644 3497 ἐκείνην
1713 3431 1892 3502 πηγά-

313 3523 511 3586 ζουσα.
555 3522 762 3592 Ἰησοῦς
808 3521 1042 3590 Χριστὸς
1095 3522 1122 3573 6
1161 3521 1293 3584 Θεὸς
1350 3523 1528 3592 ἡμῶν,
1557 3523 1700 3575 καὶὸ
1733 3522 1886 3592 πρῶ-

313 3634 407 3679 τος
453 3615 510 3668 δὲ
569 3615 875 3684 ἑναθλήσας
927 3615 1067 3683 ὑπὲρ
1117 3613 1282 3668 αὐτοῦ
1342 3614 1615 3683 Στέφανος
1657 3614 1687 3666 ὁ
1737 3617 1891 3683 μέγιο

313 3726 465 3772 στος,
497 3709 590 3760 καὶ
613 3710 640 3760 6
668 3706 938 3766 θειότατος
971 3706 1178 3768 Παῦλος
1201 3746 1214 3768 ,
1251 3705 1308 3765 ὂ;
1361 3706 1529 3775 μήπω
1588 3707 1687 3774 μὲν
1727 3705 1892 3758 καθα-

311 3802 408 3871 ρτς
436 3800 531 3860 ὣν,
563 3797 708 3859 ιῖὼν,
746 3794 1028 3865 ἐτυφλώθη
1061 3797 1155 3857 τὰς
1193 3795 1382 3864 κόρας,
1416 3795 1517 3856 ἕως
1552 3793 1892 3864 κεκάθαρται

307 3893 392 3961 τῷ
437 3891 800 3961 βαπτίσματι,
859 3888 999 3958 μετὰ
1048 3883 1220 3938 ταῦτα
1276 3886 1333 3939 δὲ
1397 3887 1538 3955 ἔχων
1596 3889 1654 3940 ὲν
1711 3885 1891 3955 ἑαυτῷ

310 3980 724 4052 διεθερμαίνετο
754 3978 950 4046 λέγων,
983 3997 1000 4029 ι
1055 3976 1148 4040 Τίς
1185 3979 1334 4046 ἡμᾶς
1377 3976 1605 4047 χωρίσει
1653 3977 1760 4030 ἀπὸ
1795 3979 1890 4048 τῆς

306 4077 536 4143 ἀγάπης
560 4075 654 4127 τοῦ
680 4072 950 4142 Χριστοῦ;
979 4090 997 4122 ι
1036 4073 1142 4123 Καὶ
1177 4069 1558 4136 ἐξαπέστειλεν
1601 4072 1628 4122 6
1673 4068 1804 4131 Θεὸς
1830 4069 1891 4122 τὸ

309 4167 541 4236 Πνεῦμα
594 4165 686 4220 τοῦ
749 4164 873 4216 1⁸ἱοῦ
906 4163 1072 4216 αὐτοῦ
1122 4164 1200 4223 είς
1247 4162 1344 4224 τὰς
1383 4161 1613 4230 καρδίας
1645 4159 1824 4229 ἡμῶν.
1865 4179 1883 4210 ι

310 4260 445 4323 Kal,
487 4276 504 4309 ι
542 4257 608 4310 Εἰ
635 4276 718 4319 τις
754 4253 978 4324 Πνεῦμα
1020 4252 1260 4324 Χριστοῦ
1289 4253 1391 4305 οὐκ
1432 4251 1567 4322 ἔχει,
1601 4244 1756 4314 οὗτος
1787 4252 1890 4305 ούκ

304 4352 460 4404 εστιν
507 4350 694 4410 αὐτοῦ,
739 4368 756 4399 ι
808 4346 908 4416 τὴν
959 4345 1122 4414 χάριν
1170 4342 1344 4410 λέγων
1389 4339 1483 4395 τοῦ
1546 4341 1888 4409 Πειεύματος,

1994 1869 2371 1927 gustaverunt,
2405 1875 2526 1913 eum
2584 1860 2806 1914 claritas
2863 1861 2951 1914 illa
2987 1877 3091 1913 non
3158 1862 3228 1914 sit
3262 1862 3559 1915 sensibilis.

1991 1952 2124 2007 Cum
2156 1951 2316 2007 simul
2355 1952 2559 2021 duplici
2593 1953 2897 2007 substantia
2927 1962 3262 2014 constemus,
3292 1968 3419 2006 vera
3462 1953 3552 2006 lur-

1993 2041 2080 2095 illa
2128 2043 2255 2098 solis
2310 2042 2633 2111 justitiamet
2661 2042 2957 2111 spiritualis
2997 2042 3306 2096 corusratio
3336 2041 3559 2096 Deitatis

1992 2130 2346 2198 Spiritualiter
2389 2131 2544 2185 nobis
2585 2147 2648 2183 ex
2706 2139 2897 2184 saneto
2948 2130 3149 2200 Spiritu
3187 2133 3413 2186 illllcens
3452 2146 3557 2184 non

1993 2232 2226 2275 mentem
2259 2230 2470 2276 tantum
2505 2215 2795 2287 illuminat,
2837 2224 2932 2277 sed
2990 2231 3044 2278 et
3086 2239 3288 2291 corpus
3349 2223 3556 2278 lumine

1995 2313 2297 2383 perfundit.
2332 2315 2488 2381 Quod
2528 2314 2785 2386 patefecit
2821 2317 2998 2385 primo
3048 2316 3292 2384 quidem,
3327 2326 3387 2369 ut
3423 2317 3560 2371 dixi-

1996 2421 2142 2470 nlu-,
2175 2401 2411 2478 Moyses,
2436 2407 2632 2461 deinde
2655 2423 2784 2462 vero
2811 2409 2926 2477 ipsa
2960 2409 3184 2473 vetitas,
3238 2408 3363 2463 lous
3399 2410 3562 2464 istius

1993 2497 2156 2560 lucis,
2192 2497 2350 2554 JeSlls
2381 2499 2636 2555 Christus
2666 2499 2809 2554 Deus
2847 2511 3052 2564 noster,
3085 2517 3294 2555 necnon
3354 2503 3563 2570 primus

1995 2588 2086 2658 qui
2123 2604 2220 2658 pro
2257 2605 2321 2644 eo
2352 2591 2580 2643 certavit
2636 2592 2947 2660 Stephanus
3010 2593 3297 2657 maximus,
3337 2592 3564 2649 Paulus-

1993 2696 2103 2750 que
2132 2681 2529 2747 divinissilnus,
2558 2683 2648 2751 qui
2687 2698 2807 2736 cum
2848 2683 3085 2738 mundus
3123 2685 3360 2738 nondum
3394 2695 3558 2747 esset.

1997 2772 2209 2837 videns,
2251 2771 2427 2830 oculis
2462 2786 2654 2842 captus
2689 2785 2795 2840 est,
2831 2791 3006 2844 usque
3056 2775 3184 2829 dum
3238 2776 3563 2844 baptismate

1998 2867 2356 2921 mundaretur
2389 2883 2404 2934 ;
2447 2877 2630 2936 postea
2659 2882 2786 2918 vero
2827 2866 3008 2919 lumen
3045 2865 3246 2920 habens
3277 2865 3328 2919 in
3361 2878 3560 2920 semet-

1996 2957 2115 3026 ipso
2142 2960 2368 3015 ardebat
2401 2959 2590 3014 dicens
2622 2974 2634 3008 :
2683 2978 2700 3010 ι
2733 2959 2866 3024 Quis
2921 2972 3022 3010 nos
3053 2957 3331 3026 separabit
3364 2975 3392 3012 a
3430 2959 3560 3011 cha-

2653 3067 2666 3104 :
2704 3069 2722 3102 ‹
2761 3050 2904 3104 Misit
2940 3035 3082 3104 Deus
3120 3049 3382 3119 Spiritum
3439 3051 3558 3104 Filii

1995 3144 2078 3198 sui
2107 3144 2160 3196 in
2201 3142 2458 3196 cordibus
2485 3142 2732 3207 nostris;
2766 3161 2783 3192 ι
2831 3149 2883 3195 et
2915 3157 2929 3194 :
2973 3159 2992 3192 ι
3031 3141 3086 3194 Si
3125 3142 3249 3211 quis
3300 3141 3559 3210 Spiritum

1995 3235 2196 3291 Christi
2255 3250 2362 3287 non
2415 3235 2595 3296 llablt,
2658 3235 2744 3286 hic
2795 3249 2899 3286 non
2938 3238 3020 3288 est
3083 3234 3222 3302 ejus,
3260 3252 3277 3284 ι
3334 3234 3560 3302 gratiam

1997 3327 2239 3398 Spiritus
2273 3329 2462 3382 dicens
2502 3344 2622 3396 qua:
2677 3327 2932 3380 Trillitati
2971 3328 3279 3381 e0mmuuis
3312 3337 3417 3382 est.
3461 3328 3561 3382 Pe-

1996 3428 2117 3475 trus
2150 3435 2280 3474 vero
2318 3420 2369 3472 in
2393 3435 2634 3480 carcere.
2672 3420 2791 3472 luce
2815 3426 3056 3488 aspecta,
3104 3418 3230 3472 inde.
3275 3422 3562 3472 roboratus

1993 3517 2095 3569 est.
2135 3517 2187 3562 et
2232 3521 2438 3562 catella:
2473 3508 2789 3561 ceciderunt
2822 3508 2888 3560 de
2925 3508 3174 3561 manibus
3219 3507 3363 3576 ejus.
3414 3506 3560 3560 Mulli

1992 3600 2156 3655 etiam
2187 3615 2217 3650 e
2254 3598 2456 3654 divinis
2487 3599 2775 3667 discipulis
2827 3598 2929 3651 hac
2960 3598 3358 3652 illlluliuatiolle
3387 3599 3558 3668 gavisi

1995 3699 2145 3756 sunt,
2192 3693 2332 3746 inter
2387 3707 2522 3758 quos
2574 3689 2752 3746 Lucas
2799 3699 2855 3746 et
2904 3690 3173 3760 Cleophas
3225 3689 3361 3744 lueis
3413 3691 3568 3745 illius

1992 3784 2230 3838 calorem
2265 3791 2620 3851 acceperunt,
2667 3791 2722 3836 et
2752 3797 2847 3834 cor
2879 3797 3066 3834 eorum
3116 3778 3314 3834 ardens
3342 3789 3458 3832 erat
3507 3781 3565 3834 in

1993 3876 2150 3945 ipsis,
2197 3891 2321 3928 nam
2355 3875 2445 3927 lux
2486 3889 2613 3927 vera
2645 3875 2825 3942 ignem
2863 3873 3018 3926 illum
3053 3873 3198 3925 venit
3231 3874 3446 3925 mittere
3505 3872 3564 3924 in

1995 3978 2214 4034 terram,
2249 3967 2315 4020 de
2347 3983 2455 4035 quo
2479 3966 2690 4020 dicebat
2724 3983 2738 4019 :
2776 3984 2793 4017 ι
2827 3964 3008 4032 Ignem
3053 3963 3174 4017 veni
3235 3964 3450 4016 mittere
3504 3963 3562 4016 in

1991 4069 2214 4122 terram,
2265 4069 2316 4113 et
2349 4059 2478 4127 quid
2539 4058 2658 4111 volo
2723 4056 2823 4110 nisi
2884 4066 2941 4109 ut
2987 4053 3366 4109 accendatur?
3396 4073 3414 4106 ι
3449 4069 3559 4124 quo

1991 4153 2114 4221 igne
2135 4150 2360 4204 ardebat
2391 4149 2554 4202 David
2577 4149 2768 4202 dicens
2812 4165 2825 4202 :
2864 4167 2883 4199 ι
2913 4147 3200 4202 Concaluit
3249 4160 3344 4200 cor
3374 4162 3556 4200 meum

1993 4241 2133 4294 intra
2168 4255 2274 4302 me.
2302 4249 2355 4294 et
2384 4241 2434 4294 in
2463 4238 2819 4293 meditatione
2860 4252 2977 4291 mea
3009 4236 3327 4291 exardescet
3353 4235 3564 4304 ignis.»

1993 4331 2264 4386 Antonius
2302 4342 2480 4386 autem
2519 4331 2700 4384 lumen
2733 4329 2866 4384 illlld
2895 4328 3084 4383 videns
3118 4327 3170 4383 in
3205 4337 3570 4384 monumento

303 4440 433 4509 ἣτις
489 4437 642 4505 κοινὴ
690 4436 786 4504 τῆς
833 4431 1088 4504 Τριάδος.
1121 4431 1231 4485 Kal
1285 4431 1493 4498 Πέτρος
1546 4428 1602 4482 δὲ
1651 4429 1738 4480 ἐπὶ
1788 4427 1890 4496 τῆς

1995 4423 2423 4478 consolationem
2479 4423 2709 4491 accepit,
2775 4429 2830 4476 et
2891 4420 3161 4475 clamabat
3215 4421 3280 4472 ad
3339 4418 3556 4472 Deum:

204 4562 220 4574 ο
307 4529 558 4600 φυλακῆς
583 4527 746 4580 τοῦτο
774 4527 835 4579 τὸ
864 4526 978 4595 φῶς
1032 4524 1177 4590 ἰδὼν,
1215 4521 1498 4592 ἐνισχύθη,
1536 4523 1628 4574 καὶ
1673 4522 1726 4574 al
1757 4519 1888 4573 ἁλύ-

310 4639 425 4686 σεις
454 4622 652 4674 ἔπεσον
696 4618 754 4683 ἐξ
801 4616 987 4671 αὑτοῦ.
1018 4619 1124 4669 Kal
1157 4617 1400 4669 πλεῖστοι
1445 4613 1555 4666 τῶν
1583 4612 1742 4665 θείων
1785 4627 1891 4679 μα-

305 4713 492 4781 θητῶν
529 4710 626 4765 τοῦ
679 4709 962 4778 φωτισμοῦ
1019 4709 1207 4760 τούτου
1267 4708 1479 4776 ἔτυχον,
1525 4706 1620 4758 καὶ
1671 4704 1889 4765 Λουκᾶς

305 4806 404 4857 καὶ
435 4801 734 4867 Κλεὼπας,
774 4798 869 4851 τοῦ
907 4799 1082 4867 φωτὸς
1131 4799 1341 4851 ἐκείνου
1380 4796 1480 4864 τὴν
1515 4794 1726 4864 θὲρμην
1761 4784 1886 4846 ἔ).αὲ

304 4896 422 4961 σον,
457 4897 554 4947 καὶ
584 4895 618 4964 ἡ
653 4893 852 4962 καρδία
888 4890 1069 4943 αὐτῶν
1096 4890 1360 4958 καιομένη
1391 4883 1459 4958 ἦν
1491 4887 1549 4940 ἐν
1577 4887 1761 4949 αὐτοῖς
1787 4899 1802 4916 ⁸
1829 4885 1889 4938 τὺ

301 4987 415 5055 γὰρ
455 4983 714 5054 ἀληθινὸν
757 4982 894 5050 φῶς,
922 4979 1056 5032 αὐτὸ
1114 4977 1172 5031 τὸ
1225 4977 1336 5048 πῦρ
1383 4974 1519 5048 ἦλθε
1571 4975 1754 5046 βαλεῖν
1795 4977 1889 5027 ἐπὶ

298 5081 404 5147 τῆς
435 5078 540 5148 γῆς
582 5073 712 5142 περὶ
743 5068 804 5127 οὗ
830 5072 920 5125 καὶ
957 5070 1134 5136 ἔλεγε,
1172 5085 1191 5118 ι
1233 5067 1349 5135 Πῦρ
1376 5063 1543 5138 ἦλθον
1575 5064 1760 5136 βαλεῖν
1793 5066 1888 5116 ἐπὶ

299 5173 402 5242 τὴν
451 5171 555 5240 γῆν
581 5183 599 5200 ⁸
662 5167 757 5219 καὶ
797 5165 851 5216 τί
893 5162 1087 5234 ηθελον
1119 5160 1168 5212 εί
1219 5159 1320 5228 ἤδη
1363 5157 1618 5227 ἁνήφθη;
1661 5173 1678 5207 ι
1711 5156 1820 5208 Kal
1861 5153 1889 5205 6

303 5263 471 5316 51616
521 5263 588 5314 ὲκ
629 5258 816 5311 τούτου
860 5256 954 5308 τοῦ
1010 5254 1184 5324 πυρδς
1229 5251 1606 5321 ἐθερμαίνετο,
1643 5267 1660 5299 ι
1696 5246 1887 5316 Ἐθερ-

311 5357 510 5424 pavi)?”
546 5354 746 5418 λέγων,
780 5351 814 5418 ἡ
863 5347 1057 5416 καρδία
1091 5362 1197 5411 μου
1234 5345 1386 5403 ἐντός
1432 5358 1534 5410 μου
1556 5357 1570 5373 ο
1603 5339 1696 5392 καὶ
1741 5341 1796 5390 ὲν
1821 5340 1888 5406 τῇ

310 5448 508 5519 μελέτῃ
552 5462 657 5516 μου
707 5440 1116 5510 ἐκκαυθήσεται
1171 5437 1303 5506 πῦρ.
1360 5453 1377 5487 ι
1429 5435 1538 5486 Kal
1599 5430 1889 5492 Ἀντώνιος

306 5538 364 5589 δὲ
397 5539 552 5589 τοῦτο
585 5534 714 5588 ίδὼν
748 5533 809 5585 τὸ
838 5533 953 5600 φῶς
999 5533 1058 5583 ἐν
1106 5529 1184 5596 τῷ
1230 5527 1473 5598 μνήματι
1520 5522 1841 5594 παρεκλήθη
1869 5537 1884 5552 ’

309 5632 421 5691 καῖ,
453 5643 473 5678 ι
508 5628 620 5680 Ποῦ
665 5622 735 5697 ἧς
771 5625 1036 5694 πρότερον
1069 5621 1196 5673 ἐϐόα
1249 5619 1386 5689 πρὸς
1426 5617 1515 5669 τὸν
1546 5616 1709 5679 Θεόν;
1747 5632 1764 5665 l
1811 5613 1888 5676 ὡς

309 5721 340 5772 6
379 5719 551 5788 μέγας
605 5715 773 5786 φησὶν
799 5713 1141 5774 ’Δθανάσιος.
1177 5712 1284 5764 Kal
1332 5705 1518 5760 πολλοὶ
1548 5705 1655 5758 τῶν
1690 5720 1889 5770 συγκε-

1997 4513 2230 4569 Ubinam
2261 4530 2385 4568 eras
2418 4513 2619 4567 antea?
2654 4521 2710 4564 llt
2743 4528 2971 4582 magnus
3002 4509 3173 4566 refert
3205 4509 3558 4564 Athanasius.

1993 4606 2143 4660 Multi
2182 4622 2400 4676 quoque
2435 4606 2609 4661 sancti
2668 4603 2720 4657 ill
2775 4602 3014 4660 tenebris
3063 4603 3334 4671 angustati
3371 4604 3560 4655 eadem

1993 4713 2087 4768 gra
2120 4698 2169 4751 ia
2197 4699 2402 4768 dignati
2434 4705 2583 4759 sunt,
2618 4710 2741 4748 cum
2783 4704 2967 4749 essent
3000 4693 3094 4747 lilii
3136 4693 3294 4754 lucis,
3329 4707 3395 4744 ex
3449 4692 3561 4745 Deo

1993 4787 2248 4851 deilicali,
2285 4787 2451 4840 Deum
2491 4801 2705 4855 semper
2754 4785 2895 4838 inter
2941 4786 3205 4837 orandum
3262 4782 3566 4842 intuentes,

1991 4878 2175 4947 diique
2206 4876 2333 4931 facti
2367 4876 2660 4930 secundum
2716 4873 2973 4944 gratiam.
3009 4888 3130 4926 cum
3157 4885 3346 4924 omnes
3375 4879 3560 4923 essent

1991 4970 2179 5040 gratia:
2203 4965 2522 5036 participes,
2547 4964 2806 5032 quoniam
2840 4963 3095 5018 Christus
3129 4964 3378 5032 promisit
3419 4977 3479 5016 se
3501 4961 3560 5014 in

1992 5063 2110 5118 suis
2137 5060 2534 5120 habitaturum,
2571 5071 2624 5110 et
2651 5056 2888 5125 Spiritus
2918 5055 3039 5124 ejus
3077 5055 3283 5107 habitat
3338 5054 3392 5106 in
3453 5069 3558 5106 no-

1992 5155 2096 5208 bis.
2127 5151 2249 5206 ldeo
2279 5150 2417 5205 dixit
2463 5147 2665 5202 Paulus
2709 5163 2723 5200 :
2763 5164 2781 5196 ι
2815 5146 3048 5201 Nescitis
3081 5146 3336 5214 quoniam
3399 5143 3564 5197 Chri-

1991 5256 2108 5299 stus
2135 5242 2344 5295 habitat
2375 5239 2429 5293 ill
2466 5239 2672 5292 nobis?
2711 5237 2882 5292 Secus
2913 5251 3066 5300 vero,
3105 5234 3317 5303 reprobi
3345 5234 3481 5288 estis
3503 5250 3556 5300 ;›

1989 5344 2043 5390 et
2079 5345 2155 5390 :‘t
2189 5332 2338 5386 Misit
2399 5331 2542 5386 Deus
2572 5329 2832 5399 Spiritum
2885 5326 3005 5381 Fllii
3062 5326 3150 5380 sui
3191 5325 3244 5378 in
3297 5325 3564 5380 cordibus:

1993 5427 2220 5492 nostris,
2256 5425 2308 5477 ill
2349 5439 2459 5492 quo
2494 5422 2796 5476 clamamus
2835 5437 2846 5473 :
2881 5418 3054 5481 Abba,
3091 5417 3301 5472 Pater.)
3340 5419 3564 5472 llabitat

1990 5529 2170 5574 autem
2201 5517 2453 5572 Christus
2474 5529 2598 5568 cum
2638 5511 2799 5565 Patre
2847 5520 2900 5565 et
2949 5508 3182 5579 Spiritu,
3217 5519 3272 5563 et
3321 5509 3562 5563 mansio-

1990 5629 2111 5667 nem
2142 5612 2271 5665 facit
2304 5612 2356 5663 in
2393 5608 2570 5666 nobis.
2607 5621 2714 5660 non
2766 5603 2983 5673 quidem
3021 5605 3322 5660 secundum
3370 5617 3558 5670 ρεπεν-

1992 5721 2141 5772 nam,
2181 5703 2276 5758 sed
2313 5699 2613 5756 secundum
2651 5698 2904 5766 gratiam.
2974 5697 3038 5750 l‘lt
3079 5695 3282 5750 Paulus
3316 5692 3558 5747 clamat:
