4040 6202
443 272 542 336 167

1300 263 1687 328 SYMEONlS
1725 253 2483 325 THESSAIDXICENSIS
2522 248 2878 314 ARCHIEP.

3600 237 3698 298 1(8

441 409 458 439 ι
494 388 683 444 Gratia
741 383 960 441 Domini
993 382 1166 439 nostri
1199 380 1329 438 Jesu
1389 381 1619 448 Christi,
1656 392 1710 436 et
1777 380 2017 435 eharitas

2130 375 2461 445 κλεισμένων
2509 369 2679 438 ἁγίων
2735 366 2792 419 ἐν
2845 363 3029 416 σκότει
3072 358 3172 427 τῆς
3230 354 3488 423 τοιαύτης
3524 350 3695 422 aeta»

440 482 530 535 l)ei
553 480 751 545 Patris,
787 488 835 533 et
867 476 1301 533 communicatio
1336 473 1573 544 Spiritus
1602 482 1780 528 sancti
1815 515 1829 540 ,
1868 491 1885 525 ι
1933 481 2009 536 et,

442 593 459 624 ι
496 574 680 627 Gratia
730 571 883 626 vobis
918 578 971 624 et
1004 585 1104 639 pax
1136 583 1166 621 a
1205 568 1313 620 Deo
1347 566 1504 619 Patre
1535 576 1588 619 et
1623 564 1854 620 Domino
1884 564 2013 619 Jesu

435 665 689 729 Christo;
722 682 740 714 ι
797 662 943 732 quod
997 660 1109 716 fere
1156 660 1209 713 in
1251 659 1507 713 omnibus
1557 642 1805 727 epistolis
1856 656 2012 711 dixit.

434 760 495 812 In
530 737 755 811 Actibus
806 766 1028 810 autem:
1078 774 1095 805 ι
1130 752 1318 807 Gratia
1388 750 1604 805 Domini
1659 750 1831 804 nostri
1882 748 2011 804 Jesu

434 850 642 905 Christi
693 850 1000 911 vobiscutn,
1034 857 1088 902 et
1135 843 1481 914 accipiebant
1529 844 1735 897 donum
1774 840 2012 911 Spiritus

436 942 632 996 sancti.
672 961 690 993 ι
727 940 900 1011 Igitur
925 941 1125 992 donum
1158 944 1209 990 et
1243 936 1470 1003 gratiam
1494 941 1696 987 sancta:
1724 932 2013 986 Trinitatis

438 1033 760 1101 accipimus,
783 1032 1008 1086 minime
1032 1046 1161 1085 vero
1184 1036 1458 1088 naturam,
1486 1040 1663 1094 neque
1695 1040 2012 1093 personam,

438 1143 729 1182 neeunam
766 1143 795 1179 e
849 1124 1136 1195 personis;
1169 1122 1263 1177 sed
1313 1120 1558 1174 divinum
1621 1119 1753 1172 illttd
1801 1127 2012 1171 tantum

435 1220 583 1288 quod
617 1218 917 1285 assumpsit
956 1216 1190 1269 Verbum
1227 1212 1391 1280 hujus
1427 1226 1701 1282 personae,
1764 1218 1823 1264 ut
1871 1209 2016 1263 dixi-

437 1326 582 1372 mus,
625 1308 728 1362 fuit
763 1308 1061 1361 adunatutn
1097 1305 1506 1359 indivisibiliter
1536 1312 1590 1357 et
1653 1299 2015 1356 inconfusilii-

438 1400 582 1465 liter,
618 1400 672 1453 itt
700 1413 809 1469 quo
837 1396 1202 1467 corporaliter
1245 1396 1456 1451 habitat
1493 1395 1674 1448 omnis
1730 1391 2016 1463 plenitudo

439 1491 776 1553 Divinitatis,
830 1506 929 1543 nos
961 1505 1091 1544 vero
1139 1504 1334 1544 omnes
1367 1502 1623 1540 mensura
1658 1492 1869 1539 natura:
1926 1499 2018 1538 no-

436 1595 563 1639 strae
592 1584 1008 1639 accommodata
1055 1582 1122 1638 de
1193 1580 1536 1651 plenitudine
1588 1580 1710 1649 ejus
1780 1579 2013 1648 gratiam

438 1679 777 1748 accepimus.
827 1676 909 1730 Ex
966 1676 1068 1731 ista
1122 1674 1464 1745 plenitudine
1514 1672 1702 1727 divina
1747 1671 1893 1726 velut
1947 1686 2012 1724 ex

2117 444 2293 539 θησαν
2316 466 2562 536 χάριτος,
2588 460 2663 523 ὡς
2702 457 2878 526 φωτὸς
2928 455 3081 516 ὄντες
3115 450 3246 513 υἱοὶ,
3282 448 3376 502 καὶ
3403 444 3694 512 θεούμενοι

2114 561 2180 614 ὲκ
2232 555 2391 623 Θεοῦ,
2426 555 2559 608 Θεὸν
2612 552 2850 621 ὁρῶντες
2902 548 3045 609 ταῖς
3076 542 3406 614 προσευχαῖς
3455 538 3567 600 ἀεὶ,
3602 538 3699 591 καὶ

2117 651 2230 705 θεοὶ
2259 650 2539 717 γινόμενοι
2588 644 2732 696 κατὰ
2761 641 2946 711 χάριν,
2983 636 3105 689 ἐπεὶ
3136 635 3229 687 καὶ
3271 634 3497 702 χάριτος
3536 629 3699 699 μετέι
3772 668 3777 673 ι

2116 759 2271 813 χουσι
2326 740 2548 800 πάντες.
2581 737 2705 790 Ὀτι
2756 734 2852 786 καὶ
2901 731 3134 783 ἐνοικεῖν
3188 726 3423 795 Χριστὸς
3473 724 3532 776 ὲν
3583 723 3699 783 τοῖς

2116 833 2282 890 αὑτοῦ
2328 831 2720 901 ἐπηγγείλατο,
2756 826 2850 881 καὶ
2893 826 2954 878 τὸ
2990 820 3213 891 Πνεῦμα
3249 818 3418 873 αὑτοῦ
3465 816 3605 868 οἰκεῖ
3640 815 3697 866 ὲν

2115 928 2268 996 ἡμῖν.
2306 924 2415 976 Kal
2445 921 2652 983 Παῦλός
2693 934 2881 988 φησιν,
2923 933 2941 967 ι
2988 916 3102 967 υύκ
3136 912 3316 965 οἴδατε
3348 911 3432 962 ὅτι
3462 907 3702 976 Χριστος

2115 1021 2255 1072 οἰκεῖ
2304 1017 2362 1068 ὲν
2414 1017 2585 1084 ήμῖν;
2624 1012 2671 1064 εἰ
2721 1010 2797 1080 μὴ
2845 1009 2929 1061 ὅτι
2978 1005 3088 1073 ἄρα
3127 1002 3377 1071 ἀδόκιμοί
3410 1002 3552 1052 ὲστε.
3592 996 3703 1049 Κιὶ

2116 1106 2501 1177 ἐξαπέστειλεν
2557 1107 2586 1156 ὁ
2634 1102 2768 1166 Θεὸς
2812 1103 2874 1154 τὸ
2926 1098 3151 1167 Πνεῦμα
3221 1095 3318 1148 τοῦ
3357 1091 3485 1144 Υίοῦ
3534 1089 3702 1144 αύτοῦ

2117 1203 2200 1263 εἰς
2231 1201 2332 1262 τὰς
2365 1197 2597 1267 καρδίας
2623 1193 2803 1264 ἡμῶν,
2836 1190 3057 1261 κράζονο
3081 1186 3257 1239 Ἀϐϐά
3285 1186 3313 1236 6
3339 1184 3582 1252 Πατήρ.»
3606 1182 3703 1233 οε-

2116 1295 2203 1345 κεῖ
2228 1292 2285 1344 δὲ
2315 1290 2551 1359 Χριστὸς
2582 1288 2678 1340 σὺν
2706 1285 2784 1356 τῷ
2815 1284 2992 1353 Πατρὶ
3023 1283 3118 1336 καὶ
3150 1279 3229 1350 τῷ
3273 1275 3578 1346 Πνεύματι,
3607 1271 3705 1323 καὶ

2120 1388 2290 1455 μονὴν
2343 1387 2580 1436 ποιεῖται
2635 1382 2692 1433 ὲν
2758 1380 2917 1449 ἡμῖν,
2965 1376 3066 1444 οὐχ
3118 1370 3523 1433 ύποστατικῶς,
3570 1364 3707 1418 ἀλλὰ

2116 1478 2257 1530 κατά
2288 1477 2474 1546 χάριν.
2509 1473 2619 1526 Kal
2649 1469 2860 1533 Παῦλος
2892 1468 3011 1538 βοᾷ,
3036 1486 3052 1518 ι
3079 1466 3143 1518 Ἠ
3183 1466 3345 1535 χάρις
3376 1463 3470 1515 τοῦ
3496 1459 3704 1528 Κυρίου

2117 1569 2276 1639 ἡμῶν
2309 1566 2484 1639 Ἰησοῦ
2526 1562 2789 1636 Χριστοῦ,
2824 1564 2921 1616 xal
2971 1564 3004 1631 ὴ
3053 1561 3245 1628 ἀγάπη
3296 1556 3390 1609 τοῦ
3434 1554 3570 1606 Θεοῦ
3614 1553 3709 1604 καὶ

2122 1660 2475 1730 Πατρὸς,καὶ
2533 1659 2566 1727 η
2605 1654 2862 1730 κοινωνία
2912 1653 3008 1707 τοῦ
3066 1653 3226 1720 ἁγίου
3292 1647 3635 1716 Πνεύματος.
3683 1662 3701 1694 ι

438 1716 777 1748 "sacrm...
827 1716 909 1730 ...ι
966 1716 1068 1731 ω...
1123 1716 1464 1745 ,,................
1516 1716 1702 1727 -....._
1755 1716 1893 1726 ,νμ-
1950 1716 2012 1724 ,η

438 1770 608 1833 fonte,
641 1785 834 1824 omnes
868 1769 963 1839 qui
1012 1777 1137 1822 sunt
1174 1766 1380 1822 Christi
1438 1768 1724 1827 hauriunt,
1776 1773 1831 1817 et
1880 1777 2015 1831 prae-

2130 1716 2253 1815 Ka‘z:
2274 1767 2291 1800 ι
2313 1716 2502 1819 *Χάρις
2534 1716 2663 1818 ύμῖν
2691 1716 2779 1815 έῖη
2807 1750 2902 1799 καὶ
2930 1716 3127 1815 εἰρήνη
3162 1742 3270 1794 ἀπὸ
3297 1738 3434 1792 Θεοῦ
3471 1734 3709 1804 Πατρὸς,

440 1863 629 1917 sertim
654 1862 745 1932 qui
771 1871 995 1933 propter
1020 1878 1144 1917 eum
1184 1871 1506 1932 pugnantet
1533 1860 1844 1930 patiuntur,
1890 1874 2014 1914 cum

440 1956 551 2009 sint
578 1955 630 2008 in
669 1955 914 2009 tenebris
945 1964 997 2009 et
1026 1968 1273 2020 carcere,
1306 1970 1369 2009 ex
1430 1954 1521 2008 illa
1557 1952 1805 2008 claritate
1836 1951 2018 2006 suble-

440 2055 658 2101 vantur.
706 2045 828 2101 Ideo
865 2045 1005 2100 dixit
1038 2046 1207 2100 David
1237 2062 1251 2098 :
1286 2062 1305 2097 ι
1339 2045 1659 2101 Secundum
1709 2043 2019 2098 multitudio

440 2152 563 2191 nete
597 2136 850 2192 dolorum
886 2153 1135 2193 meorum
1173 2138 1228 2192 in
1292 2138 1460 2192 corde
1492 2151 1635 2202 meo,
1687 2136 2008 2192 consolatio-

444 2244 539 2284 nes
571 2238 675 2282 tuae
698 2230 1372 2284 hetilicaveruntanimam
1409 2244 1622 2295 meatn;
1657 2248 1674 2279 ι
1710 2229 1834 2282 ideo
1853 2227 2018 2282 etiam

443 2320 537 2390 qui
580 2321 767 2374 vivunt
798 2321 850 2373 iu
881 2321 1088 2375 Christi
1144 2330 1335 2390 utpote
1389 2321 1594 2374 mundo
1630 2318 1820 2384 corde,
1849 2318 2020 2373 Deum

445 2413 728 2476 videbunt,
795 2428 905 2466 noti
963 2412 1184 2479 quidem
1262 2412 1565 2466 secundum
1628 2425 1788 2480 quam
1862 2410 2026 2463 habet

447 2519 722 2571 naturam,
743 2507 837 2561 sed
868 2505 1170 2559 secundum
1198 2508 1450 2575 gratiam.
1476 2502 1745 2558 Vidistine
1774 2517 2026 2557 commu-

446 2614 570 2653 nem
602 2598 887 2652 Trinitatis
920 2596 1188 2667 gratiam?
1237 2596 1384 2650 Misit
1418 2595 1562 2650 Deus
1591 2595 1853 2665 Spiritum
1904 2595 2026 2649 Filii

447 2692 575 2757 sui;
608 2705 671 2743 ex
709 2689 1052 2760 plenitudine
1082 2689 1202 2758 ejus
1238 2702 1431 2743 omnes
1458 2704 1555 2742 nos
1583 2688 1917 2757 accepimus,
1974 2695 2028 2742 et

445 2782 577 2852 quid
605 2781 963 2851 accepimus?
998 2777 1261 2835 Videlicet
1298 2780 1536 2850 Spiritus
1578 2780 1833 2849 gratiam,
1865 2790 2029 2848 atque

446 2891 545 2946 pro
569 2876 739 2945 gratia
768 2876 1026 2943 gratiam.
1060 2872 1331 2927 Eteﬂ‘udit
1361 2874 1411 2925 iii
1444 2888 1566 2937 nos,
1595 2872 1793 2941 inquit,
1822 2872 2025 2925 donum

445 2968 684 3038 Spiritus
714 2969 912 3031 sancti,
975 2967 1028 3018 in
1063 2980 1171 3035 quo
1230 2966 1571 3029 clamamus:
1620 2966 1793 3028 Abba,
1845 2964 2026 3021 Pater.

2122 1843 2215 1897 καὶ
2246 1843 2452 1912 Κυρίου
2485 1839 2666 1910 Ἰησοῦ
2709 1835 2973 1907 Χριστοῦ.
3014 1854 3033 1887 ι
3083 1835 3195 1888 Kal
3230 1832 3420 1902 σχεδὸν
3453 1827 3616 1880 τοῦτο
3649 1829 3709 1877 ὲν

2121 1935 2324 1996 πάσαις
2368 1931 2503 2001 φησὶ
2536 1932 2655 1993 ταῖς
2707 1929 3045 1991 ἐπιστολαῖς.
3077 1927 3208 1991 Kal,
3247 1942 3265 1975 ι
3316 1921 3381 1976 Ἦ
3414 1922 3571 1992 χάρις
3613 1920 3708 1972 τοῦ

2123 2026 2329 2096 Κυρίου
2384 2025 2543 2095 ἡμῶν
2573 2023 2749 2094 Ἰησοῦ
2796 2018 3037 2093 Χριστοῦ
3078 2019 3201 2090 μεθ’
3231 2016 3413 2086 ὑμῶν.
3455 2033 3476 2065 ι
3515 2014 3623 2065 Kal
3651 2012 3710 2063 ἐν

2122 2121 2243 2180 ταῖς
2292 2118 2554 2187 Πρὰξεσι,
2596 2132 2615 2167 ι
2654 2116 2761 2167 Kal
2790 2113 2988 2165 ἔλαϐον
3032 2114 3132 2182 τὴν
3179 2108 3388 2180 δωρεὰν
3422 2105 3516 2159 τοῦ
3549 2104 3706 2171 ἁγίου

2128 2210 2464 2280 Πνεύματος.
2502 2226 2521 2259 ι
2572 2206 2777 2260 Λοιπὸν
2816 2205 3027 2274 δωρεὰν
3082 2203 3179 2257 καὶ
3225 2202 3386 2273 χάριν
3420 2199 3521 2269 τῆς
3548 2198 3711 2265 ἁγίας

2125 2304 2354 2373 Τριάδος
2386 2301 2765 2371 λαμϐάνομεν,
2806 2300 2901 2351 καὶ
2948 2298 3008 2350 ού
3046 2296 3235 2366 φύσιν,
3265 2294 3385 2347 οὐδὲ
3444 2292 3540 2354 τὰς
3579 2290 3714 2342 ὑπο-

2129 2396 2369 2460 στάσεις,
2403 2396 2435 2465 ῆ
2470 2396 2600 2465 μίαν
2658 2394 2768 2446 τῶν
2820 2390 2990 2460 τριῶν
3031 2390 3411 2443 ὑποστάσεων.
3451 2384 3627 2438 Μόνον
3655 2382 3713 2435 δὲ

2127 2491 2187 2539 τὸ
2239 2489 2381 2539 θεῖον
2428 2486 2790 2557 πρόσλημμα,
2821 2484 2894 2545 ὡς
2941 2484 3268 2553 εἰρήκαμεν,
3304 2482 3369 2551 τῇ
3415 2476 3715 2531 ὑποστὰςει

2126 2580 2335 2651 ἥνωται
2370 2578 2461 2630 τοῦ
2493 2580 2692 2645 Λόγου,
2730 2576 3056 2645 ἁδιαιρὲτως
3087 2574 3182 2627 καὶ
3212 2570 3562 2640 ἁσυγχύτως,
3585 2572 3641 2621 ἐν
3673 2562 3716 2636 ᾧ

2129 2676 2225 2722 καὶ
2271 2672 2376 2721 πᾶν
2410 2668 2472 2719 τὸ
2522 2668 2802 2736 πλήρωμα
2836 2667 2936 2735 τῆς
2963 2665 3230 2734 Θεότητος
3261 2660 3616 2732 σωμλτικῶξ,
3652 2662 3717 2712 ὲκ

2128 2762 2222 2816 τοῦ
2268 2762 2637 2832 πληρώματος
2685 2759 2742 2813 δὲ
2796 2761 2958 2828 ἡμεῖς
3004 2757 3356 2826 λαμὸάνομεν
3391 2756 3553 2825 χάριν
3584 2757 3718 2808 ava—

2130 2857 2323 2925 λόγως.
2374 2857 2469 2909 Ἐκ
2512 2856 2707 2909 τούτου
2758 2856 2854 2908 τοῦ
2904 2853 3053 2906 θείου
3101 2853 3473 2923 πληρώματος
3531 2852 3608 2911 ὡς
3653 2851 3719 2901 ὲκ

2134 2952 2317 3021 πηγῆς
2348 2951 2398 3002 οἱ
2453 2948 2549 3001 τοῦ
2580 2948 2820 3018 Χριστνῦ
2867 2947 3132 3016 ἀρύονται
3163 2945 3427 3011 ἅπαντες,
3453 2943 3547 2995 καὶ
3581 2942 3722 3011 μᾶλ-

448 3035 580 3125 ρύω
606 3076 731 3123 vox,
761 3060 924 3124 abba,
955 3058 1099 3110 idem
1134 3074 1197 3110 ac
1231 3056 1392 3109 Pater
1416 3065 1597 3120 sonat,
1626 3058 1889 3125 quoniam
1930 3059 2023 3111 lilii

2131 3038 2221 3090 λον
2272 3039 2322 3091 οἱ
2373 3037 2443 3091 δι’
2489 3038 2655 3091 αὑτὸν
2700 3037 3097 3108 ἁγωνιζόμενοί
3148 3053 3207 3089 τε
3252 3042 3346 3089 καὶ
3386 3035 3715 3105 πάσχοντες,

450 3167 547 3222 per
578 3152 809 3220 gratiam
847 3149 979 3201 facti
1035 3162 1272 3212 sumus;
1318 3147 1459 3202 ﬁlios
1488 3148 1635 3201 cttittt
1702 3162 1805 3201 nos
1864 3147 2028 3203 Pater

446 3244 657 3312 accepit
680 3257 774 3309 per
805 3240 1155 3308 Unigenitum
1191 3256 1351 3293 suum
1389 3238 1440 3292 in
1477 3249 1671 3293 sancto
1699 3239 1904 3308 Spiritu
1939 3242 2027 3294 itt-

447 3344 752 3390 carnatutn.
823 3334 1007 3401 Itaque
1074 3331 1258 3386 omnia
1325 3329 1522 3393 divini,
1597 3330 1847 3400 iuqttam,
1913 3332 2030 3395 sive

456 3428 666 3483 Veteris
695 3428 815 3482 sive
864 3426 1003 3481 Novi
1056 3429 1245 3497 gratia:
1279 3425 1613 3481 Testamenti
1648 3428 1879 3496 gratiam
1934 3427 2030 3483 Dei

454 3528 761 3586 testantur;
807 3534 902 3573 seu
941 3520 1125 3587 potius
1192 3517 1308 3586 ipsa
1344 3519 1519 3588 gratia
1576 3519 1739 3587 nobis
1771 3533 1866 3587 per
1916 3518 2031 3573 dis-

455 3614 832 3685 pensationem
900 3608 1058 3664 Verhi
1133 3611 1478 3664 abundanter
1528 3609 1697 3663 eﬂ‘usa
1766 3610 2030 3664 mundum

454 3706 685 3776 replevit
713 3704 1052 3759 universum.
1083 3694 1449 3767 Quamobrem
1484 3701 1601 3771 ipsa
1627 3699 1790 3757 Verbi
1813 3700 2036 3772 dispen-

456 3800 596 3854 satio
618 3800 792 3870 gratia
826 3794 1265 3864 cognominatur.
1300 3791 1503 3846 Verum
1530 3794 1621 3863 qui
1646 3803 1836 3847 carent
1859 3792 2033 3864 gratia

456 3900 647 3959 utpote
678 3889 885 3955 indigni
915 3886 1008 3956 qui
1042 3886 1272 3955 gratiam
1307 3886 1605 3955 accipiant,
1646 3886 1879 3951 donum,
1902 3901 2034 3957 ope-

455 3986 722 4037 rationem
756 3988 810 4034 et
849 3980 1079 4049 gratiam
1139 3975 1382 4046 Spiritus
1434 3976 1711 4046 t'cjieiunt,
1745 3979 1838 4049 qui
1886 3980 2034 4033 circa

456 4074 632 4129 lucem
665 4071 907 4126 tenebris
956 4068 1348 4133 obvolvuntur,
1387 4066 1617 4138 luceque
1686 4083 2033 4139 nequaquam

452 4174 704 4235 accepta,
763 4163 961 4218 divinze
1022 4161 1445 4214 illuminationis
1517 4158 1846 4214 suavitatem
1926 4175 2033 4215 non

451 4267 834 4331 gustaverunt.
900 4253 1057 4309 Unde
1113 4254 1287 4322 ignari
1338 4263 1707 4320 aspernantur
1772 4264 1825 4305 et
1880 4251 2036 4321 impii

456 4354 855 4419 blasphemant.
895 4344 1029 4410 Quis
1062 4345 1142 4397 eis
1191 4342 1457 4396 revelahit
1488 4343 1687 4395 divina:
1719 4342 1857 4396 lucis
1905 4358 2036 4396 sua-

2134 3138 2228 3186 καὶ
2262 3136 2321 3185 ὲν
2364 3133 2611 3203 εἱρκταῖς
2655 3132 2811 3196 ὄντες
2841 3135 2937 3185 καὶ
2970 3133 3141 3203 ζόφῳ,
3177 3133 3283 3185 ὑπὸ
3309 3130 3517 3209 ταύτης
3546 3147 3719 3201 παρε-

2132 3223 2397 3277 καλοῦντο
2427 3224 2527 3293 τῆς
2579 3225 2946 3295 λαμπηδόνος.
2978 3226 3093 3278 Kal
3119 3229 3146 3279 6
3179 3228 3363 3293 Δαϐὶδ,
3406 3247 3424 3279 ι
3464 3227 3617 3279 Κατά
3655 3229 3719 3281 τὸ

2133 3319 2336 3387 πλῆθος
2374 3318 2485 3371 τῶν
2526 3317 2731 3371 ὀδυνῶν
2786 3335 2892 3387 μου
2931 3319 2988 3369 ὲν
3039 3321 3104 3388 τῇ
3140 3318 3340 3389 καρδίᾳ
3369 3337 3494 3389 μου,
3524 3321 3579 3372 αἱ
3617 3336 3723 3372 πα-

2135 3408 2436 3480 ρακλήσεις
2478 3426 2571 3461 σου
2614 3406 2899 3477 εῦφραναν
2942 3408 3042 3479 τὴν
3094 3409 3274 3479 ψυχήν
3331 3428 3456 3478 μου,
3498 3428 3517 3461 r
3560 3410 3718 3481 φησί.

2136 3507 2240 3559 Kal
2269 3508 2319 3558 el
2350 3507 2408 3557 ὲν
2446 3505 2669 3574 Χριστῷ
2697 3503 2925 3571 ζῶντες,
2964 3504 3039 3569 ὠς
3080 3505 3315 3576 καθαροὶ
3339 3508 3435 3576 τὴν
3460 3506 3717 3577 καρδίαν,

2133 3616 2225 3651 τνν
2264 3597 2396 3651 Θεὸν
2425 3597 2742 3666 βλέπουσιν,
2776 3598 2875 3667 οὐχ
2921 3598 2996 3661 ὡς
3041 3599 3153 3667 ἔχει
3182 3599 3398 3667 φύσεως
3430 3599 3582 3668 (Θεῑν
3612 3600 3721 3670 γάρ

2133 3695 2316 3756 οὐδεὶς
2366 3695 2583 3764 ἑώρακε
2638 3690 2907 3759 πώποτε),
2939 3690 3076 3745 ἀλλὰ
3130 3692 3271 3745 κατά
3324 3694 3503 3763 χάριν.
3553 3694 3719 3765 Ὁρᾷς

2136 3790 2234 3858 τὴν
2294 3788 2481 3858 κοινὴν
2542 3788 2642 3857 τῆς
2695 3788 2925 3858 Τριάδες
2976 3789 3174 3857 χὰριν;
3237 3791 3645 3855 Ἐξαπέστειλεν
3692 3795 3720 3846 6

2137 3882 2269 3946 Θεὸς
2292 3884 2351 3935 τὸ
2380 3881 2603 3951 Πνεῦμα
2638 3881 2732 3935 τοῦ
2778 3883 2900 3934 Υἱοῦ
2933 3882 3121 3948 αὑτοῦ,
3165 3902 3183 3935 ι
3234 3885 3328 3938 Ἐκ
3362 3887 3456 3939 τοῦ
3498 3887 3721 3959 πληρώ-

2140 3978 2309 4045 ματος
2344 3976 2512 4029 αύτοῦ
2538 3977 2700 4044 ἡμεῖς
2741 3977 2940 4039 πάντες
2972 3976 3261 4047 ἐλάϐομεν.
3301 3997 3320 4029 ι
3363 3980 3470 4032 Kal
3499 3981 3551 4031 τί
3594 3981 3722 4034 ἑλά-

2138 4068 2345 4136 6ομεν;
2378 4068 2579 4139 δηλαδὴ
2603 4068 2700 4139 τὴν
2728 4071 2890 4139 χάριν
2922 4067 3016 4122 τοῦ
3052 4070 3389 4140 Πνεύματος,
3422 4072 3515 4125 καὶ
3558 4074 3723 4143 χάριν

2137 4163 2257 4216 ἀντὶ
2289 4161 2534 4231 χάριτος,
2565 4164 2659 4216 καὶ
2687 4162 2904 4233 ἐξέχεεν
2954 4165 3038 4233 ἐφ’
3068 4165 3214 4233 ἡμᾶς
3264 4165 3442 4235 (φησὶ)
3476 4167 3574 4238 τὴν
3613 4167 3725 4221 δω-

2143 4253 2270 4319 ρεὰν
2300 4252 2392 4304 τοῦ
2422 4253 2578 4320 ἁγίου
2640 4254 2980 4323 Πνεύμιτος.
3017 4256 3127 4325 58
3162 4255 3270 4310 Kal
3301 4258 3361 4311 ὲν
3405 4258 3555 4328 αύτῷ
3580 4263 3725 4329 κρά-

2141 4344 2327 4413 ζομεν,
2366 4342 2539 4399 Ἀδσᾶ
2588 4347 2615 4397 6
2658 4348 2873 4417 Πατήρ.
2918 4349 3059 4401 Λύτὸ
3094 4349 3151 4402 δὲ
3188 4351 3270 4416 τὸ,
3306 4351 3500 4415 ’Λ66ᾶ,
3537 4354 3725 4425 Πάτερ

456 4444 679 4495 vitalem
713 4436 806 4507 qui
837 4452 953 4489 eam
1001 4450 1107 4488 non
1151 4442 1530 4504 gustaret-unt,
1566 4433 1674 4485 imo
1727 4434 1818 4502 qui
1855 4443 2041 4487 errant

2144 4437 2314 4508 δηλοῖ.
2361 4439 2514 4491 Ἐπεὶ
2561 4441 2670 4493 υἱοὶ
2716 4441 3028 4510 γεγόναμεν
3074 4445 3280 4514 χάριτι.
3314 4444 3727 4518 Υίοθετήθημεν

456 4546 510 4587 et
537 4536 587 4585 in
612 4528 853 4584 tenebris
883 4526 1180 4591 dormiunt,
1203 4535 1396 4578 etcum
1426 4524 1730 4578 tenebrosis
1756 4533 1808 4576 et
1832 4523 2037 4592 iniquis

458 4621 799 4678 daeinontbus
851 4631 1274 4679 conversanzur,
1311 4617 1404 4684 qui
1461 4614 1747 4668 delicatam
1793 4616 2040 4669 mollem-

458 4732 567 4787 que
597 4714 759 4767 vitam
806 4710 1225 4778 concupiscunt,
1256 4722 1419 4775 atque
1445 4709 1590 4760 circa
1616 4706 2039 4777 contemplatio-

458 4826 580 4863 nem
624 4803 923 4859 visibilium
951 4800 1407 4869 mutabiliumque
1434 4810 1814 4853 creaturarum
1851 4800 2035 4853 inania

461 4900 785 4963 moliuntur,
821 4897 914 4965 qui
944 4893 1059 4948 fere
1090 4898 1392 4947 secundum
1446 4892 1666 4947 Graecos
1702 4896 2034 4957 iusensatos,

458 5002 723 5057 creatura:
760 4997 955 5058 praeter
1004 4984 1348 5047 Creatorem,
1399 4997 1560 5054 prout
1620 4986 1758 5038 dixit
1809 4983 2037 5048 Paulus,

460 5085 807 5149 inserviunt;
844 5082 1019 5151 pluris
1052 5080 1198 5134 enim
1239 5078 1422 5132 habita
1468 5086 1854 5132 creaturarum
1909 5094 2040 5132 cou-

459 5176 837 5246 templatione,
897 5173 1035 5227 nihil
1099 5171 1590 5225 dicunt-divinum
1646 5169 1771 5225 ﬁdei
1830 5171 2034 5235 inesse,

460 5269 556 5323 aed
612 5269 715 5321 soli
770 5266 1031 5320 vanitatis
1075 5264 1381 5333 cognitioni
1415 5264 1726 5327 conﬁdunt,
1761 5262 2039 5332 stulteque

460 5360 757 5427 epinantur
788 5358 923 5411 nihil
992 5372 1159 5427 supra
1209 5369 1454 5416 sensum,
1495 5365 1549 5407 et
1583 5366 1817 5409 mentem
1866 5355 2038 5410 homi-

461 5469 590 5506 num
627 5466 748 5505 esse
808 5452 1108 5503 amentium
1172 5463 1324 5502 more
1359 5448 1666 5500 datmonum
1700 5447 1793 5515 qui
1849 5446 2040 5515 procul

460 5545 670 5598 dismnt
715 5558 744 5595 a
786 5541 1125 5603 spiritalibus
1160 5540 1331 5595 radiis
1390 5551 1444 5595 et
1501 5539 1757 5595 inell‘abili
1793 5540 2044 5595 claritate

462 5635 580 5697 Dei,
611 5646 664 5689 et
698 5633 929 5705 proinde
963 5639 1224 5701 teguntur
1258 5632 1513 5703 caligine,
1546 5632 1835 5703 solumque
1884 5649 2038 5688 arro-

463 5734 652 5796 ganter
720 5736 770 5780 et
802 5725 965 5779 stulte
1000 5725 1143 5777 circa
1181 5738 1306 5776 aera
1369 5732 1422 5776 et
1476 5730 1680 5776 terram
1721 5732 2028 5779 versantur.

2145 4538 2255 4603 γάρ
2290 4536 2367 4606 τῷ
2403 4537 2575 4604 Πατρὶ
2610 4537 2698 4591 διά
2724 4537 2815 4589 τοῦ
2854 4539 3201 4608 Μονογενοῦς
3243 4544 3620 4613 σαρκωθέντυς
3665 4548 3728 4600 ἐν

2140 4627 2283 4696 ἁγίῳ
2315 4626 2616 4697 Πνεύματι.
2650 4629 2759 4681 Kal
2808 4629 2895 4683 διά
2944 4631 3163 4685 πάντων
3187 4632 3352 4700 οὕτω,
3383 4635 3482 4705 τῆς
3516 4653 3573 4689 τε
3612 4654 3726 4691 πα·

2140 4721 2300 4784 λαιᾶς
2333 4739 2477 4793 φημι
2508 4721 2658 4785 θείας
2690 4723 2935 4793 Γραφῆς,
2963 4726 3058 4778 καὶ
3089 4728 3187 4795 τῆς
3213 4727 3457 4797 χάριτος,
3486 4732 3553 4782 τὰ
3593 4732 3728 4801 περὶ

2139 4815 2239 4883 τῆς
2271 4815 2363 4867 τοῦ
2394 4815 2528 4867 Θεοῦ
2565 4817 2789 4885 χάριτος
2842 4822 3230 4887 μαρτυρεῖται.
3280 4823 3349 4873 Ἦ
3392 4823 3487 4875 καὶ
3519 4824 3729 4891 μᾶλλον

2137 4908 2270 4976 ἡμῖν
2298 4906 2387 4960 διὰ
2419 4908 2515 4976 τῆς
2546 4908 2639 4960 τοῦ
2674 4909 2850 4975 Λόγου
2884 4912 3199 4979 οἰκονομίας
3228 4914 3523 4982 ἐκχυθεῖσα
3562 4916 3733 4968 πλου-

2141 5000 2294 5061 σίως,
2326 4999 2506 5052 πάντα
2534 4998 2626 5052 τὸν
2652 4999 2857 5067 κόσμον
2882 5000 3274 5070 πεπλήρωκεν.
3314 5003 3597 5057 Ἐντεῦθεν
3628 5003 3728 5059 οὖν

2139 5092 2234 5143 καί
2272 5091 2303 5159 ἡ
2354 5092 2640 5160 οἰκονομία
2689 5094 2783 5144 τοῦ
2828 5092 3008 5159 Λόγου
3056 5094 3219 5163 χάρις
3259 5095 3722 5164 κατονομάζεται.

2152 5181 2291 5234 ’Λλλ’
2330 5184 2378 5233 οἱ
2409 5183 2507 5252 τῆς
2539 5185 2765 5253 χάριτος
2797 5185 3037 5255 ἄμοιροι,
3073 5186 3149 5247 ὠς
3174 5185 3386 5249 ἀνάξιοι
3419 5187 3519 5256 τὴν
3561 5188 3727 5258 χάριν

2140 5274 2346 5337 λαϐεῖν,
2388 5275 2643 5329 ἁθετοῦσι
2680 5276 2777 5346 τὴν
2816 5277 3028 5347 δωρεάν
3065 5281 3157 5331 καὶ
3186 5280 3283 5349 τὴν
3315 5281 3598 5349 ἐνέργειαν
3627 5283 3727 5334 καὶ

2140 5369 2299 5437 χάριν
2332 5368 2426 5420 τοῦ
2456 5368 2796 5438 Πνεύματος,
2837 5372 2885 5424 οἱ
2913 5371 3181 5423 σκοτεινοὶ
3215 5375 3343 5440 περὶ¹
3369 5373 3427 5423 τὸ
3460 5371 3598 5440 φῶς,
3630 5375 3728 5425 καὶ

2145 5455 2220 5526 μὴ
2267 5455 2525 5520 λαδόντες
2560 5458 2620 5510 τὸ
2665 5460 2802 5526 φῶς,
2837 5460 2933 5513 καὶ
2982 5460 3074 5513 τοῦ
3115 5461 3398 5531 φωτισμοῦ
3442 5462 3537 5531 τῆς
3574 5460 3728 5524 θείας

2141 5545 2479 5616 γλυκύτητος
2506 5549 2783 5617 ἄγευστοι.
2816 5550 2980 5604 Ὅθεν
3012 5553 3105 5605 καὶ
3131 5551 3421 5607 ἀπιστοῦσι
3460 5552 3534 5624 μὴ
3560 5553 3731 5619 ἐγνω-

2142 5636 2322 5702 κότες,
2354 5641 2444 5691 καὶ
2476 5639 2549 5703 ὡς
2576 5640 2835 5708 ἀντίθεοι,
2873 5641 3278 5712 βλασφημοῦσι.
3316 5645 3425 5699 Καὶ
3444 5645 3524 5706 τίς
3557 5646 3731 5712 ἀναγ-

2144 5728 2295 5795 γελεῖ
2325 5730 2505 5794 αὐτοῖς
2533 5732 2630 5800 τὴν
2659 5731 2976 5804 γλυκύτητα
3007 5735 3100 5786 τοῦ
3134 5733 3280 5789 θείου
3330 5735 3503 5804 φωτὸς
3541 5734 3614 5799 ὡς
3648 5736 3725 5805 μὴ
