4030 6204
466 269 567 332 371

1289 263 1668 326 SYMEONIS
1701 259 2461 323 THESSALONICENSIS
2501 258 2865 321 ARCHIEP.

3599 257 3702 320 1Ἷέ

470 385 616 436 enim
640 379 1088 452 quemadmodum
1112 379 1366 448 aperuisti
1385 387 1483 432 eta
1505 377 1708 432 sanctis
1725 375 2037 436 didicimus,
2069 424 2075 436 η

2162 381 2350 438 mora;
2380 376 2539 444 ἡμεῖς
2565 373 2672 441 γὰρ
2715 369 2916 438 (καθὼς
2950 367 3258 434 ἀπέδειξας,
3295 365 3390 418 καὶ
3417 368 3565 436 παρὰ
3593 371 3702 420 τῶν

469 473 738 528 inliuitam
769 471 989 542 quidem
1020 480 1076 524 et
1105 468 1704 539 incomprehensibilem
1738 468 1826 522 Dei
1885 479 2037 520 uatu-

2130 469 2307 535 ἁγίων
2342 463 2708 536 μανθάνομεν)
2749 465 2990 531 ἄληπτον
3046 463 3143 528 μὲν
3174 462 3265 513 καὶ
3308 461 3698 529 ἀκατάληπτον

471 581 585 618 ram
621 564 892 617 celebrare
925 561 1252 631 accepimus,
1312 561 1538 629 gratiam
1587 569 1764 612 autent
1816 558 1879 610 ad
1939 573 2038 612 nos

2162 557 2237 627 τὴν
2267 556 2416 610 θείαν
2446 556 2634 609 οὐσίαν
2663 553 2906 617 δοξάζειν
2939 551 3224 619 ἐλάϐομεν,
3255 550 3352 620 τὴν
3382 551 3447 603 ἑκ
3479 551 3577 616 τῆς
3604 550 3698 601 οὐ-

470 670 534 709 ex
563 664 754 709 natura
796 668 1066 708 emanare.
1097 652 1234 717 Quid
1287 665 1414 705 vero
1454 649 1541 705 isti
1595 650 1662 703 de
1705 650 1804 702 hac
1847 662 1902 701 re
1955 647 2040 701 di-

465 743 652 796 cunt?
1452 749 1462 754 “

544 847 811 914 ΡοηιὶΙεα.
849 845 1230 900 11ειιτριίοοτιιῐη
1249 841 1464 912 quidem
1499 841 1736 902 inventa,
1759 846 1940 907 utpote
1961 835 2040 890 di-

468 955 632 994 versa
667 948 720 993 et
741 937 1038 1006 impietatis
1074 937 1230 1002 plena
1270 931 1726 987 contemnendum
1780 940 1882 993 est,
1918 935 2045 981 sunt

473 1034 618 1085 enim
639 1029 864 1084 insulsa.
885 1025 1016 1080 Nam
1034 1027 1112 1078 vel
1144 1025 1308 1078 Deum
1325 1023 1512 1076 dicunt
1537 1021 1683 1074 nullo
1710 1021 1868 1076 modo
1887 1031 2044 1086 posse

478 1119 810 1188 participari.
840 1127 892 1171 et
915 1116 1136 1186 proinde
1167 1130 1216 1166 vn
1251 1113 1494 1182 ejusaem
1551 1111 1833 1165 sententia
1874 1109 2042 1162 Deum

475 1216 530 1266 in
561 1212 718 1266 “Ditis
751 1226 856 1263 non
887 1223 1005 1262 esse
1033 1205 1363 1275 praedicant;
1398 1203 1479 1256 vel
1519 1201 1565 1256 si
1601 1200 1910 1270 participari
1947 1213 2046 1266 po-

479 1312 603 1365 test,
665 1299 962 1355 secundum
1026 1309 1270 1352 naturam
1321 1298 1715 1352 communicari
1776 1303 2046 1356 asserunt,

477 1392 620 1446 unde
652 1390 873 1444 alteram
899 1389 1349 1451 incarnationem,
1391 1401 1581 1454 nempe
1638 1383 1924 1437 Trinitatis
1961 1381 2046 1434 iti-

469 1485 848 1538 -carnationem
875 1481 1195 1550 praedicant,
1226 1480 1368 1547 quod
1401 1479 1581 1530 nullus
1614 1491 1642 1529 a
1687 1475 1901 1530 saeculis
1953 1473 2049 1525 im-

474 1577 606 1646 pius
627 1577 888 1637 evomuit,
939 1573 1032 1627 Dei
1086 1588 1212 1624 vrro
1273 1573 1504 1640 gratiam
1559 1580 1611 1623 et
1661 1569 1957 1637 petentiam
2000 1577 2053 1620 et

480 1667 853 1737 operationctn
901 1665 964 1720 e'x
1001 1663 1119 1732 ejus
1165 1673 1356 1716 natura
1408 1660 1782 1728 proci-dentem
1806 1672 1901 1710 nec
1932 1670 2054 1710 esse

2141 648 2264 703 σίας
2310 647 2366 699 δὲ
2395 647 2554 716 χάριν
2595 645 2730 714 πρὸς
2777 645 2924 714 ἡμᾶς
2966 642 3244 713 ἔρχεσθαι.
3294 643 3416 702 Πῶς
3465 641 3520 693 δὲ
3555 641 3700 694 οῦτοι

2143 752 2209 786 πε
2219 737 2268 802 pl
2295 735 2486 786 τούτου
2525 735 2688 801 φασίν
2708 750 2722 798 ;

2228 824 2581 893 Ἀρχιερεύς.
2605 822 2687 876 Τὰ
2717 822 2814 892 μὲν
2839 821 2987 890 παρὰ
3017 821 3126 872 τῶν
3152 818 3460 888 αἱρετικῶν,
3481 820 3556 880 ὡς
3588 837 3682 872 ποι

2145 916 2273 970 κίλα
2328 916 2420 966 καὶ
2448 913 2763 974 δυσσεϐείας
2795 913 3096 982 ἀνάμεστα.
3137 914 3466 979 παροπτέον·
3504 914 3706 980 ἀνόητα

2147 1009 2286 1077 γάρ.
2324 1009 2391 1058 Ἣ
2426 1006 2534 1074 γὰρ
2585 1005 2886 1075 ἀμέθεκτον
2929 1005 3102 1072 πάντη
3139 1004 3272 1071 φασὶ
3311 1003 3400 1054 τὸν
3432 1003 3583 1068 Θεὸν,
3615 1005 3710 1056 καὶ

2147 1099 2237 1152 διὰ
2260 1095 2419 1149 τοῦτο
2450 1095 2572 1148 κατ’
2615 1095 2813 1156 αὐτοὺς
2847 1095 2978 1162 μηδὲ
3009 1091 3147 1146 εἶναι
3188 1096 3248 1145 ὲν
3285 1096 3415 1162 ἡμῖν
3448 1094 3538 1146 τὸν
3577 1095 3711 1148 Θεὸν

2147 1187 2600 1257 δογματίζουσιν·
2644 1186 2675 1256 ἢ
2729 1188 2887 1255 εἴπερ
2931 1186 3069 1238 ὄλω;
3125 1185 3434 1255 μετέχεται,
3489 1187 3709 1255 μετέχε-

2152 1279 2276 1333 σοαι
2306 1281 2426 1332 κατ’
2451 1278 2663 1332 οὐσίαν.
2701 1278 2861 1330 Ὂοεν
2906 1277 3098 1344 ἑτέραν
3147 1278 3422 1345 σάρκωσιν
3458 1277 3712 1345 δογματί-

2152 1369 2326 1434 ζουσι,
2361 1368 2454 1421 καὶ
2495 1369 2767 1436 σάρκωσιν
2805 1367 2902 1433 τῆς
2948 1366 3198 1434 Τριάδος,
3227 1367 3363 1434 ὅπερ
3401 1367 3575 1427 οὐδεὶς
3605 1367 3714 1417 τῶν

2155 1460 2248 1515 ἀπ’
2283 1461 2480 1522 αἰῶνος
2510 1450 2787 1511 δυσσεϐῶν
2816 1458 3162 1528 ὲξηρεύξατο.
3195 1457 3329 1508 Θεοῦ
3361 1457 3415 1510 δὲ
3440 1457 3597 1526 χάριν
3622 1459 3714 1510 καὶ

2153 1553 2382 1622 δύναμιν
2422 1553 2516 1605 καὶ
2551 1551 2829 1619 ἐνέργειαν
2857 1552 2920 1602 ὲκ
2945 1550 3044 1618 τῆς
3083 1549 3268 1609 οὐσίας
3299 1549 3592 1619 προϊοῦσαν
3617 1551 3714 1601 αὑ-

2155 1641 2249 1692 τοῦ
2278 1639 2398 1693 οὔτε
2431 1637 2599 1702 εἶναι,
2633 1640 2760 1692 οὔτε
2783 1640 3004 1692 δυνατὸν
3047 1632 3201 1692 εἶναι’
3236 1639 3406 1699 ἀθέως
3439 1639 3709 1705 λέγουσιν.

478 1774 653 1826 ireque
680 1770 839 1826 posse
861 1769 978 1809 esse
1010 1755 1172 1821 impie
1199 1760 1530 1805 asseverant.
1562 1747 1671 1803 Nos
1739 1758 1915 1801 autem
1961 1745 2047 1815 pie

2163 1731 2352 1801 Ἡμεῖς
2389 1732 2444 1784 δὲ
2474 1731 2712 1794 εὐσεϐῶς
2751 1731 2845 1783 καὶ
2870 1729 2968 1800 τὴν
2995 1729 3199 1798 Τριάδα
3231 1729 3335 1780 τῶν
3368 1727 3715 1780 ὑποστάσεων

480 1847 800 1900 Trinitatem
833 1859 1186 1912 personarum
1218 1843 1270 1895 in
1325 1857 1428 1894 una
1463 1841 1665 1894 Deitate
1693 1839 2044 1898 cmiiitemur,

478 1947 534 1991 ct
570 1937 738 1989 Deum
765 1952 928 1988 unum
953 1934 1270 1988 Trinitatem
1299 1933 1352 1985 in
1378 1947 1479 1985 una
1506 1931 1741 2000 potentia
1770 1937 1824 1983 et
1856 1943 2048 1996 Opera-

482 2030 649 2091 tione,
671 2041 723 2082 et
745 2040 928 2095 regno,
947 2035 997 2079 et
1023 2026 1194 2093 gratia
1218 2023 1299 2091 pie
1327 2023 1700 2092 praedicamus,
1721 2035 1929 2074 necnon
1959 2033 2051 2071 na-

482 2126 658 2171 turam
691 2133 720 2184 q
733 2116 910 2170 uident
931 2114 1152 2169 omnino
1174 2113 1493 2167 invisibilem
1534 2127 1873 2181 nequaquam
1896 2123 2050 2178 posse

480 2209 645 2264 nobis
686 2218 740 2264 et
797 2209 942 2262 omni
973 2215 1240 2261 creaturae
1282 2205 1668 2259 communicari
1706 2203 2048 2264 conﬁtemur,

475 2295 940 2364 (quemadmodum
989 2296 1125 2352 dixit
1175 2295 1546 2362 Unigenitus:
1613 2312 1630 2344 ι
1677 2292 1838 2345 Deum
1893 2304 2053 2347 nemo

481 2384 618 2437 vidit
649 2399 906 2453 unquam,
939 2403 954 2434 ι
985 2383 1128 2452 quod
1159 2381 1567 2450 intelligendum
1628 2391 1709 2434 est
1749 2379 2046 2434 secundum

479 2485 760 2530 naturam.
837 2474 958 2528 Ideo
983 2473 1153 2544 Moysi
1179 2473 1314 2527 dixit
1347 2491 1361 2525 :
1393 2491 1411 2523 ι
1445 2471 1559 2524 Νοη
1628 2472 1828 2525 videbit
1893 2471 2054 2524 homo

489 2563 681 2617 iaciem
712 2578 908 2630 meam,
948 2573 1004 2618 et
1036 2564 1183 2618 vivet
1215 2579 1230 2628 ;
1263 2581 1282 2614 ι
1338 2563 1563 2632 gloriam
1619 2572 1799 2615 autem
1859 2561 1978 2630 ejus
2000 2569 2051 2614 et

481 2655 797 2707 claritatem
831 2669 952 2722 qua:
975 2669 1038 2707 ex
1071 2663 1264 2706 natura
1319 2653 1616 2717 derivatur,
1679 2667 1886 2706 necnon
1931 2665 2055 2720 gra-

479 2742 617 2796 siatn
644 2748 694 2796 et
726 2751 1052 2812 potestatem
1083 2757 1178 2810 pro
1213 2743 1426 2796 viribus
1460 2743 1645 2797 videre
1710 2752 1762 2794 et
1811 2742 2056 2810 accipere

477 2833 762 2888 credimus
793 2849 810 2899 ;
850 2833 991 2887 unde
1017 2833 1255 2889 visiones
1279 2837 1689 2903 prophetarum,
1744 2834 2059 2901 sanctisque

485 2930 626 2978 datae
656 2924 1099 2989 illuminationes,
1126 2933 1180 2980 et
1212 2925 1263 2978 in
1318 2924 1452 2994 ipsis
1501 2925 1911 2987 illustrationes,
1959 2924 2060 2976 mi-

483 3016 839 3070 nistrationes
869 3024 921 3069 ct
951 3009 1301 3082 dperationes
1372 3014 1658 3074 virtutum,
1706 3015 2056 3081 divitiamquc

486 3107 715 3176 gratiam
741 3121 845 3158 non
884 3113 1133 3158 naturam
1159 3120 1350 3159 omnes
1374 3103 1674 3172 accipimus
1697 3120 1710 3168 ;
1737 3105 1911 3158 solum
1930 3119 2058 3158 vero

490 3196 732 3247 divinum
764 3194 897 3248 illud
921 3204 1256 3262 assumptum
1290 3193 1631 3263 liypostatice
1691 3190 1865 3246 Verbo
1930 3193 2064 3246 adu-‘
2103 3231 2119 3246 .

493 3295 681 3340 natum
706 3301 826 3340 esse
845 3286 1136 3351 credimus,
1167 3293 1223 3340 ut
1250 3301 1348 3340 nos
1369 3300 1462 3354 per
1488 3284 1638 3348 illud,
1663 3297 1924 3354 quantum
1950 3285 2062 3340 iieri

494 3387 696 3446 potest,
729 3377 820 3430 Dei
849 3383 1136 3430 consortes
1158 3375 1351 3430 simus.
1389 3375 1585 3430 Verum
1643 3375 1697 3427 in
1754 3375 1848 3426 illo
1894 3376 2066 3443 parti-

491 3473 738 3537 cipamus
768 3469 1018 3538 gratiam,
1051 3481 1172 3520 cum
1198 3465 1252 3519 in
1284 3465 1401 3544 ipso
1429 3467 1500 3520 sit
1535 3465 1714 3518 omnis
1782 3464 2065 3532 plenitudo

494 3559 796 3611 divinitatis
827 3557 1208 3626 corporaliter,
1245 3570 1364 3624 qua:
1398 3556 1451 3608 in
1484 3571 1551 3609 eo
1578 3555 1868 3618 inhabitat,
1897 3564 2058 3622 prout

491 3647 682 3702 docuit
713 3649 929 3702 Paulus
983 3647 1176 3702 dicens
1215 3665 1230 3700 :
1297 3666 1315 3697 ι
1349 3644 1616 3712 Quoniam
1651 3647 1702 3696 in
1738 3659 1802 3698 co
1852 3643 2066 3697 inhabi-

487 3740 778 3794 atatoinnis
803 3738 1082 3806 plenitudo
1137 3737 1442 3791 divinitatis
1489 3738 1894 3804 corporaliter»
1955 3750 2060 3788 non

495 3845 745 3900 persona:
775 3831 1050 3900 Spiritus;
1084 3845 1208 3883 nam
1240 3845 1406 3883 unum
1444 3827 1720 3881 Trinitatis
1781 3828 2064 3894 solumque

497 3919 740 3976 Verbum
770 3923 1112 3976 iucarnatum
1139 3929 1248 3982 est,
1283 3930 1338 3973 ct
1359 3919 1472 3972 sola
1499 3919 1616 3988 ejus
1643 3918 1954 3972 humanitas
1980 3917 2065 3968 di-

499 4014 887 4082 vina-persona
921 4011 1162 4082 perfecta
1197 4020 1281 4066 est
1311 4020 1365 4065 et
1394 4012 1459 4065 ad
1486 4009 1726 4063 divinam
1749 4008 2064 4077 dignitatem

497 4105 730 4170 elevata,
762 4111 947 4174 utpote
974 4102 1073 4174 ipsi
1109 4110 1280 4166 arcte,
1315 4101 1716 4179 indivisibiliter
1773 4111 1827 4153 et
1879 4099 2069 4152 incon-

496 4193 796 4248 -fusibiliter
821 4193 1137 4262 conjuncta,
1168 4193 1497 4262 propriaque
1519 4191 1636 4260 cjtts
1666 4189 1882 4244 eﬂ'ecta.
1923 4189 2068 4254 Qua-

503 4293 723 4352 propter
755 4280 1078 4337 donumDei
1107 4293 1163 4335 et
1191 4283 1417 4349 gratiam
1437 4280 1504 4331 alt
1537 4294 1602 4332 eo
1658 4277 2065 4348 procedentem,

2149 1823 2206 1874 ὲν
2240 1825 2339 1892 μιᾷ
2375 1822 2598 1893 Θεότητι
2653 1821 3149 1890 καθομολογοῦμεν,
3186 1820 3280 1872 καὶ
3312 1819 3444 1871 Θεὸν
3484 1819 3579 1871 ἕνα
3608 1821 3708 1886 τὴν

2149 1913 2353 1984 Τριάδα
2383 1913 2440 1964 ἐν
2476 1915 2577 1983 μιᾷ
2622 1912 2848 1982 δυνάμει
2900 1912 2993 1965 καὶ
3031 1911 3300 1980 ἐνεργείᾳ,
3337 1913 3429 1964 καὶ
3466 1909 3713 1978 βασιλεία

2149 2009 2244 2060 καὶ
2274 2004 2457 2075 χάριτι
2483 2003 2823 2075 κηρύττομεν
2848 2003 3087 2065 εὐσεϐῶς
3114 2017 3129 2032 °
3162 2003 3257 2056 καὶ
3281 2003 3378 2072 τὴν
3411 2004 3508 2070 μὲν
3530 2003 3718 2054 οὐσίαν

2148 2097 2381 2166 ἀόρατόν
2412 2112 2472 2147 τε
2526 2101 2702 2163 πάντη
2743 2094 2844 2145 παὶ
2891 2093 3198 2162 άμέθεκτον
3237 2091 3715 2160 καθομολογοῦμεν

2148 2189 2280 2257 ἡμῖν
2299 2205 2358 2240 τε
2379 2187 2473 2241 καὶ
2491 2188 2637 2256 πάσῃ
2655 2189 2718 2255 τῇ
2747 2185 2942 2250 κτίσει,
2961 2186 3035 2248 ὡς
3064 2187 3158 2238 καὶ
3179 2187 3205 2236 6
3227 2185 3536 2252 Μονογενής
3565 2200 3720 2251 φησι,

2157 2296 2176 2330 ι
2216 2279 2348 2330 Θεὸν
2376 2278 2549 2339 οὐδεὶς
2579 2278 2791 2345 ἑώρακε
2840 2277 3086 2328 πώποτε.
3119 2295 3137 2326 ι
3188 2275 3276 2338 Ὠς
3307 2271 3420 2326 ἔστι
3455 2273 3720 2343 δηλονότι,

2150 2373 2240 2423 καὶ
2279 2370 2400 2422 κατ’
2446 2369 2654 2422 οὐσίαν.
2707 2369 2858 2421 Ἐπεὶ
2902 2370 2995 2422 καὶ
3029 2370 3105 2438 τῷ
3148 2369 3371 2422 Μωῦσεῖ
3415 2368 3542 2437 ἔφη,
3583 2387 3600 2418 ι
3643 2367 3719 2420 Οὐ

2155 2461 2230 2530 μὴ
2269 2461 2368 2513 ῐδοι
2405 2461 2689 2531 ἄνθρωπος
2717 2460 2776 2512 τὸ
2807 2461 3097 2529 πρόσωπόν
3136 2477 3239 2527 μου
3282 2461 3377 2512 καὶ
3410 2458 3653 2530 ζήσεται.
3697 2477 3715 2511 ι

2153 2553 2266 2620 Τὴν
2289 2552 2347 2604 δὲ
2376 2551 2531 2615 δόξαν
2556 2551 2722 2604 αὐτοῦ
2754 2552 2848 2603 καὶ
2877 2550 3238 2618 λαμπρότητα
3264 2549 3362 2620 τὴν
3407 2551 3470 2602 ὲκ
3509 2550 3722 2617 τῆςρῦ-

2155 2641 2275 2704 σίας
2307 2643 2401 2694 καὶ
2455 2642 2615 2712 χάριν
2664 2643 2760 2694 καὶ
2803 2642 3035 2709 δύναμιν
3071 2642 3202 2710 ὁρᾷν
3252 2640 3325 2703 ὼς
3365 2641 3588 2694 δυνατὸν
3627 2642 3722 2693 καὶ

2153 2733 2454 2799 λαμϐάνειν
2501 2733 2858 2802 πιστεύομεν,
2905 2734 2997 2785 καὶ
3039 2732 3176 2784 κατὰ
3206 2731 3363 2784 τοῦτο
3408 2731 3464 2784 αἱ
3499 2732 3720 2799 ὁράσεις

2155 2825 2264 2877 τῶν
2322 2825 2637 2894 προφητῶν,
2693 2824 2790 2877 καὶ
2838 2825 2893 2877 αἱ
2945 2822 3314 2892 φωτοφάνειαι
3362 2824 3476 2884 τοῖς
3522 2822 3718 2888 ἁγίοις,

2158 2916 2254 2968 καὶ
2281 2914 2576 2984 ὲλλάμψεις
2608 2916 2664 2967 αἱ
2695 2915 2752 2965 ἐν
2783 2915 2989 2976 αὐτοῖς,
3019 2915 3112 2966 καὶ
3139 2915 3196 2966 αι
3219 2913 3505 2976 διακονίαι,
3541 2915 3634 2966 καὶ
3657 2913 3722 2965 τὰ

2158 3011 2505 3079 ἐνεργήματα
2533 3011 2642 3061 τῶν
2670 3009 2970 3077 δυνάμεων,
2989 3008 3081 3061 καὶ
3113 3008 3270 3077 χάριν
3298 3007 3472 3074 Θείαν,
3499 3008 3598 3058 οὐκ
3631 3007 3725 3058 οὐ-

2168 3101 2307 3163 σίαν,
2345 3103 2542 3162 πάντες
2581 3100 2952 3170 λαμϐάνομεν,
2987 3102 3145 3167 μόνον
3187 3100 3243 3152 δὲ
3275 3098 3334 3151 τὸ
3381 3099 3521 3151 Θεῖον
3552 3100 3728 3150 ἐκεῖνο

2167 3192 2502 3262 πρόσλημμα
2554 3192 2932 3252 ὑποστατικῶς
2993 3191 3261 3256 ἐνωθῆναι
3305 3189 3383 3258 τῷ
3429 3189 3588 3258 Λόγῳ
3635 3208 3724 3240 πι-

2166 3284 2451 3352 στεύομεν,
2481 3283 2567 3336 ἵνα
2605 3282 2671 3335 δι’
2711 3285 2924 3335 ἐκείνου
2957 3281 3033 3344 ὡς
3061 3283 3283 3334 δυνατὸν
3310 3284 3728 3350 κοινωνήσωμτν

2165 3376 2324 3444 ἡμεῖς
2358 3373 2451 3426 τοῦ
2483 3372 2640 3428 Θεοῦ.
2679 3373 3061 3440 Κοινωνοῦμεν
3100 3373 3158 3426 δὲ
3190 3373 3290 3440 τῆς
3325 3375 3382 3425 ὲν
3406 3373 3597 3441 ἐκείνῳ
3627 3373 3727 3439 χά-

2169 3479 2336 3534 ριτος,
2371 3461 2465 3515 τοῦ
2497 3461 2864 3532 πληρώματος
2898 3462 3098 3524 παντὸς
3129 3463 3188 3515 ὲν
3224 3460 3372 3531 αὐτῷ
3403 3463 3502 3530 τῆς
3529 3461 3729 3529 Θεότη-

2165 3571 2254 3615 τος
2303 3554 2630 3620 σωματικῶς
2659 3552 2831 3616 ὄντος,
2882 3552 3019 3622 ὅπερ
3056 3555 3114 3604 ὲν
3153 3552 3332 3621 ἑαυτῷ
3382 3550 3726 3620 κατῴκησεν,

2167 3644 2356 3713 ὦτπερ
2381 3644 2408 3694 6
2442 3643 2650 3707 Παῦλος
2693 3660 2859 3713 φησιν
2896 3643 2976 3696 ὅτι
3016 3645 3072 3696 ὲν
3119 3644 3270 3710 αὐτῷ
3300 3641 3588 3712 κατῴκησε
3621 3642 3730 3693 πᾶν

2167 3735 2227 3786 τὸ
2263 3734 2534 3803 πλήρωμα
2573 3735 2670 3800 τῆς
2703 3733 2970 3804 Θεότητος
3011 3733 3336 3802 σωματικῶς
3369 3732 3430 3784 οὐ
3475 3732 3571 3798 τῆς
3603 3733 3732 3783 ὐπο-

2171 3825 2412 3886 στάσεως
2461 3823 2554 3876 τοῦ
2615 3824 2953 3893 Πνεύματος.
2985 3825 3107 3876 Ὅτι
3158 3825 3185 3876 6
3221 3816 3302 3884 εἷς
3354 3823 3452 3890 τῆς
3500 3822 3727 3890 Τριάδος

2168 3917 2261 3969 καὶ
2316 3916 2476 3985 μόνος
2504 3918 2530 3969 6
2577 3917 2748 3982 Λόγος
2801 3917 3168 3982 σεσάρκωται.
3221 3915 3328 3967 Kal
3375 3914 3533 3981 μόνον
3582 3914 3727 3965 ὲκεί-

2168 4025 2260 4060 νου
2333 4008 2394 4060 τὺ
2445 4006 2788 4076 ἀνθρώπινον
2830 4006 3224 4060 θεούπὸστατόν
3281 4007 3400 4058 ἐστι
3460 4006 3553 4057 καὶ
3601 4004 3731 4073 ὁμό-

2169 4099 2310 4162 θεον,
2367 4097 2442 4160 ὡς
2483 4099 2758 4167 ἡνωμένον
2821 4098 3003 4166 ἄκρως
3063 4111 3211 4166 αυτῳ
3266 4097 3584 4166 ἀδιαιρέτως
3639 4099 3730 4147 καὶ
3783 4131 3799 4143 .

2170 4188 2509 4262 ἀσυγχύτως,
2561 4189 2654 4241 καὶ
2689 4188 2821 4240 ἴδιον
2868 4187 3032 4240 αὐτοῦ
3078 4188 3323 4255 γεγονός.
3361 4187 3452 4238 Διὸ
3490 4185 3586 4237 καὶ
3633 4186 3730 4254 τῆς

2171 4275 2377 4343 δωρεᾶς
2408 4275 2502 4351 τοῦ
2532 4276 2667 4328 Θεοῦ
2717 4277 2809 4327 καὶ
2849 4275 3067 4345 χάριτος
3104 4273 3434 4342 πιστεύομεν
3487 4273 3735 4342 μετέχειν

499 4373 828 4439 participare
857 4369 1154 4431 credimus,
1189 4381 1296 4420 non
1337 4377 1515 4420 autem
1539 4366 1656 4433 ejus
1687 4373 1963 4442 naturain,
1993 4364 2065 4418 si-

2173 4365 2470 4430 προϊούσης
2508 4362 2567 4426 ἐξ
2599 4363 2790 4429 αὐτοῦ,
2835 4364 2897 4416 οὐ
2926 4363 3026 4431 τῆς
3069 4363 3277 4426 οὐσίας,
3309 4362 3383 4418 ὡς
3422 4361 3472 4413 oi
3502 4362 3736 4414 Μασσαο

506 4459 619 4511 cuti
647 4457 800 4525 impii
820 4457 1102 4510 somniant
1149 4455 1457 4510 Massaliani
1489 4463 1542 4508 et
1593 4454 1874 4521 Bogomili,
1896 4455 2056 4522 cujus

501 4548 664 4602 testis
688 4562 760 4602 cst
781 4549 872 4619 qui
893 4562 1057 4618 supra
1074 4547 1544 4618 divinumpectus
1566 4549 1914 4608 recumbens,
1941 4547 2066 4600 inde

505 4637 1091 4709 copiosanitheologia:
1121 4640 1356 4710 gratiam
1410 4639 1640 4707 accepit,
1703 4638 1962 4706 solusque
2023 4637 2070 4692 is

501 4737 590 4782 est
617 4729 705 4796 qui
739 4727 1119 4782 testimonium
1174 4726 1386 4793 reddat,
1419 4726 1547 4796 quia
1583 4741 1768 4780 verum
1796 4735 1882 4780 est
1913 4726 2070 4781 testi-

508 4818 752 4872 monium
779 4818 922 4887 ejus,
964 4834 984 4868 ι
1023 4825 1077 4871 et
1097 4817 1189 4871 ille
1223 4817 1328 4872 scit
1353 4826 1612 4886 tanquam
1637 4817 1882 4872 veritatis
1906 4816 2074 4872 disci-

501 4911 669 4979 pulus
718 4907 975 4978 quoniam
1029 4922 1157 4962 vera
1218 4906 1374 4974 dicit,
1399 4917 1458 4962 ut
1480 4923 1580 4963 nos
1626 4909 1939 4963 credamus.
1977 4907 2074 4960 llic

507 5001 729 5071 quidem
781 5002 849 5055 de
928 4998 1113 5054 divina
1191 5004 1386 5053 natura
1470 5000 1543 5054 ita
1611 4999 1790 5054 dixit:
1859 5000 2071 5052 «Deum

515 5109 676 5147 nemo
726 5093 861 5147 vidit
913 5107 1152 5162 unquam
1205 5107 1220 5144 :
1263 5109 1281 5140 ι
1331 5099 1385 5145 et
1439 5099 1633 5145 testem
1697 5089 1920 5144 adduxit
1969 5089 2074 5143 Do-

510 5187 721 5240 mitium
789 5185 980 5239 dicens
1045 5201 1064 5234 ι
1104 5180 1431 5252 Unigenitus
1519 5183 1695 5237 Filius
1749 5184 1838 5252 qui
1897 5193 1978 5236 est
2021 5185 2073 5235 in

511 5277 635 5330 sinu
666 5273 1006 5343 Patris,ipsc
1037 5273 1311 5327 enarravit
1349 5289 1367 5321 ι
1416 5271 1510 5324 sed
1568 5272 1634 5325 de
1687 5271 1856 5340 glot-ia
1895 5273 2010 5340 ejus
2061 5291 2074 5326 :

521 5384 541 5415 ι
579 5373 630 5417 ct
659 5366 897 5418 vidimus
935 5366 1165 5435 gloriam
1199 5365 1318 5431 ejus
1350 5381 1368 5413 ι
1407 5375 1462 5417 et
1501 5379 1564 5416 ne
1598 5364 1720 5430 quis
1761 5363 1906 5417 diost
1954 5378 2077 5417 eum

515 5453 584 5507 de
614 5453 981 5507 incarnatione
1005 5455 1115 5508 S‘tl'd
1151 5451 1549 5520 limeproferre,
1583 5451 1760 5504 addit:
1797 5469 1815 5501 ι
1838 5452 2077 5514 Gloriam

511 5541 674 5613 quasi
712 5539 987 5612 Unigcniti
1018 5558 1046 5593 a
1076 5543 1232 5596 l’atre
1268 5560 1281 5596 :
1321 5560 1340 5592 ι
1380 5550 1432 5594 et
1467 5557 1530 5594 ne
1556 5541 1678 5609 quis
1716 5551 1962 5595 naturam
1999 5543 2081 5594 di-

517 5634 766 5687 s'initatis
801 5633 963 5694 dicat,
997 5647 1208 5685 rursum
1242 5630 1519 5700 loquitur:
1551 5649 1569 5681 ι
1614 5630 1834 5684 l’icnu.n
1894 5634 2082 5700 gratia

2149 4454 2334 4506 -λιανοί
2389 4454 2681 4524 φρονοῦσιν
2709 4455 2758 4506 οἱ
2807 4453 3088 4517 δυσσεϐεῖς
3143 4455 3237 4506 κα)⁸
3276 4453 3584 4520 Βογόμιλοι.
3631 4453 3752 4504 Kal

2170 4543 2361 4596 τούτου
2391 4543 2597 4614 μάρτυς
2622 4547 2649 4596 6
2683 4545 2775 4596 ἐπὶ
2812 4545 2872 4596 τὸ
2910 4544 3050 4596 Θεῖον
3080 4543 3276 4612 στῆθος
3307 4541 3510 4607 πεσὼν,
3550 4544 3739 4595 κάκεῖ·

2173 4635 2264 4689 θεν
2293 4634 2492 4704 δαψιλῆ
2516 4637 2616 4704 τὴν
2644 4634 2742 4703 τῆς
2772 4634 3053 4700 θεολογίας
3086 4635 3248 4704 χάριν
3275 4633 3587 4702 δεξάμενος.
3631 4634 3739 4684 Καὶ

2174 4726 2355 4788 ίκανδς
2387 4719 2540 4787 οὗτος
2588 4726 2724 4796 πρὸς
2771 4725 3078 4795 μαρτυρίαν
3138 4726 3233 4776 καὶ
3287 4725 3464 4792 μόνος,
3515 4724 3600 4775 ὅτι
3646 4723 3739 4774 καὶ

2175 4815 2389 4885 ἀληθὴς
2415 4818 2448 4885 ἡ
2480 4817 2758 4886 μαρτυρία
2789 4815 2976 4878 αὐτοῦ,
3005 4815 3258 4876 κάκεῖνος
3287 4808 3427 4865 οἶδεν
3451 4814 3533 4865 ὄτι
3559 4812 3739 4880 άληθῆ

2174 4907 2347 4974 λέγει,
2379 4907 2464 4959 ἶνα
2495 4907 2652 4975 ἡμεῖς
2686 4904 3088 4972 πιστεύσωμεν,
3120 4903 3220 4971 τῆς
3247 4903 3502 4972 ἀληθείας
3533 4901 3608 4954 ῶν
3638 4919 3743 4970 μα-

2173 4996 2366 5066 θητής.
2402 4992 2571 5059 Οὗτος
2597 4999 2724 5066 περὶ
2761 4996 2859 5065 μὲν
2881 4995 2978 5063 τῆς
3011 4994 3161 5055 θείας
3179 4995 3365 5055 οὐσίας
3393 4993 3536 5045 οὕτω
3567 4993 3701 5062 φησί
3722 5009 3736 5023 ο

2185 5101 2203 5134 ι
2246 5083 2380 5135 Θεὸν
2431 5083 2606 5145 οὐδεὶς
2664 5082 2879 5151 ἑώρακε
2929 5083 3187 5135 πώποτε·
3245 5101 3264 5134 ι
3316 5083 3427 5135 Kal
3482 5082 3743 5151 μάρτυρα

2180 5173 2507 5241 παρεισάγει
2539 5175 2630 5225 τὸν
2665 5173 2887 5242 Κύριον,
2915 5174 3105 5239 λέγων,
3139 5191 3157 5225 ι
3201 5173 3263 5226 '0
3292 5174 3583 5243 μονογενὴς
3618 5173 3742 5235 Υἱδς

2181 5267 2207 5316 6
2241 5263 2315 5316 ὣν
2363 5266 2439 5322 είς
2475 5264 2563 5315 τὶν
2606 5264 2802 5315 κόλπον
2854 5263 2946 5316 τοῦ
3004 5265 3235 5332 Πατρὸς,
3299 5266 3500 5325 ἐκεῖνος
3541 5264 3743 5331 ἐξηγή-

2184 5373 2333 5408 σατο,
2379 5374 2396 5405 ι
2434 5355 2566 5424 Περὶ
2601 5355 2659 5406 δὲ
2701 5355 2796 5423 τῆς
2829 5357 3051 5424 χάριτος
3090 5354 3276 5418 αὐτοῦ,
3322 5375 3338 5404 ι
3383 5353 3486 5407 Kal
3519 5355 3744 5406 ἐθεασά-

2187 5447 2325 5516 μεθα
2359 5446 2457 5516 τὴν
2501 5446 2658 5509 δόξαν
2700 5446 2887 5499 αὐτοῦ.
2929 5465 2946 5497 ι
2986 5447 3092 5499 Kal
3136 5446 3223 5498 ἵνα
3264 5449 3336 5516 μὴ
3377 5463 3456 5506 τις
3504 5447 3636 5514 εῖπῃ
3679 5444 3746 5498 τὰ

2190 5539 2316 5608 περὶ
2346 5540 2445 5606 τῆς
2479 5537 2808 5606 σαρκώσεως
2839 5540 2997 5604 μόνον
3031 5539 3233 5605 λέγειν,
3264 5541 3481 5605 ἐπάγει,
3524 5555 3540 5588 t
3577 5537 3746 5599 Δόξαν

2185 5631 2257 5695 ὼ,
2290 5630 2629 5697 Μονογενούς
2657 5634 2806 5697 παρὰ
2833 5631 3063 5696 Πατρός.
3099 5649 3116 5680 ι
3157 5632 3264 5684 Καὶ
3297 5631 3386 5683 ἵνα
3431 5630 3504 5695 μή
3539 5646 3622 5692 τις
3650 5629 3747 5692 τὴν
