4040 6202
430 402 536 474 ΠΕ)

1267 403 1649 471 SYMEONIS
1687 406 2436 478 THESSALONICENSIS
2479 408 2840 472 ARCHIEP.

3591 402 3693 471 180

427 518 548 580 Iiori
573 526 849 598 principes
883 541 978 597 per
1003 528 1368 584 sacerdotium
1406 529 1663 592 instituit,
1696 528 1818 582 ideo
1871 527 2007 581 dixit
2038 556 2048 585 ι

2127 541 2222 589 ρος,
2289 525 2454 578 πάλιν
2512 527 2572 578 ἐν
2623 525 2701 595 τῷ
2761 525 2984 599 παρόντι
3040 524 3366 597 κρειττόνως
3425 524 3696 594 ἄρχοντας

427 609 634 675 David:
670 637 690 671 ι
719 618 1034 676 Constitues
1095 636 1191 676 eos
1237 622 1513 692 principes
1562 635 1729 689 super
1782 633 2000 676 onmem

425 710 624 764 terram
651 729 672 763 ι
708 709 830 766 οωιὶ
855 711 1000 767 enim
1041 711 1220 768 claves
1251 711 1410 769 nobis
1441 712 1685 768 tradidit.

938 979 1170 1043 CAPUT
1213 979 1501 1044 XXXVIII.

977 1079 1055 1134 De
1081 1081 1446 1136 matrimonio.

499 1159 907 1225 Matrimonium
974 1171 1178 1226 donum
1202 1182 1282 1228 est
1315 1173 1403 1226 Dei
1437 1183 1657 1243 propter
1698 1174 2008 1245 generatio-

429 1266 554 1314 tt'm
590 1261 887 1317 liberorum
925 1263 1281 1333 indulgentis,
1311 1266 1487 1320 donec
1530 1267 1633 1322 IiOC
1690 1270 2006 1324 universum

408 1358 552 1416 Irbm
609 1354 962 1420 corruptione
1013 1359 1374 1425 permanebit.
1431 1357 1548 1413 Non
1603 1361 1747 1413 enim
1798 1363 2010 1417 volebat

431 1432 576 1498 Deus
601 1445 888 1500 animalem
921 1447 970 1500 in
993 1447 1146 1501 nobis
1174 1459 1228 1502 ct
1280 1450 1492 1504 semine
1551 1451 1828 1507 sordidam
1886 1469 2009 1508 esse

431 1540 855 1602 poneretlouem,
876 1540 968 1593 sed
1005 1542 1130 1607 quia
1167 1541 1396 1596 libentur
1446 1545 1642 1598 mortui
1694 1560 1903 1608 sumus,
1929 1543 2012 1600 di-

431 1628 579 1683 misit
636 1632 853 1698 generis
897 1631 1245 1686 traditionem
1276 1634 1420 1687 sicut
1452 1644 1506 1688 et
1567 1637 1620 1688 in
1683 1637 2010 1692 animalibus

431 1721 669 1789 ope-rari,
699 1729 754 1774 ut
792 1738 1188 1792 cognost-amus
1220 1727 1345 1794 quia
1377 1728 1617 1796 depressi
1665 1729 2012 1784 descenderi-

432 1822 577 1878 tutts,
613 1815 916 1882 usquedum
959 1826 1259 1886 resurgeret
1287 1824 1340 1870 et
1370 1828 1596 1873 mortem
1647 1821 1890 1876 vinceret
1915 1822 2006 1892 qui
2047 1857 2088 1915 Β

432 1909 629 1956 ttatnra
668 1915 719 1958 et
757 1901 1105 1967 immortalis.
1135 1922 1230 1974 pro
1267 1903 1423 1960 nobis
1457 1919 1706 1965 mortuus
1739 1919 1790 1964 et
1829 1927 2013 1966 resur-

433 2006 587 2059 gens.
650 1989 860 2051 Idcirco
932 1997 1044 2065 ipse
1107 1986 1514 2053 matrimoni'ttm
1579 1997 1895 2067 benedixit,
1957 2012 2016 2058 ut

433 2075 817 2143 benedictione
847 2107 953 2144 ttou
991 2103 1180 2145 careat
1232 2094 1354 2146 vitae
1389 2103 1588 2148 nostra:
1625 2098 1977 2167 principium.

967 2182 1198 2240 CAPUT
1235 2181 1480 2242 XXXIX.

1003 2270 1080 2326 De
1102 2279 1432 2342 paenitentia.

510 2352 832 2412 Pmutitetitia
876 2373 974 2417 nos
999 2379 1025 2415 τι
1062 2366 1209 2428 lapsu
1257 2377 1470 2421 rursum
1503 2366 1682 2439 erigit.
1743 2368 2012 2437 Quoniam

441 2459 562 2518 post
587 2452 911 2520 baptismum
946 2457 1048 2508 alia
1071 2473 1175 2510 non
1197 2459 1365 2512 estad
1391 2461 1620 2528 gratiam
1651 2473 1701 2517 et
1727 2465 1861 2516 dona
1892 2465 2016 2534 Spi-

439 2541 582 2597 ritus
616 2547 888 2600 revocat'o
911 2547 1026 2601 sine
1059 2550 1218 2603 luctis
1246 2563 1295 2604 et
1322 2551 1620 2619 laboribus,
1643 2556 1743 2609 nisi
1773 2573 1866 2623 per
1888 2573 2018 2611 con-

441 2635 747 2690 wr-imtem
781 2644 833 2691 et
885 2640 1174 2711 lacrymus,
1202 2658 1412 2699 necnon
1463 2661 1558 2716 per
1581 2647 2014 2704 coottfcssioncln

440 2734 785 2794 raucatorum
813 2737 867 2783 et
896 2731 1280 2788 abstinentiam
1307 2751 1335 2790 a
1376 2739 1540 2804 malo,
1581 2754 1832 2808 maguum
1873 2743 2016 2796 istud

439 2820 605 2871 datur
629 2818 850 2880 donum.
884 2822 934 2875 in
969 2839 1077 2892 quo
1103 2825 1346 2879 induitur
1411 2831 1803 2885 monachorum
1864 2832 2020 2887 babi-

441 2914 550 2977 tus,
585 2923 776 2982 utpote
805 2917 897 2985 qui
930 2919 1130 2987 pignus
1162 2929 1246 2974 est
1271 2920 1628 2989 poenitentia}.

1045 3093 1274 3154 CAPUT
1315 3095 1425 3156 XL.

991 3183 1064 3243 De
1107 3202 1289 3246 sancto
1323 3194 1459 3248 oleo.

517 3268 778 3334 Sanctum
845 3291 1024 3336 autem
1104 3285 1286 3339 oleum
1349 3286 1696 3342 ministratur
1764 3299 2019 3360 tauquam

445 3379 701 3425 sanctum
727 3382 1129 3428 sacramentum
1166 3375 1472 3447 divinaeque
1508 3380 1679 3449 figura
1716 3382 2025 3436 miserivor-

444 3455 572 3527 dim,
609 3460 658 3514 in
701 3462 1128 3530 redemptionem
1157 3474 1212 3520 et
1244 3467 1736 3523 sanetitiealionem
1780 3471 1846 3526 iis
1868 3474 1960 3542 qui
1994 3490 2024 3529 a

447 3563 674 3622 peccato
739 3555 994 3611 conversi
1046 3566 1176 3612 sunt
1223 3559 1504 3614 collatum.
1533 3561 1661 3618 Ideo
1687 3575 1793 3618 eta
1849 3566 2027 3633 cu‘pis

447 3644 633 3708 solvit,
663 3654 718 3728 et
755 3662 785 3699 ο
810 3650 1016 3702 morbis
1058 3649 1239 3720 erigit,
1270 3661 1324 3706 et
1356 3653 1646 3710 sanctitate
1683 3656 1887 3725 implet.
1921 3657 2027 3713 Ista

449 3745 577 3792 \tero
602 3727 783 3794 omnia
818 3738 1078 3797 Dominus
1121 3755 1308 3801 uoster
1341 3745 1504 3803 Jesus
1560 3747 1812 3803 Christus
1865 3750 2030 3804 tradi-

449 3831 552 3894 dit,
579 3839 638 3888 et
668 3846 764 3900 per
788 3850 912 3888 cum
943 3835 1114 3890 divini
1145 3838 1263 3906 ejus
1300 3831 1573 3909 discipuli.
1601 3839 1736 3896 Nam
1789 3842 1884 3913 qui
1929 3844 2030 3898 dti-

450 3923 578 3991 plici
613 3933 926 3980 constamus
959 3927 1288 3996 substantia,
1324 3931 1505 3984 anima
1541 3932 1750 3988 scilicet
1801 3943 1856 3988 et
1911 3949 2033 3989 cor-

451 4025 604 4081 pore,
642 4014 841 4080 duplici
899 4017 1110 4072 ratione
1167 4020 1325 4073 nobis
1361 4021 1449 4075 illa
1511 4021 1834 4092 impertivit,
1867 4025 2030 4080 sicuti

452 4116 508 4158 et
545 4106 657 4176 ipse
693 4107 928 4176 duplicis
960 4123 1170 4164 natura:
1213 4127 1309 4180 pro
1342 4114 1502 4169 nobis
1529 4129 1654 4170 vere
1686 4114 1864 4170 factus
1924 4125 2029 4183 est,

451 4193 734 4268 ιιιιίιιιιιιιη
761 4218 884 4257 vere
913 4203 986 4257 sit
1040 4204 1202 4262 Deus.
1267 4219 1394 4258 vere
1446 4205 1610 4260 homo
1666 4208 1920 4262 habitavit
1979 4210 2032 4262 in

456 4290 634 4348 nobis.
674 4298 733 4342 ut
765 4306 860 4359 per
887 4292 1116 4359 gratiam
1147 4293 1376 4360 spiritus
1400 4296 1615 4349 animas
1647 4297 1867 4365 quidem
1905 4313 2034 4354 nos-

454 4383 566 4432 tras
592 4381 910 4449 spiritaliter
931 4383 1235 4437 sanctilicet
1259 4401 1273 4448 ;
1301 4385 1656 4440 scnsibilibus
1681 4399 1861 4443 autem
1893 4386 2034 4455 aqua

2048 3214 2094 3281 C

2107 617 2254 687 ἡμᾶς
2286 614 2375 669 8ιά
2430 609 2529 686 τῆς
2572 615 2878 688 ἱερωσύνης
2940 617 3196 689 meme.
3245 615 3334 669 Διδ
3379 615 3477 670 καὶ
3529 615 3695 702 duino

2107 707 2267 776 (mei,
2329 726 2349 759 ι
2383 707 2772 778 Καταστὴσεις
2828 710 3027 773 αὐτοὺς
3073 709 3344 780 ἄρχοντας
3390 707 3484 760 ἐπὶ
3513 709 3698 761 πᾶσαν

2105 798 2207 868 τὴν
2246 799 2370 868 γῆν.
2405 818 2423 853 ο
2483 800 2592 856 Τοῦ
2630 801 2864 873 οὐρανοῦ
2897 804 3001 874 γὰρ
3035 804 3133 867 τὰς
3163 801 3311 866 κλεῖς
3339 802 3473 872 ἡμῖν
3517 816 3698 870 παρα·

2105 884 2358 946 δέδωκεν.

2692 982 2946 1041 ΚΕΦΑΔ.
2987 981 3121 1043 AH'.

2722 1078 2861 1145 Περὶ
2887 1078 3103 1148 γάμου.
3499 1128 3503 1135 .

2191 1171 2250 1223 '0
2282 1171 2335 1224 δέ
2359 1189 2423 1239 γε
2460 1171 2635 1242 γάμος
2678 1171 3151 1237 συγκαταϐάσεὼς
3206 1173 3324 1223 ἐστι
3354 1171 3530 1238 δῶρον
3558 1168 3698 1223 Θεοῦ

2109 1261 2198 1314 διὰ
2225 1264 2322 1332 τὴν
2353 1261 2726 1321 παιδοποιίαν,
2754 1260 2858 1322 ἓως
2889 1260 2948 1312 τὸ
2985 1261 3095 1312 πᾶν
3119 1259 3237 1312 τόδε
3274 1258 3412 1328 μετά
3438 1260 3535 1326 τῆς
3569 1257 3701 1325 φθο-

2115 1357 2211 1426 ρᾶς
2236 1357 2472 1410 ἵσταται.
2511 1355 2585 1406 Οὐ
2612 1355 2721 1422 γὰρ
2753 1352 3006 1406 ἐϐούλετο
3035 1354 3063 1404 ὁ
3103 1353 3235 1414 Θεὸς
3263 1355 3362 1422 τὴν
3412 1352 3611 1420 ἄλογον
3641 1351 3700 1404 ἐν

2109 1450 2242 1517 ἡμῖν
2275 1448 2374 1501 καὶ
2415 1448 2522 1499 ἀπὸ
2576 1446 2707 1514 ῥοῆς
2737 1445 2832 1497 καὶ
2897 1443 3154 1514 ῥυπαρὰν
3215 1443 3480 1496 σύστασιν
3514 1438 3658 1494 εἶναι
3682 1459 3697 1474 ο

2111 1537 2226 1594 ἀλλ’
2257 1538 2443 1610 ἐπειδὴ
2476 1538 2827 1608 ἀπεθάνομεν
2865 1537 3154 1601 ἑκουσίως,
3189 1537 3368 1606 ἀφῆκε
3392 1537 3490 1608 τὴν
3524 1539 3703 1591 διαδο-

2112 1635 2212 1705 χὴν
2240 1633 2384 1687 οὕτω
2405 1630 2499 1686 τοῦ
2547 1632 2739 1700 γένους
2771 1633 3019 1699 ἐνεργεῖν
3049 1628 3124 1692 ὡς
3173 1631 3270 1682 καὶ
3298 1629 3409 1690 τοῖς
3456 1631 3698 1698 ἀλόγοις,

2113 1727 2201 1779 ἵνα
2229 1725 2470 1794 γνῶμεν,
2508 1724 2590 1786 είς
2622 1723 2676 1774 τί
2722 1722 3096 1790 κατέστημεν.
3138 1720 3248 1774 Καὶ
3296 1719 3454 1773 τοῦτο
3491 1722 3596 1783 ἓως
3636 1722 3700 1774 ἂν

2116 1817 2458 1887 ἐξαναστήσῃ
2488 1815 2583 1868 καὶ
2614 1813 3001 1884 ἀπαθανατίσῃ
3035 1812 3132 1882 τὴν
3156 1813 3317 1880 φύσιν
3348 1814 3376 1865 ὁ
3401 1811 3701 1882 ἄφθαρτος,

2117 1912 2212 1962 καὶ
2239 1907 2415 1962 θανὼν
2448 1909 2542 1962 καὶ
2583 1908 2726 1978 ὑπὲρ
2760 1910 2918 1977 ἡμῶν
2949 1908 3191 1968 ἀναστάς
3213 1923 3226 1936 ’
3260 1907 3339 1959 διὸ
3363 1907 3458 1959 καὶ
3490 1907 3701 1972 εὐλογεὶ

2115 2001 2206 2053 τὸν
2226 1999 2406 2069 γάμον
2427 1999 2614 2065 αὐτὸς,
2641 1996 2716 2062 ὡς
2746 2001 2812 2053 ἂν
2839 1999 2911 2069 μὴ
2937 1997 3105 2069 χωρὶς
3131 1998 3384 2066 εὐλογίας
3416 1999 3450 2068 ἡ
3479 1999 3702 2068 ἀπαρχὴ

2115 2093 2359 2162 τυγχάνῃ
2387 2093 2483 2161 τῆς
2510 2093 2790 2160 ἡμετέρας
2813 2091 2981 2160 ζωῆς.

2631 2179 2738 2254 63
2767 2181 3017 2239 ΚΕΦΑΛ.
3049 2180 3174 2239 ΛΘ¹.

2661 2273 2802 2341 Περὶ
2825 2275 3173 2343 μετανοίας.

2197 2361 2263 2418 ἠ
2295 2362 2560 2435 μετάνοια
2594 2360 2651 2417 δὲ
2685 2365 2783 2434 τὴν
2807 2361 3186 2433 ἐπανόρθωσιν
3215 2365 3376 2435 ἡμῶν
3411 2359 3569 2426 αὖθις
3599 2361 3704 2416 ἀπὸ

2117 2455 2210 2508 τοῦ
2244 2455 2541 2524 πτώματος
2565 2455 2802 2524 ἐνεργεῖ.
2855 2455 2962 2506 Καὶ
2989 2453 3295 2525 ἐπειδήπερ
3342 2455 3480 2524 μετά
3525 2454 3583 2505 τὸ
3613 2454 3700 2520 βά-

2119 2561 2330 2612 πτισμα
2363 2544 2461 2596 οὐκ
2491 2545 2638 2596 ἐστιν
2678 2543 3054 2613 ἐπανάκλησις
3109 2544 3249 2614 ἄλλη
3284 2546 3426 2598 κατά
3460 2562 3515 2596 τε
3538 2546 3702 2613 χάρν

2119 2639 2214 2691 καὶ
2238 2639 2468 2707 δωρεὰν,
2501 2638 2596 2692 καὶ
2632 2637 2862 2705 ἀγώνων
2899 2637 2992 2689 καὶ
3025 2635 3204 2689 πόνων
3237 2637 3428 2706 χωρὶς,
3467 2637 3611 2704 εἰμὴ
3635 2634 3706 2687 δι’

2120 2732 2454 2800 ἐπιστροφῆς
2487 2730 2582 2782 καὶ
2637 2727 2912 2798 δακρύων,
2965 2727 3058 2780 καὶ
3090 2725 3185 2780 τοῦ
3243 2724 3603 2795 ἐξαγορεῦσαι
3637 2725 3705 2778 τὰ

2123 2821 2440 2891 πταίσματα
2476 2821 2569 2874 καὶ
2594 2819 2896 2889 ἀποστῆναι
2925 2819 3033 2872 τῶν
3058 2819 3267 2880 κακῶν,
3295 2817 3454 2871 τοῦτο
3475 2819 3534 2870 τὸ
3561 2819 3705 2887 μέγα

2120 2915 2326 2968 δέδοται
2349 2914 2541 2985 δῶρον,
2567 2916 2624 2966 ἐν
2654 2903 2698 2982 ᾧ
2734 2912 2798 2983 δὴ
2831 2914 2924 2965 καὶ¹
2947 2913 3008 2965 τδ
3034 2912 3146 2965 τῶν
3193 2911 3444 2981 μοναχῶν
3486 2911 3704 2978 εἰσάγε-

2123 3024 2215 3060 ται
2245 3007 2452 3077 σχῆμα,
2483 3002 2556 3071 ὡς
2601 3007 2697 3077 τῆς
2736 3007 3030 3074 μετανοίας
3063 3001 3308 3075 ὑπάρχον
3333 3005 3612 3075 ἐνέχυρον.

2724 3093 2975 3151 ΚΕΦᾹΛ.
3011 3096 3101 3152 Μ’.

2595 3189 2735 3257 Περὶ
2788 3193 2964 3258 ἁγίου
3015 3192 3246 3246 ἐλαίου.

2223 3279 2420 3344 ’Ἀγιον
2470 3273 2656 3332 ἔλαιον
2717 3277 2773 3331 δὲ
2825 3279 3212 3348 παραδέδοται,
3277 3280 3368 3332 καὶ
3423 3277 3582 3332 τοῦτο
3632 3275 3712 3338 ὡς

2128 3369 2250 3439 ίερά
2307 3369 2500 3439 τελετὴ
2529 3371 2625 3423 καὶ
2665 3370 2812 3424 θείου
2851 3371 3022 3432 τύπος
3054 3372 3256 3436 ἐλέους,
3284 3373 3363 3434 είς
3392 3370 3712 3436 ἀπολύτρω-

2129 3479 2214 3513 σιν
2250 3462 2344 3513 καὶ
2381 3462 2657 3531 άγιασμὸν
2707 3464 2824 3525 τοῖς
2856 3464 2967 3517 ἀπὸ
3005 3463 3284 3533 ἁμαρτίας
3317 3463 3712 3532 ἐπιστρέφουσι

2127 3550 2562 3622 χορηγούμενον.
2597 3554 2690 3607 Διὸ
2716 3555 2810 3606 καὶ
2836 3553 2994 3606 λύσιν
3018 3554 3440 3623 ἁμαρτημάτων
3473 3555 3716 3632 παρέχε-

2127 3659 2238 3708 ται,
2272 3646 2368 3697 καὶ⁵
2413 3644 2473 3710 ἐξ
2522 3647 2983 3716 ἀρρωστημάτων
3025 3647 3254 3715 ἐγείρει,
3299 3647 3391 3698 καὶ
3432 3645 3712 3715 ἀγιασμοῦ

2129 3737 2459 3808 ἐμπίπλησι.
2513 3738 2701 3791 Ταῦτα
2759 3739 2816 3792 δὲ
2875 3739 3054 3791 πάντα
3121 3738 3329 3808 Ἰησοῦς
3386 3739 3620 3807 Χριστὸς
3686 3741 3714 3790 ὀ

2129 3829 2263 3894 Θεὸς
2317 3829 2475 3900 ἡμῶν
2526 3830 2929 3899 παραδέδωκε,
2962 3834 3060 3888 καὶ
3107 3834 3157 3886 ot
3200 3833 3370 3888 αὐτοῦ
3424 3832 3494 3886 δι’
3545 3830 3713 3882 αὑτοῦ

2133 3921 2268 3974 θεῖοι
2303 3921 2566 3991 μαθηταί.
2598 3922 2814 3975 Διπλῶν
2835 3923 2943 3994 γὰρ
2969 3925 3143 3977 ὄντων
3176 3926 3207 3993 ὴ
3217 3926 3333 3992 μῶν
3358 3927 3421 3978 ἐκ
3448 3925 3628 3993 ψυχῆς
3653 3940 3714 3976 τε

2131 4015 2227 4068 καὶ
2261 4013 2514 4083 σώματος
2540 4055 2555 4079 ,
2591 4015 2798 4077 διπλῶς
2841 4016 2939 4068 καὶ⁵
2973 4016 3148 4070 ταῦτα
3196 4019 3332 4088 ἡμῖν
3375 4016 3715 4084 παρέσχετο,

2134 4104 2208 4167 ὡς
2228 4105 2449 4174 ἀληθῶς
2484 4108 2580 4159 καὶ
2627 4103 2798 4159 αὑτοῦ
2848 4107 3045 4161 διπλοῦ
3091 4108 3160 4161 δι’
3209 4110 3359 4177 ἡμᾶς
3404 4109 3717 4176 γεγονότος.

2133 4196 2270 4249 Θεοῦ
2302 4195 2520 4266 ἀληθῶς
2573 4197 2747 4262 ὄντος,
2782 4199 2877 4250 καὶ
2912 4196 3203 4269 ἀνθρώπου
3247 4199 3463 4270 ἀληθῶς
3501 4217 3723 4268 χρημα-

2135 4289 2403 4354 τίσαντος,
2439 4291 2516 4354 ὼς
2560 4290 2627 4344 ἂν
2677 4295 2745 4361 τῇ
2783 4291 2883 4361 μὲν
2919 4293 3104 4363 χάριτι
3129 4294 3222 4346 τοῦ
3252 4293 3568 4363 Ιῖνεύματος
3593 4311 3721 4360 νοη-

2135 4382 2244 4442 τῶς
2301 4380 2461 4450 ἡμῶν
2493 4381 2592 4444 τὰς
2625 4382 2814 4453 ’ψυχὰς
2872 4383 3106 4455 ἁγιάζῃ,
3165 4388 3280 4447 τοῖς
3344 4385 3632 4451 αἰσθητοῖς
3665 4386 3721 4437 δὲ

456 4473 513 4524 «τι
548 4473 687 4534 oleo,
720 4488 932 4527 necnon
959 4489 1099 4542 pane
1123 4484 1177 4528 et
1207 4486 1337 4545 potu
1370 4481 1694 4549 exterisque
1720 4481 1772 4533 in
1827 4481 2036 4548 Spiritu

2140 4476 2293 4530 ὕδατί
2327 4493 2386 4529 τε
2421 4477 2516 4531 καὶ
2542 4477 2730 4547 ἐλαίῳ,
2771 4479 2868 4531 καὶ
2897 4479 3049 4549 ἄρτῳ
3088 4480 3182 4534 καὶ
3210 4479 3459 4549 ποτηρίῳ
3492 4483 3586 4533 καὶ
3613 4483 3724 4541 τοῖς

456 4566 805 4619 latictitatem
839 4567 1272 4634 conferentibus,
1312 4585 1544 4638 corpora
1595 4580 1780 4627 nostra
1834 4584 2028 4628 sancta

2137 4567 2350 4632 λοιποῖς
2423 4569 2819 4638 ἀγιαζομένοις
2873 4571 2952 4640 τῷ
3027 4571 3352 4638 Πνεύματι,
3405 4570 3726 4640 καθαγιάζῃ

457 4658 679 4724 etin-iit,
711 4669 765 4714 et
785 4663 1083 4730 perfectam
1119 4663 1352 4717 salutem
1379 4663 1650 4720 conferat.

1063 4841 1295 4898 CAPUT
1325 4840 1464 4902 XLI.

600 4924 679 4987 De
701 4935 1080 4990 resurrectione
1101 4938 1208 4992 sive
1231 4941 1573 4996 ruscitatione
1591 4955 1891 5010 corporum.

535 5017 632 5080 Ille
665 5027 851 5088 etiam,
889 5037 949 5080 ut
978 5041 1078 5082 nos
1102 5029 1261 5084 sicuti
1319 5032 1564 5087 condidit
1612 5032 1883 5102 perfectos
1917 5033 2037 5088 reli-

463 5115 596 5182 rint,
614 5123 666 5170 et
687 5123 933 5172 mortuos
963 5120 1354 5187 ressuscitabit,
1382 5131 1585 5178 etcum
1608 5124 1815 5179 eisdem
1839 5125 2042 5194 quibus

465 5206 768 5264 vixerimus
799 5217 855 5265 et
883 5212 1190 5266 conversati
1217 5212 1482 5271 fuerimus
1513 5217 1836 5284 corporibus
1882 5233 2041 5272 cons—

467 5300 646 5361 tituet.
678 5311 734 5355 ut
767 5305 912 5372 quod
947 5305 1244 5361 fecerimus
1271 5321 1703 5378 consequamur.
1738 5308 1906 5378 igitur
1939 5325 2038 5365 nos

468 5388 740 5458 perfectos
779 5394 847 5449 ad
880 5398 1046 5450 vitam
1074 5408 1431 5454 revocaturus
1459 5402 1478 5468 (
1507 5400 1640 5454 nihil
1674 5400 1820 5454 enim
1870 5401 1921 5452 in
1955 5416 2046 5453 va-

471 5497 603 5538 num
647 5483 823 5552 fecit),
865 5503 1208 5560 nequaquam
1237 5501 1417 5548 autem
1459 5508 1661 5563 corpus
1711 5501 1958 5547 nostrum
1993 5495 2046 5548 in

468 5575 824 5644 corruptione
853 5577 1145 5636 relicturus
1178 5582 1386 5648 (omnia
1438 5581 1583 5638 enim
1643 5591 1703 5636 ut
1737 5583 1848 5637 sint
1898 5599 2050 5636 crea.

474 5671 576 5734 vit,
610 5685 789 5740 neque
812 5674 926 5726 vult
953 5671 1250 5743 quidquam
1277 5675 1504 5746 perire),
1531 5675 1671 5731 Deus
1693 5676 1786 5745 qui
1842 5677 2053 5745 perit-co

474 5763 568 5816 tus
593 5770 698 5826 est,
727 5763 990 5832 solusque
1012 5779 1140 5820 vere
1165 5773 1270 5832 est,
1304 5767 1499 5822 similis
1526 5768 1682 5822 nobis
1721 5768 1884 5821 bomo
1937 5769 2051 5822 Iac-

477 5853 570 5910 ιιιι
593 5861 700 5922 est,
726 5861 1010 5927 assumpto
1036 5871 1269 5930 corpore
1295 5872 1420 5916 cum
1448 5859 1628 5916 anima
1693 5859 1947 5917 rationali
2001 5869 2056 5919 et

2137 4659 2294 4730 ἡμῶν
2331 4662 2424 4714 καὶ
2454 4664 2523 4716 τὰ
2571 4662 2826 4734 σώματα,
2857 4663 2954 4717 καὶ
2987 4663 3208 4734 ὁλοτελῆ
3253 4664 3468 4735 παρέχῃ
3490 4664 3587 4732 τὴν
3623 4681 3726 4716 σω-

2136 4751 2353 4822 τηρίαν.

2717 4847 2970 4902 ΚΕΦΑΛ.
3012 4847 3148 4903 MA'.

2209 4937 2352 5007 Περὶ
2374 4937 2794 5005 ἀναστάσεως,
2832 4939 2965 5007 ἤτοι
2991 4939 3288 5009 σωμάτων
3319 4937 3646 5008 ἐτέρσεως.

2217 5029 2410 5093 Οὗτος,
2447 5030 2535 5083 ἵνα
2573 5031 2670 5084 καὶ
2714 5030 2957 5094 τελείους
2998 5033 3149 5101 ἡμᾶς
3193 5032 3270 5094 ὡς
3309 5030 3513 5084 ἔπλασε
3553 5048 3730 5082 κατα-

2145 5122 2344 5192 στήσῃ.
2378 5121 2460 5175 ἔτι
2488 5123 2588 5175 καὶ
2615 5122 2920 5191 ἀναστήσει
2947 5121 3400 5192 ἀποθνήσκοντας
3421 5137 3435 5152 ο
3471 5123 3565 5174 καὶ
3603 5120 3732 5189 μεθ’

2143 5207 2220 5268 ὧν
2262 5214 2544 5284 ἐζήσαμεν
2604 5216 2699 5269 κα)⁹
2753 5214 3234 5284 ἐπολιτευσάμεθα
3274 5215 3733 5284 ἀποκαταστήσει

2149 5307 2422 5373 σωμάτων
2450 5345 2465 5369 ,
2503 5305 2573 5358 ἵν’
2603 5306 2742 5374 ὅπερ
2779 5303 3100 5374 ἐπράξαμεν
3125 5306 3518 5375 ἀπολάϐωμεν.
3573 5306 3733 5358 Ἐπεὶ

2147 5399 2241 5452 οὖν
2268 5398 2504 5461 τελείους
2533 5400 2684 5465 ἡμᾶς
2714 5400 2899 5470 ἐγερεῖ
2926 5399 3098 5468 (οὐδὲν
3129 5400 3240 5469 γὰρ
3282 5401 3488 5452 ἔπλασε
3523 5399 3730 5468 μάτην)

2149 5491 2272 5544 οὐδὲ
2308 5490 2629 5558 καταλείψει
2661 5491 2821 5560 ἡμῶν
2859 5490 2920 5543 τὸ
2946 5490 3108 5559 σῶμα
3143 5493 3204 5544 ἐν
3237 5494 3304 5560 τῇ
3351 5493 3552 5559 φθορᾷσ
3586 5491 3730 5542 πάνυ

2151 5599 2218 5636 τα
2255 5584 2364 5650 γὰρ
2396 5582 2656 5650 ἐποίησεν
2687 5583 2766 5644 εις
2801 5582 2862 5634 τὸ
2907 5578 3072 5646 εἶναι,
3105 5583 3200 5636 καὶ
3226 5584 3380 5635 οὺδὶν
3426 5580 3732 5636 ἀπολέσθαι

2156 5675 2430 5745 βούλεται,
2469 5675 2603 5738 Θεὸς
2652 5675 2862 5739 τέλειος
2916 5674 3016 5736 ὢν,
3080 5676 3176 5728 καὶ
3234 5675 3406 5738 ὅντως
3455 5673 3529 5727 ὢν
3567 5672 3734 5742 μόνος

2154 5769 2339 5831 αὐτὸς,
2358 5766 2456 5819 καὶ
2479 5767 2603 5819 καθ’
2624 5767 2772 5836 ἡμᾶς
2796 5766 3082 5835 ἄνθρωπος
3109 5770 3320 5836 γέγονε.
3352 5767 3514 5835 σῶμα
3546 5763 3733 5818 λαϐὼν

2161 5859 2301 5925 μιτά
2339 5859 2519 5927 ψυχῆς
2568 5857 2796 5928 λογικῆς
2825 5869 2883 5912 τε
2925 5860 3021 5913 καὶ
3051 5859 3265 5925 νοερᾶς,
3316 5856 3404 5913 ἵνα
3442 5855 3538 5923 καὶ
3565 5855 3730 5929 ἡμῶν
