4040 6202
297 393 401 464 181
1541 392 1644 452 DE
1681 389 2246 453 SACRAMENTIS.
3249 455 3252 459 ,
3449 403 3552 467 ηε

295 506 398 569 τὰς
441 502 669 571 λογικὰς
719 501 901 573 ψυχάς
946 499 1256 572 ἐκκαθάρῃ.
1290 501 1388 555 καὶ
1435 503 1659 574 χάριτος
1705 503 1865 572 ἁγίου

1983 505 2236 575 spiritali,
2267 515 2324 562 ut
2357 517 2581 564 nostras
2605 510 2886 579 spiritales
2916 512 3126 568 animas
3163 517 3470 578 mandaret.
3501 534 3556 576 et

297 598 617 667 Πνεύματος
656 594 1012 668 ἐκπληρώσῃ,
1046 598 1138 647 καὶ
1170 594 1238 648 τά
1287 593 1516 663 σώματα
1557 593 1865 667 άφθαρτδσῖ

1986 597 2159 664 gratia
2195 596 2433 667 Spiritus
2467 602 2642 654 sancti
2696 604 3036 672 adimpleret,
3103 607 3373 674 simulque
3434 627 3552 665 cor-

293 691 412 758 άμα
443 691 538 742 καὶ
566 688 791 758 ἁγιάσῃ.
822 689 923 740 Διά
956 687 1116 739 τοῦτο
1150 686 1332 739 τοίνυν
1355 687 1452 738 καὶ
1491 685 1560 739 τὰ
1593 690 1865 759 μυστήρια

1986 701 2116 754 pora
2155 689 2593 760 incorruptibilia
2631 691 2836 746 faceret
2876 703 2929 747 et
2985 695 3369 752 sanctiﬁcaret.
3426 698 3552 754 [dvo

292 781 468 834 ταῦτα
500 781 704 832 δέδωκε
740 777 972 841 διπλῶς,
1009 775 1285 846 αἰσθητῶς
1327 776 1426 846 μὲν
1456 777 1568 830 άπὸ
1597 778 1708 830 τῶν
1736 780 1865 850 ὁρω-

1982 775 2183 844 ιιιιριὶεἰ
2216 778 2430 834 ratione
2460 780 2561 833 ista
2592 781 2847 850 mysteria
2881 783 3124 846 tradidit,
3151 788 3308 840 modo
3332 789 3548 856 quidem

295 873 475 940 μένων
508 870 664 932 ὅντα,
704 868 984 938 Πνεῦματί
1017 867 1072 920 δὲ
1100 867 1246 937 ἁγίῳ
1273 867 1602 937 τελούμενα,
1647 869 1741 922 καὶ
1775 870 1873 938 τῆς

291 961 445 1022 Θείας
497 961 723 1032 χάριτος
773 959 1086 1028 παρεκτικά
1139 958 1337 1027 ψυχαῖς
1376 976 1433 1011 τε
1487 959 1583 1011 καὶ
1631 957 1869 1027 σώμασι.

293 1054 592 1122 Παρέδωκε
615 1053 670 1106 δὲ
695 1051 866 1104 ταῦτα
897 1052 956 1103 οὐ
980 1051 1160 1118 λόγοις
1194 1053 1378 1120 μόνον,
1411 1051 1546 1105 ἀλλὰ
1569 1054 1663 1104 καὶ
1687 1054 1870 1122 πράγ-

293 1159 452 1212 μασι·
485 1144 579 1196 καὶ
613 1145 693 1206 είς
734 1141 930 1195 ἑαυτὸν
962 1143 1180 1211 πρῶτον
1233 1142 1371 1210 σάρξ
1400 1145 1693 1210 γενόμενος
1720 1143 1749 1193 ό
1777 1143 1870 1195 τοῦ

287 1234 424 1287 Θεοῦ
470 1234 648 1302 Λόγος
709 1233 1110 1301 φιλανθρώπως
1157 1233 1499 1302 ἐνήργησεν,
1533 1233 1602 1285 ῖν*
1646 1233 1870 1303 ἀπαρχὴ

285 1327 423 1393 ἡμῖν
453 1325 562 1376 τῶν
587 1323 811 1392 ἀγαθῶν
846 1323 1192 1394 ὑπάρχοντος
1222 1320 1297 1384 ὡς
1343 1322 1452 1374 ἀπὸ
1489 1325 1676 1391 πηγῆς
1703 1324 1869 1376 αὐτοῦ

287 1420 335 1470 οἱ
369 1417 535 1471 αὐτοῦ
566 1419 768 1477 πάντες
805 1417 966 1485 ἡμεῖς
1009 1413 1404 1483 λαμϐάνωμεν.
1449 1416 1546 1466 Διὰ
1582 1415 1742 1467 τοῦτο
1773 1415 1870 1468 καὶ

285 1511 394 1580 γάρ
448 1508 918 1579 ὲνηνθρώπησεν,
969 1506 1037 1559 ἵν’
1097 1505 1388 1574 ἑνωθῶμεν
1434 1505 1604 1575 αὐτῷ,
1657 1511 1752 1560 καὶ
1805 1508 1870 1561 ἶν’

283 1601 643 1668 ἁγιασθῶμεν
665 1599 732 1652 δι’
760 1597 950 1650 αὑτοῦ.
976 1595 1102 1651 Ὅτι
1125 1599 1218 1648 καὶ
1245 1594 1401 1658 οὗτος
1422 1597 1450 1648 ό
1479 1597 1692 1660 πλάσας
1721 1600 1870 1668 ἡμᾶς

284 1696 310 1742 ὁ
342 1691 438 1743 τοῦ
463 1689 600 1742 Θεοῦ
632 1690 806 1757 Λόγος
837 1687 898 1753 ἐξ
943 1688 1139 1757 ἀρχῆς,
1173 1688 1268 1740 καὶ
1310 1682 1462 1750 οὗτος
1494 1689 1658 1742 πάλιν
1683 1691 1712 1742 ό
1739 1693 1870 1744 ἀνα·

235 1841 252 1859 ,
283 1782 542 1834 πλάττων
586 1783 735 1852 ἡμᾶς
781 1782 1006 1852 εὐδοκία
1045 1781 1282 1850 Πατρὸς,
1318 1780 1412 1832 καὶ
1462 1781 1724 1852 συνεργία
1771 1781 1866 1835 τοῦ

1981 867 2225 922 sensibili
2259 882 2383 923 cum
2417 884 2480 923 ex
2512 869 2813 924 visibilihus
2861 883 3139 937 constent,
3184 873 3392 946 Spiritu
3424 895 3548 934 tem

1977 970 2166 1011 sancto
2214 961 2486 1025 absoluta,
2547 961 2897 1032 diviuamque
2948 965 3174 1032 gratiam
3232 969 3430 1024 animis
3494 981 3545 1024 et

1974 1050 2298 1115 corporibus
2330 1050 2691 1106 inl‘undentia.
2721 1054 2852 1118 Quae
2881 1055 3041 1109 nobis
3071 1057 3218 1110 dedit
3277 1073 3382 1112 non
3427 1077 3545 1113 vcr-

1974 1130 2061 1190 llis
2089 1147 2328 1205 tantum,
2353 1141 2444 1195 sed
2478 1149 2532 1196 et
2551 1143 2823 1208 operibus,
2870 1153 2924 1197 et
2990 1145 3043 1199 in
3085 1149 3377 1218 semetipso
3440 1151 3545 1218 pri-

1974 1245 2124 1283 rnum
2158 1231 2474 1299 adimplevit
2519 1231 2612 1286 Dei
2657 1231 2891 1288 Verbum
2940 1251 3082 1290 caro
3117 1239 3546 1296 misericorditer

1975 1321 2202 1384 factum,
2238 1331 2294 1374 ut
2319 1323 2571 1392 primitia:
2597 1323 2751 1378 nobis
2777 1337 2920 1380 esset
2951 1327 3219 1384 bonorum
3275 1335 3543 1398 omnium,

1974 1430 2072 1468 nos
2102 1423 2284 1466 autem
2312 1429 2500 1467 omnes
2522 1417 2615 1484 qui
2646 1416 2766 1483 ejus
2789 1428 2914 1472 sunt
2939 1422 3093 1488 quasi
3130 1423 3198 1477 de
3253 1423 3413 1480 fonte-
3457 1443 3544 1481 aco

1971 1505 2266 1575 cipiamus.
2299 1502 2590 1574 Propterea
2616 1507 2834 1576 quidem
2867 1509 3186 1567 incarnatus
3209 1525 3312 1580 est,
3349 1530 3407 1570 ut
3439 1519 3542 1586 ipsi

1973 1597 2254 1667 conjuncti
2291 1599 2358 1652 ab
2390 1598 2508 1666 ipso
2537 1600 3029 1663 sanetnltcaremur,
3083 1606 3341 1672 quoniam
3401 1609 3542 1662 idem

1972 1693 2117 1760 quod
2162 1705 2262 1744 nos
2296 1705 2326 1744 a
2363 1687 2634 1760 principio
2669 1692 2873 1746 creavit
2908 1691 3145 1748 Verbum
3192 1695 3305 1762 Dei,
3362 1699 3538 1766 ipsmn

1975 1798 2166 1836 rursus
2227 1798 2323 1836 nos
2386 1785 2668 1846 recreabit,
2720 1785 2857 1837 bona
2915 1783 3092 1842 Patris
3153 1789 3432 1846 voluntate
3489 1806 3545 1846 et

281 1875 445 1940 ἁγίου
493 1844 839 1943 Πνεῦματος.
889 1871 952 1924 Ἡ
980 1844 1351 1940 ἰτριάς-γάιρὸ
1401 1871 1532 1934 Θεὸς
1757 1875 1865 1927 πᾶν

1974 1870 2214 1942 Spiritus
2243 1875 2418 1926 sancti
2451 1879 2854 1942 eooperatione.
2903 1875 3038 1930 Nam
3088 1875 3332 1935 Trinitas
3403 1881 3543 1935 Dens

280 1969 589 2035 ποιήσασα,
620 1969 715 2020 καὶ
742 1967 804 2018 τὸ
833 1966 941 2018 πᾶν
967 1963 1330 2031 ὲξοικονομεῖ,
1355 1965 1450 2015 καὶ
1483 1964 1686 2032 μᾶλλον
1717 1967 1864 2036 ἡμᾶς

281 2060 714 2126 παραπεσόντας
737 2097 753 2122 ,
788 2057 849 2109 τὸ
899 2053 1234 2124 τιμιώτατον
1281 2053 1392 2108 τῶν
1432 2055 1734 2125 ὁρωμένων
1769 2059 1865 2112 καὶ

280 2151 406 2204 κατ’
452 2152 640 2204 εἰκόνα
691 2149 852 2205 Θεοῦ.
895 2147 956 2202 Ὀ
1013 2147 1188 2214 Λόγος
1242 2145 1427 2199 τοίνυν
1475 2146 1572 2200 τοῦ
1624 2147 1782 2216 θεοῦ,
1827 2153 1860 2221 ἡ

280 2245 434 2307 ζῶσα
469 2241 634 2294 είκὼν
661 2243 754 2294 καὶ
787 2239 1026 2320 σφραγὶς
1052 2240 1150 2291 καὶ
1183 2238 1555 2308 ἀπαύγασμα,
1593 2240 1690 2310 τὴν
1727 2241 1864 2296 ἰδίαν

280 2336 473 2385 εἰκόνα
502 2333 562 2385 τὸ
597 2333 814 2398 λογικὸν
849 2333 998 2400 ἡμᾶς
1043 2331 1316 2398 λαμϐάνει
1353 2330 1494 2394 ζῶον
1526 2333 1606 2394 εις
1642 2332 1861 2388 ἑαυτόν.

282 2425 396 2475 Καὶ
448 2423 512 2476 οὗ
566 2423 655 2476 διά
703 2419 1006 2489 κτίσματ’ός
1059 2436 1208 2483 τινος
1257 2419 1447 2474 έτέοου
1498 2421 1858 2485 άνακαινίζει.

290 2516 448 2568 Ἐπεὶ
476 2516 598 2568 οὐδὲ
628 2516 880 2570 δυνατόν.

351 2701 678 2768 Κληρικός.
712 2700 822 2753 Kal.
865 2699 1006 2767 πῶς,
1038 2699 1298 2766 δέσποτα,
1331 2697 1392 2750 οὐ
1420 2696 1646 2751 δυνατὸν
1667 2692 1737 2770 ἦν
1767 2698 1863 2752 καὶ

276 2793 349 2846 δι’
376 2793 618 2860 ἀγγέλου
641 2835 656 2859 ,

353 2884 713 2952 Ἀρχιερεύς.
745 2883 1034 2954 Οὺδτμῶς,
1070 2883 1151 2936 ὅτι
1200 2886 1307 2937 πᾶν
1344 2885 1553 2955 κτίσμα
1597 2901 1861 2956 περιγρα-

277 2975 438 3038 πτον,
493 2977 591 3027 καὶ
649 2975 711 3026 οὑ
765 2973 1048 3044 πανταχοῦ
1108 2974 1346 3042 φθάνον,
1386 2978 1481 3028 καὶ
1517 2977 1578 3029 οὑ
1622 2981 1864 3047 φυσικὴν

275 3064 408 3131 ἔχον
455 3065 556 3132 τὴν
611 3063 706 3117 τοῦ
744 3063 940 3128 σώζειν
972 3065 1228 3133 δύναμιν.
1265 3066 1424 3118 Κατά
1471 3067 1639 3135 χάριν
1665 3067 1743 3132 δὲ,
1769 3071 1866 3122 καὶ

1969 1980 2088 2031 quae
2120 1965 2437 2018 universum
2466 1965 2616 2029 fecit,
2653 1969 2962 2020 universum
3019 1969 3304 2040 gubernat,
3334 1981 3388 2028 et
3440 1987 3544 2030 nos

1968 2056 2384 2126 praesertimqni
2425 2058 2821 2120 cerideramus,
2872 2056 3348 2127 prteelarissimum
3401 2079 3542 2132 Opus

1966 2163 2032 2202 ex
2101 2150 2412 2205 visibilibus
2468 2152 2535 2203 ad
2578 2151 2869 2218 itttagittcttt
2939 2152 3034 2209 Dei
3089 2155 3314 2209 factum.
3374 2157 3542 2223 Igitur

1969 2239 2212 2295 Verbum
2239 2242 2352 2304 Dei,
2391 2243 2618 2312 ejusque
2654 2244 2842 2299 vivens
2890 2245 3086 2317 imago,
3140 2249 3427 2303 character
3487 2259 3543 2304 et

1967 2335 2250 2403 splendor,
2311 2335 2600 2405 imaginem
2654 2352 2808 2390 suam
2861 2338 3165 2401 hominem,
3199 2341 3397 2393 anitnal
3453 2355 3544 2394 ra-

1967 2428 2114 2480 tione
2141 2425 2421 2496 praeditum
2475 2430 2524 2480 in
2584 2429 2938 2498 semetipsum
2977 2431 3312 2498 assumpsit;
3367 2446 3543 2500 neq-e

1964 2517 2251 2585 cujusdam
2308 2533 2408 2585 ope
2437 2527 2702 2572 creatura:
2737 2521 3038 2584 renovavit,
3101 2521 3248 2589 quod
3320 2520 3544 2591 insupr

1969 2609 2082 2662 ﬁeri
2122 2624 2225 2660 nun
2261 2617 2493 2676 poterat.

2039 2701 2290 2754 Clericus.
2325 2700 2524 2766 Quare,
2559 2701 2777 2755 domine
2800 2741 2815 2766 ,
2845 2700 2989 2757 istud
3015 2701 3104 2757 vel
3146 2717 3244 2773 pz'r
3287 2703 3541 2772 angelum

1969 2793 2083 2846 ﬁeri
2111 2808 2215 2846 non
2249 2793 2498 2861 poterat?

2040 2885 2308 2953 Pontifex.
2342 2883 2585 2952 Minime,
2621 2885 2878 2954 quoniam
2915 2884 3093 2940 omnis
3127 2891 3376 2939 creatura
3431 2886 3541 2939 ciro

1966 2979 2296 3046 cumscripta
2328 2986 2434 3041 est,
2461 2992 2564 3032 nec
2586 2975 2790 3046 ubique
2814 2975 3051 3038 exsistit,
3080 2992 3256 3043 neque
3318 2984 3540 3030 natura.

1967 3072 2071 3124 lem
2106 3071 2268 3125 habet
2295 3068 2541 3124 salvandi
2599 3075 2944 3138 patestatem.
2987 3066 3182 3122 Verum
3235 3068 3540 3124 secundum

271 3148 345 3222 ἧν
401 3154 466 3206 ἄν
512 3153 587 3218 ὡς
636 3155 707 3206 δι’
752 3156 988 3224 ὀργάνου
1048 3154 1228 3216 διδοὺς
1275 3155 1374 3224 τὴν
1425 3159 1608 3226 χάριν,
1650 3160 1748 3209 καὶ
1787 3158 1861 3229 μὴ

1970 3162 2342 3230 gratiam,etsi
2367 3161 2598 3232 gratiam
2655 3170 2843 3228 posset
2863 3160 3020 3228 quasi
3072 3174 3168 3227 per
3209 3161 3541 3213 insu-umen-

269 3245 578 3314 δυνάμενος
607 3248 687 3308 είς
713 3248 918 3309 πάντας
951 3245 1178 3316 μερικδς
1201 3245 1276 3298 ὦν
1304 3247 1441 3315 μηδὲ
1474 3250 1587 3311 τοῖς
1619 3248 1858 3320 πρώτως

270 3336 520 3388 παθοῦσι
558 3333 895 3405 χαρίσαδθαι
929 3337 1024 3405 τὴν
1059 3334 1386 3388 ἀνάπλασιν.
1433 3336 1594 3390 Ἀλλά
1642 3338 1760 3400 πῶς
1793 3339 1860 3392 ἂν

270 3433 513 3499 παρεῖχε
569 3430 736 3498 ζωὴν,
775 3429 849 3498 μὴ
892 3429 1052 3496 φύσει
1097 3428 1175 3480 ὣν
1224 3432 1256 3500 ἡ
1303 3429 1417 3497 ζωή
1453 3447 1466 3495 ;
1525 3432 1596 3482 Ἦ
1647 3431 1764 3494 πῶς
1796 3431 1861 3484 ἂν

267 3525 472 3592 ἔμενεν
504 3525 779 3594 ἄτρεπτος
808 3523 884 3592 μὴ
915 3523 1076 3592 φύσει
1113 3522 1192 3574 ὢν
1220 3525 1524 3593 άτρεπτος;
1555 3525 1861 3596 ἐπειδήπερ

264 3617 542 3680 ἑξέπεσόν
591 3633 737 3678 τινες
789 3616 848 3680 ἐξ
884 3613 1085 3677 αὐτῶν,
1128 3615 1222 3668 καὶ
1273 3613 1450 3666 ταῦτα
1499 3615 1633 3684 μηδὲ
1695 3618 1861 3685 σαρκὶ

266 3703 599 3764 ἐνιυθέντες.
625 3703 726 3755 Διὰ
756 3705 915 3755 τοῦτο
946 3703 1162 3771 ἀνάγκη
1187 3698 1256 3774 ἦν
1279 3703 1441 3755 αὑτὸν
1467 3703 1555 3765 τὸν
1587 3703 1860 3773 ἄτρεπτον

264 3796 411 3858 φῦσε
425 3812 464 3856 ι,
493 3794 586 3845 τὸν
618 3794 704 3846 ἀεὶ
738 3794 866 3845 ὄντα
901 3793 1010 3863 64
1049 3793 1243 3855 Λόγον,
1276 3794 1366 3845 τὸν
1391 3793 1565 3856 ζῶντα
1600 3795 1687 3846 άει
1728 3795 1862 3863 μετά

266 3887 367 3938 τοῦ
432 3885 640 3948 ζῶντος
690 3885 904 3954 Πατρὸς
959 3887 1057 3938 σὺν
1116 3885 1193 3953 τῷ
1260 3886 1442 3948 ζωοπο
1467 3884 1512 3954 ᾧ
1562 3885 1861 3954 Πνεῦματι,

265 3979 387 4036 τοῖς
429 3975 647 4046 θνητοῖς
697 3976 830 4044 ⁴ἡμῖν
862 3975 1152 4044 έιωθῆναι,
1181 3975 1269 4027 ἵνα
1302 3974 1382 4044 τῷ
1407 3975 1662 4046 ἀτρέπτῳ
1681 3991 1740 4026 τε
1769 3976 1865 4028 καὶ

261 4071 546 4139 ἀφθάρτῳ
600 4071 787 4139 στήσῃ
845 4070 1002 4138 ἡμῶν
1057 4068 1156 4138 τὴν
1207 4068 1437 4138 φθοράν,
1483 4069 1579 4119 καὶ
1630 4067 1743 4137 ζωὴ
1789 4067 1865 4119 ὢν

261 4165 519 4224 αἰώνιος,
554 4163 647 4213 τὸν
679 4161 908 4213 θάνατον
943 4159 1042 4231 μὲν
1077 4160 1170 4229 ἀφ’
1197 4162 1357 4229 ἡμῶν
1391 4160 1645 4230 ὲκδιὼξῃ,
1689 4162 1864 4230 ἐμφυ-

259 4254 447 4320 τεὺσρ
485 4253 542 4304 δὲ
570 4252 668 4320 τὴν
699 4252 1029 4304 ἀθανασίαν.
1075 4251 1182 4303 Καὶ
1205 4251 1279 4314 ώς
1317 4251 1635 4319 ἁπανταχοῦ
1668 4249 1742 4304 ὢν
1773 4254 1866 4303 καὶ

260 4349 518 4407 αἰώνιος,
553 4351 646 4396 καὶ
679 4345 808 4406 τοὺς
863 4343 1132 4414 πρότερον
1172 4343 1470 4407 θανόντας,
1503 4343 1598 4394 καὶ
1638 4343 1766 4404 τοὺς
1809 4345 1866 4396 ὲν

260 4439 344 4506 τῷ
397 4436 584 4504 καιρῴ
615 4436 717 4500 τῆς
756 4437 845 4487 ἐπὶ
879 4438 984 4506 γῆς
1026 4434 1191 4487 αὑτοῦ
1237 4433 1518 4495 πολιτείας
1568 4451 1868 4487 πεπιστευ-

1967 3264 2078 3307 tum
2106 3253 2381 3316 conferre;
2413 3253 2661 3320 nequiret
2693 3259 2874 3304 tamen
2927 3249 2996 3302 ad
3049 3263 3241 3303 omnes
3295 3263 3539 3317 praesens

1959 3350 2243 3410 assistere,
2276 3362 2454 3415 neque
2487 3345 2719 3415 primum
2757 3342 3134 3397 laborantibus
3167 3343 3537 3412 integritatem

1965 3440 2278 3494 restituere.
2331 3441 2602 3492 Caeterum
2675 3436 2948 3505 quomodo
3013 3435 3173 3488 vitam
3254 3432 3542 3505 largiretur

1963 3532 2056 3600 qui
2131 3541 2322 3584 natura
2385 3545 2490 3583 non
2543 3527 2798 3582 estvita?
2848 3526 3134 3592 Quomodo
3183 3523 3536 3578 immutabilis

1966 3631 2306 3694 permaneret
2351 3620 2443 3692 qui
2486 3630 2678 3674 natura
2728 3633 2834 3672 non
2877 3626 2959 3672 est
2988 3613 3384 3670 immutabilis?
3414 3615 3535 3669 ideo

1965 3717 2182 3783 quidam
2218 3728 2284 3766 es
2313 3712 2447 3781 ipsis
2473 3710 2797 3766 ceciderunt
2821 3707 3049 3777 angelis,
3073 3708 3176 3761 etsi
3212 3720 3378 3759 carne
3430 3719 3540 3758 non

1965 3815 2149 3861 essent
2186 3803 2386 3858 induti.
2417 3803 2710 3871 Propterea
2736 3815 2961 3854 necesse
2985 3805 3101 3852 erat
3129 3799 3302 3871 ips‘um
3346 3805 3540 3850 natura

1966 3897 2328 3959 imnmtabile,
2361 3893 2504 3963 quod
2557 3907 2776 3960 semper
2807 3904 2889 3946 est
2910 3889 3172 3949 Verbum.
3206 3891 3350 3957 quod
3401 3902 3542 3944 sem-

1967 3999 2061 4054 per
2082 3985 2212 4036 vivit
2242 3997 2367 4037 cum
2396 3982 2518 4035 vivo
2555 3980 2714 4035 Patre
2747 3989 2800 4033 et
2835 3978 3141 4032 viviﬁcante
3182 3975 3415 4046 Spiritu,
3450 3991 3534 4030 no—

1967 4075 2051 4129 bis
2086 4073 2407 4128 mortalibus
2432 4070 2658 4126 adunari
2694 4081 2752 4123 ιιι
2787 4085 2887 4124 sua
2915 4069 3352 4122 immutabilitate
3377 4077 3431 4122 et
3461 4069 3543 4120 in-

1967 4160 2426 4229 corruptibilitate
2473 4159 2886 4228 corruptionem
2950 4169 3192 4210 nostram
3245 4155 3544 4224 cohiberet,

1968 4262 2020 4309 et
2045 4267 2209 4322 quum
2250 4259 2450 4305 {eterna
2485 4250 2556 4304 sit
2581 4250 2710 4315 vita,
2743 4257 2974 4302 mortem
3000 4261 3030 4300 a
3056 4246 3212 4300 nobis
3266 4251 3544 4299 amoveret

1969 4355 2022 4400 et
2052 4343 2519 4398 inuuortalitatem
2574 4340 2924 4410 produceret,
3001 4346 3166 4406 atque
3218 4351 3386 4406 quum
3447 4336 3544 4388 im-

1971 4451 2197 4490 mensus
2229 4437 2300 4490 sit
2327 4446 2380 4489 et
2407 4443 2673 4496 aeternus,
2708 4433 2860 4502 prius
2911 4439 3158 4483 mortuos
3221 4434 3398 4496 potest
3454 4443 3547 4494 per

261 4533 467 4590 κοτας,
512 4526 607 4579 καὶ
636 4528 766 4589 τοὺς
812 4527 953 4596 μετὰ
985 4525 1164 4579 ταῦτα
1193 4524 1302 4585 ἕως
1337 4525 1538 4587 αίῶνος
1574 4524 1863 4577 πιστεύον-

1971 4540 2069 4580 sua
2101 4525 2356 4594 mysteria
2385 4523 2639 4592 bonaque
2667 4536 2762 4576 sua
2783 4522 3012 4591 gratiam
3041 4519 3160 4590 ejus
3203 4517 3545 4573 continentia

263 4638 392 4683 τας,
429 4621 520 4672 διὰ
567 4622 676 4670 τῶν
727 4621 1046 4690 μυστηρίων
1095 4617 1284 4682 αὑτοῦ,
1333 4621 1428 4671 καὶ
1474 4617 1583 4667 τῶν
1616 4616 1857 4681 οἰκείων,

261 4713 512 4780 ἐχόντων
564 4711 660 4780 τὴν
712 4711 878 4780 χάριν
931 4709 1123 4774 αὐτοῦ,
1156 4710 1385 4762 δύναται
1422 4707 1645 4771 σώζειν.
1690 4708 1802 4760 ΚΛ
1834 4707 1862 4759 ό

261 4803 440 4860 αὐτὸς
480 4803 576 4853 καὶ
617 4799 697 4865 εἷς
742 4804 830 4854 ἀεὶ
877 4803 1098 4873 ἐνεργεῖ
1145 4803 1239 4854 καὶ
1271 4801 1472 4870 φθάνει
1499 4800 1586 4851 διὰ
1623 4797 1860 4852 πολλῶν.

261 4898 358 4947 Διὸ
389 4897 495 4947 καὶ
541 4893 642 4964 τὴν
672 4897 835 4964 χάριν
883 4893 1050 4946 αὑτοῦ
1083 4895 1213 4962 ἡμῖν
1259 4892 1640 4961 ὲνεφύτευσεν,
1672 4891 1760 4942 ἵνα
1795 4889 1863 4942 δι’

262 4990 435 5057 ἡμῶν
486 4988 709 5057 ἐνεργῇ.
770 4987 879 5038 Kal
938 4987 1104 5055 ἡμεῖς
1169 4987 1267 5055 μὲν
1321 4985 1370 5036 οι
1411 4983 1512 5052 τῆς
1562 4983 1865 5053 ἱερωσύνης

260 5079 576 5148 ἠξιωμένοι
633 5077 840 5145 πολλοὶ,
899 5080 996 5130 καὶ
1046 5079 1102 5129 ὲν
1141 5077 1426 5145 διαφόροις
1464 5076 1578 5137 τοῖς
1634 5074 1893 5135 τόποιςο·

262 5176 440 5233 αὐτὸς
483 5172 541 5224 δὲ
594 5166 696 5235 εἷς,
729 5171 824 5223 καὶ
877 5173 936 5224 ὲν
992 5170 1210 5239 οὐρανῷ
1251 5169 1346 5220 καὶ
1381 5169 1475 5220 ἐπὶ
1515 5166 1616 5234 γῆς
1643 5204 1657 5226 ,
1690 5166 1782 5216 καὶ
1809 5164 1866 5216 ὲν

265 5265 552 5333 θαλάσσῃ,
594 5263 690 5314 καὶ
737 5263 796 5313 ὲν
845 5263 923 5332 τῷ
965 5263 1129 5313 παντὶ
1176 5263 1271 5314 καὶ
1317 5258 1595 5327 πανταχοῦ
1629 5255 1853 5323 φθάνων

267 5360 550 5420 ἅπαντας,
586 5356 678 5406 καὶ
725 5357 906 5407 πάντα
953 5353 1044 5405 διὰ
1107 5353 1331 5405 πάντων
1383 5350 1647 5419 ἐνεργῶν.
1687 5349 1866 5416 Ὅπερ

267 5449 535 5518 οὐδεμιᾶς
563 5450 681 5498 ἐστι
716 5446 946 5515 κτιστῆς
979 5446 1113 5507 ὅλως
1159 5446 1401 5513 φύσεως.
1436 5445 1526 5493 Διὸ
1557 5442 1675 5494 οὐδὲ
1705 5442 1864 5508 ἡμεῖς

270 5539 615 5608 ἐνεργοῦμεν
645 5537 928 5600 τελοῦντες
973 5540 1041 5590 τὰ
1074 5537 1355 5606 μυστήρια
1378 5549 1392 5565 ⁸
1432 5533 1570 5587 ἀλλὰ
1611 5535 1866 5602 λειτουρ-

273 5632 490 5700 γοῦμεν
543 5632 755 5700 μόνον,
805 5631 927 5698 ἦτοι
984 5629 1396 5698 ὑπηρετοῦμεν.
1457 5626 1631 5687 Αὐτὸς
1690 5624 1746 5676 δὲ
1800 5623 1868 5675 δι’

275 5725 445 5792 ⁴ἡμῶν
489 5726 726 5792 ἐνεργεῖ.
765 5721 859 5773 Διὸ
891 5724 989 5775 καὶ
1027 5719 1238 5790 μυρίων
1274 5717 1700 5786 προσφερόντων
1737 5714 1870 5766 καθ-

275 5817 526 5885 ῐκάστην
557 5817 650 5870 καὶ
684 5815 742 5868 ιν
775 5812 962 5882 ταυτῷ
995 5810 1320 5881 ἱερουργὼν,
1358 5809 1417 5862 ἓν
1464 5810 1580 5860 ἐστι
1613 5807 1672 5858 τὸ
1706 5805 1868 5874 σῶμα

1970 4619 2154 4673 salvos
2183 4617 2363 4672 facere
2401 4627 2511 4669 tum
2551 4629 2648 4669 eos
2677 4613 2768 4682 qui
2802 4613 2856 4666 in
2917 4620 3161 4678 tempore
3219 4610 3366 4663 illius
3417 4623 3550 4662 con-

1969 4711 2300 4765 versationis
2332 4722 2497 4774 super
2535 4714 2738 4760 terram
2771 4703 3128 4759 crediderunt
3177 4717 3300 4754 cum
3328 4714 3422 4753 eos
3455 4700 3548 4767 qui

1973 4814 2158 4874 postea
2192 4816 2364 4869 neque
2386 4800 2436 4852 in
2467 4799 2726 4853 smeulum
2764 4796 2923 4850 iidem
2953 4793 3265 4854 habebunt;
3296 4789 3549 4854 idemque

1972 4894 2122 4947 solus
2172 4902 2432 4960 operatur
2484 4897 2538 4943 et
2599 4889 2730 4941 vivit
2789 4881 2842 4940 in
2877 4884 3150 4938 omnibus.
3177 4881 3542 4946 Quamobrem

1973 4987 2202 5055 gratiam
2231 4985 2352 5051 ejus
2373 4986 2422 5034 in
2453 4981 2610 5034 nobis
2628 4979 2836 5042 elfudit,
2861 4985 2916 5029 ut
2946 4991 3043 5044 per
3059 4987 3160 5028 nos
3189 4979 3460 5039 operetur,
3491 4979 3545 5022 et

1972 5092 2076 5130 nos
2105 5077 2320 5144 quidem
2357 5075 2505 5126 nmlti
2538 5072 2848 5127 sacerdotio
2875 5066 3058 5121 donati
3107 5077 3319 5122 sumus,
3351 5061 3402 5112 in
3453 5074 3548 5111 va-

1975 5172 2073 5226 riis
2130 5169 2264 5224 locis
2323 5167 2655 5226 habitantes,
2724 5165 2837 5232 ipse
2889 5174 3016 5213 vero
3067 5169 3210 5209 unus
3252 5160 3355 5209 est.
3404 5149 3547 5202 etin

1973 5271 2141 5325 terra,
2173 5271 2227 5314 et
2259 5259 2311 5312 in
2353 5259 2509 5320 mari,
2540 5257 2745 5325 ubique
2780 5263 2833 5308 et
2871 5253 2923 5304 in
2961 5249 3109 5303 otnni
3145 5247 3266 5299 loco
3299 5245 3549 5298 omnibus

1974 5355 2152 5425 pNBit,
2184 5363 2230 5406 et
2270 5352 2448 5402 omnia
2502 5353 2555 5402 in
2592 5347 2852 5402 otnnilms
2903 5353 3182 5409 Oper-amr,
3221 5338 3366 5407 quod
3419 5334 3550 5390 nulli

1977 5452 2187 5496 natura:
2217 5448 2412 5492 creata:
2431 5451 2513 5490 est
2545 5436 2818 5506 pOSSlblle.
2849 5432 2972 5486 Ideo
3001 5445 3108 5483 non
3137 5443 3236 5483 nos
3264 5440 3550 5495 vperamut

1977 5534 2238 5588 facientes
2279 5531 2558 5602 mysteria,
2586 5529 2680 5583 sed
2713 5522 3056 5580 solummodo
3087 5519 3429 5582 conﬁcimus,
3460 5532 3550 5571 Seu

1978 5627 2381 5685 ministramus,
2412 5624 2529 5692 ipse
2562 5631 2744 5674 autem
2800 5632 2897 5688 per
2936 5629 3035 5668 nos
3074 5621 3349 5680 operatur.
3408 5606 3550 5668 Qua-

1981 5722 2198 5783 propter
2259 5711 2360 5764 etsi
2409 5709 2642 5777 singulis
2703 5707 2896 5762 diebus
2954 5713 3011 5757 et
3067 5703 3121 5755 in
3185 5701 3373 5753 eadem
3426 5697 3552 5750 hma

1978 5803 2223 5860 sexcettti
2283 5803 2515 5856 olleraut
2586 5799 2924 5864 sacerdotes,
2973 5809 3143 5849 unum
3197 5799 3276 5846 est
3331 5801 3550 5858 corpus,
