4040 6202
441 380 550 449 187

1227 389 1366 447 SYM
1380 387 1606 448 EONlS
1638 385 2394 449 THESSALONICENSIS
2430 390 2790 453 ARCHIEP.

3580 385 3679 450 188

437 499 760 570 baptismum
796 508 1019 568 propter
1047 515 1148 555 nos
1171 505 1412 570 sust-epit
1435 516 1494 557 ut
1531 504 1789 573 baptizati
1822 505 2008 557 eadem

2117 504 2506 575 λαμϐάνωμεν.
2534 503 2824 578 Χρῄζομεν
2857 504 2949 560 οῦν
2978 506 3072 560 καὶ
3092 506 3252 576 ἡμεῖς
3287 505 3407 556 κατ’
3435 506 3682 573 ἀνάγκην

437 595 827 654 aet-iperemus.
863 591 1184 646 Necessario
1238 594 1401 663 igitur
1455 595 1721 663 spirituali
1779 595 1878 647 hoc
1912 610 2010 648 un-

436 695 636 751 guento
693 683 1019 752 indigemus,
1083 687 1356 756 inprimis
1418 702 1548 740 vero
1589 687 1640 740 in
1694 687 2007 753 baptismo;

437 788 538 826 nec
566 784 707 826 esset
766 792 951 829 revela
986 777 1316 845 liapliZatus,
1358 780 1449 847 qui
1488 792 1820 844 unguentum
1880 779 2010 832 illud

438 866 945 932 tmuSHSt-episset;
1005 867 1275 936 baptismo
1335 870 1479 923 enim
1543 879 1896 937 regeneratur
1958 879 2012 922 et

437 965 656 1022 peccata
684 958 802 1023 ejus
846 975 872 1008 a
910 957 1114 1025 Spiritu
1148 960 1474 1024 abluuntur;
1509 961 1692 1029 gratim
1727 960 1869 1013 enim
1933 959 2011 1027 pi-

435 1061 604 1114 gnora
634 1049 874 1101 nondum
911 1049 1100 1104 habuit
1133 1066 1228 1104 nec
1262 1053 1386 1105 vita:
1433 1062 1678 1105 aromata
1728 1065 1824 1103 nec
1886 1047 2012 1118 Spi-

437 1137 576 1189 ritus
625 1141 796 1190 sancti
826 1142 1074 1206 signum;
1115 1141 1452 1206 ptoiudeque
1517 1142 1691 1208 ipsum
1745 1139 2010 1207 baptizari

439 1230 665 1298 oleoque
703 1233 826 1303 ungi
849 1251 1074 1289 necesse
1111 1245 1213 1290 est.
1249 1238 1310 1290 Et
1346 1236 1470 1290 ideo
1503 1251 1532 1289 ει
1563 1235 1808 1305 Philippo
1836 1236 2008 1302 bapti-

441 1322 570 1386 ztti,
606 1333 862 1392 tauquam
903 1327 995 1393 qui
1047 1328 1222 1381 solum
1279 1329 1547 1395 baptisma
1599 1329 2008 1396 suscepissent,

442 1412 603 1466 Petro
634 1426 680 1468 et
723 1414 930 1472 Joanne
980 1419 1387 1487 imponentibus
1435 1437 1654 1473 manum
1682 1459 1696 1482 ,
1749 1419 2010 1488 Spiritum

443 1517 691 1557 sanctum
720 1510 1082 1575 accipiebant.
1113 1510 1266 1576 Quod
1302 1527 1431 1564 sane
1473 1512 1573 1565 hoc
1606 1519 2010 1564 sacramentum

442 1604 547 1646 cst.
583 1594 863 1663 Siquidem
913 1598 1188 1666 itupusitio
1224 1616 1477 1654 tnanuum
1514 1609 1846 1668 unguentum
1877 1617 2012 1668 prte-

445 1684 624 1743 bcbat.
661 1697 713 1738 ttt
746 1697 798 1740 el
828 1690 880 1739 in
907 1691 1167 1756 apostolis
1189 1689 1388 1743 factum
1408 1699 1488 1743 est
1509 1706 1570 1744 ac
1597 1707 1689 1759 per
1715 1692 1857 1759 ipsos
1882 1672 2043 1744 llIlll-i

451 1783 521 1828 lis
565 1779 706 1830 aliis.
743 1780 804 1830 Et
844 1790 953 1832 tum
994 1782 1208 1849 quidem
1239 1783 1511 1851 intpositio
1544 1799 1800 1836 manuum
1835 1784 2009 1851 ip~utn

2119 597 2212 657 τῶ
2240 599 2612 668 πνευματικοῦ
2667 599 2839 670 μύρου
2865 599 3079 666 τούτου,
3141 601 3235 652 καὶ
3269 599 3468 668 μᾶλλον
3517 601 3574 652 ἑν
3605 598 3684 667 τῷ

2102 688 2454 756 ,βαπτίσματι
2482 703 2498 719 ⁸
2534 691 2628 741 καὶ
2648 689 2746 741 οὐκ
2779 687 2930 749 ἔσται
2956 688 3174 751 τελείως
3215 705 3298 749 τις
3337 688 3682 757 βαπτισθεὶς,

2117 781 2144 833 ὁ
2177 782 2249 851 μὴ
2294 781 2386 834 καὶ
2415 781 2475 833 τὸ
2503 781 2672 851 μύρον
2704 781 3021 852 δεξάμενος.
3065 782 3154 850 Τῷ
3188 780 3286 848 μὲν
3325 781 3430 849 γάρ
3489 780 3686 848 βαπτί-

2120 890 2286 939 σματι
2326 875 2712 942 ἁναγεννᾶται,
2745 876 2838 928 καὶ
2881 875 2987 926 τῶν
3024 874 3307 942 ἁμαρτιῶν
3357 873 3685 926 ἀπολούεται

2121 964 2400 1032 Πνεύματι
2431 985 2444 999 ·
2483 967 2582 1018 οὐκ
2613 967 2690 1019 ἑτι
2719 967 2772 1018 δὲ
2804 970 2898 1020 καὶ
2927 966 3051 1026 τοὺς
3087 965 3410 1036 ἀρραϐῶνας
3444 965 3556 1032 ἔχει
3581 963 3684 1031 τῆς

2118 1056 2360 1122 χάριτος,
2389 1056 2507 1108 οὐδὲ
2535 1057 2632 1124 τὴν
2663 1057 2838 1123 ὀσμὴν
2868 1058 2965 1124 τῆς
3005 1058 3170 1125 ζωῆς,
3222 1056 3342 1108 οὐδὲ
3373 1044 3469 1124 τὴν
3505 1072 3681 1122 σφραο

2119 1145 2240 1207 γῖδα
2304 1145 2395 1198 τοῦ
2449 1147 2777 1215 Πνεύματος,
2813 1148 2902 1199 Διὸ
2952 1147 3026 1208 ὼς
3087 1148 3449 1217 βαπτισθῆναι
3512 1147 3681 1212 ἀναγ-

2119 1238 2433 1303 καῖον,καὶ
2510 1237 2586 1305 τῷ
2649 1240 2806 1308 μύρῳ
2870 1240 3155 1307 χρισθῆναι
3227 1239 3374 1291 ἐστιν
3445 1239 3680 1305 ἀνάγκη.

2122 1331 2228 1382 Kal.
2284 1329 2474 1382 τούτου
2543 1331 2701 1399 χάριν
2749 1333 2860 1393 τοῖς
2927 1330 3379 1400 βεϐαπτισμένοις
3434 1329 3537 1380 ύπδ
3596 1328 3690 1379 Φι-

2119 1420 2339 1484 λίππου,
2369 1421 2444 1484 ὡς
2495 1423 2653 1489 μόνον
2685 1423 2745 1474 τὸ
2789 1422 3074 1492 βάπτισμα
3106 1420 3442 1488 δεξαμένοις,
3480 1419 3686 1488 Πέτρος

2120 1512 2215 1563 καὶ
2254 1511 2504 1581 Ἰωάννης
2536 1511 2823 1564 ὲπετίθουν
2849 1512 2947 1573 τὰς
2997 1514 3205 1580 χεῖρας,
3241 1511 3335 1563 καὶ
3385 1509 3690 1578 ἐλάμϐανον

2125 1599 2345 1670 Πνεῦμα
2378 1602 2554 1669 ᾶγιον.
2599 1603 2662 1655 Ὃ
2699 1603 2760 1670 δὴ
2794 1602 2854 1655 τὸ
2911 1602 3080 1672 μύρον
3114 1603 3287 1656 ἐστίν.
3329 1602 3392 1654 Ἦ
3423 1601 3530 1668 γάρ
3566 1600 3690 1653 ἐπί-

2123 1692 2267 1751 θεσις
2299 1691 2406 1743 τῶν
2434 1693 2632 1760 χειρῶν
2660 1692 2718 1744 τὸ
2749 1693 2921 1762 μύρον
2951 1695 3232 1761 παρεῖχεν,
3263 1692 3337 1754 ὡς
3366 1693 3459 1742 καὶ
3487 1694 3545 1743 ἐν
3576 1693 3690 1754 τοῖς

2123 1783 2437 1843 ἀποστόλοις
2474 1783 2701 1849 ἐγίνετο,
2754 1785 2847 1834 καὶ
2877 1783 2944 1835 δι’
2993 1783 3172 1834 αὐτῶν
3207 1782 3423 1845 πολλοῖς
3481 1782 3684 1842 ἄλλοις.

444 1879 525 1920 cst
577 1882 954 1925 conm-arratum
1005 1889 1066 1926 ac
1116 1890 1370 1942 magnum
1421 1885 1749 1943 unguentum
1783 1877 2018 1944 appella-

2122 1875 2228 1926 Καὶ
2250 1875 2368 1926 τότε
2407 1874 2504 1944 μὲν
2541 1875 2783 1936 ἐπίθεσις
2811 1875 2918 1926 τῶν
2947 1876 3167 1944 χειρῶν,
3205 1875 3298 1926 νῦν
3333 1875 3388 1927 δὲ
3425 1875 3543 1926 ἀντὶ
3579 1875 3686 1926 τῶν

444 1967 557 2012 tum
595 1975 607 2011 :
637 1973 1040 2028 consecratum,
1096 1964 1356 2032 inquam,
1392 1967 1793 2033 precationibus
1825 1983 1886 2017 ac
1923 1970 2018 2018 he-

444 2051 867 2125 tiedictiouibus,
905 2071 1010 2106 nou
1047 2071 1073 2106 a
1111 2057 1464 2125 presbyteris,
1499 2058 1591 2109 sed
1629 2072 1655 2107 a
1695 2057 2019 2124 patriarchis

442 2155 496 2196 e-I
531 2124 895 2211 pontiﬁcibus,
929 2161 1065 2212 quos
1105 2124 1448 2200 virtusl’etri
1497 2155 1550 2198 et
1596 2145 1823 2200 Joannis
1870 2148 2016 2199 Incu-

445 2238 496 2303 pl
534 2246 630 2288 tat.
655 2236 806 2299 Quod
830 2238 990 2289 etiam
1023 2250 1384 2305 unguentum,
1409 2239 1472 2291 ad
1520 2241 1652 2291 lines
1687 2240 1836 2292 orbis
1887 2239 2016 2292 mis-

445 2343 589 2389 sum,
606 2328 776 2379 instar
796 2329 1154 2394 unpmitionis
1179 2345 1432 2382 manuum
1456 2340 1556 2384 est.
1580 2329 1835 2398 Singulos
1857 2331 2018 2398 igitur

380 2459 389 2468 .
447 2416 632 2470 lida-les
671 2422 770 2471 hoc
798 2418 1069 2484 baptismo
1105 2419 1304 2488 signari
1340 2419 1580 2487 expedit,
1644 2431 1699 2474 ut
1733 2424 2020 2488 unusquis-

445 2523 552 2574 que
577 2508 918 2561 diviuissimo
971 2509 1236 2576 baptismo
1271 2511 1596 2579 baptizatus,
1633 2511 2015 2581 perfectionem

445 2601 684 2654 inveniat
721 2602 771 2653 iu
807 2618 889 2654 eo.
931 2601 986 2654 Si
1018 2602 1159 2654 enim
1198 2603 1445 2656 Salvator
1488 2615 1670 2657 noster
1717 2605 2017 2672 baptizatus

447 2694 703 2772 Spiritum
738 2697 976 2763 suscepit
1003 2698 1081 2760 gsi
1111 2695 1209 2748 viri
1241 2711 1269 2748 a
1290 2696 1534 2766 Philippo
1566 2698 1822 2766 baptizali
1845 2697 2019 2765 Spiri-

443 2800 554 2843 tum
590 2799 908 2856 accvpet'unl
950 2803 1014 2841 ex
1048 2788 1388 2856 itupositioue
1453 2805 1706 2842 manuum
1761 2790 1901 2843 Petri
1965 2800 2018 2843 ct

439 2877 662 2932 Joannis
689 2893 787 2940 ;ιι‹ι
809 2877 943 2929 forte
971 2877 1269 2943 imperfecti
1300 2878 1414 2930 sive
1442 2876 1675 2946 Spiiitus
1728 2883 1898 2933 sancti
1947 2881 2018 2934 si-

441 2984 545 3038 gno
577 2967 751 3019 orbati
775 2968 1334 3027 mumnerentJideles
1366 2968 1463 3035 ipsi
1501 2968 1747 3037 baptizati
1768 2972 1887 3023 oleo
1919 2987 2018 3023 ιιιι-

441 3061 596 3130 ειιιιάἰ
629 3070 754 3114 sunt
793 3075 884 3128 per
916 3061 1263 3128 baptismum,
1292 3077 1359 3115 ne
1393 3064 1552 3115 etiam
1586 3063 1770 3128 (veluti
1800 3062 2017 3117 Latino-

2121 1966 2316 2034 χειρῶν
2365 1965 2497 2017 αὐτό
2555 1967 2668 2017 ἐστι
2732 1965 2792 2015 τὸ
2848 1965 3186 2034 ἡγιασμένον
3237 1968 3331 2016 καὶ
3395 1965 3686 2030 λεγόμενον

2124 2059 2269 2125 μέγα
2309 2057 2502 2126 μύρον,
2541 2058 2906 2126 ἁγιαζόμενον
2963 2059 3023 2110 οὐ
3069 2057 3217 2127 παρὰ
3270 2056 3681 2126 πρεσϐυτέρων,

2121 2146 2254 2198 ἀλλὰ
2288 2147 2435 2216 παρὰ
2460 2147 2815 2216 πατριαρχῶν
2843 2151 2937 2199 καί⁷
2967 2149 3268 2216 ἀρχιερέων
3295 2148 3464 2216 ἱεραῖς
3497 2148 3686 2216 εὐχαῖς

2119 2256 2177 2290 τε
2205 2241 2296 2290 καὶ
2322 2239 2592 2304 εὐλογίαις
2620 2240 2718 2308 τὴν
2750 2239 2840 2291 τοῦ
2875 2241 3081 2309 Πέτρου
3110 2241 3204 2292 καὶ
3239 2242 3488 2292 Ἰωάννου
3522 2243 3684 2292 πλου-

2119 2331 2352 2381 τούντων
2382 2326 2612 2397 δύναμιν
2645 2346 2655 2358 ·
2691 2329 2718 2381 ὃ
2746 2329 2810 2399 δὴ
2852 2329 2945 2380 καὶ
2977 2329 3448 2398 ἀποστελλόμενος)
3502 2331 3581 2391 εἰς
3613 2329 3682 2381 τὰ

2121 2421 2356 2489 πέρατα,
2393 2420 2626 2488 δύναμιν
2662 2419 2775 2489 ἔχει
2823 2421 2921 2487 τῆς
2977 2420 3274 2483 ἐπιθέσεως
3319 2422 3423 2472 τῶν
3463 2421 3682 2489 χειρῶν.

2121 2513 2227 2563 Καὶ
2261 2511 2470 2579 ἀνάγκη
2507 2509 2682 2578 τούτῳ
2730 2512 3128 2579 σφραγίζεσθαι
3164 2513 3336 2565 πάντα
3370 2513 3558 2564 πιστὸν
3607 2511 3684 2581 τῷ

2123 2603 2484 2671 βαπτίσματι,
2504 2601 2591 2653 ἵνα
2615 2605 2705 2653 καὶ
2733 2603 2792 2654 τι
2815 2603 3092 2655 θειότατον
3137 2603 3418 2672 βάπτισμα
3448 2605 3553 2662 πᾶς
3593 2604 3688 2672 βα-

2120 2692 2369 2754 πτισθεὶς
2405 2691 2611 2743 τέλειον
2639 2690 2734 2760 ἔχῃ
2773 2693 2831 2742 ἐν
2874 2692 3071 2761 ἑαυτῷ.
3107 2693 3166 2745 El
3198 2693 3306 2760 γὰρ
3347 2695 3373 2743 ὁ
3405 2693 3591 2760 Σωτὴρ
3625 2690 3688 2744 τὸ

2122 2781 2345 2848 Πνεῦμα
2381 2780 2599 2845 ἐδέξατο
2627 2778 3050 2849 βαπτιζόμενος,
3076 2781 3170 2833 καὶ
3215 2785 3262 2834 ol
3295 2781 3685 2848 βαπτισθέντες

2120 2874 2270 2945 παρὰ.
2307 2874 2576 2927 Φιλίππου
2631 2875 2689 2926 τὸ
2719 2875 2942 2943 Πνεῦμα
2974 2877 3278 2946 ἐλάμϐανον
3325 2881 3389 2946 τῇ
3444 2876 3684 2929 ὲπιθέσει

2124 2967 2235 3020 τῶν
2261 2967 2462 3037 χειρῶν
2505 2965 2712 3034 Πέτρου
2768 2968 2861 3019 καὶ
2903 2967 3172 3032 Ἰωάννου,
3222 2969 3308 3020 ἵνα
3348 2968 3420 3037 μὴ
3478 2969 3686 3030 ἀτελεῖς

2118 3053 2219 3111 ὦσι
2241 3058 2336 3110 καὶ
2364 3057 2730 3126 άσφράγιστοι
2763 3057 2840 3126 τῷ
2872 3059 3173 3128 Πνεύματι,
3223 3060 3313 3112 καὶ
3346 3061 3394 3111 οἱ
3428 3059 3687 3128 βαπτιζό-

443 3155 714 3218 runt,sive
739 3154 966 3205 aliorum
989 3152 1345 3218 quorumdam
1370 3155 1736 3222 prituOgeniti)
1768 3155 2016 3224 imperfe-

2123 3168 2270 3217 μενοι
2295 3153 2476 3202 πιστοὶ
2511 3149 2683 3219 τούτῳ
2711 3150 2987 3219 ὀφείλουσι
3015 3152 3300 3221 κεχρίσθαι
3324 3153 3401 3220 τῷ
3440 3154 3595 3222 μύρῳ
3627 3155 3684 3206 ἐν

439 3245 515 3300 Cti
541 3252 788 3295 maneant
810 3244 1067 3308 signoque
1089 3243 1284 3295 orbati.
1303 3241 1435 3296 Dum
1464 3259 1562 3298 nec
1585 3245 1818 3311 Spiritus
1841 3247 2012 3298 sancti

441 3337 669 3404 gratiam
706 3347 802 3385 nec
832 3332 1030 3384 Christi
1073 3334 1284 3408 signum
1344 3334 1707 3402 susceperint.
1767 3335 2012 3405 Sigillum

439 3427 582 3480 enim
610 3435 690 3478 est
731 3425 927 3477 Christi
965 3434 1295 3492 unguentum
1322 3425 1372 3477 iu
1405 3423 1629 3494 Spiritu.
1657 3427 1723 3480 Et
1749 3428 1876 3481 illud
1905 3433 2016 3482 cla-

441 3527 555 3571 tnat
589 3517 842 3570 sacerdos
871 3515 922 3567 in
953 3515 1308 3582 impressione
1344 3517 1484 3585 signi
1518 3533 1610 3586 per
1653 3533 2010 3586 unguentum,

437 3607 659 3664 dicens:
706 3625 722 3656 ι
753 3605 976 3675 Signum
1004 3608 1246 3658 muneris
1286 3606 1520 3674 Spiritus
1550 3610 1748 3662 sancti.
1783 3610 2006 3663 Amen.»

441 3701 625 3754 Gratia
657 3701 819 3769 igitur
843 3698 1112 3754 etCht-isti
1146 3701 1301 3767 signo
1322 3710 1492 3763 caret,
1535 3701 1625 3769 qui
1677 3715 2009 3770 unguentum

439 3809 547 3848 non
589 3792 815 3858 accepit.
853 3793 1195 3860 Unguentum
1223 3807 1353 3845 vero
1387 3807 1492 3844 nou
1526 3802 1608 3844 est
1668 3794 1845 3846 oleum
1876 3795 2007 3848 siut-

441 3888 676 3956 pliciter,
715 3887 806 3940 sed
833 3884 1038 3952 aliquid
1067 3886 1320 3951 precibus
1353 3885 1404 3938 in
1446 3900 1537 3938 ara
1570 3896 1946 3938 consecratum
1982 3903 2009 3938 a

441 3979 644 4033 Christi
680 3977 1074 4042 sacerdotibus,
1103 3977 1362 4045 apostolis
1390 3977 1654 4041 videlict-t,
1707 3978 1793 4046 qui
1843 3978 2012 4044 ipsius

445 4071 646 4125 Christi
676 4070 916 4140 potentia
982 4070 1153 4136 magis
1195 4070 1615 4138 locuph-tautur.
1666 4069 1819 4123 Absit
1887 4085 2012 4124 vero

440 4179 470 4214 a
516 4178 620 4224 me.
649 4173 981 4229 unguentum
1021 4161 1148 4214 illud
1187 4163 1470 4230 designare
1521 4161 1662 4228 quod
1703 4174 1730 4211 a
1770 4161 2012 4229 reliquiis

440 4253 666 4308 sanctis.
701 4251 858 4317 quale
892 4261 973 4301 est
1009 4259 1339 4316 unguentum
1382 4247 1522 4314 quod
1565 4264 1593 4298 a
1621 4262 1846 4314 corpore
1873 4247 2008 4300 divi-

439 4350 494 4399 ni
531 4358 628 4396 nec
668 4358 774 4395 nou
808 4342 1148 4393 iuodorantis
1203 4339 1478 4402 Detuettii,
1520 4340 1634 4392 sive
1689 4339 1778 4392 alii
1825 4341 2010 4407 cujus-

440 4437 562 4488 dam
617 4432 1010 4494 saltcli,vcluli
1069 4429 1212 4483 fama
1261 4441 1365 4492 est,
1423 4430 1630 4495 deﬂuit,
1675 4431 1790 4484 sive
1842 4433 2004 4483 etiam

2116 3242 2192 3310 τῷ
2230 3242 2592 3316 βαπτίσματι,
2618 3244 2715 3294 καὶ
2749 3242 2824 3313 μὴ
2859 3244 2953 3311 (ὡς
2984 3245 3053 3295 τά
3084 3245 3190 3296 τῶν
3221 3247 3486 3308 Λατίνιον,
3513 3246 3545 3314 ἢ
3596 3262 3682 3298 τιο

2117 3335 2222 3387 νῶν
2251 3335 2424 3387 ἄλλων
2455 3335 2651 3404 βρέφη)
2689 3335 2899 3396 ἀτελεῖς
2929 3336 3130 3404 μένωσι
3171 3336 3267 3390 καὶ
3295 3339 3680 3405 ἁσφράγιστοι,

2114 3424 2212 3492 τὴν
2264 3425 2425 3493 χάριν
2456 3426 2547 3477 τοῦ
2606 3427 2924 3493 Πνεύματος
2977 3425 3051 3496 μὴ
3092 3427 3482 3493 λαμϐάνοντες,
3543 3429 3681 3498 μηδὲ

2117 3513 2504 3582 σημειούμενοι
2542 3515 2607 3583 τῇ
2664 3513 2963 3581 σημειώσει
2995 3514 3261 3584 Χριστοῦ.
3290 3515 3532 3583 Σιρραγὶς
3571 3519 3680 3582 γάρ

2115 3608 2228 3658 ἐστι
2266 3606 2325 3657 τὸ
2353 3607 2520 3675 μύρον
2552 3604 2643 3658 τοῦ
2681 3606 2919 3675 Χριστοῦ
2952 3607 3008 3658 ὲν
3059 3605 3135 3676 τῷ
3166 3606 3464 3672 Πνεύματι.
3503 3609 3609 3659 Καὶ
3653 3610 3682 3661 ὁ

2118 3698 2297 3767 ίερεύς
2345 3699 2502 3749 τοῦτο
2553 3697 2721 3766 ἐκβοᾷ
2781 3699 2837 3749 ἐν
2885 3696 2961 3765 τῷ
3013 3697 3334 3768 στραγίζειν
3368 3696 3445 3766 τῷ
3504 3701 3677 3767 μύρῳ,

2114 3789 2307 3855 λέγων,
2341 3808 2359 3840 ι
2397 3789 2638 3857 Σφραγὶς
2666 3788 2873 3859 δωρεᾶς
2905 3789 3217 3858 Πνεύματος
3240 3789 3416 3854 ἁγίου.
3447 3791 3622 3861 Ἀμήν
3657 3811 3676 3844 ι

2127 3880 2490 3950 Ἀχαρίτωτος
2526 3878 2633 3947 ἄρα
2662 3880 2754 3930 καὶ
2779 3880 3153 3948 ἁσφράγιστος
3175 3879 3253 3948 τῷ
3294 3879 3512 3949 Χριστῷ
3534 3882 3562 3932 ὀ
3604 3881 3680 3952 μὴ

2113 3970 2174 4023 τὺ
2210 3971 2380 4040 μύρον
2427 3969 2739 4038 δεξάμενος.
2778 3969 2965 4036 Μύρων
2998 3969 3053 4021 δὲ
3085 3969 3184 4023 οὐκ
3238 3970 3417 4022 ἔλαιον
3469 3971 3678 4037 ἁπλῶς,

2114 4061 2249 4114 ἀλλὰ
2275 4060 2334 4112 τὸ
2365 4061 2705 4129 ἡγιασμένον
2736 4061 2922 4129 εὐχαῖς
2944 4062 3001 4112 ὲν
3024 4061 3098 4130 τῷ
3127 4061 3498 4131 θυσιαστηρίῳ
3532 4063 3684 4133 παρὰ
3737 4060 3739 4062 ’

2113 4153 2222 4206 τῶν
2253 4151 2552 4222 ἀρχιερέων
2579 4151 2840 4222 Χριστοῦ,
2879 4152 2988 4204 τῶν
3015 4153 3350 4219 ἀποστόλων,
3381 4155 3585 4222 μᾶλλον
3616 4156 3678 4209 δὲ

2113 4243 2277 4298 αὐτοῦ
2307 4243 2399 4295 τοῦ
2428 4242 2666 4313 Χριστοῦ
2713 4243 3093 4296 πλουτούντων
3120 4244 3216 4315 τὴν
3257 4247 3510 4314 δύναμιν.
3568 4248 3684 4300 Καὶ

2112 4335 2232 4388 οὐδὲ
2269 4333 2440 4403 μύρον
2488 4333 2550 4384 τὸ
2582 4333 2690 4384 ἀπὸ
2718 4332 2988 4401 λειψάνων
3025 4333 3219 4400 ἁγίων,
3253 4327 3364 4385 οἷον
3394 4335 3454 4386 τὸ
3496 4339 3559 4388 ὲκ
3582 4337 3681 4391 τοῦ

2117 4427 2369 4493 σώματος
2403 4422 2495 4475 τοῦ
2548 4422 2691 4475 θείου
2743 4425 2834 4475 καὶ
2881 4423 3222 4494 μυροὸλήτου
3256 4427 3592 4494 Δημητρίου,
3642 4429 3678 4499 ἦ

441 4533 777 4591 unguentum
811 4523 992 4588 magni
1029 4520 1281 4591 martyris
1341 4519 1527 4572 Manna:
1569 4519 1705 4588 apud
1755 4519 2006 4590 Cyprios,

2117 4533 2256 4575 τινος
2289 4515 2450 4568 ἄλλου
2485 4514 2592 4566 τῶν
2623 4515 3018 4585 ἁγίων,ὣσπερ
3047 4515 3436 4584 διαφημίζεται
3473 4519 3590 4582 καὶ,
3620 4518 3680 4570 ὲν

440 4617 554 4671 sive
581 4623 779 4668 sanctae
811 4614 1090 4679 cuiusdam
1125 4612 1392 4682 imaginis,
1449 4613 1608 4667 veluti
1650 4622 1837 4667 sancta
1871 4614 2009 4665 diei-

445 4717 533 4762 tur
565 4707 724 4770 Sttta,
749 4706 862 4760 sive
904 4707 1121 4759 demum
1152 4714 1486 4773 unguentum
1526 4703 1594 4758 ab
1617 4708 1735 4757 oleo
1769 4705 2009 4756 dt-llm-us

443 4799 819 4861 lumiuariunt,
855 4815 971 4866 qua:
1043 4798 1248 4851 sanctis
1313 4798 1637 4866 imaginibus
1695 4797 2008 4864 reliquiisve

443 4903 708 4958 suspensa
772 4887 1071 4940 luccscuut.
1128 4885 1194 4939 Et
1236 4887 1350 4941 haec
1403 4888 1618 4952 quidem
1679 4886 2009 4946 veneianda.

439 4991 492 5034 et
550 4981 782 5049 gratiam
837 4978 1077 5030 divinam
1132 4975 1352 5040 habent,
1405 4986 1459 5029 ct
1519 4976 1733 5029 tu0tbos
1791 4990 2007 5040 curant,

440 5074 519 5125 dit
536 5071 764 5124 inissimi
788 5086 912 5121 vero
932 5068 1091 5136 hujus
1115 5069 1373 5136 unguenti
1391 5070 1639 5120 virtutem
1662 5082 1769 5119 non
1791 5067 2008 5134 habent;

440 5167 554 5233 ipsa
582 5165 724 5215 enitn
757 5162 993 5230 prOpt-ia,
1024 5171 1076 5214 et
1109 5176 1136 5212 a
1167 5159 1438 5226 pontiﬁce,
1504 5158 2010 5226 ponlilicalibusqtte

444 5253 695 5321 precibus
721 5253 1061 5319 producitur.
1097 5247 1202 5301 Nec
1235 5247 1540 5300 inconsulto
1603 5250 1857 5312 traditur,
1917 5253 2010 5300 sed

440 5339 510 5393 ad
536 5340 702 5391 altare
726 5350 970 5408 tempore
1011 5337 1264 5390 sacrilieii
1322 5346 1562 5406 peracta,
1601 5352 1694 5404 per
1763 5346 2008 5389 sanctam

441 5445 544 5486 nec
570 5447 674 5484 non
704 5446 948 5499 magnam
999 5431 1324 5484 l’arasceves
1373 5431 1714 5499 quintanatn,
1752 5431 1852 5482 sub
1908 5429 2010 5480 line

443 5522 693 5578 Sacrilitii
733 5524 982 5588 precibus
1016 5525 1324 5576 celebratur
1355 5538 1418 5576 ae
1452 5519 1830 5574 divmocrucis
1856 5519 2010 5587 signo

443 5614 741 5682 perﬁcitur,
800 5614 927 5666 illud
969 5628 1094 5664 vero
1159 5614 1311 5680 juxta
1369 5615 1550 5666 divuia
1608 5610 1884 5681 mysteria.
1939 5611 2010 5661 Ac

443 5704 606 5755 veluti
638 5721 734 5758 nec
767 5718 964 5770 Corpus
1005 5718 1103 5754 nec
1137 5704 1357 5770 Sanguis
1412 5704 1615 5757 Christi
1649 5703 1746 5756 etit
1775 5700 1928 5769 panis
1955 5709 2010 5754 et

440 5797 623 5848 viuum
659 5795 801 5864 quod
851 5796 1129 5864 priusnon
1189 5792 1348 5848 fuerit
1399 5795 1695 5850 sacerdotis
1753 5795 2009 5862 precibus

2113 4609 2177 4676 τῇ
2207 4606 2313 4657 τῶν
2363 4608 2630 4675 Κυπρὲων
2655 4604 2746 4658 τοῦ
2781 4605 3268 4675 μεγαλομάρτυρος
3296 4607 3612 4673 Μάμαντος,
3642 4607 3679 4676 ἢ

2113 4699 2272 4766 ἁγίας
2305 4699 2534 4756 εἰκόνος.
2580 4697 2653 4759 ὡς
2680 4698 2777 4765 τῆς
2830 4697 3127 4767 λεγομένης
3179 4697 3373 4768 Σιττὴν
3409 4699 3594 4765 ἁγίας,
3638 4698 3675 4768 ἢ

2113 4790 2173 4854 ἐξ
2220 4791 2402 4842 ἐλαίου
2445 4789 2553 4840 τῶν
2591 4791 2648 4841 ὲν
2674 4779 2788 4850 ταῖς
2819 4789 3011 4855 ἁγίαις
3065 4791 3270 4842 εἰκόσιν
3317 4793 3349 4858 ἢ
3403 4789 3681 4858 λειψάνοις

2112 4880 2551 4955 ἐκκρεμαμένων
2607 4879 2982 4946 φωταγωγῶν.
3037 4881 3145 4933 Καὶ
3183 4879 3358 4933 ταῦτα
3414 4881 3510 4946 μὲν
3567 4880 3682 4950 γάρ

2115 4971 2410 5039 σεϐάσμια,
2445 4971 2538 5022 καὶ
2569 4971 2728 5040 χάριν
2755 4970 2944 5039 ἔχοντα
2981 4970 3152 5035 θείαν,
3183 4975 3277 5025 καί
3313 4972 3483 5032 ἰάσεις
3508 4975 3683 5041 παρέ-

2112 5079 2294 5132 χοντα,
2341 5062 2455 5113 ἁλλ’
2485 5062 2545 5113 ού
2581 5062 2676 5130 τὴν
2711 5062 2940 5130 δύναμιν
2995 5064 3205 5115 ἐκείνου
3254 5063 3344 5114 τοῦ
3384 5062 3674 5115 θειοτάτου

2115 5153 2289 5221 μύρου
2313 5169 2328 5184 ο
2365 5153 2469 5206 ἰδία
2498 5155 2604 5219 γάρ
2633 5150 2796 5219 αῦτη.
2844 5155 2936 5205 καί
2981 5153 3069 5206 διὰ
3122 5154 3222 5222 τῆς
3257 5154 3686 5223 ἀρχιερωσύνης

2114 5249 2206 5293 καὶ
2236 5243 2344 5292 τῶν
2391 5242 2798 5310 ἀρχιερατικῶν
2824 5241 3001 5311 εὐχῶν
3053 5245 3398 5312 χορηγεῖται.
3431 5243 3538 5293 Καὶ
3575 5242 3682 5312 οὐχ

2114 5333 2302 5395 ἁπλῶς
2331 5334 2656 5400 ἐνεργεῖται,
2690 5333 2806 5385 ἀλλ’
2846 5334 2902 5384 ἐν
2936 5332 3014 5402 τῷ
3068 5332 3443 5402 θυσιαστηρίῳ
3488 5333 3545 5384 ἐν
3596 5331 3691 5402 τῷ

2113 5423 2291 5492 καιρῷ
2315 5424 2411 5491 τῆς
2448 5425 2758 5492 ἱερουργίας
2781 5423 3089 5492 τιθέμενον,
3125 5423 3267 5476 κατὰ
3295 5427 3391 5492 τὴν
3421 5424 3584 5490 ἁγίαν
3618 5439 3690 5475 τε

2113 5516 2205 5566 καὶ
2240 5515 2486 5582 μεγάλην
2517 5515 2801 5583 Πέμπτην,
2841 5518 2895 5566 ἐν
2928 5515 3006 5583 τῷ
3038 5514 3183 5567 τέλει
3227 5515 3330 5582 τῆς
3362 5515 3691 5584 ἱερουργίας

2112 5609 2300 5674 εὐχαῖς
2332 5607 2797 5675 ίερολογοόμενον.
2835 5609 2935 5660 καὶ
2981 5608 3237 5675 σφραγῖδι
3281 5608 3401 5676 θείᾳ
3434 5605 3691 5674 σταυροῦ

2111 5699 2682 5766 τελεσιουργούμενον,
2743 5696 2886 5749 καθὰ
2934 5698 3027 5749 καὶ
3083 5699 3148 5749 τὰ
3199 5698 3314 5748 θεῖα
3373 5699 3682 5765 μυστήρια.

2113 5792 2224 5844 Καὶ
2259 5789 2446 5860 ὥσπερ
2494 5791 2590 5843 οὐκ
2619 5790 2769 5844 ἔσται
2797 5789 2954 5859 σῶμα
2984 5790 3074 5843 καὶ
3109 5783 3246 5859 αἷμα
3271 5785 3512 5859 Χριστοῦ
3539 5789 3566 5840 ὀ
3600 5788 3698 5861 μὴ
