4044 6198
441 256 540 320 19)

1286 244 1657 306 SYMEONIS
1689 243 2426 307 THESSALONICENSIS
2458 247 2810 308 ARCHIEP.

3563 244 3676 306 200

439 370 568 424 ἱιζυιι
600 366 755 421 nobis
787 361 1117 434 pcenitr-ntia!
1166 360 1364 414 donum
1419 357 1776 426 praestitisset,
1819 371 1881 409 ac
1911 369 2005 424 per

2118 360 2401 427 μετονοέας
2453 359 2596 426 μέγα
2641 358 2811 427 δῶρον
2857 354 3242 427 παρεσχηκὼς,
3291 353 3380 408 καὶ
3431 355 3518 407 διὰ
3570 357 3676 408 τῶν

440 459 752 529 pi-Ophetas.
798 471 889 523 per
935 453 1328 506 Praecursorem
1365 449 1526 502 etiam
1570 447 2007 516 przenuntinsset,

439 554 553 604 sive
574 565 600 601 a
625 546 918 613 semetipso
948 545 1060 596 sive
1080 557 1109 594 a
1135 540 1435 609 discipulo;
1462 553 1671 594 sacram
1697 536 2028 616 huiusmodi

441 641 666 694 formam
708 637 904 690 iterum
942 648 1035 702 per
1065 633 1336 701 apostolos
1365 646 1428 684 ac
1453 645 1548 700 per
1580 629 1821 698 seipsum
1851 627 2010 682 simi-

440 733 562 784 liter
593 728 820 798 prmbuit
853 725 1180 792 tradiditque
1205 724 1390 802 dicens
1418 740 1430 775 :
1481 741 1499 774 ι
1542 722 1598 777 Si
1628 724 1750 792 quis
1784 723 1898 776 vult
1924 737 2013 774 ve-

378 871 382 881 ,
440 824 556 876 nire
600 831 720 889 post
764 835 868 882 me,
902 819 1130 884 abneget
1170 817 1550 884 semetipsum,
1609 815 1760 868 tollat
1789 828 2006 868 crucem

443 929 595 968 Suam
655 911 918 981 quotidie,
961 918 1017 963 et
1083 917 1341 976 sequatur
1381 922 1488 960 me.
1525 924 1542 957 ι
1594 905 1672 959 Ne
1714 915 1892 958 autem
1947 919 2011 957 ex

441 1003 695 1058 omnibus
727 1001 1076 1056 credentibus
1108 998 1306 1067 aliquis
1341 1004 1548 1049 tantum
1583 997 1695 1050 htec
1727 994 2010 1064 suscipiat,

443 1097 640 1162 quibus
674 1107 864 1146 omnes
910 1092 1113 1160 pariter
1155 1098 1404 1144 tenentur
1448 1086 1653 1152 fideles,
1706 1101 1898 1155 nempe
1945 1087 2012 1140 ad

445 1192 671 1235 mortem
721 1195 896 1247 usque
952 1179 1110 1232 ﬁdem
1166 1176 1429 1248 proﬁteri.
1487 1185 1672 1244 utpote
1735 1175 2010 1257 Christum

444 1277 598 1342 sequi
631 1272 908 1335 debentes,
942 1271 1034 1341 qui
1082 1286 1144 1324 ex
1179 1271 1433 1340 prteclara
1459 1269 1802 1324 confessione
1836 1267 2013 1324 Patris

448 1375 500 1418 et
528 1364 762 1432 Spiritus
788 1364 958 1418 sancti
995 1362 1367 1416 testimonium
1401 1361 1676 1430 perhibuit
1699 1360 1799 1415 sub
1824 1358 2013 1414 Pontio

444 1457 650 1522 Pilato;
683 1455 771 1507 sed
815 1456 975 1507 etiam
1011 1453 1151 1520 quod
1181 1451 1596 1520 ;Ctittfessiottem
1640 1451 1784 1503 illam
1835 1450 2015 1504 adhuc

449 1548 684 1615 proﬁteri
720 1557 1003 1600 teneantur
1043 1545 1132 1612 qui
1179 1544 1230 1596 in
1266 1544 1598 1596 conscientia
1638 1542 2012 1596 testimonium

448 1638 732 1706 perhibere
763 1637 982 1697 debent,
1031 1634 1170 1703 quod
1220 1635 1370 1703 juxta
1410 1633 1685 1688 Christum
1725 1633 1798 1686 sit
1825 1647 2011 1687 eorum

2115 448 2411 518 προφητῶν
2443 451 2535 500 κα)⁵
2558 448 2650 500 τοῦ
2685 448 3002 520 Προδρόμου
3039 446 3283 516 κηρύξας
3326 446 3422 500 καὶ
3452 445 3520 497 δι’
3554 447 3676 498 ἐαυ-

2113 541 2205 592 τοῦ
2237 541 2330 593 καὶ
2361 541 2469 592 τῶν
2499 539 2757 609 μαθητῶν
2785 539 2972 604 αὑτοῦ,
3021 539 3247 608 ὕστερον
3278 539 3372 592 καὶ
3403 539 3462 591 τὸ
3493 540 3678 607 σχῆμα

2111 632 2172 682 τδ
2210 632 2364 698 ἅγιον
2411 631 2613 698 ὁμοίιος
2656 631 2743 683 διὰ
2801 631 2909 683 τῶν
2959 631 3275 686 ἀποστόλων
3332 632 3427 684 καὶ
3481 631 3676 685 ἑαυτοῦ

2114 719 2394 790 παρέδειξὲ
2421 738 2480 773 τε
2527 721 2618 773 καὶ
2655 721 3059 791 παραδέδωκεν,
3098 736 3116 770 ι
3159 719 3224 770 Εἴ
3268 735 3353 780 τις
3385 718 3553 780 θέλει,
3593 717 3674 769 λέ·

2121 830 2245 880 γων,
2289 813 2466 864 ὀπίσω
2503 829 2603 880 μου
2649 810 2984 871 ἀκολουθεῖν,
3020 809 3429 879 ἀπαρνησάσθω
3465 808 3678 870 ἑαυτὸν,

2114 907 2206 957 καὶ
2254 903 2445 969 ἀράτω
2501 903 2591 955 τὸν
2647 901 2879 971 σταυρὸν
2933 901 3124 963 αὑτοῦ,
3177 901 3274 953 καὶ
3327 900 3682 968 ἀκολουθήτω

2118 1012 2262 1064 μοι.»
2299 995 2405 1049 Καὶ
2429 995 2517 1048 ἴνα
2547 996 2620 1064 μή
2655 1012 2737 1056 τις
2771 993 2900 1064 περὶ
2927 994 3147 1048 πάντων
3178 994 3287 1047 τῶν
3314 993 3680 1045 πιστευόντων

2119 1088 2276 1157 μόνον
2325 1088 2483 1140 τοῦτο
2526 1087 2858 1157 ἐκλάὗῃ,ὄτι
2913 1087 3184 1153 ὀφείλουσι
3245 1085 3443 1145 πάντες
3500 1083 3682 1135 mro".

2114 1183 2241 1250 ἄχρι
2275 1181 2364 1234 καὶ
2393 1180 2626 1234 θανᾶτου
2657 1179 2796 1249 ὑπὲρ
2825 1178 2925 1247 τῆς
2978 1178 3212 1240 πίστεως
3264 1178 3367 1247 71
3405 1175 3676 1238 ἴσασθαι,

2113 1272 2489 1338 ὲςξακολουθεῖν
2521 1272 2824 1340 ὀφείλοντες
2849 1269 2926 1337 τῷ
2972 1268 3193 1336 Χριστῷ
3223 1269 3362 1338 ὑπὲρ
3387 1268 3485 1334 τῆς
3511 1266 3682 1334 nisi}:

2113 1356 2401 1436 ὁμολογίας
2431 1363 2524 1416 τοῦ
2559 1365 2763 1433 Πατρός
2796 1363 2888 1414 καὶ
2917 1363 3110 1415 ἑαυτοῦ
3135 1362 3226 1414 καὶ
3249 1359 3342 1413 τοῦ
3369 1360 3681 1430 Πνειξματος

2119 1458 2530 1528 μαρτυρήσαντι
2583 1457 2676 1509 ἐπὶ
2741 1456 2964 1508 Ποντίου
3029 1455 3284 1517 Πιλάτου,
3334 1453 3448 1505 ἀλλ’
3491 1455 3572 1504 ὅτι
3622 1453 3682 1504 τὸ

2119 1549 2484 1618 παράγγελμα.
2509 1547 2668 1600 τοῦτο
2695 1547 2788 1599 καὶ
2813 1546 2951 1614 ὑπὲρ
2975 1545 3084 1598 τῶν
3107 1543 3430 1612 ὀφειλόντων
3463 1545 3520 1596 τὸ
3541 1544 3682 1596 κατὰ

2119 1638 2423 1708 συνείδησιν
2480 1639 2782 1709 μαρτύριον
2822 1639 3087 1706 ἐνεργεῖν,
3119 1637 3255 1706 ὅπερ
3297 1637 3444 1688 ἐστὶν
3488 1637 3516 1688 6
3542 1636 3683 1687 κατὰ

445 1729 576 1795 vita,
611 1729 663 1781 in
693 1727 880 1795 primis
911 1741 1039 1780 vero
1071 1726 1458 1780 monachorum
1509 1725 1752 1787 ordines,
1792 1722 2012 1794 jamjam

2118 1701 2352 1800 Χριστόν
2386 1701 2520 1799 βίος,
2561 1701 2859 1800 ’ἐξαιρέτως
2893 1701 2968 1781 at
2998 1728 3199 1795 μᾶλλον
3223 1701 3278 1797 *ἡ
3315 1726 3552 1780 πολιτεία
3574 1725 3682 1777 τῶν

446 1820 568 1874 audi
601 1821 726 1888 quid
755 1817 914 1871 Petro
951 1817 1170 1879 dixerit,
1195 1817 1308 1869 haec
1346 1815 1586 1884 loquenti
1624 1834 1637 1869 :
1677 1833 1696 1866 ι
1738 1815 1880 1869 Ecce
1916 1828 2016 1867 nos

447 1913 764 1981 reliquimus
809 1910 1014 1972 omnia,
1045 1917 1098 1961 et
1147 1906 1324 1961 secuti
1350 1922 1538 1960 sumus
1583 1915 1659 1970 te;
1699 1905 1874 1975 palam
1902 1905 2014 1975 jam

447 2006 727 2074 proﬁtetur
755 2003 963 2064 dicens,
1003 2002 1141 2068 quod
1175 2016 1272 2055 vos
1299 2001 1389 2068 qui
1438 2001 1607 2054 secuti
1631 2000 1787 2053 restis
1821 2014 1926 2062 me,
1963 1997 2016 2052 in

448 2095 872 2163 regeneratione,
907 2109 1030 2147 cum
1064 2092 1264 2145 sederit
1311 2089 1476 2144 Filius
1522 2090 1758 2144 hominis
1790 2089 1842 2142 in
1894 2091 2020 2143 sede

447 2184 746 2254 majestatis
776 2198 908 2249 suae,
938 2181 1194 2238 sedebitis
1226 2190 1278 2233 et
1308 2196 1400 2234 vos
1434 2195 1595 2248 Super
1625 2180 1784 2234 sedes
1811 2180 2017 2234 duode-

454 2274 586 2336 cim,
641 2273 946 2342 judicautes
995 2271 1278 2324 duodecim
1330 2270 1504 2323 lribtts
1559 2269 1754 2334 Israel;
1799 2288 1816 2320 ι
1876 2270 2018 2338 quod

449 2363 775 2432 pomillcalis
811 2374 896 2416 est
929 2364 1134 2427 gratiae,
1184 2377 1346 2428 quam
1394 2360 1679 2424 discipulis
1720 2362 1834 2414 suis
1883 2375 2021 2427 prac-

446 2454 617 2519 stitit;
656 2454 849 2507 deinde
877 2456 1048 2522 pergit
1083 2470 1098 2505 :
1133 2470 1150 2503 ι
1191 2451 1256 2504 Ει
1288 2451 1464 2505 omnis
1495 2452 1586 2519 qui
1627 2451 1898 2518 reliquerit
1925 2452 2021 2503 doc

452 2561 623 2607 mum,
665 2545 746 2597 vel
802 2543 1016 2608 fratres,
1069 2551 1161 2595 aut
1209 2557 1446 2608 serores,
1507 2551 1601 2596 aut
1656 2549 1882 2609 patrem,
1927 2551 2021 2595 aut

450 2647 696 2698 matrem,
730 2643 824 2688 aut
860 2649 1106 2695 uxorem,
1140 2643 1233 2686 aut
1263 2633 1422 2696 lilios,
1457 2644 1550 2685 aut
1579 2647 1762 2702 agros,
1801 2642 2021 2702 promer

451 2744 537 2782 me
585 2737 637 2779 et
686 2726 1032 2796 Evangelium
1071 2741 1268 2789 meum,
1320 2725 1630 2793 centuplum
1673 2725 1921 2793 accipiet,
1967 2732 2021 2778 et

448 2819 610 2872 vitam
643 2826 898 2871 aeternam
932 2815 1249 2884 possidebit.
1295 2833 1313 2865 ι
1370 2815 1444 2870 lta
1477 2815 1662 2885 procul
1693 2815 1858 2868 dubio
1892 2830 2019 2868 sese

449 2907 612 2962 habet
636 2908 1025 2959 monachorum
1056 2904 1200 2970 vita;
1233 2911 1285 2958 et
1315 2921 1379 2958 cx
1414 2905 1530 2974 ipso
1564 2905 1782 2974 quidem
1815 2916 2021 2976 marty-

449 2996 531 3049 rio
560 3010 622 3049 ca
653 3010 755 3090 vqx
784 2995 1122 3063 intelligitur,
1155 2993 1392 3062 plerique
1427 2993 1572 3047 enim
1604 3009 1815 3056 eorum,
1841 2996 2016 3049 outui-
2043 3034 2088 3090 ο

450 3085 553 3138 bus
585 3055 878 3145 derclicﬁs,
913 3100 1008 3150 pro
1037 3084 1254 3162 Christo
1279 3085 1474 3136 mortui
1508 3092 1653 3138 sunt.
1689 3082 1774 3141 Ex.
1799 3087 2015 3155 pr0pria

446 3184 627 3226 autem
665 3175 1052 3227 monachorum
1100 3175 1282 3242 politia
1310 3187 1491 3242 aperte
1523 3175 1832 3241 innotescit,
1871 3177 2014 3245 quod

441 3279 504 3322 et
535 3267 670 3318 hanc
710 3265 956 3319 Salvator
993 3266 1106 3335 ipse
1135 3266 1450 3329 instituerit,
1482 3277 1533 3320 et
1568 3268 1685 3335 ejus
1728 3267 2012 3338 discipuli;

449 3357 563 3424 ipse
595 3356 737 3406 enim
778 3355 925 3423 virgo
951 3352 1051 3407 fuit
1080 3363 1133 3407 et
1165 3369 1384 3423 pauper,
1418 3371 1539 3409 cum
1573 3367 1716 3409 esset
1744 3357 1931 3425 dives;
1965 3369 2016 3415 et

442 3447 503 3503 in
535 3461 716 3500 monte
741 3448 934 3510 oravit,
966 3459 1016 3500 et
1043 3445 1216 3499 Patris
1242 3447 1413 3501 fartus
1442 3457 1525 3503 est
1552 3449 1812 3504 obcdieus
1845 3465 2015 3519 usque

447 3536 515 3593 ad
545 3546 794 3600 mortem,
830 3548 1054 3592 mortem
1093 3547 1272 3592 autem
1301 3540 1504 3604 crucis,
1538 3555 1638 3593 nec
1673 3539 1800 3594 fecit
1830 3542 2020 3595 Volun-

444 3638 614 3682 tatem
663 3644 842 3691 suam,
879 3631 972 3682 sed
1022 3629 1351 3683 volantatem
1404 3631 1524 3698 ejus
1562 3631 1655 3699 qui
1702 3629 1846 3684 misit
1891 3645 2017 3685 eum

450 3719 648 3783 Patris,
683 3726 736 3773 et
762 3720 898 3772 lnrnc
931 3735 1102 3790 usque
1132 3721 1198 3774 ad
1246 3733 1473 3774 mortem
1513 3722 1753 3775 servavit
1779 3721 1967 3775 dicens
1999 3740 2012 3777 :

457 3825 477 3858 ι
517 3804 635 3861 Non
689 3818 868 3862 autem
912 3824 1056 3875 mea,
1097 3827 1114 3860 ι
1170 3811 1351 3864 carnis
1400 3809 1676 3873 videlicet,
1723 3828 1740 3861 ι
1780 3813 1872 3865 sed
1925 3822 2018 3865 tua

446 3901 700 3953 .voluntas
745 3900 858 3961 ﬁat,
898 3918 916 3952 ι
954 3901 1132 3954 divina
1184 3901 1325 3954 enint
1379 3915 1488 3955 non
1526 3901 1630 3956 alia
1666 3901 1767 3955 luit
1815 3900 2013 3968 Patris,

443 3989 554 4049 alia
585 3991 702 4058 ejus
733 3993 999 4046 voluntas.
1038 3991 1104 4048 Et
1143 3991 1344 4059 ubique
1390 3995 1588 4061 passim
1629 3993 2017 4046 monachorum

449 4082 616 4133 vitam
651 4081 803 4135 nobis
850 4081 1118 4135 tradidit:
1162 4099 1182 4128 ο
1217 4081 1317 4145 Qui
1350 4091 1514 4144 amat,
1567 4082 1760 4150 inquit,
1811 4095 2016 4152 patrem

445 4180 548 4236 aut
606 4181 830 4226 matrem
901 4173 1022 4242 plus
1091 4187 1254 4240 quam
1315 4188 1421 4238 me,
1491 4189 1596 4227 non
1653 4182 1737 4227 est
1805 4189 1890 4227 me
1937 4174 2018 4226 di-

437 4279 629 4337 gnus,
687 4275 741 4316 et
767 4263 857 4332 qui
896 4274 1038 4316 amat
1087 4263 1253 4315 liliqu
1317 4270 1410 4314 aut
1452 4263 1613 4315 liliam
1676 4277 1840 4330 super
1889 4278 2016 4328 me,

439 4369 558 4414 ,non
615 4363 694 4406 cst
752 4367 837 4404 me
888 4353 1104 4420 dignus.
1174 4369 1194 4403 ι
1231 4345 1349 4406 Et:
1418 4369 1438 4403 ι
1498 4351 1601 4418 Qui
1658 4367 1766 4407 non
1825 4371 2023 4409 renun-

439 4449 552 4506 tiat
621 4446 874 4499 omnibus
936 4459 1057 4513 quae
1131 4445 1403 4512 possidet,
1448 4459 1554 4498 non
1617 4454 1796 4514 potest
1871 4463 2020 4505 meus

441 4552 573 4594 esse
596 4536 912 4604 discipulus.
950 4554 969 4586 ι
1009 4534 1073 4587 Et
1117 4535 1454 4589 adolescenti
1485 4553 1499 4590 :
1535 4553 1553 4586 ι
1595 4533 1652 4589 Si
1685 4539 1788 4602 vis,
1821 4537 2017 4608 inquit,

450 4628 730 4699 perfectus
774 4642 916 4689 esse,
951 4627 1108 4692 vade,
1140 4626 1313 4682 vende
1338 4642 1458 4696 quae
1492 4629 1678 4690 habes.
1716 4640 1770 4684 et
1796 4630 1861 4685 da
1887 4645 2020 4700 pau-

451 4721 694 4790 per-ibus,
735 4730 791 4775 et
841 4719 1062 4774 habebis
1102 4719 1416 4774 thesaurum
1457 4719 1510 4774 in
1562 4722 1702 4774 casio
1735 4739 1750 4775 :
1795 4732 1848 4777 et
1877 4723 2021 4788 veni,

451 4827 684 4882 Sequere
723 4827 828 4866 me.
867 4829 888 4864 ι
916 4812 1074 4876 Quod
1105 4826 1237 4865 sane
1268 4812 1412 4866 haud
1440 4811 1709 4882 martyrii,
1733 4813 1867 4867 bene
1893 4829 2023 4868 vero

455 4904 842 4959 monachorum
873 4912 956 4957 est
989 4902 1131 4957 vine.
1160 4901 1224 4956 Et
1261 4902 1464 4957 dicenti
1494 4921 1506 4957 :
1551 4921 1570 4955 ι
1603 4905 1866 4959 Permitte
1892 4906 2023 4959 mihi

461 4995 699 5064 primum
733 4994 828 5060 ire,
857 5003 906 5045 et
928 4993 1154 5060 sepelire
1188 5003 1394 5061 patrem
1436 5009 1611 5047 meum
1652 5013 1696 5060 ο,
1729 4994 1856 5063 quid
1889 4995 2026 5048 dixit

453 5087 542 5154 qui
581 5087 694 5139 hinc
723 5085 910 5138 docuit
940 5100 1045 5138 :—-
1091 5103 1109 5135 ι
1149 5084 1364 5138 llonora
1394 5092 1598 5152 patrem
1639 5094 1789 5139 tuum
1821 5095 1874 5140 et
1905 5100 2022 5138 ina-

455 5176 588 5228 trem
612 5173 801 5237 tuam?
824 5191 840 5222 ι
874 5170 940 5229 Ut
971 5188 1069 5227 nos
1091 5174 1155 5226 ad
1181 5173 1472 5242 perfectius
1499 5174 1750 5238 adducat,
1783 5175 2022 5228 divinant

455 5280 648 5332 nempe
683 5265 745 5319 ad
795 5269 1183 5320 monachorum
1221 5265 1404 5329 vitam,
1459 5273 1707 5333 parentes
1752 5264 1900 5334 ipsos
1940 5265 2026 5318 hic

460 5357 797 5423 spernendos
833 5358 1045 5422 suadet,
1077 5365 1129 5410 et
1155 5356 1207 5409 in
1242 5356 1525 5425 praecipuis
1560 5357 1802 5426 quidem.
1851 5356 2027 5421 Quare

461 5445 614 5500 hoc?
665 5444 800 5510 Quia
851 5463 960 5514 pne
992 5448 1244 5502 omnibus
1277 5447 1628 5502 honorandus
1649 5459 1730 5502 est
1764 5449 1903 5503 Deus
1932 5448 2025 5517 qui

461 5551 557 5589 nos
596 5538 820 5601 creavit,
870 5548 923 5590 ct
951 5539 996 5591 si
1027 5551 1242 5609 propter
1271 5555 1392 5594 eum
1424 5549 1478 5594 et
1509 5541 1661 5610 juxta
1692 5557 1816 5594 eum
1848 5541 2027 5593 vivere

457 5641 750 5694 cupimus,
808 5627 1139 5700 propinquos
1196 5640 1410 5695 nostros
1445 5631 1744 5688 secundum
1801 5644 2023 5686 carnem

2122 1819 2369 1892 μοναχῶν
2389 1836 2403 1850 ·
2438 1821 2673 1873 ἄκουσον
2703 1821 2754 1872 τί
2792 1819 2925 1889 πρὸς
2954 1819 3046 1872 τὸν
3080 1819 3284 1887 Πέτρον
3318 1819 3500 1884 φησὶν,
3532 1818 3682 1884 εἰρη-

2119 1911 2269 1976 κότα,
2306 1929 2324 1963 ι
2369 1910 2496 1964 Ἰδοὺ
2527 1912 2687 1978 ἡμεῖς
2713 1910 3008 1978 ἀφήκαμεν
3045 1910 3240 1974 πάντα,
3271 1911 3362 1961 καὶ
3389 1906 3683 1977 ἠκολουθή-

2120 2003 2291 2071 σαμέν
2325 2018 2425 2056 σοι.
2454 2019 2474 2054 ι
2519 2000 2947 2068 Ἐπαγγέλλεται
2970 2003 3078 2070 γὰρ
3107 2001 3302 2065 λέγων,
3333 1999 3407 2060 ὡς
3439 2016 3457 2050 ι
3491 1998 3682 2066 Ὑμεῖς

2117 2095 2167 2147 oi
2211 2092 2674 2160 ἀκολουθήσαντές
2731 2109 2820 2160 μοι
2863 2094 2921 2144 ὲν
2981 2094 3046 2162 τῇ
3092 2091 3504 2158 παλιγγενεσία,
3551 2091 3682 2141 ὅταν

2119 2183 2318 2252 καθίσῃ
2351 2183 2380 2235 6
2418 2182 2545 2241 Υἱὸς
2592 2181 2686 2234 τοῦ
2717 2181 3000 2250 ἀνθρώπου
3041 2182 3132 2236 ἐπὶ
3163 2181 3351 2251 θρόνου
3398 2181 3553 2250 δόξης
3583 2183 3682 2232 αὺ-

2117 2277 2231 2337 τοῦ,
2270 2275 2558 2330 καθίσεσθε
2604 2275 2696 2328 καὶ
2740 2275 2894 2343 ὑμεῖς
2942 2275 3032 2326 ἐπὶ
3061 2273 3268 2326 δώδεκα
3312 2273 3408 2342 θρό
3441 2292 3535 2335 ων,
3561 2273 3684 2340 κρί-

2119 2385 2300 2430 νοντες
2351 2369 2449 2431 τὰς
2495 2367 2705 2421 δώδεκα
2735 2365 2905 2434 φυλὰς
2943 2363 3034 2418 τοῦ
3071 2363 3307 2434 Ἰσραήλ.
3345 2382 3364 2415 ι
3403 2363 3467 2416 ’Ὀ
3496 2363 3558 2431 δὴ
3583 2366 3686 2429 τῆς

2119 2459 2507 2528 ἀρχιερατικῆς
2551 2458 2665 2509 ἐστι
2697 2457 2938 2526 χάριτος,
2975 2459 3038 2524 ἣν
3067 2455 3308 2524 παρέσχε
3340 2457 3449 2516 τοῖς
3503 2455 3684 2524 μαθηο

2119 2548 2258 2605 ταῖς.
2298 2543 2429 2598 Εἶτα
2469 2545 2684 2611 ἐπάγει,
2743 2561 2763 2596 ι
2817 2546 2922 2596 Καὶ
2968 2547 3075 2606 πᾶς
3116 2543 3173 2608 ὃς
3225 2544 3436 2612 ἀφῆκεν
3481 2544 3682 2607 οἰκίας,

2120 2636 2151 2704 ἢ
2185 2635 2465 2709 αδελφοὺς,
2507 2633 2818 2702 Manen,
2853 2634 2886 2702 ἢ
2921 2635 3154 2704 πατέρα,
3189 2633 3220 2702 ἢ
3261 2633 3488 2703 μητέρα,
3524 2632 3555 2701 ἢ
3590 2649 3685 2698 γυ-

2121 2728 2300 2786 ναῖκα,
2395 2725 2575 2785 τέκνα,
2610 2725 2642 2793 ἢ
2681 2724 2905 2795 ἀγροὺς,
2938 2725 3122 2777 ἕνεκεν
3163 2724 3297 2794 ἐμοῦ
3341 2728 3434 2777 καὶ
3463 2724 3554 2778 τοῦ
3587 2725 3686 2776 E6-

2119 2817 2397 2886 αγγελίου,
2422 2816 2952 2870 ἑκατονταπλασίονα
2980 2815 3227 2886 λήψεται,
3254 2816 3346 2869 καὶ
3375 2817 3518 2884 ζωὴν
3552 2816 3687 2869 una.

2121 2927 2230 2965 νιον
2275 2908 2741 2978 κληρονομήσει.)
2787 2907 2961 2976 Ὀπερ
3009 2908 3275 2976 ἁριδήλως
3331 2909 3357 2960 6
3407 2907 3518 2975 βίος
3568 2908 3686 2958 ἐστὶ

2119 3001 2228 3055 τῶν
2259 3001 2527 3069 μοναχῶν.
2563 2999 2669 3050 Καὶ
2699 2999 2998 3066 ἐνεργεῖται
3035 2997 3133 3066 μὲν
3168 2997 3261 3049 καὶ
3295 2997 3370 3066 τῷ
3401 2997 3687 3065 μαρτυρίῳ

2121 3094 2148 3146 6
2170 3093 2346 3159 λόγος,
2373 3091 2556 3144 πολλοὶ
2579 3089 2686 3159 γὰρ
2709 3090 2888 3142 πάντα
2907 3088 3316 3150 καταλιπόντες,
3346 3087 3432 3140 διὰ
3453 3086 3688 3153 Χριστὸν

2118 3184 2389 3238 ἀπέθανον
2412 3199 2425 3213 ·
2462 3183 2568 3253 ίδῖᾳ
2601 3183 2657 3234 δὲ
2689 3181 2847 3234 τοῦτο
2894 3183 2960 3249 τῇ
3008 3179 3252 3247 πολιτείᾳ
3295 3179 3403 3231 τῶν
3439 3178 3688 3246 μοναχῶν

2120 3273 2472 3342 φανεροῦται,
2501 3273 2566 3342 ἣν
2594 3273 2688 3325 καὶ
2712 3271 2871 3334 αὐτὸς
2900 3270 3281 3324 πεπολίτευται
3305 3272 3331 3321 ὀ
3355 3269 3565 3338 Σωτὴρ,
3594 3270 3688 3321 καὶ

2117 3365 2166 3418 οἱ
2196 3364 2359 3417 αὐτοῦ
2391 3363 2669 3433 μαθηταί·
2703 3361 2863 3424 αὐτὸς
2898 3361 2997 3431 μὲν
3028 3359 3393 3428 παρθενεύων,
3419 3360 3516 3414 καὶ
3547 3375 3692 3411 πτω-

2118 3455 2213 3526 χὸς
2242 3454 2338 3517 ὢν,
2371 3456 2399 3507 6
2442 3455 2715 3516 πλούσιος,
2750 3453 2843 3506 καὶ
2879 3453 3315 3522 προσευχόμενος
3348 3451 3406 3502 ὲν
3442 3450 3521 3519 τῷ
3547 3448 3686 3517 ὄρει,

2119 3547 2212 3601 καὶ
2248 3545 2684 3611 ὑποτασσόμενος
2713 3544 2840 3612 ἄχρι
2874 3543 3105 3596 θανάτου
3134 3542 3362 3612 σταυροῦ
3391 3541 3467 3610 τῷ
3493 3540 3689 3608 "arpi,

2119 3640 2213 3692 καὶ
2245 3639 2320 3705 μὴ
2349 3637 2410 3689 τὸ
2439 3634 2632 3689 ἑαυτοῦ
2665 3636 2831 3688 ποιῶν
2853 3633 3085 3702 θέλημα,
3111 3634 3248 3686 ἀλλὰ
3275 3635 3336 3686 τὸ
3359 3633 3571 3701 θέλημα
3593 3631 3689 3684 τοῦ

2120 3729 2432 3798 πέμψαντος
2462 3727 2624 3780 αὐτὸν
2658 3725 2888 3794 Πατρός,
2914 3725 2941 3776 ὃ
2988 3726 3080 3778 καὶ
3128 3723 3291 3798 μέχρι
3335 3723 3429 3776 τοῦ
3483 3721 3691 3784 πάθους

2119 3797 2353 3888 ὲφῦλαξε
2377 3835 2390 3848 ·
2421 3837 2437 3869 ι
2476 3818 2620 3888 Πλὴν
2657 3816 2730 3886 μὴ
2761 3816 2819 3868 τὸ
2840 3815 3048 3882 θέλημά
3071 3831 3198 3883 μου,
3220 3797 3414 3881 λέγων,
3450 3831 3470 3865 ι
3503 3815 3561 3865 το
3591 3813 3690 3876 τῆς

2078 3922 2093 3943 ⁵
2121 3910 2321 3980 σαρκὸς
2344 3908 2605 3978 δηλονότι,
2633 3928 2651 3958 ι
2678 3906 2811 3961 ἀλλὰ
2842 3905 2901 3956 τὸ
2923 3905 3013 3956 σον
3034 3904 3294 3972 γενέσθω,
3321 3924 3339 3955 ι
3363 3904 3480 3972 ἢτοι
3509 3904 3566 3956 τὸ
3595 3903 3689 3954 τοῦ

2121 4002 2332 4071 Πατρὶς
2350 4000 2492 4053 θεῖον
2515 3999 2572 4053 ἓν
2595 3999 2801 4066 θέλημα
2824 3997 2918 4050 καὶ
2941 3996 3127 4049 αὐτοῦ·
3147 3997 3238 4049 κλὶ
3265 3995 3498 4065 ἀλλαχοῦ
3519 3996 3574 4048 δὲ
3599 3997 3692 4047 τὸν

2119 4093 2227 4145 τῶν
2255 4091 2502 4161 μοναχῶν
2529 4090 2702 4150 διδοὺς
2735 4089 2872 4158 βίον,
2907 4107 2925 4141 ι
2960 4087 3020 4142 Ὀ
3047 4089 3233 4154 φιλῶν,
3268 4090 3422 4155 φησι,
3460 4089 3670 4154 πατέρα

2119 4184 2152 4254 ἢ
2187 4183 2396 4251 μητέρα
2450 4181 2586 4249 ὑπὲρ
2613 4179 2712 4248 ἐμὲ
2741 4179 2840 4231 οὐκ
2869 4179 2982 4232 ἔστι
3021 4197 3122 4246 μου
3154 4179 3337 4242 ἄξιοςο
3383 4197 3402 4229 ι
3435 4178 3529 4230 καὶ
3567 4194 3586 4228 ι
3629 4178 3694 4230 ’0

2123 4273 2291 4340 φιλῶν
2334 4271 2450 4324 υἱὸν
2509 4270 2542 4339 ἢ
2601 4270 2878 4338 θυγατέρα
2924 4270 3064 4340 ὑπδρ
3121 4271 3221 4338 ἐμὲ
3278 4269 3377 4322 οὐκ
3422 4268 3536 4319 ἔστι
3589 4285 3691 4334 μου

2059 4357 2103 4414 D
2129 4357 2296 4422 ἄξιος.
2332 4375 2350 4408 ι
2397 4359 2503 4409 Καὶ
2538 4375 2557 4408 ι
2593 4358 2686 4419 Ὃς
2718 4358 2820 4413 οὐκ
2852 4359 3219 4413 ἀποτάσσεται
3251 4361 3383 4411 πᾶσι
3418 4362 3525 4421 rei;
3559 4360 3689 4417 ὲαυυ

2123 4447 2217 4500 τοῦ
2265 4449 2626 4518 ὑπάρχουσιν,
2663 4449 2720 4500 οὐ
2751 4448 2976 4501 δύναται
3006 4444 3147 4501 εἷναί
3198 4467 3298 4518 μου
3352 4450 3590 4519 μαθητῇ.
3620 4465 3632 4478 ·
3667 4467 3687 4500 ο

2123 4537 2221 4590 καὶ
2273 4537 2406 4606 πρὸς
2456 4541 2545 4592 τὸν
2594 4538 2894 4602 νεανίσκον,
2943 4558 2961 4590 ι
2999 4539 3062 4593 Ei
3094 4541 3266 4602 Θέλεις
3297 4540 3496 4596 τέλειος
3523 4539 3695 4604 εἶναι,

2124 4629 2380 4699 πώλησόν
2415 4645 2509 4680 σου
2559 4629 2627 4682 τὰ
2679 4628 3015 4697 ὑπάρχοντα,
3044 4630 3141 4682 καὶ
3184 4630 3270 4693 δὺς
3309 4633 3563 4699 πτωχοῖς,
3601 4639 3697 4685 καὶ

2125 4717 2266 4783 ἕξεις
2329 4717 2602 4788 θησαυρὸν
2652 4719 2710 4769 ἐν
2754 4717 2989 4789 οὐρανῷ.
3043 4720 3151 4772 Καὶ
3203 4718 3361 4789 δεῦρο
3410 4721 3698 4774 ἀκολούθει

2129 4825 2254 4879 μοι’
2299 4827 2317 4859 ι
2354 4809 2491 4877 ὅπερ
2559 4809 2620 4860 οὐ
2676 4809 2998 4879 μαρτυρίου,
3052 4810 3188 4864 ἀλλὰ
3244 4811 3338 4864 τοῦ
3401 4811 3700 4879 μοναχκοῦ

2124 4903 2240 4953 ἐστι
2283 4899 2397 4973 βίον
2424 4917 2437 4929 ·
2468 4901 2564 4954 καὶ
2610 4901 2743 4970 πρὸς
2791 4900 2883 4957 τὸν
2927 4901 3150 4964 λέγοντα
3200 4903 3255 4955 δὲ
3290 4903 3564 4966 ἀπελθεῖν,
3599 4909 3700 4959 καὶ

2125 4993 2291 5062 θάψαι
2352 4993 2442 5044 τὸν
2498 4991 2688 5047 ἑαυτοῦ
2750 4994 2983 5063 πατέρα,
3025 4995 3076 5045 τί
3129 5012 3292 5064 φησιν
3345 4996 3698 5062 ὁδιδάσκων,

2133 5103 2151 5138 ι
2187 5085 2336 5154 Τίμα
2361 5085 2452 5137 τὸν
2480 5087 2689 5153 πατέρα
2720 5101 2816 5136 σου
2849 5084 2939 5136 καὶ
2977 5085 3077 5155 τὴν
3105 5087 3316 5156 μητέρα
3362 5104 3455 5138 σου
3482 5101 3496 5153 ;
3539 5104 3557 5136 ι
3604 5087 3704 5149 Et;

2125 5174 2188 5227 τδ
2229 5173 2562 5240 τελειότερον
2595 5172 2943 5235 ἁναὸισᾶζων
2977 5175 3146 5242 ἡμᾶς,
3195 5175 3286 5226 τὸν
3337 5173 3544 5243 θεοειδῆ
3581 5173 3702 5241 βίον

2125 5266 2233 5318 τῶν
2300 5265 2571 5335 μοναχῶν,
2619 5269 2711 5317 καὶ
2773 5266 2879 5317 τῶν
2937 5262 3140 5333 γονέὼν
3185 5267 3543 5334 καταφρονεῖν
3591 5257 3701 5320 ὧδε

2128 5358 2405 5426 παραινεῖ,
2439 5356 2534 5408 καὶ
2575 5359 2632 5408 ἐν
2667 5357 2850 5418 αὐτοῖς
2883 5358 2990 5418 τοῖς
3023 5357 3280 5426 καιρίοις.
3310 5356 3411 5410 Διὰ
3447 5358 3534 5418 τίς
3571 5356 3702 5410 Ὅτι

2130 5447 2526 5514 προτιμότερος
2570 5445 2794 5497 ¹πάντων
2820 5445 2847 5495 6
2884 5445 3290 5512 ποιήσαςσὴμὶς
3319 5445 3470 5503 Θεός.
3511 5443 3617 5494 Καὶ
3650 5443 3705 5494 εἰ

2127 5539 2193 5591 δι’
2223 5539 2383 5593 αὑτὸν
2416 5537 2536 5589 κατ’
2567 5537 2728 5589 αὑτὸν
2756 5537 2854 5604 ζῇν
2891 5535 3211 5603 βουλόμεθα,
3246 5535 3308 5588 οὐ
3354 5536 3512 5604 χρεία
3543 5548 3705 5602 μερι-

2134 5631 2271 5702 μνᾷν
2325 5629 2472 5701 ἡμᾶς
2522 5636 2647 5700 περὶ
2703 5629 2811 5681 τῶν
2854 5628 2993 5681 κατὰ
3029 5628 3206 5696 σάρκα
3237 5627 3382 5682 ἰδίων
3406 5645 3419 5658 ·
3453 5629 3534 5680 ὅτι
3566 5639 3710 5698 προ--
