4044 6198
499 318 607 380 203

1343 309 1729 372 SYMEONIS
1758 308 2518 378 THESSALONICENSIS
2556 309 2915 375 ARCHIEP.

3653 321 3748 384 2οί

504 441 583 484 tas
613 429 771 498 paulo
802 433 922 495 post
954 423 1182 478 creverit
1210 437 1275 478 ac
1301 422 1537 486 auxerit,
1584 430 1637 476 et
1669 420 1902 491 majores
1942 417 2069 474 facti
2101 473 2102 478 η

2189 421 2506 494 βαλμῳδιῶν
2555 424 2650 477 καὶ
2700 425 2876 494 εὐχῶν
2933 423 3254 479 άκολουθίαι
3308 424 3403 481 καὶ
3434 427 3613 494 τάξεις
3659 430 3754 486 ὑπὸ

501 524 610 577 sint
660 519 790 573 varii
845 517 1099 572 Ecclesia:
1131 524 1329 579 status,
1359 531 1421 570 ac
1477 513 1790 584 prmelarius
1865 511 2076 567 enitue-

503 601 612 666 rint
635 624 755 678 quae
804 609 870 662 ad
923 624 1133 664 sacram
1186 605 1588 662 Eucltaristiam
1633 614 1687 660 et
1743 603 2075 673 baptismum

502 712 776 774 spectant,
802 717 1008 757 necnon
1035 702 1459 772 psalntodiarum
1499 713 1830 770 precumque
1848 697 2082 766 sequelae

500 809 554 852 et
585 797 829 860 ordines,
867 811 987 865 quae
1020 804 1144 866 apte
1198 793 1476 849 a'sanctis
1525 793 1682 858 viris,
1719 791 1927 862 Spiritu
1961 806 2077 845 mo-

503 898 684 954 vente,
724 890 948 955 ﬁebant,
985 898 1271 957 postquam
1309 887 1522 941 demum
1554 885 1949 940 monachorum
1988 886 2082 939 lia-

507 981 674 1046 bitus,
707 980 900 1049 aptiori
935 979 1284 1049 gravioriquo
1339 979 1440 1034 sub
1486 978 1684 1039 forma,
1719 976 1913 1047 angelo
1952 990 2074 1030 eam

435 1069 442 1076 ’
509 1075 776 1137 tradente,
815 1071 1115 1126 Pachomio
1143 1070 1506 1141 apparuerit:
1545 1085 1610 1124 ex
1649 1079 1778 1124 tunc
1811 1083 2083 1124 veneran-

504 1165 628 1219 dius
660 1165 854 1217 tunica:
893 1162 1300 1224 indumentum,
1335 1169 1539 1232 .postea
1577 1175 1706 1214 vero
1737 1174 1872 1213 zona
1896 1166 1950 1212 et
1975 1157 2084 1212 cla-

504 1270 627 1315 vus,
687 1253 888 1308 deinde
937 1253 1184 1306 cucullus
1234 1262 1289 1308 et
1338 1253 1580 1321 pallium,
1612 1259 1666 1305 et
1727 1249 1994 1314 sandalia,
2026 1257 2084 1303 et

506 1347 712 1421 trabea,
746 1361 973 1415 quasque
1008 1345 1314 1399 divinarum
1370 1359 1548 1397 rerum
1584 1340 1938 1412 symbolicam
1968 1338 2082 1392 elli-

506 1441 643 1509 giem
669 1454 779 1509 prce
810 1455 868 1493 se
893 1438 1158 1492 ferebant.
1194 1439 1258 1491 lit
1299 1436 1415 1491 haec
1455 1434 1672 1504 quidem
1715 1443 1919 1502 septem
1951 1439 2081 1486 sunt

507 1543 758 1601 numero,
792 1531 955 1586 veluti
1013 1539 1219 1599 septem
1271 1536 1398 1583 sunt
1445 1525 1718 1598 pontiﬁcis
1745 1523 2081 1589 indumenta,

2185 514 2294 566 τῶν
2343 514 2483 568 κατὰ
2532 516 2758 586 καιροὺς
2815 515 2989 587 ἁγίων
3035 516 3246 588 ἀνδρῶν
3294 522 3628 589 κινουμένων
3683 526 3754 594 τῷ

2191 604 2491 674 Πνεῦματι,
2521 606 2621 658 καὶ
2646 605 2713 660 τὰ
2742 605 2839 660 τοῦ
2893 603 3172 676 σχήματος
3207 610 3315 664 τῶν
3345 613 3596 683 μοναχῶν
3628 616 3754 685 πρὸς

2187 696 2247 749 τὸ
2304 697 2694 765 εὐτακτότερον
2742 699 2839 752 καὶ
2885 700 3213 770 σεμνότερον
3263 703 3368 756 ὖπδ
3413 705 3640 772 ἀγγέλου
3684 707 3756 777 τῷ

2191 789 2472 859 Παχωμίῳ
2515 788 2811 844 ἐδείκνυτο.
2844 789 2955 845 Καὶ
3009 791 3238 861 χιτῶνος
3297 794 3396 862 μὲν
3451 795 3757 851 εὐλαϐεστέ-

2191 899 2258 952 ρα
2288 881 2549 952 περιϐολή
2572 896 2585 911 ο
2616 877 2736 936 εἶτα
2770 881 2914 953 ζώνη
2969 900 3029 936 τε
3091 883 3188 938 καὶ
3227 877 3499 950 ¹άνσίϐολος
3523 904 3538 921 ο
3580 888 3759 943 ἔπειτα

2189 972 2527 1039 κουκούλιον,
2565 973 2660 1026 καὶ
2689 973 2937 1040 παλλίον,
2970 976 3062 1028 καὶ
3091 976 3352 1032 σανδάλια
3377 980 3471 1032 καὶ
3498 980 3756 1049 μανδύας.

2190 1064 2349 1118 θείων
2379 1065 2542 1118 τινῶν
2571 1065 2924 1136 παρεχόμενα
2955 1067 3288 1140 συμϐολικὴν
3318 1068 3547 1124 ἔννοιαν.
3575 1071 3760 1126 ’Λτινα

2189 1156 2253 1225 δὴ
2301 1157 2397 1209 καὶ
2454 1157 2595 1210 ἑπτά
2631 1159 2788 1222 εἰσιν,
2819 1157 2893 1221 ὡς
2935 1159 3030 1213 καὶ
3072 1161 3140 1213 τὰ
3166 1161 3258 1214 τοῦ
3285 1161 3590 1232 ἀρχιερέως
3629 1164 3764 1216 εἰσὶν

2191 1247 2488 1317 ἐνδύματα,
2524 1247 2623 1318 τὴν
2663 1248 3011 1320 τελειοτάτην
3042 1251 3426 1321 μαρτυροῦντα
3459 1251 3628 1323 ζωὴν,
3661 1255 3764 1307 ἀπὸ

2187 1339 2298 1392 τῶν
2336 1341 2477 1393 ἑπτὰ
2524 1343 2881 1411 χαρισμάτων
2937 1342 3031 1395 τοῦ
3064 1343 3407 1413 Πνεῦματος.
3450 1345 3596 1415 Πλὴν
3638 1346 3763 1415 περὶ

2188 1429 2394 1484 τούτων
2427 1430 2661 1501 ἐροῦμεν
2684 1433 3032 1501 τρανότερον,
3075 1433 3277 1486 ὁπόταν
3337 1435 3432 1486 καὶ
3476 1434 3606 1504 περὶ
3653 1435 3761 1489 τῶν

2194 1518 2494 1588 γινομένων
2531 1519 2750 1589 ἑκάστῳ
2783 1519 3033 1590 εἴπωμεν
3059 1522 3364 1592 μυστηρίῳ.

505 1626 916 1695 perfectissimae
985 1625 1106 1679 rita:
1165 1623 1537 1678 testimonium
1617 1620 1986 1690 perbibentia,
2049 1631 2080 1671 a
2119 1625 2326 1685 septem
2384 1611 2620 1683 Spiritus
2679 1614 2853 1668 sancti
2919 1614 3078 1669 donis
3125 1615 3380 1674 deducta.
3452 1617 3520 1672 de
3569 1616 3760 1687 quibus

505 1723 745 1793 apertius
804 1723 1070 1787 dicemus,
1108 1735 1230 1776 cum
1273 1720 1341 1775 de
1371 1720 1453 1774 bis
1501 1733 1623 1788 qua:
1677 1717 1742 1771 ad
1789 1716 2060 1786 singultim
2095 1712 2415 1783 mysterium
2443 1721 2692 1781 spectant
2726 1711 3086 1768 disseremus.

1097 1880 1323 1936 CAPUT
1366 1880 1495 1934 LVI.

511 1995 664 2061 Quod
704 1997 804 2049 olei
843 1995 981 2049 sacri
1011 1995 1116 2048 sive
1147 1995 1382 2048 oratione
1439 1993 1730 2047 consecrati
1777 1993 2086 2063 mysterium

896 2084 929 2120 a
961 2064 1238 2119 Salralore
1265 2066 1518 2117 traditum
1575 2064 1699 2132 fuit.

579 2183 729 2235 Nunc
759 2190 941 2255 autem
978 2179 1044 2234 de
1068 2178 1300 2248 septimo
1352 2177 1737 2248 mysteriorum
1772 2191 1869 2231 ceu
1895 2175 1961 2228 de
1998 2188 2089 2230 sa.

508 2286 604 2325 cro
635 2272 756 2324 oleo
814 2271 973 2324 nobis
1024 2270 1208 2324 dicere
1245 2269 1534 2335 incumbit,
1569 2271 1845 2340 quomodo
1873 2267 2001 2322 illud
2055 2281 2086 2321 a

509 2363 788 2418 Salvatore
830 2361 986 2416 nobis
1023 2360 1281 2414 traditum
1315 2359 1443 2424 fuit,
1468 2361 1742 2429 quomodo
1776 2362 1941 2414 etiam
1973 2359 2087 2428 ipse

511 2462 706 2506 unctus
741 2461 821 2504 est
846 2450 987 2515 oleo,
1017 2465 1125 2503 non
1160 2458 1340 2505 autem
1381 2460 1599 2519 propter
1625 2465 1706 2513 se,
1743 2449 1837 2505 sed
1869 2459 2088 2519 propter

509 2561 633 2607 nos,
662 2553 719 2597 ut
744 2546 906 2598 etiam
948 2544 1218 2612 mysteriis
1247 2543 1365 2598 aliis
1402 2559 1532 2597 usus
1571 2553 1672 2608 est,
1699 2559 1762 2597 ac
1792 2559 2084 2612 quamnam
2114 2588 2128 2600 .

510 2639 733 2692 demum
765 2638 893 2691 huic
961 2637 1213 2691 virtutem
1270 2637 1536 2706 praestitit.
1563 2635 1714 2696 _Illud
1772 2639 1990 2706 quidem
2021 2653 2087 2692 eo

513 2741 757 2798 tempore
803 2729 1045 2792 tradidit,
1080 2743 1188 2797 quo
1252 2729 1401 2783 misit
1448 2729 1724 2798 apostolos
1773 2745 1903 2784 suos
1932 2730 2087 2784 binos

511 2830 636 2875 ante
667 2819 858 2875 [ciem
886 2835 1078 2884 suam;
1111 2829 1164 2874 et
1194 2830 1476 2885 exeuntes,
1501 2822 1694 2890 inquit,
1723 2821 2088 2889 praedicabant

516 2923 571 2964 ut
608 2913 978 2982 pmnitcntiam
1029 2920 1271 2980 agerent.
1307 2909 1550 2965 Videsne
1601 2913 1760 2974 etiam
1814 2913 2086 2980 quomodo

510 3005 630 3058 oleo
666 3005 767 3058 ista
800 3004 1131 3072 pmnitentia:
1160 3019 1328 3073 opera
1364 3003 1753 3072 perﬁciuntur?
1781 3003 1844 3058 Et
1885 3005 2084 3058 dieme-

519 3096 608 3148 nia
649 3095 815 3148 multa
850 3095 1160 3164 cjiciebant,
1198 3107 1250 3149 et
1295 3096 1570 3163 ungebant
1601 3095 1799 3150 multos
1829 3112 2001 3164 aegros
2031 3106 2084 3150 et

2775 1881 3026 1936 ΚΕΦΑΑ.
3060 1881 3203 1948 Νςν.

2194 1993 2324 2047 "Ott
2367 1993 2464 2048 καὶ
2520 1997 2587 2048 τὸ
2638 1994 2744 2048 τοῦ
2801 1997 2974 2062 ἁγίου
3022 1996 3233 2049 ἐλαίου
3281 1995 3413 2060 ἤτοι
3447 1996 3760 2063 εὑχελαίου

2314 2065 2649 2134 μυστήριον
2682 2067 2799 2120 ὑπὸ
2831 2067 2936 2120 τοῦ
2972 2064 3247 2133 Σωτῆρός
3280 2066 3410 2118 ἐστι
3437 2064 3630 2120 δοθέν.

2264 2175 2376 2230 Νῦν
2403 2177 2459 2230 δὲ
2499 2180 2593 2230 καὶ
2623 2178 2754 2247 περὶ
2781 2177 2872 2231 τοῦ
2901 2179 3129 2248 ἑϐδόμου
3171 2179 3281 2232 τῶν
3314 2181 3629 2251 μυστηρίων
3667 2183 3757 2235 τοῦ

2192 2266 2348 2335 ἁγίου
2385 2268 2568 2322 ἐλαίου
2625 2265 2926 2338 ἀναγκαῖόν
2969 2271 3114 2323 ἐστιν
3144 2272 3342 2336 είπετν,
3370 2272 3518 2334 ὅπως
3566 2291 3625 2326 τε
3665 2279 3757 2327 καὶ

2189 2359 2350 2413 τοῦτο
2373 2361 2435 2413 ἐκ
2464 2361 2557 2413 τοῦ
2582 2360 2832 2430 Σωτῆρος
2865 2362 3022 2431 ἡμῶν
3048 2363 3281 2433 ὑπάρχει
3315 2365 3635 2432 παραδοθὲν,
3668 2367 3761 2421 καὶ

2191 2452 2355 2515 αὐτὸς
2392 2451 2550 2505 τοῦτο
2575 2451 2857 2524 ἠλείψατο,
2891 2454 2950 2506 οὐ
2979 2453 3045 2508 δι’
3071 2455 3284 2523 ἑαυτὸν,
3311 2457 3377 2509 δι’
3401 2458 3546 2527 ἡμᾶς
3573 2458 3648 2523 δὲ,
3686 2459 3757 2521 ὡς

2190 2547 2280 2596 καὶ
2319 2545 2430 2606 τοῖς
2457 2544 2664 2609 λοιποῖς
2703 2547 3024 2616 μυστηρίοις
3049 2549 3342 2619 ἐχρήσατο,
3369 2551 3466 2604 καὶ
3518 2551 3636 2604 τίνα
3665 2551 3758 2622 τὴν

2195 2637 2347 2706 ίσχυν
2379 2637 2512 2707 ἔχει.
2545 2638 2902 2708 Παραδέδωκε
2926 2642 3104 2694 τοίνυν
3131 2642 3282 2709 αὐτὸ,
3307 2645 3473 2715 ἡνίκα
3503 2645 3626 2706 τοὺς
3657 2663 3760 2713 μα.-
3843 2705 3856 2711 _

2191 2728 2358 2797 θητάς
2382 2729 2711 2782 ἀπέστελλεν
2740 2729 2906 2783 αὐτοῦ
2929 2730 3023 2783 δύο
3065 2733 3158 2784 δύο
3189 2735 3296 2804 πρὸ
3327 2735 3617 2806 προσώπου
3641 2738 3760 2790 ἐαυ-

2188 2819 2304 2873 τοῦ.
2341 2819 2403 2872 Οἳ
2435 2820 2532 2874 καὶ
2563 2821 2949 2890 πορευθέντες,
2994 2823 3179 2892 φησὶν,
3215 2827 3520 2894 ἐκήρυσσον
3551 2828 3634 2880 ἵνα
3666 2847 3761 2896 με-

2187 2911 2543 2992 τανοήσωσιν.
2590 2912 2753 2982 Ὁρᾷς
2798 2914 2893 2966 καὶ
2952 2913 3112 2968 τοῦτο
3160 2916 3219 2968 τὸ
3241 2917 3417 2971 ἔλαιον
3459 2919 3533 2979 ὡς
3576 2921 3641 2973 τὰ
3665 2924 3760 2990 τῆς

2193 3005 2480 3071 μετανοίας
2511 3005 2737 3071 τελειοὴ
2770 3007 2880 3059 Καὶ
2939 3006 3190 3078 δαιμόνια
3251 3012 3420 3064 πολλὰ
3457 3013 3756 3075 ἐξέϐαλλον.

2191 3093 2292 3147 Καὶ
2323 3097 2544 3166 ἢλειφον
2589 3097 2754 3167 ἐλαίῳ
2788 3098 3018 3162 πολλοὺς
3064 3101 3384 3172 ἀρρώστους
3437 3105 3528 3157 καὶ
3571 3105 3760 3174 ὲθερςὶ.⁴

510 3189 795 3244 sanabant.
858 3189 995 3242 Ecce
1043 3188 1220 3242 oleum
1278 3199 1652 3243 consecratum
1705 3188 2075 3256 paenitentiam

2191 3201 2376 3239 πευον.
2432 3186 2560 3240 Ἰδοὺ
2596 3187 2656 3239 τὸ
2690 3187 2868 3240 ἔλαιον
2901 3188 3262 3260 ἀγιαζόμενον
3289 3194 3402 3254 τοῖς
3445 3197 3762 3258 μετανοοῦσι

509 3280 795 3346 agentibus
833 3279 1082 3344 traditur;
1113 3288 1164 3332 ct
1200 3293 1375 3347 aegros
1419 3288 1596 3340 sanat,
1639 3293 1740 3331 nec
1776 3287 1932 3332 curat
1962 3293 2083 3331 cor-

510 3384 642 3437 pora
675 3379 905 3432 tantum,
941 3368 1034 3423 sed
1075 3370 1237 3422 etiam
1271 3369 1505 3422 animas.
1539 3367 1693 3433 Quod
1722 3369 1884 3422 etiam
1915 3377 2086 3423 testa-

510 3470 601 3514 tur
649 3457 1069 3526 Tiieadelpbus:
1113 3476 1130 3508 ι
1159 3457 1465 3511 lnﬁrmatur
1503 3458 1628 3526 quis
1669 3458 1722 3513 in
1770 3458 1962 3514 vobis?
2003 3460 2086 3514 ln-

513 3556 675 3607 ducat
725 3552 1074 3620 presbyteros
1120 3547 1391 3615 Ecclesiae,
1425 3559 1478 3604 et
1522 3559 1679 3604 orent
1735 3566 1899 3619 super
1937 3568 2082 3614 eum,

513 3650 780 3712 ungentes
815 3657 938 3696 eum
984 3641 1184 3696 oleoin
1233 3641 1454 3694 nomine
1505 3639 1740 3693 Domini.
1805 3639 1870 3693 Et
1911 3639 2085 3693 oratio

516 3736 640 3790 lidei
667 3734 896 3790 salvatit
927 3733 1222 3794 infirmum,
1257 3738 1312 3784 et
1337 3729 1608 3784 alleviabit
1637 3729 1929 3795 Dominus;
1961 3731 2084 3785 etsi

512 3831 570 3884 in
614 3831 846 3899 peccatis
903 3828 992 3890 sit,
1029 3827 1370 3890 remittemur
1427 3830 1494 3878 ei.
1525 3843 1543 3875 ι
1593 3823 1744 3878 Unde
1776 3826 1939 3879 etiam
1983 3826 2086 3879 alia

515 3921 761 3991 quaedam
795 3928 1111 3972 novatorum
1139 3917 1452 3971 Latinorum
1473 3917 1766 3971 destruitur
1798 3925 2084 3972 sententia.

514 4012 592 4066 lbi
637 4028 874 4079 namque
927 4025 1143 4063 sacrum
1181 4008 1358 4061 oieum
1391 4007 1456 4061 iis
1483 4007 1574 4076 qui
1633 4007 1755 4061 vita:
1807 4024 1957 4079 spem
1995 4012 2090 4064 ba-

510 4105 640 4157 bent
699 4101 840 4155 haud
907 4099 1229 4153 tradendum
1289 4114 1412 4153 esse
1475 4101 1835 4165 contenlunt,
1892 4101 1984 4154 sed
2023 4100 2090 4155 iis

515 4203 724 4248 tantum
747 4193 840 4260 qui
879 4192 1203 4254 moriuntur,
1239 4205 1361 4243 cum
1390 4198 1608 4262 peccata
1639 4191 1949 4246 remitteudi
1978 4191 2092 4244 vir-

513 4297 684 4340 tutem
719 4285 772 4337 in
814 4297 872 4337 se
910 4283 1219 4347 contineat;
1251 4280 1526 4334 contrario
1562 4283 1720 4336 modo
1770 4281 2090 4350 apostolicis

515 4374 929 4437 traditionibus,
959 4374 1099 4426 sicut
1132 4373 1187 4425 in
1220 4373 1496 4436 omnibus,
1531 4373 1693 4427 etiam
1747 4374 1802 4427 in
1856 4374 1944 4428 his
1969 4389 2094 4428 sen-

2185 3277 2409 3332 δίδοται.
2459 3279 2566 3331 Καὶ
2613 3281 2740 3342 τοὺς
2801 3281 3219 3352 ἀρρωστοῦντας
3269 3284 3439 3351 ἰᾶται,
3476 3287 3571 3340 καὶ
3596 3287 3759 3355 θερα-

2187 3373 2347 3426 πεύει
2390 3374 2450 3426 οὐ
2485 3372 2714 3443 σώματα
2763 3373 2942 3442 μόνον,
2977 3375 3112 3428 ἀλλὰ
3155 3378 3247 3429 καὶ
3281 3379 3378 3442 τὰς
3405 3378 3603 3449 ψυχάς.
3651 3383 3758 3435 Καὶ

2189 3468 2316 3535 περὶ
2339 3464 2527 3518 τούτου
2551 3468 2820 3534 μαρτυρεῖ
2845 3467 2872 3517 ὁ
2896 3467 3220 3535 Θεάδελφος,
3241 3488 3258 3521 ι
3285 3470 3548 3536 Ἀσθενεί,
3566 3472 3758 3541 λέγων,

2187 3573 2270 3619 τις
2327 3558 2386 3608 ἐν
2425 3557 2591 3624 ὑμῖνς
2653 3557 3128 3626 προσκαλεσάσθω
3179 3563 3307 3623 τοὺς
3355 3565 3761 3635 πρεσϐυτέρους

2187 3647 2286 3711 τῆς
2311 3646 2628 3717 ἐκκλησίας,
2656 3649 2750 3699 καὶ
2779 3649 3270 3717 προσευξάσθωσαν
3301 3653 3383 3704 ἐπ’
3409 3655 3590 3722 αὑτὸν,
3616 3656 3763 3709 ἀλεξ-

2191 3738 2392 3805 ψαντες
2429 3739 2588 3790 αὑτὸν
2617 3738 2782 3809 ἐλαίῳ
2803 3741 2860 3791 ὲν
2888 3740 2966 3808 τῷ
2993 3740 3216 3809 ὀνόματι
3242 3741 3336 3794 τοῦ
3359 3745 3705 3812 Κυρίου.Καὶ
3729 3749 3761 3816 ὴ

2191 3829 2325 3899 εὐχὴ
2341 3828 2439 3897 τῆς
2456 3828 2695 3893 πίστεως
2714 3829 2877 3883 σώσει
2909 3832 3002 3884 τὸν
3033 3831 3327 3903 κάμνοντα,
3345 3837 3437 3887 καὶ
3458 3836 3560 3905 73
3585 3839 3765 3908 ἐγερεί

2191 3921 2355 3973 αὑτὸν
2386 3923 2409 3972 ὁ
2444 3919 2670 3987 Κύριος.
2701 3919 2818 3973 Κᾶν
2858 3922 3136 3990 ἁμαρτίας
3251 3927 3591 3994 πεποιηκὼς,
3632 3931 3768 3997 ἀφει-

2192 4009 2420 4079 θήσεται
2453 4008 2624 4078 αὐτῷ.
2672 4027 2691 4060 ι
2713 4007 2980 4064 Ἐνταῦθα
3003 4015 3094 4066 καὶ
3123 4014 3254 4081 άλλη
3277 4031 3360 4076 τις
3387 4015 3490 4067 τῶν
3524 4034 3768 4071 καινοτο-

2193 4099 2439 4169 μούντων
2490 4099 2734 4153 Λατίνων
2797 4100 3196 4155 καταϐάλλεται
3250 4103 3395 4167 δόξα.
3432 4097 3590 4160 Οὗτοι
3652 4110 3763 4176 γάρ

2191 4206 2346 4258 φασι,
2379 4190 2451 4242 Τὸ
2482 4189 2638 4258 ἅγιον
2668 4190 2847 4244 ἔλαιον
2892 4191 2954 4244 οὐ
2989 4193 3094 4263 χρὴ
3147 4193 3385 4247 δίδοσθαι
3421 4197 3529 4259 τοῖς
3572 4197 3762 4252 ἐλπίδα

2191 4283 2548 4352 κεκτημένοις
2599 4283 2766 4358 ζωῆς,
2803 4283 2936 4338 ἀλλὰ
2990 4286 3103 4348 τοῖς
3132 4285 3538 4356 ἀποθνήσκουσι
3571 4292 3762 4359 μόνον,

2192 4373 2379 4444 ἐπειδὴ
2404 4375 2820 4445 ἁμαρτημάτων
2850 4376 3146 4447 παρέχεται
3173 4379 3366 4446 ἄφεσιν
3388 4397 3403 4411 ·
3431 4383 3766 4448 άπεναντέας

516 4471 713 4524 tientes
739 4479 792 4521 et
820 4475 1040 4536 agentes
1065 4482 1078 4517 :
1105 4465 1452 4533 Tlieadelplio
1480 4465 1622 4518 enim
1652 4465 1941 4531 clamante,
1982 4484 2000 4516 ι
2024 4463 2090 4518 Ει

2192 4469 2304 4528 τοῖς
2334 4467 2707 4530 άποστολικοῖς
2739 4468 2812 4530 ὡς
2853 4470 2910 4519 ὲν
2935 4468 3105 4522 ἅπασι
3137 4472 3230 4521 καὶ
3255 4465 3355 4524 ὦδε
3387 4475 3477 4525 καὶ
3503 4479 3770 4543 φρονοῦν-
3839 4509 3848 4517 -

517 4556 790 4613 alleviabit
819 4572 940 4610 eum
978 4556 1258 4622 Dominus,
1293 4575 1311 4608 ι
1351 4555 1404 4609 lti
1432 4570 1538 4609 non
1569 4555 1883 4612 alleviandis
1908 4559 2085 4612 oleum

515 4649 662 4704 istud
721 4649 857 4702 tradi
929 4647 1117 4702 dicunt
1174 4663 1238 4702 ac
1307 4656 1650 4717 peccatorum
1714 4648 2087 4704 remissionem

516 4743 570 4795 in
602 4741 718 4796 solo
769 4742 888 4795 oleo
928 4749 1197 4803 statuunt,
1234 4741 1372 4794 lianc
1429 4751 1574 4794 certe
1608 4749 1954 4810 peccatorum
2004 4756 2088 4796 re-

515 4833 832 4888 missionem
866 4847 930 4886 ex
953 4832 1301 4886 confessione
1327 4847 1541 4900 semper
1568 4842 1621 4886 et
1655 4833 1756 4887 hoc
1783 4847 1941 4888 sacro
1967 4834 2088 4887 oleo

517 4925 756 4994 undique
803 4923 1064 4993 perfecto,
1120 4939 1183 4977 ex
1217 4924 1711 4980 communicatione
1742 4928 1986 4994 corporis
2036 4937 2089 4980 ct

514 5015 794 5087 sanguinis
825 5014 1028 5070 Christi
1061 5027 1113 5069 et
1150 5015 1239 5069 Dei
1273 5014 1470 5076 nostri,
1513 5015 1893 5083 paenitentiam
1925 5031 2090 5086 agam

515 5106 665 5160 tibus
686 5106 1023 5160 solummodo
1053 5118 1393 5159 concessam.
1428 5102 1584 5168 Quod
1606 5113 1785 5157 autem
1811 5119 1907 5171 pro
1933 5104 2088 5159 nobis

517 5199 641 5252 oleo
680 5207 879 5252 unctus
929 5197 1000 5251 sit
1049 5197 1320 5260 Salvator,
1373 5196 1520 5249 disce
1551 5195 1617 5249 ab
1650 5207 1946 5264 unguento,
1979 5210 2089 5264 quo

521 5289 792 5346 accedens
843 5289 1098 5343 meretrix
1158 5288 1317 5341 unxit
1373 5301 1498 5341 eum
1532 5304 1547 5342 :
1585 5301 1692 5340 non
1725 5301 1790 5341 ea
1834 5285 1954 5356 quae
1984 5287 2088 5342 fuit

520 5381 760 5451 passioni
786 5382 1028 5449 proxima
1053 5379 1244 5445 Maria,
1285 5377 1482 5432 Lazari‘
1502 5392 1686 5443 soror,
1712 5379 1904 5432 honori
1925 5380 2086 5434 etiam

521 5470 765 5525 habenda
792 5472 1030 5538 gmulier,
1089 5484 1141 5523 et
1185 5486 1247 5524 ea
1294 5469 1535 5538 myrrha,
1577 5476 1633 5520 ut
1685 5466 1778 5532 ait,
1834 5467 1886 5520 in
1937 5467 2084 5521 l'utu-

519 5577 634 5614 ram
665 5563 783 5629 eius
830 5560 1166 5628 sepulturam
1214 5559 1621 5620 eﬂ‘undebatur,
1656 5573 1781 5612 cum
1808 5559 1969 5613 etiam
2023 5575 2084 5612 ea

516 5669 638 5720 qua:
675 5653 728 5706 in
763 5651 924 5706 domo
953 5651 1194 5708 Simonis
1259 5643 1459 5721 leprosi
1483 5659 1604 5704 erat
1635 5649 1852 5715 mulier,
1885 5651 1927 5703 si
1961 5651 2083 5720 qui-

519 5747 638 5799 dem
665 5743 791 5811 alia,
825 5757 931 5800 nor
965 5758 1026 5800 ea
1060 5752 1256 5813 potest
1276 5757 1394 5802 esse
1424 5742 1627 5814 Mariti;
1659 5751 1711 5796 ct
1736 5741 1836 5796 hoc
1875 5741 1926 5796 in
1957 5758 2082 5812 pas-

2193 4574 2282 4620 τες
2341 4557 2434 4610 καὶ
2494 4558 2830 4627 πράττοντες
2879 4560 3106 4628 ῥήμασι.
3153 4561 3259 4613 Τοῦ
3315 4564 3421 4631 γὰρ
3453 4563 3767 4634 Θεαδέλφου

2195 4651 2449 4720 βοῶντος,
2495 4669 2511 4700 ι
2548 4651 2654 4703 Καὶ
2691 4651 2875 4718 ἐγερεῖ
2903 4651 3062 4703 αὐτὸν
3106 4655 3134 4704 ὁ
3165 4654 3389 4723 Κύριος,
3420 4675 3438 4707 ι
3471 4656 3616 4710 οὗτοι
3650 4663 3772 4722 τοῖς

2195 4745 2270 4813 μὴ
2305 4740 2675 4811 ὲγειρομένοις
2712 4739 2972 4809 παρέχειν
3012 4741 3168 4795 τοῦτό
3194 4760 3348 4811 φασι,
3379 4748 3471 4797 καὶ
3499 4747 3597 4816 τὴν
3627 4749 3776 4816 ἄρεα

2193 4851 2277 4886 σιν
2307 4835 2412 4884 τῶν
2446 4831 2737 4901 ἁμαρτιῶν
2769 4833 2826 4882 ὲν
2860 4831 2936 4901 τῷ
2964 4832 3127 4901 ἐλαίῳ
3160 4833 3306 4902 μόνῳ
3350 4836 3726 4904 περιορίζουτι
3752 4853 3767 4868 ο

2191 4920 2462 4989 κα,ίτοι”γε
2493 4920 2694 4991 ταύτην
2730 4922 2828 4991 τὴν
2865 4919 3056 4989 ἄφεσιν
3086 4924 3193 4975 τῶν
3232 4925 3514 4994 ἁμαρτιῶν
3567 4929 3665 4978 κν).
3702 4930 3776 4997 τῇ

2186 5013 2578 5081 ἐξομολογήσει
2611 5011 2980 5082 χαριζομένην
3009 5013 3116 5077 ἀεὶ,
3151 5015 3247 5066 καὶ
3286 5015 3460 5084 τούτῳ
3494 5017 3570 5085 τῷ
3621 5019 3776 5087 ἁγίῳ

2157 5119 2162 5143 ί
2191 5103 2358 5170 ἐλαίῳ
2398 5103 2631 5157 πάντοτε
2667 5101 2998 5170 τελουμένῳ,
3028 5102 3121 5155 καὶ
3148 5105 3213 5173 τῇ
3246 5108 3498 5176 κοινωνίᾳ
3530 5107 3623 5158 τοῦ
3661 5109 3780 5160 σώ-

2187 5204 2360 5264 ματος
2387 5195 2481 5248 καὶ
2511 5194 2741 5261 αἵματος
2769 5195 2860 5246 τοῦ
2889 5193 3125 5263 Χριστοῦ
3155 5195 3248 5248 καὶ
3278 5196 3413 5248 Θεοῦ
3446 5197 3623 5266 ἡμῶν,
3657 5203 3788 5262 τοῖς

2194 5287 2455 5358 μετανοίᾳ
2506 5285 2668 5356 μόνον
2709 5285 3185 5356 προσερχομένας.
3239 5288 3359 5340 Ὅτι
3409 5287 3466 5342 δὲ
3505 5290 3791 5360 ἠλείψατο

2191 5381 2286 5433 καὶ
2319 5378 2501 5430 ἔλαιον
2550 5376 2691 5446 ὑπὲρ
2730 5377 2890 5445 ἡμῶν
2926 5379 2954 5430 ὁ
2983 5376 3195 5445 Σωτὴρ,
3229 5380 3560 5448 καταμαθεῖν
3620 5384 3792 5436 ἐστιν

2192 5474 2255 5524 ὲκ
2288 5470 2381 5522 τοῦ
2422 5468 2618 5538 μύρου,
2659 5468 2726 5519 δι’
2757 5461 2818 5520 οὗ
2866 5469 2899 5537 ἠ
2934 5467 3306 5537 προσελθοῦσα
3334 5469 3556 5540 ἦλειῷεν
3603 5474 3796 5529 aut?»

2191 5564 2367 5632 πόρνη
2388 5576 2402 5590 ’
2436 5561 2533 5629 οὐχ
2559 5561 2590 5629 ὴ
2627 5559 2856 5629 πλησίον
2885 5558 2980 5613 τοῦ
3013 5558 3218 5623 πάθους
3247 5561 3438 5631 Μαρία
3468 5565 3500 5634 ἡ
3527 5564 3624 5617 τοῦ
3663 5568 3799 5621 Λα-

2192 5654 2382 5722 ζάρου,
2411 5652 2531 5722 ἥτις
2567 5651 2663 5704 καὶ
2696 5653 2870 5722 σεμνὴ
2897 5648 2988 5723 ἦν,
3025 5653 3120 5705 καὶ
3155 5655 3234 5716 είς
3277 5655 3370 5706 τὸν
3399 5658 3802 5728 ἐνταφιασμὲν

2189 5742 2257 5817 ἦν
2288 5743 2476 5812 αὑτοῦ,
2507 5743 2580 5806 ὡς
2612 5742 2737 5813 ἔφη,
2774 5744 2948 5797 ἐκεῖνο
2978 5742 3036 5796 τὸ
3075 5741 3267 5813 μύρον,
3294 5744 3370 5809 ὡς
3402 5749 3494 5804 καὶ
3527 5751 3558 5820 ἡ
3607 5752 3678 5804 ἐν
3715 5755 3799 5818 τῆ
