4044 6198
257 361 350 426 ΞΟὸ

1493 355 1592 416 DE
1639 352 2202 415 SACBAMENTIS.

3375 357 3484 418 9.38

262 474 385 544 οἰκίᾳ
408 470 650 540 Σίμωνος
677 467 770 520 τοῦ
795 463 1014 535 Λεπροῦ
1045 465 1202 535 γυνὴ,
1239 466 1394 536 ειπερ
1423 465 1558 534 ἄλλη
1591 467 1684 520 καὶ
1705 465 1804 534 οὐχ

1917 463 2082 519 tionis
2141 472 2380 533 tempore
2411 463 2616 520 factum
2668 475 2750 521 est
2791 475 2842 520 et
2883 465 2936 544 in
2976 465 3096 535 ejus
3141 465 3481 534 sepulturam

261 571 288 637 ἡ
311 561 480 632 Μαρία
503 555 592 630 ἦν,
619 560 716 612 καὶ
749 558 908 610 τοῦτο
937 557 1042 628 γὰρ
1073 557 1130 608 ὲν
1156 555 1234 626 τῷ
1269 557 1447 627 καιρῷ
1478 555 1572 609 τοῦ
1599 556 1806 618 πάθους

261 657 522 727 γεγένηται
555 652 646 704 καὶ
676 652 755 712 εἰς
785 649 876 701 τὸν
909 648 1276 716 ἐνταφιασμὸν
1301 648 1466 702 αὐτοῦ
1509 648 1602 701 καὶ
1643 647 1807 700 τοῦτὸ

263 760 434 814 φησιν⁹
469 741 587 794 ἀλλ’
609 742 748 808 ὅπερ
767 741 804 810 ἡ
829 740 886 790 ἐν
919 739 995 808 τῷ
1020 739 1204 810 Λουκᾷ
1235 739 1602 808 γεγραμμένη
1635 739 1810 806 πόρνη

265 831 594 904 προσέφερεν,
625 829 659 899 ἥ
704 832 798 883 καὶ
829 832 936 892 τοῖς
957 829 1220 900 δάκρυσιν
1253 829 1468 900 ἔδρεχε,
1502 831 1598 882 καὶ
1619 829 1810 899 ἤλειφε

263 927 364 986 τοὺς
384 924 548 984 πόδας
567 922 756 988 αὑτοῦ,
787 923 878 974 καὶ
911 923 1030 984 ταῖς
1068 921 1242 991 θριξὶν
1263 921 1556 991 ὲξέματτεν
1589 921 1810 989 ἑαυτῆς,

263 1016 363 1085 ὃδὴ
391 1015 486 1067 καὶ
517 1014 618 1082 τῆς
651 1012 942 1084 μετανοίας
983 1011 1162 1066 ἔλαιόν
1203 1013 1374 1075 ἐστιν,
1407 1011 1630 1072 εἰκότως
1662 1010 1812 1081 αύτῷ

259 1107 544 1178 προσαχῦὲν
577 1107 724 1174 παρά
748 1107 846 1174 τῆς
866 1101 1215 1174 ἁμαρτωλοῦ,
1245 1104 1312 1157 δι’
1347 1102 1406 1156 οὗ
1435 1105 1528 1156 καὶ
1557 1101 1696 1174 αὕτη
1725 1103 1810 1157 διὰ

261 1203 354 1254 τῶν
369 1199 566 1268 τριχῶν
593 1194 666 1251 ὧν
685 1198 984 1266 ἐξέμασσεν
1007 1195 1332 1266 ὴλειμμένη,
1349 1195 1450 1264 τὴν
1471 1195 1580 1248 τῶν
1603 1194 1812 1248 πολλῶν

257 1291 652 1360 ἁμαρτημάτων
671 1291 770 1356 ἀρε
780 1305 864 1341 σιν
882 1288 1122 1355 εἴληφεν,
1145 1285 1220 1348 ὡς
1241 1285 1337 1338 καὶ
1353 1285 1484 1339 αὐτὸ
1510 1285 1810 1356 παρίστησι

261 1383 314 1436 τὸ
339 1381 660 1448 Εὐαγγέλιον
685 1381 946 1448 ἐναργῶς.
985 1379 1124 1447 Φησὶ
1159 1377 1267 1445 γὰρ
1299 1377 1436 1448 πρὸς
1475 1378 1566 1431 τὸν
1617 1377 1812 1447 ἔχοντα

261 1473 344 1539 τὴν
367 1471 544 1522 οἰκίαν
579 1473 608 1523 ὁ
641 1469 842 1539 Κύριος
873 1469 1094 1535 Σίμωνα
1132 1467 1346 1534 πρῶτον
1381 1467 1480 1536 μὲν
1508 1468 1607 1536 τὴν
1634 1483 1811 1536 παρα-

264 1563 402 1630 ϐολὴν
425 1562 538 1612 τῶν
563 1561 655 1614 δύο
683 1558 1112 1630 χρεωφειλετῶν,
1141 1552 1214 1610 ὧν
1237 1559 1266 1610 ὁ
1295 1558 1392 1625 μὲν
1419 1556 1616 1626 ὤφειλε
1640 1558 1810 1626 δηνά-

255 1670 341 1718 ρια
389 1653 739 1714 πεντακίσια,
771 1653 800 1703 ὁ
838 1650 894 1702 δὲ
938 1650 1124 1718 ἕτερος
1163 1654 1532 1720 πεντήκοντα’
1577 1649 1672 1701 καὶ
1727 1649 1809 1701 ὅτι

257 1743 524 1811 ἀφεθεῖσαι
559 1743 760 1806 αὐτοῖς,
788 1744 940 1804 ποῖος
967 1742 1078 1794 τῶν
1108 1740 1200 1795 δύο
1223 1741 1386 1794 πλέον
1415 1741 1690 1811 ἀγαπήσει
1719 1740 1809 1794 τὸν

259 1833 312 1884 τὸ
329 1832 474 1900 χρέος
509 1832 749 1898 ἀφέντα;
785 1831 1080 1898 Εἰρηκότος
1111 1831 1168 1883 δὲ
1189 1829 1282 1884 τοῦ
1309 1829 1568 1900 Σίμωνος,
1596 1830 1748 1882 (Ὅτι
1769 1825 1812 1896 ᾧ

253 1923 310 1974 τὸ
341 1923 518 1975 πλεῖον
553 1922 864 1990 ἐχαρίσατο,
901 1940 920 1974 ι
953 1921 1173 1991 εἴρηκεν
1221 1923 1249 1974 ὁ
1279 1920 1515 1991 Κύριος·
1551 1939 1570 1972 t
1616 1920 1814 1985 Καλῶς

251 2015 396 2082 ἔφης.
419 2032 437 2062 ι
473 2013 588 2065 Καὶ
635 2013 892 2082 στραφεὶς
923 2012 1058 2082 πρὸς
1087 2012 1186 2081 τὴν
1218 2013 1472 2078 γυναῖκα,
1505 2010 1582 2081 τῷ
1609 2013 1814 2081 Σίμωνι

251 2105 367 2174 ἔφη,
397 2123 414 2156 t
447 2104 686 2176 Βλέπεις
729 2103 934 2172 ταύτην
965 2103 1064 2172 τὴν
1102 2105 1367 2170 γυναῖκα;
1401 2103 1667 2173 Είσῆλθόν
1717 2118 1814 2156 σου

249 2197 322 2258 είς
335 2195 429 2266 τὴν
447 2193 656 2259 οἰκίαν,
686 2191 829 2262 ὕδωρ
855 2194 946 2246 ἐπὶ
973 2193 1100 2256 τοὺς
1123 2193 1292 2256 πόδας
1321 2211 1422 2263 μου
1443 2193 1542 2247 οὐκ
1575 2193 1777 2255 ἔδωκας
1795 2209 1811 2224 ⁶

247 2287 376 2355 αὕτη
405 2287 464 2340 δὲ
513 2285 783 2356 δάκρυσιν
827 2284 1015 2355 ἔϐρεξέ
1057 2302 1159 2354 μου
1204 2287 1332 2347 τοὺς
1375 2285 1563 2348 πόδας.
1617 2283 1816 2353 Ἐλαίῳ

253 2379 338 2448 τὴν
363 2377 616 2446 κεφαλήν
645 2393 746 2446 μου
771 2378 872 2430 οὐκ
895 2375 1120 2446 ἠλειψας
1142 2392 1158 2408 ’
1185 2375 1326 2446 αὕτη
1355 2376 1411 2430 δὲ
1438 2375 1596 2448 μύρῳ
1624 2373 1816 2448 ἤλειψέ

249 2489 344 2540 μου
370 2473 498 2533 τοὺς
540 2469 728 2533 πόδας.
766 2463 841 2524 οὗ
874 2469 1033 2539 χάριν
1077 2469 1220 2534 λέγω
1265 2485 1370 2534 σοι,
1421 2467 1720 2534 Ἀφέωνται
1757 2467 1814 2520 αἱ

253 2564 507 2633 ἁμαρτίαι
539 2563 710 2632 αὐτῆς
743 2564 798 2614 αἱ
825 2562 1038 2628 πολλαὶ,
1065 2563 1150 2616 ὅτι
1182 2561 1437 2631 ἠγάπησε
1467 2558 1626 2613 πολύ.
1654 2551 1724 2630 ᾟ
1760 2559 1816 2612 δὲ

245 2653 412 2720 ὀλίγον
437 2653 692 2722 ἀφίεται,
720 2653 900 2720 ὀλίγον
930 2653 1134 2722 ἀγαπᾷ.
1175 2671 1192 2704 ι
1245 2651 1494 2714 Βλέπεις,
1532 2651 1613 2702 ὅτι
1655 2648 1816 2702 τοῦτο

249 2745 388 2813 δηλοῖ
427 2746 492 2796 τὺ
535 2744 696 2812 ἅγιον
749 2746 965 2808 Elateia;
1009 2743 1482 2814 ’Δμαρτήσαντες,
1517 2737 1818 2810 προσερχό-

253 2835 380 2904 μεθα
407 2836 585 2898 θείοις
616 2837 872 2907 ἀνδράσι·
905 2837 998 2890 καὶ
1031 2833 1442 2904 μετανοοῦντες,
1494 2833 1590 2902 τὴν
1623 2829 1817 2896 ἐξαγό-

251 2944 422 2997 ρευσιν
444 2930 564 2982 τῶν
588 2929 966 2998 ἑπταισμένων
995 2927 1316 2996 ποιούμεθα.
1353 2919 1454 2978 Ὧν
1488 2926 1552 2993 τῇ
1581 2921 1815 2989 ἐπιταγῇ

249 3022 631 3090 προσφέρομεν
657 3021 810 3088 ἅγιον
838 3020 1017 3074 ἔλαιον
1049 3019 1128 3089 τῷ
1160 3017 1278 3088 Θεῷ
1325 3017 1404 3078 ε-ίς
1441 3016 1610 3068 τύπον
1646 3010 1814 3067 αὐτοῦ

248 3112 336 3179 τῆς
377 3109 762 3178 ἑλεημοσύνης
805 3110 898 3162 καὶ
931 3109 1270 3179 ἱλαρότητος,
1303 3108 1360 3160 ἐν
1393 3101 1428 3181 ᾖ
1468 3107 1561 3159 καὶ
1588 3103 1648 3158 τὸ
1673 3104 1816 3157 θεῖον

248 3200 329 3250 καὶ
353 3199 548 3268 ἱλαρὸν
581 3199 883 3268 ἀστράπτει
913 3199 1012 3267 τῆς
1035 3198 1257 3266 χάριτος
1285 3195 1422 3264 φῶς.
1453 3194 1562 3247 Καὶ
1586 3193 1694 3262 γὰρ
1723 3191 1819 3244 καὶ.

245 3289 392 3356 φῶτα
423 3289 843 3360 προσφέρομεν.
891 3288 1045 3342 Ἐπεὶ
1073 3289 1130 3341 δὲ
1173 3289 1267 3342 καὶ
1301 3288 1335 3354 ὴ
1363 3285 1496 3355 εὐχὴ
1545 3283 1818 3352 προσάγε-

245 3397 346 3444 ται,
379 3383 478 3434 καὶ
509 3381 578 3434 τὸ
601 3380 780 3433 ἔλαιον
803 3379 1116 3448 ἁγιάζεται,
1147 3380 1196 3432 oi
1247 3377 1521 3448 χριόμενοι
1553 3374 1638 3454 uti).
1657 3373 1818 3444 ἐλαίῳ

1913 565 1971 611 ιιι
2005 555 2122 624 ipse
2153 557 2247 610 ait.
2307 555 2418 612 Hoc
2469 573 2595 612 vero
2627 543 2966 623 unguentum
2996 559 3142 627 quod
3199 558 3398 613 mulier
3427 558 3482 613 in

1912 644 2059 700 Luca
2101 646 2376 716 descripta
2411 647 2614 713 attulit,
2652 663 2774 718 qua:
2808 649 2972 702 etiam
3001 647 3255 719 lacrymis
3287 647 3487 716 rigavit

1911 747 1967 793 et
2015 737 2172 791 unxit
2215 739 2380 806 pedes
2427 738 2546 806 ejus
2597 748 2652 792 et
2691 738 2906 808 capillis
2953 739 3069 793 suis
3100 739 3279 798 tersit.
3336 741 3482 806 quod

1911 835 2058 882 certe
2087 836 2170 882 est
2199 828 2534 896 ptenitentiae
2573 827 2775 890 oleum,
2829 828 2932 897 ipsi
2980 828 3102 895 jure
3164 828 3402 880 oblatum
3450 845 3480 879 ιι

1911 914 2240 986 peccatrice,
2292 931 2404 986 quo
2435 925 2488 971 et
2519 915 2638 986 ipsa
2705 931 2770 970 ex
2806 917 3037 986 capillis,
3067 917 3269 985 quibus
3322 918 3486 985 pedes

1912 1005 2072 1062 tersit
2123 1013 2309 1070 uncta,
2368 1005 2782 1060 innumerorum
2817 1012 3167 1074 peccatorum
3201 1006 3482 1060 remissio-

1915 1113 2036 1153 nem
2077 1100 2286 1168 accepit
2311 1115 2326 1165 ;
2351 1098 2496 1168 quod
2539 1099 2714 1168 ipsum
2741 1099 2882 1152 clare
2913 1099 3196 1168 subjungit
3235 1097 3482 1167 Evange-

1913 1189 2068 1244 litttn.
2093 1189 2302 1260 Hospiti
2335 1190 2478 1243 enim
2511 1189 2719 1244 Simoni
2749 1189 2982 1258 primum
3011 1199 3197 1244 narrat
3232 1190 3485 1244 Christus

1913 1281 2146 1336 duorum
2175 1281 2482 1335 debitorum
2523 1281 2856 1350 parabolam,
2889 1297 3124 1351 quorum
3157 1297 3300 1336 unus
3327 1282 3486 1349 quiu-

1914 1382 2128 1442 gentos,
2157 1374 2296 1427 alter
2317 1373 2710 1442 quinquaginta
2736 1374 2988 1428 denarios
3013 1374 3260 1436 debebat,
3297 1383 3350 1428 et
3379 1389 3490 1428 κω

1913 1463 2170 1529 remisso,
2195 1474 2314 1521 uter
2341 1465 2624 1518 amborum
2662 1467 2832 1533 magis
2864 1465 3106 1518 dilexerit
3141 1465 3487 1518 remissorem

1913 1545 2232 1625 interrogat.
2273 1556 2573 1612 Declarauti
2627 1565 2806 1610 autem
2841 1553 3050 1610 Simoni
3079 1573 3201 1611 eum
3247 1573 3368 1612 esse
3401 1557 3484 1612 cui

1911 1649 2032 1718 plus
2057 1649 2298 1712 donavit,
2330 1649 2461 1702 dixit
2496 1649 2789 1703 Dominus:
2829 1667 2846 1698 ‹
2882 1645 3044 1702 Recte
3070 1650 3346 1720 judicasti,
3392 1669 3408 1700 ι
3436 1660 3492 1704 et

1914 1757 2214 1798 conversus
2245 1741 2310 1795 ad
2341 1742 2480 1796 hanc
2528 1743 2806 1796 mulierem
2832 1769 2850 1808 ,~
2877 1741 3086 1796 Simoni
3117 1743 3252 1796 dixit
3278 1758 3289 1790 :
3325 1742 3490 1797 Vides

1841 1808 1888 1866 Β
1917 1829 2057 1887 hanc
2106 1833 2422 1887 mulierem?
2481 1832 2676 1888 lntravi
2711 1834 2762 1888 in
2795 1834 3018 1889 domum
3053 1843 3196 1888 tuam
3234 1852 3247 1888 :
3291 1851 3486 1903 aquam

1917 1924 2147 1994 pedibus
2197 1924 2336 1978 meis
2398 1939 2504 1979 non
2561 1925 2788 1990 dedisti;
2839 1927 2954 1980 haec
3002 1935 3180 1980 autem
3237 1925 3492 1995 lacrymis

1915 2014 2111 2083 rigavit
2143 2014 2305 2083 pedes
2329 2029 2520 2068 meos:
2547 2015 2670 2070 oleo
2703 2025 2864 2084 caput
2895 2031 3074 2070 meum
3101 2031 3204 2070 non
3239 2018 3444 2070 tinxisti
3472 2032 3487 2080 ;

1916 2104 2030 2158 haec
2083 2113 2264 2159 autem
2325 2114 2598 2175 unguento
2657 2107 2811 2160 unxit
2865 2109 3026 2175 pedes
3089 2123 3258 2162 meos.
3287 2107 3488 2174 Quum-

1913 2194 2104 2248 obrem
2142 2193 2266 2248 dico
2319 2195 2468 2250 tibi:
2515 2195 2886 2251 “emittuntur
2937 2197 2986 2250 ei
3043 2207 3262 2266 peccata
3293 2199 3486 2264 multa,

1917 2285 2170 2354 quoniam
2197 2285 2384 2340 dilexit
2413 2287 2665 2342 multum.
2699 2288 2798 2343 Cui
2822 2296 3001 2344 autem
3053 2291 3234 2344 minus
3265 2291 3492 2344 dimitti-

1912 2385 2028 2443 tur,
2067 2378 2248 2431 minus
2284 2377 2476 2447 diligit.
2515 2397 2532 2430 ι
2579 2378 2811 2435 Videsne
2849 2382 2978 2450 quid
3013 2381 3118 2436 hoc
3161 2396 3378 2436 sacrum
3411 2381 3492 2436 si-

1919 2467 2140 2538 gniﬁcat
2167 2469 2392 2524 oleum?
2417 2468 2650 2524 Peccato
2689 2473 3070 2539 contaminati,
3105 2474 3170 2528 ad
3203 2473 3296 2530 Dei
3341 2474 3491 2529 viros

1917 2559 2228 2614 accedimus
2261 2571 2341 2624 et,
2372 2561 2648 2617 voluntate
2697 2574 2922 2629 mutata,
2957 2567 3352 2621 con-fessionem
3377 2567 3493 2635 agi-

1917 2665 2042 2706 mus
2085 2651 2406 2706 delictorum
2441 2667 2672 2720 quorum
2697 2653 2864 2723 jussis
2892 2671 3108 2710 sacrum
3165 2658 3272 2709 Deo
3309 2657 3495 2712 alieni-

1920 2755 2042 2796 mus
2081 2741 2258 2796 oleum
2305 2739 2360 2796 in
2393 2743 2681 2811 imaginem
2744 2745 2864 2815 ejus
2909 2746 3295 2801 misericordiae
3325 2757 3378 2802 et
3403 2749 3493 2815 ju-

1915 2830 2238 2896 cunditatis,
2265 2832 2319 2886 in
2359 2831 2558 2901 quibus
2587 2835 2832 2890 divinum
2864 2843 2918 2890 et
2951 2835 3252 2904 jucundum
3283 2838 3350 2891 ad
3388 2854 3490 2891 nos

1913 2921 2108 2987 gratiae
2131 2935 2242 2975 sua:
2267 2921 2446 2976 lumen
2473 2924 2765 2994 iaculatur.
2795 2925 2858 2978 Et
2884 2927 3052 2980 etiam
3097 2928 3276 2982 lucem
3300 2928 3486 2982 oll‘eri-

1921 3025 2062 3065 mus.
2087 3008 2226 3064 Cum
2277 3019 2460 3066 autem
2504 3013 2678 3068 oratio
2701 3016 2998 3086 conjuncta
3031 3017 3192 3072 fuerit
3217 3027 3272 3072 et
3306 3019 3486 3074 oleum

1925 3102 2090 3156 fuerit
2133 3114 2538 3171 consecratum,
2596 3107 2700 3162 hoc
2726 3107 2847 3162 oleo
2895 3109 3054 3163 uncti-
3103 3109 3488 3166 remissionem

1843 3153 1887 3212 ϐ
1925 3201 2274 3262 peccatorum
2299 3196 2604 3262 inveniunt,
2630 3207 2689 3252 ut
2713 3208 2768 3252 et
2807 3201 2920 3268 ipsa
2947 3203 3204 3256 meretrix
3227 3215 3353 3256 cum
3380 3201 3493 3256 Sal-

1927 3284 2132 3339 vatoris
2189 3284 2354 3354 pedes
2391 3287 2655 3356 auxisset,
2706 3299 2762 3346 et
2807 3291 2934 3346 inde
2987 3291 3102 3362 ipsa
3144 3304 3303 3348 uncta
3353 3293 3493 3350 fuis-

1926 3383 2027 3428 set.

241 3473 334 3540 τὴν
369 3473 580 3541 ἄφεσιν
615 3474 720 3525 τῶν
753 3473 1164 3542 ἁμαρτημάτων
1207 3469 1576 3542 εὑρίσκουσιν,
1604 3466 1678 3528 ὡς
1716 3464 1812 3516 καὶ
1855 3463 1887 3533 ἡ
1925 3463 2099 3535 πόρνη
2145 3469 2386 3537 χρίσασα
2417 3475 2542 3536 τοὺς
2589 3476 2752 3539 πόδας
2783 3479 2904 3541 τοὺς
2954 3481 3277 3549 σωτηρίους,
3308 3479 3494 3532 κάκεῖ-

245 3565 332 3620 θεν
365 3567 578 3636 ἀλειψα
589 3567 748 3635 μένη.

841 3701 1091 3754 ΚΕΦΑΛ.
1131 3697 1252 3750 ΝΖ’.

239 3844 394 3896 Διιττί
417 3843 524 3894 καὶ
551 3841 765 3894 ἔλαιον
787 3840 854 3891 ἐν
881 3836 960 3902 τῷ
983 3836 1128 3904 ἁγίῳ
1155 3835 1250 3888 καὶ
1271 3833 1512 3904 μεγάλῳ
1526 3829 1824 3900 μύρῳ,καὶ

650 3911 856 3964 ἔλαιον
889 3909 956 3960 ἐν
985 3907 1066 3971 τῷ
1089 3907 1404 3973 εὐχελαίψ.

301 4093 430 4154 Πῶς
453 4092 516 4144 δὲ
542 4089 640 4141 καὶ
653 4087 836 4140 ἔλαιον
861 4085 916 4140 ἐν
933 4102 991 4138 τε
1011 4083 1090 4154 τῷ
1110 4083 1238 4154 οείῳ
1254 4083 1348 4136 καὶ
1379 4080 1618 4152 μεγίστῳ
1643 4076 1820 4148 μύρῳ,

2485 3697 2713 3752 CAPUT
2761 3698 2920 3753 LVII.

1925 3825 2106 3905 Quqre
2130 3827 2229 3881 olei
2247 3845 2372 3883 usus
2397 3831 2464 3882 sit
2486 3833 2540 3905 in
2585 3843 2856 3905 sanctast
2887 3851 3070 3902 magno
3101 3849 3359 3905 unguento
3387 3840 3492 3893 sire

1991 3899 2293 3958 chrismate.
2327 3916 2417 3952 nec
2443 3901 2614 3952 minus
2645 3902 2958 3956 adhibeatur
2974 3899 3192 3957 oleum'
3215 3909 3269 3959 in
3309 3914 3495 3961 euehe-

1993 3966 2091 4019 ιιιό
2120 3969 2484 4033 ρωηὶιεηιίιιηι
2519 3979 2568 4021 et
2589 3971 2922 4039 inﬁrmorum

1997 4083 2112 4138 Cur
2149 4098 2274 4138 vero
2305 4085 2629 4140 adhibeatur
2667 4088 2848 4142 oleum
2896 4089 2947 4143 in
2985 4101 3176 4144 sancto
3205 4101 3259 4145 et
3295 4107 3493 4164 magno

233 4183 262 4236 ὃ
289 4185 386 4252 τὴν
423 4181 720 4252 σφραγῖδα
753 4179 906 4250 φέρει
942 4177 1036 4230 τοῦ
1073 4177 1408 4245 Πνεύματος,
1437 4175 1532 4226 καὶ
1561 4173 1734 4226 ἔλαιον
1767 4171 1817 4220 ὲν

1927 4185 2222 4244 unguento,
2251 4177 2394 4244 quod
2425 4176 2658 4246 sigillum
2687 4192 2799 4246 pra
2829 4195 2886 4234 se
2915 4181 3018 4236 fert
3037 4181 3274 4251 Spiritus
3301 4187 3498 4249 sancti,

233 4275 310 4344 τῷ
340 4276 456 4330 τῶν
497 4271 920 4345 μετανοούντων
975 4271 1068 4322 καὶ
1113 4266 1414 4338 ἀρρώστων
1459 4264 1658 4331 ὲλαιῳ;
1697 4259 1817 4312 Ὅτι

1927 4281 2025 4320 cur
2040 4266 2200 4318 etiam
2219 4267 2398 4320 oleum
2419 4265 2472 4320 in
2495 4268 2768 4323 euchelteo
2785 4273 3162 4339 pmnitenttum
3185 4283 3238 4328 et
3257 4276 3499 4329 inlinun-

233 4370 398 4420 κάκεῖ
427 4369 534 4420 καὶ
561 4362 798 4417 ἐνταῦθα
827 4361 994 4414 τύπον
1020 4360 1162 4412 θείου
1185 4358 1364 4420 ἐλέους
1395 4355 1505 4424 ἔχει
1533 4355 1595 4406 τὸ
1621 4352 1817 4404 ἑλαιυνέ

1925 4352 2082 4405 rum?
2103 4351 2239 4418 Quia
2258 4364 2311 4409 et
2343 4354 2431 4409 hic
2447 4366 2504 4410 et
2533 4365 2663 4412 tunc
2690 4360 2883 4412 divinae
2905 4361 3288 4418 misericordia:
3319 4366 3500 4420 locum

249 4460 390 4511 Ἐκεῖ
427 4460 538 4526 μὲν
571 4459 684 4526 γὰρ
715 4458 771 4508 ἐν
801 4454 880 4522 τῷ
917 4452 1076 4521 μύρῳ
1122 4450 1220 4518 τὴν
1255 4446 1530 4516 σωτηρίαν
1557 4445 1685 4514 ἡμῖν
1727 4439 1817 4494 καλ

1931 4453 2076 4498 tenet
2105 4445 2323 4512 oleum;
2354 4447 2400 4502 si
2434 4449 2652 4517 quidem
2691 4449 2742 4504 in
2783 4463 3080 4522 unguento,
3119 4456 3353 4513 salutem
3399 4477 3503 4513 ne-

236 4551 332 4616 τὴν
369 4547 484 4600 ἀπὸ
517 4545 622 4597 τοῦ
660 4544 894 4596 θανάτου
927 4540 1218 4610 λύτρωσιν,
1247 4539 1344 4590 καὶ
1371 4534 1466 4589 τοῦ
1502 4531 1817 4598 ζωοποιοῦν-

1931 4536 2016 4591 bis
2045 4546 2101 4591 et
2131 4539 2326 4592 mortis
2349 4541 2800 4610 redemptionem,
2823 4559 2923 4599 nec
2953 4561 3060 4600 non
3083 4547 3408 4605 viviﬁcantis
3441 4569 3504 4606 ac

241 4657 322 4700 τος
361 4640 461 4692 καὶ
498 4634 700 4705 ἰλαροῦ
731 4633 1048 4700 Πνεύματος
1094 4631 1193 4699 τὴν
1225 4627 1498 4700 σφραγῖδα
1549 4623 1817 4721 σημαίνει,

1930 4629 2148 4698 propitii
2212 4628 2450 4696 Spiritus
2527 4635 2703 4686 sancti
2783 4633 3019 4701 sigillum
3095 4640 3502 4709 prarsignilicat,

239 4731 302 4783 δι’
327 4729 386 4784 οὖ
421 4731 528 4784 καὶ
555 4728 656 4780 τοῦ
693 4723 1086 4793 κατακλυσμοῦ
1113 4723 1210 4792 τῆς
1246 4718 1521 4790 ἁμαρτίας
1555 4713 1826 4786 ὲρῤύσθη-

244 4839 356 4889 μεν.
393 4823 492 4875 Διὸ
523 4822 628 4874 καὶ
661 4821 718 4870 ὲν
741 4816 817 4876 τῷ
849 4816 940 4868 ἐπὶ
969 4814 1062 4868 τού
1093 4813 1218 4866 Νῶε
1248 4808 1617 4876 κατακλυσμῷ
1665 4821 1825 4874 περι-

243 4915 400 4982 στερά
426 4913 516 4974 είς
544 4911 720 4962 τύπον
749 4907 842 4960 τοῦ
871 4905 1184 4973 Πνεύματος
1217 4903 1426 4971 κάρφος
1453 4900 1633 4957 ἐλαίας
1662 4899 1717 4949 ὲν
1750 4893 1828 4964 τῷ

243 5007 470 5074 στόματι
505 5001 629 5072 74
653 5002 894 5071 φέρουσα
911 4999 1008 5064 τὴν
1029 4997 1302 5066 σωτηρίαν
1318 4993 1526 5062 ἐδήλου.
1549 4993 1652 5044 Καὶ
1669 4992 1723 5042 ἐν
1749 4989 1829 5057 τῷ

243 5093 634 5162 κατακλυσμῷ
701 5091 757 5142 δὲ
819 5090 918 5158 τῆς
970 5087 1248 5157 ἁμαρτίας
1323 5085 1403 5153 τῷ
1455 5083 1548 5135 τοῦ
1618 5080 1826 5149 Κυρίου

245 5183 596 5254 βαπτίσματι
648 5181 708 5232 ὲν
735 5180 866 5232 εῖδει
898 5177 1230 5248 περιστερᾶς
1273 5177 1332 5226 τὸ
1363 5172 1588 5241 Πνεῦμα
1619 5173 1828 5240 κατήρ-

245 5291 378 5343 χετο,
409 5277 508 5326 τὸν
549 5271 702 5324 θεῖον
731 5269 880 5320 ἔλεον
907 5271 1002 5322 καὶ
1023 5269 1124 5334 τὴν
1153 5266 1310 5334 χάριν
1345 5260 1678 5332 μαρτυροῦν.
1719 5259 1829 5346 Καὶ

245 5365 474 5419 ἐνταῦθα
534 5364 603 5416 δὲ
655 5363 733 5423 είς
781 5359 949 5412 τύπον
1005 5358 1106 5426 τῆς
1153 5356 1326 5419 θείας,
1373 5353 1446 5414 ὡς
1503 5353 1829 5420 είρήκαμεν,

249 5457 630 5528 ἐλεημοσύνης
691 5454 768 5518 είς
819 5453 967 5523 ἡμᾶς
1019 5449 1115 5502 καὶ
1166 5445 1511 5518 συμπαθείας
1557 5443 1714 5498 τλῦτο
1765 5441 1828 5494 τὸ

251 5549 414 5602 ἔλαιον
447 5545 881 5614 προσαγόμενον
915 5539 1223 5610 ἁγιάζεται,
1264 5539 1356 5590 καὶ
1405 5537 1473 5588 δι’
1521 5533 1687 5588 αὑτοῦ
1737 5533 1830 5585 τὸν

253 5640 335 5691 τοῦ
381 5639 532 5693 θεοῦ
595 5635 750 5688 ἔλεον
801 5633 1184 5703 ὲπισπὼμεθα.
1233 5627 1414 5684 Ἰκανά
1473 5628 1642 5682 ταῦτα
1695 5625 1831 5694 πρὸς

255 5729 530 5794 ἀπόδειξιν
562 5723 682 5780 τῶν
725 5723 822 5791 τῆς
860 5724 1184 5794 Ἐκκλησίας
1223 5721 1384 5792 ιερῶν
1425 5719 1760 5791 μυστηρίων,
1795 5716 1826 5786 ἦ

261 5821 344 5874 καὶ
369 5821 656 5876 πλειόνων
675 5817 823 5888 ἔχετε
850 5815 1036 5886 χρείαν
1059 5829 1072 5880 ;

1932 4717 2091 4787 cujus
2127 4718 2290 4772 etiam
2319 4721 2491 4788 gratia
2541 4735 2572 4774 a
2609 4732 2955 4790 peccatorum
2993 4719 3200 4780 diluvio
3237 4729 3500 4800 redempti

1933 4825 2144 4866 sumus.
2181 4811 2522 4880 Quapmptcr
2563 4819 2806 4882 tempore
2843 4815 3030 4870 diluvii
3058 4817 3193 4883 Noe,
3227 4821 3500 4888 columba,

1933 4901 2170 4971 Spiritus
2205 4901 2379 4956 sancti
2409 4902 2582 4958 vicem
2615 4918 2829 4974 gerens,
2859 4906 3015 4962 oliva:
3051 4909 3280 4977 palmam
3311 4911 3365 4964 in
3401 4927 3498 4965 ore

1935 4992 2188 5056 atterens,
2242 4993 2471 5048 salutem
2544 4997 2944 5066 portendebat;
3011 5002 3086 5054 ita
3139 5003 3328 5066 etiam,
3389 5007 3496 5058 sub

1935 5085 2141 5139 diluvio
2195 5085 2404 5154 peceati
2462 5085 2516 5138 in
2571 5085 2784 5140 Domini
2837 5088 3110 5158 baptismo
3155 5071 3260 5164 sub
3319 5095 3502 5158 specie

1935 5175 2202 5230 columbae
2233 5175 2470 5243 Spiritus
2521 5177 2956 5248 prtellgurabitur
2989 5181 3226 5234 divinam
3278 5182 3499 5236 miseri-

1934 5262 2175 5317 cordiam
2231 5269 2286 5318 et
2341 5263 2570 5333 gratiam
2615 5265 2933 5320 testiﬁcans.
2989 5267 3068 5322 Ex
3116 5278 3264 5334 tunc,
3315 5281 3502 5343 utpote

1936 5353 2196 5417 diximus,
2231 5367 2329 5420 pro
2358 5353 2541 5407 divina
2591 5355 2934 5426 eleemosyna
2974 5367 3028 5411 et
3067 5358 3338 5415 charitate
3372 5378 3500 5434 erga

1937 5459 2060 5506 nos,
2118 5443 2295 5497 oleum
2351 5444 2494 5496 ismd
2543 5443 2784 5497 oblatum
2833 5453 3184 5501 consecratur
3237 5457 3292 5502 et
3339 5451 3504 5518 hujus

1944 5535 2145 5590 virtute
2178 5535 2269 5589 Dei
2308 5533 2738 5590 misericordiam
2769 5535 3185 5604 consequimur.
3217 5537 3352 5592 Num
3387 5541 3502 5596 haec

1940 5629 2072 5681 satis
2117 5639 2242 5680 sunt
2283 5628 2348 5681 ad
2403 5625 2837 5695 explanationem
2902 5643 3181 5684 sacrorum
3249 5631 3502 5688 Ecclesiae

1941 5719 2341 5788 mysteriorum,
2375 5718 2684 5788 pluribusve
2711 5719 2806 5775 tibi
2833 5735 2970 5790 opus
2997 5720 3119 5776 e-t?
