4044 6198
500 343 609 410 207

1355 334 1741 396 SYMEONIS
1778 330 2538 396 THESSALONICENSIS
2578 330 2947 392 ARCHIEP.
2977 383 2988 387 _

3655 335 3756 398 203
3783 397 3786 400 ι

571 457 830 514 Clericus.
875 452 1162 509 Su‘ﬂiciunt
1216 451 1353 519 lucc,
1406 450 1649 513 domlnc.
1719 465 1816 504 nec
1873 450 2087 505 caeteris

2260 449 2585 517 Κληρικός.
2623 446 2833 515 Ἱκανὰ,
2854 445 3113 508 δέσποτα,
3142 443 3234 496 καὶ
3269 443 3330 496 οὐ
3362 441 3553 514 χρείαν
3572 443 3761 514 ἔχομεν

500 563 638 620 opus
682 557 765 601 est
797 546 990 611 nobis;
1022 544 1126 600 nisi
1183 552 1300 598 ate
1350 543 1694 612 postulemus
1745 547 1804 596 ut
1858 540 2079 611 singula

501 640 760 712 mysteria
791 651 1055 709 exponas,
1099 646 1154 692 et
1196 651 1351 693 sacra
1399 635 1559 692 nobis
1621 633 1881 704 eXplanes
1937 651 2087 707 sym-

505 733 662 796 bola,
696 746 906 801 nosque
927 733 1129 786 doceas
1150 728 1326 800 qualis
1361 726 1794 798 uniuscujusque
1822 728 1896 784 sit
1922 742 2086 798 ρεῖαν

503 830 715 874 elerum
753 821 950 874 \‘irtus.

581 910 860 981 Pontifrac.
919 909 1051 965 Illud
1078 949 1092 973 ,
1128 909 1314 975 frater,
1355 925 1516 980 supra
1549 926 1669 976 nos,
1711 920 1771 966 ut
1810 911 1923 982 jam
1955 911 2092 967 dixi.-

461 989 465 996 ’
508 1019 660 1067 mus,
696 1003 1020 1072 virtutisque
1046 1015 1099 1056 et
1128 1003 1406 1071 sapientia:
1438 1002 1776 1058 sublimioris
1807 1004 2087 1073 proprium

506 1105 626 1162 est;
663 1095 809 1164 quod
841 1095 885 1149 si
919 1095 1062 1148 enim
1091 1103 1144 1148 ct
1165 1094 1458 1165 Dionysius
1490 1103 1541 1148 et
1568 1092 1839 1150 Maximus
1863 1109 1988 1149 cum
2022 1109 2088 1149 eo

508 1196 750 1241 tremore
777 1197 828 1240 ct
858 1203 1077 1255 pavore,
1105 1203 1265 1258 quem
1287 1189 1376 1244 hic
1405 1186 1609 1243 referre
1627 1202 1733 1242 non
1764 1197 1847 1242 cst
1881 1202 2086 1252 meum,

508 1289 621 1334 tam
659 1281 842 1335 sacris
892 1282 1054 1334 rebus
1088 1282 1404 1335 incmubere
1455 1280 1744 1342 curabant,
1811 1270 2088 1349 quomodo

512 1371 733 1426 tandem
756 1371 819 1424 tle
844 1372 927 1425 IIIS
957 1371 1115 1425 nobis
1140 1371 1409 1427 disserere
1431 1369 1803 1426 licebit?C.um
1832 1379 2010 1423 autem
2035 1367 2088 1423 in

509 1461 703 1527 Deum,
729 1461 822 1529 qui
856 1463 1037 1516 omnia
1068 1471 1269 1531 potest,
1296 1462 1460 1515 ﬁdere
1487 1461 1761 1530 expediat,
1801 1459 1916 1528 ipse
1944 1459 2088 1514 enim

508 1555 764 1609 ﬁdelibus
798 1564 1014 1624 pratstat
1046 1554 1198 1622 juxta
1222 1553 1378 1606 ﬁdem
1415 1569 1479 1606 ac
1509 1553 1814 1607 secundum
1848 1550 2090 1604 eltarita-o

510 1654 641 1710 tem,
688 1661 894 1714 eosque
934 1647 1093 1699 docet
1137 1645 1282 1714 qutnl
1325 1644 1438 1712 ipse
1473 1643 1712 1696 Charitas
1745 1653 1864 1707 est;
1915 1657 2085 1710 quum

509 1736 730 1790 aliunde
756 1750 854 1790 nos
884 1752 980 1804 pro
1011 1747 1097 1788 tua
1129 1735 1419 1804 loquamur
1436 1735 1724 1795 cbaritate,
1760 1748 1821 1786 os
1841 1747 2084 1786 nosxrum

2193 543 2394 598 ἄλλων.
2432 540 2578 610 Πλὴν
2632 540 2870 610 δεόμεθά
2919 556 3037 601 σου,
3085 538 3321 592 ἱκαστον
3369 535 3610 592 ἐκθεῖναι
3656 537 3762 594 τῶν

2193 632 2526 706 μυστηρίων,
2545 632 2643 686 καὶ
2665 634 2732 686 τὰ
2755 632 2878 700 ἱερὰ
2900 632 3032 702 ἡμῖν
3056 628 3362 694 ἀναπτύξαι
3386 627 3448 682 σύ
3458 628 3652 699 μσολα,
3670 627 3763 682 καὶ

2188 726 2399 791 διδάξαι
2433 725 2581 797 ἡμᾶς
2611 722 2699 790 τίς
2735 723 2968 780 ἑκάστου
2999 720 3258 791 τυγχάνει
3287 720 3400 774 τῶν
3424 719 3762 790 τελουμένων

2189 821 2222 891 ή
2247 819 2503 889 δύναμις.

2267 912 2639 981 Ἀρχιερεύς.
2684 910 2860 981 Ὑπὲρ
2913 909 3080 979 ἡμᾶς,
3114 905 3188 970 ὡς
3228 905 3555 978 εἰρήκαμεν,
3583 904 3759 970 τοῦτο,

2191 1005 2407 1072 ἀδελφὲ,
2427 1005 2513 1056 καὶ
2538 1004 2940 1073 δυνάμεω;,καὶ
2972 1001 3165 1070 σοφίας
3192 999 3550 1070 ὑψηλοτέρας.
3572 1000 3632 1053 EI
3659 1001 3765 1068 γὰρ

2189 1097 2464 1160 Διονύσιός
2480 1114 2539 1150 τε
2562 1097 2652 1150 καὶ
2670 1096 2920 1163 Μάξιμος
2953 1094 3072 1165 μεθ’
3097 1093 3401 1162 ὑποστολῆς
3419 1109 3478 1146 τε
3496 1093 3592 1145 καὶ
3613 1092 3766 1144 εὐλα-

2192 1189 2347 1252 ϐείας
2371 1190 2500 1259 ὅσης
2525 1187 2789 1242 οὐκέστιν
2813 1190 3004 1247 εἰπεῖν,
3026 1187 3294 1255 ἐγχειρεῖν
3319 1188 3636 1256 ἐπεχείρουν
3656 1185 3770 1247 τοῖς

2190 1281 2453 1342 τοιούτοις
2486 1280 2649 1350 ἱεροῖς
2685 1279 2998 1349 πράγμασι,
3027 1277 3145 1339 πῶς
3179 1278 3312 1347 ἡμῖν
3346 1277 3500 1329 ἔσται
3544 1275 3770 1329 δυνατὸν

2193 1372 2302 1442 ἄρα
2340 1373 2470 1440 περὶ
2512 1369 2767 1424 τοιούτων
2800 1367 3206 1437 ἐφερμηνεύειν
3236 1385 3251 1433 ;
3297 1367 3439 1421 Ἀλλ’
3473 1366 3772 1436 ἐπειδήπερ

2192 1463 2253 1516 τὸ
2292 1462 2516 1533 οαρρεῖν
2563 1463 2642 1524 εἰς
2669 1460 2800 1514 Θεὸν
2827 1461 3004 1513 πάντα
3035 1459 3282 1525 δύναται,
3324 1459 3487 1522 αὐτὸς
3518 1460 3627 1528 γὰρ
3658 1461 3770 1521 τοῖς

2195 1554 2515 1607 πιστεύουσι
2571 1555 2804 1623 παρέχει
2864 1553 3003 1604 κατὰ
3036 1551 3134 1621 τὴν
3166 1552 3368 1618 πίστιν,
3404 1551 3499 1604 καὶ
3545 1551 3631 1604 διὰ
3670 1551 3770 1620 τὴν

2194 1648 2416 1718 ἀγάπην
2441 1646 2498 1698 δὲ
2535 1647 2783 1716 χορηγεῖ,
2819 1645 2901 1697 ὅτι
2934 1647 3026 1699 καὶ
3061 1645 3246 1714 ἀγάπη
3280 1647 3396 1698 ἔστί
3420 1661 3435 1678 ο
3469 1644 3652 1696 λοιπὶν
3678 1641 3769 1696 καὶ

2195 1739 2355 1809 ἡμεῖς
2394 1737 2481 1791 διὰ
2516 1740 2616 1808 τὴν
2650 1739 2924 1808 ὑμετέραν
2955 1738 3207 1806 λέγοντες
3245 1724 3772 1806 άγάπηνίπιστεύο-

509 1827 808 1896 aperiends
847 1842 1155 1880 sermonem
1202 1826 1402 1879 habere
1439 1823 1793 1880 conﬁdimus.
1847 1821 1912 1877 Et
1962 1840 2089 1878 ecce

2200 1845 2295 1897 μεν
2345 1827 2533 1881 λαὸεῖν
2589 1828 2750 1896 λόγον
2802 1830 2860 1880 ἐν
2894 1827 3094 1892 ἀνοίξει
3148 1827 3240 1880 τοῦ
3279 1828 3541 1896 στόματος
3587 1827 3765 1897 ἡμῶν.

509 1933 789 1983 curamus,
828 1926 1047 1987 propter
1081 1917 1446 1971 obedientiam
1479 1917 1530 1970 in
1566 1917 1832 1970 cltaritatc
1862 1916 2088 1980 Christi,

509 2020 660 2064 tuam
695 2009 998 2077 adimplere
1036 2008 1482 2075 postulationem.
1521 2007 1596 2062 De
1635 2009 1852 2078 singulo
1906 2017 2087 2061 autem

506 2116 790 2156 sacrorum
849 2102 1225 2171 symbolarum
1277 2100 1541 2170 quidquid
1603 2116 1667 2154 ex
1728 2099 2091 2154 sanctissimis

513 2191 815 2260 Scriptnris
874 2191 1187 2246 audivimus
1239 2192 1562 2260 loquemur;
1646 2205 1876 2261 quaeque
1928 2191 2090 2244 etiam

510 2299 610 2337 nos
639 2285 944 2336 docuerunt
971 2283 1156 2338 Patres
1198 2284 1394 2348 noStri,
1436 2285 1701 2351 dicemus,
1746 2285 1797 2335 in
1829 2294 2092 2352 quantum

513 2376 841 2444 COgnovissc
892 2375 1192 2444 potuimus.
1259 2376 1321 2428 Et
1376 2375 1429 2428 in
1484 2376 1679 2443 primis
1722 2375 1997 2443 loquimur
2028 2376 2095 2430 de

512 2465 703 2520 divino
739 2466 1034 2534 baptismo,
1068 2466 1337 2535 siquidem
1373 2466 1514 2534 apud
1547 2481 1645 2519 nos
1687 2466 1924 2535 primum
1973 2482 2094 2522 sese

512 2556 672 2611 habet
703 2557 842 2611 inter
875 2557 1159 2627 mysteria.
1197 2557 1422 2625 Insuper
1452 2557 1767 2626 priusquam
1790 2557 2094 2627 baptismus

514 2648 829 2704 conferatur
882 2649 1119 2704 carnalis
1175 2649 1434 2703 natiiitas
1491 2649 1646 2704 nobis
1701 2651 1979 2716 tribuitur,
2042 2658 2096 2705 ct

514 2738 646 2793 hinc
672 2737 966 2793 dicendum
1001 2753 1083 2793 esr
1113 2754 1361 2808 quaenam
1410 2753 1598 2808 preces
1644 2739 1696 2792 in
1734 2739 1822 2794 illa
1858 2741 2093 2808 primum

510 2832 695 2900 peragi
757 2831 1010 2886 debeant.
1083 2831 1561 2897 Quemadmodum
1617 2833 1765 2885 enim
1822 2833 1874 2886 in
1935 2847 2096 2887 carne

513 2925 830 2985 nasrimur,
886 2922 960 2975 ita
1019 2921 1086 2976 ad
1148 2923 1617 2990 regenerationem
1673 2937 1768 2990 per
1823 2921 2091 2991 Spiritum

512 3024 768 3070 sanctum
827 3015 1199 3085 perducimur,
1259 3024 1313 3069 et
1352 3014 1599 3069 Ecclesia
1655 3014 1858 3069 Christi
1905 3023 2096 3084 utpote

516 3109 868 3164 immaculata
897 3119 949 3162 et
979 3108 1030 3160 in
1064 3107 1284 3162 Christo
1323 3106 1689 3170 sanctiﬁcata,
1735 3107 1786 3160 in
1842 3107 2092 3162 ﬁdelibus

511 3205 702 3256 statim
745 3208 1028 3270 peccatum
1088 3209 1336 3254 nostrum
1383 3212 1446 3252 ac
1502 3197 1779 3253 carnalem
1845 3200 2097 3268 puriﬁcat

513 3295 874 3352 nativitatem.

1069 3405 1298 3464 CAPUT
1362 3405 1548 3463 LVIII.

517 3547 690 3612 Quare
720 3549 962 3600 sacerdos
1003 3560 1178 3613 preces
1221 3551 1442 3614 peragat
1476 3559 1635 3612 super
1660 3533 1792 3597 ~nato
1825 3544 2035 3614 infante
2067 3545 2092 3597 ?

590 3705 724 3760 Nato
771 3705 973 3758 infante
1017 3707 1084 3758 de
1139 3701 1364 3757 muliere
1402 3702 1488 3770 pia
1541 3713 1764 3757 vocatur
1814 3702 2090 3770 sacerdos,

521 3797 796 3866 Deumque
832 3797 1125 3866 gloritlcat,
1163 3795 1371 3866 gratias
1419 3809 1589 3866 agens
1641 3794 1789 3864 quod
1831 3803 1994 3850 natus
2024 3797 2098 3852 sit

520 3891 682 3944 homo
714 3891 767 3944 in
811 3893 1034 3955 mundo,
1082 3904 1147 3944 ac
1187 3888 1485 3943 Dominica:
1519 3877 1702 3942 crucis
1735 3888 2098 3957 impressione

518 3992 706 4037 natum
746 3983 1038 4048 benedicit,
1083 3992 1136 4036 et
1177 3994 1527 4051 perseverare
1565 3987 1620 4034 et
1654 3979 1990 4049 baptismum
2047 3989 2101 4034 ct

523 4077 836 4129 iunctionem
862 4078 1136 4143 suseipere
1154 4062 1428 4144 precatur.
1464 4074 1596 4136 Quia:
1629 4087 1753 4127 vero
1779 4073 1842 4125 ad
1877 4073 2101 4128 Salutem

521 4179 772 4237 spectant
799 4179 990 4222 orante
1029 4177 1225 4234 matre,
1255 4167 1354 4235 ipsi
1395 4168 1716 4232 exterisque
1742 4181 1866 4220 cum
1898 4182 1958 4219 ea
1985 4182 2102 4220 mu-

521 4263 748 4316 Iier-ibus
786 4264 1013 4329 gratiam
1047 4271 1098 4313 ct
1130 4259 1560 4327 puriﬁcationem
1594 4258 1830 4320 confert,
1863 4257 2103 4311 eisdem-

523 4369 631 4422 que
665 4353 976 4406 facultatem
1020 4350 1222 4419 prtcbet
1255 4349 1600 4404 sanctiﬁcare
1628 4365 1819 4416 Opera.
1859 4365 1958 4403 nec
1994 4349 2102 4404 ullo

527 4443 690 4496 modo
736 4439 1009 4508 impediri,
1044 4439 1159 4494 sive
1204 4439 1484 4492 immundo
1517 4440 1949 4506 communicare,
1984 4441 2099 4494 sive

2195 1919 2305 1973 Καὶ
2339 1920 2448 1973 [Seis
2477 1917 2936 1990 ἐγχειροῦμενδΰ
2959 1920 3206 1990 ὑπακοὴν
3233 1921 3292 1973 ὲν
3311 1920 3503 1991 ἀγάπῃ
3531 1917 3766 1990 Χριστοῦ

2194 2011 2479 2065 ἐκτελέσαι
2522 2011 2622 2082 τὴν
2663 2013 2931 2080 ὑμετέραν
2959 2012 3193 2082 αἴτησιν.
3224 2011 3332 2066 Καὶ
3362 2013 3494 2079 περὶ
3531 2011 3764 2064 ἑκάστου

2192 2104 2302 2156 τῶν
2337 2104 2499 2172 ἱερῶν
2527 2103 2813 2174 συμϐόλων
2843 2104 2981 2174 ὅπερ
3011 2105 3260 2172 ἔγνωμεν
3303 2107 3366 2156 ὲκ
3408 2104 3514 2156 τῶν
3547 2103 3771 2173 ἱερωτά-

2193 2213 2301 2250 των
2327 2195 2558 2265 Γραφῶν
2590 2195 2846 2266 ἐροῦμεν.
2874 2197 2981 2250 Καὶ
3007 2197 3143 2266 ὅπερ
3185 2196 3250 2250 ἂν
3275 2198 3423 2265 ἡμᾶς
3452 2199 3499 2249 οῖ
3530 2197 3772 2265 Πατέρες

2195 2287 2356 2358 ἡμῶν
2406 2287 2652 2354 ἐδίδαξαν
2685 2288 2932 2356 λέξομεν,
2972 2288 3201 2342 καθόσον
3241 2288 3603 2358 ἑξισχύσαμεν
3631 2289 3774 2354 γνῶ-

2195 2393 2305 2431 ναι.
2341 2378 2451 2431 Καὶ
2499 2377 2563 2448 δὴ
2612 2378 2828 2448 πρῶτον
2857 2377 3091 2447 λέγομεν
3125 2379 3371 2449 περὶτοῦ
3407 2380 3553 2432 Θείου
3585 2380 3774 2450 βαπτί-

2199 2485 2406 2538 σματος
2431 2483 2444 2498 '
2479 2469 2600 2520 ἐπεὶ
2643 2469 2736 2526 καὶ
2767 2469 2926 2521 τοῦτο
2954 2470 3097 2539 ἀρχὴ
3123 2469 3234 2524 τῶν
3270 2472 3351 2533 είς
3386 2473 3535 2542 ἡμᾶς
3570 2488 3773 2542 μυστη-

2201 2562 2351 2630 ρίων.
2410 2560 2552 2630 Πλὴν
2603 2563 2684 2614 ὅτι
2728 2562 2824 2614 καὶ
2871 2562 2978 2631 πρὸ
3011 2562 3106 2616 τοῦ
3142 2563 3505 2635 βαπτισθῆναι
3537 2566 3770 2636 σαρκικὴ

2199 2653 2452 2721 γέννησις
2482 2651 2612 2719 ἡμῖν
2641 2651 2874 2719 γίνεται,
2903 2637 3096 2722 ῥητῶν
3125 2655 3216 2706 καὶ
3243 2655 3381 2724 step?
3395 2654 3491 2723 τῆς
3522 2657 3582 2708 ἐν
3605 2653 3772 2727 ταύτῃ

2199 2743 2460 2813 πρότερον
2491 2743 2820 2814 τελουμένης
2849 2744 3036 2813 εὐχῆς.
3088 2745 3238 2797 Ἐπεὶ
3282 2746 3392 2816 γὰρ
3437 2749 3772 2816 γεγεννημέ-

2200 2851 2282 2887 νοι
2315 2834 2500 2904 σαρκὶ,
2531 2833 2703 2897 οὕτως
2758 2836 2839 2897 εἰς
2871 2836 2970 2905 τὴν
3019 2836 3378 2906 ἀναγέννησιν
3425 2839 3523 2908 τὴν
3556 2838 3646 2892 διὰ
3682 2837 3772 2891 τοῦ

2201 2924 2521 2995 Πνεύματος
2551 2926 2918 2996 ὁδηγούμεοα,
2953 2927 2985 2997 ἠ
3043 2926 3339 2995 Ἐκκλησία
3389 2928 3482 2981 τοῦ
3509 2915 3796 2998 Χριστοῦ,’

2198 3016 2273 3080 ὡς
2303 3017 2530 3080 ἄσπιλος
2565 3017 2702 3070 οὖσα
2739 3019 2833 3071 καὶ
2867 3019 3174 3089 ἡγιασμένη
3211 3022 3268 3071 ἐν
3296 3020 3539 3090 Χριστῷ,
3576 3023 3634 3074 ὲν
3665 3025 3775 3084 τοῖς

2200 3109 2482 3162 εύσεϐἐσιν
2514 3110 2675 3173 εὐθὺς
2696 3109 2793 3179 τὴν
2820 3111 3142 3181 ἁμαρτωλὸν
3172 3111 3332 3181 ἡμῶν
3362 3113 3454 3166 καὶ
3483 3114 3547 3166 ὲκ
3576 3113 3776 3184 σαρκὸς

2205 3202 2456 3273 γέννησιν
2485 3201 2829 3274 ἐκκαθαίρει.

2781 3413 3031 3468 ΚΕΦΑΛ.
3074 3413 3204 3467 NH’.

2203 3548 2366 3604 Διιιτί
2419 3548 2490 3601 ἐν
2525 3546 2597 3615 τῇ
2628 3553 2736 3606 τοῦ
2755 3553 3031 3624 βρέφους
3085 3530 3370 3621 γεννήσει
3427 3553 3580 3622 εὐχὴ
3620 3556 3780 3624 παρὰ

2692 3625 2799 3677 τοῦ
2831 3623 3030 3690 ἱερέως
3055 3624 3300 3693 γίνεται.

2276 3721 2386 3772 Καὶ
2419 3720 2703 3790 τεχθέντος
2737 3716 2831 3770 τοῦ
2868 3718 3102 3787 βρέφους
3134 3718 3286 3789 παρὰ
3325 3719 3583 3786 γυναικὸς
3625 3719 3780 3771 εύσεο

2203 3808 2354 3873 ϐοῦς,
2382 3812 2410 3864 ὁ
2443 3809 2624 3880 ἱερεὺς
2659 3808 3050 3876 παραγίνεται,
3082 3806 3177 3860 καὶ
3206 3793 3479 3876 δοξολόγεῖ
3506 3808 3596 3860 τὸν
3624 3807 3780 3873 Θεὸν,

2202 3901 2566 3974 εὐχαριστῶν,
2591 3901 2672 3952 ὅτι
2701 3899 2988 3967 ἄνθρωπος
3019 3893 3344 3967 γεγέννηται
3372 3901 3428 3951 ἐν
3453 3898 3529 3968 τῷ
3553 3899 3739 3968 κόσμῳ
3763 3912 3780 3930 ⁸

2204 3995 2298 4047 καὶ
2329 3992 2660 4064 σφραγίσας,
2703 3991 2914 4058 εύλογεῖ
2945 3991 3003 4043 τὸ
3029 3990 3238 4060 τεχθὲν,
3267 3992 3361 4042 καὶ
3382 3990 3658 4059 διαμένειν
3686 3991 3781 4044 καὶ

2183 4085 2458 4148 αδέξασθαι
2501 4085 2561 4137 τὸ
2603 4084 2888 4153 βάπτισμα
2930 4084 3026 4135 καὶ
3065 4081 3130 4134 τὸ
3157 4081 3366 4151 χρίσμα
3413 4082 3665 4139 αἰτεῖται.
3699 4081 3780 4152 Τῇ

2208 4175 2376 4245 μητρί
2413 4191 2471 4227 τε
2500 4176 2569 4228 τὰ
2602 4175 2739 4245 πρὸς
2771 4173 3044 4243 σωτηρίαν
3073 4172 3390 4242 εὐχόμενος,
3427 4171 3783 4241 μεταδίδωσιν

2204 4266 2344 4335 αὐτῇ
2403 4283 2462 4317 τε
2527 4267 2623 4319 καὶ
2679 4267 2797 4327 ταῖς
2847 4267 2943 4318 σὺν
2985 4266 3122 4336 αύτῇ
3171 4264 3386 4332 γυναιξὶ
3430 4265 3649 4334 χάριτος
3688 4267 3784 4318 καὶ

2205 4355 2504 4426 ἁγιασμοῦ,
2538 4356 2723 4411 ἄδειάν
2753 4373 2812 4408 τε
2864 4357 3091 4426 παρέχει
3141 4357 3380 4426 ἐνεργεῖν
3411 4359 3483 4409 τὰ
3513 4356 3648 4426 ἔργα
3681 4357 3785 4410 αύ-

2205 4449 2334 4516 τῶν,
2389 4450 2484 4503 καὶ
2532 4449 2672 4502 κατὰ
2730 4450 2897 4519 μηδὲν
2952 4450 3088 4511 ὅλως
3147 4449 3474 4513 κωλύεσθαι,
3524 4449 3554 4518 ἢ
3605 4449 3783 4519 ῥύπου

527 4534 594 4587 de
659 4531 947 4586 fallacibus
1002 4530 1210 4601 peccati
1261 4530 1552 4598 speciebus
1603 4531 1878 4597 dubitare,
1935 4546 2102 4601 quum

2213 4512 2482 4608 μετέχειν,
2529 4537 2560 4607 ἢ
2602 4512 2894 4601 ἐνδοίὰξειν
2940 4536 3218 4606 φθονεροῖς
3261 4535 3354 4589 τοῦ
3405 4512 3641 4608 πονηροῦ
3681 4539 3786 4606 φά-

523 4624 693 4680 semel
713 4624 1068 4678 iuttnunditim
1099 4639 1162 4677 ac
1193 4623 1488 4692 voluptatis
1516 4637 1579 4693 pa
1599 4633 1744 4679 rtum
1779 4627 2104 4695 prmstitet‘c,

526 4733 686 4789 queat
723 4729 856 4770 sane
885 4717 1256 4784 corruptionis
1291 4729 1352 4768 ac
1393 4715 1586 4770 mortis
1617 4715 1832 4771 initium
1879 4717 2101 4787 quidam

524 4811 843 4880 praedicant,
879 4808 953 4862 uti
980 4822 1166 4863 revera
1203 4817 1309 4861 est.

1089 4905 1318 5000 carbr
1375 4943 1512 5000 th.

527 5087 802 5158 Expositio
833 5087 1162 5158 singulorum
1180 5098 1297 5150 qua:
1329 5083 1464 5158 ﬁunt
1511 5091 1634 5158 ante
1674 5083 2011 5151 baptismum,
2050 5084 2103 5137 in

886 5153 1144 5225 baptismo
1170 5163 1218 5208 et
1245 5163 1359 5221 post
1409 5153 1747 5218 baptismum.

600 5315 823 5383 Insuper
854 5312 945 5380 qui
971 5307 1205 5379 signavit
1226 5321 1423 5376 aquam
1450 5307 1605 5376 signo
1631 5307 1810 5362 crucis
1841 5308 1895 5361 in
1933 5319 2108 5376 prooe-

533 5407 699 5459 mium
741 5403 910 5456 divini
971 5400 1308 5471 baptismatis
1336 5439 1352 5464 ,
1413 5397 1636 5451 domum
1681 5399 2023 5467 conspergit,
2053 5405 2108 5450 ct

530 5493 739 5550 infante
792 5493 843 5544 in
885 5489 1064 5545 fronte
1107 5490 1318 5560 signato
1351 5497 1572 5559 prepter
1604 5498 1861 5554 mentem,
1897 5503 2106 5543 necnon

530 5589 586 5641 in
633 5601 727 5640 ore
779 5591 999 5652 propter
1057 5583 1389 5636 locutionem
1443 5591 1496 5634 et
1535 5581 1788 5650 spiritum
1847 5579 2104 5649 atquein

527 5676 695 5732 corde
724 5682 947 5745 propter
995 5674 1102 5726 vim
1136 5673 1375 5736 vitalem,
1407 5672 1476 5724 ita
1512 5680 1570 5725 ut
1598 5683 1845 5727 servatus
1890 5680 2107 5725 maneat

528 5769 585 5824 in
619 5765 912 5822 salutarem
951 5763 1294 5834 baptismum,
1341 5762 1425 5816 Itis
1467 5761 1534 5815 ita
1569 5762 1844 5831 perfectis,
1893 5763 2102 5831 egredi-

2211 4647 2434 4700 σμασιν,
2462 4629 2650 4698 ἐπειδὴ
2689 4627 2768 4696 τῷ
2803 4628 2902 4697 τῆς
2937 4628 3216 4697 ἁμαρτίας
3250 4628 3343 4680 καὶ
3375 4627 3435 4691 ἐξ
3467 4627 3660 4697 ἡδονῆς
3695 4631 3784 4692 ἐξ·

2209 4715 2564 4786 υπηρέτησαν
2592 4716 2754 4784 τόκῳ,
2781 4714 2840 4767 ὃν
2861 4715 2926 4784 δὴ
2952 4715 3050 4781 τῆς
3073 4715 3278 4782 φθορᾶς
3307 4717 3401 4768 καὶ
3431 4715 3786 4786 τοῦ-Θανάτου

2209 4804 2496 4876 προοίμιόν
2531 4804 2676 4866 τινές
2707 4820 2841 4872 φασι
2871 4805 2967 4856 καὶ
2997 4801 3167 4856 ἔστιν.

2793 4935 3038 4988 ΚΕΦΑΛ.
3071 4932 3198 4986 NG’.

2209 5074 2481 5141 Δήλωσις
2521 5073 2671 5141 κατὰ
2697 5070 2879 5138 μέρος
2911 5067 3030 5124 erit
3057 5068 3169 5141 πρὸ
3206 5069 3312 5124 τοῦ
3329 5070 3792 5141 βαπτίσματος,

2279 5139 2377 5205 καὶ
2425 5145 2494 5196 ὲν
2540 5140 2620 5206 τῷ
2645 5141 3050 5208 βαπτίσματι,
3074 5139 3169 5196 καὶ
3200 5139 3350 5209 μετὰ
3379 5141 3442 5192 τὸ
3465 5139 3796 5209 ,βάπτισμα

2278 5211 2677 5282 τελουμένων.

2292 5305 2450 5358 Ἀλλὰ
2513 5305 2609 5355 καὶ
2665 5302 2966 5372 σφραγίσας
3019 5301 3163 5370 ὕδωρ
3219 5303 3285 5371 τῇ
3342 5301 3643 5371 σημειώσει
3694 5302 3798 5354 τοῦ

2209 5397 2469 5468 σταυροῦ,
2500 5397 2580 5459 εἰς
2622 5397 2910 5465 προοίμιον
2965 5393 3058 5445 τοῦ
3096 5394 3242 5446 Gaiae
3282 5392 3661 5463 βαπτίσματος
3686 5409 3804 5446 κα-

2207 5486 2560 5558 ταρῤαντίζει
2590 5485 2679 5538 τὸν
2702 5481 2870 5538 οἷκον.
2895 5483 3363 5554 Κατασφραγίσας
3383 5483 3440 5537 δὲ
3467 5485 3558 5535 καὶ
3580 5485 3638 5535 τὸ
3665 5483 3808 5552 βρέ-

2209 5598 2306 5650 (po;
2353 5580 2430 5649 τῷ
2473 5577 2709 5650 μετώπῳ
2755 5579 2841 5631 διὰ
2885 5576 2977 5630 τὸν
3009 5576 3154 5642 νοῦν,
3185 5576 3280 5630 καὶ
3324 5577 3401 5646 τῷ
3433 5576 3662 5646 στόματι
3705 5578 3807 5632 διὰ

2207 5673 2298 5725 τὸν
2351 5673 2506 5739 λόγον
2537 5673 2624 5723 καὶ
2655 5671 2751 5740 τὴν
2777 5670 2968 5739 πνοὴν,
3007 5671 3100 5723 καὶ
3122 5672 3186 5741 τῇ
3221 5669 3418 5738 καρδίᾳ
3447 5667 3534 5722 διὰ
3560 5667 3662 5738 τὴν
3693 5668 3815 5734 ζω-

2208 5759 2363 5830 τικὴν
2408 5761 2658 5830 δύναμιν,
2702 5758 2841 5811 ὥστε
2895 5758 3077 5828 μένειν
3124 5756 3545 5828 πεφυλαγμένον
3592 5757 3676 5821 είς
3737 5755 3816 5812 τὸ
