4044 6198
323 303 420 367 209

317 505 382 576 Τῇ
410 504 459 558 δὲ
485 505 642 579 ὀγδόῃ
667 510 852 582 ἡμέρᾳ
884 516 1216 585 προσάγεται
1243 521 1302 573 τὸ
1325 521 1521 592 βρέφος
1553 504 1658 580 ὕπό
1675 504 1846 586 τινων

313 599 378 668 τῷ
405 597 526 667 Θεῷ,
564 603 658 654 καὶ
686 595 921 668 πίδ“τῶν
951 605 1156 673 πυλῶν,
1188 611 1248 664 οὐ
1267 611 1378 682 γὰρ
1405 615 1738 685 ἡγιασμένον
1763 621 1846 674 ἔτι

315 691 414 742 ἐστὶ
455 689 526 757 τῷ
560 690 922 764 βαπτίσματι,
961 700 1248 768 σφραγίζει
1289 703 1450 758 πάλιν
1499 706 1634 760 αὐτὸ
1675 711 1756 774 είς
1786 711 1848 765 τὸ

314 783 552 850 μέτωπον,
607 787 704 837 καὶ
757 787 819 839 τὸ
874 789 1072 860 στόμα,
1106 793 1200 846 καὶ
1233 793 1294 848 ea
1331 797 1528 868 στῆθος
1569 801 1596 853 ὁ
1629 803 1843 872 ἱερεύς·

309 878 387 929 καὶ
436 875 645 932 δίδωσιν
704 879 874 946 ὄνομα
930 883 1103 954 τούτῳ
1166 886 1232 939 δι’
1271 888 1434 960 εὐχῆς
1495 892 1670 962 ἱερᾶς,
1710 896 1848 967 ὅπερ

307 971 362 1022 ἂν
388 971 429 1022 οἱ
458 971 702 1034 τεκόντες
729 972 1032 1042 θελὴσαιεν,
1065 977 1186 1046 μεθ’
1213 980 1274 1032 οῦ
1309 984 1400 1034 καὶ
1425 982 1764 1052 βαπτίζεται.

869 1089 1118 1145 ΚΕΦΑΛ.
1165 1093 1241 1150 ΞΥ.

301 1172 518 1227 Ὀτικαί
559 1175 733 1266 ἑνᾼῖῇ
783 1178 1190 1266 ὀγδόη-ἡμέρᾳ
1243 1193 1289 1266 δέ
1313 1193 1526 1266 Κύριος
1557 1194 1625 1247 τὸ
1659 1194 1846 1266 ὄνομα

618 1247 896 1316 εἴληφεν,
934 1247 1184 1322 Ἶηᾶοῦξ-
1218 1247 1488 1328 κληθείς.

356 1335 610 1408 Καθάπερ
639 1339 800 1394 τοῦτο
835 1343 1026 1410 γέγονε
1074 1350 1170 1402 καὶ
1221 1352 1282 1404 ὲν
1312 1352 1391 1424 τῷ
1426 1357 1617 1427 Κυρίῳ
1649 1375 1661 1390 ·
1689 1359 1746 1412 ἐν
1777 1361 1842 1429 τῇ

307 1424 442 1500 ὀγδόῃ
483 1430 594 1496 γὰρ
629 1433 1010 1503 περιτμηθελς,
1065 1440 1276 1510 Ἰησοῦς
1305 1424 1604 1519 ἐπεκλήθηξ
1653 1424 1844 1518 Ἡμεῖς

299 1515 346 1566 δὲ
374 1517 428 1570 οὑ
459 1523 760 1590 περιτομὴν
789 1525 984 1594 ἔχομεν
1013 1547 1025 1560 ·
1081 1534 1410 1602 πεπλήρωκε
1439 1515 1548 1605 γελρ
1572 1515 1620 1592 ⁷ὁ
1651 1515 1842 1613 Σώτὴρ

291 1605 350 1658 τὰ
373 1607 459 1659 τοῦ
486 1611 655 1677 νόμου
691 1613 812 1668 ἀντὶ
844 1618 1020 1687 ἡμῶν,
1071 1626 1164 1676 καὶ
1196 1626 1299 1692 τῆς
1331 1631 1562 1697 νομικῆς
1597 1605 1842 1695 δουλείας

293 1697 520 1765 ἐρύσατο.
547 1703 762 1787 Διέδωκε
791 1707 847 1760 δὲ
881 1713 1184 1782 περιτομὴν
1207 1715 1378 1786 ἄλλην
1409 1720 1466 1770 ἑν
1503 1719 1599 1790 ὅλῃ
1631 1723 1698 1790 τῇ
1735 1722 1839 1790 φύ-

291 1805 380 1851 σει,
407 1791 460 1843 τὸ
487 1783 633 1848 θεῖον
665 1796 976 1869 βάπτισμα,
1003 1803 1138 1872 ὅπερ
1163 1806 1222 1856 οὐ
1257 1783 1436 1878 σάρκα
1475 1783 1697 1880 τέμνει,
1720 1783 1838 1866 ἀλλ’

285 1879 533 1948 ἁμαρτίας
585 1887 866 1956 καθαίρει.
905 1891 1180 1948 Ἕκαστον
1231 1897 1288 1950 δὲ
1347 1899 1453 1952 τῶν
1500 1879 1718 1970 βρεφῶν
1759 1903 1835 1968 ὡς

298 1969 484 2038 Ἰησοῦς
523 1975 554 2028 ὁ
595 1979 832 2045 Χριστὸς
864 1983 922 2036 ἐν
953 1985 1029 2053 τῷ
1064 1987 1180 2056 ἰδίῳ
1230 1969 1552 2056 βαπτίζεται
1584 1969 1834 2064 ὀνόματι.

289 2064 352 2114 οὐ
377 2065 475 2134 μὴν
503 2067 562 2122 δὲ
598 2068 956 2137 βαπτίζονται
979 2077 1178 2140 πάντες
1211 2078 1464 2152 Ἰωάννης
1503 2085 1596 2138 καὶ
1623 2085 1834 2156 Μαρία,

283 2153 348 2212 ὡς
387 2155 489 2208 τῶν
545 2159 938 2233 ἁπλουστέρων
985 2168 1080 2220 καὶ
1121 2167 1408 2224 ἰδιωτικῶν
1446 2171 1592 2237 τινὲς
1644 2193 1831 2244 φασιν.

291 2245 364 2300 Ἑν
419 2251 478 2318 τῇ
532 2251 704 2324 ὀγδόῃ
739 2255 798 2310 δὲ
849 2259 884 2328 ἡ
945 2264 1214 2330 περιτομὴ
1243 2269 1364 2318 τότε
1417 2261 1488 2337 ἦν
1541 2270 1656 2330 τοῖς
1707 2271 1838 2324 Ἰου-

280 2338 446 2402 δαίοις.
489 2342 563 2396 Th
611 2344 786 2415 ὄνομα
829 2349 886 2402 δὲ
917 2349 1011 2404 νῦν
1061 2353 1120 2404 ὲν
1147 2355 1282 2426 αὐτῇ
1313 2359 1364 2411 οἱ
1401 2361 1583 2412 πιστοὶ
1616 2363 1833 2432 λαμϐά-

281 2446 444 2498 νομεν,
471 2436 555 2488 ὅτι
587 2437 985 2510 ἀνακαινισμὸς
1015 2445 1046 2514 ἡ
1077 2445 1262 2516 ὀγδόη.
1294 2449 1690 2524 Πληρωθείσης
1723 2456 1834 2526 γὰρ

277 2523 357 2592 τῆς
391 2525 626 2597 ἑϐδόμης
661 2529 732 2600 ἣν
789 2533 822 2600 ἡ
865 2533 978 2604 ζωὴ
1028 2536 1164 2608 αὕτη
1226 2542 1532 2610 κέκτηται,
1587 2545 1656 2600 δι’
1693 2523 1835 2601 ἐπτᾶ

275 2615 596 2693 κυκλουμένη
621 2623 729 2677 τῶν
752 2626 998 2696 ἡμερῶν,
1027 2632 1092 2700 τῇ
1125 2631 1288 2704 ὀγδόῃ
1311 2634 1476 2687 πάλιν
1502 2637 1830 2708 ἀπάρχεται.

277 2710 332 2759 ’0
364 2715 586 2780 σημεῖον
643 2715 741 2782 τῆς
777 2717 1128 2782 ἀναστάσεώς
1171 2723 1312 2786 ἐστι,
1352 2725 1446 2776 καὶ
1481 2726 1580 2793 τῆς
1612 2729 1832 2781 αἰωνίου

275 2801 398 2872 ζωῆς
449 2805 760 2876 προοίμιον.
804 2810 894 2862 Ἐν
935 2811 1045 2882 γὰρ
1092 2815 1157 2882 τῇ
1204 2811 1366 2888 ὀγδόῃ
1401 2817 1496 2869 καλ
1547 2821 1574 2870 ὁ
1628 2819 1834 2890 Κύριος

274 2895 532 2966 ἐξανέστη,
573 2901 677 2952 καὶ
741 2900 840 2969 τὴν
884 2903 1202 2958 τελευταίαν
1265 2908 1426 2975 ἡμεῖς
1482 2909 1698 2979 ἡμέραν
1733 2913 1833 2981 τῆς

273 2991 470 3044 αἰωνίου
491 2993 646 3062 ζωῆς
670 2992 983 3062 ἐλπίζομεν.
1010 2997 1174 3061 Ἥτις
1198 3000 1294 3052 καὶ
1320 3001 1627 3070 ἀπέραντος
1652 3004 1826 3070 ἔσται,

1563 325 1666 386 DE
1709 327 2262 404 SACRAMENTIS.

317 411 548 482 σωτήριον
576 413 876 488 βάπτισμα,
897 421 1066 487 οὕτως
1093 424 1390 494 ἀπολύσας,
1413 431 1516 502 75
1533 436 1828 506 ἐπέρχεται

1963 457 2070 506 tur.
2107 453 2310 508 Octava

3419 351 3524 422 210

2339 463 2517 512 autem
2539 459 2646 526 die.
2684 462 3108 532 aﬂ'erturinran‘s
3139 487 3168 526 a
3202 475 3522 542 quihusdam

1953 543 2022 598 a-d
2059 545 2252 611 Deum,
2275 558 2329 604 et
2359 565 2458 619 pro
2491 550 2719 621 foribus,
2749 571 2855 611 non
2888 561 3034 615 enim
3063 563 3330 630 baptismo
3347 569 3524 624 adhuc

1959 636 2334 696 sanctificatus
2367 650 2470 710 est,
2501 659 2690 702 rursus
2745 648 2926 718 signat
2955 667 3078 707 eum
3103 654 3156 709 in
3189 654 3363 712 fronte
3387 667 3442 713 et
3469 661 3522 714 in

1959 743 2054 782 ore
2092 737 2254 799 atque
2318 732 2372 787 in
2411 744 2630 803 pectore
2675 741 2952 808 sacerdos,
2993 745 3152 814 eique
3178 761 3272 814 per
3311 759 3522 805 Sacram

1877 869 1880 872 .
1953 819 2252 876 orationem
2295 823 2386 877 dat
2443 839 2638 883 nomen
2676 833 3051 904 quodcumque
3101 837 3368 893 voluerint
3406 841 3524 910 ejus

1953 919 2226 978 parentes,
2257 929 2494 984 quocum
2528 917 2851 989 baptizatur.

2547 1121 2776 1178 CAPUT
2809 1124 2921 1181 LX.

1954 1202 2106 1268 Quod
2135 1204 2386 1262 Dominus
2409 1227 2610 1288 quoque
2667 1225 2846 1288 cetera
2883 1217 2968 1272 die
3011 1235 3194 1275 nomen
3246 1223 3436 1288 accepit
3472 1233 3518 1277 et

2433 1280 2588 1336 Jcszis
2624 1287 2921 1353 appellatus
2945 1299 3042 1342 est.

2017 1365 2484 1429 Quemadmodum
2531 1373 2670 1428 idem
2701 1376 2750 1429 in
2789 1377 3018 1432 Domino
3041 1379 3238 1436 factum
3272 1379 3386 1452 esi;
3419 1401 3518 1444 oc-

1947 1465 2068 1510 tava
2123 1459 2268 1514 enim
2297 1461 2384 1515 die
2415 1464 2770 1521 circumcisus
2797 1479 3025 1526 vocatus
3073 1482 3158 1528 est
3197 1475 3376 1533 .lesus.
3407 1479 3518 1535 Nos

1943 1560 2074 1600 vero
2097 1547 2567 1607 circu'mcisionem
2603 1567 2711 1610 non
2739 1556 3038 1628 habemus;
3065 1577 3188 1617 nam
3220 1567 3385 1636 legem
3419 1585 3518 1638 pro

1947 1637 2108 1692 nobis
2159 1640 2472 1711 adimp‘levit
2507 1645 2777 1714 Salvator,
2807 1659 2861 1704 et
2885 1665 2914 1703 a
2943 1645 3100 1719 legali
3128 1655 3387 1711 servitute
3419 1637 3519 1714 nos

1947 1729 2112 1797 eruit,
2143 1733 2242 1787 sed
2263 1735 2315 1789 in
2355 1737 2502 1791 omni
2539 1749 2732 1794 natura
2767 1743 2925 1796 aliam
2959 1744 3106 1799 dedit
3147 1748 3514 1807 circumcisio-

1941 1835 2088 1888 ncm,
2111 1823 2352 1880 divinum
2383 1828 2832 1903 baptisma,quod
2863 1849 2969 1888 non
3003 1850 3218 1890 carnem
3247 1851 3516 1909 amputat,

1957 1912 2052 1966 sed
2089 1917 2325 1981 peccatis
2356 1930 2568 1990 purgat.
2600 1923 2832 1978 infantes
2862 1927 3058 1996 singuli
3087 1939 3146 1983 ut
3181 1927 3340 1987 Jesus
3361 1932 3515 1989 Chri-

1939 2011 2057 2058 stus
2087 2005 2139 2057 in
2181 2008 2398 2075 proprio
2439 2014 2660 2066 nomine
2700 2015 3064 2082 haptizantur,
3103 2020 3374 2088 siquidem
3407 2039 3513 2078 non

1939 2109 2132 2151 omnes
2193 2099 2540 2169 haptizantur
2589 2107 2640 2158 in
2687 2106 2906 2160 nomine
2955 2106 3180 2166 Joannis
3211 2115 3266 2166 et
3300 2111 3512 2179 Mariae.

1939 2201 2102 2257 prout
2131 2191 2386 2247 dixerunt
2421 2195 2640 2264 quidam
2675 2207 2856 2252 mente
2897 2199 3172 2268 simplices
3206 2211 3260 2258 et
3307 2203 3512 2260 idiota}.

1943 2277 2038 2332 Die
2073 2281 2290 2348 quidem
2332 2293 2522 2336 octava
2558 2293 2684 2338 tunc
2716 2295 2832 2340 erat
2891 2285 3094 2344 Iudacis
3143 2293 3510 2359 circutneisio,

1939 2384 2039 2424 nos
2063 2385 2192 2426 vero
2225 2372 2408 2425 tideles
2457 2374 2648 2428 eadem
2683 2375 2769 2429 die
2804 2383 3002 2432 nomen
3053 2381 3354 2449 accipimus
3381 2397 3512 2452 quo-

1943 2461 2088 2514 niam
2115 2473 2305 2518 octava
2337 2473 2421 2518 est
2445 2467 2744 2522 renovatio.
2766 2465 2898 2522 Nam
2925 2472 3143 2540 impleta
3181 2471 3514 2530 hebdomade

1937 2567 2100 2620 quam
2127 2553 2242 2620 ipsa
2275 2566 2566 2612 consecuta
2589 2567 2672 2613 est
2705 2561 2810 2614 vita
2844 2571 3049 2631 septem
3075 2563 3283 2618 dierum
3311 2565 3514 2622 circulo

1939 2651 2218 2708 contenta,
2262 2661 2478 2700 rursum
2530 2648 2621 2702 die
2643 2659 2838 2704 octava
2879 2655 3195 2717 revertitur,
3243 2659 3386 2723 quod
3438 2657 3514 2710 si-

1935 2751 2098 2802 gnum
2117 2745 2198 2790 est
2213 2739 2648 2802 resurrectionis,
2671 2753 2991 2812 mter-nmque
3009 2744 3132 2798 vitae
3151 2746 3501 2812 prooemium.

1937 2823 2146 2895 Quippe
2203 2837 2394 2882 octava
2441 2829 2529 2884 die
2587 2833 2884 2886 resurrexit
2939 2832 3235 2900 Dominus,
3303 2853 3512 2905 uosque

1936 2914 2180 2970 ultimam
2242 2917 2383 2980 diem
2441 2929 2656 2975 aeternae
2691 2921 2810 2976 vitae
2849 2937 3152 2990 speramus,
3186 2939 3306 2992 quae
3339 2927 3512 2980 nescit

1935 3021 2214 3075 occasum,
2247 3020 2410 3078 prout
2435 3009 2747 3066 didicimus.
2784 3012 2952 3082 Igitur
2977 3014 3030 3067 in
3063 3014 3178 3082 ipsa
3211 3015 3302 3070 die
3323 3027 3510 3072 octava

273 3082 400 3134 καθὰ
428 3085 824 3154 διδασκόμεθα.
871 3089 960 3140 Ἐν
991 3087 1166 3177 ταύτῃ
1197 3089 1290 3146 οὖν
1319 3096 1384 3162 τῇ
1443 3095 1605 3166 ὀγδόῃ
1647 3097 1696 3149 οἰ
1735 3097 1829 3165 μὲν

1940 3098 2113 3158 Judaei
2167 3101 2386 3169 quidem
2443 3101 2746 3156 secundum
2781 3103 3054 3158 masculos
3082 3111 3290 3160 tantum
3325 3116 3510 3177 utpote

283 3169 508 3229 Ἰουδαῖοι
567 3180 1000 3248 περιετέμνοντο
1053 3173 1193 3234 κατὰ
1229 3183 1297 3236 τὰ
1329 3185 1536 3257 ἆῤῥενα
1571 3189 1734 3258 μόνον
1754 3191 1830 3253 ὼς

275 3265 489 3331 ἀτελεῖς,
523 3270 963 3342 σφραγιζόμενοι
995 3277 1074 3346 τῷ
1111 3280 1285 3349 μορίῳ
1314 3282 1412 3349 τῆς
1441 3283 1662 3351 ἡδονῆς,
1695 3301 1832 3352 προ·

275 3360 674 3431 μαρτυροῦντες
733 3364 834 3433 μὲν
895 3368 990 3420 καὶ
1041 3369 1189 3423 αὐτοὶ
1249 3371 1348 3441 τὴν
1407 3357 1710 3428 ἀνάστασιν
1763 3378 1827 3445 τῇ

270 3447 440 3520 ὀγδόῃ,
470 3456 570 3508 καὶ
600 3455 662 3508 ἐν
694 3456 774 3526 τῷ
801 3461 1226 3530 περιτέμνεσθαι
1253 3463 1330 3525 δὲ,
1365 3467 1726 3534 σημαίνοντες
1756 3469 1830 3530 ὼς

273 3540 478 3613 ἠὴδονὴ
511 3547 616 3616 τῆς
655 3548 857 3614 σαρκὸς
906 3550 1250 3619 παυθήσεταί
1295 3571 1448 3618 ποτε,
1495 3557 1592 3608 καὶ
1623 3558 1830 3628 ἄφθαρ-

263 3645 344 3694 τος
378 3635 532 3690 ἔσται
569 3637 710 3707 ζωὴ,
741 3641 836 3692 καὶ
870 3641 946 3711 μὴ
977 3642 1064 3696 διὰ
1091 3645 1290 3714 σαρκὸς
1323 3647 1718 3720 ἐνεργουμένη.
1753 3653 1828 3722 μὴ

265 3725 496 3790 νωῦντες
539 3730 600 3782 δὲ
642 3730 822 3796 τοῦτο,
857 3733 992 3802 μηδὲ
1041 3735 1141 3807 τὴν
1192 3737 1371 3809 ἀληθῆ
1399 3744 1704 3813 περιτομὴν
1733 3743 1830 3813 τὴν

264 3813 350 3880 τῆς
375 3817 660 3886 ἁμαρτίας
709 3824 1098 3887 κατανοοῦντες
1141 3825 1422 3891 ἀπόθεσιν,
1455 3829 1590 3902 ὅπερ
1621 3832 1736 3884 ἐστὶ
1768 3833 1830 3886 τὸ

265 3904 405 3972 ἄτιον
457 3910 772 3980 βάπτισμα.
832 3915 1006 3968 Τοῦτο
1058 3915 1169 3988 γὰρ
1222 3919 1280 3970 τὺ
1330 3920 1642 3989 ἀφθάρτους
1676 3923 1830 3988 ὅλους

264 3995 388 4053 εἶναι
420 4003 518 4056 καὶ
555 4005 768 4068 ἀσινεῖς
806 4007 1137 4075 ἐκδιδάσκει,
1180 4011 1276 4064 καὶ
1309 4013 1386 4082 μὴ
1415 4015 1558 4068 κατά
1585 4032 1638 4068 τι
1665 4014 1830 4070 λελω-

263 4091 522 4160 ϐημένους
545 4112 562 4128 ο
593 4099 624 4150 ὁ
675 4097 788 4168 γὰρ
817 4101 1280 4170 περιτεμνόμενος
1310 4103 1410 4182 τὴν
1447 4105 1626 4174 σάρκα
1657 4106 1826 4160 λελώ-

259 4183 428 4250 ὃηται,
463 4188 564 4240 καὶ
589 4187 652 4240 τὸ
677 4189 864 4258 ἄρτιον
911 4191 972 4243 οὐ
999 4193 1287 4263 περιφέρει
1330 4196 1430 4264 τῆς
1462 4195 1699 4265 φύσεως·
1733 4201 1826 4252 καὶ

257 4273 334 4325 ὅτι
364 4275 462 4328 οὐκ
510 4275 730 4340 ἀπαθὲς
756 4275 816 4342 ἐξ
865 4279 1057 4350 ἡδονῆς
1085 4281 1370 4336 τίκτεσθαι
1394 4286 1564 4356 ἡμᾶς.
1615 4287 1706 4340 Διὸ
1729 4289 1826 4340 καὶ

253 4363 398 4418 τοῦτο
435 4367 664 4421 λέλυται
699 4369 762 4423 τὸ
795 4371 856 4435 ὲξ
884 4372 1078 4445 ἡδονῆς
1105 4375 1418 4434 τίκτεσθαι.Δ
1444 4380 1735 4452 Δοθήσεται
1769 4381 1824 4434 δὲ

1937 3190 2240 3262 imperfecti
2297 3193 2854 3260 circumcidehantur,
2919 3196 3165 3250 membro
3213 3199 3509 3268 voluptatis

1933 3281 2130 3351 signati
2161 3291 2538 3352 prietestantes
2577 3281 2796 3350 quidem
2829 3291 2885 3337 et
2915 3283 3016 3352 ipsi
3049 3287 3506 3342 resurrectionem

1932 3389 2028 3443 per
2049 3372 2190 3428 diem
2217 3382 2488 3438 octavam,
2516 3381 2568 3426 ct
2607 3387 2700 3442 per
2728 3373 3203 3431 eireumeisionem
3243 3377 3508 3434 indican-

1935 3475 2014 3519 tcs
2064 3473 2194 3519 tunc
2222 3473 2554 3519 cessaturum
2599 3467 2781 3522 carnis
2809 3465 3138 3534 voluptatem
3163 3513 3178 3536 ,
3234 3469 3510 3542 vitamque

1933 3551 2172 3606 futuram
2208 3552 2682 3622 incorruptibilctn
2725 3569 2898 3625 neque
2923 3571 3018 3624 per
3051 3572 3273 3613 carnem
3318 3575 3510 3629 Opera--

1931 3651 2145 3712 turam;
2175 3645 2266 3699 sed
2300 3659 2398 3716 nec
2424 3644 2566 3700 istud
2589 3645 2844 3708 scientes,
2869 3661 3043 3716 neque
3067 3663 3252 3704 verast:
3273 3651 3508 3705 circum-

1931 3738 2194 3793 cisionem
2237 3714 2448 3808 peccati
2481 3739 2822 3792 avet-sionem
2888 3737 3214 3807 cogitantes,
3249 3741 3392 3810 quod
3423 3753 3508 3798 est

1929 3838 2181 3885 sanetum
2212 3829 2478 3899 baptisma
2505 3844 2518 3894 ;
2549 3829 2650 3884 hoc
2680 3829 2824 3885 enim
2847 3844 2948 3884 nos
2977 3829 3136 3884 docet
3173 3832 3503 3890 csseincor-

1907 3931 2118 3990 .ruptos
2143 3930 2196 3975 et
2231 3921 2454 3975 omnino
2486 3919 2718 3974 intactos
2746 3935 2846 3974 nec
2877 3920 2930 3972 in
2960 3920 3140 3988 aliqua
3185 3929 3337 3990 parte
3361 3939 3492 3978 sau-

1929 4015 2066 4068 cios.
2093 4013 2226 4066 Nam
2279 4013 2370 4080 qui
2429 4009 2840 4066 circumciditur
2886 4012 3186 4064 secundum
3247 4028 3494 4079 carnem.

1928 4103 2164 4167 laeditur,
2209 4117 2386 4170 neque
2424 4099 2742 4157 circumfert
2793 4112 3000 4157 natura:
3031 4103 3412 4172 integritatem,
3447 4115 3504 4161 et

1929 4193 2193 4262 quoniam
2257 4207 2604 4263 nequaquam
2640 4194 2844 4263 absque
2883 4202 3105 4263 peccato
3131 4210 3196 4250 ex
3229 4197 3501 4267 voluptate

1929 4285 2198 4348 nascitur,
2235 4284 2356 4339 ideo
2411 4282 2584 4336 noluit
2639 4297 2740 4338 nos
2782 4298 2848 4337 ex
2889 4283 3164 4351 voluptate
3205 4286 3498 4354 generari;

1927 4375 2090 4432 nobis
2122 4390 2250 4430 vero
2300 4388 2395 4444 per
2420 4373 2688 4443 baptisma
2733 4372 2951 4428 dabitur
2981 4373 3132 4428 nasci
3165 4390 3272 4428 non
3307 4391 3371 4430 ex
3398 4391 3498 4431 vo-

251 4455 372 4520 ἡμϊν
395 4457 482 4510 διὰ
504 4459 606 4514 τοῦ
635 4460 1012 4532 βαπτίσματος
1037 4466 1100 4520 τὸ
1129 4469 1228 4521 οὐκ
1252 4471 1314 4522 ὲκ
1347 4469 1652 4540 θελήματος
1679 4490 1814 4544 σαρ-

1931 4471 2130 4524 luntate
2153 4468 2356 4534 carnis,
2381 4481 2554 4537 neque
2585 4481 2652 4520 ex
2685 4467 2960 4522 voluntate
2991 4465 3113 4530 viri,
3149 4466 3244 4522 sed
3274 4483 3338 4522 ex
3365 4465 3496 4534 Deo,

253 4545 356 4612 κός,
387 4549 512 4602 οὐδὲ
541 4551 612 4604 ὲκ
639 4551 952 4622 θελήματος
979 4558 1190 4627 ἀνδρὸς,
1219 4560 1334 4613 ἀλλ’
1369 4564 1436 4614 ἐκ
1461 4563 1598 4617 Θεοῦ
1629 4567 1813 4620 τίκτε-

257 4637 389 4695 σθαι.
415 4643 598 4698 Τοῦτο
627 4646 673 4698 δ’
707 4645 824 4700 ἐστὶ
853 4648 914 4700 τὸ
953 4649 1040 4704 διὰ
1086 4652 1311 4724 λουτροῦ
1349 4657 1446 4724 τῆς
1489 4659 1814 4726 παλιγγενε-

253 4730 360 4796 σίας
401 4735 834 4803 ἀναγεννᾶσθαι.
864 4741 1032 4795 Ὅθεν
1076 4745 1172 4798 καὶ
1223 4749 1288 4816 τῇ
1325 4747 1488 4820 ὀγδόῃ
1533 4751 1715 4823 ἡμέρᾳ
1754 4755 1814 4806 τὸ

252 4821 410 4892 ιειομα
447 4829 728 4895 λαμσάνει
760 4831 862 4898 μὲν
905 4832 966 4884 τδ
995 4833 1229 4906 βρέφος,
1261 4835 1450 4908 ὥσπερ
1477 4843 1504 4894 ὀ
1541 4821 1730 4913 Σωτὴρ
1755 4845 1816 4896 τὸ

254 4911 516 4986 Σωτήρων
577 4917 788 4990 Ἰησοῦς
831 4924 1142 4995 ἐπικληθείς
1171 4943 1186 4958 ·
1243 4931 1578 5000 σφραγισθὲν
1629 4911 1816 4989 δὲκαὶ

253 5004 401 5077 εὐχήν
428 5007 623 5062 λαϐὼν
665 5011 820 5080 ἱερὰν
843 5053 858 5079 ,
906 5013 983 5078 ὡς
1032 5021 1339 5090 προσαχθὲν
1368 5025 1446 5096 τῷ
1475 5025 1686 5096 Κυρίῳ,
1719 5029 1816 5081 καὶ

253 5099 548 5186 σημειωθὲν
579 5097 664 5172 τῷ
697 5105 916 5176 σταυρῷ
964 5107 1026 5162 τδ
1079 5110 1330 5180 μέτωπον
1353 5153 1368 5177 ,
1403 5095 1486 5177 ὧς
1519 5095 1681 5186 ἔφην,
1725 5119 1815 5174 διὰ

251 5185 302 5236 τὸ
329 5193 608 5261 νοητικὸν,
639 5193 702 5246 τὺ
740 5197 918 5266 στόμα
938 5197 1027 5252 διὰ
1052 5200 1114 5253 τὸ
1144 5201 1382 5270 λογικὸν,
1418 5205 1514 5258 καὶ
1543 5185 1644 5276 τὴν
1674 5225 1812 5279 καρ-

253 5275 358 5330 δίαν
379 5281 468 5338 διὰ
497 5285 564 5338 τὸ
600 5283 890 5352 ζωοποιδν,
928 5292 1026 5344 καὶ
1051 5295 1116 5362 τῇ
1149 5294 1314 5364 βίϐλῳ
1343 5298 1410 5366 τῇ
1443 5275 1648 5370 αἰωνίῳ
1679 5275 1814 5368 γρα-

255 5371 338 5434 ᾳὲν
369 5375 460 5429 διὰ
483 5376 602 5448 ,τοῦ
646 5380 988 5446 ἐπιτεθέντος
1033 5384 1184 5454 αὑτῷ
1236 5385 1526 5455 ὀνόματος,
1582 5390 1814 5460 ἐπανέρ-

255 5476 384 5526 Ιεται
421 5469 490 5538 τῇ
531 5471 728 5538 μητρί.
771 5472 851 5543 Τῇ
885 5479 1304 5548 τεσσαρακοστῇ
1331 5479 1402 5548 -δὲ
1434 5480 1619 5552 ἡμέρᾳ
1654 5481 1815 5538 πάλιν

257 5555 582 5622 προσάγεται
617 5558 722 5612 ὑπὸ
751 5563 850 5633 τῆς
885 5565 1091 5634 μητρὸς
1133 5565 1212 5634 τῷ
1265 5567 1378 5636 ναῷ
1416 5569 1512 5621 καὶ
1554 5567 1712 5622 τοῦτο
1741 5567 1816 5633 ὡς

261 5640 410 5714 δῶρον
445 5647 576 5719 Θεῷ
616 5653 1074 5722 προσκολμίζεται.
1122 5655 1182 5711 '0
1213 5658 1394 5728 ἱερεὺς
1424 5659 1532 5727 γὰρ
1565 5661 1672 5729 πρὸ
1707 5661 1814 5714 τῶν

263 5731 420 5804 Θνρῶν
455 5742 598 5806 στὰς
649 5743 741 5798 τοῦ
781 5747 912 5802 ναοῦ
951 5747 1032 5818 (οὐ
1065 5749 1170 5818 γὰρ
1201 5749 1358 5820 θέμις
1391 5753 1496 5820 πρὸ
1529 5753 1626 5822 τῆς
1649 5753 1812 5823 εὐχῆς

1914 4563 2060 4631 quod
2087 4570 2172 4616 est
2190 4575 2284 4629 per
2314 4559 2590 4614 lavacrum
2622 4557 3054 4626 regenerationis
3083 4556 3280 4612 iterum
3323 4561 3497 4615 nasci.

1923 4652 2080 4709 Unde
2139 4661 2330 4706 octava
2377 4651 2470 4704 die
2523 4663 2722 4703 nomen
2761 4649 2982 4710 quidem
3019 4649 3220 4716 accipit
3267 4649 3447 4704 infans
3479 4689 3496 4712 ,

1918 4747 2062 4802 sicut
2107 4727 2360 4799 salvator
2385 4740 2608 4796 nomine
2639 4739 2918 4794 salutifero
2946 4737 3108 4793 Jesus
3133 4747 3386 4803 vocatus,
3419 4741 3492 4794 si-

1917 4845 2112 4906 gnatus
2137 4849 2288 4898 vero.
2319 4841 2370 4887 et
2403 4847 2560 4888 saera
2585 4829 2834 4886 oratione
2871 4838 3116 4896 accepta,
3155 4837 3340 4898 utpote
3387 4829 3498 4886 lico

1917 4929 2156 4990 oblatus,
2203 4927 2556 4993 signatusque
2614 4922 2794 4976 crucis
2839 4921 3019 4987 signa,
3057 4931 3212 4986 prout
3269 4919 3403 4984 dixi,
3435 4921 3492 4974 in

1915 5020 2094 5075 fronte
2114 5027 2334 5088 propter
2354 5024 2614 5078 mentem,
2631 5014 2682 5068 in
2703 5028 2794 5067 ore
2813 5021 3028 5080 propter
3051 5011 3344 5074 loquelam,
3361 5012 3493 5066 etin

1916 5113 2080 5168 corde
2115 5117 2336 5180 prepter
2369 5107 2586 5161 vitalem
2611 5105 2930 5175 potentiam,
2955 5116 3164 5156 necnon
3204 5101 3257 5154 in
3283 5112 3490 5158 :cterno

1917 5205 2058 5260 libro
2089 5217 2186 5272 per
2235 5199 2552 5270 impositum
2596 5197 2647 5252 ei
2695 5211 2892 5250 nomen
2939 5189 3275 5258 inscriptus,
3331 5196 3490 5248 matri

1918 5294 2251 5350 restituitur.
2275 5292 2371 5346 Die
2392 5300 2570 5346 autem
2599 5287 3012 5360 quadragesima
3041 5305 3232 5344 rursus
3261 5305 3290 5342 a
3317 5299 3492 5345 matre

1917 5387 1973 5441 in
2005 5384 2264 5456 templum
2297 5389 2616 5453 apportatus
2666 5379 2814 5434 velut
2846 5377 3048 5432 donum
3087 5379 3196 5436 Deo
3239 5383 3485 5437 offertur.

1917 5478 2166 5545 Namque
2201 5473 2456 5529 sacerdos
2493 5486 2602 5542 prae
2639 5469 2843 5524 foribus
2877 5469 3058 5539 templi
3092 5472 3318 5528 adstans
3349 5474 3484 5544 (non

1917 5569 2060 5624 enim
2095 5567 2174 5621 fas
2206 5574 2292 5621 est
2333 5574 2456 5619 ante
2490 5575 2678 5632 preces
2711 5560 2940 5631 ingredi)
3006 5573 3178 5618 matre
3215 5566 3488 5637 simulque

1919 5661 2122 5715 infante
2151 5657 2379 5730 signatis
2403 5665 2459 5712 et
2483 5671 2578 5726 per
2617 5655 2894 5711 orationes
2919 5655 3296 5723 sanctiﬁcatis,
3323 5662 3488 5715 matri

1920 5751 2140 5823 quidem
2171 5749 2550 5821 purgationem
2575 5747 2796 5805 exhibet
2839 5761 2868 5802 a
2901 5746 3206 5818 voluptaria
3243 5749 3490 5805 sordida-
