4044 6198
453 322 554 386 211
1337 325 1718 388 SYMEONIS
1752 320 2500 384 THESSALONICENSIS
2531 321 2891 383 ARCHIEP.
3601 312 3707 376 232

453 456 560 509 que
601 438 958 509 conceptione
1010 453 1131 509 qua:
1162 447 1287 509 post
1331 451 1547 508 partum
1601 440 1835 496 absoivit
1887 437 2063 494 diem,

2168 435 2420 508 ίσελθεῖν)
2453 437 2547 490 καὶ
2575 436 2676 505 τὴν
2715 436 2930 506 μητέρα
2968 434 3281 504 σφραγίσας
3308 434 3424 504 ἃμα
3464 436 3544 504 τῷ
3582 434 3704 506 βρέ-

455 534 602 587 illam
639 531 1108 602 quadragesimam
1141 532 1193 586 in
1223 547 1332 600 qua
1361 533 1541 588 infans
1573 534 1626 586 in
1663 532 2027 601 caper-fectus

2168 544 2246 590 et,
2283 528 2380 580 καὶ
2411 527 2647 594 ἁγιάσας
2680 526 2876 587 αὐτοὺς
2909 524 3115 594 εὐχαῖς,
3149 525 3245 577 καὶ
3297 527 3363 595 τῇ
3403 525 3506 591 μὲν
3541 526 3707 594 μητρὶ

455 633 536 678 est
565 631 618 678 et
647 623 922 678 exsultare
967 623 1169 692 etrapit;
1200 623 1362 693 eique
1403 624 1529 678 dato
1570 625 1620 678 in
1649 623 1911 692 templum
1952 621 2030 676 in-

2168 619 2230 690 ὴν
2277 619 2386 674 ἀπὸ
2448 619 2562 688 τῆς·
2607 617 2858 685 ἐνηδὸνου
2913 616 3005 668 καὶ
3064 614 3350 687 ρυπώδους
3397 618 3704 684 γεννήσεως

456 729 688 783 gressu,
743 730 906 783 quum
975 715 1040 770 ad
1081 717 1224 770 hanc
1278 715 1468 769 horam
1527 715 1688 785 digna
1741 729 1850 768 non
1888 721 2032 769 esset

2172 711 2402 782 άθαρσιν
2452 709 2776 780 παρασχὼν,
2818 706 3242 778 πεπληρωκυῖας
3314 706 3454 774 μετά
3499 705 3591 759 τὸν
3626 711 3707 759 τό·

459 818 583 874 (ruae
637 805 1013 876 ingrederetur
1045 815 1100 860 et
1142 820 1263 860 cum
1316 816 1508 861 sancto
1558 805 2029 869 communicaret,

2171 819 2230 856 ον
2272 804 2334 854 τδ
2382 800 2999 870 τεσσαρακονθήμερον,
3041 799 3100 851 ἐν
3152 791 3196 863 ᾧ
3236 794 3328 850 καὶ
3390 799 3451 851 τδ
3516 797 3709 867 βρέφος

459 897 720 950 infantem
754 896 807 949 in
842 897 1093 952 manibus
1125 896 1420 965 accipiens,
1455 896 1764 951 Simeonem
1789 895 2032 950 referens

2168 909 2192 944 ν
2241 892 2377 962 αὐτῇ
2427 890 2682 962 ἐτελέσθη
2734 892 2827 943 καὶ
2881 889 3109 960 σκιρτᾷν
3159 887 3402 958 ἤρξατο⁸
3447 888 3540 940 καὶ
3591 887 3711 950 δοὺς

458 986 747 1041 Dominum
793 1003 1021 1056 puerum
1070 988 1505 1058 amplectentem,
1552 987 1681 1042 illud
1719 1006 1740 1040 ι
1766 988 1921 1043 Nunc
1948 987 2033 1042 di-

2168 985 2272 1055 ,t'nﬁ
2306 983 2402 1054 τὴν
2436 984 2492 1036 ἐν
2527 982 2605 1052 τῷ
2635 982 2752 1052 ναῷ
2781 981 3007 1047 εἴσοδον,
3043 980 3205 1051 μέχρι
3256 981 3376 1032 τότε
3426 980 3500 1049 μὴ
3547 976 3712 1046 οὔσης

459 1076 686 1140 ιηίιιὶε,›
717 1075 917 1131 clamat
946 1076 1201 1132 sacerdos
1232 1078 1527 1133 obsecrans
1552 1086 1609 1131 ut
1638 1076 1818 1133 infans
1851 1092 1881 1132 a
1913 1092 2035 1146 pec-

2168 1075 2336 1145 αύτης
2381 1075 2533 1142 ἀξίας
2587 1073 2682 1128 τοῦ
2735 1073 3019 1135 εἰσελθεῖν,
3061 1073 3198 1142 μηδὲ
3251 1071 3583 1140 κοινωνῆσαι
3615 1067 3710 1122 τοῦ

461 1175 584 1220 cato
617 1167 831 1221 solutus
863 1167 1043 1220 lumen
1082 1167 1262 1222 rideat
1306 1169 1609 1233 Christum,
1649 1161 2058 1222 revelationem'

2168 1165 2430 1235 ιαθαροῦ,
2460 1165 2520 1220 τὸ
2565 1165 2775 1219 παιδίον
2817 1165 2897 1228 είς
2943 1165 3133 1234 χεῖρας
3187 1163 3349 1224 αὐτὸς
3380 1161 3594 1222 λαϐὼν.
3648 1160 3712 1213 τὰ

459 1258 700 1326 gentium
729 1267 782 1312 et
815 1258 1044 1326 gloriam
1098 1259 1228 1314 novi
1251 1258 1439 1326 Israel,
1474 1268 1528 1314 et
1557 1259 1764 1329 Spiritu
1818 1271 2039 1328 regene-

2171 1257 2232 1313 οὗ
2302 1255 2529 1328 Συμεὼν
2582 1256 2833 1310 ἐκτυπῶν
2882 1254 3324 1324 ἀγκαλισαμένου
3383 1253 3582 1322 βρέφος
3627 1250 3715 1304 τὸν

459 1359 616 1404 ratus
651 1348 818 1402 Deum
873 1349 1012 1402 facie
1057 1351 1122 1403 ad
1172 1348 1366 1405 faciem
1398 1351 1721 1419 conspiciat.
1753 1348 1813 1405 Si
1860 1348 2039 1404 infans

2168 1348 2378 1419 ἱύριον,
2438 1348 2521 1415 τὺ,
2585 1365 2604 1399 t
2664 1347 2781 1401 Νῦν
2828 1346 3110 1413 ἀπολύεις,
3155 1364 3176 1398 ι
3233 1343 3480 1414 ἀναϐοᾷ,
3518 1343 3579 1394 ἐκ
3617 1343 3714 1409 τῆς

462 1439 770 1508 baptizatus
798 1449 899 1505 est,
925 1439 991 1494 ad
1019 1441 1188 1494 altare
1211 1455 1332 1495 cum
1358 1439 1516 1494 aﬂert
1544 1455 1784 1510 eunique
1801 1440 2039 1496 circum-

2168 1439 2421 1510 ιμαρτίας
2443 1438 2672 1508 λυθῆναι
2699 1438 2758 1491 τὸ
2788 1438 2985 1509 βρέφος
3012 1437 3039 1490 ὁ
3066 1437 3246 1507 ἱερεὺς
3274 1435 3589 1503 εὐχόμενος,
3623 1432 3715 1486 καὶ

462 1537 663 1596 gestat,
689 1527 842 1596 quasi
886 1527 1258 1584 adorationem
1291 1528 1516 1593 faciens,
1553 1540 1870 1586 monstrans
1915 1546 2037 1586 eum

2168 1532 2252 1592 ιὼς
2283 1532 2408 1584 ίδεῖν
2435 1531 2524 1584 τὸν
2543 1530 2798 1599 Χριστὸν,
2826 1529 2923 1600 τὴν
2950 1527 3290 1596 ἀποκάλυψιν
3307 1525 3412 1578 τῶν
3431 1524 3600 1578 ἐθνῶν
3623 1525 3718 1575 καὶ

467 1634 588 1673 esse
634 1619 966 1673 oblationem
1001 1620 1135 1681 Deo,
1186 1627 1242 1676 et
1269 1623 1531 1677 factorem
1567 1622 1779 1677 adorat.
1822 1623 1878 1678 Si
1913 1637 2041 1679 vero

2169 1618 2296 1684 ὁξαν
2324 1617 2418 1672 τοῦ
2449 1620 2568 1672 νέου
2611 1618 2828 1689 Ἰσραὴλ
2854 1658 2867 1682 ,
2905 1617 3013 1687 76
3035 1614 3428 1684 γεγεννημένον
3455 1613 3547 1666 καὶ
3592 1611 3721 1664 αὐτὸ

463 1707 772 1774 baptizatus
794 1709 1033 1763 nondum
1066 1709 1228 1766 fuerit
1247 1711 1446 1774 infans,
1473 1722 1625 1768 stans
1648 1722 1772 1769 ante
1803 1714 2040 1770 interco-

2168 1710 2448 1780 Ῐνεύματι,
2480 1709 2577 1762 καὶ
2610 1709 2746 1762 Θεὸν
2784 1708 2926 1779 ὀρῶν
2960 1709 3242 1778 ἄντικρυς.
3275 1703 3385 1760 Καὶ
3434 1705 3482 1756 εί
3540 1704 3639 1770 μὲν
3663 1701 3721 1754 τὸ

466 1797 669 1850 lumnia
703 1807 752 1851 et
786 1807 1008 1867 prepter
1037 1800 1300 1855 infantem
1340 1818 1450 1872 pra:
1483 1805 1640 1858 altari
1672 1804 2047 1860 adorationem

2168 1803 2352 1872 ipétpo;
2385 1799 2820 1870 βεϐαπτισμένον
2855 1800 3022 1860 ἐστὶν,
3075 1799 3290 1865 εἰσάγει
3330 1795 3486 1850 τοῦτο
3515 1796 3617 1848 κάν
3648 1793 3723 1863 τῷ

469 1889 703 1956 faciens,
726 1891 876 1946 illum
903 1893 1062 1945 matri
1091 1895 1386 1949 restituens
1413 1895 1658 1949 dimittit.
1689 1896 1844 1952 Unde
1866 1896 2045 1950 infans

2168 1892 2567 1965 iuotac'rqpltp,
2629 1893 2725 1945 καὶ
2772 1891 2957 1959 κύκλῳ
3012 1890 3146 1944 αὐτὸ
3207 1889 3484 1960 περιάγει,
3539 1887 3725 1956 ὥσπερ

467 1979 526 2030 tit
561 1979 992 2034 catechumenos
1021 1997 1035 2044 ;
1083 1989 1256 2034 mater
1287 1991 1468 2037 autem
1504 1983 1812 2038 facultatem
1843 1984 2051 2054 accepit

2168 1987 2324 2039 ποιῶν
2353 1986 2446 2038 καὶ
2485 1983 2878 2054 προσκύνησιν,
2910 1981 3086 2050 δηλῶν
3137 1981 3213 2045 ὡς
3265 1979 3524 2048 ἀνάθημα
3568 1978 3728 2030 τοῦτο

471 2077 656 2139 utpote
680 2069 961 2139 purificata
998 2072 1050 2125 in
1096 2073 1352 2143 templum
1390 2074 1734 2144 ingrediendi
1767 2083 1821 2130 et
1852 2084 2052 2146 myste-

2168 2077 2296 2148 θεῷ,
2325 2077 2421 2130 καὶ
2453 2076 2754 2148 προσκυνεῖ
2777 2075 2856 2144 τῷ
2887 2075 3195 2143 ποιήσαντι.
3229 2071 3362 2125 Είδέ
3388 2071 3554 2147 μήπω
3585 2069 3728 2138 βαπ-

470 2161 568 2215 riis
595 2161 806 2229 adesse,
831 2162 1048 2233 quando
1079 2167 1277 2234 poterit
1303 2173 1358 2221 et
1388 2165 1658 2232 voluerit;
1682 2180 1802 2236 quae
1827 2167 2046 2237 quidem

2168 2168 2342 2222 τισθέν
2387 2168 2502 2220 ἐστι
2559 2166 2619 2219 τὸ
2667 2167 2900 2231 παιδίον,
2953 2165 3058 2235 πρὸ
3093 2164 3204 2219 τῶν
3237 2162 3539 2217 διαστύλων
3573 2160 3726 2222 στὰς,

473 2255 545 2308 ita
588 2255 742 2310 fiunt.
2159 2259 2255 2316 καὶ
2283 2259 2371 2312 διὰ
2404 2258 2498 2312 τοῦ
2537 2257 2772 2330 βρέφους
2811 2257 3188 2328 προσκὺνησιν
3219 2259 3274 2310 ἐν
3314 2255 3390 2326 τῷ
3425 2254 3726 2322 θυσιαστη-

476 2348 576 2418 ρίῳ
617 2350 872 2418 ποιήσας,
903 2350 994 2404 καὶ
1027 2355 1092 2423 τῇ
1159 2354 1329 2425 μητρὶ
1385 2353 1661 2425 παραδοὺς
1715 2355 1885 2419 αὐτὸ,
1943 2355 2197 2410 ἀπολύει.
2245 2353 2523 2408 Ἐντεῦθεν
2585 2349 2677 2407 οὖν
2723 2353 2784 2405 τὸ
2851 2351 2950 2422 μὲν
3007 2352 3206 2422 βρέφος
3291 2351 3407 2401 ἐστὶ
3460 2346 3729 2416 κατηχού-

430 2446 433 2449 ’
477 2456 660 2505 μενος·
696 2442 731 2511 ἡ
759 2441 817 2494 δέ
843 2459 905 2510 γε
940 2445 1120 2514 μήτηρ
1143 2445 1326 2498 ἄδειαν
1358 2445 1550 2513 εἴληφε
1596 2447 1687 2499 τόν
1722 2463 1781 2498 τε
1818 2446 1946 2499 ναὸν
1974 2446 2050 2508 ὼς
2103 2445 2500 2516 καθαρισθείσα
2558 2445 2826 2508 εἰσιέναι,
2873 2445 2970 2497 καὶ
3026 2442 3136 2496 τῶν
3188 2441 3505 2513 μυστηρίων
3575 2437 3731 2509 μετέ-

475 2548 618 2601 χειν,
649 2532 811 2584 ὁπότε
861 2533 1095 2604 ἑτοίμως
1131 2535 1245 2604 ἔχει
1294 2536 1388 2590 καὶ
1435 2536 1705 2606 βούλεται.
1741 2539 1848 2592 Καὶ
1877 2537 2046 2592 ταῦτα
2092 2539 2193 2610 μὲν
2219 2536 2412 2600 οὕτως.

1065 2653 1292 2709 CAPUT
1329 2655 1465 2709 LXI.

477 2743 845 2800 Causideratio
876 2760 1056 2799 eorum
1075 2761 1190 2814 qua:
1222 2746 1275 2800 in
1319 2748 1490 2801 divino
1508 2747 1766 2816 baptismo
1797 2764 2055 2819 peragun-

705 2829 718 2833 ”
1226 2830 1332 2872 tur.

552 2910 624 2964 At
655 2923 718 2963 ea
769 2923 892 2980 quae
933 2906 1000 2962 ad
1040 2909 1449 2964 sanctissimum
1482 2909 1751 2980 baptisma
1783 2910 2056 2980 pertinent

474 2999 587 3068 jam
652 2998 852 3054 edisce.
896 2998 1140 3053 Primum
1193 3001 1408 3070 quidem
1473 3002 1610 3056 scito
1671 3008 1884 3070 tempus
1928 3001 2061 3072 bap-

480 3089 627 3145 tismi
675 3102 783 3142 non
815 3103 934 3144 esse
964 3104 1138 3158 neque
1168 3088 1307 3144 diem
1354 3105 1528 3160 neque
1555 3091 1742 3146 horam
1787 3092 2052 3161 praestitu-

485 3189 620 3248 tam,
654 3194 724 3234 ne
763 3181 965 3249 absque
998 3182 1323 3235 sacramenti
1384 3182 1783 3238 illuminatione
1832 3184 2056 3239 decedat

481 3269 664 3327 infans
690 3287 705 3339 ;
739 3286 923 3326 verum
952 3271 997 3324 si
1033 3286 1180 3326 mors
1210 3271 1488 3338 timeatur,
1516 3274 1698 3327 omnia
1730 3273 1910 3330 statim
1934 3281 2055 3343 post

486 3363 823 3419 nativitatem
888 3363 1190 3418 secundum
1245 3363 1474 3417 formam
1531 3365 1691 3429 fiunt,
1746 3366 1850 3420 nisi
1910 3366 2054 3436 quod

485 3456 639 3511 abest
669 3455 844 3510 oratio
881 3463 1046 3525 atque
1105 3455 1228 3526 pius
1264 3465 1593 3527 sanctusque
1645 3459 1923 3524 sacerdos,
1961 3458 2054 3512 sed

485 3552 530 3606 si
581 3551 792 3606 dederit
841 3561 1076 3621 tempus,
1129 3566 1303 3622 neque
1348 3553 1603 3607 timeatur
1635 3569 1810 3616 mors,
1871 3554 2057 3608 statim

490 3651 606 3711 post
654 3657 872 3697 sacrum
901 3639 1180 3696 confertur
1227 3641 1528 3719 baptismys
1573 3651 1631 3697 ut
1672 3645 1947 3714 mysteriis
1978 3645 2060 3697 in-

493 3737 615 3791 fans
679 3734 1067 3790 communicet.
1104 3734 1179 3788 De
1225 3750 1332 3803 quo
1367 3736 1504 3790 dixit
1559 3736 1848 3808 Dionysius
1875 3738 2059 3791 omnia

493 3828 748 3896 mysteria
801 3838 901 3878 nos
934 3839 1026 3892 per
1057 3823 1496 3880 communionem
1534 3828 1913 3895 sanetilicare;
1947 3829 2060 3882 haec

493 3915 636 3969 enim
673 3922 758 3969 est
790 3914 1032 3968 omnium
1069 3912 1214 3967 finis.
1252 3913 1420 3968 Debet
1459 3926 1636 3970 autem
1673 3918 1928 3972 sacerdos
1973 3933 2063 3972 sa-

493 4023 614 4062 cras
646 4021 833 4074 preces
869 4005 1004 4060 bene
1059 4007 1292 4060 recitare
1328 4015 1380 4060 et
1419 4007 1598 4062 dicere
1625 4017 1830 4064 attento
1857 4010 2060 4077 animo,

498 4108 551 4150 et
585 4099 748 4160 lente,
795 4097 896 4152 nisi
933 4098 1098 4153 fuerit
1128 4099 1446 4165 necessitas,
1499 4099 1569 4154 ita
1603 4108 1660 4154 ut
1691 4101 1943 4156 audiatur
1969 4118 2062 4158 eas

494 4190 878 4260 pronuntians.
957 4190 1092 4244 Nam
1154 4206 1184 4244 a
1261 4190 1515 4246 Patribus
1574 4192 1862 4249 didicimus
1923 4209 2064 4263 saepe

497 4281 967 4350 pliantasmatibus
1003 4279 1221 4336 territos
1253 4280 1354 4332 hoc
1385 4281 1514 4348 pati,
1553 4283 1807 4350 quoniam
1844 4283 1937 4352 qui
1971 4299 2064 4338 eos

497 4372 910 4440 baptiza-vernnt
960 4375 1273 4424 sacerdotes
1307 4371 1426 4423 sine
1483 4372 1678 4426 mentis
1728 4374 2063 4429 advertentia

499 4464 836 4516 exorcismos
866 4461 1122 4516 dixerunt
1151 4460 1396 4530 aliasque
1428 4476 1616 4532 preces
1646 4476 1851 4518 sacras.
1899 4464 2066 4535 Igitur

407 4583 414 4592 -
499 4554 543 4606 si
578 4551 742 4605 fuerit
789 4550 1044 4614 facultas,
1089 4564 1198 4604 non
1265 4551 1433 4605 semel
1489 4559 1696 4606 tantum
1755 4562 1966 4621 oportet
1998 4554 2066 4608 ab

501 4643 660 4699 initio
704 4643 884 4698 dicere
912 4642 1343 4697 exoreismorum
1369 4643 1536 4698 verba
1579 4659 1878 4714 precesque
1909 4645 2062 4712 alias,

499 4738 591 4792 sed
634 4732 859 4805 pluries.
912 4732 1046 4788 Nam
1105 4734 1157 4787 in
1206 4734 1528 4804 euchologio
1575 4737 1746 4789 octies
1774 4736 1852 4789 vel
1887 4735 2068 4791 decies

503 4846 598 4884 eos
634 4828 896 4884 scribitur
930 4825 1261 4890 ret-itandas,
1296 4827 1552 4894 quoniam
1582 4827 1802 4902 antiqua
1830 4838 1946 4880 erat
1975 4828 2070 4881 Ec-

505 4921 685 4978 clesia:
713 4918 1088 4985 consuetudo;
1117 4918 1341 4987 singul's
1369 4919 1586 4986 quidem
1611 4918 1803 4972 diebus
1825 4933 1919 4983 per
1954 4933 2072 4986 sep-

509 5025 616 5069 tem
646 5012 764 5066 dies
807 5026 835 5063 a
870 5010 1181 5064 eatccbistis
1230 5009 1605 5064 sacerdotibus
1651 5008 1936 5078 baptizatis
1967 5009 2070 5062 illa:

505 5103 847 5166 ilict-bantur,
881 5115 1097 5154 rursum
1143 5108 1324 5153 autem
1365 5114 1392 5151 ιι
1433 5098 1688 5167 pontifice
1720 5099 1801 5152 vel
1832 5115 1860 5151 a
1894 5099 2070 5167 bapti-

506 5202 699 5247 zaturo
735 5189 1034 5256 sacerdote,
1063 5189 1250 5256 sicque
1282 5187 1696 5256 baptizabantur
1729 5201 1758 5239 a
1809 5186 2069 5254 pontifice

505 5295 602 5336 aut
651 5284 948 5337 sacerdote.
980 5280 1090 5335 Nos
1117 5295 1244 5333 vero
1276 5282 1527 5333 novimus
1577 5278 1693 5346 pius
1728 5277 2071 5346 presbyteros

511 5385 592 5425 ter
625 5374 740 5426 sine
781 5375 1094 5428 intermissu
1125 5373 1246 5426 illas
1271 5370 1518 5424 dicentes
1538 5376 1590 5421 et
1621 5368 1691 5421 ita
1713 5368 2068 5436 baptizantes.

515 5462 920 5516 Divinissimum
964 5472 1144 5518 autem
1181 5460 1444 5529 baptisma
1471 5459 1527 5511 fit
1561 5457 1625 5509 ad
1659 5458 1800 5511 hunc
1829 5458 2069 5511 modum.

517 5553 812 5605 Aeldueitur
845 5551 1219 5619 Imptiznndus,
1252 5551 1296 5606 si
1322 5550 1501 5604 infans
1531 5546 1770 5615 quidem,
1799 5563 1830 5601 a
1853 5548 2075 5602 muliere

513 5644 706 5696 allatus
739 5652 786 5693 et
820 5650 1086 5709 praesente
1115 5655 1395 5710 sponsore,
1432 5640 1476 5694 si
1509 5655 1634 5695 vero
1655 5647 1865 5694 mtatem
1891 5638 2072 5703 habet,

516 5737 692 5801 belus,
731 5736 986 5803 quoniam
1049 5735 1272 5789 libenter
1323 5743 1681 5809 oportct_cum
1713 5733 2072 5802 acccdcrcLet

2745 2655 2994 2710 ΚΕΦΛΛ.
3037 2653 3157 2706 ΞΛν.

2161 2750 2378 2819 Θεωρία
2414 2747 2546 2819 περί
2581 2747 2700 2802 τῶν
2727 2749 3110 2816 τελουμένων
3146 2745 3214 2799 ἐν
3243 2745 3322 2808 τῷ
3351 2743 3486 2808 θείῳ
3509 2740 3731 2807 βαπτι-

2845 2833 3043 2887 σμασι.

2233 2912 2313 2964 Τὰ
2345 2911 2439 2965 τοῦ
2491 2909 2764 2981 ερωτάτου
2807 2909 2863 2962 δὲ
2919 2906 3296 2978 βαπτίσματος
3341 2901 3729 2973 καταμάνθανε

2163 3002 2264 3072 ῆδη
2291 3019 2306 3034 ο
2349 3002 2442 3055 καὶ
2486 3001 2700 3072 πρῶτον
2749 3000 2844 3071 μὲν
2893 2997 2968 3062 ὡς
3023 2999 3123 3051 οὐκ
3153 2997 3269 3050 ἔστι
3311 2995 3506 3049 τούτου
3541 2993 3732 3063 καιρὸς

2162 3093 2439 3163 ἡμερῶνῆ
2475 3092 2654 3164 ὡρῶν,
2716 3094 2788 3162 μή
2845 3107 2976 3144 ποτε
3034 3089 3342 3158 ἀφώτιστον
3391 3088 3613 3140 ἀπέλθοι
3670 3087 3734 3139 τὸ

2164 3187 2382 3258 βρέφος.
2427 3183 2565 3238 Ἀλλ’
2599 3186 2647 3238 εί
2702 3185 2864 3254 φόϐος
2907 3184 3160 3246 θανάτου,
3209 3183 3392 3234 πάντα
3443 3179 3602 3241 εὐθὺς
3654 3179 3735 3246 τῷ

2161 3279 2491 3348 γεννηθῆναι
2518 3277 2584 3331 τά
2609 3279 2749 3331 κατὰ
2783 3277 2951 3330 τύπον
2977 3275 3203 3338 γίνεται·
3231 3275 3369 3347 πλὴν
3397 3272 3532 3342 μετά
3568 3287 3735 3338 προσ-

2163 3371 2313 3440 οχῆς,
2341 3370 2434 3424 καὶ
2471 3368 2662 3440 ἱερέως
2684 3366 2943 3429 εὐλαϐοὖς
2966 3381 3026 3418 τε
3063 3365 3156 3418 καὶ
3183 3365 3465 3432 νήφοντος·
3495 3363 3588 3414 καὶ
3618 3360 3732 3423 ετγε

2170 3463 2386 3516 δίδωσιν
2417 3462 2684 3530 ἀκαιρδς,
2721 3461 2816 3512 καὶ
2851 3457 2924 3527 μὴ
2959 3456 3118 3526 φόϐος
3159 3456 3390 3510 θανάτου
3420 3495 3435 3517 ,
3473 3453 3609 3523 μετὰ
3635 3450 3734 3521 τὴν

2168 3552 2480 3621 ἱερουργίαν
2511 3551 2690 3613 εὐθὺς,
2733 3550 2819 3603 ἵνα
2852 3549 2944 3602 καὶ
2988 3546 3266 3617 μεταλάϐῃ
3296 3546 3356 3600 τὸ
3389 3545 3586 3616 βρέφος
3627 3543 3734 3596 τῶν

2173 3643 2508 3715 μυστηρίων.
2544 3643 2651 3697 Καὶ
2709 3643 2839 3712 περὶ
2887 3640 3082 3694 τούτου
3138 3641 3272 3709 φησὶ
3330 3637 3625 3700 Διονύσιος,
3657 3635 3736 3698 ὼς

2169 3739 2346 3792 πάντα
2377 3736 2444 3788 τά
2481 3735 2758 3805 μυστήρια
2807 3732 3108 3803 τελειοῦσιν
3152 3731 3302 3800 ἡμᾶς
3356 3732 3421 3799 τῇ
3455 3728 3733 3797 κοινωνίᾳ.

2170 3828 2343 3881 Τοῦτο
2375 3827 2484 3896 γὰρ
2533 3829 2592 3880 τὸ
2645 3826 2819 3895 πέρας
2857 3826 3070 3878 πάντων
3102 3821 3268 3874 ἐστίν.
3315 3818 3550 3887 Ὀφείλει
3578 3816 3634 3868 δέ
3667 3833 3733 3883 γε

2168 3920 2196 3971 ὁ
2232 3918 2408 3989 ἱερεὺς
2443 3920 2534 3971 κοιλ⁵
2563 3919 2660 3980 τὰς
2693 3918 2843 3987 ίεράς
2889 3916 3067 3976 καλῶς
3103 3913 3396 3982 μελετῆσαι
3423 3912 3514 3963 καὶ
3551 3909 3734 3974 λέγειν

2171 4012 2357 4080 εὐχάς,
2393 4010 2483 4063 καὶ
2527 4007 2665 4077 μετά
2717 4007 2993 4078 προσοχῆς
3017 4045 3030 4068 ,
3085 4005 3181 4057 καὶ
3219 4004 3420 4075 ἀργῶς,
3461 4003 3506 4052 εἰ
3541 4001 3612 4069 μή
3648 4017 3736 4062 τις

2171 4101 2386 4170 ἀνάγκη
2439 4099 2834 4170 ἀναγινώσκειν
2880 4099 2936 4150 ἐν
2993 4096 3233 4165 ἐπηκόῳ.
3273 4095 3573 4146 Ἥκουσται
3625 4090 3740 4160 γάρ

2173 4193 2304 4260 ἡμῖν
2347 4190 2496 4259 παρὰ
2559 4190 2842 4259 Πατέρων,
2872 4188 2948 4250 ὡς
2975 4189 3023 4239 οἱ
3060 4186 3165 4240 ὑπὸ
3215 4187 3515 4254 φασμάτων
3545 4183 3738 4249 δειμα-

2173 4281 2426 4348 τούμενοι
2460 4278 2742 4342 πολλάκις,
2775 4279 2861 4331 διὰ
2892 4276 3051 4330 τοῦτο
3099 4277 3363 4344 πάσχουσι
3408 4273 3586 4336 τοῦτο,
3621 4273 3740 4324 δτι-

2179 4389 2285 4441 περ
2325 4371 2374 4423 οἱ
2417 4370 2780 4440 βαπτίσαντες
2828 4371 2994 4436 ἱερεῖς
3040 4369 3099 4421 οὒ
3140 4367 3277 4437 μετὰ
3309 4368 3583 4435 προσοχῆς
3613 4368 3741 4426 τοὺς

2094 4450 2144 4508 1)
2171 4463 2552 4531 ἀφορκισμοὺς
2603 4460 2759 4515 εἷπον
2785 4501 2798 4526 ,
2856 4464 2952 4514 καὶ
2985 4461 3082 4522 τάς
3115 4460 3306 4528 ἐτέρας
3362 4455 3512 4526 ἱερὰς
3547 4454 3737 4523 εὐχάς.

2175 4555 2348 4624 Εἴπερ
2375 4551 2466 4608 οὖν
2499 4553 2649 4607 ἐστιν
2677 4555 2850 4619 ἄδεια,
2893 4553 2991 4621 οὐχ
3038 4551 3186 4616 ἅπαξ
3226 4551 3385 4621 μόνον
3415 4549 3520 4619 χρὴ
3553 4549 3741 4613 λέγειν

2170 4649 2270 4712 τὰς
2324 4647 2418 4700 ἀπ’
2449 4648 2624 4718 ἀρχῆς
2675 4646 2785 4700 τῶν
2836 4644 3229 4714 ἀφορκισμῶν,
3272 4645 3364 4696 καὶ
3417 4643 3515 4704 τάς
3550 4642 3742 4710 ἐτέρας

2169 4743 2361 4810 ειέχάς,
2397 4740 2530 4793 ἀλλὰ
2569 4737 2848 4801 πολλάκις.
2889 4739 2997 4790 Καὶ
3024 4738 3129 4808 γάρ
3185 4738 3240 4789 ἐν
3294 4737 3392 4806 μὲν
3423 4736 3499 4806 τῷ
3526 4735 3745 4803 εὐχολο-

2173 4832 2275 4901 γίῳ
2307 4831 2534 4893 ὀκτάκις
2573 4830 2605 4900 ἦ
2650 4829 2872 4891 δεκάκις
2902 4831 3180 4898 γράφεται
3224 4828 3498 4894 λέγεσθαι,
3531 4827 3612 4877 ὅτι
3646 4824 3744 4876 καὶ

2175 4923 2434 4992 συνήθεια
2460 4917 2528 4990 ἦν
2560 4921 2764 4990 ἀρχαία
2816 4921 2913 4988 τῆς
2951 4919 3279 4989 Ἐκκλησίας
3303 4959 3316 4981 ,
3351 4917 3473 4971 καθ’
3502 4917 3746 4983 ἑκάστην

2173 5015 2274 5080 μὲν
2325 5015 2381 5065 ἐν
2435 5014 2575 5065 ἑπτά
2622 5013 2856 5080 ἡμέραις
2891 5012 2995 5065 ὑπὸ
3027 5007 3507 5079 τῶν“·’κατηχητῶν
3547 5007 3747 5074 ἱερέων

2173 5106 2284 5162 τοῖς
2337 5104 2755 5174 βαπτιζομένοις
2809 5104 3010 5164 ταύτας
3046 5087 3318 5168 ξλέγεσθαι
3341 5140 3356 5164 ,
3391 5102 3457 5167 τῇ
3490 5097 3653 5166 ὀγδόῃ
3686 5095 3749 5146 δὲ

2174 5192 2337 5245 πάλιν
2370 5191 2472 5244 ὑπὸ
2502 5191 2592 5244 τοῦ
2624 5192 2941 5261 ἀρχιερέως,
2975 5191 3005 5259 ἢ
3041 5190 3134 5242 τοῦ
3159 5190 3441 5258 μέλλοντος
3474 5185 3750 5254 βαπτίσαι

2177 5283 2364 5350 ἱερέως
2389 5297 2403 5310 ⁸
2442 5283 2534 5334 καὶ
2577 5282 2747 5342 οὕτως
2779 5281 3134 5344 ἐϐαπτίζοντο
3168 5281 3270 5334 ὑπὸ
3315 5279 3409 5332 τοῦ
3438 5278 3750 5348 ἀρχιερέως

2172 5375 2204 5444 ἢ
2232 5368 2454 5442 ἱερέωςδ
2491 5375 2652 5439 ἡμεῖς
2677 5373 2730 5425 δὲ
2759 5374 2975 5439 εἴδομεν
2997 5373 3236 5431 εὐλαϐεῖς
3264 5372 3423 5438 ἱερεῖς
3448 5372 3566 5437 τρὶς
3595 5372 3758 5420 άπα-

2176 5464 2478 5533 ραλεῐπτως
2514 5465 2768 5528 λέγοντας
2803 5462 3024 5524 ταύτας,
3049 5463 3144 5513 καὶ
3169 5460 3310 5514 οὕτω
3362 5460 3752 5527 βαπτίζοντας.

2173 5555 2244 5606 Τὸ
2266 5554 2548 5623 βάπτισμα
2565 5554 2617 5605 δὲ
2639 5555 2696 5606 τὸ
2717 5554 2986 5606 θειότατον
3005 5555 3208 5620 γίνεται
3226 5551 3386 5603 οὕτω·
3408 5552 3757 5615 προσάγεται

2173 5649 2201 5698 ὁ
2231 5643 2436 5713 μέλλων
2475 5643 2861 5712 βαπτισθῆναι,
2907 5645 2955 5694 εἰ
2991 5643 3088 5710 μὲν
3113 5641 3331 5712 βρέφος,
3355 5640 3457 5692 ὑπὸ
3484 5643 3761 5706 γυναικδις

2175 5737 2558 5807 κατεχόμενον,
2591 5734 2682 5789 καὶ
2719 5733 2811 5789 τοῦ
2850 5735 3105 5806 ἀναδόχου
3152 5733 3416 5804 πτρόντος
3441 5749 3454 5763 ·
3488 5735 3534 5784 εὶ
3559 5731 3604 5780 δ’
3632 5733 3764 5804 ἡλι-
