4044 6198
301 299 382 362 fit!

1513 303 1612 363 DE
1650 302 2208 363 SACRAMENTIS.

3393 303 3501 366 216

298 414 394 464 κίαν
422 409 542 480 ἔχει,
570 409 748 478 μόνος,
779 411 900 464 ἐπεὶ
931 416 1024 468 καὶ
1057 414 1316 476 ἑκουσίως
1343 413 1424 468 δεῖ
1446 413 1631 468 τοῦτον
1657 431 1824 485 προσ-

1946 429 2163 484 sponsor
2231 429 2354 470 cum
2421 428 2507 467 eo.
2573 411 2670 468 llic
2733 415 2875 468 enim
2912 431 3051 484 praes
3087 417 3204 486 ejus
3262 427 3342 471 est
3375 433 3502 487 erga

295 502 528 572 ἔρχεσθαι,
573 503 666 555 καὶ
709 505 738 556 6
778 503 1035 572 ἀνάδοχος
1069 505 1164 559 σὺν
1191 506 1362 575 αὐτῷ.
1394 507 1566 569 Αὐτὸς
1593 507 1700 577 γὰρ
1721 505 1816 560 αὺ-

295 595 368 646 τοῦ
387 593 638 662 ἐγγυητὴς
668 595 748 657 είς
785 596 1038 664 Χριστὸν,
1072 596 1212 649 ὥστε
1245 599 1432 666 τηρεῖν
1463 599 1532 650 τὰ
1577 598 1679 664 τῆς
1729 597 1818 648 πί-

296 703 448 746 στεως,
481 685 572 736 καὶ
599 674 986 755 χριστὶανικῶς
1016 687 1136 754 ζῇν,
1164 688 1336 740 καὶτὸ
1368 687 1539 756 ὄνομα
1559 687 1614 740 δὲ
1646 687 1814 758 δηλοῖ.

301 777 544 845 ’Ᾱνάδοχος
593 777 723 846 γὰρ,
762 778 842 838 είς
877 779 1068 830 ἑαυτὸν
1097 775 1208 830 οἷον
1237 779 1652 849 ἀναδεχόμενος.

830 869 1077 924 ΚΕΦΑΛ.
1115 868 1232 926 EB’.

289 979 392 1032 Ὀτι
413 978 514 1048 χρὴ
543 978 661 1050 τὸιί
697 979 1002 1050 ἁνάδοχον
1031 981 1138 1034 τοῦ
1177 979 1618 1050 βαπτιζομένου
1651 981 1821 1050 ὀρθό-

635 1047 820 1112 δοξον
852 1051 1004 1103 εἶναι
1051 1051 1148 1104 καὶ
1180 1047 1432 1119 εὐσεϐῆέ

348 1141 496 1193 Ἔνθα
544 1143 610 1211 δὴ
655 1144 750 1196 καὶ
787 1143 1142 1214 προσεκτέον.
1183 1145 1479 1214 ἀναδόχους
1540 1143 1820 1198 ποιεῖσθαι

291 1233 588 1298 φιλευσεϐεῖς
651 1235 746 1288 καὶ
793 1236 1142 1300 διδασκάλους
1199 1237 1385 1308 σχεδὸν
1431 1239 1528 1306 τῆς
1563 1237 1818 1300 πίστεως.

289 1322 404 1372 Ἀλλ’
431 1324 542 1392 ἐμοὶ
573 1324 836 1392 ἦκουσται
861 1325 982 1378 λίαν
1003 1326 1206 1380 ἄτοπον
1233 1327 1324 1380 καὶ
1356 1325 1517 1396 βαρύ.
1551 1327 1692 1387 Τοὺς
1715 1327 1823 1396 γὰρ

291 1411 484 1473 Enimn;
531 1417 630 1468 ttat
663 1415 922 1484 ὑϐριστὰς
959 1417 1059 1484 τῆς
1115 1417 1374 1484 πίστεως,
1403 1418 1599 1481 ἀθέους
1637 1435 1696 1470 τε
1731 1418 1825 1472 κοιλ⁸

289 1507 589 1571 σίρετικοὺς,
615 1508 695 1570 εἰς
727 1507 994 1578 ἀναδοχὴν
1021 1509 1186 1580 (οἴμοι
1217 1512 1258 1578 ί)
1276 1511 1386 1564 τῶν
1414 1511 1618 1565 τέκνων
1645 1509 1824 1566 αὐτῶν

287 1611 406 1655 τινες
435 1594 515 1648 διά
547 1614 600 1648 τι
630 1597 1062 1666 προσκαλοῦνται
1093 1599 1442 1671 ἀνθρώπινον
1491 1599 1585 1653 καὶ
1629 1600 1690 1652 τὸ
1725 1617 1826 1670 μυο

291 1686 482 1755 στήριον
507 1687 792 1742 ἀθετοῦσιν
825 1682 972 1744 οὗτοι
993 1707 1008 1722 ·
1045 1692 1140 1744 καὶ
1165 1693 1232 1745 τὰ
1263 1691 1430 1745 τέκνα
1462 1691 1521 1744 οὐ
1559 1691 1827 1759 φωτίζου-

291 1796 400 1841 σιν,
449 1780 584 1832 ἀλλὰ
651 1783 956 1844 σκοτίζουσι
1017 1783 1237 1852 μᾶλλον.
1294 1784 1404 1837 Καὶ
1453 1785 1481 1837 6
1533 1782 1825 1853 ὑπουργῶν

287 1872 443 1938 ἱερεὺς
500 1876 758 1936 κοινωνὸς
816 1875 1092 1929 δείκνυται
1150 1878 1263 1938 τοῖς
1309 1875 1614 1945 ἀλλοτρίοις
1667 1873 1825 1928 Θεοῦ.

289 1961 380 2012 Καὶ
409 1962 518 2026 πῶς
547 1963 616 2016 ἂν
665 1965 694 2016 6
751 1965 1086 2036 βλασφημῶν
1114 1967 1194 2031 είς
1223 1966 1356 2020 Θεδν
1398 1967 1498 2037 τὴν
1544 1966 1827 2020 εὐσέϐειαν

286 2051 521 2117 ἐκδιδάξοι
549 2072 565 2121 ;
615 2056 775 2108 Ἀλλὰ
809 2057 892 2121 τίς
926 2059 1182 2112 κοινωνία
1233 2057 1376 2128 φωτὶ
1426 2041 1563 2127 προς
1595 2059 1825 2123 σκότοςς

291 2143 348 2195 ἹῙ
377 2145 452 2204 τίς
492 2148 654 2216 μερὶς
687 2149 860 2218 πιστῷ
914 2149 1050 2218 μετὰ
1083 2150 1336 2212 ἀπίστου,
1367 2149 1442 2212 ὡς
1477 2149 1826 2218 γέγραπται;

291 2235 340 2286 Ὀ
375 2237 436 2288 τὰ
487 2237 717 2291 τοιαῦτα
755 2240 925 2292 ποιῶν
978 2241 1338 2309 κατάκριτος·
1391 2243 1486 2294 καὶ
1545 2243 1572 2293 6
1620 2241 1690 2294 τὰ
1721 2239 1830 2292 τῶν

281 2325 472 2378 ἀσεϐῶν
521 2328 814 2397 δεχόμενος
880 2329 1080 2400 βρέφη,
1130 2333 1178 2383 εἰ
1239 2334 1313 2400 μὴ
1355 2331 1618 2400 πρότερον
1665 2331 1832 2384 καθο-

283 2415 642 2487 μολογήσωσιν
665 2420 807 2473 οὗτοι
829 2421 980 2488 ἆγιον
997 2418 1250 2476 εἶναικαὶ
1276 2424 1418 2475 θεῖον
1433 2423 1492 2476 τὺ
1523 2422 1826 2492 βάπτισμα,

283 2511 359 2560 tul.
395 2511 671 2582 ἁμαρτίας
713 2513 1079 2584 καθαρτικὸν,
1123 2516 1228 2584 7³1
1271 2515 1362 2568 καὶ
1407 2514 1716 2582 ἁναγεννών
1773 2515 1830 2567 ἐν

279 2601 501 2672 Χριστῷ,
533 2605 635 2656 καὶ
655 2605 982 2672 Χριστιανὸν
1028 2602 1170 2659 εἷναι
1205 2607 1295 2658 τον
1339 2605 1497 2658 τοῦτο
1543 2607 1832 2676 δεχόμενον

281 2692 340 2758 (εἰ
367 2695 468 2762 γὰρ
503 2695 670 2748 τοῦτο
692 2735 706 2758 ,
762 2696 790 2748 6
828 2697 924 2764 μὲν
977 2697 1058 2750 ὅτι
1111 2697 1302 2752 πιστὸν
1355 2697 1509 2750 ἔσται
1537 2697 1598 2750 τὸ
1633 2697 1834 2768 βρέφος

279 2791 585 2862 ὁμολογήσει
613 2835 630 2858 ,
667 2793 826 2855 αὐτὸς
857 2794 912 2846 δὲ
947 2794 1051 2847 ὑπὸ
1101 2795 1269 2864 φόϐου
1317 2795 1458 2856 τινὸς
1491 2794 1835 2866 ὑποκρύπτε-

279 2880 398 2948 nt),
429 2882 598 2936 καλὸν
629 2883 886 2952 δέχεσθαι
941 2887 1036 2938 καὶ
1089 2885 1338 2953 ἁγιάζειν
1363 2886 1424 2938 τὸ
1472 2885 1693 2956 βρέφπς,
1732 2885 1834 2955 μή-

283 2987 395 3024 ποτε
442 2972 542 3027 καὶ
586 2975 832 3044 ληφθείη
880 2975 1022 3028 οὕτω
1074 2977 1225 3046 παρὰ
1267 2976 1425 3031 Θεοῦ.
1463 2977 1712 3030 Ἵσταται
1743 2975 1836 3030 οὖν

283 3065 462 3136 σῖιντῷ
493 3068 752 3136 ἀναδόχῳ
781 3067 808 3118 6
850 3065 1267 3136 βαπτιζόμενος,
1301 3067 1538 3130 δεικνὺς,
1576 3069 1658 3120 ὅτι
1683 3069 1835 3120 ἐκου-

282 3157 398 3219 σεως
435 3157 742 3228 προσῆλθε,
788 3159 884 3210 καὶ
929 3158 1020 3210 τὸν
1073 3155 1419 3226 ὲγγυὼμενον
1449 3158 1582 3229 ἔχει.
1605 3159 1712 3211 Καὶ
1745 3157 1838 3211 τοῦ

279 3251 454 3319 ἱερέως
481 3251 912 3319 εὐλογήσαντος,
958 3249 1304 3319 εὐχαριστεῖν
1341 3250 1421 3302 δεῖ
1451 3247 1509 3314 ἐξ
1543 3250 1718 3320 ἀρχῆς
1749 3248 1844 3302 καὶ

278 3341 498 3394 πάντοτε
527 3341 608 3411 τῷ
651 3339 770 3409 Θεῷ
805 3341 896 3392 ἐπὶ
946 3343 1013 3410 τῇ
1067 3338 1158 3392 τοῦ
1197 3339 1537 3401 ἀπολωλότος
1573 3340 1839 3409 σωτηρίᾳ,

273 3432 421 3495 εὐθὺς
447 3431 656 3502 γυμνῷ
699 3431 814 3485 ὄντι
843 3430 938 3484 καὶ
975 3429 1410 3500 ἀπερικαλύπτῳ
1449 3429 1588 3499 μετὰ
1620 3430 1845 3499 περιϐο-

273 3521 410 3575 λαίου
463 3525 658 3593 μόνου,
701 3523 924 3594 ὲμφυσᾷ
951 3521 1029 3592 τῷ
1051 3521 1448 3592 κατηχουμένῳ
1485 3524 1846 3593 σταυροειδῶς

271 3615 444 3683 τρίτον
467 3617 498 3668 6
531 3613 744 3685 ἱερεύς.
780 3613 890 3666 Καὶ
927 3612 1016 3666 διὰ
1055 3613 1156 3683 μὲν
1185 3611 1278 3665 τοῦ
1322 3613 1716 3682 ἐμφυσήματος
1749 3613 1847 3683 τὴν

273 3705 325 3754 ἐν
351 3705 427 3774 τῷ
471 3705 654 3776 Ἀδὰμ
686 3701 908 3774 πρῶτην
947 3703 1162 3772 ἐκείνην
1220 3701 1519 3770 ἐμπνευσιν
1561 3701 1848 3765 ἀναζωπυ-

275 3798 370 3864 ρεῖ,
410 3799 560 3860 ἐπεὶ,
593 3815 612 3848 ι
649 3797 744 3847 καὶ
778 3795 1108 3863 ἐνεφύσησεν
1137 3794 1216 3856 είς
1247 3792 1306 3846 τὸ
1333 3791 1628 3864 πρόσωπον
1661 3793 1848 3860 αὐτοῦ,

277 3892 424 3956 φησί,
455 3890 638 3959 πνοὴν
689 3887 856 3956 ζωῆς.
907 3906 926 3937 ι
967 3885 1072 3939 Καὶ
1122 3887 1150 3939 6
1189 3885 1369 3956 ἱερεὺς
1413 3885 1467 3939 δὲ
1498 3885 1732 3956 Χριστὸν
1760 3887 1850 3939 τον

273 3987 396 4043 θεὸν
425 3989 618 4041 τυποῖ.
673 3985 840 4038 Ὅθεν
891 3983 986 4036 καὶ
1043 3981 1206 4035 καλὸν
1238 3983 1376 4052 μετᾶ
1421 3982 1520 4052 τὴν
1567 3982 1852 4036 κοινωνίαν

274 4079 506 4148 Χριστοῦ
542 4076 836 4149 βαπτίζειν
887 4093 946 4128 τε
996 4076 1090 4127 καὶ
1126 4074 1410 4142 ἑμπνέειν.
1445 4074 1641 4144 Τρίτον
1669 4075 1727 4128 δὲ
1758 4077 1856 4143 ὲμ-

271 4173 412 4240 φυσᾷ
440 4171 534 4224 διὰ
584 4168 688 4238 τὴν
717 4165 940 4236 Τριάδα,
979 4166 1061 4218 ὅτι
1105 4164 1258 4233 κοινὴ
1291 4165 1388 4232 τῆς
1423 4165 1658 4234 Τριάδος
1703 4163 1854 4216 ἐστὶν

271 4259 302 4324 ἡ
349 4259 512 4326 χάρις
569 4255 740 4325 καὶὴ
791 4255 1064 4322 ἐνέργεια.
1119 4253 1490 4323 Σταυροειδῶς
1541 4253 1596 4306 δὲ
1645 4253 1732 4306 διὰ
1765 4254 1856 4307 τὸν

273 4349 634 4416 σαρκωθέντα
693 4346 834 4416 ὑπὲρ
867 4345 1048 4415 ἡμῶν,
1105 4347 1198 4398 καὶ
1248 4345 1490 4398 παθόντα
1545 4343 1708 4416 σαρκὶ
1758 4345 1857 4414 τῆς

1923 505 2228 570 Christum,
2265 505 2336 562 ita
2375 515 2433 558 ιιι
2461 505 2614 560 ﬁdem
2664 515 2846 561 servet
2877 517 2930 560 et
2957 506 3272 562 Christiane
3323 509 3506 574 vivat;

1925 597 2070 667 quod
2107 597 2284 666 ipsum
2319 611 2515 651 nomen
2573 598 2832 662 ostendit,
2857 613 3086 667 sponsor
3107 600 3250 652 enim
3283 609 3510 654 vocatur

1926 687 2185 758 quoniam
2219 687 2402 758 aliquo
2437 687 2598 742 modo
2639 688 2754 757 ipse
2784 703 2882 756 pro
2907 703 2972 743 eo
3001 692 3252 759 spondet.

2501 864 2726 921 CAPUT
2760 865 2911 920 LXII.

1929 977 2294 1047 Susceptorem
2335 981 2636 1052 baptizandi
2657 993 2793 1036 recte
2823 984 2885 1034 de
2929 977 3034 1049 [ide
3082 984 3386 1038 sentientem
3457 996 3506 1040 et

2015 1057 2020 1060 ’
2453 1055 2594 1121 piunt
2629 1069 2737 1106 esse
2793 1053 2993 1107 debere.

1999 1141 2152 1198 Unde
2195 1144 2580 1198 attendendum
2639 1155 2720 1199 est
2767 1159 3061 1214 sponsores
3115 1145 3227 1198 ﬁeri
3292 1145 3508 1214 pietatis

1928 1235 2133 1290 amicos
2165 1244 2217 1289 et
2249 1235 2416 1290 simul
2455 1235 2577 1289 ﬁdei
2627 1235 2896 1290 doctores.
2934 1236 3002 1289 At
3040 1251 3138 1306 ego
3168 1237 3345 1291 audivi
3399 1250 3514 1290 rem

1925 1325 2088 1380 nimis
2114 1325 2375 1380 absonam
2419 1325 2757 1392 nimiumque
2787 1341 3002 1395 gravem
3031 1343 3044 1378 :
3085 1342 3207 1379 nam
3251 1341 3514 1395 persecu-

1927 1427 2072 1474 tores
2100 1425 2153 1470 et
2183 1415 2580 1470 conviciatores
2611 1415 2758 1478 ﬁdei,
2795 1416 2983 1470 atheos
3015 1416 3178 1470 etiam
3205 1431 3269 1470 ac
3296 1417 3515 1470 lucreti-

1927 1523 2021 1564 cos
2045 1509 2110 1563 ad
2135 1507 2536 1576 spondendum,
2557 1508 2661 1562 heu
2684 1509 2697 1562 !
2728 1523 2826 1577 pro
2847 1509 2960 1562 suis
2980 1509 3166 1576 pueris
3186 1509 3512 1577 cujusquam

1929 1599 2153 1655 humani
2182 1599 2455 1655 commodi
2485 1599 2656 1669 gratia
2685 1599 2902 1670 quidam
2933 1600 3237 1654 advocant!
3265 1599 3330 1654 lli
3361 1615 3509 1669 mys-

1929 1689 2130 1745 terium
2165 1701 2571 1757 aspernantur,
2617 1689 2754 1745 ﬁlios
2813 1705 2920 1744 non
2983 1693 3098 1746 luce
3159 1691 3516 1760 perfundunt,

1927 1781 2022 1837 sed
2069 1781 2241 1850 magis
2279 1780 2516 1836 tenebris
2557 1781 2862 1846 involvunt,
2891 1789 2944 1836 et
2977 1783 3298 1837 utinistraus
3334 1797 3514 1836 sacer-

1928 1871 2026 1926 dos
2057 1871 2296 1928 inimicis
2335 1872 2428 1927 Dei
2464 1888 2524 1928 se
2574 1873 2984 1928 communicare
3039 1873 3396 1928 demonstrat.
3453 1872 3522 1926 Et

1929 1963 2207 2035 quomodo
2257 1963 2644 2033 blasphemans
2666 1963 2918 2032 pietatem
2943 1979 3069 2032 erga
3109 1962 3278 2018 Deum
3325 1963 3522 2017 edoce-

1929 2055 2048 2111 bit?
2079 2053 2180 2108 Sed
2212 2070 2332 2124 quae
2359 2056 2592 2126 societas
2620 2054 2764 2108 locis
2800 2056 2864 2107 ad
2903 2055 3158 2108 tenebras
3186 2056 3208 2109 ?
3261 2056 3341 2108 vel
3401 2071 3522 2124 quae

1931 2163 2060 2218 pars
2093 2147 2233 2200 ﬁdeli
2257 2161 2380 2201 cum
2420 2145 2648 2212 inﬁdeli,
2683 2155 2846 2214 prout
2875 2147 3140 2215 scriptum
3190 2146 3317 2200 est?
3347 2145 3519 2200 Male-

1931 2241 2112 2296 dictus
2140 2239 2234 2310 qui
2267 2239 2393 2294 talia
2427 2241 2556 2309 agit,
2591 2254 2803 2294 necnon
2835 2239 2928 2304 qui
2956 2238 3250 2308 impiorum
3288 2239 3524 2294 infantes

1931 2332 2180 2400 suscipit,
2211 2331 2314 2385 nisi
2347 2333 2499 2402 prius
2545 2331 2636 2384 isti
2683 2331 3051 2385 conﬁteantur
3094 2341 3340 2384 sanctum
3389 2331 3556 2386 divi.

1933 2438 2172 2492 numqtte
2200 2437 2324 2478 esse
2380 2421 2736 2490 baptismum,
2774 2437 2803 2476 a
2861 2421 3100 2491 peccatis
3161 2437 3414 2490 purgare.
3471 2421 3526 2475 in

1933 2515 2149 2570 Christo
2167 2527 2502 2582 regenerare,
2524 2523 2576 2568 et
2593 2511 2962 2566 Christianum
2981 2527 3100 2566 esse
3120 2527 3242 2566 eum
3273 2511 3362 2580 qui
3389 2513 3530 2565 hunc

1934 2608 2146 2676 accepit
2187 2609 2334 2678 (nam
2363 2605 2408 2661 si
2445 2606 2520 2660 ita
2551 2615 2651 2672 est,
2686 2621 2808 2660 cum
2847 2607 2986 2659 alius
3019 2607 3236 2673 quidem
3270 2607 3531 2660 conﬁtea-

1937 2707 2024 2754 tur
2070 2699 2330 2753 infantem
2390 2712 2513 2752 esse
2561 2697 2795 2758 ﬁdelem,
2827 2697 2968 2750 alios
3018 2712 3144 2751 vero
3178 2713 3242 2751 ex
3289 2697 3526 2765 quodam

1936 2799 2080 2845 metu
2109 2789 2434 2854 dissimulet,
2475 2791 2678 2844 bonum
2709 2797 2792 2842 est
2835 2785 3101 2840 infantem
3157 2787 3438 2856 suscipere
3471 2795 3532 2841 et

1939 2881 2306 2945 sanctiﬁcarc,
2343 2897 2411 2936 ne
2443 2882 2520 2938 sic
2543 2897 2572 2936 a
2606 2881 2713 2936 Deo
2736 2877 3220 2952 deprehendatur).
3247 2877 3366 2932 Stat
3396 2894 3528 2948 ergo

1937 2989 2062 3029 cum
2103 2989 2366 3044 sponsore
2395 2973 2724 3042 baptizatus,
2759 2975 3062 3030 ostendens
3095 2987 3152 3028 se
3175 2972 3406 3026 libenter
3441 2985 3532 3026 ac-

1940 3067 2152 3132 cedere,
2182 3076 2235 3121 et
2261 3066 2492 3136 prtedem
2530 3067 2714 3120 habet.
2755 3066 3049 3137 Postquam
3079 3064 3416 3121 benedixerit
3444 3079 3534 3118 sa-

1945 3159 2158 3224 cerdos,
2190 3167 2404 3228 oportet
2427 3162 2494 3213 ah
2509 3159 2667 3214 initio
2684 3173 3004 3230 semperque
3021 3159 3224 3230 gratias
3247 3158 3354 3212 Deo
3375 3171 3536 3227 agere

1943 3253 2010 3306 de
2028 3253 2202 3306 salute
2222 3252 2340 3322 ejus
2364 3252 2456 3321 qui
2483 3253 2710 3322 perierat
2737 3252 2952 3320 ;statim
2983 3251 3037 3306 in
3081 3249 3535 3306 catechumenum

1947 3344 2154 3398 nudum
2183 3352 2236 3398 et
2273 3345 2516 3400 vestibus
2547 3355 2772 3400 exutum
2818 3344 3045 3412 soloque
3083 3341 3350 3398 velamine
3378 3339 3537 3396 indu-

1948 3446 2060 3492 tum
2094 3437 2146 3490 in
2182 3437 2401 3492 modum
2458 3437 2639 3492 crucis
2673 3446 2752 3492 tcr
2785 3435 3034 3492 exsntllat
3083 3433 3342 3490 sacerdos
3367 3471 3382 3486 .
3435 3431 3540 3484 Per

1948 3531 2092 3584 hunc
2127 3530 2341 3600 quidem
2377 3529 2620 3583 inﬂatum
2660 3530 2890 3600 primam
2925 3529 3069 3582 illam
3123 3527 3176 3580 in
3229 3525 3400 3578 Adam
3459 3521 3542 3575 in-

1949 3623 2297 3692 spirationem
2329 3623 2641 3684 exsuscitat,
2673 3622 2740 3676 de
2762 3636 2870 3691 qua
2893 3621 3096 3676 dictum
3145 3627 3228 3672 est
3257 3634 3270 3669 :
3304 3613 3400 3666 «Et
3453 3614 3539 3668 in-

1951 3717 2180 3786 spiravit
2232 3716 2282 3769 in
2320 3715 2513 3769 faciem
2537 3715 2656 3786 ejus
2679 3714 3009 3782 spiraculum
3043 3712 3202 3778 vine;
3235 3729 3251 3761 ι
3282 3708 3545 3763 sacerdos

1952 3823 2081 3862 vero
2112 3807 2390 3862 Christum
2418 3807 2586 3860 Deum
2627 3805 2843 3874 ﬁgurat,
2869 3803 2993 3858 ideo
3040 3802 3242 3856 bonum
3289 3808 3371 3854 est
3419 3807 3543 3866 post

1952 3897 2502 3953 communicationem
2550 3895 2752 3950 Christi
2799 3893 3092 3962 baptizare
3127 3899 3182 3944 et
3235 3887 3538 3944 insutllarc.

1955 3989 2060 4045 Ter
2091 3999 2269 4043 autem
2321 3989 2553 4057 inspirat
2603 3993 2824 4055 propter
2877 3967 3226 4045 Trinitatem,
3276 3979 3536 4051 quoniam

1955 4079 2264 4139 communis
2295 4088 2378 4134 est
2406 4077 2656 4132 Trinitati
2704 4085 2874 4148 gratia
2907 4085 2961 4131 et
3015 4073 3262 4148 Operatio
3289 4089 3304 4139 ;
3347 4087 3536 4125 verum

1957 4173 2010 4227 in
2039 4171 2217 4227 crucis
2255 4171 2484 4224 formam
2522 4167 2705 4223 suﬁlat
2741 4175 2960 4237 propter
3007 4181 3176 4219 unum
3209 4180 3239 4218 e
3271 4163 3544 4217 Trinitate

1957 4264 2232 4319 Christum
2285 4278 2384 4331 pro
2414 4262 2569 4318 nobis
2617 4259 2960 4318 cruciﬁxum.
2993 4272 3269 4326 earneque
3322 4269 3540 4325 passum

1959 4355 2053 4426 qui
2089 4369 2186 4426 per
2222 4371 2443 4412 crucem,
2467 4353 2753 4408 victoriam
2785 4351 2992 4405 retulit.
3024 4349 3392 4416 Quamobrem
3415 4361 3546 4400 cru-

273 4441 506 4510 Τριαδος
541 4441 646 4493 ἕνα
697 4439 953 4506 Χριστὸν,
1009 4439 1103 4492 καὶ
1157 4437 1234 4507 τῷ
1295 4437 1512 4507 σταυρῷ
1561 4438 1660 4506 τὴν
1702 4436 1842 4506 νίκηη

1965 4446 2046 4501 cis
2069 4446 2282 4513 signum
2315 4445 2642 4499 sacriﬁcium
2677 4443 2797 4512 ejus
2833 4441 3036 4495 iudicat
3073 4439 3548 4506 humilitatetnque

275 4535 646 4602 στησάμενον.
692 4531 784 4582 Διδ
813 4531 911 4583 καὶ
956 4532 984 4582 6
1015 4529 1308 4595 σταυρικὸς
1337 4531 1508 4590 τύπος
1537 4528 1634 4598 τὴν
1664 4528 1856 4581 θυσίαν

275 4625 432 4677 αὐτοῦ
459 4624 645 4694 δηλοῖ,
681 4621 1010 4675 ταπείνωσῖν
1037 4639 1096 4674 τε
1143 4621 1238 4674 καὶ
1269 4622 1449 4690 νίκην,
1481 4622 1562 4674 ὅτι
1594 4620 1664 4672 δι’
1692 4619 1856 4674 αὑτοῦ

271 4717 362 4779 τὰς
381 4717 590 4780 ὀδύνας
625 4717 784 4768 ἔλυσε
808 4715 902 4768 τοῦ
933 4715 1190 4780 θανάτου,
1223 4715 1317 4767 καὶ
1339 4715 1660 4784 κατήργησε
1689 4714 1779 4766 τὸν
1801 4713 1861 4766 τδ

273 4809 466 4876 κράτος
495 4810 702 4878 ἔχοντα
721 4806 816 4859 τοῦ
841 4806 1072 4860 θανάτου
1103 4807 1369 4873 διάϐολον,
1395 4807 1486 4858 καὶ
1508 4807 1604 4868 τὰς
1625 4805 1864 4858 ἀντικει-

275 4899 440 4968 μένας
463 4899 851 4970 ἐθριάμϐευσε
887 4899 1258 4970 πονηροτάτοις
1293 4899 1572 4969 δυνάμεις.
1617 4897 1707 4950 Ἐν
1733 4891 1774 4964 ᾧ
1797 4897 1862 4970 δὴ

275 4993 492 5062 σταυρῷ
529 4992 638 5044 καὶ
664 4991 827 5060 ἡμεῖς
864 4993 1104 5060 νικῶμεν
1132 4993 1188 5058 sv
1223 4989 1446 5060 Χριστῷ
1472 4993 1564 5042 τὸν
1596 4989 1862 5057 διάϐολον,

273 5083 360 5134 καὶ
413 5085 552 5145 τοὺς
621 5081 892 5148 δαῖμονας
941 5067 1342 5151 ἐκτρεπόμεθα.
1407 5081 1512 5134 Καὶ
1572 5086 1794 5151 σημεῖον
1838 5083 1866 5134 6

279 5169 510 5236 σταυρδς
547 5167 656 5219 τοῦ
689 5169 940 5237 Σωτῆρος
975 5171 1066 5221 καὶ
1098 5170 1337 5238 σφραγίς
1370 5186 1426 5222 τε
1457 5171 1551 5224 καὶ
1581 5173 1863 5240 τρόπαιον.

277 5257 398 5328 Τρὶς
419 5257 522 5313 οὖν
556 5260 898 5330 ὲμφυσήσας
937 5259 1014 5330 τῷ
1044 5262 1441 5331 κατηχουμένῳ
1471 5262 1499 5313 6
1537 5261 1736 5331 ἱερεὺς,
1773 5262 1867 5314 καὶ

275 5353 388 5417 τρὶς
425 5352 759 5423 σφραγίσας
806 5352 972 5404 πάλιν
1011 5355 1076 5421 τῇ
1125 5358 1270 5424 χειρὶ
1311 5353 1388 5425 τῷ
1446 5353 1656 5424 σημείῳ
1693 5353 1867 5423 τούτῳ

281 5442 350 5510 τῷ
391 5443 692 5510 σταυρικῷ
743 5437 832 5494 δία
873 5443 954 5509 τὸ,
998 5461 1016 5494 t
1058 5444 1123 5496 Al
1153 5447 1331 5516 χεῖρές
1370 5465 1464 5499 σου
1502 5447 1766 5516 ἐποίησάν
1800 5462 1867 5514 με

283 5535 372 5583 καὶ
405 5531 676 5586 ἔπλασάν
711 5539 801 5601 με,
837 5549 856 5584 ν
889 5533 986 5587 καὶ
1009 5533 1068 5586 ὲν
1093 5534 1172 5604 τῷ
1199 5536 1438 5606 μετώπῳ
1465 5554 1547 5602 τε,
1571 5537 1645 5599 ὡς
1682 5553 1868 5605 προει-

289 5623 502 5692 ρήκειν,
551 5621 655 5676 διὰ
705 5623 764 5677 τὸ
799 5625 1072 5695 νοητικὸν,
1105 5627 1198 5679 καὶ
1239 5627 1294 5679 ὲν
1325 5627 1403 5696 τῷ
1435 5627 1660 5695 στόματι
1692 5626 1782 5679 διὰ
1813 5627 1870 5678 τὸ

283 5713 518 5784 itur-xw,
558 5715 668 5770 καὶ
700 5717 754 5770 ἐν
800 5721 864 5790 τῇ
913 5717 1111 5790 καρδία
1152 5719 1238 5774 διὰ
1287 5719 1344 5772 τὸ
1385 5718 1610 5784 ζωτικῗιν
1638 5761 1651 5788 ,
1703 5718 1870 5773 ἐπιτί-

1961 4549 2015 4594 et
2043 4539 2346 4601 victoriam,
2373 4539 2629 4606 quoniam
2685 4540 2736 4589 in
2769 4549 2841 4588 eo
2877 4533 3094 4586 dolores
3134 4533 3326 4586 mortis
3361 4531 3546 4594 solvit,

1959 4644 2013 4688 et
2032 4632 2298 4687 destruxit
2321 4645 2443 4685 eum
2464 4629 2553 4698 qui
2582 4627 2812 4681 habebat
2837 4626 3030 4680 mortis
3049 4627 3361 4695 imperEum,
3386 4641 3540 4678 nem-

1963 4737 2030 4792 pe
2085 4721 2382 4782 diabolum,
2417 4727 2469 4771 et
2493 4715 2836 4771 adversarios
2872 4715 3228 4784 triumphavit
3268 4713 3545 4782 nequissi-

1965 4827 2082 4866 tuas
2099 4807 2484 4880 potestates.ln
2503 4821 2663 4860 cruce
2699 4807 2862 4860 etiam
2885 4821 2983 4860 nos
3019 4819 3237 4874 quoque
3277 4803 3548 4857 vincimus

1965 4905 2018 4958 in
2037 4902 2254 4958 Christo
2273 4899 2542 4954 diabolum
2559 4907 2613 4952 et
2629 4897 2906 4952 daemones
2931 4895 3184 4968 fugamus
3205 4913 3219 4960 ;
3242 4903 3294 4949 et
3311 4911 3444 4948 crux
3463 4905 3549 4948 est

1967 4993 2268 5052 Salvatoris
2289 4991 2640 5061 sigillumque
2663 5005 2728 5043 ac
2756 4999 3038 5060 tropteum.
3064 4989 3233 5058 Igitur
3259 4995 3546 5056 postquam

1968 5086 2222 5142 sacerdos
2259 5094 2338 5138 ter
2360 5083 2412 5136 in
2445 5083 2898 5136 cateehnmcnum
2933 5078 3245 5144 insnmavit,
3270 5077 3553 5131 etundem—

1967 5195 2073 5249 quo
2105 5187 2185 5232 ter
2214 5177 2408 5229 iterum
2441 5175 2494 5226 in
2532 5188 2694 5227 manu
2718 5173 2822 5226 hoc
2853 5169 3033 5225 crucis
3055 5169 3210 5237 signo
3243 5167 3554 5232 obsignavit

1969 5277 2190 5338 propter
2215 5263 2380 5318 illud:
2415 5281 2433 5313 ι
2481 5261 2674 5317 Manus
2706 5273 2806 5340 tua;
2845 5259 3088 5314 fecerunt
3119 5273 3204 5310 me
3237 5264 3290 5310 et
3323 5258 3555 5322 plasma-

1969 5369 2162 5414 verunt
2199 5373 2302 5411 me.
2335 5375 2353 5407 ι
2392 5357 2614 5410 Necnon
2648 5357 2698 5408 in
2741 5355 2938 5416 fronte,
2973 5351 3117 5405 sicut
3179 5365 3342 5416 supra
3403 5348 3555 5402 dixe-

1969 5463 2108 5512 ram,
2137 5454 2358 5516 propter
2391 5453 2646 5506 mentem,
2678 5451 2731 5496 et
2765 5443 2816 5496 in
2845 5458 2940 5495 ore
2979 5450 3202 5510 propter
3225 5439 3552 5494 locutionem

1973 5549 2136 5610 atque
2171 5541 2220 5592 in
2257 5537 2421 5592 corde
2469 5543 2688 5606 propter
2721 5533 2937 5588 vitalem
2979 5533 3298 5602 potentiam,
3327 5530 3556 5598 imponit

1971 5631 2020 5686 ei
2056 5645 2270 5683 manum
2297 5635 2483 5716 utppte
2511 5633 2885 5680 consecratam
2917 5635 2972 5680 et
3005 5625 3058 5677 in
3106 5623 3308 5692 Spiritu
3329 5637 3556 5690 operan-

1977 5733 2104 5789 tem,
2157 5715 2451 5790 prccesque
2509 5731 2694 5774 saeros
2749 5719 3079 5788 pronuntiat.
3114 5718 3180 5770 At
3237 5715 3552 5785 priusquam
